3846 6218
313 274 384 332 55
1660 285 1716 342 S.
1762 284 2007 339 BASILll
2046 284 2259 341 MAGNI
3535 285 3608 343 56

309 399 367 449 ει
410 391 701 460 unicuique
747 393 997 464 subjecto
1041 400 1429 454 accommodas
1470 399 1885 467 significationes

1998 403 2215 471 νοήσει,
2243 400 2433 454 ἔπειτα
2470 403 2608 473 μετὰ
2633 402 2694 458 τὸ
2734 401 3128 473 φαντασθῆναι,
3168 399 3277 455 ἀπὸ
3305 400 3412 456 τῶν
3448 401 3607 455 ὐπο-

308 485 570 555 seligens,
610 487 905 540 enuntiat?
937 504 1064 542 unm
1100 490 1333 559 denique
1368 492 1634 546 vocalium
1665 509 1894 562 organo-

306 590 429 630 rum
482 578 790 632 ministerio
839 580 1074 648 cogitata
1131 585 1508 649 committens,
1558 587 1631 639 ita
1676 586 1892 639 demum

306 684 407 737 per
435 671 579 723 aeris
614 671 1055 740 impressionem,
1090 676 1156 728 ad
1188 679 1338 731 vocis
1369 689 1573 731 motum
1608 679 1895 733 articulate

306 759 633 813 distinctum
681 765 1175 830 accommodatam,
1209 769 1589 836 cogitationem
1626 770 1891 824 internatn

308 850 657 905 manifestat?
702 851 768 907 Et
793 856 1066 923 quomodo
1097 872 1202 911 non
1239 858 1542 914 fabulosum
1573 871 1679 924 est,
1707 862 1893 916 dicere

308 942 476 996 Deum
511 945 577 998 ad
608 960 736 1000 suas
770 948 1129 1014 cogitationes
1170 951 1523 1007 dcclarandas
1569 956 1893 1011 circuitione

309 1035 399 1089 tali
466 1038 740 1109 indigere?
812 1039 1003 1096 Nonne
1062 1044 1233 1113 magis
1294 1046 1442 1114 pittm
1509 1055 1591 1100 est
1659 1047 1888 1112 dicere,

305 1128 634 1184 voluntatem
702 1131 979 1197 divinam,
1050 1135 1391 1204 primumque
1477 1138 1726 1191 motionis
1811 1140 1893 1192 in-

307 1220 599 1289 telligentis
671 1223 963 1291 impetum,
1022 1224 1257 1281 Verbum
1339 1242 1460 1281 esse
1524 1228 1661 1282 Dei?
1720 1228 1891 1283 Porro

305 1317 593 1371 verborum
665 1320 867 1373 ambitu
941 1321 1114 1389 ipsum
1179 1324 1464 1377 adumbrat
1543 1325 1890 1394 deliueatque

308 1406 630 1477 Scriptura,
697 1421 755 1464 ιιι
838 1412 1167 1468 demonstret
1253 1416 1395 1484 quod
1476 1432 1579 1468 nou
1663 1416 1892 1471 voluerit

306 1499 480 1554 solum
548 1501 663 1555 fieri
736 1514 1079 1570 creaturam,
1139 1507 1232 1561 sed
1289 1523 1407 1560 eam
1467 1508 1629 1562 etiam
1693 1510 1745 1563 in
1807 1511 1889 1565 lu-

306 1604 422 1643 cem
457 1591 543 1645 edi
594 1607 687 1661 per
724 1595 1030 1665 quempiam
1071 1598 1252 1667 operis
1299 1597 1380 1651 sui
1424 1599 1629 1653 socium
1664 1615 1729 1655 ac
1764 1616 1890 1656 con-

306 1691 531 1737 sortem.
573 1682 788 1739 Poterat
826 1687 991 1747 enim,
1025 1690 1099 1741 uti
1145 1690 1298 1743 initio
1337 1690 1547 1745 locutus
1587 1691 1788 1757 fuerat,
1821 1695 1888 1748 de

1996 492 2267 563 κειμένων
2292 494 2390 559 τὰς
2417 496 2625 561 οἰκείας
2663 496 2757 551 καὶ
2797 496 3097 567 προσφυεῖς
3141 494 3368 549 ἑκάστου
3404 511 3586 564 σημα

1997 583 2117 646 σίας
2143 585 2501 655 ἐκλεγόμενος
2533 587 2887 657 ἐξαγγέλλεις
2921 581 3036 640 εἶτα
3077 585 3144 654 τῇ
3172 584 3450 655 ὑπηρεσίᾳ
3480 583 3608 636 τῶν

1995 675 2318 745 φωνητικῶν
2359 677 2607 749 ὁργάνων
2664 678 2940 751 παραδοὺς
2988 676 3058 730 τά
3106 674 3385 745 νοηθέντα,
3435 675 3606 728 οὕτω

1992 766 2082 821 διά
2110 768 2210 838 τῆς
2235 770 2328 822 τοῦ
2365 771 2527 841 ἀέρος
2549 772 2866 835 τυπώσεως,
2894 769 3037 825 κατὰ
3063 769 3162 840 τὴν
3185 768 3445 839 ἔναρθρον
3489 768 3605 836 τῆς

1995 861 2180 932 φωνῆς
2210 863 2444 933 κίνησιν,
2471 866 2528 918 ὲν
2556 866 2633 936 τῷ
2663 864 2892 937 κρυπτῷ
2920 864 3099 934 νόημα
3125 862 3403 933 σαφηνίζει
3426 860 3559 930 (81)
3582 876 3603 925 ἱ

1993 952 2107 1005 Καὶ
2149 954 2265 1019 πῶς
2295 956 2357 1007 οὐ
2404 956 2650 1025 μυθῶδες
2683 959 2783 1028 τῆς
2823 956 3078 1027 τοιαύτης
3117 955 3363 1027 περιόδου
3395 953 3601 1020 λέγειν

1992 1043 2083 1096 τὸν
2111 1044 2244 1098 Θεὸν
2274 1046 2497 1117 χρῄζειν
2541 1048 2678 1118 πρὸς
2706 1050 2806 1119 τὴν
2840 1049 2948 1100 τῶν
2982 1045 3280 1117 νοηθέντων
3309 1046 3596 1116 δήλωσινς

1993 1134 2063 1187 Ἦ
2088 1135 2473 1207 εὐσεϐέστερον
2506 1137 2703 1206 λέγειν.
2729 1139 2812 1192 ὅτι
2840 1138 2900 1191 τὸ
2917 1137 3059 1191 θεῖον
3084 1138 3194 1205 (82)
3214 1135 3458 1205 βούλημα
3486 1136 3596 1187 καὶ

1992 1227 2025 1294 ἡ
2044 1224 2235 1297 πρώτη
2254 1227 2398 1298 όρμὴ
2419 1228 2514 1281 τοῦ
2540 1229 2728 1301 νοεροῦ
2746 1230 3062 1299 κινήματος,
3079 1228 3237 1280 τοῦτο
3263 1228 3431 1293 Λόγος
3457 1226 3592 1278 ἐστὶ

1990 1318 2083 1371 τοῦ
2122 1318 2291 1383 Θεοῦ;
2318 1320 2651 1390 Σχηματίζει
2681 1321 2740 1377 δὲ
2772 1321 2934 1374 αὑτὸν
2970 1318 3277 1386 διεξοδικῶς
3299 1322 3332 1389 ἡ
3360 1317 3585 1389 Γρᾶ-φὴς

1991 1409 2080 1462 ἵνα
2109 1411 2279 1482 δείξῃ,
2311 1412 2393 1465 ὅτι
2423 1414 2545 1482 οὐχὶ
2574 1414 2825 1482 γενέσθαι
2854 1415 3014 1485 μόνον
3041 1412 3303 1482 ἐϐουλήθη
3336 1412 3436 1480 τὴν
3465 1412 3590 1464 κτί-

1992 1518 2098 1563 σιν,
2134 1502 2270 1556 sua:
2300 1504 2394 1557 κα).
2419 1504 2509 1558 διά
2535 1522 2680 1568 τινος
2709 1504 2973 1577 συνεργοῦ
2998 1503 3336 1577 παραχθῆναι
3369 1502 3585 1571 ταύτην

1989 1593 2070 1655 είς
2095 1594 2364 1665 γέννησιν.
2411 1595 2664 1649 Ἐδύνατο
2701 1596 2830 1669 γὰρ,
2869 1596 2943 1659 ὡς
2981 1595 3042 1660 ἐξ
3067 1596 3239 1667 ἀρχῆς
3269 1590 3409 1656 εἶπεν
3443 1595 3583 1663 περὶ

1989 1683 2207 1738 πάντων
2223 1686 2551 1750 ἐπεξελθεῖν·
2572 1685 2832 1755 Ἐνάρχῇ
2846 1686 3176 1752 ἐποίησενό
3191 1683 3336 1748 Θεὸς
3348 1684 3455 1738 τὸν
3469 1686 3581 1737 οὺ-

307 1774 533 1845 singnlis
565 1776 745 1830 dicere
776 1795 790 1831 :
823 1776 890 1831 In
946 1780 1207 1849 principio
1258 1781 1381 1848 fecit
1416 1781 1557 1836 Deus
1605 1784 1791 1838 caelum
1838 1794 1885 1840 et

1995 1776 2175 1840 ραν-ὸν
2203 1775 2303 1829 καὶ
2323 1776 2436 1845 τὴν
2450 1777 2594 1847 γῆν·
2617 1774 2768 1831 εἶτα·
2809 1777 3088 1843 Ἐποίησε
3118 1774 3398 1845 φῶς(85)·
3427 1770 3574 1826 εἷταο

306 1875 495 1920 tetram
517 1883 539 1932 ;
589 1868 782 1923 deinde
821 1893 831 1925 :
867 1868 1019 1924 Fecit
1060 1872 1265 1936 lucem;
1312 1883 1423 1929 tum
1466 1893 1480 1930 :
1513 1873 1661 1929 Fecit
1704 1876 1890 1947 ﬁrma-

303 1974 380 2012 mt
406 1970 556 2016 itum.
590 1960 741 2017 Nunc
783 1973 961 2017 autem
1001 1963 1167 2019 Deum
1223 1967 1580 2036 imperantem
1623 1977 1679 2024 et
1723 1969 1888 2023 collo-

303 2059 561 2120 qumtem
600 2054 863 2109 inducens
908 2054 1213 2125 Scriptura,
1243 2058 1388 2111 illum
1422 2060 1506 2113 cui
1540 2061 1795 2129 imperat,
1832 2068 1888 2116 et

302 2155 535 2213 quocum
589 2141 852 2212 loquitur,
913 2146 1079 2201 tacite
1142 2148 1469 2214 subiudicat,
1511 2151 1709 2219 quippe
1766 2166 1887 2219 qua:

302 2230 460 2285 nobis
486 2244 592 2285 non
622 2231 863 2286 invideat
904 2234 1294 2304 cognitionem.
1331 2239 1423 2291 sed
1458 2239 1525 2292 ad
1557 2239 1884 2295 desiderium

302 2336 405 2376 nos
463 2322 760 2387 accendat;
813 2322 940 2376 dum
996 2325 1182 2377 arcani
1245 2328 1469 2395 vestigia
1526 2332 1772 2397 quaedam
1822 2345 1887 2386 ac

301 2411 503 2467 indicia
558 2424 973 2471 commonstrat.
1025 2416 1178 2484 Quod
1228 2420 1375 2473 enim
1429 2420 1619 2476 labore
1667 2431 1883 2492 parum

303 2512 409 2568 est,
439 2519 563 2558 cum
612 2506 812 2573 gaudio
852 2508 1166 2577 suscipitur,
1197 2520 1250 2563 et
1276 2511 1567 2582 diligenter
1593 2527 1885 2568 conserva-

304 2603 430 2649 tur:
463 2605 674 2663 contra,
709 2612 828 2666 qua:
872 2596 1030 2652 facile
1066 2611 1472 2667 comparantur,
1504 2619 1566 2658 ea
1599 2619 1722 2659 cum
1753 2619 1885 2660 con-

304 2693 507 2755 temptu
543 2687 909 2756 possidentur.
944 2687 1290 2759 Quapropter
1322 2692 1405 2745 via
1448 2694 1681 2762 quadam
1711 2704 1767 2749 et
1789 2710 1882 2750 or-

305 2774 428 2828 dine
459 2790 558 2830 nos
595 2777 661 2829 ad
709 2776 984 2846 Uuigeniti
1031 2778 1282 2833 notitiam
1330 2783 1598 2850 perducit.
1639 2783 1704 2838 Et
1737 2792 1885 2840 certe

301 2867 477 2922 vocali
507 2883 758 2924 sermone
791 2884 895 2923 non
925 2880 1041 2924 erat
1085 2886 1222 2940 opus
1271 2873 1603 2942 incorporea:
1630 2885 1839 2931 naturai
1865 2895 1879 2932 :

307 2961 744 3028 quandoquidem
790 2977 909 3032 qua:
960 2961 1176 3017 fuerant
1225 2965 1485 3032 cogitata,
1533 2967 1720 3022 istltaec
1758 2983 1881 3023 cum

303 3065 370 3105 eo
398 3051 491 3120 qui
525 3053 707 3121 operis
734 3054 913 3107 socius
941 3069 1003 3108 ac
1031 3069 1256 3110 consors
1283 3066 1418 3120 erat,
1449 3066 1700 3126 poterant
1727 3074 1878 3114 com-

305 3144 598 3199 municari.
648 3144 1009 3211 Quamobrem
1041 3162 1286 3215 quaenam
1330 3158 1450 3203 erat
1482 3151 1751 3206 sermonis
1787 3167 1882 3208 tte-

305 3238 536 3292 cessitas
568 3237 655 3302 iis,
685 3239 777 3307 qui
806 3239 921 3307 ipsa
955 3239 1284 3307 cogitatione
1310 3255 1369 3294 se
1400 3240 1629 3295 invicem
1661 3257 1882 3297 suorum

303 3331 653 3386 consiliorum
705 3340 957 3400 poterant
1002 3331 1182 3385 facere
1222 3332 1556 3401 participes?
1602 3332 1737 3388 Nam
1782 3350 1883 3391 vox

304 3432 525 3494 propter
567 3422 829 3487 auditum,
880 3432 933 3477 et
966 3424 1181 3477 auditus
1214 3432 1430 3494 prOpter
1463 3439 1674 3480 vocem.
1712 3425 1883 3483 Porro

305 3513 396 3570 ubi
432 3530 536 3570 non
568 3524 651 3570 est
685 3529 797 3582 aer,
826 3531 926 3570 nec
960 3514 1162 3585 lingua,
1193 3531 1293 3571 nec
1326 3516 1495 3581 auris,
1528 3533 1627 3573 nec
1673 3529 1881 3577 meatus

305 3608 541 3663 intortus
574 3622 738 3663 sonos
764 3608 829 3662 ad
861 3623 1079 3663 sensum
1116 3608 1169 3661 in
1209 3610 1385 3679 capite
1414 3611 1711 3675 repositum
1742 3614 1883 3666 refe-

304 3715 431 3756 rens
462 3718 476 3754 :
511 3700 584 3757 ibi
633 3714 809 3771 neque
839 3701 1124 3754 verborum
1176 3715 1307 3754 usus
1348 3710 1433 3754 est
1464 3719 1477 3754 :
1510 3701 1602 3755 sed
1634 3716 1701 3756 ex
1740 3703 1881 3774 ipsa,

307 3801 365 3846 ut
392 3792 466 3846 ita
497 3792 698 3855 dicam,
733 3790 901 3845 animi
938 3790 1268 3865 cogitatione
1309 3790 1367 3844 lit
1407 3791 1706 3848 voluntatis
1735 3808 1883 3848 com-

304 3882 623 3937 municatio.
670 3883 871 3949 Quare,
916 3881 1058 3950 quod
1102 3880 1335 3947 aiebam,
1363 3891 1421 3937 ut
1463 3884 1530 3937 ad
1573 3884 1881 3954 inquisitio-

305 3991 427 4030 nem
457 3989 704 4045 persnnae
739 3975 804 4029 ad
839 3989 999 4044 quam
1037 3974 1129 4029 hic
1163 3989 1344 4029 sermo
1370 3974 1642 4046 dirigitur,
1670 3977 1881 4031 excita-

303 4076 454 4122 retur
486 4082 639 4122 mens
685 4076 893 4130 nostra,
925 4065 1206 4136 sapienter
1252 4076 1417 4137 atque
1466 4067 1601 4124 scite
1651 4067 1741 4123 illa
1797 4068 1881 4125 lo-

302 4159 499 4230 quendi
531 4157 703 4214 forma
733 4168 993 4228 usurpata
1027 4166 1130 4213 est.

373 4250 427 4305 5.
469 4250 889 4321 Disquirendum
922 4257 1007 4303 est
1040 4251 1278 4305 secundo
1324 4249 1465 4318 loco,
1506 4267 1574 4307 an
1629 4252 1738 4311 hoc
1786 4254 1883 4312 fir-

303 4355 637 4401 mamentum
668 4345 739 4399 sit
769 4343 913 4398 aliud
942 4342 1068 4411 quid
1097 4343 1165 4397 ab
1192 4358 1257 4398 eo
1283 4344 1446 4410 caelo,
1474 4344 1618 4414 quod
1645 4346 1699 4401 in
1725 4347 1878 4417 prin-

2002 1869 2288 1936 Ἐποίησε
2316 1869 2383 1922 τὸ
2427 1868 2753 1939 στερέωμα.
2803 1868 2916 1921 Νῦν
2948 1867 3005 1922 δὲ
3029 1867 3122 1921 τὸν
3148 1866 3279 1921 Θεὸν
3302 1866 3579 1937 προστάτ-

1986 1977 2147 2014 τοντα
2173 1962 2268 2014 καὶ
2295 1960 2676 2032 διαλεγόμενον
2707 1961 3022 2028 εἰσάγουσα,
3054 1957 3145 2014 τὸν
3166 1953 3212 2027 ᾧ
3240 1958 3575 2030 προστάσσει

1988 2050 2084 2103 καὶ
2108 2042 2153 2117 ᾧ
2174 2049 2483 2118 διαλέγεται
2522 2050 2666 2104 κατὰ
2687 2050 2750 2104 τὸ
2776 2048 3128 2120 σιωπώμενον
3166 2049 3476 2118 ὑποφαίνει,
3507 2051 3572 2101 οὑ

1990 2140 2359 2210 βασκαίνουσα
2418 2142 2550 2211 ἡμῖν
2615 2140 2715 2211 τῆς
2766 2139 3039 2209 γνώσεως,
3103 2138 3219 2194 ἀλλ’
3273 2139 3576 2193 ἐκκαίουσα

1987 2226 2137 2296 ἡμᾶς
2165 2226 2300 2297 πρὸς
2321 2227 2411 2281 τὸν
2442 2226 2628 2292 πόθον,
2665 2228 2734 2281 δι’
2763 2221 2839 2281 ὧν
2867 2228 2990 2298 ἴχνη
3026 2228 3147 2283 τινὰ
3181 2229 3275 2282 καὶ
3299 2228 3575 2299 ἐμφάσεις

1987 2315 2280 2370 ὑποϐάλλει
2308 2316 2405 2371 τοῦ
2440 2318 2778 2391 ἀπορρήτου.
2809 2320 2883 2372 Τὸ
2914 2318 3021 2390 γὰρ
3056 2320 3203 2391 πόνῳ
3242 2320 3443 2389 κτηθὲν
3474 2337 3576 2373 πε-

1989 2409 2231 2482 ριχαρῶς
2267 2410 2537 2481 ὑπεδέχθη
2593 2411 2688 2465 καὶ
2739 2410 3043 2480 φιλοπόνως
3078 2411 3442 2483 διεφυλάχθη·
3491 2405 3573 2467 ὧν

1989 2501 2172 2572 μέντοι
2212 2503 2502 2575 πρόχειρος
2533 2504 2563 2556 ὁ
2597 2502 2886 2574 πορισμὸς,
2932 2503 3136 2558 τούτων
3172 2506 3205 2575 ή
3244 2505 3437 2575 κτῆσις
3477 2504 3576 2558 εὑ-

1984 2592 2417 2664 καταφρόνητος.
2451 2592 2551 2646 Διὰ
2573 2591 2730 2646 τοῦτο
2758 2591 2863 2663 ὁδῷ
2892 2609 2998 2646 τινι
3022 2594 3117 2649 καὶ
3143 2594 3290 2660 τάξει
3314 2596 3463 2664 ἡμᾶς
3486 2597 3573 2657 εἰς

1982 2687 2083 2758 τὴν
2112 2685 2362 2758 περὶτοῦ
2401 2686 2743 2756 Μονογενοῦς
2779 2686 2988 2742 ἔννοιαν
3026 2684 3385 2759 προσϐιϐάζει
3427 2686 3568 2756 (84).

1986 2779 2245 2847 Καίτοιγε
2286 2777 2382 2831 τοῦ
2419 2781 2476 2835 ὲν
2516 2781 2668 2850 φωνῇ
2698 2779 2856 2848 λόγου
2887 2780 3008 2833 οὑδὲ
3029 2779 3200 2843 οὕτως
3217 2776 3284 2851 ἦν
3313 2780 3475 2850 χρεία
3497 2782 3569 2851 τῇ

1984 2870 2259 2941 ἀσωμάτῳ
2294 2869 2489 2940 φύσει,
2515 2870 2694 2927 αὐτῶν
2719 2871 2828 2923 τῶν
2858 2871 3159 2944 νοηθέντων
3190 2871 3573 2943 μεταδίδοσθαι

1983 2960 2298 3031 δυναμένων
2337 2961 2417 3030 τῷ
2459 2962 2832 3033 συνεργοῦντι.
2875 2963 3037 3016 Ὥστε
3074 2964 3158 3026 τίς
3199 2963 3358 3034 χρεία
3403 2962 3573 3032 λόγου

1983 3056 2095 3117 τοῖς
2120 3053 2439 3124 δυναμένοις
2467 3054 2526 3121 ἐξ
2551 3053 2716 3107 αὑτοῦ
2744 3054 2836 3108 τοῦ
2872 3056 3142 3126 νοήματος
3170 3058 3448 3110 κοινωνεῖν
3473 3055 3575 3110 άλ-

1908 3115 1952 3172 C
1985 3115 2166 3219 λήλοις
2191 3115 2298 3200 των
2344 3115 2762 3219 βουλευμάτων;
2792 3115 3093 3219 Φωνὴ-’μὲν
3122 3115 3237 3218 -γάρ
3268 3147 3334 3200 δι’
3369 3148 3571 3219 ἀκοὴν,

1987 3240 2080 3293 καὶ
2133 3238 2269 3310 ἀκοὴ
2318 3239 2503 3309 φωνῆς
2556 3239 2774 3293 ἕνεκεν·
2821 3241 2958 3293 ὅπου
3020 3239 3077 3292 δὲ
3124 3240 3225 3293 οὐκ
3263 3240 3393 3310 ἀὴρ,
3443 3240 3573 3311 οὑχ).

1984 3331 2225 3402 γλῶσσα,
2261 3331 2381 3401 οὐχὶ
2424 3328 2538 3395 οὖς,
2575 3332 2634 3384 οὑ
2688 3333 2857 3403 πόρος
2888 3332 3101 3396 σκολιὸς
3135 3332 3229 3384 ἐπὶ
3255 3332 3355 3403 τὴν
3398 3334 3459 3386 έν
3498 3336 3569 3403 τῇ

1985 3422 2195 3493 κεφαλῇ
2227 3420 2576 3492 συναίσθησιν
2601 3422 2891 3494 ἀναφέρων
2909 3423 3034 3486 τοὺς
3055 3422 3281 3491 ψόφους,
3306 3424 3425 3475 ὲκεῖ
3443 3422 3572 3476 οὐδὲ

1986 3514 2247 3587 ῥημάτων
2286 3513 2465 3583 χρεία,
2494 3513 2607 3567 ἀλλ’
2641 3513 2699 3581 ἐξ
2726 3514 2928 3576 αὐτῶν,
2965 3514 3041 3577 ὡς
3064 3515 3129 3567 ἂν
3151 3515 3293 3568 εῐποι
3320 3514 3431 3585 (85)
3454 3532 3566 3578 τις,

1982 3606 2092 3661 τῶν
2115 3608 2172 3659 ὲν
2200 3605 2400 3678 καρδίᾳ
2431 3606 2720 3677 νοημάτων
2748 3606 2844 3661 τοῦ
2868 3605 3172 3677 θελήματος
3196 3608 3230 3677 ή
3260 3606 3565 3678 μετάδοσις.

1987 3701 2165 3772 Ὅπερ
2199 3695 2293 3753 οὖν
2337 3698 2493 3771 ἔφην,
2538 3699 2680 3755 ὥστε
2720 3699 3073 3769 διαναστῆναι
3105 3698 3195 3752 τὸν
3242 3699 3368 3753 νοῦν
3406 3698 3571 3771 ἡμῶν

1986 3794 2124 3864 πρὸς
2144 3792 2243 3864 τὴν
2272 3792 2500 3864 ἔρευναν
2521 3790 2617 3844 τοῦ
2645 3790 2938 3863 προσώπου
2968 3790 3104 3861 πρὸς
3129 3790 3189 3844 ὃν
3217 3792 3267 3844 oi
3292 3791 3460 3860 λόγοι,
3485 3808 3575 3846 σο-

1986 3885 2101 3954 φῶς
2126 3886 2220 3939 καὶ
2246 3883 2506 3954 ἐντέχνως
2527 3883 2588 3936 τὸ
2613 3884 2797 3955 σχῆμα
2819 3884 2979 3937 τοῦτο
2990 3881 3089 3951 τῆς
3110 3882 3393 3938 διαλέκτου
3420 3900 3570 3955 παρ·

1985 3976 2262 4048 είληπται.

2057 4250 2111 4305 5.
2151 4248 2413 4321 Δεὺτερόν
2466 4250 2616 4304 ἐστιν
2657 4250 2929 4315 ἐξετάσαι,
2970 4251 3018 4305 εί
3058 4250 3244 4322 ἕτερον
3279 4249 3427 4320 παρὰ
3473 4248 3569 4304 τὸν

1986 4340 2045 4393 έν
2073 4341 2215 4413 ἀρχῇ
2252 4342 2621 4411 πεποιημένον
2646 4342 2876 4411 οὐρανὸν
2907 4341 2969 4396 τὸ
3010 4342 3299 4413 στερέωμα
3329 4340 3511 4402 τοῦτο,
3539 4341 3569 4392 ὃ

302 4437 445 4506 cipio
470 4435 672 4491 factum
705 4435 881 4490 fuerat
907 4452 920 4488 :
949 4434 1092 4503 quod
1121 4434 1295 4502 ipsum
1324 4433 1510 4488 itidem
1547 4435 1875 4506 appellatum

1995 4432 2077 4486 καὶ
2104 4432 2235 4485 αὐτὸ
2266 4431 2540 4503 ἐπεκλήθη
2573 4432 2823 4502 οὐρανὸς,
2858 4434 2953 4486 καὶ
2977 4436 3024 4486 εἰ
3045 4433 3179 4496 ὅλως
3201 4433 3419 4503 οὐρανο)⁸
3439 4432 3566 4485 δὺο’

302 4530 373 4585 sit
403 4528 618 4593 coelum,
637 4527 742 4591 vel,
774 4536 951 4579 utrum
970 4525 1077 4580 duo
1095 4525 1314 4580 omnino
1338 4524 1446 4579 sint
1477 4525 1624 4580 C(Bli.
1654 4526 1761 4581 Sed
1788 4527 1880 4597 qui

1995 4523 2119 4592 ὅπερ
2151 4523 2199 4573 οἱ
2228 4520 2298 4573 τὰ
2334 4521 2461 4591 περὶ
2480 4520 2711 4591 οὐρανοῦ
2745 4522 3204 4595 φιλοσοφήσαντες
3231 4524 3341 4592 (86)
3374 4523 3569 4577 ’έλοιντ’

302 4621 370 4675 de
402 4618 542 4675 ctelo
572 4618 878 4673 disseruere
900 4615 1225 4685 philosophi,
1251 4616 1504 4670 amittere
1522 4615 1880 4685 linguassuas

1995 4610 2051 4664 iv
2085 4609 2284 4682 μᾶλλον
2313 4610 2411 4674 τὰς
2436 4610 2687 4679 γλώσσας
2708 4612 2989 4683 προέσθαι,
3018 4614 3050 4685 ἢ
3073 4613 3148 4677 ὡς
3170 4613 3369 4684 ἀληθὲς
3394 4632 3572 4685 παρα-

304 4709 513 4773 malint,
538 4722 698 4779 quam
733 4708 786 4763 id
820 4721 918 4763 ceu
944 4721 1128 4761 verum
1161 4705 1466 4760 admittere.
1491 4704 1705 4762 Ponunt
1730 4706 1876 4761 enim

302 4800 498 4856 caelum
519 4816 685 4854 unum
700 4813 839 4866 esse,
856 4812 955 4854 nec
970 4797 1086 4867 ejus
1097 4812 1219 4853 esse
1237 4805 1463 4864 natum,
1481 4805 1540 4851 ut
1560 4799 1876 4864 secundum,

302 4900 395 4946 aut
415 4890 653 4954 .ertium,
676 4898 767 4945 aut
785 4890 1059 4960 multiplex
1078 4889 1127 4943 ei
1147 4888 1389 4953 accedat,
1408 4904 1554 4954 cum,
1583 4897 1639 4943 ut
1660 4898 1872 4959 putant,

305 4991 415 5041 tota
441 4982 684 5039 cmleStis
710 4982 955 5051 corporis
983 4980 1284 5038 substantia
1318 4981 1386 5035 ad
1415 4979 1633 5035 unicum
1667 4980 1874 5038 consti-

375 5212 489 5287 (δι)
516 5213 667 5269 Colb.
700 5211 908 5287 primus
936 5206 1314 5287 σαφηιέζεται.

375 5274 488 5355 (82)
516 5287 591 5338 lta
632 5274 872 5353 quinque
920 5274 1234 5337 mséfEditi
1262 5294 1385 5335 cum
1436 5292 1544 5332 uno
1581 5285 1676 5330 aut
1706 5274 1880 5330 altero

306 5371 409 5410 ms.
446 5356 509 5409 τὸ
529 5357 695 5411 ὅσιον.

325 5494 335 5496 _
378 5425 491 5496 (3'5)
534 5426 608 5479 Ita
636 5425 1116 5496 codieesﬂseptem.
1149 5419 1311 5496 Illud.
1335 5414 1455 5496 εἶτα
1492 5417 1880 5496 εποίησε-φῶς,

307 5488 647 5549 desideratur
692 5497 748 5549 in
800 5488 978 5547 editis.
1014 5490 1145 5545 Μοκ-
1185 5490 1352 5545 editio
1388 5488 1550 5543 Basil.
1580 5503 1700 5542 cum
1733 5488 1888 5543 Bodl.

307 5573 367 5618 ει
409 5581 530 5618 cum
578 5566 823 5628 pluribus
872 5564 998 5617 aliis
1049 5576 1181 5616 mss.
1238 5556 1771 5632 npoavdeest._Neg
1816 5560 1890 5632 ita

312 5635 485 5704 multo
507 5646 628 5702 post
658 5650 788 5688 voce
819 5632 1162 5704 ἀπορρήτου,
1202 5628 1407 5704 arcani,
1454 5628 1713 5704 intelligit
1739 5628 1894 5704 Basi-

1986 4703 2257 4768 δέξασθαι.
2304 4705 2440 4757 Ἕνα
2485 4704 2594 4776 γὰρ
2639 4705 2986 4761 ὑποτίθενται
3033 4707 3288 4779 οὐρανὸν,
3336 4711 3431 4763 καὶ
3466 4713 3571 4765 οὑκ

1986 4791 2130 4861 ἔχειν
2159 4791 2307 4863 αὑτῷ
2337 4793 2497 4861 φύσιν
2516 4832 2532 4856 ,
2561 4793 2811 4866 δεύτερον
2830 4835 2844 4859 ,
2873 4797 2905 4867 ἢ
2953 4797 3134 4868 τρίτον
3153 4839 3168 4862 ,
3204 4798 3236 4856 ἢ
3275 4798 3571 4854 πολλοστὸν

1984 4883 2401 4955 προσγενέσθαι,
2429 4883 2611 4955 πάσης
2639 4886 2741 4955 τῆς
2760 4886 2948 4950 οὐσίας
2977 4886 3071 4940 τοῦ
3093 4889 3344 4959 οὐρανίου
3380 4889 3564 4959 σώμα-

1983 4993 2074 5041 τος
2096 4980 2173 5041 εἰς
2222 4977 2323 5049 τὴν
2368 4976 2462 5030 τοῦ
2506 4978 2623 5043 ἐνὸς
2673 4978 2934 5033 σύστασιν
2970 4981 3441 5053 ἀπαναλωθείσης,
3492 4986 3570 5047 ὡς

2059 5202 2172 5277 (βξ)
2200 5202 2335 5277 (leg.
2379 5202 2587 5269 primus
2632 5218 2752 5257 cum
2785 5204 2937 5277 C_ollt.
2975 5206 3152 5277 primo
3186 5204 3535 5277 προϐιεάζει.

2060 5274 2171 5347 (85)
2203 5275 2293 5347 Sic
2342 5284 2557 5347 septem
2616 5289 2744 5328 mss.
2800 5273 2941 5329 Editi
2972 5276 3049 5339 ὡς
3086 5276 3151 5329 ἂν
3175 5273 3325 5347 εἴπῃ.
3366 5279 3571 5328 Ibidem

1990 5343 2142 5426 ἔξεεὶοἱ
2176 5344 2409 5426 primus,
2438 5344 2649 5426 tertius,
2676 5356 2903 5426 quartus
2926 5356 2982 5426 ει
3002 5348 3227 5426 quintus
3342 5347 3569 5418 καρδία.

1990 5413 2129 5469 ΕιΙίιί
2150 5429 2282 5489 cum
2315 5413 2603 5489 aliquibus
2625 5429 2754 5489 mss.
2775 5414 2891 5489 fcibv
2923 5413 3249 5489 ἐγκαρδίων.
3279 5413 3570 5485 Βεεξεεέ-

1994 5494 2078 5538 tus
2100 5483 2215 5555 τῶν
2239 5482 2542 5555 έγκαρδίων
2581 5482 2708 5555 θελη
2718 5485 2923 5555 μάτων.

2066 5554 2179 5624 (86)
2208 5552 2394 5625 _Colb.
2447 5557 2652 5623 primus
2681 5552 3119 5625 φιλοσοφοῦντες.
3175 5554 3371 5613 Statim
3412 5553 3571 5609 Bodl.

1999 5638 2120 5699 cuin
2172 5623 2293 5699 aliis
2326 5624 2533 5699 duobus
2574 5639 2704 5681 mss.
2754 5625 2830 5689 ὼς
2884 5623 3121 5699 άληθῶς.
3163 5627 3367 5684 Ibidem
3410 5625 3569 5683 Colb.

313 5704 417 5758 lius
445 5692 703 5766 Verbum,
734 5706 886 5772 quasi
921 5692 1063 5756 [iens
1111 5692 1233 5755 cum
1287 5692 1462 5755 Verbo
1515 5701 1568 5754 itt
1616 5692 1897 5755 condendo
1980 5694 2208 5771 ~Dl‘illlus
2238 5692 2617 5754 ὑποδέξασθαι.

315 5775 515 5829 mundo
550 5774 735 5829 fuisset
763 5772 1075 5827 collocutus.
