3846 6218
251 335 325 390 57
1390 329 1681 386 llOMlLlA
1719 329 1785 384 111
1827 328 1893 382 IN
1937 324 2434 381 IIEXAEMERON.
3452 325 3526 385 58

247 455 472 509 οἴονται.
514 452 611 506 Ἓν
640 452 749 525 γάρ
793 422 926 523 φασι
968 451 1083 523 (87)
1112 451 1173 505 τὸ
1213 451 1609 524 κυκλοφορικὺν
1656 451 1836 523 σῶμα,

1951 445 2205 499 luendum
2235 446 2399 500 fuerit
2439 452 2779 514 consumpta.
2805 443 3014 499 Etenim
3038 459 3233 515 corpus
3254 446 3307 502 in
3333 448 3520 504 orbem

248 548 347 600 καὶ
389 544 550 598 τοῦτο
589 546 1042 618 πεπερασμένον·
1073 546 1212 616 ὅπερ
1239 546 1287 598 εἰ
1307 545 1741 616 συναπήρτισται
1763 544 1841 615 τῷ

248 638 453 712 πρώτῳ
489 639 739 710 οὐρανῷ,
773 638 936 710 μηδὲν
975 636 1365 692 ὑπολείπεσθαι
1412 637 1549 708 πρὸς
1585 637 1841 708 δευτέρου

248 730 281 801 ἢ
328 730 515 802 τρίτου
556 730 792 799 γένεσιν.
833 729 1022 783 Ταῦτα
1061 730 1159 800 μὲν
1181 725 1274 783 οὖν
1302 730 1353 782 οἱ
1389 728 1521 801 ὓλην
1549 729 1843 801 ἀγέννητον

246 823 634 891 ἐπεισάγοντες
684 821 762 893 τῷ
806 821 1124 894 δημιουργῷ
1181 821 1578 891 φαντάζονται,
1631 823 1697 875 ὲκ
1746 822 1844 892 τῆς

246 913 476 985 πρώτης
523 914 848 984 μυθοποιίας
884 914 1022 988 πρὸς
1065 915 1127 967 τὸ
1169 914 1461 968 ἀκόλουθον
1487 913 1681 985 ψεῦδος
1709 914 1844 967 ὑπο-

247 1006 546 1077 φερόμενοι
575 1006 686 1078 (88)
712 1024 725 1037 ·
760 1009 922 1077 ἡμεῖς
955 1007 1012 1061 δὲ
1055 1006 1312 1078 ἀξιοῦμεν
1342 1007 1469 1069 τοὺς
1505 1005 1615 1059 τῶν
1655 1004 1845 1077 Ἐλλή-

251 1112 356 1147 νων
384 1097 584 1164 σοφοὺς
631 1097 706 1168 μὴ
750 1097 1015 1168 πρότερον
1054 1098 1205 1168 ἡμᾶς
1243 1094 1669 1167 καταχλευάζειν
1717 1096 1845 1166 πρὶν

249 1187 319 1241 τά
353 1187 490 1258 πρὸς
525 1188 791 1259 ἀλλήλους
836 1189 1148 1243 διάθωνται.
1190 1189 1313 1242 Εἰσὶ
1343 1189 1452 1261 γὰρ
1482 1190 1540 1244 έν
1581 1189 1764 1252 αὐτοῖς
1795 1187 1846 1242 οἳ

251 1279 512 1351 ἀπείρους
539 1280 803 1352 οὐρανοὺς
823 1282 918 1334 καὶ
951 1282 1193 1352 κόσμους
1227 1276 1365 1334 εἷναί
1393 1298 1578 1351 φασιν,
1609 1299 1683 1335 ων
1717 1282 1847 1335 ὅταν

250 1370 627 1439 ἀπελέγξωσιν
650 1371 711 1425 τὸ
739 1371 1003 1426 ἀπίθανον
1028 1375 1076 1425 οἱ
1102 1371 1555 1444 ἐμϐριθεστέραις
1574 1376 1697 1436 ταῖς
1713 1373 1849 1425 ἀπο-

250 1462 446 1526 δείξεσι
480 1461 787 1534 χρώμενοι,
825 1465 921 1517 καὶ
965 1468 1088 1529 ταῖς
1138 1466 1544 1536 γεωμετρικαῖς
1579 1465 1848 1533 ἀνάγκαις

251 1555 563 1625 συοτήσωσι
610 1554 685 1626 μὴ
724 1554 867 1626 ἔχειν
901 1555 1061 1624 φύσιν
1109 1556 1267 1610 ἄλλον
1307 1556 1537 1627 οὐρανὸν
1569 1555 1844 1624 γενέσθαι,

250 1646 404 1717 παρά
429 1645 520 1699 τὸν
549 1646 669 1707 ἕνα,
694 1647 816 1699 τότε
860 1647 954 1700 καὶ
978 1646 1089 1717 (89)
1125 1647 1327 1718 μᾶλλον
1363 1645 1847 1716 καταγελασόμεθα

254 1738 353 1808 τῆς
384 1739 714 1810 γραμμικῆς
751 1740 845 1793 καὶ
864 1740 1117 1809 ἐντέχνου
1146 1740 1326 1793 αὐτῶν
1371 1739 1658 1812 φλυαρίας,
1687 1742 1845 1813 εἴπερ

252 1829 490 1901 ὁρῶντες
524 1828 881 1899 πομφόλυγας
922 1827 1012 1882 διὰ
1051 1828 1152 1898 τῆς
1183 1828 1378 1899 ὁμοίας
1413 1828 1594 1891 αἰτίας
1634 1826 1847 1896 γινομέ-

246 1939 350 1984 νας
380 1920 509 1991 μίαν
529 1938 592 1974 τε
628 1921 719 1974 καὶ
748 1920 971 1983 πολλὰς,
1005 1918 1123 1974 εἶτα
1161 1919 1566 1991 ἀμφιϐάλλουσι
1594 1919 1724 1991 περὶ
1752 1920 1846 1972 ού-

255 2011 433 2082 ρανῶν
472 2011 773 2077 πλειόνων,
805 2013 852 2064 εί
894 2011 1118 2083 ἐξαρκεῖ
1164 2012 1362 2074 αὐτοὺς
1406 2013 1438 2081 ἡ
1481 2007 1847 2081 δημιουργικὴ

254 2102 486 2172 δύναμις
514 2104 860 2172 παραγαγεῖν
904 2104 984 2165 εἰς
1021 2101 1083 2155 τό
1116 2097 1275 2155 εἶναι.
1309 2095 1409 2154 Ὧν
1440 2099 1533 2172 τὴν
1563 2101 1713 2171 ἰσχὺν
1754 2099 1849 2154 κα)⁸

254 2196 315 2245 τὸ
341 2194 568 2264 μέγεθος
603 2194 756 2248 οὐδὲν
779 2194 1063 2266 ἡγούμεθα
1087 2194 1366 2266 διαφέρειν
1392 2195 1494 2265 τῆς
1533 2193 1723 2265 κοίλης
1765 2210 1850 2247 νο-

253 2286 396 2348 τίδος
419 2287 518 2356 τῆς
541 2288 1016 2359 ύπερφυσωμένης
1041 2291 1098 2341 ὲν
1123 2291 1237 2352 τοῖς
1262 2290 1531 2360 κρουνοῖς,
1557 2288 1687 2340 ὅταν
1714 2286 1850 2359 πρὸς

253 2380 352 2451 τὴν
390 2380 664 2452 ὑπεροχὴν
694 2381 795 2451 τῆς
823 2379 918 2433 τοῦ
945 2380 1081 2433 Θεοῦ
1105 2380 1392 2450 δυνάμεως
1426 2378 1846 2450 ἀποϐλέψωμεν.

254 2470 421 2522 Ὥστε
452 2470 859 2538 καταγέλαστος
892 2470 1075 2532 αὐτοῖς
1110 2471 1221 2539 (90)
1255 2473 1283 2523 ό
1315 2470 1411 2523 τοῦ
1460 2470 1725 2524 ἀδυνάτου
1763 2467 1851 2521 λό-

253 2576 370 2628 γος.
417 2561 609 2631 Ἡμεῖς
638 2561 694 2614 δὲ
737 2562 991 2615 τοσοῦτον
1031 2562 1306 2631 ἀπέχομεν
1338 2561 1416 2632 τῷ
1459 2561 1695 2632 δευτέρῳ
1718 2563 1849 2614 ἀπι-

252 2657 422 2716 στεῖν,
456 2654 596 2706 ὥστε
627 2655 721 2708 καὶ
749 2656 839 2709 τὸν
864 2656 1047 2728 τρίτον
1077 2656 1469 2727 ἐπιζητοῦμεν,
1497 2648 1558 2708 οὗ
1591 2655 1693 2723 τῆς
1720 2653 1851 2717 θέας

251 2749 280 2799 ό
311 2747 579 2817 μακάριος
610 2746 823 2811 Παῦλος
853 2748 964 2819 (91)
995 2748 1226 2819 ἠξιώθη.
1272 2749 1330 2801 Ὀ
1370 2748 1427 2800 δὲ
1453 2746 1667 2816 ψαλμὸς
1686 2747 1851 2807 ,·ὀνο-

254 2838 445 2910 μὰζων
470 2840 733 2911 οὐρανοὺς
759 2841 1025 2911 οὐρανῶν,
1059 2840 1154 2893 καὶ
1184 2840 1446 2894 πλειόνων
1480 2840 1613 2909 ἡμῖν
1641 2837 1849 2891 ἔννοιαν

252 2931 594 3002 ἐνεποίησεν.
631 2932 706 2985 Ού
747 2932 918 3002 δήπου
972 2931 1029 2985 δὲ
1072 2932 1247 2985 ταῦτα
1295 2930 1705 3002 παραδοξότερα
1740 2927 1850 2981 τῶν

253 3022 397 3076 ἐπτά
417 3023 651 3078 κύκλων,
681 3024 802 3077 καθ’
831 3018 905 3076 ὧν
935 3024 985 3076 οἱ
1018 3024 1161 3077 ἑπτὰ
1195 3024 1425 3094 ἀστέρες
1466 3021 1652 3093 σχεδὸν
1698 3021 1852 3092 παρὰ

253 3114 473 3167 πάντων
518 3113 826 3185 συμφώνως
864 3115 1253 3186 ὁμολογοῦνται
1308 3115 1593 3185 φέρεσθαι,
1636 3112 1728 3176 οὓς
1754 3121 1850 3174 καὶ

253 3209 591 3280 ἐνηρμόσθαι
623 3209 784 3279 φασὶν
808 3210 982 3281 ἑτέρῳ
1007 3211 1098 3263 τὸν
1126 3211 1335 3280 ἕτερον,
1373 3208 1515 3263 κατὰ
1542 3209 1639 3280 τὴν
1665 3208 1850 3261 εἰκόνα

251 3305 363 3356 τῶν
401 3301 580 3355 κάδων
616 3301 724 3354 τῶν
750 3303 831 3364 εἰς
864 3301 1127 3371 ἀλλήλους
1166 3301 1576 3372 ἐμϐεϐηκότων.
1612 3299 1848 3364 Τούτους

250 3391 311 3446 δὲ
332 3394 431 3463 τὴν
453 3393 705 3446 ἐναντίαν
742 3392 822 3463 τῷ
848 3394 1012 3446 παντὶ
1054 3394 1390 3464 φερομένους
1420 3393 1533 3464 (92)
1552 3435 1566 3458 ,
1599 3409 1849 3465 περισχι-

251 3484 484 3554 ζομένου
522 3485 617 3538 τοῦ
651 3485 866 3557 αἰθέρος
889 3486 1095 3550 αὐτοῖς,
1118 3485 1313 3556 εὔηχόν
1340 3504 1461 3539 τινα
1493 3487 1587 3539 καὶ
1619 3486 1851 3557 ἐναρμό-

250 3593 367 3631 νιον
404 3577 711 3630 ἀποδιδόναι
747 3577 1021 3646 φθόγγον,
1074 3576 1214 3631 ὥστε
1245 3579 1427 3632 πᾶσαν
1462 3578 1562 3650 τὴν
1610 3580 1669 3633 ὲν
1721 3578 1850 3649 μελ-

252 3669 445 3739 ῳδίαις
476 3669 671 3741 ἡδονὴν
697 3671 1079 3742 ὑπερϐάλλειν.
1103 3667 1239 3723 Εἶτα
1263 3670 1485 3724 ὲπειδάν
1504 3671 1603 3742 τὴν
1634 3671 1722 3725 διὰ
1748 3671 1850 3741 τῆς

252 3758 564 3831 αἰσθήσεως
606 3762 791 3814 πίστιν
812 3763 870 3815 oi
919 3762 1093 3816 ταῦτα
1120 3762 1371 3831 λέγοντες
1407 3763 1770 3829 ἀπαιτῶνται,
1794 3762 1848 3816 τί

253 3870 453 3925 φασινς
484 3854 607 3909 Ὅτι
626 3854 713 3909 διὰ
740 3855 838 3926 τὴν
854 3856 914 3920 ἐξ
936 3856 1112 3926 ἀρχῆς
1137 3856 1426 3927 συνήθειαν
1470 3857 1611 3928 πρὸς
1635 3857 1726 3910 τὸν
1751 3857 1849 3927 ψό-

254 3964 360 4017 φον
412 3949 477 4000 ὲκ
522 3946 752 4019 πρώτης
796 3949 1066 4017 γενέσεως
1100 3947 1508 4013 συνεθισθέντες
1551 3948 1737 4019 αὐτῷ,
1783 3950 1849 4001 ἐκ

252 4039 460 4110 πολλῆς
504 4040 604 4110 τῆς
654 4041 782 4113 περ)¹
827 4040 887 4093 τὺ
921 4040 1146 4094 ἀκούειν
1192 4040 1424 4111 μελέτης
1464 4041 1563 4112 τὴν
1596 4041 1848 4112 αἴσθησιν

250 4133 624 4207 ἀφῃρήμεθαο
662 4132 854 4204 ὥσπερ
891 4135 941 4186 οἱ
973 4137 1031 4187 ὲν
1068 4137 1181 4197 τοῖς
1204 4134 1478 4204 χαλκείοις
1516 4134 1754 4205 συνεχῶς
1778 4133 1850 4188 τά

249 4220 372 4279 ὦτα
398 4225 883 4296 κατακρουόμενοι.
905 4221 1004 4279 Ὧν
1029 4227 1089 4280 τὸ
1115 4228 1505 4297 σεσοφισμένον
1530 4226 1624 4279 καὶ
1649 4225 1847 4297 σαθρὸν

250 4318 572 4389 διελέγχειν,
621 4316 793 4383 οὕτως
837 4319 1079 4389 ἐναργῶς
1136 4322 1202 4372 ἐκ
1237 4319 1460 4389 πρώτης
1499 4319 1668 4391 ἀκοῆς
1711 4320 1847 4371 πᾶσι

252 4412 740 4483 καταφαινόμενον,
773 4415 873 4466 οὐκ
917 4412 1064 4465 ἔστιν
1098 4412 1292 4483 ἀνδρὸς
1320 4411 1443 4465 οὔτε
1481 4411 1675 4484 χρόνου
1713 4411 1848 4465 εἰδό-

1945 536 2056 608 24.
2081 540 2493 601 circumactum,
2521 552 2683 590 unum
2709 550 2830 591 esse
2852 535 3023 604 aiunt,
3050 536 3288 610 illudque
3310 538 3520 595 [initum

1948 644 2069 685 esse
2102 644 2115 680 :
2157 630 2299 700 quod
2333 643 2463 683 sane
2498 630 2543 683 si
2577 627 2800 682 omnino
2831 627 3165 699 insumptum
3202 639 3284 685 est
3321 632 3388 686 ad
3417 632 3527 702 pri-

1949 743 2097 783 mum
2144 727 2343 781 coelum
2390 722 2822 790 conliciendum,
2872 739 3212 795 consequens
3258 723 3423 780 fuerit
3466 733 3527 780 ut

1950 819 2082 874 nihil
2112 817 2224 886 jam
2249 820 2313 873 ad
2350 817 2571 873 secundi
2608 817 2691 870 vel
2728 817 2873 871 tertii
2899 819 3310 887 generationem
3336 834 3528 888 supcr-

1949 912 2041 966 sit.
2072 909 2197 965 Haec
2218 910 2437 979 quidem
2470 907 2701 978 ﬁngunt,
2739 906 2830 976 qui
2861 907 3040 977 opiﬁci
3074 910 3371 980 ingenitam
3406 924 3526 963 ma-

1949 1003 2138 1057 teriam
2173 1003 2614 1065 subministrant,
2650 1016 2715 1055 ex
2748 1000 2853 1055 hoc
2896 1001 3073 1070 primo
3105 1013 3412 1057 commento
3445 1000 3528 1056 fa-

1948 1093 2139 1148 buloso
2162 1094 2230 1148 ad
2256 1094 2598 1164 subsequens
2622 1092 2962 1148 mendacium
2994 1093 3198 1163 delapsi
3225 1111 3238 1147 :
3269 1108 3369 1149 nos
3396 1107 3530 1150 vero

1948 1185 2261 1241 Graecorum
2291 1186 2566 1254 sapientes
2591 1198 2869 1254 rogamus,
2903 1194 2962 1239 ut
2992 1201 3060 1240 ne
3089 1186 3245 1255 prius
3273 1201 3373 1242 nos
3404 1186 3529 1241 irri-

1948 1279 2129 1345 deant,
2164 1294 2325 1349 quant
2365 1279 2506 1333 inter
2536 1293 2596 1333 se
2632 1279 3008 1335 convenerint.
3042 1278 3181 1333 Sunt
3210 1279 3353 1334 enim
3385 1281 3531 1335 inter

1949 1372 2118 1442 ipsos,
2162 1371 2254 1442 qui
2299 1372 2466 1426 caelos
2499 1380 2553 1426 et
2595 1370 2827 1425 mundos
2869 1371 3024 1425 aiunt
3070 1385 3191 1426 esse
3222 1370 3468 1427 inﬁnitos
3511 1386 3528 1425 :

1949 1482 2179 1535 quorum
2233 1481 2355 1520 cum
2408 1465 2640 1534 ineptias
2674 1465 3053 1533 redarguerint
3109 1465 3169 1531 ii,
3220 1465 3311 1534 qui
3350 1481 3533 1537 Vargu-

1951 1559 2146 1613 mentis
2179 1568 2408 1612 utuntur
2442 1556 2809 1627 gravioribus,
2848 1567 3013 1627 atque
3045 1558 3393 1629 geometricis
3438 1560 3534 1615 de-

1955 1647 2439 1702 monstrationibus
2473 1647 2825 1715 probaverint
2864 1649 2915 1702 id
2957 1659 3166 1703 natura:
3200 1664 3527 1719 repugnare,

1953 1751 2012 1794 ut
2036 1740 2234 1795 caelum
2280 1740 2422 1793 aliud
2460 1751 2659 1808 pra-ter
2693 1756 2855 1793 tinum
2907 1740 3035 1805 ﬁat;
3081 1748 3208 1795 tunc
3243 1756 3430 1795 eorum
3468 1741 3533 1795 li-

1874 1810 1918 1864 B
1951 1847 2144 1888 neares
2182 1831 2605 1902 artiﬁcialesque
2637 1849 2814 1903 nugas
2848 1835 3013 1888 etiam
3050 1835 3223 1904 magis
3262 1835 3533 1890 deridebi-

1950 1941 2091 1980 mus.
2127 1923 2406 1994 Siquidem
2438 1926 2539 1978 etsi
2573 1925 2643 1979 ob
2672 1926 2904 1980 similem
2939 1942 3158 1981 causam
3197 1927 3312 1981 lieri
3351 1929 3533 1983 vident.

1948 2018 2067 2072 sive
2092 2032 2276 2082 uuam,
2306 2017 2422 2071 sive
2448 2016 2648 2070 multas
2680 2017 2873 2081 bullas,
2919 2019 3275 2074 nihilominus
3311 2019 3379 2073 de
3419 2033 3533 2074 cce-

1949 2110 2121 2163 lorum
2164 2109 2513 2163 multitudine
2563 2110 2832 2174 dubitant,
2877 2126 2944 2163 an
2994 2120 3237 2179 potestas
3284 2108 3533 2166 effectrix

1952 2218 2046 2259 eos
2084 2204 2138 2257 in
2169 2203 2341 2257 lucem
2367 2203 2530 2257 edere
2568 2204 2825 2271 potuerit.
2859 2202 3101 2267 Quorum
3138 2205 3303 2258 robur
3331 2219 3393 2257 ac
3419 2220 3533 2257 ma-

1948 2296 2313 2366 gnitudinem,
2353 2308 2477 2349 cum
2522 2294 2590 2348 ad
2628 2294 2825 2347 divina:
2865 2294 3121 2363 potentia:
3159 2299 3534 2364 praestantiam

1953 2390 2298 2457 respicimus,
2337 2391 2405 2445 ab
2434 2404 2500 2444 eo
2535 2390 2764 2443 humore
2802 2401 3047 2442 concavo
3079 2388 3172 2457 qui
3206 2390 3261 2442 in
3289 2387 3538 2443 fontibus

1953 2479 2278 2538 salientibus
2300 2482 2638 2546 intumescit,
2661 2480 2795 2535 nihil
2817 2478 3035 2534 diﬂerre
3055 2491 3335 2550 putamus.
3359 2479 3538 2546 Quare

1952 2577 2006 2631 id
2038 2578 2154 2631 heri
2178 2592 2283 2631 non
2308 2590 2467 2646 posse
2491 2575 2724 2630 ridicule
2742 2574 2952 2628 dicunt.
2985 2572 3094 2629 Sed
3126 2582 3332 2628 tantum
3359 2576 3537 2640 abest,

1950 2678 2008 2724 ut
2048 2686 2146 2725 nos
2175 2670 2244 2725 de
2283 2670 2458 2725 altero
2483 2669 2625 2724 cmlo
2659 2668 2990 2734 dubitemus,
3019 2677 3080 2723 ut
3115 2669 3279 2724 etiam
3314 2671 3534 2724 tertium

1948 2764 2102 2833 cujus
2127 2773 2350 2833 aSpectu
2376 2764 2567 2818 beatus
2596 2762 2795 2817 Paulus
2825 2761 3077 2831 dignatus
3115 2771 3221 2824 est,
3263 2760 3307 2792 ⁸⁷
3358 2761 3538 2830 inqui-

1950 2869 2155 2927 ramus.
2194 2853 2442 2909 Psalmus
2481 2862 2666 2908 autem
2698 2854 2827 2907 dum
2868 2851 3116 2907 nominat
3160 2852 3330 2907 caelos
3369 2854 3536 2907 emto-

1952 2961 2072 2999 rum
2104 2945 2170 3011 ³⁸,
2205 2946 2441 3015 plurium
2488 2946 2655 3000 etiam
2697 2944 2890 2999 tribuit
2922 2943 3080 3000 nobis
3121 2944 3391 2999 notitiam.
3428 2945 3533 3000 Ne-

1956 3053 2067 3108 que
2098 3052 2228 3092 vero
2263 3038 2379 3092 haec
2417 3038 2686 3108 stupenda
2719 3045 2849 3093 sunt
2883 3035 3083 3107 magis,
3124 3050 3291 3105 quam
3327 3047 3534 3106 septem

1878 3156 1920 3213 ο
1956 3128 2145 3184 circuli
2182 3145 2198 3182 :
2229 3128 2283 3182 in
2326 3129 2524 3198 quibus
2554 3127 2742 3185 stellas
2776 3135 2988 3198 septem
3022 3126 3151 3181 ferri
3182 3141 3374 3182 omnes
3422 3143 3535 3183 uno

1956 3218 2072 3274 fere
2110 3231 2381 3273 consensu
2423 3219 2750 3274 conﬁtentur
2783 3235 2800 3275 :
2837 3232 2976 3287 quos
3000 3218 3165 3273 etiam
3199 3217 3427 3273 alterum
3455 3218 3536 3272 al-

1954 3312 2079 3375 teri,
2116 3310 2294 3362 instar
2320 3311 2579 3364 cadorum
2610 3310 2664 3364 in
2694 3323 2754 3364 se
2787 3318 2978 3364 mutuo
3004 3308 3354 3376 insertorum,
3383 3317 3536 3379 apta-

1951 3414 2036 3458 tos
2068 3418 2191 3459 esse
2222 3411 2497 3459 astruunt.
2546 3402 2687 3471 Quin
2727 3403 2892 3459 etiam
2932 3402 3097 3458 hosce
3130 3401 3365 3457 circulos
3396 3416 3532 3457 con-

1953 3497 2120 3551 trario
2168 3496 2414 3554 universi
2460 3497 2628 3552 motui
2680 3505 2843 3551 cursu
2895 3496 3176 3565 abreptos,
3215 3493 3420 3550 diﬁisso
3466 3497 3536 3550 ab

1952 3590 2084 3659 ipsis
2118 3590 2346 3656 aethere,
2383 3600 2598 3660 gratum
2648 3589 2939 3659 quemdam
2985 3602 3049 3643 ac
3082 3588 3411 3644 concinnum
3440 3603 3533 3643 so-

1951 3697 2079 3736 num
2108 3681 2445 3739 contendunt
2467 3681 2718 3746 reddere,
2751 3681 2890 3736 adeo
2922 3690 2982 3734 ut
3015 3681 3265 3735 melodiae
3293 3681 3535 3735 suavita-

1954 3778 2059 3823 tem
2110 3784 2328 3824 omnem
2365 3779 2677 3838 exsuperet.
2710 3769 2916 3825 Deinde
2939 3785 3061 3824 cum
3095 3770 3132 3823 ii
3161 3769 3253 3838 qui
3289 3770 3417 3824 talia
3452 3770 3536 3824 di-

1950 3871 2100 3927 cunt,
2124 3877 2381 3917 sensuum
2409 3862 2569 3918 [idem
2594 3877 2659 3917 ac
2684 3862 3054 3919 testimonium
3082 3875 3367 3933 rogantur,
3395 3862 3527 3932 quid

1950 3954 2320 4024 respondent?
2366 3953 2477 4010 Nos
2525 3954 2596 4011 ob
2642 3968 2761 4009 eam
2802 3969 2964 4025 quam
3005 3954 3162 4010 initio
3209 3970 3333 4010 cum
3390 3970 3529 4010 sono

1949 4044 2215 4100 habemus
2245 4044 2734 4119 consuetudinem,
2765 4044 2893 4099 huic
2919 4044 3096 4099 eidem
3133 4059 3266 4099 sono
3295 4061 3325 4097 a
3354 4044 3534 4114 primo

1950 4145 2071 4190 ortu
2116 4146 2384 4203 assuetos,
2426 4152 2588 4192 sensu
2640 4136 2746 4192 isto
2786 4152 2899 4207 pne
2948 4136 3224 4207 frequenti
3276 4137 3531 4192 audiendi

1950 4229 2342 4285 exercitatione
2370 4230 2607 4301 privari;
2637 4229 2864 4299 perinde
2889 4238 3053 4296 atque
3081 4229 3134 4283 hi
3168 4244 3402 4298 quorum
3430 4245 3530 4282 au-

1950 4334 2038 4374 res
2073 4320 2126 4374 in
2163 4319 2394 4376 oﬂicinis
2436 4322 2647 4385 aerariis
2686 4321 2905 4376 assidue
2937 4320 3333 4376 obtunduntur.
3381 4319 3531 4387 Quo-

1951 4424 2069 4462 rum
2131 4411 2414 4467 confutare
2470 4412 2874 4467 cavillationem
2937 4426 3001 4466 ac
3059 4411 3401 4475 futilitatem,
3456 4411 3530 4464 ita

249 4520 349 4565 τος
396 4504 702 4573 φείδεσθαι,
748 4505 873 4559 οὔτε
910 4508 1010 4577 τῆς
1060 4505 1328 4569 συνέσεως
1373 4505 1481 4557 τῶν
1540 4504 1836 4558 ἀκουόντων

1951 4512 2139 4573 aperte
2159 4505 2423 4562 'omnibus
2450 4521 2517 4561 ex
2551 4506 2726 4576 primo
2751 4507 2937 4560 auditu
2971 4520 3030 4560 se
3057 4506 3398 4575 prodentem,
3425 4503 3528 4557 viri

252 4596 677 4667 στοχαζομένου.
710 4598 873 4651 Ἀλλά
896 4598 963 4651 τά
993 4596 1101 4651 τῶν
1126 4596 1324 4662 ἔξωθεν
1348 4599 1462 4659 τοῖς
1492 4595 1598 4662 ἔξω
1621 4596 1846 4651 καταλι-

253 4686 494 4759 πόντεςὴ
504 4691 621 4758 μεῖς
632 4689 723 4742 ἐπὶ
736 4690 825 4742 τὸν
837 4690 1289 4760 ἐκκλησιαστικὸν
1302 4688 1716 4759 ὑποστρέφομεν
1731 4690 1842 4760 (95)

251 4777 434 4845 λόγον.
490 4780 718 4851 Εἴρηται
791 4782 889 4852 μὲν
940 4777 1032 4835 οὖν
1062 4799 1173 4834 τισι
1230 4780 1338 4834 τῶν
1380 4778 1487 4851 πρὸ
1526 4779 1713 4851 ἡμῶν,
1774 4783 1849 4854 μὴ

330 4917 374 4948 ⁸⁷
415 4917 455 4971 ll
481 4914 609 4973 Cor.
658 4936 755 4984 xit,
789 4920 847 4975 2.
925 4921 969 4953 ³⁸
1004 4919 1149 4993 Psal.
1203 4935 1432 4985 chvtu,
1461 4921 1517 4976 4.

331 5090 443 5165 (87)
466 5090 717 5165 Nonnulli
746 5108 878 5148 mss.
911 5111 983 5165 φη
993 5093 1044 5146 σί

331 5161 445 5237 (88)
478 5161 945 5237 Golh._s_ecnndus
974 5161 1405 5237 ’ἐπιφερομενομ
1456 5165 1657 5219 Ibidem
1697 5165 1831 5237 Reg.

250 5230 465 5303 primus
486 5230 602 5303 τῶν
636 5233 904 5303 Ἑλλήνων
931 5230 1144 5298 παῖδας,
1164 5230 1491 5289 ’ϐ’νηεσοηιηι
1520 5253 1734 5301 ριιενοδη

331 5301 443 5372 (89)
470 5302 561 5357 Sic
593 5319 722 5358 mss.
760 5301 934 5357 titttlti.
962 5307 1114 5357 Deest
1139 5306 1232 5359 καί
1268 5307 1321 5358 in
1360 5309 1541 5361 editis.
1582 5308 1834 5362 Subinde

252 5373 471 5445 codices
500 5375 599 5445 duo
627 5374 726 5443 τῆς
755 5376 1152 5445 γραμματικῆς
1178 5375 1292 5428 καί.

331 5440 443 5515 (90)
496 5442 650 5496 Coll).
686 5440 928 5512 'priinu's‘
961 5440 1162 5498 αὐτῶν.
1218 5446 1357 5499 Editi
1417 5460 1540 5499 cum
1599 5458 1830 5515 utroque

253 5511 425 5587 coisl.
454 5524 505 5587 et
534 5529 657 5587 cum
690 5511 812 5567 aliis
843 5515 1023 5587 multis
1071 5517 1275 5578 αὐτοῖς.
1326 5514 1475 5566 llaml
1512 5520 1681 5569 multo
1717 5511 1837 5587 post

255 5579 430 5636 editio
462 5579 622 5636 Basil.
675 5599 799 5637 cum
855 5586 1041 5638 decem
1094 5601 1224 5640 mss.
1279 5587 1557 5649 ἀπιστεῖν,
1602 5588 1686 5639 ὅτι
1717 5579 1836 5643 ’καὶ

252 5651 368 5705 τόν.
405 5651 580 5705 Είιίιίο
603 5652 776 5707 Paris.
801 5652 941 5706 ὥστε
974 5656 1067 5708 καὶ
1088 5657 1199 5710 τόν.

334 5722 446 5803 (9.1)
474 5722 702 5803 Codices
733 5733 843 5778 tres
868 5727 915 5803 _6
971 5726 1244 5803 μακάριος
1270 5726 1568 5803 ἀπόστολος
1601 5726 1834 5803 Παύλος.

254 5791 565 5850 Εεὶὶιίὀυιιι
590 5792 743 5851 Colb.
798 5791 1033 5864 primori
1078 5791 1350 5869 μακάριος
1397 5798 1628 5861 Παῦλος.
1686 5791 1834 5869 Lege

1958 4610 2064 4649 non
2117 4606 2222 4664 est,
2255 4600 2345 4668 qui
2374 4609 2463 4653 aut
2497 4614 2719 4668 parcere
2740 4599 2878 4653 sciat
2905 4599 3158 4668 teinpori,
3190 4606 3284 4650 aut
3309 4596 3531 4649 audien-

1955 4687 2089 4742 tium
2122 4689 2534 4761 intelligentiam
2558 4690 2843 4759 conjectet.
2873 4690 3069 4746 Verum
3096 4699 3322 4745 externa
3356 4696 3534 4742 exter-

1959 4784 2045 4839 nis
2071 4784 2459 4857 relinquentes,
2493 4803 2592 4843 nos
2625 4790 2692 4843 ad
2722 4788 3151 4844 ecclesiasticqu
3205 4785 3533 4842 revertimur

1951 5097 2225 5161 Ducaeum,
2256 5096 2326 5150 de
2358 5097 2620 5151 ccelorum
2658 5110 2901 5150 numero.
2930 5095 3127 5150 Ibidem
3145 5095 3296 5153 Colh.
3327 5112 3526 5153 secun-

1942 5170 2041 5222 dus
2070 5169 2109 5240 όΔ
2125 5166 2181 5219 δὲ
2214 5167 2544 5240 ιξαλμῳδός.
2575 5166 3013 5240 {Aliquantopost
3046 5182 3139 5220 sex
3172 5183 3299 5221 mss.
3320 5168 3395 5221 Οὐ
3425 5169 3524 5240 δή·

1939 5254 2043 5290 που
2070 5237 2125 5289 δὲ
2150 5236 2513 5292 ταῦταέΕιΙίιί
2545 5236 2604 5289 οὐ
2634 5236 2834 5305 δήποτε
2864 5237 2940 5289 δέ.

2010 5307 2122 5380 (9‘2)
2145 5308 2296 5363 Colb.
2331 5310 2539 5376 primus
2564 5306 2837 5380 cum‘Reg.
2860 5317 3014 5361 sexto
3036 5308 3522 5380 περιφερομένους.

2010 5325 2122 5380 (με)
2145 5325 2296 5363 υοιο.
2331 5325 2539 5376 prtinus
2564 5325 2684 5359 cum
2706 5325 2837 5373 neg.
2860 5325 3014 5361 sexto
3036 5325 3231 5378 περιφε
3306 5325 3522 5378 μένους.

1938 5376 2134 5432 Statim
2177 5393 2308 5433 mss.
2348 5380 2518 5432 nostri
2569 5377 2814 5444 plerique
2849 5391 3040 5430 omnes
3075 5395 3196 5431 cum
3240 5325 3393 5433 ἔξω.
3433 5378 3527 5434 εὖ·

1935 5448 2067 5520 ηχόν
2103 5465 2248 5520 τινα.
2284 5449 2463 5503 Editio
2492 5448 2668 5520 Paris.
2695 5445 2889 5520 ἔνηχόν
2920 5463 3066 5520 τινα,
3106 5464 3212 5502 non
3238 5449 3316 5520 ita
3351 5459 3523 5506 recte.

2009 5520 2122 5586 (9'5)
2156 5518 2248 5572 Sic
2304 5521 2474 5573 codex
2523 5517 2928 5573 (Jutnhelfcnm
2983 5519 3107 5574 aliis
3163 5518 3337 5574 tribus
3385 5535 3522 5576 mss.

1936 5589 2079 5642 Ε(ιίιί
2116 5599 2171 5659 et
2193 5590 2344 5643 Coll).
2394 5591 2598 5657 primus
2634 5588 3090 5659 ὑποστρέψωμεν.
3122 5588 3252 5657 Reg.
3300 5592 3528 5653 quintus

1936 5658 2354 5732 υποστέφωμεν.
2387 5661 2679 5732 Aliquanto
2709 5658 2828 5728 post
2855 5660 3008 5732 (lolii.
3030 5660 3253 5732 primus
3289 5660 3529 5732 παραδί-

1935 5729 2138 5784 δοσθαι.
2164 5729 2358 5786 Statim
2392 5731 2563 5787 codex
2590 5732 2727 5788 idem
2766 5729 2997 5785 ἐνταῦθα
3024 5729 3081 5784 δὲ
3111 5729 3525 5804 ἐπεργαστικώ-

1935 5816 2131 5872 τερον.⁴
