3846 6218
380 324 448 380 59
1715 328 1775 385 S.
1816 325 2056 382 BASlLll
2095 324 2313 381 MAGNI
3580 317 3657 373 60

380 456 709 499 sermonem.
739 440 953 497 Dictum
983 448 1065 496 est
1095 439 1258 510 igitur
1282 454 1312 495 a
1339 439 1688 511 quibusdam,
1734 442 1831 513 qui
1859 457 1940 497 nos

2064 441 2318 511 δευτέρου
2350 434 2580 510 οὐρανοῦ
2610 434 2821 505 γένεσιν
2855 430 2995 489 εἶναι
3032 433 3237 507 ταύτην
3258 475 3273 500 ,
3317 433 3434 489 ἀλλ’
3482 434 3661 501 ἐπεξ-

379 548 730 606 ρτῖεοεεεειιε,
771 548 877 588 ηοη
922 533 1147 589 secundi
1194 532 1316 589 coeli
1363 533 1771 603 generationem
1818 535 1940 590 ham

2065 536 2262 607 ήγησιν
2289 531 2383 586 τοῦ
2413 530 2700 603 προτέρου,
2740 528 2830 583 διὰ
2878 529 2940 583 τὸ
2980 530 3097 582 ἐκεῖ
3128 529 3227 599 μὲν
3251 529 3309 583 ὲν
3358 528 3661 600 κεφαλαίῳ

378 643 502 683 esse
523 667 538 691 ,
582 627 676 682 sed
722 625 1041 695 ampliorem
1071 626 1270 695 prioris
1300 625 1737 695 explanationem
1769 646 1784 682 :
1816 642 1940 697 pro-

2067 624 2458 697 παραδεδόσθαι
2505 621 2736 695 οὐρανοῦ
2764 623 2858 675 καὶ
2888 622 2992 693 γῆς
3031 621 3248 693 ποίησιν
3268 662 3283 686 ,
3328 620 3568 675 ἐνταῦθα
3594 621 3660 675 ἃ

377 732 567 790 pterea
606 721 751 791 quod
787 720 897 774 illic
926 720 1047 775 caeli
1096 729 1152 775 et
1193 728 1351 775 terra:
1397 720 1606 776 creatio
1655 721 1707 775 in
1748 736 1940 776 summ:

2066 715 2664 789 ὲπεξεργαστικώτερον
2697 715 2787 768 τὸν
2816 715 3016 785 τρόπον
3047 713 3168 767 καθ’
3196 714 3255 768 ὃν
3286 714 3521 766 ἕκαστον
3555 712 3659 781 γέ-

384 815 641 879 traditur,
690 813 780 868 hic
825 827 955 867 vero
1006 810 1287 882 Scriptura
1323 812 1540 866 modum
1587 825 1696 881 quo
1740 811 1940 883 singula

2065 827 2190 880 γονε
2220 808 2317 881 τὴν
2347 808 2567 881 Γραφὴν
2586 810 2718 879 ἡμῖν
2743 806 3108 880 παραδιδόναι.
3146 806 3335 876 Ἡμεῖς
3365 805 3425 857 δέ
3463 821 3659 875 φαμεν

378 906 523 961 facta
551 915 708 971 sunt,
740 905 1049 961 accuratius
1089 904 1247 960 nobis
1288 912 1342 958 et
1374 902 1669 974 perfectius
1706 904 1948 974 exponit.

381 995 490 1051 Nos
517 1005 721 1062 autem,
756 1011 881 1051 cum
914 1003 966 1050 et
1007 1008 1201 1049 nomen
1245 992 1389 1047 aliud
1418 1004 1472 1047 et
1502 1008 1696 1047 munus
1730 992 1954 1047 secundi

385 1088 510 1143 caeli
543 1087 821 1156 proprium
852 1085 1108 1140 traditum
1136 1084 1228 1148 sit,
1260 1083 1490 1138 dicimus
1522 1083 1627 1137 hoc
1653 1082 1846 1136 caelum
1881 1082 1949 1136 ab

377 1191 446 1232 eo
475 1181 617 1247 quod
656 1180 711 1232 in
753 1177 1017 1247 principio
1041 1175 1312 1230 conditum
1342 1174 1460 1237 fuit,
1498 1173 1641 1227 aliud
1670 1187 1791 1227 esse
1832 1191 1845 1226 :
1879 1172 1957 1227 si-

2061 901 2142 954 ὅτι
2167 899 2379 972 ἐπειδὴ,
2410 901 2504 954 καὶ
2526 900 2633 968 (94)
2658 897 2828 970 ὄνομα
2852 899 3035 972 ἕτερον
3065 897 3159 950 καὶ
3178 897 3337 968 χρεία
3365 896 3659 960 ἰδιάζουσαι

2060 992 2154 1047 τοῦ
2179 992 2431 1063 δευτέρου
2459 990 2688 1062 οὐρανοῦ
2722 990 3098 1062 παραδέδοται,
3122 989 3309 1061 ἕτερός
3342 991 3459 1042 ἐστι
3487 990 3653 1061 παρὰ

2060 1084 2152 1138 τὸν
2181 1085 2238 1138 ἐν
2260 1084 2399 1156 ἀρχῇ
2424 1083 2788 1153 πεποιημένον
2814 1076 2986 1145 οὗτος,
3012 1081 3381 1153 στερεωτέρας
3400 1082 3651 1151 φύσεως,

2064 1174 2158 1228 καὶ
2185 1174 2375 1244 χρείαν
2413 1173 2687 1244 ἐξαίρετον
2718 1172 2796 1243 τῷ
2824 1173 2984 1227 παντὶ
3014 1171 3400 1244 παρεχόμενος.

377 1272 597 1345 quidem
638 1268 913 1323 solidioris
954 1275 1038 1321 est
1078 1274 1307 1329 naturae,
1353 1280 1417 1319 ac
1463 1265 1794 1333 praecipuam
1831 1266 2084 1322 universo
2118 1266 2269 1321 aﬂ'ert
2303 1269 2771 1322 commoditatem.

450 1367 506 1421 4.
548 1364 617 1419 Ει
658 1364 792 1417 dixit
838 1362 975 1415 Deus
1023 1374 1041 1412 :
1092 1357 1217 1412 Fiat
1255 1358 1642 1425 ﬁrmamentum
1686 1357 1742 1411 in
1776 1357 1949 1410 medio

378 1477 553 1531 aqua,
597 1467 643 1511 et
689 1457 754 1509 sit
794 1456 1091 1507 discernens
1120 1451 1256 1504 inter
1298 1466 1490 1519 aquam
1523 1457 1573 1501 et
1603 1448 1708 1518 25
1736 1466 1947 1519 aquam.

379 1553 449 1607 Et
490 1551 611 1620 fecit
648 1547 787 1602 Deus
814 1545 1254 1613 ﬁrmamentum:
1301 1550 1350 1594 et
1398 1540 1576 1594 divisit
1624 1539 1766 1594 Deus
1817 1543 1954 1595 inter

379 1659 572 1714 aquam
606 1657 721 1711 qum
744 1646 854 1692 erat
883 1636 975 1690 sub
1000 1635 1354 1700 ﬁrmamento,
1382 1644 1427 1687 et
1452 1634 1591 1687 inter
1615 1649 1806 1704 aquam
1839 1649 1954 1697 qua:

375 1746 489 1791 erat
520 1749 675 1802 super
716 1730 1103 1799 ﬁrmamentum
1131 1725 1199 1779 ”.
1248 1724 1355 1779 Sed
1402 1735 1562 1778 antea
1608 1740 1771 1793 quam
1806 1724 1954 1777 Scri-

376 1837 551 1897 ptura:
584 1819 906 1877 sententiam
939 1819 1287 1884 attingamus,
1318 1815 1371 1868 id
1398 1813 1542 1883 quod
1577 1813 1645 1868 ab
1674 1814 1795 1868 aliis
1822 1812 1954 1883 obji-

375 1917 538 1981 citur,
576 1910 877 1967 dissolvere
904 1908 1194 1961 enitamur.
1224 1902 1624 1958 Percontantur
1656 1901 1799 1957 enim
1827 1917 1950 1966 nos,

376 2010 421 2064 si
452 2004 717 2078 sphaerale
744 2011 827 2059 est
860 1999 1187 2054 ﬁrmamenti
1218 2011 1439 2065 corpus,
1469 2005 1526 2049 ut
1554 1996 1654 2063 ipsi
1681 2003 1952 2076 testantur

375 2102 544 2166 oculi,
578 2100 623 2155 si
665 2097 851 2152 itidem
895 2107 1035 2163 aqua
1081 2089 1330 2146 dillluere
1375 2097 1429 2142 et
1468 2102 1499 2141 e
1540 2087 1788 2157 supernis
1816 2100 1951 2155 qua-

375 2203 701 2261 quaversum
732 2184 897 2239 dilabi
922 2183 1116 2248 soleat,
1140 2179 1413 2250 quomodo
1445 2178 1678 2248 potuerit
1710 2177 1761 2231 in
1794 2177 1951 2245 gibba

374 2278 704 2337 ﬁrmamenti
750 2273 1195 2331 circumferentia
1239 2271 1502 2326 retineri?
1551 2271 1820 2337 Quidnam
1882 2269 1950 2323 ad

375 2374 481 2430 hoc
503 2364 987 2440 respondebimus?
1009 2363 1067 2418 ln
1089 2363 1280 2433 primis
1300 2363 1539 2434 quidem,
1565 2362 1710 2432 quod
1733 2360 1950 2415 etiamsi

374 2461 649 2534 quidpiam
687 2474 718 2513 a
753 2457 912 2513 nobis
937 2455 1227 2511 rotundum
1257 2454 1623 2523 conspiciatur
1648 2451 1950 2507 secundum

374 2557 647 2611 internam
673 2547 1096 2613 convexitatem,
1127 2559 1467 2615 nequaquam
1500 2558 1723 2604 necesse
1752 2543 1825 2599 sit
1854 2557 1949 2596 ex-

371 2660 532 2706 terna
570 2645 735 2701 etiam
790 2638 1081 2711 superﬁcie
1118 2638 1186 2695 ad
1228 2638 1450 2709 spherae
1498 2636 1715 2692 modum
1763 2633 1948 2690 confe-

373 2752 518 2799 ctum
548 2740 737 2805 fuisse,
783 2744 876 2791 aut
916 2743 1087 2790 totum
1133 2746 1253 2789 esse
1296 2728 1534 2801 perfecte
1575 2728 1842 2792 tornatile,
1886 2740 1950 2781 ac

369 2837 533 2908 plane
562 2841 618 2888 et
637 2828 975 2901 aequabiliter
1003 2825 1433 2920 circumductum
1452 2841 1477 2920 ἰ
1509 2820 1944 2920 quandoquidem
1971 2862 2014 2920 Ο

370 2925 580 2994 lapidea
604 2921 920 2979 balneorum
951 2926 1113 2984 tecta,
1152 2924 1208 2972 et
1228 2917 1424 2971 mdium
1452 2913 1506 2970 in
1533 2913 1677 2969 antri
1707 2912 1944 2983 speciem

371 3015 759 3073 aediﬁcatarum
795 3020 1101 3069 structuras
1132 3009 1418 3074 videmus;
1460 3021 1580 3075 quae
1606 3005 1737 3060 licet
1771 3004 1827 3059 in
1859 3017 1947 3059 se-

370 3108 636 3166 micirculi
662 3106 893 3161 formam
922 3118 989 3158 ex
1020 3110 1174 3173 parte
1204 3099 1401 3155 interni
1430 3106 1680 3167 aspectus
1711 3095 1946 3151 circum—

370 3204 659 3265 ducantur,
683 3212 825 3268 saepe
851 3205 1030 3250 tamen
1057 3195 1111 3247 in
1143 3190 1514 3261 superioribus
1544 3188 1670 3244 tecti
1697 3186 1944 3257 partibus

370 3294 544 3349 levem
577 3306 642 3346 ac
684 3290 897 3360 planam
931 3286 1129 3341 habent
1162 3282 1525 3354 superﬁciem.
1562 3281 1749 3350 Neque
1777 3280 1943 3350 igitur

369 3386 531 3456 hujus
572 3384 646 3438 rei
678 3381 852 3453 gratia
884 3382 1157 3435 facessant
1191 3377 1403 3447 negotia
1432 3377 1534 3430 sibi
1576 3375 1728 3444 ipsis,
1765 3388 1943 3443 neque

369 3476 528 3530 nobis
558 3474 873 3539 exhibeant,
903 3472 1055 3540 quasi
1088 3485 1281 3538 aquam
1326 3470 1378 3522 in
1413 3467 1666 3537 supernis
1690 3466 1939 3536 partibus

366 3567 612 3622 detinere
655 3579 757 3618 non
801 3564 1099 3618 valeamus.
1143 3562 1493 3630 Consequens
1539 3569 1719 3614 autem
1777 3557 1942 3612 fuerit

366 3659 567 3721 dicere,
594 3672 712 3726 qua:
740 3656 811 3709 sit
838 3664 1030 3709 natura
1068 3654 1417 3716 ﬁrmamenti,
1445 3662 1501 3706 et
1528 3653 1596 3706 ob
1621 3667 1782 3721 quam
1808 3665 1939 3704 cau-

365 3762 482 3800 sam
508 3746 655 3812 jussa
681 3745 750 3797 sit
778 3744 1008 3797 medium
1037 3742 1324 3810 quemdam
1356 3742 1497 3795 inter
1530 3754 1726 3809 aquam
1761 3738 1936 3793 locum

363 3838 633 3893 obtinere.
670 3836 818 3889 Solet
855 3834 1139 3899 Scriptura
1176 3834 1228 3887 in
1278 3832 1346 3886 iis
1392 3832 1550 3885 rebus
1583 3845 1702 3900 quae
1746 3832 1938 3883 robore

366 3944 431 3982 ac
463 3928 669 3981 viribus
695 3925 1028 3995 praepollent,
1062 3939 1256 3978 nomen
1284 3922 1608 3978 ﬁrmamenti
1634 3933 1893 3988 usurpare
1918 3935 1932 3972 :

363 4018 512 4072 velut
550 4033 670 4072 cum
707 4018 839 4071 dicit
871 4038 882 4072 :
923 4015 1176 4068 Dominus
1213 4015 1600 4084 ﬁrmamentum
1657 4029 1848 4073 meum,
1886 4019 1938 4063 et

364 4110 629 4180 refugium
673 4126 844 4163 meum
888 4108 966 4174 ⁸⁰;
1016 4117 1069 4162 et
1101 4125 1113 4160 :
1141 4106 1252 4177 Ego
1298 4108 1607 4175 conﬁrmavi
1660 4104 1932 4157 columnas

2128 1358 2181 1412 4.
2202 1359 2310 1413 Καὶ
2340 1355 2510 1413 εἶπεν
2530 1362 2562 1412 ὁ
2585 1360 2748 1423 Θεός·
2766 1356 3080 1425 Γενηθήτω
3100 1354 3213 1427 (95)
3240 1357 3546 1427 στερέωμα
3573 1357 3648 1412 ἐν

2051 1450 2220 1519 μέσῳ
2246 1451 2351 1503 τοῦ
2372 1450 2609 1515 ὕδατος,
2634 1453 2729 1503 καὶ
2755 1450 2908 1502 ἔστω
2930 1446 3272 1517 διαχωρίζΟν
3295 1447 3413 1501 ἀνὰ
3439 1448 3645 1517 μέσον

1983 1521 2028 1581 Β
2056 1541 2275 1604 ὕδατος
2298 1542 2397 1594 καὶ
2437 1541 2671 1606 ὕδατος.
2708 1542 2815 1595 Καὶ
2841 1542 3130 1608 ἐποίησεν
3162 1545 3194 1595 ό
3219 1541 3363 1606 Θεὸς
3392 1542 3461 1595 τὸ
3491 1559 3640 1598 στε-

2049 1633 2274 1702 ρέωμα·
2318 1632 2415 1685 καὶ
2454 1632 2805 1701 διεχώρισεν
2839 1636 2872 1687 ό
2930 1633 3076 1699 Θεὸς
3124 1633 3241 1687 ἀνὰ
3276 1633 3473 1702 μέσον
3527 1636 3642 1691 τοῦ

2055 1723 2273 1789 ὕδατος
2306 1723 2336 1776 ὃ
2369 1720 2447 1792 ἦν
2478 1725 2755 1777 ὑποκάτω
2782 1724 2887 1778 τοῦ
2933 1724 3356 1794 στερεώματος,
3388 1728 3487 1780 καὶ
3516 1728 3642 1782 ἀνὰ

2048 1814 2243 1885 μέσον
2274 1816 2379 1869 τοῦ
2412 1816 2629 1881 ὕδατος
2669 1816 2776 1869 τοῦ
2820 1815 3021 1869 ἐπάνω
3054 1816 3157 1870 τοῦ
3202 1817 3636 1887 στερεώματος.

2054 1908 2163 1959 Καὶ
2196 1909 2299 1979 πρό
2326 1924 2386 1976 γε
2420 1907 2514 1961 τοῦ
2558 1907 2794 1975 ἅψασθαι
2834 1907 2935 1978 τῆς
2975 1907 3212 1972 διανοίας
3246 1909 3353 1962 τῶν
3384 1927 3640 1980 γεγραμ-

2057 1998 2252 2068 μένων,
2289 1998 2637 2070 πειραθῶμεν
2665 1999 2726 2051 τὸ
2759 1999 2909 2069 παρὰ
2934 1999 3042 2052 τῶν
3066 1999 3240 2053 ἄλλων
3264 2002 3639 2071 ἀντεπαγόμε-

2052 2106 2141 2145 νον
2169 2089 2436 2142 διαλῦσαι.
2481 2089 2755 2159 Ἐρωτῶσι
2801 2089 2911 2161 γὰρ
2937 2092 3115 2161 ἡμᾶς,
3146 2092 3194 2142 εί
3219 2092 3507 2162 σφαιρικὸν
3535 2093 3637 2162 μὲν

2051 2181 2112 2234 τὸ
2154 2180 2313 2252 σῶμα
2338 2180 2431 2233 τοῦ
2474 2180 2884 2252 στερεώματος,
2921 2183 2997 2245 ὡς
3042 2183 3074 2252 ἡ
3107 2182 3228 2252 ὄψις
3268 2182 3437 2253 δηλοῖ,
3471 2184 3638 2254 ῥυτὸν

2051 2272 2108 2326 δὲ
2124 2274 2185 2326 τὸ
2213 2273 2356 2344 ὕδωρ
2384 2275 2478 2327 καὶ
2507 2274 2937 2344 περιολισθαῖνον
2967 2278 3080 2338 τοῖς
3121 2275 3374 2345 ὑψηλοῖς,
3418 2275 3539 2340 πῶς
3568 2277 3638 2331 ἂν

2051 2364 2277 2436 ἐδυνήθη
2297 2364 2403 2436 (96)
2422 2366 2512 2419 ἐπὶ
2521 2368 2620 2437 τῆς
2630 2383 2696 2419 κυ
2705 2367 2833 2436 ρτῆς
2847 2367 3196 2437 περιφερείας
3209 2366 3302 2419 τοῦ
3320 2367 3639 2439 περεώμα-

2049 2473 2140 2520 τος
2164 2456 2509 2528 ἱδρυνθῆναις
2548 2458 2619 2509 Τι’
2638 2457 2701 2528 δὴ
2730 2458 2866 2527 πρὸς
2893 2458 3051 2511 τοῦτο
3081 2457 3348 2530 έροῦμεν;
3377 2460 3498 2511 Ὀτι
3537 2459 3637 2529 μάν

2051 2547 2207 2601 λιστα
2248 2548 2344 2619 μὲν
2377 2548 2496 2611 οῦκ,
2547 2549 2600 2601 εῐ
2622 2566 2674 2602 τι
2704 2549 2842 2619 πρὸς
2879 2551 3026 2620 ἡμᾶς
3070 2549 3396 2622 κυκλοτερὲς
3437 2553 3636 2622 ὁρᾶται

2050 2638 2190 2693 κατὰ
2236 2639 2337 2710 τὴν
2382 2638 2530 2693 ἔνδον
2565 2641 2883 2713 κοιλότητα,
2919 2640 3079 2694 τοῦτο
3129 2642 3342 2714 ἀνάγκη
3395 2644 3489 2696 καὶ
3531 2644 3634 2715 τὴν

2051 2730 2245 2796 ἔξωθεν
2258 2733 2577 2801 ἐπιφάνειαν
2596 2734 2705 2802 (97)
2722 2735 3022 2807 σφαιρικῶς
3034 2735 3385 2805 ἁπηρτίσθαι,
3400 2736 3496 2791 καὶ
3511 2736 3605 2791 ὀλο
3616 2765 3636 2789 ο

2050 2822 2293 2893 ἀκριϐῶς
2318 2822 2563 2895 ἔντορνον
2587 2820 2725 2878 εἶναι
2754 2826 2849 2879 καὶ
2876 2826 3037 2890 λείως
3061 2828 3457 2897 περιηγμένον·
3492 2831 3635 2883 ὅπου

2049 2931 2113 2984 γρ
2138 2914 2353 2987 ὁρῶμεν
2382 2917 2490 2969 τῶν
2515 2933 2575 2968 τε
2600 2916 2839 2989 λουτρῶν
2865 2918 2992 2982 τοὺς
3023 2918 3256 2983 λιθίνους
3277 2920 3511 2991 ὀρόφους
3539 2922 3638 2974 καὶ

2047 3006 2145 3070 τὰς
2180 3007 2289 3059 τῶν
2325 3008 2612 3079 ἀντρωδῶν
2660 3010 3108 3080 οἰκοδομημάτων
3165 3013 3511 3075 κατασκευὰς
3531 3053 3547 3074 ,
3598 3013 3637 3067 δ

2046 3099 2187 3153 κατὰ
2217 3099 2315 3171 τὴν
2352 3100 2498 3153 ἔνδον
2548 3100 2670 3170 ὄψιν
2713 3102 2793 3164 εἰς
2830 3101 3155 3173 ἡμικύκλιον
3225 3101 3414 3174 σχῆμα
3474 3122 3636 3176 περι-

2047 3192 2281 3263 ηγμένα,
2301 3193 2360 3246 ὲν
2387 3195 2498 3256 τοῖς
2518 3192 2632 3247 ἄνω
2652 3193 2746 3247 τοῦ
2762 3194 2956 3261 τέγους
2989 3193 3098 3264 (98)
3121 3193 3330 3265 ὁμαλὴν
3357 3194 3473 3264 ἔχει
3508 3195 3635 3250 πολι

2044 3284 2200 3350 λάκις
2233 3287 2332 3357 τὴν
2380 3287 2719 3356 ἐπιφάνειαν.
2752 3287 2915 3339 Ὥστε
2946 3285 3138 3340 τούτου
3188 3302 3253 3355 γε
3291 3286 3454 3341 ἕνεκα
3490 3290 3633 3358 μήτε

2044 3378 2198 3430 αὐτοὶ¹
2230 3379 2504 3449 ἐχέτωσαν
2539 3380 2859 3451 πράγματα,
2891 3380 3028 3450 μήτε
3056 3380 3188 3449 ἡμῖν
3211 3380 3630 3450 παρεχέτωσαν,

2042 3468 2118 3530 ὡς
2152 3468 2211 3520 οὐ
2253 3468 2571 3539 δυναμένοις
2614 3469 2676 3522 τὸ
2713 3467 2858 3539 ὕδωρ
2908 3472 3203 3539 κατασχεῖν
3243 3470 3301 3523 ἐν
3348 3472 3465 3533 τοῖς
3490 3471 3629 3524 ἄνω.

2054 3559 2208 3630 Ἑξῆς
2234 3560 2277 3612 δ’
2299 3560 2366 3614 ἂν
2390 3560 2476 3632 εἴη
2504 3561 2705 3630 λέγειν,
2736 3561 2820 3624 τίς
2844 3563 2877 3631 ἡ
2915 3560 3072 3630 φύσις
3099 3560 3194 3615 τοῦ
3223 3561 3629 3633 στερεώματος,

2041 3652 2136 3706 καὶ
2156 3652 2243 3706 διὰ
2268 3654 2387 3706 τίνα
2421 3654 2600 3707 αἰτίαν
2634 3653 2937 3723 μεσιτεύειν
2967 3653 3171 3724 ἐτάχθη
3195 3653 3273 3724 τῷ
3299 3654 3454 3708 ὕδατι
3486 3655 3631 3725 (99).

2040 3745 2113 3797 Τὸ
2168 3742 2262 3798 τοῦ
2296 3744 2668 3816 στερεώματος
2711 3744 2880 3815 ὄνομα
2927 3743 3156 3815 σύνηθες
3189 3747 3257 3816 τῇ
3307 3745 3497 3817 Γραφῇ
3530 3747 3632 3799 ἐπὶ

2038 3836 2146 3888 τῶν
2173 3838 2288 3889 κατ’
2327 3838 2477 3906 ίσχὺν
2501 3835 2946 3907 ὑπερϐαλλόντων
2972 3837 3195 3890 τάσσειν
3220 3854 3233 3866 ·
3262 3836 3338 3899 ὡς
3372 3837 3501 3890 ὅταν
3534 3839 3631 3891 λέ-

2037 3945 2141 4001 γῃ’
2170 3930 2383 3996 Κύριος
2425 3927 2728 3998 στερέωμά
2771 3946 2892 3997 μου
2953 3928 3054 3983 καὶ
3105 3928 3421 3999 καταφυγή
3461 3946 3587 3998 μου
3611 3949 3625 3959 ν

2037 4019 2151 4082 καὶ,
2194 4018 2335 4087 Ἐγὼ
2369 4019 2707 4087 ἐστερέωσα
2744 4018 2888 4084 τοὺς
2926 4019 3199 4085 στύλους
3249 4016 3440 4085 αὐτῆς
3467 4033 3480 4044 ’
3527 4021 3630 4073 καὶ

2035 4111 2116 4174 τὸ,
2143 4111 2368 4165 Αἰνεῖτε
2394 4112 2581 4166 αὑτὸν
2600 4114 2669 4165 ἐν
2693 4109 3049 4180 στερεώματι
3077 4110 3387 4181 δυνάμεως
3408 4111 3624 4166 αὑτοῦ.

359 4202 477 4269 ejus
507 4201 547 4232 δ’
567 4219 582 4268 ;
602 4210 655 4255 et
682 4201 808 4254 illud
834 4218 848 4254 :
881 4199 1116 4253 Laudute
1136 4217 1254 4255 eum
1282 4200 1337 4252 in
1368 4198 1699 4267 ﬁrmamento
1726 4196 1931 4250 uirtutis

2044 4207 2100 4258 Οἱ
2129 4205 2355 4276 μὲνγὰρ
2385 4203 2580 4269 ἔξωθεν
2611 4205 2828 4275 στερεὸν
2850 4205 3067 4274 λέγουσι
3094 4203 3255 4275 σῶμα
3286 4204 3348 4257 τὸ
3390 4198 3502 4257 οἷον
3532 4223 3630 4259 να-

360 4298 477 4365 ejus
514 4296 581 4353 ".
628 4296 693 4349 Et
737 4295 951 4364 quidem
989 4296 1292 4364 philosophi
1349 4296 1451 4349 hoc
1499 4309 1697 4362 corpus
1747 4293 1931 4347 dicunt

364 4393 599 4454 tinuum,
637 4389 777 4458 quod
820 4392 975 4458 quasi
1024 4389 1253 4441 solidum
1292 4397 1377 4441 est
1406 4395 1460 4440 et
1496 4388 1736 4457 plenum,
1785 4386 1929 4454 quod

360 4480 432 4533 ita
467 4480 788 4549 appellatur,
838 4487 897 4532 ut
935 4494 964 4530 a
1007 4478 1386 4532 mathematico
1416 4478 1796 4547 distinguatur.
1835 4476 1929 4530 Est

358 4582 537 4627 autem
576 4572 1039 4637 mathematicum,
1080 4572 1222 4639 quod
1272 4571 1323 4624 in
1373 4571 1503 4626 solis
1549 4570 1797 4624 consistit
1844 4569 1927 4623 di-

451 4751 473 4781 ’
508 4749 642 4805 Gen.
672 4765 713 4813 1,
736 4748 791 4814 6,
822 4748 874 4803 7.
918 4748 961 4780 ‘°
987 4747 1129 4803 Psal.
1155 4764 1283 4815 xm,
1310 4751 1363 4805 5.
1404 4750 1446 4780 “
1480 4748 1622 4804 Psal.
1658 4766 1839 4814 LXXIV,
1868 4751 1921 4805 4.

428 4912 538 4977 (94)
566 4910 644 4964 Ita
682 4924 813 4965 mss.
840 4912 1041 4979 plures.
1079 4911 1238 4965 Deest
1261 4909 1353 4964 καί
1388 4911 1439 4963 in
1465 4911 1642 4963 editis.

429 4982 542 5053 (95)
567 4980 657 5036 Sic
693 4997 821 5036 mss.
878 4982 1121 5053 plerique
1151 4996 1339 5053 omnes
1389 4994 1509 5053 cum
1544 4995 1702 5053 sacro
1738 4990 1920 5053 textu.

358 5048 700 5123 Haécrerba,
733 5055 827 5104 καὶ
872 5051 1013 5105 έστω
1037 5051 1360 5123 διαχωρίζον
1393 5048 1496 5123 ἀνὰ
1536 5049 1700 5120 μέσον
1736 5050 1927 5114 ὕδατος

358 5124 450 5177 καὶ
479 5122 693 5186 ὓδατος,
728 5123 1106 5176 desiderantur
1140 5138 1191 5173 ιιι
1216 5122 1478 5187 vulgatis.

393 5192 550 5314 δα)ἓέ
566 5191 696 5263 Reg.
727 5194 933 5260 primus
956 5190 1074 5255 πῶς
1100 5190 1167 5245 ἂν
1187 5189 1462 5263 δυνηθείη.
1496 5188 1629 5260 Reg.
1653 5203 1839 5246 sextus
1861 5191 1926 5245 ἂν

420 5280 481 5314 υν
554 5278 608 5314 τι.

390 5276 587 5315 ουνῇυη
597 5302 608 5314 .

366 5263 724 5401 ἢωὲἔξξτξοιὺ.
775 5333 985 5403 primus
1018 5329 1217 5395 ἔξωθεν
1250 5328 1627 5402 περιφέρειαν,
1652 5341 1926 5386 externam

365 5402 853 5470 :ircumferentiam.

425 5470 535 5541 (98)
556 5469 813 5526 Nonnulli
851 5487 984 5527 mss.
1011 5472 1105 5526 τοῦ
1135 5471 1377 5540 στέγους.
1411 5469 1534 5541 Mox
1567 5487 1697 5529 mss.
1731 5473 1922 5528 τούτου

367 5555 417 5606 τε
450 5541 653 5612 ἕνεκεν.
697 5542 872 5598 Editio
904 5543 1074 5599 Paris.
1114 5544 1298 5598 ἕνεκα.
1351 5540 1503 5596 υοιι).
1559 5545 1767 5612 primus
1793 5543 1919 5596 τού-

366 5624 463 5660 των
484 5626 547 5676 γε
569 5609 770 5664 ἕνεκεν.

424 5678 714 5758 ςθξὶχίξωρ.
745 5681 954 5758 primus
986 5683 1048 5736 τὸ
1081 5682 1245 5754 ὕδωρ.

428 5746 631 5816 (υθιε
663 5746 815 5819 Regii
869 5754 1095 5823 primus,
1148 5746 1361 5823 tertius,
1415 5764 1666 5826 quartus,
1694 5755 1917 5825 quintus

2037 4296 2160 4349 στὸν
2189 4298 2282 4349 καὶ
2318 4297 2542 4368 πλῆρες,
2571 4298 2599 4350 ὃ
2633 4298 2768 4368 πρὸς
2802 4297 3209 4367 ἀντιδιαστολὴν
3237 4296 3333 4349 τοῦ
3364 4296 3631 4367 μαθημα-

2036 4388 2187 4441 τικοῦ
2222 4388 2459 4457 λέγεται.
2502 4388 2657 4441 Ἐστι
2699 4389 2757 4442 δὲ
2808 4389 2870 4442 τὺ
2917 4389 3014 4459 μὲν
3049 4388 3435 4460 μαθηματικὸν
3473 4388 3538 4442 τὸ
3567 4391 3630 4442 ὲν

2038 4481 2224 4549 μόναις
2258 4483 2377 4544 ταῖς
2402 4480 2712 4535 διαστάσεσι
2747 4480 2808 4533 τὸ
2843 4476 2982 4534 εἶναι
3012 4480 3166 4551 ἔχον,
3207 4482 3267 4533 ὲν
3299 4479 3379 4551 τῷ
3401 4480 3625 4544 πλάτει,

2033 4570 2175 4639 λέγω
2196 4572 2286 4624 καὶ
2316 4571 2395 4642 τῷ
2421 4572 2594 4641 βάθει,
2631 4573 2724 4626 καὶ
2754 4571 2832 4643 τῷ
2870 4571 2994 4642 ὕψει
3018 4574 3094 4644 (1)
3113 4593 3126 4605 ·
3157 4574 3219 4626 τὸ
3255 4573 3313 4627 δὲ
3345 4574 3571 4645 στερεὸν
3597 4574 3630 4627 δ

2000 4751 2044 4783 ι’
2070 4749 2208 4806 Psal.
2234 4766 2318 4817 αι..
2359 4753 2411 4807 1.

2037 4922 2091 4966 et
2121 4923 2304 4967 sextus
2338 4928 2459 4967 cum
2492 4912 2644 4967 Colb.
2679 4912 2921 4983 secundo
2946 4923 3000 4968 et
3028 4930 3152 4969 cum
3189 4924 3421 4983 utroque
3445 4916 3623 4972 Coisl.

2030 4983 2396 5055 EditioBasil.
2436 4984 2494 5036 έν
2533 4983 2611 5053 τῷ
2642 4982 2835 5055 πλάτει
2862 4982 3029 5052 λέγω,
3085 4985 3181 5038 καὶ
3229 4983 3308 5055 τῷ
3336 4982 3491 5055 ὕψει,
3526 4992 3631 5046 καὶ

2027 5052 2106 5123 τῷ
2138 5052 2290 5122 βάθει
2324 5069 2336 5104 :
2363 5056 2560 5121 quibus
2586 5052 2831 5107 ’vocibus
2871 5056 3217 5123 percelebres
3250 5052 3363 5110 tres
3390 5052 3624 5114 dimen-

2030 5124 2864 5196 sionesi_nte|liguntur,_latum,
2899 5125 3227 5196 profundum
3256 5134 3313 5179 et
3359 5126 3612 5196 longum.

2030 5192 2169 5265 Nam
2206 5192 2367 5262 βάθος
2404 5195 2491 5247 hic
2524 5194 2663 5265 stulti
2714 5194 2926 5248 videtur
2968 5209 3067 5265 pro
3104 5192 3315 5265 μῆκος,
3357 5192 3483 5253 ιιοέ
3506 5210 3619 5264 est,

2031 5277 2129 5331 pro
2159 5263 2510 5333 lungitudinc.
2544 5263 2607 5315 Et
2639 5278 2766 5334 vero
2795 5265 2954 5318 docet
2992 5263 3243 5334 Budleus,
3293 5263 3463 5334 βάθος
3492 5263 3622 5322 alti;

2033 5332 2579 5408 tudinem_dici,_quae
2617 5332 2850 5408 refertur
2877 5334 2944 5408 ad
2968 5334 3028 5387 τὸ
3066 5332 3445 5408 μῆκοςτμίιεεε
3478 5337 3621 5392 The-

2030 5402 2493 5476 saurumllenrici
2534 5403 2807 5476 Stephani
2855 5405 2919 5458 ad
2972 5402 3159 5476 vocem
3201 5402 3404 5476 βάθοςῖ
3429 5408 3618 5465 Editio

2024 5469 2199 5551 Daris.
2235 5474 2311 5551 Δὲν
2332 5472 2438 5551 ,τῷ
2493 5472 2685 5551 πλάτει
2730 5471 2873 5542 λέγω
2893 5544 2905 5551 _
2927 5475 3039 5551 xui
3070 5473 3146 5544 τῷ
3202 5469 3379 5551 μήκει
3414 5478 3514 5531 καὶ

2026 5542 2201 5612 βάθει.
2227 5542 2436 5609 Optime
2463 5545 2680 5610 quidem
2738 5559 2752 5595 :
2809 5544 2905 5599 sed
2939 5542 3325 5600 codex‘nullus
3369 5548 3496 5601 huic
3541 5542 3619 5605 l6—

2023 5611 2187 5668 Ctioni
2224 5613 2570 5682 snﬁ‘ragatur.
2620 5611 2778 5669 Unde
2805 5617 3121 5684 typographi
3158 5614 3497 5672 Parisienses
3529 5622 3616 5676 sic

2022 5686 2307 5739 exeudisse
2357 5684 2607 5737 videntur
2637 5697 2739 5735 non
2772 5698 2839 5736 ex
2892 5684 2997 5739 ﬁde
3036 5687 3284 5739 codicum
3315 5704 3472 5749 mss.,
3514 5692 3613 5742 sed

2023 5754 2089 5810 de
2120 5769 2237 5811 suo.
2273 5752 2406 5811 Nolo
2440 5764 2619 5810 tamen
2641 5766 2733 5809 eos
2757 5751 2965 5811 fraudis
2995 5766 3281 5813 accusatos
3317 5768 3412 5813 aut
3452 5759 3613 5814 falla-
