3846 6218
223 373 306 426 ³61
1375 365 1662 421 HOMILIA
1700 363 1772 418 ΠΙ
1812 363 1828 417 1

1944 363 2425 419 IEXAEMERON.
3432 369 3502 424 62

241 486 384 558 πρὸς
407 486 517 546 τοῖς
539 483 872 553 διαστήμασι
896 498 992 534 και
1017 482 1114 552 τὴν
1141 481 1460 534 ἀντιτυπίαν
1487 481 1619 552 ἔχει.
1655 481 1732 551 Τῇ
1772 481 1829 533 δὲ

1944 481 2333 546 mensionibus,
2367 481 2420 535 in
2447 480 2752 546 latitudine,
2782 482 3024 552 inquam,
3051 497 3115 537 ac
3137 483 3502 552 profunditate

239 577 433 651 Γραφῇ
469 573 697 645 σύνηθες
728 574 790 626 τὸ
825 573 1082 644 κραταιὸν
1119 573 1212 625 κα)¹
1237 572 1512 625 άνένδοτον
1542 573 1824 645 στερέωμα

239 668 442 737 λέγειν,
467 665 542 728 ὡς
563 663 657 718 καὶ
687 663 779 716 ἐπὶ
817 663 980 734 ἀέρος
1013 662 1275 726 πολλάκις
1305 662 1826 726 καταπυκνωθέντος

237 762 311 832 τῇ
346 759 496 827 φωνῇ
535 755 708 828 ταύτῃ
749 755 1048 826 κεχρῆσθαι
1071 770 1082 782 ’
1120 755 1196 818 ὡς
1228 756 1356 808 ὅταν
1383 754 1513 827 λέγῃ
1534 771 1548 785 ·
1595 755 1656 807 ὀ
1688 771 1825 806 στε-

233 848 398 919 ρεῶν
419 845 710 916 βροντήν.
745 845 854 915 Τὴν
885 843 994 915 γὰρ
1029 845 1360 916 στερρότητα
1389 845 1483 898 καὶ
1509 843 1826 897 ἀντιτυπίαν

239 942 339 996 τοῦ
383 939 691 1010 πνεύματος
727 937 822 992 τοῦ
871 935 1448 1008 ὲναπολαμϐανομένου
1490 939 1606 998 ταῖς
1655 935 1828 988 κοιλό-

238 1052 370 1105 τησι
399 1033 506 1086 τῶν
533 1031 711 1102 νεφῶν
741 1031 842 1102 (‘2),
883 1032 978 1084 καὶ
1015 1030 1102 1083 διὰ
1139 1031 1198 1083 τὸ
1236 1030 1424 1100 βιαίως
1463 1029 1826 1100 ὲκρήγνυσθαι

241 1126 374 1189 τοὺς
395 1123 538 1178 κατὰ
557 1123 656 1187 τὰς
681 1122 910 1194 βροντὰς
936 1121 1322 1184 ὰποτελοῦντος
1345 1121 1570 1190 ψόφους,
1601 1119 1829 1190 στερέω-

243 1235 333 1270 σιν
363 1215 592 1286 βροντῆς
623 1217 657 1285 ἡ
688 1213 880 1286 Γραφὴ
916 1213 1346 1285 προσηγόρευσε.
1384 1213 1495 1266 Καὶ
1531 1211 1626 1266 νῦν
1655 1212 1828 1266 τοίνυν

241 1305 527 1379 ἡγούμεθα
578 1305 671 1358 ἐπί
719 1322 865 1368 τινος
913 1306 1144 1375 στερρἄ
1190 1303 1404 1373 φύσεως
1457 1304 1667 1372 στέγειν
1733 1303 1827 1356 τοῦ
1883 1317 1890 1324 ·

245 1399 438 1462 ὓδατος
470 1396 530 1450 τὸ
565 1395 848 1467 ὀλισθηρὸν
893 1396 988 1448 καὶ
1012 1395 1322 1448 εὐδιάλυτον
1358 1395 1429 1466 (5)
1470 1394 1825 1466 ὲξαρκούσης,

242 1492 344 1561 τὴν
373 1489 556 1559 φωνὴν
604 1486 804 1557 ταύτην
848 1486 1124 1556 τετάχθαι.
1175 1487 1366 1538 Καὶοὺ
1415 1487 1615 1554 δήπου,
1646 1487 1829 1558 ἐπειδὴ

241 1581 391 1636 κατὰ
417 1581 516 1651 τὴν
549 1578 732 1651 κοινὴν
763 1578 988 1650 ἐκδοχὴν
1011 1579 1076 1631 ἐκ
1103 1577 1197 1630 τοῦ
1223 1576 1412 1642 ὓδατος
1433 1579 1578 1632 δοκεῖ
1609 1580 1706 1651 τὴν
1749 1579 1832 1647 γέ-

241 1691 394 1728 νεσιν
441 1673 750 1744 ἐσχηκέναι,
791 1671 824 1742 ἢ
873 1671 1026 1724 ὕδατι
1078 1671 1348 1740 πεπηγότι
1395 1671 1635 1741 ἐμφερὲς
1693 1667 1830 1724 εἶναι

243 1765 515 1837 προσήκει
561 1763 822 1834 νομίζειν,
870 1763 904 1833 ἦ
940 1779 1046 1814 τινι
1084 1761 1310 1833 τοιαύτῃ
1353 1761 1452 1834 ὕλῃ
1501 1763 1564 1814 ὲκ
1607 1763 1704 1833 τῆς
1736 1761 1828 1814 τοῦ

245 1857 418 1929 ὑγροῦ
444 1856 746 1928 διηθήσεως
769 1855 867 1926 τὴν
897 1853 1069 1925 ἀρχὴν
1095 1853 1472 1925 λαμϐανούσῃ,
1503 1855 1662 1907 ὁποία
1683 1855 1830 1906 ἐστὶν

245 1951 282 2021 ἧ
317 1967 376 2004 τε
419 1948 513 2002 τοῦ
565 1947 903 2020 κρυστάλλου
947 1945 1136 2011 λίθου,
1166 1946 1225 1999 ὃν
1275 1945 1341 1998 δι’
1390 1945 1832 2016 ὑπερϐάλλουσαν

244 2041 343 2096 τοῦ
376 2041 567 2105 ὓδατος
597 2039 761 2111 πῆξιν
796 2037 1208 2110 μεταποιεῖσθαί
1236 2054 1422 2106 φασιν,
1450 2038 1483 2108 ἢ
1513 2041 1544 2108 ἠ
1581 2038 1676 2091 τοῦ
1705 2039 1835 2092 σπέ-

243 2134 379 2190 κλου
402 2133 563 2203 φύσις
597 2131 672 2204 (4)
717 2134 776 2184 ὲν
828 2129 1110 2202 μετάλλοις
1138 2128 1525 2200 συνισταμένη.
1567 2128 1728 2192 Λίθος
1776 2129 1834 2182 δέ

241 2227 365 2281 ἐστι
389 2223 646 2295 διαυγὴς,
680 2223 986 2287 ἰδιάζουσαν
1015 2222 1107 2274 καὶ
1149 2219 1546 2292 καθαρωτάτην
1585 2220 1685 2292 τὴν
1715 2221 1834 2274 δια-

243 2319 473 2389 φάνειαν
499 2315 854 2386 κεκτημένος,
886 2314 964 2378 ὃς,
992 2313 1087 2367 ἐὰν
1133 2313 1276 2367 κατὰ
1303 2312 1400 2384 τὴν
1437 2311 1632 2366 ἑαυτοῦ
1674 2313 1835 2383 φύσιν

243 2409 483 2481 ἀκριϐὴς
507 2407 725 2479 εὑρεθῇ,
766 2407 903 2478 μήτε
936 2405 1394 2475 κατεδηδεσμένος
1425 2405 1678 2477 σηπεδόνι
1707 2406 1833 2469 τινὶ,

250 2503 391 2574 μήτε
419 2501 480 2553 τὸ
504 2499 666 2571 βάθος
693 2497 1108 2569 ὑπερῤηγμένος
1137 2499 1256 2560 ταῖς
1287 2495 1571 2566 διαφύσεσι
1595 2537 1609 2560 ,
1637 2496 1836 2568 μικροῦ

245 2593 330 2664 τῷ
357 2593 478 2664 ἀέρι
506 2592 604 2664 τὴν
631 2589 906 2658 διαύγειαν
948 2588 1142 2642 ἔοικεν.
1171 2589 1359 2642 Οὐδενὶ
1395 2583 1488 2643 οὖν
1527 2588 1729 2643 τούτων
1761 2592 1839 2643 εἰ-

249 2683 493 2756 κάζομεν
535 2683 598 2736 τὸ
645 2683 953 2755 στερέωμα.
995 2681 1258 2752 Παιδικῆς
1295 2680 1405 2751 γὰρ
1451 2680 1529 2752 τῷ
1583 2682 1694 2735 ὅντι
1744 2681 1838 2735 καὶ

249 2777 432 2848 ἁπλῆς
462 2775 702 2840 διανοίας
731 2774 986 2837 τοιαύτας
1007 2774 1152 2845 ἔχειν
1173 2773 1431 2844 περὶτῶν
1461 2776 1726 2846 οὐρανίων
1759 2775 1835 2846 (5)

247 2869 351 2933 τὰς
376 2867 692 2940 ὑπολήψεις.
715 2867 789 2920 Οὐ
819 2866 925 2937 μὴν
953 2865 1075 2919 οὑδὲ
1104 2867 1152 2918 εἰ
1182 2866 1362 2919 πάντα
1385 2869 1442 2922 ὲν
1474 2866 1676 2920 ἅπασίν
1697 2869 1835 2931 ἐστι,

247 2961 366 3032 πῦρ
398 2964 494 3033 μὲν
515 2964 572 3016 ὲν
593 2965 683 3034 γῇ,
714 2961 821 3034 ἀὴρ
845 2961 902 3014 δὲ
929 2963 986 3014 ὲν
1011 2959 1180 3021 ὕδατι,
1207 2961 1301 3014 καὶ
1324 2961 1429 3014 τῶν
1461 2961 1636 3016 ἄλλων
1659 2963 1838 3016 ὡσαύ-

246 3071 362 3116 τως
381 3056 438 3108 ὲν
463 3054 633 3126 ἑτέρῳ
651 3054 716 3106 τὸ
739 3054 924 3126 ἕτερον
942 3070 955 3083 ·
985 3051 1078 3105 καὶ
1103 3052 1269 3123 μηδὲν
1301 3054 1408 3108 τῶν
1437 3055 1687 3126 αἰσθήσει
1716 3056 1841 3108 ὑπο-

247 3149 560 3203 πιπτόντων
601 3147 878 3218 στοιχείων
925 3145 1213 3215 είλικρινές
1265 3148 1380 3198 ἐστι
1427 3147 1522 3200 καὶ
1562 3147 1759 3218 ἀμιγὲς
1803 3147 1837 3217 ἢ
1867 3167 1910 3226 ρ

243 3243 352 3313 τῆς
381 3242 515 3313 πρὸς
547 3241 608 3293 τὺ
643 3241 825 3310 μέσον,
860 3239 1016 3310 ἢτῆς
1040 3244 1177 3310 πρὸς
1212 3239 1273 3291 τὸ
1307 3239 1682 3310 ἀντικείμενον
1726 3257 1842 3293 κοι-

247 3335 482 3397 νωνίας·
525 3334 712 3387 τούτου
747 3334 930 3387 ἕνεκεν
961 3333 1369 3404 καταδεχόμεθα
1401 3332 1464 3386 τὸ
1501 3333 1838 3404 στερέωμαῆ

249 3427 316 3492 ἐξ
365 3427 481 3490 ἑνὸς
519 3427 626 3480 τῶν
672 3425 935 3496 ὰπλῶν,ἣ
966 3425 1024 3478 τὸ
1065 3425 1172 3478 ἀπὸ
1211 3425 1414 3480 τούτων
1454 3425 1630 3496 μίγμα
1671 3427 1838 3496 φῆσαι

251 3513 542 3583 ὑπάρχειν,
584 3511 952 3581 δεδιδαγμένοι
1009 3509 1160 3582 παρὰ
1219 3511 1320 3580 τῆς
1363 3510 1614 3582 Γραφῆς,
1672 3511 1838 3581 μηδὲν

237 3605 572 3674 ἐπιτρέπειν
604 3603 758 3674 ἡμῶν
779 3603 857 3674 τῷ
889 3602 966 3673 νῷ
995 3602 1138 3674 πέρα
1180 3602 1287 3656 τῶν
1335 3603 1838 3673 συγκεχωρημένων

251 3694 698 3764 φαντασιοῦσθαι.
733 3697 827 3765 Μὴ
857 3697 1193 3768 παραδράμῃ
1234 3693 1290 3746 δὲ
1318 3695 1466 3766 ἡμᾶς
1498 3695 1632 3766 μηδὲ
1665 3697 1841 3748 έκεῖνο

243 3789 755 3860 ἁπαρασήμαντον,
807 3789 889 3842 ὅτι
941 3787 1079 3860 μετὰ
1125 3787 1184 3840 τὸ
1215 3785 1514 3858 προστάξαι
1555 3786 1648 3840 τὸν
1687 3785 1839 3850 Θεὸν,

327 3970 374 4002 ⁸³
413 3969 578 4024 Amos
607 3985 660 4023 IV
712 3971 803 4024 15.

249 4126 380 4188 ciae,
409 4139 530 4179 cum
557 4139 658 4195 per
691 4123 1012 4180 asteriscum
1041 4137 1107 4178 eo
1151 4121 1258 4178 loci
1293 4121 1620 4195 appositum,
1656 4119 1827 4174 lecto-

241 4211 374 4252 rem
416 4193 635 4250 monere
662 4196 964 4254 videantur,
989 4208 1047 4248 se
1085 4209 1203 4257 sua,
1234 4207 1338 4246 non
1372 4193 1620 4246 codicum
1644 4201 1830 4244 aucto-

249 4269 422 4322 ritate
453 4265 526 4318 ita
554 4265 809 4320 edidisse.
841 4263 976 4318 Illud
1021 4274 1200 4318 autem
1243 4263 1496 4317 omittere
1524 4277 1628 4316 non
1663 4261 1828 4316 debe-

251 4351 406 4402 mus,
456 4335 696 4389 codicem
732 4335 1082 4389 Bodleianum
1148 4333 1348 4387 habere
1395 4331 1695 4403 pﬁxstmxa).
1756 4329 1834 4400 τῷ

253 4401 408 4475 ὕψει.
447 4403 574 4468 Sed,
601 4405 700 4482 nisi
734 4420 818 4459 me
852 4419 967 4482 mea
1005 4403 1363 4482 fallit_opiuio,
1395 4401 1494 4456 vos
1524 4401 1696 4482 μῆκος
1723 4403 1836 4482 pri—_

1927 580 1982 627 et
2009 572 2364 636 longitudine.
2395 572 2638 626 Firmum
2663 583 2842 628 autem
2873 573 3002 629 illud
3030 583 3134 638 est,
3165 575 3218 630 in
3247 591 3352 644 quo
3374 591 3505 646 prae-

1929 673 2012 719 ter
2061 665 2426 722 dimensiones
2477 667 2708 721 durities
2754 668 2917 720 etiam
2967 675 3022 722 et
3069 669 3290 722 renixus
3339 669 3501 723 inest.

1926 754 2096 810 Porro
2131 755 2436 826 Scriptura,
2487 757 2630 827 quod
2679 757 2916 812 validum
2951 767 3034 814 est
3081 770 3137 814 et
3167 759 3501 825 inﬂexibile,

1929 847 2327 902 ﬁrmamentum
2357 863 2556 904 vocare
2581 851 2883 915 consuevit,
2924 851 2996 904 ita
3033 861 3092 904 ut
3118 851 3282 904 etiam
3317 865 3502 905 aerem

1928 940 2083 994 valde
2123 939 2408 996 densatum
2463 943 2808 1012 designatura
2832 985 2846 1009 ,
2882 958 3024 1012 saepe
3069 945 3168 997 bac
3205 943 3320 1010 ipsa
3370 957 3506 996 voce

1929 1043 2132 1098 utatur,
2161 1033 2304 1088 velut
2337 1049 2459 1088 cum
2491 1034 2624 1089 dicit
2651 1053 2664 1089 :
2700 1033 2956 1089 Firmana
2979 1035 3177 1088 tonitru
3205 1033 3272 1086 ⁸³.
3303 1033 3504 1088 Solidi-

1928 1134 2091 1179 tatem
2127 1126 2268 1180 enim
2295 1134 2350 1180 et
2380 1127 2626 1180 renixum
2653 1127 2900 1196 spiritus,
2927 1129 3018 1196 qui
3049 1128 3103 1181 in
3131 1127 3354 1182 nubium
3383 1127 3506 1180 lini-

1930 1218 2028 1271 bus
2072 1217 2330 1281 inclusus,
2377 1219 2446 1272 ob
2494 1219 2787 1273 violentam
2837 1220 3178 1288 eruptionem
3229 1218 3502 1289 fragorem

1932 1309 2227 1363 tonitruum
2254 1310 2387 1374 edit,
2415 1311 2636 1364 tonitrui
2671 1311 2981 1365 ﬁrmitatem
3012 1311 3292 1378 Scriptura
3317 1312 3503 1380 appel—

1933 1400 2083 1454 lavit.
2129 1401 2316 1469 Itaque
2341 1411 2390 1456 et
2429 1403 2516 1457 hic
2546 1403 2684 1456 hanc
2715 1419 2901 1457 vocem
2943 1418 3040 1472 pro
3072 1402 3226 1455 firma
3271 1404 3504 1472 quadam

1932 1502 2121 1547 natura
2159 1509 2278 1562 qua:
2321 1509 2518 1563 aquam
2549 1496 2657 1566 26
2686 1495 2948 1549 lubricam
2989 1510 3052 1550 ac
3085 1493 3244 1548 facile
3274 1493 3506 1548 dissolu-

1933 1585 2094 1638 bilem
2125 1587 2407 1641 continere
2438 1589 2630 1654 possit,
2664 1596 2975 1654 usurpatam
3001 1602 3123 1641 esse
3145 1586 3498 1640 arbitramur.

1933 1675 2044 1730 Nec
2085 1693 2233 1740 vero,
2270 1680 2526 1747 quoniam
2570 1679 2968 1733 firmamentum
3000 1694 3066 1732 ex
3095 1679 3364 1734 communi
3415 1694 3508 1732 ac-

1935 1770 2182 1837 ceptione
2206 1772 2272 1824 ab
2301 1786 2438 1840 aqua
2470 1781 2652 1826 ortum
2679 1771 2908 1826 traxisse
2945 1772 3178 1837 videtur,
3210 1771 3508 1841 putandum

1935 1871 2016 1913 est
2051 1861 2176 1914 illud
2221 1860 2397 1915 simile
2437 1877 2556 1916 esse
2590 1873 2682 1916 aut
2712 1877 2865 1931 aqua:
2895 1863 3220 1932 congelatas,
3277 1871 3369 1916 aut
3415 1862 3506 1915 tali

1942 1953 2159 2006 cuidam
2197 1955 2456 2016 materia,
2496 1970 2562 2008 ex
2599 1955 2825 2009 humore
2869 1955 3142 2024 percolato
3186 1956 3510 2024 principium

1944 2043 2256 2112 accipienti.
2305 2045 2492 2110 Qualis
2527 2054 2612 2098 est
2647 2053 2842 2098 natura
2879 2061 2971 2099 aut
3009 2045 3246 2116 crystalli
3281 2045 3510 2113 lapidis,

1939 2149 2098 2201 quem
2173 2135 2241 2190 ob
2293 2135 2801 2203 prmstantissimam
2871 2152 3024 2206 aquze
3077 2137 3510 2208 congelationem

1940 2225 2294 2278 transmutari
2327 2225 2480 2278 aiunt
2507 2243 2521 2280 :
2557 2233 2650 2279 aut
2683 2225 2978 2295 specularis
3004 2226 3218 2295 lapidis,
3249 2228 3342 2294 qui
3369 2228 3514 2281 inter

1939 2315 2152 2368 metalla
2196 2317 2514 2372 concrescit.
2553 2318 2648 2372 Est
2698 2327 2881 2372 autem
2907 2319 2996 2372 hic
3019 2319 3157 2387 lapis
3182 2320 3510 2388 pellucidus,

1936 2409 2196 2476 peculiari
2229 2425 2290 2462 ac
2320 2410 2610 2477 purissima
2655 2409 2904 2464 claritate
2932 2410 3186 2475 donatus,
3215 2411 3304 2479 qui
3332 2411 3378 2465 si
3419 2426 3517 2480 pro

1937 2514 2033 2554 sua
2069 2509 2261 2554 natura
2303 2501 2550 2557 sincerus
2593 2512 2646 2557 et
2687 2501 2966 2556 absolutus
3007 2511 3254 2570 repertus
3281 2511 3388 2566 est,
3421 2519 3518 2556 ne—

1939 2605 2044 2660 que
2080 2591 2189 2645 ulla
2226 2607 2422 2646 exesus
2471 2591 2782 2661 putredine,
2820 2605 2997 2661 neque
3049 2591 3262 2646 ﬁssuris
3289 2605 3412 2646 sese
3449 2597 3518 2644 ad

1939 2684 2230 2738 interiores
2249 2697 2419 2752 usque
2441 2693 2622 2752 partes
2643 2683 3060 2738 extendentibus
3082 2683 3309 2748 divisus,
3339 2682 3515 2752 splen-

1941 2775 2071 2829 dore
2103 2773 2213 2827 aeri
2263 2773 2378 2827 fere
2426 2773 2618 2828 similis
2651 2773 2883 2829 exsistit.
2937 2771 3080 2828 Nulli
3119 2775 3281 2844 igitur
3321 2776 3519 2831 horum

1942 2879 2319 2934 comparamus
2351 2865 2777 2920 ﬁrmamentum.
2805 2864 3039 2920 Puerilis
3063 2867 3210 2920 enim
3240 2881 3428 2922 revera
3462 2879 3518 2923 et

1945 2956 2209 3025 simplicis
2245 2955 2412 3010 animi
2443 2965 2544 3020 est,
2574 2955 2708 3010 tales
2736 2957 2802 3010 de
2829 2956 3140 3012 coelestibus
3167 2957 3368 3013 habere
3395 2961 3516 3028 opi-

1943 3048 2156 3103 niones.
2185 3047 2374 3118 Neque
2393 3055 2577 3102 tamen
2601 3048 2855 3117 quoniam
2883 3057 3080 3104 cuncta
3107 3049 3161 3104 in
3191 3051 3403 3106 cunctis
3427 3052 3512 3104 iu-

1944 3146 2089 3206 sunt,
2117 3139 2256 3210 ignis
2283 3137 2502 3207 quidem
2533 3139 2586 3193 in
2616 3147 2780 3204 terra,
2810 3153 2905 3194 aer
2935 3153 3066 3194 vero
3091 3140 3146 3194 in
3180 3155 3342 3209 aqua,
3374 3151 3429 3194 et
3453 3157 3519 3196 ex

1949 3231 2072 3286 aliis
2098 3231 2346 3286 similiter
2371 3230 2602 3285 alterum
2633 3231 2690 3286 in
2725 3231 2931 3297 altero;
2967 3247 3067 3286 nec
3115 3240 3177 3287 ut
3225 3231 3392 3287 ullum
3436 3240 3521 3288 est

1949 3324 2335 3378 elementorum
2372 3323 2472 3378 sub
2505 3338 2698 3380 sensus
2739 3324 3048 3379 cadentium
3088 3341 3286 3395 purum
3314 3336 3369 3381 et
3407 3325 3521 3380 sin-

1948 3428 2156 3478 cerum,
2187 3427 2403 3468 omnem
2435 3413 2551 3468 sive
2577 3429 2699 3468 cum
2731 3414 2932 3479 medio,
2964 3414 3080 3470 sive
3111 3430 3232 3470 cum
3265 3415 3516 3485 opposito

1947 3507 2264 3563 societatem
2293 3507 2611 3574 excludens,
2636 3523 2744 3563 non
2776 3508 2982 3564 idcirco
3012 3510 3195 3566 dicere
3230 3511 3514 3576 audemus,

1949 3599 2345 3653 ﬁrmamentum
2370 3608 2463 3654 aut
2487 3615 2554 3655 ex
2584 3615 2690 3654 uno
2713 3601 3038 3670 simplicium
3062 3601 3310 3669 conﬂari,
3335 3609 3426 3655 aut
3450 3615 3522 3657 ex

1945 3690 2029 3746 his
2071 3691 2478 3762 permistionem
2508 3691 2797 3762 quamdam
2856 3707 2979 3749 esse
3015 3711 3030 3748 :
3083 3694 3522 3764 quandoquidem

1949 3788 2124 3844 edocti
2175 3803 2362 3844 sumus
2389 3803 2419 3842 a
2455 3787 2757 3860 Scriptura.
2795 3799 2855 3843 ut
2898 3787 3034 3843 nihil
3075 3789 3244 3844 menti
3277 3797 3480 3844 ιιοειιιω
3502 3826 3522 3853 ,

2129 4117 2261 4198 Reg.
2289 4116 2810 4198 sextusmoltaﬁilpbv
2843 4119 2936 4173 καὶ
2978 4117 3317 4198 εὐδιάχυτον.
3374 4118 3524 4175 Infra

1937 4188 2089 4246 Coll).
2131 4188 2603 4260 priinusivopigetv
2627 4188 2721 4241 τοῦ
2747 4189 2909 4260 άέρος
2939 4189 3037 4259 τὴν
3066 4188 3242 4260 χύσιν.

2012 4261 2087 4331 (4)
2119 4259 2294 4331 Editio
2327 4259 2492 4331 Basil.
2521 4273 2644 4331 cu_m
2672 4259 2994 4331 quibusdam
3021 4259 3281 4330 Anglicis,
3310 4259 3513 4331 quibus

1943 4327 2265 4400 adiungendi
2293 4337 2420 4384 sunt.
2450 4329 2556 4383 duo
2585 4327 2719 4384 Duc.
2759 4337 2814 4382 et
2843 4327 3264 4400 Regiiiprimus,
3303 4327 3520 4394 tertius,

1945 4399 2195 4468 quartus,
2232 4400 2456 4468 quintus
2509 4407 2564 4451 et
2596 4409 2784 4468 sextus
2825 4408 2882 4454 et
2919 4399 3070 4453 Bodl.
3117 4413 3240 4453 cum
3291 4409 3522 4468 utroque

252 4467 410 4531 m'um
462 4467 706 4559 apposita
757 4484 838 4529 est
876 4475 941 4529 ad
989 4467 1308 4559 marginem,
1350 4467 1428 4526 eo
1479 4467 1740 4550 consilio,
1781 4478 1833 4523 ut

1944 4467 2112 4559 Eoisl.
2147 4467 2264 4521 τοῦ
2292 4468 2526 4559 σπέκλου
2563 4467 2726 4537 φύσις
2759 4487 2772 4499 ·
2825 4468 3313 4559 quamdection'em
3367 4467 3524 4550 putat;

251 4541 576 4600 moneretur
605 4545 774 4599 lector
797 4559 896 4610 per
947 4541 1134 4597 vocem
1174 4541 1328 4610 ὕψος,
1375 4557 1478 4610 qua
1539 4543 1668 4594 usus
1718 4549 1835 4594 erat

251 4615 514 4676 Basilius,
557 4615 642 4669 hic
687 4613 912 4682 intelligi
957 4613 1316 4682 profundum;
1348 4611 1542 4666 deinde
1589 4610 1705 4664 haec
1743 4624 1836 4682 ea-

256 4689 387 4740 dem
411 4701 514 4740 vox
550 4683 704 4754 ὓψος,
737 4681 884 4754 quod
901 4681 1042 4753 saepe
1071 4683 1272 4736 factum
1304 4691 1407 4746 est,
1431 4683 1486 4735 in
1525 4690 1730 4735 textum
1765 4681 1840 4733 ir-

255 4755 455 4812 repsit.

331 4771 590 4906 ἵέἓιῖιιιιιιί
645 4839 776 4906 mss.
809 4821 1067 4906 νεφελῷν.
1111 4819 1450 4906 Moxueditio
1487 4820 1672 4906 Paris.
1703 4821 1838 4906 ἀπο-

254 4889 568 4958 τελοῦντος,
607 4903 765 4962 prout
799 4889 1183 4948 emendaverat
1229 4889 1592 4962 Montacutius
1622 4906 1690 4945 ex
1721 4893 1830 4962 An-

255 4967 420 5038 glicis
451 4981 580 5038 mss.
613 4964 788 5038 Editio
818 4963 982 5038 basi]:
1017 4976 1138 5016 cum
1168 4961 1348 5030 Regiis
1367 4962 1553 5038 primo
1571 4969 1624 5014 et
1648 4961 1838 5030 quinto

255 5030 320 5092 Et
350 5052 472 5088 cum
510 5035 718 5088 duobus
743 5033 896 5088 Colb.
957 5031 1196 5101 itemque
1237 5047 1359 5101 cum
1411 5030 1577 5086 Coisl.
1607 5042 1840 5100 utroque

255 5117 322 5162 et
351 5105 502 5159 Bodl.
545 5102 960 5165 ὰποτελοῦντας.
999 5099 1236 5168 Uterque
1279 5099 1588 5171 Duc._pcum
1651 5099 1838 5171 Regiis

259 5179 426 5230 tertio
454 5185 508 5228 et
537 5184 728 5244 quarto
758 5185 813 5228 et
839 5187 962 5244 cu_m
1007 5171 1368 5244 aliis‘duobus
1423 5169 1608 5242 Regiis
1637 5169 1839 5244 ἀποτε-

257 5240 583 5314 λουμένους.
625 5245 784 5314 Deest
820 5242 914 5296 καί
961 5250 1086 5314 ante
1109 5240 1222 5314 _6tdt
1251 5241 1305 5294 in
1361 5240 1838 5314 mssﬁnonnullis,

257 5309 562 5371 Con-uarius
591 5315 734 5367 hunc
771 5313 949 5367 locum
996 5313 1078 5382 sic
1107 5311 1540 5382 interpretatur:
1571 5310 1652 5365 Eo
1692 5309 1835 5382 quod

257 5387 518 5439 violenter
542 5391 818 5450 erumpant
851 5381 1100 5450 strepitus
1129 5383 1362 5434 tonitrua
1386 5381 1682 5450 efficientes.
1704 5379 1834 5433 'Eu-

257 5455 499 5510 statliius
529 5469 680 5519 vero,
706 5469 810 5522 qua
840 5453 1054 5522 spiritus
1081 5457 1358 5518 conceptus
1385 5451 1438 5522 in
1465 5452 1708 5522 nubibus,
1730 5451 1842 5522 oio-

259 5525 530 5592 lenterque
573 5519 1041 5593 proruptus-edicit
1087 5535 1274 5574 sonum
1310 5519 1669 5575 tonitrualem.
1709 5521 1841 5593 _An-

262 5595 406 5664 glica
443 5589 602 5647 lectio
635 5592 1026 5664 ἀποτελοῦντος
1049 5603 1302 5664 germana
1339 5597 1420 5644 est
1454 5605 1520 5644 ac
1564 5589 1838 5664 genuina:

266 5661 466 5733 quippe
531 5679 633 5718 vox
698 5661 1086 5733 ἀποτελοῦντος
1137 5661 1204 5714 ad
1263 5674 1452 5733 vocem
1501 5661 1836 5733 superiorem

262 5729 578 5804 πνεύματος
611 5733 862 5803 relertur,
895 5733 1000 5790 nisi
1034 5732 1214 5790 dicere
1242 5729 1426 5803 ,mavis
1457 5731 1840 5788 attractionem

263 5819 408 5860 (3558.

1949 4541 2175 4594 Ducaaus
2203 4541 2517 4594 mendosam
2552 4555 2671 4594 esse
2715 4537 2879 4607 atque
2919 4539 3193 4593 vitiosam.
3221 4537 3384 4601 Hinc,
3413 4539 3522 4607 nisi

1942 4609 2098 4663 valde
2123 4609 2303 4674 fallor,
2332 4607 2534 4662 factum
2560 4617 2662 4674 est,
2691 4618 2750 4662 ut
2780 4606 2945 4662 editio
2979 4608 3156 4662 Paris.
3187 4607 3382 4662 habeat
3425 4606 3522 4660 τοῦ

1946 4679 2274 4750 σπεκλαρίου
2321 4678 2503 4748 φύσις.
2559 4677 2759 4750 verum
2799 4693 2927 4750 non_
2965 4678 3124 4732 facile
3182 4677 3421 4750 adducar
3462 4688 3525 4730 ut

1944 4745 2170 4804 credam
2192 4745 2345 4804 cum'
2368 4751 2566 4803 Ducaeo
2597 4747 2884 4802 lectionem
2917 4748 3056 4802 hanc
3106 4745 3343 4800 σπέκλου
3385 4748 3526 4800 inter

1947 4819 2143 4874 menda
2187 4818 2574 4873 recensendam
2613 4831 2754 4872 esse.
2809 4816 3091 4872 Libentius
3149 4827 3225 4872 tot
3274 4817 3523 4871 codicum

1947 4905 2144 4956 sequor
2177 4889 2582 4953 auctoritatem,
2636 4889 2984 4955 arbitrorque
3039 4901 3226 4942 vocem
3282 4885 3524 4939 σπέκλου

1946 4959 2348 5014 substantivmn
2411 4971 2550 5022 esse,
2598 4958 2742 5011 unde
2803 4973 2904 5014 vox
2965 4957 3233 5024 adjectiva
3286 4956 3528 5010 σπεκλά-

1949 5045 2064 5101 ριος
2099 5027 2494 5101 derivatur._Et
2517 5041 2778 5101 vero__vox
2808 5027 3117 5101 specularis,
3154 5042 3274 5101 qua;
3299 5041 3528 5101 respon-

1948 5095 2038 5153 ilet
2062 5099 2176 5153 voci
2207 5097 2560 5168 σπεκλάριος,
2586 5097 2850 5168 adjective
2878 5097 3117 5168 sumitur
3137 5095 3274 5168 apud
3294 5095 3526 5150 Plinium

1949 5169 2042 5223 lib.
2087 5183 2168 5233 ιιι,
2211 5183 2331 5237 cap.
2359 5165 2448 5232 51⁷,
2481 5168 2570 5221 ubi
2599 5165 2713 5222 haec
2737 5167 3027 5237 leguntur:
3060 5165 3366 5237 Metellis...
3404 5175 3518 5237 tota

1948 5239 2112 5306 ferme
2155 5233 2416 5304 Hispania
2465 5246 2679 5292 scatet:
2717 5233 2948 5290 Ciferior
2971 5247 3018 5306 et
3046 5236 3406 5306 specularibus
3445 5233 3526 5287 la-

1947 5305 2174 5378 pidibus.
2207 5309 2272 5360 Et
2300 5307 2391 5360 lib.
2421 5321 2537 5369 xxI,
2564 5322 2685 5375 cap.
2718 5307 2786 5359 14
2821 5322 2834 5358 :
2873 5305 3047 5378 ﬁlulta
3079 5305 3312 5378 alvearia
3336 5320 3524 5378 specu-

1948 5373 2049 5431 lari
2064 5378 2236 5446 lapide
2258 5378 2440 5445 fecere.
2460 5373 3130 5446 Quamobremiedidimus,
3149 5373 3224 5427 uti
3248 5375 3300 5446 in
3325 5375 3528 5446 codici-

1947 5449 2048 5502 bus
2079 5443 2206 5502 mss.
2241 5443 2512 5518 legitumﬁ
2544 5447 2576 5515 ἠ
2611 5444 2705 5499 τοῦ
2735 5445 2973 5518 σπέκλου
2995 5443 3192 5518 Αφύσις,
3212 5443 3328 5518 adut
3349 5444 3526 5502 qualis

1947 5527 2022 5572 est
2052 5518 2211 5583 specii
2240 5515 2455 5580 natura,
2487 5515 2586 5570 lioc
2615 5525 2720 5579 est,
2745 5515 3032 5584 specularia
3077 5515 3292 5584 lapidis.

2019 5582 2094 5658 (5)
2124 5589 2265 5642 Editi
2301 5586 2723 5658 cumraliquibus
2771 5582 2904 5658 (mss.
2931 5583 3342 5658 τῶνλοὺρανίων
3375 5599 3389 5614 ·
3429 5582 3526 5636 alii

1947 5655 2168 5729 quidam
2205 5673 2335 5729 mss.
2374 5657 2483 5709 τῶν
2511 5656 2773 5726 οὐρανῶν.
2809 5655 2930 5708 Mox
2987 5655 3154 5729 editi_o
3185 5655 3362 5729 Δ[ξιιείι.
3396 5669 3524 5707 cum

1947 5723 2078 5782 mss.
2105 5728 2348 5795 plurimis
2379 5729 2518 5781 inter
2548 5723 2684 5794 quos
2719 5735 3074 5779 numerantur
3101 5723 3267 5780 Coisl.
3299 5733 3524 5792 uterque

1950 5807 2004 5855 et
2036 5797 2185 5855 Bodl.
2217 5797 2335 5851 οὐδὲ
2367 5799 2434 5851 εἰ.
2476 5799 2654 5855 Editio
2689 5797 2860 5852 Paris.
2891 5795 3012 5849 οὑδὲ
3044 5795 3146 5850 ὅτι.
