3846 6218
227 293 304 348 65
1373 289 1658 346 IIOMILIA
1699 289 1768 344 III
1809 289 1875 344 IN
1917 289 2414 348 lIEXAEllIERON.
3426 293 3496 348 66

230 408 385 460 Ἔδει
406 407 463 460 δὲ
492 406 630 478 μήτε
661 405 852 460 στάσιν
889 401 1029 460 εῖναι
1077 407 1212 478 πρὸς
1247 408 1472 480 ἄλληλα,
1512 411 1646 480 μήτε
1671 412 1728 462 ὲν
1754 411 1818 478 τῇ

1927 409 2370 478 corruptionem:
2419 407 2722 476 corrumpit
2775 408 3030 462 nimirum
3075 423 3272 478 aquam
3309 410 3450 479 ignis
3477 449 3494 476 ,

227 499 486 554 παντελεῖ
507 499 600 552 τοῦ
634 500 824 570 ἑτέρου
855 500 1093 571 ἐκλείψει
1128 503 1379 576 ἀφορμὴν
1409 503 1822 572 παρασχεοῆναι

225 589 309 662 τῷ
341 590 506 643 παντὶ
549 591 688 661 πρὸς
725 590 987 646 διάλυσιν.
1040 591 1321 664 Τοσαύτην
1353 593 1464 664 (15)
1515 594 1608 648 τοῦ
1655 595 1821 666 ὑγροῦ

225 679 330 749 τὴν
361 678 522 749 φύσιν
541 678 841 749 οἰκονομῶν
868 679 928 734 τὸ
976 683 1084 734 πᾶν
1099 683 1458 753 προαπέΟετο,
1495 683 1637 736 ὥστε
1663 685 1823 754 μέχρι

223 771 339 824 τῶν
385 771 740 841 τεταγμένων
792 771 933 842 ὅρων
976 771 1076 842 τῆς
1109 773 1204 826 τοῦ
1257 773 1464 844 κόσμου
1511 774 1823 837 συστάσεως

225 859 374 912 κατά
421 859 620 928 μικρὸν
649 862 715 930 τῇ
751 859 978 930 δυνάμει
1003 861 1098 914 τοῦ
1134 861 1304 934 πυρὸς
1340 861 1822 936 ὲξαναλισκόμενον

224 950 526 1021 ἀντισχεῖν.
575 949 634 1004 Ὁ
663 951 842 1004 τοίνυν
883 953 1096 1006 ἅπαντα
1129 955 1353 1027 σταθμῷ
1380 957 1475 1008 καὶ
1504 955 1686 1028 μέτρῳ
1711 955 1824 1010 δια-

223 1040 530 1112 ταξάμενος
555 1041 878 1116 (ἀριθμηταὶ
906 1044 1016 1116 γὰρ
1035 1046 1202 1118 αὐτῷ,
1249 1047 1390 1100 κατὰ
1423 1049 1514 1100 τὸν
1560 1049 1699 1114 Ἰὼϐ,
1727 1048 1823 1101 καὶ

229 1135 493 1204 σταγόνες
535 1137 672 1190 εἰσιν
725 1136 904 1206 ὑετοῦ)
935 1138 1050 1208 ᾔδει
1084 1140 1246 1192 πόσον
1279 1139 1358 1210 τῷ
1389 1141 1576 1211 κόσμῳ
1633 1141 1822 1212 χρόνον

227 1225 514 1298 ἀφώρισεν
565 1227 648 1292 είς
707 1227 992 1300 διαμονὴν,
1050 1231 1146 1284 καὶ
1203 1231 1373 1302 πόσην
1415 1232 1520 1302 χρὴ
1565 1231 1642 1302 τῷ
1687 1233 1822 1303 πυρὶ

225 1318 638 1390 προαποθέσθαι
663 1320 932 1392 δαπάνην.
959 1315 1130 1386 Οὗτος
1163 1325 1190 1376 6
1221 1323 1376 1392 λόγος
1393 1325 1493 1396 τῆς
1514 1327 1608 1378 τοῦ
1633 1325 1821 1388 ὕδατος

225 1415 549 1485 περιουσίας
575 1415 718 1469 κατά
751 1415 849 1486 τὴν
905 1415 1102 1469 κτίσιν.
1148 1413 1309 1466 ’Λλλὰ
1362 1415 1468 1486 μὴν
1516 1414 1577 1468 τό
1624 1432 1688 1484 γε
1727 1415 1820 1470 τοῦ

225 1509 402 1580 πυρὸς
434 1510 732 1578 ἀναγκαῖον
784 1509 862 1580 τῷ
905 1509 1119 1580 κόσμῳ,
1154 1509 1330 1572 οὐδεὶς
1363 1507 1537 1572 οὕτως
1577 1507 1680 1574 ἔξω
1725 1510 1819 1564 τοῦ

225 1597 346 1668 βίου
373 1599 742 1666 παντάπασιν,
775 1599 917 1653 ὥστε
945 1601 1045 1670 τῆς
1078 1601 1142 1653 ἐκ
1173 1598 1267 1652 τοῦ
1292 1599 1452 1668 λόγου
1473 1599 1822 1664 διδασκαλίας

224 1689 604 1760 προσδεῖσθαι·
641 1691 701 1744 οὑ
745 1691 909 1761 μόνον
940 1692 1021 1744 ὅτι
1061 1692 1118 1745 αἱ
1171 1693 1484 1746 συνεκτικαὶ
1523 1693 1623 1763 τῆς
1674 1691 1822 1763 ζωῆς

223 1777 387 1849 ἡμῶν
404 1779 588 1850 τέχναι
601 1781 700 1851 τῆς
728 1779 977 1853 ἐμπύρου
1007 1781 1269 1852 ἐργασίας
1299 1781 1602 1836 ὲπιδέονται
1629 1785 1820 1848 πᾶσαι,
1854 1765 1896 1820 Β

224 1871 520 1944 ὑφαντικὴ,
555 1873 719 1944 λέγω,
786 1875 880 1930 καὶ
911 1875 1297 1946 σκυτοτομικὴ,
1348 1876 1442 1928 καὶ
1484 1875 1818 1948 οἰκοδομικὴ,

225 1963 325 2016 καὶ
352 1963 620 2036 γεωργία,
657 1963 772 2018 ἀλλ’
810 1965 894 2018 ὃτι
933 1961 1058 2018 οὑτε
1104 1963 1337 2036 δένδρων
1363 1964 1658 2036 βλάστησις
1689 1965 1822 2038 (l6),

223 2053 286 2106 οὐ
344 2053 576 2126 καρπῶν
617 2053 802 2124 πέψις,
854 2057 916 2110 οὑ
947 2053 1102 2120 ζώων
1138 2055 1369 2126 ἐγγείων
1399 2056 1558 2128 ἢτῶν
1591 2057 1826 2129 ἐνύδρων

225 2142 468 2209 γένεσις,
491 2146 592 2216 οὐχ
625 2147 678 2198 αἱ
711 2145 918 2200 τούτων
963 2149 1164 2218 τροφαὶ
1199 2147 1232 2219 ἢ
1270 2147 1330 2214 ἐξ
1375 2149 1550 2220 ἀρχῆς
1596 2147 1662 2202 ἂν
1703 2167 1827 2202 συν-

223 2235 487 2308 έστησαν,
523 2237 556 2310 ἢ
587 2239 722 2311 πρὸς
755 2238 948 2312 χρόνον
1005 2240 1320 2312 διήρκεσαν,
1365 2241 1460 2294 τοῦ
1494 2241 1696 2314 Θερμοῦ
1749 2241 1824 2314 μὴ

227 2331 520 2402 παρόντος.
555 2331 764 2385 Οὑκοῦν
795 2333 1068 2401 ἀναγκαία
1097 2333 1196 2405 μὲν
1229 2333 1323 2388 τοῦ
1346 2334 1552 2408 θερμοῦ
1585 2337 1617 2407 ἡ
1650 2335 1828 2402 κτίσις

225 2419 320 2473 διὰ
375 2421 475 2492 τὴν
505 2420 614 2474 τῶν
641 2423 981 2494 γιγνομένων
1018 2425 1274 2479 σύστασίν
1308 2443 1368 2480 τε
1411 2428 1508 2480 καὶ
1541 2426 1826 2500 διαμονήν·

226 2511 505 2581 ἀναγκαία
547 2514 604 2568 δὲ
635 2515 730 2568 τοῦ
767 2517 934 2588 ὑγροῦ
963 2517 996 2588 ἡ
1027 2517 1298 2588 δαψίλεια,
1347 2517 1436 2572 δια
1475 2519 1536 2572 τὺ
1550 2519 1827 2574 ἄπαυστον

227 2600 372 2658 εἶναι
409 2607 503 2660 καὶ
523 2607 904 2680 ἀπαραίτητον
927 2611 1022 2662 τοῦ
1057 2611 1231 2683 πυρὸς
1263 2609 1361 2683 τὴν
1382 2611 1646 2684 δαπάνην.

1926 515 2046 554 cum
2091 509 2312 568 pra-stat
2353 499 2608 552 viribus:
2666 499 2900 552 destruit
2935 513 3065 552 vero
3112 499 3291 568 ignem
3333 515 3496 568 aqua,

1926 607 2046 646 cum
2081 591 2232 661 c0pia
2278 591 2555 662 praevalet.
2587 589 2884 660 Oportebat
2937 601 3117 644 autem
3159 605 3333 662 neque
3363 593 3501 648 sedi-

1929 683 2129 736 tionem
2160 681 2302 734 inter
2333 695 2391 736 se
2431 695 2573 746 esse,
2614 695 2788 750 neque
2829 679 3203 735 dissolutionis
3245 683 3359 736 dari
3404 698 3499 738 oc-

1925 775 2200 828 casionem
2233 773 2510 839 universo,
2549 775 2617 828 ob
2652 775 2916 844 integrum
2948 773 3172 828 alterius
3200 773 3496 829 delectum.

1925 862 2154 918 Tantam
2193 863 2440 918 humoris
2475 873 2723 918 naturam
2757 864 3046 934 praestituit
3100 864 3264 918 tctius
3302 865 3498 936 guber-

1925 968 2107 1024 nator,
2134 969 2194 1014 ut
2233 975 2404 1028 usque
2449 961 2516 1013 ad
2572 969 2805 1014 statutos
2859 959 3264 1014 constitutionis
3309 958 3497 1014 mundi

1927 1051 2186 1106 terminos
2210 1091 2226 1116 ,
2271 1051 2397 1105 dum
2439 1050 2700 1120 paulatim
2735 1051 2878 1121 ignis
2919 1051 2968 1104 vi
3001 1050 3325 1116 absumitur,
3359 1051 3499 1106 resi-

1923 1153 2113 1200 steret.
2153 1144 2221 1198 Et
2241 1160 2370 1200 vero
2399 1145 2488 1214 qui
2523 1153 2713 1198 cuncta
2761 1144 2997 1213 pondere
3025 1153 3080 1198 et
3111 1157 3362 1198 mensura
3388 1143 3501 1198 dis-

1923 1237 2103 1304 posuit
2135 1237 2182 1269 “
2215 1238 2602 1306 (numerabiles
2631 1239 2774 1292 enim
2801 1248 2928 1292 sunt
2949 1235 3049 1306 ipsi
3071 1236 3367 1291 secundum
3399 1235 3498 1290 Job

1923 1329 2007 1384 vel
2041 1329 2236 1398 pluviaa
2271 1340 2438 1400 gutta:
2472 1330 2552 1402 “)
2578 1371 2593 1396 ,
2639 1339 2866 1386 noverat
2889 1329 2976 1384 ille
3001 1337 3210 1398 quanto
3257 1339 3500 1398 tempore

1923 1422 2221 1476 secundum
2249 1421 2625 1490 prtescriptum
2652 1437 2808 1476 suum
2843 1422 3140 1476 duraturus
3167 1431 3313 1475 esset
3340 1436 3500 1474 mun-

1924 1514 2050 1580 dus,
2071 1525 2446 1586 quantumque
2465 1515 2645 1586 pabuli
2665 1523 2942 1586 oporteret
2971 1514 3078 1584 igni
3115 1521 3498 1582 praeparatum.

1924 1602 2056 1660 Eam
2089 1608 2158 1660 ob
2192 1621 2414 1662 causam
2458 1623 2597 1676 aqua
2641 1607 2694 1660 in
2737 1607 3013 1662 creatione
3045 1605 3126 1660 sic
3177 1605 3494 1660 abundavit.

1922 1697 2088 1768 Atqui
2127 1697 2306 1752 nullus
2357 1713 2529 1768 usque
2582 1701 2718 1754 adeo
2766 1709 2921 1753 extra
2949 1699 3115 1752 vitam
3153 1698 3361 1767 positus
3391 1707 3496 1760 est,

1927 1787 1974 1840 ei
2013 1797 2071 1840 ut
2122 1787 2194 1842 sit
2227 1802 2381 1856 opus,
2424 1795 2484 1842 ut
2524 1789 2702 1860 ignem
2746 1789 2944 1842 mundo
2979 1787 3342 1843 necessarium
3379 1801 3500 1840 esse

1929 1877 2141 1932 ratione
2189 1879 2522 1933 edoceatur:
2575 1895 2680 1933 non
2735 1880 2908 1934 solum
2951 1879 3091 1948 quod
3115 1889 3262 1934 artes
3299 1879 3501 1948 quibus

1927 1979 2115 2024 nostra
2148 1970 2262 2023 vita
2297 1980 2653 2026 conservatur
2677 2011 2693 2036 ,
2741 1971 2881 2042 ignis
2909 1969 3194 2025 eﬂicientia
3228 1972 3500 2041 indigeant

1928 2077 2139 2130 omnes,
2171 2062 2429 2129 textoria,
2461 2063 2702 2132 inquam,
2739 2064 2968 2127 sutoria,
2989 2063 3412 2117 architectonice
3445 2071 3502 2115 et

1929 2153 2284 2224 agricultura,
2320 2155 2414 2208 sed
2456 2153 2599 2224 quod
2640 2168 2814 2223 neque
2851 2153 3107 2208 arborum
3149 2153 3499 2222 germinatio,

1928 2259 2105 2314 neque
2134 2245 2419 2300 maturitas
2451 2245 2746 2310 fructuum,
2793 2260 2969 2313 neque
3020 2252 3113 2298 aut
3155 2247 3499 2298 terrestrium

1930 2346 2024 2392 aut
2075 2337 2390 2407 aquatilium
2451 2338 2762 2392 animalium
2803 2337 3124 2406 generatio,
3173 2351 3346 2406 neque
3411 2336 3503 2389 ho-

1929 2442 2048 2482 rum
2085 2427 2363 2494 alimenta,
2418 2438 2512 2482 aut
2557 2429 2929 2484 constitissent
2979 2427 3048 2482 ab
3093 2428 3268 2494 initio,
3302 2435 3394 2482 aut
3434 2425 3501 2480 atl

1931 2525 2142 2587 tempus
2176 2529 2655 2588 perseverassent,
2702 2518 2884 2574 calore
2915 2534 3024 2574 non
3065 2527 3353 2588 praesente.
3393 2517 3500 2571 Ne-

1931 2611 2168 2666 cessaria
2222 2610 2389 2681 igitur
2441 2624 2524 2666 est
2563 2613 2760 2668 caloris
2800 2613 3043 2677 creatio;
3079 2621 3136 2666 ut
3164 2627 3226 2667 ea
3261 2626 3382 2680 qua:
3416 2611 3500 2678 gi-

231 2707 495 2770 gnuntur,
529 2710 585 2756 et
607 2702 976 2770 coagmentari
1001 2704 1210 2772 possint
1240 2711 1294 2758 et
1347 2717 1684 2772 permanere.
1747 2701 1957 2757 Rursus
2019 2715 2172 2770 aqua:
2236 2701 2566 2756 abundantia
2601 2713 2720 2757 erat
2761 2703 3194 2772 pernecessaria,
3233 2703 3375 2771 quod
3421 2701 3502 2758 vis

229 2790 376 2860 ignis
429 2805 756 2848 consumens
789 2793 1218 2864 interquiescere
1266 2811 1372 2850 non
1405 2805 1590 2866 queat,
1632 2810 1808 2866 neque
1843 2796 2025 2851 vitari.

302 2881 356 2935 6.
407 2883 742 2954 Περίϐλεψαι
782 2886 965 2938 πᾶσαν
1025 2887 1125 2957 τὴν
1182 2887 1381 2952 κτίσιν,
1433 2888 1530 2942 καὶ
1563 2885 1682 2958 ὕψει
1729 2887 1819 2940 τοῦ

1999 2886 2048 2941 6.
2084 2885 2455 2956 Circumspice
2483 2901 2674 2942 omnes
2709 2900 2796 2940 res
2817 2895 3049 2948 creatas,
3072 2895 3122 2939 et
3155 2885 3355 2940 caloris
3388 2885 3498 2938 vim

229 2975 440 3046 θερμοῦ
464 2976 562 3048 τὴν
595 2976 824 3050 δύναμιν
844 2983 958 3044 τοῖς
991 2982 1048 3033 ὲν
1082 2979 1294 3049 γενέσει
1325 2981 1419 3034 καὶ
1458 2979 1634 3052 φθορᾷ
1660 2981 1825 3034 πᾶσιν

228 3067 746 3123 ἐνδυναστεύουσαν.
779 3070 878 3123 Διά
905 3071 1065 3125 τοῦτο
1095 3070 1230 3125 πολὺ
1261 3070 1322 3124 τὸ
1351 3069 1494 3142 ὓδωρ
1533 3069 1677 3142 ὑπὲρ
1719 3070 1824 3140 γῆς

230 3157 558 3228 κεχυμένον,
576 3159 671 3212 καὶ
703 3159 1033 3230 ὑπερέκεινα
1061 3159 1169 3214 τῶν
1187 3159 1482 3231 δρωμένων
1503 3159 1822 3230 ἀπενεχθὲν,

229 3251 330 3302 καὶ
365 3249 592 3319 προσέτι
623 3252 787 3304 παντὶ
823 3251 902 3322 τῷ
927 3250 1080 3321 βάθει
1117 3251 1218 3321 τῆς
1256 3249 1363 3320 γῆς
1395 3251 1820 3322 ὲνεσπαρμένον.

233 3340 404 3394 Ὅθεν
433 3341 626 3412 πηγῶν
681 3343 954 3412 ἀφθονίαι,
981 3343 1077 3396 καὶ
1111 3343 1364 3414 φρεάτων
1411 3341 1684 3414 σύρροιαι,
1733 3343 1826 3396 καὶ

231 3433 499 3503 ποταμῶν
523 3433 794 3504 ῥεύματα,
823 3435 1142 3508 χειμάρρων
1167 3453 1224 3488 τε
1259 3434 1351 3488 καὶ
1379 3435 1637 3498 ἀεννάων,
1685 3435 1824 3508 ὑπὲρ

227 3525 330 3589 τοῦ
363 3529 420 3579 ἐν
465 3527 677 3591 πολλοῖς
727 3529 821 3582 καὶ
862 3529 1128 3592 ποικίλοις
1167 3528 1410 3600 ταμείοις
1451 3527 1824 3602 διατηρεῖσθαι

227 3619 334 3690 τὴν
368 3619 636 3691 ὑγρασίαν
675 3619 806 3692 (I7).
847 3621 942 3674 Ἐκ
974 3620 1074 3692 μέν
1109 3637 1174 3689 γε
1212 3621 1314 3691 τῆς
1343 3619 1419 3672 ἓω
1445 3617 1551 3672 ἀπὸ
1583 3621 1681 3690 μὲν
1707 3637 1822 3691 χειο

235 3711 474 3782 μερινῶν
495 3712 712 3782 τροπῶν
735 3715 764 3766 ὁ
799 3712 959 3775 Ἰνδὸς
992 3714 1077 3784 ρεῖ
1105 3713 1370 3783 ποταμὸς,
1406 3711 1584 3784 ῥεῦμα
1608 3713 1824 3766 πάντων

233 3803 521 3875 ποταμίων
557 3805 766 3858 ὑδάτων
799 3805 1068 3870 πλεῖστον,
1105 3805 1180 3868 ὡς
1209 3807 1256 3858 oi
1287 3804 1385 3868 τὰς
1414 3805 1696 3876 περιόδους
1725 3803 1826 3874 τῆς

227 3897 337 3966 γῆς
367 3896 778 3966 ἀναγράφοντες
831 3899 1200 3969 ἱστορήκασιν·
1237 3897 1345 3950 ἀπὸ
1386 3897 1445 3950 δὲ
1495 3897 1603 3950 τῶν
1646 3897 1824 3968 μέσων

227 3987 333 4057 τῆς
354 3987 622 4058 ἀνατολῆς
641 3988 668 4040 ὃ
695 4005 754 4040 τε
783 3988 1049 4058 Βάκτρος,
1069 3989 1164 4043 καὶ
1193 3991 1222 4042 6
1249 3989 1530 4059 Χοάσπης,
1556 3990 1648 4040 καὶ
1667 3989 1694 4040 ό
1713 3989 1823 4055 (18)

241 4077 505 4148 Ἀράξης,
535 4080 628 4147 ἀφ’
657 4071 719 4132 οὗ
745 4081 841 4132 καὶ
871 4081 900 4132 6
927 4079 1130 4142 Τάναϊς
1163 4079 1593 4149 ἀποσχιζόμενος
1618 4079 1696 4141 είς
1727 4078 1823 4150 τὴν

227 4168 480 4222 Μαιῶτιν
505 4167 671 4233 ἔξεισι
700 4169 915 4240 λίμνην·
937 4170 1032 4222 καὶ
1059 4171 1194 4241 πρὸς
1215 4169 1426 4231 τούτοις
1449 4171 1476 4222 6
1497 4169 1684 4232 Φάσις,
1715 4169 1822 4221 τῶν

1931 2977 1983 3030 in
2015 2975 2267 3032 omnibus
2313 2992 2434 3047 quas
2471 2988 2803 3048 generantur
2851 2992 2914 3030 ac
2954 2987 3398 3045 corrumpuntur,
3425 2976 3502 3030 vi-

1930 3067 2084 3123 debis
2122 3068 2409 3124 dominari.
2445 3068 2653 3124 Idcirco
2692 3068 2858 3122 multa
2909 3083 3049 3137 aqua
3087 3067 3252 3122 eﬂ‘usa
3283 3076 3364 3123 est
3405 3085 3496 3124 suo

1929 3173 2027 3228 per
2057 3169 2286 3226 terram,
2335 3169 2498 3230 atque
2545 3162 2684 3215 ultra
2714 3175 2777 3216 ea
2820 3177 2938 3230 quae
2968 3162 3068 3216 sub
3097 3172 3375 3229 aspectum
3407 3175 3502 3214 ve.

1929 3251 2106 3319 niunt,
2144 3262 2446 3308 transvecta
2471 3263 2577 3316 est,
2614 3263 2668 3308 et
2695 3257 2915 3322 insuper
2957 3255 3050 3306 ιοιί
3085 3261 3241 3308 terra:
3277 3253 3504 3322 profun-

1928 3339 2084 3394 ditati
2113 3340 2211 3394 fuit
2245 3341 2507 3411 inspersa.
2543 3341 2696 3397 Unde
2727 3341 2955 3398 fontium
2981 3343 3160 3411 c0pia,
3190 3344 3503 3412 congeries-

1927 3445 2033 3500 que
2067 3440 2374 3502 puteorum,
2403 3443 2456 3489 et
2487 3433 2685 3490 ﬂuenta
2709 3433 3021 3501 ﬂuviorum,
3050 3445 3157 3488 tam
3187 3451 3373 3490 eorum
3407 3437 3500 3506 qui

1930 3533 2202 3578 torrentes
2247 3537 2393 3590 sunt,
2440 3541 2602 3594 quam
2658 3541 2846 3580 eorum
2888 3528 2979 3596 qui
3027 3542 3322 3596 perennes,
3351 3536 3408 3582 ut
3443 3529 3500 3582 in

1929 3613 2112 3668 multis
2145 3622 2200 3668 et
2230 3615 2394 3669 Variis
2444 3617 2830 3684 promptuariis
2865 3629 3276 3672 conservaretur
3324 3619 3504 3672 humi-

1928 3704 2089 3759 ditas.
2124 3705 2188 3760 Et
2225 3707 2442 3776 quidem
2466 3721 2533 3762 ex
2561 3707 2771 3763 oriente
2800 3711 2866 3764 ab
2899 3709 3126 3764 hiberno
3158 3709 3391 3764 solstitio
3417 3709 3504 3763 In-

1928 3797 2030 3851 dus
2088 3796 2284 3853 ﬂuvius
2336 3809 2562 3868 manat,
2625 3799 2822 3855 ﬂumen
2887 3803 3131 3856 omnium
3203 3802 3500 3857 ﬂuvialium

1927 3901 2197 3957 aquarum
2241 3891 2572 3958 maximum,
2615 3893 2761 3946 velut
2801 3893 2853 3946 hi
2901 3893 2991 3961 qui
3021 3903 3180 3948 terra:
3209 3893 3500 3948 circuitum

1927 3979 2289 4050 descripsere,
2329 3983 2722 4052 prodiderunt:
2773 3998 2803 4036 a
2835 3985 3011 4038 medio
3046 3996 3224 4038 autem
3260 3983 3502 4041 Orientis

1938 4073 2186 4140 Bactrus,
2216 4085 2268 4129 et
2295 4075 2588 4143 Choaspes,
2634 4083 2689 4128 et
2719 4075 2950 4137 Araxes,
2991 4089 3018 4126 a
3057 4089 3167 4145 quo
3215 4085 3271 4129 et
3299 4075 3502 4130 Tanais

1928 4167 2160 4223 diﬂissus
2207 4167 2258 4220 in
2294 4165 2594 4220 Mmotidem
2647 4165 2758 4236 28
2811 4166 3062 4235 paludem
3121 4167 3399 4224 dilabitur.
3435 4169 3504 4222 Et

227 4257 566 4311 Καυκασίων
611 4238 1116 4331 ὀρῶνίάπορῤέων,
1148 4261 1242 4312 καὶ
1279 4259 1462 4330 μυρίοι
1482 4259 1660 4330 ἕτεροι
1717 4259 1819 4312 ἀπὸ

1927 4270 2123 4330 praeter
2157 4259 2254 4314 hos
2287 4247 2480 4314 Phasis
2512 4273 2540 4312 a
2566 4257 2844 4314 Caucasiis
2877 4259 3152 4313 montibus
3183 4257 3504 4326 efﬂuens,et

225 4347 342 4402 τῶν
363 4349 626 4422 ἀρκτῴων
652 4351 835 4404 τόπων
865 4351 960 4404 ἐπὶ
991 4350 1082 4404 τὸν
1107 4349 1359 4417 Εὔξεινον
1393 4351 1594 4404 Πόντον
1628 4351 1822 4422 φέρον-

223 4457 343 4494 ται·
369 4441 478 4494 ἀπὸ
520 4441 576 4494 δὲ
619 4441 729 4512 (I9)
762 4442 982 4512 δυσμῶν
1015 4442 1122 4494 τῶν
1159 4441 1387 4513 θερινῶν
1427 4441 1532 4497 ὑπὸ
1555 4443 1614 4494 τὺ
1639 4444 1825 4515 Πυρη-

225 4537 383 4589 ναῖον
415 4535 538 4607 ὅρος
576 4535 862 4607 Ταρτησός
899 4553 959 4588 τε
993 4535 1088 4588 καὶ
1133 4535 1366 4606 Ἴστρος·
1403 4529 1479 4588 ὧν
1523 4537 1552 4588 6
1600 4535 1697 4605 μὲν
1727 4535 1822 4588 ἐπὶ

223 4628 332 4698 τὴν
363 4625 470 4692 ἔξω
498 4627 716 4700 Στηλῶν
763 4627 982 4697 ἀφίεται
1023 4627 1319 4692 Θάλασσαν,
1349 4629 1378 4681 6
1403 4627 1458 4680 δὲ
1477 4629 1710 4697 Ἴστρος,
1734 4626 1823 4680 διὰ

221 4723 330 4791 τῆς
363 4719 632 4791 Εὐρώπης
661 4720 824 4790 ῥέων,
857 4719 950 4772 ἐπὶ
975 4720 1067 4772 τὸν
1095 4719 1298 4772 Πόντον
1333 4719 1600 4772 ἐκδίδωσι.
1621 4719 1730 4771 Καὶ
1769 4719 1822 4770 τί

223 4811 312 4865 δεῖ
330 4811 456 4875 τοὺς
483 4811 680 4876 ἄλλους
705 4809 1164 4883 ἀπαριθμεῖσθαι,
1198 4809 1292 4873 οὒς
1311 4810 1368 4862 αἱ
1403 4809 1590 4862 Ῥιπαὶ
1620 4807 1822 4875 γεννῶ-

305 4983 498 5055 “Sap.
523 4999 604 5048 ιι,
623 4985 716 5043 21.
775 4985 823 5018 ⁸⁸
849 4983 953 5040 Job
978 4999 1164 5050 xxxvr,
1189 4983 1282 5037 27.

303 5167 420 5238 (l5)
455 5167 632 5238 Editio
689 5165 867 5238 Paris.
896 5163 1167 5234 τοσαύτην
1195 5157 1336 5238 οὖν.-
1361 5163 1430 5216 At
1474 5161 1815 5238 desideratur

225 5231 328 5293 οὖν
377 5231 431 5292 in
459 5237 699 5292 editione
727 5235 895 5292 Basil.
930 5237 1093 5303 inque
1122 5231 1426 5290 ‘codicihus
1483 5247 1614 5286 mss.
1659 5231 1813 5303 Haud

225 5311 394 5375 longe
428 5307 582 5361 Colb.
612 5307 884 5361 secundus
908 5315 964 5360 et
1004 5301 1138 5374 Reg.
1170 5313 1393 5358 octavus
1429 5301 1812 5375 6_Oi?_t0voy.5.w.

225 5371 376 5434 Infra
414 5377 554 5430 idem
602 5376 756 5430 Colb.
807 5371 1302 5430 secundus'ndvra
1345 5371 1592 5443 σταθμῷ.

303 5445 420 5516 (16)
449 5447 525 5500 lta
576 5447 732 5500 multi
779 5461 909 5500 mss.
945 5445 1088 5516 Editi
1119 5459 1244 5500 cum
1287 5443 1419 5514 Reg.
1457 5441 1648 5497 octavo
1685 5441 1813 5511 βλα-

227 5515 522 5588 στήσεις...
551 5516 812 5585 πέψεις...
844 5515 1110 5588 γενέισεις.

307 5581 424 5658 (l7)
447 5587 602 5640 Colb.
622 5581 932 5658 primus'et
959 5585 1099 5658 Reg.
1125 5593 1353 5658 octavus
1378 5597 1505 5658 cum
1529 5595 1631 5636 ms.
1657 5581 1814 5637 Com-

225 5655 344 5716 δεῖ.
376 5655 478 5729 τὴν
501 5655 676 5728 ὑγρὰν
706 5655 918 5722 οὑσίαν,
954 5655 1222 5729 humidam
1248 5655 1616 5729 substantiam.

307 5721 530 5800 (18)'lta
549 5721 1280 5795 codicesnonpaueiAhest
1312 5722 1568 5778 articulus
1595 5723 1658 5777 ab
1677 5721 1811 5776 edit.

559 5819 862 5898 PATROL,’
883 5817 1004 5878 Gtt.
1050 5815 1290 5880 XXIX.

1929 4350 2196 4406 innumeri
2215 4349 2302 4404 alii
2332 4364 2362 4402 a
2389 4348 2898 4418 septentrionalibus
2919 4349 3050 4403 locis
3071 4349 3120 4401 in
3136 4347 3364 4402 Pontum
3395 4349 3504 4403 Eu-

1930 4443 2120 4496 xinum
2159 4441 2426 4496 feruntur.
2467 4441 2688 4507 Contra,
2721 4441 2791 4496 ab
2825 4455 3028 4494 occasu
3059 4440 3248 4493 aestivo
3268 4438 3368 4492 sub
3391 4437 3502 4508 Py-

1931 4547 2110 4587 renaao
2143 4541 2328 4587 monte
2373 4541 2428 4586 et
2474 4531 2762 4588 Tartessos
2808 4542 2862 4586 et
2893 4531 3074 4586 Ister:
3131 4545 3363 4600 quorum
3415 4531 3506 4586 ille

1929 4625 2146 4693 quidem
2179 4627 2232 4678 in
2275 4639 2425 4680 mare
2454 4633 2610 4678 extra
2638 4624 2934 4680 Columnas
2967 4632 3338 4688 exoneratur;
3369 4621 3506 4676 Ister

1929 4731 2060 4772 vero
2089 4730 2190 4786 per
2213 4717 2480 4788 Europam
2513 4717 2706 4779 ﬂuens,
2735 4719 2788 4771 in
2822 4717 3055 4772 Pontum
3084 4714 3395 4769 eﬂ'uttditur.
3441 4713 3506 4766 Et

1929 4807 2058 4878 quid
2083 4808 2280 4863 attinet
2333 4808 2469 4862 alios
2507 4823 2855 4874 enumerare,
2895 4821 3031 4878 quos
3069 4805 3238 4876 Ripaei
3267 4813 3502 4868 mortles,

1989 5159 2103 5232 (I9)
2157 5159 2300 5214 Editi
2354 5173 2478 5232 cum
2534 5157 2804 5232 aliquibus
2859 5169 2994 5210 mss.
3051 5155 3160 5232 ἀπὸ
3338 5153 3508 5232 Abest

1915 5231 1974 5286 δέ
1999 5225 2219 5286 ιιϋίιιίἱε
2243 5245 2374 5284 mss.
2405 5225 2666 5282 Mouitum
2723 5228 2982 5282 lectorem
3024 5229 3167 5290 volo,
3199 5226 3286 5278 hic
3325 5225 3497 5276 multa

1917 5304 2020 5356 dici
2054 5317 2081 5355 a
2111 5301 2310 5354 Basilio
2343 5313 2410 5354 ex
2442 5299 2698 5366 opinione
2733 5297 2872 5366 vulgi
2907 5313 2922 5351 :
2955 5311 3074 5365 quae
3106 5296 3150 5349 si
3187 5293 3498 5366 diligentius

1917 5373 2314 5440 expcndantur,
2349 5385 2380 5422 a
2406 5363 2534 5440 vero
2557 5367 2715 5436 longe
2762 5363 2956 5420 abésse
2972 5363 3279 5440 constabit.
3319 5363 3499 5440 Quare

1917 5443 1962 5510 si
1987 5435 2108 5510 quis
2137 5441 2251 5494 vult
2276 5439 2492 5510 edoceri
2547 5435 2748 5510 ortum,
2779 5447 3030 5510 cursum,
3066 5435 3495 5510 magnitudinem

1917 5503 2196 5564 ﬂuminum
2230 5525 2439 5582 eorum,
2458 5509 2531 5582 de
2553 5508 2750 5582 quibus
2779 5506 2864 5560 hic
2882 5505 2954 5582 fit
2986 5503 3206 5582 mentio,
3231 5503 3277 5557 ei
3293 5509 3500 5582 auctor

1919 5597 2039 5634 sum
2071 5590 2128 5634 ut
2169 5572 2430 5634 consulat
2457 5572 2828 5640 Ptofemmum.
2881 5574 3225 5640 Strabonem,
3258 5572 3504 5642 aliosque

1921 5651 2264 5721 geographiae
2289 5651 2512 5719 peritos.

3117 5803 3154 5862 3
