3846 6218
233 317 310 376 6'9
1373 317 1662 374 HOMILIA
1693 318 1762 374 111
1795 319 1864 376 IN
1903 321 2410 378 HEXAEMERON.
3439 325 3506 380 το

307 429 426 507 Ῡήθει
454 430 550 486 τόὗ
578 432 768 494 ὓδατος
801 431 1074 498 ἀπιστεῖς,
1112 433 1250 503 πρὸς
1287 433 1344 486 δὲ
1390 433 1484 487 τοῦ
1525 433 1730 506 θερμοῦ
1769 435 1819 488 τὶ

1932 448 2304 494 conservetur.
2336 437 2415 492 Tu
2449 436 2561 507 29
2589 452 2716 493 vero
2737 437 2877 493 hanc
2906 452 3058 507 aqum
3087 439 3296 509 copiam
3333 455 3362 493 a
3399 441 3504 497 (ide

231 527 438 598 πλῆθος
469 527 572 579 οὑκ
609 525 961 589 ἀποϐλέπεις·
993 525 1042 588 ὃ,
1070 524 1172 578 κᾶν
1195 525 1376 594 ὀλίγον
1471 525 1548 596 τῷ
1577 526 1820 598 μεγέθει,

227 617 438 687 πολλῆς
475 618 594 669 ἐστι
645 616 732 670 διὰ
757 615 856 686 τὴν
884 615 1113 685 δύναμιν
1169 615 1504 688 ᾁναλωτικὸν
1533 616 1819 687 ὑγρασίας.

243 712 568 781 Ἐφέλκεται
599 709 698 780 μὲν
731 708 840 780 γὰρ
869 707 930 761 τὸ
967 707 1374 779 παρακείμενον
1410 708 1598 778 ὑγρὸν,
1627 708 1702 772 ὡς
1728 709 1824 779 δη-

228 803 316 857 λοῖ
356 806 390 874 ἡ
440 801 630 856 σικύα’
677 801 1046 870 δαπανητικὸν
1087 799 1145 853 δέ
1183 801 1300 852 ἐστι
1348 799 1444 852 τοῦ
1471 799 1822 863 ἐλκυσθέντος

227 896 376 952 κατά
430 897 531 966 τὴν
575 895 761 948 εἰκόνα
797 893 892 947 τοῦ
943 893 1224 964 λυχνιαίου
1277 892 1470 964 πυρὸς,
1510 893 1560 956 ὃ,
1597 893 1686 946 διὰ
1722 893 1822 964 τῆς

229 987 552 1061 θρυαλλίδος
593 987 692 1058 τὴν
732 986 1149 1058 παρακειμένην
1192 986 1398 1056 τροφὴν
1439 983 1822 1055 ἐπισπασάμε-

227 1099 345 1147 νον,
378 1082 592 1152 ταχέως
625 1080 714 1134 διὰ
751 1080 848 1150 τῆς
884 1078 1182 1149 μεταϐολῆς
1207 1077 1556 1149 ἀπῃθάλωσε.
1609 1077 1712 1129 Τὸν
1765 1076 1847 1129 δὲ’

230 1173 429 1244 αἰθέρα
467 1173 550 1236 τίς
595 1171 926 1243 ἀμφιϐάλλει
978 1170 1052 1242 μὴ
1095 1171 1215 1241 οὐχὶ
1271 1169 1495 1242 πυρώδη
1541 1167 1678 1222 εἶναι
1729 1169 1823 1222 καὶ

229 1265 466 1335 διακαῆς
495 1265 554 1328 ὃς
586 1266 635 1316 εί
665 1264 739 1335 μὴ
773 1263 850 1334 τῷ
884 1263 1168 1333 ἀναγκαίῳ
1197 1263 1289 1316 τοὺ
1316 1264 1639 1334 ποιήσαντος
1661 1262 1822 1316 αὑτὸν

228 1358 344 1428 ὅρῳ
373 1357 672 1426 κατείχετο,
721 1357 772 1408 τί
801 1355 866 1409 ἂν
896 1353 1170 1409 ἐκώλυσεν
1217 1355 1376 1408 αὑτὸν
1425 1354 1602 1407 πάντα
1633 1352 1822 1423 φλογί-

230 1451 396 1515 ζοντα
445 1451 557 1522 (27)
607 1451 701 1504 καὶ
749 1447 1228 1519 καταπιμπρῶντα
1273 1446 1341 1500 τὰ
1376 1448 1596 1518 συνεχῆ,
1641 1449 1822 1500 πᾶσαν

229 1543 370 1614 ὁμοῦ
403 1542 500 1614 τὴν
525 1543 582 1595 ὲν
635 1545 750 1605 τοῖς
779 1539 930 1595 οὖσιν
952 1539 1290 1604 ἐξαναλῶσαι
1315 1539 1534 1606 νοτίδας
1571 1539 1670 1593 Διά
1691 1537 1824 1591 ταῦ-

227 1655 302 1691 τα
328 1635 474 1707 ὕδωρ
505 1636 688 1707 ἀέριον
721 1635 855 1706 (28),
887 1633 1220 1704 νεφουμὲνου
1257 1631 1352 1686 τοῦ
1413 1631 1526 1686 ἀνω
1557 1631 1724 1684 τόπου
1759 1633 1825 1685 ὲκ

228 1730 333 1800 τῆς
360 1729 640 1800 ἀναφορᾶς
677 1726 786 1780 τῶν
817 1725 1030 1796 ἀτμῶν,
1066 1725 1160 1789 οὓς
1185 1724 1443 1795 ποταμοὶ,
1484 1723 1578 1776 καὶ
1599 1723 1820 1794 κρῆναι,

230 1823 330 1874 καὶ
361 1819 586 1891 τενάγη,
639 1821 736 1873 καὶ
772 1820 982 1890 λίμναι,
1016 1820 1110 1872 καὶ
1151 1817 1364 1888 πελάγη
1397 1816 1576 1869 πάντα
1603 1817 1821 1888 προῖεν-

227 1930 342 1980 ται,
401 1913 476 1976 ὡς
526 1913 594 1966 ἂν
644 1911 718 1982 μὴ
767 1912 944 1965 πάντα
974 1909 1269 1981 πυρακτῶν
1295 1911 1326 1961 ὁ
1353 1907 1518 1981 αἰθὴρ
1553 1906 1821 1960 ἐπιλάϐοι·

228 2009 365 2061 ὅπου
426 2024 492 2076 γε
527 2007 622 2060 καὶ
675 2005 768 2058 τὸν
799 2004 948 2076 ἥλιον
977 2003 1169 2057 τοῦτον
1221 2003 1439 2074 ὁρῶμεν
1479 2000 1600 2074 ὥρᾳ
1633 1999 1824 2072 θέρους

228 2097 516 2169 διάϐροχον
537 2095 795 2159 πολλάκις
817 2097 912 2148 καὶ
928 2094 1205 2165 τεναγώδη
1221 2096 1406 2166 χώραν
1427 2096 1486 2147 ἐν
1509 2092 1824 2166 βραχυτάτῃ

229 2187 426 2257 χρόνου
477 2188 618 2256 ῥοπῇ
647 2185 876 2254 ἄνικμον
929 2184 1206 2247 παντελῶς
1235 2185 1331 2237 καὶ
1361 2183 1531 2256 ξηρὰν
1555 2181 1824 2252 καταλιμ-

229 2278 494 2330 πάνοντα.
529 2277 640 2330 Ποῦ
690 2278 868 2330 τοίνυν
905 2279 1082 2330 ἐκεῖνο
1126 2277 1187 2330 τὸ
1222 2276 1402 2348 ὑδωρ;
1444 2275 1822 2328 Δεικνύτωσαν

230 2370 366 2440 ἡμῖν
393 2371 442 2422 ot
467 2369 536 2422 τά
563 2369 742 2422 πάντα
764 2369 946 2423 δεινοί.
963 2365 1086 2440 Ἆρ’
1104 2368 1227 2439 οὐχὶ
1259 2368 1420 2420 παντὶ
1447 2367 1628 2437 δῆλον,
1651 2367 1820 2436 ὅτιτῇ

232 2460 533 2532 θερμότητι
577 2461 673 2514 τοῦ
704 2460 852 2531 ἡλίου
891 2459 1188 2532 διατμηθὲν
1229 2458 1513 2530 ἀνηλώθη;
1558 2458 1821 2525 Καίτοιγε

229 2555 356 2608 οὐδὲ
386 2553 587 2626 θερμὸν
602 2553 712 2624 (29)
731 2550 974 2607 είναιτδν
989 2554 1140 2625 ἥλιον
1165 2556 1361 2607 ἐκεῖνοι
1386 2553 1624 2621 λέγουσι·
1641 2549 1822 2605 τοσοῦ-

230 2664 326 2700 τον
359 2647 539 2710 αὑτοῖς
571 2646 665 2700 τοῦ
702 2647 878 2715 λέγειν
907 2647 1171 2718 περίεστι.
1209 2647 1317 2700 Καὶ
1365 2649 1616 2700 σκοπεῖτε
1657 2661 1822 2699 ποτα-

231 2744 313 2812 πῇ
339 2741 608 2808 ἀποδείξει
645 2740 1044 2812 ὲπερειδόμενοι
1073 2740 1210 2810 πρὸς
1257 2741 1354 2810 τὴν
1387 2740 1675 2809 ἐνάργειαν
1707 2737 1818 2809 (50)

234 2834 655 2888 ἀντιϐαίνουσιν.
686 2833 905 2904 Ἐπειδὴ
924 2833 1113 2897 λευκός
1140 2835 1276 2896 ἐστι,
1307 2833 1460 2902 φασὶ,
1490 2833 1588 2903 τὴν
1609 2831 1819 2902 χροιὰν,

233 2926 350 2980 ἀλλ’
383 2928 503 2998 οὐχὶ
539 2927 864 2999 ὑπέρυθρος,
922 2926 1044 2979 οὑδὲ
1111 2926 1322 2992 ξανθὸς,
1386 2925 1579 2978 τούτου
1636 2923 1821 2977 ἓνεκεν

231 3017 356 3070 οὐδὲ
402 3015 656 3088 πυρώδης
686 3019 784 3088 τὴν
830 3019 989 3088 φύσιν
1013 3035 1026 3047 ·
1071 3016 1209 3070 ἀλλά
1243 3018 1336 3071 καὶ
1375 3015 1564 3068 τούτου
1603 3015 1735 3083 φασὶ
1762 3014 1823 3067 τὸ

235 3111 438 3182 θερμὸν
473 3113 536 3163 ὲκ
563 3111 663 3182 τῆς
699 3113 921 3182 ταχείας
948 3106 1086 3164 εἶναι
1120 3109 1508 3180 περιστροφῆς.
1547 3107 1610 3159 Τί
1641 3105 1822 3158 ὲντεῦ-

233 3203 330 3256 θεν
351 3205 561 3268 ἑαυτοῖς
589 3204 945 3274 διοικούμενοι
970 3219 984 3270 ;
1026 3205 1110 3265 Ὠς
1147 3202 1308 3274 μηδὲν
1340 3201 1486 3264 δόξαι
1513 3199 1620 3252 τῶν
1640 3197 1820 3270 ὑγρῶν

233 3297 629 3350 ἀπαναλίσκειν
666 3299 756 3350 τὸν
799 3297 969 3367 ἥλιον.
1019 3293 1160 3364 Ἐγὼ
1191 3295 1269 3360 δὲ,
1307 3293 1412 3346 κᾶν
1439 3293 1514 3364 μὴ
1557 3291 1756 3361 ἀληθὲς

231 3388 296 3440 τὸ
324 3389 631 3458 λεγόμενον,
673 3389 786 3442 ἀλλ’
812 3389 888 3453 ὡς
923 3384 1432 3456 συγκατασκευάζον
1473 3385 1596 3454 ἐμοὶ
1619 3384 1709 3436 τὸν
1740 3382 1822 3436 λό-

231 3497 332 3548 γον
369 3482 468 3534 οὑκ
508 3480 855 3550 ἀπωθοῦμαι.
916 3481 1164 3549 Ἐλέγετο
1202 3478 1310 3548 γὰρ
1361 3476 1448 3530 διὰ
1483 3475 1581 3546 τὴν
1625 3477 1690 3528 ἐκ
1727 3473 1818 3527 τοῦ

231 3571 443 3642 θερμοῦ
468 3574 714 3644 δαπάνην
740 3576 1036 3642 ἀναγκαῖον
1068 3566 1210 3626 εἶναι
1239 3570 1346 3623 τῶν
1369 3569 1576 3622 ὑδάτων
1604 3569 1664 3620 τὸ
1693 3565 1824 3635 πλῆ-

231 3663 350 3728 θος.
373 3665 630 3738 Διαφέρει
665 3666 721 3719 δὲ
746 3665 898 3719 οὐδὲν
925 3667 989 3718 ὲκ
1017 3665 1231 3734 φύσεως
1263 3659 1402 3716 εἶναι
1441 3661 1662 3732 θερμὸν,
1691 3660 1723 3730 ἢ
1759 3663 1822 3712 ὲκ

233 3755 444 3820 πάθους
483 3758 625 3828 ἔχειν
651 3757 752 3829 τὴν
796 3756 1040 3828 πύρωσιν
1068 3755 1204 3825 πρός
1235 3771 1300 3822 γε
1337 3753 1398 3806 τὸ
1425 3753 1494 3805 τὰ
1514 3751 1652 3803 αὑτά
1689 3768 1824 3821 συμ-

231 3849 510 3920 πτώματα
549 3851 676 3921 napi.
725 3849 824 3912 τὰς
858 3847 1026 3911 αὑτάς
1063 3847 1194 3910 ὕλας
1227 3845 1550 3915 ἀπογεννᾷν.
1598 3842 1722 3896 Ἐάν
1761 3859 1820 3894 τε

233 3943 348 4013 γάρ
395 3943 690 4012 τριϐόμενα
744 3941 876 4008 ξύλα
921 3941 1058 4010 πρὸς
1103 3939 1306 4010 ἄλληλα
1359 3937 1472 4008 πῦρ
1505 3937 1600 3990 καὶ
1653 3935 1822 4004 φλόγα

233 4036 440 4108 ἀνάψῃ,
497 4037 592 4090 ὲάν
620 4053 679 4088 τε
713 4037 778 4087 ἐκ
823 4033 1018 4104 φλογὸς
1049 4030 1430 4101 άναπτομένης
1479 4025 1818 4097 κατακαυθῇ,

263 4147 355 4183 σον
403 4129 519 4182 ἐστὶ
559 4129 654 4182 καὶ
703 4127 1082 4199 παραπλήσιον
1109 4125 1168 4194 ἐξ
1209 4121 1533 4194 ἀμφοτέρων
1562 4119 1622 4172 τὸ
1645 4119 1816 4182 τέλος.

235 4221 499 4289 Καίτοιγε
527 4218 742 4291 ὁρῶμεν
776 4217 874 4290 τὴν
903 4216 1146 4287 μεγάλην
1177 4213 1270 4268 τοῦ
1299 4213 1367 4266 τὰ
1408 4213 1586 4266 πάντα
1625 4211 1823 4281 κυϐερ-

233 4311 439 4377 νῶντος
487 4312 700 4383 σοφίαν,
737 4309 1113 4382 μετατιθεϊσαν
1143 4307 1252 4378 (51)
1287 4307 1378 4358 τὸν
1417 4304 1568 4374 ἥλιον
1605 4303 1663 4368 ἐξ
1707 4301 1822 4354 ἐτέ-

237 4425 350 4480 ρων
371 4407 460 4470 ¹είς
501 4404 684 4476 ἕτερα,
719 4403 806 4456 ἵνα
856 4401 952 4473 μὴ,
992 4403 1102 4462 τοῖς
1131 4400 1314 4460 αὑτοῖς
1359 4396 1446 4449 dtsi.
1475 4393 1821 4466 «προσδιατρί-

1925 531 2224 586 abhorrere
2253 545 2446 586 censes
2475 549 2490 584 :
2517 531 2614 586 sed
2655 529 2722 584 ad
2753 531 2968 600 copiam
2998 545 3106 584 non
3147 531 3378 602 respicis
3403 531 3502 588 ‘cu-

1923 621 2078 688 loris,
2107 621 2200 690 qui
2234 621 2450 678 tametsi
2479 622 2786 691 quantitate
2815 637 3035 690 parvus,
3059 621 3287 678 multum
3321 633 3502 681 tamen

1924 713 2172 769 humoris
2200 714 2250 768 vi
2277 728 2374 769 sua
2403 729 2726 770 consumere
2750 722 2948 783 potest.
2994 715 3238 771 Attrahit
3283 717 3504 787 quidem

1925 803 2263 873 adiacentem
2311 801 2621 872 humérem,
2673 804 2820 860 velut
2863 804 3069 860 indicet
3103 807 3448 864 cucurbitula
3485 827 3500 865 :

1923 897 2200 953 consumit
2230 913 2360 953 vero
2389 906 2707 963 attractum,
2741 899 2916 952 instar
2957 897 3218 955 videlicet
3244 901 3386 970 ignis
3416 901 3504 955 lu-

1925 1004 2236 1056 cernarum,
2279 989 2370 1059 qui
2409 1005 2504 1059 per
2558 990 2892 1062 cllycbnium
2921 991 3240 1048 alimentum
3263 995 3502 1050 vicinum

1926 1080 2228 1144 attrahens,
2265 1082 2375 1136 cito
2413 1081 2544 1134 illud
2589 1082 2642 1135 in
2680 1080 2958 1151 fuliginem
3003 1091 3348 1140 transmutat.
3380 1083 3500 1140 Jam

1925 1188 2056 1228 vero
2082 1173 2284 1228 aethera
2310 1173 2432 1242 quis
2459 1172 2686 1244 ambigit
2703 1189 2839 1242 __esse
2858 1174 3084 1244 ignitum
3116 1184 3170 1230 et
3198 1177 3504 1233 ardentem?

1925 1265 2016 1334 qui
2053 1263 2160 1319 nisi
2195 1264 2538 1319 ineluctabili
2567 1263 2881 1320 Conditoris
2915 1268 3235 1336 praescripto
3280 1285 3504 1325 coerce-

1926 1368 2098 1424 retur,
2136 1359 2395 1427 quidnam
2433 1373 2557 1412 eum
2599 1358 2988 1427 prohibuisset,
3039 1351 3312 1432 contiguis
3335 1365 3504 1417 omni-

1925 1451 2026 1507 bus
2057 1453 2218 1508 rebus
2239 1451 2588 1506 inﬂammatis
2623 1466 2688 1506 ac
2719 1452 3016 1508 combustis
3039 1493 3054 1518 ,
3084 1469 3302 1509 omnem
3343 1456 3504 1513 simul

1925 1559 2110 1600 earum
2171 1543 2549 1598 humiditatem
2592 1543 2927 1599 absumere?
2973 1544 3316 1617 Quapropter
3361 1563 3504 1618 aqua

1925 1635 2074 1689 aeria
2097 1634 2274 1689 oritur
2295 1641 2430 1698 tum,
2450 1649 2574 1689 cum
2599 1634 2748 1690 locus
2768 1649 3038 1705 supernus
3063 1639 3132 1692 ab
3150 1639 3356 1693 evectis
3379 1655 3504 1694 sur-

1926 1743 2043 1782 sum
2077 1727 2390 1796 vaporibus,
2408 1742 2544 1796 quos
2565 1727 2734 1792 ﬂuvii,
2769 1729 2968 1796 fontes,
3003 1729 3162 1795 vada,
3187 1731 3411 1800 paludes
3440 1747 3506 1786 ac

1853 1795 1897 1854 B
1926 1819 2096 1872 maria
2118 1795 2302 1872 omnia
2335 1795 2612 1886 emittunt,
2635 1795 3011 1887 obnubilatur,
3059 1831 3116 1876 ut
3143 1795 3210 1877 ne
3228 1823 3468 1879 aatlierin
3485 1852 3503 1864 -

1925 1911 2113 1976 vadat,
2133 1922 2552 1982 concremetque
2572 1913 2864 1968 universa;
2897 1929 3020 1968 cum
3051 1915 3196 1970 hunc
3221 1917 3386 1971 etiam
3405 1929 3502 1971 so-

1924 2001 2029 2057 lem
2049 2001 2330 2057 videamus
2347 2002 2400 2056 in
2424 2003 2612 2058 aestiva
2655 2013 2974 2074 tempestate
3005 2006 3279 2061 madidam
3309 2017 3362 2062 et
3386 2022 3500 2063 etB-

1925 2109 2113 2150 nosam
2147 2095 2422 2165 regionem
2443 2095 2760 2165 plerumque
2783 2099 3027 2154 humoris
3049 2113 3270 2167 prorsus
3301 2114 3502 2171 exper-

1927 2197 2036 2242 tem
2068 2202 2132 2243 ac
2160 2188 2362 2242 siccam
2387 2187 2710 2245 brevissimo
2743 2190 3002 2259 temporis
3028 2199 3304 2246 momento
3335 2192 3503 2246 relin-

1926 2293 2117 2348 quere.
2141 2277 2260 2345 Quo
2277 2293 2462 2347 quaso
2490 2280 2624 2335 abiit
2643 2295 2780 2350 aqua
2806 2282 2920 2336 illa?
2937 2279 3236 2338 Ostendaut
3253 2283 3407 2339 nobis
3425 2284 3504 2340 illi

1925 2385 2108 2426 rerum
2127 2370 2368 2425 omnium
2385 2371 2610 2427 scientia
2629 2373 2859 2442 praditi.
2885 2375 3079 2428 Annon
3103 2373 3278 2430 cuivis
3307 2374 3500 2445 liquet,

1925 2480 2046 2521 eam
2076 2463 2260 2520 calore
2277 2463 2410 2519 solis
2430 2464 2482 2518 in
2511 2480 2770 2536 vaporem
2793 2468 3022 2523 solutam
3045 2481 3166 2522 esse
3183 2475 3347 2536 atque
3372 2483 3507 2524 con-

1924 2560 2220 2628 sumptam?
2250 2559 2610 2626 Quamobrem
2633 2575 2700 2615 ne
2715 2561 2945 2616 calidum
2961 2551 3176 2631 quidem
3196 2563 3362 2619 solem
3384 2575 3506 2617 esse

1923 2651 1999 2706 illi
2021 2652 2205 2707 dicunt
2227 2671 2240 2707 :
2261 2653 2396 2708 adeo
2424 2652 2568 2722 loqui
2593 2653 2725 2720 ipsis
2749 2663 2926 2708 vacat.
2947 2653 3146 2708 Verum
3165 2655 3506 2710 considerate

1925 2746 2069 2816 quali
2085 2746 2543 2802 demonstratione
2556 2745 2690 2813 nixi,
2703 2747 2984 2800 evidentiae
3001 2745 3507 2814 reluctantur.Quo-

1923 2838 2090 2904 niam,
2123 2838 2394 2908 inquiunt,
2429 2838 2615 2892 colore
2662 2839 2814 2892 albus
2847 2847 2952 2902 est,
2999 2853 3106 2892 non
3153 2847 3334 2894 autem
3371 2839 3504 2893 sub-
3535 2883 3548 2896 .

1923 2929 2106 2993 ruber,
2140 2943 2240 2983 nec
2277 2927 2466 2994 ﬂavns,
2495 2928 2616 2983 ideo
2645 2943 2818 2998 neque
2847 2937 3034 2998 suapte
3075 2939 3264 2984 natura
3303 2933 3506 3000 ignitus

1923 3030 2006 3075 est
2032 3038 2046 3073 :
2074 3021 2166 3076 sed
2193 3021 2386 3090 eteius
2416 3023 2651 3078 calorem
2693 3037 2759 3075 ex
2793 3021 2964 3078 veloci
2997 3022 3326 3076 circumactu
3358 3021 3505 3076 ³1111·-

1925 3121 2073 3166 mant
2101 3113 2254 3168 oriri.
2287 3112 2426 3180 Quid
2456 3113 2556 3168 sibi
2603 3113 2730 3167 inde
2773 3113 3040 3167 commodi
3083 3115 3353 3168 asciscunt
3381 3115 3404 3167 ?
3433 3112 3506 3168 Ut

1925 3204 2057 3259 nihil
2083 3219 2400 3260 consumere
2428 3207 2710 3260 humerum
2737 3205 2817 3260 sol
2835 3205 3192 3260 existimetur.
3213 3205 3325 3276 Ego
3351 3219 3502 3274 vero,

1925 3299 2138 3352 tametsi
2179 3298 2231 3352 id
2273 3298 2414 3367 quod
2467 3298 2536 3352 ab
2583 3297 2716 3367 ipsis
2770 3297 3002 3362 dicitur,
3037 3313 3225 3352 verum
3257 3313 3361 3351 non
3397 3307 3502 3363 est,

1921 3393 2100 3442 tamen
2132 3387 2185 3442 id
2217 3389 2414 3457 ipsum,
2469 3397 2726 3458 tanquam
2776 3388 2918 3456 quod
2953 3403 3128 3442 meum
3183 3388 3506 3443 sententiam

1921 3483 2256 3550 comprobet,
2287 3496 2394 3536 non
2421 3475 2638 3550 respuo:
2665 3479 2798 3534 Nam
2824 3497 3084 3551 aquarum
3111 3483 3261 3553 copia
3287 3483 3356 3537 ub
3385 3497 3506 3538 eam

1923 3586 2096 3642 quam
2138 3574 2318 3628 calore
2377 3572 2608 3627 eﬂicitur
2661 3576 3148 3643 consumptionem,
3201 3575 3504 3630 necessaria

1923 3678 2042 3718 esse
2065 3665 2366 3720 dicebatur.
2398 3663 2518 3718 Jam
2548 3679 2679 3719 vero
2707 3667 2774 3718 ad
2814 3667 3032 3721 eosdem
3065 3667 3118 3721 in
3161 3667 3364 3722 eisdem
3391 3681 3504 3720 ma-

1925 3755 2074 3808 teriis
2103 3755 2479 3824 producendos
2515 3754 2740 3810 eﬂ'ectus
2769 3755 2902 3809 nihil
2940 3756 3181 3820 interest,
3211 3765 3390 3810 utrum
3420 3755 3503 3810 sol

1924 3857 2118 3918 suapte
2146 3859 2336 3902 natura
2367 3849 2440 3902 sit
2470 3847 2698 3913 calidus,
2745 3863 2810 3902 an
2847 3861 2910 3902 ex
2952 3846 3236 3904 affectione
3267 3849 3428 3903 ardor
3447 3849 3500 3902 ei

1924 3941 2234 3996 accesserit.
2273 3941 2399 3994 Sive
2427 3940 2570 3994 enim
2603 3940 2746 4008 ligna
2797 3941 2939 3994 inter
2989 3955 3048 3997 se
3079 3948 3266 3995 mutuo
3290 3939 3498 3995 confri-

1923 4035 2234 4102 Cta,ignem
2268 4049 2331 4090 ac
2384 4032 2656 4088 ﬂammam
2707 4029 3222 4100 exsuscitent,'sive
3272 4050 3498 4090 accensa

1921 4124 2135 4179 ﬂamma
2170 4125 2447 4179 combusta
2479 4123 2705 4190 fuerint,
2752 4140 2848 4192 par
2874 4135 2928 4179 et
2958 4125 3254 4180 consimilis
3282 4125 3405 4180 ﬂuis
3430 4140 3499 4180 ex

1921 4223 2152 4284 utroque
2183 4214 2374 4270 resilit.
2425 4213 2692 4268 Caeterum
2744 4229 2994 4284 magnam
3043 4215 3159 4283 ejus
3191 4215 3282 4284 qui
3313 4214 3497 4270 omnia

1923 4307 2204 4376 gubernat,
2233 4305 2553 4376 sapientiam
2593 4307 2892 4374 cernimus,
2932 4306 3100 4362 solem
3141 4307 3357 4361 aliunde
3391 4305 3498 4360 alio

1923 4403 2408 4460 transmoventem,
2433 4403 2494 4448 ut
2528 4408 2598 4448 ne
2633 4395 2686 4448 in
2721 4395 2911 4450 iisdem
2943 4397 3073 4450 locis
3105 4411 3316 4465 semper
3341 4409 3494 4449 com-

233 4499 370 4562 ϐων,
402 4501 470 4568 τῇ
495 4496 776 4567 πλεονεξίᾳ
808 4495 904 4548 τοῦ
937 4491 1141 4564 θερμοῦ
1177 4489 1483 4560 λυμήνηται
1515 4487 1613 4557 τὴν
1638 4486 1818 4540 διακό-

1925 4501 2165 4552 morans,
2201 4501 2382 4542 rerum
2415 4485 2663 4540 ordinem
2707 4501 2801 4556 per
2843 4487 3037 4542 caloris
3084 4487 3492 4542 redundantiam

231 4739 332 4780 sex
365 4721 452 4776 alii
487 4720 702 4776 codices
726 4718 1088 4788 ἀφαιρέσεως.
1125 4711 1516 4788 Statim__i30dl.
1551 4725 1672 4788 cum
1696 4709 1817 4788 aliis

231 4801 362 4848 octo
395 4807 522 4845 mss.
555 4801 611 4845 et
657 4781 788 4842 cum"
833 4781 1072 4841 editione
1121 4783 1286 4838 Basil.
1322 4781 1512 4844 ὕδατος
1543 4781 1814 4843 ἀπιστεῖς,

231 4865 396 4918 bene.
427 4860 606 4914 Editio
649 4859 821 4912 Paris.
852 4856 1044 4918 ὓδατος
1066 4855 1168 4908 οὑκ
1197 4855 1468 4915 ἀπιστεῖς.
1504 4851 1614 4904 Nec
1659 4851 1816 4904 aliter

231 4934 436 4999 legisse
464 4933 678 4984 videtur
723 4928 1064 4999 Eustathius,
1103 4926 1196 4992 qui
1253 4923 1332 4999 sic
1375 4931 1592 4999 vertat;
1621 4918 1726 4999 Sed
1755 4929 1816 4972 tu

229 4989 448 5075 quidem
474 5001 693 5075 liquoris
717 4996 1054 5075 amplitudini
1091 4989 1507 5075 notandiscredis.
1535 4989 1688 5071 Unde
1716 5005 1813 5060 pa-

237 5062 322 5128 iet
359 5062 611 5124 mendum
639 5069 847 5123 illud'in
881 5068 1088 5134 aliquot
1115 5065 1330 5134 codices
1365 5062 1670 5134 irrepsisse.

309 5143 422 5212 (27)
461 5137 612 5194 Coll).
658 5139 930 5212 secundus
970 5130 1811 5212 καταφλογίζονταζρὶοκ-ωδε.

229 5199 478 5280 plerique
511 5225 700 5264 omnes
745 5207 814 5260 τὰ
865 5205 1084 5277 συνεχῆ.
1116 5199 1284 5260 Abest
1313 5200 1576 5256 articulus
1606 5199 1674 5253 ab
1708 5201 1818 5254 edi-

231 5279 382 5335 tione
413 5279 582 5334 Paris.

306 5349 420 5420 (28)
453 5350 626 5420 Editio
655 5347 829 5420 Paris.
855 5347 1037 5418 ἀέριον
1062 5345 1293 5414 γίνεται.
1331 5341 1492 5396 Deest
1517 5339 1814 5420 γίνεται-ψ

227 5409 474 5474 editione
510 5419 676 5472 Basil.
708 5429 762 5473 et
817 5419 872 5472 in
924 5409 1048 5490 octo
1075 5409 1239 5490 ἐπες.
1289 5421 1485 5490 νηπίοι-
1517 5409 1668 5490 Bodl.
1693 5409 1816 5490 -Al.i-

229 5500 440 5554 quanto
467 5497 588 5557 post
622 5491 750 5558 lteg.
795 5489 988 5543 tertius
1017 5480 1305 5558 ἐπιλάϐῃξ
1335 5481 1532 5536 Statim
1578 5480 1710 5536 editi
1755 5480 1814 5532 ὲν

227 5557 652 5631 ὥρᾳεᾼὺεεῑῄὲν
691 5557 760 5612 ab
788 5568 910 5631 octo
939 5571 1066 5631 mss.

305 5621 416 5698 ('29)
465 5629 742 5698 Καίτοιγε
772 5627 916 5682 οὐδὲ
955 5625 1192 5696 θερμόν.
1235 5621 1509 5698 Ϋθιυεῇιιο
1551 5633 1811 5698 quorum-

229 5689 360 5752 dain
399 5689 861 5774 philosophorum
889 5689 1124 5774 _opiiiio_,
1189 5697 1305 5774 qui,
1353 5689 1808 5774 sulemu’calidutn

229 5783 352 5825 esse
375 5759 1020 5840 négantcshﬂirmabaiat
1051 5759 1462 5822 illius—calorem
1496 5761 1630 5817 nihil
1665 5759 1808 5814 aliud

1919 4722 2040 4763 esse
2064 4707 2166 4760 nisi
2189 4705 2428 4760 velocem
2458 4709 2744 4776 quemdam
2769 4707 3158 4762 circumactum
3183 4715 3236 4761 et
3265 4716 3492 4770 motum,

1922 4779 2258 4849 temporibus
2289 4779 2493 4832 nostris
2521 4779 2666 4849 viget
2700 4779 2955 4842 maxime,
3011 4777 3296 4847 placetque
3328 4793 3493 4847 quam

1919 4847 2185 4920 plurimis:

1991 4918 2103 4988 (30)
2134 4915 2226 4972 Sic
2279 4915 2428 4988 Regii
2463 4920 2668 4986 primus
2698 4927 2752 4972 et
2784 4926 3008 4972 octavus
3036 4931 3160 4972 cum
3203 4915 3377 4988 Colb,
3407 4933 3496 4972 se-

1921 4987 2096 5041 cundo
2121 4996 2177 5040 et
2209 5001 2332 5040 cum
2361 4987 2526 5042 Coisl.
2572 4989 2758 5042 itidem
2801 4990 3076 5052 secundo;
3136 4996 3190 5040 et
3240 4989 3314 5040 ita
3368 4987 3496 5056 legit

1919 5057 2254 5121 Eustathius,
2305 5057 2460 5123 cujus
2490 5059 2606 5112 haec
2655 5068 2828 5112 sunt:
2883 5057 2950 5110 Et
3009 5057 3340 5111 considerate
3393 5074 3494 5126 quo

1923 5128 2047 5196 freti
2089 5127 2420 5196 documento,
2478 5128 2626 5181 rebus
2677 5127 3078 5182 euidentissimis
3123 5132 3493 5196 adversantur.

1925 5195 2426 5282 Editicum‘ﬂegiis
2456 5199 2622 5282 tertio
2679 5207 2734 5250 et
2787 5198 2977 5282 quinto
3031 5210 3264 5282 euntque
3324 5195 3489 5282 Cois]:

1921 5264 2392 5340 primo_1rpb;rj1v
2423 5267 2753 5340 ᾲὲνεργειαν.
2805 5264 2934 5340 Mox
2964 5266 3148 5340 _m_ult_i
3188 5281 3332 5340 inss.
3380 5264 3494 5319 ἀλλ’

1923 5335 2062 5407 οὐχί.
2089 5335 2276 5407 Ειίὶιὶο
2314 5335 2486 5407 Paris.
2514 5335 2649 5390 ἀλλὰ
2682 5337 2799 5407 οὑχ.
2845 5335 3086 5392 Subinde
3107 5337 3259 5390 Colb.
3293 5351 3492 5389 secun-

1923 5405 2022 5477 dus
2053 5405 2212 5477 τοῦτο
2233 5406 2294 5458 τὸ
2323 5406 2542 5477 θερμόν.

1992 5475 2245 5548 (5i)_Sic
2291 5475 2475 5531 nostra
2522 5477 2686 5532 editio
2729 5475 2894 5548 Basil.
2929 5491 3051 5548 cum
3106 5484 3310 5548 septem
3361 5489 3491 5530 mss.

1921 5545 2100 5600 Editio
2127 5545 2303 5617 Paris.
2336 5548 2683 5617 μεταθεῖσαν.
2711 5547 2960 5600 Morellus
2975 5545 3307 5617 citatnescio
3330 5560 3493 5614 quam

1915 5617 2206 5670 editionem
2241 5616 2407 5688 Basil.
2447 5620 2497 5672 in
2533 5634 2640 5688 qua
2671 5618 2882 5688 legitur
2911 5616 3493 5688 μετατιθέντος-μεθο-

1917 5701 2021 5756 que
2041 5688 2220 5756 subdit
2249 5703 2262 5738 :
2297 5685 2494 5741 Farent
2519 5683 2590 5741 tot
2628 5683 2876 5756 gigriendi
2908 5683 3059 5739 casus
3101 5701 3222 5740 mox
3249 5683 3492 5754 subjecti,

1931 5743 2211 5821 Ἅττικῶς.
2241 5756 2403 5828 Bene,
2437 5760 2530 5816 sed
2558 5743 2901 5826 refragantur
2930 5771 3061 5814 mss.
