3846 6218
416 303 479 360 Ἠ
1720 307 1778 362 S.
1821 308 2065 364 BASlLll
2107 311 2321 367 MAGNI

3626 324 3700 380 72

415 415 675 470 devastet.
727 413 832 470 Sed
867 428 1009 468 nunc
1044 413 1257 482 quidem
1318 415 1383 467 ad
1438 417 1734 469 austrinam
1781 429 1948 487 parte:

2051 439 2322 492 ισμησιν·
2380 425 2513 478 ἀλλὰ
2565 423 2659 478 νῦν
2693 425 2792 494 μὲν
2842 426 3004 480 αὑτὸν
3056 426 3148 480 ἐπὶ
3187 430 3246 481 τὸ
3293 431 3472 484 νότιον
3513 434 3702 505 μέρος

415 509 558 562 circa
619 508 842 562 hiberna
897 507 1125 560 solstitia
1175 507 1496 570 transvehit,
1545 525 1687 563 nunc
1745 525 1873 565 vero
1915 513 1983 567 ad

333 596 338 600 ’
414 597 812 666 aquinoctialia
852 597 1111 652 transfert
1155 599 1308 666 signa
1358 615 1370 650 :
1421 609 1476 652 et
1512 600 1634 656 inde
1669 604 1735 655 ad
1770 611 1983 672 septen-

415 689 664 744 trionalia
690 690 756 747 ,in
803 689 1006 744 sativis
1051 689 1302 745 solstitiis
1348 692 1556 746 reducit
1595 711 1609 746 :
1644 695 1779 747 adeo
1808 704 1883 761 ut,
1917 710 1983 750 eo

412 790 728 835 transeunte
747 819 763 844 ,
802 781 854 835 in
879 780 1012 836 locis
1043 783 1274 837 terrenis
1297 784 1582 852 temperies
1609 797 1976 842 conservetur.

411 871 641 927 Videant
673 883 852 927 autem
883 889 950 928 an
981 873 1080 942 ipsi
1120 889 1301 929 secum
1330 891 1435 929 non
1455 876 1565 947 30
1585 889 1856 948 pugnent,
1887 881 1978 949 qui

409 963 618 1017 scilicet
672 979 822 1020 mare
870 965 1055 1020 dicant
1104 965 1414 1023 fluminibus
1441 985 1545 1024 non
1572 971 1874 1027 redundare
1907 975 1979 1028 ob

408 1067 527 1107 eam
552 1069 671 1123 qua
697 1070 726 1109 a
756 1054 871 1112 sole
899 1056 968 1110 sit
1014 1059 1502 1126 consumptionem,
1533 1074 1596 1115 ac
1633 1061 1849 1130 insuper
1869 1062 1978 1118 sal-

406 1160 523 1198 sum
559 1157 877 1202 etamarum
923 1147 1178 1218 relinqui,
1207 1164 1273 1203 eo
1312 1149 1539 1205 humore
1579 1152 1670 1221 qui
1701 1154 1876 1206 tenuis
1897 1163 1979 1208 est

406 1250 469 1288 ac
500 1237 649 1304 potui
684 1246 862 1307 aptus,
893 1239 1201 1309 absumpto,
1229 1241 1372 1309 quod
1419 1241 1592 1310 ipsum
1629 1244 1823 1298 accidit
1860 1260 1975 1298 ma-

405 1326 549 1381 xime
577 1343 640 1382 ex
669 1342 730 1382 ea
758 1344 919 1398 quam
971 1330 1049 1385 sol
1094 1332 1256 1386 habet
1306 1333 1642 1388 discernendi
1698 1334 1972 1401 facultate,

404 1433 507 1486 qua
531 1418 582 1472 id
606 1421 746 1488 quod
776 1421 893 1476 leve
938 1431 1044 1486 est,
1087 1424 1303 1493 abripit,
1337 1440 1581 1480 crassum
1630 1441 1758 1480 vero
1781 1437 1835 1481 et
1865 1437 1973 1482 ter—

403 1518 576 1564 restre
623 1519 876 1580 tanquam
925 1512 1110 1566 limum
1158 1523 1213 1568 et
1254 1515 1438 1569 faecem
1507 1516 1758 1584 relinquit
1789 1535 1802 1570 :
1833 1519 1974 1574 unde

400 1603 726 1665 amaritudo,
755 1612 810 1657 et
833 1603 1064 1675 salsugo,
1089 1615 1143 1659 et
1181 1605 1418 1660 siccandi
1451 1606 1681 1662 facultas
1723 1609 1857 1663 mari
1889 1609 1970 1663 in-

397 1701 501 1748 est.
531 1693 698 1748 Porro
722 1696 811 1765 qui
850 1696 973 1751 talia
1012 1698 1076 1751 de
1121 1698 1255 1752 mari
1305 1701 1574 1766 garriunt.
1610 1716 1796 1757 rursus
1852 1719 1967 1758 mu-

2087 517 2229 569 κατὰ
2270 517 2368 580 τὰς
2405 518 2720 588 χειμερινὰς
2753 519 2957 589 τροπάς
2990 520 3269 588 ἀπάγοντα
3307 523 3442 592 (52),
3496 525 3604 578 νῦν
3637 528 3698 579 δὲ

2084 606 2177 658 ἐπὶ
2216 607 2282 659 τὰ
2319 608 2608 678 ίσημερινὰ
2638 613 2838 680 σημεῖα
2873 612 3250 679 μετατιθέντα,
3289 615 3558 668 κάκεῖθεν
3587 618 3698 670 ἐπὶ

2081 697 2149 748 τὰ
2183 700 2524 770 προσάρκτια
2552 701 2656 753 ὑπὸ
2678 701 2774 764 τὰς
2808 700 3026 772 Οερινάς
3047 705 3257 772 τροπὰς
3282 706 3654 774 ἐπανάγοντα
3678 729 3691 738 ·

2081 788 2220 842 ὥστε
2252 793 2318 861 τῇ
2351 792 2491 844 κατά
2523 793 2715 864 μικρὸν
2745 792 2907 846 αὑτοῦ
2940 796 3236 864 μεταϐάσει
3275 797 3354 867 τῷ
3403 817 3476 850 πε
3488 801 3545 870 pi
3574 802 3693 870 γῆν

2082 882 2229 953 τόπῳ
2269 885 2369 953 τὴν
2403 885 2698 955 εὐκρασίαν
2751 885 3139 955 φυλάσσεσθαι.
3177 889 3578 943 Σκοπείτωσαν
3627 893 3694 945 δὲ

2080 976 2129 1026 εί
2163 975 2238 1046 μὴ
2267 977 2419 1030 αὐτοὶ
2444 979 2656 1041 ἑαυτοῖς
2682 979 3120 1048 περιπίπτουσιν,
3154 981 3207 1032 οἵ
3230 998 3291 1048 γε
3327 983 3427 1052 τὴν
3462 983 3691 1038 θάλασ-

2082 1085 2180 1120 σαν
2219 1069 2432 1137 λέγουσι
2466 1072 2601 1141 μήτε
2640 1071 2988 1141 πλημμυρεῖν
3022 1074 3132 1135 τοῖς
3162 1076 3424 1142 ποταμοῖς
3472 1075 3546 1127 ὲκ
3573 1075 3691 1143 τῆς

2077 1159 2171 1212 τοῦ
2207 1161 2354 1230 ἡλίου
2387 1162 2650 1233 δαπάνης,
2701 1164 2794 1216 καὶ
2849 1162 3071 1232 προσέτι
3107 1163 3355 1233 ἁλμυρὰν
3411 1166 3517 1217 καὶ
3578 1182 3685 1217 πι-

2078 1253 2216 1324 κρὰν
2243 1255 2656 1319 ἀπολείπεσθαι,
2681 1256 2775 1309 τοῦ
2807 1257 3004 1308 λεπτοῦ
3041 1261 3135 1310 καὶ
3160 1258 3391 1326 ποτίμου
3421 1257 3538 1309 ὑπὸ
3573 1258 3684 1326 τῆς

2077 1343 2284 1415 θέρμης
2306 1346 2670 1409 ἁναλωῢέντος
2689 1363 2700 1374 ·
2731 1348 2868 1415 ὅπερ
2907 1347 2971 1398 ἐκ
2993 1347 3090 1416 τῆς
3117 1345 3210 1398 τοῦ
3239 1346 3390 1414 ἡλίου
3419 1346 3684 1414 μάλιστα

2075 1441 2281 1508 γίνεται
2324 1439 2668 1510 διακρίσεως,
2715 1439 2774 1491 τὸ
2805 1439 2901 1507 μὲν
2941 1439 3142 1505 κοῦφον
3183 1439 3497 1504 ἀπάγοντος
3526 1439 3676 1503 (55),

2071 1531 2212 1583 τὸδὲ
2243 1531 2386 1600 παχὺ
2421 1530 2512 1582 καὶ
2555 1529 2754 1596 γεῶδες
2791 1522 2902 1580 οἷόν
2946 1546 3068 1581 τινα
3111 1529 3225 1581 ίλίιν
3267 1528 3360 1580 καὶ
3416 1529 3678 1581 ὑποστά-

2073 1621 2216 1693 θμην
2239 1622 2544 1690 ἐναφιέντος
2568 1639 2580 1651 ο
2632 1621 2690 1687 ἐξ
2735 1616 2796 1674 οὗ
2829 1621 2889 1673 τὸ
2915 1621 3107 1692 πικρὸν
3146 1622 3240 1674 καὶ
3274 1621 3527 1691 ἁλμυρὸν
3573 1622 3677 1673 καὶ

2074 1714 2391 1784 ξηραντικὸν
2434 1717 2498 1784 τῇ
2529 1714 2768 1784 Θαλάσσῃ
2816 1717 3096 1784 προσεῖναι
3128 1714 3259 1784 ('54).
3291 1714 3351 1766 Οί
3383 1712 3449 1783 δὴ
3484 1713 3676 1767 ταῦτα.

399 1793 508 1838 tata
538 1787 800 1841 sententia
828 1789 1108 1844 humorem
1148 1805 1178 1844 a
1221 1789 1333 1845 sole
1365 1791 1496 1846 nihil
1535 1793 1780 1849 imminui
1823 1794 1948 1850 affir-

2226 1773 2498 1877 θαλάσσης
2535 1773 2804 1873 λέγοντές,
2842 1773 3000 1858 πάλιν
3034 1773 3520 1875 μεταϐαλλόμενοι,
3559 1823 3672 1875 μη-

397 1884 564 1932 malit.

465 2080 514 2134 8.
551 2080 613 2134 Et
645 2084 844 2138 vocavit
883 2083 1020 2138 Deus
1060 2084 1442 2152 ﬁrmamentum
1489 2086 1671 2141 mlum
1692 2087 1773 2154 ‘7;
1805 2087 1876 2142 ita
1906 2097 1966 2144 ut

393 2175 607 2242 pr0prie
645 2175 857 2242 quidem
894 2160 1181 2230 conveiiiat
1227 2177 1379 2232 alteri
1427 2177 1612 2233 isthaec
1657 2179 1963 2249 appellatio,

391 2265 743 2319 similitudine
776 2280 906 2321 vero
927 2266 1322 2323 firmamentum
1351 2284 1564 2338 quoque
1602 2270 1761 2338 hujus
1788 2273 1965 2326 nomi-

392 2355 476 2410 nis
496 2356 567 2410 sit
597 2357 883 2426 particeps.
909 2358 1172 2414 Cazterum
1205 2360 1580 2430 aspectabilem
1612 2363 1753 2416 hunc
1781 2362 1960 2419 locum

390 2446 495 2500 dici
524 2446 720 2500 ctrlum
753 2462 893 2518 saepe
919 2449 1345 2514 observavimus,
1384 2452 1454 2505 ob
1476 2451 1797 2506 densitatem
1829 2468 1960 2507 con-

390 2537 805 2608 tinuitatemque
829 2542 996 2607 aeris,
1017 2541 1291 2596 offerentis
1320 2556 1378 2597 se
1405 2542 1550 2597 clare
1590 2553 1778 2598 nostro
1806 2559 1962 2614 aspe-

389 2629 523 2693 ctui,
555 2639 611 2684 et
629 2643 698 2683 ex
719 2648 783 2685 eo
813 2617 954 2699 quod
997 2632 1227 2697 videtur,
1260 2633 1380 2688 cmli
1417 2648 1607 2688 nomen
1647 2636 1960 2702 obtinentis,

390 2719 478 2773 ubi
512 2719 760 2775 videlicet
788 2722 866 2776 ait
892 2723 1170 2790 Scriptura
1206 2741 1219 2776 :
1258 2723 1506 2777 Volucres
1530 2724 1725 2779 coeli".
1754 2724 1821 2778 Et
1858 2725 1955 2779 ite-

327 2871 332 2876 _
388 2825 506 2864 rum
540 2827 554 2864 :
604 2810 847 2865 Volantia
873 2817 1154 2867 secundant
1177 2814 1562 2882 ﬁrmamentum
1589 2815 1702 2868 caeli
1727 2815 1790 2868 δν.
1829 2815 1958 2870 Tale

386 2910 470 2956 est
491 2910 546 2957 et
583 2903 710 2958 illud
737 2921 750 2958 :
785 2904 1083 2959 Ascendunt
1111 2922 1269 2975 usque
1295 2907 1362 2958 ad
1390 2906 1543 2958 cmlos
1565 2906 1630 2958 ⁸ο.
1661 2905 1723 2959 Ει
1748 2905 1957 2977 Moyses

385 2995 710 3050 benedicens
743 2995 902 3050 tribui
935 2994 1154 3067 Joseph,
1189 3013 1218 3050 ιι
1250 2997 1510 3051 fructibus
1540 2997 1662 3051 caeli
1706 3007 1760 3051 et
1811 3011 1954 3061 rore,

382 3097 440 3141 et
485 3103 515 3140 a
544 3088 791 3144 solstitiis
832 3099 888 3144 et
925 3089 1252 3145 coitionibus
1286 3089 1556 3152 lunarum,
1601 3099 1656 3142 et
1688 3104 1717 3141 a
1753 3090 1954 3145 vertice
1980 3121 2021 3179 ρ

384 3178 666 3243 montium,
693 3189 748 3234 et
786 3179 1002 3235 collium
1050 3190 1373 3235 :eteruorum
1405 3179 1802 3234 benedictiones
1843 3180 1945 3234 im-

381 3272 604 3340 pertit"
628 3290 641 3326 :
676 3273 872 3342 quippe
901 3273 1042 3342 quod
1065 3271 1451 3339 circumjacens
1477 3271 1650 3325 telluri
1681 3272 1830 3326 locus
1856 3286 1949 3342 per

2068 1899 2258 1967 δεμίαν
2311 1899 2402 1952 τοῦ
2457 1898 2623 1968 ὑγροῦ
2677 1895 2918 1965 γίνεσθαι
2974 1897 3200 1967 μείωσιν
3234 1898 3298 1950 ἐκ
3347 1896 3446 1949 τοῦ
3499 1897 3668 1964 ἡλίου

2069 1992 2223 2058 φασῇ

2136 2080 2187 2133 8.
2215 2079 2322 2132 Καὶ
2345 2079 2638 2133 ἐκάλεσεν
2668 2084 2699 2135 ό
2743 2081 2888 2145 Θεὸς
2918 2080 2985 2132 τὸ
3017 2078 3317 2147 στερέωμα
3349 2080 3623 2145 οὐρανόν
3643 2095 3656 2107 ·

2063 2171 2138 2233 ὡς
2176 2173 2376 2241 κυρίως
2419 2174 2515 2242 μὲν
2547 2173 2716 2243 ἑτέρῳ
2754 2173 2852 2242 τῆς
2890 2171 3256 2243 προσηγορίας
3301 2169 3664 2240 ἐφαρμοζού-

2066 2279 2186 2333 σης,
2221 2263 2340 2316 καθ’
2380 2265 2635 2334 ὁμοίωσιν
2672 2266 2727 2317 δὲ
2761 2265 2853 2317 καὶ
2894 2264 3085 2316 τούτου
3134 2263 3660 2332 μεταλαμϐάνοντος

2062 2354 2160 2423 τῆς
2207 2355 2448 2426 κλήσεως
2506 2356 2638 2426 (55).
2687 2358 3082 2426 Τετηρήκαμεν
3131 2355 3187 2408 δὲ
3229 2354 3501 2423 πολλαχοῦ
3561 2355 3658 2406 τὸν

2060 2447 2332 2517 ὁρώμενον
2365 2447 2526 2501 τόπον
2564 2447 2790 2515 οὐρανὸν
2840 2447 3129 2516 λεγόμενον
3175 2446 3282 2514 (36)
3310 2446 3418 2514 (διὰ
3458 2445 3522 2497 τὸ
3558 2465 3654 2498 να-

2063 2540 2186 2591 στὸν
2216 2539 2308 2591 κα).
2347 2539 2565 2608 συνεχὲς
2586 2538 2678 2590 τοῦ
2703 2539 2862 2608 ἀέρος
2895 2537 3141 2609 ἐναργῶς
3171 2540 3203 2605 ἡ
3215 2537 3326 2607 μῶν
3358 2541 3481 2600 ταῖς
3515 2537 3649 2605 δ’ᾲί-

2061 2646 2142 2681 σιν
2182 2630 2595 2692 ὑποπίπτοντος,
2627 2630 2719 2682 καὶ
2765 2629 2916 2698 παρὰ
2949 2629 3008 2681 τὸ
3031 2628 3256 2697 ὁρᾶσθαι
3284 2629 3381 2698 τῆς
3413 2628 3512 2680 τοῦ
3556 2630 3650 2680 οὑ-

2062 2721 2223 2791 ρανοῦ
2254 2721 2363 2790 (37)
2406 2721 2774 2792 προσηγορίας
2808 2719 3124 2789 ἀξιουμένου
3160 2721 3214 2770 ὲν
3247 2713 3327 2780 οἷς
3359 2736 3529 2789 φησισ
3570 2722 3652 2774 Τὰ

2059 2812 2298 2864 πετεινὰ
2341 2813 2447 2864 τοῦ
2485 2810 2742 2880 οὐρανοῦ
2769 2828 2782 2841 ο
2829 2811 2922 2864 καὶ
2976 2811 3136 2864 πάλιν
3162 2827 3174 2840 ο
3217 2812 3292 2863 Τὰ
3336 2812 3650 2878 πετόμενα

2057 2903 2204 2956 κατὰ
2236 2903 2298 2956 τὸ
2332 2902 2633 2972 στεέέωμα
2665 2903 2769 2955 τοῦ
2797 2902 3075 2968 οὐρανοῦ.
3105 2901 3352 2954 Τοιοῦτόν
3397 2903 3525 2955 ἐστι
3549 2907 3648 2958 καὶ

2055 2995 2136 3047 τό·
2175 2995 2618 3048 Ἀναϐαίνουσιν
2639 2994 2748 3060 ἕως
2773 2994 2886 3046 τῶν
2913 2992 3202 3062 οὐρανῶν.
3235 2995 3341 3045 Καὶ
3366 2994 3644 3062 Μωῦσῆς,

2056 3088 2288 3155 εὐλογῶν
2336 3087 2430 3158 τὴν
2462 3087 2630 3158 φυλὴν
2674 3086 2766 3139 τοῦ
2807 3088 3026 3156 Ἰωσὴφ,
3058 3088 3161 3140 ἀπὸ
3199 3071 3357 3156 ὡρῶν
3393 3088 3506 3156 (53)
3548 3088 3645 3139 οὖ-

2058 3181 2239 3252 ρανοῦ,
2269 3182 2360 3234 καὶ
2389 3181 2602 3251 δρόσου,
2638 3180 2731 3232 καὶ
2771 3179 2878 3232 ἀπὸ
2912 3179 3059 3250 ἡλίου
3093 3178 3327 3249 τροπῶν,
3369 3180 3463 3232 καὶ
3504 3197 3642 3232 συν-

2053 3272 2187 3324 όδων
2208 3271 2411 3342 μηνῶν,
2443 3272 2532 3324 καί
2563 3271 2668 3324 ἀπὸ
2684 3270 2928 3340 κορυφῆς
2953 3270 3123 3340 ὀρέων
3161 3271 3252 3324 καὶ
3281 3269 3482 3339 βουνῶν
3509 3271 3642 3322 ἀεν-

454 3428 497 3460 "
525 3429 659 3483 Gen.
691 3445 726 3494 ι,
753 3429 805 3481 8.
882 3429 925 3460 ⁸⁸
953 3428 1093 3484 Psal.
1143 3444 1255 3492 vni,
1285 3428 1338 3482 9.
1367 3428 1460 3506 ﬂ"
1497 3426 1631 3482 Gen.
1668 3445 1705 3494 ι,
1735 3427 1824 3482 ‘20.
1899 3427 2125 3499 5°_Psal.
2157 3443 2264 3485 ενι,
2289 3425 2376 3479 96.
2455 3427 2498 3456 ⁵¹
2530 3427 2684 3480 Deut.
2710 3443 2867 3490 ιιιιιιι,
2898 3427 3082 3481 15-15.

453 3584 564 3655 (32)
582 3584 771 3657 _Editio
796 3583 802 3587 ’
827 3584 1019 3657 Ριιιίιι.Δ
1047 3601 1280 3657 τροπας
1307 3585 1677 3657 απάγοντος...
1743 3587 1944 3657 σημεῖα

425 3654 824 3718 ιτατιθέντος...
859 3654 1066 3726 τροπὰς
1087 3654 1096 3657 ⁷
1119 3656 1499 3726 ἐπανάγοντος.
1531 3655 1736 3726 ﬂustra
1782 3655 1947 3726 editio

425 3674 824 3718 ετατιυεντος...
859 3674 1066 3726 τροπάς
1119 3674 1499 3724 επαναγοντος.
1547 3674 1736 3707 txosrra
1782 3674 1939 3708 caluo

379 3674 542 3779 iiasil.
566 3735 622 3779 et
652 3734 876 3794 uterque
901 3725 1068 3780 Coisl.
1099 3737 1154 3778 et
1184 3723 1344 3794 Bodl.
1365 3741 1484 3778 cum
1530 3723 1710 3794 Regiis
1742 3724 1939 3790 primo,

378 3797 560 3859 tertio,
579 3794 766 3863 quinto
790 3792 859 3850 iet
885 3805 1056 3861 sexto,
1087 3804 1282 3847 etcum
1309 3793 1462 3847 Colb.
1489 3792 1743 3863 secundo,
1783 3802 1943 3858 prout

375 3860 662 3918 edidimus.
691 3863 957 3919 Caeterum
993 3865 1340 3926 arbitramur,
1373 3863 1607 3916 editores
1633 3860 1798 3914 Marte
1825 3876 1944 3925 pro-

373 3935 494 4002 prio
519 3949 623 3986 non
653 3949 720 3987 ex
757 3935 860 3989 fide
897 3934 1140 3988 codicum
1188 3949 1324 3987 mss.
1350 3933 1580 4002 edidisse
1621 3930 1938 4002 μετατιθέν-

372 3999 531 4066 τος...
583 4003 912 4073 ἀπάγοντος,
969 4015 1100 4065 etc.,
1133 4013 1192 4056 ut
1247 4019 1313 4057 ne
1372 3999 1646 4073 videretur
1707 3999 1940 4073 Basilius

372 4083 560 4127 contra
586 4071 797 4143 regulas
827 4076 1203 4143 grammatices
1231 4085 1502 4143 peccasse.
1532 4071 1595 4123 Et
1619 4085 1746 4143 vero
1783 4071 1824 4143 si
1853 4086 1940 4122 ra-

373 4145 448 4213 tio
481 4139 770 4197 haberetur
797 4139 1103 4213 regularum
1141 4139 1636 4210 gra‘inmaticarum,
1666 4139 1940 4213 debuisset

371 4211 602 4266 Basilius
645 4209 886 4267 scribere
937 4209 1276 4279 dadycu’cav,
1342 4225 1531 4277 nempe
1565 4209 1777 4278 σοφίαν.
1831 4209 1936 4263 Sed

371 4291 587 4336 constat
616 4283 876 4351 exemplis
935 4283 1116 4334 multis
1159 4282 1397 4350 insignes
1451 4294 1780 4348 magnosque
1811 4295 1938 4332 ora-

371 4360 515 4405 tores
545 4353 610 4405 ad
641 4360 904 4421 przecepta
958 4351 1310 4420 grammatica
1359 4366 1469 4421 non
1516 4363 1728 4421 semper
1761 4357 1936 4402 atten-

369 4421 521 4484 dere,
552 4418 655 4476 sed‘
695 4435 756 4475 ea
819 4418 1203 4488 nonnunquam
1251 4419 1542 4488 negligere.
1588 4418 1775 4486 Itaque
1825 4434 1932 4471 non

2052 3582 2358 3650 quempiam
2391 3595 2420 3635 e
2450 3583 2666 3649 regione
2692 3585 2838 3638 vocis
2861 3585 3024 3638 τόπον
3056 3599 3152 3652 per
3185 3586 3397 3640 modum
3427 3589 3628 3645 sebolii

2053 3654 2118 3705 ad
2139 3655 2448 3730 marginem
2487 3653 2567 3705 sui
2619 3655 3183 3730 cmiiei_s__app93u_i_s_se
3215 3656 3402 3730 τοῦτον
3445 3659 3626 3730 ἀέρα,

2052 3731 2106 3776 el.
2139 3721 2265 3774 hinc
2305 3721 2500 3775 factum
2530 3737 2671 3783 esse,
2700 3733 2759 3775 ut
2793 3721 2996 3778 librarii
3031 3727 3119 3778 alii
3170 3726 3306 3779 hanc
3335 3721 3631 3784 lectionem

2050 3791 2376 3865 inserueriut
2416 3795 2606 3846 textui.
2640 3793 3139 3865 Neeparnmihanc
3168 3806 3407 3850 nostram
3441 3801 3627 3865 (κοτήε-

2047 3873 2256 3913 ctnram
2294 3861 2536 3927 adjuvat,
2568 3865 2708 3930 quod
2743 3864 3080 3916 Eustatliium
3114 3875 3322 3918 constet
3351 3867 3514 3918 τόπον
3546 3861 3626 3924 ie-

2084 3931 2210 3992 isse,
2250 3945 2371 4001 cum
2399 3931 2478 3984 sic
2506 3941 2681 3986 vertat
2715 3931 2954 3987 :Scimus
2989 3943 3163 3989 tamen
3191 3936 3471 4001 saepissime
3524 3957 3629 3993 rm-

2069 4016 2154 4052 um
2189 4001 2292 4052 dici
2336 3999 2508 4072 locum
2549 4004 2775 4068 spissum
2818 4005 3196 4072 densatumque
3227 3999 3383 4058 aeris.
3414 4004 3619 4064 Vocem

2047 4079 2227 4140 autem
2255 4071 2414 4140 aeris,
2451 4081 2508 4122 ut
2540 4073 2672 4124 alias
2709 4073 3021 4140 permultas.
3049 4071 3262 4128 videtur
3286 4077 3350 4129 de
3385 4090 3480 4131 suo
3514 4082 3620 4133 ad-

2044 4139 2245 4192 didisse
2276 4139 2613 4205 Eustathius,
2645 4139 3038 4209 explanationis
3078 4161 3265 4197 causa.

2115 4209 2618 4283 (~57)Allzec_qnidem
2649 4220 2842 4283 sonant
2866 4213 3068 4283 Optime
3113 4216 3166 4267 in
3198 4214 3424 4276 Graecis,
3461 4219 3613 4283 quod

2042 4292 2146 4332 vox
2200 4279 2426 4352 ουρανός
2468 4291 2522 4334 et
2555 4281 2774 4352 verbum
2815 4282 3047 4352 ὁρᾷσοαι
3096 4284 3330 4337 habeant
3386 4279 3528 4338 inter
3557 4303 3618 4341 se

2042 4349 2415 4423 cognatimiem
2446 4351 2734 4423 quamdam
2763 4367 2774 4402 :
2815 4349 2866 4404 iii
2901 4349 3108 4404 Latinis
3134 4369 3238 4406 non
3282 4355 3431 4416 item,
3467 4358 3617 4423 quod

2044 4417 2183 4469 inter
2211 4433 2396 4471 vocem
2424 4419 2609 4472 caelum
2639 4430 2694 4473 et
2741 4423 2962 4475 verbum
3009 4425 3174 4476 videri
3225 4417 3617 4481 convenientia

362 4467 1209 4560 ίὲιῖἱῐὲῆἷειιιῖιξίρίῖἇέέᾶξὶίιέᾶζ
1242 4467 1607 4560 éiEI'Féréias
1641 4467 1706 4540 ad
1747 4503 1934 4560 vocem
1966 4467 2012 4527 D
2043 4487 2298 4560 nullasit.

368 4557 736 4629 copiam—sed
798 4557 867 4615 ad
924 4574 1109 4614 vocem
1163 4559 1614 4623 subintellectam,
1673 4557 1935 4629 κυϐερνή-

363 4646 484 4682 την.

401 4647 551 4766 ηἷὲδ)
582 4698 734 4754 Colb.
760 4699 1031 4753 secundus
1053 4697 1251 4765 κοῦφον
1279 4698 1591 4764 ἀνάγοντος.

436 4770 546 4836 (54)
575 4769 706 4837 Reg.
743 4771 946 4836 primus
977 4768 1277 4838 προσιέναι.

437 4835 548 4907 (55)
595 4835 753 4892 (λόιδξ
795 4835 1062 4892 secundus
1100 4839 1368 4907 κλήσεως·
1396 4837 1568 4898 οὕτως
1591 4835 1665 4898 ὡς
1690 4837 1929 4907 εἴρηται.

363 4905 490 4960 Vult
516 4905 746 4962 Basilius
784 4905 1197 4962 firmamentum
1226 4923 1330 4961 non
1365 4908 1580 4975 proprie
1608 4905 1808 4960 cmlu‘m
1833 4924 1930 4960 no—

363 4977 584 5041 minari,
620 4978 714 5032 sed
773 4979 1034 5032 duntaxat
1079 4977 1200 5031 cmli
1257 4979 1475 5030 nomine
1537 4976 1784 5046 insigniri
1833 4993 1928 5045 per

363 5049 652 5112 quamdam
682 5047 1116 5100 similitudinem.

435 5117 547 5188 (56)
575 5115 728 5188 Colb.
770 5117 1045 5188 secundus
1072 5115 1301 5188 ctﬂReg.
1332 5125 1563 5188 octavus
1599 5130 1719 5188 eum
1753 5115 1924 5188 Goisl.

361 5184 600 5256 secundo
623 5185 714 5239 τὸν
756 5185 1031 5256 ὁρώμενον
1069 5186 1254 5256 τοῦτον
1281 5185 1418 5254 ἀέρα
1448 5184 1671 5253 οὐρανὸν
1697 5184 1926 5254 λεγόμε-

360 5273 472 5321 νον,
505 5255 762 5310 Οωιεηιηι
790 5255 1176 5321 inspectabilem
1217 5256 1352 5307 hunc
1390 5271 1561 5307 aerem
1593 5257 1700 5307 dici
1735 5256 1922 5308 caelum

362 5342 496 5393 sa’pe
519 5327 920 5380 observavimus.
957 5327 1092 5379 Editi
1123 5337 1176 5378 et
1211 5325 1360 5392 Regii
1393 5325 1597 5392 primus
1618 5336 1672 5376 et
1701 5328 1922 5389 quintus

363 5409 480 5464 eum
524 5395 687 5450 Coisl.
718 5397 1017 5464 vetustiore
1054 5395 1146 5447 τὸν
1176 5393 1452 5464 ὁρώμενον
1481 5393 1643 5445 τόπον
1691 5393 1919 5463 οὐρανὸν

357 5460 669 5532 λεγόμενον,
697 5463 1094 5518 Observavimus
1123 5460 1305 5518 autent
1342 5480 1445 5516 non
1491 5479 1612 5515 raro
1663 5460 1917 5516 visibilem

357 5530 502 5602 (tunc
523 5534 690 5587 locum
712 5535 898 5586 cretum
930 5535 1203 5602 appellari.
1236 5533 1496 5602 Equidem
1551 5548 1654 5585 non
1711 5533 1920 5587 inficias

361 5596 569 5663 iverim,
597 5605 805 5657 admitti
841 5596 1008 5670 posse
1039 5596 1323 5658 lectionem
1386 5613 1671 5670 utramque
1717 5619 1729 5655 :
1782 5603 1913 5655 mihi

359 5673 534 5739 tamen
563 5672 743 5724 nescio
769 5674 1037 5739 quomodo
1070 5672 1415 5728 verisimilius
1447 5673 1523 5735 fit,
1559 5670 1910 5739 posteriorem

351 5734 518 5800 priori
538 5751 659 5791 esse
682 5734 1128 5809 anteponendam.
1169 5742 1424 5812 Suspicor
1451 5734 1596 5798 enim
1631 5740 1908 5797 librarium

2113 4558 2224 4625 (58)
2271 4557 2606 4626 Ἄπὸώρῶν,
2631 4577 2663 4613 a
2696 4558 3158 4627 frnctibus.Quam
3191 4563 3471 4617 lectionem
3503 4581 3615 4620 non

2038 4627 2166 4680 editi
2195 4627 2366 4681 solum
2398 4631 2675 4691 exhibent,
2717 4633 2810 4683 sed
2838 4633 2998 4683 etiam
3033 4633 3174 4684 Sixt.
3201 4632 3393 4692 Biblia.
3436 4632 3614 4688 Coisl.

2037 4699 2329 4768 secundus,
2361 4698 2513 4752 Coll).
2543 4699 2833 4762 secundus,
2863 4700 3012 4768 Regii
3036 4699 3258 4768 quintus
3297 4712 3351 4756 et
3383 4712 3617 4758 octavus

2036 4782 2158 4820 cum
2200 4767 2474 4841 Medicago.
2511 4768 2870 4841 llenrieianus
2901 4767 3028 4822 vero
3055 4767 3186 4841 cum
3217 4771 3398 4840 Regiis
3428 4774 3617 4841 primo

2034 4845 2088 4906 et
2125 4838 2284 4890 tertio
2315 4836 2477 4906 ὀρῶν,
2508 4855 2538 4889 a
2567 4839 2854 4902 montibus,
2885 4855 3003 4906 qua:
3031 4839 3217 4892 ultima
3255 4836 3444 4905 lectio;
3469 4853 3618 4898 teste

2033 4905 2298 4959 Flaminio
2321 4905 2561 4976 Nobilio,
2592 4907 2859 4974 reperitur
2888 4905 2940 4960 in
2983 4907 3304 4976 quibusdam
3344 4911 3617 4965 Deutero-

2033 4977 2196 5048 nomii
2234 4975 2532 5031 codicibus.
2565 4980 2883 5048 Ambrosius
2931 4975 3117 5046 procul
3149 4980 3310 5033 dubio
3338 4979 3468 5048 legit
3499 4981 3617 5034 ἀπὸ

2030 5044 2189 5116 ὅρων,
2216 5062 2336 5116 cum
2373 5048 2462 5099 lib.
2496 5063 2532 5099 ιι
2564 5049 2617 5099 in
2647 5044 2944 5116 flexaemni
2965 5064 3085 5116 cap.
3118 5049 3172 5108 ι,
3217 5065 3367 5104 num.
3391 5044 3501 5112 ‘16,
3531 5055 3617 5107 sic

2030 5113 2228 5168 habeat
2265 5131 2279 5167 :
2311 5115 2544 5184 Denique
2569 5126 2615 5167 et
2653 5115 2862 5185 Moyses
2903 5113 3285 5172 benedictiones
3325 5121 3486 5172 tribui
3510 5120 3616 5174 Jo-

2028 5187 2148 5250 sep/i
2181 5202 2212 5237 a
2241 5185 2599 5259 ﬁnibus_c_aeli.
2640 5185 2943 5259 Nec_ali_ter
2979 5187 3108 5255 legit
3133 5188 3479 5254 Eustathius,
3512 5194 3611 5259 qui

2003 5254 2201 5323 ‘_v_ertat
2233 5270 2248 5306 :
2277 5269 2338 5305 ea:
2368 5255 2558 5319 ﬁnibus
2583 5256 2721 5308 coeti.
2762 5253 3009 5322 Vulgata,
3035 5253 3098 5310 de
3118 5262 3284 5323 pomis
3314 5253 3472 5312 cmli.
3492 5253 3611 5316 Vox

2026 5320 2272 5386 llebrara,
2298 5324 2471 5390 inquit
2501 5328 2742 5386 Dircaeus,
2771 5320 2997 5379 delicias
3025 5339 3080 5379 et
3107 5320 3368 5382 delicatos
3394 5333 3608 5382 fructus

2022 5393 2308 5459 significat.
2338 5392 2490 5446 Unde
2520 5392 2793 5462 Pagninus
2837 5393 2902 5446 ad
2944 5398 3188 5456 verbum,
3243 5397 3307 5448 de
3357 5399 3607 5452 delicatis

2022 5463 2286 5533 cie/orum.
2323 5463 2585 5515 Cmterum
2618 5465 2683 5516 ad
2721 5464 3027 5533 exemplum
3051 5465 3282 5517 aliorum
3314 5470 3605 5533 vertimus,

2019 5531 2370 5598 afructibns:
2407 5547 2710 5604 quanquam
2745 5531 2865 5603 ὥρα
2887 5531 3015 5604 ίιιοιι
3050 5544 3157 5588 tam
3187 5535 3459 5604 significet
3491 5531 3609 5591 fru4

2018 5610 2186 5678 ctum,
2215 5616 2376 5678 quam
2407 5604 2601 5678 maturi
2642 5601 2852 5658 fructus
2871 5603 3133 5659 eximium
3159 5601 3398 5663 colorem
3432 5619 3600 5678 atque

2017 5673 2264 5740 gratiam.
2301 5671 2440 5731 Lege
2476 5671 2776 5744 Ducaumq
