3846 6218
217 304 309 374 73
1376 318 1666 375 ilOMlLIA
1706 318 1775 375 ιιι
1808 319 1876 376 IN
1911 316 2409 376 HEXAEMERON.
3438 313 3511 371 υ

220 432 381 487 νάων
409 436 509 492 τας
534 430 784 498 εὐλογίας
820 430 1056 497 δίδωσιν,
1098 433 1174 496 ὡς
1221 435 1317 488 τοῦ
1350 437 1477 506 περὶ
1518 437 1620 506 γῆν
1663 437 1828 489 τόπου

1936 439 2125 492 borum
2153 439 2463 508 temperiem
2496 432 2834 491 fecundetur.
2864 429 3003 498 Quin
3034 438 3088 487 et
3122 430 3174 485 in
3202 429 3507 487 maledictis

219 523 317 577 διά
349 524 454 587 τῆς
479 522 538 573 ἐν
564 520 776 585 τούτοις
801 522 1055 588 εὑταξίας
1076 526 1302 594 εὑθηνου
1312 528 1494 597 μένου.
1535 527 1694 580 Ἀλλὰ
1728 528 1821 581 καὶ

221 617 287 667 ὲν
324 612 449 669 ταῖς
479 613 748 684 κατάραις
777 614 855 684 τῷ
893 615 1108 686 Ἰσραὴλ
1147 617 1285 686 (:9),
1319 617 1531 671 Ἔσται
1562 635 1681 683 σοι,
1714 636 1820 689 φη..

227 708 336 771 σὶν,
367 708 400 758 ὁ
448 702 597 772 ὑπὲρ
644 705 914 774 κεφαλῆς
948 708 1204 775 οὐρανὸς
1246 710 1533 778 χαλκοῦς.
1570 710 1636 763 Τί
1664 710 1823 764 τοῦτο

220 798 433 866 λέγων;
476 797 589 867 Τὴν
619 797 860 868 παντελῆ
890 798 1155 870 ξηρασίαν
1183 801 1277 853 καὶ
1311 801 1579 871 ἐπίλειψιν
1605 802 1710 855 τῶν
1732 803 1823 855 ἀε-

225 890 363 960 ρίων
402 882 636 952 ὑδάτων,
670 889 737 942 δι’
779 881 855 942 ὧν
884 893 951 960 τῇ
992 892 1061 962 γῇ
1102 891 1162 943 τὸ
1198 891 1421 963 γόνιμον
1454 893 1563 945 τῶν
1591 892 1823 965 καρπῶν

224 981 551 1052 ἐνυπάρχει.
582 982 754 1035 Ὅταν
781 978 873 1035 οὖν
911 984 975 1034 ἐκ
998 983 1091 1035 τοῦ
1124 984 1357 1055 οὐρανοῦ
1403 983 1663 1054 φέρεσθαι
1688 985 1821 1055 λέγῃ

224 1072 420 1145 δρόσον
451 1075 484 1144 ἦ
517 1073 697 1138 ὑετὸν,
748 1076 875 1146 περὶ
921 1076 1128 1130 ὑδάτων
1176 1076 1403 1147 νοοῦμεν
1444 1078 1545 1129 ὅσα
1583 1076 1823 1148 τὴνάνω

226 1166 485 1236 κατέχειν
522 1165 870 1220 διατέτακται
915 1166 1119 1239 χώραν.
1156 1169 1547 1239 Συναγομένων
1576 1168 1686 1239 γὰρ
1713 1168 1823 1222 τῶν

226 1257 655 1329 ἀναθυμιάσεων
694 1260 823 1330 περὶ
867 1259 928 1313 τὸ
978 1258 1129 1328 ὑψος,
1173 1260 1267 1313 καὶ
1311 1261 1683 1330 πυκνουμένω
1726 1262 1820 1315 τοῦ

228 1351 396 1422 ἀέρος
427 1355 549 1415 ταῖς
579 1354 644 1404 ἐκ
684 1351 793 1405 τῶν
831 1352 1159 1424 πνευμάτων
1213 1354 1517 1425 πιλήσεσιν,
1554 1355 1683 1409 ὃταν
1724 1355 1822 1426 μὲν

228 1443 292 1496 αί
329 1445 467 1506 τέως
502 1442 804 1510 ἀτμοειδῶς
829 1444 923 1498 καὶ
947 1442 1162 1508 λεπτῶς
1194 1445 1597 1515 ἐνεσπαρμέναι
1629 1444 1707 1515 τῷ
1732 1445 1821 1498 νέ-

228 1551 324 1603 φει
365 1534 567 1595 νοτίδες
612 1532 869 1605 ἀλλήλαις
913 1535 1370 1605 προσχωρήσωσι,
1424 1534 1682 1603 σταγόνες
1735 1534 1822 1599 γί-

230 1641 474 1693 γνονται,
502 1623 581 1693 τῷ
613 1624 770 1695 βάρει
792 1625 901 1678 τῶν
929 1625 1334 1694 συγκριθέντων
1358 1626 1657 1697 φερόμεναι
1686 1625 1822 1697 πρὸς

232 1718 298 1771 τὸ
329 1717 481 1769 κάτω
501 1732 515 1745 ·
547 1719 642 1783 καὶ
673 1716 810 1786 αὕτη
843 1715 1001 1768 ὑετοῦ
1036 1716 1248 1785 γένεσις
1269 1732 1284 1747 ⁸
1315 1718 1443 1770 ὅταν
1483 1716 1539 1769 δὲ
1573 1716 1634 1770 τὸ
1658 1717 1822 1788 ὑγρὸν

1929 528 2132 592 lsraeli,
2164 525 2233 580 Et
2289 527 2407 591 erit,
2454 524 2649 594 inquit,
2690 522 2785 576 tibi
2830 520 3014 577 celum
3052 520 3193 591 quod
3227 535 3383 590 super
3423 537 3509 575 u-

1927 630 2017 689 put
2050 630 2125 674 est
2150 660 2166 684 ,
2194 635 2395 674 (meum
2430 620 2498 673 ⁵³.
2529 617 2667 684 Quid
2716 616 2800 672 his
2847 614 3024 669 verbis
3065 613 3307 668 iudicare
3346 611 3508 666 vult?

1929 709 2309 766 Otunimodam
2354 708 2685 771 siccitatem,
2716 713 2772 759 et
2821 716 3082 773 aquarum
3114 701 3386 755 aeriarum
3414 698 3509 755 de-

1932 802 2179 866 fectum,
2219 802 2415 871 quibus
2481 798 2658 854 telluri
2724 795 2979 851 fertilitas
3042 792 3314 849 fructuum
3375 806 3508 847 con-

1929 895 2121 949 l‘ertur.
2175 894 2309 949 Cum
2338 893 2505 962 igitur
2548 890 2748 946 deferri
2775 889 2842 943 de
2867 886 3011 943 casio
3039 899 3216 940 rorem
3253 894 3348 939 aut
3389 883 3508 953 plu-

1930 986 2072 1040 viam
2095 986 2246 1049 dicit,
2281 996 2393 1039 tum
2418 998 2590 1053 aquas
2618 998 2714 1037 eas
2744 996 2865 1051 quae
2889 993 3177 1049 supernam
3230 977 3506 1048 regionem

1929 1094 2196 1147 occupare
2232 1078 2402 1147 jussae
2453 1086 2604 1141 sunt,
2655 1072 3024 1143 intelligimus.
3072 1068 3326 1126 Collectis
3356 1067 3505 1123 enim

1930 1173 1983 1227 in
2042 1170 2256 1227 sublimi
2293 1170 2601 1240 vaporibus,
2633 1179 2689 1224 et
2722 1181 2848 1222 aere
2894 1180 2990 1236 per
3026 1172 3306 1221 ventorum
3351 1175 3502 1217 com-

1929 1264 2265 1334 pressionem
2330 1263 2699 1326 condensato,
2757 1258 2849 1314 ubi
2916 1256 3300 1321 humiditates,
3355 1254 3506 1324 prius

1929 1354 1985 1409 in
2050 1355 2268 1409 modum
2332 1353 2549 1422 vaporis
2608 1351 2953 1418 tenuiterqne
3015 1347 3145 1402 nubi
3212 1347 3506 1415 inspersa,

1929 1448 2071 1503 inter
2099 1462 2159 1502 se
2210 1454 2396 1500 mutuo
2427 1445 2783 1507 cohaeserunt,
2820 1452 2946 1496 tunc
2989 1440 3280 1509 gignuntur
3319 1447 3504 1509 guttai,

1929 1539 1997 1593 ad
2034 1540 2140 1592 ima
2165 1546 2543 1593 concretorum
2568 1536 2854 1591 humorum
2882 1533 3121 1603 pondere
3152 1532 3505 1596 decidentes;

1929 1638 2091 1698 atque
2116 1629 2203 1684 hic
2235 1637 2320 1682 cst
2348 1627 2539 1697 pluvia:
2565 1635 2737 1681 ortus.
2759 1625 2892 1680 Cum
2921 1638 3052 1679 vero
3084 1624 3280 1678 humor
3305 1624 3355 1677 vi
3378 1637 3510 1678 ven-

1928 1731 2107 1776 torum
2144 1720 2432 1787 dissectus,
2466 1719 2519 1773 in
2553 1731 2798 1786 spumam
2830 1716 3079 1772 redactus
3123 1725 3230 1780 est,
3277 1730 3510 1788 eumque

231 1806 558 1878 ὲξαφρισθῇ,
609 1811 730 1871 ταῖς
787 1806 929 1877 βίαις
960 1806 1068 1860 τῶν
1119 1807 1337 1876 ἀνέμων
1377 1808 1671 1871 ἀνακοπέν,
1715 1804 1828 1861 εἶτα

1936 1811 2190 1881 deinceps
2222 1824 2430 1867 summe
2475 1808 2851 1879 rel‘rigescens,
2886 1816 3029 1861 totus
3054 1806 3279 1863 omnino
3313 1820 3510 1878 conge-

233 1902 316 1963 είς
345 1901 513 1970 ἄκρον
548 1898 918 1970 καταψυχθὲν,
960 1898 1080 1951 ὅλον
1118 1898 1291 1952 διόλου
1341 1901 1512 1970 παγῇ,
1558 1898 1829 1971 θραυομέ-

237 2010 335 2046 νου
362 1992 458 2045 τοῦ
489 1991 703 2062 νέφους,
736 1993 769 2062 ἡ
792 1990 927 2061 χιὼν
950 1992 1336 2064 καταφέρεται.
1362 1992 1470 2044 Καὶ
1492 1990 1650 2056 ὅλως,
1686 1988 1829 2043 κατὰ

237 2086 333 2139 τὸν
366 2086 528 2140 αὑτὸν
568 2085 748 2154 λόγον,
788 2084 965 2150 ἔξεστί
1006 2102 1087 2139 σοι
1137 2087 1270 2156 ὁρᾷν
1309 2085 1490 2137 πᾶσαν
1530 2083 1623 2137 τοῦ
1660 2084 1827 2154 ὑγροῦ

238 2177 338 2249 τὴν
368 2178 529 2247 φύσιν
557 2180 683 2250 περὶ
719 2179 808 2231 τὸν
842 2178 981 2247 ὑπὲρ
1033 2178 1271 2249 κεφαλῆς
1303 2177 1462 2249 ἡμῶν
1508 2176 1648 2246 ἀέρα
1701 2190 1827 2229 συν-

239 2270 561 2341 ισταμένην.
602 2271 714 2325 Καὶ
754 2270 941 2341 μηδεὶς
966 2273 1031 2341 τῇ
1057 2270 1345 2342 περιεργίᾳ
1378 2269 1484 2323 τῶν
1512 2271 1640 2341 περὶ
1668 2269 1830 2340 οὑρα-

233 2362 331 2416 νοῦ
360 2363 837 2433 φιλοσοφησάντων
875 2362 934 2415 τὸ
969 2362 1170 2416 ἁπλοῦν
1200 2364 1294 2416 καὶ
1315 2361 1688 2417 ἀκατάσκευον
1719 2359 1828 2414 τῶν

237 2454 625 2524 πνευματικῶν
656 2454 831 2522 λόγων
885 2453 1298 2524 παραϐαλλέτω.
1351 2455 1500 2523 ’Ὁσῳ
1528 2452 1635 2524 γάρ
1682 2452 1743 2505 τὸ
1771 2453 1829 2505 ἐν

234 2549 359 2610 ταῖς
391 2546 635 2618 σώφροσι
668 2547 777 2618 (40)
808 2548 1004 2611 κάλλος
1041 2547 1138 2601 τοῦ
1189 2545 1468 2618 ἑταιρικοῦ
1506 2544 1830 2616 προτιμότε-

241 2655 357 2711 ρον,
398 2640 651 2692 τοσοῦτον
686 2642 779 2693 καὶ
816 2640 925 2692 τῶν
972 2638 1257 2711 ἡμετέρων
1311 2638 1486 2706 λόγων
1528 2637 1664 2707 πρὸς
1702 2636 1828 2700 τοὺς

235 2726 439 2792 ἔξωθεν
470 2730 533 2782 τὸ
571 2730 844 2801 διάφορον.
894 2732 954 2784 Οί
1009 2730 1107 2800 μὲν
1144 2728 1255 2800 γὰρ
1304 2727 1830 2799 κατηναγκασμένον

234 2824 302 2877 τὸ
324 2823 549 2877 πιθανὸν
586 2829 699 2888 τοῖς
731 2826 910 2894 λόγοις
945 2826 1242 2894 ἐπάγουσιν
1262 2841 1274 2852 ·
1299 2822 1534 2877 ἐνταῦθα
1562 2822 1620 2874 δὲ
1646 2822 1829 2892 γυμνὴ

235 2917 633 2988 τεχνασμάτων
675 2920 708 2988 ἡ
739 2918 967 2988 ἀλήθεια
998 2917 1303 2989 πρόκειται.
1359 2916 1470 2970 Καὶ
1495 2915 1548 2966 τί
1577 2914 1659 2969 δεῖ
1689 2916 1831 2985 πρά-

236 3025 428 3079 γματα
463 3007 608 3078 ἔχειν
643 3009 789 3078 ἡμᾶς
812 3008 872 3060 τὸ
903 3007 1097 3076 ψευδὲς
1122 3006 1303 3060 αὑτῶν
1321 3004 1721 3075 διελέγχοντας,
1747 2998 1829 3068 οἷς

237 3100 465 3171 ἐξαρκεῖ
484 3099 582 3163 τὰς
602 3099 782 3154 αὐτῶν
818 3100 1042 3154 ἐκείνων
1075 3098 1287 3170 βίϐλους
1314 3097 1567 3168 ἀλλήλαις
1601 3099 1829 3153 ἀντιπα-

239 3192 507 3265 ραθέντας
542 3194 599 3245 ἐν
621 3192 819 3262 ἠσυχίᾳ
846 3191 1012 3261 πολλῇ
1039 3190 1236 3254 θεατὰς
1263 3189 1444 3244 αὑτῶν
1465 3188 1557 3242 τοῦ
1589 3188 1828 3258 πολέμου

235 3281 516 3352 καθῆσθαι
548 3282 696 3351 (ii);
750 3283 889 3336 υὺτε
949 3282 1058 3354 γὰρ
1113 3281 1335 3353 ἀριθμῷ
1385 3281 1662 3344 ἐλάττους.
1704 3279 1829 3335 οὔτε

239 3375 517 3446 ἀξιώματι
558 3376 857 3445 ὑφειμένοι,
894 3375 1210 3447 πολυφωνίᾳ
1263 3374 1320 3429 δὲ
1361 3376 1456 3428 καὶ
1488 3375 1643 3445 παρὰ
1695 3372 1829 3433 πολὺ

233 3468 590 3538 διαφέροντες
622 3468 759 3539 πρὸς
798 3468 888 3520 τὸν
932 3467 1171 3522 ἐναντίον
1216 3468 1397 3531 αὐτοῖς
1425 3467 1831 3522 ἀντικαθίσταν-

235 3575 329 3611 ται
357 3557 537 3626 λόγον,
568 3559 618 3610 oi
652 3558 712 3610 τὸ
744 3559 849 3611 πᾶν
880 3557 1251 3629 ἐκπυροῦσθαι
1273 3557 1545 3625 λέγοντες,
1576 3557 1671 3611 καὶ
1696 3558 1829 3610 ἀνα-

236 3647 570 3702 ϐιώσκεσθαι
600 3647 762 3703 πάλιν
814 3650 877 3700 ἐκ
910 3646 1019 3711 τῶν
1070 3647 1459 3718 σπερματικῶν
1492 3647 1665 3715 λόγων
1721 3647 1831 3703 τῶν

236 3739 686 3809 ὲναπομενόντων
708 3742 819 3802 τοῖς
842 3737 1241 3810 ἐκπυρωθεῖσιν
1260 3755 1272 3768 ·
1307 3737 1429 3791 ὅθεν
1457 3738 1551 3791 καὶ
1573 3735 1832 3805 ἀπείρους

236 3832 449 3903 φθορὰς
478 3831 686 3901 κόσμου
716 3831 811 3884 καὶ
852 3830 1275 3899 παλιγγενεσίας
1310 3831 1642 3897 εἰσάγουσιν.
1693 3827 1832 3881 Ἀλλ’

234 3925 442 3978 ἐκεῖνοι
467 3924 587 3993 μὲν,
618 3925 702 3993 ἐφ’
724 3922 962 3993 ἑκάτερα
978 3922 1080 3991 τῆς
1111 3921 1369 3990 ἀληθείας
1389 3921 1830 3992 ἀποσχιζόμενοι,

236 4015 398 4069 ἐνθεν
430 4017 525 4069 καὶ
564 4014 717 4068 ἐνθεν
749 4015 847 4078 τὰς
892 4016 985 4068 ἐπὶ
1011 4014 1108 4087 τὴν
1150 4014 1362 4085 πλάνην
1396 4016 1608 4077 ἑαυτοῖς
1639 4016 1832 4085 ἐκτρο-

235 4108 355 4171 πὰς
384 4107 814 4179 ἐξευρίσκουσιν.

313 4199 367 4253 9.
408 4199 571 4269 Ἡμῖν
615 4197 727 4270 (42)
760 4198 818 4251 δὲ
860 4198 952 4251 καὶ
988 4198 1122 4270 πρὸς
1150 4199 1276 4260 τοὺς
1321 4197 1430 4253 ἀπὸ
1468 4198 1567 4268 τῆς
1610 4198 1835 4270 Ἐκκλη-

239 4294 368 4358 cia;
392 4292 508 4346 ἐστί
547 4309 631 4356 τις
663 4291 820 4360 λόγος
857 4291 984 4363 περὶ
1015 4291 1126 4344 τῶν
1166 4289 1556 4362 διακριθέντων
1602 4290 1831 4353 ὑδάτων.

234 4387 291 4440 οἳ
338 4385 608 4457 προφάσει
653 4383 971 4454 ἀναγωγῆς,
1018 4384 1113 4437 καὶ
1151 4383 1438 4454 νοημάτων
1464 4381 1831 4454 ὑψηλοτέρων,

1932 1905 2074 1960 latus
2098 1914 2201 1967 est,
2237 1913 2351 1958 tum
2381 1902 2551 1958 fracta
2574 1904 2716 1958 nube
2749 1904 2845 1957 uix
2863 1902 3148 1957 delabitur.
3178 1901 3242 1957 Et
3272 1902 3325 1957 iu
3356 1916 3509 1956 sum-

1930 2011 2041 2061 ma,
2070 1996 2140 2052 ob
2164 1998 2409 2052 eamdem
2438 1997 2704 2050 rationem
2736 1993 2860 2049 licet
2889 1994 2985 2049 tibi
3021 2008 3235 2048 omnem
3265 1991 3507 2048 humoris

1932 2098 2180 2144 naturam
2205 2089 2412 2144 circum
2441 2103 2623 2144 aerem
2669 2087 2831 2156 capiti
2878 2095 3067 2143 nostro
3110 2094 3508 2155 superstantem

1930 2196 2175 2236 eernere.
2207 2180 2377 2236 Nemo
2405 2188 2582 2235 autem
2618 2178 2978 2248 spiritualium
3015 2193 3327 2234 sermonum
3372 2178 3508 2234 sim-

1930 2276 2223 2346 plicitatem
2255 2290 2320 2329 ac
2352 2275 2609 2330 incultum
2630 2289 2751 2329 cum
2778 2274 3092 2331 curiositate
3122 2287 3311 2329 eorum
3332 2273 3423 2343 qui
3445 2273 3512 2328 de

1931 2368 2067 2423 caelo
2098 2368 2458 2439 philosophati
2486 2376 2635 2432 sunt,
2668 2375 2970 2436 comparet.
3001 2365 3213 2432 Quanto
3243 2364 3387 2421 enim
3416 2380 3511 2421 ea-

1929 2472 2137 2517 starum
2165 2460 2509 2530 pulchritudo
2526 2460 2835 2515 meretricia
2861 2458 3221 2529 praestaMIior
3239 2468 3343 2525 est,
3361 2467 3511 2514 tanto
3547 2500 3556 2509 .

1931 2569 2213 2612 sermones
2240 2554 2409 2611 nostri
2442 2555 2683 2608 externis
2714 2561 2992 2623 praestant.
3021 2552 3088 2606 Hi
3129 2567 3361 2623 namque
3382 2567 3509 2622 pro-

1926 2648 2268 2711 babilitatem
2292 2652 2346 2701 vi
2378 2655 2647 2700 extortam
2692 2646 2805 2700 suis
2850 2645 3133 2701 sententiis
3172 2642 3506 2697 conciliant:

1911 2739 2022 2793 ‘hic
2044 2754 2172 2794 vero
2201 2739 2342 2793 nuda
2376 2737 2480 2808 31
2514 2746 2568 2793 et
2609 2737 2678 2792 ab
2725 2737 2974 2792 artiﬁciis
2999 2750 3166 2789 vacua
3194 2735 3513 2805 proponitur

1934 2828 2156 2882 veritas.
2199 2826 2306 2881 Sed
2343 2828 2470 2897 quid
2513 2839 2649 2894 opus
2680 2836 2765 2881 est
2799 2839 2897 2879 nos
2937 2825 2990 2878 in
3041 2823 3338 2880 mendaciis
3369 2824 3512 2893 ipso-

1934 2936 2051 2975 rum
2087 2919 2434 2976 conlutandis
2482 2909 2718 2989 fatigari,
2752 2917 2948 2987 quibus
2993 2916 3130 2971 satis
3161 2915 3341 2981 fuerit,
3370 2915 3417 2971 si
3446 2915 3512 2969 li—

1933 3011 2045 3068 bris
2080 3011 2317 3089 ipsorum
2347 3011 2490 3065 inter
2518 3024 2577 3064 se
2608 3008 2841 3072 collatis,
2869 3006 2996 3063 belli
3022 3006 3260 3077 ipsorum
3296 3015 3509 3075 specta-

1935 3112 2078 3157 tores
2101 3104 2154 3155 in
2190 3116 2402 3156 summo
2430 3100 2540 3155 otio
2580 3096 3050 3155 sedeamus?Nam
3089 3111 3261 3167 neque
3287 3110 3512 3150 numero

1935 3194 2215 3264 pauciores
2247 3208 2422 3262 neque
2454 3191 2715 3262 dignitate
2744 3190 3049 3253 inferiores,
3069 3191 3164 3245 sed
3188 3188 3513 3257 loquacitate

1933 3288 2095 3342 etiam
2132 3287 2288 3357 longe
2337 3294 2656 3356 praestantes
2687 3283 2976 3339 contraria:
3006 3282 3110 3338 sibi
3155 3281 3398 3351 opinioni
3427 3296 3513 3336 re-

1933 3378 2234 3448 fragantur,
2276 3378 2313 3432 ii
2346 3378 2437 3447 qui
2472 3377 2781 3431 universum
2825 3375 2978 3429 aiunt
3011 3374 3278 3438 comburi,
3309 3387 3371 3429 ac
3412 3373 3513 3426 ite-

1932 3487 2051 3525 rum
2092 3485 2159 3527 ex
2201 3468 2554 3524 seminalibus
2594 3466 2915 3536 quibusdam
2957 3463 3257 3521 rationibus
3299 3479 3418 3534 quae
3458 3465 3510 3518 in

1935 3559 2097 3615 rebus
2146 3558 2355 3614 exustis
2394 3564 2699 3621 remanent,
2748 3556 3092 3611 reviviscere.
3145 3552 3301 3609 Unde
3347 3553 3512 3609 etiam

1935 3652 2171 3705 inﬁnitas
2211 3650 2393 3703 mundi
2436 3650 2813 3718 corruptiones
2859 3658 2917 3703 et
2958 3648 3392 3718 regenerationes
3432 3646 3515 3699 in-

1932 3744 2152 3797 ducunt.
2194 3740 2389 3796 Verum
2434 3741 2506 3795 illi
2547 3741 2764 3810 quidem
2811 3740 3062 3808 utrinque
3091 3754 3121 3791 a
3149 3740 3378 3793 veritate
3404 3738 3513 3791 dis-

1934 3835 2046 3899 siti,
2077 3836 2202 3889 hinc
2225 3844 2279 3888 et
2318 3834 2440 3888 inde
2485 3835 2551 3887 ad
2584 3848 2825 3887 errorem
2868 3832 2968 3888 sibi
3022 3831 3156 3901 ipsis
3193 3828 3512 3887 diverticula

1935 3928 2223 3983 inveniunt.

2006 4200 2059 4255 9.
2086 4200 2392 4267 Quinetiam
2430 4199 2626 4269 aliquis
2662 4198 2814 4254 nobis
2839 4198 3099 4253 adversus
3119 4197 3515 4255 ecclesiasticos

1935 4293 2197 4361 quosdam
2228 4291 2526 4361 scriptores
2564 4292 2632 4346 de
2654 4291 2908 4346 discretis
2945 4291 3100 4359 aquis
3129 4290 3408 4345 habendus
3432 4300 3517 4345 est

1936 4398 2117 4437 sermo
2152 4398 2165 4435 :
2203 4383 2297 4452 qui
2357 4397 2630 4453 anagoges
2664 4390 2718 4437 et
2758 4383 3091 4447 sublimioris
3150 4381 3517 4452 intelligentiae

236 4477 328 4537 είς
370 4472 701 4543 ἀλληγορίας
734 4473 1063 4543 κατέφυγον,
1106 4472 1363 4543 δυνάμεις
1389 4470 1639 4540 λέγοντες
1673 4489 1828 4526 πνευ-

1941 4475 2160 4531 ttomine
2186 4474 2546 4547 confugerunt
2573 4476 2639 4530 ad
2667 4476 2974 4548 allegorias,
2996 4477 3130 4531 adeo
3161 4485 3219 4530 ut
3246 4474 3518 4544 spiritales

240 4565 487 4638 ματικάς
510 4566 604 4619 καὶ
643 4565 967 4636 ἀσωμάτους
990 4564 1268 4636 τροπικῶς
1289 4566 1354 4617 ἐκ
1376 4563 1485 4617 τῶν
1506 4563 1715 4618 ὑδάτων
1740 4581 1838 4635 ση-

242 4656 559 4730 μαίνεσθαγ
586 4657 679 4710 καὶ
696 4655 808 4710 ἅνω
827 4657 926 4726 μὲν
955 4656 1048 4709 ἐπὶ
1073 4654 1168 4709 τοῦ
1194 4652 1570 4726 στερεώματος
1598 4672 1839 4727 μεμενη-

238 4747 401 4801 κέναι
439 4746 537 4809 τάς
584 4747 919 4818 κρείττονας,
964 4747 1115 4800 κάτω
1155 4746 1212 4799 δὲ
1269 4750 1381 4810 τοῖς
1419 4748 1712 4820 περιγείοις
1745 4751 1838 4803 καὶ

240 4839 455 4900 ὑλικοίς
478 4836 666 4899 τόποις
701 4839 1138 4908 προσαπομεῖναι
1163 4836 1275 4906 (45)
1309 4836 1406 4900 τὰς
1436 4838 1700 4907 πονηράς.
1736 4838 1836 4891 Διὰ

237 4929 406 4983 τοῦτο
431 4928 515 4999 δὴ,
546 4928 701 4997 φασὶ,
760 4927 854 4981 καὶ
890 4928 958 4981 τὰ
996 4927 1182 4981 ἐπάνω
1223 4927 1332 4981 τῶν
1381 4927 1630 4999 οὐρανῶν
1661 4928 1833 4983 ὕδατα

235 5020 420 5075 αἰνεῖν
467 5018 558 5070 τὸν
617 5017 782 5070 Θεόνο
834 5017 1102 5080 τουτέστι,
1157 5017 1257 5080 τὰς
1315 5017 1526 5087 ἀγαθὰς
1575 5019 1835 5089 δυνάμεις

250 5111 415 5176 ἀξίας
439 5110 604 5174 οὔσας
634 5109 722 5164 διὰ
748 5109 1097 5183 καθαρότητα
1122 5109 1216 5164 τοῦ
1240 5112 1565 5183 ἡγεμονικοῦ
1595 5112 1688 5167 τὸν
1712 5114 1840 5186 πρέ-

326 5251 371 5282 ⁵²
393 5250 546 5304 Deut.
573 5264 741 5314 sxvu,
777 5248 867 5305 25.

325 5379 435 5452 (59)
465 5384 540 5435 Ita
568 5384 697 5436 editi
731 5399 850 5437 cum
880 5384 1013 5451 Reg.
1049 5384 1208 5439 tertio
1233 5392 1286 5438 et
1325 5399 1447 5438 cum
1477 5382 1641 5439 Coisl.
1696 5397 1843 5439 vetu-

242 5454 437 5508 stiore.
469 5452 601 5521 Reg.
635 5465 818 5507 sextus
843 5455 920 5526 τῷ
951 5454 1166 5526 Ἰσραὴλ
1200 5456 1228 5508 ὁ
1270 5455 1472 5525 Ἱερεμ.
1499 5455 1674 5509 ἔσται.
1733 5457 1840 5512 Alii

244 5532 654 5595 qttatttortnss.
690 5525 897 5577 habent
934 5525 1176 5595 Ἱερεμίᾳ
1212 5540 1309 5592 pro
1354 5525 1593 5595 Ἰσραήλ.

322 5592 438 5667 (ιο)
469 5592 609 5645 Etliti
663 5606 718 5647 et
772 5595 938 5648 Cuisl.
994 5592 1258 5667 vetusjiur
1294 5596 1353 5645 ἐν
1401 5592 1537 5657 ταῖς
1569 5594 1836 5667 σώφροσι.

247 5661 355 5716 Alii
395 5661 607 5747 septem.
656 5680 786 5720 mss.
828 5666 886 5718 ἐν
930 5668 1044 5728 τοῖς
1093 5663 1356 5735 σώφροσι.
1411 5667 1531 5721 Mos
1566 5661 1834 5722 duo—"mss.

246 5747 491 5802 τοσουτῳ
519 5749 608 5784 και

1940 4578 1997 4621 et
2041 4567 2389 4637 incorporeas
2425 4570 2654 4624 virtutes
2705 4582 2953 4625 asseram
3000 4583 3096 4638 per
3124 4583 3293 4637 aquas
3316 4567 3518 4636 tropice

1938 4656 2232 4727 signiﬁcari
2263 4673 2277 4713 :
2308 4666 2364 4712 et
2409 4672 2625 4715 sursum
2661 4659 2878 4728 quidem
2909 4641 3070 4728 supra
3119 4657 3517 4710 ﬁrmamentum

1941 4749 2207 4805 mansisse
2237 4750 2678 4819 praestabiliores,
2708 4751 2963 4807 deorsum
2983 4765 3114 4805 vero
3158 4751 3211 4804 in
3255 4747 3517 4804 terrestri-

1940 4844 2041 4897 bus
2067 4841 2374 4909 crassisque
2404 4840 2538 4896 locis
2571 4841 2834 4912 malignas
2868 4840 3192 4897 subsedisse.
3226 4838 3517 4909 Propterea

1941 4934 2318 4990 dicunteteas
2346 4948 2512 5004 aquas
2540 4949 2661 5004 quae
2712 4949 2874 5004 supra
2924 4934 3091 4989 eteius
3136 4934 3328 4989 iocata:
3370 4939 3518 4997 sunt,

1943 5027 2111 5081 Deum
2140 5027 2378 5093 laudare,
2414 5029 2516 5083 hoc
2551 5037 2655 5093 est,
2685 5028 2853 5083 bonas
2879 5037 3194 5097 potestates,
3221 5027 3291 5082 ob
3326 5024 3517 5080 mentis

1945 5120 2262 5175 munditiam
2292 5121 2505 5191 dignas,
2536 5136 2654 5189 qua:
2674 5121 3086 5175 convenientem
3108 5118 3386 5175 Conditori
3408 5115 3516 5169 lau—

2018 5389 2128 5459 (il)
2161 5389 2291 5459 Reg.
2336 5400 2523 5443 sextus
2548 5387 2789 5458 πολέμου
2816 5386 3199 5443 καθίστασθαι.

2017 5453 2131 5530 (42)
2180 5453 2265 5513 Ιιι⁷
2290 5461 2543 5514 confesso
2579 5468 2665 5512 est
2689 5453 3074 5530 'apud_omues
3109 5467 3221 5530 tum
3270 5453 3517 5530 antiquos

2094 5521 2429 5646 r’ggentiores
2462 5530 2549 5584 hic
2577 5521 2799 5598 coargui
2842 5527 3158 5597 Origenem.
3191 5524 3333 5597 Lege
3356 5521 3518 5579 Praef.

2084 5638 2095 5650 .
2122 5616 2211 5652 νέα.

1945 5616 2126 5739 nu('25)
2168 5670 2300 5740 Reg.
2333 5680 2520 5725 sextus
2548 5668 3003 5738 κροσαναμεῖναι.
