  <div class='ocr_page' id='page_1' title='image "/cluster/home/n/w/nwhite01/storage/ocr_20150623/29/nnc1.0046978755/479.png"; bbox 0 0 3846 6218; ppageno 0'>
   <div class='ocr_carea' id='block_1_1' title="bbox 373 278 3659 379">
    <p class='ocr_par' dir='ltr' id='par_1_1' title="bbox 373 278 3659 379">
     <span class='ocr_line' id='line_1_1' title="bbox 373 278 3659 379; baseline 0.004 -14"><span class='ocrx_word' id='word_1_1' title='bbox 373 316 446 374; x_wconf 79' lang='lat'><strong>75</strong></span> <span class='ocrx_word' id='word_1_2' title='bbox 1709 317 1766 371; x_wconf 92' lang='lat' dir='ltr'><strong>s.</strong></span> <span class='ocrx_word' id='word_1_3' title='bbox 1809 314 2054 374; x_wconf 80' lang='lat' dir='ltr'><strong>BASILII</strong></span> <span class='ocrx_word' id='word_1_4' title='bbox 2096 318 2313 377; x_wconf 72' lang='lat' dir='ltr'><strong>mam</strong></span> <span class='ocrx_word' id='word_1_5' title='bbox 3176 278 3179 279; x_wconf 11' lang='grc' dir='ltr'><em>ν</em></span> <span class='ocrx_word' id='word_1_6' title='bbox 3577 325 3659 379; x_wconf 78' lang='lat'><strong>75</strong></span> 
     </span>
    </p>
   </div>
   <div class='ocr_carea' id='block_1_2' title="bbox 368 432 1939 510">
    <p class='ocr_par' dir='ltr' id='par_1_2' title="bbox 368 432 1939 502">
     <span class='ocr_line' id='line_1_2' title="bbox 368 432 1939 502; baseline -0.001 -11"><span class='ocrx_word' id='word_1_7' title='bbox 368 436 492 491; x_wconf 88' lang='lat' dir='ltr'><strong>dem</strong></span> <span class='ocrx_word' id='word_1_8' title='bbox 518 434 799 491; x_wconf 76' lang='lat' dir='ltr'><strong>exsolvant</strong></span> <span class='ocrx_word' id='word_1_9' title='bbox 826 450 840 485; x_wconf 87' lang='lat'>:</span> <span class='ocrx_word' id='word_1_10' title='bbox 883 447 1050 502; x_wconf 86' lang='lat' dir='ltr'><strong>aquas</strong></span> <span class='ocrx_word' id='word_1_11' title='bbox 1077 446 1206 488; x_wconf 84' lang='lat' dir='ltr'><strong>vero</strong></span> <span class='ocrx_word' id='word_1_12' title='bbox 1242 432 1383 488; x_wconf 82' lang='lat' dir='ltr'><strong>infra</strong></span> <span class='ocrx_word' id='word_1_13' title='bbox 1415 434 1583 489; x_wconf 73' lang='lat' dir='ltr'><strong>cmlos</strong></span> <span class='ocrx_word' id='word_1_14' title='bbox 1608 437 1939 492; x_wconf 85' lang='lat' dir='ltr'><strong>constitutas</strong></span> 
     </span>
    </p>
   </div>
   <div class='ocr_carea' id='block_1_3' title="bbox 2050 432 3657 510">
    <p class='ocr_par' dir='ltr' id='par_1_3' title="bbox 2061 434 3657 510">
     <span class='ocr_line' id='line_1_3' title="bbox 2061 434 3657 510; baseline 0.003 -19"><span class='ocrx_word' id='word_1_15' title='bbox 2061 452 2234 492; x_wconf 85' lang='grc' dir='ltr'>ποντα</span> <span class='ocrx_word' id='word_1_16' title='bbox 2259 434 2406 491; x_wconf 82' lang='grc' dir='ltr'>αἶνον</span> <span class='ocrx_word' id='word_1_17' title='bbox 2434 438 2544 509; x_wconf 68' lang='grc'><strong>(44)</strong></span> <span class='ocrx_word' id='word_1_18' title='bbox 2568 438 2874 493; x_wconf 82' lang='grc' dir='ltr'>ἀποδιδόναι</span> <span class='ocrx_word' id='word_1_19' title='bbox 2901 437 2979 510; x_wconf 82' lang='grc' dir='ltr'>τῷ</span> <span class='ocrx_word' id='word_1_20' title='bbox 3005 437 3246 494; x_wconf 81' lang='grc' dir='ltr'><strong>κτίσαντι</strong></span> <span class='ocrx_word' id='word_1_21' title='bbox 3270 455 3284 471; x_wconf 76' lang='grc'><strong><em>⁸</em></strong></span> <span class='ocrx_word' id='word_1_22' title='bbox 3320 441 3387 495; x_wconf 87' lang='grc' dir='ltr'><strong>τά</strong></span> <span class='ocrx_word' id='word_1_23' title='bbox 3411 440 3478 495; x_wconf 80' lang='grc' dir='ltr'>δὲ</span> <span class='ocrx_word' id='word_1_24' title='bbox 3512 442 3657 496; x_wconf 72' lang='grc' dir='ltr'>ὕπο-</span> 
     </span>
    </p>
   </div>
   <div class='ocr_carea' id='block_1_4' title="bbox 370 524 1949 599">
    <p class='ocr_par' dir='ltr' id='par_1_4' title="bbox 370 524 1949 599">
     <span class='ocr_line' id='line_1_4' title="bbox 370 524 1949 599; baseline 0.001 -16"><span class='ocrx_word' id='word_1_25' title='bbox 370 526 639 599; x_wconf 88' lang='lat' dir='ltr'><strong>spiritales</strong></span> <span class='ocrx_word' id='word_1_26' title='bbox 683 524 1040 596; x_wconf 76' lang='lat' dir='ltr'><strong>malignitates</strong></span> <span class='ocrx_word' id='word_1_27' title='bbox 1087 540 1225 591; x_wconf 90' lang='lat' dir='ltr'><strong>esse,</strong></span> <span class='ocrx_word' id='word_1_28' title='bbox 1255 542 1284 580; x_wconf 89' lang='lat' dir='ltr'><strong>a</strong></span> <span class='ocrx_word' id='word_1_29' title='bbox 1336 527 1567 582; x_wconf 92' lang='lat' dir='ltr'><strong>naturali</strong></span> <span class='ocrx_word' id='word_1_30' title='bbox 1618 529 1949 585; x_wconf 88' lang='lat' dir='ltr'><strong>sublimitate</strong></span> 
     </span>
    </p>
   </div>
   <div class='ocr_carea' id='block_1_5' title="bbox 369 616 1948 689">
    <p class='ocr_par' dir='ltr' id='par_1_5' title="bbox 369 616 1948 689">
     <span class='ocr_line' id='line_1_5' title="bbox 369 616 1948 689; baseline 0.003 -18"><span class='ocrx_word' id='word_1_31' title='bbox 369 620 436 673; x_wconf 83' lang='lat' dir='ltr'><strong>ad</strong></span> <span class='ocrx_word' id='word_1_32' title='bbox 472 618 636 671; x_wconf 86' lang='lat' dir='ltr'><strong>imam</strong></span> <span class='ocrx_word' id='word_1_33' title='bbox 681 617 972 686; x_wconf 77' lang='lat' dir='ltr'><strong>nequitiam</strong></span> <span class='ocrx_word' id='word_1_34' title='bbox 1013 616 1261 687; x_wconf 81' lang='lat' dir='ltr'><strong>delapsas</strong></span> <span class='ocrx_word' id='word_1_35' title='bbox 1294 636 1307 673; x_wconf 91' lang='lat'><strong>:</strong></span> <span class='ocrx_word' id='word_1_36' title='bbox 1339 634 1496 689; x_wconf 91' lang='lat' dir='ltr'><strong>quas,</strong></span> <span class='ocrx_word' id='word_1_37' title='bbox 1530 627 1712 689; x_wconf 83' lang='lat' dir='ltr'><strong>utpote</strong></span> <span class='ocrx_word' id='word_1_38' title='bbox 1761 621 1948 675; x_wconf 88' lang='lat' dir='ltr'><strong>turbu-</strong></span> 
     </span>
    </p>
   </div>
   <div class='ocr_carea' id='block_1_6' title="bbox 369 704 1946 774">
    <p class='ocr_par' dir='ltr' id='par_1_6' title="bbox 369 704 1946 774">
     <span class='ocr_line' id='line_1_6' title="bbox 369 704 1946 774; baseline 0.004 -15"><span class='ocrx_word' id='word_1_39' title='bbox 369 705 540 760; x_wconf 79' lang='lat' dir='ltr'><strong>lentas</strong></span> <span class='ocrx_word' id='word_1_40' title='bbox 605 705 995 774; x_wconf 87' lang='lat' dir='ltr'><strong>seditiosasque</strong></span> <span class='ocrx_word' id='word_1_41' title='bbox 1039 715 1094 760; x_wconf 87' lang='lat' dir='ltr'><strong>et</strong></span> <span class='ocrx_word' id='word_1_42' title='bbox 1144 704 1431 762; x_wconf 84' lang='lat' dir='ltr'><strong>aﬁ‘ectuum</strong></span> <span class='ocrx_word' id='word_1_43' title='bbox 1488 709 1804 764; x_wconf 82' lang='lat' dir='ltr'><strong>tumultibus</strong></span> <span class='ocrx_word' id='word_1_44' title='bbox 1850 724 1946 765; x_wconf 82' lang='lat' dir='ltr'><strong>ex-</strong></span> 
     </span>
    </p>
   </div>
   <div class='ocr_carea' id='block_1_7' title="bbox 366 799 1945 869">
    <p class='ocr_par' dir='ltr' id='par_1_7' title="bbox 366 799 1945 869">
     <span class='ocr_line' id='line_1_7' title="bbox 366 799 1945 869; baseline 0.004 -18"><span class='ocrx_word' id='word_1_45' title='bbox 366 805 677 860; x_wconf 78' lang='lat' dir='ltr'><strong>aestuantes,</strong></span> <span class='ocrx_word' id='word_1_46' title='bbox 712 799 905 851; x_wconf 88' lang='lat' dir='ltr'><strong>docent</strong></span> <span class='ocrx_word' id='word_1_47' title='bbox 936 799 1101 853; x_wconf 88' lang='lat' dir='ltr'><strong>maris</strong></span> <span class='ocrx_word' id='word_1_48' title='bbox 1145 800 1363 854; x_wconf 89' lang='lat' dir='ltr'><strong>nomine</strong></span> <span class='ocrx_word' id='word_1_49' title='bbox 1403 799 1570 855; x_wconf 78' lang='lat' dir='ltr'><strong>fuisse</strong></span> <span class='ocrx_word' id='word_1_50' title='bbox 1603 810 1840 869; x_wconf 79' lang='lat' dir='ltr'><strong>vocatas,</strong></span> <span class='ocrx_word' id='word_1_51' title='bbox 1874 804 1945 858; x_wconf 92' lang='lat' dir='ltr'><strong>ob</strong></span> 
     </span>
    </p>
   </div>
   <div class='ocr_carea' id='block_1_8' title="bbox 366 888 1943 959">
    <p class='ocr_par' dir='ltr' id='par_1_8' title="bbox 366 888 1943 959">
     <span class='ocr_line' id='line_1_8' title="bbox 366 888 1943 959; baseline 0.003 -16"><span class='ocrx_word' id='word_1_52' title='bbox 366 896 607 943; x_wconf 80' lang='lat' dir='ltr'><strong>motuum</strong></span> <span class='ocrx_word' id='word_1_53' title='bbox 641 902 671 941; x_wconf 91' lang='lat' dir='ltr'><strong>a</strong></span> <span class='ocrx_word' id='word_1_54' title='bbox 701 888 988 944; x_wconf 84' lang='lat' dir='ltr'><strong>&#39;voluntate</strong></span> <span class='ocrx_word' id='word_1_55' title='bbox 1034 889 1492 959; x_wconf 86' lang='lat' dir='ltr'><strong>proﬁciscentium</strong></span> <span class='ocrx_word' id='word_1_56' title='bbox 1538 892 1943 948; x_wconf 88' lang='lat' dir='ltr'><strong>instabilitatem</strong></span> 
     </span>
    </p>
   </div>
   <div class='ocr_carea' id='block_1_9' title="bbox 365 976 1943 1050">
    <p class='ocr_par' dir='ltr' id='par_1_9' title="bbox 365 976 1943 1050">
     <span class='ocr_line' id='line_1_9' title="bbox 365 976 1943 1050; baseline 0.004 -21"><span class='ocrx_word' id='word_1_57' title='bbox 365 985 528 1046; x_wconf 87' lang='lat' dir='ltr'><strong>atque</strong></span> <span class='ocrx_word' id='word_1_58' title='bbox 581 976 1024 1033; x_wconf 89' lang='lat' dir='ltr'><strong>inconstantiam.</strong></span> <span class='ocrx_word' id='word_1_59' title='bbox 1070 978 1197 1034; x_wconf 84' lang='lat' dir='ltr'><strong>Tale</strong></span> <span class='ocrx_word' id='word_1_60' title='bbox 1259 994 1420 1050; x_wconf 90' lang='lat' dir='ltr'><strong>porro</strong></span> <span class='ocrx_word' id='word_1_61' title='bbox 1459 994 1736 1035; x_wconf 82' lang='lat' dir='ltr'><strong>sermones</strong></span> <span class='ocrx_word' id='word_1_62' title='bbox 1782 980 1943 1035; x_wconf 89' lang='lat' dir='ltr'><strong>veluti</strong></span> 
     </span>
    </p>
   </div>
   <div class='ocr_carea' id='block_1_10' title="bbox 366 1067 1942 1141">
    <p class='ocr_par' dir='ltr' id='par_1_10' title="bbox 366 1067 1942 1141">
     <span class='ocr_line' id='line_1_10' title="bbox 366 1067 1942 1141; baseline 0.002 -20"><span class='ocrx_word' id='word_1_63' title='bbox 366 1067 699 1122; x_wconf 84' lang='lat' dir='ltr'><strong>somniorum</strong></span> <span class='ocrx_word' id='word_1_64' title='bbox 739 1068 1211 1138; x_wconf 85' lang='lat' dir='ltr'><strong>interpretationes</strong></span> <span class='ocrx_word' id='word_1_65' title='bbox 1241 1079 1298 1125; x_wconf 91' lang='lat' dir='ltr'><strong>et</strong></span> <span class='ocrx_word' id='word_1_66' title='bbox 1341 1070 1513 1126; x_wconf 85' lang='lat' dir='ltr'><strong>aniles</strong></span> <span class='ocrx_word' id='word_1_67' title='bbox 1553 1068 1764 1125; x_wconf 81' lang='lat' dir='ltr'><strong>fabulas</strong></span> <span class='ocrx_word' id='word_1_68' title='bbox 1812 1070 1942 1141; x_wconf 87' lang='lat' dir='ltr'><strong>reji-</strong></span> 
     </span>
    </p>
   </div>
   <div class='ocr_carea' id='block_1_11' title="bbox 366 1160 1940 1234">
    <p class='ocr_par' dir='ltr' id='par_1_11' title="bbox 366 1160 1940 1234">
     <span class='ocr_line' id='line_1_11' title="bbox 366 1160 1940 1234; baseline 0.004 -23"><span class='ocrx_word' id='word_1_69' title='bbox 366 1160 592 1222; x_wconf 86' lang='lat' dir='ltr'><strong>cientes,</strong></span> <span class='ocrx_word' id='word_1_70' title='bbox 626 1173 823 1229; x_wconf 90' lang='lat' dir='ltr'><strong>aquam</strong></span> <span class='ocrx_word' id='word_1_71' title='bbox 855 1175 1047 1230; x_wconf 84' lang='lat' dir='ltr'><strong>aquam</strong></span> <span class='ocrx_word' id='word_1_72' title='bbox 1095 1161 1476 1234; x_wconf 72' lang='lat' dir='ltr'><strong>intelligamus,</strong></span> <span class='ocrx_word' id='word_1_73' title='bbox 1506 1172 1560 1217; x_wconf 89' lang='lat' dir='ltr'><strong>et</strong></span> <span class='ocrx_word' id='word_1_74' title='bbox 1585 1163 1940 1218; x_wconf 75' lang='lat' dir='ltr'><strong>secretioriem</strong></span> 
     </span>
    </p>
   </div>
   <div class='ocr_carea' id='block_1_12' title="bbox 366 1249 1939 1321">
    <p class='ocr_par' dir='ltr' id='par_1_12' title="bbox 366 1249 1939 1321">
     <span class='ocr_line' id='line_1_12' title="bbox 366 1249 1939 1321; baseline 0.003 -18"><span class='ocrx_word' id='word_1_75' title='bbox 366 1266 396 1303; x_wconf 88' lang='lat' dir='ltr'><strong>a</strong></span> <span class='ocrx_word' id='word_1_76' title='bbox 428 1249 768 1307; x_wconf 89' lang='lat' dir='ltr'><strong>ﬁrmamento</strong></span> <span class='ocrx_word' id='word_1_77' title='bbox 815 1251 1014 1307; x_wconf 80' lang='lat' dir='ltr'><strong>factam</strong></span> <span class='ocrx_word' id='word_1_78' title='bbox 1060 1252 1221 1321; x_wconf 75' lang='lat' dir='ltr'><strong>juxta</strong></span> <span class='ocrx_word' id='word_1_79' title='bbox 1254 1254 1469 1308; x_wconf 88' lang='lat' dir='ltr'><strong>allatam</strong></span> <span class='ocrx_word' id='word_1_80' title='bbox 1505 1255 1765 1310; x_wconf 88' lang='lat' dir='ltr'><strong>rationem</strong></span> <span class='ocrx_word' id='word_1_81' title='bbox 1794 1255 1939 1309; x_wconf 90' lang='lat' dir='ltr'><strong>acci-</strong></span> 
     </span>
    </p>
   </div>
   <div class='ocr_carea' id='block_1_13' title="bbox 366 1343 1942 1416">
    <p class='ocr_par' dir='ltr' id='par_1_13' title="bbox 366 1343 1942 1416">
     <span class='ocr_line' id='line_1_13' title="bbox 366 1343 1942 1416; baseline 0.004 -20"><span class='ocrx_word' id='word_1_82' title='bbox 366 1344 594 1413; x_wconf 84' lang='lat' dir='ltr'><strong>piamus.</strong></span> <span class='ocrx_word' id='word_1_83' title='bbox 625 1343 821 1400; x_wconf 86' lang='lat' dir='ltr'><strong>Verum</strong></span> <span class='ocrx_word' id='word_1_84' title='bbox 864 1348 1076 1402; x_wconf 88' lang='lat' dir='ltr'><strong>etiamsi</strong></span> <span class='ocrx_word' id='word_1_85' title='bbox 1119 1362 1269 1415; x_wconf 74' lang='lat' dir='ltr'><strong>aqua:</strong></span> <span class='ocrx_word' id='word_1_86' title='bbox 1305 1346 1408 1401; x_wconf 67' lang='lat' dir='ltr'><strong>illae</strong></span> <span class='ocrx_word' id='word_1_87' title='bbox 1436 1362 1596 1416; x_wconf 83' lang='lat' dir='ltr'><strong>supra</strong></span> <span class='ocrx_word' id='word_1_88' title='bbox 1618 1348 1781 1403; x_wconf 88' lang='lat' dir='ltr'><strong>coelos</strong></span> <span class='ocrx_word' id='word_1_89' title='bbox 1812 1362 1942 1402; x_wconf 85' lang='lat' dir='ltr'><strong>con-</strong></span> 
     </span>
    </p>
   </div>
   <div class='ocr_carea' id='block_1_14' title="bbox 363 1436 1939 1507">
    <p class='ocr_par' dir='ltr' id='par_1_14' title="bbox 363 1436 1939 1507">
     <span class='ocr_line' id='line_1_14' title="bbox 363 1436 1939 1507; baseline 0.003 -19"><span class='ocrx_word' id='word_1_90' title='bbox 363 1436 565 1491; x_wconf 73' lang='lat' dir='ltr'><strong>stitutae</strong></span> <span class='ocrx_word' id='word_1_91' title='bbox 624 1452 1007 1507; x_wconf 89' lang='lat' dir='ltr'><strong>nonnunquam</strong></span> <span class='ocrx_word' id='word_1_92' title='bbox 1059 1439 1125 1492; x_wconf 90' lang='lat' dir='ltr'><strong>ad</strong></span> <span class='ocrx_word' id='word_1_93' title='bbox 1181 1438 1552 1494; x_wconf 85' lang='lat' dir='ltr'><strong>universorum</strong></span> <span class='ocrx_word' id='word_1_94' title='bbox 1599 1453 1939 1493; x_wconf 87' lang='lat' dir='ltr'><strong>communem</strong></span> 
     </span>
    </p>
   </div>
   <div class='ocr_carea' id='block_1_15' title="bbox 363 1527 1939 1598">
    <p class='ocr_par' dir='ltr' id='par_1_15' title="bbox 363 1527 1939 1598">
     <span class='ocr_line' id='line_1_15' title="bbox 363 1527 1939 1598; baseline 0.002 -16"><span class='ocrx_word' id='word_1_95' title='bbox 363 1527 649 1584; x_wconf 89' lang='lat' dir='ltr'><strong>Dominum</strong></span> <span class='ocrx_word' id='word_1_96' title='bbox 682 1529 1005 1585; x_wconf 87' lang='lat' dir='ltr'><strong>laudandum</strong></span> <span class='ocrx_word' id='word_1_97' title='bbox 1040 1530 1435 1598; x_wconf 85' lang='lat' dir='ltr'><strong>adhibeantur;</strong></span> <span class='ocrx_word' id='word_1_98' title='bbox 1465 1545 1569 1584; x_wconf 92' lang='lat' dir='ltr'><strong>non</strong></span> <span class='ocrx_word' id='word_1_99' title='bbox 1620 1530 1823 1584; x_wconf 89' lang='lat' dir='ltr'><strong>idcirco</strong></span> <span class='ocrx_word' id='word_1_100' title='bbox 1847 1544 1939 1585; x_wconf 89' lang='lat' dir='ltr'><strong>eas</strong></span> 
     </span>
    </p>
   </div>
   <div class='ocr_carea' id='block_1_16' title="bbox 362 1620 1940 1690">
    <p class='ocr_par' dir='ltr' id='par_1_16' title="bbox 362 1620 1940 1690">
     <span class='ocr_line' id='line_1_16' title="bbox 362 1620 1940 1690; baseline 0.001 -18"><span class='ocrx_word' id='word_1_101' title='bbox 362 1628 611 1674; x_wconf 86' lang='lat' dir='ltr'><strong>naturam</strong></span> <span class='ocrx_word' id='word_1_102' title='bbox 642 1620 958 1675; x_wconf 88' lang='lat' dir='ltr'><strong>rationalem</strong></span> <span class='ocrx_word' id='word_1_103' title='bbox 986 1636 1105 1676; x_wconf 88' lang='lat' dir='ltr'><strong>esse</strong></span> <span class='ocrx_word' id='word_1_104' title='bbox 1144 1630 1413 1690; x_wconf 89' lang='lat' dir='ltr'><strong>putamus.</strong></span> <span class='ocrx_word' id='word_1_105' title='bbox 1431 1620 1616 1689; x_wconf 88' lang='lat' dir='ltr'><strong>Neque</strong></span> <span class='ocrx_word' id='word_1_106' title='bbox 1647 1622 1790 1674; x_wconf 90' lang='lat' dir='ltr'><strong>enim</strong></span> <span class='ocrx_word' id='word_1_107' title='bbox 1823 1621 1940 1674; x_wconf 88' lang='lat' dir='ltr'><strong>ani-</strong></span> 
     </span>
    </p>
   </div>
   <div class='ocr_carea' id='block_1_17' title="bbox 362 1712 1933 1785">
    <p class='ocr_par' dir='ltr' id='par_1_17' title="bbox 362 1712 1933 1785">
     <span class='ocr_line' id='line_1_17' title="bbox 362 1712 1933 1785; baseline 0.001 -22"><span class='ocrx_word' id='word_1_108' title='bbox 362 1712 493 1765; x_wconf 87' lang='lat' dir='ltr'><strong>mati</strong></span> <span class='ocrx_word' id='word_1_109' title='bbox 551 1720 675 1767; x_wconf 85' lang='lat' dir='ltr'><strong>sunt</strong></span> <span class='ocrx_word' id='word_1_110' title='bbox 712 1712 857 1778; x_wconf 65' lang='lat' dir='ltr'><strong>caeli,</strong></span> <span class='ocrx_word' id='word_1_111' title='bbox 894 1728 959 1769; x_wconf 92' lang='lat' dir='ltr'><strong>eo</strong></span> <span class='ocrx_word' id='word_1_112' title='bbox 1003 1714 1144 1783; x_wconf 91' lang='lat' dir='ltr'><strong>quod</strong></span> <span class='ocrx_word' id='word_1_113' title='bbox 1192 1712 1288 1767; x_wconf 78' lang='lat' dir='ltr'><strong>Dei</strong></span> <span class='ocrx_word' id='word_1_114' title='bbox 1321 1722 1570 1767; x_wconf 84' lang='lat' dir='ltr'><strong>enarrant</strong></span> <span class='ocrx_word' id='word_1_115' title='bbox 1610 1712 1933 1785; x_wconf 75' lang='lat' dir='ltr'><strong>gloriam&quot;:</strong></span> 
     </span>
    </p>
   </div>
   <div class='ocr_carea' id='block_1_18' title="bbox 2052 528 3657 605">
    <p class='ocr_par' dir='ltr' id='par_1_18' title="bbox 2052 528 3657 605">
     <span class='ocr_line' id='line_1_18' title="bbox 2052 528 3657 605; baseline 0.002 -22"><span class='ocrx_word' id='word_1_116' title='bbox 2052 531 2203 584; x_wconf 86' lang='grc' dir='ltr'>κάτω</span> <span class='ocrx_word' id='word_1_117' title='bbox 2239 529 2346 583; x_wconf 83' lang='grc' dir='ltr'><strong>τῶν</strong></span> <span class='ocrx_word' id='word_1_118' title='bbox 2380 532 2622 602; x_wconf 81' lang='grc' dir='ltr'>ούρανῶν</span> <span class='ocrx_word' id='word_1_119' title='bbox 2662 532 2826 585; x_wconf 78' lang='grc' dir='ltr'>ὕδατα</span> <span class='ocrx_word' id='word_1_120' title='bbox 2866 531 2936 585; x_wconf 89' lang='grc' dir='ltr'><strong>τά</strong></span> <span class='ocrx_word' id='word_1_121' title='bbox 2979 530 3321 603; x_wconf 86' lang='grc' dir='ltr'>πνευματικὰ</span> <span class='ocrx_word' id='word_1_122' title='bbox 3356 528 3507 586; x_wconf 80' lang='grc' dir='ltr'>εἶναι</span> <span class='ocrx_word' id='word_1_123' title='bbox 3540 535 3657 605; x_wconf 73' lang='grc' dir='ltr'>τῆς</span> 
     </span>
    </p>
   </div>
   <div class='ocr_carea' id='block_1_19' title="bbox 2049 621 3657 694">
    <p class='ocr_par' dir='ltr' id='par_1_19' title="bbox 2049 621 3657 694">
     <span class='ocr_line' id='line_1_19' title="bbox 2049 621 3657 694; baseline 0.004 -22"><span class='ocrx_word' id='word_1_124' title='bbox 2049 621 2335 691; x_wconf 81' lang='grc' dir='ltr'><strong>πονηρίας,</strong></span> <span class='ocrx_word' id='word_1_125' title='bbox 2379 621 2486 675; x_wconf 84' lang='grc' dir='ltr'>ἀπὸ</span> <span class='ocrx_word' id='word_1_126' title='bbox 2512 621 2605 675; x_wconf 81' lang='grc' dir='ltr'>τοῦ</span> <span class='ocrx_word' id='word_1_127' title='bbox 2639 623 2777 676; x_wconf 83' lang='grc' dir='ltr'><strong>κατά</strong></span> <span class='ocrx_word' id='word_1_128' title='bbox 2809 624 2967 692; x_wconf 77' lang='grc' dir='ltr'>φύσιν</span> <span class='ocrx_word' id='word_1_129' title='bbox 3008 622 3171 692; x_wconf 74' lang='grc' dir='ltr'>ὕψους</span> <span class='ocrx_word' id='word_1_130' title='bbox 3201 626 3280 687; x_wconf 83' lang='grc' dir='ltr'><strong>είς</strong></span> <span class='ocrx_word' id='word_1_131' title='bbox 3307 624 3367 677; x_wconf 82' lang='grc' dir='ltr'><strong>τὸ</strong></span> <span class='ocrx_word' id='word_1_132' title='bbox 3393 623 3504 694; x_wconf 82' lang='grc' dir='ltr'>τῆς</span> <span class='ocrx_word' id='word_1_133' title='bbox 3535 643 3657 679; x_wconf 70' lang='grc' dir='ltr'><strong>κι-</strong></span> 
     </span>
    </p>
   </div>
   <div class='ocr_carea' id='block_1_20' title="bbox 2047 708 3657 785">
    <p class='ocr_par' dir='ltr' id='par_1_20' title="bbox 2047 708 3657 785">
     <span class='ocr_line' id='line_1_20' title="bbox 2047 708 3657 785; baseline 0.002 -22"><span class='ocrx_word' id='word_1_134' title='bbox 2047 710 2170 774; x_wconf 89' lang='grc' dir='ltr'>κίας</span> <span class='ocrx_word' id='word_1_135' title='bbox 2218 708 2375 779; x_wconf 86' lang='grc' dir='ltr'>βάθος</span> <span class='ocrx_word' id='word_1_136' title='bbox 2420 712 2831 765; x_wconf 77' lang='grc' dir='ltr'><strong>καταπεσόντα·</strong></span> <span class='ocrx_word' id='word_1_137' title='bbox 2868 712 3030 784; x_wconf 76' lang='grc' dir='ltr'>ἅπερ,</span> <span class='ocrx_word' id='word_1_138' title='bbox 3072 713 3148 776; x_wconf 84' lang='grc' dir='ltr'>ὡς</span> <span class='ocrx_word' id='word_1_139' title='bbox 3173 713 3464 785; x_wconf 84' lang='grc' dir='ltr'><strong>ταραχώδη</strong></span> <span class='ocrx_word' id='word_1_140' title='bbox 3506 714 3657 767; x_wconf 71' lang='grc' dir='ltr'>ὄντα</span> 
     </span>
    </p>
   </div>
   <div class='ocr_carea' id='block_1_21' title="bbox 2050 802 3656 875">
    <p class='ocr_par' dir='ltr' id='par_1_21' title="bbox 2050 802 3656 875">
     <span class='ocr_line' id='line_1_21' title="bbox 2050 802 3656 875; baseline 0.002 -21"><span class='ocrx_word' id='word_1_141' title='bbox 2050 802 2146 854; x_wconf 74' lang='grc' dir='ltr'><strong>καὶ</strong></span> <span class='ocrx_word' id='word_1_142' title='bbox 2174 802 2554 869; x_wconf 73' lang='grc' dir='ltr'>στασιαπικά,</span> <span class='ocrx_word' id='word_1_143' title='bbox 2583 805 2810 867; x_wconf 73' lang='grc' dir='ltr'>καὶτοῖς</span> <span class='ocrx_word' id='word_1_144' title='bbox 2827 802 3076 875; x_wconf 81' lang='grc' dir='ltr'>θορύϐοις</span> <span class='ocrx_word' id='word_1_145' title='bbox 3090 803 3198 857; x_wconf 85' lang='grc' dir='ltr'><strong>τῶν</strong></span> <span class='ocrx_word' id='word_1_146' title='bbox 3224 804 3409 858; x_wconf 85' lang='grc' dir='ltr'>παθῶν</span> <span class='ocrx_word' id='word_1_147' title='bbox 3435 822 3656 875; x_wconf 84' lang='grc' dir='ltr'>κυμαι-</span> 
     </span>
    </p>
   </div>
   <div class='ocr_carea' id='block_1_22' title="bbox 2046 891 3650 965">
    <p class='ocr_par' dir='ltr' id='par_1_22' title="bbox 2046 891 3650 965">
     <span class='ocr_line' id='line_1_22' title="bbox 2046 891 3650 965; baseline 0.004 -21"><span class='ocrx_word' id='word_1_148' title='bbox 2046 893 2263 962; x_wconf 86' lang='grc' dir='ltr'>νόμενα,</span> <span class='ocrx_word' id='word_1_149' title='bbox 2302 891 2576 947; x_wconf 87' lang='grc' dir='ltr'>θάλασσαν</span> <span class='ocrx_word' id='word_1_150' title='bbox 2616 893 2930 965; x_wconf 79' lang='grc' dir='ltr'>ὠνομάσθαι</span> <span class='ocrx_word' id='word_1_151' title='bbox 2985 893 3075 947; x_wconf 80' lang='grc' dir='ltr'><strong>διὰ</strong></span> <span class='ocrx_word' id='word_1_152' title='bbox 3119 894 3181 948; x_wconf 75' lang='grc' dir='ltr'>τὸ</span> <span class='ocrx_word' id='word_1_153' title='bbox 3220 895 3650 965; x_wconf 82' lang='grc' dir='ltr'>εύμετάὸλητον</span> 
     </span>
    </p>
   </div>
   <div class='ocr_carea' id='block_1_23' title="bbox 2045 983 3646 1058">
    <p class='ocr_par' dir='ltr' id='par_1_23' title="bbox 2045 983 3646 1058">
     <span class='ocr_line' id='line_1_23' title="bbox 2045 983 3646 1058; baseline 0.003 -21"><span class='ocrx_word' id='word_1_154' title='bbox 2045 983 2139 1037; x_wconf 76' lang='grc' dir='ltr'>καὶ</span> <span class='ocrx_word' id='word_1_155' title='bbox 2168 984 2400 1037; x_wconf 83' lang='grc' dir='ltr'>ἄστατον</span> <span class='ocrx_word' id='word_1_156' title='bbox 2440 985 2548 1038; x_wconf 87' lang='grc' dir='ltr'><strong>τῶν</strong></span> <span class='ocrx_word' id='word_1_157' title='bbox 2589 987 2729 1040; x_wconf 76' lang='grc' dir='ltr'>κατὰ</span> <span class='ocrx_word' id='word_1_158' title='bbox 2770 986 3088 1058; x_wconf 80' lang='grc' dir='ltr'>προαίρεσιν</span> <span class='ocrx_word' id='word_1_159' title='bbox 3115 987 3453 1057; x_wconf 81' lang='grc' dir='ltr'><strong>κινημάτων.</strong></span> <span class='ocrx_word' id='word_1_160' title='bbox 3484 989 3531 1041; x_wconf 89' lang='grc' dir='ltr'><strong>Τ</strong></span> <span class='ocrx_word' id='word_1_161' title='bbox 3533 992 3646 1053; x_wconf 65' lang='grc' dir='ltr'><strong>οὓς</strong></span> 
     </span>
    </p>
   </div>
   <div class='ocr_carea' id='block_1_24' title="bbox 2042 1074 3648 1149">
    <p class='ocr_par' dir='ltr' id='par_1_24' title="bbox 2042 1074 3648 1149">
     <span class='ocr_line' id='line_1_24' title="bbox 2042 1074 3648 1149; baseline 0.004 -23"><span class='ocrx_word' id='word_1_162' title='bbox 2042 1074 2105 1144; x_wconf 86' lang='grc' dir='ltr'>δὴ</span> <span class='ocrx_word' id='word_1_163' title='bbox 2154 1074 2425 1138; x_wconf 80' lang='grc' dir='ltr'>τοιούτους</span> <span class='ocrx_word' id='word_1_164' title='bbox 2466 1075 2659 1144; x_wconf 80' lang='grc' dir='ltr'>λόγους</span> <span class='ocrx_word' id='word_1_165' title='bbox 2709 1076 2784 1140; x_wconf 82' lang='grc' dir='ltr'>ῶς</span> <span class='ocrx_word' id='word_1_166' title='bbox 2829 1076 3121 1149; x_wconf 85' lang='grc' dir='ltr'>ὀνειράτων</span> <span class='ocrx_word' id='word_1_167' title='bbox 3175 1079 3495 1147; x_wconf 79' lang='grc' dir='ltr'>συγκρίσεις</span> <span class='ocrx_word' id='word_1_168' title='bbox 3536 1081 3648 1132; x_wconf 71' lang='grc' dir='ltr'><strong>καὶ</strong></span> 
     </span>
    </p>
   </div>
   <div class='ocr_carea' id='block_1_25' title="bbox 2043 1163 3645 1242">
    <p class='ocr_par' dir='ltr' id='par_1_25' title="bbox 2043 1163 3645 1242">
     <span class='ocr_line' id='line_1_25' title="bbox 2043 1163 3645 1242; baseline 0.002 -25"><span class='ocrx_word' id='word_1_169' title='bbox 2043 1163 2308 1235; x_wconf 82' lang='grc' dir='ltr'>γραώδεις</span> <span class='ocrx_word' id='word_1_170' title='bbox 2336 1165 2537 1236; x_wconf 88' lang='grc' dir='ltr'>μύθους</span> <span class='ocrx_word' id='word_1_171' title='bbox 2567 1166 3045 1237; x_wconf 78' lang='grc' dir='ltr'>ἀποπεμψάμενοι,</span> <span class='ocrx_word' id='word_1_172' title='bbox 3076 1166 3134 1219; x_wconf 87' lang='grc' dir='ltr'><strong>τὸ</strong></span> <span class='ocrx_word' id='word_1_173' title='bbox 3156 1167 3296 1238; x_wconf 88' lang='grc' dir='ltr'>’ύδωρ</span> <span class='ocrx_word' id='word_1_174' title='bbox 3326 1168 3471 1242; x_wconf 74' lang='grc' dir='ltr'>ὕδωρ</span> <span class='ocrx_word' id='word_1_175' title='bbox 3500 1172 3645 1241; x_wconf 80' lang='grc' dir='ltr'>νοή-</span> 
     </span>
    </p>
   </div>
   <div class='ocr_carea' id='block_1_26' title="bbox 2045 1256 3644 1331">
    <p class='ocr_par' dir='ltr' id='par_1_26' title="bbox 2045 1256 3644 1331">
     <span class='ocr_line' id='line_1_26' title="bbox 2045 1256 3644 1331; baseline 0.004 -24"><span class='ocrx_word' id='word_1_176' title='bbox 2045 1273 2248 1327; x_wconf 88' lang='grc' dir='ltr'>σωμεν,</span> <span class='ocrx_word' id='word_1_177' title='bbox 2287 1257 2379 1309; x_wconf 81' lang='grc' dir='ltr'>καὶ</span> <span class='ocrx_word' id='word_1_178' title='bbox 2412 1256 2515 1328; x_wconf 79' lang='grc' dir='ltr'><strong>τὴν</strong></span> <span class='ocrx_word' id='word_1_179' title='bbox 2539 1258 2807 1328; x_wconf 81' lang='grc' dir='ltr'>διάκρισιν</span> <span class='ocrx_word' id='word_1_180' title='bbox 2838 1258 2936 1329; x_wconf 84' lang='grc' dir='ltr'><strong>τὴν</strong></span> <span class='ocrx_word' id='word_1_181' title='bbox 2970 1259 3074 1312; x_wconf 79' lang='grc' dir='ltr'><strong>ύπδ</strong></span> <span class='ocrx_word' id='word_1_182' title='bbox 3114 1259 3207 1313; x_wconf 79' lang='grc' dir='ltr'>τοῦ</span> <span class='ocrx_word' id='word_1_183' title='bbox 3244 1260 3644 1331; x_wconf 81' lang='grc' dir='ltr'>στερεώματος</span> 
     </span>
    </p>
   </div>
   <div class='ocr_carea' id='block_1_27' title="bbox 2040 1347 3637 1423">
    <p class='ocr_par' dir='ltr' id='par_1_27' title="bbox 2040 1347 3637 1423">
     <span class='ocr_line' id='line_1_27' title="bbox 2040 1347 3637 1423; baseline 0.004 -24"><span class='ocrx_word' id='word_1_184' title='bbox 2040 1347 2336 1418; x_wconf 74' lang='grc' dir='ltr'>γενομένην</span> <span class='ocrx_word' id='word_1_185' title='bbox 2352 1348 2492 1401; x_wconf 73' lang='grc' dir='ltr'>κατὰ</span> <span class='ocrx_word' id='word_1_186' title='bbox 2512 1348 2610 1419; x_wconf 80' lang='grc' dir='ltr'><strong>τὴν</strong></span> <span class='ocrx_word' id='word_1_187' title='bbox 2627 1349 2983 1403; x_wconf 84' lang='grc' dir='ltr'>ἀποδοθεῖσαν</span> <span class='ocrx_word' id='word_1_188' title='bbox 3001 1350 3177 1404; x_wconf 79' lang='grc' dir='ltr'>αἰτίαν</span> <span class='ocrx_word' id='word_1_189' title='bbox 3190 1350 3469 1421; x_wconf 80' lang='grc' dir='ltr'>δεξώμεθα</span> <span class='ocrx_word' id='word_1_190' title='bbox 3488 1353 3637 1423; x_wconf 74' lang='grc'><strong>(45).</strong></span> 
     </span>
    </p>
   </div>
   <div class='ocr_carea' id='block_1_28' title="bbox 2040 1438 3639 1510">
    <p class='ocr_par' dir='ltr' id='par_1_28' title="bbox 2040 1438 3639 1510">
     <span class='ocr_line' id='line_1_28' title="bbox 2040 1438 3639 1510; baseline 0.006 -21"><span class='ocrx_word' id='word_1_191' title='bbox 2040 1439 2150 1490; x_wconf 70' lang='grc' dir='ltr'><strong>Καὶ</strong></span> <span class='ocrx_word' id='word_1_192' title='bbox 2204 1438 2407 1508; x_wconf 91' lang='grc' dir='ltr'>μέντοι,</span> <span class='ocrx_word' id='word_1_193' title='bbox 2481 1440 2583 1493; x_wconf 80' lang='grc' dir='ltr'><strong>κᾶν</strong></span> <span class='ocrx_word' id='word_1_194' title='bbox 2640 1442 2719 1505; x_wconf 83' lang='grc' dir='ltr'><strong>είς</strong></span> <span class='ocrx_word' id='word_1_195' title='bbox 2769 1441 3077 1510; x_wconf 81' lang='grc' dir='ltr'>δοξολογίαν</span> <span class='ocrx_word' id='word_1_196' title='bbox 3128 1444 3256 1496; x_wconf 82' lang='grc' dir='ltr'>ποτὲ</span> <span class='ocrx_word' id='word_1_197' title='bbox 3292 1444 3387 1496; x_wconf 74' lang='grc' dir='ltr'>τοῦ</span> <span class='ocrx_word' id='word_1_198' title='bbox 3439 1444 3639 1499; x_wconf 78' lang='grc' dir='ltr'>κοινοῦ</span> 
     </span>
    </p>
   </div>
   <div class='ocr_carea' id='block_1_29' title="bbox 2038 1528 3638 1610">
    <p class='ocr_par' dir='ltr' id='par_1_29' title="bbox 2038 1528 3638 1610">
     <span class='ocr_line' id='line_1_29' title="bbox 2038 1528 3638 1610; baseline 0.006 -29"><span class='ocrx_word' id='word_1_199' title='bbox 2038 1528 2147 1582; x_wconf 83' lang='grc' dir='ltr'><strong>τῶν</strong></span> <span class='ocrx_word' id='word_1_200' title='bbox 2173 1530 2309 1583; x_wconf 82' lang='grc' dir='ltr'>ὅλων</span> <span class='ocrx_word' id='word_1_201' title='bbox 2338 1532 2607 1585; x_wconf 88' lang='grc' dir='ltr'>Δεσπότου</span> <span class='ocrx_word' id='word_1_202' title='bbox 2636 1534 2704 1587; x_wconf 82' lang='grc' dir='ltr'>τὰ</span> <span class='ocrx_word' id='word_1_203' title='bbox 2731 1534 2986 1605; x_wconf 82' lang='grc' dir='ltr'>ὑπεράνω</span> <span class='ocrx_word' id='word_1_204' title='bbox 3027 1536 3133 1588; x_wconf 81' lang='grc' dir='ltr'>τῶν</span> <span class='ocrx_word' id='word_1_205' title='bbox 3166 1537 3407 1608; x_wconf 80' lang='grc' dir='ltr'>οὐρανῶν</span> <span class='ocrx_word' id='word_1_206' title='bbox 3437 1556 3638 1610; x_wconf 80' lang='grc' dir='ltr'>παρα-</span> 
     </span>
    </p>
   </div>
   <div class='ocr_carea' id='block_1_30' title="bbox 2037 1618 3639 1696">
    <p class='ocr_par' dir='ltr' id='par_1_30' title="bbox 2037 1618 3639 1696">
     <span class='ocr_line' id='line_1_30' title="bbox 2037 1618 3639 1696; baseline 0.004 -24"><span class='ocrx_word' id='word_1_207' title='bbox 2037 1618 2380 1690; x_wconf 77' lang='grc' dir='ltr'>λαμϐάνηται</span> <span class='ocrx_word' id='word_1_208' title='bbox 2428 1620 2617 1685; x_wconf 80' lang='grc' dir='ltr'>ὕδατα,</span> <span class='ocrx_word' id='word_1_209' title='bbox 2663 1623 2724 1675; x_wconf 74' lang='grc' dir='ltr'><strong>οὐ</strong></span> <span class='ocrx_word' id='word_1_210' title='bbox 2780 1623 3004 1695; x_wconf 83' lang='grc' dir='ltr'>λογικὴν</span> <span class='ocrx_word' id='word_1_211' title='bbox 3059 1624 3196 1677; x_wconf 80' lang='grc' dir='ltr'><strong>αύτά</strong></span> <span class='ocrx_word' id='word_1_212' title='bbox 3252 1623 3413 1692; x_wconf 74' lang='grc' dir='ltr'>φύσιν</span> <span class='ocrx_word' id='word_1_213' title='bbox 3473 1627 3639 1696; x_wconf 81' lang='grc' dir='ltr'>παρὰ</span> 
     </span>
    </p>
   </div>
   <div class='ocr_carea' id='block_1_31' title="bbox 2038 1711 3638 1787">
    <p class='ocr_par' dir='ltr' id='par_1_31' title="bbox 2038 1711 3638 1787">
     <span class='ocr_line' id='line_1_31' title="bbox 2038 1711 3638 1787; baseline 0.006 -25"><span class='ocrx_word' id='word_1_214' title='bbox 2038 1711 2193 1764; x_wconf 75' lang='grc' dir='ltr'>τοῦτο</span> <span class='ocrx_word' id='word_1_215' title='bbox 2216 1712 2495 1781; x_wconf 77' lang='grc' dir='ltr'>τιθέμεθα.</span> <span class='ocrx_word' id='word_1_216' title='bbox 2524 1712 2660 1766; x_wconf 69' lang='grc' dir='ltr'>Οὔτε</span> <span class='ocrx_word' id='word_1_217' title='bbox 2688 1715 2796 1787; x_wconf 81' lang='grc' dir='ltr'><strong>γὰρ</strong></span> <span class='ocrx_word' id='word_1_218' title='bbox 2829 1716 2879 1767; x_wconf 77' lang='grc' dir='ltr'>οἱ</span> <span class='ocrx_word' id='word_1_219' title='bbox 2912 1717 3132 1786; x_wconf 75' lang='grc' dir='ltr'>οὐρανοὶ</span> <span class='ocrx_word' id='word_1_220' title='bbox 3182 1716 3435 1787; x_wconf 62' lang='grc' dir='ltr'>ἔμψυχοι,</span> <span class='ocrx_word' id='word_1_221' title='bbox 3476 1719 3638 1771; x_wconf 79' lang='grc' dir='ltr'>ἐπει-</span> 
     </span>
    </p>
   </div>
   <div class='ocr_carea' id='block_1_32' title="bbox 362 1785 1939 1880">
    <p class='ocr_par' dir='ltr' id='par_1_32' title="bbox 362 1804 1937 1876">
     <span class='ocr_line' id='line_1_32' title="bbox 362 1804 1937 1876; baseline 0.003 -20"><span class='ocrx_word' id='word_1_222' title='bbox 362 1818 537 1872; x_wconf 89' lang='lat' dir='ltr'><strong>neque</strong></span> <span class='ocrx_word' id='word_1_223' title='bbox 575 1804 976 1860; x_wconf 85' lang='lat' dir='ltr'><strong>ﬁrmamentum</strong></span> <span class='ocrx_word' id='word_1_224' title='bbox 1015 1808 1215 1861; x_wconf 89' lang='lat' dir='ltr'><strong>animal</strong></span> <span class='ocrx_word' id='word_1_225' title='bbox 1241 1816 1325 1861; x_wconf 86' lang='lat' dir='ltr'><strong>est</strong></span> <span class='ocrx_word' id='word_1_226' title='bbox 1357 1821 1516 1862; x_wconf 84' lang='lat' dir='ltr'><strong>sensu</strong></span> <span class='ocrx_word' id='word_1_227' title='bbox 1545 1806 1847 1876; x_wconf 67' lang='lat' dir='ltr'><strong>praeditum,</strong></span> <span class='ocrx_word' id='word_1_228' title='bbox 1871 1820 1937 1860; x_wconf 89' lang='lat' dir='ltr'><strong>eo</strong></span> 
     </span>
    </p>
   </div>
   <div class='ocr_carea' id='block_1_33' title="bbox 2050 1785 3633 1880">
    <p class='ocr_par' dir='ltr' id='par_1_33' title="bbox 2050 1785 3633 1880">
     <span class='ocr_line' id='line_1_33' title="bbox 2050 1785 3633 1880; baseline 0.006 -29"><span class='ocrx_word' id='word_1_229' title='bbox 2050 1799 2099 1871; x_wconf 73' lang='grc' dir='ltr'><strong>ῑὴ</strong></span> <span class='ocrx_word' id='word_1_230' title='bbox 2150 1801 2495 1869; x_wconf 67' lang='grc' dir='ltr'>Διηγοῦνται</span> <span class='ocrx_word' id='word_1_231' title='bbox 2543 1802 2735 1867; x_wconf 76' lang='grc' dir='ltr'>δόξαν</span> <span class='ocrx_word' id='word_1_232' title='bbox 2766 1785 2988 1859; x_wconf 10' lang='grc' dir='ltr'>ἠΘεοῦον</span> <span class='ocrx_word' id='word_1_233' title='bbox 3037 1807 3160 1859; x_wconf 74' lang='grc' dir='ltr'>οὔτε</span> <span class='ocrx_word' id='word_1_234' title='bbox 3213 1785 3275 1859; x_wconf 78' lang='grc' dir='ltr'><strong>τὸ</strong></span> <span class='ocrx_word' id='word_1_235' title='bbox 3329 1785 3633 1880; x_wconf 74' lang='grc' dir='ltr'>στερέωμα</span> 
     </span>
    </p>
   </div>
   <div class='ocr_carea' id='block_1_34' title="bbox 360 1895 1966 1968">
    <p class='ocr_par' dir='ltr' id='par_1_34' title="bbox 360 1895 1966 1968">
     <span class='ocr_line' id='line_1_34' title="bbox 360 1895 1966 1968; baseline -0.001 -19"><span class='ocrx_word' id='word_1_236' title='bbox 360 1896 501 1964; x_wconf 85' lang='lat' dir='ltr'><strong>quod</strong></span> <span class='ocrx_word' id='word_1_237' title='bbox 534 1895 678 1965; x_wconf 87' lang='lat' dir='ltr'><strong>Opus</strong></span> <span class='ocrx_word' id='word_1_238' title='bbox 707 1915 958 1952; x_wconf 85' lang='lat' dir='ltr'><strong>manuum</strong></span> <span class='ocrx_word' id='word_1_239' title='bbox 1000 1900 1166 1968; x_wconf 83' lang='lat' dir='ltr'><strong>ipsius</strong></span> <span class='ocrx_word' id='word_1_240' title='bbox 1209 1900 1487 1954; x_wconf 82' lang='lat' dir='ltr'><strong>annuntiat</strong></span> <span class='ocrx_word' id='word_1_241' title='bbox 1506 1898 1572 1951; x_wconf 76' lang='lat'><strong>“.</strong></span> <span class='ocrx_word' id='word_1_242' title='bbox 1606 1899 1671 1953; x_wconf 85' lang='lat' dir='ltr'><strong>Et</strong></span> <span class='ocrx_word' id='word_1_243' title='bbox 1713 1900 1756 1953; x_wconf 85' lang='lat' dir='ltr'><strong>si</strong></span> <span class='ocrx_word' id='word_1_244' title='bbox 1798 1898 1966 1953; x_wconf 86' lang='lat' dir='ltr'><strong>dicat.</strong></span> 
     </span>
    </p>
   </div>
   <div class='ocr_carea' id='block_1_35' title="bbox 360 1989 1936 2062">
    <p class='ocr_par' dir='ltr' id='par_1_35' title="bbox 360 1989 1936 2062">
     <span class='ocr_line' id='line_1_35' title="bbox 360 1989 1936 2062; baseline 0.001 -19"><span class='ocrx_word' id='word_1_245' title='bbox 360 1989 483 2061; x_wconf 86' lang='lat' dir='ltr'><strong>quis</strong></span> <span class='ocrx_word' id='word_1_246' title='bbox 508 1990 679 2046; x_wconf 72' lang='lat' dir='ltr'><strong>cmlos</strong></span> <span class='ocrx_word' id='word_1_247' title='bbox 701 1991 919 2061; x_wconf 80' lang='lat' dir='ltr'><strong>quidem</strong></span> <span class='ocrx_word' id='word_1_248' title='bbox 948 2005 1069 2047; x_wconf 88' lang='lat' dir='ltr'><strong>esse</strong></span> <span class='ocrx_word' id='word_1_249' title='bbox 1094 1991 1538 2062; x_wconf 84' lang='lat' dir='ltr'><strong>contemplativas</strong></span> <span class='ocrx_word' id='word_1_250' title='bbox 1565 1992 1809 2055; x_wconf 84' lang='lat' dir='ltr'><strong>virtutes,</strong></span> <span class='ocrx_word' id='word_1_251' title='bbox 1844 1990 1936 2044; x_wconf 86' lang='lat' dir='ltr'><strong>ﬁr-</strong></span> 
     </span>
    </p>
   </div>
   <div class='ocr_carea' id='block_1_36' title="bbox 360 2092 1939 2153">
    <p class='ocr_par' dir='ltr' id='par_1_36' title="bbox 360 2092 1939 2153">
     <span class='ocr_line' id='line_1_36' title="bbox 360 2092 1939 2153; baseline 0.001 -18"><span class='ocrx_word' id='word_1_252' title='bbox 360 2094 687 2137; x_wconf 84' lang='lat' dir='ltr'><strong>mamentum</strong></span> <span class='ocrx_word' id='word_1_253' title='bbox 717 2097 845 2138; x_wconf 81' lang='lat' dir='ltr'><strong>vero</strong></span> <span class='ocrx_word' id='word_1_254' title='bbox 888 2092 1184 2153; x_wconf 87' lang='lat' dir='ltr'><strong>potestates</strong></span> <span class='ocrx_word' id='word_1_255' title='bbox 1222 2092 1489 2148; x_wconf 70' lang='lat'><strong>30100839,</strong></span> <span class='ocrx_word' id='word_1_256' title='bbox 1523 2092 1578 2138; x_wconf 75' lang='lat'><strong>8|.</strong></span> <span class='ocrx_word' id='word_1_257' title='bbox 1605 2098 1792 2138; x_wconf 90' lang='lat' dir='ltr'><strong>eorum</strong></span> <span class='ocrx_word' id='word_1_258' title='bbox 1820 2097 1939 2152; x_wconf 70' lang='grc' dir='ltr'>(ιυω</span> 
     </span>
    </p>
   </div>
   <div class='ocr_carea' id='block_1_37' title="bbox 360 2173 1939 2244">
    <p class='ocr_par' dir='ltr' id='par_1_37' title="bbox 360 2173 1939 2244">
     <span class='ocr_line' id='line_1_37' title="bbox 360 2173 1939 2244; baseline 0.001 -15"><span class='ocrx_word' id='word_1_259' title='bbox 360 2176 553 2229; x_wconf 87' lang='lat' dir='ltr'><strong>decent</strong></span> <span class='ocrx_word' id='word_1_260' title='bbox 585 2173 934 2229; x_wconf 86' lang='lat' dir='ltr'><strong>eﬁ‘ectrices:</strong></span> <span class='ocrx_word' id='word_1_261' title='bbox 981 2176 1125 2230; x_wconf 90' lang='lat' dir='ltr'><strong>hunc</strong></span> <span class='ocrx_word' id='word_1_262' title='bbox 1187 2190 1491 2229; x_wconf 88' lang='lat' dir='ltr'><strong>sermonem</strong></span> <span class='ocrx_word' id='word_1_263' title='bbox 1549 2175 1763 2244; x_wconf 80' lang='lat' dir='ltr'><strong>quidem</strong></span> <span class='ocrx_word' id='word_1_264' title='bbox 1822 2187 1939 2230; x_wconf 90' lang='lat' dir='ltr'><strong>tan-</strong></span> 
     </span>
    </p>
   </div>
   <div class='ocr_carea' id='block_1_38' title="bbox 360 2264 1938 2333">
    <p class='ocr_par' dir='ltr' id='par_1_38' title="bbox 360 2264 1938 2333">
     <span class='ocr_line' id='line_1_38' title="bbox 360 2264 1938 2333; baseline 0.003 -17"><span class='ocrx_word' id='word_1_265' title='bbox 360 2278 517 2333; x_wconf 88' lang='lat' dir='ltr'><strong>quam</strong></span> <span class='ocrx_word' id='word_1_266' title='bbox 543 2264 771 2319; x_wconf 86' lang='lat' dir='ltr'><strong>solerter</strong></span> <span class='ocrx_word' id='word_1_267' title='bbox 794 2265 1083 2319; x_wconf 88' lang='lat' dir='ltr'><strong>conﬁctum</strong></span> <span class='ocrx_word' id='word_1_268' title='bbox 1115 2264 1460 2332; x_wconf 86' lang='lat' dir='ltr'><strong>suscipimus,</strong></span> <span class='ocrx_word' id='word_1_269' title='bbox 1481 2265 1575 2320; x_wconf 88' lang='lat' dir='ltr'><strong>sed</strong></span> <span class='ocrx_word' id='word_1_270' title='bbox 1601 2281 1788 2319; x_wconf 88' lang='lat' dir='ltr'><strong>verum</strong></span> <span class='ocrx_word' id='word_1_271' title='bbox 1818 2279 1938 2320; x_wconf 88' lang='lat' dir='ltr'><strong>esse</strong></span> 
     </span>
    </p>
   </div>
   <div class='ocr_carea' id='block_1_39' title="bbox 361 2338 1933 2425">
    <p class='ocr_par' dir='ltr' id='par_1_39' title="bbox 361 2338 1933 2425">
     <span class='ocr_line' id='line_1_39' title="bbox 361 2338 1933 2425; baseline 0.003 -18"><span class='ocrx_word' id='word_1_272' title='bbox 361 2368 462 2408; x_wconf 92' lang='lat' dir='ltr'><strong>non</strong></span> <span class='ocrx_word' id='word_1_273' title='bbox 491 2355 713 2409; x_wconf 87' lang='lat' dir='ltr'><strong>omnino</strong></span> <span class='ocrx_word' id='word_1_274' title='bbox 743 2355 1115 2410; x_wconf 88' lang='lat' dir='ltr'><strong>concedemus.</strong></span> <span class='ocrx_word' id='word_1_275' title='bbox 1141 2355 1233 2410; x_wconf 87' lang='lat' dir='ltr'><strong>Sic</strong></span> <span class='ocrx_word' id='word_1_276' title='bbox 1254 2338 1398 2409; x_wconf 59' lang='lat' dir='ltr'><strong>e&#39;uim</strong></span> <span class='ocrx_word' id='word_1_277' title='bbox 1426 2364 1481 2410; x_wconf 92' lang='lat' dir='ltr'><strong>et</strong></span> <span class='ocrx_word' id='word_1_278' title='bbox 1506 2371 1615 2420; x_wconf 90' lang='lat' dir='ltr'><strong>ros,</strong></span> <span class='ocrx_word' id='word_1_279' title='bbox 1639 2366 1693 2411; x_wconf 94' lang='lat' dir='ltr'><strong>et</strong></span> <span class='ocrx_word' id='word_1_280' title='bbox 1722 2356 1933 2425; x_wconf 89' lang='lat' dir='ltr'><strong>pruina,</strong></span> 
     </span>
    </p>
   </div>
   <div class='ocr_carea' id='block_1_40' title="bbox 361 2447 1935 2518">
    <p class='ocr_par' dir='ltr' id='par_1_40' title="bbox 361 2447 1935 2518">
     <span class='ocr_line' id='line_1_40' title="bbox 361 2447 1935 2518; baseline 0 -17"><span class='ocrx_word' id='word_1_281' title='bbox 361 2456 414 2501; x_wconf 90' lang='lat' dir='ltr'><strong>et</strong></span> <span class='ocrx_word' id='word_1_282' title='bbox 444 2447 637 2516; x_wconf 76' lang='lat' dir='ltr'><strong>frigus,</strong></span> <span class='ocrx_word' id='word_1_283' title='bbox 663 2455 717 2500; x_wconf 88' lang='lat' dir='ltr'><strong>et</strong></span> <span class='ocrx_word' id='word_1_284' title='bbox 747 2456 937 2509; x_wconf 75' lang='lat' dir='ltr'><strong>aestus,</strong></span> <span class='ocrx_word' id='word_1_285' title='bbox 966 2459 1248 2517; x_wconf 82' lang='lat' dir='ltr'><strong>prapterea</strong></span> <span class='ocrx_word' id='word_1_286' title='bbox 1295 2448 1437 2518; x_wconf 87' lang='lat' dir='ltr'><strong>quod</strong></span> <span class='ocrx_word' id='word_1_287' title='bbox 1470 2448 1606 2518; x_wconf 80' lang='lat' dir='ltr'><strong>apud</strong></span> <span class='ocrx_word' id='word_1_288' title='bbox 1661 2448 1935 2502; x_wconf 88' lang='lat' dir='ltr'><strong>Danielem</strong></span> 
     </span>
    </p>
   </div>
   <div class='ocr_carea' id='block_1_41' title="bbox 361 2539 1939 2610">
    <p class='ocr_par' dir='ltr' id='par_1_41' title="bbox 361 2539 1939 2610">
     <span class='ocr_line' id='line_1_41' title="bbox 361 2539 1939 2610; baseline 0.001 -18"><span class='ocrx_word' id='word_1_289' title='bbox 361 2539 581 2595; x_wconf 89' lang='lat' dir='ltr'><strong>laudare</strong></span> <span class='ocrx_word' id='word_1_290' title='bbox 619 2539 1000 2595; x_wconf 87' lang='lat' dir='ltr'><strong>universorum</strong></span> <span class='ocrx_word' id='word_1_291' title='bbox 1047 2539 1307 2609; x_wconf 91' lang='lat' dir='ltr'><strong>Opiﬁcem</strong></span> <span class='ocrx_word' id='word_1_292' title='bbox 1344 2541 1496 2610; x_wconf 89' lang='lat' dir='ltr'><strong>jussa</strong></span> <span class='ocrx_word' id='word_1_293' title='bbox 1549 2541 1747 2605; x_wconf 84' lang='lat' dir='ltr'><strong>sint&quot;,</strong></span> <span class='ocrx_word' id='word_1_294' title='bbox 1777 2551 1939 2597; x_wconf 87' lang='lat' dir='ltr'><strong>erunt</strong></span> 
     </span>
    </p>
   </div>
   <div class='ocr_carea' id='block_1_42' title="bbox 361 2631 1939 2701">
    <p class='ocr_par' dir='ltr' id='par_1_42' title="bbox 361 2631 1939 2701">
     <span class='ocr_line' id='line_1_42' title="bbox 361 2631 1939 2701; baseline 0.004 -18"><span class='ocrx_word' id='word_1_295' title='bbox 361 2631 651 2699; x_wconf 79' lang='lat' dir='ltr'><strong>spiritualis</strong></span> <span class='ocrx_word' id='word_1_296' title='bbox 681 2632 922 2701; x_wconf 68' lang='lat' dir='ltr'><strong>qumdam</strong></span> <span class='ocrx_word' id='word_1_297' title='bbox 981 2640 1036 2687; x_wconf 91' lang='lat' dir='ltr'><strong>et</strong></span> <span class='ocrx_word' id='word_1_298' title='bbox 1087 2633 1371 2689; x_wconf 81' lang='lat' dir='ltr'><strong>invisibilis</strong></span> <span class='ocrx_word' id='word_1_299' title='bbox 1418 2643 1629 2689; x_wconf 90' lang='lat' dir='ltr'><strong>natura.</strong></span> <span class='ocrx_word' id='word_1_300' title='bbox 1676 2633 1781 2689; x_wconf 88' lang='lat' dir='ltr'><strong>Sed</strong></span> <span class='ocrx_word' id='word_1_301' title='bbox 1823 2636 1939 2689; x_wconf 67' lang='lat' dir='ltr'><strong>haec</strong></span> 
     </span>
    </p>
   </div>
   <div class='ocr_carea' id='block_1_43' title="bbox 362 2719 1937 2792">
    <p class='ocr_par' dir='ltr' id='par_1_43' title="bbox 362 2719 1937 2792">
     <span class='ocr_line' id='line_1_43' title="bbox 362 2719 1937 2792; baseline 0.001 -19"><span class='ocrx_word' id='word_1_302' title='bbox 362 2719 610 2789; x_wconf 88' lang='lat' dir='ltr'><strong>loquendi</strong></span> <span class='ocrx_word' id='word_1_303' title='bbox 660 2724 818 2785; x_wconf 87' lang='lat' dir='ltr'><strong>ratio,</strong></span> <span class='ocrx_word' id='word_1_304' title='bbox 851 2723 896 2775; x_wconf 88' lang='lat' dir='ltr'><strong>si</strong></span> <span class='ocrx_word' id='word_1_305' title='bbox 931 2721 987 2775; x_wconf 89' lang='lat' dir='ltr'><strong>in</strong></span> <span class='ocrx_word' id='word_1_306' title='bbox 1038 2722 1143 2775; x_wconf 82' lang='lat' dir='ltr'><strong>illis</strong></span> <span class='ocrx_word' id='word_1_307' title='bbox 1192 2721 1326 2776; x_wconf 89' lang='lat' dir='ltr'><strong>locis</strong></span> <span class='ocrx_word' id='word_1_308' title='bbox 1367 2737 1399 2775; x_wconf 88' lang='lat' dir='ltr'><strong>a</strong></span> <span class='ocrx_word' id='word_1_309' title='bbox 1429 2723 1712 2792; x_wconf 82' lang='lat' dir='ltr'><strong>sagacibus</strong></span> <span class='ocrx_word' id='word_1_310' title='bbox 1780 2722 1937 2776; x_wconf 87' lang='lat' dir='ltr'><strong>modo</strong></span> 
     </span>
    </p>
   </div>
   <div class='ocr_carea' id='block_1_44' title="bbox 361 2812 1934 2883">
    <p class='ocr_par' dir='ltr' id='par_1_44' title="bbox 361 2812 1934 2883">
     <span class='ocr_line' id='line_1_44' title="bbox 361 2812 1934 2883; baseline -0.001 -16"><span class='ocrx_word' id='word_1_311' title='bbox 361 2812 590 2881; x_wconf 84' lang='lat' dir='ltr'><strong>spiritali</strong></span> <span class='ocrx_word' id='word_1_312' title='bbox 625 2814 944 2883; x_wconf 88' lang='lat' dir='ltr'><strong>accipiatur,</strong></span> <span class='ocrx_word' id='word_1_313' title='bbox 976 2813 1254 2869; x_wconf 86' lang='lat' dir='ltr'><strong>Creatoris</strong></span> <span class='ocrx_word' id='word_1_314' title='bbox 1281 2815 1644 2868; x_wconf 89' lang='lat' dir='ltr'><strong>laudationem</strong></span> <span class='ocrx_word' id='word_1_315' title='bbox 1684 2812 1934 2882; x_wconf 87' lang='lat' dir='ltr'><strong>complet.</strong></span> 
     </span>
    </p>
   </div>
   <div class='ocr_carea' id='block_1_45' title="bbox 360 2903 1939 2977">
    <p class='ocr_par' dir='ltr' id='par_1_45' title="bbox 360 2903 1939 2977">
     <span class='ocr_line' id='line_1_45' title="bbox 360 2903 1939 2977; baseline 0 -19"><span class='ocrx_word' id='word_1_316' title='bbox 360 2903 568 2959; x_wconf 84' lang='lat' dir='ltr'><strong>Etenim</strong></span> <span class='ocrx_word' id='word_1_317' title='bbox 600 2920 707 2960; x_wconf 84' lang='lat' dir='ltr'><strong>non</strong></span> <span class='ocrx_word' id='word_1_318' title='bbox 730 2904 902 2961; x_wconf 84' lang='lat' dir='ltr'><strong>solum</strong></span> <span class='ocrx_word' id='word_1_319' title='bbox 930 2920 1067 2977; x_wconf 84' lang='lat' dir='ltr'><strong>aqua</strong></span> <span class='ocrx_word' id='word_1_320' title='bbox 1100 2921 1259 2977; x_wconf 86' lang='lat' dir='ltr'><strong>supra</strong></span> <span class='ocrx_word' id='word_1_321' title='bbox 1277 2905 1443 2960; x_wconf 73' lang='lat' dir='ltr'><strong>caelos</strong></span> <span class='ocrx_word' id='word_1_322' title='bbox 1471 2907 1700 2975; x_wconf 86' lang='lat' dir='ltr'><strong>reposita</strong></span> <span class='ocrx_word' id='word_1_323' title='bbox 1724 2905 1793 2972; x_wconf 81' lang='lat'><strong>&quot;,</strong></span> <span class='ocrx_word' id='word_1_324' title='bbox 1818 2917 1939 2958; x_wconf 73' lang='lat' dir='ltr'><strong>tan~</strong></span> 
     </span>
    </p>
   </div>
   <div class='ocr_carea' id='block_1_46' title="bbox 360 2996 1934 3070">
    <p class='ocr_par' dir='ltr' id='par_1_46' title="bbox 360 2996 1934 3070">
     <span class='ocr_line' id='line_1_46' title="bbox 360 2996 1934 3070; baseline -0.001 -19"><span class='ocrx_word' id='word_1_325' title='bbox 360 3012 519 3067; x_wconf 90' lang='lat' dir='ltr'><strong>quam</strong></span> <span class='ocrx_word' id='word_1_326' title='bbox 549 3012 666 3066; x_wconf 67' lang='lat' dir='ltr'><strong>quae</strong></span> <span class='ocrx_word' id='word_1_327' title='bbox 710 2999 992 3068; x_wconf 66' lang='lat' dir='ltr'><strong>praecipuis</strong></span> <span class='ocrx_word' id='word_1_328' title='bbox 1041 2999 1342 3055; x_wconf 84' lang='lat' dir='ltr'><strong>honoribus</strong></span> <span class='ocrx_word' id='word_1_329' title='bbox 1373 2997 1850 3070; x_wconf 66' lang='lat' dir='ltr'><strong>oh‘pramantiam</strong></span> <span class='ocrx_word' id='word_1_330' title='bbox 1882 2996 1934 3050; x_wconf 91' lang='lat' dir='ltr'><strong>in</strong></span> 
     </span>
    </p>
   </div>
   <div class='ocr_carea' id='block_1_47' title="bbox 361 3086 2007 3181">
    <p class='ocr_par' dir='ltr' id='par_1_47' title="bbox 361 3086 2007 3181">
     <span class='ocr_line' id='line_1_47' title="bbox 361 3086 2007 3181; baseline 0.001 -37"><span class='ocrx_word' id='word_1_331' title='bbox 361 3104 417 3144; x_wconf 84' lang='lat' dir='ltr'><strong>se</strong></span> <span class='ocrx_word' id='word_1_332' title='bbox 440 3105 511 3144; x_wconf 71' lang='lat' dir='ltr'><strong>ex</strong></span> <span class='ocrx_word' id='word_1_333' title='bbox 533 3091 734 3145; x_wconf 77' lang='lat' dir='ltr'><strong>virtute</strong></span> <span class='ocrx_word' id='word_1_334' title='bbox 780 3090 1103 3147; x_wconf 87' lang='lat' dir='ltr'><strong>insidentem</strong></span> <span class='ocrx_word' id='word_1_335' title='bbox 1137 3092 1544 3159; x_wconf 88' lang='lat' dir='ltr'><strong>condecoretur,</strong></span> <span class='ocrx_word' id='word_1_336' title='bbox 1575 3093 1685 3147; x_wconf 89' lang='lat' dir='ltr'><strong>Deo</strong></span> <span class='ocrx_word' id='word_1_337' title='bbox 1723 3086 1933 3145; x_wconf 74' lang='lat' dir='ltr'><strong>lau‘dem</strong></span> <span class='ocrx_word' id='word_1_338' title='bbox 1962 3119 2007 3181; x_wconf 66' lang='grc' dir='ltr'><strong>ρ</strong></span> 
     </span>
    </p>
   </div>
   <div class='ocr_carea' id='block_1_48' title="bbox 360 3181 1937 3251">
    <p class='ocr_par' dir='ltr' id='par_1_48' title="bbox 360 3181 1937 3251">
     <span class='ocr_line' id='line_1_48' title="bbox 360 3181 1937 3251; baseline -0.001 -15"><span class='ocrx_word' id='word_1_339' title='bbox 360 3182 616 3249; x_wconf 73' lang='lat' dir='ltr'><strong>persolvit</strong></span> <span class='ocrx_word' id='word_1_340' title='bbox 649 3198 666 3234; x_wconf 88' lang='lat'><strong><em>:</em></strong></span> <span class='ocrx_word' id='word_1_341' title='bbox 697 3182 790 3237; x_wconf 91' lang='lat' dir='ltr'><strong>sed</strong></span> <span class='ocrx_word' id='word_1_342' title='bbox 832 3182 1018 3245; x_wconf 89' lang='lat' dir='ltr'><strong>etiam,</strong></span> <span class='ocrx_word' id='word_1_343' title='bbox 1053 3181 1294 3237; x_wconf 81' lang='lat' dir='ltr'><strong>Laudate</strong></span> <span class='ocrx_word' id='word_1_344' title='bbox 1336 3200 1473 3247; x_wconf 80' lang='lat' dir='ltr'><strong>eum,</strong></span> <span class='ocrx_word' id='word_1_345' title='bbox 1510 3183 1702 3251; x_wconf 88' lang='lat' dir='ltr'><strong>inquit,</strong></span> <span class='ocrx_word' id='word_1_346' title='bbox 1729 3190 1778 3236; x_wconf 84' lang='lat' dir='ltr'><strong>et</strong></span> <span class='ocrx_word' id='word_1_347' title='bbox 1820 3197 1937 3251; x_wconf 67' lang='lat' dir='ltr'><strong>quis</strong></span> 
     </span>
    </p>
   </div>
   <div class='ocr_carea' id='block_1_49' title="bbox 360 3273 1937 3345">
    <p class='ocr_par' dir='ltr' id='par_1_49' title="bbox 360 3273 1937 3345">
     <span class='ocr_line' id='line_1_49' title="bbox 360 3273 1937 3345; baseline 0.001 -20"><span class='ocrx_word' id='word_1_348' title='bbox 360 3287 426 3325; x_wconf 77' lang='lat' dir='ltr'><strong>ea:</strong></span> <span class='ocrx_word' id='word_1_349' title='bbox 450 3281 591 3326; x_wconf 79' lang='lat' dir='ltr'><strong>terra</strong></span> <span class='ocrx_word' id='word_1_350' title='bbox 619 3274 765 3341; x_wconf 77' lang='lat' dir='ltr'><strong>estis,</strong></span> <span class='ocrx_word' id='word_1_351' title='bbox 790 3273 1045 3328; x_wconf 81' lang='lat' dir='ltr'><strong>dracones</strong></span> <span class='ocrx_word' id='word_1_352' title='bbox 1077 3283 1124 3328; x_wconf 83' lang='lat' dir='ltr'><strong>et</strong></span> <span class='ocrx_word' id='word_1_353' title='bbox 1161 3291 1336 3328; x_wconf 80' lang='lat' dir='ltr'><strong>omnes</strong></span> <span class='ocrx_word' id='word_1_354' title='bbox 1370 3274 1545 3345; x_wconf 78' lang='lat' dir='ltr'><strong>abyssi</strong></span> <span class='ocrx_word' id='word_1_355' title='bbox 1565 3274 1632 3327; x_wconf 84' lang='grc'>⁸⁷.</span> <span class='ocrx_word' id='word_1_356' title='bbox 1674 3273 1850 3339; x_wconf 84' lang='lat' dir='ltr'><strong>Quare</strong></span> <span class='ocrx_word' id='word_1_357' title='bbox 1882 3280 1937 3327; x_wconf 87' lang='lat' dir='ltr'><strong>et</strong></span> 
     </span>
    </p>
   </div>
   <div class='ocr_carea' id='block_1_50' title="bbox 360 3361 1937 3434">
    <p class='ocr_par' dir='ltr' id='par_1_50' title="bbox 360 3361 1937 3434">
     <span class='ocr_line' id='line_1_50' title="bbox 360 3361 1937 3434; baseline 0.002 -19"><span class='ocrx_word' id='word_1_358' title='bbox 360 3361 587 3431; x_wconf 82' lang='lat' dir='ltr'><strong>abyssus</strong></span> <span class='ocrx_word' id='word_1_359' title='bbox 608 3377 767 3432; x_wconf 83' lang='lat' dir='ltr'><strong>quam</strong></span> <span class='ocrx_word' id='word_1_360' title='bbox 799 3364 850 3418; x_wconf 93' lang='lat' dir='ltr'><strong>in</strong></span> <span class='ocrx_word' id='word_1_361' title='bbox 881 3364 1115 3433; x_wconf 79' lang='lat' dir='ltr'><strong>peiorem</strong></span> <span class='ocrx_word' id='word_1_362' title='bbox 1132 3363 1239 3434; x_wconf 76' lang='lat'><strong>32</strong></span> <span class='ocrx_word' id='word_1_363' title='bbox 1262 3374 1467 3434; x_wconf 88' lang='lat' dir='ltr'><strong>partem</strong></span> <span class='ocrx_word' id='word_1_364' title='bbox 1487 3365 1519 3418; x_wconf 88' lang='lat' dir='ltr'><strong>ii</strong></span> <span class='ocrx_word' id='word_1_365' title='bbox 1544 3364 1635 3433; x_wconf 92' lang='lat' dir='ltr'><strong>qui</strong></span> <span class='ocrx_word' id='word_1_366' title='bbox 1668 3364 1937 3434; x_wconf 77' lang='lat' dir='ltr'><strong>allegoriis</strong></span> 
     </span>
    </p>
   </div>
   <div class='ocr_carea' id='block_1_51' title="bbox 362 3452 1939 3524">
    <p class='ocr_par' dir='ltr' id='par_1_51' title="bbox 362 3452 1939 3524">
     <span class='ocr_line' id='line_1_51' title="bbox 362 3452 1939 3524; baseline 0.002 -18"><span class='ocrx_word' id='word_1_367' title='bbox 362 3461 607 3516; x_wconf 89' lang='lat' dir='ltr'><strong>utuntur,</strong></span> <span class='ocrx_word' id='word_1_368' title='bbox 643 3452 970 3521; x_wconf 78' lang='lat' dir='ltr'><strong>rejecerantr</strong></span> <span class='ocrx_word' id='word_1_369' title='bbox 988 3468 1054 3508; x_wconf 88' lang='lat' dir='ltr'><strong>ne</strong></span> <span class='ocrx_word' id='word_1_370' title='bbox 1080 3454 1195 3523; x_wconf 90' lang='lat' dir='ltr'><strong>ipsa</strong></span> <span class='ocrx_word' id='word_1_371' title='bbox 1217 3455 1430 3524; x_wconf 87' lang='lat' dir='ltr'><strong>quidem</strong></span> <span class='ocrx_word' id='word_1_372' title='bbox 1455 3455 1788 3510; x_wconf 79' lang='lat' dir='ltr'><strong>Psalmorum</strong></span> <span class='ocrx_word' id='word_1_373' title='bbox 1816 3470 1939 3510; x_wconf 83' lang='lat' dir='ltr'><strong>can-</strong></span> 
     </span>
    </p>
   </div>
   <div class='ocr_carea' id='block_1_52' title="bbox 282 3545 1938 3623">
    <p class='ocr_par' dir='ltr' id='par_1_52' title="bbox 282 3545 1938 3623">
     <span class='ocr_line' id='line_1_52' title="bbox 282 3545 1938 3623; baseline 0.001 -25"><span class='ocrx_word' id='word_1_374' title='bbox 282 3618 287 3623; x_wconf 15' lang='grc' dir='ltr'>δ</span> <span class='ocrx_word' id='word_1_375' title='bbox 361 3546 468 3601; x_wconf 88' lang='lat' dir='ltr'><strong>tori</strong></span> <span class='ocrx_word' id='word_1_376' title='bbox 496 3545 611 3600; x_wconf 77' lang='lat' dir='ltr'><strong>visa</strong></span> <span class='ocrx_word' id='word_1_377' title='bbox 635 3556 717 3601; x_wconf 86' lang='lat' dir='ltr'><strong>est</strong></span> <span class='ocrx_word' id='word_1_378' title='bbox 743 3546 1094 3616; x_wconf 81' lang='lat' dir='ltr'><strong>aspernabilis</strong></span> <span class='ocrx_word' id='word_1_379' title='bbox 1116 3557 1171 3603; x_wconf 90' lang='lat' dir='ltr'><strong>et</strong></span> <span class='ocrx_word' id='word_1_380' title='bbox 1200 3546 1527 3617; x_wconf 82' lang='lat' dir='ltr'><strong>rejectanea,</strong></span> <span class='ocrx_word' id='word_1_381' title='bbox 1552 3562 1674 3602; x_wconf 91' lang='lat' dir='ltr'><strong>cum</strong></span> <span class='ocrx_word' id='word_1_382' title='bbox 1706 3546 1760 3601; x_wconf 91' lang='lat' dir='ltr'><strong>in</strong></span> <span class='ocrx_word' id='word_1_383' title='bbox 1789 3561 1938 3602; x_wconf 89' lang='lat' dir='ltr'><strong>com-</strong></span> 
     </span>
    </p>
   </div>
   <div class='ocr_carea' id='block_1_53' title="bbox 362 3638 1937 3695">
    <p class='ocr_par' dir='ltr' id='par_1_53' title="bbox 362 3638 1937 3695">
     <span class='ocr_line' id='line_1_53' title="bbox 362 3638 1937 3695; baseline 0.001 -5"><span class='ocrx_word' id='word_1_384' title='bbox 362 3652 579 3693; x_wconf 82' lang='lat' dir='ltr'><strong>munem</strong></span> <span class='ocrx_word' id='word_1_385' title='bbox 625 3638 794 3693; x_wconf 86' lang='lat' dir='ltr'><strong>ascita</strong></span> <span class='ocrx_word' id='word_1_386' title='bbox 834 3638 902 3693; x_wconf 90' lang='lat' dir='ltr'><strong>sit</strong></span> <span class='ocrx_word' id='word_1_387' title='bbox 938 3640 1159 3695; x_wconf 89' lang='lat' dir='ltr'><strong>chorum</strong></span> <span class='ocrx_word' id='word_1_388' title='bbox 1193 3648 1563 3695; x_wconf 85' lang='lat' dir='ltr'><strong>creaturarum</strong></span> <span class='ocrx_word' id='word_1_389' title='bbox 1594 3654 1608 3691; x_wconf 91' lang='lat'>:</span> <span class='ocrx_word' id='word_1_390' title='bbox 1638 3640 1747 3694; x_wconf 91' lang='lat' dir='ltr'><strong>imo</strong></span> <span class='ocrx_word' id='word_1_391' title='bbox 1773 3639 1937 3694; x_wconf 91' lang='lat' dir='ltr'><strong>etiam</strong></span> 
     </span>
    </p>
   </div>
   <div class='ocr_carea' id='block_1_54' title="bbox 363 3729 1936 3803">
    <p class='ocr_par' dir='ltr' id='par_1_54' title="bbox 363 3729 1936 3803">
     <span class='ocr_line' id='line_1_54' title="bbox 363 3729 1936 3803; baseline 0.001 -19"><span class='ocrx_word' id='word_1_392' title='bbox 363 3729 455 3784; x_wconf 88' lang='lat' dir='ltr'><strong>illa</strong></span> <span class='ocrx_word' id='word_1_393' title='bbox 488 3745 585 3800; x_wconf 81' lang='lat' dir='ltr'><strong>pro</strong></span> <span class='ocrx_word' id='word_1_394' title='bbox 613 3730 782 3786; x_wconf 91' lang='lat' dir='ltr'><strong>indito</strong></span> <span class='ocrx_word' id='word_1_395' title='bbox 825 3730 928 3787; x_wconf 89' lang='lat' dir='ltr'><strong>sibi</strong></span> <span class='ocrx_word' id='word_1_396' title='bbox 965 3731 1125 3787; x_wconf 91' lang='lat' dir='ltr'><strong>modo</strong></span> <span class='ocrx_word' id='word_1_397' title='bbox 1154 3731 1419 3788; x_wconf 79' lang='lat' dir='ltr'><strong>concinne</strong></span> <span class='ocrx_word' id='word_1_398' title='bbox 1450 3731 1771 3803; x_wconf 80' lang='lat' dir='ltr'><strong>hymnorum</strong></span> <span class='ocrx_word' id='word_1_399' title='bbox 1806 3746 1936 3787; x_wconf 90' lang='lat' dir='ltr'><strong>can-</strong></span> 
     </span>
    </p>
   </div>
   <div class='ocr_carea' id='block_1_55' title="bbox 363 3821 1076 3891">
    <p class='ocr_par' dir='ltr' id='par_1_55' title="bbox 363 3821 1076 3891">
     <span class='ocr_line' id='line_1_55' title="bbox 363 3821 1076 3891; baseline 0.004 -17"><span class='ocrx_word' id='word_1_400' title='bbox 363 3829 480 3875; x_wconf 87' lang='lat' dir='ltr'><strong>tum</strong></span> <span class='ocrx_word' id='word_1_401' title='bbox 510 3821 745 3891; x_wconf 85' lang='lat' dir='ltr'><strong>impertit</strong></span> <span class='ocrx_word' id='word_1_402' title='bbox 776 3822 1076 3880; x_wconf 83' lang='lat' dir='ltr'><strong>Couditori.</strong></span> 
     </span>
    </p>
   </div>
   <div class='ocr_carea' id='block_1_56' title="bbox 434 3892 1938 3997">
    <p class='ocr_par' dir='ltr' id='par_1_56' title="bbox 434 3892 1938 3997">
     <span class='ocr_line' id='line_1_56' title="bbox 434 3892 1938 3997; baseline 0.005 -31"><span class='ocrx_word' id='word_1_403' title='bbox 434 3911 523 3966; x_wconf 74' lang='grc'><strong>10.</strong></span> <span class='ocrx_word' id='word_1_404' title='bbox 562 3911 628 3967; x_wconf 78' lang='lat' dir='ltr'><strong>Et</strong></span> <span class='ocrx_word' id='word_1_405' title='bbox 656 3915 785 3968; x_wconf 76' lang='lat' dir='ltr'><strong>vidit</strong></span> <span class='ocrx_word' id='word_1_406' title='bbox 809 3914 967 3980; x_wconf 80' lang='lat' dir='ltr'><strong>Deus,</strong></span> <span class='ocrx_word' id='word_1_407' title='bbox 994 3892 1119 3986; x_wconf 58' lang='lat' dir='ltr'><strong>quia</strong></span> <span class='ocrx_word' id='word_1_408' title='bbox 1147 3916 1425 3997; x_wconf 67' lang='lat' dir='ltr'><strong>pulchrum</strong></span> <span class='ocrx_word' id='word_1_409' title='bbox 1444 3927 1517 3973; x_wconf 80' lang='lat' dir='ltr'><strong>est</strong></span> <span class='ocrx_word' id='word_1_410' title='bbox 1536 3918 1601 3972; x_wconf 81' lang='grc'>⁵⁸.</span> <span class='ocrx_word' id='word_1_411' title='bbox 1630 3916 1810 3974; x_wconf 85' lang='lat' dir='ltr'><strong>Oculis</strong></span> <span class='ocrx_word' id='word_1_412' title='bbox 1846 3915 1938 3973; x_wconf 83' lang='lat' dir='ltr'><strong>Dei</strong></span> 
     </span>
    </p>
   </div>
   <div class='ocr_carea' id='block_1_57' title="bbox 361 4002 1937 4080">
    <p class='ocr_par' dir='ltr' id='par_1_57' title="bbox 361 4002 1937 4080">
     <span class='ocr_line' id='line_1_57' title="bbox 361 4002 1937 4080; baseline 0.008 -25"><span class='ocrx_word' id='word_1_413' title='bbox 361 4002 752 4073; x_wconf 86' lang='lat' dir='ltr'><strong>jucunditatem</strong></span> <span class='ocrx_word' id='word_1_414' title='bbox 793 4021 879 4062; x_wconf 91' lang='lat' dir='ltr'><strong>res</strong></span> <span class='ocrx_word' id='word_1_415' title='bbox 923 4008 989 4061; x_wconf 87' lang='lat' dir='ltr'><strong>ab</strong></span> <span class='ocrx_word' id='word_1_416' title='bbox 1034 4009 1151 4078; x_wconf 88' lang='lat' dir='ltr'><strong>ipso</strong></span> <span class='ocrx_word' id='word_1_417' title='bbox 1203 4008 1362 4065; x_wconf 67' lang='lat' dir='ltr'><strong>factae</strong></span> <span class='ocrx_word' id='word_1_418' title='bbox 1413 4024 1756 4080; x_wconf 90' lang='lat' dir='ltr'><strong>nequaquam</strong></span> <span class='ocrx_word' id='word_1_419' title='bbox 1806 4012 1937 4067; x_wconf 81' lang='lat' dir='ltr'><strong>aﬁ‘e-</strong></span> 
     </span>
    </p>
   </div>
   <div class='ocr_carea' id='block_1_58' title="bbox 366 4100 1940 4174">
    <p class='ocr_par' dir='ltr' id='par_1_58' title="bbox 366 4100 1940 4174">
     <span class='ocr_line' id='line_1_58' title="bbox 366 4100 1940 4174; baseline 0.003 -22"><span class='ocrx_word' id='word_1_420' title='bbox 366 4106 528 4153; x_wconf 87' lang='lat' dir='ltr'><strong>runt:</strong></span> <span class='ocrx_word' id='word_1_421' title='bbox 559 4113 732 4168; x_wconf 89' lang='lat' dir='ltr'><strong>neque</strong></span> <span class='ocrx_word' id='word_1_422' title='bbox 777 4100 897 4155; x_wconf 89' lang='lat' dir='ltr'><strong>talis</strong></span> <span class='ocrx_word' id='word_1_423' title='bbox 943 4110 1024 4157; x_wconf 91' lang='lat' dir='ltr'><strong>est</strong></span> <span class='ocrx_word' id='word_1_424' title='bbox 1061 4102 1200 4172; x_wconf 88' lang='lat' dir='ltr'><strong>apud</strong></span> <span class='ocrx_word' id='word_1_425' title='bbox 1250 4104 1422 4173; x_wconf 91' lang='lat' dir='ltr'><strong>ipsum</strong></span> <span class='ocrx_word' id='word_1_426' title='bbox 1471 4119 1652 4158; x_wconf 90' lang='lat' dir='ltr'><strong>rerum</strong></span> <span class='ocrx_word' id='word_1_427' title='bbox 1688 4105 1940 4174; x_wconf 80' lang='lat' dir='ltr'><strong>pulchra-</strong></span> 
     </span>
    </p>
   </div>
   <div class='ocr_carea' id='block_1_59' title="bbox 366 4188 1939 4260">
    <p class='ocr_par' dir='ltr' id='par_1_59' title="bbox 366 4188 1939 4260">
     <span class='ocr_line' id='line_1_59' title="bbox 366 4188 1939 4260; baseline 0.003 -19"><span class='ocrx_word' id='word_1_428' title='bbox 366 4201 493 4241; x_wconf 87' lang='lat' dir='ltr'><strong>rum</strong></span> <span class='ocrx_word' id='word_1_429' title='bbox 528 4188 938 4254; x_wconf 85' lang='lat' dir='ltr'><strong>commendatio,</strong></span> <span class='ocrx_word' id='word_1_430' title='bbox 974 4190 1148 4259; x_wconf 80' lang='lat' dir='ltr'><strong>qualis</strong></span> <span class='ocrx_word' id='word_1_431' title='bbox 1208 4190 1347 4260; x_wconf 83' lang='lat' dir='ltr'><strong>apud</strong></span> <span class='ocrx_word' id='word_1_432' title='bbox 1392 4205 1489 4246; x_wconf 90' lang='lat' dir='ltr'><strong>nos</strong></span> <span class='ocrx_word' id='word_1_433' title='bbox 1524 4206 1537 4243; x_wconf 90' lang='lat'>:</span> <span class='ocrx_word' id='word_1_434' title='bbox 1584 4190 1677 4245; x_wconf 89' lang='lat' dir='ltr'><strong>sed</strong></span> <span class='ocrx_word' id='word_1_435' title='bbox 1729 4191 1781 4245; x_wconf 89' lang='lat' dir='ltr'><strong>id</strong></span> <span class='ocrx_word' id='word_1_436' title='bbox 1825 4192 1939 4259; x_wconf 91' lang='lat' dir='ltr'><strong>pul-</strong></span> 
     </span>
    </p>
   </div>
   <div class='ocr_carea' id='block_1_60' title="bbox 365 4279 1939 4352">
    <p class='ocr_par' dir='ltr' id='par_1_60' title="bbox 365 4279 1939 4352">
     <span class='ocr_line' id='line_1_60' title="bbox 365 4279 1939 4352; baseline 0.002 -18"><span class='ocrx_word' id='word_1_437' title='bbox 365 4279 557 4334; x_wconf 83' lang='lat' dir='ltr'><strong>chrum</strong></span> <span class='ocrx_word' id='word_1_438' title='bbox 592 4290 705 4345; x_wconf 91' lang='lat' dir='ltr'><strong>est,</strong></span> <span class='ocrx_word' id='word_1_439' title='bbox 735 4282 876 4350; x_wconf 90' lang='lat' dir='ltr'><strong>quod</strong></span> <span class='ocrx_word' id='word_1_440' title='bbox 920 4282 987 4337; x_wconf 87' lang='lat' dir='ltr'><strong>ad</strong></span> <span class='ocrx_word' id='word_1_441' title='bbox 1039 4283 1171 4337; x_wconf 90' lang='lat' dir='ltr'><strong>artis</strong></span> <span class='ocrx_word' id='word_1_442' title='bbox 1228 4283 1491 4337; x_wconf 86' lang='lat' dir='ltr'><strong>rationem</strong></span> <span class='ocrx_word' id='word_1_443' title='bbox 1532 4282 1831 4352; x_wconf 81' lang='lat' dir='ltr'><strong>perfectum</strong></span> <span class='ocrx_word' id='word_1_444' title='bbox 1886 4294 1939 4338; x_wconf 88' lang='lat' dir='ltr'><strong>et</strong></span> 
     </span>
    </p>
   </div>
   <div class='ocr_carea' id='block_1_61' title="bbox 366 4372 1935 4445">
    <p class='ocr_par' dir='ltr' id='par_1_61' title="bbox 366 4372 1935 4445">
     <span class='ocr_line' id='line_1_61' title="bbox 366 4372 1935 4445; baseline 0.004 -21"><span class='ocrx_word' id='word_1_445' title='bbox 366 4372 669 4428; x_wconf 84' lang='lat' dir='ltr'><strong>absolutum</strong></span> <span class='ocrx_word' id='word_1_446' title='bbox 728 4379 844 4439; x_wconf 87' lang='lat' dir='ltr'><strong>est,</strong></span> <span class='ocrx_word' id='word_1_447' title='bbox 904 4382 1066 4445; x_wconf 84' lang='lat' dir='ltr'><strong>atque</strong></span> <span class='ocrx_word' id='word_1_448' title='bbox 1116 4374 1183 4427; x_wconf 85' lang='lat' dir='ltr'><strong>ad</strong></span> <span class='ocrx_word' id='word_1_449' title='bbox 1232 4374 1354 4429; x_wconf 88' lang='lat' dir='ltr'><strong>ﬁnis</strong></span> <span class='ocrx_word' id='word_1_450' title='bbox 1400 4375 1688 4431; x_wconf 86' lang='lat' dir='ltr'><strong>utilitatem</strong></span> <span class='ocrx_word' id='word_1_451' title='bbox 1742 4377 1935 4431; x_wconf 92' lang='lat' dir='ltr'><strong>tendit.</strong></span> 
     </span>
    </p>
   </div>
   <div class='ocr_carea' id='block_1_62' title="bbox 2039 1891 3634 1967">
    <p class='ocr_par' dir='ltr' id='par_1_62' title="bbox 2039 1891 3634 1967">
     <span class='ocr_line' id='line_1_62' title="bbox 2039 1891 3634 1967; baseline 0.007 -24"><span class='ocrx_word' id='word_1_452' title='bbox 2039 1891 2175 1955; x_wconf 79' lang='grc' dir='ltr'>ζῶόν</span> <span class='ocrx_word' id='word_1_453' title='bbox 2203 1896 2348 1945; x_wconf 84' lang='grc' dir='ltr'>ἐστιν</span> <span class='ocrx_word' id='word_1_454' title='bbox 2381 1893 2718 1965; x_wconf 76' lang='grc' dir='ltr'>αἰσθητικὸν,</span> <span class='ocrx_word' id='word_1_455' title='bbox 2750 1896 2933 1967; x_wconf 79' lang='grc' dir='ltr'>ἐπειδὴ</span> <span class='ocrx_word' id='word_1_456' title='bbox 2973 1898 3340 1967; x_wconf 66' lang='grc' dir='ltr'>Ἀνιηηοέλλει</span> <span class='ocrx_word' id='word_1_457' title='bbox 3373 1902 3634 1967; x_wconf 73' lang='grc' dir='ltr'>ποίησιν</span> 
     </span>
    </p>
   </div>
   <div class='ocr_carea' id='block_1_63' title="bbox 2036 1983 3630 2060">
    <p class='ocr_par' dir='ltr' id='par_1_63' title="bbox 2036 1983 3630 2060">
     <span class='ocr_line' id='line_1_63' title="bbox 2036 1983 3630 2060; baseline 0.004 -25"><span class='ocrx_word' id='word_1_458' title='bbox 2036 1983 2156 2035; x_wconf 74' lang='grc' dir='ltr'><strong>τῶν</strong></span> <span class='ocrx_word' id='word_1_459' title='bbox 2192 1983 2405 2053; x_wconf 79' lang='grc' dir='ltr'>χειρῶν</span> <span class='ocrx_word' id='word_1_460' title='bbox 2437 1985 2644 2040; x_wconf 82' lang='grc' dir='ltr'>αὐτοῦ.</span> <span class='ocrx_word' id='word_1_461' title='bbox 2682 1986 2801 2040; x_wconf 86' lang='grc' dir='ltr'>Κᾶν</span> <span class='ocrx_word' id='word_1_462' title='bbox 2823 1987 2955 2060; x_wconf 82' lang='grc' dir='ltr'><strong>λέγῃ</strong></span> <span class='ocrx_word' id='word_1_463' title='bbox 2986 2005 3069 2051; x_wconf 88' lang='grc' dir='ltr'><strong>τις</strong></span> <span class='ocrx_word' id='word_1_464' title='bbox 3104 1989 3365 2059; x_wconf 75' lang='grc' dir='ltr'>οὐρανοὺς</span> <span class='ocrx_word' id='word_1_465' title='bbox 3405 1989 3511 2059; x_wconf 82' lang='grc' dir='ltr'><strong>μὲν</strong></span> <span class='ocrx_word' id='word_1_466' title='bbox 3546 1986 3630 2043; x_wconf 76' lang='grc' dir='ltr'><strong>εἷ-</strong></span> 
     </span>
    </p>
   </div>
   <div class='ocr_carea' id='block_1_64' title="bbox 2035 2076 3631 2153">
    <p class='ocr_par' dir='ltr' id='par_1_64' title="bbox 2035 2076 3631 2153">
     <span class='ocr_line' id='line_1_64' title="bbox 2035 2076 3631 2153; baseline 0.003 -24"><span class='ocrx_word' id='word_1_467' title='bbox 2035 2093 2123 2129; x_wconf 90' lang='grc' dir='ltr'><strong>ναι</strong></span> <span class='ocrx_word' id='word_1_468' title='bbox 2143 2076 2241 2140; x_wconf 88' lang='grc' dir='ltr'><strong>τάς</strong></span> <span class='ocrx_word' id='word_1_469' title='bbox 2267 2077 2603 2149; x_wconf 79' lang='grc' dir='ltr'>θεωρητικὰς</span> <span class='ocrx_word' id='word_1_470' title='bbox 2644 2078 2921 2148; x_wconf 86' lang='grc' dir='ltr'>δυνάμεις,</span> <span class='ocrx_word' id='word_1_471' title='bbox 2954 2078 3240 2151; x_wconf 77' lang='grc' dir='ltr'>στερέωμα</span> <span class='ocrx_word' id='word_1_472' title='bbox 3267 2080 3324 2132; x_wconf 85' lang='grc' dir='ltr'><strong>δὲ</strong></span> <span class='ocrx_word' id='word_1_473' title='bbox 3349 2080 3450 2143; x_wconf 77' lang='grc' dir='ltr'>τὰς</span> <span class='ocrx_word' id='word_1_474' title='bbox 3481 2098 3631 2153; x_wconf 84' lang='grc' dir='ltr'>πρα-</span> 
     </span>
    </p>
   </div>
   <div class='ocr_carea' id='block_1_65' title="bbox 2036 2168 3631 2244">
    <p class='ocr_par' dir='ltr' id='par_1_65' title="bbox 2036 2168 3631 2244">
     <span class='ocr_line' id='line_1_65' title="bbox 2036 2168 3631 2244; baseline 0.003 -23"><span class='ocrx_word' id='word_1_475' title='bbox 2036 2169 2226 2232; x_wconf 70' lang='grc' dir='ltr'>κτικὰς</span> <span class='ocrx_word' id='word_1_476' title='bbox 2264 2168 2358 2222; x_wconf 78' lang='grc' dir='ltr'>καὶ</span> <span class='ocrx_word' id='word_1_477' title='bbox 2399 2169 2688 2238; x_wconf 76' lang='grc' dir='ltr'>ποιητικὰς</span> <span class='ocrx_word' id='word_1_478' title='bbox 2728 2171 2836 2222; x_wconf 84' lang='grc' dir='ltr'><strong>τῶν</strong></span> <span class='ocrx_word' id='word_1_479' title='bbox 2881 2170 3252 2242; x_wconf 85' lang='grc' dir='ltr'>καθηκόντων,</span> <span class='ocrx_word' id='word_1_480' title='bbox 3293 2172 3370 2236; x_wconf 83' lang='grc' dir='ltr'>ὡς</span> <span class='ocrx_word' id='word_1_481' title='bbox 3417 2191 3631 2244; x_wconf 82' lang='grc' dir='ltr'>κεκομ-</span> 
     </span>
    </p>
   </div>
   <div class='ocr_carea' id='block_1_66' title="bbox 2034 2246 3627 2335">
    <p class='ocr_par' dir='ltr' id='par_1_66' title="bbox 2034 2246 3627 2335">
     <span class='ocr_line' id='line_1_66' title="bbox 2034 2246 3627 2335; baseline 0.005 -24"><span class='ocrx_word' id='word_1_482' title='bbox 2034 2259 2136 2328; x_wconf 80' lang='grc' dir='ltr'><strong>ψευ</strong></span> <span class='ocrx_word' id='word_1_483' title='bbox 2146 2260 2305 2331; x_wconf 86' lang='grc' dir='ltr'>μένον</span> <span class='ocrx_word' id='word_1_484' title='bbox 2337 2260 2436 2331; x_wconf 85' lang='grc' dir='ltr'><strong>μὲν</strong></span> <span class='ocrx_word' id='word_1_485' title='bbox 2469 2246 2561 2314; x_wconf 81' lang='grc' dir='ltr'><strong>τὸν</strong></span> <span class='ocrx_word' id='word_1_486' title='bbox 2586 2260 2742 2330; x_wconf 86' lang='grc' dir='ltr'>λόγον</span> <span class='ocrx_word' id='word_1_487' title='bbox 2772 2262 3165 2334; x_wconf 85' lang='grc' dir='ltr'>ἀποδεχόμεθα,</span> <span class='ocrx_word' id='word_1_488' title='bbox 3199 2263 3374 2335; x_wconf 82' lang='grc' dir='ltr'>ἀληθῆ</span> <span class='ocrx_word' id='word_1_489' title='bbox 3398 2264 3455 2317; x_wconf 79' lang='grc' dir='ltr'>δὲ</span> <span class='ocrx_word' id='word_1_490' title='bbox 3483 2262 3627 2320; x_wconf 77' lang='grc' dir='ltr'>εἶναι</span> 
     </span>
    </p>
   </div>
   <div class='ocr_carea' id='block_1_67' title="bbox 2037 2352 3628 2426">
    <p class='ocr_par' dir='ltr' id='par_1_67' title="bbox 2037 2352 3628 2426">
     <span class='ocr_line' id='line_1_67' title="bbox 2037 2352 3628 2426; baseline 0.003 -21"><span class='ocrx_word' id='word_1_491' title='bbox 2037 2353 2096 2405; x_wconf 77' lang='grc' dir='ltr'><strong>οὐ</strong></span> <span class='ocrx_word' id='word_1_492' title='bbox 2152 2352 2294 2407; x_wconf 83' lang='grc' dir='ltr'>πάνυ</span> <span class='ocrx_word' id='word_1_493' title='bbox 2342 2370 2395 2406; x_wconf 93' lang='grc' dir='ltr'><strong>τι</strong></span> <span class='ocrx_word' id='word_1_494' title='bbox 2421 2353 2684 2423; x_wconf 85' lang='grc' dir='ltr'>δώσομεν.</span> <span class='ocrx_word' id='word_1_495' title='bbox 2728 2352 2884 2407; x_wconf 70' lang='grc' dir='ltr'>Οὕτω</span> <span class='ocrx_word' id='word_1_496' title='bbox 2912 2354 3021 2426; x_wconf 76' lang='grc' dir='ltr'><strong>γάρ</strong></span> <span class='ocrx_word' id='word_1_497' title='bbox 3059 2355 3125 2408; x_wconf 78' lang='grc' dir='ltr'><strong>ἂν</strong></span> <span class='ocrx_word' id='word_1_498' title='bbox 3155 2355 3249 2408; x_wconf 80' lang='grc' dir='ltr'><strong>καὶ</strong></span> <span class='ocrx_word' id='word_1_499' title='bbox 3264 2355 3489 2424; x_wconf 79' lang='grc' dir='ltr'>δρόσος,</span> <span class='ocrx_word' id='word_1_500' title='bbox 3531 2358 3628 2410; x_wconf 80' lang='grc' dir='ltr'><strong>καὶ</strong></span> 
     </span>
    </p>
   </div>
   <div class='ocr_carea' id='block_1_68' title="bbox 2038 2444 3627 2518">
    <p class='ocr_par' dir='ltr' id='par_1_68' title="bbox 2038 2444 3627 2518">
     <span class='ocr_line' id='line_1_68' title="bbox 2038 2444 3627 2518; baseline 0.003 -21"><span class='ocrx_word' id='word_1_501' title='bbox 2038 2444 2238 2515; x_wconf 81' lang='grc' dir='ltr'>πάχνη,</span> <span class='ocrx_word' id='word_1_502' title='bbox 2275 2445 2367 2498; x_wconf 70' lang='grc' dir='ltr'><strong>καὶ</strong></span> <span class='ocrx_word' id='word_1_503' title='bbox 2399 2444 2592 2516; x_wconf 76' lang='grc' dir='ltr'>ψῦχος,</span> <span class='ocrx_word' id='word_1_504' title='bbox 2630 2447 2723 2499; x_wconf 74' lang='grc' dir='ltr'><strong>καὶ</strong></span> <span class='ocrx_word' id='word_1_505' title='bbox 2763 2446 2969 2517; x_wconf 77' lang='grc' dir='ltr'>καῦμα,</span> <span class='ocrx_word' id='word_1_506' title='bbox 3009 2446 3195 2518; x_wconf 80' lang='grc' dir='ltr'>ἐπειδὴ</span> <span class='ocrx_word' id='word_1_507' title='bbox 3228 2447 3421 2517; x_wconf 79' lang='grc' dir='ltr'>ὑμνεῖν</span> <span class='ocrx_word' id='word_1_508' title='bbox 3465 2449 3627 2518; x_wconf 72' lang='grc' dir='ltr'>παρὰ</span> 
     </span>
    </p>
   </div>
   <div class='ocr_carea' id='block_1_69' title="bbox 2035 2536 3623 2611">
    <p class='ocr_par' dir='ltr' id='par_1_69' title="bbox 2035 2536 3623 2611">
     <span class='ocr_line' id='line_1_69' title="bbox 2035 2536 3623 2611; baseline 0.001 -21"><span class='ocrx_word' id='word_1_509' title='bbox 2035 2536 2113 2607; x_wconf 78' lang='grc' dir='ltr'>τῷ</span> <span class='ocrx_word' id='word_1_510' title='bbox 2139 2538 2334 2609; x_wconf 82' lang='grc' dir='ltr'>Δανιὴλ</span> <span class='ocrx_word' id='word_1_511' title='bbox 2360 2538 2470 2610; x_wconf 69' lang='grc'><strong>(46)</strong></span> <span class='ocrx_word' id='word_1_512' title='bbox 2502 2539 2593 2592; x_wconf 84' lang='grc' dir='ltr'><strong>τὸν</strong></span> <span class='ocrx_word' id='word_1_513' title='bbox 2625 2539 2734 2592; x_wconf 83' lang='grc' dir='ltr'><strong>τῶν</strong></span> <span class='ocrx_word' id='word_1_514' title='bbox 2773 2538 2910 2592; x_wconf 83' lang='grc' dir='ltr'>ὅλων</span> <span class='ocrx_word' id='word_1_515' title='bbox 2939 2539 3278 2611; x_wconf 82' lang='grc' dir='ltr'>Δημιουργδν</span> <span class='ocrx_word' id='word_1_516' title='bbox 3318 2540 3623 2610; x_wconf 73' lang='grc' dir='ltr'>ἐπετάχθη,</span> 
     </span>
    </p>
   </div>
   <div class='ocr_carea' id='block_1_70' title="bbox 2036 2614 3626 2701">
    <p class='ocr_par' dir='ltr' id='par_1_70' title="bbox 2036 2614 3626 2701">
     <span class='ocr_line' id='line_1_70' title="bbox 2036 2614 3626 2701; baseline 0.003 -21"><span class='ocrx_word' id='word_1_517' title='bbox 2036 2614 2198 2697; x_wconf 84' lang='grc' dir='ltr'>νοερά</span> <span class='ocrx_word' id='word_1_518' title='bbox 2234 2646 2317 2692; x_wconf 89' lang='grc' dir='ltr'><strong>τις</strong></span> <span class='ocrx_word' id='word_1_519' title='bbox 2354 2628 2505 2682; x_wconf 76' lang='grc' dir='ltr'>ἔσται</span> <span class='ocrx_word' id='word_1_520' title='bbox 2545 2630 2637 2682; x_wconf 74' lang='grc' dir='ltr'><strong>καὶ</strong></span> <span class='ocrx_word' id='word_1_521' title='bbox 2681 2629 2911 2701; x_wconf 85' lang='grc' dir='ltr'>ἀόρατος</span> <span class='ocrx_word' id='word_1_522' title='bbox 2949 2631 3129 2697; x_wconf 85' lang='grc' dir='ltr'>φύσις.</span> <span class='ocrx_word' id='word_1_523' title='bbox 3181 2630 3318 2682; x_wconf 82' lang='grc' dir='ltr'>Ἀλλ’</span> <span class='ocrx_word' id='word_1_524' title='bbox 3351 2631 3381 2683; x_wconf 84' lang='grc' dir='ltr'><strong>ό</strong></span> <span class='ocrx_word' id='word_1_525' title='bbox 3410 2632 3467 2685; x_wconf 78' lang='grc' dir='ltr'>ἐν</span> <span class='ocrx_word' id='word_1_526' title='bbox 3499 2631 3626 2684; x_wconf 53' lang='grc' dir='ltr'>τού-</span> 
     </span>
    </p>
   </div>
   <div class='ocr_carea' id='block_1_71' title="bbox 2034 2717 3628 2792">
    <p class='ocr_par' dir='ltr' id='par_1_71' title="bbox 2034 2717 3628 2792">
     <span class='ocr_line' id='line_1_71' title="bbox 2034 2717 3628 2792; baseline 0.001 -23"><span class='ocrx_word' id='word_1_527' title='bbox 2034 2733 2149 2779; x_wconf 90' lang='grc' dir='ltr'>τοις</span> <span class='ocrx_word' id='word_1_528' title='bbox 2181 2717 2356 2786; x_wconf 89' lang='grc' dir='ltr'>λόγος,</span> <span class='ocrx_word' id='word_1_529' title='bbox 2390 2717 2542 2789; x_wconf 82' lang='grc' dir='ltr'>παρὰ</span> <span class='ocrx_word' id='word_1_530' title='bbox 2586 2718 2694 2770; x_wconf 84' lang='grc' dir='ltr'><strong>τῶν</strong></span> <span class='ocrx_word' id='word_1_531' title='bbox 2734 2717 2857 2771; x_wconf 79' lang='grc' dir='ltr'>νοῦν</span> <span class='ocrx_word' id='word_1_532' title='bbox 2909 2720 3140 2789; x_wconf 82' lang='grc' dir='ltr'>ἐχόντων</span> <span class='ocrx_word' id='word_1_533' title='bbox 3191 2719 3628 2792; x_wconf 47' lang='grc' dir='ltr'>τεθεωνρημένως</span> 
     </span>
    </p>
   </div>
   <div class='ocr_carea' id='block_1_72' title="bbox 2036 2808 3627 2884">
    <p class='ocr_par' dir='ltr' id='par_1_72' title="bbox 2036 2808 3627 2884">
     <span class='ocr_line' id='line_1_72' title="bbox 2036 2808 3627 2884; baseline 0.003 -23"><span class='ocrx_word' id='word_1_534' title='bbox 2036 2808 2527 2880; x_wconf 78' lang='grc' dir='ltr'>ἑκλαμϐανόμενος,</span> <span class='ocrx_word' id='word_1_535' title='bbox 2559 2811 3015 2882; x_wconf 81' lang='grc' dir='ltr'>συμπληρωτικός</span> <span class='ocrx_word' id='word_1_536' title='bbox 3053 2813 3167 2864; x_wconf 80' lang='grc' dir='ltr'>ἐστι</span> <span class='ocrx_word' id='word_1_537' title='bbox 3197 2812 3307 2884; x_wconf 72' lang='grc'><strong>(47)</strong></span> <span class='ocrx_word' id='word_1_538' title='bbox 3339 2814 3438 2884; x_wconf 82' lang='grc' dir='ltr'><strong>τῆς</strong></span> <span class='ocrx_word' id='word_1_539' title='bbox 3466 2812 3627 2877; x_wconf 79' lang='grc' dir='ltr'>δοξο-</span> 
     </span>
    </p>
   </div>
   <div class='ocr_carea' id='block_1_73' title="bbox 2035 2898 3627 2970">
    <p class='ocr_par' dir='ltr' id='par_1_73' title="bbox 2035 2898 3627 2970">
     <span class='ocr_line' id='line_1_73' title="bbox 2035 2898 3627 2970; baseline 0.001 -19"><span class='ocrx_word' id='word_1_540' title='bbox 2035 2898 2222 2967; x_wconf 86' lang='grc' dir='ltr'>λογίας</span> <span class='ocrx_word' id='word_1_541' title='bbox 2251 2898 2351 2951; x_wconf 76' lang='grc' dir='ltr'>τοῦ</span> <span class='ocrx_word' id='word_1_542' title='bbox 2395 2901 2699 2963; x_wconf 85' lang='grc' dir='ltr'>κτίσαντος.</span> <span class='ocrx_word' id='word_1_543' title='bbox 2749 2901 2825 2953; x_wconf 81' lang='grc' dir='ltr'><strong>Οὐ</strong></span> <span class='ocrx_word' id='word_1_544' title='bbox 2872 2899 3034 2970; x_wconf 85' lang='grc' dir='ltr'>μόνον</span> <span class='ocrx_word' id='word_1_545' title='bbox 3061 2898 3170 2970; x_wconf 88' lang='grc' dir='ltr'>γὰρ</span> <span class='ocrx_word' id='word_1_546' title='bbox 3199 2898 3260 2952; x_wconf 78' lang='grc' dir='ltr'><strong>τὸ</strong></span> <span class='ocrx_word' id='word_1_547' title='bbox 3302 2902 3487 2954; x_wconf 79' lang='grc' dir='ltr'>ἐπάνω</span> <span class='ocrx_word' id='word_1_548' title='bbox 3511 2901 3627 2953; x_wconf 80' lang='grc' dir='ltr'><strong>τῶν</strong></span> 
     </span>
    </p>
   </div>
   <div class='ocr_carea' id='block_1_74' title="bbox 2035 2991 3626 3066">
    <p class='ocr_par' dir='ltr' id='par_1_74' title="bbox 2035 2991 3626 3066">
     <span class='ocr_line' id='line_1_74' title="bbox 2035 2991 3626 3066; baseline -0.001 -21"><span class='ocrx_word' id='word_1_549' title='bbox 2035 2991 2278 3062; x_wconf 81' lang='grc' dir='ltr'>οὐρανῶν</span> <span class='ocrx_word' id='word_1_550' title='bbox 2301 2991 2466 3066; x_wconf 71' lang='grc' dir='ltr'>ὕδωρ,</span> <span class='ocrx_word' id='word_1_551' title='bbox 2504 2992 2582 3057; x_wconf 84' lang='grc' dir='ltr'>ὡς</span> <span class='ocrx_word' id='word_1_552' title='bbox 2615 2994 3028 3064; x_wconf 87' lang='grc' dir='ltr'>προηγούμενον</span> <span class='ocrx_word' id='word_1_553' title='bbox 3052 2997 3169 3057; x_wconf 86' lang='grc' dir='ltr'>ταῖς</span> <span class='ocrx_word' id='word_1_554' title='bbox 3192 2995 3381 3063; x_wconf 85' lang='grc' dir='ltr'>τιμαῖς</span> <span class='ocrx_word' id='word_1_555' title='bbox 3411 2992 3499 3045; x_wconf 69' lang='grc' dir='ltr'>διὰ</span> <span class='ocrx_word' id='word_1_556' title='bbox 3522 2992 3626 3062; x_wconf 77' lang='grc' dir='ltr'>τὴν</span> 
     </span>
    </p>
   </div>
   <div class='ocr_carea' id='block_1_75' title="bbox 2037 3080 3629 3158">
    <p class='ocr_par' dir='ltr' id='par_1_75' title="bbox 2037 3080 3629 3158">
     <span class='ocr_line' id='line_1_75' title="bbox 2037 3080 3629 3158; baseline 0.001 -23"><span class='ocrx_word' id='word_1_557' title='bbox 2037 3081 2095 3150; x_wconf 73' lang='grc' dir='ltr'>ἐξ</span> <span class='ocrx_word' id='word_1_558' title='bbox 2122 3083 2322 3157; x_wconf 73' lang='grc' dir='ltr'>ἀρετῆς</span> <span class='ocrx_word' id='word_1_559' title='bbox 2347 3085 2654 3158; x_wconf 78' lang='grc' dir='ltr'>προσοῦσαν</span> <span class='ocrx_word' id='word_1_560' title='bbox 2683 3087 2832 3158; x_wconf 80' lang='grc' dir='ltr'>αὐτῷ</span> <span class='ocrx_word' id='word_1_561' title='bbox 2868 3086 3141 3158; x_wconf 81' lang='grc' dir='ltr'>ὑπεροχὴν</span> <span class='ocrx_word' id='word_1_562' title='bbox 3170 3084 3247 3157; x_wconf 84' lang='grc' dir='ltr'>τῷ</span> <span class='ocrx_word' id='word_1_563' title='bbox 3277 3084 3395 3156; x_wconf 83' lang='grc' dir='ltr'>Θεῷ</span> <span class='ocrx_word' id='word_1_564' title='bbox 3419 3084 3512 3138; x_wconf 78' lang='grc' dir='ltr'><strong>τον</strong></span> <span class='ocrx_word' id='word_1_565' title='bbox 3537 3080 3629 3137; x_wconf 82' lang='grc' dir='ltr'><strong>αἷ-</strong></span> 
     </span>
    </p>
   </div>
   <div class='ocr_carea' id='block_1_76' title="bbox 2040 3175 3625 3251">
    <p class='ocr_par' dir='ltr' id='par_1_76' title="bbox 2040 3175 3625 3251">
     <span class='ocr_line' id='line_1_76' title="bbox 2040 3175 3625 3251; baseline -0.001 -22"><span class='ocrx_word' id='word_1_566' title='bbox 2040 3191 2129 3229; x_wconf 90' lang='grc' dir='ltr'><strong>νον</strong></span> <span class='ocrx_word' id='word_1_567' title='bbox 2157 3175 2486 3249; x_wconf 85' lang='grc' dir='ltr'>ἀποπληροῖ,</span> <span class='ocrx_word' id='word_1_568' title='bbox 2513 3177 2651 3241; x_wconf 81' lang='grc' dir='ltr'>ἀλλ’,</span> <span class='ocrx_word' id='word_1_569' title='bbox 2685 3179 2910 3233; x_wconf 74' lang='grc' dir='ltr'>Αἰνεῖτε</span> <span class='ocrx_word' id='word_1_570' title='bbox 2940 3178 3048 3251; x_wconf 76' lang='grc' dir='ltr'>γὰρ</span> <span class='ocrx_word' id='word_1_571' title='bbox 3078 3179 3283 3242; x_wconf 81' lang='grc' dir='ltr'>αὑτὸν,</span> <span class='ocrx_word' id='word_1_572' title='bbox 3319 3177 3473 3248; x_wconf 74' lang='grc' dir='ltr'>φησὶ,</span> <span class='ocrx_word' id='word_1_573' title='bbox 3517 3177 3625 3230; x_wconf 76' lang='grc' dir='ltr'>καὶ</span> 
     </span>
    </p>
   </div>
   <div class='ocr_carea' id='block_1_77' title="bbox 2040 3266 3621 3338">
    <p class='ocr_par' dir='ltr' id='par_1_77' title="bbox 2040 3266 3621 3338">
     <span class='ocr_line' id='line_1_77' title="bbox 2040 3266 3621 3338; baseline 0.001 -17"><span class='ocrx_word' id='word_1_574' title='bbox 2040 3267 2113 3321; x_wconf 77' lang='grc' dir='ltr'>τὰ</span> <span class='ocrx_word' id='word_1_575' title='bbox 2161 3267 2230 3321; x_wconf 81' lang='grc' dir='ltr'>ἐκ</span> <span class='ocrx_word' id='word_1_576' title='bbox 2258 3267 2368 3337; x_wconf 83' lang='grc' dir='ltr'>τῆς</span> <span class='ocrx_word' id='word_1_577' title='bbox 2402 3266 2532 3338; x_wconf 76' lang='grc' dir='ltr'>γῆς,</span> <span class='ocrx_word' id='word_1_578' title='bbox 2585 3269 2910 3338; x_wconf 78' lang='grc' dir='ltr'>δράκοντες</span> <span class='ocrx_word' id='word_1_579' title='bbox 2955 3270 3055 3323; x_wconf 78' lang='grc' dir='ltr'>καὶ</span> <span class='ocrx_word' id='word_1_580' title='bbox 3094 3269 3282 3325; x_wconf 79' lang='grc' dir='ltr'>πᾶσαι</span> <span class='ocrx_word' id='word_1_581' title='bbox 3334 3269 3621 3323; x_wconf 79' lang='grc' dir='ltr'>ἄϐυσσοι.</span> 
     </span>
    </p>
   </div>
   <div class='ocr_carea' id='block_1_78' title="bbox 2043 3358 3629 3434">
    <p class='ocr_par' dir='ltr' id='par_1_78' title="bbox 2043 3358 3629 3434">
     <span class='ocr_line' id='line_1_78' title="bbox 2043 3358 3629 3434; baseline 0.003 -23"><span class='ocrx_word' id='word_1_582' title='bbox 2043 3358 2205 3412; x_wconf 84' lang='grc' dir='ltr'>Ὥστε</span> <span class='ocrx_word' id='word_1_583' title='bbox 2251 3360 2343 3413; x_wconf 73' lang='grc' dir='ltr'><strong>καὶ</strong></span> <span class='ocrx_word' id='word_1_584' title='bbox 2372 3361 2405 3430; x_wconf 84' lang='grc' dir='ltr'><strong>ἡ</strong></span> <span class='ocrx_word' id='word_1_585' title='bbox 2459 3360 2712 3426; x_wconf 79' lang='grc' dir='ltr'>ἄϐυσσος,</span> <span class='ocrx_word' id='word_1_586' title='bbox 2741 3362 2810 3430; x_wconf 74' lang='grc' dir='ltr'>ἢν</span> <span class='ocrx_word' id='word_1_587' title='bbox 2858 3364 2940 3426; x_wconf 81' lang='grc' dir='ltr'><strong>είς</strong></span> <span class='ocrx_word' id='word_1_588' title='bbox 2978 3362 3076 3434; x_wconf 83' lang='grc' dir='ltr'>τὴν</span> <span class='ocrx_word' id='word_1_589' title='bbox 3100 3362 3317 3433; x_wconf 85' lang='grc' dir='ltr'>χείρονα</span> <span class='ocrx_word' id='word_1_590' title='bbox 3342 3362 3540 3432; x_wconf 80' lang='grc' dir='ltr'>μοῖραν</span> <span class='ocrx_word' id='word_1_591' title='bbox 3572 3361 3629 3415; x_wconf 78' lang='grc' dir='ltr'><strong>οἱ</strong></span> 
     </span>
    </p>
   </div>
   <div class='ocr_carea' id='block_1_79' title="bbox 2043 3448 3626 3524">
    <p class='ocr_par' dir='ltr' id='par_1_79' title="bbox 2043 3448 3626 3524">
     <span class='ocr_line' id='line_1_79' title="bbox 2043 3448 3626 3524; baseline 0.001 -21"><span class='ocrx_word' id='word_1_592' title='bbox 2043 3448 2466 3522; x_wconf 82' lang='grc' dir='ltr'>ἀλληγοροῦντες</span> <span class='ocrx_word' id='word_1_593' title='bbox 2529 3451 2863 3523; x_wconf 75' lang='grc' dir='ltr'>ἀπέρριψαν,</span> <span class='ocrx_word' id='word_1_594' title='bbox 2929 3452 3051 3508; x_wconf 83' lang='grc' dir='ltr'>οὐδὲ</span> <span class='ocrx_word' id='word_1_595' title='bbox 3121 3453 3258 3524; x_wconf 77' lang='grc' dir='ltr'>αὐτὴ</span> <span class='ocrx_word' id='word_1_596' title='bbox 3310 3451 3626 3524; x_wconf 80' lang='grc' dir='ltr'>ἀπόϐλητος</span> 
     </span>
    </p>
   </div>
   <div class='ocr_carea' id='block_1_80' title="bbox 2042 3541 3626 3617">
    <p class='ocr_par' dir='ltr' id='par_1_80' title="bbox 2042 3541 3626 3617">
     <span class='ocr_line' id='line_1_80' title="bbox 2042 3541 3626 3617; baseline 0.003 -24"><span class='ocrx_word' id='word_1_597' title='bbox 2042 3541 2232 3614; x_wconf 69' lang='grc' dir='ltr'>ἐκρίθη</span> <span class='ocrx_word' id='word_1_598' title='bbox 2255 3541 2334 3613; x_wconf 84' lang='grc' dir='ltr'>τῷ</span> <span class='ocrx_word' id='word_1_599' title='bbox 2368 3541 2642 3615; x_wconf 81' lang='grc' dir='ltr'>ψαλμῳδῷ</span> <span class='ocrx_word' id='word_1_600' title='bbox 2669 3544 2802 3615; x_wconf 74' lang='grc'><strong>(48),</strong></span> <span class='ocrx_word' id='word_1_601' title='bbox 2821 3547 2901 3609; x_wconf 83' lang='grc' dir='ltr'><strong>είς</strong></span> <span class='ocrx_word' id='word_1_602' title='bbox 2916 3546 3016 3616; x_wconf 85' lang='grc' dir='ltr'><strong>τὴν</strong></span> <span class='ocrx_word' id='word_1_603' title='bbox 3044 3546 3230 3617; x_wconf 83' lang='grc' dir='ltr'>κοινὴν</span> <span class='ocrx_word' id='word_1_604' title='bbox 3259 3544 3359 3616; x_wconf 81' lang='grc' dir='ltr'>τῆς</span> <span class='ocrx_word' id='word_1_605' title='bbox 3384 3544 3626 3610; x_wconf 82' lang='grc' dir='ltr'>κτίσεως</span> 
     </span>
    </p>
   </div>
   <div class='ocr_carea' id='block_1_81' title="bbox 2042 3634 3632 3708">
    <p class='ocr_par' dir='ltr' id='par_1_81' title="bbox 2042 3634 3632 3708">
     <span class='ocr_line' id='line_1_81' title="bbox 2042 3634 3632 3708; baseline 0.003 -22"><span class='ocrx_word' id='word_1_606' title='bbox 2042 3634 2397 3705; x_wconf 85' lang='grc' dir='ltr'>χοροστασίαν</span> <span class='ocrx_word' id='word_1_607' title='bbox 2452 3636 2900 3708; x_wconf 69' lang='grc' dir='ltr'>παραληφθεῖσα*</span> <span class='ocrx_word' id='word_1_608' title='bbox 2959 3637 3096 3691; x_wconf 81' lang='grc' dir='ltr'>ἀλλὰ</span> <span class='ocrx_word' id='word_1_609' title='bbox 3146 3637 3241 3691; x_wconf 79' lang='grc' dir='ltr'><strong>καὶ</strong></span> <span class='ocrx_word' id='word_1_610' title='bbox 3295 3636 3431 3708; x_wconf 80' lang='grc' dir='ltr'>αὑτὴ</span> <span class='ocrx_word' id='word_1_611' title='bbox 3474 3637 3632 3690; x_wconf 78' lang='grc' dir='ltr'>κατὰ</span> 
     </span>
    </p>
   </div>
   <div class='ocr_carea' id='block_1_82' title="bbox 2042 3726 3631 3799">
    <p class='ocr_par' dir='ltr' id='par_1_82' title="bbox 2042 3726 3631 3799">
     <span class='ocr_line' id='line_1_82' title="bbox 2042 3726 3631 3799; baseline 0.002 -21"><span class='ocrx_word' id='word_1_612' title='bbox 2042 3727 2168 3789; x_wconf 77' lang='grc' dir='ltr'>τοὺς</span> <span class='ocrx_word' id='word_1_613' title='bbox 2205 3726 2608 3799; x_wconf 77' lang='grc' dir='ltr'>ἐνυπάρχοντας</span> <span class='ocrx_word' id='word_1_614' title='bbox 2652 3728 2790 3799; x_wconf 82' lang='grc' dir='ltr'>αὐτῇ</span> <span class='ocrx_word' id='word_1_615' title='bbox 2825 3727 3016 3797; x_wconf 84' lang='grc' dir='ltr'>λόγους</span> <span class='ocrx_word' id='word_1_616' title='bbox 3052 3726 3326 3799; x_wconf 77' lang='grc' dir='ltr'>ἁρμονίως</span> <span class='ocrx_word' id='word_1_617' title='bbox 3370 3727 3631 3799; x_wconf 86' lang='grc' dir='ltr'>συμπλη-</span> 
     </span>
    </p>
   </div>
   <div class='ocr_carea' id='block_1_83' title="bbox 2044 3816 2911 3891">
    <p class='ocr_par' dir='ltr' id='par_1_83' title="bbox 2044 3816 2911 3891">
     <span class='ocr_line' id='line_1_83' title="bbox 2044 3816 2911 3891; baseline 0.005 -22"><span class='ocrx_word' id='word_1_618' title='bbox 2044 3816 2129 3887; x_wconf 80' lang='grc' dir='ltr'>ῥοί</span> <span class='ocrx_word' id='word_1_619' title='bbox 2158 3816 2256 3889; x_wconf 82' lang='grc' dir='ltr'>τὴν</span> <span class='ocrx_word' id='word_1_620' title='bbox 2281 3817 2550 3889; x_wconf 79' lang='grc' dir='ltr'>ὑμνῳδίαν</span> <span class='ocrx_word' id='word_1_621' title='bbox 2580 3819 2660 3889; x_wconf 83' lang='grc' dir='ltr'>τῷ</span> <span class='ocrx_word' id='word_1_622' title='bbox 2694 3822 2911 3891; x_wconf 82' lang='grc' dir='ltr'>ποιητῇ.</span> 
     </span>
    </p>
   </div>
   <div class='ocr_carea' id='block_1_84' title="bbox 2115 3906 3632 3982">
    <p class='ocr_par' dir='ltr' id='par_1_84' title="bbox 2115 3906 3632 3982">
     <span class='ocr_line' id='line_1_84' title="bbox 2115 3906 3632 3982; baseline 0.001 -20"><span class='ocrx_word' id='word_1_623' title='bbox 2115 3908 2202 3963; x_wconf 74' lang='grc'><strong>10.</strong></span> <span class='ocrx_word' id='word_1_624' title='bbox 2228 3910 2339 3963; x_wconf 80' lang='lat' dir='ltr'><strong>Kal</strong></span> <span class='ocrx_word' id='word_1_625' title='bbox 2369 3906 2530 3964; x_wconf 76' lang='grc' dir='ltr'>εἶδεν</span> <span class='ocrx_word' id='word_1_626' title='bbox 2588 3913 2622 3965; x_wconf 80' lang='grc' dir='ltr'><em>ὁ</em></span> <span class='ocrx_word' id='word_1_627' title='bbox 2652 3910 2817 3978; x_wconf 83' lang='grc' dir='ltr'>Θεὸς,</span> <span class='ocrx_word' id='word_1_628' title='bbox 2848 3911 2939 3966; x_wconf 85' lang='grc' dir='ltr'>ὅτι</span> <span class='ocrx_word' id='word_1_629' title='bbox 2983 3912 3196 3967; x_wconf 76' lang='grc' dir='ltr'>καλόν.</span> <span class='ocrx_word' id='word_1_630' title='bbox 3244 3911 3377 3982; x_wconf 77' lang='grc' dir='ltr'>Οὐχὶ</span> <span class='ocrx_word' id='word_1_631' title='bbox 3419 3910 3632 3981; x_wconf 76' lang='grc' dir='ltr'>ὀφθαλ-</span> 
     </span>
    </p>
   </div>
   <div class='ocr_carea' id='block_1_85' title="bbox 2046 3999 3627 4075">
    <p class='ocr_par' dir='ltr' id='par_1_85' title="bbox 2046 3999 3627 4075">
     <span class='ocr_line' id='line_1_85' title="bbox 2046 3999 3627 4075; baseline 0.004 -24"><span class='ocrx_word' id='word_1_632' title='bbox 2046 4001 2167 4069; x_wconf 83' lang='grc' dir='ltr'>μοῖς</span> <span class='ocrx_word' id='word_1_633' title='bbox 2190 3999 2325 4053; x_wconf 81' lang='grc' dir='ltr'>Θεοῦ</span> <span class='ocrx_word' id='word_1_634' title='bbox 2359 4000 2547 4073; x_wconf 80' lang='grc' dir='ltr'>τέρψιν</span> <span class='ocrx_word' id='word_1_635' title='bbox 2587 4002 2818 4073; x_wconf 79' lang='grc' dir='ltr'>παρέχει</span> <span class='ocrx_word' id='word_1_636' title='bbox 2853 4002 2921 4056; x_wconf 78' lang='grc' dir='ltr'><strong>τά</strong></span> <span class='ocrx_word' id='word_1_637' title='bbox 2963 4004 3091 4075; x_wconf 85' lang='grc' dir='ltr'>παρ’</span> <span class='ocrx_word' id='word_1_638' title='bbox 3140 4001 3305 4056; x_wconf 79' lang='grc' dir='ltr'>αὐτοῦ</span> <span class='ocrx_word' id='word_1_639' title='bbox 3335 4002 3627 4074; x_wconf 83' lang='grc' dir='ltr'>γινόμενα,</span> 
     </span>
    </p>
   </div>
   <div class='ocr_carea' id='block_1_86' title="bbox 2042 4091 3629 4165">
    <p class='ocr_par' dir='ltr' id='par_1_86' title="bbox 2042 4091 3629 4165">
     <span class='ocr_line' id='line_1_86' title="bbox 2042 4091 3629 4165; baseline 0.003 -20"><span class='ocrx_word' id='word_1_640' title='bbox 2042 4091 2161 4145; x_wconf 81' lang='grc' dir='ltr'>οὐδὲ</span> <span class='ocrx_word' id='word_1_641' title='bbox 2191 4092 2412 4163; x_wconf 83' lang='grc' dir='ltr'>τοιαύτη</span> <span class='ocrx_word' id='word_1_642' title='bbox 2457 4096 2584 4165; x_wconf 86' lang='grc' dir='ltr'>παρ’</span> <span class='ocrx_word' id='word_1_643' title='bbox 2616 4095 2827 4164; x_wconf 78' lang='grc' dir='ltr'><strong>αὑτῴὴ</strong></span> <span class='ocrx_word' id='word_1_644' title='bbox 2871 4094 3105 4165; x_wconf 83' lang='grc' dir='ltr'>ἀποδοχὴ</span> <span class='ocrx_word' id='word_1_645' title='bbox 3146 4094 3253 4147; x_wconf 84' lang='grc' dir='ltr'>τῶν</span> <span class='ocrx_word' id='word_1_646' title='bbox 3295 4093 3496 4159; x_wconf 79' lang='grc' dir='ltr'>καλῶν,</span> <span class='ocrx_word' id='word_1_647' title='bbox 3538 4095 3629 4150; x_wconf 72' lang='grc' dir='ltr'><strong>οἶα</strong></span> 
     </span>
    </p>
   </div>
   <div class='ocr_carea' id='block_1_87' title="bbox 2044 4182 3632 4258">
    <p class='ocr_par' dir='ltr' id='par_1_87' title="bbox 2044 4182 3632 4258">
     <span class='ocr_line' id='line_1_87' title="bbox 2044 4182 3632 4258; baseline -0.001 -19"><span class='ocrx_word' id='word_1_648' title='bbox 2044 4182 2140 4239; x_wconf 72' lang='grc' dir='ltr'>καὶ</span> <span class='ocrx_word' id='word_1_649' title='bbox 2172 4184 2301 4255; x_wconf 81' lang='grc' dir='ltr'>παρ’</span> <span class='ocrx_word' id='word_1_650' title='bbox 2329 4187 2464 4254; x_wconf 79' lang='grc' dir='ltr'>ἡμῖν</span> <span class='ocrx_word' id='word_1_651' title='bbox 2483 4201 2497 4214; x_wconf 80' lang='lat'><strong>&#39;</strong></span> <span class='ocrx_word' id='word_1_652' title='bbox 2536 4184 2670 4238; x_wconf 85' lang='grc' dir='ltr'>ἀλλὰ</span> <span class='ocrx_word' id='word_1_653' title='bbox 2718 4186 2881 4240; x_wconf 83' lang='grc' dir='ltr'>καλὸν</span> <span class='ocrx_word' id='word_1_654' title='bbox 2923 4186 2985 4240; x_wconf 80' lang='grc' dir='ltr'><strong>τὸ</strong></span> <span class='ocrx_word' id='word_1_655' title='bbox 3017 4186 3096 4256; x_wconf 81' lang='grc' dir='ltr'><strong>τῷ</strong></span> <span class='ocrx_word' id='word_1_656' title='bbox 3133 4186 3277 4257; x_wconf 86' lang='grc' dir='ltr'>λόγῳ</span> <span class='ocrx_word' id='word_1_657' title='bbox 3299 4186 3395 4256; x_wconf 79' lang='grc' dir='ltr'>τῆς</span> <span class='ocrx_word' id='word_1_658' title='bbox 3426 4186 3632 4258; x_wconf 83' lang='grc' dir='ltr'>τέχνης</span> 
     </span>
    </p>
   </div>
   <div class='ocr_carea' id='block_1_88' title="bbox 2044 4276 3631 4351">
    <p class='ocr_par' dir='ltr' id='par_1_88' title="bbox 2044 4276 3631 4351">
     <span class='ocr_line' id='line_1_88' title="bbox 2044 4276 3631 4351; baseline 0.003 -22"><span class='ocrx_word' id='word_1_659' title='bbox 2044 4276 2383 4341; x_wconf 79' lang='grc' dir='ltr'>ὲκτελεσθὲν,</span> <span class='ocrx_word' id='word_1_660' title='bbox 2441 4279 2537 4332; x_wconf 81' lang='grc' dir='ltr'><strong>καὶ</strong></span> <span class='ocrx_word' id='word_1_661' title='bbox 2574 4279 2712 4351; x_wconf 78' lang='grc' dir='ltr'>πρὸς</span> <span class='ocrx_word' id='word_1_662' title='bbox 2762 4279 2861 4351; x_wconf 83' lang='grc' dir='ltr'>τὴν</span> <span class='ocrx_word' id='word_1_663' title='bbox 2915 4279 3010 4332; x_wconf 80' lang='grc' dir='ltr'>τοῦ</span> <span class='ocrx_word' id='word_1_664' title='bbox 3059 4278 3247 4343; x_wconf 80' lang='grc' dir='ltr'>τέλους</span> <span class='ocrx_word' id='word_1_665' title='bbox 3297 4279 3631 4350; x_wconf 77' lang='grc' dir='ltr'>εὐχρηστίαν</span> 
     </span>
    </p>
   </div>
   <div class='ocr_carea' id='block_1_89' title="bbox 2046 4372 3631 4445">
    <p class='ocr_par' dir='ltr' id='par_1_89' title="bbox 2046 4372 3631 4445">
     <span class='ocr_line' id='line_1_89' title="bbox 2046 4372 3631 4445; baseline 0.001 -20"><span class='ocrx_word' id='word_1_666' title='bbox 2046 4375 2335 4428; x_wconf 88' lang='grc' dir='ltr'>συντεῖνον.</span> <span class='ocrx_word' id='word_1_667' title='bbox 2401 4374 2458 4427; x_wconf 82' lang='grc'><strong>’0</strong></span> <span class='ocrx_word' id='word_1_668' title='bbox 2510 4374 2687 4427; x_wconf 89' lang='grc' dir='ltr'>τοίνυν</span> <span class='ocrx_word' id='word_1_669' title='bbox 2736 4374 2942 4445; x_wconf 75' lang='grc' dir='ltr'>ἐναργῆ</span> <span class='ocrx_word' id='word_1_670' title='bbox 2979 4373 3089 4445; x_wconf 71' lang='grc'><strong>(49)</strong></span> <span class='ocrx_word' id='word_1_671' title='bbox 3134 4373 3228 4426; x_wconf 84' lang='grc' dir='ltr'><strong>τὸν</strong></span> <span class='ocrx_word' id='word_1_672' title='bbox 3271 4372 3469 4425; x_wconf 84' lang='grc' dir='ltr'>σκοπὸν</span> <span class='ocrx_word' id='word_1_673' title='bbox 3517 4372 3631 4426; x_wconf 83' lang='grc' dir='ltr'><strong>τῶν</strong></span> 
     </span>
    </p>
   </div>
   <div class='ocr_carea' id='block_1_90' title="bbox 365 4460 1939 4539">
    <p class='ocr_par' dir='ltr' id='par_1_90' title="bbox 365 4460 1939 4535">
     <span class='ocr_line' id='line_1_90' title="bbox 365 4460 1939 4535; baseline 0.007 -21"><span class='ocrx_word' id='word_1_674' title='bbox 365 4460 467 4527; x_wconf 87' lang='lat' dir='ltr'><strong>Qui</strong></span> <span class='ocrx_word' id='word_1_675' title='bbox 521 4462 682 4533; x_wconf 72' lang='lat' dir='ltr'><strong>igitur</strong></span> <span class='ocrx_word' id='word_1_676' title='bbox 719 4464 1062 4520; x_wconf 82' lang='lat' dir='ltr'><strong>manifestum</strong></span> <span class='ocrx_word' id='word_1_677' title='bbox 1095 4480 1281 4521; x_wconf 91' lang='lat' dir='ltr'><strong>eorum</strong></span> <span class='ocrx_word' id='word_1_678' title='bbox 1320 4480 1441 4535; x_wconf 63' lang='lat' dir='ltr'><strong>quae</strong></span> <span class='ocrx_word' id='word_1_679' title='bbox 1474 4467 1608 4522; x_wconf 91' lang='lat' dir='ltr'><strong>ﬁunt</strong></span> <span class='ocrx_word' id='word_1_680' title='bbox 1645 4468 1804 4523; x_wconf 89' lang='lat' dir='ltr'><strong>ﬁnem</strong></span> <span class='ocrx_word' id='word_1_681' title='bbox 1837 4470 1939 4525; x_wconf 87' lang='lat' dir='ltr'><strong>sibi</strong></span> 
     </span>
    </p>
   </div>
   <div class='ocr_carea' id='block_1_91' title="bbox 2050 4460 3631 4539">
    <p class='ocr_par' dir='ltr' id='par_1_91' title="bbox 2050 4465 3631 4539">
     <span class='ocr_line' id='line_1_91' title="bbox 2050 4465 3631 4539; baseline -0.001 -22"><span class='ocrx_word' id='word_1_682' title='bbox 2050 4465 2341 4535; x_wconf 81' lang='grc' dir='ltr'>γινομένων</span> <span class='ocrx_word' id='word_1_683' title='bbox 2372 4465 2743 4537; x_wconf 61' lang='grc' dir='ltr'>προθέμενος,</span> <span class='ocrx_word' id='word_1_684' title='bbox 2769 4466 2838 4519; x_wconf 77' lang='grc' dir='ltr'>τὰ</span> <span class='ocrx_word' id='word_1_685' title='bbox 2869 4466 3009 4539; x_wconf 73' lang='grc' dir='ltr'><strong>κατά</strong></span> <span class='ocrx_word' id='word_1_686' title='bbox 3057 4466 3221 4537; x_wconf 88' lang='grc' dir='ltr'>μέρος</span> <span class='ocrx_word' id='word_1_687' title='bbox 3260 4465 3519 4536; x_wconf 83' lang='grc' dir='ltr'>γινόμενα</span> <span class='ocrx_word' id='word_1_688' title='bbox 3552 4466 3631 4529; x_wconf 82' lang='grc' dir='ltr'>ὡς</span> 
     </span>
    </p>
   </div>
   <div class='ocr_carea' id='block_1_92' title="bbox 364 4554 1944 4628">
    <p class='ocr_par' dir='ltr' id='par_1_92' title="bbox 364 4554 1944 4628">
     <span class='ocr_line' id='line_1_92' title="bbox 364 4554 1944 4628; baseline 0.005 -21"><span class='ocrx_word' id='word_1_689' title='bbox 364 4554 667 4622; x_wconf 89' lang='lat' dir='ltr'><strong>proposuit,</strong></span> <span class='ocrx_word' id='word_1_690' title='bbox 718 4571 806 4611; x_wconf 88' lang='lat' dir='ltr'><strong>res</strong></span> <span class='ocrx_word' id='word_1_691' title='bbox 853 4556 1094 4628; x_wconf 78' lang='lat' dir='ltr'><strong>singulas</strong></span> <span class='ocrx_word' id='word_1_692' title='bbox 1149 4557 1240 4612; x_wconf 88' lang='lat' dir='ltr'><strong>uti-</strong></span> <span class='ocrx_word' id='word_1_693' title='bbox 1286 4559 1447 4613; x_wconf 86' lang='lat' dir='ltr'><strong>ﬁnem</strong></span> <span class='ocrx_word' id='word_1_694' title='bbox 1502 4560 1832 4628; x_wconf 82' lang='lat' dir='ltr'><strong>complentes</strong></span> <span class='ocrx_word' id='word_1_695' title='bbox 1877 4562 1944 4615; x_wconf 86' lang='lat' dir='ltr'><strong>ad</strong></span> 
     </span>
    </p>
   </div>
   <div class='ocr_carea' id='block_1_93' title="bbox 369 4648 1947 4722">
    <p class='ocr_par' dir='ltr' id='par_1_93' title="bbox 369 4648 1947 4722">
     <span class='ocr_line' id='line_1_93' title="bbox 369 4648 1947 4722; baseline 0.005 -23"><span class='ocrx_word' id='word_1_696' title='bbox 369 4648 511 4702; x_wconf 83' lang='lat' dir='ltr'><strong>artis</strong></span> <span class='ocrx_word' id='word_1_697' title='bbox 546 4662 656 4702; x_wconf 70' lang='lat' dir='ltr'><strong>suae</strong></span> <span class='ocrx_word' id='word_1_698' title='bbox 684 4651 922 4705; x_wconf 88' lang='lat' dir='ltr'><strong>rationes</strong></span> <span class='ocrx_word' id='word_1_699' title='bbox 957 4664 1376 4722; x_wconf 73' lang='lat' dir='ltr'><strong>recognoscens,</strong></span> <span class='ocrx_word' id='word_1_700' title='bbox 1407 4652 1803 4721; x_wconf 80' lang='lat' dir='ltr'><strong>comprobavit.</strong></span> <span class='ocrx_word' id='word_1_701' title='bbox 1852 4652 1947 4707; x_wconf 81' lang='lat' dir='ltr'><strong>Et-</strong></span> 
     </span>
    </p>
   </div>
   <div class='ocr_carea' id='block_1_94' title="bbox 2052 4558 3632 4629">
    <p class='ocr_par' dir='ltr' id='par_1_94' title="bbox 2052 4558 3632 4629">
     <span class='ocr_line' id='line_1_94' title="bbox 2052 4558 3632 4629; baseline 0.001 -20"><span class='ocrx_word' id='word_1_702' title='bbox 2052 4558 2485 4629; x_wconf 87' lang='grc' dir='ltr'>συμπληρωτικὰ</span> <span class='ocrx_word' id='word_1_703' title='bbox 2535 4559 2630 4612; x_wconf 82' lang='grc' dir='ltr'>τοῦ</span> <span class='ocrx_word' id='word_1_704' title='bbox 2692 4559 2879 4623; x_wconf 88' lang='grc' dir='ltr'>τέλους</span> <span class='ocrx_word' id='word_1_705' title='bbox 2936 4561 3051 4622; x_wconf 88' lang='grc' dir='ltr'>τοῖς</span> <span class='ocrx_word' id='word_1_706' title='bbox 3113 4562 3379 4629; x_wconf 86' lang='grc' dir='ltr'>τεχνικοῖς</span> <span class='ocrx_word' id='word_1_707' title='bbox 3431 4558 3632 4611; x_wconf 76' lang='grc' dir='ltr'>ἑαυτοῦ</span> 
     </span>
    </p>
   </div>
   <div class='ocr_carea' id='block_1_95' title="bbox 2048 4648 3631 4725">
    <p class='ocr_par' dir='ltr' id='par_1_95' title="bbox 2048 4648 3631 4725">
     <span class='ocr_line' id='line_1_95' title="bbox 2048 4648 3631 4725; baseline 0.003 -22"><span class='ocrx_word' id='word_1_708' title='bbox 2048 4648 2221 4720; x_wconf 68' lang='grc' dir='ltr'><strong>λόγοιςι</strong></span> <span class='ocrx_word' id='word_1_709' title='bbox 2248 4652 2486 4705; x_wconf 75' lang='grc' dir='ltr'>ἐπελθὼν</span> <span class='ocrx_word' id='word_1_710' title='bbox 2519 4653 2631 4724; x_wconf 82' lang='grc'><strong>(50)</strong></span> <span class='ocrx_word' id='word_1_711' title='bbox 2670 4652 2987 4719; x_wconf 77' lang='grc' dir='ltr'>ἀπεδέξατο.</span> <span class='ocrx_word' id='word_1_712' title='bbox 3022 4654 3175 4708; x_wconf 70' lang='grc' dir='ltr'>Ἐπεὶ</span> <span class='ocrx_word' id='word_1_713' title='bbox 3212 4655 3306 4707; x_wconf 57' lang='grc' dir='ltr'><strong>καὶ⁵</strong></span> <span class='ocrx_word' id='word_1_714' title='bbox 3351 4653 3472 4725; x_wconf 68' lang='grc' dir='ltr'>χεὶρ</span> <span class='ocrx_word' id='word_1_715' title='bbox 3500 4654 3631 4707; x_wconf 83' lang='grc' dir='ltr'>καθ’</span> 
     </span>
    </p>
   </div>
   <div class='ocr_carea' id='block_1_96' title="bbox 367 4739 1939 4820">
    <p class='ocr_par' dir='ltr' id='par_1_96' title="bbox 367 4739 1939 4814">
     <span class='ocr_line' id='line_1_96' title="bbox 367 4739 1939 4814; baseline 0.004 -21"><span class='ocrx_word' id='word_1_716' title='bbox 367 4739 522 4793; x_wconf 83' lang='lat' dir='ltr'><strong>enim</strong></span> <span class='ocrx_word' id='word_1_717' title='bbox 548 4739 604 4793; x_wconf 59' lang='lat' dir='ltr'><strong>si.</strong></span> <span class='ocrx_word' id='word_1_718' title='bbox 646 4754 838 4796; x_wconf 88' lang='lat' dir='ltr'><strong>manus</strong></span> <span class='ocrx_word' id='word_1_719' title='bbox 864 4756 1131 4812; x_wconf 84' lang='lat' dir='ltr'><strong>seorsum,</strong></span> <span class='ocrx_word' id='word_1_720' title='bbox 1165 4751 1266 4798; x_wconf 68' lang='lat' dir='ltr'><strong>aut</strong></span> <span class='ocrx_word' id='word_1_721' title='bbox 1302 4744 1494 4799; x_wconf 89' lang='lat' dir='ltr'><strong>oculus</strong></span> <span class='ocrx_word' id='word_1_722' title='bbox 1520 4745 1793 4814; x_wconf 85' lang='lat' dir='ltr'><strong>privatim,</strong></span> <span class='ocrx_word' id='word_1_723' title='bbox 1852 4752 1939 4800; x_wconf 88' lang='lat' dir='ltr'><strong>aut</strong></span> 
     </span>
    </p>
   </div>
   <div class='ocr_carea' id='block_1_97' title="bbox 2050 4739 3632 4820">
    <p class='ocr_par' dir='ltr' id='par_1_97' title="bbox 2050 4744 3632 4820">
     <span class='ocr_line' id='line_1_97' title="bbox 2050 4744 3632 4820; baseline 0.001 -22"><span class='ocrx_word' id='word_1_724' title='bbox 2050 4744 2269 4816; x_wconf 67' lang='grc' dir='ltr'>ἑαυτὴν,</span> <span class='ocrx_word' id='word_1_725' title='bbox 2317 4746 2412 4800; x_wconf 74' lang='grc' dir='ltr'><strong>καὶ</strong></span> <span class='ocrx_word' id='word_1_726' title='bbox 2463 4746 2742 4820; x_wconf 72' lang='grc' dir='ltr'>ὀφθαλμὸς</span> <span class='ocrx_word' id='word_1_727' title='bbox 2792 4746 2917 4818; x_wconf 81' lang='grc' dir='ltr'>ἰδίᾳ,</span> <span class='ocrx_word' id='word_1_728' title='bbox 2954 4746 3049 4800; x_wconf 82' lang='grc' dir='ltr'><strong>καὶ</strong></span> <span class='ocrx_word' id='word_1_729' title='bbox 3103 4746 3332 4799; x_wconf 77' lang='grc' dir='ltr'>ἕκαστον</span> <span class='ocrx_word' id='word_1_730' title='bbox 3382 4746 3493 4797; x_wconf 86' lang='grc' dir='ltr'>τῶν</span> <span class='ocrx_word' id='word_1_731' title='bbox 3531 4746 3632 4800; x_wconf 72' lang='grc' dir='ltr'>τοῦ</span> 
     </span>
    </p>
   </div>
   <div class='ocr_carea' id='block_1_98' title="bbox 456 4915 1882 4986">
    <p class='ocr_par' dir='ltr' id='par_1_98' title="bbox 456 4915 1882 4986">
     <span class='ocr_line' id='line_1_98' title="bbox 456 4915 1882 4986; baseline 0.004 -15"><span class='ocrx_word' id='word_1_732' title='bbox 456 4916 504 4948; x_wconf 85' lang='grc'><strong>⁵³</strong></span> <span class='ocrx_word' id='word_1_733' title='bbox 534 4915 858 4985; x_wconf 76' lang='lat' dir='ltr'><strong>Psal..xvm,</strong></span> <span class='ocrx_word' id='word_1_734' title='bbox 889 4916 945 4971; x_wconf 78' lang='lat'><strong>2.</strong></span> <span class='ocrx_word' id='word_1_735' title='bbox 1019 4917 1069 4950; x_wconf 71' lang='grc' dir='ltr'><strong>ἰ</strong></span> <span class='ocrx_word' id='word_1_736' title='bbox 1113 4918 1251 4974; x_wconf 84' lang='lat' dir='ltr'><strong>ibid.</strong></span> <span class='ocrx_word' id='word_1_737' title='bbox 1322 4920 1371 4953; x_wconf 83' lang='lat'><strong>&quot;</strong></span> <span class='ocrx_word' id='word_1_738' title='bbox 1400 4920 1535 4975; x_wconf 84' lang='lat' dir='ltr'><strong>Dan.</strong></span> <span class='ocrx_word' id='word_1_739' title='bbox 1566 4935 1652 4986; x_wconf 81' lang='lat' dir='ltr'><strong>Ill,</strong></span> <span class='ocrx_word' id='word_1_740' title='bbox 1678 4920 1767 4985; x_wconf 86' lang='grc'><strong>67,</strong></span> <span class='ocrx_word' id='word_1_741' title='bbox 1791 4920 1882 4977; x_wconf 89' lang='lat'><strong>68.</strong></span> 
     </span>
    </p>
   </div>
   <div class='ocr_carea' id='block_1_99' title="bbox 443 5096 1733 5238">
    <p class='ocr_par' dir='ltr' id='par_1_99' title="bbox 443 5096 1733 5238">
     <span class='ocr_line' id='line_1_99' title="bbox 443 5096 1733 5238; baseline 0.003 -87"><span class='ocrx_word' id='word_1_742' title='bbox 443 5096 558 5238; x_wconf 67' lang='grc'><strong>(44)</strong></span> <span class='ocrx_word' id='word_1_743' title='bbox 586 5097 663 5152; x_wconf 85' lang='lat' dir='ltr'><strong>Ita</strong></span> <span class='ocrx_word' id='word_1_744' title='bbox 700 5110 834 5152; x_wconf 84' lang='lat' dir='ltr'><strong>mss.</strong></span> <span class='ocrx_word' id='word_1_745' title='bbox 868 5105 1010 5152; x_wconf 84' lang='lat' dir='ltr'><strong>octo.</strong></span> <span class='ocrx_word' id='word_1_746' title='bbox 1045 5096 1184 5151; x_wconf 86' lang='lat' dir='ltr'><strong>Editi</strong></span> <span class='ocrx_word' id='word_1_747' title='bbox 1221 5098 1499 5171; x_wconf 83' lang='grc' dir='ltr'>πρέποντα</span> <span class='ocrx_word' id='word_1_748' title='bbox 1524 5098 1733 5171; x_wconf 78' lang='grc' dir='ltr'>ὖμνον.“</span> 
     </span>
     <span class='ocr_line' id='line_1_100' title="bbox 443 5166 1733 5238; baseline 0.003 -17"><span class='ocrx_word' id='word_1_749' title='bbox 443 5167 534 5231; x_wconf 72' lang='grc'><strong>(45</strong></span> <span class='ocrx_word' id='word_1_750' title='bbox 596 5166 742 5238; x_wconf 71' lang='lat' dir='ltr'><strong>Reg.</strong></span> <span class='ocrx_word' id='word_1_751' title='bbox 791 5177 981 5238; x_wconf 74' lang='lat' dir='ltr'><strong>sextus</strong></span> <span class='ocrx_word' id='word_1_752' title='bbox 1022 5168 1313 5238; x_wconf 81' lang='grc' dir='ltr'>γινομένην</span> <span class='ocrx_word' id='word_1_753' title='bbox 1363 5170 1506 5223; x_wconf 84' lang='grc' dir='ltr'>κατὰ</span> <span class='ocrx_word' id='word_1_754' title='bbox 1556 5171 1657 5238; x_wconf 81' lang='grc' dir='ltr'>τὴν</span> <span class='ocrx_word' id='word_1_755' title='bbox 1698 5172 1733 5225; x_wconf 71' lang='grc' dir='ltr'><strong>δι</strong></span> 
     </span>
    </p>
   </div>
   <div class='ocr_carea' id='block_1_100' title="bbox 371 5168 871 5308">
    <p class='ocr_par' dir='ltr' id='par_1_100' title="bbox 371 5168 871 5308">
     <span class='ocr_line' id='line_1_101' title="bbox 441 5168 871 5238; baseline 0.002 -17"><span class='ocrx_word' id='word_1_756' title='bbox 441 5168 554 5238; x_wconf 73' lang='grc'><strong>(45)</strong></span> <span class='ocrx_word' id='word_1_757' title='bbox 607 5168 742 5233; x_wconf 71' lang='lat' dir='ltr'><strong>Reg.</strong></span> <span class='ocrx_word' id='word_1_758' title='bbox 796 5182 871 5221; x_wconf 75' lang='lat' dir='ltr'><strong>se:</strong></span> 
     </span>
     <span class='ocr_line' id='line_1_102' title="bbox 371 5235 871 5308; baseline 0.002 -19"><span class='ocrx_word' id='word_1_759' title='bbox 371 5238 552 5291; x_wconf 81' lang='grc' dir='ltr'>αἰτίαν</span> <span class='ocrx_word' id='word_1_760' title='bbox 588 5235 871 5308; x_wconf 82' lang='grc' dir='ltr'>δεξόμεθα.</span> 
     </span>
    </p>
   </div>
   <div class='ocr_carea' id='block_1_101' title="bbox 442 5306 1947 5389">
    <p class='ocr_par' dir='ltr' id='par_1_101' title="bbox 442 5306 1947 5389">
     <span class='ocr_line' id='line_1_103' title="bbox 442 5306 1947 5389; baseline 0.005 -30"><span class='ocrx_word' id='word_1_761' title='bbox 442 5306 723 5389; x_wconf 49' lang='lat' dir='ltr'><strong>(sm-Reg.</strong></span> <span class='ocrx_word' id='word_1_762' title='bbox 767 5317 954 5389; x_wconf 42' lang='lat' dir='ltr'><strong>seruitus</strong></span> <span class='ocrx_word' id='word_1_763' title='bbox 983 5306 1135 5389; x_wconf 76' lang='grc' dir='ltr'>παρὰ</span> <span class='ocrx_word' id='word_1_764' title='bbox 1161 5306 1256 5362; x_wconf 79' lang='grc' dir='ltr'>τοῦ</span> <span class='ocrx_word' id='word_1_765' title='bbox 1284 5312 1411 5364; x_wconf 87' lang='grc' dir='ltr'>Δαν.</span> <span class='ocrx_word' id='word_1_766' title='bbox 1439 5308 1632 5365; x_wconf 86' lang='lat' dir='ltr'><strong>Statim</strong></span> <span class='ocrx_word' id='word_1_767' title='bbox 1668 5310 1800 5382; x_wconf 76' lang='lat' dir='ltr'><strong>Reg.</strong></span> <span class='ocrx_word' id='word_1_768' title='bbox 1834 5311 1947 5383; x_wconf 87' lang='lat' dir='ltr'><strong>pri-</strong></span> 
     </span>
    </p>
   </div>
   <div class='ocr_carea' id='block_1_102' title="bbox 373 5377 1144 5432">
    <p class='ocr_par' dir='ltr' id='par_1_102' title="bbox 373 5377 1144 5432">
     <span class='ocr_line' id='line_1_104' title="bbox 373 5377 1144 5432; baseline 0 -1"><span class='ocrx_word' id='word_1_769' title='bbox 373 5393 494 5431; x_wconf 91' lang='lat' dir='ltr'><strong>mus</strong></span> <span class='ocrx_word' id='word_1_770' title='bbox 514 5378 623 5430; x_wconf 84' lang='grc' dir='ltr'>τῶν</span> <span class='ocrx_word' id='word_1_771' title='bbox 656 5378 799 5431; x_wconf 84' lang='grc' dir='ltr'>ὅλων</span> <span class='ocrx_word' id='word_1_772' title='bbox 819 5377 954 5431; x_wconf 85' lang='grc' dir='ltr'>Θεὸν</span> <span class='ocrx_word' id='word_1_773' title='bbox 992 5377 1144 5432; x_wconf 57' lang='lat' dir='ltr'><strong>sese.</strong></span> 
     </span>
    </p>
   </div>
   <div class='ocr_carea' id='block_1_103' title="bbox 445 5446 1945 5575">
    <p class='ocr_par' dir='ltr' id='par_1_103' title="bbox 445 5446 1945 5575">
     <span class='ocr_line' id='line_1_105' title="bbox 445 5446 1945 5522; baseline 0.003 -23"><span class='ocrx_word' id='word_1_774' title='bbox 445 5446 565 5515; x_wconf 73' lang='grc' dir='ltr'><strong>(Π)</strong></span> <span class='ocrx_word' id='word_1_775' title='bbox 592 5449 703 5503; x_wconf 87' lang='lat' dir='ltr'><strong>Duo</strong></span> <span class='ocrx_word' id='word_1_776' title='bbox 735 5464 867 5502; x_wconf 89' lang='lat' dir='ltr'><strong>mss.</strong></span> <span class='ocrx_word' id='word_1_777' title='bbox 901 5463 932 5503; x_wconf 89' lang='lat' dir='ltr'><strong>e</strong></span> <span class='ocrx_word' id='word_1_778' title='bbox 958 5449 1157 5504; x_wconf 80' lang='lat' dir='ltr'><strong>nostris</strong></span> <span class='ocrx_word' id='word_1_779' title='bbox 1188 5464 1310 5504; x_wconf 90' lang='lat' dir='ltr'><strong>cum</strong></span> <span class='ocrx_word' id='word_1_780' title='bbox 1337 5450 1584 5505; x_wconf 76' lang='lat' dir='ltr'><strong>Gomhef.</strong></span> <span class='ocrx_word' id='word_1_781' title='bbox 1610 5450 1796 5521; x_wconf 86' lang='grc' dir='ltr'>συμπλ</span> <span class='ocrx_word' id='word_1_782' title='bbox 1840 5468 1945 5522; x_wconf 90' lang='grc' dir='ltr'>ρω-</span> 
     </span>
     <span class='ocr_line' id='line_1_106' title="bbox 445 5469 1938 5575; baseline 0.005 -8"><span class='ocrx_word' id='word_1_783' title='bbox 445 5515 525 5575; x_wconf 57' lang='lat' dir='ltr'><strong>ab;</strong></span> <span class='ocrx_word' id='word_1_784' title='bbox 569 5516 743 5573; x_wconf 81' lang='grc' dir='ltr'>ἔσται.</span> <span class='ocrx_word' id='word_1_785' title='bbox 790 5516 899 5572; x_wconf 89' lang='lat' dir='ltr'><strong>Nec</strong></span> <span class='ocrx_word' id='word_1_786' title='bbox 956 5518 1028 5571; x_wconf 89' lang='lat' dir='ltr'><strong>ita</strong></span> <span class='ocrx_word' id='word_1_787' title='bbox 1085 5519 1254 5573; x_wconf 84' lang='lat' dir='ltr'><strong>multo</strong></span> <span class='ocrx_word' id='word_1_788' title='bbox 1304 5530 1426 5575; x_wconf 79' lang='lat' dir='ltr'><strong>post</strong></span> <span class='ocrx_word' id='word_1_789' title='bbox 1457 5523 1585 5574; x_wconf 83' lang='lat' dir='ltr'><strong>editi</strong></span> <span class='ocrx_word' id='word_1_790' title='bbox 1632 5537 1754 5575; x_wconf 90' lang='lat' dir='ltr'><strong>cum</strong></span> <span class='ocrx_word' id='word_1_791' title='bbox 1799 5469 1938 5575; x_wconf 41' lang='lat' dir='ltr'><strong>Rea.</strong></span> 
     </span>
    </p>
   </div>
   <div class='ocr_carea' id='block_1_104' title="bbox 1888 5539 1919 5589">
    <p class='ocr_par' dir='ltr' id='par_1_104' title="bbox 1888 5539 1919 5589">
     <span class='ocr_line' id='line_1_107' title="bbox 1888 5539 1919 5589; baseline 0 0"><span class='ocrx_word' id='word_1_792' title='bbox 1888 5539 1919 5589; x_wconf 65' lang='grc' dir='ltr'>Β</span> 
     </span>
    </p>
   </div>
   <div class='ocr_carea' id='block_1_105' title="bbox 376 5515 1938 5589">
    <p class='ocr_par' dir='ltr' id='par_1_105' title="bbox 376 5515 1938 5589">
     <span class='ocr_line' id='line_1_108' title="bbox 376 5515 1938 5589; baseline 0.006 -22"><span class='ocrx_word' id='word_1_793' title='bbox 376 5515 525 5578; x_wconf 80' lang='grc' dir='ltr'>τικδς</span> <span class='ocrx_word' id='word_1_794' title='bbox 569 5516 743 5573; x_wconf 81' lang='grc' dir='ltr'>ἔσται.</span> <span class='ocrx_word' id='word_1_795' title='bbox 790 5516 899 5572; x_wconf 88' lang='lat' dir='ltr'><strong>Nec</strong></span> <span class='ocrx_word' id='word_1_796' title='bbox 956 5518 1028 5571; x_wconf 87' lang='lat' dir='ltr'><strong>ita</strong></span> <span class='ocrx_word' id='word_1_797' title='bbox 1085 5519 1254 5573; x_wconf 84' lang='lat' dir='ltr'><strong>multo</strong></span> <span class='ocrx_word' id='word_1_798' title='bbox 1303 5530 1426 5589; x_wconf 90' lang='lat' dir='ltr'><strong>post</strong></span> <span class='ocrx_word' id='word_1_799' title='bbox 1457 5523 1585 5574; x_wconf 83' lang='lat' dir='ltr'><strong>editi</strong></span> <span class='ocrx_word' id='word_1_800' title='bbox 1632 5515 1754 5575; x_wconf 79' lang='lat' dir='ltr'><strong>cum</strong></span> <span class='ocrx_word' id='word_1_801' title='bbox 1805 5515 1938 5589; x_wconf 68' lang='lat' dir='ltr'><strong>Reg.</strong></span> 
     </span>
    </p>
   </div>
   <div class='ocr_carea' id='block_1_106' title="bbox 375 5589 1941 5663">
    <p class='ocr_par' dir='ltr' id='par_1_106' title="bbox 375 5589 1941 5663">
     <span class='ocr_line' id='line_1_109' title="bbox 375 5589 1941 5663; baseline 0.006 -26"><span class='ocrx_word' id='word_1_802' title='bbox 375 5594 567 5663; x_wconf 80' lang='lat' dir='ltr'><strong>octavo</strong></span> <span class='ocrx_word' id='word_1_803' title='bbox 608 5598 661 5640; x_wconf 91' lang='lat' dir='ltr'><strong>et</strong></span> <span class='ocrx_word' id='word_1_804' title='bbox 702 5604 824 5641; x_wconf 89' lang='lat' dir='ltr'><strong>cum</strong></span> <span class='ocrx_word' id='word_1_805' title='bbox 856 5589 1304 5663; x_wconf 30' lang='lat' dir='ltr'><strong>ut_roque‘_C_oisl.</strong></span> <span class='ocrx_word' id='word_1_806' title='bbox 1357 5590 1786 5663; x_wconf 85' lang='grc' dir='ltr'>προηγούμενον.</span> <span class='ocrx_word' id='word_1_807' title='bbox 1839 5594 1941 5663; x_wconf 85' lang='lat' dir='ltr'><strong>Alii</strong></span> 
     </span>
    </p>
   </div>
   <div class='ocr_carea' id='block_1_107' title="bbox 379 5654 1943 5783">
    <p class='ocr_par' dir='ltr' id='par_1_107' title="bbox 379 5654 1943 5783">
     <span class='ocr_line' id='line_1_110' title="bbox 379 5654 1943 5783; baseline 0.006 -77"><span class='ocrx_word' id='word_1_808' title='bbox 379 5660 493 5783; x_wconf 51' lang='grc' dir='ltr'>ζεῖ</span> <span class='ocrx_word' id='word_1_809' title='bbox 520 5669 646 5709; x_wconf 86' lang='lat' dir='ltr'><strong>mss.</strong></span> <span class='ocrx_word' id='word_1_810' title='bbox 674 5654 1036 5726; x_wconf 74' lang='grc' dir='ltr'>προηγμένον.</span> <span class='ocrx_word' id='word_1_811' title='bbox 1087 5657 1237 5714; x_wconf 76' lang='lat' dir='ltr'><strong>Colb.</strong></span> <span class='ocrx_word' id='word_1_812' title='bbox 1283 5654 1555 5719; x_wconf 64' lang='lat' dir='ltr'><strong>secundus</strong></span> <span class='ocrx_word' id='word_1_813' title='bbox 1596 5654 1943 5734; x_wconf 79' lang='grc' dir='ltr'>προηγουμέ-</span> 
     </span>
    </p>
   </div>
   <div class='ocr_carea' id='block_1_108' title="bbox 1955 4922 3361 4992">
    <p class='ocr_par' dir='ltr' id='par_1_108' title="bbox 1955 4922 3361 4992">
     <span class='ocr_line' id='line_1_111' title="bbox 1955 4922 3361 4992; baseline -0.001 -12"><span class='ocrx_word' id='word_1_814' title='bbox 1955 4922 2004 4956; x_wconf 80' lang='grc'><strong>⁸⁸</strong></span> <span class='ocrx_word' id='word_1_815' title='bbox 2035 4922 2178 4980; x_wconf 83' lang='lat' dir='ltr'><strong>Psal.</strong></span> <span class='ocrx_word' id='word_1_816' title='bbox 2212 4938 2440 4991; x_wconf 72' lang='lat' dir='ltr'><strong>cxsvm,</strong></span> <span class='ocrx_word' id='word_1_817' title='bbox 2464 4922 2519 4979; x_wconf 67' lang='grc' dir='ltr'><strong>ι.</strong></span> <span class='ocrx_word' id='word_1_818' title='bbox 2594 4925 2640 4957; x_wconf 63' lang='grc'><strong>⁸⁸</strong></span> <span class='ocrx_word' id='word_1_819' title='bbox 2673 4925 2803 4981; x_wconf 91' lang='lat' dir='ltr'><strong>ibid.</strong></span> <span class='ocrx_word' id='word_1_820' title='bbox 2834 4924 2891 4980; x_wconf 83' lang='grc'>7.</span> <span class='ocrx_word' id='word_1_821' title='bbox 2965 4925 3012 4958; x_wconf 76' lang='grc'><strong>⁸⁸</strong></span> <span class='ocrx_word' id='word_1_822' title='bbox 3050 4924 3187 4979; x_wconf 80' lang='lat' dir='ltr'><strong>Gen.</strong></span> <span class='ocrx_word' id='word_1_823' title='bbox 3214 4940 3252 4992; x_wconf 88' lang='grc' dir='ltr'><strong>ι,</strong></span> <span class='ocrx_word' id='word_1_824' title='bbox 3277 4924 3361 4980; x_wconf 80' lang='grc' dir='ltr'><strong>ιο.</strong></span> 
     </span>
    </p>
   </div>
   <div class='ocr_carea' id='block_1_109' title="bbox 2121 5101 3628 5172">
    <p class='ocr_par' dir='ltr' id='par_1_109' title="bbox 2121 5101 3628 5172">
     <span class='ocr_line' id='line_1_112' title="bbox 2121 5101 3628 5172; baseline 0.001 -16"><span class='ocrx_word' id='word_1_825' title='bbox 2121 5102 2235 5172; x_wconf 76' lang='grc'><strong>(48)</strong></span> <span class='ocrx_word' id='word_1_826' title='bbox 2266 5101 2355 5157; x_wconf 83' lang='lat' dir='ltr'><strong>Sic</strong></span> <span class='ocrx_word' id='word_1_827' title='bbox 2385 5102 2600 5158; x_wconf 86' lang='lat' dir='ltr'><strong>codices</strong></span> <span class='ocrx_word' id='word_1_828' title='bbox 2620 5117 2755 5172; x_wconf 82' lang='lat' dir='ltr'><strong>sex.</strong></span> <span class='ocrx_word' id='word_1_829' title='bbox 2791 5102 2934 5158; x_wconf 83' lang='lat' dir='ltr'><strong>Editi</strong></span> <span class='ocrx_word' id='word_1_830' title='bbox 2979 5117 3103 5158; x_wconf 89' lang='lat' dir='ltr'><strong>cum</strong></span> <span class='ocrx_word' id='word_1_831' title='bbox 3155 5103 3370 5159; x_wconf 88' lang='lat' dir='ltr'><strong>duobus</strong></span> <span class='ocrx_word' id='word_1_832' title='bbox 3398 5111 3494 5156; x_wconf 87' lang='lat' dir='ltr'><strong>aut</strong></span> <span class='ocrx_word' id='word_1_833' title='bbox 3519 5104 3628 5157; x_wconf 84' lang='lat' dir='ltr'><strong>tri-</strong></span> 
     </span>
    </p>
   </div>
   <div class='ocr_carea' id='block_1_110' title="bbox 607 5166 1939 5244">
    <p class='ocr_par' dir='ltr' id='par_1_110' title="bbox 607 5166 1939 5244">
     <span class='ocr_line' id='line_1_113' title="bbox 607 5166 1939 5244; baseline 0.005 -25"><span class='ocrx_word' id='word_1_834' title='bbox 607 5166 742 5244; x_wconf 68' lang='lat' dir='ltr'><strong>Reg.</strong></span> <span class='ocrx_word' id='word_1_835' title='bbox 787 5177 981 5244; x_wconf 66' lang='lat' dir='ltr'><strong>sextus</strong></span> <span class='ocrx_word' id='word_1_836' title='bbox 1022 5166 1313 5241; x_wconf 78' lang='grc' dir='ltr'>γινομένην</span> <span class='ocrx_word' id='word_1_837' title='bbox 1363 5170 1506 5223; x_wconf 86' lang='grc' dir='ltr'><strong>κατὰ</strong></span> <span class='ocrx_word' id='word_1_838' title='bbox 1556 5166 1657 5241; x_wconf 80' lang='grc' dir='ltr'>τὴν</span> <span class='ocrx_word' id='word_1_839' title='bbox 1698 5171 1939 5226; x_wconf 85' lang='grc' dir='ltr'>δοθεῖσαν</span> 
     </span>
    </p>
   </div>
   <div class='ocr_carea' id='block_1_111' title="bbox 2050 5166 2775 5244">
    <p class='ocr_par' dir='ltr' id='par_1_111' title="bbox 2050 5166 2775 5244">
     <span class='ocr_line' id='line_1_114' title="bbox 2050 5166 2775 5244; baseline -0.004 -16"><span class='ocrx_word' id='word_1_840' title='bbox 2050 5166 2301 5244; x_wconf 67' lang='lat' dir='ltr'><strong>busmss.</strong></span> <span class='ocrx_word' id='word_1_841' title='bbox 2322 5174 2473 5244; x_wconf 80' lang='grc' dir='ltr'>παρὰ</span> <span class='ocrx_word' id='word_1_842' title='bbox 2496 5172 2574 5244; x_wconf 84' lang='grc' dir='ltr'>τῷ</span> <span class='ocrx_word' id='word_1_843' title='bbox 2600 5171 2775 5244; x_wconf 78' lang='grc' dir='ltr'>ψαλμ.</span> 
     </span>
    </p>
   </div>
   <div class='ocr_carea' id='block_1_112' title="bbox 2122 5240 3633 5312">
    <p class='ocr_par' dir='ltr' id='par_1_112' title="bbox 2122 5240 3633 5312">
     <span class='ocr_line' id='line_1_115' title="bbox 2122 5240 3633 5312; baseline -0.001 -16"><span class='ocrx_word' id='word_1_844' title='bbox 2122 5242 2235 5311; x_wconf 69' lang='grc'><strong>(49)</strong></span> <span class='ocrx_word' id='word_1_845' title='bbox 2265 5241 2345 5312; x_wconf 88' lang='lat' dir='ltr'><strong>Ita</strong></span> <span class='ocrx_word' id='word_1_846' title='bbox 2365 5240 2591 5312; x_wconf 79' lang='lat' dir='ltr'><strong>uterque</strong></span> <span class='ocrx_word' id='word_1_847' title='bbox 2618 5240 2794 5307; x_wconf 30' lang='lat' dir='ltr'><strong>’Du&#39;c.,</strong></span> <span class='ocrx_word' id='word_1_848' title='bbox 2826 5252 3059 5311; x_wconf 88' lang='lat' dir='ltr'><strong>uterque</strong></span> <span class='ocrx_word' id='word_1_849' title='bbox 3090 5240 3286 5305; x_wconf 84' lang='lat' dir='ltr'><strong>Coisl.,</strong></span> <span class='ocrx_word' id='word_1_850' title='bbox 3321 5241 3633 5312; x_wconf 75' lang='lat' dir='ltr'><strong>Regiipri-</strong></span> 
     </span>
    </p>
   </div>
   <div class='ocr_carea' id='block_1_113' title="bbox 2058 5310 3630 5383">
    <p class='ocr_par' dir='ltr' id='par_1_113' title="bbox 2058 5310 3630 5383">
     <span class='ocr_line' id='line_1_116' title="bbox 2058 5310 3630 5383; baseline 0.001 -18"><span class='ocrx_word' id='word_1_851' title='bbox 2058 5310 2203 5375; x_wconf 87' lang='lat' dir='ltr'><strong>mus,</strong></span> <span class='ocrx_word' id='word_1_852' title='bbox 2229 5311 2443 5383; x_wconf 68' lang='lat' dir='ltr'><strong>tertius,</strong></span> <span class='ocrx_word' id='word_1_853' title='bbox 2478 5310 2723 5383; x_wconf 76' lang='lat' dir='ltr'><strong>quintus.</strong></span> <span class='ocrx_word' id='word_1_854' title='bbox 2751 5323 2940 5383; x_wconf 77' lang='lat' dir='ltr'><strong>sextus</strong></span> <span class='ocrx_word' id='word_1_855' title='bbox 2972 5310 3028 5368; x_wconf 84' lang='lat' dir='ltr'><strong>et</strong></span> <span class='ocrx_word' id='word_1_856' title='bbox 3056 5324 3301 5383; x_wconf 79' lang='lat' dir='ltr'><strong>octavus,</strong></span> <span class='ocrx_word' id='word_1_857' title='bbox 3329 5310 3630 5383; x_wconf 56' lang='lat' dir='ltr'><strong>cumcum.</strong></span> 
     </span>
    </p>
   </div>
   <div class='ocr_carea' id='block_1_114' title="bbox 2053 5379 3630 5451">
    <p class='ocr_par' dir='ltr' id='par_1_114' title="bbox 2053 5379 3630 5451">
     <span class='ocr_line' id='line_1_117' title="bbox 2053 5379 3630 5451; baseline 0.001 -16"><span class='ocrx_word' id='word_1_858' title='bbox 2053 5382 2316 5436; x_wconf 89' lang='lat' dir='ltr'><strong>secundo.</strong></span> <span class='ocrx_word' id='word_1_859' title='bbox 2345 5379 2456 5436; x_wconf 84' lang='lat' dir='ltr'><strong>Nec</strong></span> <span class='ocrx_word' id='word_1_860' title='bbox 2495 5379 2655 5435; x_wconf 64' lang='lat' dir='ltr'><strong>aliter</strong></span> <span class='ocrx_word' id='word_1_861' title='bbox 2687 5382 2817 5451; x_wconf 79' lang='lat' dir='ltr'><strong>legit</strong></span> <span class='ocrx_word' id='word_1_862' title='bbox 2846 5382 3180 5451; x_wconf 83' lang='lat' dir='ltr'><strong>Eustathius.</strong></span> <span class='ocrx_word' id='word_1_863' title='bbox 3218 5382 3399 5436; x_wconf 83' lang='lat' dir='ltr'><strong>Editio</strong></span> <span class='ocrx_word' id='word_1_864' title='bbox 3448 5381 3630 5436; x_wconf 85' lang='lat' dir='ltr'><strong>Paris.</strong></span> 
     </span>
    </p>
   </div>
   <div class='ocr_carea' id='block_1_115' title="bbox 2048 5450 3632 5522">
    <p class='ocr_par' dir='ltr' id='par_1_115' title="bbox 2048 5450 3632 5522">
     <span class='ocr_line' id='line_1_118' title="bbox 2048 5450 3632 5522; baseline 0.003 -19"><span class='ocrx_word' id='word_1_865' title='bbox 2048 5451 2107 5522; x_wconf 69' lang='grc' dir='ltr'>ὲν</span> <span class='ocrx_word' id='word_1_866' title='bbox 2154 5453 2320 5522; x_wconf 76' lang='grc' dir='ltr'>ἀρχῇ,</span> <span class='ocrx_word' id='word_1_867' title='bbox 2378 5453 2436 5505; x_wconf 80' lang='lat' dir='ltr'><strong>in</strong></span> <span class='ocrx_word' id='word_1_868' title='bbox 2485 5450 2766 5521; x_wconf 79' lang='lat' dir='ltr'><strong>principio.</strong></span> <span class='ocrx_word' id='word_1_869' title='bbox 2821 5451 3006 5507; x_wconf 89' lang='lat' dir='ltr'><strong>Editio</strong></span> <span class='ocrx_word' id='word_1_870' title='bbox 3072 5450 3247 5507; x_wconf 87' lang='lat' dir='ltr'><strong>Basil.</strong></span> <span class='ocrx_word' id='word_1_871' title='bbox 3299 5466 3408 5506; x_wconf 88' lang='lat' dir='ltr'><strong>uno</strong></span> <span class='ocrx_word' id='word_1_872' title='bbox 3461 5454 3632 5508; x_wconf 77' lang='lat' dir='ltr'><strong>verbo</strong></span> 
     </span>
    </p>
   </div>
   <div class='ocr_carea' id='block_1_116' title="bbox 2049 5521 2275 5592">
    <p class='ocr_par' dir='ltr' id='par_1_116' title="bbox 2049 5521 2275 5592">
     <span class='ocr_line' id='line_1_119' title="bbox 2049 5521 2275 5592; baseline 0.004 -1"><span class='ocrx_word' id='word_1_873' title='bbox 2049 5521 2275 5592; x_wconf 65' lang='grc' dir='ltr'><strong>ἔναρχῆτ</strong></span> 
     </span>
    </p>
   </div>
   <div class='ocr_carea' id='block_1_117' title="bbox 2123 5539 3630 5670">
    <p class='ocr_par' dir='ltr' id='par_1_117' title="bbox 2123 5539 3630 5670">
     <span class='ocr_line' id='line_1_120' title="bbox 2123 5539 3630 5670; baseline -0.001 -25"><span class='ocrx_word' id='word_1_874' title='bbox 2425 5602 2610 5646; x_wconf 84' lang='lat' dir='ltr'><strong>sextus</strong></span> <span class='ocrx_word' id='word_1_875' title='bbox 2639 5589 2974 5670; x_wconf 64' lang='grc' dir='ltr'>ἐπανελθών.</span> <span class='ocrx_word' id='word_1_876' title='bbox 2988 5591 3295 5670; x_wconf 74' lang='lat' dir='ltr'><strong>_Aliquan_to</strong></span> <span class='ocrx_word' id='word_1_877' title='bbox 3316 5599 3461 5670; x_wconf 85' lang='lat' dir='ltr'><strong>_post</strong></span> <span class='ocrx_word' id='word_1_878' title='bbox 3499 5590 3630 5670; x_wconf 76' lang='lat' dir='ltr'><strong>editi</strong></span> 
     </span>
    </p>
   </div>
   <div class='ocr_carea' id='block_1_118' title="bbox 2052 5660 3641 5732">
    <p class='ocr_par' dir='ltr' id='par_1_118' title="bbox 2052 5660 3641 5732">
     <span class='ocr_line' id='line_1_121' title="bbox 2052 5660 3641 5732; baseline -0.001 -17"><span class='ocrx_word' id='word_1_879' title='bbox 2052 5676 2173 5715; x_wconf 84' lang='lat' dir='ltr'><strong>eum</strong></span> <span class='ocrx_word' id='word_1_880' title='bbox 2218 5660 2499 5730; x_wconf 84' lang='lat' dir='ltr'><strong>aliquibus</strong></span> <span class='ocrx_word' id='word_1_881' title='bbox 2567 5676 2698 5732; x_wconf 82' lang='lat' dir='ltr'><strong>mss.</strong></span> <span class='ocrx_word' id='word_1_882' title='bbox 2763 5660 3130 5732; x_wconf 81' lang='grc' dir='ltr'>διῃρημένως.</span> <span class='ocrx_word' id='word_1_883' title='bbox 3197 5660 3353 5732; x_wconf 79' lang='lat' dir='ltr'><strong>Regii</strong></span> <span class='ocrx_word' id='word_1_884' title='bbox 3408 5663 3641 5727; x_wconf 65' lang='lat' dir='ltr'><strong>tertius,</strong></span> 
     </span>
    </p>
   </div>
   <div class='ocr_carea' id='block_1_119' title="bbox 2052 5730 3311 5803">
    <p class='ocr_par' dir='ltr' id='par_1_119' title="bbox 2052 5730 3311 5803">
     <span class='ocr_line' id='line_1_122' title="bbox 2052 5730 3311 5803; baseline 0.014 -21"><span class='ocrx_word' id='word_1_885' title='bbox 2052 5732 2271 5801; x_wconf 85' lang='lat' dir='ltr'><strong>quintus</strong></span> <span class='ocrx_word' id='word_1_886' title='bbox 2297 5741 2349 5788; x_wconf 87' lang='lat' dir='ltr'><strong>et</strong></span> <span class='ocrx_word' id='word_1_887' title='bbox 2379 5742 2567 5789; x_wconf 83' lang='lat' dir='ltr'><strong>sextus</strong></span> <span class='ocrx_word' id='word_1_888' title='bbox 2591 5730 3017 5802; x_wconf 67' lang='grc' dir='ltr'>διερῤιμμένιος,</span> <span class='ocrx_word' id='word_1_889' title='bbox 3053 5730 3311 5803; x_wconf 51' lang='lat' dir='ltr'><strong>formum}</strong></span> 
     </span>
    </p>
   </div>
  </div>
