3846 6218
252 290 325 343 7'7
1387 290 1678 347 HOMILIA
1718 290 1787 345 ιν
1828 288 1899 346 ΙΝ
1937 289 2432 347 HEXAEMERON.
3453 284 3522 343 78

251 408 571 479 ἀνδριάντος
621 407 799 479 μελῶν
841 408 1187 481 διῃρημενως
1218 409 1469 481 κείμενα,
1501 412 1602 464 οὐκ
1632 410 1698 464 ἂν
1737 427 1830 479 φα-

1951 412 2377 480 unumquodque
2391 418 2582 465 statuae
2616 408 2917 463 membrum
2966 402 3259 474 separatim
3287 400 3518 471 iaceret,

250 502 371 572 νείη
408 500 548 555 κα.λά
587 500 667 572 τῷ
719 502 963 572 τυχόντι·
1004 503 1141 574 πρὸς
1192 502 1250 555 δὲ
1295 502 1394 574 τὴν
1436 502 1643 556 οἰκείαν
1683 502 1838 568 τάξιν

247 592 613 658 ἀποτεθέντα,
640 593 700 646 τὸ
730 594 921 664 ἐκτῆς
947 594 1262 662 ἀναλογίας,
1298 594 1539 664 ἐμφανὲς
1585 593 1697 665 (51)
1744 594 1839 664 μό-

248 684 337 747 λις
374 683 536 746 ποτὲ,
584 686 680 737 καὶ
724 684 803 756 τῷ
850 684 1032 757 ἰδιώτῃ
1083 685 1385 756 παρέχεται
1412 685 1710 757 γνώριμον.
1777 685 1834 738 Ὀ

253 773 440 845 μέντοι
472 775 725 846 τεχνίτης
749 775 843 830 καί
870 774 976 845 πρὸ
1004 775 1104 846 τῆς
1135 774 1436 838 συνθέσεως
1471 771 1578 828 οἶδε
1617 775 1677 828 τὸ
1710 760 1837 828 excit-

249 883 380 919 στου
427 867 610 934 καλὸν,
644 867 738 921 καὶ
784 868 997 921 ἐπαινεῖ
1039 866 1107 920 τά
1147 866 1267 920 καθ’
1297 866 1547 933 ἕκαστον,
1598 867 1734 939 πρὸς
1773 868 1836 920 τὸ

245 961 404 1024 τέλος
436 960 617 1012 αὐτῶν
668 961 1035 1031 ἐπαναφέρων
1067 959 1167 1030 τὴν
1195 959 1423 1013 ἔννοιαν.
1460 959 1712 1023 Τοιοῦτος
1742 957 1835 1014 οὖν

246 1052 315 1123 δή
350 1069 433 1114 τις
466 1051 560 1106 καὶ
602 1051 699 1106 νῦν
745 1051 994 1123 ἔντεχνος
1034 1050 1326 1122 ἐπαινέτης
1358 1052 1468 1105 τῶν
1498 1053 1640 1106 κατὰ
1673 1052 1836 1124 μέρος

248 1143 428 1215 ἔργων
473 1146 502 1198 ὁ
538 1144 671 1208 Θεδς
710 1145 1158 1215 ἀναγέγραπται·
1196 1143 1381 1216 μέλλει
1428 1145 1485 1198 δὲ
1532 1145 1624 1200 τὸν
1668 1163 1836 1218 προσ-

248 1233 455 1304 ήκοντα
484 1233 595 1305 (52)
626 1234 846 1289 ἔπαινον
871 1236 964 1288 καὶ
995 1236 1156 1289 παντὶ
1179 1235 1314 1307 ὁμοῦ
1340 1234 1416 1307 τῷ
1449 1236 1640 1308 κόσμῳ
1666 1238 1836 1310 ἀπαρ-

244 1325 494 1378 τισθέντι
523 1325 785 1397 πληροῦν.
830 1325 992 1379 Ἀλλά
1027 1325 1136 1397 γὰρ
1184 1325 1422 1379 ἐνταῦθα
1452 1327 1584 1395 ἡμῖν
1615 1327 1665 1379 οἰ
1706 1328 1834 1397 περὶ

244 1416 347 1486 τῆς
390 1415 649 1486 δευτέρας
688 1416 903 1489 ἡμέρας
954 1416 1417 1488 καταληξάτωσαν
1466 1418 1645 1486 λόγοι,
1692 1417 1832 1471 ῶστε

244 1509 363 1569 τοῖς
388 1507 485 1577 μὲν
511 1506 821 1575 φιλοπόνοις
852 1508 1151 1579 ἀκροαταῖς
1181 1509 1370 1581 καιρὸν
1402 1513 1703 1580 παρασχεῖν
1731 1510 1833 1581 τῆς

241 1589 324 1651 ὧν
352 1597 592 1668 ἥκουσαν
636 1597 936 1663 ἐξετάσεως
956 1638 971 1661 ,
1002 1598 1141 1651 ὥστε
1185 1597 1239 1651 εἴ
1263 1616 1316 1651 τι
1350 1602 1619 1671 χρήσιμον
1644 1600 1701 1652 ἐν
1735 1601 1833 1653 αὑ-

241 1689 376 1749 ⁴τοῖς,
410 1687 567 1740 τοῦτο
586 1690 650 1759 τῇ
687 1690 875 1760 μνήμῃ
909 1692 1128 1759 συσχεῖν
1160 1689 1295 1759 (55),
1326 1691 1419 1743 καὶ
1444 1690 1532 1744 διὰ
1550 1692 1648 1762 τῆς
1678 1692 1829 1762 φιλοι-

1941 504 2061 559 haec
2105 503 2291 571 utique
2329 515 2439 556 non
2463 499 2635 556 cuivis
2676 497 2902 568 pulchra
2931 494 3280 550 viderentur:
3314 492 3360 547 si
3391 507 3522 548 vero

1946 598 1999 653 in
2054 598 2326 668 proprium
2374 595 2547 651 locum
2612 608 2677 649 ac
2714 591 2956 647 ordinem
3008 596 3357 658 reponantur,
3406 595 3521 640 tum

1943 688 2287 759 pulchritudo
2318 700 2384 742 ex
2415 685 2761 756 proportione
2775 695 3077 753 emergens,
3096 694 3215 749 quae
3246 679 3407 733 modo
3427 677 3522 731 vix

1944 783 1998 837 in
2025 788 2374 850 conspectum
2405 777 2679 843 veniebat,
2707 774 2823 845 jam
2863 773 2947 828 vel
2966 772 3136 828 cuivis
3176 770 3293 824 rudi
3325 779 3380 824 et
3422 769 3521 822 im-

1944 873 2120 943 perito
2147 870 2431 926 manifesta
2488 867 2686 923 evadit.
2719 866 2916 920 Verum
2964 861 3159 917 artifex
3218 869 3344 914 ante
3379 873 3523 913 com-

1943 962 2234 1018 missuram
2257 960 2409 1015 novit
2433 958 2697 1029 cujusque
2722 956 2890 1026 partis
2910 951 3386 1024 pulchritudinem,
3403 949 3517 1002 lau-

1943 1054 2144 1123 datque
2167 1051 2400 1121 singula,
2420 1058 2605 1120 utpote
2635 1047 2726 1118 qui
2769 1046 2839 1101 ad
2863 1060 3051 1101 eorum
3087 1044 3248 1098 linem
3273 1042 3519 1097 animum

1944 1145 2203 1200 intendat.
2244 1142 2385 1198 Deus
2411 1143 2594 1211 itaque
2641 1148 2696 1195 et
2726 1152 2870 1193 nunc
2922 1135 3224 1207 depingitur
3270 1149 3367 1189 ceu
3397 1133 3520 1188 talis

1943 1236 2207 1306 quispiam
2256 1233 2473 1299 artifex,
2532 1231 2622 1301 qni
2680 1245 2846 1300 opera
2896 1228 3106 1298 singula
3167 1226 3377 1292 laudat,
3410 1226 3518 1281 imo

1940 1328 2102 1384 etiam
2137 1326 2230 1381 toti
2262 1324 2418 1379 simul
2452 1326 2650 1379 mundo
2679 1322 2925 1377 absoluto
2948 1333 3241 1390 congruam
3300 1315 3516 1371 laudem

1941 1433 2048 1473 non
2102 1414 2321 1469 dubitat
2344 1413 2605 1468 tribuere.
2666 1411 2933 1466 Caeterum
2987 1408 3158 1463 nostri
3188 1408 3253 1462 de
3280 1407 3517 1462 secunda

1940 1510 2026 1566 die
2045 1521 2321 1564 sermones
2353 1505 2440 1559 hic
2486 1504 2758 1567 desinant,
2796 1516 2904 1571 quo
2954 1499 3214 1555 studiosis
3253 1498 3543 1553 auditori-‘

1939 1602 2043 1656 bus
2067 1596 2325 1667 temporis
2354 1594 2739 1666 opportunitas
2778 1593 3081 1663 praebeatur
3124 1604 3186 1644 ea
3218 1604 3336 1658 qua
3360 1588 3517 1642 audi-

1938 1700 2129 1747 verunt
2155 1685 2513 1758 expendendl,
2556 1694 2614 1739 ut
2647 1685 2689 1741 si
2720 1683 2849 1753 quid
2872 1681 3003 1737 utile
3033 1682 3086 1736 in
3121 1680 3250 1750 ipsis
3296 1681 3387 1744 sit,
3417 1679 3518 1733 idi-

245 1778 412 1831 πόνου
445 1778 693 1850 μελέτης,
727 1774 838 1833 οἷον
869 1780 957 1833 διά
982 1780 1390 1850 τινοςπέψεως,
1417 1783 1515 1853 τὴν
1546 1782 1654 1835 τῶν
1684 1782 1829 1851 ὠφε-

1950 1799 2103 1855 psum
2127 1780 2384 1836 memoria
2415 1785 2755 1843 consonent,
2787 1790 2850 1830 ac
2888 1789 2984 1844 per
3017 1771 3256 1829 sedulam
3293 1769 3519 1828 medita’

242 1867 420 1939 λίμων
476 1870 727 1924 ἀνάδοσιν
778 1872 1086 1942 ἀναμεῖναι·
1143 1875 1255 1937 τοῖς
1303 1872 1360 1925 δὲ
1409 1874 1539 1945 περὶ
1591 1874 1683 1928 τὸν
1715 1874 1828 1945 βίον

245 1959 673 2031 ἀσχολουμένοις
703 1960 885 2015 δοῦναι
924 1962 1120 2034 σχολὴν
1166 1962 1255 2016 διὰ
1286 1962 1380 2016 τοῦ
1429 1963 1595 2034 μέσου
1634 1965 1825 2035 χρόνου

241 2048 344 2112 τὰς
369 2050 653 2121 φροντίδας
683 2049 1023 2122 διαθεμένοις
1054 2051 1189 2123 (54),
1224 2052 1436 2124 καθαρᾷ
1460 2054 1737 2125 μεριμνῶν
1761 2058 1825 2127 τῇ

242 2140 391 2211 ψυχῇ
416 2142 552 2212 πρὸς
576 2140 678 2212 τὴν
714 2141 1007 2214 έσπερινὴν
1039 2142 1148 2196 τῶν
1177 2143 1351 2212 λόγων
1388 2144 1629 2197 ἑστίασιν
1657 2146 1829 2201 ἀπαν-

242 2232 432 2300 τῆσαι.
482 2233 539 2286 Ὀ
571 2232 626 2285 δὲ
652 2233 717 2286 τά
754 2233 966 2304 μεγάλα
1004 2235 1419 2307 δημιουργήσας
1447 2236 1601 2300 Θεὸς,
1637 2239 1730 2292 καὶ
1761 2238 1828 2293 τά

246 2323 422 2393 μικρά
443 2323 613 2375 ταῦτα
644 2323 895 2393 λεχθῆναι
920 2324 1433 2396 οἰκονομήσας,δῴη
1463 2326 1591 2397 ὑμῖν
1615 2327 1828 2383 σύνεσιν

244 2414 305 2464 ἐν
333 2412 495 2464 παντί
525 2414 625 2483 τῆς
648 2411 844 2466 ἑαυτοῦ
887 2413 1166 2483 ἀληθείας,
1196 2415 1263 2467 ἵν’
1304 2416 1368 2468 έκ
1397 2415 1504 2468 τῶν
1535 2418 1829 2488 ὁρωμένων

246 2504 339 2556 τὸν
363 2504 591 2575 ἀόρατον
630 2506 867 2576 ἐννοῆτε,
906 2507 1000 2558 καὶ
1042 2508 1106 2560 ἐκ
1138 2505 1399 2578 μεγέθους
1436 2509 1530 2562 καὶ
1564 2509 1829 2582 καλλονῆς

246 2594 357 2648 τῶν
398 2597 709 2667 κτισμάτων
747 2599 846 2669 τὴν
891 2599 1208 2670 πρέπουσαν
1247 2599 1405 2666 δόξαν
1435 2602 1684 2673 περίτοῦ
1716 2602 1831 2655 κτί-

250 2705 443 2753 σαντος
475 2691 622 2760 ἡμᾶς
655 2690 1071 2763 ἀναλαμϐάνητε
1118 2692 1252 2763 (55).
1316 2693 1392 2747 Τὰ
1448 2693 1558 2763 γὰρ
1607 2695 1831 2763 ἀόρατα

246 2782 435 2836 αὐτοῦ
470 2784 589 2837 ἀπὸ
621 2785 874 2853 κτίσεως
909 2787 1145 2856 κόσμου
1184 2787 1309 2854 τοῖς
1331 2787 1625 2857 ποιήμασι
1652 2792 1831 2843 νοού-

242 2890 403 2943 μενα
428 2874 767 2941 καθορᾶται,
812 2875 851 2944 ἦ
905 2894 968 2930 τε
1010 2877 1201 2944 αΐδιος
1224 2879 1411 2934 αὐτοῦ
1439 2879 1694 2950 δύναμις
1733 2881 1831 2935 καί

246 2967 501 3034 θειότης·
532 2966 672 3019 ὥστε
698 2968 793 3021 καὶ
823 2969 879 3022 ἐν
898 2971 993 3040 γῇ,
1019 2971 1113 3023 καὶ
1141 2971 1197 3022 ἐν
1221 2970 1487 3043 ἀέρι,,καὶ
1513 2974 1570 3025 ἐν
1594 2972 1827 3044 οὐρανῷ,

248 3056 345 3109 καὶ
377 3058 433 3109 ἐν
452 3055 625 3119 ὕδατι,
645 3056 742 3110 καὶ
774 3058 830 3109 ὲν
856 3058 1031 3121 νυκτὶ,
1062 3058 1156 3111 καί
1182 3059 1238 3111 ἐν
1260 3058 1464 3131 ἡμέρας
1498 3060 1591 3112 καὶ
1614 3060 1669 3111 ἐν
1698 3062 1830 3114 πᾶσι

245 3149 360 3211 τοῖς
396 3117 693 3219 ὁρωμένοις
718 3150 921 3221 ἐναργῆ
963 3117 1261 3220 λαμϐάνειν
1486 3149 1581 3203 τοῦ
1611 3151 1831 3221 εὐεργέ-
1857 3117 1901 3176 c

1930 1878 2130 1931 tionem
2167 1871 2309 1927 velut
2341 1885 2437 1941 per
2470 1867 2761 1939 quamdam
2808 1866 3132 1931 coctionem,
3184 1878 3369 1918 eorum
3392 1878 3518 1933 qua:

1934 1965 2087 2021 utilia
2152 1970 2279 2018 sunt
2316 1969 2635 2031 exspectent
2684 1959 3091 2031 digestionem:
3139 1964 3307 2025 utque
3358 1954 3517 2014 detur

1928 2060 2098 2113 otium
2134 2056 2217 2111 his
2247 2054 2340 2124 qui
2368 2055 2510 2108 victu
2543 2052 2907 2122 comparando
2950 2058 3308 2120 occupantur,
3337 2057 3405 2101 ut.
3430 2048 3514 2103 in-

1930 2149 2196 2205 termedio
2225 2157 2468 2216 tempore
2516 2143 2725 2214 negt/tia
2758 2143 3129 2212 disponentes,
3163 2139 3344 2194 anima
3369 2139 3517 2194 curis

1928 2248 2151 2312 purgata
2183 2239 2250 2294 ad
2291 2238 2630 2307 vespertinas
2658 2250 2967 2291 sermonum
2993 2233 3179 2304 epulas
3203 2242 3513 2301 occurrant,

1931 2327 2073 2382 Deus
2126 2334 2307 2380 autem
2363 2324 2457 2394 qui
2516 2332 2667 2378 tanta
2703 2322 2907 2387 eli'ecit,
2948 2332 3001 2375 et
3051 2336 3156 2390 quo
3198 2320 3515 2388 disponente

1929 2434 2098 2490 pauca
2126 2419 2242 2472 haec
2271 2415 2411 2471 dicta
2438 2424 2591 2480 sunt,
2641 2414 2840 2471 tribuat
2866 2413 3017 2468 vobis
3049 2412 3100 2465 in
3128 2412 3380 2469 omnibus
3406 2424 3516 2465 suae

1931 2508 2177 2563 veritatis
2218 2504 2652 2576 intelligentiam,
2674 2556 2681 2561 ,
2706 2511 2765 2558 ut
2797 2516 2895 2573 per
2924 2501 3159 2557 visibilia
3180 2501 3512 2557 invisibilem

1931 2599 2295 2670 cognoscatis,
2327 2602 2491 2666 atque
2524 2612 2592 2652 ex
2636 2595 3009 2666 magnitudine
3035 2610 3098 2650 ac
3117 2594 3515 2665 pulchritudine

1931 2701 2301 2747 creaturarum
2316 2690 2593 2746 decentem
2610 2688 2679 2743 de
2690 2687 2982 2743 Conditore
3011 2696 3194 2743 nostro
3207 2686 3513 2756 opinionem

1931 2788 2273 2858 concipiatis.
2298 2785 2597 2841 Invisibilia
2630 2785 2767 2839 enim
2806 2784 2969 2855 ipsius
2992 2799 3025 2837 a
3050 2792 3291 2839 creatura
3309 2785 3512 2847 mundi,

1930 2895 2023 2948 per
2057 2894 2119 2932 ea
2156 2894 2275 2948 qua
2311 2877 2453 2947 facta
2482 2875 2911 2943 sunt,intellecta
2928 2877 3354 2944 conspiciuntur:
3378 2894 3513 2932 sent-

1931 2970 2140 3038 piterna
2164 2986 2367 3040 quoque
2417 2967 2532 3038 ejus
2572 2971 2734 3022 uirtus
2793 2977 2842 3021 et
2878 2968 3130 3021 diuinitas
3155 2968 3251 3023 "et
3276 2970 3412 3024 adeo
3456 2979 3514 3022 ut

1936 3063 1988 3117 in
2030 3070 2201 3129 terra,
2232 3062 2288 3117 in
2317 3074 2463 3127 aere,
2486 3060 2716 3128 incaelo,
2747 3060 2799 3114 in
2823 3074 2984 3129 aqua,
3015 3061 3067 3113 in
3112 3069 3291 3127 nocte,
3324 3061 3377 3114 in
3402 3060 3510 3125 die,

1933 3164 1987 3210 et
2012 3155 2064 3210 in
2092 3157 2350 3211 omnibus
2379 3154 2706 3219 visibilibus,
2740 3168 2843 3208 non
2875 3153 3107 3209 obscure
3134 3154 3253 3224 ejus
3276 3153 3367 3223 qui
3411 3168 3511 3208 no-

244 3257 339 3295 του
366 3239 436 3294 τά
459 3241 824 3312 ὑπομνήματα
851 3242 985 3311 (56).
1015 3241 1150 3296 Οὔτε
1179 3242 1288 3313 γὰρ
1317 3242 1614 3313 ἁμαρτίαις
1638 3243 1830 3313 καιρόν

1946 3248 2012 3303 ἠδ
2048 3246 2325 3303 benel'ecit
2361 3246 2729 3302 recordemur.
2759 3243 2948 3314 Neque
2980 3246 3124 3300 enim
3148 3247 3387 3315 peccatis
3415 3262 3511 3302 oc-

243 3352 371 3387 τινα
395 3333 660 3405 δώσομεν,
691 3333 814 3387 οὔτε
849 3334 927 3405 τῷ
950 3335 1128 3408 ἐχθρῷ
1151 3336 1315 3389 τόπον
1348 3338 1404 3389 ἐν
1438 3338 1557 3401 ταῖς
1582 3336 1830 3408 καρδίαις

1945 3337 2200 3392 :asionem
2251 3335 2415 3391 ullam
2471 3351 2663 3391 sumus
2710 3336 2928 3398 daturi,
2967 3350 3139 3404 neque
3187 3335 3408 3392 inimico
3459 3337 3511 3391 in

242 3429 279 3499 ἡ
292 3425 409 3497 μῶν
442 3425 861 3497 καταλείψομεν,
898 3427 985 3481 διὰ
1017 3429 1116 3499 τῆς
1154 3426 1409 3499 συνεχοῦς
1451 3429 1670 3499 μνήμης
1697 3428 1830 3483 ένοι-

1945 3428 2134 3483 iostris
2153 3429 2407 3484 cordibus
2443 3428 2620 3483 locum
2648 3428 2915 3493 relicturi,
2940 3428 2984 3483 si
3042 3430 3199 3485 modo
3245 3443 3345 3498 per
3377 3430 3511 3484 assi-

246 3535 346 3570 κον
378 3516 590 3588 ἔχοντες
640 3518 850 3571 ἑαυτῶν
881 3518 991 3588 (57)
1019 3519 1110 3573 τὸν
1138 3519 1299 3573 Θεόν·
1332 3513 1376 3587 ᾧ
1402 3520 1551 3572 πᾶσα
1576 3517 1703 3584 δόξα
1736 3520 1830 3574 καὶ

1945 3521 2091 3575 luam
2121 3520 2436 3575 memoriam
2473 3520 2638 3575 Deum
2689 3521 2743 3575 in
2803 3520 2957 3575 uol-is
2993 3521 3384 3578 inhabitantem
3418 3521 3512 3575 ha-

246 3605 621 3679 προσκύνησις
652 3608 747 3662 νῦν
780 3608 874 3663 καὶ
921 3609 1028 3673 ἀεὶ,
1074 3611 1169 3664 καὶ
1198 3611 1435 3674 εἰςτοὺς
1479 3610 1681 3675 αἰῶνας
1720 3610 1828 3665 τῶν

1945 3615 2198 3668 beamus:
2248 3613 2333 3667 cui
2376 3613 2554 3669 omnis
2610 3613 2780 3683 gloria
2830 3615 3215 3682 et-oadoratio,
3268 3630 3410 3670 nunc
3458 3614 3553 3671 et'

245 3695 480 3753 αἰώνων.
527 3700 584 3751 Ἀ
592 3701 718 3771 μήν.

1936 3719 2171 3774 semper,
2193 3714 2248 3761 et
2287 3708 2338 3759 in
2375 3704 2567 3761 saecula
2595 3706 2932 3762 smcnlorum.
2961 3709 3156 3764 Amen.

261 3804 3484 3836 _-—_———————————_.—___—_—*

876 3870 1118 3924 OMIAIA
1143 3871 1214 3925 Δῖ.

491 3958 627 4028 Περί
652 3958 1011 4030 συναγωγῆς
1040 3958 1158 4014 τῶν
1186 3958 1423 4017 ὑδάτων
1449 3959 1585 4031 (58).

325 4052 377 4106 1.
413 4051 533 4106 Εἰσί
568 4069 710 4117 τινες
740 4051 925 4116 πόλεις
953 4053 1316 4117 παντοδαποῖς
1345 4053 1583 4124 θεάμασι
1616 4052 1829 4125 θαυμα-

241 4144 485 4198 τοποιῶν
528 4143 637 4197 ἀπὸ
683 4142 876 4214 βαθέος
916 4143 1113 4216 ὄρθρου
1165 4144 1359 4217 μέχρις
1390 4145 1629 4216 ἑσπέρας
1656 4146 1828 4220 αὐτῆς

243 4236 507 4290 ἐστιῶσαι
535 4235 634 4301 τὰς
655 4236 829 4307 ὄψεις.
856 4238 967 4290 Καὶ
996 4236 1176 4307 μέντοι
1204 4237 1300 4291 καὶ
1332 4237 1509 4308 μελῶν
1529 4254 1691 4290 τινων
1720 4238 1828 4307 (59)

244 4328 638 4399 κεκλασμένων
650 4328 745 4381 καὶ
768 4327 1180 4399 διεφθαρμένων
1197 4329 1291 4381 καὶ
1304 4329 1617 4383 παντάπασι
1633 4314 1831 4401 πολλὴν

2531 3873 2933 3941 ΒοΜιωΑιν.

2330 3968 2405 4025 De
2434 3987 2692 4042 aquarum
2717 3974 3135 4045 congregatione.

2005 4060 2111 4132 33
2138 4061 2189 4117 1.
2210 4060 2341 4117 Sunt
2361 4063 2602 4133 quaedam
2624 4063 2893 4133 civitates,
2913 4082 3034 4136 qua:
3049 4066 3346 4138 omnigenis
3369 4084 3511 4138 prae:-
3551 4114 3555 4119 .

1937 4154 2275 4223 stigiatorum
2320 4155 2645 4225 spectaculis
2693 4171 2722 4211 a
2770 4172 2983 4213 summo
3032 4174 3189 4214 mane
3221 4159 3287 4213 ad
3337 4159 3507 4230 ipsam
3558 4199 3567 4213 ς

1938 4262 2108 4316 usque
2133 4261 2411 4317 vesperam
2450 4247 2637 4303 oculos
2674 4259 2925 4318 pascunt.
2968 4249 3034 4304 Et
3065 4259 3213 4305 certe
3260 4252 3509 4319 quamvis

1938 4336 2240 4392 cantilenas
2274 4338 2535 4407 quasdam
2572 4338 2861 4395 dissolutas
2885 4351 3276 4411 corruptasque
3304 4350 3360 4396 et
3386 4358 3507 4397 om.

244 4420 547 4475 ἀκολασίαν
556 4423 677 4485 ταῖς
690 4422 889 4492 ψυχαῖς
915 4419 1289 4486 ὲντικτόντων,
1301 4421 1393 4475 ἐπὶ
1409 4421 1657 4476 πλεῖστον
1673 4422 1830 4477 ἀκού-

1945 4426 2103 4483 nibus
2117 4427 2288 4484 modis
2301 4427 2519 4482 multam
2539 4426 2591 4481 in
2611 4428 2809 4483 animis
2827 4428 3186 4499 impuritatem
3206 4428 3510 4499 gignentes,
3546 4484 3559 4495 η,

318 4605 363 4637 ³⁹
396 4604 556 4661 Rom.
591 4619 628 4671 ι,
667 4604 758 4661 20.

318 4747 434 4820 (5|)
454 4748 609 4818 Regii
640 4750 850 4820 primus
876 4758 930 4806 et
954 4760 1145 4808 sextus
1169 4768 1293 4809 cum
1321 4753 1479 4810 Colb.
1510 4753 1749 4810 secundo
1778 4763 1833 4809 et

239 4834 370 4893 cum
399 4830 626 4893 utroque
642 4819 813 4893 :Coisl.
842 4822 1109 4893 ἐμφανές.
1135 4823 1276 4878 Editi
1307 4840 1429 4878 cum
1450 4827 1662 4879 duobus
1695 4839 1828 4879 mss.

238 4887 499 5010 εὒςέἓνές.
544 4890 730 4946 Codex
776 4887 1025 4948 Combef.
1074 4894 1388 4965 cum-Reg.
1447 4903 1644 4950 octavo
1693 4909 1831 4966 συμ-

238 4976 318 5010 ου
387 5000 401 5010 .

236 4975 401 5028 φυες.

315 5027 432 5097 (5·2)
462 5026 558 5101 Sic
597 5029 747 5101 Regii
794 5030 1276 5100 primus,.tertius,
1327 5033 1571 5101 quintus,
1616 5048 1827 5098 sextus,

234 5108 492 5172 octavus:
519 5098 701 5172 (idib;—
724 5098 1008 5172 secundus,
1043 5113 1098 5157 et
1146 5098 1393 5158 Combe—i1
1424 5098 1563 5159 cum
1598 5119 1829 5172 utroque

232 5166 411 5244 Cpisl.
452 5168 827 5244 Eiliti_o__P_aris.
859 5172 887 5222 ὁ
910 5170 1527 5244 Θὶός.νᾏναγέγραπται
1566 5175 1622 5230 δὲ
1668 5166 1827 5231 τοῦτο

231 5236 529 5317 τὸνπρέσ.
560 5236 742 5295 Editio
788 5255 918 5317 vero
960 5240 1130 5297 Basil.
1186 5236 1604 5317 ἀναγέγραπται
1645 5247 1703 5301 δὲ
1734 5246 1827 5300 τὸν

234 5306 421 5379 πρόσρξ
438 5307 683 5377 Utraque
708 5309 869 5364 male.

234 5376 800 5499 ('(33).Sie.codiccs
828 5394 944 5435 sex.
979 5380 1120 5436 Editi
1166 5391 1221 5438 et
1270 5382 1438 5439 Coisl.
1470 5385 1682 5455 primus
1706 5403 1834 5440 συν-

269 5462 411 5499 γειν.

268 5462 411 5517 χειν·

313 5515 430 5656 fit;
472 5514 551 5598 lta
581 5527 817 5600 quatuor
840 5534 970 5574 mss.
1001 5519 1141 5575 Editi
1168 5520 1587 5594 διατιθεμένοις.

337 5585 409 5640 55
462 5586 555 5641 Sic
603 5589 755 5656 liein
802 5591 1033 5656 primus,
1077 5595 1291 5655 tertius,
1339 5608 1526 5649 sextus
1570 5616 1587 5649 ι

337 5585 429 5655 55)
462 5586 565 5659 δίο,
603 5585 755 5659 Regii
802 5591 1033 5659 primus,
1077 5595 1291 5655 tertius,
1339 5585 1626 5650 sextus-et
1669 5594 1825 5649 Colb.

237 5659 537 5735 secundus.
555 5657 713 5735 bene.
736 5657 903 5718 (ἰδίει.
933 5669 1159 5731 uterque
1182 5672 1238 5718 et
1264 5665 1417 5733 editi,
1443 5676 1496 5720 et
1515 5665 1649 5735 Reg.
1679 5667 1833 5735 quin-

240 5739 332 5780 tus
362 5725 783 5799 ἀναλαμϐάνειν.

2010 4754 2122 4825 (56)
2158 4755 2233 4809 lta
2256 4769 2386 4825 mss.
2428 4761 2589 4825 οςειο.Δ
2606 4750 2922 4825 Eustathius
2960 4751 3140 4825 vertit,
3174 4759 3509 4811 monumenta

1938 4821 2249 4890 certissima.
2289 4824 2427 4878 Editi
2463 4822 2860 4890 ὑποδείγματα,
2891 4821 3150 4888 exempla.

2008 4839 2249 4896 rtisstmq.
2289 4839 2427 4878 [satu
2463 4839 2860 4945 υποοειγέιατα,
2891 4839 3150 4888 exempta.
3451 4891 3459 4901 ι
3494 4890 3505 4901 ⁸

2008 4894 2305 4967 (57)]2011).
2358 4895 2658 4967 secundus
2707 4908 2894 4967 χοντες
2937 4893 3172 4967 ἑαυτοῖς.
3204 4889 3333 4967 Mox
3377 4889 3505 4967 editi

1937 4959 2059 5022 cuiu
2103 4959 2245 5047 Reg.
2289 4964 2447 5047 tertio
2476 4965 2557 5027 εἰς
2584 4959 3185 5047 τοίερςῗσύμπανταςὶκαὶ
3215 4959 3508 5047 ἀτελευτή-

1935 5054 2064 5099 τους
2114 5029 2336 5097 αἰῶνας.
2386 5031 2560 5088 Voces
2603 5029 2940 5104 ,σύμπαντας
2984 5030 3081 5085 καὶ
3116 5029 3507 5101 ἀτελευτήτους

1936 5108 2129 5162 desunt
2161 5106 2213 5159 in
2247 5103 2813 5175 quinquecodicibns.

2005 5175 2121 5247 (58)
2156 5168 2541 5247 neglect-avus
2563 5175 2693 5247 περὶ
2714 5169 3048 5247 συναγωγῶν
3077 5169 3305 5225 ὑδάτων.
3336 5168 3503 5226 Coisl.

1934 5242 2143 5318 primus
2157 5244 2479 5318 simpliciter
2500 5242 2687 5318 ὁμιὶξτξι
2707 5242 2978 5318 $614M.-

2009 5262 2143 5300 Imus
2163 5259 2479 5326 simpuciter
2500 5259 2978 5366 optAthE‘tap‘tQ’.
3043 5310 3054 5322 .
3089 5311 3103 5324 .
3167 5310 3180 5324 .
3315 5309 3328 5322 .
3375 5310 3387 5322 .

2009 5315 2123 5388 (59)
2152 5314 2242 5388 Sic
2277 5323 2402 5369 octo
2424 5327 2554 5388 mss.
2579 5314 2720 5367 Edlll
2737 5313 2902 5376 τινές.
2963 5309 3236 5388 erismnle
3259 5309 3503 5388 mth_1_lit,

1941 5379 2306 5456 typographos
2346 5397 2442 5436 sua
2473 5383 2722 5456 ipsorum
2762 5383 3090 5456 auctoritate
3122 5390 3313 5456 contra
3348 5379 3504 5456 {idem

1942 5449 2094 5510 mss:
2108 5449 2342 5509 edidisse
2372 5449 2517 5517 τινές
2534 5467 2645 5521 pro
2672 5450 2855 5516 τινῶν,
2892 5467 2959 5506 ne
3001 5451 3252 5521 mendum
3284 5449 3509 5503 subesse

1941 5526 2235 5585 videretur.
2254 5535 2309 5578 et
2344 5533 2404 5577 ut
2442 5518 2715 5585 νοίτινές
2737 5537 2859 5575 cum
2896 5535 3027 5575 voce
3060 5518 3351 5583 ἀκούοντες
3378 5535 3507 5572 cou-

1938 5595 2073 5650 strui
2107 5604 2308 5661 posset.
2350 5593 2457 5648 Sed
2486 5592 2603 5647 hazc
2640 5606 2827 5661 eorum
2858 5591 3167 5661 emendatio
3201 5587 3503 5661 necessaria

1937 5681 2043 5719 non
2084 5658 2220 5725 erat,
2251 5678 2375 5718 cum
2395 5679 2495 5717 vox
2523 5660 2815 5723 ἀκούοντες
2844 5668 3008 5729 queat
3031 5658 3220 5715 referri
3252 5659 3321 5715 ad
3345 5672 3506 5731 gene-

1936 5735 2050 5789 rale
2074 5734 2342 5803 quoddam
2371 5748 2590 5801 nomen,
2624 5742 2747 5801 puta
2778 5731 3009 5784 πολῖται.
