3846 6218
373 282 439 336 ‘19
1719 279 1776 337 S.
1819 281 2064 338 BASILII
2107 285 2318 341 MAGNI

3585 286 3664 338 80

371 396 454 449 vel
482 397 784 450 diutissime
801 398 1046 464 audiant,
1067 413 1404 468 nequaquam
1433 400 1789 454 exsatiantur.
1812 400 1950 478 Quin

2065 418 2203 464 >ντες
2248 403 2346 455 οὐκ
2380 403 2810 472 ἐμπίμπλανται.
2832 404 2938 456 Καὶ
2969 395 3090 465 τοὺς
3120 402 3387 466 τοιούτους
3420 403 3663 473 δήμους

371 490 534 542 etiam
584 490 714 544 tales
743 491 966 559 populos
992 491 1145 545 multi
1197 491 1491 560 praedicant
1535 493 1742 558 beatos,
1782 494 1944 561 qu‘od,

372 583 576 637 relictis
614 583 717 636 fori
747 585 1098 651 mercaturis,
1128 595 1222 639 aut
1257 586 1454 639 artium
1501 586 1568 638 ad
1590 584 1755 638 vitam
1780 595 1950 639 tutan-

372 675 494 728 dam
527 676 884 745 spectantium
936 677 1345 734 inventionibus
1397 677 1678 746 neglectis,
1712 678 1763 730 in
1800 679 1947 732 omni

371 768 482 823 otio
509 777 672 837 atque
702 767 980 837 voluptate
1031 777 1242 838 tempus
1292 767 1416 823 vita:
1455 769 1558 823 sibi
1589 768 1947 837 praestitutum

371 861 710 929 transigunt;
748 859 1054 916 nescientes
1095 862 1428 917 orchestram
1470 878 1590 930 quae
1626 862 1948 932 spectaculis

373 948 600 1019 impuris
631 947 988 1013 abundat,his
1017 951 1107 1018 qui
1140 950 1247 1006 illic
1279 952 1560 1007 consident
1606 968 1948 1007 communem

374 1055 438 1093 ac
488 1040 754 1108 publicam
809 1054 932 1094 esse
979 1041 1215 1096 lascivia:
1271 1044 1562 1098 ollicinam.
1601 1045 1737 1110 Quin
1765 1055 1818 1098 et
1847 1045 1951 1097 illae

378 1134 628 1186 tibiarum
659 1133 1057 1187 modulationes
1106 1149 1364 1202 perquam
1419 1137 1715 1200 concinnae,
1740 1151 1803 1191 ac
1839 1151 1952 1190 me-

375 1225 606 1278 retricize
648 1227 964 1291 cantiones,
1003 1211 1332 1280 amtientium
1378 1228 1572 1282 animis
1615 1227 1948 1291 insidentes,

375 1318 612 1384 cunctis,
635 1328 820 1388 utpote
845 1319 1261 1373 citharzedorum
1294 1327 1388 1374 aut
1423 1321 1704 1375 tibicinum
1737 1321 1948 1390 pulsum

374 1408 922 1474 aemulantibusmihil
939 1410 1081 1463 aliud
1105 1425 1264 1479 quam
1290 1411 1677 1466 obscenitalem
1701 1412 1947 1466 suadent.

375 1497 495 1552 Jam
527 1515 658 1554 vero
677 1500 920 1554 nonnulli
950 1501 1038 1569 qui
1072 1502 1226 1571 equis
1250 1516 1412 1571 supra
1435 1501 1650 1556 modum
1681 1502 1952 1558 delectan-

374 1601 484 1657 tur,
520 1591 602 1646 vel
645 1593 698 1646 in
730 1593 934 1647 somnis
964 1608 1060 1661 pro
1094 1594 1247 1660 equis
1270 1594 1638 1659 contendunt,
1680 1594 1954 1662 transjun-

375 1695 564 1750 gentes
599 1699 810 1746 currus,
843 1683 1059 1752 aurigas
1079 1692 1520 1751 transmutantes,
1562 1695 1616 1740 et
1649 1685 1702 1740 in
1742 1700 1948 1739 summa

376 1789 446 1828 ne
470 1775 520 1828 in
547 1775 880 1828 somniorum
939 1774 1154 1843 quidem
1196 1776 1378 1830 visisa
1420 1775 1610 1830 diurna
1645 1778 1950 1844 insipientia

376 1875 591 1920 vacant.
625 1864 732 1918 Nos
785 1875 1003 1932 autem,
1038 1881 1174 1936 quos
1201 1865 1479 1934 Dominus,
1511 1883 1739 1939 magnus
1771 1885 1951 1923 rerum

379 1958 702 2013 mirabilium
723 1957 947 2014 effector
972 1974 1036 2013 ac
1062 1958 1263 2028 opifex,
1295 1960 1361 2014 ad
1391 1975 1489 2014 sua
1524 1961 1952 2015 commendanda

378 2066 543 2119 opera
574 2051 912 2114 convocavit,
949 2067 1073 2105 num
1115 2053 1166 2106 in
1200 2053 1628 2121 contemplandis
1670 2062 1726 2108 et
1751 2053 1956 2108 auscul-

378 2144 556 2198 tandis
587 2142 824 2214 Spiritus
858 2145 1085 2215 eloquiis
1103 2155 1195 2199 aut
1219 2145 1658 2210 fatiscemus,ant
1692 2146 1825 2216 pigri
1843 2147 1955 2201 eri-

382 2236 542 2290 mus?
591 2233 780 2291 Nonne
808 2237 1008 2306 potius,
1059 2238 1477 2307 magnamillam
1511 2239 1826 2309 variamque
1875 2240 1957 2293 di-

379 2328 493 2382 vini
524 2327 726 2396 opiﬁcii
766 2326 1032 2381 oﬂicinam
1085 2329 1532 2396 circumstantes,
1564 2340 1618 2386 et
1663 2333 1955 2402 unusquis-

382 2433 489 2488 que
565 2421 630 2471 ad
703 2427 976 2472 transacta
1041 2429 1284 2487 tempora
1358 2429 1538 2474 mente
1606 2422 1954 2491 retregressi,

380 2511 566 2565 mundi
604 2511 768 2565 totius
821 2509 1217 2565 ordinationem
1265 2512 1798 2580 contemplabhnur?
1847 2526 1958 2568 cte-

380 2602 490 2655 lum
527 2601 742 2671 quidem
771 2599 922 2668 juxta
975 2600 1354 2670 propheticum
1391 2617 1692 2658 sermonem
1741 2604 1794 2659 in
1841 2620 1957 2659 mo-

379 2690 508 2747 dum
569 2692 796 2748 fornicis
839 2690 1249 2747 conilatum“:
1314 2701 1516 2747 terram
1567 2710 1698 2749 vero
1751 2695 1957 2765 magni-

382 2783 569 2836 tudine
596 2796 660 2836 ac
679 2782 945 2852 gravitate
974 2780 1262 2848 inﬁnitam,
1283 2782 1450 2851 ipsam
1476 2783 1649 2850 seipsa
1679 2783 1952 2838 innixam:

381 2867 633 2924 diilusum
659 2883 860 2934 aerem,
891 2869 1105 2923 mollem
1129 2878 1184 2922 et
1211 2880 1401 2937 suapte
1440 2878 1632 2923 natura
1654 2869 1952 2936 humidum,

383 2961 667 3030 proprium
726 2967 779 3014 et
828 2968 1147 3030 perpetuum
1203 2961 1597 3030 respirantibus
1645 2960 1956 3017 alimentum

381 3051 838 3120 suppeditantem,
889 3052 1170 3107 cedentem
1217 3063 1413 3119 autem,
1454 3063 1507 3109 et
1529 3069 1637 3124 prae
1668 3053 1889 3109 mollitia
1925 3070 1954 3108 a
1983 3080 2024 3137 ρ

381 3141 698 3211 corporibus
723 3140 884 3196 motis
917 3155 1037 3196 sese
1072 3141 1382 3198 interscindi
1419 3145 1707 3208 sinentem,
1742 3144 1874 3198 nihil
1900 3154 1959 3198 ut

383 3228 754 3298 impedimenti
786 3228 857 3281 sit
885 3242 980 3296 per
1015 3228 1190 3298 ipsum
1223 3231 1561 3297 meantibus;
1614 3246 1734 3286 cum
1761 3233 1826 3286 ad
1849 3241 1959 3286 ter-

383 3333 510 3388 gum
537 3333 722 3375 eorum
749 3317 838 3386 qui
873 3318 1048 3388 ipsum
1083 3320 1314 3387 ﬁndunt,
1349 3321 1573 3390 recipiat
1601 3337 1660 3378 se
1688 3322 1846 3378 facile
1895 3338 1960 3377 ac

387 3414 616 3470 dilﬂuat.
676 3415 842 3482 Aquae
906 3413 1140 3481 denique
1182 3422 1465 3478 naturam,
1514 3421 1624 3468 tum
1672 3414 1788 3482 ejus
1840 3430 1959 3485 qua:

385 3508 702 3562 alimentum
731 3503 1122 3568 subministrat,
1145 3512 1258 3557 tum
1289 3504 1402 3570 ejus
1455 3519 1574 3574 qua:
1613 3507 1679 3560 ad
1706 3506 1840 3560 alios
1869 3521 1961 3560 no-

385 3610 531 3656 stros
555 3613 685 3653 usus
721 3597 1044 3662 destinatur,
1086 3595 1352 3666 simulque
1373 3598 1674 3651 ordinatam
1717 3599 1957 3668 ejusdem

386 3691 455 3743 ad
487 3687 708 3742 definita
732 3685 849 3741 [oon
895 3684 1397 3754 congregationem,
1446 3700 1510 3739 ex
1541 3685 1623 3740 his
1651 3702 1770 3756 qua:
1803 3689 1958 3744 modo

388 3780 550 3835 nobis
584 3779 722 3833 lecta
745 3787 894 3842 sunt,
935 3777 1260 3846 conspicies.

457 3869 511 3923 2.
531 3868 640 3941 34
655 3868 725 3922 Ει
739 3869 874 3922 dixit
889 3867 1032 3921 Deus
1048 3883 1066 3922 :
1083 3866 1432 3937 Congregetur
1448 3861 1710 3938 aquaquw
1724 3869 1815 3922 sub
1833 3871 1958 3922 caelo

384 3973 459 4016 est
506 3965 560 4016 in
609 3962 1060 4033 congregationem
1091 3976 1275 4022 unam,
1330 3969 1376 4013 et
1410 3968 1661 4029 appareat
1687 3960 1857 4014 arida.
1888 3957 1958 4014 Et

386 4054 586 4122 factum
623 4061 696 4106 est
731 4051 806 4105 sic
835 4067 857 4106 .'
899 4060 946 4104 et
973 4060 1380 4120 congregata-est
1408 4066 1542 4120 aqua
1565 4066 1682 4116 qua:
1722 4050 1816 4103 sub
1833 4051 1957 4104 caelo

386 4155 502 4198 erat
562 4145 617 4197 in
656 4143 1082 4213 congregationes
1115 4158 1238 4196 suas
1264 4155 1284 4194 :
1323 4151 1371 4196 et
1397 4143 1642 4212 apparuit
1675 4143 1848 4198 arida.
1891 4142 1957 4196 Et

387 4236 582 4290 vocavit
614 4234 750 4289 Deus
778 4233 1007 4300 aridam,
1032 4245 1246 4298 terram,
1269 4243 1318 4288 et
1347 4234 1671 4288 collectiones
1701 4251 1958 4303 aquarum

386 4325 775 4381 uocaritmaria
801 4323 864 4376 “.
894 4324 1108 4390 Quanta
1156 4325 1284 4377 mihi
1345 4323 1399 4376 in
1437 4323 1805 4394 superioribus
1843 4339 1958 4378 ser-

2051 488 2234 541 πολλοὶ
2261 489 2673 561 μακαρίζουσιν,
2698 493 2800 550 ὅτι.
2830 492 2928 554 τὰς
2957 493 3076 544 κατ’
3107 492 3309 562 ἀγορὰν
3333 494 3656 563 ἐμπορίας,

2048 579 2082 650 ἢ
2126 580 2224 644 τὰς
2256 584 2320 634 ἐκ
2343 583 2448 634 τῶν
2491 582 2698 653 τεχνῶν
2730 585 2866 656 πρὸς
2897 583 2958 635 τὸ
2987 584 3086 654 ζῇν
3114 585 3353 648 ἐπινοίας
3394 584 3659 637 καταλι-

2051 672 2242 736 πόντες
2283 673 2424 742 (60),
2479 673 2567 726 διὰ
2617 675 2887 746 ῥᾳθυμίας
2933 677 3113 746 πάσης
3159 676 3252 729 καὶ
3289 675 3485 746 ¹ίλδονῆς
3544 675 3658 727 τὸν

2047 765 2378 835 τεταγμένον
2401 767 2613 829 ἑαυτοῖς
2634 766 2734 836 τῆς
2761 766 2903 837 ζωῆς
2937 767 3126 837 χρόνον
3146 766 3497 836 διαπερῶσιν,
3535 767 3658 819 οὐκ

2049 856 2251 918 εἰδότες
2299 855 2379 908 ὅτι
2407 855 2687 928 ὀρχήστρα
2719 857 3091 928 εὐθηνουμένη
3135 858 3398 929 θεάμασιν
3422 858 3654 911 ἀκολά-

2053 963 2194 1008 στοις
2246 946 2424 1000 κοινὸν
2478 949 2573 1000 καὶ
2627 947 2884 1018 δημόσιον
2932 947 3296 1002 διδασκαλεῖον
3334 950 3654 1019 ἀσελγείας

2049 1041 2160 1099 τοῖς
2200 1037 2634 1110 συγκαθημένοις
2688 1040 2826 1103 ἐστὶ,
2878 1039 2972 1094 κα)⁵
3017 1041 3086 1092 τὰ
3137 1042 3483 1112 παναρμόνια
3516 1043 3652 1095 τῶν

2049 1129 2226 1183 αὐλῶν
2256 1131 2393 1202 μέλη
2417 1133 2512 1184 καῖ¹
2537 1132 2756 1203 ᾅσματα
2786 1132 3044 1204 πορνικά,
3077 1133 3484 1204 ἐγκαθεζόμενα
3509 1138 3652 1198 ταῖς

2050 1221 2155 1274 τῶν
2185 1223 2533 1278 ἀκουσάντων
2569 1223 2678 1293 (61)
2711 1223 2930 1294 ψυχαῖς,
2961 1225 3112 1277 οὐδὲν
3144 1225 3326 1296 ἕτερον
3359 1225 3390 1296 ἢ
3419 1226 3648 1289 πάντας

2051 1314 2382 1384 ἀσχημονεῖν
2414 1315 2719 1380 ἀναπείθει,
2755 1318 2825 1370 τά
2857 1317 2966 1368 τῶν
2993 1316 3324 1387 κιθαριστῶν
3356 1317 3388 1387 ἢ
3419 1316 3489 1370 τά
3518 1315 3647 1369 τῶν

2051 1405 2301 1475 αὐλητῶν
2319 1405 2604 1477 κρούματα
2639 1406 2748 1476 (69.)
2781 1407 3168 1478 μιμουμένους.
3209 1407 3347 1477 Ἤδη
3386 1408 3448 1462 δέ
3483 1425 3646 1471 τινες

2051 1497 2156 1551 τῶν
2184 1498 2630 1568 ίππομανούντων
2653 1500 2746 1551 καὶ
2768 1499 2900 1570 ὄναρ
2926 1499 3063 1570 ὑπὲρ
3092 1499 3196 1552 τῶν
3221 1500 3397 1552 ἵππων
3429 1501 3647 1570 μάχον-

2049 1601 2160 1652 ται,
2189 1589 2410 1660 ἀρματα
2435 1590 2892 1660 μεταζευγνύντες
2922 1592 3013 1643 καὶ
3039 1592 3286 1661 ἡνιόχους
3319 1591 3645 1660 μετατιθέν-

2051 1697 2163 1744 τες,
2207 1681 2301 1733 καὶ
2336 1681 2470 1744 ὅλως
2500 1683 2598 1752 τῆς
2631 1682 3001 1752 μεθημερινῆς
3049 1683 3359 1753 ἀφροσύνης
3405 1683 3531 1736 οὐδὲ
3577 1685 3645 1737 ὲν

2053 1777 2173 1836 ταῖς
2226 1775 2345 1827 καθ’
2375 1773 2541 1828 ὕπνον
2597 1777 2916 1843 φαντασίαις
2946 1775 3287 1844 ἀφίστανται.
3347 1775 3542 1845 Ἡμεῖς
3579 1774 3643 1827 δὲ

2054 1866 2182 1938 ἄρα,
2212 1865 2305 1929 οὒς
2334 1868 2362 1919 ό
2385 1867 2605 1938 Κύριος,
2639 1869 2666 1918 ὁ
2714 1867 2886 1936 μέγας
2911 1867 3309 1934 θαυματοποιὸς
3327 1868 3419 1920 καὶ
3448 1869 3641 1937 τεχνί-

2053 1975 2170 2029 της,
2191 1960 2282 2011 ἐπὶ
2313 1959 2408 2029 τὴν
2429 1957 2682 2022 ἐπίδειξιν
2705 1958 3029 2012 συνεκάλεσε
3062 1959 3169 2013 τῶν
3201 1958 3638 2028 οἰκείωνὲργων,

2054 2051 2488 2123 ἁποκαμούμεθα
2533 2052 2669 2123 πρὸς
2697 2052 2794 2121 τὴν
2825 2050 2952 2104 θέαν
2994 2050 3127 2122 (65),
3168 2051 3200 2121 ἦ
3246 2052 3642 2120 ἀποκνήσομεν

2056 2143 2192 2214 πρὸς
2245 2145 2346 2215 τὴν
2400 2143 2664 2213 ἀκρόασιν
2715 2143 2823 2198 τῶν
2875 2143 3070 2212 λογίων
3127 2142 3222 2196 τοῦ
3277 2144 3637 2213 Πνεύματος;

2067 2233 2205 2285 Ἀλλ’
2231 2234 2351 2304 οὐχὶ
2397 2235 2457 2286 τὸ
2504 2234 2645 2304 μέγα
2693 2233 2852 2287 τοῦτο
2904 2235 2998 2288 καὶ
3043 2234 3282 2288 ποικίλον
3333 2235 3431 2303 τῆς
3483 2233 3640 2294 θείας

2054 2325 2412 2396 δημιουργίας
2438 2328 2802 2398 ἐργαστήριον
2832 2325 3208 2396 περιστάντες,
3235 2325 3488 2395 καὶπρὸς
3507 2325 3640 2386 τοὺς

2055 2416 2166 2471 ἀνω
2186 2417 2406 2487 χρόνους
2434 2418 2822 2480 ἐπανελθόντες
2856 2419 2920 2488 τῇ
2964 2415 3171 2487 διανοίᾳ
3202 2416 3451 2478 ἕκαστος.
3499 2415 3636 2484 646-

2060 2507 2196 2577 μεθα
2253 2507 2353 2578 τὴν
2409 2508 2770 2580 διακόσμησιν
2800 2509 2894 2562 τοῦ
2956 2509 3187 2575 παντός;
3243 2508 3468 2578 οὐρανὸν
3534 2508 3638 2578 μὲν

2060 2599 2345 2669 ἱστάμενον
2389 2599 2527 2670 (6i),
2570 2600 2710 2654 κατά
2742 2599 2832 2653 τὸν
2879 2600 3212 2672 προφητικὸν
3258 2599 3443 2668 λόγον,
3499 2599 3636 2651 ὡσεὶ

2063 2690 2355 2761 καμάραν·
2401 2691 2503 2760 γῆν
2535 2691 2612 2754 δὲ,
2656 2690 2752 2762 τὴν
2796 2690 3020 2761 ἄπειρον
3059 2692 3274 2761 μεγέθει
3302 2692 3396 2744 καὶ
3431 2690 3632 2762 βάρει,

2057 2781 2224 2851 αὐτὴν
2249 2783 2332 2851 ἐφ’
2357 2781 2557 2852 ἑαυτῆς
2585 2782 2949 2853 ὲδραζομένην
2973 2800 2986 2812 ·
3015 2784 3152 2855 ἀέρα
3199 2785 3495 2854 κεχυμένον
3527 2801 3634 2854 μα-

2056 2872 2220 2924 λακὸν
2243 2873 2334 2925 καὶ
2371 2873 2535 2944 ὑγρὸν
2564 2876 2628 2944 τῇ
2675 2873 2856 2942 φύσει,
2907 2874 3112 2926 οἰκείαν
3154 2874 3247 2944 μὲν
3281 2875 3376 2928 καὶ
3405 2873 3634 2942 διηνεκῆ

2057 2963 2266 3034 τροφὴν
2311 2966 2424 3026 τοῖς
2476 2963 2802 3019 ἀναπνὲουσι
2832 2964 3222 3035 παρεχόμενον,
3255 2963 3549 3018 ὑπείκοντα
3575 2964 3634 3016 δὲ

2058 3052 2153 3104 καὶ
2187 3054 2634 3123 περισχιζόμενον
2676 3057 2788 3117 τοῖς
2816 3055 3156 3124 κινουμένοις
3184 3055 3253 3107 δι’
3278 3053 3630 3127 ἁπαλότητα,

2058 3143 2133 3206 ὼς
2177 3144 2342 3214 μηδὲν
2387 3145 2643 3215 ἐμπόδιον
2677 3141 2817 3198 εῖναι
2861 3149 2992 3218 παρ’
3018 3144 3180 3199 αὐτοῦ
3222 3148 3330 3209 τοῖς
3364 3146 3629 3217 ὁρμῶσιν,

2058 3233 2145 3286 ἀεὶ
2180 3235 2313 3305 πρὸς
2341 3235 2400 3287 τὸ
2424 3235 2654 3288 κατόπιν
2681 3234 2790 3287 τῶν
2819 3235 3122 3305 τεμνόντων
3161 3233 3322 3286 αὐτὸν
3351 3235 3634 3303 ἀντιπερι-

2067 3326 2353 3396 ισταμένου
2395 3326 2507 3397 (65)
2556 3326 2756 3398 ῥαδίως
2809 3328 2904 3394 κα).
2957 3325 3356 3398 περιρρέοντος.
3398 3325 3633 3389 ’Ύδατος

2057 3416 2113 3470 δὲ
2148 3419 2309 3486 φύσιν
2338 3419 2432 3471 τοῦ
2467 3436 2526 3472 τε
2565 3419 2830 3491 τροφίμου
2873 3421 2968 3472 καὶ
3000 3420 3094 3472 τοῦ
3140 3419 3281 3472 κατά
3321 3418 3423 3482 τάς
3464 3418 3630 3482 ἄλλας

2059 3510 2244 3580 χρείας
2267 3512 2400 3581 ἡμῖν
2421 3512 2891 3582 εὐτρεπισθέντος,
2919 3511 3013 3565 καὶ
3043 3511 3139 3582 τὴν
3162 3510 3420 3564 εὔτακτον
3441 3510 3628 3562 τούτου

2061 3601 2197 3671 πρὸς
2226 3603 2353 3664 τοὺς
2380 3603 2796 3674 ἀφωρισμένως
2820 3605 3013 3666 τόπους
3050 3601 3387 3673 συναγωγὴν,
3427 3602 3492 3655 ἐκ
3522 3601 3630 3654 τῶν

2059 3694 2258 3763 ἀρτίως
2289 3695 2419 3763 ἡμῖν
2445 3696 2870 3765 ἀνεγνωσμένων
2901 3695 3145 3764 κατόψει.

2135 3875 2189 3930 2.
2229 3874 2338 3928 Kal
2383 3871 2552 3929 εἶπεν
2591 3879 2623 3929 ὁ
2658 3877 2834 3942 Θεός’
2871 3875 3232 3945 Συναχθήτω
3262 3874 3326 3929 τὸ
3377 3875 3533 3942 ὕδωρ
3565 3874 3629 3928 τὸ

2057 3969 2336 4022 ὑποκάτω
2370 3968 2476 4022 τοῦ
2512 3969 2772 4037 οῖ’,νρᾳνοῦ
2805 3972 2891 4036 είς
2928 3967 3292 4040 avrai-arri)?
3314 3969 3482 4037 μίαν,
3533 3967 3629 4021 καὶ

2059 4059 2294 4128 ὀφθήτω
2322 4060 2433 4130 (66)
2487 4063 2526 4128 ’ἡ
2586 4061 2755 4129 ξηρά.
2802 4061 2911 4115 Kal
2967 4061 3204 4131 ἐγένετο
3260 4061 3479 4125 οὕτως,
3531 4061 3629 4115 καὶ

2059 4152 2337 4223 συνήχθη
2371 4153 2435 4206 τὸ
2467 4154 2623 4223 ὕδωρ
2651 4153 2716 4207 τὸ
2774 4154 3053 4209 ὑποκάτω
3096 4154 3204 4209 τοῦ
3245 4152 3503 4222 οὐρανοῦ
3547 4155 3631 4218 είς

2060 4242 2165 4308 τὰς
2219 4245 2574 4316 συναγωγὰς
2618 4245 2836 4310 αὐτῶν,
2871 4245 2968 4299 καὶ
3007 4245 3172 4314 ὤφθη
3225 4247 3264 4313 ’ἡ
3314 4243 3486 4314 ξηρά.
3524 4245 3627 4297 Kal

2061 4333 2360 4388 ἐκάλεσεν
2395 4339 2427 4389 o'
2455 4337 2598 4402 Θεὸς
2622 4335 2737 4404 τὴν
2758 4335 2968 4404 ξηρὰν,
2997 4335 3134 4406 γῆν,
3167 4335 3267 4390 καί
3303 4335 3374 4389 τὰ
3399 4336 3629 4403 συστή-

387 4417 640 4471 monibus
669 4416 960 4471 exhibuisti
991 4418 1204 4486 negotia
1225 4416 1369 4482 ,dum
1400 4430 1620 4470 causam
1638 4416 1952 4483 requireres,

2065 4441 2219 4494 ματα
2257 4424 2375 4480 τῶν
2409 4426 2644 4481 ὑδάτων
2685 4426 2940 4480 ἐκάλεσε
2975 4426 3311 4491 θαλάσσας.
3349 4424 3498 4478 Πόσα
3545 4443 3631 4494 μοι

388 4510 658 4579 quomodo
679 4518 822 4565 terra
868 4511 1028 4564 fuerit
1051 4509 1360 4564 invisibilis:
1385 4507 1816 4576 quandoquidem
1843 4509 1960 4561 cui-

387 4599 520 4655 libet
548 4602 762 4670 corpori
792 4600 1110 4656 naturaliter
1145 4601 1282 4655 inest
1310 4599 1477 4666 color,
1507 4608 1564 4654 et
1605 4599 1782 4655 omnis
1812 4598 1960 4655 color

460 4741 504 4774 °°
538 4742 643 4796 isa.
670 4757 759 4807 ιι,
787 4740 877 4795 92.
954 4741 993 4772 ⁶¹
1026 4739 1291 4804 Gen.t,9,
1314 4739 1401 4797 10.

461 4879 574 4945 (60)
605 4877 854 4933 Nonnulli
880 4893 1009 4932 mss.
1044 4878 1484 4939 καταλείποντες.

461 4949 577 5017 (61)
600 4949 754 5002 Colb.
787 4950 1056 5004 secundus
1081 4949 1408 5002 ἀκουόντων.

465 5015 579 5092 (62)
629 5018 718 5072 Sic
759 5033 889 5092 mss.
934 5018 1378 5092 quinAque._Edi_t_i_
1422 5015 1799 5092 cum_duo_l_)us
1827 5029 1957 5070 mss.

392 5083 739 5162 κρούσματα.
773 5086 923 5162 Lege
950 5083 1295 5162 Διιιὶὶιοείυῐη
1320 5087 1421 5162 _lib.
1465 5101 1524 5140 ιιι
1560 5083 1628 5162 In
1674 5083 1957 5162 llexaem.,

393 5155 514 5228 cap.
540 5155 592 5222 1,
630 5173 780 5212 num.
825 5155 878 5222 5,
912 5159 964 5211 in
993 5173 1099 5226 quo
1147 5158 1428 5225 legendum
1462 5155 1744 5228 suspicor:
1780 5158 1961 5208 morti-

392 5225 492 5300 [ἐῖὶ
516 5237 700 5284 cantus
732 5225 1027 5304 aromatum
1055 5230 1518 5304 scenicorum,au_t
1548 5225 1726 5304 potius
1756 5240 1961 5304 erunta-

391 5294 503 5352 ium
545 5301 891 5364 scenicorum,
926 5299 996 5352 ob
1047 5298 1428 5353 auctoritatem
1477 5294 1682 5361 Basilii,
1724 5294 1816 5363 qui
1871 5294 1960 5349 hic

387 5369 491 5423 hac
518 5371 628 5434 ipsa
660 5383 793 5424 voce
825 5370 1014 5422 utitur.

464 5439 578 5513 (63)
607 5438 760 5493 Colb.
791 5439 1062 5513 secundus
1112 5437 1241 5492 θέαν
1292 5438 1386 5494 καὶ
1436 5438 1684 5513 ἔρευναν,
1735 5443 1964 5489 contem-

392 5507 606 5576 plandis
633 5519 682 5562 et
713 5509 1040 5570 scrutandis.
1078 5520 1184 5563 etc.

464 5577 576 5648 (64)
607 5579 756 5648 Regii
791 5589 978 5632 sextus
1004 5588 1058 5632 et
1101 5590 1324 5633 octavus
1357 5593 1482 5634 cum
1519 5577 1672 5648 Colb.
1725 5577 1960 5632 secundo

392 5645 708 5743 ἱστάμενὲνῖ
739 5648 879 5702 Editi
909 5665 1032 5729 cum
1064 5651 1336 5743 aliqgilbus
1371 5663 1504 5702 mss.
1532 5647 1851 5743 ἱστιὶἒμενονὲ

463 5715 576 5783 (65)
609 5716 698 5771 Sic
731 5733 856 5772 mss.
883 5715 1311 5788 quinquefEtliti
1344 5715 1788 5788 περιισταμένου.
1826 5717 1955 5781 Rea.

2067 4519 2365 4589 πράγματα
2398 4523 2655 4591 παρεῖχες
2680 4521 2738 4571 ὲν
2776 4521 2886 4582 τοῖς
2902 4519 3130 4573 κατόπιν
3154 4518 3353 4586 λόγοις,
3386 4514 3629 4569 ἀπαιτῶν

2066 4610 2165 4680 τὴν
2213 4613 2390 4664 αἰτίαν
2439 4611 2554 4674 πῶς
2591 4611 2818 4682 ἀόρατος
2873 4613 2906 4682 ἡ
2950 4610 3022 4681 γῆ
3073 4609 3205 4681 (67),
3233 4608 3394 4661 παντὶ
3421 4606 3628 4677 σώματι

2064 4876 2270 4946 primus
2283 4875 2596 4946 idvrgbtta‘ra
2605 4874 2784 4944 μένου.

2138 4945 2248 5015 (66)
2282 4945 2434 5007 Regii
2466 4939 2772 5015 prirnus_et
2803 4944 3039 5015 quintus
3067 4943 3145 5004 είς
3171 4956 3279 5015 ᾕτας
3311 4939 3628 5007 συναγωγὰς

2065 5009 2267 5077 αὐτῶν,
2294 5015 2389 5068 κα)⁸
2408 5009 2642 5084 ὸφθήτω.
2677 5009 2983 5084 Editicum
3033 5009 3214 5084 multis
3253 5023 3384 5063 mss.
3430 5019 3626 5062 etcum

2063 5101 2222 5142 sacro
2247 5093 2395 5138 textu
2431 5086 2510 5146 είς
2534 5080 2867 5152 ’συναγωγὴν
2922 5081 3072 5152 μίαν.
3124 5080 3243 5152 mox
3274 5093 3430 5152 sacer
3461 5089 3627 5152 textus

2063 5167 2115 5211 et
2134 5156 2261 5211 editi
2295 5165 2349 5208 et
2392 5171 2521 5206 ms<.
2558 5149 2709 5206 multi
2745 5149 2845 5205 hoc
2889 5149 3127 5206 secundo
3170 5150 3286 5202 loco
3325 5149 3524 5201 habent
3551 5151 3627 5212 είς

2063 5227 2164 5290 τὰς
2193 5224 2514 5292 συναγωγὰς
2536 5223 2736 5284 αὐτῶν,
2761 5222 2854 5274 καὶ
2888 5220 3043 5290 ὤφθη
3072 5222 3125 5290 ἡ,
3145 5231 3248 5292 etc.
3284 5219 3416 5292 Reg.
3450 5229 3628 5292 sextus

2064 5296 2121 5351 in
2147 5285 2377 5364 iitroque
2423 5285 2742 5364 locoihahet
2771 5294 2852 5354 εἰς
2911 5285 3235 5364 συναγωγὴν
3284 5285 3432 5364 μίαν.
3490 5285 3626 5341 lnl'ra

2065 5358 2460 5435 Anglici—mss.
2494 5363 2789 5435 Θάλασσαν,
2835 5371 3028 5435 contra
3074 5358 3232 5414 tidem
3293 5358 3623 5425 reliquorum

2068 5431 2202 5489 mss.
2231 5437 2282 5488 in
2317 5435 2514 5502 quibus
2537 5435 2730 5502 legitur
2767 5431 3062 5502 θαλάσσας.

2139 5505 2249 5575 (6'7)
2279 5495 2411 5572 Reg.
2453 5495 2671 5575 quintvus
2697 5497 2765 5572 ἦν
2803 5505 2835 5572 ὴ
2883 5502 2976 5572 γῆ.
3011 5499 3221 5575 ibidem
3243 5495 3396 5551 Colb.
3435 5508 3622 5575 secun-

2065 5565 2164 5630 dus
2205 5565 2385 5628 παντῗ
2400 5565 2521 5643 μέν.
2570 5573 2673 5643 Alii
2698 5565 2803 5624 duo
2825 5565 2966 5643 ἰιιὲέἴ
2994 5569 3310 5643 simpliciter
3335 5566 3498 5643 παντὶ
3526 5565 3623 5643 σά)-

2068 5664 2195 5717 ματι
2232 5636 2493 5717 φυσικῷςλ
2528 5642 2812 5717 χρώματος
2850 5636 3219 5717 αἰσθητοῦ-τῇ
3265 5637 3450 5717 ὁράσει
3501 5636 3622 5689 καθ-

2063 5709 2371 5779 εστηκότος.
2405 5709 2696 5769 Εόίιίευιυ
2727 5713 2843 5768 aliis
2871 5709 3010 5766 mss.
3036 5709 3206 5764 iusius
3227 5719 3276 5764 et
3309 5709 3524 5763 rectius.
