3846 6218
96 358 166 414 81
1235 355 1525 413 HOMILIA
1565 355 1632 412 IV
1673 359 1740 415 IN
1780 360 2278 418 IIEXAEMERON.
3223 406 3233 416 .
3306 359 3376 416 8‘2

98 473 353 545 φυσικῶς
383 472 674 545 χρώματος
700 474 1110 545 συμπαρόντος,
1142 476 1344 540 παντὸς
1377 476 1435 531 δὲ
1472 476 1698 549 χρώμα-

1817 481 1949 535 risus
1988 496 2150 537 sensu
2200 480 2662 551 apprehenditur?
2691 479 2757 534 Et
2810 479 2949 535 forte
3006 494 3126 549 quae
3170 478 3375 547 prolata

97 582 198 629 τος
223 564 481 636 αἰσθητοῦ
514 568 581 637 τῇ
612 566 801 636 ὁράσει
827 566 1268 637 καθεστηκότοςς
1300 569 1411 622 Καὶ
1438 570 1580 641 τάχα
1612 587 1695 623 σοι

97 658 210 711 οὐκ
240 656 414 710 ἐδόκει
452 657 744 728 αὐτάρκως
777 658 923 727 ἔχειν
972 659 1043 714 τὰ
1092 662 1385 732 εἰρημένα,
1431 664 1514 717 ὅτι
1560 664 1698 736 πρὸς

98 747 259 817 ἡμᾶς
288 746 356 799 τὸ
386 747 674 815 ἀόρατον,
707 748 769 801 οὐ
818 749 956 821 πρὸς
998 751 1099 822 τὴν
1141 751 1304 820 φύσιν
1358 753 1546 825 εἴρητο
1586 753 1697 825 (68)

99 835 200 890 διὰ
239 834 339 906 τὴν
380 835 477 889 τοῦ
524 834 714 900 ὓδατος
769 839 1191 912 ὲπιπρόσθησιν,
1224 840 1253 893 ὁ
1293 841 1415 894 τότε
1458 842 1556 913 τὴν
1594 843 1698 913 γῆν

103 928 294 982 πᾶσαν
315 927 771 1000 περιεκάλυπτεν.
813 930 945 984 Ἰδοὺ
971 930 1067 987 νῦν
1100 932 1262 986 ἄκουε
1292 934 1464 1004 αὐτῆς
1503 934 1699 1005 ἑαυτὴν

102 1020 215 1090 τῆς
239 1020 465 1092 Γραφῆς
487 1021 849 1094 φανερούσης.
879 1022 1249 1093 Συναχθήτω
1270 1025 1342 1078 τὰ
1370 1024 1577 1091 ὕδατα,
1598 1025 1699 1078 καὶ

106 1112 352 1181 ἀρθήτω
376 1113 415 1180 ἡ
442 1113 617 1181 ξηρά.
647 1114 974 1169 Συνέλκεται
998 1114 1067 1168 τὰ
1090 1117 1589 1188 παραπετάσματα,
1612 1117 1702 1171 ἵνα

107 1205 371 1275 ἐμφανὴς
406 1205 635 1277 γένηται
675 1209 707 1277 ή
742 1206 880 1271 τέως
926 1207 1000 1279 μὴ
1042 1209 1317 1280 ὁρωμένη.
1358 1210 1520 1274 Ἴσως
1561 1210 1607 1263 δ’
1636 1210 1702 1266 ἄν

107 1314 198 1360 τις
231 1297 451 1351 κάκεῖνο
490 1299 626 1370 πρὸς
670 1299 880 1363 τούτοις
911 1299 1279 1372 ἐπιζητήσειε.
1318 1302 1541 1374 Πρῶτον
1580 1302 1700 1372 μὲν,

107 1390 205 1443 διὰ
229 1389 282 1442 τί
308 1389 336 1444 ὁ
368 1390 514 1446 κατά
548 1390 711 1460 φύσιν
743 1393 978 1464 ὑπάρχει
1002 1393 1079 1463 τῷ
1101 1392 1253 1447 ὕδατι
1279 1394 1542 1465 φέρεσθαι
1566 1395 1703 1466 πρὸς

108 1480 176 1533 τὸ
208 1480 498 1546 κάταντες,
530 1482 690 1536 τοῦτο
722 1483 818 1536 ἐπὶ
846 1483 908 1537 τὸ
941 1484 1274 1555 πρόσταγμα
1307 1484 1401 1538 τοῦ
1432 1488 1702 1557 Δημιουρ-

110 1572 216 1641 γοῦ
238 1575 267 1626 ὁ
300 1572 459 1642 λόγος
481 1573 708 1643 ἀνάγει;
739 1574 887 1639 Ἕως
929 1576 1028 1646 μὲν
1054 1575 1165 1648 γὰρ
1204 1575 1270 1629 ἂν
1318 1577 1413 1629 ἐπὶ
1450 1576 1543 1629 τοῦ
1592 1579 1703 1631 ἰσο-

111 1664 283 1717 πέδου
312 1666 564 1736 κείμενον
592 1666 732 1740 τύχῃ
760 1666 872 1737 (69)
909 1669 973 1722 τὸ
1014 1668 1179 1741 ὕδωρ,
1226 1669 1487 1741 στάσιμόν
1534 1672 1701 1735 ἔστιν,

108 1758 220 1811 οὐκ
262 1758 402 1828 ἔχων
426 1760 562 1813 ὅπου
589 1761 870 1831 μεταρῤυῇ
892 1777 907 1791 ·
946 1759 1166 1814 ἐπειδὰν
1188 1760 1247 1814 δέ
1274 1778 1417 1825 τινος
1464 1777 1707 1833 πρανους

109 1845 396 1917 λάϐηται,
452 1847 617 1911 εὐθὺς
665 1830 1012 1919 ὁρμήσαντος
1062 1848 1157 1903 τοῦ
1208 1830 1579 1921 προάγοντος,
1644 1849 1705 1902 τὸ
1737 1830 1782 1885 Β

114 1941 346 2012 συνεχὲς
383 1940 533 2013 αύτῷ
569 1941 670 2013 τὴν
709 1942 867 2012 βάσιν
909 1942 1005 1996 τοῦ
1050 1943 1362 2015 κινηθέντος
1403 1942 1709 2013 ἐπιλαμϐά-

113 2049 237 2096 νει,
279 2033 375 2086 καὶ
432 2031 532 2104 τήν
580 2032 790 2087 ἐκείνου
843 2033 907 2111 τὸ
959 2034 1331 2105 ἐφεπόμενον·
1390 2032 1486 2088 καὶ
1534 2033 1707 2098 οὕτως

117 2123 464 2193 ὕπεκφεύγει
488 2123 589 2195 μὲν
611 2124 786 2179 ἀεὶτὸ
831 2126 1095 2197 προάγον,
1132 2125 1337 2179 ὲπωθεῖ
1367 2125 1424 2179 δὲ
1457 2125 1519 2179 τὸ
1548 2126 1710 2197 ὲπερ-

114 2215 385 2285 χύμενον·
415 2218 511 2272 καί⁵
542 2216 782 2288 τοσούτῳ
808 2216 1096 2289 ὁξυτέραή
1133 2218 1274 2290 φορὰ
1312 2218 1541 2287 γίνεται,
1580 2219 1711 2289 ὅσῳ-

115 2324 233 2379 περ
274 2308 342 2362 ἂν
374 2309 468 2362 καὶ
502 2308 562 2361 τὸ
595 2308 761 2381 βάρος
859 2308 1042 2363 πλεῖον
1082 2309 1176 2363 τοῦ
1234 2308 1707 2381 καταφερομένου,

116 2398 221 2451 καὶ
243 2397 307 2451 τὸ
335 2398 536 2470 χωρίον
565 2399 895 2471 κοιλότερον,
923 2400 1061 2471 πρὸς
1082 2400 1110 2452 ὃ
1143 2403 1177 2471 ή
1198 2400 1501 2472 ὲπίρῤυσις.
1528 2402 1592 2454 Εἰ
1617 2396 1711 2454 οὖν

115 2489 269 2544 οὕτω
301 2490 514 2560 πέφυκε
557 2491 621 2545 τὺ
662 2491 827 2564 ὕδωρ,
876 2492 1139 2565 παρέλκοι
1172 2492 1238 2547 ἂν
1278 2492 1339 2546 τὸ
1382 2493 1711 2565 πρόσταγμα

114 2581 184 2635 τὸ
206 2580 428 2636 κελεῦον
456 2583 793 2654 συναχθῆναι
816 2587 898 2649 εἰς
928 2584 1249 2656 συναγωγὴν
1292 2585 1440 2655 μίαν.
1477 2583 1711 2657 Ἔμελλε

119 2672 239 2745 γὰρ
271 2673 485 2739 πάντως
514 2674 603 2731 διὰ
634 2675 697 2730 τὸ
726 2677 1075 2748 κατάρροπον
1110 2676 1210 2745 τῆς
1230 2675 1464 2744 φύσεως,
1497 2677 1588 2730 ἐπὶ
1612 2676 1711 2747 τὴν

120 2767 349 2820 πάντων
375 2767 690 2839 κοιλοτέραν
734 2767 920 2839 χώραν
976 2767 1301 2837 αὐτομάτως
1332 2751 1710 2831 ’συνδίδοσθαῃ

119 2857 225 2910 καὶ
266 2856 340 2928 μή
395 2857 661 2930 πρότερον
719 2858 1014 2930 στήσεσθαι
1067 2858 1197 2930 πρὶν
1246 2856 1605 2928 ὁμαλισθῆναι
1643 2856 1712 2911 τὰ

120 2948 297 3002 νῶτα.
330 2950 497 3003 Οὐδὲν
539 2949 649 3023 γὰρ
694 2949 837 3004 οὕτω
887 2951 1087 3023 χωρίον
1143 2949 1408 3015 ἰσόπεδον,
1440 2949 1516 3013 ὡς
1548 2949 1581 3020 ἠ
1614 2948 1710 3003 τοῦ

122 3041 322 3105 ὓδατος
343 3042 651 3111 ἐπιφάνεια.
684 3044 914 3097 Ἔπειτα
945 3044 1082 3108 πῶς,
1118 3042 1304 3114 φησὶν,
1351 3043 1431 3106 εἰς
1462 3059 1707 3111 συναγω-

121 3132 235 3203 γὴν
284 3132 412 3205 μίαν
457 3133 755 3205 ἐκελεύσθη
787 3134 855 3187 τὰ
889 3134 1062 3188 ὕδατα
1111 3134 1460 3206 συνδραμεῖν,
1510 3136 1711 3203 δπουγε

114 3208 413 3295 ,φαίνονται
436 3227 632 3281 πολλαὶ
659 3224 817 3281 οὖσαι
844 3226 1130 3295 θάλασσαι,
1149 3229 1246 3281 καὶ
1280 3226 1530 3281 πλεῖστον
1553 3227 1714 3297 ἀλλή-

123 3319 239 3373 λων
268 3321 334 3391 τῇ
360 3317 506 3373 θέσει
536 3320 921 3392 διωρισμέναις
956 3320 1099 3392 Πρὸς
1131 3321 1228 3391 μὲν
1258 3317 1352 3374 οὖν
1406 3320 1468 3373 τὸ
1518 3320 1713 3392 πρότε-

130 3427 228 3483 ρον
259 3411 372 3464 τῶν
419 3410 863 3481 ὲπιζητηθέντων
898 3412 1076 3465 ἐκεῖνό
1107 3428 1319 3483 φαμεν·
1354 3412 1437 3465 ὅτι
1483 3411 1718 3482 μάλιστα

131 3504 235 3573 μὲν
268 3503 333 3556 σὺ
371 3503 507 3573 μετὰ
549 3502 612 3556 τὸ
644 3503 973 3574 πρόσταγμα
1000 3504 1062 3556 τὸ
1106 3502 1422 3557 δεσποτικὸν
1473 3502 1717 3571 ἐπέγνως

127 3594 229 3647 τοῦ
266 3592 458 3659 ὕδατος
492 3593 593 3659 τὰς
622 3595 886 3667 κινήσεις,
916 3597 999 3649 ὅτι
1030 3613 1091 3648 τε
1121 3595 1450 3667 περιρῤεπές
1475 3592 1586 3665 (70)
1604 3596 1719 3648 ἐστι

131 3688 233 3741 καὶ
259 3687 613 3759 ἀστήρικτον,
644 3687 742 3740 καὶ
772 3687 909 3758 πρὸς
940 3686 1010 3742 τὰ
1033 3690 1214 3759 πρανῆ
1247 3688 1340 3741 καὶ
1366 3688 1523 3742 κοῖλα
1557 3687 1719 3756 φέρε-

129 3795 225 3831 ται
249 3777 391 3831 κατὰ
423 3777 584 3847 φύσιν
605 3794 620 3808 ·
655 3778 763 3848 πρὸ
791 3778 981 3832 τούτου
1015 3779 1093 3845 δὲ,
1139 3779 1260 3843 πῶς
1296 3774 1410 3850 εἶχε
1439 3779 1722 3850 δυνάμεως

132 3870 271 3941 πρὶν
312 3868 460 3940 αύτῷ
491 3869 584 3922 τὸν
619 3872 683 3923 ἐκ
732 3869 827 3923 τοῦ
860 3872 1282 3942 προστάγματος
1324 3871 1513 3924 τούτου
1561 3871 1721 3939 ἐγγε-

133 3960 325 4015 νέσθαι
372 3961 591 4032 δρόμον,
619 3960 744 4015 οὔτε
772 3957 912 4025 εἶδες
939 3963 1121 4026 αὐτὸς,
1160 3961 1284 4016 οὔτε
1317 3963 1518 4026 ἰδόντος
1554 3963 1721 4033 ήκουο

137 4070 260 4116 σας.
295 4053 507 4123 Νόησον
539 4053 670 4124 γὰρ,
706 4055 790 4107 ὅτι
817 4054 955 4107 Θεοῦ
986 4055 1138 4126 φωνὴ
1167 4054 1385 4125 φύσεώς
1414 4056 1531 4108 ἐστι
1565 4071 1725 4125 ποιη-

135 4144 290 4215 τικὴ,
324 4145 420 4198 καὶ
458 4144 521 4197 τὸ
550 4144 844 4215 γενόμενον
888 4147 1011 4199 τότε
1060 4150 1127 4217 τῇ
1185 4147 1362 4199 κτίσει
1395 4147 1724 4219 πρόσταγμα

136 4234 241 4304 τὴν
296 4233 434 4305 πρὸς
483 4232 546 4285 τὺ
599 4233 799 4305 ἐφεξῆς
847 4234 1173 4289 ἀκολουθίαν
1224 4238 1335 4298 τοῖς
1366 4232 1726 4306 -κτιζομένοις

139 4325 471 4397 παρέσχετο.
516 4327 730 4397 Ἡμέρα
785 4326 880 4379 καὶ
942 4325 1041 4391 νὺξ
1085 4325 1231 4394 suae
1281 4325 1723 4398 ὲδημιουργήθη,

139 4416 240 4469 καὶ⁸
273 4415 334 4480 ἐξ
376 4416 584 4469 ἐκείνου
634 4417 729 4470 καὶ⁵
773 4416 871 4470 νῦν
914 4416 1153 4487 ἀλλήλας
1202 4416 1598 4487 διαδεχόμεναι,
1634 4415 1727 4469 καὶ

1795 580 1919 625 sunt
1943 573 2076 626 satis
2095 586 2217 626 esse
2252 572 2343 626 tibi
2381 587 2485 628 non
2518 573 2865 638 videbamur,
2912 586 3035 626 eum
3066 571 3376 626 diceremus

1796 662 2051 717 videlicet
2081 664 2588 731 vocem,inoisibile,
2618 681 2724 721 non
2752 674 2998 734 respectu
3031 673 3260 729 naturae,
3282 662 3377 719 sed

1798 766 2045 825 respectu
2070 757 2263 821 nostri,
2299 758 2369 814 ob
2392 772 2546 827 aqua:
2590 741 2791 811 terram
2824 772 3041 826 omnem
3087 765 3217 811 tunc
3242 770 3376 827 Ope-

1800 848 1989 902 rientis
2022 848 2733 917 interpositum,adhibitam
2762 846 2927 902 fuisse
2946 863 3009 901 ac
3042 855 3373 918 usurpatam.

1800 941 1940 997 Ecce
1966 956 2111 996 nunc
2155 942 2282 997 audi
2328 942 2500 1012 ipsam
2535 941 2897 1012 Scripturam,
2924 944 3156 1012 seipsam
3193 942 3380 1012 expla-

1800 1046 2041 1096 nantem.
2066 1035 2458 1108 Congregentur
2489 1052 2661 1107 aqua',
2684 1045 2733 1091 et
2757 1044 3011 1105 appareat
3045 1034 3381 1116 arida.Cop-

1802 1132 2090 1186 trahuntur
2143 1130 2282 1197 vela,
2339 1140 2398 1183 ut
2436 1129 2682 1198 aspectui
2714 1142 2837 1183 sese
2871 1127 3094 1197 objiciet
3144 1140 3228 1191 ea,
3259 1139 3380 1195 quae

1801 1234 1963 1281 antea
1990 1242 2093 1281 non
2113 1225 2565 1297 conspiciebatur.
2590 1223 2864 1278 Fortassis
2902 1231 3077 1276 autem
3112 1221 3379 1291 quispiam

1803 1320 1931 1375 illud
1954 1320 2117 1375 etiam
2151 1333 2349 1389 praeter
2371 1319 2485 1374 haec
2517 1317 2847 1385 inquisierit.
2870 1314 3108 1368 Primum
3140 1315 3378 1382 quidem,

1804 1427 1901 1467 cur
1934 1408 2077 1478 quod
2127 1422 2197 1462 ex
2230 1415 2425 1460 natura
2476 1403 2734 1472 competit
2764 1416 2939 1472 aquae,
2991 1410 3051 1454 ut
3073 1400 3281 1453 scilicet
3312 1402 3379 1453 ad

1805 1502 2010 1558 declive
2038 1498 2265 1561 feratur,
2303 1497 2535 1566 idipsum
2585 1492 2789 1548 referat
2840 1492 3120 1561 Scriptura
3158 1490 3223 1543 ad
3253 1488 3383 1558 Opi-

1807 1593 1923 1647 licis
1970 1589 2275 1660 imperium.
2325 1587 2573 1655 Quandiu
2606 1585 2750 1639 enim
2796 1584 2850 1638 in
2902 1599 3058 1653 aequo
3112 1582 3384 1653 planoque

1807 1685 1922 1740 solo
1952 1684 2051 1739 sita
2082 1693 2166 1738 est
2200 1696 2358 1751 aqua,
2389 1678 2600 1735 stabilis
2633 1686 2735 1743 est,
2757 1676 2956 1748 quippe
2981 1677 3107 1743 quia
3142 1691 3247 1729 non
3281 1674 3381 1728 ha-

1806 1773 1901 1829 bet
1941 1789 2046 1842 quo
2075 1771 2314 1826 diﬂloat:
2364 1770 2457 1825 sed
2480 1779 2831 1840 posteaquam
2862 1766 3123 1822 declivem
3147 1764 3380 1831 aliquem

1805 1867 1984 1921 locum
2025 1872 2182 1918 nacta
2216 1872 2319 1931 est,
2346 1864 2527 1917 statim
2555 1871 2616 1917 ut
2646 1861 2954 1931 praecedens
2985 1867 3069 1913 est
3093 1857 3380 1921 concitata,

1806 1973 1869 2013 ea
1892 1972 2012 2027 qua:
2040 1956 2139 2026 ipsi
2168 1956 2425 2019 cohaeret,
2450 1956 2633 2010 sedem
2677 1954 2793 2027 ejus
2824 1964 2945 2023 qtae
2981 1960 3123 2005 mota
3152 1957 3254 2015 est,
3288 1964 3385 2005 oc-

1805 2058 2004 2117 cupat:
2047 2047 2192 2103 illius
2219 2047 2404 2102 itidem
2427 2047 2602 2101 locum
2655 2060 2718 2101 ea
2760 2060 2882 2115 quae
2916 2042 3300 2113 consequitur:
3328 2051 3385 2096 et

1807 2144 1886 2198 sic
1917 2156 2134 2213 semper
2174 2140 2384 2210 aufugit
2429 2139 2647 2210 quidem
2676 2152 2809 2207 quae
2846 2135 3127 2207 praecedit,
3160 2134 3386 2201 adurgtt

1808 2250 1937 2289 vero
1978 2250 2098 2304 qua
2125 2233 2461 2302 insequitur;
2490 2241 2543 2286 et
2570 2231 2805 2299 impetus
2850 2237 2997 2283 tanto
3031 2226 3091 2282 lit
3124 2225 3384 2291 velocior,

1807 2335 2008 2397 quanto
2032 2325 2262 2395 amplior
2305 2324 2469 2379 fuerit
2516 2323 2754 2393 gravitas
2780 2322 2900 2391 ejus
2974 2334 3094 2389 quae
3120 2316 3384 2382 defertur,

1807 2406 2065 2484 locusque
2092 2416 2159 2469 ad
2183 2428 2343 2483 quem
2376 2413 2435 2466 lit
2458 2410 2643 2478 ﬂuxio,
2666 2411 2827 2466 fuerit
2854 2408 3183 2479 depressior.
3203 2406 3388 2476 Itaque

1809 2508 1854 2563 si
1886 2507 1998 2561 haec
2025 2514 2109 2561 est.
2136 2520 2290 2574 aqua!
2315 2512 2530 2569 natura,
2557 2511 2890 2574 praeceptum
2929 2502 3073 2571 quod
3103 2502 3273 2572 ipsam
3294 2499 3387 2571 ju-

1809 2599 1897 2652 bet
1937 2597 1988 2650 in
2013 2611 2174 2650 unam
2212 2595 2329 2664 cogi
2371 2594 2769 2660 collectionem,
2806 2594 2966 2648 inane
2993 2601 3076 2647 est
3110 2592 3296 2661 utique
3323 2604 3390 2644 ac

1810 2700 2291 2755 supervacaneum.
2348 2683 2485 2738 Nam
2538 2682 2784 2754 profecto
2846 2684 3084 2737 futurum
3136 2691 3257 2737 erat
3306 2692 3388 2748 ut,

1810 2782 2028 2845 propter
2065 2772 2363 2828 naturalem
2419 2788 2570 2827 suam
2599 2774 2665 2827 ad
2717 2772 2825 2827 ima
2873 2772 3291 2841 proclivitatem,
3324 2772 3390 2824 ad

1810 2867 1987 2921 locum
2018 2866 2255 2920 maxime
2282 2865 2521 2919 omnium
2558 2864 2820 2920 declivem
2876 2874 3071 2933 sponte
3123 2878 3219 2918 sua
3260 2878 3392 2919 con-

1811 2958 2064 3019 cederet,
2117 2966 2173 3011 et
2207 2971 2310 3010 non
2367 2955 2520 3024 prius
2571 2954 2783 3009 stabilis
2826 2954 3201 3023 ’permaneret,
3228 2968 3389 3022 quam

1811 3045 1926 3114 eius
1955 3055 2333 3116 exaequaretur
2356 3043 2693 3115 superﬁcies.
2730 3043 2886 3099 Nulla
2916 3044 3059 3099 enim
3084 3051 3268 3100 exstat
3314 3058 3397 3097 re-

1814 3138 1901 3205 gio
1952 3151 2203 3205 peraeque
2247 3135 2439 3206 plana,
2484 3150 2549 3191 ac
2593 3136 2705 3205 ipsa
2747 3145 2832 3191 est
2863 3148 3018 3202 aquae
3057 3132 3390 3204 superﬁcies.

1816 3231 2039 3297 Deinde,
2089 3231 2296 3301 inquiet
2323 3229 2463 3299 quis,
2498 3227 2764 3298 quomodo
2798 3226 2966 3297 jusste
2998 3233 3126 3281 sunt
3153 3239 3308 3294 aqua:
3341 3224 3393 3278 in

1816 3339 1977 3377 unam
2019 3336 2349 3379 concurrere
2374 3320 2770 3385 collectionem,
2802 3335 2925 3374 cum
2979 3317 3148 3373 multa
3180 3319 3399 3387 conspi-

1818 3417 2032 3471 cianlur
2071 3415 2276 3479 maria,
2325 3414 2666 3483 plurimoque
2723 3414 2867 3468 inter
2908 3426 2968 3467 se
3017 3410 3303 3466 intervallo
3334 3424 3398 3466 ac

1818 3513 1920 3567 situ
1952 3508 2264 3578 disparata?
2293 3507 2375 3563 Ad
2415 3508 2468 3562 id
2525 3507 2688 3578 igitur
2731 3507 2875 3579 quod
2905 3507 3082 3576 primo
3112 3505 3396 3575 quesitum

1818 3610 1926 3666 est,
1944 3601 2194 3664 dicimus,
2213 3598 2354 3670 quod
2380 3608 2434 3653 tu
2458 3600 2661 3669 optime
2676 3600 2895 3668 quidem
2915 3607 3036 3667 post
3057 3596 3396 3651 Dominicum

1820 3692 2107 3761 imperium
2153 3699 2355 3745 motum
2398 3705 2552 3759 aqua:
2594 3689 2933 3759 cognoveris,
2984 3702 3179 3758 aquam
3213 3685 3401 3742 videli-

1821 3793 1912 3839 cet
1970 3796 2188 3852 quoquo
2219 3796 2437 3836 versum
2484 3781 2673 3849 ﬂuere,
2728 3780 3143 3848 instabilemque
3178 3794 3320 3844 esse,
3345 3787 3404 3833 et

1822 3885 2014 3945 suapte
2050 3883 2240 3929 natura
2269 3874 2334 3927 ad
2361 3873 2637 3928 devexaet
2669 3887 2905 3927 concava
2934 3871 3056 3926 loca
3085 3869 3274 3925 dilabi.
3294 3867 3402 3924 Sed

1822 3966 1950 4035 quid
1980 3966 2129 4036 prius
2166 3965 2461 4020 obtinuerit
2506 3965 2729 4030 virium,
2771 3973 2897 4019 ante
2943 3963 3203 4018 nimirum
3237 3976 3401 4032 quam

1823 4071 2017 4111 cursus
2052 4055 2142 4110 hic
2171 4058 2219 4109 ei
2249 4055 2352 4109 isto
2395 4062 2667 4124 praecepto
2719 4053 3110 4125 ingigneretur,
3141 4066 3239 4106 nec
3260 4052 3403 4107 nosti

1824 4146 1962 4214 ipse,
2011 4160 2113 4199 nec
2143 4159 2471 4214 quemquam
2524 4143 2616 4214 qui
2670 4143 2906 4208 noverit,
2947 4143 3166 4196 audisti.
3213 4142 3404 4212 Cogita

1824 4235 1966 4289 enim
1998 4233 2092 4288 Dei
2149 4247 2336 4287 vocem
2388 4240 2598 4285 natura}
2633 4245 2756 4286 esse
2800 4230 3158 4292 ell'ectricem,
3204 4243 3269 4282 ac
3311 4242 3407 4296 per

1826 4331 2152 4395 piaeceptum
2212 4321 2364 4386 illud,
2397 4320 2540 4390 quod
2586 4330 2852 4375 creatura:
2900 4321 3085 4374 datum
3119 4327 3248 4373 tunc
3297 4327 3405 4381 est,

1826 4418 2045 4473 modum
2076 4432 2138 4469 ac
2154 4414 2399 4469 ordinem
2422 4414 2625 4469 creatis
2648 4414 2810 4469 rebus
2832 4413 2885 4467 in
2914 4411 3154 4466 futurum
3181 4410 3405 4480 imponi.

139 4508 266 4562 κατ’
296 4508 606 4582 ἰσομοιρίαν
649 4508 1030 4580 διαιρούμεναι
1058 4508 1151 4562 τὸν
1179 4508 1369 4580 χρόνον
1397 4508 1499 4560 οὐκ
1519 4505 1716 4578 ἀπολή-

1832 4510 2026 4564 Creata
2070 4515 2197 4561 sunt
2226 4506 2371 4559 enim
2403 4503 2571 4559 semel
2593 4504 2708 4558 dies
2730 4514 2784 4559 et
2822 4518 2965 4568 nox;
2998 4512 3052 4557 et
3078 4518 3145 4557 ex
3175 4501 3266 4557 illo
3291 4517 3411 4556 mo-

140 4617 356 4669 γουσιν.

216 4784 270 4839 5.
312 4782 675 4853 Συναχθήτω
688 4782 762 4838 τὰ
787 4783 998 4838 ὕδατα.
1034 4781 1357 4855 Ἐκελεύσθη
1385 4782 1597 4855 τρέχειν
1624 4780 1733 4835 τῶν

145 4876 401 4947 ὑδάτωνή
440 4874 603 4945 φύσις
641 4876 775 4947 (7|),
809 4876 905 4929 καὶ
941 4874 1197 4929 οὐδέποτε
1222 4874 1421 4946 κάμνει
1452 4873 1530 4943 τῷ
1564 4888 1732 4939 προσ-

143 4971 392 5041 τάγματι
457 4969 651 5041 ἐκείνῳ
688 4967 1168 5040 κατασπευδομένη
1229 4965 1511 5039 διηνεκῶς.
1562 4963 1733 5017 Τοῦτο

144 5062 205 5117 δὲ
249 5060 414 5129 λέγω,
445 5060 582 5131 πρὸς
612 5060 712 5131 τὴν
761 5061 927 5131 ρυτὴν
965 5058 1187 5130 ἀφορῶν
1230 5058 1342 5113 τῶν
1375 5056 1585 5111 ὑδάτων
1616 5055 1733 5125 μοῖ-

149 5172 273 5226 ραν.
293 5153 376 5206 Τὰ
404 5154 503 5224 μὲν
532 5154 641 5223 γὰρ
672 5154 956 5225 αὐτόματα
996 5156 1099 5225 ῥεῖ,
1131 5147 1241 5207 οἷον
1269 5152 1337 5206 τὰ
1382 5152 1619 5223 κρηναῖα
1642 5147 1737 5202 καὶ

145 5242 218 5294 τὰ
247 5244 522 5312 ποτάμια⁹
552 5242 622 5295 τά
648 5242 707 5296 δὲ
755 5241 1119 5314 συλλογιμαϊά
1146 5242 1263 5295 ἐστι
1309 5241 1404 5293 καὶ
1433 5239 1733 5310 ἀπόρευτα.

163 5331 306 5387 Ἀλλ’
339 5333 462 5402 ἐμοὶ
496 5333 590 5388 νῦν
621 5334 752 5405 περὶ
784 5334 895 5388 τῶν
920 5333 1238 5405 ὁρμητικῶν
1274 5332 1480 5388 ὑδάτων
1504 5334 1533 5385 ὁ
1556 5329 1735 5399 λόγος.

365 5580 502 5657 B93.
540 5593 726 5657 sextus
747 5585 983 5657 εἴρηταὲ

230 5650 345 5723 (69)
371 5650 728 5726 Sic_quinque
758 5650 891 5709 mss.
943 5653 1086 5709 Editi
1132 5651 1454 5726 cdpuﬂox
1501 5661 1741 5720 quatuor

160 5721 443 5796 111%};th
471 5721 957 5796 Boleperappuﬁ,
983 5727 1143 5796 bene.
1179 5721 1317 5796 Εἰιίιί
1357 5725 1631 5796 μεταρρῇ,

233 5763 1738 5866 ἧῖθῖἦὲίνῇἶίῖιιῖἓῧῖιί¹’ὅόιῖιὶὀὲῖ”ἑὲιτὲἒρ’ἒὲἐ¹ξ›²ἐρρε.

1830 4603 2010 4649 mento
2037 4594 2199 4647 etiam
2248 4605 2391 4645 nunc
2434 4590 2536 4644 sibi
2586 4589 2820 4644 invicem
2870 4589 3196 4655 succedere,
3248 4604 3311 4643 ac
3356 4589 3410 4642 in

1829 4696 2011 4757 partes
2044 4684 2281 4753 aequales
2310 4692 2518 4753 tempus
2551 4680 2793 4737 dividere
2825 4697 2930 4736 non
2957 4680 3233 4736 desinunt.

1899 4779 1953 4835 5.
1982 4776 2374 4847 Congregentur
2396 4791 2568 4845 aqum.
2610 4772 2767 4829 Jussa
2789 4781 2871 4827 est
2903 4786 3125 4827 currere
3149 4785 3413 4840 aquarum

1831 4882 2047 4937 natura,
2083 4888 2183 4926 nec
2210 4886 2446 4941 unquam
2481 4878 2755 4940 prtecepto
2793 4868 2886 4923 illo
2912 4883 3032 4924 eam
3064 4883 3277 4937 semper
3324 4883 3415 4921 ur-

1837 4976 1997 5036 gente
2034 4963 2313 5033 fatigatur.
2350 4961 2462 5016 Hoc
2485 4969 2668 5015 autem
2709 4959 2850 5025 dico,
2881 4959 2948 5013 ad
2979 4958 3197 5012 ﬂuidam
3241 4973 3416 5028 aqua-

1839 5072 1958 5111 rum
2016 5065 2221 5111 sortem
2279 5055 2599 5123 respiciens.
2645 5051 2780 5106 Alia;
2820 5051 3038 5122 quidem
3078 5065 3175 5106 sua
3224 5059 3419 5120 sponte

1841 5149 2033 5212 ﬂuunt,
2059 5146 2361 5233 cujusmodi
2387 5154 2513 5199 sunt
2542 5144 2777 5198 fontanae
2832 5154 2888 5200 et
2933 5142 3259 5198 ﬂuviatiles:
3298 5141 3420 5195 alia

1840 5255 1969 5294 vero
2002 5248 2130 5295 sunt
2173 5237 2478 5293 collectitia:
2512 5244 2568 5290 et
2596 5235 2839 5290 stabiles.
2895 5234 3053 5305 Atqui
3088 5248 3231 5288 nunc
3285 5233 3420 5287 mild

1843 5346 2023 5387 sermo
2050 5330 2224 5386 estde
2256 5328 2415 5399 aquis
2443 5328 2645 5396 impetu
2674 5327 2907 5396 quodam
2932 5326 3239 5382 commotis.
3266 5322 3422 5378 Can-

1842 5581 1965 5645 πές.
1988 5578 2122 5652 Reg.
2149 5580 2343 5636 tertius
2366 5580 2448 5634 ὅτι
2484 5576 2787 5652 διερρεπές.
2811 5575 3015 5652 Ibidem
3048 5574 3200 5630 deest
3227 5572 3342 5627 ἐστι
3366 5573 3421 5627 in

1842 5653 2005 5707 editis
2034 5667 2048 5703 :
2075 5647 2170 5705 sed
2193 5652 2467 5711 reperitur
2505 5647 2714 5703 in'mss.
2750 5647 3025 5703 omnibus.

1899 5721 2027 5806 ,(71)
2061 5720 2203 5779 Edili
2231 5720 2440 5776 ὑδάτων
2470 5720 2653 5792 φύσις.
2689 5719 2758 5774 At
2790 5733 2921 5774 mss.
2968 5715 3119 5773 mulli
3148 5715 3357 5771 ὑδάτων
3388 5713 3429 5786 ή

1843 5808 2025 5862 φυσις.
