3846 6218
452 273 522 330 33
597 340 605 349 .
1812 281 1872 338 s.
1915 278 2165 336 BASlLll
2202 278 2418 337 MAGNI
3659 273 3726 326 si

446 400 730 473 gregentttr
759 410 912 465 aqua:
951 411 1008 448 ιη
1057 396 1511 468 congregationem
1537 414 1721 452 unam.
1756 396 1897 453 Num
1939 415 2034 453 un-

2145 396 2506 465 Συναχθήτω
2523 396 2594 450 τὰ
2622 395 2812 449 ὕδατα
2836 395 2923 458 εἰς
2945 391 3488 462 συναγωγὴνθμίαν.
3505 391 3580 445 Εἴ
3598 392 3728 444 ποτε

448 500 608 552 quam
636 485 729 539 tibi
756 495 976 556 propter
1001 485 1108 557 35
1146 486 1350 543 fontem
1374 502 1572 557 aquam
1597 489 1875 560 c0piosam
1915 504 2041 559 ege-

450 586 655 631 rentem
677 577 841 633 stanti
869 578 1065 633 insedit
1083 578 1362 650 cogitatio,
1383 581 1505 650 quis
1526 596 1594 636 ex
1612 591 1771 636 terra:
1793 583 1920 637 sinu
1942 583 2042 635 im-

449 668 612 738 pellat
637 669 783 724 illam
823 671 1064 741 aquam?
1106 674 1231 741 quis
1281 674 1456 744 ipsam
1486 673 1714 730 ulterius
1740 675 2039 741 adurgeat}

448 761 626 830 qualia
674 760 781 816 sint
808 765 1174 832 promptuaria
1219 766 1362 820 unde
1386 766 1673 836 procedit?
1707 769 1831 836 quis
1857 768 1928 821 sit
1963 768 2040 820 lo-

448 868 546 907 cus
588 854 655 907 ad
681 868 842 923 quem
881 853 1142 910 festinat?
1163 858 1436 926 quomodo
1480 857 1697 913 tandem
1718 872 1895 928 neque
1927 860 2040 914 Inrc

449 945 731 1011 deﬁciant,
754 962 928 1016 neque
946 947 1033 1001 illa
1056 948 1414 1017 expleantur?
1440 947 1635 1005 lsthazc
1658 965 1724 1005 ex
1742 953 1916 1020 prima
1949 952 2036 1006 illa

447 1051 583 1092 voce
606 1038 930 1108 dependent.
951 1039 1080 1094 Inde
1095 1041 1316 1096 incitata
1336 1056 1477 1110 aqua
1502 1044 1665 1097 estad
1686 1043 2035 1098 currendum.

459 1128 543 1184 Ad
588 1144 809 1184 omnem
848 1145 1114 1198 aquarum
1174 1132 1477 1196 historiam,
1533 1133 1721 1201 prima:
1775 1134 1915 1188 illius
1945 1149 2039 1188 vo-

462 1221 563 1288 cis,
589 1220 980 1291 Congregentur
1007 1239 1176 1291 aqum,
1198 1238 1405 1277 memor
1431 1234 1569 1279 esto.
1592 1223 1888 1294 Oportebat
1920 1241 2033 1290 eas,

460 1322 520 1366 ut
547 1314 821 1382 proprium
856 1313 1029 1367 locum
1064 1325 1414 1382 occuparent,
1460 1315 1796 1385 decurrere;
1844 1317 2037 1373 deinde

451 1403 598 1472 ipsas
627 1403 679 1457 in
709 1404 926 1458 statutis
962 1403 1092 1458 locis
1148 1414 1385 1471 coactas,
1447 1406 1500 1460 in
1551 1408 1749 1477 seipsis
1793 1424 2033 1476 manere,

452 1511 554 1551 nec
588 1495 816 1552 ulterius
842 1498 1110 1567 progredi.
1148 1498 1489 1569 Quapropter
1545 1503 1843 1555 secundum
1894 1502 2033 1557 hanc

450 1588 792 1643 Ecelesiasta:
824 1590 1171 1653 sententiam,
1208 1589 1400 1645 Omnes
1431 1602 1682 1645 torrentes
1731 1593 1923 1646 vadunt
1978 1594 2033 1646 in

450 1697 617 1747 mare,
639 1692 686 1735 et
740 1697 884 1734 mare
917 1698 1020 1735 non
1075 1691 1149 1735 est
1188 1682 1456 1749 impletum
1483 1685 1551 1736 θ’.
1589 1685 1719 1737 Nam
1759 1696 1814 1739 et
1863 1684 2033 1740 ﬂuunt

2144 506 2226 542 σοι
2272 489 2365 542 ἐπὶ
2416 490 2626 560 κρήνης
2669 487 2867 541 ἑστῶτι
2908 485 3141 555 ἄφθονον
3187 485 3331 555 ὓδωρ
3369 483 3727 553 ἀναδιδούσης

2141 581 2318 635 ἔννοια
2343 581 2582 649 ἐγένετο,
2608 579 2691 644 τίς
2717 579 2745 631 ὁ
2786 578 2945 631 ὠθῶν
2989 579 3056 630 ἐκ
3080 576 3186 630 τῶν
3217 576 3457 644 λαγόνων
3488 575 3599 645 τῆς
3626 576 3730 643 γῆς

2141 672 2310 726 τοῦτο
2336 672 2448 742 (72)
2487 672 2549 725 τὸ
2579 670 2758 742 ὖδωρς
2793 669 2876 733 τίς
2918 672 2946 722 ό
2986 668 3224 737 ἐπείγων
3252 668 3346 720 ἐπὶ
3391 667 3461 720 τὰ
3492 668 3726 739 πρόσω;

2140 767 2269 817 ποῖα
2314 766 2517 834 ταμεῖα
2559 762 2682 816 ὅθεν
2732 760 3090 833 προέρχεται;
3133 760 3216 823 τίς
3257 761 3286 811 ὁ
3334 760 3501 821 τόπος
3554 759 3647 827 ἐφ’
3672 758 3730 810 δν

2141 858 2456 926 ἐπείγεται;
2489 855 2605 919 πῶς
2627 854 2725 909 καὶ
2753 854 2928 907 ταῦτα
2953 854 3054 906 οὐκ
3070 852 3312 906 ἐκλείπει
3330 851 3466 921 (75),
3495 851 3732 904 κάκεῖνα

2139 951 2240 1002 οὐκ
2262 948 2682 1018 άποπίμπλαται
2699 965 2714 1013 ;
2732 945 2917 1000 Ταῦτα
2935 946 3034 1016 τῆς
3054 943 3277 1015 πρώτης
3303 943 3522 1013 ἐκείνης
3541 944 3729 1013 φωνῆς

2138 1042 2392 1112 ἢρτηται.
2424 1039 2664 1093 Ἐκεῖθεν
2681 1037 2776 1091 τοῦ
2801 1037 3015 1109 τρέχειν
3047 1037 3127 1108 τῷ
3158 1036 3310 1090 ὕδατι
3337 1037 3399 1090 τὸ
3419 1036 3727 1107 ἐνδόσιμον.

2136 1133 2292 1187 Κατὰ
2326 1133 2505 1185 πᾶσαν
2551 1131 2791 1203 ἱστορίαν
2819 1131 3048 1195 ὑδάτων,
3082 1130 3328 1201 μέμνησο
3360 1129 3463 1199 τῆς
3496 1128 3733 1200 πρώτης

2141 1226 2346 1296 φωνῆς·
2377 1223 2742 1293 Συναχθήτω
2775 1221 2849 1275 τὰ
2877 1222 3086 1277 ὕδατα.
3118 1221 3265 1274 Ἔδει
3286 1221 3519 1291 δραμεῖν
3559 1221 3729 1283 αὐτὰ,

2139 1317 2226 1369 ἵνα
2250 1316 2346 1387 τὴν
2373 1316 2579 1369 οἰκείαν
2607 1315 2886 1387 καταλάϐῃ
2922 1314 3031 1385 (74)
3060 1312 3263 1385 χώραν’
3298 1310 3416 1366 εἶτα
3449 1313 3733 1382 γενόμενα

2136 1414 2195 1465 ἐν
2219 1414 2331 1474 τοῖς
2354 1409 2763 1481 ἀφωρισμένοις
2793 1407 2999 1471 τόποις,
3039 1407 3217 1477 μένειν
3243 1406 3327 1473 ἐφ’
3357 1404 3596 1468 ἑαυτῶν,
3636 1408 3735 1457 καὶ

2138 1504 2211 1575 μὴ
2244 1505 2439 1573 χωρεῖν
2483 1500 2813 1572 περαιτέρω.
2850 1500 2949 1552 Διὰ
2981 1498 3158 1563 τοῦτο,
3185 1497 3325 1551 κατὰ
3355 1497 3450 1549 τὸν
3484 1496 3585 1550 τοῦ
3616 1498 3731 1567 (75)

2147 1590 2573 1661 Ἑκκλησιαστοῦ
2611 1589 2789 1658 λόγον,
2823 1589 3050 1653 Πάντες
3065 1590 3118 1640 οἱ
3151 1586 3451 1655 χείμαῤῥοι
3483 1586 3587 1638 ἐπὶ
3617 1586 3735 1650 τὴν

2136 1686 2453 1736 θάλασσαν
2483 1682 2856 1749 πορεύονται,
2908 1678 3005 1732 καὶ
3034 1680 3072 1746 ἡ
3101 1677 3380 1732 θάλασσα
3407 1680 3522 1730 οὐκ
3553 1677 3737 1730 ἐστιν

451 1788 609 1837 aqua:
638 1773 691 1826 vi
724 1773 890 1826 divini
928 1774 1201 1842 prmcepti,
1233 1784 1289 1828 et
1319 1775 1487 1829 maris
1522 1776 1663 1829 intra
1694 1791 1822 1832 suos
1845 1780 2031 1831 termi-

2145 1747 2618 1847 ἐμπιμπλαμένη.
2658 1772 2876 1843 Ἐπειδὴ
2910 1771 3002 1825 καὶ
3037 1772 3098 1824 τὸ
3149 1773 3262 1842 ρεἶν
3288 1772 3399 1833 τοῖς
3427 1770 3590 1823 ὕδασι
3642 1770 3736 1823 διὰ

451 1878 551 1919 nos
581 1864 1011 1933 circumscriptio
1036 1881 1064 1918 a
1097 1867 1267 1934 prima
1310 1866 1441 1936 legis
1472 1868 1757 1923 sanctione
1783 1870 1983 1939 pendet
2015 1887 2030 1924 :

451 1954 843 2027 Congregentur
873 1974 1024 2027 aqua:
1074 1959 1127 2011 in
1154 1961 1604 2030 congregationem
1659 1975 1840 2013 unam.
1870 1960 1940 2015 Ut
1968 1977 2035 2016 ne

451 2047 696 2104 dililuens
721 2063 879 2119 aqua,
913 2050 964 2103 in
1002 2052 1247 2117 regiones
1279 2051 1448 2119 ipsam
1476 2051 1811 2121 excipientes
1837 2051 2031 2120 effusa,

452 2139 852 2209 transgrediens
881 2152 1117 2206 semper,
1137 2150 1297 2209 atque
1320 2141 1454 2196 alias
1483 2151 1606 2211 post
1631 2142 1766 2197 alias
1789 2145 2031 2213 explens,

450 2243 664 2285 omnem
694 2239 892 2284 terram
940 2234 1306 2287 continentem
1341 2234 1648 2297 inundaret.
1688 2237 1840 2304 jussu
1867 2251 1948 2295 est
1982 2244 2031 2293 iu

454 2337 615 2375 unam
677 2326 1152 2393 congregationem
1198 2326 1393 2396 colligi.
1444 2327 1526 2383 Ob
1561 2329 1613 2384 id
1664 2346 2035 2400 saepenumero

453 2413 837 2469 ventisJ’urens
870 2431 1037 2479 mare,
1061 2426 1246 2486 etpras
1286 2418 1534 2475 ﬂuctibus
1558 2422 1610 2475 in
1638 2424 1926 2478 maximam
1956 2426 2035 2478 al—

452 2505 736 2559 titudinem
787 2522 1104 2577 exsurgens,
1140 2510 1227 2563 ubi
1270 2510 1448 2564 littora
1500 2512 1673 2567 solum
1708 2515 1904 2584 attigit,
1947 2517 2038 2569 im-

453 2604 577 2664 petu
629 2596 681 2649 in
736 2611 981 2664 spumam
1020 2598 1314 2663 dissoluto,
1348 2602 1655 2659 revertitur.
1681 2604 1763 2658 An
1811 2622 1891 2658 me
1935 2623 2037 2659 non

453 2684 719 2749 timebitis,
746 2688 873 2740 dicit
909 2688 1182 2754 Dominus,
1216 2693 1305 2759 qui
1334 2695 1485 2760 posui
1515 2711 1730 2749 arenam
1762 2698 2036 2752 terminum

453 2778 592 2828 mari
623 2775 667 2806 “
696 2776 723 2828 τ
748 2776 893 2832 Mare
936 2779 1089 2846 cujus
1133 2780 1381 2836 violentia
1417 2782 1545 2837 ferri
1589 2800 1693 2839 non
1736 2796 1943 2853 potest,
1981 2805 2038 2842 re

454 2867 693 2919 omnium
732 2866 1115 2922 invalidissima
1139 2909 1155 2934 ,
1184 2886 1346 2926 arena
1391 2873 1595 2929 scilicet
1634 2876 1937 2930 refrenatur
1977 2894 2039 2933 ac

455 2968 751 3010 coercetur.
806 2957 1016 3028 Alioqui
1056 2960 1184 3029 quid
1240 2963 1549 3031 prohiberet
1596 2980 1745 3020 mare
1798 2965 2036 3023 Rubrum

2134 1868 2194 1922 τὸ
2220 1868 2361 1922 θεῖον
2397 1868 2745 1938 πρόσταγμα,
2797 1865 2889 1917 καὶ
2929 1864 2990 1917 τὸ
3022 1863 3154 1916 εἴσω
3190 1862 3298 1915 τῶν
3326 1864 3468 1933 ὅρων
3495 1878 3733 1931 περιγε-

2135 1960 2376 2033 γράφθαι
2414 1960 2526 2030 (76)
2554 1959 2653 2028 τὴν
2683 1957 2979 2021 Θάλασσαν,
3042 1954 3149 2009 ἀπὺ
3179 1956 3278 2025 τῆς
3327 1954 3551 2026 πρώτης
3612 1956 3735 2008 ἐστὶ

2132 2049 2476 2121 νομοθεσίαςο
2526 2046 2892 2117 Συναχθήτω
2918 2046 2990 2099 τὰ
3020 2045 3207 2098 ὕδατα
3236 2048 3323 2111 εἰς
3357 2045 3736 2114 συναγωγὴν

2126 2142 2294 2211 μίαν.
2316 2141 2433 2193 Ἵνα
2464 2138 2615 2210 μὴτὸ
2643 2137 2899 2211 ἐπιρρέον
2931 2136 3096 2209 ὕδωρ,
3122 2136 3231 2190 τῶν
3258 2136 3565 2206 δεχομένων
3596 2138 3736 2191 αὐτὸ

2133 2234 2347 2305 χωρίων
2394 2230 2815 2302 ὑπερχεόμενον,
2847 2228 3197 2300 μετεκὸαἶνον
3228 2229 3314 2281 ἀεὶ
3364 2228 3462 2280 καὶ
3494 2228 3638 2281 ἄλλα
3669 2230 3731 2294 ἐξ

2135 2325 2309 2379 ἄλλων
2350 2322 2612 2395 πληροῦν,
2677 2324 2858 2375 πᾶσαν
2905 2321 3046 2375 κατὰ
3094 2320 3154 2373 τὸ
3203 2320 3423 2390 συνεχὲς
3451 2320 3731 2392 ἐπικλύσῃ

2134 2418 2233 2488 τὴν
2262 2417 2510 2487 ἤπειρον,
2569 2413 2865 2484 ἐκελεύσθη
2909 2412 3237 2482 συναχθῆναι
3269 2413 3351 2475 εἰς
3398 2413 3729 2482 συναγωγὴν

2138 2507 2288 2577 μίαν.
2342 2505 2441 2559 Διά
2490 2505 2649 2559 τοῦτο
2698 2503 3001 2575 μαινομένη
3058 2502 3315 2565 πολλάκις
3348 2501 3407 2567 ἐξ
3436 2503 3664 2572 ἀνέμων
3693 2507 3728 2573 ἡ

2137 2599 2402 2661 θάλασσα,
2437 2599 2532 2651 καὶ
2589 2599 2668 2661 εἰς
2708 2597 2843 2665 ὕψος
2881 2596 3136 2667 μέγιστον
3190 2594 3580 2669 διανισταμένη
3614 2599 3730 2660 tot;

2137 2688 2397 2759 κύμασιν,
2450 2686 2668 2740 ἐπειδὰν
2716 2686 2875 2755 μόνον
2904 2684 3012 2737 τῶν
3065 2682 3328 2753 αἰγιαλῶν
3369 2683 3605 2754 ἅψηται,
3649 2687 3733 2748 εἰς

2140 2780 2317 2851 ἀφρὸν
2362 2779 2662 2832 διαλύσασα
2712 2778 2812 2848 τὴν
2865 2777 3042 2848 ὁρμὴν
3100 2775 3419 2845 ἐπανῆλθεν.
3494 2778 3572 2831 Ἢ
3626 2779 3735 2848 ἐμὲ

2137 2874 2209 2925 οὑ
2261 2869 2376 2942 (77)
2403 2868 2846 2939 φοϐηθήσεσθε,
2876 2866 3039 2938 λέγει
3084 2869 3319 2936 Κύριος,
3350 2868 3462 2922 τὸν
3487 2869 3735 2924 τιθέντα

2137 2960 2331 3030 ἄμμον
2346 2959 2513 3027 ὅριον
2533 2958 2607 3027 τῇ
2632 2958 2914 3026 θαλάσσῃ
2943 2974 2962 3021 ;
2995 2957 3085 3029 Τῷ
3098 2960 3480 3031 ἀσθενεστάτῳ
3502 2962 3731 3015 πάντων

454 3061 667 3102 omnem
700 3048 989 3121 Aﬂgyptum
1014 3067 1069 3105 se
1099 3053 1213 3121 ipso
1246 3053 1617 3109 demissiorem
1645 3056 1901 3114 invadere
1922 3061 2034 3122 ,ei-

2145 3056 2204 3124 τῇ
2224 3054 2435 3124 ψάμμῳ
2462 3055 2493 3124 ἡ
2536 3054 2653 3115 ταῖς
2686 3052 2837 3122 βίαις·
2863 3051 3139 3123 ἀφόρητος
3187 3052 3551 3146 χαλινοῦται..
3574 3055 3732 3107 Ἐπεὶ

456 3153 560 3207 que
584 3140 944 3211 pelago,quod
975 3141 1211 3215 Egypto
1237 3144 1445 3215 adjacet
1472 3147 1740 3219 conjungi,
1767 3150 1866 3204 nisi
1896 3162 2034 3207 esset

2145 3146 2194 3200 τί
2222 3146 2429 3199 ἐκώλυε
2468 3146 2567 3216 τὴν
2613 3143 2879 3215 Ἐρυθρὰν
2915 3143 3187 3197 θάλασσαν
3220 3145 3400 3197 πᾶσαν
3422 3140 3732 3215 τῆν’Δῐγυ-

455 3230 761 3286 Conditoris
780 3243 1045 3302 praecepto
1066 3234 1376 3303 alligatum?
1395 3234 1530 3291 Nam
1561 3239 1650 3307 qui
1687 3241 1854 3295 maria
1877 3240 2034 3313 113w-

2145 3254 2274 3291 πτον
2295 3236 2607 3307 κοιλοτέραν
2634 3230 2800 3288 οὖσαν
2818 3237 3017 3305 ἑαυτῆς
3044 3233 3308 3299 ἐπελθεῖν,
3331 3234 3428 3288 καὶ
3450 3236 3733 3306 συναφθῆ-

454 3323 694 3393 ptiacum
726 3335 781 3379 et
806 3323 1070 3390 Indicum,
1102 3327 1153 3379 in
1186 3342 1292 3395 quo
1313 3337 1397 3382 est
1420 3344 1568 3384 mare
1603 3329 1869 3395 Rubrum.
1901 3333 2034 3389 inter

2145 3326 2325 3398 ναιτῷ
2356 3325 2746 3397 παρακειμένῳ
2773 3328 2838 3396 τῇ
2888 3325 3149 3395 Αἰγύπτῳ
3179 3325 3428 3394 πελάγει,
3454 3329 3504 3380 εἰ
3540 3329 3625 3401 μὴ
3655 3329 3734 3399 τῷ

455 3427 516 3468 se
549 3415 881 3485 conjungere
935 3417 1238 3479 voluerunt,
1270 3418 1304 3472 ii
1335 3417 1631 3491 Egyptum
1688 3425 1826 3477 mari
1856 3423 2034 3481 Rubro

2145 3419 2525 3491 προστάγματι
2574 3413 2641 3489 ἦν
2700 3417 3053 3488 πεπεδημένη
3099 3416 3193 3470 τοῦ
3243 3418 3567 3484 κτίσαντος;
3609 3422 3735 3474 Ὀτι

455 3506 827 3563 demissioreui
855 3523 976 3587 esse
1008 3511 1165 3566 nobis
1196 3511 1375 3582 reipsa
1398 3523 1802 3581 persuaserunt.
1833 3515 2039 3583 Quam-

454 3600 641 3654 obrem
666 3602 924 3657 destitere
958 3602 1027 3657 ab
1059 3605 1276 3674 incepto
1320 3603 1609 3676 Egyptius
1629 3606 1719 3663 ille
1750 3605 2037 3674 Sesostris,

453 3691 548 3761 qui
583 3692 635 3747 id
663 3708 950 3764 aggressus
977 3706 1061 3752 est
1089 3698 1316 3766 primus,
1343 3708 1573 3768 tumque
1602 3699 1797 3755 Darius
1829 3700 2037 3767 Medus,

455 3782 546 3852 qui
576 3784 677 3838 hoc
708 3772 880 3854 ipsum
926 3788 1187 3855 perlicere
1222 3789 1275 3843 in
1309 3791 1547 3844 animum
1578 3790 1882 3848 induxerat.
1912 3791 2038 3849 Haec

455 3887 489 3928 ο
520 3888 608 3928 me
633 3873 774 3929 dicta
802 3886 948 3942 sunt,
978 3887 1037 3932 ut
1082 3879 1190 3934 vim
1223 3890 1387 3949 atque
1417 3877 1712 3935 efﬁcaciam
1765 3882 2035 3953 intelliga-

454 3974 578 4018 mus
632 3963 796 4030 illius,
845 3966 1236 4039 Congregentur
1268 3960 1419 4041 aqua:
1470 3971 1549 4026 in°
1580 3973 2037 4043 congregationem

454 4070 637 4109 unam.
668 4054 778 4112 Hoc
800 4067 903 4126 est,
930 4061 1049 4114 Alia
1082 4069 1203 4129 post
1234 4062 1372 4116 hanc
1419 4064 1771 4133 congregatio
1814 4065 2036 4120 minime

457 4146 551 4200 ﬁat
571 4186 586 4211 ,
621 4147 712 4203 sed
742 4149 794 4205 id
820 4151 961 4221 quod
993 4151 1279 4208 collectum
1308 4161 1409 4220 est,
1432 4154 1483 4208 in
1513 4153 1686 4224 prima
1716 4154 2035 4211 collectione

455 4249 785 4307 permaneat.

531 4511 580 4564 4.
628 4511 829 4569 Deinde
879 4514 970 4583 qui
1024 4529 1191 4584 aquas
1239 4515 1375 4571 dixit
1423 4517 1739 4588 congregari
1775 4518 1827 4574 in
1864 4533 2025 4574 unam

531 4647 575 4679 ”
607 4647 785 4702 Eccle.
818 4664 858 4714 ι,
897 4647 948 4704 7.
1028 4648 1074 4680 ⁸⁸
1110 4647 1221 4704 Jer.
1251 4664 1305 4713 v,
1336 4647 1430 4707 23.

533 4778 646 4851 (72)
667 4778 742 4851 Ita
764 4794 896 4851 mss.
931 4783 1205 4851 permulti.
1239 4783 1402 4840 Deest
1421 4784 1581 4839 τοῦτο
1607 4786 1662 4841 in
1687 4785 1878 4841 editis.

456 4920 489 4973 λ
529 4844 642 4935 (75)
672 4850 749 4903 lta
779 4844 997 4921 plurimi
1030 4868 1161 4908 mss.
1198 4854 1341 4909 Editi
1367 4871 1491 4911 cum
1522 4854 1660 4926 Reg.
1702 4858 1865 4911 tertio
1903 4858 2029 4911 ἐπι-

492 4937 658 4974 ειπει.

531 4990 644 5069 (74)
672 4987 806 5069 Reg.
837 5001 1023 5046 sextus
1048 4991 1378 5069 καταλάϐοι.
1404 4993 1703 5067 Aliquanto
1736 5004 1860 5066 post
1895 4995 2029 5069 Reg.

456 5059 664 5134 primus
694 5060 768 5134 μὴ
799 5065 1120 5134 συγχωρεῖν.

531 5129 771 5201 (775)78ic
802 5129 934 5188 mss.
967 5129 1160 5189 nostri.
1202 5133 1364 5190 Deest
1386 5134 1483 5189 τοῦ
1507 5136 1559 5189 in
1587 5133 1825 5193 edltione
1849 5137 2028 5196 Paris.

456 5200 670 5269 Anglici
712 5201 934 5277 quidam
980 5203 1034 5257 in
1091 5204 1271 5277 pacati
1321 5206 1466 5261 notis
1511 5204 2028 5277 Ἑκκλησιαστικοῦ,

455 5280 649 5346 contra
673 5274 1055 5327 auctoritatem
1090 5273 1355 5328 librorum
1391 5286 1502 5330 tum
1526 5273 1881 5346 excusorum,
1915 5288 2029 5333 tum

459 5340 670 5394 calamo
696 5352 1068 5397 exaratorum.

667 5407 760 5485 Sjc
785 5412 1026 5485 quinque
1057 5426 1189 5485 mss.
1218 5409 1364 5485 Editi
1389 5414 1852 5485 περιγράφεσθαι.

531 5431 642 5478 μυ)
668 5431 760 5465 mc
785 5431 1026 5493 qumque
1057 5431 1189 5468 mss.
1219 5431 1364 5502 [40".]
1389 5431 1860 5538 περιὶραφεσυαι..

531 5479 982 5607 ςᾶὶξὲεσξιιίἓ
991 5482 1385 5607 ἓέῗτξξὲῆιῗέ
1401 5484 1564 5607 ἑθίιίο
1590 5485 1664 5607 g2
1673 5485 2036 5607 Γξὲὲξέλιῗόὲῖ

463 5548 558 5600 tlm
576 5548 718 5627 Reg.
751 5548 972 5616 quintus
997 5551 1122 5622 ὅρια
1141 5548 1246 5627 τῇ,Δ
1263 5552 1383 5608 Mox
1401 5555 1564 5609 editio
1591 5548 1764 5627 Paris.
1792 5554 2035 5627 χαλινοῦ-

462 5633 552 5693 ται
575 5615 820 5693 θάλασσα
842 5635 864 5693 _:
891 5635 1013 5689 quae
1033 5615 1144 5693 vox
1163 5615 1406 5677 θάλασσα
1440 5626 1707 5693 reperitur
1730 5615 1947 5688 quidem
1981 5628 2033 5680 in

466 5685 706 5754 Anglicis
732 5686 887 5743 libris
908 5685 945 5743 ’τ
983 5690 1079 5746 sed
1114 5691 1269 5749 deest
1304 5694 1359 5750 in
1414 5685 1643 5765 utroque
1693 5685 1828 5752 Duc.
1878 5706 1936 5754 et
1980 5698 2033 5752 in

2136 3511 2245 3583 γὰρ
2296 3509 2653 3580 ταπεινοτέρα
2683 3511 2783 3582 τῆς
2827 3509 3092 3583 Ἐρυθρᾶς
3137 3509 3414 3580 θαλάσσης
3446 3514 3480 3582 ἡ
3550 3513 3735 3580 Αἴγυ-

2138 3620 2291 3666 πτος,
2327 3602 2474 3674 ἔργῳ
2491 3602 2714 3655 ἔπεισαν
2743 3604 2890 3673 ἡμᾶς
2923 3605 2971 3656 οἰ
2995 3602 3320 3674 θελήσαντες
3352 3602 3615 3674 ἀλλήλοις
3666 3604 3734 3658 τὰ

2138 3694 2349 3764 πελάγη
2378 3692 2634 3763 συνάψαι,
2660 3693 2722 3746 τό
2750 3710 2811 3746 τε
2841 3693 3139 3762 Αἰγύπτιον
3160 3694 3254 3747 καὶ
3277 3695 3339 3747 τὸ
3386 3695 3644 3763 Ἰνδικὸν,
3674 3698 3732 3749 ἐν

2135 3779 2247 3857 ᾧή
2308 3784 2546 3856 Ἐρυθρά
2591 3786 2706 3837 ἐστι
2756 3784 2869 3855 (78)
2920 3784 3180 3838 θάλασσα.
3227 3784 3429 3856 Διόπερ
3489 3786 3731 3858 ἐπέσχον

2133 3877 2233 3948 τὴν
2255 3877 2599 3948 ἐπιχείρησιν
2631 3876 2660 3929 δ
2682 3892 2742 3929 τε
2801 3876 3018 3948 πρῶτος
3069 3877 3182 3948 (79)
3213 3877 3521 3948 ἀρξάμενος
3551 3880 3733 3934 Σέσω-

2135 3984 2290 4038 στρις
2313 3968 2343 4020 ό
2372 3968 2691 4037 Αἰγύπτιος,
2734 3967 2828 4020 καὶ
2879 3969 2908 4022 ὁ
2939 3968 3076 4038 μετὰ
3102 3966 3277 4021 ταῦτα
3302 3968 3413 4039 (80)
3441 3968 3733 4042 positos“;

2133 4056 2605 4129 ἐπεξεργάσασθαι
2665 4058 2889 4130 Δαρεῖος
2916 4061 2945 4111 ό
2970 4057 3174 4129 Μῆδος.
3228 4057 3415 4113 Ταῦτά
3453 4077 3547 4130 μοι
3570 4062 3732 4132 εἰρη-

2131 4168 2241 4213 ται,
2272 4149 2360 4202 ἵνα
2402 4150 2686 4220 νοήσωμεν
2732 4148 2827 4201 τοῦ
2867 4148 3289 4219 προστάγματος
3318 4149 3419 4222 τὴν
3466 4149 3727 4222 δύναμιν·

2131 4241 2492 4309 Συναχθήτω
2523 4241 2796 4295 τὰῦδατα
2842 4242 2930 4307 εις
2957 4239 3319 4311 συναγωγὴν
3349 4243 3522 4311 μίαν,
3560 4244 3732 4299 Τουτ-

2132 4332 2304 4398 έστιν,
2327 4333 2496 4403 ’Ἄλλη
2530 4333 2638 4386 ἀπὸ
2664 4332 2868 4401 ταύτης
2902 4332 2976 4403 μὴ
3014 4333 3435 4403 άπογενηθήτω,
3495 4334 3620 4388 ἀλλ’
3670 4336 3730 4387 ἐν

2051 4439 2103 4498 ο
2128 4428 2193 4497 τῇ
2225 4428 2418 4497 πρώτῃ
2449 4424 2680 4497 συλλογῇ
2714 4427 3066 4495 ἀπομεινάτω
3092 4424 3155 4477 τὸ
3184 4425 3583 4495 συναγόμενον.

2201 4518 2255 4571 4.
2294 4517 2527 4570 Ἔπειτα
2563 4516 2781 4571 ὁείπὼν
2812 4515 3143 4587 συναχθῆναι
3184 4516 3254 4570 τὰ
3281 4516 3454 4570 ὕδατα
3487 4520 3727 4583 εἰς-συν-

2134 4805 2227 4846 sex
2261 4791 2379 4846 aliis
2403 4804 2543 4845 mss-
2577 4804 2690 4845 non
2717 4804 2875 4845 secus
2902 4805 2968 4844 ac
3011 4789 3065 4843 in
3104 4788 3344 4843 editione
3390 4787 3566 4847 Basil.
3617 4793 3726 4848 Eu-

2137 4863 2373 4916 stathius
2406 4870 2584 4915 tamen
2616 4862 3029 4928 interpretatur,
3061 4859 3229 4914 Iussu
3275 4858 3374 4928 Dei
3405 4862 3723 4916 violentiam

2138 4933 2302 4986 maris
2343 4930 2536 4999 frenat.
2588 4926 2939 4999 Aristotelen:
3004 4940 3222 4984 secutus
3285 4926 3527 4986 Basilius
3578 4932 3727 4986 aﬂir-

2141 5003 2305 5055 mavit
2344 4997 2642 5069 Egyptnm
2697 5000 2831 5052 mari
2884 4997 3071 5053 Rubro
3133 4998 3541 5069 depressiorem
3605 5018 3725 5056 esse

2139 5080 2300 5142 atque
2339 5066 2681 5142 humiliorem
2714 5070 3094 5142 :sedUStrabo
3149 5066 3374 5142 natione
3419 5070 3719 5142 Egyptius

2131 5137 2329 5195 falsum
2364 5139 2416 5193 id
2460 5154 2583 5194 esse
2641 5138 2807 5191 tradit
2841 5138 2935 5191 lib.
2989 5155 3123 5195 xvu.
3178 5137 3356 5207 Legas
3398 5137 3589 5195 velim‘
3614 5141 3724 5194 Du-

2129 5224 2299 5264 caeum
2326 5224 2390 5263 ea
2414 5209 2479 5263 de
2508 5224 2564 5263 re
2589 5208 2799 5262 erudite
2819 5209 3197 5263 disserentem.

2204 5278 2315 5351 (78)
2341 5280 2429 5351 lta_
2441 5279 2607 5351 editio
2632 5277 2800 5332 Basil.
2826 5294 2950 5331 cum
2997 5294 3093 5334 sex
3123 5294 3258 5334 mss.
3301 5277 3467 5335 Deest
3498 5282 3616 5334 ἐστι
3659 5282 3714 5333 in

2130 5348 2369 5403 editione
2401 5348 2574 5403 Paris.

2208 5418 2319 5490 (79)
2358 5418 2435 5471 Ita
2463 5419 2679 5490 codices
2722 5431 2841 5473 sex.
2872 5418 3008 5489 Reg.
3042 5427 3270 5474 octavus
3315 5417 3409 5471 ὅτε
3458 5418 3707 5490 πρώτως.

2137 5487 2297 5543 Deest
2322 5489 2412 5540 ὅτε
2441 5490 2492 5540 in
2527 5487 2708 5542 editis.

2205 5558 2315 5629 (80)
2337 5557 2448 5611 Kal
2468 5560 2504 5629 55
2522 5557 2673 5626 μετὰ
2698 5556 2902 5629 ταῦτα.
2939 5556 3071 5629 Reg.
3101 5567 3308 5629 sextus
3329 5551 3464 5610 εἶτα
3487 5558 3549 5612 ό.
3573 5556 3705 5614 Infra

2136 5622 2407 5686 idem'ms.
2439 5622 2584 5699 εἶχον
2619 5628 2802 5684 πᾶσαν
2826 5622 3166 5683 τῶν-ὑδάτων
3198 5626 3493 5699 συλλογήν.
