3846 6218
141 318 216 372 85
1281 316 1568 373 HOMILIA
1610 315 1678 372 iV
1719 315 1787 371 IN
1827 319 2328 378 HEXAEMEBON.
3339 317 3407 372 86

140 433 368 502 αγωγὴν
395 433 545 503 μίαν,
587 432 756 498 ἐδειξέ
804 451 885 488 σοι
915 433 998 486 ὅτι
1031 432 1210 487 πολλὰ.
1235 428 1306 504 ἦν
1325 433 1476 486 κατὰ
1500 433 1720 496 πολλοὺς

1830 438 2326 508 congregationem,
2382 437 2645 506 plurimas
2705 434 2870 490 fuisse
2913 447 3082 502 aquas
3121 447 3216 501 per
3246 434 3408 490 multa

139 524 342 586 τόπους
373 523 677 596 διῃρημένα
732 524 802 577 τὰ
855 524 1044 578 ὕδατα.
1093 525 1163 577 Αἰ
1185 542 1243 577 τε
1282 524 1392 594 γὰρ
1443 524 1550 576 τῶν
1582 524 1724 594 ὀρῶν

139 613 472 685 κοιλότητες,
517 612 760 686 φάραγξι
806 615 1050 685 βαθείαις
1085 617 1522 686 ὑπερρηγμέναι,
1581 612 1725 684 εἶχον

137 705 249 758 τῶν
279 706 488 760 ὑδάτων
521 709 620 778 τὴν
650 709 932 781 συλλογήν.
961 710 1074 764 Καὶ
1105 711 1329 780 προσέτι
1361 709 1519 762 πεδία
1550 708 1725 762 πολλά

135 815 198 850 τε
252 798 345 851 καὶ
407 797 575 852 ὕπτια
629 800 780 855 οὐδὲν
824 801 936 871 (81)
983 800 1092 854 τῶν
1149 801 1419 871 μεγίστων
1470 798 1725 868 πελαγῶν

137 887 284 942 κατὰ
331 889 392 942 τὸ
435 889 662 960 μέγεθος
721 891 1040 954 ἀποδέοντα,
1097 893 1192 944 καὶ
1240 889 1480 954 αὐλῶνες
1516 891 1722 960 μυρίοι,

136 983 237 1036 καὶ
263 984 320 1036 αἱ
347 982 594 1047 κοιλάδες
627 986 747 1037 κατ’
790 983 926 1038 ἄλλα
959 983 1053 1036 καὶ
1079 983 1215 1037 ἄλλα
1243 985 1499 1055 σχήματα
1523 985 1726 1037 κοιλαιν-

136 1076 382 1145 νόμεναι,
420 1075 596 1138 πάντα
630 1076 840 1130 ὑδάτων
885 1076 1006 1129 τότε
1058 1076 1490 1147 πεπληρωμένα,
1523 1078 1724 1130 ἀπεκε-

135 1165 286 1236 νὼθη
309 1167 388 1237 τῷ
422 1167 552 1238 θείῳ
607 1167 1009 1239 προστάγματι,
1067 1168 1202 1238 πρὸς
1235 1168 1362 1238 μίαν
1404 1168 1726 1236 συναγωγὴν

133 1255 234 1310 τοῦ
265 1257 606 1327 πανταχόθεν
663 1257 853 1320 ὓδατος
903 1256 1342 1318 συνελασθέντος.
1391 1257 1502 1308 Καὶ
1538 1255 1725 1326 μηδεὶς

133 1347 363 1416 λεγέτω,
395 1348 502 1408 ὅτι,
531 1348 706 1420 Εἴπερ
727 1343 794 1418 ἦν
835 1347 980 1418 ὓδωρ
1010 1347 1193 1400 ἐπάνω
1217 1345 1317 1416 τῆς
1363 1347 1486 1416 γῆς,
1511 1347 1725 1406 πάντως

133 1439 310 1491 πᾶσαι
355 1439 412 1490 αἱ
447 1437 778 1507 κοιλότητες,
813 1438 868 1490 αἱ
900 1437 994 1489 νῦν
1027 1436 1124 1506 τὴν
1161 1435 1432 1488 θάλασσαν
1461 1434 1722 1500 ὑποδεξά-

137 1549 321 1600 μεναι,
359 1531 790 1602 πεπληρωμέναι
825 1530 1090 1602 ὑπῆρχον.
1143 1528 1252 1581 Ποῦ
1283 1527 1458 1580 τοίνυν
1502 1526 1740 1606 ἔμελλον.

130 1619 382 1689 γίνεσθαι
406 1621 513 1674 τῶν
540 1622 749 1674 ὑδάτων
782 1623 838 1674 αί
875 1621 1131 1688 συλλογαὶ
1159 1619 1294 1690 (82),
1315 1618 1725 1690 προκατειλημ-

133 1711 316 1781 μένων
348 1711 454 1766 τῶν
485 1712 711 1776 κοίλων;
749 1712 892 1782 Πρὸς
921 1711 984 1782 δὴ
1028 1708 1186 1763 τοῦτο
1213 1709 1470 1781 ἐροῦμεν,
1496 1709 1575 1762 ὅτι
1601 1709 1724 1762 τότε

129 1805 230 1857 καὶ
255 1804 328 1858 τὰ
355 1806 550 1873 ἀγγεῖα
582 1803 1120 1873 συγκατεσκευάσθη,
1141 1803 1344 1856 ὃτιὲδει
1373 1803 1500 1872 μίαν
1527 1801 1726 1855 σύστα-

129 1909 222 1946 σιν
251 1893 620 1965 ἀποκριθῆναι
659 1894 720 1946 τὸ
745 1893 991 1964 ὕδωρ.οὑ
1019 1892 1129 1964 γάρ
1160 1888 1228 1964 ἦν
1256 1895 1290 1962 ἡ
1324 1891 1428 1956 ἔξω
1453 1892 1723 1963 Γαδείρων

129 1983 400 2036 θάλασσα·
426 1984 548 2036 οὑδὲ
581 1984 642 2037 τὸ
671 1985 812 2054 μέγα
849 1986 1026 2038 ἐκεῖνο
1073 1985 1168 2038 καὶ
1227 1983 1529 2053 ἁτόλμητον
1573 1983 1721 2036 πλω-

127 2074 298 2144 τῆρσι
321 2074 579 2142 πέλαγος,
627 2074 687 2126 τὸ
713 2074 809 2144 τὴν
862 2072 1225 2144 Βρεττανικὴν
1271 2071 1436 2142 νῆσον
1469 2072 1722 2134 καὶτοὺς

125 2165 422 2236 ἑσπερίους
464 2165 688 2236 Ἴϐηρας
729 2166 1250 2237 περιπτυσσόμενον·
1279 2162 1414 2216 ἀλλὰ
1447 2162 1568 2216 τότε
1624 2161 1723 2233 τῆς

125 2259 475 2330 εὐρυχωρίας
521 2258 602 2328 τῷ
647 2259 1034 2330 προστάγματι
1067 2255 1163 2310 τοῦ
1217 2255 1353 2309 Θεοῦ
1387 2255 1723 2325 δημιουργη-

125 2351 341 2421 θείσης,
389 2352 473 2404 ἐπ’
504 2351 670 2421 αὑτὴν
721 2349 980 2420 συνεδόθη
1029 2349 1136 2402 τῶν
1179 2349 1386 2401 ὑδάτων
1413 2347 1482 2400 τά
1519 2346 1718 2417 πλήθη.

123 2444 278 2514 Πρὸς
309 2442 366 2496 δὲ
386 2443 466 2506 τὸ,
501 2443 582 2496 ὅτι
613 2442 947 2504 ὑπεναντίως
975 2440 1090 2510 ἔχει
1117 2441 1180 2510 τῇ
1217 2440 1380 2510 πείρα
1411 2441 1439 2492 ὁ
1463 2439 1563 2509 τῆς
1592 2439 1719 2509 παρ’

121 2537 266 2606 ἡμῖν
309 2535 663 2606 κοσμοποιίας
717 2533 875 2601 λόγος
911 2533 988 2602 (οὑ
1039 2532 1147 2602 γάρ
1186 2533 1266 2596 εἰς
1321 2531 1446 2603 μίαν
1475 2547 1719 2598 συναγω-

123 2628 238 2699 γὴν
295 2626 502 2680 ὑδάτων
540 2627 602 2678 τὸ
659 2625 804 2696 ὕδωρ
863 2625 1007 2678 ἆπαν
1060 2624 1310 2693 φαίνεται
1368 2623 1716 2696 συνδραμὸν),

125 2719 306 2773 πολλὰ
337 2721 434 2785 μὲν
467 2717 616 2772 ἔστιν
641 2721 835 2782 εἰπεῖν,
873 2719 966 2772 καὶ
1001 2719 1164 2772 πᾶσιν
1191 2717 1418 2772 αὐτόθεν
1443 2717 1714 2789 γνώριμα·

127 2813 348 2883 μήποτε
373 2811 429 2864 δὲ
459 2812 553 2864 καὶ
585 2811 643 2864 τὸ
672 2809 1035 2882 διαμάχεσθαι
1065 2812 1176 2872 τοῖς
1195 2807 1461 2872 τοιούτοις
1487 2808 1713 2877 γελοῖον.

123 2904 208 2956 Οὑ
237 2903 409 2973 δήπου
443 2903 552 2974 γὰρ
581 2903 674 2956 καὶ
707 2903 774 2956 τὰ
807 2903 1132 2972 τελματιαῖα
1151 2941 1170 2967 ,
1194 2901 1288 2954 mi.
1317 2903 1384 2954 τὰ
1411 2901 1470 2966 ἐξ
1497 2901 1718 2972 ὄμϐρων

123 2992 598 3065 συναθροιζόμενα
631 2995 927 3066 προφέρειν
972 2997 1102 3066 ἡμῖν
1157 2995 1452 3064 ὀφείλουσι,
1485 2995 1580 3048 καὶ
1630 2994 1718 3046 διὰ

117 3085 340 3140 τούτων
363 3086 454 3138 τὸν
482 3087 640 3154 λόγον
667 3086 822 3157 ἡμῶν
857 3087 1100 3157 ἐλέγχειν
1146 3085 1384 3152 οίεσθαι;
1431 3085 1590 3138 Ἀλλὰ
1619 3087 1717 3156 τὴν

125 3179 398 3250 μεγίστην
429 3179 522 3232 καὶ
574 3177 912 3250 τελεωτάτην
965 3179 1074 3250 (85)
1124 3178 1426 3249 συνδρομὴν
1451 3177 1558 3230 τῶν
1592 3176 1718 3230 ὑδά-

119 3271 250 3325 τῶν
269 3271 516 3342 ὠνόμασε
565 3272 887 3344 συναγωγὴν
920 3273 1072 3343 μίαν.
1127 3271 1240 3326 Καὶ
1278 3271 1388 3342 γάρ
1414 3270 1483 3324 τὰ
1512 3270 1718 3342 φρέατα

123 3361 450 3430 συναγωγαὶ
475 3361 684 3415 ὑδάτων
717 3363 830 3414 εἰσὶ
852 3361 1240 3433 χειροποίητοι,
1291 3362 1386 3414 ἐπὶ
1420 3359 1480 3414 τὸ
1500 3359 1716 3414 κοιλαν-

121 3453 220 3507 Θὲν
252 3453 352 3523 τῆς
377 3453 484 3522 γῆς
509 3454 607 3524 τῆς
636 3453 1049 3524 ἐνεσπαρμένης
1077 3452 1278 3516 νοτίδος
1329 3451 1714 3524 ἐπιρρεούσης.

117 3545 218 3599 οὑ.
241 3545 420 3598 τοίνυν
443 3545 514 3598 τά
547 3546 776 3615 τυχόντα
808 3546 916 3600 τῶν
959 3545 1163 3600 ὑδάτων
1197 3546 1537 3617 άθροίσματα
1561 3547 1593 3616 ἡ
1619 3546 1718 3614 τῆς

123 3639 458 3708 συναγωγῆς
482 3638 592 3708 (84)
635 3640 887 3709 ἐμφαίνει
915 3640 1276 3712 προσηγορία,
1307 3639 1444 3695 ἀλλὰ
1481 3640 1581 3709 τὴν
1633 3636 1720 3703 ἐξ·

120 3730 366 3798 ἑχουσαν
390 3731 485 3782 καὶ
519 3729 806 3801 μεγίστην,
833 3732 890 3782 ὲν
983 3733 1090 3784 πᾶν
1123 3731 1185 3783 τὸ
1226 3733 1488 3800 στοιχεῖον
1525 3729 1718 3800 ἀθρόον

119 3819 512 3874 διαδείκνυται.
535 3823 746 3892 Ὥσπερ
770 3822 878 3894 γὰρ
905 3822 968 3875 τὸ
1007 3821 1118 3894 πῦρ
1150 3822 1242 3876 καὶ
1271 3826 1350 3886 είς
1407 3821 1580 3894 μικρὰ
1622 3838 1719 3874 κα-

119 3913 710 3984 τακεκερματισμένον
758 3915 905 3968 ἐστὶν
964 3915 1057 3968 ἐπὶ
1108 3916 1208 3985 τῆς
1231 3909 1333 3968 ὧδε
1377 3916 1585 3986 χρείας,
1625 3913 1718 3967 καὶ

122 4001 328 4072 ἀθρόον
345 4001 440 4054 ἐπὶ
459 4001 554 4054 τοῦ
589 4001 808 4073 αἰθέρος
859 4002 1104 4074 κέχυται·
1142 4004 1236 4058 καὶ
1273 4003 1306 4056 ὅ
1327 4003 1434 4074 ἀὴρ
1464 4003 1718 4074 διῄρηται

126 4095 236 4164 μὲν
283 4094 374 4146 καὶ
405 4094 548 4148 κατὰ
577 4096 768 4166 μικρὰ,
822 4097 912 4148 καὶ
955 4095 1168 4166 ἀθρόως
1215 4095 1273 4148 δὲ
1317 4095 1406 4148 τὸν
1441 4094 1718 4166 περίγειον

123 4186 518 4257 ἑκπεριείληφε
541 4187 724 4240 τόπον·
755 4187 896 4240 οὕτω
926 4188 1020 4240 καὶ
1073 4188 1166 4239 ἐπὶ
1191 4185 1284 4240 τοῦ
1311 4185 1522 4251 ὓδατος,
1549 4187 1598 4238 εί
1624 4187 1721 4238 καὶ

127 4279 330 4350 μικραί
353 4280 498 4340 τινές
533 4281 637 4331 είσι
670 4280 997 4351 διῃρημέναι
1023 4279 1334 4343 συστάσεις,
1355 4279 1490 4332 ἀλλὰ
1525 4279 1622 4349 μία
1654 4277 1720 4346 γέ

123 4369 252 4421 ἐστι
295 4370 584 4442 συναγωγὴ
637 4371 748 4441 (85)
779 4373 810 4442 ἡ
845 4371 906 4424 τὸ
939 4372 1059 4426 ὅλον
1089 4375 1350 4442 στοιχεῖον
1379 4371 1489 4424 τῶν
1516 4369 1718 4425 λοιπῶν

1827 526 1942 582 loca
1972 529 2176 584 divisas
2206 529 2300 582 tibi
2345 528 2625 583 indicavit.
2661 526 2795 580 Nam
2840 527 3102 581 montium
3145 541 3410 595 concava,

1827 618 2109 687 profundis
2163 619 2500 674 convallibus
2543 627 2819 688 perrupta,
2875 619 3187 672 collectitias
3237 633 3410 688 aquas

1826 711 2196 766 continebant.
2242 713 2379 778 Quin
2437 721 2492 766 et
2545 711 2722 780 campi
2772 710 2945 776 multi,
2998 711 3142 780 iique
3187 710 3405 780 supini,

1826 799 1960 853 nihil
1987 801 2240 855 maximis
2275 801 2480 869 pelagis
2512 800 2882 869 magnitudine
2906 801 3160 868 impares,
3191 809 3246 853 et
3289 799 3405 852 val-

1828 890 1906 946 les
1931 891 2248 956 innumera},
2278 891 2656 960 convallesque
2689 890 2810 944 aliis
2843 900 2896 944 et
2927 891 3047 944 aliis
3096 891 3268 944 modis
3312 905 3406 944 ex-

1825 994 2182 1054 cavataa,qu:e
2205 985 2384 1038 omnia
2407 995 2534 1038 tunc
2559 984 2719 1054 aquis
2752 983 3118 1051 replebantur,
3138 993 3406 1052 praecepto

1828 1077 2007 1130 divino
2041 1085 2297 1130 evacuata
2352 1083 2497 1138 sunt,
2532 1089 2668 1143 aqua
2699 1074 2973 1128 undelibet
3007 1075 3058 1127 in
3085 1090 3244 1128 unam
3273 1088 3406 1128 con-

1824 1170 2186 1237 gregationem
2236 1168 2608 1222 conveniente.
2657 1167 2724 1222 Et
2778 1182 2935 1222 nemo
2986 1167 3130 1222 dicat
3183 1169 3404 1222 omnino

1825 1275 2046 1313 necesse
2077 1274 2216 1322 esse,
2251 1261 2295 1314 si
2327 1275 2466 1329 aqua
2493 1270 2648 1314 terrae
2680 1269 3032 1328 superstaret,
3065 1275 3192 1314 cava
3222 1261 3404 1315 omnia

1825 1367 1944 1420 quae
1975 1361 2100 1406 tunc
2131 1353 2348 1422 pelagus
2377 1367 2692 1419 suscepere,
2715 1351 2880 1406 fuisse
2908 1351 3126 1406 referta.
3155 1352 3270 1419 Quo
3305 1352 3404 1422 igig

1829 1451 1934 1508 tur,
1987 1445 2239 1498 concavis
2268 1445 2376 1510 jam
2431 1443 2734 1510 occupatis,
2777 1443 3082 1498 collecturte
3137 1459 3194 1498 se
3246 1453 3406 1498 erant

1825 1535 2020 1600 aqum?
2050 1533 2128 1587 Ad
2150 1534 2253 1588 hoc
2288 1549 2418 1588 sane
2455 1533 2919 1603 respondebimus,
2949 1545 3244 1603 pra-parata
3279 1545 3405 1590 tunc

1826 1625 1991 1680 fuisse
2025 1626 2386 1694 receptacula,
2438 1641 2560 1678 cum
2621 1625 2730 1696 36
2780 1641 2974 1694 aquam
3025 1637 3298 1695 oporteret
3349 1629 3402 1680 in

1826 1733 1988 1771 unam
2027 1717 2738 1774 secernicoacervationem.
2785 1718 2970 1788 Neque
3014 1720 3158 1772 enim
3195 1729 3311 1774 erat
3341 1720 3404 1772 il-

1825 1810 1913 1864 lud
1944 1813 2084 1878 quod
2132 1819 2214 1865 est
2243 1820 2396 1864 extra
2425 1810 2602 1866 Gades
2630 1826 2800 1876 mare,
2837 1827 3014 1880 neque
3046 1827 3310 1880 magnum.
3337 1812 3404 1864 il-

1825 1901 1914 1956 lud
1947 1912 2001 1956 et
2048 1903 2373 1957 horrendum
2427 1904 2802 1972 navigantibus
2831 1903 3082 1972 pelagus,
3117 1904 3257 1972 quod
3281 1901 3402 1956 Bri-

1826 1991 2098 2044 tannicam
2129 1990 2358 2046 insulam
2395 1999 2446 2044 et
2480 1991 2838 2046 occidentales
2889 1991 3152 2060 Hispanos
3181 1992 3347 2046 ambit
3383 2009 3399 2046 :

1824 2081 1916 2134 sed
1945 2091 2293 2150 posteaquam
2347 2081 2438 2135 Dei
2495 2083 2748 2136 mandato
2788 2081 3081 2138 instructus
3122 2093 3203 2137 est
3251 2083 3404 2139 locus

1823 2173 2208 2241 amplissimus,
2239 2183 2365 2226 tunc
2415 2173 2467 2226 in
2521 2175 2692 2244 ipsum
2725 2189 2782 2229 se
2839 2190 3090 2244 recepere
3139 2191 3399 2245 aquarum

1825 2265 2008 2332 copiaz.
2034 2265 2113 2318 Ad
2147 2265 2247 2318 hoc
2276 2275 2474 2330 autem,
2517 2267 2656 2332 quod
2697 2277 2884 2321 nostra
2925 2268 3224 2322 de.mundi
3254 2267 3404 2336 opili-

1821 2357 1907 2410 cio
1942 2356 2210 2410 sententia
2253 2357 2602 2424 experientiae
2645 2358 2962 2414 adversetur
2996 2359 3231 2428 (constat
3258 2359 3400 2414 enim

1821 2461 1926 2499 non
1975 2447 2026 2498 in
2081 2461 2242 2499 unam
2276 2449 2746 2517 congregationem
2781 2464 2974 2518 aquam
3024 2464 3236 2504 omnem
3271 2464 3404 2504 con-

1821 2535 2096 2606 currisse),
2131 2535 2296 2589 multa
2327 2538 2506 2590 dicere
2547 2536 2692 2603 licet,
2731 2553 2899 2610 eaque
2928 2540 3176 2594 omnibus
3217 2555 3312 2608 per
3342 2555 3403 2594 se

1821 2635 1966 2680 nota.
2023 2624 2126 2682 Sed
2169 2625 2398 2680 fortasse
2449 2627 2608 2680 etiam
2669 2643 2790 2682 cum
2852 2629 3045 2683 talibus
3093 2641 3299 2684 certare
3329 2631 3402 2683 ri-

1821 2716 2053 2770 dieulum
2111 2726 2214 2770 est.
2265 2715 2512 2784 Nunquid
2565 2716 2760 2770 debent
2806 2717 3074 2786 palustres
3123 2733 3312 2788 aquas,
3345 2725 3404 2772 et

1819 2824 1912 2863 eas
1938 2825 2056 2877 qua:
2085 2824 2146 2863 ex
2177 2809 2443 2865 imbribus
2495 2819 2890 2880 aggregantur,
2917 2812 3073 2866 nobis
3106 2825 3400 2880 opponere,

1820 2913 1981 2970 atque
2010 2902 2289 2965 arbitrari,
2325 2917 2382 2956 se
2413 2911 2655 2955 nostram
2695 2904 3016 2976 sententiam
3049 2917 3149 2971 cpe
3188 2903 3398 2954 illarum

1820 2993 2069 3047 refellere
2114 2994 2138 3046 ’ἶ
2187 2993 2476 3047 Enimvero
2541 2996 2832 3048 maximum
2907 2993 3400 3062 amplissimumque

1820 3098 2080 3153 aquarum
2136 3099 2456 3138 concursum
2485 3085 2952 3153 congregationem
2994 3099 3153 3138 unam
3189 3098 3398 3137 nuncu-

1820 3176 1986 3246 pavit.
2018 3175 2150 3230 Nam
2185 3176 2354 3245 putei,
2395 3176 2740 3231 collectiones
2774 3191 3031 3244 aquarum
3063 3182 3188 3229 sunt
3213 3189 3400 3227 mann-

1819 3265 2004 3332 i‘actzr,
2026 3269 2224 3323 cum‘in
2266 3277 2504 3322 cavatam
2551 3278 2708 3323 terra:
2747 3279 2952 3338 partem
2997 3269 3189 3322 humor
3225 3268 3272 3322 ei
3313 3267 3398 3321 in-

1819 3374 2034 3430 spersus
2087 3356 2278 3412 inﬂuit.
2319 3358 2435 3414 Non
2483 3373 2611 3430 ergo
2669 3359 2938 3430 quaslibet
2993 3373 3254 3428 aquarum
3303 3373 3398 3413 co-

1819 3449 2190 3506 acervationes
2225 3449 2658 3520 congregationis
2709 3449 2995 3520 appellatio
3052 3449 3278 3514 indicat,
3302 3447 3400 3504 sed

1819 3542 2141 3613 pratcipuam
2178 3551 2232 3595 et
2260 3541 2586 3607 maximam,
2627 3541 2679 3593 in
2718 3556 2820 3611 qua
2863 3549 3030 3596 totum
3074 3540 3400 3595 elementum

1819 3642 2193 3688 coacerVatum
2227 3631 2554 3686 ostenditur.
2589 3629 3052 3696 Quemadmodum
3085 3630 3228 3685 enim
3259 3629 3400 3700 ignis

1818 3724 1950 3777 etin
1988 3722 2224 3776 minutas
2270 3730 2450 3791 partes
2500 3735 2595 3791 pro
2639 3730 2823 3775 nostro
2871 3735 2970 3774 usu
3007 3721 3266 3774 dissectus
3293 3727 3397 3785 est,

1818 3823 1872 3869 et
1893 3811 2184 3867 acervatim
2210 3813 2264 3866 in
2287 3812 2490 3866 aethere
2515 3809 2738 3866 dilfusus
2758 3827 2772 3876 ;
2792 3813 2920 3864 item
2943 3809 3394 3881 quemadmodum

1817 3922 1911 3961 aer
1943 3906 2146 3960 divisus
2170 3905 2384 3976 quidem
2413 3913 2497 3959 est
2540 3903 2596 3958 in
2642 3903 2868 3972 exiguas
2895 3912 3097 3973 partes,
3135 3911 3187 3958 et
3217 3910 3397 3956 tamen

1818 4000 2118 4070 adjacentia
2145 3998 2320 4054 telluri
2347 3999 2462 4052 loca
2497 3995 2788 4052 acervatim
2812 3997 3092 4065 occupavit
3122 4015 3136 4050 :
3167 3995 3240 4049 ita
3271 3997 3398 4050 etin

1820 4113 1958 4167 aqua
2002 4096 2215 4150 tametsi
2258 4109 2438 4165 parva:
2484 4093 2732 4164 quaedam
2791 4091 3134 4146 collectiones
3183 4089 3400 4144 fuerunt

1819 4199 2102 4262 separata}.
2134 4199 2311 4242 tamen
2349 4204 2454 4242 una
2487 4196 2568 4243 est
2611 4186 2976 4256 congregatio,
3009 4200 3141 4254 quae,
3170 4191 3338 4236 totum
3366 4195 3396 4234 a

1820 4287 2032 4340 caeteris
2080 4293 2326 4354 segregat
2369 4282 2717 4337 elementum.
2755 4279 2890 4333 Nam
2943 4287 3132 4348 stagna
3185 4286 3294 4330 tum
3334 4289 3396 4328 ea

1820 4393 1938 4446 quae
1969 4378 2034 4432 ad
2071 4385 2252 4444 partes
2279 4375 2726 4444 septentrionales
2754 4374 2856 4428 sita
2883 4382 3027 4436 sunt,
3051 4380 3161 4424 tum
3189 4384 3252 4424 ea
3279 4383 3399 4436 quae

123 4464 505 4532 ἀποκρίνουσα
549 4465 680 4536 (86).
711 4467 778 4517 Αἱ
809 4465 909 4535 μὲν
938 4465 1048 4536 γὰρ
1075 4465 1284 4535 λίμναι,
1321 4466 1462 4518 αἵτε
1487 4463 1720 4517 κατὰτὰ

1824 4465 1996 4534 iacent
2028 4467 2171 4521 circa
2203 4465 2514 4521 Grtccorum
2561 4475 2792 4520 tractum
2812 4505 2828 4530 ,
2854 4475 2964 4519 tum
3012 4480 3131 4534 quae
3161 4462 3400 4517 Macedo-

125 4554 278 4626 μέρη
305 4555 406 4625 τῆς
437 4555 663 4626 ἄρκτου,
693 4558 786 4610 καὶ
825 4557 946 4610 ὅσαι
973 4557 1103 4628 περὶ
1129 4556 1220 4608 τὸν
1259 4555 1566 4626 Ἑλληνικόν
1613 4557 1730 4608 εἰσι.

121 4647 320 4711 τόπον,
347 4649 450 4717 τήν
475 4664 536 4699 τε
583 4649 944 4712 Μακεδονίαν,
979 4649 1072 4702 καὶ
1118 4649 1218 4720 τὴν
1245 4647 1483 4702 Βιθυνῶν
1511 4647 1718 4719 χῶραν,

121 4739 228 4793 καὶ
247 4739 346 4810 τὴν
371 4739 746 4794 Παλαιστίνων
773 4741 1124 4812 κατέχουσαι,
1157 4743 1470 4810 συναγωγαί
1494 4743 1600 4794 εἰσι
1624 4742 1720 4811 δη-

125 4831 334 4884 λονύ-τι⁵
369 4830 507 4884 ἀλλὰ
539 4831 636 4885 νῦν
675 4834 803 4903 περὶ
847 4834 948 4904 τῆς
976 4833 1239 4904 μεγίστης
1267 4833 1492 4888 ἁπασῶν
1527 4833 1721 4903 καὶτῷ

131 4921 361 4992 μεγέθει
413 4923 515 4992 τῆς
554 4923 660 4994 γῆς
720 4927 1128 4996 παρισουμένης
1163 4928 1192 4979 ὁ
1243 4926 1418 4996 λόγος.
1450 4928 1547 4988 “At:
1575 4925 1716 4994 πλῆ-

123 5014 226 5080 Θος
245 5014 358 5086 (82)
379 5015 638 5087 μὲν-ἔχειν
661 5017 851 5081 ὕδατος
872 5017 1044 5081 οὐδεὶς
1061 5019 1184 5071 ἅντε
1193 5021 1295 5088 ρεῖ·’
1314 5020 1374 5072 οὑ
1391 5017 1497 5090 μὴν
1516 5017 1722 5072 θαλάσ-

204 5191 418 5262 (8|)ita
453 5207 548 5248 sex
571 5207 700 5250 mss.
733 5193 874 5249 Editi
903 5195 1048 5248 οὐδέ.

208 5264 327 5332 (82)
360 5263 510 5333 Regii
531 5264 778 5333 quintus,
797 5275 982 5319 sextus
1004 5275 1059 5319 et
1082 5275 1308 5322 octavus
1346 5263 1555 5320 ὑδάτων
1603 5281 1726 5319 συν·-

127 5331 376 5418 nam.
405 5331 698 5389 Editi'cum
745 5333 868 5390 aliis
911 5334 1236 5405 quibusdam
1273 5351 1404 5391 mss.
1451 5337 1508 5388 αἱ
1540 5335 1725 5389 συλλο-

127 5420 326 5542 γαὲὲῧ)
353 5471 553 5530 Omnes
607 5475 722 5529 fere
773 5489 904 5530 mss.
946 5491 1070 5530 cum
1121 5475 1356 5530 editione
1409 5475 1574 5531 Basil.
1625 5477 1719 5530 καὶ

125 5542 498 5667 ἓλεωτάτην.
532 5545 708 5599 Editio
735 5543 912 5601 Paris.
963 5559 1089 5600 cum
1145 5545 1278 5615 Reg.
1317 5547 1479 5602 tertio
1518 5545 1718 5600 τελειο-

205 5629 326 5667 την.

356 5681 492 5755 Brs-
523 5683 732 5751 Primus
758 5685 906 5754 ὁτῆς
935 5687 1066 5754 μιᾶς
1111 5701 1305 5755 away.
1341 5685 1534 5744 Statim
1579 5686 1720 5744 idem

127 5749 620 5824 εοιΙθιίέξέχουσαν
644 5757 738 5809 καὶ
760 5749 996 5827 ἀρίστην.
1031 5758 1091 5810 ἐν

1825 4559 1968 4613 niam
1989 4573 2052 4614 ac
2081 4560 2434 4630 Bithynorum
2466 4559 2981 4628 Palaestinorumque
3009 4558 3278 4627 regionem
3297 4556 3397 4611 ob-

1826 4654 2024 4718 tinent,
2066 4662 2194 4708 sunt
2239 4654 2456 4723 quidem
2493 4653 2935 4724 congregationes
2972 4668 2986 4703 :
3034 4651 3127 4704 sed
3161 4664 3306 4704 nunc
3331 4649 3400 4703 de

1826 4759 1888 4799 ea
1917 4759 2036 4812 quas
2079 4743 2320 4797 omnium
2363 4745 2600 4799 maxima
2648 4754 2752 4806 est,
2786 4755 3008 4812 quaque
3032 4737 3400 4810 magnitudine

1827 4837 2006 4893 telluri
2044 4837 2264 4906 aqualis
2290 4845 2396 4900 est,
2447 4835 2678 4892 habetur
2718 4850 2916 4890 sermo.
2970 4832 3190 4903 Copiam
3219 4841 3396 4886 autem

1825 4929 1880 4984 in
1908 4929 2012 4984 illis
2044 4929 2306 4984 contineri
2340 4943 2601 4998 aquarum
2641 4927 2858 4998 negabit
2885 4940 3064 4991 nemo,
3086 4939 3186 4978 nec
3221 4933 3396 4976 tamen

1823 5019 2108 5091 quisquam
2141 5035 2234 5076 eas
2259 5035 2492 5089 congrua
2521 5019 2876 5091 appellatione
2901 5019 3068 5072 maria
3103 5015 3396 5078 vocaverit,

1903 5195 2017 5268 (85)
2043 5195 2196 5268 ΒεεῙί
2231 5195 2452 5268 quintus
2473 5207 2526 5252 et
2551 5208 2738 5254 sextus
2763 5197 2910 5251 ἐστὶν
2937 5197 3150 5268 ἀγωγή.

1902 5265 2016 5338 (86)
2045 5265 2149 5320 lta’
2175 5265 2305 5338 mss.
2335 5269 2573 5338 quinque
2613 5285 2752 5338 cum,
2789 5265 3030 5338 Combe’f.
3079 5265 3221 5321 Editi
3273 5281 3397 5338 cum

1826 5335 1978 5459 Colla);
2016 5337 2256 5460 sgcundo
2289 5335 2651 5409 ὰποκρίνασα.
2705 5337 2825 5394 Mox
2846 5337 3003 5408 ‘Reg.
3033 5349 3219 5393 sextus
3247 5337 3310 5390 αἴ
3336 5353 3397 5391 τε

1826 5423 1927 5460 κατ
1998 5425 2035 5460 υ.
2073 5424 2162 5460 οοε
2189 5425 2304 5460 ττπς.

1825 5423 1966 5460 κατα
1997 5423 2304 5492 μεροιςττς.
2347 5479 2356 5490 ι
2851 5478 2884 5492 u
3044 5478 3059 5491 .
3123 5479 3136 5491 '

1867 5478 2010 5550 _(§_’Z)
2047 5479 2222 5550 homo
2240 5451 2401 5550 hasd.
2427 5485 2480 5532 et
2503 5477 2680 5544 Bodl.,
2707 5477 3136 5550 etalnﬂplunmt
3165 5497 3298 5538 mss.
3331 5479 3399 5544 ἃς

1825 5545 2047 5617 πλῆθος.
2084 5545 2262 5621 Editio
2289 5547 2459 5621 Paris.
2485 5550 2702 5612 ἐκείνας
2735 5545 3044 5621 δὲᾳπλῆθος.
3106 5551 3398 5621 Aliquanto

1825 5619 2421 5745 posgbrgslsiisplcrique
2473 5633 2662 5677 omnes
2727 5618 3004 5684 θαλάσσας
3070 5637 3154 5690 γε.
3211 5618 3398 5678 ‘Abest

1855 5704 1884 5745 ιε
2093 5705 2104 5743 l

1824 5703 1884 5756 γε
1920 5698 1986 5745 ab
2021 5698 2180 5745 edttts
