3846 6218
455 366 524 420 8'7
1797 360 1856 416 S.
1892 359 2141 416 BASILII
2175 359 2392 416 MAGNI
3676 354 3743 407 88

452 480 668 536 etiamsi
697 477 970 533 nonnullae
992 478 1281 549 plurimum
1344 478 1470 533 salsi
1497 494 1561 532 ac
1589 480 1788 534 terreni
1819 484 2040 549 perinde

2149 498 2242 543 σας
2275 496 2337 548 γε
2369 478 2433 532 ἀν
2482 496 2563 541 τις
2606 476 2775 540 αὑτὰς
2806 474 2945 529 κατά
2993 474 3083 527 τὸν
3126 474 3309 527 εἰκότα
3341 472 3503 542 λόγον
3563 489 3745 548 προσ-

453 586 615 641 atque
655 585 908 641 magnum
970 586 1117 625 mare
1173 570 1405 625 habeant
1442 571 1561 624 :uti
1608 581 1691 624 est
1742 572 1794 625 ln
1849 571 2031 627 Judaea

452 663 769 732 Asphaltitis
805 661 971 725 lacus,
1014 671 1069 717 et
1109 661 1413 718 Serbonitis
1468 662 1577 727 ille,
1614 663 1704 732 qui
1741 662 2033 736 Egyptum

453 759 596 812 inter
620 765 673 810 et
712 756 1048 810 Palmstinam
1085 771 1180 825 per
1208 755 1462 810 Arabiam
1503 756 1772 811 desertam
1817 768 2037 824 proten-

454 848 619 901 ditur.
647 846 769 901 llzec
800 846 944 900 enim
966 856 1151 917 stagna
1184 858 1307 901 sunt
1357 865 1373 902 :
1415 855 1469 901 at
1502 862 1673 912 mare,
1709 848 1885 918 utqui
1922 857 2033 902 ter-

453 955 570 993 ram
599 940 891 993 lustravere
939 947 1184 1003 narrant,
1229 954 1395 992 unum
1426 948 1528 993 est.
1564 938 1881 1007 Quanquam
1912 946 2037 992 sunt

453 1032 545 1099 qui
586 1029 890 1100 Hyrcanum
919 1038 973 1082 et
996 1028 1251 1097 Caspium
1278 1043 1428 1084 mare
1480 1028 1534 1083 in
1568 1029 1761 1098 seipsis
1804 1029 2037 1083 circum-

453 1124 652 1191 scripta
678 1137 798 1175 esse
836 1122 1202 1186 arbitrentur;
1239 1121 1283 1176 si
1322 1135 1427 1191 qua
1469 1129 1648 1175 tamen
1689 1121 1823 1175 fides
1855 1121 1919 1175 iis
1943 1122 2036 1190 qui

455 1214 834 1284 geographiam
886 1215 1365 1282 conscripserunt,
1399 1213 1702 1267 adhibenda
1739 1224 1821 1268 est
1848 1254 1861 1277 ,
1896 1214 2039 1268 inter

456 1318 518 1357 se
569 1313 756 1358 mutuo
794 1304 1063 1372 perforata
1111 1313 1254 1368 sunt,
1306 1313 1361 1359 et
1409 1305 1589 1360 omnia
1642 1305 1693 1358 itt
1746 1307 2037 1360 maximum

458 1409 608 1449 mare
652 1410 746 1463 per
778 1405 1003 1465 angusta
1039 1397 1281 1464 quredam
1328 1397 1465 1451 ostia
1507 1397 1814 1466 concidunt,
1857 1414 2042 1467 quem-

461 1484 753 1540 admodum
788 1496 843 1539 et
889 1502 1037 1541 mare
1070 1486 1311 1540 Rubrum
1341 1503 1463 1543 cum
1495 1504 1559 1544 eo
1588 1490 1727 1558 quod
1760 1491 1898 1544 ultra
1929 1490 2039 1545 Ga-

457 1577 553 1630 des
597 1586 701 1643 est,
729 1579 973 1632 connecti
997 1578 1193 1633 ferunt.
1221 1578 1503 1646 Quomodo
1536 1580 1731 1649 igitur,
1764 1581 2040 1651 inquiunt,

458 1667 602 1722 Deus
630 1667 973 1723 collectiones
1000 1684 1261 1738 aquarum
1298 1672 1627 1739 nuncupavit
1663 1671 1831 1724 maria
1861 1671 1884 1723 ?
1908 1671 2041 1737 Quia

458 1768 852 1814 concurrerunt
896 1760 1111 1829 quidem
1172 1776 1327 1830 aqua:
1371 1762 1424 1816 in
1472 1777 1632 1815 uuam
1664 1762 2042 1831 congregatio-

2138 572 2296 625 είποι·
2321 571 2427 624 οὐδ’
2451 570 2515 623 ἂν
2554 571 2635 623 ὅτι
2667 570 2900 640 μάλιστα
2926 569 2989 620 τὸ
3015 564 3257 637 ἁλμυρὸν
3276 566 3369 618 καὶ
3402 565 3631 634 γεῶδές
3663 584 3745 617 τι-

2138 682 2228 728 νες
2256 662 2636 734 παραπλήσιον
2665 661 2828 732 ἔχωσι
2856 664 2921 732 τῇ
2954 659 3162 732 μεγάλη
3201 658 3463 730 θαλάσσῃ,
3497 658 3586 721 ὡς
3610 658 3652 728 ἦ
3686 675 3744 713 τε

2151 754 2490 823 Ἀσφαλτῖτις
2509 753 2671 824 λίμνη
2697 754 2787 805 ἐπὶ
2816 753 2916 823 τῆς
2956 750 3234 813 Ἰουδαίας,
3269 751 3361 803 καὶ
3391 752 3423 820 ἡ
3455 750 3749 821 Σερϐωνῖ-

2137 850 2271 919 τιςὴ
2307 848 2508 919 μεταξῦ
2541 846 2818 915 Αἰγύπτου
2862 845 2957 898 καὶ
2979 844 3342 913 Παλαιστίνης
3366 843 3466 913 τὴν
3505 843 3748 916 Ἀραϐι-

2139 939 2243 1009 κὴν
2274 938 2479 1010 ἔρημον
2519 936 2939 1008 παρατείνουσα.
2990 935 3191 1005 Λίμναι
3227 933 3335 1003 γάρ
3363 934 3505 985 εἰσιν
3543 927 3743 997 αὗται,

2141 1031 2385 1084 θάλασσα
2406 1030 2461 1082 δὲ
2508 1029 2622 1100 μία,
2660 1029 2735 1091 ὡς
2759 1030 2808 1081 οί
2841 1027 2940 1099 τὴν
2969 1027 3072 1097 γῆν
3108 1024 3562 1098 περιοδεύσαντες
3593 1027 3748 1076 ἱστο-

2146 1121 2348 1193 ροῦσιν.
2381 1122 2441 1174 Εἰ
2474 1122 2567 1173 κα)⁵
2596 1122 2693 1191 τὴν
2727 1118 3019 1188 Ὑρκανίαν
3045 1117 3246 1171 οἴονταί
3274 1133 3437 1181 τινες,
3484 1117 3595 1169 καὶ
3645 1117 3747 1186 τὴν

2143 1213 2399 1265 Κασπίαν
2467 1209 2900 1283 περιγεγράᾳθαι
2960 1207 3080 1262 καθ’
3138 1207 3368 1270 ἑαυτάς·
3419 1205 3653 1259 ἀλλἐί
3684 1208 3749 1274 τὲ

2141 1323 2191 1358 τι
2211 1304 2325 1375 (88)
2357 1303 2461 1374 χρὴ
2477 1306 2596 1367 ταῖς
2618 1302 2725 1355 τῶν
2745 1304 2928 1373 ίστορη
2938 1301 3146 1355 σάντων
3170 1299 3457 1372 προσέχειν
3472 1317 3751 1371 γεωγραο

2144 1397 2315 1465 φίαις,
2355 1397 2740 1467 συντέτρηνται
2802 1394 2938 1465 πρὸς
2990 1393 3243 1466 ἀλλήλας,
3290 1395 3381 1447 καὶ
3435 1395 3586 1465 πρὸς
3642 1396 3751 1464 τὴν

2147 1489 2411 1559 μεγίστην
2461 1488 2736 1541 θάλασσαν
2785 1487 2992 1540 ἅπασαι
3045 1486 3553 1556 συνανεστόμωνται
3601 1486 3746 1556 (89)·

2143 1582 2219 1645 ὡς
2251 1582 2345 1633 καὶ
2373 1580 2471 1650 τὴν
2513 1578 2779 1651 Ἐρυθρὰν
2806 1578 3081 1632 θάλασσάν
3121 1594 3251 1646 φασι
3299 1577 3435 1649 πρὸς
3467 1578 3578 1648 τὴν
3646 1580 3750 1629 ἐπ-

2146 1672 2329 1725 έκεινα
2360 1671 2629 1741 Γαδείρων
2653 1669 3033 1723 συνάπτεσθαι.
3058 1668 3183 1730 Πῶς
3203 1664 3524 1739 ,οὗν,φησὶν,
3553 1672 3585 1721 ὁ
3606 1669 3747 1733 Θεὸς

2144 1762 2211 1816 τά
2247 1763 2569 1831 συστήματα
2593 1760 2700 1813 τῶν
2752 1760 2963 1813 ὑδάτων
2996 1760 3221 1814 ἐκάλεσε
3248 1757 3569 1823 θαλάσσας;
3616 1761 3747 1812 Ὅτι

458 1864 580 1905 nem
623 1852 762 1906 :sed
816 1866 1075 1921 aquarum
1122 1854 1582 1919 coacervationes,
1636 1855 1687 1907 id
1718 1863 1802 1909 est
1863 1854 2034 1920 sinus,

2149 1853 2443 1925 συνέδραμε
2496 1852 2595 1923 μὲν
2644 1852 2754 1920 (90)
2783 1853 2864 1915 είς
2899 1852 3220 1922 συναγωγὴν
3263 1851 3391 1922 μίαν
3422 1852 3491 1905 τά
3535 1851 3741 1904 ὕδατα·

457 1942 549 2011 qui
588 1944 880 1998 secundum
927 1945 1197 2014 propriam
1240 1944 1464 2016 ﬁguram
1506 1961 1534 1998 a
1573 1954 1715 1999 terra
1746 1944 2035 2012 circumia-

458 2042 615 2088 cente
654 2035 1027 2104 comprehensi
1059 2047 1208 2098 sunt,
1233 2038 1403 2090 maria
1440 2035 1698 2092 Dominus
1730 2037 2032 2107 appellavit.

460 2125 598 2179 Sunt
626 2127 822 2194 quippe
870 2141 1019 2181 mare
1050 2127 1488 2195 septentrionale,
1531 2143 1678 2182 mare
1712 2128 2035 2193 austrinum,

456 2215 719 2270 orientale
751 2230 918 2283 mare,
943 2226 997 2271 et
1024 2217 1356 2271 occidentale
1377 2217 1484 2287 37
1518 2232 1727 2271 rursum
1760 2218 1903 2274 aliud
1933 2227 2035 2275 est.

460 2304 597 2359 Sunt
625 2305 809 2359 itidem
842 2306 1057 2361 nomina
1107 2308 1337 2360 marium
1375 2308 1591 2377 propria
1641 2324 1653 2359 :
1691 2307 1892 2363 Pontus
1928 2308 2039 2363 Eu-

459 2398 641 2461 xinus,
696 2395 1011 2467 Propontis,
1050 2396 1703 2466 llellespontus,£g:eum
1735 2408 1789 2453 et
1812 2398 2036 2463 Ionium,

462 2488 817 2543 Sardonicum
846 2489 1067 2557 pelagus
1096 2489 1499 2561 etSiculum,pt
1519 2488 1861 2561 Tyrrhenum
1890 2489 2036 2543 aliud

459 2589 564 2635 est.
595 2580 735 2647 Quin
773 2592 827 2634 et
865 2582 1071 2635 infinita
1101 2593 1226 2635 sunt
1255 2582 1485 2636 marium
1513 2582 1751 2646 nomina,
1784 2598 1901 2651 qua:
1923 2583 2038 2636 lon-

460 2687 586 2742 gum
630 2686 770 2726 nunc
797 2672 957 2725 fuerit
997 2686 1059 2726 ac
1088 2671 1245 2741 plane
1285 2674 1521 2743 ineptum
1565 2685 1814 2730 accurate
1852 2692 2038 2732 recen-

462 2777 582 2817 sere
608 2778 671 2816 ac
694 2778 1000 2818 numerare.
1026 2764 1227 2819 Idcirco
1254 2764 1395 2819 Deus
1413 2767 1848 2821 coacervationes
1879 2782 2040 2837 aqua-

462 2870 581 2908 rum
631 2856 800 2909 maria
833 2857 1179 2925 nuncupavit.
1233 2857 1430 2911 Verum
1466 2857 1531 2910 ad
1568 2858 1668 2911 hoc
1696 2858 1909 2928 quidem
1942 2874 2039 2913 nos

463 2948 686 3004 deduxit
724 2949 984 3004 orationis
1004 2951 1173 3005 series
1197 2966 1211 3003 :
1237 2950 1331 3006 sed
1364 2951 1428 3006 ad
1475 2951 1527 3005 id
1550 2955 1693 3021 quod
1729 2951 1881 3006 initio
1911 2966 2039 3022 pro-

464 3041 762 3109 posuimus,
802 3042 1102 3096 redeamus.

536 3225 588 3278 5.
628 3224 692 3277 Et
719 3225 852 3279 dixit
888 3225 1045 3290 Deus,
1077 3223 1469 3296 Congregenlur
1495 3243 1645 3296 aqua:
1671 3227 1724 3282 in
1750 3243 2030 3298 congrega-
2062 3209 2105 3266 ο

466 3316 662 3370 tionem
708 3333 865 3369 unam
888 3358 903 3381 ,
934 3327 984 3370 et
1014 3328 1261 3385 appareat
1294 3318 1467 3372 arida.
1497 3317 1609 3372 Non
1645 3319 1782 3373 dixit
1809 3334 1823 3371 :
1856 3320 1920 3373 Et
1947 3335 2043 3389 ap-

466 3416 655 3477 pareat
692 3415 872 3469 terra;
914 3422 979 3461 ne
1012 3409 1204 3461 iterum
1243 3408 1408 3476 ipsam
1440 3409 1685 3462 ostendat
1716 3409 2042 3479 incomposi-

468 3508 598 3562 tam,
626 3511 917 3557 cmuosam.
971 3511 1122 3567 aquae
1175 3497 1499 3563 immistam,
1537 3501 1764 3553 necdum
1821 3501 2044 3569 propria

467 3585 641 3642 forma
665 3597 756 3642 aut
787 3589 982 3642 virtute
1011 3589 1268 3642 indutam.
1304 3589 1473 3643 Simul
1509 3591 1694 3657 etiam,
1726 3606 1793 3644 ne
1818 3591 2043 3646 aridita-
2088 3590 2093 3595 ’

470 3681 539 3734 tis
561 3695 777 3733 causam
806 3680 902 3734 soli
943 3680 1381 3744 attribueremus,
1428 3691 1586 3735 terra!
1624 3682 1928 3735 ariditatem
1954 3698 2035 3753 ge-

468 3773 749 3826 neratione
798 3773 926 3827 solis
962 3771 1141 3827 etl‘ecit
1186 3771 1376 3840 Opil'ev
1416 3774 1779 3829 vetustiorem.
1816 3774 2044 3829 Attende

467 3868 646 3914 autem
690 3876 876 3915 eorum
909 3877 1028 3931 qua:
1069 3864 1266 3930 scripta
1317 3873 1462 3930 sunt,
1510 3865 1851 3927 sententiam,
1902 3866 2042 3934 quod

468 3966 573 4006 non
628 3953 802 4006 solum
840 3955 1145 4007 redundans
1183 3969 1319 4021 aqua
1367 3969 1397 4007 e
1446 3964 1589 4008 terra
1622 3953 1926 4020 deﬂuxerit,
1952 3956 2043 4009 sed

466 4044 630 4097 etiam
680 4043 821 4113 quod
869 4045 1125 4113 quidquid
1159 4061 1254 4115 per
1280 4046 1624 4113 profundiora
1656 4046 1771 4100 loca
1808 4047 1906 4114 ipsi
1951 4050 2046 4100 atl-

469 4137 685 4189 tnistum
715 4145 851 4198 erat,
877 4136 930 4189 id
974 4151 1188 4205 quoque
1237 4137 1529 4191 inevitabili
1581 4138 1787 4191 Domini
1819 4138 2044 4205 imperio

466 4226 845 4293 obtemperans
895 4228 1202 4281 recesserit.
1232 4225 1296 4280 Et
1324 4227 1522 4295 factum
1565 4238 1640 4281 est
1672 4228 1768 4281 ita.
1801 4227 1925 4283 llazc
1965 4230 2046 4282 iu-

468 4314 652 4369 ductio
671 4325 754 4369 sat
783 4316 1188 4371 demonstrabat
1215 4317 1439 4383 Upiﬁcis
1483 4333 1666 4372 vocem
1707 4318 1772 4371 ad
1797 4317 2043 4372 eﬂ‘ectum

469 4408 816 4477 pervenisse;
850 4408 1116 4475 adjectum
1142 4418 1417 4463 esttamen
1447 4412 1498 4463 in
1532 4411 1709 4465 multis
1728 4412 2046 4481 exemplari-

470 4500 571 4553 bus
607 4515 621 4551 :
651 4498 720 4551 Et
749 4509 1065 4568 congregata
1094 4508 1170 4552 est
1212 4517 1348 4569 aqua
1372 4517 1489 4570 qua:
1530 4501 1625 4555 sub
1676 4501 1803 4554 caelo
1834 4510 1946 4553 erat
1989 4503 2043 4554 in

2144 1944 2211 1997 τά
2243 1943 2300 1996 δὲ
2352 1945 2673 2013 συστήματα
2715 1943 2824 1995 τῶν
2868 1943 3095 2007 ὑδάτων,
3143 1942 3388 1995 τουτέστι
3432 1944 3565 2006 τοὺς
3611 1944 3747 1997 163.-

2145 2053 2280 2099 πους
2309 2035 2436 2098 τοὺς
2489 2037 2611 2087 κατ’
2667 2035 2795 2088 ἴδιον
2826 2034 3011 2103 σχῆμα
3041 2033 3145 2086 ὑπὸ
3188 2033 3287 2103 τῆς
3331 2034 3746 2105 περικειμένης

2145 2128 2245 2198 γῆς
2283 2126 2724 2197 ἀποληφθέντας,
2777 2125 3055 2188 θαλάσσας
3106 2127 3135 2177 ὁ
3197 2124 3399 2195 Κύριος
3451 2126 3743 2197 προσ-ητις.

2146 2235 2326 2289 ρευσε.
2352 2218 2606 2270 Θάλασσα
2632 2216 2860 2288 βόρειος,
2891 2215 3135 2269 θάλασσα
3158 2215 3349 2279 νότιος,
3381 2215 3491 2287 ἐῲα
3523 2216 3739 2271 θάλασο

2147 2326 2235 2374 σα,
2271 2309 2365 2362 καὶ
2387 2308 2617 2379 ἐσπερία
2646 2308 2808 2361 πάλιν
2849 2307 3032 2378 ἑτέρα.
3071 2307 3180 2360 Kal
3207 2306 3446 2377 ὀνόματα
3480 2308 3598 2360 τῶν
3638 2326 3742 2361 ιιιεε⁸

2145 2401 2326 2469 λαγῶν
2353 2399 2639 2464 ίδιάζοντα’
2660 2400 2859 2463 Πόντος
2876 2399 3142 2465 Εὔξεινος,
3166 2400 3259 2452 καὶ
3274 2400 3736 2470 Προποντὶςζ91),

2157 2492 2567 2564 Ἑλλήσποντος,
2600 2492 2822 2558 Αἰγαῖος
2869 2492 2962 2544 καὶ
3003 2490 3220 2555 Ἰώνιος,
3281 2492 3614 2562 Σαρδονικδν
3640 2493 3736 2545 πέ-

2144 2584 2307 2652 λαγος
2337 2584 2430 2636 καὶ
2481 2583 2789 2645 Σικελικὸν,
2844 2582 2937 2635 καὶ
2985 2582 3321 2653 Τυρρηνικὸν
3368 2582 3585 2653 ἕτερον.
3624 2586 3735 2636 Καὶ

2150 2676 2317 2746 μυρία
2343 2693 2405 2745 γε
2432 2676 2669 2746 ὀνόματα
2704 2672 2975 2741 πελαγῶν,
3002 2673 3035 2726 ἀ
3059 2673 3266 2743 μακρὸν
3287 2671 3352 2725 ἂν
3377 2671 3464 2742 εἴη
3498 2672 3602 2726 νῦν
3621 2675 3733 2744 (9:!)

2145 2769 2240 2821 καὶ
2281 2767 2668 2839 ἀπειροκαλίας
2699 2765 2893 2836 μεστὸν
2926 2764 2993 2817 δι’
3029 2764 3311 2836 ἀκριϐείας
3332 2764 3737 2837 ἀπαριθμήσα-

2146 2860 2290 2912 σθαι.
2320 2858 2419 2910 Διά
2445 2857 2603 2911 τοῦτο
2637 2857 2917 2926 ὠνόμασεν
2939 2857 2967 2909 ὁ
2995 2854 3127 2919 Θεὸς
3152 2854 3219 2907 τὰ
3249 2855 3579 2925 συστήματα
3625 2856 3736 2909 τῶν

2145 2950 2351 3004 ὑδάτων
2374 2949 2667 3011 θαλάσσας.
2702 2947 2936 3010 ’Λλλέίς
2961 2945 3117 2999 τοῦτο
3147 2946 3244 3016 μὲν
3269 2947 3416 3016 ἡμᾶς
3435 2945 3736 3016 ἐξήνεγκεν

2143 3041 2176 3111 ἡ
2210 3039 2500 3095 ἀκολουθία
2548 3040 2639 3093 τοῦ
2687 3039 2867 3109 λόγου,
2895 3042 3058 3111 ἡμεῖς
3089 3040 3146 3093 δὲ
3200 3039 3336 3112 πρὸς
3374 3040 3436 3093 τὸ
3464 3040 3524 3107 ἐξ
3558 3042 3735 3113 ἁρῂς

2146 3129 2544 3201 ἐπανέλθωμεν.

2206 3223 2259 3276 5.
2286 3223 2395 3276 Kal
2427 3219 2596 3275 εἶπεν
2627 3224 2660 3276 ὁ
2710 3222 2875 3287 Θεός·
2913 3221 3278 3291 Συναχθήτω
3314 3223 3386 3277 τὰ
3424 3222 3623 3277 ὕδατα
3652 3227 3736 3291 εις

2143 3313 2504 3384 συναγωγὴν
2523 3314 2689 3382 μίαν,
2746 3312 2844 3365 καὶ
2876 3312 3111 3381 ὀρθήτω
3145 3315 3182 3382 ἡ
3215 3313 3388 3383 ξηρά.
3439 3317 3557 3369 Οὐκ
3592 3312 3733 3369 εἴπεο

2144 3407 2253 3459 Καὶ
2278 3406 2496 3477 όφθήτω
2524 3408 2556 3476 ἡ
2597 3405 2690 3475 γῆ,
2728 3406 2814 3458 ἵνα
2848 3404 2921 3475 μὴ
2954 3405 3114 3480 πάλιν
3152 3405 3319 3475 αὐτὴν
3350 3408 3735 3461 ἀκατάσκευον

2145 3498 2419 3568 ἐπιδείξῃ,
2470 3497 2688 3568 πηλώδη
2742 3492 2927 3560 οὖσαν,
2981 3497 3074 3549 καί¹
3127 3496 3595 3569 ἀναμεμιγμένην
3660 3500 3733 3567 τῷ

2145 3589 2318 3653 ὕδατι,
2349 3588 2502 3642 οὔπω
2536 3589 2635 3657 τὴν
2677 3588 2885 3641 οἰκείαν
2928 3585 3307 3640 ἀπολαϐοῦσαν
3353 3587 3576 3658 μορφὴν
3617 3590 3732 3642 οὐδὲ

2143 3680 2394 3751 δύναμιν.
2463 3678 2627 3751 Ὁμοῦ
2657 3679 2733 3744 δὲ,
2790 3679 2877 3733 ἵνα
2905 3676 2978 3749 μὴ
3008 3677 3086 3748 τῷ
3111 3677 3246 3747 ἡλίῳ
3270 3675 3367 3747 τὴν
3399 3677 3498 3730 τοῦ
3530 3680 3733 3749 ἀναξη-

2148 3773 2349 3843 ραίνειν
2378 3772 2476 3841 τὴν
2505 3772 2607 3842 γῆν
2633 3770 2809 3824 αἰτίαν
2846 3768 3191 3841 προσθῶμεν,
3223 3767 3613 3839 πρεσϐυτέραν
3641 3770 3734 3839 τῆς

2143 3862 2237 3915 τοῦ
2272 3863 2381 3933 (95)
2414 3863 2566 3934 ἡλίου
2623 3862 2892 3930 γενέσεως
2938 3860 3037 3932 τὴν
3104 3859 3373 3931 ξηρότητα
3408 3862 3513 3930 τῆς
3564 3861 3675 3931 γῆς
3709 3863 3733 3913 ό

2144 3955 2484 4025 Δημιουργὸς
2514 3952 2942 4024 παρεσκεύασεν.
2994 3952 3316 4023 Ἐπίστησον
3349 3950 3403 4003 δὲ
3444 3955 3511 4022 τῇ
3555 3952 3733 4022 ὲννοία

2143 4046 2252 4100 τῶν
2284 4046 2709 4116 γεγραμμένων,
2756 4045 2835 4097 ὅτι
2858 4047 2920 4097 οὐ
2967 4044 3125 4113 μόνον
3155 4044 3215 4095 τὸ
3247 4041 3547 4105 πλεονάζον
3591 4043 3731 4114 ὕδωρ

2144 4135 2394 4208 ἀπερρύη
2425 4137 2522 4205 τῆς
2550 4138 2676 4206 γῆς,
2712 4136 2847 4190 ἀλλά
2902 4136 2997 4189 καὶ
3038 4137 3161 4188 ὅσον
3210 4135 3553 4206 ἀνεμέμικτο
3598 4137 3729 4204 αὐτῇ

2144 4228 2231 4281 διὰ
2296 4227 2533 4298 βάθους,
2582 4228 2677 4281 καὶ
2727 4228 2886 4281 τοῦτο
2931 4225 3200 4297 ὑπεξῆλθε
3254 4226 3332 4295 τῷ
3370 4229 3761 4298 ἀπαραιτήτῳ

2146 4318 2642 4389 προστάγματιτοῦ
2673 4319 2941 4373 Δεσπότου
2975 4318 3208 4371 πεισθέν.
3230 4318 3333 4371 Καὶ
3371 4318 3617 4387 ἐγέτπτο
3640 4318 3734 4371 οὖ-

2146 4426 2281 4474 τως.
2318 4409 2588 4481 ’Λρκοῦσα
2614 4409 2750 4481 αὕτη
2782 4413 2814 4479 ἡ
2866 4410 3127 4479 ἐπαγωγὴ
3185 4409 3321 4479 πρὸς
3343 4409 3405 4460 τὺ
3431 4409 3612 4473 δεῖξαι
3656 4411 3731 4470 εἰς

2145 4500 2305 4570 ἔργον
2335 4500 2594 4554 ἐλθοῦσαν
2618 4502 2712 4554 τοῦ
2753 4500 3097 4572 Δημιουργοῦ
3115 4499 3215 4570 τὴν
3238 4500 3444 4568 φωνήν.
3474 4500 3732 4571 Πρόσκειι

469 4591 891 4661 congregationes
912 4606 1057 4657 suas,
1083 4599 1131 4644 et
1148 4592 1395 4659 apparuit
1421 4593 1595 4645 arida.
1620 4592 1749 4659 Qua:
1771 4607 1899 4646 sane
1923 4606 2017 4646 ver

2150 4609 2237 4647 ται
2262 4593 2319 4645 δὲ
2349 4594 2405 4645 ὲν
2423 4594 2532 4664 (94)
2550 4594 2758 4658 πολλοῖς
2787 4594 2893 4649 τῶν
2915 4592 3287 4662 ἀντιγράφων⁶
3309 4592 3418 4645 Καὶ
3443 4592 3728 4660 συνήχθη

541 4747 654 4881 (88)
685 4747 777 4832 Sic
805 4750 1107 4812 mss.,Editi
1140 4747 1276 4802 ἀλλά
1312 4764 1375 4816 γε
1398 4746 1452 4801 εί
1475 4765 1548 4801 τι.

564 4818 653 4881 89)
716 4827 806 4872 Sic
858 4830 1093 4881 quatuor
1130 4834 1258 4873 mss.
1308 4835 1429 4873 eum
1482 4819 1548 4873 Bu

564 4818 653 4887 89)
716 4818 806 4872 Sic
858 4830 1093 4886 quatuor
1130 4834 1258 4873 mss.
1308 4835 1429 4873 eum
1482 4819 1637 4874 Bodl.
1692 4818 1891 4874 Excusi
1920 4833 2040 4872 cum

471 4889 605 4959 Reg.
634 4887 808 4959 primo
836 4890 1291 4959 συνεστόμωνται.

541 4958 654 5027 (90)
686 4956 759 5009 Ita
796 4958 947 5011 mttlti
997 4955 1129 5014 mss.
1158 4974 1189 5013 e
1235 4957 1436 5012 nostris
1462 4966 1658 5027 praeter
1686 4958 1837 5014 Bodl.
1900 4955 2042 5010 Editi

472 5027 938 5113 συγξὲροεειεν.είς;

543 5096 863 5168 (9|)ﬁEditio
914 5098 1077 5152 Basil.
1129 5113 1249 5152 cum
1303 5098 1571 5168 aliquibus
1609 5112 1740 5151 mss.
1800 5096 2048 5168 Προπόν-

470 5167 807 5242 τιοςεΕειὶιὶο
839 5167 1012 5242 Paris.
1041 5184 1161 5223 cum
1195 5168 1317 5242 aliis
1351 5167 1480 5242 mss:
1509 5170 1833 5242 Προποντις.

542 5239 653 5308 (92)
684 5234 758 5289 lta
787 5237 1001 5291 codices
1032 5254 1146 5293 sex.
1201 5240 1360 5308 licest
1420 5239 1514 5292 νῦν
1561 5234 1618 5292 in
1670 5237 1851 5308 editis.
1923 5235 2046 5291 Mox

471 5310 711 5378 quinque
737 5322 869 5380 mss:
898 5307 1349 5380 ἀπαριθμεῖσθαι.
1380 5310 1515 5363 Editi
1544 5324 1676 5380 cum
1711 5307 1842 5380 [ξμς.
1873 5308 2049 5380 pritth

472 5376 529 5450 et
554 5393 677 5450 cum
726 5376 1681 5450 Coisl._priino'daaptouﬁaaaeat._
1709 5376 1827 5450 Mox
1869 5377 2048 5450 _editio

475 5446 638 5518 l_las_il.
670 5461 791 5500 cum
827 5446 1066 5518 quinque
1094 5464 1223 5503 mss.
1256 5446 1577 5518 ὠνόμασεν.
1646 5448 1822 5518 Editio
1852 5446 2043 5518 Paris.

476 5463 638 5499 uasn.
670 5463 791 5500 cum
827 5463 1066 5571 gmuqne
1094 5464 1223 5503 mss.
1270 5463 1577 5518 ωνομασεν.
1646 5463 1822 5501 ιιιιιιυ
1871 5463 2043 5499 rarts.

472 5514 782 5652 ιᾷἔρμακεν.
870 5518 1068 5573 ubinde
1109 5520 1282 5574 codex
1337 5519 1581 5574 Combel'.
1641 5517 1787 5588 ἡμᾶς
1848 5515 2048 5587 ἐξήγα·

549 5651 663 5727 (θᾷ)
688 5656 821 5726 Reg.
884 5658 1105 5725 quintus
1156 5657 1536 5727 πρεσϐυτέραν
1568 5657 1735 5727 αὐτῆς
1764 5654 1879 5708 τοῦ.
1904 5654 2045 5727 infra

478 5722 632 5799 tntilli
666 5722 976 5799 tnssl‘d‘c'ov
1013 5722 1365 5797 ἀνεμέμικτο.
1406 5722 1600 5782 Statim
1641 5722 1773 5797 licg.
1829 5725 2049 5795 quintus

479 5791 637 5842 τοῦτο
668 5791 980 5863 ἐπεξῆλθεν.

2219 4749 2332 4819 (94)
2367 4747 2456 4803 Sic
2478 4747 2630 4818 Regii
2665 4749 2891 4819 primus,
2921 4747 3132 4819 tertius,
3161 4747 3402 4816 quintus,
3429 4757 3628 4819 sextus
3652 4751 3727 4819 Act

2148 4814 2369 4874 octavus
2397 4836 2516 4872 cum
2552 4814 2784 4885 utroque
2810 4818 2974 4872 Coisl.
3010 4829 3067 4871 et
3085 4814 3239 4871 Colb.
3291 4818 3556 4870 secundo.
3586 4814 3726 4869 Editi

2149 4889 2206 4943 ἐν
2238 4905 2365 4941 τισι,
2417 4887 2584 4941 Paulo
2633 4896 2751 4956 post
2799 4904 2928 4941 mss.
2974 4886 3174 4941 habent
3212 4887 3245 4957 ἡ
3290 4885 3453 4957 ξηρά.
3500 4885 3724 4957 Deesti;

2150 4960 2202 5011 in
2234 4959 2470 5010 editione
2493 4955 2665 5011 Paris.
2696 4957 2871 5011 Verba
2904 4957 3015 5019 illa,
3046 4957 3141 5009 καὶ
3186 4955 3527 5025 συνήχθηᾲτὸ
3584 4955 3725 5024 ὕδωρ

2146 5028 2210 5082 τὸ
2241 5029 2498 5097 ὑποκάτω
2524 5026 2621 5079 τοῦ
2662 5025 2894 5097 οὐρανοῦ
2927 5029 3009 5089 είς
3041 5026 3140 5090 τὰς
3170 5023 3500 5093 συναγωγὰς
3525 5023 3722 5085 αὐτῶν,

2145 5099 2238 5152 καὶ
2272 5097 2428 5167 ὤφθη
2483 5095 2642 5167 ξηρά,
2682 5095 2746 5149 lsi
2801 5107 3115 5166 congregata
3166 5107 3238 5151 est
3284 5112 3596 5167 aqua,quag
3632 5096 3722 5149 sub

2146 5169 2273 5222 cmlo
2293 5207 2308 5231 ,
2332 5165 2426 5220 Vini
2457 5165 2881 5236 codgrcgatioues
2922 5183 3079 5236 sua},
3122 5176 3175 5236 et
3204 5165 3668 5236 _apparuit__arida
3702 5198 3718 5222 .

2146 5239 2443 5291 etiamnum
2476 5232 2886 5305 legbniurapud
2920 5234 3083 5289 LXX.
3110 5234 3216 5289 Sed
3258 5232 3719 5305 neqneuﬂebraro-

2149 5324 2266 5361 rum
2298 5303 2593 5375 exemplar,
2621 5303 3070 5375 tteqttejulgata,
3103 5319 3277 5373 neque
3302 5303 3524 5370 Aquila,
3555 5315 3719 5369 neque

2149 5373 2528 5448 Symmachus.
2581 5389 2756 5448 neque
2787 5373 3089 5448 Theodotio
3139 5391 3200 5427 ea
3238 5384 3560 5448 agnoscunt.
3594 5375 3717 5448 Am-

2149 5440 2359 5502 brosius
2410 5455 2587 5499 tamen
2645 5440 2738 5497 lib.
2773 5460 2829 5496 III
2885 5447 2938 5496 in
2990 5442 3268 5508 llea:aem.,
3323 5443 3483 5495 initio
3536 5440 3717 5507 capitis

2147 5517 2346 5585 quinti,
2382 5518 2483 5585 Itoc
2529 5512 2671 5568 LXX
2728 5515 3087 5585 interpretum
3122 5514 3553 5585 additamentum
3580 5522 3714 5563 conv

2147 5580 2356 5654 probat.
2416 5584 2587 5654 Multa
2620 5590 2791 5654 enim,
2836 5580 3034 5654 inquit,
3070 5599 3172 5636 non
3201 5586 3366 5635 otiose
3414 5597 3447 5633 α
3505 5580 3711 5654 Septua-

2146 5651 2290 5723 ginta
2341 5657 2463 5708 viris
2526 5653 2803 5708 Hebraicis
2863 5653 3077 5708 lectioni
3126 5654 3310 5706 addita
3365 5661 3420 5704 et
3471 5651 3712 5719 adjuncta

2146 5725 2418 5795 contprrt'm
2429 5741 2508 5777 ut.
