3846 6218
161 306 231 362 ao
1290 308 1576 364 HOMILIA
1613 308 1680 364 IV
1721 309 1787 363 lN
1828 310 2336 367 HEXAEMERON.
3362 307 3435 364 ϐο

160 415 227 469 τὸ
246 414 403 484 ὕδωρ
440 415 509 468 τὸ
555 414 834 468 ὑποκάτω
873 417 978 471 τοῦ
1004 418 1267 486 οὐρανοῦ
1316 423 1404 484 είς
1461 422 1569 487 τὰς
1594 436 1739 474 συν-

1850 422 1915 477 ba
1941 424 2071 478 nulli
2089 440 2154 479 ex
2178 425 2406 495 reliquis
2438 424 2818 496 interpretibus
2860 424 3152 491 tradidere,
3178 440 3279 481 nec
3306 442 3436 488 usus

160 505 393 576 ἀγωγὰς
420 504 641 569 αὐτῶν,
661 506 761 559 καί
791 505 958 575 ὤφθη
988 510 1026 576 ἠ
1060 508 1234 577 ξηρά·
1281 510 1422 579 ἆπερ
1451 509 1573 563 οὔτε
1602 512 1747 575 τινὲς

160 597 269 652 τῶν
300 596 503 652 λοιπῶν
531 597 892 651 ὲκδεδώκασιν
920 601 1204 672 ἑρμηνέων
1234 602 1368 672 (95),
1405 603 1528 655 οὔτε
1559 605 1592 674 ἡ
1616 604 1748 675 χρῆ-

122 753 133 765 .
163 706 248 753 σις
278 688 387 743 τῶν
429 688 700 760 Ἐϐραίων
723 689 922 761 ἔχουσα
952 692 1223 761 φαίνεται.
1258 694 1367 747 Καὶ
1393 693 1497 767 γὰρ
1522 693 1599 765 τῷ
1634 695 1746 748 ὅντι

161 777 426 849 παρέλκει
456 778 596 848 μετὰ
626 779 726 851 τὴν
758 781 1063 853 μαρτυρίαν
1094 781 1211 847 τοῦ,
1235 783 1316 836 ὅτι
1351 782 1621 853 Ἐγένετο
1647 785 1747 838 οὕ-

160 887 293 936 τως,
341 872 375 941 ὴ
417 869 526 923 τῶν
560 870 741 924 αὐτῶν
781 871 943 926 πάλιν
999 873 1406 944 ἐπεκδιήγησις.
1453 875 1532 928 Τά
1565 875 1745 930 τοίνυν

158 961 362 1033 ἀκριϐῆ
388 960 497 1016 τῶν
527 962 878 1035 ἀντιγράφων
911 964 1222 1018 ὼϐέλισταυ
1260 966 1288 1018 ό
1320 966 1376 1019 δὲ
1406 966 1589 1030 ὀϐελὸς
1615 967 1743 1021 ἀθε-

157 1056 369 1125 τήσεως
396 1053 683 1123 σύμϐολον.
710 1056 820 1109 Καὶ
847 1054 1145 1110 ἐκάλεσεν
1169 1062 1202 1111 ό
1220 1059 1364 1125 Θεὸς
1388 1060 1503 1127 τὴν
1531 1059 1742 1128 ξηρὰν,

158 1144 294 1215 γῆν,
334 1146 434 1201 καὶ
460 1146 534 1200 τὰ
564 1146 925 1216 συστήματα
965 1147 1083 1201 τῶν
1110 1148 1345 1204 ὑδάτων
1364 1151 1622 1205 ἐκάλεσε
1641 1155 1744 1206 θα-

156 1239 404 1306 λάσσας
457 1239 588 1311 (96).
622 1240 723 1293 Διὰ
758 1240 812 1292 τί
846 1242 941 1294 καὶ
986 1244 1045 1295 ἐν
1090 1245 1202 1305 τοῖς
1239 1244 1470 1297 κατόπιν
1504 1244 1739 1316 εἴρηται·

155 1331 523 1401 Συναχθήτω
556 1333 629 1387 τὰ
666 1332 855 1386 ὕδατα
893 1335 980 1399 είς
1028 1336 1392 1405 συναγωγὴν
1413 1338 1581 1406 μίαν,
1646 1338 1744 1391 καὶ

156 1426 398 1495 ἀρθήτω
429 1427 466 1495 ἠ
509 1425 683 1495 ξηρὰ,
715 1426 828 1480 ἀλλ’
857 1428 978 1499 οὐχὶ
1007 1428 1337 1500 γέγραπται,
1390 1431 1498 1484 Καὶ
1524 1431 1743 1500 ὀφθήτω

156 1519 192 1588 ἡ
220 1516 294 1587 γῆ
320 1534 335 1583 ;
365 1517 459 1570 καὶ
491 1515 727 1571 ἐνταῦθα
760 1518 942 1573 πάλινο
978 1521 1170 1589 Ὤφθη
1203 1521 1374 1589 ξηρὰ,
1401 1522 1498 1576 καὶ
1526 1523 1742 1577 ἐκάλε-

155 1624 270 1663 σεν
293 1612 327 1665 ὀ
354 1609 500 1676 Θεὸς
517 1608 633 1679 τὴν
648 1610 865 1679 ξηρὰν,
890 1611 1039 1681 τῆν;
1066 1613 1185 1667 Ὅτι
1202 1616 1236 1685 ἡ
1257 1615 1356 1684 μὲν
1372 1614 1511 1685 ξηρά
1529 1615 1588 1669 τὸ
1606 1616 1742 1670 ἰδίω-

157 1703 236 1772 μά
263 1703 398 1766 ἐστι,
425 1702 488 1755 τὸ
523 1703 684 1755 οἱονεὶ
720 1705 1215 1775 χαρακτηριστικὸν
1258 1707 1358 1777 τῆς
1389 1707 1604 1776 φύσεως
1644 1708 1736 1761 τοῦ

1849 1694 2047 1754 tionale
2101 1700 2336 1756 hominis
2394 1705 2671 1773 proprium
2720 1717 2804 1760 est
2855 1722 2867 1757 :

1853 511 2206 568 Hebraeorum
2241 516 2442 570 habere
2484 515 2715 571 videtur.
2754 514 2888 571 Nam
2911 531 3099 571 revera
3129 525 3250 587 post
3284 518 3436 573 testi-

1848 601 2090 655 monium
2119 603 2269 669 illud,
2300 603 2529 659 Factum
2551 617 2627 660 est
2651 608 2751 673 ita,
2777 608 2964 663 eadem
2987 608 3185 661 iterum
3206 622 3434 665 narrare

1846 696 1931 741 est
1962 702 2441 757 supervacaneum.
2483 693 2676 750 Notata
2707 706 2834 750 sunt
2860 697 3022 767 igitur
3052 697 3210 753 obelo
3248 714 3434 755 exem-

1846 778 2018 847 plaria
2049 784 2393 840 accuratiora
2434 804 2448 840 :
2480 785 2668 842 obelus
2693 796 2871 842 autem
2899 788 3110 858 signum
3138 798 3223 845 est
3270 806 3433 860 repu-

1846 869 2121 928 diationis.
2146 873 2215 928 El
2249 879 2445 931 vocavit
2476 878 2619 932 Deus
2653 880 2883 944 aridam,
2916 889 3110 934 terram
3144 898 3164 948 ;
3193 892 3240 936 et
3268 883 3431 937 colle-

1844 962 2044 1019 ctione:
2071 982 2330 1033 aquarum
2367 970 2565 1024 vocavit
2596 972 2790 1024 maria.
2829 971 2938 1026 Cur
2964 980 3011 1026 et
3038 987 3198 1042 supra
3227 974 3431 1029 dictum

1845 1064 1929 1108 cst
1961 1070 1975 1108 :
2011 1056 2403 1129 Congregentur
2449 1077 2600 1130 aqua:
2646 1062 2701 1115 in
2741 1065 3194 1133 congregationem
3245 1081 3426 1130 unam,

1843 1154 1891 1197 et
1919 1162 2172 1213 appareat
2195 1150 2350 1203 arida
2382 1167 2403 1216 ;
2436 1166 2542 1206 non
2567 1162 2748 1208 autem
2784 1155 3045 1225 scriptum
3082 1166 3208 1212 est:
3248 1158 3313 1212 Et
3336 1174 3429 1229 ap-

1846 1249 2030 1303 pareat
2076 1240 2267 1295 terra?
2316 1251 2369 1297 et
2432 1244 2522 1298 hic
2573 1260 2761 1300 rursus
2795 1262 2809 1300 :
2843 1248 3103 1316 Apparuit
3157 1249 3348 1316 arida,
3378 1258 3427 1303 et

1846 1330 2042 1382 vocavit
2087 1329 2229 1386 Deus
2276 1335 2510 1400 aridam,
2563 1341 2806 1394 terram?
2830 1338 2967 1406 Quia
3008 1341 3156 1396 arida
3186 1344 3425 1412 quidem,

1842 1428 1926 1472 est
1960 1420 2100 1474 velut
2125 1426 2427 1493 proprietas
2453 1430 2721 1497 quzedam,
2758 1446 2878 1501 qua:
2921 1431 3149 1498 subjecti
3177 1443 3424 1488 naturam

1843 1512 1994 1575 quasi
2018 1515 2272 1583 exprimit
2322 1534 2387 1573 ac
2424 1520 2703 1588 designat:
2742 1533 2886 1577 terra
2918 1539 3068 1588 vero,
3101 1526 3242 1579 nuda
3277 1540 3426 1595 qua:-

1844 1603 1964 1656 dam
2015 1616 2097 1660 est
2147 1608 2224 1662 rei
2273 1609 2581 1681 appellatio.
2636 1613 3099 1679 Quemadmodum
3148 1617 3291 1671 enim
3333 1632 3424 1672 ra-

2923 1709 3038 1763 luec
3093 1723 3223 1763 vero
3279 1724 3421 1776 vox,

155 1769 537 1864 ῦποκειμένου·
576 1796 610 1866 ἡ
641 1794 700 1848 δὲ
880 1769 1222 1868 προσηγορία
1243 1769 1324 1861 τίξ
1348 1769 1461 1852 ἐστι
1487 1769 1616 1872 ψιλῆ
1645 1801 1737 1854 τοῦ

1845 1794 2015 1858 homo,
2049 1793 2247 1846 animal
2305 1795 2475 1862 ipsum
2530 1797 2614 1850 cui
2656 1796 2740 1850 illa
2794 1800 3098 1867 praprietas
3150 1802 3308 1867 inest,
3349 1802 3426 1856 si-

155 1886 505 1956 πράγματος.
543 1885 632 1949 Ὠς
661 1884 772 1958 γάρ
800 1885 862 1939 τὸ
888 1886 1103 1956 λογικὸν
1135 1887 1263 1941 ἴδιόν
1282 1890 1397 1942 ἐστι
1424 1890 1518 1942 τοῦ
1536 1890 1742 1963 ἀνθρώ-

153 1993 278 2037 που,
296 1977 331 2046 ἠ
350 1975 407 2028 δὲ
422 1974 738 2044 ἄνθρωπος
764 1978 916 2048 φωνὴ
941 1980 1252 2050 σημαντική
1283 1981 1399 2033 ἐστι
1421 1981 1515 2035 τοῦ
1546 1981 1682 2046 ζώου
1698 1976 1741 2051 ᾧ

154 2068 392 2140 ὑπάρχει
408 2068 468 2122 τὸ
486 2070 634 2124 ῐδιον·
659 2069 802 2124 οὔτω
823 2072 919 2125 καὶ
942 2072 1004 2123 τὸ
1030 2070 1193 2144 ξηρὸν
1213 2071 1342 2125 ἴδιόν
1372 2075 1489 2127 ἐστι
1512 2072 1612 2143 τῆς
1636 2074 1742 2143 γῆς

153 2161 247 2212 καὶ
267 2159 567 2231 ἐξαίρετον.
582 2155 655 2230 τῼ
672 2161 851 2214 τοίνυν
879 2160 1020 2225 ἰδίως
1045 2161 1279 2233 ὑπάρχει
1304 2162 1366 2215 τὸ
1391 2160 1743 2235 ξηρὸν,τοῦτο

152 2251 515 2322 ἐπικέκληται
537 2253 628 2323 γῆ·
658 2251 847 2324 ὥσπερ
881 2245 925 2320 ᾧ
944 2253 1088 2317 ἰδίως
1108 2253 1446 2325 πρόσεστιτὸ
1474 2273 1740 2325 χρεμετι-

152 2346 390 2409 στικὸν,
401 2345 560 2398 τοῦτο
574 2345 932 2417 ἐπικέκληται
956 2346 1142 2410 ἵππος.
1162 2348 1237 2401 Οὐ
1263 2348 1424 2419 μόνον
1450 2348 1508 2401 δὲ
1521 2348 1615 2401 ἐπὶ
1640 2349 1741 2419 τῆς

155 2435 259 2504 γῆς
284 2436 401 2487 ἐστι
428 2434 748 2499 τοῦτο,ἀλλά
776 2436 998 2490 καὶτῶν
1026 2435 1198 2491 ἄλλων
1221 2438 1499 2510 στοιχείων
1514 2439 1741 2492 ἕκαστον

158 2527 467 2592 ἰδιάζουσαν
492 2528 588 2582 καὶ
641 2528 1179 2600 ἀποκεκληρωμένην
1212 2530 1326 2600 ἔχει
1358 2531 1642 2601 ποιότητα,
1669 2531 1740 2583 δι’

153 2613 223 2691 ἧς
253 2618 363 2672 τῶν
414 2637 474 2673 τε
527 2619 730 2674 λοιπῶν
770 2620 1148 2691 ἀποκρίνεται,
1192 2622 1286 2675 καὶ
1334 2621 1466 2677 αὐτὸ
1512 2623 1742 2677 ἕκαστον

153 2710 521 2765 όποίόνοὲστιν
549 2709 992 2780 ἐπιγινώσκεται.
1024 2710 1098 2765 Τὸ
1130 2714 1227 2784 μὲν
1248 2713 1392 2786 ὕδωρ
1430 2714 1566 2770 ἰδίαν
1596 2716 1743 2770 ποιό-

151 2818 297 2874 τητα
329 2800 445 2871 τὴν
494 2803 849 2873 ψυχρότητα
885 2802 1036 2874 ἔχει’
1092 2805 1121 2857 ὁ
1176 2804 1233 2858 δὲ
1268 2805 1376 2877 ἀὴρ
1420 2805 1538 2874 τὴν
1564 2809 1739 2876 ὑγρό-

153 2907 340 2959 τητα·
377 2892 438 2945 τὸ
466 2892 524 2946 δὲ
556 2892 668 2964 πῦρ
697 2894 813 2961 τὴν
840 2894 1186 2964 θερμότητα.
1241 2895 1403 2949 Ἀλλά
1434 2896 1607 2951 ταῦτα
1642 2897 1740 2968 μὲν

150 2984 231 3047 ὡς
277 2982 472 3068 πρῶτα
522 2985 763 3054 στοιχεῖα
791 2984 899 3038 τῶν
940 2985 1208 3039 συνθέτων
1263 2987 1406 3041 κατά
1453 2988 1544 3041 τὸν
1598 2990 1743 3061 εἰρη-

154 3074 321 3145 μένον
375 3076 579 3147 τρόπον
629 3075 709 3147 τῷ
756 3075 1006 3147 λογισμῷ
1068 3077 1376 3150 θεωρεῖται,
1419 3079 1489 3132 τὰ
1538 3079 1595 3132 δὲ
1635 3081 1735 3152 ἤδη
1763 3126 1806 3184 C

150 3172 213 3223 ὲν
236 3168 451 3240 σώματι
504 3169 957 3240 κατατεταγμένα
1008 3170 1104 3223 καὶ
1151 3170 1526 3225 ὑποπίπτοντα
1555 3175 1622 3244 τῇ
1652 3174 1736 3225 ai-

1842 1884 2060 1954 gniﬁcat
2096 1901 2110 1937 :
2153 1887 2231 1939 sic
2274 1886 2436 1941 etiam
2508 1888 2740 1955 aridum,
2790 1892 3064 1960 proprium
3104 1902 3191 1947 est
3237 1903 3419 1959 terrae,

1841 1977 1998 2046 eique
2026 1977 2317 2047 peculiare.
2374 1976 2472 2032 Cui
2532 1979 2699 2048 igitur
2728 1983 2945 2051 proprie
2986 1983 3128 2038 inest
3171 1984 3419 2050 ariditas,

1841 2070 1895 2124 id
1935 2081 2184 2124 vocatum
2239 2079 2322 2126 est
2364 2081 2505 2126 terra
2547 2073 2811 2142 :periude
2865 2085 3031 2144 atque
3076 2076 3163 2131 cui
3202 2077 3420 2147 proprie

1840 2161 2093 2216 hinnibile
2136 2164 2314 2228 adest,
2360 2164 2412 2217 id
2460 2174 2826 2234 nuncupatum
2856 2176 2940 2221 est
2987 2181 3179 2236 equus.
3222 2167 3333 2222 Nec
3365 2168 3419 2221 in

1842 2262 1986 2307 terra
2043 2253 2215 2309 solum
2276 2254 2327 2309 id
2370 2270 2430 2310 se
2483 2255 2555 2309 ita
2594 2256 2800 2311 habet:
2835 2257 2930 2311 sed
2982 2257 3201 2312 cuilibet
3253 2257 3418 2311 etiam

1840 2345 2070 2417 aliorum
2100 2345 2495 2402 elementorum
2545 2348 2782 2418 suppetit
2811 2350 3029 2417 propria
3064 2358 3119 2403 et
3151 2358 3300 2404 sorte
3324 2349 3421 2404 ob-

1843 2446 1990 2494 tenta
2030 2438 2284 2508 qualitas,
2309 2455 2415 2508 qua
2445 2449 2501 2494 et
2525 2439 2832 2494 secernitur
2852 2456 2884 2493 a
2908 2440 3142 2506 caeteris,
3180 2450 3235 2495 et
3261 2440 3425 2510 quale
3536 2436 3539 2438 ’

1840 2531 2260 2601 unumquodque
2289 2534 2382 2598 sit,
2417 2532 2825 2588 internoscitur.
2872 2535 3028 2603 Aqua
3057 2533 3272 2601 quidem
3320 2534 3420 2589 lia-

1839 2622 1932 2678 bet
1978 2624 2250 2692 propriam
2311 2624 2655 2693 qualitatem,
2706 2625 3059 2695 {rigiditatem
3095 2642 3115 2681 :
3145 2641 3240 2682 aer
3268 2641 3419 2692 vero,

1839 2711 2243 2766 Itamiditatem:
2273 2715 2411 2783 ignis
2436 2722 2641 2781 autem,
2667 2715 3022 2770 caliditatem.
3057 2716 3213 2770 Ratio
3235 2725 3418 2771 autem

1841 2803 1910 2858 ad
1942 2817 2065 2859 eum
2096 2819 2254 2872 quem
2277 2806 2512 2860 diximus
2533 2812 2747 2860 modum
2773 2808 2957 2862 isthmc
3004 2809 3116 2879 38
3166 2820 3425 2880 tanquam

1840 2897 2013 2969 prima
2049 2910 2228 2952 rerum
2274 2898 2694 2968 compositurum
2746 2899 3012 2955 elementa
3058 2902 3416 2970 speculatur:

1841 3005 1962 3059 quae
1987 3005 2120 3045 vero
2163 2988 2273 3058 jam
2315 2990 2371 3044 in
2413 2990 2733 3059 corporibus
2777 2991 2983 3061 digesta
3027 3003 3171 3061 sunt.
3215 3002 3271 3047 et
3317 2995 3421 3049 sub

1842 3096 2062 3136 sensum
2091 3082 2311 3147 cadunt,
2353 3081 2671 3151 conjunctas
2706 3081 2846 3135 inter
2877 3098 2936 3137 se
2982 3082 3274 3152 qualitates
3321 3084 3419 3138 lia-

1839 3173 1986 3228 bent.
2002 3170 2112 3228 Nec
2128 3172 2420 3243 quidquam
2438 3187 2623 3228 eorum
2643 3188 2762 3241 qua:
2782 3172 2920 3228 visui
2944 3188 3007 3227 ac
3024 3174 3270 3228 sensibus
3291 3176 3419 3229 subc

152 3260 347 3333 σθήσει
377 3260 812 3333 συνεζευγμένας
833 3260 948 3332 ἔχει
969 3261 1069 3324 τὰς
1098 3262 1410 3333 ποιότητας.
1445 3263 1559 3337 Καὶ
1585 3264 1736 3318 οὐδὲν

1845 3265 2036 3333 iacent,
2071 3274 2155 3321 est
2177 3264 2424 3320 absolute
2462 3264 2755 3334 singulare,
2785 3274 2879 3319 aut
2909 3264 3161 3333 simplex,
3192 3275 3415 3335 autpu-

148 3351 578 3422 ἀπολελυμένως
627 3353 746 3405 ἐστὶ
801 3352 1031 3423 μοναχὸν
1063 3353 1184 3407 οὐδὲ
1214 3352 1418 3407 ἁπλοῦν
1469 3357 1565 3409 καὶ
1602 3356 1735 3409 εἰλι-

152 3444 343 3516 κρινὲς
375 3444 485 3497 τῶν
536 3444 829 3515 ὁρωμένων
885 3447 981 3499 καὶ
1035 3445 1340 3518 αἰσθητῶν·
1403 3447 1517 3501 ἀλλ’
1566 3450 1600 3520 ἡ
1635 3449 1736 3518 μὲν

151 3534 402 3607 γῆ.ξηρά
437 3535 534 3589 καὶ
566 3534 771 3607 ψυχρὰ,
799 3536 861 3589 τὸ
906 3537 964 3590 δὲ
997 3536 1141 3609 ὕδωρ
1171 3538 1336 3608 ὑγρὸν
1370 3539 1464 3592 καὶ
1507 3539 1733 3613 ψυχρὸν,

150 3628 182 3679 ὁ
212 3626 277 3679 δὲ
300 3626 408 3697 ἀὴρ
439 3626 640 3698 θερμὸς
669 3627 763 3680 καὶ
795 3627 982 3698 ὑγρὸς,
1033 3628 1094 3681 τὸ
1138 3629 1195 3682 δὲ
1234 3629 1346 3698 πῦρ
1393 3629 1594 3702 θερμὸν
1642 3632 1736 3686 καὶ

150 3719 343 3790 ξηρόν.
391 3718 547 3773 Οὕτω
597 3718 709 3791 γὰρ
754 3719 846 3773 διὰ
905 3721 1004 3791 τῆς
1062 3720 1300 3790 συζύγου
1359 3714 1645 3793 ποιότητες
1702 3725 1735 3795 ἡ

148 3811 388 3881 δύναμις
433 3811 768 3882 προέρχεται
803 3811 913 3882 (97)
947 3812 1039 3866 τοῦ
1094 3812 1463 3884 ἀναμιχθῆναι
1522 3813 1736 3884 ἑκάστῳ

149 3901 295 3971 πρὸς
338 3900 565 3955 ἕκαστον
587 3917 601 3929 ·
636 3899 714 3971 τῷ
763 3917 823 3954 τε
851 3899 961 3973 γάρ
988 3901 1190 3971 γείτονι
1224 3903 1472 3973 στοιχείῳ
1497 3902 1585 3955 διὰ
1636 3902 1737 3973 τῆς

148 3996 343 4064 κοινῆς
372 3993 657 4065 ποιότητος
682 3993 916 4049 ἕκαστον
972 3995 1352 4065 ἀνακίρναται,
1393 3996 1489 4049 καὶ
1525 3994 1614 4049 διὰ
1638 3996 1737 4067 τῆς

149 4088 296 4158 πρὸς
342 4088 405 4140 τὸ
461 4086 727 4155 σύνεγγυς
774 4086 1060 4151 κοινωνίας
1108 4086 1186 4157 τῷ
1224 4087 1592 4159 ἀντικειμένῳ
1623 4088 1734 4158 (98)

149 4178 509 4233 συνάπτεται.
577 4175 724 4245 Οἴον,
787 4180 822 4250 ἡ
869 4179 960 4250 γῆ,
995 4178 1137 4250 ξηρά
1195 4174 1331 4233 οῦσα
1384 4181 1480 4234 καὶ
1534 4178 1734 4251 ψυχρὰ,

147 4267 372 4322 ἑνοῦται
404 4268 502 4338 μὲν
527 4267 607 4339 τῷ
641 4268 792 4323 ὕδατι
822 4268 967 4322 κατά
1006 4269 1105 4339 τὴν
1137 4270 1455 4338 συγγένειαν
1482 4269 1592 4338 τῆς
1624 4275 1739 4339 ψυ-

147 4358 470 4426 χρότητος,
502 4358 717 4413 ἑνοῦται
746 4359 805 4412 δὲ
831 4359 921 4413 διὰ
940 4359 1033 4413 τοῦ
1058 4358 1248 4424 ὕδατος
1274 4360 1351 4431 τῷ
1366 4362 1489 4432 ἀέρι
1506 4378 1519 4391 ·
1552 4362 1738 4434 ἐπειδὴ

1836 3372 1988 3412 rum:
2030 3358 2124 3411 sed
2176 3363 2320 3411 terra
2348 3356 2563 3424 quidem
2612 3356 2763 3409 arida
2793 3366 2850 3411 et
2888 3355 3084 3425 frigida
3126 3367 3242 3411 eat:
3276 3371 3417 3426 aqua

1835 3464 1965 3505 vero
2003 3448 2223 3503 humida
2274 3457 2330 3502 et
2358 3447 2585 3517 frigida:
2628 3462 2818 3503 rursus
2864 3462 2958 3502 aer
2982 3448 3188 3503 calidus
3217 3458 3274 3503 et
3314 3449 3416 3503 bu-

1837 3539 2034 3604 midus,
2064 3538 2202 3608 ignis
2224 3549 2404 3591 autem
2431 3536 2637 3592 calidus
2666 3545 2724 3592 et
2765 3538 2966 3592 siccus.
3006 3537 3099 3592 Sic
3124 3538 3269 3593 enim
3319 3552 3421 3608 per

1835 3629 2175 3701 coniugatam
2205 3629 2519 3697 qualitatem
2551 3628 2760 3698 singula
2790 3628 3019 3698 singulis
3052 3637 3419 3699 possuntper-

1837 3721 2051 3777 misceri
2098 3737 2112 3774 :
2170 3719 2434 3788 siquidem
2466 3717 2648 3774 vicino
2695 3720 2963 3774 elemento
2993 3721 3422 3792 unumquodque

1837 3814 2216 3869 commiscetur
2272 3826 2368 3880 per
2427 3824 2767 3866 communem
2817 3813 3174 3881 qualitatem,
3225 3826 3281 3867 et
3322 3828 3421 3882 per

1835 3919 1955 3960 eam
1980 3918 2142 3973 quam
2188 3917 2311 3956 cum
2368 3899 2511 3955 aﬂini
2566 3901 2731 3955 habet
2779 3902 3095 3957 societatem
3143 3905 3421 3961 contrario

1835 3996 2195 4067 coniungitur.
2228 3995 2471 4064 Exempli
2521 3993 2723 4065 gratia:
2757 4003 2925 4060 terra,
2966 4011 3084 4064 qua:
3136 3997 3289 4051 arida
3334 4008 3418 4052 est

1836 4097 1892 4144 et
1921 4086 2134 4157 frigida,
2159 4101 2298 4139 cum.
2331 4098 2470 4154 aqua
2499 4083 2569 4139 ob
2625 4084 2934 4153 frigiditatis
2971 4083 3284 4139 aﬂinitatem
3321 4100 3416 4138 ουτ

1837 4178 2058 4249 pulatur
2084 4195 2099 4232 :
2147 4175 2394 4245 jungitur
2424 4187 2603 4230 autem
2634 4190 2730 4245 per
2755 4190 2952 4245 aquam
2992 4176 3138 4242 aeri;
3171 4175 3415 4244 quando-

1838 4269 2054 4338 quidem
2080 4282 2244 4337 aqua,
2267 4268 2408 4321 inter
2438 4275 2731 4335 utrumque
2757 4267 2930 4321 media
2961 4266 3275 4331 constituta,
3303 4265 3419 4321 vel-

1839 4372 1898 4415 ut
1936 4360 2147 4417 duabus
2192 4359 2402 4426 injectis
2442 4358 2692 4415 manibus
2729 4375 2824 4430 per
2852 4368 3140 4430 utramque
3181 4357 3415 4427 qualita-

151 4450 324 4521 μέσον
356 4451 680 4521 ἀμφοτέρων
707 4452 1043 4523 τεταγμένον
1074 4452 1137 4506 τὸ
1166 4451 1332 4525 ὕδωρ,
1350 4445 1513 4507 οἱονεὶ
1539 4454 1738 4525 χειρῶν

1845 4462 1949 4508 tem
1981 4452 2245 4508 elementa
2280 4452 2527 4520 proxima
2575 4453 2808 4523 attingit,
2848 4463 3050 4509 terram
3081 4466 3177 4520 per
3204 4451 3416 4520 frigidi-

146 4543 245 4597 δύο
278 4545 505 4617 ἐπιϐολῇ
556 4545 794 4619 ἑκατέρᾳ
851 4546 1099 4617 ποιότητι
1144 4545 1255 4599 τῶν
1307 4547 1735 4618 παρακειμένων

147 4637 484 4707 ἐφάπτεται,
513 4640 581 4709 τῇ
628 4638 727 4708 μὲν
755 4638 1055 4711 ψυχρότητι
1088 4639 1186 4710 τῆς
1218 4639 1343 4710 γῆς,
1367 4642 1435 4711 τῇ
1477 4639 1735 4710 ὑγρότητι

143 4729 208 4782 δὲ
242 4728 340 4781 τοῦ
373 4729 555 4801 ἀέρος.
592 4729 761 4784 Πάλιν
789 4733 818 4783 ὁ
854 4731 963 4801 ἀὴρ
992 4734 1058 4802 τῇ
1080 4731 1275 4784 ἑαυτοῦ
1309 4732 1559 4802 μεσιτείᾳ
1587 4731 1737 4785 διαλ-

146 4821 359 4894 λακτὴς
398 4822 606 4891 γίνεται
634 4824 732 4896 τῆς
783 4825 1098 4896 μαχομένης
1148 4822 1364 4893 φύσεως
1418 4824 1607 4888 ὕδατος
1645 4825 1740 4879 καὶ

223 5022 342 5093 (95)
374 5023 509 5091 Reg.
539 5033 725 5080 sextus
744 5022 1113 5097 ἑρμηνευτῶν.
1139 5023 1299 5097 Putat
1320 5023 1545 5096 Ducmns
1571 5023 1735 5097 yerba

150 5092 244 5147 illa
267 5092 394 5163 qua:
419 5107 738 5166 sequuntur,
763 5092 833 5148 τὰ
851 5092 1027 5148 τοίνυν
1060 5094 1285 5166 ἀκριϐῆ,
1322 5104 1461 5166 etc.,
1479 5092 1543 5147 ad
1569 5093 1733 5148 ﬁnem

149 5179 333 5233 usque
370 5164 599 5233 periodi,
639 5180 669 5219 a
701 5165 899 5219 Basilio
949 5167 1091 5220 inter
1126 5164 1556 5220 concionandum
1606 5179 1734 5233 pro-

150 5233 267 5287 lata
302 5250 409 5306 non
439 5233 641 5306 fuisse;
668 5250 817 5306 cum,
850 5236 1048 5306 inquit,
1085 5236 1249 5289 verba
1280 5236 1380 5306 ista
1412 5249 1536 5306 (non
1570 5248 1739 5302 agno-

149 5312 280 5358 scat
311 5304 651 5359 Eustathius.
688 5305 796 5359 Sed
847 5304 998 5360 ea'in
1032 5320 1091 5360 re
1136 5305 1253 5358 viro
1279 5304 1596 5359 doctissimo
1628 5318 1733 5357 non

148 5388 301 5444 queo
358 5375 633 5428 assentiri.
667 5373 803 5429 Nam
866 5375 984 5429 ﬁeri
1041 5374 1214 5444 potuit
1236 5381 1293 5427 ut
1335 5375 1495 5444 verba
1529 5373 1617 5444 illa
1666 5388 1734 5444 ex

1844 4556 2033 4611 tatem,
2061 4560 2242 4601 aerem
2270 4560 2366 4614 per
2392 4546 2790 4601 humiditatem.
2811 4547 2919 4602 Aer
2958 4548 3152 4602 iterum
3177 4558 3419 4613 pugnan-

1841 4645 1947 4691 tem
1980 4652 2134 4707 aqute
2169 4646 2225 4691 et
2257 4637 2399 4706 ignis
2446 4646 2693 4692 naturam
2739 4652 2837 4693 suo
2882 4636 3201 4705 interpositu
3233 4633 3420 4687 conci-

1842 4731 1957 4798 liat,
1985 4746 2108 4786 cum
2138 4745 2292 4799 aqua;
2314 4744 2411 4799 per
2442 4731 2839 4793 humiditatem,
2864 4730 2971 4798 igni
2993 4744 3121 4783 vero
3144 4742 3240 4798 per
3271 4724 3418 4780 calo~

1843 4839 1956 4879 rem
1992 4822 2366 4893 conjungatur.
2416 4822 2560 4892 Ignis
2605 4833 2786 4879 autem
2831 4823 2924 4892 qui
2978 4829 3171 4891 suapte
3225 4828 3418 4873 natura

1838 5022 2087 5099 legantur
2132 5031 2187 5078 et
2228 5023 2282 5078 in
2323 5021 2501 5099 _editis
2537 5023 2720 5099 libris1
2743 5024 3070 5099 et_in_msns.
3122 5020 3412 5099 codicibus

1837 5091 2090 5148 omnibus
2116 5134 2132 5158 ,
2163 5104 2288 5159 puta
2322 5094 2377 5147 in
2418 5102 2649 5163 utroque
2681 5093 2870 5158 Cois|.,
2906 5093 2957 5146 in
2997 5091 3185 5163 Regiis
3233 5091 3416 5154 tertio,

1838 5166 2026 5231 quinto
2055 5172 2108 5217 et
2147 5173 2360 5229 octavo,
2410 5161 2574 5231 atque
2608 5164 2662 5217 in
2712 5164 2959 5233 reliquis.
2983 5161 3220 5233 Addam__
3256 5176 3413 5228 repe-

1838 5229 1976 5286 risse
2001 5248 2098 5288 nos
2125 5235 2291 5288 verba
2315 5229 2663 5287 controversa
2693 5232 2745 5287 in
2769 5229 2844 5287 iis
2864 5232 2996 5303 ipsis
3019 5245 3155 5300 quos
3190 5229 3416 5284 Ducat-us

1838 5303 2074 5357 Contulit
2103 5303 2399 5356 codicibus.

1908 5371 2432 5444 (96)‘Editio_Paris.
2472 5372 2699 5426 ἐκάλεσε
2746 5371 3043 5425 θάλασσαν.
3070 5370 3141 5423 At
3188 5383 3319 5424 mss.
3363 5376 3418 5422 et

147 5443 446 5498 oseitantia
476 5445 680 5499 librarii
703 5446 899 5500 omissa
930 5442 1117 5501 sint'in
1146 5459 1211 5499 eo
1247 5443 1453 5507 codice,
1484 5443 1550 5495 ad
1595 5442 1750 5510 cujus
1830 5442 1998 5497 editio
2034 5442 2197 5496 B-hii.
2225 5442 2524 5505 θαλάσσας.

152 5515 324 5584 ﬁdem
374 5515 751 5583 interpretatio
783 5515 1050 5570 Eustathii
1078 5528 1276 5570 excusa
1307 5514 1446 5584 typis
1490 5520 1593 5566 est.
1623 5510 1739 5566 lmo

150 5582 300 5637 nihil
323 5582 531 5638 mirum
550 5585 718 5640 videri
751 5587 931 5651 debet,
966 5587 1009 5638 si
1046 5582 1358 5639 Eustathius
1398 5583 1512 5653 ipse
1546 5584 1599 5636 in
1648 5596 1741 5635 co-

152 5653 340 5725 dicem
402 5653 649 5708 mutilum
707 5656 1065 5725 vitiatumque
1128 5652 1537 5725 incideritht
1593 5661 1741 5725 certe

155 5722 491 5778 alterutrum
539 5739 638 5794 par
687 5738 773 5781 est
816 5722 1095 5797 cogitare,
1160 5738 1282 5778 cum
1320 5723 1484 5779 verba
1525 5722 1755 5777 laudata.

1918 5511 2030 5583 (97)
2070 5512 2183 5565 Duo
2233 5529 2362 5567 mss.
2393 5510 2775 5582 προσέρχεται.
2825 5512 2963 5583 Editi
3007 5525 3128 5567 cum
3162 5508 3281 5564 aliis
3304 5507 3418 5579 qui-

1843 5580 2068 5655 busdam
2112 5598 2243 5638 mss.
2270 5580 2801 5655 προέρχεταιζίοιιεο
2829 5582 3042 5655 melius.

1915 5650 2024 5721 (98)
2052 5646 2523 5723 |l3.tns.C'om'b'él".
2557 5668 2679 5708 cum
2713 5646 2836 5707 aiiis
2862 5651 3117 5723 quinque.
3147 5649 3287 5707 Editi
3307 5646 3420 5701 τῶν

1843 5721 2252 5792 ἀντικειμένων.
2482 5744 2499 5766 ι
