3850 6218
459 341 523 395 9|
1812 334 1871 391 s.
1912 331 2160 390 nasum
2202 329 2417 386 MAGNI
3686 315 3741 360 εει

459 455 666 512 calidus
702 463 786 510 est
811 461 864 508 et
899 452 1098 518 siccus,
1115 451 1398 524 colligatur
1439 467 1561 508 cum
1614 467 1740 507 aere
1762 467 1858 521 per
1881 452 2030 506 calo-

2167 449 2334 520 ιυρὸς,
2368 445 2447 516 τῷ
2478 445 2630 498 ὕδατι
2669 441 2766 511 μὲν
2795 437 2882 491 διὰ
2901 435 3002 505 τῆς
3036 432 3354 524 ὑγρότητος,
3513 425 3670 524 ττι)ρὶ

462 565 597 611 rem,
627 563 688 602 ac
713 560 900 601 rursus
934 560 1029 614 per
1059 545 1357 599 siccitatem
1407 545 1473 598 ad
1519 554 1680 599 terrae
1725 545 2036 598 societatem

2172 515 2232 593 di
2253 539 2344 592 τοῦ
2381 515 2585 608 θερμοῦ
2615 529 3085 603 συμπλεκόμενος.
3138 524 3211 576 Τὸ
3257 522 3314 574 δὲ
3353 519 3497 614 πιῦρ,
3532 515 3748 614 of???

465 641 621 695 redit.
653 639 826 706 Atque
865 638 934 690 ita
981 635 1234 691 omnibus
1288 633 1756 691 consentientibus
1805 649 1870 690 ac
1921 649 2041 688 mu-

462 742 612 788 tuum
659 733 949 800 quemdam
977 729 1225 784 ordinem
1260 729 1400 783 inter
1447 741 1508 782 se
1557 726 1908 791 habentibus,
1933 725 2039 779 cir-

461 825 616 879 culus
653 823 730 889 ﬁt,
765 836 828 876 ac
845 821 1139 878 concinnus
1171 821 1391 875 chorus.
1413 818 1567 874 Unde
1594 819 1880 888 etproprie
1908 816 2041 886 ipsis

465 918 716 987 adaptata
768 915 864 970 init
913 913 1202 984 appellatio
1257 913 1673 968 elementorum.
1734 909 1859 963 Haec
1893 923 1923 962 a
1958 921 2043 961 me

465 1011 604 1064 dicta
654 1019 799 1072 sunt,
839 1018 896 1062 ut
922 1024 1137 1062 causam
1172 1006 1417 1062 aﬁ'errem
1459 1019 1557 1058 cur
1589 1002 1864 1057 vocaverit
1903 999 2044 1054 Deus

467 1105 697 1168 aridam,
727 1112 968 1166 terram;
1011 1116 1111 1155 nec
1135 1111 1311 1154 tamen
1360 1108 1582 1164 terram,
1619 1097 1822 1148 aridam
1857 1092 2042 1162 appel-

466 1197 678 1250 laverit.
710 1194 973 1248 Nimirum
1009 1194 1134 1262 quia
1163 1194 1372 1246 aridum
1431 1205 1535 1244 non
1567 1204 1633 1242 ex
1664 1189 1749 1242 his
1787 1196 1869 1240 est
1925 1201 2045 1253 quas

471 1296 626 1340 terrae
665 1287 718 1339 in
749 1294 1020 1353 posterum
1054 1291 1418 1343 accesserunt,
1450 1279 1545 1334 sed
1571 1295 1636 1333 ex
1692 1278 1777 1332 his
1826 1291 1945 1345 qua:
1980 1276 2046 1328 ab

469 1378 625 1432 initio
675 1376 965 1431 essentiam
1005 1375 1173 1442 ipsius
1228 1372 1582 1426 constituunt.
1633 1368 1806 1423 Porro
1835 1382 1951 1435 quae
1993 1367 2045 1418 in

470 1486 632 1525 causa
664 1477 787 1524 sunt
817 1483 914 1521 cur
950 1466 1150 1535 aliquid
1178 1465 1427 1530 exsistat,
1450 1463 1517 1516 iis
1534 1477 1654 1532 qua!
1681 1470 1867 1530 postea
1894 1472 2048 1512 accc-

471 1565 629 1626 dnnt,
686 1570 879 1615 natura
939 1567 1066 1613 sunt
1099 1559 1277 1628 priora
1321 1571 1383 1609 ac
1421 1553 1812 1625 praestantiora.
1850 1549 2050 1617 Quam-

471 1656 658 1710 obrem
723 1661 863 1707 notae
917 1651 1108 1720 aliqua:
1169 1664 1235 1704 ex
1295 1646 1653 1702 anterioribus
1681 1652 1736 1698 et
1793 1641 2052 1698 vetustio-

473 1739 622 1793 ribus
676 1737 741 1790 ad
802 1745 1002 1790 terram
1050 1732 1435 1804 designandam
1491 1737 1618 1785 sunt
1661 1728 1782 1799 jure
1830 1724 2046 1793 excogi-

475 1839 527 1885 ta
536 1841 618 1885 ιω.

545 2016 597 2070 6.
633 2015 694 2068 Et
719 2014 851 2067 vidit
887 2012 1045 2076 Deus,
1072 2011 1210 2081 quod
1254 2008 1532 2076 pulchrum
1591 2014 1742 2059 esset.
1773 2002 1889 2058 Non
1945 2003 2048 2056 hoc

476 2109 680 2163 indicat
709 2107 1006 2173 Scriptura,
1049 2116 1238 2169 nempe
1257 2099 1550 2166 jucundum
1575 2096 1861 2165 quemdam
1888 2093 2050 2147 maris

478 2211 754 2272 aspectum
808 2199 972 2253 luisse
996 2196 1106 2251 Deo
1144 2193 1463 2248 exbibitum.
1520 2189 1634 2244 Non
1688 2189 1828 2242 enim
1881 2187 2051 2241 oculis

475 2291 926 2364 pulchritudinem
949 2296 1212 2344 creaturae
1239 2285 1474 2338 intuetur
1500 2281 1776 2344 Conditor,
1809 2280 1901 2334 sed
1933 2291 2052 2346 quae

478 2387 635 2447 ﬁunt,
665 2380 927 2451 sapientia
959 2376 1212 2432 ineﬂabili
1261 2374 1673 2441 contemplatur.
1719 2369 2049 2438 Estquidem

477 2478 690 2539 gratum
716 2463 1082 2533 spectaculum
1107 2475 1292 2522 aequior
1309 2458 1672 2520 inalbescens,
1700 2471 1820 2510 cum
1845 2452 2051 2507 stabilis

481 2556 841 2626 tranquillitas
870 2553 1045 2622 ipsum
1094 2558 1325 2618 occupat
1359 2567 1371 2601 :
1406 2563 1592 2601 rursus
1621 2557 1703 2600 est
1732 2547 1894 2599 etiam
1925 2557 2052 2612 gra-

480 2661 617 2714 tum,
646 2661 767 2701 cum
794 2645 958 2713 ipsius
981 2640 1292 2710 superﬁcies
1311 2639 1517 2692 lenibus
1542 2636 1688 2689 auris
1708 2641 2052 2701 exasperata,

481 2737 823 2796 cernentibus
880 2746 1206 2802 purpureum
1238 2739 1330 2782 ant
1363 2726 1651 2781 caeruleum
1685 2723 1921 2777 colorem
1966 2716 2050 2771 of-

482 2833 618 2886 fert:
655 2825 866 2896 quando
890 2837 1063 2890 neque
1097 2820 1364 2874 violenter
1391 2817 1642 2872 verberat
1687 2813 1918 2866 vicinam
1949 2819 2055 2862 ter-

481 2935 618 2983 ram,
649 2919 741 2971 sed
774 2915 916 2968 velut
945 2909 1180 2980 paciﬁcis
1219 2906 1540 2976 quibusdam
1570 2902 1908 2972 amplexibus
1934 2913 2052 2952 eam

483 3009 874 3078 complectitur.
912 3005 1026 3058 Non
1075 3011 1252 3056 tamen
1308 2997 1603 3068 putandum
1660 3003 1764 3057 est,
1793 2993 1856 3046 ad
1911 2993 2054 3045 hunc

483 3102 700 3157 modum
727 3098 928 3151 dixisse
959 3093 1316 3159 Scripturam,
1343 3104 1492 3141 mare
1531 3087 1639 3140 Deo
1684 3086 1859 3137 visum
1889 3081 2054 3135 fuisse

482 3192 766 3263 pulchrum
797 3202 859 3240 ac
882 3183 1174 3253 jucundum
1209 3198 1221 3233 :
1269 3182 1364 3234 sed
1399 3179 1488 3233 hic
1521 3192 1588 3232 ex
1614 3176 1811 3246 Opiﬁcii
1844 3175 2054 3228 ratione

485 3283 807 3354 dijudicatur
833 3277 1195 3346 pulchritudo.
1222 3273 1463 3327 Primum
1497 3271 1738 3340 quidem,
1781 3268 1906 3338 quia
1940 3284 2057 3321 ma-

485 3372 560 3425 ris
589 3383 728 3437 aqua
769 3366 934 3419 totius
981 3361 1182 3418 terreni
1234 3360 1474 3414 humoris
1506 3359 1626 3414 fons
1675 3367 1732 3412 et
1771 3358 1922 3426 origo
1953 3367 2053 3410 est.

485 3462 613 3516 Haec
659 3460 872 3528 quidem
915 3473 1009 3525 per
1057 3454 1296 3510 occultos
1341 3462 1551 3506 meatus
1577 3450 1952 3516 distribuitur;
1982 3449 2056 3502 nti

485 3554 620 3607 laxae
648 3560 808 3619 atque
841 3549 1052 3602 hiantes
1080 3555 1256 3609 terra),
1285 3558 1421 3612 quas
1451 3543 1669 3597 ﬂuidum
1702 3556 1850 3594 mare
1879 3541 2055 3601 subit,

486 3647 725 3701 indicant
752 3661 765 3696 :
793 3643 934 3711 quod
959 3641 1043 3694 ubi
1075 3640 1126 3693 in
1145 3639 1396 3706 obliquis,
1432 3651 1536 3689 non
1565 3646 1743 3689 autem
1776 3643 1921 3688 recta
1944 3643 2060 3686 ten-

486 3737 754 3799 dentibus,
785 3732 1116 3788 diverticulis
1141 3729 1256 3800 39
1313 3729 1578 3783 inclusum
1617 3737 1721 3791 est,
1751 3725 2060 3795 impulsum-

485 3844 591 3898 que
623 3828 723 3881 fuit
757 3842 787 3880 a
817 3835 974 3880 vento
1021 3823 1148 3877 illud
1175 3829 1440 3886 movente,
1495 3829 1605 3873 tum
1630 3818 1914 3887 superﬁcie
1949 3819 2060 3872 dis-

486 3931 640 3988 rupta
662 3921 806 3974 foras
833 3916 1096 3985 erumpit;
1122 3924 1282 3984 atque
1307 3913 1626 3968 emendante
1648 3910 2058 3966 amaritudinem

486 4012 872 4084 percolatione,
927 4009 1072 4078 potui
1109 4016 1291 4075 aptum
1339 4006 1536 4058 evadit.
1579 4004 1697 4059 Jam
1752 4018 1877 4057 vero
1925 4003 2057 4056 cali—

486 4106 636 4158 diore
659 4101 916 4172 qualitate
947 4101 1109 4154 etiam
1141 4113 1207 4152 ex
1241 4097 1467 4150 metallis
1489 4097 1541 4150 in
1575 4097 1801 4150 transitu
1821 4105 2058 4165 accepta,

485 4209 550 4247 ex
581 4195 766 4248 eadem
797 4191 1061 4246 moventis
1086 4205 1248 4244 causa
1275 4190 1536 4243 fervidum
1571 4189 1628 4242 ﬁt
1669 4199 1726 4242 nt
1771 4189 2059 4258 plurimum

487 4297 541 4339 et
569 4285 762 4340 ardens
788 4303 800 4338 :
853 4284 904 4338 id
950 4282 1089 4352 quod
1122 4282 1172 4335 in
1201 4281 1378 4335 multis
1407 4281 1618 4344 insulis,
1645 4280 1931 4349 multisque
1949 4293 2062 4333 ma-

491 4375 688 4430 ritimis
747 4375 877 4429 locis
925 4374 1004 4427 las
1055 4382 1140 4426 est
1178 4371 1396 4425 intueri.
1429 4371 1760 4438 Quinetiam,
1791 4380 1849 4425 ut
1894 4386 2058 4441 parva

2140 634 2236 686 καὶ
2271 607 2708 703 ξηρὸνῗὺπάρχον
2752 624 2850 693 τὴν
2903 620 3086 690 φύσιν,
3117 615 3196 686 τῷ
3240 615 3335 684 μὲν
3389 608 3608 703 θερμῷ
3643 607 3746 703 (εει)

2142 697 2402 794 πρὸς
2454 697 2594 791 ἀέρα
2628 715 2918 775 συνδεῖται,
2948 709 3025 780 τῷ
3073 706 3222 779 ξηρῷ
3261 704 3318 757 δὲ
3363 702 3550 794 πάλιν
3613 697 3748 794 πρὸς

2142 791 2240 887 την
2262 813 2547 868 κοινωνίαν
2578 809 2678 879 τῆς
2706 808 2809 876 γῆς
2839 803 3217 873 ἐπανέρχεται.
3263 796 3374 852 Καὶ
3401 792 3570 848 οὕτω
3592 791 3750 887 Δγίνε-

2142 884 2231 960 ται
2277 905 2475 968 κύκλος
2524 902 2619 955 καὶ
2672 898 2831 969 χορδς
2889 893 3229 964 ἐναρμόνιος,
3288 884 3750 957 συμφωνούντων

2145 998 2364 1052 πάντων
2401 995 2497 1048 καὶ
2537 989 2967 1059 συστοιχούντων
3001 983 3272 1054 ἀλλήλοις.
3326 978 3492 1032 Ὅθεν
3534 976 3754 1046 κυρίως

2145 1090 2328 1151 αὐτοῖς
2384 1087 2479 1140 καὶ
2529 1088 2563 1156 ἡ
2623 1078 2963 1155 προσηγορία
3019 1076 3128 1128 τῶν
3173 1070 3448 1142 στοιχείων
3488 1070 3753 1138 ἐφήρμο-

2149 1198 2271 1234 σται
2308 1179 2404 1250 (1).
2443 1178 2630 1230 Ταῦτά
2665 1192 2754 1246 μοι
2785 1174 3002 1244 εἴρηται
3040 1165 3373 1237 παριστῷντι
3413 1161 3524 1230 τὴν
3568 1159 3753 1211 αἰτίαν

2146 1274 2209 1326 δι’
2247 1273 2314 1342 ἢν
2340 1273 2366 1324 ό
2391 1270 2520 1333 Θεὸς
2550 1269 2648 1338 τὴν
2676 1265 2844 1338 ξηρὰν
2873 1261 3098 1315 ἐκάλεσε
3139 1259 3262 1328 γῆν,
3312 1254 3427 1308 ἀλλ’
3457 1253 3602 1320 οὐχὶ
3654 1251 3752 1319 τὴν

2148 1366 2253 1435 γῆν
2284 1365 2546 1433 προσεῖπε
2576 1359 2768 1430 ξηράν.
2821 1356 2965 1408 Διότι
2994 1353 3054 1406 τὸ
3084 1351 3243 1422 ξηρὸν
3277 1347 3398 1416 οὺχί
3425 1344 3548 1435 τῶν
3588 1342 3754 1435 ὕστε-

2151 1432 2246 1526 ρον
2273 1432 2350 1523 (2)
2382 1450 2822 1526 προσγινομένων
2850 1445 2967 1500 ἐστὶ
2983 1447 3049 1514 τῇ
3077 1445 3170 1513 γῇ,
3194 1439 3326 1493 ἀλλὰ
3349 1437 3458 1489 τῶν
3476 1433 3548 1498 ἐξ
3573 1432 3754 1526 ἀρχῆς

2153 1519 2622 1616 συμπληρούντων
2651 1519 2833 1608 αὐτῆς
2857 1537 2952 1607 τὴν
2976 1535 3187 1588 οὐσίαν.
3235 1530 3316 1583 Τὰ
3344 1528 3402 1581 δὲ
3431 1526 3623 1595 αὐτὴν
3659 1519 3754 1574 τοῦ

2151 1613 2293 1691 εἶναι
2320 1613 2499 1691 αίτίαν
2527 1633 2860 1704 παρέχοντα,
2892 1629 3134 1701 πρότερα
3172 1626 3236 1694 τῇ
3263 1620 3424 1691 φύσει
3450 1618 3571 1670 τῶν
3613 1613 3756 1685 μετᾶ

2150 1728 2325 1783 ταῦτα
2349 1723 2790 1799 προσγινομένων
2823 1721 2916 1775 καὶ
2947 1716 3331 1790 προτιμότερα.
3365 1711 3542 1762 Ὥστε
3595 1704 3752 1799 εἰκό-

2079 1799 2121 1854 B
2148 1839 2256 1885 τως
2284 1824 2348 1874 ὲκ
2377 1798 2486 1873 τῶν
2544 1813 3008 1889 προϋπαρχόντων
3062 1811 3159 1864 καὶ
3212 1802 3615 1880 πρεσϐυτέρων
3663 1798 3755 1849 ἒπ-

2150 1914 2346 1984 ενοήθη
2379 1915 2445 1983 τῇ
2466 1913 2536 1980 γῇ
2571 1909 2640 1962 τὰ
2669 1906 3050 1978 γνωρίσματα.

2225 2005 2279 2060 6.
2314 1998 2614 2058 Καὶέἵδεν
2641 2003 2674 2054 ὀ
2706 2002 2871 2064 Θεὸς,
2906 1997 2995 2049 ὅτι
3023 1994 3232 2048 καλόν.
3259 1991 3373 2043 Οὐκ
3411 1987 3552 2041 αὐτὸ
3589 1986 3752 2039 τοῧτε

2151 2101 2392 2172 τερπνὴν
2426 2114 2552 2151 τινα
2577 2095 2698 2166 ὄψιν
2732 2093 3011 2162 Θαλάσσης
3037 2093 3066 2144 ὁ
3101 2090 3258 2156 λόγος
3292 2085 3641 2139 ἐνδείκνυται
3675 2083 3754 2152 τῷ

2151 2191 2270 2261 Θεῷ
2328 2189 2628 2260 πεφηνέναι
2669 2185 2768 2256 (5).
2821 2185 2896 2237 Οὐ
2945 2182 3054 2252 γὰρ
3091 2179 3386 2249 ὀφθαλμοῖς
3446 2175 3645 2244 βλέπει
3682 2175 3753 2225 τὰ

2155 2284 2326 2354 κάλλη
2349 2283 2450 2353 τῆς
2480 2279 2711 2342 κτίσεως
2763 2281 2792 2332 ὁ
2841 2276 3093 2346 ποιητὴς,
3123 2271 3258 2326 άλλὰ
3295 2273 3361 2340 τῇ
3397 2269 3632 2339 ἀρρήτῳ
3659 2283 3751 2318 σο-

2155 2376 2254 2446 φίᾳ
2277 2374 2472 2444 θεωρεῖ
2497 2371 2566 2424 τὰ
2601 2370 2881 2440 γινόμενα.
2938 2366 3066 2420 Ἡδὺ
3116 2364 3214 2434 μὲν
3255 2360 3362 2430 γὰρ
3404 2358 3594 2428 θέαμα
3626 2355 3752 2409 λευ-

2153 2464 2449 2534 καινομένη
2498 2462 2764 2524 θάλασσα,
2807 2458 3049 2527 γαλήνης
3098 2452 3263 2523 αὐτὴν
3302 2450 3579 2518 σταθερᾶς
3611 2463 3746 2502 κατ-

2154 2555 2386 2627 εχούσης
2409 2571 2421 2584 °
2453 2554 2554 2624 ἡδὺ
2600 2552 2657 2604 δὲ
2683 2552 2777 2605 κα).
2807 2551 2934 2603 ὅταν
2962 2545 3214 2618 πραείαις
3246 2542 3442 2613 αὔραις
3473 2555 3745 2610 τραχυνο-

2159 2649 2296 2720 μένη
2334 2646 2402 2699 τὰ
2437 2647 2602 2704 νῶτα,
2658 2641 3045 2714 πορφύρουσαν
3108 2636 3272 2708 χρόαν
3315 2634 3346 2704 ἢ
3396 2632 3614 2700 κυανῆν
3639 2631 3748 2689 τοῖς

2153 2740 2320 2812 ὁρῶσι
2366 2735 2681 2810 προσϐάλλῃ
2733 2735 2831 2804 (4)·
2867 2734 2955 2786 ὅτε
3014 2729 3134 2782 οὐδὲ
3178 2726 3365 2778 τύπτει
3421 2723 3617 2792 βιαίως
3650 2720 3749 2790 τὴν

2155 2833 2370 2901 γείτονα
2398 2831 2612 2900 χέρσον,
2649 2827 2762 2881 ἀλλ’
2796 2821 2906 2878 οἷον
2935 2821 3238 2892 εἰρηνικαῖς
3274 2834 3416 2870 τισιν
3444 2814 3622 2884 αὐτὴν
3652 2829 3748 2862 πε-

2158 2924 2444 2994 ριπλοκαῖς
2490 2917 2925 2982 κατασπάζεται.
2994 2915 3068 2966 Οὐ
3137 2911 3241 2982 μὴν
3275 2910 3424 2962 οὕτω
3471 2907 3575 2959 καὶ
3629 2903 3748 2972 Θεῷ

2156 3015 2364 3068 οἴεσθαι
2390 3015 2496 3085 χρὴ
2536 3013 2632 3082 τὴν
2659 3008 2882 3082 Γραφὴν
2912 3005 3192 3077 εἰρηκέναι
3228 3001 3396 3072 καλὴν
3429 2999 3528 3053 καὶ
3562 2999 3746 3069 ἡδεῖαν

2157 3102 2334 3176 ὦφθαι
2394 3106 2489 3176 τὴν
2543 3103 2835 3164 θάλασσαν,
2869 3099 3004 3153 ἀλλὰ
3047 3097 3108 3149 τὸ
3148 3096 3311 3149 καλὸν
3350 3094 3466 3145 ἐκεῖ
3492 3091 3578 3161 τῷ
3609 3090 3746 3156 λόγῳ

2158 3200 2258 3269 τῆς
2285 3198 2362 3267 (5)
2391 3195 2753 3268 δημιουργίας
2770 3192 3034 3264 κρίνεται.
3073 3187 3296 3259 Πρῶτον
3329 3185 3450 3256 μὲν,
3473 3185 3560 3236 ὅτι
3598 3181 3746 3252 πηγὴ

2158 3293 2256 3361 τῆς
2283 3291 2412 3360 περὶ
2457 3287 2561 3357 γῆν
2610 3288 2828 3354 ἁπάσης
2865 3283 3067 3346 νοτίδος
3096 3281 3214 3333 ὲστ).
3253 3280 3313 3331 τὸ
3339 3277 3440 3346 τῆς
3465 3276 3747 3342 Θαλάσσης

2160 3380 2304 3451 ὕδωρ
2327 3396 2338 3409 ·
2392 3379 2549 3431 τοῦτο
2597 3376 2694 3446 μὲν
2726 3377 2782 3426 ὲν
2805 3377 2916 3436 τοῖς
2951 3372 3178 3442 ἀφανέσι
3224 3369 3412 3439 πόροις
3437 3367 3751 3436 διαδιδὸμε-

2159 3492 2268 3537 νον,
2321 3472 2396 3534 ὡς
2425 3468 2675 3541 δηλοῦσιν
2723 3469 2780 3519 αἱ
2843 3465 3147 3537 σομφώδεις
3204 3463 3311 3515 τῶν
3348 3460 3608 3530 ἠπείρων
3659 3456 3754 3510 καὶ

2162 3564 2446 3632 ὓπαντροι,
2480 3563 2568 3628 ὑφ’
2601 3559 2666 3621 ἃς
2695 3561 2728 3630 ἡ
2760 3557 2962 3630 ῥοώδης
3016 3553 3439 3618 διαυλωνίζουσα
3475 3550 3752 3608 θάλασσα,

2161 3653 2386 3706 ἐπειδὰν
2417 3650 2656 3712 σκολιαῖς
2689 3649 2783 3702 καὶ
2818 3649 2880 3700 οὐ
2918 3647 2992 3718 (6)
3033 3646 3169 3717 πρὸς
3199 3645 3260 3698 τὸ
3293 3643 3476 3714 ὄρθιον
3510 3641 3754 3714 φερομέ-

2159 3764 2281 3808 ναις
2312 3742 2659 3812 ὲναποληερθῇ
2694 3739 2966 3804 διεξόδοις,
3005 3739 3110 3791 ὑπὸ
3149 3736 3242 3790 τοῦ
3272 3734 3550 3796 κινοῦντος
3582 3733 3753 3802 αὐτὴν

2161 3836 2466 3906 πνεύματος
2507 3833 2814 3902 ὠθουμένη,
2859 3831 3084 3901 φέρεται
3122 3829 3228 3893 ἔξω
3267 3827 3364 3897 τὴν
3416 3826 3752 3893 ἐπιφάνειαν

2160 3927 2518 3999 διαρῤήξασα,
2549 3926 2642 3977 καὶ
2694 3924 2904 3992 γίνεται
2937 3924 3169 3992 πότιμος
3205 3921 3269 3972 ὲκ
3312 3919 3410 3988 τῆς
3445 3917 3752 3987 διηθήσεως

2159 4017 2220 4070 τὸ
2252 4017 2445 4086 πικρὸν
2501 4015 2731 4068 ἰαθεῖσα.
2756 4013 2896 4082 Ἤδη
2932 4012 2989 4065 δὲ
3021 4012 3116 4065 καὶ
3175 4009 3512 4080 θερμοτέρας
3561 4009 3633 4060 ὲκ
3665 4023 3752 4076 με·

2162 4109 2372 4163 τάλλων
2403 4110 2686 4178 ποιότητος
2721 4107 2862 4159 κατὰ
2910 4106 3008 4176 τὴν
3058 4103 3290 4167 διέξοδον
3340 4099 3750 4172 προσλαϐοῦσα,

2161 4203 2226 4253 ὲκ
2256 4201 2354 4270 τῆς
2391 4201 2560 4268 αὐτῆς
2589 4198 2681 4250 τοῦ
2725 4197 3002 4259 κινοῦντος
3052 4196 3230 4258 αίτίας
3272 4192 3470 4256 ζέουσα
3514 4192 3750 4258 γίνεται,

2162 4291 2239 4354 ὼς
2269 4291 2337 4343 τὰ
2364 4289 2553 4351 πολλὰ,
2587 4289 2680 4341 κα).
2716 4288 3002 4359 πυρώδης·
3041 4288 3178 4356 ὅπερ
3207 4284 3472 4355 πολλαχοῦ
3506 4286 3611 4354 μὲν
3646 4283 3751 4336 τῶν

2163 4383 2366 4453 νήσων,
2421 4381 2689 4450 πολλαχοῦ
2723 4380 2778 4432 δὲ
2830 4379 2940 4432 τῶν
2987 4378 3270 4449 παραλίων
3304 4378 3488 4429 τόπων
3541 4376 3750 4440 ἔξεστιν

488 4469 699 4535 magnis
731 4481 1108 4536 comparemus
1134 4505 1149 4531 ,
1204 4466 1257 4519 in
1292 4463 1700 4518 mediterraneis
1751 4464 2052 4532 regionibus

2167 4473 2469 4545 ἱστορῆσαι.
2511 4473 2684 4525 Ὅπου
2730 4489 2794 4539 γε
2843 4472 2936 4524 καὶ
2988 4469 3130 4523 κατὰ
3169 4471 3268 4538 τὴν
3322 4468 3624 4538 μεσόγειαν
3674 4468 3747 4537 (7)

490 4563 667 4615 simile
723 4561 973 4628 quiddam
1037 4563 1410 4627 perpetiuntur
1464 4558 1579 4611 loca
1629 4557 1872 4626 qnazdam
1906 4559 2062 4627 aquis

498 4648 803 4700 ﬂuvialibus
855 4646 1106 4702 conﬁnia.
1167 4646 1302 4713 Quid
1333 4657 1416 4701 est
1445 4647 1607 4714 igitur
1640 4662 1740 4700 cur
1786 4648 1884 4702 hoc
1910 4662 1940 4700 a
1977 4663 2063 4702 me

487 4738 690 4792 dictum
732 4738 836 4790 sit?
877 4735 1027 4801 Quod
1087 4746 1194 4790 tota
1259 4736 1435 4800 tellus,
1485 4751 1624 4804 aqua
1681 4752 1778 4806 per
1826 4737 2063 4791 occultos

487 4834 698 4879 meatus
734 4841 799 4878 ex
838 4827 1002 4878 maris
1035 4825 1312 4895 principiis
1345 4827 1770 4892 subtermeante,
1800 4827 2062 4882 cuniculis

489 4916 685 4971 referta
727 4927 810 4968 est
833 4931 895 4970 ac
919 4916 1138 4983 repleta.

564 5007 611 5062 7.
663 5006 952 5060 Pulchrum
990 5008 1170 5076 itaque
1197 5015 1279 5062 est
1305 5021 1454 5061 mare
1486 5007 1614 5075 Deo,
1644 5008 1713 5064 ob
1771 5007 2055 5065 humorem

560 5213 671 5288 ($39)
692 5214 821 5288 Duo
842 5231 972 5288 mss.
997 5214 1057 5267 τὸ
1083 5215 1182 5288 μὲν
1211 5215 1411 5288 θερμόν
1439 5239 1450 5271 ;
1489 5234 1715 5287 quorum
1740 5222 1876 5276 alter
1899 5224 2060 5280 habet

486 5301 555 5365 eg
587 5284 752 5367 ξηρὸν
780 5286 849 5367 δε
864 5285 1054 5367 πάλιν.
1077 5284 1180 5367 ΑΨ
1207 5284 1325 5341 tres
1339 5303 1470 5367 mss.
1508 5284 1585 5359 τῷ
1621 5292 1717 5367 μεν
1749 5292 2054 5363 θερμῷ.....

486 5347 763 5486 taceam
821 5355 899 5412 δέ.
955 5356 1075 5410 Mox
1128 5356 1260 5426 Reg.
1321 5360 1526 5427 primus
1557 5347 1732 5430 ’χόρδς
1773 5347 2059 5434 πὲιξηίρμάὲ

559 5494 636 5616 γι)
667 5495 818 5578 Begu
837 5495 1026 5550 tertius
1065 5495 1341 5565 στοιχείων
1367 5500 1810 5580 ⁸προσήρμοσται.

583 5563 639 5616 2)
671 5563 820 5616 Multi
857 5581 985 5616 mss.
1015 5564 1257 5616 ὕστερον.
1284 5568 1424 5616 Edm
1452 5571 1713 5616 ὑστέρως-

671 5563 820 5640 Multi
857 5581 985 5619 mss.
1015 5563 1266 5640 ὕστερονΣ
1284 5563 1714 5640 Ειιὶιῖὑστέρως.

673 5633 804 5707 ljcg.
834 5646 1017 5707 sextus
1050 5636 1127 5704 τῷ
1309 5632 1630 5707 πεφυκέναι.

671 5701 899 5776 Qodiccs
926 5701 1352 5776 duo_1t'po6dt)2).n.

587 5769 638 5836 5)
687 5769 764 5824 lta
818 5771 984 5827 editio
1013 5767 1176 5830 Baéil.
1207 5789 1260 5831 et
1303 5767 1409 5833 ius.
1465 5779 1706 5837 Combef.
1741 5796 1866 5837 cum
1931 5783 2048 5840 aliis

2165 4567 2322 4619 τόποι
2352 4565 2495 4627 τινὲς
2521 4563 2627 4617 τῶν
2669 4563 2948 4632 ποταμίων
2991 4563 3199 4615 ὑδάτων
3237 4561 3501 4629 γείτονες,
3535 4562 3616 4624 ὡς
3665 4579 3747 4631 μι-

2166 4658 2275 4730 κρὰ
2323 4656 2581 4726 μεγάλοις
2625 4655 2866 4717 εἰκάσαι,
2919 4653 2987 4706 τὰ
3041 4654 3401 4724 παραπλήσια
3455 4653 3745 4723 πάσχουσι.

2165 4749 2310 4820 Πρὸς
2335 4744 2427 4802 οὖν
2457 4747 2510 4799 τί
2533 4746 2693 4799 τοῦτο
2716 4746 2934 4818 εἴρηταί
2976 4763 3101 4816 μοι;
3141 4748 3264 4798 Ὅτι
3289 4748 3442 4798 πᾶσα
3479 4745 3747 4814 ὑπόνομός

2163 4841 2312 4892 ἐστιν
2343 4841 2376 4909 ὴ
2411 4839 2505 4908 γῆ,
2537 4839 2626 4891 διὰ
2678 4839 2860 4909 πόρων
2907 4837 3130 4906 ἀφανῶν
3174 4839 3237 4889 ἐκ
3289 4837 3398 4888 τῶν
3430 4837 3626 4905 ἀρχῶν
3653 4835 3747 4903 τῆς

2163 4930 2439 5000 θαλάσσης
2479 4929 2899 4992 ὑπονοστοῦντος
2930 4929 3025 4982 τοῦ
3054 4930 3265 4992 ὓδατος.

2235 5019 2287 5073 7.
2321 5017 2476 5089 Καλὴ
2506 5017 2686 5070 τοίνυν
2712 5019 2745 5087 ή
2775 5016 3020 5071 θάλασσα
3048 5018 3128 5089 τῷ
3168 5017 3289 5088 Θεῷ
3319 5019 3413 5071 καὶ
3444 5017 3536 5071 διὰ
3565 5019 3669 5090 τὴν
3697 5021 3748 5072 ὲν

2163 5226 2398 5294 quinque
2453 5241 2583 5280 mss.
2621 5227 2753 5292 Reg.
2801 5225 3158 5280 εθκιιιεάλλὰ
3195 5226 3257 5279 τὸ
3287 5225 3456 5278 καλὸν
3480 5225 3629 5279 ἐκεῖ.
3672 5226 3744 5294 τῷ

2163 5295 2311 5366 καλῴ
2337 5296 2454 5366 τῆς,
2491 5307 2598 5352 etc.
2653 5295 2832 5350 Editio
2879 5296 3052 5350 Paris.
3110 5297 3274 5348 καλὸν
3303 5295 3504 5365 ἐκείνῳ
3563 5295 3646 5366 τῷ
3673 5295 3748 5349 λό-

2163 5382 2264 5435 γῳ-

2235 5435 2310 5505 (6)
2347 5434 2439 5506 Sic
2466 5434 2709 5494 Combef.
2739 5450 2862 5489 cum
2908 5433 3044 5506 Reg.
3073 5445 3268 5490 octavo
3309 5444 3365 5488 et
3410 5451 3540 5490 cum
3593 5435 3738 5490 Colb.

2164 5505 2420 5568 secundo.
2453 5507 2611 5560 Deest
2640 5507 2700 5558 οὐ
2730 5508 2780 5558 in
2806 5506 2969 5560 editis
3005 5505 3059 5559 et
3090 5506 3144 5558 in
3183 5507 3362 5558 multis
3388 5521 3525 5560 mss.

2236 5576 2314 5645 ('1)
2337 5574 2435 5645 iSic
2461 5575 2610 5643 Regii
2649 5578 2863 5638 tertius,
2891 5575 3114 5642 quintus
3135 5586 3190 5628 et
3219 5585 3406 5630 sextus
3426 5591 3552 5630 cum
3594 5584 3733 5645 utro-

2161 5643 2265 5710 que
2296 5643 2487 5715 ‘Coisl.
2537 5645 2679 5702 Editi
2743 5661 2865 5702 cum
2903 5645 3380 5715 quibusdamaliis
3416 5660 3572 5714 mss.
3599 5643 3730 5698 κατὰ

2159 5715 2256 5785 τὴν
2287 5731 2350 5784 με
2361 5713 2588 5782 σόγειον.
2918 5710 2938 5715 “
3182 5710 3236 5718 ’“’
3248 5710 3270 5715 ”’
3299 5710 3306 5716 ’
