3850 6218
150 325 226 381 9'5
1299 321 1587 378 HOMILIA
1623 323 1669 379 V
1708 322 1775 377 IN
1815 321 2316 380 HEXAEMERON.
2354 276 2358 281 ἡ
2389 318 2397 328 ’
3342 327 3415 382 91

142 438 227 509 τῷ
254 437 408 508 βάοει
453 438 552 511 τῆς
588 438 813 511 ἰκμάδος
841 439 1185 512 ύποδρομήνο
1234 439 1375 510 καλὴ
1427 441 1521 494 καὶ
1575 440 1721 505 διότι,

1838 458 1932 514 per
1962 443 2150 498 intima
2200 443 2315 497 loca
2362 443 2719 498 subeuntem:
2764 440 3045 512 pulchrum
3081 441 3228 507 item,
3272 444 3417 511 quod

141 530 412 602 ποταμῶν
446 527 581 585 οὖσα
612 531 692 602 (8)
716 531 943 603 δοχεῖον,
976 534 1056 597 είς
1074 531 1273 603 ἑαυτὴν
1305 533 1375 586 τά
1402 534 1721 605 πανταχόθεη

1840 551 1960 589 cum
1987 535 2058 589 sit
2083 533 2362 589 ﬂuviorum
2388 534 2806 601 receptaculum,
2842 532 3040 588 ﬂuenta
3066 532 3341 588 undelibet
3359 534 3416 589 in

142 622 502 693 καταδέχεται
534 622 802 695 ῥεύματα,
832 624 927 677 καὶ
964 624 1115 695 μένει
1148 625 1258 678 τῶν
1284 626 1424 697 ὅρων
1458 625 1590 679 εῐσω
1631 626 1721 680 τῶι

1838 641 1898 681 se
1932 626 2140 696 recipit,
2170 636 2333 696 atque
2365 625 2505 680 intra
2562 640 2690 680 suos
2734 625 2996 679 terminos
3048 633 3251 679 manet.
3290 623 3417 678 Phl-

142 708 352 778 ἐαυτῆς
373 725 387 738 ·
424 708 564 781 καλὴ
588 711 685 763 καὶ
724 710 859 764 διότι
892 712 1005 775 τοῖς
1030 712 1239 785 ἀερίοις
1268 713 1454 769 ὕδασιν
1484 715 1624 785 ἀρχή
1653 716 1721 779 τίς

1838 720 2028 772 chrum
2079 717 2280 781 etiam,
2329 716 2584 787 quoniam
2629 716 2899 770 aeriarum
2961 728 3221 784 aquarum
3264 714 3417 784 origo

140 802 262 854 ἐστι
298 800 393 853 καὶ
424 801 598 872 πηγὴ,
631 801 950 873 θαλπομένη
988 803 1086 874 μὲν
1116 806 1183 876 τῇ
1222 805 1400 859 ἀκτῖνι
1427 807 1523 859 τοῦ
1552 807 1731 878 ἡλίου,

139 891 519 962 ἀποτιθεμένη
544 892 680 947 δὲτὸ
700 893 895 948 λεπτὸν
922 894 1015 948 τοῦ
1046 894 1238 959 ὓδατος
1264 896 1351 950 διά
1383 897 1492 951 τῶν
1520 899 1731 970 ἀτμῶν,

138 982 286 1054 ὅπερ
318 982 580 1036 ἐλκυσθὲν
638 986 719 1047 είς
775 984 865 1038 τὸν
905 985 1018 1039 ἄνω
1066 987 1253 1052 τόπον,
1302 984 1442 1054 εἶτα,
1486 990 1732 1061 καταψυ-

139 1077 271 1147 χθὲν
303 1077 391 1131 διὰ
419 1078 483 1131 τὸ
526 1078 858 1151 ὑψηλότερον
897 1080 1150 1148 γενέσθαι
1177 1083 1278 1154 τῆς
1309 1084 1417 1136 ἀπὸ
1462 1086 1557 1138 τοῦ
1611 1087 1733 1141 ἐδά-

139 1187 279 1237 φους
311 1170 663 1235 ἀνακλάσεως
688 1171 796 1225 τῶν
822 1172 1079 1238 ἀκτίνων,
1108 1175 1200 1227 καὶ
1226 1175 1364 1245 ὁμοῦ
1407 1177 1507 1247 τῆς
1532 1178 1598 1230 ἐκ
1631 1178 1728 1231 τοῦ

139 1262 340 1331 νίέᾳους
371 1263 531 1326 σκιᾶς
556 1262 654 1334 τὴν
686 1263 846 1333 ψύξιν
869 1265 1267 1338 ἐπιτεινούσης,
1302 1269 1459 1333 ὑετὸς
1494 1270 1726 1340 γίνεται,

136 1354 237 1408 καὶ
292 1356 497 1410 πιαίνει
544 1356 643 1429 τὴν
691 1357 820 1428 γῆν.
870 1358 982 1412 Καὶ⁵
1016 1358 1230 1424 τούτοις
1277 1362 1453 1426 οὐδεὶς
1508 1364 1732 1416 ἀπιστεῖ

135 1446 364 1509 πάντως
394 1448 523 1510 τοὺς
561 1448 996 1520 ύποκαιομένους
1051 1450 1284 1524 λέϐητας
1323 1454 1603 1524 ἐννοήσας,
1652 1455 1724 1521 οἳ,

134 1536 371 1608 πλήρεις
415 1539 569 1604 ὄντες
601 1539 793 1612 ὑγροῦ,
848 1542 1110 1607 πολλάκις
1158 1545 1306 1598 κενοὶ
1366 1546 1725 1620 κατελείφθη-

136 1645 241 1683 σαν
278 1628 378 1700 (9),
412 1632 493 1693 είς
508 1631 680 1703 ἀτμὸν
703 1633 1018 1698 παντὸς·τοῦ
1042 1635 1307 1706 ὲψομένου
1330 1637 1722 1711 διακριθέντος.

146 1720 312 1775 Ἀλλά
354 1722 450 1775 καὶ
507 1722 641 1776 αύτδ
690 1723 841 1779 ἐστιν
878 1725 1006 1780 ἰδεῖν
1043 1725 1106 1780 τὸ
1142 1728 1245 1797 τῆς
1272 1726 1547 1799 θαλάσσης
1576 1728 1724 1801 ὕδωρ

1835 808 2080 877 quedam
2110 823 2173 863 ac
2212 807 2331 864 fons
2369 817 2475 871 est,
2503 817 2781 877 tepesceus
2819 807 3034 875 quidem
3084 806 3215 862 solis
3243 808 3415 875 radio,

1836 899 2091 953 emittens
2114 912 2244 953 vero
2264 914 2358 967 per
2380 912 2605 968 vapores
2633 913 2830 968 aquam
2856 897 3187 952 tenuiorem:
3225 912 3345 966 qua:
3362 898 3416 953 iu

1833 1004 2126 1059 supernum
2181 989 2356 1044 locum
2420 996 2669 1051 attracta,
2725 988 2921 1042 deinde
2964 986 3417 1054 refrigescenseo

1832 1079 1975 1148 quod
2003 1079 2271 1133 radiorum
2301 1094 2331 1131 a
2387 1078 2503 1133 solo
2548 1077 2867 1132 reﬂexorum
2902 1092 3223 1147 repercussu
3252 1078 3416 1134 altior

1830 1171 2020 1235 evasit,
2051 1169 2317 1228 simulque
2347 1168 2505 1224 nubis
2526 1171 2714 1223 umbra
2741 1167 3208 1238 refrigerationem
3233 1170 3412 1225 inten-

1831 1259 2009 1324 dente,
2025 1259 2200 1328 pluvia
2217 1259 2297 1324 ﬁt,
2312 1274 2375 1313 ac
2393 1269 2588 1313 terram
2612 1259 3138 1329 piuguel'acit.Atque
3155 1261 3239 1315 his
3255 1275 3416 1317 nemo

1829 1365 2049 1419 prorsus
2080 1349 2239 1403 tidem
2281 1350 2620 1404 detracturus
2643 1357 2746 1413 est,
2788 1350 2877 1417 qui
2911 1351 3161 1404 admotos
3206 1349 3313 1420 igni
3338 1348 3417 1404 lea

1826 1440 1978 1496 betes
2009 1438 2467 1495 consideraverit:
2498 1439 2590 1508 qui
2617 1439 2843 1493 humore
2872 1440 3116 1509 pleni,eo
3140 1449 3250 1495 toto
3272 1440 3415 1508 quod

1827 1532 2192 1602 coquebatur,
2216 1531 2269 1584 in
2288 1544 2522 1600 vapores
2544 1530 2809 1596 resoluto,
2843 1544 2985 1599 saepe
3014 1530 3170 1585 vacui
3193 1544 3411 1585 reman-

1827 1636 1968 1678 sere.
2003 1622 2309 1689 Quinetiam
2368 1623 2537 1691 ipsam
2600 1621 2767 1675 maris
2813 1636 3009 1691 aquam
3040 1637 3070 1676 a
3109 1620 3413 1692 naviganti-

1826 1718 1929 1773 bus
1971 1717 2237 1786 concoqui
2269 1716 2454 1772 videre
2485 1716 2627 1783 licet,
2660 1716 2754 1786 qui
2787 1731 3017 1787 vapores
3053 1718 3292 1789 spongiis
3316 1732 3413 1773 ex-

132 1812 292 1881 παρά
328 1812 435 1865 τῶν
473 1814 907 1887 ναυτιλλομένων
932 1795 1230 1889 ἑψόμενον·
1265 1819 1340 1883 οἳ,
1368 1795 1721 1892 τοὺς-ἀτμοὺς

1830 1807 2113 1877 eipientes,
2154 1806 2208 1859 in
2256 1806 2672 1862 necessitatibus
2694 1815 2971 1877 utcunque
3001 1809 3280 1879 penuriam
3310 1807 3415 1864 ele-

134 1904 398 1974 σπόγγοις
449 1906 839 1978 ὑποδεχόμενοι
895 1908 1030 1980 (10),
1085 1911 1187 1981 τὴν
1233 1910 1422 1982 χρείαν
1487 1911 1724 1984 μετρίως

132 1998 191 2049 ἐν
216 1999 341 2060 ταῖς
372 1998 642 2066 ἀνάγκαις
665 2000 1139 2072 παραμυθοῦνται.
1159 2002 1314 2074 Καλὴ
1347 2002 1404 2057 δέ
1433 2005 1526 2058 καὶ
1549 2004 1724 2068 ἄλλως

133 2090 292 2161 παρὰ
324 2089 462 2161 Θεῷ,
497 2092 580 2143 ὃτι
622 2093 979 2163 περισφίγγει
1031 2094 1133 2158 τάς
1179 2097 1398 2167 νήσους,
1430 2094 1564 2165 ὁμοῦ
1624 2095 1722 2167 μὲν

132 2182 342 2252 κόσμον
377 2183 589 2247 αὐταῖς,
626 2183 760 2254 ὁμοῦ
800 2184 858 2238 δὲ
908 2185 1004 2239 καὶ
1037 2185 1336 2256 ἀσφάλειαν
1373 2186 1719 2259 παρεχομένη

129 2274 197 2327 δι’
225 2275 460 2345 ἑαυτῆς’
521 2274 711 2329 ἔπειτα
758 2277 854 2331 καὶ
910 2280 992 2331 ὅτι
1029 2278 1129 2342 τὰς
1175 2278 1424 2332 πλεῖστον
1477 2277 1722 2349 ἀλλήλων

129 2365 432 2429 διεστώσας
463 2367 726 2438 ἠπείρους
767 2368 1029 2422 συνάπτει
1079 2369 1148 2422 δι’
1194 2368 1412 2440 ἑαυτῆς,
1443 2367 1721 2422 ἀκώλυτον

128 2458 245 2518 τοῖς
268 2454 705 2526 ναυτιλλομένοις
754 2456 853 2528 τὴν
900 2457 1182 2529 ἐπιμιξίαν
1209 2457 1555 2528 παρεχομένη
1578 2473 1618 2527 ⁸,
1650 2458 1718 2511 δι’

128 2541 207 2602 ὧν
242 2549 339 2601 καὶ
384 2548 625 2618 ἱστορίας
685 2548 795 2603 τῷν
844 2550 1226 2620 ἀγνοουμένων
1273 2550 1581 2621 χαρίζεται,
1624 2551 1720 2603 καὶ

130 2640 365 2694 πλούτου
388 2642 647 2714 πρόξενος
681 2642 947 2713 ἐμπόροις
968 2643 1199 2711 γίνεται,
1231 2643 1325 2696 καὶ
1355 2641 1457 2705 τὰς
1478 2641 1573 2695 τοῦ
1603 2642 1717 2712 βίου

130 2732 326 2803 χρείας
351 2733 747 2806 ἐπανορθοῦται
774 2734 991 2806 ῥᾳδίως,
1027 2734 1312 2807 ἐξαγωγὴν
1355 2737 1453 2805 μὲν
1475 2752 1585 2788 των
1617 2751 1718 2787 πε-

134 2825 338 2894 ριττῶν
365 2827 476 2888 τοῖς
496 2824 912 2897 εύθηνουμένοις
935 2828 1306 2898 παρεχομένη,
1338 2827 1718 2899 ἐπανόρθωσιν

129 2915 191 2968 δέ
222 2916 321 2969 τοῦ
346 2916 624 2981 λείποντος
657 2916 987 2989 χαριζομένη
1009 2922 1121 2982 τοῖς
1154 2919 1378 2973 ἐνδεέσι.
1412 2921 1523 2973 Καὶ
1554 2918 1718 2973 πόθεν

129 3008 261 3078 ἐμοὶ
292 3007 413 3061 ὅλον
441 3008 569 3061 ἰδεῖν
595 3008 733 3079 μετά
753 3009 1037 3080 ἀκριϐείας
1063 3010 1164 3080 τῆς
1195 3010 1470 3082 θαλάσσης
1496 3011 1558 3062 τὸ
1586 3010 1719 3063 κάλ-

1824 1905 1975 1951 vant.
2011 1895 2307 1951 Pulchrum
2331 1903 2417 1952 est
2445 1907 2624 1952 autem
2655 1904 2709 1953 et
2734 1896 2842 1952 alio
2873 1901 3037 1956 modo
3067 1901 3211 1970 apud
3241 1900 3413 1955 Deum

1824 1993 1966 2058 quod
2000 1988 2401 2059 constringitet
2456 1999 2674 2046 coercet
2704 1991 2928 2057 insulas,
2964 1992 3046 2051 eis
3089 2001 3199 2046 tum
3245 2006 3412 2047 orna-

1825 2090 1961 2146 tmn,
2020 2090 2130 2134 tum
2183 2082 2526 2137 securitatem
2573 2085 2736 2139 simul
2780 2100 2877 2155 per
2924 2084 3164 2154 seipsum
3211 2084 3415 2155 imper-

1825 2172 1998 2228 tiens:
2030 2172 2222 2228 deinde
2241 2174 2425 2242 etiam,
2448 2175 2590 2244 quod
2625 2185 2797 2231 terras
2812 2176 3100 2246 plurimum
3124 2190 3155 2231 a
3182 2189 3244 2231 se
3270 2176 3413 2231 invi-

1822 2280 1940 2321 cem
1972 2265 2236 2320 distantes
2267 2280 2362 2336 per
2384 2282 2446 2322 se
2475 2266 2772 2339 eonjungit,
2798 2282 2862 2323 ac
2913 2268 3294 2340 navigantibus
3316 2284 3412 2323 ex-

1820 2359 2060 2427 peditum
2087 2373 2204 2414 com
2216 2358 2477 2413 mercium
2502 2370 2763 2429 praestat:
2793 2376 2888 2430 per
2913 2377 3049 2432 quos
3074 2371 3129 2416 et
3150 2361 3413 2416 historias

1822 2466 2005 2506 rerum
2041 2452 2347 2519 ignotarum
2381 2450 2628 2521 largitur,
2659 2464 2715 2508 et
2761 2453 2976 2507 divitias
3011 2453 3406 2508 mercatoribus

1821 2541 1989 2611 parit,
2022 2552 2075 2595 et
2108 2540 2266 2595 facile
2296 2542 2418 2595 vita:
2457 2543 2704 2597 medetur
2728 2543 3139 2600 necessitatibus
3158 2561 3182 2597 :-
3206 2544 3404 2614 quippe

1821 2636 1888 2694 iis
1918 2634 2011 2705 qui
2052 2649 2236 2689 rerum
2269 2636 2422 2705 copia
2474 2634 2718 2702 afﬂuunt,
2757 2638 2807 2691 id
2847 2638 3070 2706 largitur
3115 2647 3174 2691 ut
3203 2652 3290 2691 res
3321 2652 3415 2692 su—

1819 2729 2061 2798 perﬂuas
2115 2729 2222 2785 alio
2274 2738 2565 2799 exportent
2610 2748 2626 2784 :
2682 2731 3051 2801 indigentibus
3075 2746 3227 2796 vero,
3254 2740 3315 2786 ut
3356 2731 3410 2786 id

1820 2823 1963 2890 quod
1991 2821 2091 2877 sibi
2113 2822 2259 2877 deest
2310 2831 2643 2890 comparent.
2679 2822 2785 2876 Sed
2839 2823 2984 2877 unde
3010 2823 3144 2877 mihi
3172 2824 3297 2879 licet
3326 2833 3414 2878 to-

1821 2923 1929 2967 tam
1958 2915 2121 2968 maris
2155 2913 2633 2983 pulchritudinem,
2662 2925 2863 2984 quanta
2895 2914 3205 2970 Conditoris
3247 2914 3406 2970 oculo
3438 2954 3442 2958 -

1817 3006 1933 3060 visa
1956 3014 2059 3070 est,
2093 3006 2280 3060 sedulo
2325 3015 2488 3073 atque
2517 3014 2771 3060 accurate
2804 3007 3153 3075 conspicere?
3201 3005 3407 3073 Quodsi

128 3096 245 3161 λος,
264 3085 404 3151 ’ὅσον
448 3097 527 3169 τῷ
560 3097 847 3168 ὀφθαλμῷ
879 3098 972 3152 τοῦ
1018 3105 1346 3171 ποιήσαντος
1399 3100 1712 3171 κατεφάνη;

1830 3110 1970 3150 mare
1999 3096 2283 3164 pulchrum
2314 3110 2375 3149 ac
2399 3096 2665 3150 laudabile
2695 3104 2777 3151 est
2810 3098 2946 3166 apud
2981 3096 3170 3159 Deum,
3218 3111 3400 3150 nonne

130 3188 197 3240 Et
232 3188 291 3241 δὲ
324 3188 568 3262 θάλασσα
597 3189 736 3262 καλὴ
763 3190 858 3243 καὶ
890 3190 1146 3262 ἐπαινετὴ
1168 3188 1244 3245 τῶ
1269 3190 1409 3262 Θεῷ,
1453 3190 1569 3257 πῶς
1598 3192 1718 3262 οὐχ).

129 3278 371 3334 καλλίων
410 3260 735 3350 ἐκκλησίας
759 3281 1014 3351 τοιαύτης
1046 3260 1322 3349 σύλλογος,
1348 3260 1406 3336 ἐν
1515 3260 1721 3353 συμμι-

130 3371 237 3440 γὴς
260 3366 414 3441 ἦχος,
448 3365 561 3424 οἷόν
599 3388 743 3434 τινος
781 3371 1026 3440 κύματος
1066 3373 1205 3441 ἠϊόνι
1249 3374 1717 3445 προσφερομένου,

128 3462 345 3532 ἀνδρῶν
374 3462 467 3515 κα)¹
491 3463 766 3531 γυναικῶν
788 3464 879 3516 καὶ
915 3463 1148 3533 νηπίων,
1174 3464 1315 3517 κατά
1346 3464 1445 3528 τάς
1472 3465 1608 3537 πρὸς
1627 3466 1720 3520 τὸν

127 3554 266 3608 Θεὸν
296 3556 406 3625 (11)
442 3554 599 3625 ἡμῶν
649 3556 885 3627 δεήσεις,
942 3557 1324 3626 ἐκπέμπεται;
1386 3557 1600 3630 Γαλήνη
1662 3558 1721 3613 δὲ

131 3645 325 3717 βαθεῖα
360 3646 659 3701 ἀσάλευτον
702 3648 870 3721 αὐτὴν
913 3647 1189 3713 διασώζει,
1229 3648 1338 3703 τῶν
1394 3650 1715 3719 πνευμάτων

127 3739 231 3809 τῆς
264 3739 536 3810 πονηρίας
583 3739 814 3812 ταράξαι
861 3741 1032 3812 αὐτὴν
1064 3743 1180 3803 τοῖς
1209 3741 1504 3811 αἱρετικοῖς
1542 3741 1719 3810 λόγοις

133 3831 209 3898 μὴ
235 3828 599 3899 δυνηθέντων.
632 3830 884 3884 Γένοισθε
919 3827 1013 3886 οὖν
1040 3830 1180 3897 ἄξιοι
1200 3831 1302 3901 τῆς
1326 3831 1595 3902 ἀποδοχῆς
1623 3831 1719 3885 τοῦ

128 3919 361 3989 Κυρίου,
390 3920 490 3992 τὴν
536 3920 791 3986 εὐταξίαν
816 3921 1021 3992 ταύτην
1050 3922 1143 3974 ἐπὶ
1183 3923 1244 3975 τὸ
1273 3923 1718 3995 εὐπρεπέστατον

128 4007 497 4074 διασώσαντες
555 4010 690 4081 (12),
737 4014 797 4064 ἐν
850 4010 1072 4083 Χριστῷ
1139 4011 1312 4079 Ἰησοῦ
1383 4012 1462 4083 τῷ
1528 4012 1718 4083 Κυρίῳ

1825 3187 2099 3257 pulchrior
2127 3195 2211 3242 est
2240 3189 2464 3258 hujusce
2512 3202 2803 3243 consessus
2844 3187 3183 3256 frequentia:
3211 3188 3261 3241 in
3301 3203 3411 3255 quo

1825 3280 2115 3349 permistus
2166 3295 2331 3335 sonus
2370 3281 2606 3333 virorum
2665 3281 3059 3349 mulierumque
3119 3289 3174 3333 et
3229 3281 3410 3334 infan-

1835 3373 1992 3436 tium,
2026 3372 2173 3426 velut
2214 3372 2408 3428 ﬂuctus
2437 3372 2712 3440 cujusdam
2743 3373 2808 3426 ad
2849 3372 2998 3427 littus
3027 3373 3168 3434 illisi,
3197 3388 3295 3442 per
3315 3389 3411 3429 no-

1826 3470 1966 3519 str'as
1995 3465 2061 3519 ad
2105 3464 2273 3519 Deum
2300 3467 2640 3533 precationes
2688 3464 3176 3520 emittitur?llunc
3221 3476 3403 3521 autem

1827 3564 2119 3612 conservat
2146 3556 2524 3611 iuconcussmn
2558 3556 2819 3626 profunda
2867 3557 3251 3625 tranquillitas,
3283 3572 3405 3612 cum

1823 3646 2172 3715 .nalignitatis
2201 3647 2425 3716 spiritus
2458 3662 2578 3701 eum
2610 3645 2883 3701 haereticis
2915 3646 3257 3716 dogmatibus
3282 3662 3410 3717 per-

1825 3744 2040 3798 turbare
2071 3757 2173 3797 non
2207 3744 2499 3811 potuerint.
2541 3743 2712 3798 Fiatis
2761 3743 2928 3814 igitur
2990 3743 3199 3797 Domini
3247 3745 3410 3801 laude

1824 3836 1987 3905 digni,
2019 3835 2357 3904 disciplinam
2411 3836 2567 3890 istam
2598 3836 2985 3891 decentissime
3025 3837 3402 3902 observantes,

1826 3925 1877 3977 in
1911 3925 2128 3980 Christo
2150 3924 2275 3979 Jesu
2303 3925 2531 3980 Domino
2589 3935 2796 3989 nostro,
2843 3926 2928 3980 cui
2960 3925 3128 3997 gloria
3156 3935 3210 3982 et
3236 3926 3406 3997 impe-

1825 4014 1964 4067 rium
1995 4015 2046 4068 in
2085 4015 2279 4070 saecula
2314 4015 2656 4072 saeculorum.
2695 4016 2888 4071 Amen.

129 4107 308 4177 ήμῶν,
343 4102 388 4176 ᾧ
414 4111 447 4178 ἡ
472 4107 596 4174 δόξα
624 4110 718 4163 καὶ
748 4109 810 4162 τὸ
846 4110 1045 4180 κράτος
1092 4111 1171 4173 είς
1200 4109 1327 4173 τοὺς
1367 4109 1570 4172 αἰῶνας
1599 4108 1709 4162 τῶν
1747 4108 1979 4164 αἰώνων.
2026 4111 2221 4183 Ἀμήν.

749 4301 995 4353 ΟΜῘΛΙΑ
1030 4300 1108 4352 Ε’.

475 4392 588 4463 (15)
624 4393 762 4461 Περὶ
792 4391 1202 4460 βλαστήσεως
1233 4389 1366 4461 γῆς.

204 4485 257 4540 1.
287 4484 400 4538 Καὶ
422 4480 591 4537 εἶπεν
617 4487 650 4538 ό
677 4484 838 4548 Θεός·
858 4481 1272 4549 Βλαστησάτω
1298 4483 1336 4550 ἠ
1356 4479 1431 4550 γῆ
1444 4477 1718 4547 βοτάνην

129 4578 371 4647 χόρτου,
427 4573 681 4645 σπεῖρον
734 4573 973 4643 σπέρμα
1019 4574 1171 4627 κατὰ
1223 4572 1418 4643 γένος,
1465 4572 1565 4624 καὶ
1600 4570 1714 4641 (14)

130 4669 327 4733 ξύλον
351 4647 904 4737 κάρπιμον’ποιοῦγ
940 4665 1174 4734 καρπὸν
1210 4665 1360 4719 κατὰ
1391 4664 1587 4734 γένος,
1640 4659 1713 4719 οὗ

129 4761 199 4814 τὸ
226 4759 470 4828 σπέρμα
514 4759 702 4814 αὐτοῦ
746 4761 817 4813 ἐν
848 4757 1028 4824 αὐτῷ.
1075 4757 1411 4821 Ἀκολούθως
1464 4757 1602 4828 μετὰ
1655 4757 1717 4810 τὸ

129 4851 548 4906 ἀναπαύσασθαι
572 4851 671 4923 τὴν
689 4852 793 4922 γῆν
820 4852 930 4923 (15)
957 4850 1485 4921 ἀποσκευασαμένην
1516 4850 1578 4903 τὸ
1620 4849 1715 4920 βά⁶

132 4960 225 5012 ρος
253 4942 348 4996 τοῦ
379 4942 588 5008 ὓδατος,
610 4943 672 4996 τὸ
701 4942 1028 5015 πρόσταγμα
1061 4944 1198 5013 αὐτῇ
1246 4943 1441 5009 γέγονε
1477 4941 1713 5011 βλαστῆ-

204 5052 389 5109 “Gen
417 5053 571 5119 ι,11.

202 5144 284 5216 (8)
303 5145 450 5216 ‘Reg.
487 5154 676 5201 sextus
702 5135 970 5216 ποταμοῖς
999 5140 1163 5199 οὖσα.

131 5282 225 5352 ελή
234 5282 469 5354 φθησαν.

205 5352 490 5425 (ΨΥ-ῌεε.
520 5365 704 5410 sextus
736 5356 993 5425 σπόγγοις
1020 5352 1433 5425 ἀποδεχόμενοι.

205 5419 319 5497 (1-1)
341 5419 493 5497 Multi
521 5440 650 5479 mss.
674 5426 813 5497 προς
845 5419 936 5478 τόν
969 5426 1124 5497 Θεόν.
1153 5419 1319 5497 Abest
1349 5420 1614 5497 articulus
1648 5419 1719 5473 ab

133 5490 316 5566 editis.
362 5491 531 5549 Paulo
577 5490 731 5564 post'
765 5495 898 5566 Reg.
943 5496 1164 5564 quintus
1225 5493 1520 5564 αἱρετικοῖς
1577 5490 1724 5557 λογι·

136 5577 323 5765 apag;
347 5629 503 5686 Colb.
539 5637 809 5690 secundus
846 5632 1225 5697 διασώζοντες.

208 5702 302 5765 (15
354 5702 516 5756 Deest
553 5704 741 5761 titulus
795 5708 851 5761 in
890 5706 1161 5765 aliquibus
1206 5722 1225 5757 ιη

208 5697 516 5774 (13),!)eest
553 5704 741 5761 titulus
795 5708 851 5761 in
890 5706 1161 5774 aliquibus
1206 5716 1337 5759 mss.
1401 5699 1569 5756 Coisl.
1611 5697 1720 5768 pri-

138 5786 261 5827 mus
297 5770 515 5843 Ὀμιλία
543 5780 606 5829 ε’.

202 5144 284 5284 (8)
318 5145 450 5215 Reg.
487 5154 676 5201 sextus
702 5148 970 5216 ποταμοῖς
999 5144 1163 5199 οὖσα.
1548 5208 1573 5223 η.

160 5282 177 5295 ἢ
203 5214 257 5295 (9
277 5212 375 5295 Alta
406 5229 535 5270 mss.
567 5231 665 5271 sex
682 5219 931 5287 enostris
959 5228 1152 5285 praeter
1167 5211 1409 5270 Combel'.
1434 5211 1573 5267 Ediu
1593 5228 1725 5265 κατ·

2421 4299 2700 4356 HOMILIA
2747 4299 2807 4356 ν.

2249 4391 2327 4444 De
2380 4393 2755 4461 germinatione
2804 4402 2975 4447 terrae.

1894 4483 2004 4556 5,0
2034 4485 2083 4538 l.
2105 4482 2170 4537 Et
2199 4484 2333 4537 dixit
2368 4483 2504 4537 Deus
2523 4499 2541 4536 :
2566 4480 2829 4538 Germinet
2864 4496 3007 4539 terra
3029 4486 3239 4538 herbam
3268 4485 3400 4556 feni,

1821 4577 2084 4627 seminans
2118 4590 2289 4628 semen
2310 4575 2473 4642 juxta
2497 4590 2679 4643 genus,
2706 4583 2755 4627 et
2798 4575 3003 4648 tignum
3042 4574 3403 4644 {ructiferum,

1824 4666 2025 4734 faciens
2066 4664 2294 4733 fructum
2312 4673 2471 4734 juxta
2511 4682 2691 4735 genus,
2718 4667 2869 4731 cuius
2915 4681 3086 4720 semen
3109 4667 3163 4720 in
3193 4669 3303 4734 ipso
3335 4667 3402 4722 “.

1822 4753 1976 4808 Haud
2006 4754 2183 4823 inepte
2203 4766 2551 4825 posteaquam
2587 4764 2752 4820 terra,
2788 4756 3033 4824 deposito
3075 4770 3229 4826 aquae
3271 4772 3405 4826 pon-

1821 4846 1969 4909 dere,
2026 4847 2392 4915 interquievit,
2434 4847 2587 4914 jussa
2622 4860 2705 4902 est
2732 4848 2906 4915 primo
2931 4848 3179 4913 herbam,
3209 4850 3406 4903 deinde

1822 4937 2023 5006 lignum
2062 4938 2406 5004 germinare;
2436 4939 2578 5006 quod
2617 4939 2788 5009 ipsum
2814 4954 2945 4994 sane
2965 4941 3257 4994 etiamnum
3290 4941 3404 4995 tieri

1907 5136 2019 5209 (M)
2061 5136 2134 5190 Ita
2160 5138 2326 5192 editio
2348 5135 2514 5209 Basil.
2546 5148 2601 5193 et
2626 5138 2853 5208 Vulgata
2889 5155 3009 5193 cum
3054 5138 3404 5209 nostris_octo

1833 5207 1992 5272 mss.,
2031 5209 2225 5275 quibus
2283 5207 2605 5276 adjungendi
2667 5207 2791 5261 sunt
2847 5208 3089 5263 Combel‘.
3141 5219 3193 5261 et
3247 5207 3400 5261 Bodl.

1829 5277 1967 5332 Editi
2001 5293 2124 5331 cum
2154 5276 2295 5330 LXX
2324 5280 2468 5329 κατά
2489 5278 2648 5348 γένοςΔ
2673 5280 2766 5330 καὶ
2805 5278 2923 5331 καθ’
2955 5277 3267 5348 ὁμοιότητα.
3296 5277 3400 5330 Sed

1830 5349 1883 5400 in
1915 5349 2265 5419 sequentibus
2295 5348 2408 5410 illa,
2443 5348 2538 5399 καὶ
2559 5346 2683 5400 καθ’
2710 5346 3028 5419 ὁμοιότητα,
3059 5346 3406 5416 reperiuntur

1827 5426 1883 5471 et
1912 5418 1962 5470 iu
1987 5417 2147 5469 editis
2165 5427 2219 5469 et
2250 5419 2302 5470 in
2329 5431 2459 5470 mss.

1897 5486 2012 5558 (15)
2041 5486 2190 5558 liegii
2229 5487 2450 5558 quintus
2487 5494 2563 5558 ει
2594 5494 2780 5558 sextus
2825 5496 2880 5540 et
2912 5486 3072 5558 _Colb_.
3128 5485 3403 5558 secundus

1824 5553 1945 5611 cum
1974 5553 2138 5610 Coisl.
2165 5553 2402 5609 secundo
2444 5557 2582 5625 μετὰ
2618 5556 2678 5607 τὸ
2710 5555 3127 5608 ἀναπαύσασθαι
3152 5555 3250 5624 τὴν
3278 5553 3402 5625 γῆν.

1827 5627 1965 5681 Editi
1994 5626 2270 5693 cumaliis
2295 5623 2529 5693 quatuor
2555 5641 2685 5677 mss.
2736 5641 2841 5680 non
2878 5625 3033 5680 mala:
3076 5623 3217 5679 notae
3269 5623 3404 5677 ἀνα-

1824 5696 2079 5751 πνεῦσαι.
2115 5692 2325 5750 Sensus
2349 5698 2536 5750 eodem
2570 5696 2729 5749 redit.
