3850 6218
458 337 528 395 95
1822 326 1881 385 S.
1924 326 2174 383 BASILII
2216 321 2435 380 MAGNI
3702 322 3764 375 96

458 452 727 507 videmus.
762 444 874 500 Vox
927 442 1072 499 enim
1105 441 1192 496 illa
1236 451 1363 496 tunc
1425 440 1651 507 omissa,
1699 455 1763 495 ac
1817 440 2052 511 primum

2182 456 2248 491 rat
2271 436 2488 508 πρῶτον
2513 435 2765 507 βοτάνην,
2802 434 2992 487 ἔπειτα
3019 432 3209 500 ξύλονο
3240 432 3377 506 ὅπερ
3409 433 3497 487 ἔτι
3532 435 3638 487 καὶ
3678 434 3765 487 νῦν

460 543 592 599 illud
632 549 982 611 prteceptuui,
1015 535 1159 590 velut
1196 534 1281 589 lex
1311 537 1557 604 quaedam
1599 544 1806 588 natura:
1859 534 2052 595 evasit,

460 634 781 699 iiiha’sitque
806 642 983 695 terrae,
1014 644 1079 684 ac
1108 629 1158 683 ei
1192 627 1507 698 generandi,
1533 626 1850 695 fructusque
1881 626 1932 677 in
1963 640 2057 694 po-

462 739 669 783 sterum
691 723 900 780 ferendi
934 723 1039 777 vim
1069 721 1318 777 contulit.
1340 719 1603 774 Germinet
1633 727 1794 773 terra.
1815 717 2055 772 Primum

469 817 722 888 quiddam
755 825 841 872 est
893 814 948 868 in
984 814 1248 886 graminis
1309 812 1662 882 generatione
1697 809 2054 881 germinatio:

461 911 675 975 deinde,
703 923 825 963 cuin
861 906 1255 977 prominuerint
1276 904 1552 975 paululum
1585 902 1854 974 germina,
1884 900 2056 954 herba

463 1005 563 1058 ﬁt:
604 1013 725 1073 post
761 1011 917 1071 capto
963 1001 1338 1065 incremento,
1391 998 1572 1052 fenum
1618 1007 1701 1052 est
1749 1006 1884 1061 tum,
1935 1009 2057 1048 cuin

462 1094 721 1167 paulatim
760 1094 1007 1164 gramina
1039 1093 1154 1147 suis
1182 1090 1296 1160 jam
1331 1089 1577 1144 articulis
1624 1087 2059 1157 distinguuntur,

462 1198 518 1241 et
548 1189 616 1243 ad
644 1185 868 1241 seminis
915 1199 1085 1254 usque
1130 1181 1518 1253 perfectionem
1560 1179 1902 1249 perveniunt.
1928 1175 2063 1230 Iler-

465 1283 693 1337 bescunt
718 1278 864 1333 enim
894 1277 1009 1347 pari
1045 1292 1269 1346 prorsus
1304 1276 1513 1331 ratione
1543 1288 1608 1328 ac
1639 1273 1917 1326 virescunt
1945 1286 2063 1326 oni-

468 1376 576 1427 nia.
613 1370 881 1427 Germinet
915 1380 1057 1423 terra
1096 1368 1311 1423 herbam
1348 1367 1477 1437 feni.
1507 1365 1802 1431 Terra'per
1827 1362 2060 1432 seipsam

468 1465 708 1535 proferat
736 1463 1214 1534 germinationem,
1257 1461 1401 1515 nullo
1430 1459 1634 1513 auxilio
1668 1456 1885 1512 aliunde
1919 1456 2060 1511 indi-

468 1567 623 1623 gens.
646 1551 913 1618 Quoniam
948 1551 1287 1603 arbitrantur
1311 1546 1556 1603 nonnulli
1589 1544 1781 1608 solem,
1815 1545 1942 1598 dum
1967 1558 2065 1612 per

468 1641 665 1697 caloris
699 1639 1078 1695 attractionein
1114 1638 1224 1692 vini
1257 1652 1323 1691 ex
1350 1636 1474 1690 imis
1493 1634 1738 1705 partibus
1761 1632 1827 1687 ad
1870 1646 2063 1701 super-

470 1732 647 1785 liciem
681 1729 867 1791 trahit,
888 1742 1077 1783 eorum
1107 1741 1227 1796 qua:
1264 1741 1331 1780 ex
1359 1730 1502 1779 terra
1536 1723 1910 1794 producuntur
1930 1736 2061 1775 cau-

2156 530 2374 602 όρῶμεν
2405 529 2709 599 γινόμενον.
2740 528 2802 580 Ἦ
2831 528 2941 599 γὰρ
2966 526 3087 580 τότε
3117 526 3295 598 φωνὴ,
3330 527 3427 580 καὶ
3453 526 3522 581 τὸ
3546 528 3767 599 πρῶτον

2158 624 2335 676 έκεῖνο
2372 622 2728 694 πρόσταγμα,
2759 614 2872 673 οἷον
2916 620 3081 690 νόμος
3135 636 3222 683 τις
3256 619 3477 688 ἐγένετο
3517 620 3766 689 φύσεως,

2166 717 2262 768 καὶ
2292 713 2619 785 ἐναπέμεινε
2647 714 2713 784 τῇ
2741 715 2835 783 γῇ,
2861 711 2961 784 τὴν
2990 711 3084 765 τοῦ
3111 712 3307 782 γεννᾷν
3331 712 3473 782 αὐτῇ
3511 711 3636 783 (16)
3683 716 3770 765 καὶ

2160 807 2531 878 καρποφορεῖν
2557 803 2785 874 δύναμιν
2819 804 2898 866 είς
2928 802 2991 854 τὺ
3019 803 3148 874 ἑξῆς
3175 803 3588 873 παρεχόμενος.
3616 805 3771 856 Bla-

2159 896 2446 965 στησάτω
2477 896 2515 963 ἠ
2556 895 2656 966 γῆ.
2707 894 2934 966 Πρῶτόν
2981 896 3128 948 ἐστιν
3174 894 3233 949 ἐν
3280 897 3348 965 τῇ
3403 895 3635 963 γενέσει
3667 896 3772 947 τῶν

2162 988 2448 1061 φυομένων
2470 990 2503 1059 ὴ
2536 986 2858 1058 βλάστησις·
2888 986 3101 1051 ἔπειτα,
3128 989 3257 1041 ὅταν
3281 986 3553 1059 προκύψῃ
3576 990 3775 1058 μικρὸν

2160 1085 2229 1138 τὰ
2262 1082 2642 1153 βλαστήματα,
2692 1080 2889 1151 βοτάνη
2930 1080 3143 1148 γίνεται
3163 1096 3178 1110 ο
3206 1075 3304 1132 εἶτ’
3334 1078 3573 1132 ἐπειδὰν
3604 1078 3775 1147 αὐξη-

2162 1176 2253 1247 θῇ,
2281 1175 2474 1246 χόρτος
2526 1162 2665 1236 ἐστι’,
2713 1172 2854 1227 κατὰ
2912 1172 3107 1243 μικρὸν
3146 1170 3611 1242 διαρθρουμένων
3666 1171 3775 1220 τῶν

2165 1266 2477 1337 φυομένων,
2515 1265 2609 1318 καὶ
2647 1264 2809 1336 μέχρι
2836 1266 2934 1335 τῆς
2965 1264 3059 1316 ἐπὶ
3089 1263 3152 1316 τὸ
3179 1263 3404 1336 σπέρμα
3426 1259 3778 1322 τελειώσεως·

2165 1359 2492 1430 προϊόντων.
2519 1357 2593 1412 Τὸ
2617 1356 2727 1428 γὰρ
2757 1353 2978 1427 χλοερὸν
3009 1356 3103 1409 καὶ
3135 1353 3339 1418 ποάζον
3373 1352 3777 1424 παραπλήσιόν

2163 1453 2310 1505 ἐστιν
2358 1451 2638 1505 ἁπάντων.
2675 1447 3091 1517 Βλαστησάτω
3134 1449 3172 1516 ἡ
3212 1446 3285 1518 τῆ
3321 1447 3617 1515 βοτάνην
3641 1449 3781 1516 χίρι

2164 1562 2293 1598 του.
2353 1542 2494 1596 Καθ’
2546 1540 2807 1613 ὲαυτὴνή
2850 1540 2923 1611 γῆ
2959 1541 3284 1613 προφερέτω
3309 1539 3409 1611 τὴν
3444 1539 3776 1611 βλάστησιν,

2165 1636 2425 1708 οὐδεμιᾶς
2449 1635 2772 1706 συνεργείας
2804 1633 2916 1705 (17)
2948 1633 3213 1703 ἑτέρωθεν
3247 1632 3505 1703 δεομένη.
3550 1632 3775 1701 Ἐπειδὴ

2166 1747 2310 1794 τινες
2335 1730 2539 1784 οἴονται
2567 1728 2659 1782 τὸν
2687 1728 2839 1798 ἥλιον
2873 1725 3046 1780 αἴτιον
3069 1720 3206 1779 εἶναι
3242 1724 3350 1778 τῶν
3383 1723 3497 1778 ἀπὸ
3532 1727 3641 1794 τῆς
3673 1724 3778 1792 γῆς

469 1838 587 1879 sam
622 1835 742 1876 esse
773 1837 787 1873 :
822 1820 943 1875 ideo
971 1820 1182 1875 telluris
1220 1828 1448 1874 ornatus
1482 1817 1595 1871 sole
1636 1824 1720 1870 est
1747 1814 2063 1882 antiquior;

2182 1824 2480 1895 φυομένων,
2513 1825 2582 1893 τῇ
2620 1821 2753 1892 ὁλκῇ
2792 1819 2886 1874 τοῦ
2913 1818 3119 1891 θερμοῦ
3145 1817 3280 1890 πρὸς
3301 1816 3403 1888 τὴν
3437 1816 3777 1885 ἐπιφάνειαν

470 1926 530 1970 ιιι
560 1915 592 1969 ii
617 1914 708 1985 qui
736 1928 923 1969 errore
976 1913 1187 1981 decepti
1229 1910 1568 1977 snnt,solem
1594 1917 1851 1978 tanquam
1883 1920 2063 1960 rerum

472 2009 539 2062 ad
566 2010 731 2061 vitam
771 2004 1153 2076 pertinentium
1186 2013 1465 2059 auctorem
1495 2000 1752 2056 desinant
1807 1998 2061 2053 adorare.

472 2099 678 2169 Itaque,
698 2099 744 2154 si
775 2114 1092 2169 persuasum
1118 2097 1249 2167 ipsis
1273 2098 1457 2162 fuerit,
1475 2108 1692 2149 omnem
1717 2100 1916 2147 terrain
1939 2100 2066 2145 ante

475 2194 645 2261 ipsius
675 2189 807 2245 solis
838 2198 1091 2244 exortum
1146 2187 1314 2243 fuisse
1339 2185 1632 2249 excultam,
1684 2184 1847 2239 etiam
1874 2183 2066 2238 immo-
2116 2175 2121 2179 ’

474 2285 654 2339 dicam
680 2282 745 2337 de
775 2283 894 2352 ipso
931 2289 1251 2349 conceptam
1301 2278 1717 2334 admirationem
1753 2276 2063 2338 remittent,

474 2373 602 2428 dum
620 2373 797 2428 veniet
822 2373 900 2428 eis
929 2377 982 2426 iu
1012 2380 1272 2437 mentem,
1296 2378 1477 2426 ortum
1509 2368 1656 2424 illius
1681 2367 1805 2424 leno
1825 2375 1880 2422 et
1900 2367 2067 2423 herba

470 2480 598 2520 esse
625 2461 1156 2535 posteriorem.Num
1184 2463 1350 2533 igitur
1379 2461 1668 2532 pecoribus
1691 2460 1909 2529 quidem
1931 2473 2068 2529 prai-

476 2563 700 2624 paratus
736 2563 818 2608 est
836 2562 1042 2624 pastus,
1085 2561 1330 2609 nostrum
1369 2567 1499 2607 vero
1540 2551 1853 2605 alimentum
1885 2548 2068 2619 provi-

475 2645 658 2701 dentia
678 2645 821 2700 nulla
854 2645 1026 2699 visum
1046 2656 1131 2700 est
1147 2644 1406 2715 dignum?
1430 2642 1545 2699 lino
1569 2643 1662 2713 qui
1687 2643 1861 2698 bobus
1885 2641 2069 2710 equis-

474 2753 584 2809 que
629 2738 954 2809 [iraparavit
997 2737 1325 2807 pastionem.
1353 2736 1450 2793 tibi
1492 2738 1726 2793 maxime
1754 2735 1974 2790 divitias
2001 2748 2069 2790 ac

475 2830 761 2886 commoda
813 2839 991 2899 parat.
1033 2828 1166 2884 Nam
1216 2843 1415 2899 pecora
1445 2838 1533 2883 tua
1573 2829 1666 2899 qui
1724 2829 1919 2900 pascit,
1967 2828 2063 2885 tibi

476 2920 861 2992 supellectilem
892 2922 1017 2977 vita:
1043 2923 1298 2993 adauget.
1350 2921 1555 2977 Deinde
1589 2922 1858 2977 seminum
1912 2932 2066 2979 ortus

476 3015 607 3084 quid
639 3013 783 3070 aliud
817 3024 921 3080 est,
959 3016 1061 3070 nisi
1112 3015 1238 3069 vitae
1293 3022 1398 3070 tuae
1446 3016 1791 3084 apparatus?
1844 3013 2069 3069 Accedit

479 3108 624 3176 quod
650 3106 801 3176 plura
825 3123 1014 3163 eorum
1071 3122 1191 3177 qua:
1229 3108 1406 3162 adhuc
1431 3108 1615 3162 herba:
1661 3117 1715 3162 et
1743 3107 1889 3163 olera
1917 3114 2062 3169 sunt,

479 3200 761 3255 hominum
794 3210 1010 3255 exstant
1033 3200 1372 3255 alimentum.

2165 1913 2263 1985 τὴν
2294 1918 2357 1967 ἐκ
2385 1912 2478 1966 τοῦ
2521 1911 2718 1983 βάθους
2760 1911 2990 1983 δύναμιν
3027 1907 3439 1980 ἐπισπώμενον
3475 1908 3570 1962 διὰ
3616 1907 3777 1961 τοῦτο

2168 2004 2520 2076 πρεσϐυτέρα
2544 2002 2640 2057 τοῦ
2668 2004 2822 2074 ἡλίου
2870 2005 2905 2075 ἡ
2950 2002 3079 2074 περὶ
3101 2002 3206 2072 γῆν
3228 1996 3602 2073 διακόσμησις
3622 2019 3636 2031 ο
3688 2003 3777 2055 ἵνα

2167 2097 2263 2151 καὶ⁹
2296 2096 2391 2150 τοῦ
2418 2099 2742 2168 προσκυνεῖν
2777 2095 2869 2149 τὸν
2917 2095 3090 2166 ἥλιον,
3120 2094 3197 2159 ὡς
3237 2094 3402 2148 αὐτὸν
3440 2095 3546 2165 τὴν
3592 2095 3777 2148 αἰτίαν

2165 2190 2267 2261 τῆς
2301 2188 2447 2260 ζωῆς
2482 2189 2881 2260 παρεχόμενον,
2909 2189 2960 2242 οἱ
2987 2187 3392 2259 πεπλανημένα
3424 2187 3775 2242 παύσωνται.

2180 2283 2306 2336 Ἐάν
2341 2282 2450 2353 ἄρα
2499 2281 2819 2345 πεισθῶσιν,
2870 2280 2954 2334 ὅτι
2985 2279 3091 2352 πρὸ
3118 2280 3215 2351 τῆς
3239 2279 3455 2333 ἐκείνου
3496 2280 3776 2348 γενέσεως

2166 2375 2237 2429 τὰ
2268 2376 2397 2447 περὶ
2430 2373 2528 2445 τὴν
2574 2374 2678 2445 γῆν
2720 2374 2896 2429 πάντα
2923 2373 3036 2443 (18)
3082 2373 3505 2443 διακεκόσμητο,
3551 2373 3652 2426 καὶ
3678 2370 3774 2425 τοῦ

2170 2465 2413 2536 ἀμέτρου
2463 2465 2592 2536 περὶ
2625 2463 2789 2517 αὐτὸν
2832 2462 3111 2535 θαύματος
3148 2462 3493 2531 ηθυφῶσιν,
3525 2461 3773 2533 ἐνθυμη-

2168 2555 2375 2619 θέντες,
2404 2556 2487 2608 ὂτι
2540 2555 2737 2626 χόρτου
2775 2555 2871 2608 καὶ
2903 2554 3132 2626 βοτάνης
3172 2553 3437 2625 νεώτερός
3468 2555 3593 2606 ἐστι
3635 2552 3772 2606 κατὰ

2171 2650 2273 2723 τὴν
2298 2644 2697 2720 γένεσινίἋρα
2739 2643 2832 2703 οὖν
2870 2650 2984 2712 τοῖς
3029 2648 3130 2719 μὲν
3154 2647 3497 2717 βοσκήμασιν
3530 2648 3569 2717 ἡ
3601 2646 3773 2716 τροφὴ

2169 2740 2538 2812 προαπετέθη,
2561 2741 2621 2794 τὸ
2641 2738 2699 2794 δὲ
2727 2739 2998 2813 ἡμέτερον
3025 2739 3281 2810 οὐδεμιᾶς
3300 2737 3481 2807 ἐφάνη
3510 2738 3772 2810 προνοίας

2168 2835 2338 2899 ᾶξιον;
2357 2834 2517 2888 Ἀλλὰ
2545 2833 2781 2904 μάλιστα
2808 2833 2909 2905 μὲν
2945 2835 2974 2886 6
2996 2832 3149 2904 βουσὶ
3171 2832 3264 2885 καὶ
3290 2831 3481 2893 ἵπποις
3502 2829 3604 2882 τὸν
3630 2830 3774 2901 χιλὸν

2169 2926 2640 2999 προαποθέμενος,
2672 2927 2757 2979 σοὶ
2797 2926 2889 2980 τὸν
2920 2924 3152 2979 πλοῦτον
3194 2923 3288 2978 καὶ
3324 2924 3429 2995 τὴν
3467 2923 3775 2976 ἀπόλαυσιν

2171 3016 2614 3088 παρασκευάζει·
2650 3019 2679 3071 ό
2710 3015 2819 3088 γὰρ
2852 3016 2921 3069 τὰ
2947 3016 3152 3087 κτήνεά
3198 3033 3291 3069 σου
3327 3016 3648 3088 διατρέφων
3668 3018 3764 3086 τὴν

2173 3108 2272 3180 σὴν
2300 3109 2416 3178 (19)
2449 3106 2701 3172 συναύξει
2736 3107 2833 3161 τοῦ
2886 3107 3003 3178 βίου
3060 3107 3446 3179 κατασκευήν⁸
3497 3106 3700 3161 ἔπειτα
3740 3108 3767 3175 ή

2093 3177 2136 3237 C
2168 3177 2277 3256 τῶν
2308 3201 2649 3271 σπερμάτων
2679 3177 2897 3268 γένεσις
2930 3199 2985 3252 τί
3018 3199 3147 3254 ἄλλο
3190 3200 3329 3262 ἐστὶ,
3363 3177 3468 3252 καὶ
3514 3199 3650 3270 οὐχὶ
3679 3199 3769 3268 τῆς

481 3296 583 3366 σῆς
615 3294 894 3365 διαγωγῆς
942 3296 1294 3368 παρασκευή;
1343 3295 1481 3367 πρὸς
1528 3295 1606 3367 τῷ
1648 3295 1819 3351 πολλὰ
1854 3294 1963 3348 τῶν
2003 3296 2062 3349 ὲν
2101 3294 2262 3359 πόαις
2326 3296 2408 3350 ἔτι
2473 3298 2569 3351 καὶ
2595 3296 2850 3369 λαχάνοις
2878 3299 3051 3353 ὄντων
3085 3299 3291 3371 τροφὴν
3320 3299 3638 3371 ἀνθρώπιον
3658 3298 3767 3370 (ΞΟ)

480 3387 773 3458 ὑπάρχειν.

551 3476 605 3529 2.
631 3474 895 3531 Germinet
932 3485 1072 3530 terra
1104 3476 1318 3531 herbam
1343 3478 1489 3547 feni,
1523 3482 1796 3533 seminans
1849 3494 2021 3533 semen
2041 3518 2057 3543 ,

483 3565 682 3636 inquit,
712 3567 998 3621 secundum
1045 3583 1228 3637 genus.
1281 3568 1602 3638 Quanquam
1642 3568 1806 3637 igitur
1837 3567 2059 3638 aliquod

483 3657 665 3711 herba:
698 3671 867 3727 genus
906 3657 1275 3712 animantibus
1322 3658 1546 3727 reliquis
1580 3658 1802 3727 prodest
1825 3697 1841 3722 ,
1880 3667 2062 3711 tamen

483 3750 696 3805 illorum
738 3750 941 3805 utilitas
979 3751 1046 3804 ad
1075 3765 1176 3806 nos
1210 3750 1527 3817 revertitur,
1586 3752 1854 3820 nobisque
1895 3749 2065 3805 semi-

487 3858 613 3897 num
646 3843 953 3912 assignatus
991 3850 1075 3896 est
1120 3856 1281 3905 usus;
1324 3841 1460 3898 adeo
1514 3850 1573 3896 ut.
1624 3841 1745 3896 talis
1777 3841 1847 3896 sit
1877 3856 2063 3896 eorum

485 3946 606 4003 quae
626 3932 771 3988 dicta
797 3940 946 3995 sunt,
974 3947 1168 3988 sensus
1193 3951 1207 3988 :
1234 3932 1505 3988 Germi'net
1529 3943 1671 3987 terra
1702 3933 1913 3987 herbam
1936 3933 2070 4003 feni,

485 4033 534 4077 et
568 4040 740 4079 semen
786 4025 1142 4093 seminiﬁcaus
1182 4025 1470 4080 secundum
1499 4041 1681 4094 genus.
1710 4023 1842 4079 Nam
1889 4025 1964 4079 ita
2016 4033 2071 4081 et

485 4121 777 4174 verborum
808 4121 945 4175 ordo
967 4136 1032 4175 ac
1071 4120 1240 4175 series
1268 4121 1478 4175 reSIitni
1508 4122 1706 4190 poterit
1731 4120 1897 4192 (nunc
1926 4121 2069 4176 enim

487 4210 826 4265 constructio
878 4209 1059 4279 inepta
1086 4224 1152 4264 ac
1205 4209 1574 4279 incongruens
1615 4225 1738 4265 esse
1783 4209 2070 4278 videtur),

2235 3474 2294 3528 2.
2334 3473 2751 3543 Βλαστησάτω
2777 3474 2815 3541 ἠ
2846 3474 2921 3545 γῆ
2945 3474 3224 3542 βοτάνην
3238 3474 3487 3543 χόρτου,
3514 3474 3774 3543 σπεῖρον·

2165 3567 2426 3636 σπέρμα,
2486 3567 2640 3639 φησὶ,
2693 3569 2847 3622 κατὰ
2904 3567 3100 3637 γένος.
3145 3568 3330 3630 Ὥστε,
3376 3568 3481 3620 κᾶν
3519 3585 3581 3620 τι
3622 3568 3772 3637 γένος

2171 3659 2401 3730 βοτάνης
2434 3659 2641 3730 ἑτέροις
2678 3657 2931 3731 διαφέρῃ,
2977 3659 3246 3713 κάκείνων
3285 3659 3349 3711 τὸ
3394 3657 3601 3729 x6980;
3643 3658 3773 3730 πρὸς

2173 3751 2320 3821 ἡμᾶς
2354 3749 2736 3821 ἐπανέρχεται,
2772 3750 2866 3804 καὶ
2904 3752 3036 3820 ἡμῖν
3066 3750 3101 3821 ἡ
3139 3749 3337 3821 χρῆσις
3376 3749 3490 3803 τῶν
3520 3752 3774 3821 suppri-

2170 3859 2279 3896 των
2304 3840 2642 3913 ἀφώρισται·
2674 3841 2815 3895 ὥστε
2845 3840 2983 3896 εἶναι
3010 3842 3121 3913 (21)
3145 3842 3237 3896 τὸν
3260 3840 3385 3897 νοῦν
3406 3842 3522 3896 τῶν
3549 3842 3774 3914 εἰρημέ-

2175 3951 2281 3989 νων
2313 3934 2554 3987 τοιοῦτον
2573 3950 2586 3963 ·
2614 3933 3026 4002 Βλαστησάτω
3057 3937 3097 4004 ἡ
3120 3934 3197 4005 τῆ
3217 3935 3499 4004 ,βοτάνην
3526 3939 3769 4006 χόρτου.

2178 4026 2275 4079 καὶ
2309 4025 2547 4095 σπέρμα
2570 4026 2825 4093 σπεῖρον
2860 4027 3013 4082 κατὰ
3037 4026 3231 4096 γένος.
3267 4026 3424 4081 Οὕτω
3457 4028 3574 4099 γὰρ
3601 4031 3697 4083 καὶ
3716 4029 3773 4082 τὸ

2176 4119 2276 4188 τῆς
2333 4118 2532 4184 λέξεως
2587 4119 2881 4171 ἀκόλουθον
2941 4120 3391 4190 ἀποκαταστῆναι
3452 4121 3770 4193 δυνήσεται,

2179 4210 2566 4281 ἀκαταλλήλως
2599 4209 2694 4264 νῦν
2723 4214 2822 4282 τῆς
2849 4211 3155 4278 συντάξεως
3182 4212 3325 4283 ἔχειν
3349 4212 3647 4286 δοκούσης,
3680 4216 3771 4268 καὶ

564 4428 1073 4506 (ιεχΑηειῑςι-μῃεβ.
1098 4428 1192 4483 τοῦ
1218 4410 1424 4506 γεννᾷν-
1446 4430 1638 4506 αὐτῆς.
1673 4429 1902 4485 Plurimi
1936 4445 2065 4486 mss.

2182 4430 2329 4506 uisse
2353 4433 2493 4506 quod
2524 4430 2656 4506 alias
2713 4447 2878 4502 smpe,
2904 4443 2977 4506 ut
3024 4434 3347 4505 typograplii
3398 4435 3506 4506 rati
3559 4436 3765 4506 aliquot

490 4499 665 4571 αὐτῇ,
687 4501 851 4571 bene.
872 4499 975 4553 Alii
1007 4503 1112 4555 duo
1144 4518 1273 4554 mss.
1304 4499 1476 4571 αὐτὴν
1503 4499 1617 4555 καί.

567 4558 679 4638 (f7)
716 4569 875 4643 ΕιιίιίΔ
913 4584 1049 4643 cum
1094 4572 1335 4640 quinque
1382 4558 1513 4643 iii'ss.
1562 4570 1904 4643 συνεργείας.
1940 4570 2071 4640 Reg.

493 4642 717 4713 quintus
749 4640 1176 4713 antiquissimus
1215 4658 1349 4713 ‘cnm
1396 4640 1531 4713 Reg.
1595 4640 1750 4696 sexto
1796 4658 2067 4713 συνεργα-

494 4708 640 4774 ᾱίας,
673 4708 1079 4764 ειιίιιιναηιιίία
1135 4709 1393 4780 indigens.
1453 4711 1607 4765 llaud
1671 4708 2070 4767 contemnenda

494 4782 681 4837 lectio.
714 4780 853 4851 Reg.
877 4789 1103 4851 oetavus
1125 4781 1428 4851 ἐνεργείας.

563 4850 674 4923 (18)
710 4850 801 4923 lta_
841 4850 994 4923 _r_nulti
1046 4866 1178 4923 mss.
1221 4850 1370 4923 ’Eil‘iti
1413 4850 1510 4923 τὰΔ
1537 4852 1668 4923 περὶ
1695 4852 1799 4923 γῆν
1831 4852 2068 4907 ἅπαντα.

491 4919 696 4993 lbi'deiu
761 4919 913 4975 Colb.
960 4920 1235 4993 secundus
1300 4919 1717 4993 διεκεκόσμήτοζ
1753 4919 1894 4993 Editi
1945 4939 2070 4977 enni

495 4991 766 5065 aliquibus
797 5004 927 5065 mss.
959 4989 1138 5045 Ionico
1166 5005 1315 5047 more
1339 4989 1764 5064 διακεκόσμητο.
1793 4992 1927 5065 Reg.
1960 5003 2072 5047 ter-

496 5062 599 5116 tius
622 5060 1074 5130 διακεκόσμηται.

568 5131 678 5202 (19)
706 5131 884 5205 _Eilitio
915 5130 1091 5205 Paris.
1134 5132 1163 5184 6
1211 5130 1321 5205 γάρ
1355 5131 1426 5186 τά
1463 5133 1794 5205 κτήνεάησου
1859 5131 2075 5203 διατρέ-

494 5198 635 5272 φων,
661 5198 766 5271 τὴν
797 5202 916 5272 σήν.
944 5198 1157 5272 Optime
1182 5198 1398 5270 quidem
1427 5220 1442 5256 :
1475 5198 1568 5258 sed
1597 5204 1773 5257 nullus
1800 5218 1902 5256 ms.
1934 5198 2075 5257 hanc

498 5270 678 5327 tuetur
710 5270 1070 5343 scripturam.
1093 5270 1244 5340 Regii
1286 5274 1537 5343 primus,
1565 5274 1780 5343 tertius,
1851 5274 2074 5343 quintus

498 5353 556 5397 et
592 5350 951 5414 sexttis,cum
980 5341 1130 5414 (lolii.
1165 5341 1403 5414 secundo
1432 5345 1460 5396 6
1482 5342 1590 5414 γὰρ
1612 5342 1962 5414 τάλκτήματά
1980 5359 2074 5395 σου

497 5412 935 5482 παρασκευάζων
978 5411 1073 5464 καὶ
1095 5410 1434 5483 διατρέφων,
1471 5410 1577 5468 etc.
1606 5412 1771 5467 Coisl.
1796 5410 2075 5467 secundus

496 5481 567 5535 τὰ
619 5482 879 5552 κτίματα,
931 5482 1206 5545 mendose,
1269 5498 1366 5552 pro
1425 5484 1702 5553 κτήματα.
1738 5483 1795 5553 1η
1852 5483 2075 5551 reliquis

499 5498 567 5535 τα
619 5498 879 5552 κτιματα,
931 5498 1206 5545 mendose,
1269 5498 1366 5552 pro
1425 5498 1702 5554 κτηματα.
1738 5498 1795 5536 in
1852 5498 2075 5551 reliquis

499 5565 629 5604 vero
646 5554 916 5605 consentit
944 5566 1066 5604 cum
1098 5553 1369 5620 prioribus
1417 5555 1718 5608 codicibus.
1749 5552 1887 5619 Reg.
1920 5561 2077 5607 octa-

498 5632 601 5692 vus
631 5622 660 5671 6
692 5622 799 5691 γάρ
821 5620 888 5674 τά
916 5620 1168 5692 κτήματά
1191 5638 1282 5674 σου
1305 5621 1483 5687 αὔξων
1513 5624 1603 5676 καὶ
1630 5622 2073 5692 διατρέφωνβῑε.

501 5684 807 5761 Esquilias
850 5684 1167 5761 intelligitur
1206 5692 1261 5761 in
1317 5684 1598 5748 codicibus
1657 5684 2075 5761 ouii'ii‘lius'legi

501 5755 777 5824 κτήματα,
805 5776 911 5816 non
944 5755 1164 5831 κτήνεα.
1204 5759 1339 5818 llinc
1359 5763 1595 5834 suspicio
1615 5763 1809 5831 oritur,
1839 5762 1928 5819 hic
1949 5755 2076 5817 eve-

2183 4504 2374 4555 vitium
2410 4505 2608 4567 inesse,
2638 4503 2978 4558 iiniuutarint
3024 4503 3095 4559 de
3124 4503 3222 4558 suo
3272 4505 3555 4569 nonnihil,
3587 4503 3763 4561 οιτο-

2184 4586 2501 4642 cemunaui
2556 4573 2609 4625 in
2666 4573 2890 4627 alterius
2939 4574 3114 4629 locum
3176 4572 3514 4628 Siiﬂ‘eeerinl.
3582 4578 3757 4642 Quare

2172 4656 2281 4695 non
2310 4641 2468 4715 longe
2496 4642 2683 4715 absit“!
2725 4655 2783 4698 ut
2814 4644 3033 4697 credam
3064 4644 3321 4715 κτήματα
3342 4643 3451 4711 legi
3488 4641 3763 4713 oportere.

2175 4727 2281 4765 non
2307 4713 2529 4781 κτήνεα.
2582 4711 2770 4782 quue
2826 4715 3000 4781 magis
3035 4711 3332 4770 confirmor
3378 4715 3434 4768 in
3468 4711 3764 4780 sententia,

2172 4783 2317 4855 quod
2356 4783 2543 4855 κτῆμα
2586 4782 2839 4855 generale
2898 4798 3092 4839 nomen
3151 4786 3242 4850 sit,
3270 4800 3378 4853 quo
3414 4785 3759 4855 signiﬁcatur

2174 4852 2436 4925 quidquld
2465 4870 2495 4925 a
2528 4854 2783 4925 quopiam
2814 4855 3144 4924 possidetur,
3172 4864 3227 4907 et
3257 4852 3402 4925 quod
3435 4852 3496 4907 ut
3533 4858 3759 4925 reliqua,

2175 4921 2248 4974 ita
2280 4921 2359 4993 fidi
2388 4923 2592 4993 κτήνεα
2625 4923 2738 4991 ipsa
2760 4921 3211 4993 comprehendat.
3262 4924 3334 4980 Ut
3366 4935 3426 4978 ut
3467 4925 3587 4981 hinc
3619 4921 3759 4988 sunt,

2177 4991 2312 5067 ni_hil
2346 4993 2398 5044 in
2432 4991 2923 5067 tes-tumulandum
2949 5008 3072 5049 esse
3097 4997 3426 5065 putavimus.
3446 4994 3522 5051 Ut
3538 4998 3761 5067 quisque

2175 5061 2402 5115 all'cctus
2430 5064 2554 5124 erit,
2585 5063 2656 5115 ita
2689 5062 2850 5130 leget.

2387 5131 2539 5207 C_o|b.
2573 5135 2844 5207 secundus
2865 5133 3069 5207 τροφὴν
3103 5132 3435 5207 ἀνθριέποις.

2247 5202 2493 5274 (2i)__lta
2518 5269 2534 5274 Δ
2560 5203 2778 5274 codices
2840 5202 2943 5258 non
2978 5202 2985 5203 7
3012 5202 3218 5274 paucif
3250 5204 3432 5259 Editio
3477 5204 3657 5260 Paris.
3685 5206 3754 5270 ὡς

2176 5267 2485 5347 εἶναιίΗπευ
2512 5269 2807 5347 Scriptura:
2830 5267 3026 5347 verba,
3054 5274 3413 5347 βλαστησάτω
3432 5278 3469 5347 ἡ
3501 5277 3573 5347 γῆ
3609 5267 3759 5347 βπάὲ

2175 5341 2516 5415 νηνμχόρτου,
2547 5343 2769 5413 σπεῖρον
2804 5344 3027 5415 σπέρμα
3055 5341 3213 5399 ’κατὰ
3238 5341 3429 5414 γένος,
3456 5341 3469 5347 ’
3487 5341 3621 5400 ν’ἱέεί
3642 5356 3757 5400 sunt

2175 5411 2379 5466 Basilio
2405 5413 2472 5484 ab
2504 5411 2704 5466 usitato
2752 5411 3004 5483 loquendi
3067 5411 3264 5484 genere
3311 5416 3621 5472 ileﬂeCtere.
3659 5416 3754 5484 Igi-

2182 5492 2268 5536 tur
2296 5497 2357 5536 ea
2392 5481 2457 5535 ad
2493 5481 2875 5556 grammatices
2906 5481 3120 5556 regulas
3171 5486 3418 5555 redigere
3472 5495 3640 5554 atque
3671 5481 3750 5538 re-

2177 5565 2373 5625 vocare
2391 5561 2657 5625 _conatur.
2687 5551 2841 5625 Quod
2875 5566 2932 5608 ut
2956 5551 3199 5625 praestet
3219 5594 3237 5621 ,
3290 5551 3528 5625 primum
3552 5551 3629 5610 'de
3655 5567 3746 5625 suo

2176 5622 2494 5691 particulam
2527 5621 2623 5675 καί
2674 5624 2823 5677 addit
2861 5640 2877 5676 :
2933 5621 3128 5678 deinde
3156 5621 3349 5678 haru'm
3374 5641 3573 5681 vocum
3602 5624 3745 5680 απτ·

2181 5707 2271 5762 ρον
2302 5690 2525 5763 σπέρμα
2546 5690 2791 5750 ordinein
2819 5695 3062 5751 invertit.
3103 5694 3248 5766 Lege
3278 5705 3512 5753 textum.
