3850 6218
223 281 310 338 '97
1357 285 1668 342 .HOMI‘LIA
1709 283 1743 342 ν

1981 285 2399 346 iXAEMERON.
3434 297 3501 352 98

223 400 296 455 τὸ
334 401 634 470 ἀναγκαῖον
669 400 780 454 τῶν
816 401 920 454 ὖπὺ
951 403 1050 472 τῆς
1099 403 1310 473 φύσεως
1353 407 1743 478 οἰκονομουμέν

1985 423 2091 478 que
2113 409 2422 463 necessaria
2455 407 2700 477 qumdatu
2731 421 2918 460 eorum
2952 421 3072 476 qua:
3102 421 3132 460 a
3163 411 3355 459 natura
3392 403 3505 458 dis-

222 493 652 565 διασωθήσεται.
719 494 946 566 Πρῶτον
1010 496 1108 566 μὲν
1165 497 1273 566 γὰρ
1337 497 1650 568 βλάστησις,
1705 493 1742 550 ei

1983 511 2246 565 uisantur,
2287 501 2601 555 consecutio
2643 499 3078 554 conservabitur.
3109 495 3352 552 Primum
3381 495 3503 564 qui-

221 586 386 658 χλόη,
423 582 546 640 εἶτα
589 587 786 656 χόρτου
820 587 1068 658 αῡξησις,
1111 585 1232 642 εἶτα
1275 591 1304 642 ὁ
1345 591 1686 661 ἀπαρτισμὸς
1715 609 1741 645 τ

1982 608 2044 645 ιιι]
2095 591 2434 662 germinatio,
2483 593 2674 648 deinde
2727 595 2908 646 virens
2949 590 3110 644 herba
3154 607 3168 642 :
3223 601 3336 644 tum
3392 588 3502 644 feni

219 677 548 748 αὐξομένων
583 679 698 750 (22)
729 679 818 732 διὰ
855 681 949 734 τοῦ
981 681 1316 752 σπέρματος.
1355 682 1480 748 Πῶς
1509 679 1624 746 οὖν,
1665 701 1739 754 φα

1986 691 2348 746 crementum,
2383 693 2659 750 postremo
2707 682 2974 736 absolutio
3009 681 3378 749 perfectioque
3404 693 3502 732 au-

222 770 415 824 πάντα
447 765 587 824 εἶναι
636 772 704 824 τὰ
743 773 808 825 ἐκ
846 773 944 844 τῆς
982 773 1084 844 γῆς
1131 775 1374 844 φυόμενα
1409 777 1742 846 σπερματικέ

1980 775 2256 826 :sceutium
2295 789 2389 842 per
2415 788 2621 828 semen.
2656 775 2939 840 Quomodo
2991 774 3153 844 igitur
3175 812 3192 838 ,
3227 771 3500 842 inquiunt,

219 861 388 930 ’λόγος
416 865 775 930 ἐνδείκνυται,
804 867 938 918 ὅπου
965 883 1028 934 γε
1049 865 1174 918 οὔτε
1201 869 1464 938 κάλαμος.
1493 869 1616 921 οὔτε
1642 870 1739 940 ἄγρ

1982 865 2106 918 uuia
2147 879 2214 918 ex
2259 875 2401 919 terra
2430 867 2730 930 nascentia,
2767 867 2816 918 in
2860 879 3045 920 semen
3087 867 3238 919 abire
3261 865 3502 920 ostendit

223 969 370 1018 στις,
398 951 522 1006 οὔτε
555 957 587 1024 η
619 955 805 1026 μίνθη,
841 958 906 1009 οὐ
937 957 1157 1028 κρόκος,
1187 959 1249 1010 οὐ
1283 960 1554 1028 oxdpoaov,
1601 962 1661 1014 οὐ
1693 961 1743 1031 βε

1977 956 2226 1024 :riptura,
2256 971 2378 1008 cum
2407 969 2580 1026 neque
2605 959 2832 1018 arundo,
2863 971 3036 1026 neque
3059 971 3304 1026 gramen,
3323 969 3497 1024 neque

217 1063 416 1116 τομον,
449 1047 556 1099 οὐδ’
584 1047 720 1100 ἄλλα
762 1050 930 1118 μυρία
975 1050 1106 1122 γένη
1151 1053 1334 1118 φυτῶν
1377 1055 1737 1124 σπερματίςοι

1979 1047 2166 1112 entha,
2191 1062 2294 1100 non
2313 1063 2527 1114 crocus,
2559 1063 2662 1103 non
2704 1047 2910 1112 allium,
2953 1063 3056 1102 non
3091 1047 3372 1111 butomon,
3403 1063 3498 1101 ne-

217 1137 514 1206 φαίνεται;
553 1139 697 1210 Πρὸς
726 1140 790 1210 δὴ
815 1142 974 1193 τοῦτό
999 1159 1200 1213 φαμεν,
1237 1145 1318 1198 ὅτι
1347 1145 1516 1198 πολλὰ
1547 1147 1656 1200 τῶν
1685 1165 1737 1216 φι

1975 1155 2027 1194 te
2059 1139 2344 1192 innumera
2377 1137 2479 1193 alia
2504 1139 2807 1210 plantarum
2841 1154 3036 1209 genera
3081 1154 3264 1193 semen
3293 1139 3495 1208 produ-

221 1232 414 1300 μένων
437 1235 501 1284 ὲκ
523 1233 622 1302 τῆς
654 1236 758 1303 γῆς
787 1235 880 1286 ἐπὶ
905 1235 996 1288 τοῦ
1034 1235 1310 1306 πυθμένος
1345 1240 1437 1290 καὶ
1461 1240 1560 1310 τῆς
1584 1239 1695 1310 (25)
1731 1261 1741 1310 ε

1975 1249 2042 1286 :re
2067 1232 2388 1286 videantur?
2411 1233 2558 1287 Sane
2579 1235 2644 1286 ad
2667 1232 2768 1286 hoc
2791 1233 3043 1296 dicimus,
3074 1231 3240 1285 multa
3260 1247 3328 1285 ex
3351 1241 3495 1285 terra

217 1321 328 1393 ζης
359 1321 594 1393 έχειτὴν
623 1323 851 1394 δύναμιν
871 1325 978 1378 τῶν
1009 1329 1362 1397 σπερμάτων,
1395 1330 1608 1402 ’Ὠσπερ
1655 1334 1684 1384 ό
1713 1350 1737 1384 κ

1973 1325 2196 1380 tsccntia
2243 1326 2294 1379 in
2324 1325 2446 1382 imis
2477 1324 2588 1382 suis
2619 1326 2865 1394 partibus
2901 1335 2956 1378 et
2990 1326 3042 1378 in
3079 1326 3262 1378 radice
3291 1325 3400 1377 vim
3429 1337 3493 1378 ac

215 1414 398 1484 λαμος
427 1415 566 1485 μετὰ
595 1415 694 1486 τὴν
727 1418 970 1471 ἐπέτειον
998 1417 1224 1488 αὔξησιν
1255 1421 1362 1473 ἀπὸ
1393 1423 1492 1491 τῆς
1523 1424 1679 1494 ῥίζης
1713 1425 1735 1477 ὁ

1975 1429 2169 1473 rtutem
2201 1421 2468 1475 seminum
2507 1419 2802 1474 includere.
2833 1417 3078 1486 Exempli
3113 1433 3300 1481 causa,
3327 1431 3493 1470 arun-

221 1509 340 1580 ίησί
371 1525 494 1562 τινα
525 1507 816 1580 προϐολὴν,
867 1510 1182 1581 σπέρματος
1225 1511 1380 1580 λόγον
1418 1513 1648 1583 ἔχουσαν
1677 1533 1741 1587 πε

1975 1531 2002 1578 ι,
2042 1524 2162 1582 post
2186 1529 2424 1567 annuum
2462 1522 2700 1578 auctum,
2737 1510 3035 1581 projectum
3063 1511 3368 1579 quemdam,
3401 1507 3495 1579 qui

215 1601 280 1652 τὸ
315 1601 526 1671 μέλλον.
563 1602 605 1652 Τ
608 1601 733 1654 οὖτο
761 1601 818 1654 δὲ
859 1606 1003 1655 ποιεί
1042 1603 1135 1656 καὶ
1184 1603 1320 1657 ἄλλα
1365 1607 1553 1675 μυρία,
1588 1607 1688 1661 ὅσα
1725 1609 1735 1658 ἑ

2001 1603 2246 1659 futurum
2272 1606 2538 1660 rationem
2571 1605 2793 1660 seminis
2837 1604 3023 1666 habet,
3052 1617 3080 1656 a
3115 1601 3300 1656 radice
3330 1602 3491 1654 emit-

216 1693 330 1762 γῆς
366 1693 644 1763 νεμόμενα
672 1695 728 1746 ὲν
759 1697 880 1756 ταῖς
917 1695 1094 1766 ῥίζαις
1117 1696 1216 1766 τὴν
1249 1696 1498 1767 διαδοχὴν
1526 1699 1736 1769 κέκτητε

1974 1714 1998 1753 '..
2033 1699 2086 1753 Id
2122 1709 2300 1752 autem
2337 1697 2544 1753 faciunt
2570 1705 2623 1751 et
2653 1698 2754 1750 alia
2791 1698 3096 1762 innumera,
3125 1711 3244 1764 qua:
3261 1709 3358 1764 per
3385 1703 3494 1747 ter-

217 1785 390 1837 ’Ὥστε
419 1786 618 1848 παντός
643 1787 794 1838 ἐστιν
826 1785 1190 1858 ἀληθέστερον
1217 1787 1277 1840 τὸ
1303 1789 1518 1859 ἑκάστῳ
1543 1791 1651 1842 τῶν
1677 1809 1737 1860 cpt

1979 1805 2030 1842 m
2066 1789 2342 1858 dispersa,
2396 1789 2450 1843 in
2501 1788 2776 1842 radicibus
2825 1789 3224 1842 successionem
3271 1784 3493 1840 conclu-

217 1878 406 1946 μένων
439 1878 472 1948 ἢ
503 1878 724 1949 σπέρμα
747 1875 908 1942 εἶναι,
941 1879 974 1950 ἢ
1014 1879 1242 1950 δύναμίν
1275 1898 1396 1934 τινα
1429 1899 1737 1953 σπερματικ

1973 1889 2067 1934 ιηι.
2099 1879 2280 1947 Quare
2302 1882 2449 1936 omni
2498 1897 2558 1935 re
2592 1881 2646 1936 id
2675 1881 2858 1935 verius
2879 1891 2985 1946 est,
3011 1881 3064 1933 in
3103 1879 3332 1947 singulis
3362 1879 3493 1932 stir-

215 1970 568 2042 ἐνυπάρχειν.
600 1973 708 2024 Καὶ
740 1971 900 2024 τοῦτό
933 1975 1047 2025 ἐστι
1073 1973 1154 2036 τὸ,
1183 1973 1346 2027 Κατὰ
1373 1973 1566 2044 γένος.
1597 1977 1668 2028 Οὐ
1701 1994 1734 2044 γ

1969 1974 2069 2027 bus
2105 1982 2197 2026 aut
2223 1988 2430 2039 semen,
2465 1983 2556 2026 aut
2584 1971 2898 2028 seminalem
2921 1971 3208 2040 quamdam
3231 1971 3487 2023 virtutem

211 2065 250 2136 ἡ
285 2063 530 2136 προϐολὴ
563 2063 658 2118 τοῦ
705 2063 952 2135 καλάμου
987 2065 1174 2130 ἐλαίας
1204 2067 1321 2119 ἐστὶ
1359 2069 1634 2138 ποιητικὴ,
1673 2069 1731 2121 ἀλ

1961 2079 2110 2118 esse.
2139 2065 2314 2132 Atque
2367 2064 2472 2118 hoc
2520 2073 2606 2118 est
2645 2065 2790 2134 quod
2833 2063 3051 2130 dicitur,
3083 2062 3252 2116 Juxta
3303 2077 3481 2131 genus.

211 2156 284 2210 ὲκ
303 2156 551 2227 καλάμου
577 2157 675 2227 μὲν
691 2156 876 2226 ἕτερος
897 2157 1162 2228 κάλαμος,
1190 2159 1326 2220 ἐκδὲ
1347 2159 1454 2214 τῶν
1475 2163 1730 2231 σπερμὰτ

1965 2157 2192 2225 lquidem
2225 2155 2315 2210 ille
2346 2155 2633 2210 arundinis
2685 2155 2960 2226 projectus
3011 2167 3353 2222 nequaquam
3384 2153 3485 2207 oli-

209 2247 288 2304 τὰ
332 2249 572 2319 συγγενῆ
619 2252 731 2312 τοῖς
769 2250 1190 2320 καταϐληθεῑσιν
1230 2251 1646 2306 ἀποϐλαστάνει.
1696 2256 1729 2306 li

1963 2265 2030 2302 un
2063 2248 2313 2318 producit
2343 2267 2356 2301 :
2399 2249 2496 2304 sed
2522 2264 2586 2302 ex
2618 2249 2884 2303 arundine
2913 2247 3122 2303 arundo
3152 2247 3255 2301 alia
3299 2245 3483 2300 nasci-

211 2339 360 2396 οὕτω
400 2343 460 2394 τδ
491 2344 548 2395 ὲν
586 2344 651 2412 τῇ
683 2341 873 2413 πρώτῃ
905 2345 1120 2411 γενέσει
1165 2344 1472 2416 προϐληθὲν
1519 2346 1671 2417 παρὰ
1705 2365 1731 2400 τ

1973 2355 2026 2402 r;
2058 2349 2222 2410 atque
2267 2355 2336 2396 ex
2383 2339 2704 2404 seminibus,
2742 2349 2971 2410 cognata
3011 2341 3078 2394 iis
3102 2355 3221 2408 qua:
3271 2339 3487 2394 fuerant

211 2435 322 2504 γῆς
349 2435 510 2506 μέχρι
539 2435 634 2488 νῦν
661 2433 1006 2500 διασώζεται,
1033 2440 1098 2508 τῇ
1125 2437 1416 2508 ἀκολουθίᾳ
1439 2439 1536 2509 τῆς
1557 2439 1731 2510 διαδοχ

1965 2440 2072 2495 cta,
2101 2433 2433 2501 germinant.
2475 2433 2543 2488 Et
2569 2435 2642 2486 ita
2672 2435 2815 2502 quod
2847 2433 2900 2486 in
2929 2432 3105 2502 prima
3137 2431 3485 2501 generatione

215 2526 628 2596 φυλασσομένου
663 2524 756 2578 τοῦ
788 2525 994 2594 γένους.
1025 2526 1438 2594 Βλαστησάτω
1461 2529 1498 2596 ἡ
1531 2525 1623 2596 γῆ.
1656 2529 1733 2580 Νό

1966 2533 2109 2578 terra
2141 2525 2346 2580 editum
2391 2533 2495 2591 est,
2533 2525 2583 2578 id
2627 2526 2948 2591 etiamnum,
2979 2535 3196 2580 servato
3229 2540 3326 2594 per
3356 2541 3483 2580 suc--

217 2619 312 2671 σόν
346 2635 434 2688 μοι
477 2619 542 2670 ἐκ
579 2619 780 2688 μικρᾶς
817 2619 1020 2688 φωνῆς,
1065 2619 1162 2672 ,καὶ
1209 2619 1628 2690 προστάγματος
1661 2619 1737 2674 οὓε

1964 2616 2174 2671 :ssionis
2203 2618 2650 2672 consecutionem
2675 2632 2898 2688 genere,
2941 2625 3316 2672 conservatur.
3349 2615 3484 2670 Ger-

217 2709 487 2781 βραχέος,
531 2709 632 2780 τὴν
665 2709 1090 2780 κατεψυγμένην
1134 2711 1228 2763 καὶ
1267 2711 1460 2778 ἄγονον
1507 2711 1736 2766 ὠδίνουσ

1967 2707 2068 2760 inet
2090 2717 2252 2760 terra.
2281 2707 2500 2778 Cogites
2529 2709 2688 2762 velim
2731 2717 2930 2762 terram
2994 2709 3370 2778 frigescentem
3431 2722 3487 2766 et

213 2801 430 2872 ἁθρόως
451 2801 548 2854 καὶ
577 2801 712 2872 πρὸς
735 2803 1102 2872 καρπογονίαν
1133 2805 1583 2876 συγκινουμένην,
1612 2805 1733 2858 ὥσπ

1967 2795 2252 2852 fecundam
2283 2839 2298 2863 ,
2361 2800 2466 2853 hac
2525 2815 2660 2854 voce
2711 2817 2876 2870 parva
2931 2811 3306 2870 praeceptoque
3347 2803 3485 2858 adeo

213 2894 340 2950 τινὰ
377 2894 706 2966 σκυθρωπὴν
755 2894 850 2946 καὶ
885 2893 1129 2966 πενθήρη
1165 2896 1548 2968 ἀπορῤίψασαν
1581 2899 1733 2971 περιε

1965 2888 2054 2942 ἐνί
2089 2889 2374 2944 confestim
2421 2892 2836 2958 parturientem,
2863 2900 2917 2944 et
2947 2893 3016 2945 ad
3070 2892 3338 2946 edendum
3369 2891 3485 2948 fru-

213 2985 338 3056 λὴν,
372 2985 919 3056 μεταμφιεννυμένην
950 2985 1048 3057 τὴν
1083 2987 1444 3060 φαιδροτέραν
1470 2991 1564 3042 καὶ
1591 2993 1701 3054 τοῖς
1726 3011 1733 3042 ι

1964 2995 2052 3032 um
2092 2981 2444 3046 concitatam,
2487 2991 2541 3035 et
2591 2981 2754 3036 veluti
2801 2989 2995 3034 moesto
3032 2983 3267 3050 quodam
3308 2998 3373 3038 ac
3402 2983 3484 3038 lu-

214 3077 386 3139 κείοις
419 3078 646 3148 κόσμοις
675 3078 1068 3148 ἀγαλλομένην,
1103 3079 1196 3132 καὶ
1226 3079 1292 3134 τὰ
1325 3081 1494 3151 μυρία
1531 3083 1663 3152 γένη
1692 3101 1734 3137 τι

1963 3072 2058 3126 tbri
2093 3071 2294 3126 amicto
2339 3072 2550 3140 abjecto
2575 3115 2590 3139 ,
2625 3073 2992 3142 splendidiore
3024 3083 3171 3128 veste
3209 3073 3382 3139 indui,
3417 3093 3483 3132 ac

213 3170 506 3240 φυομένων
547 3170 973 3242 προϐάλλουσαν.
1009 3171 1275 3241 Βούλομαί
1316 3190 1396 3226 σοι
1439 3175 1730 3246 σφοδρότερ

1961 3163 2139 3230 'Opriis
2165 3165 2503 3219 ornamentis
2528 3165 2910 3232 exsultantem,
2947 3165 3152 3221 infinita
3171 3169 3481 3238 plantarum

209 3264 317 3335 τῆς
344 3263 574 3327 κτίσεως
607 3263 980 3333 ὲνιδρυνθῆναι
1011 3265 1072 3316 τὸ
1105 3264 1310 3334 θαῦμα,
1343 3267 1408 3318 ἵν’
1437 3268 1572 3320 ὅπου
1599 3285 1729 3339 περη

1960 3269 2102 3307 :nera
2135 3269 2446 3322 procreare.
2485 3257 2616 3310 Volo
2641 3258 2878 3326 imprimi
2907 3259 2958 3312 in
3007 3267 3059 3313 le
3103 3261 3480 3319 vehementius

209 3355 276 3410 εὖ
286 3355 466 3428 ρεθῇς,
488 3356 582 3409 καὶ
606 3354 774 3425 ὁποίῳ
791 3355 988 3425 δήποτε
1013 3353 1160 3423 γένει
1182 3356 1290 3410 τῶν
1315 3359 1596 3428 φυομένων
1619 3377 1729 3432 παρ

1957 3357 2170 3401 'eaturaa
2209 3347 2645 3414 admirationem,
2677 3366 2808 3420 quo,
2835 3352 3142 3422 ubicunque
3169 3356 3477 3424 reperiaris,

211 3451 371 3520 στῇς,
425 3449 632 3519 ἐναργῆ
683 3448 970 3519 λαμϐάνῃς
1012 3447 1107 3502 τοῦ
1161 3453 1486 3521 ποιήσαντος
1525 3453 1625 3522 τὴν
1661 3454 1731 3506 ὑπ

1983 3440 2286 3508 cuicunque
2343 3443 2649 3496 occurreris
2693 3442 2997 3512 plantarum
3051 3448 3277 3516 generi,
3316 3449 3480 3518 plane

215 3555 438 3614 μνησιν.
489 3541 714 3614 Πρῶτον
755 3541 852 3612 μὲν
897 3538 992 3595 οὖν
1027 3543 1155 3596 ὅταν
1185 3543 1304 3616 ῐδῃς
1345 3543 1574 3617 βοτάνην
1600 3547 1735 3618 χόρτη

1959 3533 2171 3586 -eatoris
2196 3535 2528 3588 memineris.
2567 3533 2807 3588 Primum
2844 3537 3061 3605 quidem
3089 3555 3212 3593 cum
3253 3540 3479 3596 herbam

213 3635 308 3688 καὶ
337 3633 515 3697 ἄνθος,
543 3637 622 3696 είς
651 3633 856 3687 ἔννοιαν
879 3633 1038 3704 ἔρχου
1059 3634 1158 3705 τῆς
1183 3633 1530 3706 ἀνθρωπίνης
1560 3635 1733 3704 φύσεω

1957 3626 2008 3680 ni
2039 3635 2094 3679 et
2115 3625 2303 3680 florem
2355 3629 2732 3696 conspexeris,
2789 3630 3081 3686 veniattibi
3123 3633 3176 3686 in
3238 3643 3477 3688 mentem

217 3725 564 3796 μεμνημένος
594 3725 692 3796 τῆς
729 3725 937 3788 εἰκόνος
968 3723 1060 3778 τοῦ
1094 3723 1258 3794 σοφοῦ
1297 3726 1538 3790 Ἡσαΐου,
1571 3728 1652 3780 ὅτι
1681 3731 1737 3780 Πι

1957 3733 2132 3770 unana
2157 3725 2372 3780 natura,
2401 3719 2543 3772 hanc
2587 3721 2844 3788 sapientis
2877 3722 3028 3776 lsaiaa
3065 3723 3354 3795 imaginem
3387 3742 3477 3783 re-

211 3831 300 3870 σα
327 3815 485 3884 σὰρξ
503 3817 580 3882 ὡς
615 3817 849 3886 χόρτος,
875 3817 970 3870 καὶ
996 3815 1166 3872 πᾶσα
1187 3815 1338 3880 δόξα
1365 3817 1686 3885 ἀνθρώπου
1715 3835 1731 3870 ι

1951 3807 2145 3862 ιτᾶυιιιὶ
2174 3823 2185 3857 :
2223 3807 2404 3862 Omnis
2435 3826 2558 3862 caro
2595 3821 2647 3862 ut
2673 3811 2873 3879 fenum,
2906 3822 2954 3866 et
2982 3815 3150 3866 omnis
3178 3815 3350 3884 gloria
3372 3818 3471 3870 Ito-

211 3905 398 3973 ἄνθος
430 3909 668 3976 χόρτου.
719 3907 792 3960 Τδ
838 3909 946 3978 γὰρ
978 3909 1340 3978 ὀλιγοχρόνιον
1372 3909 1472 3978 τῆς
1505 3907 1670 3980 ζωῆς,
1702 3927 1731 3962 κ

1954 3899 2052 3952 iuia
2093 3909 2146 3952 ut
2181 3901 2280 3968 [Ias
2314 3901 2421 3966 leui
2447 3900 2511 3952 ⁸⁸.
2541 3899 2670 3952 Nam
2704 3901 2826 3955 vita!
2863 3902 3120 3967 brevitas,
3157 3915 3210 3958 et
3246 3919 3474 3976 prospe-

215 3998 276 4050 τὸ
315 3999 372 4051 ὲν
401 3998 567 4070 ὀλίγῳ
601 3999 896 4070 περιχαρὲς
941 4001 1033 4052 καὶ
1085 3999 1268 4070 ἱλαρὸν
1309 4000 1406 4067 τῆς
1445 3999 1735 4070 ἀνθρωπίνη

1956 3991 2076 4046 tatis
2117 3993 2366 4046 humanae
2398 3993 2580 4046 laetitia
2624 3993 2979 4062 ltilaritasque
3010 3997 3152 4050 haud
3190 3997 3282 4052 diu
3313 3997 3476 4054 dura-

213 4090 535 4161 εὐημερίας,
567 4093 932 4162 καιριωτάτης
965 4091 1116 4162 παρὰ
1140 4092 1216 4162 τῷ
1246 4093 1500 4162 προφήτῃ
1527 4089 1733 4160 τετύχη·

1959 4099 2016 4137 ra
2053 4085 2676 4138 accommodatissimam
2709 4086 2848 4154 apud
2903 4089 3225 4155 prophetam
3281 4093 3474 4148 sortita

209 4182 312 4250 τῆς
344 4183 570 4245 εἰκόνος.
612 4183 860 4254 Σήμερον
899 4181 1131 4253 εὐθαλὴς
1171 4182 1249 4251 τῷ
1282 4182 1514 4252 σώματι,
1557 4199 1729 4235 κατασ

1950 4186 1980 4228 .t
2009 4176 2437 4230 similitudinem.
2469 4173 2641 4230 Hodie
2669 4179 2760 4245 qui
2791 4177 2948 4234 ﬂoret
2975 4195 3224 4250 corpore,
3247 4184 3338 4252 qui
3362 4199 3470 4250 pra:

213 4273 564 4344 οαρκωμένος
605 4274 710 4326 ὑπὸ
741 4274 974 4344 τρυφῆς,
1020 4273 1358 4326 ἐπανθοῦσαν
1395 4273 1534 4342 ἔχων
1566 4273 1666 4344 τὴν
1704 4291 1730 4326 ε

1953 4269 2108 4322 :liciis
2131 4284 2397 4322 carnosus
2425 4279 2528 4333 est,
2559 4269 2648 4338 qui
2687 4271 2923 4323 colorem
2963 4285 3075 4339 prae
3112 4273 3290 4328 aetatis
3337 4273 3473 4330 ﬂore

211 4381 402 4436 χροιαν
457 4366 564 4417 ὑπὸ
608 4367 704 4436 τῆς
745 4368 886 4418 κατὰ
927 4366 1023 4436 τὴν
1059 4365 1273 4436 ἠλικίαν
1303 4365 1508 4435 ἀκμῆς,
1543 4365 1731 4435 σφριγὸ

1953 4361 2322 4416 llorescentem
2351 4376 2462 4429 prae
2492 4376 2551 4416 se
2588 4361 2713 4428 fert,
2743 4363 2832 4430 qui
2876 4364 3015 4432 viget
3041 4373 3096 4418 et
3123 4379 3249 4419 acer
3280 4375 3386 4434 est,
3417 4377 3473 4422 et

211 4458 308 4511 καὶ
334 4456 600 4518 σύντονος,
627 4457 718 4510 καὶ
741 4457 1106 4519 ἀνυπόστατος
1136 4457 1246 4524 (24)
1266 4457 1364 4527 τὴν
1385 4455 1582 4527 ὁρμὴν,
1601 4454 1731 4526 αὔριι

1952 4454 2048 4523 tjus
2089 4455 2278 4522 nequit
2319 4454 2576 4507 sustineri
2627 4453 2882 4521 impetus,
2918 4455 3007 4510 hic
3033 4455 3170 4510 idem
3221 4473 3342 4514 cras
3369 4459 3472 4514 mi-

209 4551 242 4603 ὁ
267 4549 427 4611 αὐτὸς
451 4543 604 4610 οὗτος
632 4547 881 4610 ἐλεεινὸς,
917 4547 949 4618 ἢ
983 4547 1060 4616 τῷ
1089 4547 1266 4618 χρόνῳ
1301 4545 1614 4617 μαρανθεὶς,
1650 4547 1682 4616 ἣ
1709 4565 1729 4598 ν

1959 4547 2142 4602 rabilis
2171 4555 2272 4612 est,
2301 4555 2394 4600 aut
2429 4555 2668 4615 tempore
2693 4547 2988 4612 marcidus,
3025 4559 3118 4602 aut
3151 4551 3338 4606 morbo
3366 4552 3472 4607 dis-

213 4659 292 4712 σῳ
335 4641 624 4704 διαλυθείς,
677 4642 736 4692 ’0
778 4638 926 4692 δεινὰ
967 4639 1324 4710 περίϐλεπτος
1363 4639 1456 4690 ἐπὶ
1495 4639 1733 4710 χρημάτ(

1950 4639 2118 4693 lutus.
2152 4639 2434 4708 Quispiam
2453 4637 2763 4693 divitiarum
2787 4640 2940 4708 copia
2961 4639 3233 4707 inclaruit,
3267 4641 3470 4712 ipsum-

211 4732 496 4804 περιουσίᾳ
519 4749 534 4762 ·
559 4731 654 4784 καὶ
686 4730 888 4800 πλῆθος
921 4731 1051 4801 περὶ
1074 4730 1234 4782 αὐτὸν
1261 4729 1506 4783 κολάκων
1529 4747 1540 4758 ·
1565 4729 1731 4800 δορυφ

1948 4747 2000 4784 te
2036 4730 2376 4784 adulatorum
2410 4731 2727 4786 circumstat
2761 4733 3047 4788 multitudo
3078 4753 3090 4787 :
3137 4734 3290 4789 adest
3315 4735 3468 4790 ficto-

211 4827 302 4899 ρία
321 4825 488 4895 φίλων
509 4823 891 4896 προσποιητῶν
915 4823 1014 4893 τὴν
1043 4824 1138 4875 ἀπ’
1167 4822 1331 4875 αὐτοῦ
1351 4824 1511 4893 χάριν
1535 4823 1731 4894 θηρευό

1941 4839 2012 4874 tm
2038 4821 2344 4875 amicorum‘
2366 4824 2594 4892 gratiam
2629 4825 2772 4878 illius
2799 4827 3109 4878 venantium
3141 4827 3461 4882 comitatus:

207 4936 316 4972 των
345 4918 458 4988 (25)
478 4934 492 4948 ο
537 4917 741 4988 πλῆθος
779 4913 1122 4984 συγγενείας,
1150 4913 1260 4983 ικαὶ
1291 4914 1494 4985 ταύτης
1528 4931 1727 4984 κατεσχ

1945 4924 2202 4982 equentes
2225 4923 2352 4968 sunt
2371 4919 2782 4986 consanguinei,
2813 4917 2955 4986 iique
2980 4919 3346 4974 simulationis
3375 4935 3465 4972 ar-

211 5010 584 5084 ματισμένης·
624 5009 792 5080 ἐσμὸς
835 5007 944 5061 τῶν
974 5007 1326 5078 ὲφεπομένων
1369 5007 1562 5078 μυρίος
1591 5007 1700 5061 τῶν

1943 5008 2058 5061 licio
2099 5007 2302 5061 eruditi
2343 5024 2358 5061 :
2389 5009 2546 5063 adest
2577 5025 2768 5082 agmen
2804 5013 3116 5080 sequacium
3146 5013 3463 5068 innumero-

279 5167 324 5198 ⁸⁸
353 5164 458 5220 lsa.
490 5182 581 5233 λι,
611 5167 662 5220 6.

283 5327 390 5405 (ῆῖ)
419 5327 572 5385 Colb.
610 5331 878 5386 secundus
905 5345 1027 5386 cum
1059 5329 1192 5400 Reg.
1230 5337 1425 5387 octavo
1453 5330 1564 5383 τῶν
1616 5329 1782 5396 αὐξα-

1955 5328 2070 5405 (25)
2088 5329 2265 5405 Editio
2293 5331 2638 5403 Ρίιτίε.’χάριν
2667 5334 3040 5405 θηρευόντωνζ
3053 5329 3202 5405 Regii
3233 5331 3461 5405 primus,

210 5399 498 5473 vergilium.”
675 5471 684 5473 _
719 5471 726 5473 _
957 5472 976 5473 ﬁ
1293 5471 1302 5473 _
1447 5471 1476 5473 __
1513 5471 1520 5473 Α
1679 5469 1706 5473 ᾧ
1883 5399 2101 5473 tertius,
2127 5401 2353 5473 quintus
2384 5411 2436 5454 et
2463 5399 2647 5456 sex—tus
2669 5445 2682 5467 ,
2713 5399 2948 5473 i't'emque
3003 5399 3156 5473 Colb.
3190 5402 3466 5473 seCuudus

279 5469 390 5540 (25)
445 5471 538 5525 Sic
579 5471 730 5526 multi
787 5487 920 5528 mss.
955 5472 1112 5526 Deest
1144 5471 1243 5542 τῆς
1290 5471 1342 5524 in
1392 5471 1633 5526 editione
1677 5469 1781 5524 Pa-
1881 5485 2004 5542 cum
2044 5469 2209 5542 Coisl.
2264 5481 2491 5542 utroque
2537 5483 2591 5525 et
2640 5487 2764 5526 cum
2821 5469 3081 5542 editione
3103 5470 3268 5525 Basil.
3297 5469 3476 5540 χάριν·

209 5539 316 5611 ris.
373 5539 377 5540 ί
425 5610 444 5611 η
1200 5539 1210 5542 ’
1383 5609 1390 5611 _
1645 5609 1656 5611 _
1711 5609 1714 5611 Α

1950 5539 2318 5611 ραπευόντων,
2347 5539 2486 5593 haud
2545 5542 2785 5596 dissimili
2832 5559 3014 5597 sensu.
3055 5541 3186 5609 Reg.
3237 5539 3463 5611 octavus

280 5610 573 5684 (‘24)77Regii
633 5613 837 5684 primus
863 5622 914 5684 et
974 5611 1194 5684 quintus
1229 5609 1612 5684 ἐνυπόστατος.
1643 5609 1782 5664 Edili

2008 5609 2171 5684 αυτοὶ]
2202 5611 2390 5684 χρείαν
2426 5611 2860 5684 θεραπευόντων.
2885 5615 3060 5670 Codex
3086 5607 3332 5667 Goutbef.
3361 5607 3465 5682 τὴν

209 5679 327 5754 cum
361 5679 482 5754 aliis
507 5679 671 5754 '_tttss_.
703 5683 1098 5754 ἀνυπόστατος,
1129 5681 1282 5754 bene.
1337 5681 1456 5754 {lor
1503 5693 1612 5736 tres
1649 5697 1728 5736 tus

1261 5706 1282 5732 ι.
1337 5681 1456 5754 {lor
1503 5693 1612 5736 tres
1649 5697 1780 5736 mss.
1882 5679 1976 5734 ἀπ’
2007 5679 2172 5734 αὐτοῦ
2203 5679 2393 5752 χρείαν
2421 5679 2781 5754 θηρευόντων.

207 5747 390 5821 αὔριον
415 5751 596 5813 αὑτός.
626 5749 806 5806 Codex
832 5753 1074 5808 Combcf.
1100 5749 1290 5821 αὔριον
1323 5745 1498 5814 οὗτος.

519 5851 790 5912 ΡΑτιιοι..
834 5852 950 5912 Gtt.
993 5851 1230 5913 XXIX.

3143 5851 3178 5906 ἂι
