3850 6218
349 240 420 298 99
1700 226 1759 285 S.
1802 229 2051 324 QASILII
2086 224 2300 284 MAGNI

3507 228 3627 283 ιω

348 368 495 423 rum,
532 346 623 422 qu‘i
651 350 847 422 partim
884 346 1109 421 parandi
1131 348 1236 405 cibi
1266 349 1461 421 gratia,
1481 349 1675 419 partim
1699 350 1768 405 ob
1788 350 1916 405 alias

2026 349 2117 401 ἐπὶ
2149 348 2334 401 σιτίων
2374 346 2469 400 καὶ
2515 346 2624 399 τῶν
2666 345 2809 399 κατὰ
2852 346 2951 408 τὰς
2981 347 3173 419 χρείας
3210 345 3358 419 αὐτῷ
3385 348 3600 419 προσεδ

350 446 709 501 necessitates
757 443 859 512 ipsi
894 451 1111 497 astant:
1161 458 1298 511 quos
1328 443 1455 495 dum
1507 450 1563 497 et
1611 442 1838 505 abiens,
1869 451 1923 495 et

349 538 549 590 iterum
583 534 692 606 42
748 535 964 591 rediens
993 549 1175 589 secum
1213 535 1402 597 trahit,
1450 534 1502 588 in
1544 549 1602 589 se
1629 548 1925 588 occurren-

350 629 485 683 tium
511 628 746 681 concitat
773 628 1051 681 invidiam.
1090 627 1241 682 Adde
1268 626 1475 682 divitiis
1506 626 1668 681 etiam
1705 626 1921 680 civilem

351 714 588 789 aliquam
625 727 974 789 potestatem,
1028 728 1123 773 aut
1164 719 1327 772 ctiam
1385 718 1595 774 delatos
1638 732 1666 771 a
1704 718 1926 787 regibus

351 815 624 878 honores,
664 821 757 867 aut
796 812 1034 882 gentium
1076 811 1560 881 gubernationem,
1589 822 1682 864 aut
1708 809 1921 865 exerci-

350 916 501 959 tuum
542 905 828 974 imperium
853 922 867 958 :
888 918 1189 973 prmconem
1219 919 1411 972 magna
1437 919 1569 958 voce
1589 912 1714 957 ante
1746 903 1922 971 ipsum

351 995 680 1049 clamantem
719 1014 731 1048 :
772 995 994 1049 lictores
1018 995 1142 1048 hinc
1168 1007 1221 1048 et
1250 996 1375 1049 inde
1406 994 1636 1050 subditis
1668 995 1923 1049 timorem

350 1086 729 1157 gravissimum
787 1086 1082 1141 inferentes
1113 1102 1123 1135 :
1168 1086 1374 1157 plagas,
1408 1087 1799 1157 publicationes
1827 1086 1924 1140 bo-

349 1193 567 1242 norum,
600 1176 816 1242 exsilia,
850 1178 1065 1232 vincula
1099 1198 1111 1232 :
1156 1194 1185 1233 e
1218 1180 1414 1246 quibus
1446 1178 1804 1233 intolerabilis
1834 1177 1923 1232 ille

350 1269 715 1338 subjectorum
748 1278 926 1324 metus
955 1271 1282 1324 concrescit.
1309 1270 1445 1334 Quid
1470 1284 1599 1323 vero
1630 1278 1753 1339 post
1784 1268 1924 1323 hoc?

351 1359 467 1417 Una
499 1377 631 1423 nox,
668 1371 764 1416 aut
800 1376 902 1415 una
928 1360 1115 1425 febris,
1149 1372 1243 1415 aut
1277 1362 1548 1432 pleuritis,
1578 1372 1672 1417 aut
1707 1363 1921 1431 pulmo-

348 1446 437 1507 nis
459 1448 833 1519 inﬂammatio,
882 1453 1023 1506 hunc
1069 1452 1344 1507 hominem
1386 1468 1450 1507 ex
1488 1453 1801 1509 hominibus
1825 1456 1924 1509 ab-

348 1554 563 1613 reptum
592 1545 831 1610 abducit,
864 1545 1009 1599 illico
1037 1559 1254 1601 onmem
1288 1545 1432 1600 illius
1477 1561 1698 1601 scenam
1734 1548 1920 1614 nudat,

348 1648 512 1708 atque
560 1637 729 1707 glOria
763 1638 851 1692 illa
887 1653 985 1693 ceu
1050 1639 1320 1693 somnium
1371 1653 1493 1694 esse
1554 1640 1918 1695 convincitur.

348 1732 526 1795 Quare
558 1732 819 1800 propheta
847 1730 1135 1784 humanam
1179 1731 1404 1800 gloriam
1432 1746 1553 1787 cum
1584 1731 1920 1787 debilissimo

347 1822 481 1877 flore
509 1822 869 1891 comparavit.

408 1990 768 2059 δέεαι-πώποτ
816 2010 958 2057 terra
1017 2004 1228 2057 herbam
1261 2004 1405 2073 feni,
1440 2005 1707 2059 seminans
1747 2020 1920 2059 semen

348 2099 637 2150 secundum
670 2112 830 2166 genus
858 2105 904 2150 et
928 2098 1214 2150 secundum
1258 2096 1678 2153 similitudinem.
1715 2097 1922 2151 Etiam-

352 2204 483 2242 num
516 2190 860 2244 nascentium
888 2189 1022 2244 Ordo
1061 2190 1459 2244 ordinationem
1502 2192 1731 2257 primam
1759 2200 1924 2246 testa-

352 2288 481 2333 tur:
511 2280 710 2349 quippe
737 2282 961 2335 herbam
991 2294 1228 2346 omnem,
1254 2297 1526 2351 omneque
1566 2298 1788 2349 gramen
1815 2298 1917 2336 an-

344 2371 547 2424 tecedit
585 2372 929 2440 germinatio.
983 2372 1112 2426 Sive
1164 2372 1310 2426 enim
1358 2373 1637 2442 quidpiam
1679 2389 1708 2427 a
1738 2374 1921 2428 radice

345 2476 416 2515 ex
457 2459 702 2514 interiori
752 2460 999 2530 projectu
1027 2462 1357 2531 prorumpit,
1387 2472 1446 2515 ut
1482 2478 1676 2517 crocus
1705 2471 1761 2517 et
1797 2478 1920 2532 gra-

346 2565 493 2617 men,
548 2551 599 2605 id
644 2560 858 2621 oportet
915 2554 1242 2623 germinare,
1279 2564 1335 2609 et
1378 2553 1527 2609 foras
1552 2554 1862 2623 prominere
1900 2574 1912 2608 :

346 2645 461 2700 sive
486 2660 515 2698 a
556 2646 763 2699 semine
796 2645 1055 2714 gignitur.
1090 2645 1254 2699 etiam
1276 2647 1365 2702 'sic
1392 2649 1705 2703 necessario
1729 2649 1785 2703 iit
1808 2649 1922 2719 pri-

346 2751 494 2792 mum
526 2737 885 2806 germinatio;
939 2737 1137 2793 deinde
1182 2741 1348 2795 herba
1373 2780 1389 2804 ,
1430 2750 1544 2795 tum
1582 2742 1803 2796 virescit
1839 2742 1919 2797 fe-

347 2841 498 2890 num,
521 2836 793 2896 postremo
818 2827 1025 2882 fructus
1051 2829 1103 2881 in
1140 2830 1413 2899 aridojam
1448 2840 1502 2885 et
1530 2846 1719 2886 crasso
1741 2832 1921 2887 culmo

347 2920 631 2991 turgescit.
660 2916 926 2973 Ger-minet
960 2928 1102 2973 terra
1138 2920 1353 2974 herbam
1389 2922 1517 2990 feni.
1565 2922 1699 2976 Cum
1733 2938 1919 2978 semen

2031 460 2090 514 ρε
2100 442 2324 506 υόντων,
2344 443 2437 505 οὓς
2456 442 2549 494 καὶ
2566 439 2768 513 προῖὼν
2790 440 2885 493 καὶ
2902 439 3065 493 πάλιν
3080 439 3317 493 ἐπανιὼν
3360 443 3524 494 ὲπισυ

2030 550 2188 603 μενος
2217 532 2503 602 ἐπίφθονός
2531 536 2645 586 ἐστι
2680 535 2793 596 τοῖς
2822 533 3228 603 ἐντυγχάνουσι.
3259 532 3501 603 Πρόσθες
3540 524 3628 604 τῷ

2026 624 2240 694 πλούτῳ
2263 624 2358 677 καὶ
2394 623 2675 693 πολιτικήν
2703 639 2825 675 τινα
2846 622 3186 685 δυναστείαν,
3216 622 3248 691 ἢ
3281 623 3375 675 καὶ
3413 622 3518 686 τάς
3557 626 3629 677 ὲκ

2028 712 2293 782 βασιλέων
2314 713 2508 782 τιμάς·
2538 711 2569 782 ἦ
2597 710 2766 765 ἐθνῶν
2800 711 2910 782 (εδ)
2940 711 3286 781 ἐπιμέλειαν
3319 712 3351 781 ἢ
3386 728 3629 782 στρατο-

2027 806 2203 860 πέδων
2233 805 2529 876 ἡγεμονίαν
2548 822 2561 834 ·
2598 803 2691 857 τόν
2716 805 2935 874 κήρυκα
2968 804 3111 873 μέγα
3140 802 3346 872 βοῶντα
3372 804 3477 874 πρὸ
3515 804 3623 855 αὖ·

2025 897 2119 950 τοῦ
2144 915 2157 926 ·
2188 898 2311 961 τοὺς
2343 896 2671 968 ῥαϐδούχους
2699 895 2849 948 ἐνθεν
2877 894 2969 947 καὶ
2999 894 3149 948 ἔνθεν
3182 894 3491 966 βαρυτάτην
3518 912 3628 947 κα-

2026 990 2294 1061 τάπληξιν
2322 992 2435 1053 τοῖς
2468 989 2791 1060 ἀρχομένοις
2822 987 3212 1059 ἐμϐάλλοντας
3240 986 3339 1050 τάς
3372 987 3621 1057 πληγάς·

2025 1085 2123 1148 τάς
2156 1082 2474 1153 δημεύσεις·
2505 1084 2603 1144 τάς
2629 1080 2931 1149 ἀπαγωγάς
2957 1079 3071 1149 (‘27)
3092 1090 3105 1106 ⁸
3150 1078 3216 1131 τὰ
3240 1078 3624 1150 δεσμωτήρια,

2026 1177 2084 1244 ἐξ
2140 1170 2214 1229 ὧν
2275 1175 2547 1245 ἀφόρητος
2609 1175 2637 1226 ὁ
2697 1172 2848 1244 παρά
2911 1171 3020 1224 τῶν
3082 1172 3412 1242 ὑποχειρίων
3478 1187 3622 1223 συν-

2024 1269 2337 1340 αθροίζεται
2382 1266 2564 1335 φόῦος.
2616 1266 2726 1319 Καὶ
2770 1266 2822 1317 τί
2875 1264 3014 1335 μετὰ
3040 1264 3231 1331 τοῦτο;
3293 1264 3391 1335 μία
3424 1264 3549 1328 νὺξ,
3584 1263 3622 1335 ἢ

2026 1361 2261 1433 πυρετὸς
2316 1355 2416 1423 εἷς,
2474 1360 2507 1429 ἢ
2552 1358 2849 1431 πλευρῖτις,
2910 1357 2942 1427 ἢ
3006 1356 3453 1428 περιπνευμονία,
3516 1358 3624 1410 ἀν-

2027 1454 2302 1525 άρπαστον
2360 1452 2419 1518 ἐξ
2468 1451 2771 1523 ἀνθρώπων
2831 1450 3120 1518 ἀπάγουσα
3179 1446 3269 1502 τὸν
3325 1448 3623 1519 ἄνθρωπον

2024 1548 2255 1617 οἴχεται,
2314 1546 2495 1597 πᾶσαν
2548 1542 2646 1613 τὴν
2704 1544 2821 1596 κατ’
2877 1542 3039 1595 αὐτόν
3099 1539 3303 1611 σκηνὴν
3351 1540 3622 1610 ἐξαπίνης

2025 1636 2493 1709 ἀπο-γυμνώσασα,
2541 1636 2632 1688 καὶ
2676 1636 2708 1705 ή
2742 1630 2868 1701 δόξα
2908 1635 3091 1705 ὲκείνη
3133 1633 3320 1704 ὥσπερ
3360 1634 3623 1687 ἐνύπνιον

1952 1696 1997 1753 Β
2025 1696 2366 1802 ἀπηλέγχθη.
2398 1696 2561 1781 Ὥστε
2609 1696 2988 1781 ἐπιτέτέυκται
3179 1724 3257 1796 τῷ
3283 1696 3537 1796 προφήτῃ
3583 1727 3620 1796 ή

2022 1825 2157 1896 πρὸς
2180 1824 2241 1875 τὸ
2268 1821 2662 1893 ἀδρανέστατον
2691 1819 2849 1883 ἄνθος
2871 1819 3128 1889 ὁμοίωσις
3148 1820 3246 1890 τῆς
3267 1817 3620 1890 ἀνθρωπίνης

2021 1916 2202 1988 δόξης.

2032 2018 2042 2031 ‘
2091 2010 2147 2062 '5.
2176 2006 2589 2075 Βλαστησάτω
2622 2006 2660 2074 ἡ
2686 2004 2761 2075 γῆ
2790 2002 3065 2071 βοτάνην
3094 2003 3332 2072 χόρτου,
3357 2002 3620 2072 0157p”-

2021 2101 2261 2169 σπέρμα
2294 2101 2444 2154 κατὰ
2471 2098 2645 2168 γένος
2680 2098 2777 2151 καὶ
2812 2098 2940 2152 καθ’
2977 2098 3313 2166 ὁμοιότητα.
3360 2097 3478 2149 Ἔτι
3514 2096 3619 2150 καὶ

2022 2194 2118 2248 νῦν
2143 2196 2177 2264 ή
2210 2192 2363 2257 τάξις
2397 2192 2505 2245 τῶν
2539 2190 2650 2261 (29)
2698 2190 2982 2260 φυομένων
3020 2192 3285 2260 μαρτυρεῖ
3325 2190 3391 2259 τῇ
3416 2188 3616 2260 πρώτῃ

2021 2268 2415 2356 διακοσμήσει(
2443 2284 2505 2335 Ἦ
2554 2282 2661 2353 γὰρ
2709 2281 3003 2353 βλάστησις
3064 2280 3384 2351 καθηγεῖται
3428 2279 3615 2350 πάσης

2024 2378 2255 2450 βοτάνης
2282 2377 2375 2431 καί
2404 2376 2583 2445 πάσης
2610 2374 2767 2437 πόας.
2805 2374 2929 2428 Εἴτε
2958 2373 3065 2443 γὰρ
3094 2373 3202 2426 ἀπὸ
3233 2372 3388 2442 ῥίζης
3412 2372 3618 2426 ἐκδίδο-

2020 2470 2110 2523 ταί
2152 2486 2205 2520 τι
2246 2470 2309 2520 ἐκ
2346 2466 2446 2537 τῆς
2490 2465 2733 2520 κάτωθεν
2784 2462 3072 2535 προϐολῆς,
3139 2462 3213 2525 ὡς
3263 2462 3460 2532 κρόκος
3517 2460 3617 2516 καὶ

2021 2563 2318 2632 ἄγρωστις,
2351 2558 2759 2628 ἀναϐλαστῆσαι
2805 2557 2887 2609 δεῖ
2927 2557 3020 2607 καὶ
3058 2554 3151 2607 ἐπὶ
3176 2554 3237 2606 τὸ
3266 2552 3369 2618 ἔξω
3398 2552 3611 2624 προκύ-

2020 2654 2119 2723 qm
2144 2671 2156 2681 ·
2188 2654 2296 2705 εἴτε
2329 2652 2437 2704 άπὸ
2462 2650 2797 2720 σπέρματος,
2829 2648 2922 2701 καὶ
2953 2647 3124 2710 οὕτως
3146 2646 3358 2716 ἀνάγκη
3392 2645 3614 2716 πρῶτον

2024 2747 2337 2818 βλάστησιν,
2368 2740 2487 2796 εἶτα
2522 2743 2752 2813 βοτάνην
2784 2740 3055 2809 γενέσθαι,
3088 2734 3206 2792 εἶτα
3240 2739 3428 2809 χόρτον
3455 2738 3614 2808 χλοάο

2022 2840 2203 2903 ζοντα,
2240 2834 2358 2890 εἶτα
2400 2836 2492 2889 τὸν
2527 2836 2736 2906 καρπὸν
2775 2834 2868 2886 ἐπὶ
2907 2833 3077 2905 ξηρᾶς
3119 2832 3219 2902 ἤδη
3250 2832 3343 2885 καὶ
3377 2832 3614 2901 παχείας

2020 2933 2120 3004 τῆς
2145 2931 2398 3001 καλάμης
2437 2928 2798 3000 ἁδρυνὸμενον
2828 2928 2961 2997 (50).
3003 2924 3415 2992 Βλαστησάτω
3457 2926 3493 2991 ἠ
3534 2925 3610 2994 γῆ

346 3010 402 3065 in
436 3021 637 3066 terram
668 3011 892 3065 humore
926 3020 979 3066 et
1004 3012 1185 3067 calore
1216 3014 1494 3067 moderato
1521 3016 1801 3084 praeditam
1838 3016 1916 3070 in-

2026 3020 2296 3088 βοτάνην
2324 3019 2564 3088 χόρτου.
2595 3020 2763 3071 Ὅταν
2791 3019 2871 3079 είς
2897 3016 3001 3085 γῆν
3032 3016 3319 3087 καταπέσῃ
3342 3014 3403 3067 τὸ
3435 3016 3613 3086 σπέρ-

344 3104 501 3172 cidit,
525 3105 705 3158 laxum
742 3105 1000 3168 evadens,
1037 3120 1100 3159 ac
1128 3105 1379 3175 plurimis
1416 3107 1632 3175 plenum
1654 3109 1923 3165 meatibus

348 3203 555 3253 terram
589 3195 927 3264 adiacentem
964 3197 1331 3266 complexum,
1378 3200 1597 3267 propria
1625 3201 1809 3255 sibi'et
1838 3217 1926 3257 co-

345 3300 505 3361 gnata
538 3289 604 3343 ad
636 3304 695 3343 se
720 3289 970 3343 attrahit.
1011 3288 1211 3343 Verum
1251 3292 1583 3346 tenuissima:
1619 3304 1777 3347 terra:
1803 3308 1923 3362 par-

348 3390 431 3436 tes
464 3382 731 3435 meatibus
768 3380 876 3435 illis
902 3381 1143 3450 allapsm,
1198 3392 1254 3436 et
1290 3384 1371 3437 eis
1402 3398 1527 3438 sese
1567 3384 1877 3440 inserentes
1904 3426 1921 3452 ,

345 3473 579 3543 amplius
630 3473 828 3528 molem
876 3474 1045 3542 ipsius
1088 3475 1364 3530 dilatant:
1419 3478 1553 3531 adeo
1580 3489 1639 3531 ut
1669 3478 1920 3533 deorsum

346 3566 563 3635 quidem
592 3577 716 3636 agat
752 3566 985 3632 radices,
1027 3583 1242 3621 sursum
1276 3583 1404 3623 vero
1439 3570 1784 3639 promineat,
1843 3580 1922 3627 tot

344 3658 541 3714 culmis
569 3657 854 3721 videlicet,
886 3668 1017 3727 quot
1042 3660 1257 3713 radices
1289 3671 1435 3725 sunt,
1482 3664 1912 3732 emergentibus.

348 3742 685 3820 Tepescente
730 3758 909 3804 autem
938 3764 1175 3819 .sempcr
1216 3753 1479 3820 genuine,
1508 3761 1773 3809 attractus
1824 3770 1923 3823 per

347 3844 564 3898 radices
596 3844 814 3907 humor,
856 3858 953 3912 per
993 3844 1196 3897 caloris
1251 3846 1631 3899 attractionem
1672 3847 1921 3901 modera-

347 3944 460 3987 tum
483 3934 547 3988 de
575 3943 715 3987 terra
745 3933 1058 3989 alimentum
1092 3936 1344 4000 adducit;
1380 3937 1542 4006 idque
1578 3938 1631 3991 in
1656 3938 1917 4003 culmum,

346 4036 403 4081 et
437 4026 491 4079 in
516 4028 798 4092 corticem,
832 4036 886 4080 et
917 4026 969 4079 in
1010 4026 1265 4081 frumenti
1319 4030 1524 4095 thecas,
1558 4031 1692 4085 etin
1738 4034 1919 4101 ipsum

348 4121 614 4187 triticum,
643 4130 698 4174 et
727 4121 781 4175 in
825 4120 1024 4176 aristas
1064 4121 1405 4189 dispertitur.
1453 4122 1631 4191 Atque
1664 4124 1921 4191 quaelibet

342 4228 434 4268 res
466 4228 711 4275 nascens,
749 4214 1087 4269 incremento
1120 4215 1198 4268 sic
1246 4214 1505 4282 paulatim
1556 4225 1805 4285 accepto,
1852 4216 1919 4270 ad

342 4304 595 4359 idoneam
633 4305 1019 4375 propriamque
1050 4306 1296 4374 pervenit
1335 4320 1673 4370 mensuram,
1704 4310 1817 4363 sive
1851 4310 1916 4363 ad

2029 3134 2105 3187 μα
2136 3116 2463 3186 συμμέτρως
2502 3112 2702 3175 νοτίδος
2743 3112 2838 3165 καὶ
2881 3111 3089 3182 θέρμης
3116 3110 3363 3180 ἔχουσαν,
3412 3109 3615 3179 χαῦνον

2026 3208 2317 3278 γενόμενον
2343 3206 2435 3259 καὶ
2465 3204 2789 3274 πολύπορον,
2816 3203 2915 3272 τῆς
2942 3202 3352 3272 παρακειμένης
3377 3202 3479 3272 γῆς
3514 3219 3616 3255 πε-

2026 3297 2441 3371 ριδραξάμενον,
2498 3295 2567 3348 τά
2599 3297 2775 3348 οἰκεῖα
2825 3295 2920 3346 καὶ
2968 3292 3223 3363 σύμφυλα
3264 3291 3401 3362 πρὸς
3447 3293 3618 3345 ὲαυτὺ

2024 3389 2343 3441 ἐπισπᾶται.
2392 3384 2766 3455 Ἐμπίπτοντα
2788 3382 2845 3435 δὲ
2879 3385 2990 3444 τοῖς
3033 3383 3219 3453 πόροις
3251 3382 3344 3433 καὶ
3368 3382 3615 3452 περιολι-

2026 3481 2310 3535 σθαίνοντα
2352 3479 2452 3548 τῆς
2483 3478 2587 3546 γῆς
2633 3477 2700 3530 τὰ
2743 3476 3047 3529 λεπτότατα
3092 3475 3275 3545 μόρια,
3314 3475 3407 3527 ἐπὶ
3447 3475 3616 3528 πλέον

2023 3572 2311 3643 ἀνευρύνει
2361 3571 2487 3634 τοὺς
2525 3570 2720 3637 ὄγκους
2767 3568 2929 3620 αὐτοῦ
2969 3567 3081 3637 (51)
3104 3584 3115 3595 δ
3153 3566 3293 3619 ὥστε
3328 3566 3617 3635 ῥιζοῦσθαι

2027 3664 2127 3733 μὲν
2148 3665 2227 3726 εἰς
2247 3663 2306 3714 τὸ
2331 3661 2499 3725 κάτω,
2521 3662 2613 3712 ἐπὶ
2636 3660 2695 3712 τὸ
2716 3660 2828 3714 ἄνω
2850 3660 2905 3711 δὲ
2924 3658 3279 3729 προκύπτειν,
3304 3658 3619 3730 ἰσαρίθμων

2024 3760 2143 3819 ταῖς
2173 3756 2351 3827 ῥίζαις
2380 3755 2487 3808 τῶν
2518 3754 2779 3823 καλάμων
2813 3751 3295 3823 προϐαλλομένων·
3332 3751 3620 3823 θαλπομέο

2024 3864 2114 3901 νου
2149 3847 2204 3899 δὲ
2238 3847 2324 3899 ἀεὶ
2358 3845 2449 3899 τοῦ
2486 3846 2879 3917 βλαστήματος,
2934 3844 3234 3913 συρομένην
3266 3843 3353 3895 διὰ
3385 3842 3495 3895 τῶν
3528 3847 3613 3914 ρι-

2024 3936 2132 4000 ζῶν
2179 3937 2278 4007 τὴν
2322 3936 2521 3996 νοτίδα,
2565 3939 2631 4006 τῇ
2672 3936 2803 4006 ὁλκῇ
2841 3933 2934 3987 τοῦ
2969 3932 3172 4004 θερμοῦ
3202 3933 3613 4001 συνεπάγεσθαι

2023 4026 2115 4079 τοῦ
2144 4027 2409 4099 τροφίμου
2445 4026 2544 4095 τῆς
2582 4027 2684 4097 γῆς
2713 4028 2834 4078 ὅσον
2861 4025 3101 4095 μέτριον,
3127 4024 3220 4077 καὶ
3248 4023 3405 4076 τοῦτο
3438 4042 3611 4077 κατα-

2027 4119 2269 4190 μερίζειν
2304 4122 2382 4182 εἰς
2407 4118 2658 4189 καλάμην
2689 4120 2783 4171 καὶ
2819 4118 3019 4187 φλοιὸν,
3049 4118 3142 4171 καὶ
3181 4118 3278 4181 τὰς
3310 4118 3487 4187 θήκας
3516 4119 3610 4171 τοῦ

2025 4213 2194 4275 σίτου,
2236 4213 2330 4265 καὶ
2373 4212 2532 4264 αὐτὸν
2566 4211 2655 4263 τὺν
2689 4214 2831 4264 σῖτον
2876 4210 2967 4263 καὶ
3002 4210 3128 4272 τοὺς
3156 4210 3446 4279 ἀνθέρικας
3470 4227 3483 4238 ·
3519 4213 3611 4263 καὶ

2023 4302 2164 4355 οὕτω
2189 4302 2327 4355 κατά
2353 4302 2547 4374 μικρὸν
2570 4304 2667 4372 τῆς
2700 4303 2981 4373 αὐξήσεως
3004 4302 3312 4372 γινομένης,
3337 4304 3429 4354 ἐπὶ
3453 4302 3516 4355 τὸ
3535 4306 3611 4355 οἱ·

343 4396 625 4461 frumenti,
662 4407 755 4450 aut
776 4396 1089 4467 leguminis,
1120 4408 1211 4450 aut
1242 4397 1428 4463 oleris,
1455 4407 1548 4451 aut
1584 4398 1795 4453 fruticis
1824 4416 1916 4470 ge—

2026 4397 2168 4447 κεῖον
2204 4395 2401 4466 μέτρον
2427 4395 2654 4447 ἕκαστον
2672 4396 2779 4445 τῶν
2799 4396 3083 4465 φυομένων
3114 4393 3608 4457 ἀποκαθίστασθαι,

344 4502 446 4543 nus
477 4488 767 4558 pertineat.
809 4487 983 4542 Unum
1018 4486 1232 4552 fenum,
1288 4489 1566 4557 herbaque
1598 4505 1703 4543 una
1746 4499 1914 4543 totam

342 4589 491 4633 tuam
524 4589 759 4633 mentem
788 4579 842 4633 in
879 4593 964 4646 ea,
1000 4593 1068 4634 ex
1103 4594 1208 4648 qua
1249 4580 1469 4648 prodiit,
1515 4588 1634 4634 arte
1655 4581 1913 4635 conside—

342 4672 535 4737 randa,
579 4688 847 4742 occupare
886 4681 1107 4743 potest:
1153 4672 1428 4743 quomodo
1476 4672 1742 4741 geniculis
1777 4688 1914 4743 prte-

340 4766 595 4834 cingatur
626 4764 882 4819 frumenti
915 4764 1146 4828 culmus,
1186 4776 1292 4832 quo
1321 4760 1488 4816 veluti
1520 4761 1734 4816 vincula
1770 4777 1913 4832 quae-

413 4950 527 5022 (26)
559 4949 636 5003 ita
664 4945 988 5022 mss.multi.
1024 4943 1259 5014 Deest‘i}g
1279 4945 1334 4997 in
1374 4943 1535 4998 editis
1557 4940 1904 5022 antesliav‘dav.

339 5012 520 5079 Paulo,
541 5030 662 5089 post
710 5018 837 5073 editi
870 5031 989 5089 cum
1020 5012 1437 5089 quatuorunss.
1497 5014 1623 5076 τοὺς
1688 5012 1910 5084 ῥαϐδού-

337 5083 619 5167 χουῇ
639 5085 1017 5167 quatuorfroii;
1038 5083 1439 5167 ῥαϐδοφόρους.

358 5150 371 5165 “
410 5150 535 5234 (ΞἹ)
588 5150 718 5234 ιιεςέ.
748 5166 957 5234 sextus
985 5150 1095 5234 ὀί.
1124 5150 1352 5234 uterque
1391 5153 1554 5207 Coisl.
1597 5152 1909 5234 cumColb.

337 5222 576 5289 secundo
604 5222 703 5295 τάξ
744 5226 1057 5303 ἐπαγωγὰς,
1083 5225 1135 5278 id
1166 5222 1272 5289 est,
1298 5239 1498 5303 poenas,
1535 5222 1912 5303 captivitatem,

340 5315 387 5357 et
437 5298 951 5371 omniaqumirﬁerri
990 5308 1207 5371 possunt
1239 5295 1401 5349 mala.
1439 5295 1637 5349 Statim
1662 5308 1792 5350 mss.
1815 5306 1908 5348 sex

314 5371 325 5381 ’
345 5365 776 5442 συναθροίζεται.
804 5368 945 5423 Edili
978 5365 1313 5442 ἀθροίζεται.
1344 5436 1354 5442 _
1682 5434 1701 5442 ,
1784 5431 1811 5442 ,ν

413 5431 630 5513 (28)'lta
649 5442 862 5497 codices
892 5454 1006 5513 sex.
1024 5431 1173 5513 ‘Editi
1204 5436 1570 5513 ἐπιτέτακται,
1598 5434 1756 5490 male.
1784 5431 1905 5489 Mox

340 5505 797 5567 (koibfsecundus
827 5509 960 5577 πρὸς
987 5506 1049 5559 τὸ
1070 5505 1479 5577 ἀδρανέστερον.

412 5580 523 5651 (29)
554 5581 651 5651 Sic
701 5596 829 5634 mss.
870 5575 1034 5633 Deest
1054 5575 1167 5651 saw
1189 5578 1254 5630 -in
1277 5575 1452 5632 editis.
1497 5575 1717 5651 “Statim
1769 5591 1899 5633 mss.

343 5647 783 5709 ωύιιιὲκδίδοταί
809 5667 879 5704 τι.
911 5647 1250 5705 Uesideratur
1281 5663 1331 5700 τι
1362 5651 1409 5703 in
1444 5648 1625 5704 editis.

2024 4489 2131 4539 εἴτε
2165 4504 2217 4539 τι
2272 4486 2381 4539 τῶν
2417 4486 2672 4557 σιτηρῶν,
2715 4487 2824 4538 εἴτε
2864 4486 2972 4539 τῶν
3011 4487 3310 4557 χεδρόπων,
3353 4485 3464 4538 εἴτε
3499 4487 3611 4540 τῶν

2025 4578 2347 4649 λαχανωδῶν
2392 4579 2428 4649 ἦ
2479 4579 2830 4649 φρυγανικῶν
2866 4579 3144 4649 τυγχάνοι.
3176 4573 3271 4641 Εἷς
3298 4580 3490 4649 χόρτος
3516 4580 3612 4633 καὶ

2025 4672 2124 4739 μία
2156 4669 2351 4740 βοτάνη
2389 4670 2615 4741 ἐξαρκεί
2648 4670 2750 4741 τὴν
2782 4670 3019 4725 διάνοιάν
3055 4688 3150 4725 σου
3178 4673 3360 4725 πᾶσαν
3404 4674 3486 4734 εἰς
3509 4673 3613 4743 τὴν

2020 4762 2253 4833 θεωρίαν
2292 4763 2392 4833 τῆς
2439 4763 2887 4835 ὲξεργασαμένης
2926 4764 3038 4836 (52)
3081 4764 3223 4818 αὐτά
3262 4764 3459 4836 τέχνης
3498 4767 3612 4819 ἀπο

2230 4944 2373 5027 lieg.
2396 4954 2588 5027 Sestus
2610 4946 2868 5027 καλάμης
2892 4945 3281 5027 βαρυνόμενον.

2087 5016 2200 5079 (51)
2235 5015 2377 5089 Editi
2408 5018 2534 5089 τοὺς
2564 5015 2769 5084 ὄγκους
2812 5015 2998 5089 αὐτοῦ,
3041 5015 3313 5089 videlicet
3348 5017 3611 5089 σπέρμα-

2014 5101 2106 5149 τος
2127 5102 2139 5115 ·
2170 5101 2330 5154 quam
2367 5085 2651 5141 lectionem
2695 5088 2913 5141 exhibet
2941 5103 3155 5155 quoque
3175 5088 3340 5143 Coisl.
3369 5085 3609 5156 prinius,

2016 5158 2449 5227 secundamauu
2484 5157 2823 5227 emendatus.
2853 5158 2955 5211 Alii
3012 5168 3219 5227 septem
3247 5160 3465 5213 codices
3506 5160 3608 5210 αὑ-

2016 5228 2138 5296 τῆς,
2179 5224 2456 5298 videlicet
2496 5226 2746 5298 βοτάνης,
2803 5226 3001 5282 Statim
3068 5224 3173 5281 duo
3220 5244 3352 5283 mss.
3404 5228 3608 5283 ἀνωδδ

2021 5296 2370 5365 προκόπτειν.
2420 5296 2562 5351 Editi
2598 5296 2722 5352 cum
2762 5298 2885 5353 aliis
2941 5312 3074 5354 mss.
3114 5297 3477 5368 προκύπτειν,
3520 5312 3608 5353 re-

2017 5380 2177 5421 CllllS.

2086 5436 2200 5512 (52)
2231 5437 2321 5512 Si_c
2356 5452 2633 5512 mssLsex,
2668 5439 2887 5508 optime.
2924 5437 3102 5512 Editio
3141 5437 3317 5512 Paris1
3349 5440 3609 5512 ἐξειργα-

2015 5507 2242 5581 σμένης.
2273 5509 2451 5567 Etlitio
2474 5507 2637 5567 Basil.
2672 5507 2791 5565 cum
2843 5510 3052 5566 duobus
3098 5525 3228 5566 mss.
3260 5507 3608 5585 ἐξεργασμέρ

2013 5596 2128 5653 νης.
2294 5630 2299 5635 .
