3850 6218
246 268 350 336 ϊει

1375 257 1668 333 noan
1707 275 1748 331 v
1791 276 1862 331 lN
1897 254 2398 332 "sumam.

3409 269 3516 334 103

243 400 574 474 ασχολῆσαι·
605 385 1298 469 πῶς’γόνασιδιαζῶννυται
1327 401 1360 472 ἠ
1387 399 1608 470 καλάμη
1637 398 1732 453 τοῦ
1757 398 1826 452 σί-

1942 399 2066 455 dam
2091 400 2306 455 facilius
2335 399 2610 467 spicarum
2639 395 2856 467 pondus
2893 387 3079 452 ferant
3105 435 3121 462 ,
3157 411 3291 452 cum
3320 396 3516 452 fructi-

241 507 361 554 του,
397 491 483 544 ἵνα
517 490 707 562 ὥσπερ
739 491 1024 562 σύνδεσμοί
1047 507 1190 554 τινες
1216 491 1413 563 ῥᾳδίως
1440 491 1501 544 τὺ
1529 491 1692 562 βάρος
1725 489 1834 544 τῶν

242 581 536 652 ἀσταχύων
570 582 828 653 φέρωσιν,
853 583 982 635 ὅταν
1008 581 1237 652 πλήρεις
1268 581 1420 644 ὅντες
1446 581 1674 652 καρπῶν
1697 580 1834 651 πρὸς

241 675 343 747 τὴν
373 675 475 744 γῆν
503 674 957 728 κατακλίνωνται.
981 675 1083 726 Διὰ
1109 673 1265 727 τοῦτο
1291 676 1320 727 ό
1349 673 1456 744 μὲν
1508 673 1709 743 βρόμος
1749 673 1832 725 δι-

239 766 368 820 όλου
397 766 576 830 κενὸς,
599 766 694 820 ἆτε
716 766 902 837 μηδενὶ
928 766 1028 837 τὴν
1053 765 1293 837 κεφαλὴν
1309 765 1678 835 ¹βαρυνόμενος
1697 781 1710 792 ’
1738 763 1833 816 τὸν

239 859 300 910 δὲ
341 861 484 912 σῖτον
507 861 619 921 τοῖς
650 858 967 928 συνδέσμοις
996 857 1205 920 τούτοις
1241 859 1274 928 ἠ
1304 857 1466 926 φύσις
1495 855 1832 928 κατησφαλί-

247 965 402 1002 astro.
438 949 526 1002 Ἐν
565 949 708 1022 θήκῃ
735 949 792 1002 δὲ
815 949 908 1002 τὸν
937 949 1134 1002 κόκκον
1171 947 1503 1018 ἀποθεμένη,
1534 948 1610 1010 ὡς
1636 947 1708 1018 μὴ
1742 949 1832 1000 εὐ-

237 1040 576 1110 ῢιὰρπαστον
606 1037 876 1105 εἶναιτοῖς
911 1040 1306 1113 σπερμολόγοις
1329 1041 1471 1112 (55)·
1510 1039 1590 1093 ἔτι
1632 1043 1726 1094 καὶ
1760 1044 1828 1114 τῇ

241 1129 482 1201 προϐολῇ
514 1131 622 1184 τῶν
646 1132 946 1204 ἀνθερίκων
970 1128 1080 1187 οἷον
1104 1133 1254 1186 ἁκίσι
1274 1131 1373 1196 τὰς
1393 1134 1458 1185 ἐκ
1487 1131 1596 1184 τῶν
1618 1132 1828 1205 μικρῶν

237 1219 400 1286 ζώων
430 1222 690 1294 ἀφίστησι
721 1223 942 1294 βλάϐας.

313 1315 368 1369 4.
407 1315 472 1368 Τί
498 1317 664 1380 simu;
697 1316 749 1369 τί
794 1318 1092 1388 σιωπήσω;
1142 1317 1230 1369 Ἐν
1275 1316 1548 1380 πλουσίοις
1587 1315 1687 1386 τῆς
1713 1315 1828 1368 κτί-

241 1422 384 1468 σεως
429 1397 724 1478 θησαυροῖς
754 1408 956 1480 ἄπορος
999 1408 1096 1478 μὲν
1198 1407 1413 1479 εὕρεσις
1451 1408 1544 1461 τοῦ
1582 1395 1830 1479 τιμιωτέ-

243 1515 364 1568 ρου,
387 1487 776 1570 δυσφορωτὰτη
808 1500 864 1552 δὲ
902 1503 934 1572 ἡ
963 1501 1135 1572 ζημία
1171 1503 1264 1554 τοῦ
1295 1501 1642 1573 παρεθέντος.
1679 1506 1830 1556 Βλα-

229 1587 525 1654 ·στησάτω
551 1591 590 1657 ἡ
616 1588 692 1658 γῆ
717 1589 992 1658 ,βοτάνην
1017 1593 1255 1660 χόρτου.
1283 1593 1393 1646 Καὶ
1414 1593 1615 1657 εὐθέως
1645 1594 1827 1658 συνεξ-

241 1679 400 1750 εδόθη
445 1683 560 1743 τοῖς
591 1682 880 1753 τροφίμοις
910 1683 978 1735 τὰ
1010 1683 1310 1756 δηλητήρια
1330 1702 1343 1714 ·
1375 1687 1513 1756 μετὰ
1549 1686 1643 1739 τοῦ
1679 1687 1825 1740 σίτου

1938 491 2037 546 bus
2055 491 2244 560 plenae,
2267 491 2320 544 in
2347 501 2548 544 terram
2563 487 2952 557 proclinantur.
2971 487 3310 560 Quapropter
3339 499 3513 544 avena

1937 563 2158 650 quidem
2187 580 2412 635 omnino
2435 589 2519 634 est
2553 593 2750 643 vacua,
2787 577 2944 645 cujus
2993 578 3206 634 scilicet
3253 588 3419 649 caput
3449 587 3514 634 re

1937 669 2082 725 nulla
2117 681 2374 742 gravetur
2401 673 2424 726 ‘:
2453 681 2668 734 contra,
2705 669 2937 725 vinculis
2965 669 3054 724 his
3089 670 3329 726 triticum
3354 677 3510 726 coin-

1935 763 2168 817 munivit
2198 773 2412 817 natura.
2447 763 2502 817 in
2530 764 2688 819 theCa
2731 777 2862 819 vero
2897 778 3124 834 granum
3153 764 3466 818 recondidit
3491 799 3510 830 -,

1935 871 2004 911 ne
2043 857 2201 912 facile
2229 873 2260 912 a
2289 856 2568 928 frugilegis
2593 845 2785 912 avibus
2827 857 3138 926 diripiatur.
3183 849 3416 927 Insuper
3451 858 3510 910 et

1935 948 2226 1001 aristarum
2249 948 2565 1012 eminentia,
2596 947 2751 1017 quasi
2793 947 3136 1016 cuspidibus,
3181 939 3510 1003 animalium

1931 1053 2226 1110 parvorum
2256 1055 2454 1095 noxam
2483 1052 2636 1099 arcet
2673 1045 2839 1113 atque
2871 1045 3218 1100 detrimenta.

2001 1300 2054 1365 4.
2084 1311 2222 1379 Quid
2246 1300 2462 1369 dicam?
2493 1316 2621 1385 quid
2655 1317 2868 1372 silentio
2917 1311 3249 1388 praeteribo?
3273 1311 3335 1378 in
3363 1338 3506 1393 opu-

1931 1404 2100 1460 lentis
2139 1407 2434 1463 creationis
2485 1409 2758 1466 thesauris
2803 1402 3118 1481 perdifficile
3152 1417 3370 1484 quidem
3421 1424 3510 1472 est

1929 1513 2046 1552 rem
2094 1501 2530 1568 praestantiorem
2591 1502 2879 1558 invenire:
2929 1506 2974 1558 si
3005 1515 3186 1560 tamen
3213 1509 3504 1572 omittitur,

1927 1589 2020 1642 vix
2051 1589 2267 1658 jactura
2319 1590 2464 1646 illius
2533 1601 2713 1662 potest
2759 1595 2999 1650 tolerari.
3055 1595 3323 1652 Germinet
3362 1605 3506 1654 terra

1929 1680 2142 1734 herbam
2181 1681 2316 1750 feni.
2347 1683 2418 1737 Et
2449 1684 2636 1738 statim
2669 1701 2774 1739 una
2812 1703 2935 1741 cum
2961 1681 3210 1744 edulibus
3231 1689 3339 1761 43
3371 1707 3502 1760 pro=

239 1777 304 1832 τὸ
341 1778 586 1844 κώνειον,
635 1778 774 1849 μετὰ
815 1778 922 1832 τῶν
966 1779 1168 1833 λοιπῶν
1211 1783 1493 1853 τροφίμων
1529 1781 1826 1852 ἐλλέϐορος,

1934 1770 2044 1824 lata
2073 1780 2201 1826 sunt
2243 1774 2458 1842 nociva,
2491 1775 2670 1830 cicuta
2722 1791 2846 1832 cum
2881 1778 3178 1848 frumento,
3203 1797 3324 1837 cum
3349 1798 3507 1839 escu-

241 1869 336 1922 καὶ
367 1869 634 1937 ἀκόνιτον,
674 1870 767 1923 καὶ
806 1871 1208 1942 μανδραγόρας,
1245 1875 1348 1926 -καὶ
1390 1876 1419 1927 ό
1445 1875 1545 1946 τῆς
1579 1877 1832 1946 μήκωνος·

240 1963 392 2026 ὀπός.
421 1963 488 2016 Τί
515 1959 608 2016 οὖν
627 1979 644 2029 ;
666 1963 898 2032 ἀφέντες
930 1965 992 2016 τὸ
1025 1966 1116 2018 ἐπὶ
1146 1969 1258 2030 τοῖς
1291 1955 1586 2040 χρησίμοις
1619 1971 1716 2040 τὴν
1739 1970 1834 2038 χάο-

235 2067 330 2126 -ριν
356 2055 660 2127 ὁμολογεῖν,
703 2057 1075 2127 ἐγκαλέσομεν
1115 2058 1194 2130 τῷ
1221 2061 1548 2131 Δημιουργῷ
1596 2061 1687 2113 ἐπὶ
1715 2065 1826 2124 τοῖς

239 2146 562 2219 φθαρτικοῖς
592 2147 749 2220 ήμῶν
772 2148 873 2219 τῆς
897 2148 1076 2226 ζωῆς;
1105 2150 1280 2202 ἐκεῖνο
1311 2150 1367 2204 δὲ
1391 2151 1451 2202 οὐ
1477 2149 1826 2220 λογισόμεθα,

237 2239 324 2294 ὅτι
355 2239 416 2292 οὐ
443 2239 624 2293 πάντα
647 2239 746 2310 τῆς
770 2237 1009 2310 γαστρὸς
1033 2239 1218 2294 ἕνεκεν
1241 2241 1341 2310 τῆς
1372 2241 1647 2312 ἡμετέρας
1671 2240 1826 2312 δεδη-

243 2327 620 2402 μιούργηται;
662 2330 802 2384 Ἀλλ’
833 2334 964 2403 ἡμῖν
1001 2333 1100 2403 μὲν
1142 2333 1201 2386 αἰ
1235 2333 1671 2404 ἀποτεταγμέναι
1697 2350 1830 2404 τρο-

239 2421 344 2491 φαὶ
377 2423 680 2495 πρόχειροι,
709 2423 805 2476 καὶ
835 2425 1002 2477 πᾶσιν
1034 2425 1349 2494 εὔγνωστον
1385 2425 1612 2480 ἕκαστον
1641 2427 1696 2480 δὲ
1718 2427 1828 2480 τῶν

240 2514 551 2586 γενομένων
581 2513 709 2570 ἴδιόν
735 2535 858 2570 τινα
889 2517 1047 2588 λόγον
1083 2521 1140 2572 ἐν
1167 2524 1232 2592 τῇ
1266 2521 1439 2574 κτίσει
1473 2522 1686 2592 πληροῖ.
1733 2521 1826 2595 Μὴ

233 2607 376 2680 γὰρ,
409 2609 594 2680 ἐπειδή
620 2627 703 2664 σοι
735 2610 1064 2682 δηλητήριον
1094 2612 1156 2664 τὸ
1187 2612 1406 2684 ταύριον
1447 2608 1603 2684 αἷμα,
1634 2613 1824 2667 τούτου

240 2699 430 2753 ἕνεκεν
459 2699 568 2753 ἔδει
616 2700 649 2770 ἢ
694 2701 766 2772 μὴ
795 2701 1139 2774 παραχθῆναι
1177 2703 1240 2756 τὸ
1269 2703 1428 2769 ζῶον,
1468 2703 1500 2776 ἢ
1548 2705 1826 2776 παραχθέν

241 2793 473 2862 ἄναιμον
501 2791 612 2862 (54)
637 2787 797 2856 εἶναι,
825 2788 885 2846 οὗ
908 2793 1006 2863 τῆς
1030 2792 1212 2863 ἰσχύος
1238 2795 1374 2865 πρὸς
1401 2793 1636 2848 τοσαῦτα
1667 2797 1698 2867 ή
1709 2796 1828 2866 μῶν

241 2883 508 2937 ἐπιδεῖται
535 2885 564 2936 ὁ
599 2883 748 2954 βίος;
797 2883 957 2937 Ἀλλὰ
982 2885 1066 2937 σοὶ
1097 2885 1193 2954 μὲν
1215 2886 1498 2957 αὐτάρκης
1524 2889 1552 2940 ὁ
1581 2887 1826 2951 σύνοικος

239 2976 398 3044 λόγος
425 2977 560 3048 πρὸς
585 2976 686 3048 τὴν
709 2975 956 3048 φυλακήν
985 2976 1094 3030 τῶν
1115 2977 1396 3048 ὀλεθρίων.
1422 2980 1496 3031 Oti
1523 2979 1692 3049 δήπου
1718 2979 1826 3049 γὰρ

239 3068 490 3139 πρόϐατα
537 3067 636 3138 μὲν
687 3067 782 3121 καί⁸
829 3063 985 3136 αἶγες
1031 3068 1208 3122 ἴσασιν
1244 3070 1574 3138 ἀποφεύγειν
1625 3069 1695 3122 τὰ
1723 3087 1826 3123 κα-

239 3155 444 3210 κοῦντα
477 3155 661 3210 αὐτῶν
691 3157 790 3226 τὴν
829 3156 995 3227 ζωὴν,
1044 3158 1182 3229 μόνῃ
1218 3161 1281 3230 τῇ
1317 3159 1568 3230 αἰσθήσει
1600 3151 1659 3216 τὸ
1685 3159 1823 3230 βλα-

239 3245 404 3318 ϐερὸν
437 3247 794 3320 διακρίνοντα·
825 3247 914 3302 ’σοὶ
943 3249 1018 3313 δὲ,
1051 3241 1096 3316 ᾧ
1129 3249 1224 3302 καὶ
1261 3249 1418 3318 λόγος
1450 3251 1702 3322 πάρεστι,
1731 3252 1824 3304 καὶ

237 3337 462 3409 ἰατρικὴ
493 3337 656 3410 τέχνη
695 3338 754 3390 τὸ
785 3340 1053 3409 χρήσιμον
1091 3337 1472 3407 ἐκπορίζουσαι,
1521 3340 1612 3392 καὶ
1656 3340 1824 3410 ἡτῶν

241 3417 622 3502 προλαϐόντων
647 3433 832 3502 πεῖρα,
855 3430 962 3484 τῶν
991 3430 1336 3501 βλαπτόντων
1365 3433 1464 3503 τὴν
1495 3432 1670 3502 φυγὴν
1694 3433 1825 3485 ὑπο-

240 3521 536 3584 ϐάλλουσα,
567 3521 802 3591 χαλεπόν
824 3523 992 3588 ἐστιν,
1024 3522 1146 3574 εἰπέ
1179 3540 1288 3592 μοι,
1313 3522 1557 3576 ἐκκλῖναι
1583 3523 1650 3576 τὰ
1671 3523 1826 3594 δηλη-

236 3613 442 3683 τήρια;
471 3613 625 3666 Ἔστι
648 3612 704 3665 δὲ
724 3611 930 3666 τούτων
949 3611 1100 3666 οὐδὲν
1126 3613 1330 3684 ἀργῶς,
1355 3613 1508 3666 οὐδὲν
1538 3615 1826 3684 ἀχρήστως

239 3705 630 3775 γεγενημένον.
666 3706 738 3758 Ἦ
770 3705 880 3777 γὰρ
915 3706 1120 3777 τροφὴν
1153 3705 1383 3777 παρέχει
1416 3707 1522 3758 τινὶ
1559 3705 1667 3758 τῶν
1697 3705 1822 3758 ἀλό-

239 3815 376 3866 γων,
403 3797 436 3868 ἢ
463 3799 556 3850 καὶ
581 3801 711 3870 ήμῖν
731 3799 916 3862 αὐτοῖς
947 3799 1104 3870 παρὰ·
1119 3800 1218 3868 τῆς
1249 3797 1499 3868 ἰατρικῆς
1531 3800 1725 3868 τέχνης
1747 3801 1825 3862 εἰς

239 3890 598 3962 παραμυθίαν
644 3892 804 3944 τινῶν
857 3892 1306 3963 ἀρρωστημάτων
1355 3890 1466 3961 (55)
1515 3890 1822 3961 ἐξεύρηται.

239 3983 315 4036 Τὸ
351 3984 448 4053 μὲν
479 3982 588 4054 γὰρ
621 3983 844 4036 κώνειον
870 3985 920 4036 οἰ
946 3983 1120 4054 ψᾶρες
1156 3982 1458 4052 βόσκονται,
1485 3982 1571 4034 διὰ
1603 3985 1700 4052 τὴν
1729 4000 1827 4036 κα-

235 4075 510 4145 τασκευὴν
529 4075 622 4128 τοῦ
652 4075 902 4145 σώματος
931 4075 1026 4146 τὴν
1059 4077 1122 4126 ἐκ
1153 4073 1244 4126 τοῦ
1273 4073 1593 4145 δηλητηρίου
1623 4074 1826 4144 βλάϐην

235 4165 726 4237 ἀποδιδράσκοντες
746 4183 760 4197 ’
792 4167 1022 4229 λεπτοὺς
1051 4163 1160 4235 γὰρ
1195 4165 1409 4234 ἔχοντες
1447 4167 1573 4228 τοὺς
1597 4166 1688 4218 ἐπὶ
1716 4165 1824 4236 (50)

235 4257 339 4327 τῆς
370 4256 598 4328 καρδίας
627 4257 848 4328 πόρους,
890 4256 1180 4324 φθάνουσιν
1205 4255 1454 4325 ἐκπέψαι
1490 4257 1551 4308 τὸ
1583 4273 1826 4309 καταπο-

235 4349 354 4414 θέν,
391 4350 520 4420 πρὶν
543 4349 640 4416 τὴν
665 4350 758 4400 ἀπ’
789 4347 954 4400 αὐτοῦ
986 4345 1146 4416 ψῦξιν
1178 4345 1286 4399 τῶν
1321 4349 1550 4420 καιρίων
1580 4345 1827 4415 καθαψα-

1931 1861 2096 1916 lentis
2129 1861 2352 1934 reliquis
2384 1864 2695 1921 helleborus
2717 1907 2733 1930 ,
2766 1867 3044 1924 aconitum
3065 1912 3080 1936 ,
3109 1875 3504 1942 mandragora,

1927 1954 2218 2020 papaveris
2249 1969 2464 2010 succus.
2520 1957 2662 2023 Quid
2695 1955 2904 2028 igitur?
2949 1949 3183 2032 gratiam
3233 1952 3302 2018 ob
3349 1952 3506 2020 utilia

1927 2047 2174 2100 conﬁteri
2204 2049 2542 2114 omittentes,
2571 2051 2922 2108 Conditorem
2963 2055 3032 2110 ob
3061 2069 3124 2108 ea
3159 2071 3279 2124 quae
3308 2063 3508 2112 nostra:

1928 2141 2054 2194 vita:
2081 2142 2313 2196 exitiosa
2350 2156 2518 2222 sunt,
2565 2145 2983 2200 accusabimus?
3026 2133 3154 2200 illud
3184 2150 3364 2204 autem
3395 2159 3506 2202 non

1931 2234 2330 2302 reputabimus,
2361 2233 2507 2304 quod
2538 2250 2646 2290 non
2675 2236 2857 2290 omnia
2880 2239 3092 2292 ventris
3121 2239 3292 2294 nostri
3327 2239 3506 2310 gratia

1928 2332 2111 2378 creata
2140 2325 2498 2382 sunt?Porro
2515 2327 2672 2383 nobis
2698 2315 2919 2398 quidem
2949 2329 3218 2384 destinata
3245 2319 3507 2386 alimenta

1927 2415 2090 2471 obvia
2118 2426 2266 2483 sunt,
2308 2427 2364 2474 et
2398 2420 2652 2476 omnibus
2675 2420 2844 2490 probe
2890 2431 3018 2476 nota
3049 2439 3066 2477 ι
3117 2423 3336 2492 singula
3365 2431 3502 2480 vero

1927 2523 2048 2578 quae
2077 2511 2294 2566 condita
2319 2523 2466 2576 sunt,
2505 2514 2780 2581 propriam
2812 2513 3104 2584 quamdam
3141 2516 3406 2574 rationem
3437 2519 3496 2574 in

1927 2599 2212 2655 creatione
2237 2600 2478 2670 explent.
2502 2600 2640 2656 Num
2668 2605 2812 2657 enim
2844 2605 2970 2673 quia
3001 2607 3247 2662 tau‘rinus
3275 2610 3506 2680 sanguis

1929 2691 2170 2746 toxicum
2208 2692 2304 2746 tibi
2341 2704 2447 2757 est,
2478 2694 2599 2750 ideo
2630 2696 2832 2749 animal
2865 2697 3020 2761 illud,
3045 2696 3205 2766 cujus
3227 2691 3425 2758 robore
3445 2702 3506 2758 in

1927 2791 2008 2838 tot
2030 2793 2086 2840 et
2117 2785 2282 2841 tantis
2311 2785 2479 2842 rebus
2510 2789 2618 2841 vita
2647 2800 2833 2844 nostra
2868 2790 3094 2860 indiget,
3131 2803 3352 2848 autnon
3383 2809 3506 2864 pro-

1933 2875 2078 2942 duci,
2121 2885 2215 2930 aut
2245 2879 2566 2946 productum
2592 2891 2868 2950 exsangue
2915 2897 3036 2938 esse
3063 2885 3338 2953 oportuit?
3385 2887 3500 2944 Sed

1929 2965 2024 3020 tibi
2049 2967 2456 3024 contubernalis
2498 2985 2564 3024 ac
2587 2971 2884 3026 domestica
2917 2975 3057 3028 ratio
3091 2975 3158 3029 ad
3187 2990 3274 3030 res
3296 2978 3502 3032 exitia-

1929 3056 2008 3112 les
2037 3059 2287 3114 vitandas
2316 3047 2530 3116 suiIicit.
2568 3061 2816 3132 Nunquid
2847 3065 2990 3118 enim
3027 3081 3155 3121 oves
3191 3069 3410 3137 quidem
3447 3081 3504 3124 et

1929 3166 2110 3220 caprte
2140 3153 2321 3207 sciunt
2361 3168 2428 3208 ea
2476 3169 2596 3222 quae
2645 3171 2758 3210 suae
2791 3156 2914 3212 vitae
2948 3169 3166 3226 nocent,
3195 3156 3494 3228 declinare,

1928 3242 2048 3298 solo
2083 3258 2244 3298 sensu
2279 3245 2441 3298 noxia
2473 3245 2880 3301 discernentes:
2913 3239 3011 3303 tibi
3032 3263 3187 3317 vero,
3215 3251 3304 3306 cui
3337 3253 3502 3310 adest

1928 3344 1984 3390 et
2008 3335 2166 3398 ratio,
2203 3345 2260 3390 et
2291 3351 2383 3390 ars
2409 3337 2642 3402 medica,
2672 3339 2818 3407 quod
2859 3338 2992 3394 utile
3020 3349 3104 3396 est
3136 3339 3373 3398 oﬂ'erens
3393 3385 3410 3408 ,
3445 3357 3505 3400 et

1926 3440 2114 3482 eorum
2143 3427 2234 3496 qui
2266 3437 2316 3483 te
2342 3437 2752 3484 anteverterunt
2773 3429 3108 3499 exemplum,
3143 3447 3252 3504 quo
3278 3433 3346 3490 de
3375 3435 3504 3506 fuga

1927 3520 2246 3574 nocivorum
2286 3521 2632 3588 admoneris,
2667 3521 2883 3577 diﬂicile
2923 3532 3032 3589 est,
3070 3523 3158 3579 dic
3183 3563 3200 3590 ,
3232 3540 3440 3598 quaso,
3473 3543 3508 3581 ι

1925 3613 2152 3666 venenis
2179 3611 2412 3666 cavere?
2441 3611 2586 3666 Nihil
2609 3623 2790 3666 autem
2835 3615 3034 3670 horum
3077 3615 3324 3684 frustra,
3369 3619 3508 3676 nihil

1927 3713 2012 3759 est
2040 3703 2308 3759 inutiliter
2341 3705 2395 3759 in
2429 3705 2606 3760 lucem
2637 3706 2988 3760 editum.Aut
3015 3707 3162 3762 enim
3185 3708 3348 3764 alicui
3374 3707 3506 3766 bru-

1929 3807 2104 3851 torum
2150 3797 2470 3852 animalium
2531 3797 2952 3852 subministrant
2995 3799 3316 3854 alimentum
3347 3841 3364 3866 ,
3414 3813 3510 3858 aut

1929 3889 2089 3942 etiam
2113 3889 2269 3943 nobis
2297 3890 2426 3957 ipsis
2445 3904 2474 3942 a
2503 3889 2710 3944 medica
2733 3901 2857 3945 arte
2883 3889 2950 3943 ad
2977 3889 3316 3948 deliniendas
3339 3909 3504 3962 quas-

1929 3981 2052 4035 dam
2075 3983 2456 4051 mgrotationes
2484 3983 2706 4037 inventa
2729 3993 2875 4038 sunt.
2903 3981 3038 4037 Nam
3065 3983 3242 4039 cicuta
3270 3999 3504 4042 vescun-

1931 4083 2021 4128 tur
2050 4075 2246 4138 sturni,
2287 4084 2338 4128 et
2390 4084 2572 4127 tamen
2617 4073 2810 4128 veneni
2854 4073 3080 4128 exitium
3115 4075 3394 4131 declinant
3434 4067 3507 4132 ob

1931 4166 2176 4233 corporis
2201 4166 2644 4220 constitutionem
2675 4181 2690 4219 ι
2717 4179 2840 4219 cum
2867 4167 3012 4220 enim
3037 4167 3090 4220 in
3121 4180 3307 4220 eorum
3339 4170 3505 4222 corde

1929 4259 2104 4313 insint
2129 4267 2317 4313 tenues
2339 4267 2573 4324 meatus,
2595 4258 2910 4313 devoratam
2934 4259 3166 4313 cicutam
3197 4261 3348 4327 prius
3373 4274 3509 4314 con-

1931 4363 2151 4413 coxere,
2185 4363 2346 4417 quam
2373 4350 2544 4418 ipsius
2574 4349 2748 4420 frigus
2771 4348 3092 4418 principales
3123 4359 3309 4418 partes
3340 4351 3510 4404 attin-

239 4442 390 4494 σθαι.
439 4439 752 4510 Ἑλλέϐορος
785 4439 840 4491 δέ
883 4438 1128 4511 ὀρτύγων
1181 4438 1298 4491 ἐστὶ
1350 4438 1544 4509 τροφὴ,
1602 4439 1822 4509 ἰδιότητι

1934 4450 2039 4510 gat.
2071 4433 2390 4496 llelleborus
2418 4455 2551 4496 vero
2597 4441 2960 4506 coturnicum,
3004 4454 3124 4508 quae
3171 4454 3269 4508 per
3301 4449 3506 4510 tempe-

235 4535 492 4606 κράσεως
547 4531 645 4602 τὴν
701 4531 904 4602 βλάϐην
958 4531 1392 4600 ἀποφευγόντων.
1453 4530 1606 4582 Ἔστι
1649 4531 1705 4582 δὲ
1737 4533 1828 4584 καὶ

235 4624 384 4678 αὐτὰ
426 4623 596 4676 ταῦτα
643 4625 700 4675 ἐν
747 4621 924 4694 καιρῷ
970 4639 1098 4675 ποτε
1137 4623 1231 4676 καὶ
1269 4624 1400 4692 ἡμῖν
1431 4625 1696 4693 χρήσιμα.
1728 4621 1827 4674 Διὰ

235 4722 344 4786 «μέν
391 4717 502 4787 γὰρ
537 4715 631 4768 τοῦ
667 4716 1042 4786 μανδραγόρου
1077 4714 1244 4767 ὕπνον
1282 4715 1456 4786 ἰατροὶ
1493 4719 1831 4782 κατεπάγου-

239 4825 362 4862 σιν·
415 4807 556 4876 όπίῳ
605 4807 662 4860 δέ
705 4807 802 4870 τὰς
864 4807 1098 4878 σφοδρὰς
1150 4805 1338 4867 ὀδύνας
1405 4805 1510 4857 τῶν
1559 4805 1827 4874 σωμάτων

235 4901 744 4971 κατακοιμίζουσιν.
795 4901 936 4970 Ἤδη
983 4898 1040 4952 δέ
1077 4915 1220 4962 τινες
1261 4897 1339 4968 τῷ
1385 4898 1596 4967 κωνείῳ
1645 4895 1826 4950 καὶτὸ

234 4991 514 5054 λυσσῶδες
569 4991 676 5044 τῶν
729 4991 960 5062 ὀρέξεων
1007 4991 1422 5061 κατεμάραναν·
1472 4989 1566 5042 καὶ
1617 4989 1694 5059 τῷ
1743 4989 1828 5042 έλ-

231 5077 450 5154 λεϐόρῳ
497 5083 666 5136 πολλὰ
730 5083 838 5136 τῶν
885 5081 1114 5154 χρονίων
1167 5079 1356 5134 παθῶν
1406 5079 1822 5151 ἐξεμόχλευσαν.

238 5177 408 5229 Ὥστε
454 5177 484 5230 ὃ
523 5175 770 5246 ἐνόμιζες
811 5176 954 5247 ἔχειν
994 5173 1136 5228 κατὰ
1174 5174 1266 5228 τοῦ
1312 5174 1593 5236 κτίσαντος
1631 5173 1828 5246 ἔγκλη-

241 5353 264 5362 __
311 5289 610 5362 (55)AColli.
645 5293 913 5346 secundus
943 5295 1056 5355 τοῖς
1091 5290 1487 5362 σπερμολόγοις
1532 5290 1640 5362 τῶν
1669 5291 1812 5361 ὀρνί-

233 5359 370 5432 θων.
408 5359 530 5432 Mox
558 5361 708 5415 Cnlb.
751 5365 1014 5416 secundus
1046 5379 1168 5416 cum
1199 5359 1349 5426 'lleg.
1381 5373 1581 5432 octavo
1610 5359 1816 5432 ᾅπορος

237 5431 351 5502 μὲν,
373 5433 408 5502 ἡ
439 5431 676 5502 αἵρεσις,
724 5431 951 5502 difﬁcilia
981 5443 1056 5486 est
1109 5433 1248 5500 optio
1287 5431 1818 5502 tristiorumalaectio

232 5499 466 5569 bptinia.
499 5499 640 5556 Editi
691 5511 743 5555 et
771 5499 937 5555 Coisl.
973 5513 1223 5570 uterque,
1252 5511 1305 5556 et
1336 5500 1488 5568 Regii
1531 5501 1736 5570 primus
1761 5511 1817 5555 et

235 5571 439 5643 t_ertius
491 5573 694 5642 ἄπορος
736 5571 833 5642 μέν
873 5573 908 5643 ἡ
951 5569 1199 5642 εὕρεσις·
1264 5571 1348 5624 cui
1384 5571 1606 5643 lectioni
1673 5569 1820 5624 favet

237 5638 582 5719 Eustathius,
605 5638 748 5719 dum:
764 5638 924 5719 vertit
947 5660 959 5695 :
984 5638 1316 5719 _Est.quit_ien_t
1358 5640 1581 5719 dilﬁcilis
1608 5657 1820 5719 assecu-

233 5711 321 5768 tio
345 5711 642 5768 mdiorum.
667 5711 866 5769 Ibidem
895 5715 1068 5769 codex
1084 5710 1446 5799 COtubafﬁou:
1460 5710 1815 5798 τιμιωτάτου.

1933 4533 2164 4587 rationis
2194 4535 2581 4602 proprietatem
2622 4547 2819 4586 noxam
2853 4531 3138 4601 effugiunt,
3181 4532 3504 4586 alimentum

1931 4635 2034 4679 est.
2071 4623 2382 4690 Quinetiam
2413 4631 2542 4678 sunt
2580 4625 2697 4678 haec
2731 4625 2846 4692 ipsa
2890 4637 2989 4691 pro
3017 4613 3508 4695 temporis'oppor-

1935 4715 2169 4768 tunitate
2201 4729 2591 4783 nonnunquam
2622 4714 2782 4768 nobis
2815 4713 3199 4769 conducibilia.
3235 4713 3372 4768 Nam
3409 4729 3510 4786 per

1931 4809 2351 4878 mandragoram
2406 4809 2670 4864 inducunt
2715 4821 2966 4862 somnum
3015 4807 3263 4863 medici:
3317 4822 3509 4863 conso-

1933 4897 2090 4966 piunt
2122 4897 2308 4952 itidem
2368 4898 2718 4952 vehementes
2760 4910 3048 4965 corporum
3097 4895 3310 4950 dolores
3357 4897 3502 4966 opio.

1931 4984 2054 5042 Jam
2088 5001 2218 5041 vero
2258 4986 2504 5040 nonnulli
2543 4986 2723 5040 cicuta
2754 4986 3382 5040 obtuderuntrabiosam
3411 5003 3510 5054 ap-

1931 5081 2252 5151 petentiam,
2283 5091 2449 5150 atque
2491 5079 2822 5133 inveteratas
2857 5079 3206 5148 aegritudines
3237 5091 3338 5133 nec
3368 5093 3474 5149 pan
3495 5108 3508 5116 -

1931 5189 2030 5229 cas
2057 5171 2338 5228 hellebore
2363 5172 2758 5240 exstirparuut.
2793 5169 2994 5238 Quare,
3027 5185 3188 5240 quam
3229 5178 3282 5226 te
3313 5169 3509 5225 existi~

1993 5285 2105 5362 (Si)
2142 5289 2234 5345 Sic
2289 5287 2676 5362 Regiiprimus
2705 5299 2760 5346 et
2807 5298 3034 5362 octavus
3062 5286 3386 5362 cumCoisl.
3417 5299 3512 5362 s_e_-

1923 5355 2102 5415 cundo
2122 5369 2178 5415 et
2213 5373 2336 5413 cum
2362 5355 2518 5412 Colb.
2548 5359 2732 5413 itidem
2761 5360 3020 5414 secundo.
3069 5357 3210 5412 Editi
3241 5371 3364 5412 cum
3407 5355 3506 5412 ali-

1923 5441 2055 5501 quot
2082 5443 2214 5501 mss.
2242 5429 2276 5496 ἢ
2322 5429 2578 5501 ἄναιμον,
2609 5429 2815 5501 inutile.

1995 5501 2108 5570 (35)
2141 5500 2216 5554 Ita
2248 5495 2346 5554 Sex
2383 5495 2538 5570 mss,
2567 5500 2726 5555 bene.
2769 5496 2882 5553 Vox
2921 5495 3376 5570 ἀρρωστημάτων
3407 5497 3510 5556 de-

1925 5569 2202 5627 sideratur
2227 5570 2282 5624 in
2301 5569 2480 5627 editis.

1997 5640 2110 5713 (56)
2133 5639 2360 5699 Codices
2389 5655 2486 5698 sex
2511 5641 2638 5704 τοὺς
2653 5638 2764 5693 ἐπι.
2790 5637 2944 5712 ,Ειὶὶιὶ
2968 5639 3094 5701 τοὺς
3141 5637 3272 5695 ἀπό.
