3850 6218
310 286 414 342 105

1628 279 1711 333 "S.
1732 268 1997 331 “BASIUI
2042 276 2253 332 MAGNI

3479 279 3584 332 tot

309 401 501 455 mahas
528 397 732 453 habere
761 403 949 452 contra
984 392 1302 448 Creatorem
1348 389 1776 451 accusationem,
1828 402 1889 440 ea

2021 404 2096 449 ια,
2137 386 2293 441 τοῦτό
2348 404 2429 441 σοι
2469 388 2548 451 είς
2591 386 2913 461 προσθήκην
2946 387 3298 458 εὐχαριστίας
3326 388 3591 458 περιελή⁸

312 491 410 545 tibi
454 491 505 545 in
546 493 839 560 gratiarum
869 487 1099 541 actionis
1129 485 1556 539 additamentum
1589 482 1776 535 cessit.

384 581 438 637 5.
482 579 748 635 Germinet
807 588 947 632 terra
1012 576 1231 629 herbam
1271 574 1400 643 feni.
1444 572 1584 640 Quot
1635 572 1888 625 alimenta

311 679 506 741 sponte
541 679 750 723 natura:
784 666 1119 735 emergentia
1164 666 1246 717 his
1270 663 1453 718 verbis
1486 661 1887 732 complectitur,

313 770 428 816 tum
462 762 516 815 in
560 758 858 823 radicibus,
908 766 1019 811 tum
1068 757 1119 811 in
1160 756 1273 825 ipsa
1311 754 1503 819 herba,
1541 762 1652 807 tum
1685 753 1736 806 in
1774 752 1889 805 fru-

314 854 525 909 ctibusl
563 862 697 922 quot
728 867 856 906 vero
893 859 1044 915 sunt,
1075 865 1194 918 quae
1227 864 1291 905 ex
1335 846 1610 918 diligentia
1650 855 1706 900 et
1750 845 1893 915 agri-

318 944 526 998 cultura
575 942 732 998 nobis
780 941 1089 995 accedunt!
1138 939 1254 994 Non
1302 938 1483 992 statim
1519 936 1679 1005 jussit
1708 949 1892 989 semen

317 1047 371 1091 et
395 1036 626 1089 fructum
678 1032 949 1103 proferri,
990 1032 1081 1084 sed
1143 1031 1449 1101 germinare
1500 1040 1556 1083 et
1619 1029 1895 1082 virescere

322 1136 542 1192 terram,
585 1134 803 1193 tumque
838 1124 902 1177 ad
937 1138 1120 1177 semen
1153 1122 1475 1191 pervenire;
1506 1129 1567 1174 ut
1604 1120 1778 1189 prima
1806 1118 1895 1172 illa

316 1214 607 1287 praeceptio
649 1216 715 1268 ad
756 1213 991 1266 futuram
1042 1211 1444 1265 successionem
1489 1219 1635 1264 esset
1678 1217 1888 1263 natura:

317 1307 626 1361 documenti
677 1306 811 1358 loco.
862 1303 1143 1370 Quomodo
1199 1302 1384 1369 igitur,
1426 1301 1702 1371 inquiunt,
1737 1300 1897 1354 tellus

316 1400 617 1454 secundum
663 1412 830 1468 genus
886 1396 997 1451 edit
1048 1395 1280 1458 semina,
1338 1409 1500 1459 cum,
1544 1394 1898 1447 disseminata

308 1506 464 1560 εδξρει
516 1491 715 1554 tritico,
774 1491 985 1559 nigrum
1029 1488 1130 1541 hoc
1173 1487 1501 1541 frumentum
1547 1483 1899 1556 colligamus?

324 1582 524 1638 Verum
579 1583 683 1636 hoc
726 1581 901 1650 ipsum
941 1594 1278 1649 nequaquam
1319 1589 1403 1633 est
1440 1578 1506 1633 ad
1550 1577 1694 1632 aliud
1733 1590 1900 1648 genus

322 1676 726 1739 transmutatio,
748 1674 841 1728 sed
862 1672 1003 1727 velut
1022 1672 1238 1725 morbus
1261 1672 1501 1741 quidam,
1522 1668 1632 1742 Μ
1651 1684 1712 1725 ac
1733 1670 1899 1724 semi-

327 1768 413 1820 nis
460 1767 744 1835 a‘gritudo.
803 1763 919 1817 Non
969 1764 1111 1817 enim
1168 1763 1498 1817 frumentum
1548 1776 1667 1816 esse
1717 1761 1898 1823 desiit,

324 1858 441 1923 sed,
473 1864 531 1911 ut
559 1866 614 1912 et
639 1872 704 1911 ex
739 1856 854 1925 ipsa
885 1854 1247 1925 appellatione
1278 1854 1493 1909 discere
1517 1862 1619 1917 est,
1647 1867 1745 1921 per
1772 1852 1902 1907 adu-

326 1951 558 2007 stionem
578 1950 791 2019 nigrum
815 1948 1005 2004 evasit.
1034 1947 1169 2001 Nam
1202 1947 1371 2001 nimio
1396 1946 1599 2017 frigore
1626 1946 1900 2010 adustum,

328 2045 381 2098 in
426 2043 592 2097 alium
625 2041 861 2096 colorem
914 2054 979 2095 ac
1023 2054 1275 2109 saporem
1314 2038 1682 2109 degeneravit.
1726 2038 1904 2107 Atque

328 2137 495 2191 etiam
531 2135 574 2190 si
602 2135 761 2188 modo
797 2134 1044 2188 idoneam
1081 2143 1301 2198 terram,
1344 2146 1406 2186 ac
1452 2131 1591 2186 bene
1639 2140 1904 2201 tempera-

331 2238 443 2282 tmn
501 2240 680 2280 aerem
732 2232 947 2278 nactum
996 2224 1087 2290 sit,
1123 2237 1311 2277 rursus
1356 2224 1423 2276 ad
1471 2222 1755 2291 pristinam
1797 2221 1906 2276 for-

328 2331 474 2371 mam
510 2316 686 2369 redire
728 2314 924 2367 ferunt.
951 2309 1135 2378 Quare
1167 2312 1299 2365 nihil
1334 2319 1533 2381 praeter
1575 2320 1903 2380 praeceptum

332 2409 457 2461 illud
501 2407 552 2460 in
593 2406 754 2459 rebus
806 2404 1154 2460 nascentibus
1203 2403 1317 2456 fieri
1355 2404 1680 2473 comperias.
1731 2402 1899 2455 Porro

333 2499 515 2552 lolium
557 2498 699 2567 quod
741 2498 961 2563 dicitur,
986 2504 1040 2549 et
1086 2495 1293 2565 reliqua
1339 2495 1640 2550 adulterina
1677 2495 1905 2557 semina,

332 2606 450 2661 qua:
484 2604 603 2644 cum
629 2588 925 2643 esculentis
954 2587 1401 2651 commiscentur,
1430 2602 1658 2656 qumque
1694 2601 1906 2641 nuncu-

330 2696 465 2751 pare
496 2682 700 2734 zizania
734 2680 1018 2733 consuevit
1052 2677 1357 2745 Scriptura,
1398 2694 1504 2732 non
1539 2692 1605 2732 ex
1644 2677 1903 2731 frumenti

332 2774 757 2831 commutatione
811 2772 1163 2840 proveniunt,
1212 2771 1304 2826 sed
1344 2785 1409 2824 ex
1470 2773 1689 2840 proprio
1730 2769 1909 2826 subsi-

334 2874 483 2919 stunt
512 2864 800 2934 principio,
834 2864 1225 2933 propriumque
1273 2876 1442 2928 genus
1482 2863 1742 2917 obtinent.
1778 2864 1909 2929 Qua:

334 2956 575 3026 profecto
601 2955 886 3023 imaginem
914 2955 1228 3023 exprimunt
1258 2969 1465 3020 eorum,
1498 2954 1587 3023 qui
1614 2954 1909 3008 documen-

1993 478 2173 532 λυθεν.

2063 572 2115 625 5.
2160 572 2572 641 Βλαστησὰτω
2616 573 2654 641 ἡ
2700 572 2775 644 γῆ
2811 570 3089 639 βοτάνην
3118 570 3355 638 χόρτου.
3399 569 3592 642 Πόσην

1994 662 2296 734 αὐτόματον
2326 664 2471 732 λέγει
2505 664 2710 735 τροφὴν
2743 665 2800 716 ὲν
2821 661 3051 727 τούτοις,
3077 662 3176 731 τήν
3202 677 3262 713 τε
3293 660 3351 712 ὲν
3381 659 3589 731 ῥίζαις,

1994 755 2088 809 καὶ
2115 755 2211 826 τὴν
2237 758 2293 809 έν
2328 756 2463 827 αὐτῇ
2494 759 2559 827 τῇ
2595 756 2811 827 βοτάνῃ,
2842 756 2935 809 καὶ
2962 755 3061 825 τὴν
3093 757 3150 806 ὲν
3178 755 3409 823 καρποῖς
3436 752 3541 823 ἥδη
3575 754 3589 806 l

1996 846 2170 916 πόσην
2193 846 2248 899 δὲ
2271 846 2367 918 τὴν
2391 846 2449 911 ἐξ
2474 846 2792 917 ἐπιμελείας
2829 846 2923 899 καὶ
2954 844 3227 916 γεωργίας
3261 844 3392 913 ἡμῖν
3417 860 3591 914 προς-

1994 939 2321 1010 γινομένηνί
2365 940 2479 992 Οὐκ
2510 939 2669 1001 εὐθὺς
2700 938 2949 991 ἐκέλευσε
2982 938 3203 1008 σπέρμα
3246 937 3339 988 καὶ
3371 935 3593 1005 καρπὸν

1996 1031 2339 1102 ἀναδοθῆναι,
2389 1031 2527 1085 ἀλλὰ
2562 1030 2856 1101 βλαστῆσαι
2910 1031 3002 1083 καὶ
3044 1030 3267 1100 χλοάσαι
3315 1029 3413 1098 τὴν
3459 1029 3590 1097 γῆν,

1998 1126 2091 1179 καὶ
2124 1126 2243 1178 τότε
2290 1127 2369 1189 είς
2410 1126 2629 1197 σπέρμα
2673 1123 3020 1193 τελειωθῆναι
3056 1124 3203 1193 (57),
3246 1123 3331 1175 ἵνα
3369 1121 3593 1189 πρῶτον

1998 1220 2173 1272 ἐκεῖνο
2229 1218 2557 1289 πρόσταγμα
2618 1216 2955 1270 διδασκάλων
3010 1218 3077 1286 τῇ
3134 1213 3295 1283 φύσει
3358 1212 3594 1282 γένηται

1999 1311 2139 1380 πρὸς
2168 1310 2265 1381 τὴν
2294 1309 2423 1379 ἑξῆς
2456 1308 2794 1362 ἀκολουθίαν.
2832 1307 2957 1370 Πῶς
2989 1303 3082 1359 οὖν
3113 1305 3251 1358 κατὰ
3281 1304 3452 1372 γένος,
3484 1319 3594 1371 φα·-

2002 1403 2241 1473 σ“ιν(58),
2289 1405 2321 1473 ή
2356 1403 2427 1472 γῆ
2458 1401 2722 1474 προφέρει
2764 1400 2834 1453 τὰ
2867 1400 3177 1470 σπέρματα,
3220 1398 3402 1460 ὁπότε,
3443 1398 3596 1449 σῖτον

2002 1494 2260 1557 πολλάκις
2313 1493 2726 1555 καταϐαλόντες,
2784 1491 2876 1544 τὸν
2930 1490 3131 1560 μέλανα
3186 1487 3373 1540 τοῦτον
3417 1485 3597 1556 πυρὸν

2004 1585 2445 1656 συγκομίζομεν;
2496 1585 2656 1637 Ἀλλὰ
2685 1582 2843 1637 τοῦτο
2879 1584 2999 1653 οὐχὶ
3036 1582 3173 1653 πρὸς
3217 1580 3401 1650 ἕτερον
3435 1578 3598 1646 γένος

2004 1679 2121 1730 ἐστὶ
2173 1676 2466 1747 μεταϐολὴ,
2518 1676 2632 1729 ἀλλ’
2680 1677 2843 1729 οἱονεὶ
2877 1676 3030 1738 νόσος
3058 1691 3138 1736 τις
3185 1674 3277 1726 καὶ
3309 1671 3596 1743 ἀρρωστία

2004 1769 2098 1823 τοῦ
2140 1770 2478 1840 σπέρματος.
2517 1770 2591 1821 Οὐ
2622 1768 2730 1838 γὰρ
2754 1766 2987 1820 ἀπέθετο
3018 1767 3079 1819 τὸ
3105 1761 3242 1817 εἶναι
3278 1766 3384 1832 ('59)
3426 1766 3596 1825 σῖτος,

2005 1861 2120 1914 ἀλλ’
2147 1859 2417 1931 ὲμελάνθη
2450 1859 2539 1912 διὰ
2566 1863 2663 1931 τῆς
2683 1858 2952 1921 καύσεως,
2973 1858 3048 1921 ὡς
3076 1858 3169 1910 καὶ
3194 1856 3251 1919 ἐξ
3284 1856 3455 1922 αὐτῆς
3477 1854 3599 1905 ἐστι

2003 1954 2105 2023 τῆς
2165 1952 2536 2025 προσηγορίας
2590 1951 2801 2022 μαθεῖν.
2866 1952 2945 2021 Τῇ
3006 1949 3275 2021 ὑπερϐολῇ
3328 1947 3437 2017 γὰρ
3495 1946 3599 1999 τοῦ

2004 2042 2203 2113 κρύους
2238 2043 2533 2115 ὑπερκαεὶς
2564 2042 2694 2112 (40),
2731 2041 2867 2112 πρὸς
2912 2041 3105 2111 ἑτέραν
3166 2040 3260 2093 καὶ
3292 2038 3455 2109 χρόαν
3500 2038 3602 2089 καὶ

2004 2134 2192 2203 γεῦσιν
2224 2134 2510 2205 μετέπεσε.
2534 2134 2643 2187 Kal.
2672 2133 2853 2203 μέντοι
2876 2133 2972 2185 καὶ
2997 2132 3159 2186 πάλιν
3180 2130 3419 2198 λέγεται,
3448 2131 3604 2181 ἐπει-

2003 2227 2102 2281 δὰν
2158 2227 2261 2297 γῆς
2295 2227 2607 2298 ἐπιτηδείας
2659 2226 2751 2279 καὶ
2794 2225 2972 2296 ἀέρων
3011 2224 3289 2296 εὐκράτων
3339 2222 3598 2290 λάϐηται,

2006 2318 2143 2389 πρὸς
2174 2318 2236 2371 τὸ
2266 2319 2491 2390 ἀρχαῖον
2510 2313 2647 2380 εἶδος
2669 2317 2969 2370 ἐπανιέναι.
2997 2316 3157 2368 Ὥστε
3179 2314 3332 2367 οὐδὲν
3360 2312 3515 2384 παρὰ
3538 2312 3606 2365 τὸ

2007 2412 2343 2483 πρόσταγμα
2380 2411 2559 2482 εὕροις
2592 2410 2658 2464 ἂν
2691 2413 2749 2463 ὲν
2777 2413 2891 2473 τοῖς
2931 2408 3219 2479 φυομένοις
3248 2405 3605 2476 ἐπιτελούμε-

2006 2520 2117 2558 νον.
2156 2505 2222 2557 Ἠ
2248 2504 2305 2556 δὲ
2335 2504 2606 2575 λεγομένη
2633 2498 2786 2574 αίρα,
2826 2503 2923 2556 καὶ
2950 2503 3050 2555 ὅσα
3078 2500 3238 2554 λοιπὰ
3267 2499 3395 2553 νόθα
3426 2502 3603 2568 σπέρ-

2012 2611 2160 2664 ματα
2188 2596 2297 2657 τοῖς
2326 2593 2609 2664 τροφίμοις
2659 2594 3158 2664 ἐγκαταμέμικται,
3202 2589 3345 2659 ἅπερ
3385 2587 3609 2652 ζιζάνια

2008 2684 2436 2755 προσαγορεύειν
2467 2684 2695 2754 σύνηθες
2715 2687 2781 2755 τῇ
2814 2684 3025 2755 Γραφῇ,
3042 2683 3143 2734 οὐκ
3162 2682 3226 2733 ἐκ
3248 2684 3346 2749 τῆς
3369 2678 3462 2731 τοῦ
3489 2677 3607 2747 (41)

2011 2776 2157 2830 σίτου
2191 2774 2493 2847 μεταϐολῆς
2526 2776 2756 2844 γίνεται,
2796 2776 2909 2828 ἀλλ’
2941 2774 3001 2839 ἐξ
3025 2773 3230 2835 οἰκείας
3258 2771 3434 2841 ἀρχῆς
3467 2770 3610 2823 ὑπέ-

2012 2883 2132 2935 στη,
2170 2866 2297 2919 ίδιον
2330 2865 2521 2936 ἔχοντα
2553 2865 2728 2933 γένος.
2771 2865 2955 2935 "Amp
3008 2865 3106 2933 τὴν
3161 2863 3345 2915 εἰκόνα
3406 2859 3611 2930 πληροῖ

2010 2959 2119 3013 τῶν
2166 2959 2704 3030 παραχαρασσόντων
2763 2958 2832 3011 τὰ
2877 2957 2973 3010 τοῦ
3022 2956 3224 3028 Κυρίου
3272 2954 3611 3023 διδάγματα,

338 3059 388 3101 ta
444 3048 653 3102 Domini
702 3046 1102 3111 adulterantes,
1160 3059 1261 3099 nec
1312 3045 1550 3113 legitime
1601 3059 1902 3099 sermonem

2021 3053 2111 3105 καὶ
2148 3053 2222 3123 μὴ
2257 3051 2495 3122 γνησίως
2542 3050 2996 3121 μαθητευομένων
3039 3049 3117 3119 τῷ
3161 3048 3324 3117 λόγῳ,
3372 3047 3487 3100 ἀλλ’
3544 3048 3613 3098 ἐκ

335 3140 535 3203 edocti,
562 3140 656 3193 sed
691 3154 719 3192 a
757 3137 978 3208 maligni
1003 3138 1247 3192 doctrina
1282 3136 1546 3204 corrupti,
1580 3146 1767 3191 tamen'
1789 3151 1911 3189 cum

337 3246 471 3286 sano
501 3229 759 3283 Ecclesize
788 3242 1017 3297 corpore
1048 3228 1253 3294 seipsos
1281 3229 1641 3295 permiscent,
1681 3237 1737 3280 ut
1765 3227 1914 3280 clan-

336 3324 516 3379 Culum
553 3337 769 3376 errores
818 3336 946 3374 suos
979 3321 1029 3373 in
1082 3319 1447 3389 simpliciores
1504 3319 1908 3373 transfundam.

333 3413 454 3471 Jam
491 3426 620 3467 vero
655 3413 909 3466 Dominus
952 3410 1341 3479 perfectionem
1387 3414 1549 3464 etiam
1588 3426 1777 3466 eorum
1821 3414 1913 3481 qui

337 3507 393 3562 in
425 3508 598 3577 ipsum
627 3506 999 3569 crediderunt,
1026 3504 1294 3558 seminum
1327 3505 1660 3558 incremento
1690 3519 1913 3574 compa-

336 3608 443 3665 rat,
474 3600 659 3652 dicens
694 3596 1189 3662 :Quemadmodum
1232 3597 1277 3649 si
1332 3596 1483 3649 homo
1524 3599 1801 3665 projecerit
1833 3614 1914 3651 se-

336 3708 453 3745 men
490 3691 544 3743 in
572 3699 788 3754 terram,
825 3696 875 3743 et
906 3689 1157 3751 dormiat,
1188 3696 1234 3740 et
1262 3696 1509 3757 exsurgat
1544 3699 1691 3741 nocte
1726 3700 1774 3741 et
1805 3690 1911 3753 die,

336 3794 387 3838 et
411 3799 583 3836 semen
613 3790 816 3850 surgat,
847 3790 895 3834 et
940 3783 1219 3845 increscat,
1253 3781 1378 3832 dum
1413 3780 1571 3832 nescit
1598 3782 1728 3849 ipse.
1761 3778 1914 3833 Ultro

336 3876 473 3928 enim
521 3886 660 3927 terra
698 3873 987 3943 fructiﬁcat
1029 3873 1257 3942 primum
1296 3872 1533 3935 herbam,
1570 3872 1760 3926 deinde
1805 3873 1914 3939 spi-

337 3986 474 4033 cam,
510 3969 696 4021 deinde
718 3967 923 4036 plenum
946 3965 1265 4034 frumentum
1294 3966 1347 4017 in
1374 3966 1522 4031 spica
1541 3962 1604 4016 “.
1640 3962 1914 4019 Germinet

339 4073 481 4115 terra
516 4061 747 4114 herbam.
790 4057 848 4114 ln
892 4058 1119 4112 minimo
1148 4059 1311 4111 etiam
1345 4056 1606 4125 temporis
1636 4066 1915 4112 momento

340 4172 367 4206 a
404 4153 799 4221 germinatione
850 4163 1045 4205 exorsa
1098 4158 1263 4216 terra,
1317 4158 1375 4203 ut
1401 4148 1716 4205 Conditoris
1771 4150 1918 4221 leges

332 4254 603 4309 servaret,
638 4258 733 4313 per
774 4257 990 4298 omnem
1034 4241 1359 4297 accretionis
1404 4241 1643 4311 speciem
1692 4257 1916 4311 progre-

336 4337 511 4405 diens,
550 4336 831 4392 confestim
867 4337 1111 4405 germina
1151 4334 1373 4389 deduxit
1401 4337 1467 4388 ad
1491 4332 1909 4403 perfectionem.

2016 3146 2113 3215 τῆς
2140 3144 2234 3196 τοῦ
2257 3143 2493 3214 πονηροῦ
2520 3142 2870 3205 διδασκαλίας
2898 3140 3329 3211 διεφθαρμένων,
3364 3156 3615 3208 καταμια-

2015 3236 2258 3304 γνύντων
2302 3234 2359 3287 δὲ
2398 3236 2624 3298 ἑαυτοὺς
2658 3235 2770 3305 (θ)
2810 3234 2889 3305 τῷ
2931 3234 3224 3303 ὑγιαίνοντι
3262 3232 3475 3302 σώματι
3505 3234 3612 3303 τῆς

2028 3326 2375 3398 Ἐκκλησίας,
2438 3326 2505 3380 ἵν’
2558 3328 2622 3379 ὲκ
2671 3325 2765 3379 τοῦ
2807 3325 3048 3394 ἀφανοῦς
3087 3324 3186 3387 τὰς
3232 3326 3360 3394 παρ’
3396 3323 3614 3377 ἑαυτῶν

2018 3417 2220 3489 βλάϐας
2252 3419 2363 3479 τοῖς
2384 3416 2788 3488 ἀκεραιοτέροις
2818 3416 3149 3488 ἐμϐάλωσιν.
3186 3416 3325 3487 Ἤδη
3356 3415 3414 3467 δὲ
3445 3418 3473 3469 ό
3500 3416 3617 3469 Κύ-

2017 3527 2132 3581 ριος
2159 3510 2252 3563 καὶ
2283 3510 2381 3581 τὴν
2414 3509 2689 3563 τελείωσιν
2715 3508 2826 3562 τῶν
2855 3509 2935 3570 εἰς
2967 3509 3129 3563 αὐτὸν
3162 3508 3615 3561 πεπιστευκότων

2015 3607 2080 3675 τῇ
2115 3602 2221 3657 τῶν
2258 3603 2588 3675 σπερμάτων
2619 3602 2843 3673 αὐξήσει
2885 3602 3230 3672 παρεικάζει,
3260 3602 3435 3670 λέγων
3457 3617 3473 3633 ο
3516 3602 3616 3667 Ὡς

2017 3694 2163 3748 ὅταν
2215 3694 2526 3761 ἅνθρωπος
2571 3692 2739 3761 βάλῃ
2782 3693 2890 3755 τὸν
2925 3696 3160 3760 σπόρον
3202 3692 3300 3744 ἐπὶ
3328 3692 3441 3760 τῆς
3470 3691 3615 3761 γῆς,

2017 3787 2117 3841 καὶ
2162 3785 2445 3855 καθεύδῃ,
2492 3784 2592 3838 καὶ
2643 3785 2939 3854 ἐγείρηται
2979 3786 3171 3840 νύκτα
3219 3785 3316 3837 καὶ
3351 3784 3615 3852 τυιέραν,

2017 3880 2117 3933 καὶ
2155 3881 2189 3933 ὁ
2219 3879 2446 3945 σπόρος
2478 3877 2793 3947 ἐγείρηται,
2846 3877 2942 3930 καὶ
2979 3878 3337 3945 μηκύνηται,
3382 3877 3465 3941 ὡς
3497 3879 3617 3929 οὐκ

2016 3969 2182 4026 οἶδεν
2232 3971 2435 4036 αὐτός.
2488 3969 2803 4038 Αὐτομάτη
2851 3969 2961 4038 γὰρ
3015 3971 3054 4037 ἡ
3111 3969 3189 4038 τῆ
3239 3969 3622 4038 καρποφορεῖ

2018 4062 2253 4133 πρῶτον
2276 4063 2513 4132 χόρτον,
2548 4058 2675 4115 εἷτα
2712 4060 2970 4129 στάχυν,
3014 4057 3143 4114 εἶτα
3184 4062 3387 4133 πλήρη
3435 4062 3617 4116 σῖτον

2016 4136 2086 4209 ἔν
2120 4137 2199 4219 τῷ
2224 4153 2463 4222 στάχυϊ.
2492 4152 2902 4220 Βλαστησάτω
2926 4154 2963 4221 ἠ
2994 4152 3069 4221 τῆ
3087 4150 3381 4221 βοτάνην.
3418 4155 3530 4207 Καὶ
3557 4155 3617 4207 ἐν

2017 4246 2280 4317 ἀκαριαίᾳ.
2308 4246 2499 4315 χρόνου
2528 4247 2666 4315 ῥοπῇ
2701 4244 2809 4296 ἀπὸ
2823 4245 2924 4312 τῆς
2954 4243 3301 4314 βλαστήσεως
3322 4244 3615 4317 ἀρξαμένη

2020 4340 2053 4408 ἠ
2080 4340 2172 4410 γῆ,
2206 4339 2293 4390 ἵνα
2334 4335 2545 4406 φυλάξῃ
2574 4336 2700 4398 τοὺς
2727 4336 2923 4404 νόμους
2965 4334 3058 4386 τοῦ
3095 4335 3399 4401 κτίσαντος,
3428 4339 3615 4391 πᾶσαν

336 4428 512 4497 Atque
544 4438 695 4496 prata
724 4429 935 4497 quidem
966 4427 1075 4482 feni
1106 4428 1263 4495 c0pia
1314 4434 1471 4481 erant
1518 4427 1806 4495 depressa;
1840 4444 1902 4483 ac

2021 4434 2156 4486 ἰδέαν
2202 4428 2485 4500 αὐξήσεως
2526 4426 2890 4491 διεξελθοῦσα,
2932 4425 3093 4489 εὐθὺς
3139 4426 3274 4497 πρὸς
3312 4428 3373 4479 τὸ
3403 4428 3615 4482 τέλειον

410 4522 454 4551 ⁸⁸
482 4521 647 4575 Marc.
672 4537 747 4587 Iv,
778 4520 967 4575 26-28.

409 4616 521 4687 (57)
555 4614 685 4685 Reg.
711 4617 914 4684 primus
939 4624 993 4669 et
1037 4613 1188 4687 _Colb.
1220 4613 1487 4669 secundus
1515 4616 1647 4685 ἡμῖν
1689 4619 1911 4675 τελειω-

330 4683 518 4756 ’θῆναιζ
574 4683 770 4739 Ibidem
821 4687 989 4756 editio
1034 4683 1195 4756 Basil.
1258 4699 1379 4756 cum
1433 4683 1617 4756 multis
1660 4704 1789 4743 mss.
1818 4692 1905 4746 ἵνα

336 4752 418 4827 τό.
454 4755 900 4827 Abestarticulus
950 4757 1015 4809 ab
1049 4754 1290 4827 editione
1323 4752 1495 4827 Paris.
1554 4756 1663 4811 Hoc
1704 4760 1821 4827 ipso
1852 4763 1905 4817 in

339 4826 457 4880 loco
487 4825 636 4893 Regii
678 4835 861 4879 sextus
891 4833 946 4879 et
968 4835 1186 4878 octavus
1220 4823 1579 4878 διδασκάλων.
1608 4823 1745 4882 Εάὶιῖ
1784 4847 1907 4886 οιιιη

326 4897 657 4965 quibusdam
708 4895 826 4948 aliis
890 4910 1018 4948 mss.
1048 4893 1439 4965 διδασκαλεῖον,
1493 4909 1594 4949 ιιοη
1630 4898 1699 4949 ita
1735 4912 1901 4957 recte.

339 4964 451 5021 Hoc
480 4968 622 5020 enim
652 4980 843 5018 nomen
878 4966 1138 5025 scholam,
1168 4964 1351 5035 inqua
1377 4965 1631 5033 juventus
1657 4968 1903 5035 docetur,

336 5038 556 5159 groprie
590 5036 1085 5104 significatzqnam
1135 5034 1404 5087 notionem
1454 5035 1576 5087 huic
1635 5037 1751 5093 loco
1797 5034 1905 5096 non

379 5107 477 5159 elle
506 5107 795 5159 convenire
819 5104 1020 5159 vident.
1053 5111 1110 5157 ut
1134 5104 1345 5159 Opinor.
1370 5119 1579 5157 omnes.

379 5107 477 5159 elle
506 5107 795 5159 convenire
819 5104 1020 5166 vident,
1053 5111 1110 5157 ut
1134 5104 1345 5171 opinor,
1370 5119 1579 5157 omnes.

412 5176 523 5245 ('58)
549 5174 723 5229 Editio
752 5174 916 5227 Basil.
947 5189 1066 5245 cum
1114 5174 1297 5245 multis
1326 5189 1457 5227 mss.
1490 5175 1675 5245 φησίν,
1728 5176 1905 5234 Editio

341 5243 512 5300 Paris.
546 5246 729 5315 φασίν.
763 5245 979 5298 Monere
1022 5244 1174 5315 libet,
1226 5243 1376 5309 illud,
1404 5243 1587 5311 φασίν,
1621 5248 1904 5303 rarissime

341 5318 529 5389 le_gi_i_n_
558 5316 811 5389 antiquis
840 5314 1127 5389 mss_.,_sed
1165 5328 1379 5389 semper
1408 5315 1769 5389 [orereneriri
1800 5335 1905 5389 φη-

342 5384 415 5438 et;
451 5385 591 5439 Nihil
629 5384 804 5439 tamen
843 5384 1063 5452 impedit
1092 5385 1381 5454 quominus
1408 5384 1557 5447 illud,
1584 5386 1739 5456 φησι,
1773 5384 1902 5456 pos-

338 5458 411 5507 sit
441 5456 601 5521 verti,
657 5457 826 5519 aiunt,
860 5456 1124 5523 inquiunt,
1180 5469 1303 5507 cum
1362 5468 1468 5507 non
1530 5470 1653 5510 raro
1708 5471 1904 5511 nomen

337 5525 678 5578 collectivum
724 5527 793 5578 sit
838 5524 1365 5591 subintelligendum.
1402 5524 1640 5592 Exempli
1697 5541 1905 5582 causa:

343 5592 505 5645 Secta
537 5594 979 5661 philosophorum
1011 5596 1107 5657 ait,
1132 5606 1225 5646 aut
1258 5595 1426 5646 aiunt.
1454 5593 1606 5658 Quod
1642 5611 1762 5649 cum
1804 5613 1909 5650 non

343 5662 833 5715 animadverterent
895 5664 1130 5717 editores
1210 5662 1581 5727 Parisienses,
1665 5667 1912 5719 videntur

342 5729 511 5787 Marte
562 5733 781 5801 proprio
830 5743 1017 5789 contra
1081 5733 1411 5807 lidemgntss.
1468 5734 1630 5803 φησίν
1660 5736 1713 5792 iu
1750 5735 1912 5804 φασίν

908 5856 938 5863 ν.

2024 4615 2219 4686 saepius
2248 4620 2611 4686 perm,,_ta§se,
2658 4608 2872 4686 quoties
2915 4608 3165 4686 {idelicet
3200 4624 3392 4686 sensus
3420 4627 3617 4686 nume-

2024 4678 2144 4743 rum
2181 4678 2540 4737 multitudinis
2569 4678 2894 4747 postulabat.
2920 4680 2991 4733 De
3021 4680 3104 4733 his
3129 4681 3297 4733 semel
3329 4684 3617 4740 monuisse

2022 4759 2155 4816 satis
2208 4754 2297 4807 sit.
2360 4749 2596 4817 Tempus
2652 4748 2792 4801 male
2845 4747 3023 4803 locare
3076 4751 3511 4815 arbitraremur,
3564 4757 3613 4809 si

2024 4830 2280 4892 deinceps
2306 4820 2570 4875 editorum
2598 4826 2650 4872 et
2675 4818 2921 4873 codicum
2964 4834 3094 4873 mss.
3130 4820 3276 4892 eain
3314 4837 3371 4874 re
3402 4824 3617 4878 discre—

2030 4889 2267 4968 pantiam
2292 4897 2541 4968 accurate
2570 4898 2900 4954 notaremus,
2933 4903 3058 4942 cum
3098 4889 3227 4942 nihil
3257 4891 3474 4945 intersit
3502 4894 3614 4948 hoc

2023 4959 2089 5022 an
2123 4965 2209 5017 illo
2239 4960 2394 5015 modo
2420 4959 2645 5027 legatur.

2093 5034 2204 5106 (39)
2237 5031 2519 5106 §ic_mss.__
2534 5028 3019 5106 pleriqtieomnes:
3038 5028 3222 5106 Editio
3255 5029 3432 5085 Paris.
3462 5031 3615 5086 ἀπέ-

2011 5096 2134 5159 θετό
2171 5096 2449 5155 τοῦεῖναι.
2479 5096 2655 5152 Editio
2685 5097 2850 5150 Basil.
2884 5098 3120 5150 ἀπέθετο
3155 5096 3321 5152 εἶναι.

2084 5174 2198 5246 (40)
2224 5172 2294 5246 Ita
2328 5171 2566 5246 quinque
2599 5182 2727 5246 mss.
2764 5166 2908 5221 Editi
2938 5183 3065 5223 vero
3091 5169 3432 5246 On53c_xas€g._
3467 5170 3614 5246 _Am-

2011 5238 2228 5300 brdsius
2252 5238 2424 5294 sic’ad
2456 5238 2687 5309 verbum
2709 5239 3103 5309 interpretatur
3134 5256 3149 5293 :
3179 5240 3240 5293 Si
3278 5253 3367 5292 aut
3402 5241 3611 5309 frigore

2009 5319 2310 5368 adurantur
2339 5309 2443 5381 :_in
2470 5322 2575 5374 quo
2608 5308 2819 5361 videtur
2847 5308 3158 5377 ,Virgilium
3210 5311 3484 5376 imitatus,
3514 5312 3611 5381 qui

2009 5383 2235 5451 tGeorg.
2272 5379 2606 5451 scripserat,
2916 5450 2919 5451 ν
3115 5450 3122 5451 7
3535 5379 3551 5381 —
3606 5384 3617 5396 .

2164 5446 2265 5506 Ᾰιιι
2306 5448 2486 5500 Borea:
2510 5446 2825 5513 penetrabile
2853 5450 3021 5517 frigus
3054 5450 3268 5503 adurat.

2016 5523 2218 5577 Ibidem
2252 5520 2380 5585 Reg.
2413 5518 2617 5590 primus
2644 5518 2723 5590 εἰς
2756 5519 2973 5590 ἑτέραν.

2093 5592 2203 5662 (il)
2229 5584 2508 5662 Sic_ed_i_tio
2536 5584 2698 5662 Basil.
2719 5584 2861 5642 cum'
2881 5589 3062 5662 nniltis
3086 5605 3215 5662 mss.
3272 5589 3455 5662 Editio
3496 5590 3606 5646 Pa.

2025 5656 2120 5717 ris.
2159 5662 2223 5712 ἐκ
2252 5657 2366 5710 τοῦ.
2401 5656 2517 5708 Mox
2556 5656 2711 5710 Colb.
2759 5661 3027 5730 secnmlus
3064 5661 3249 5712 εἰκόνα
3284 5660 3458 5730 δηλοῖ.

2096 5730 2206 5802 (42)
2231 5729 2308 5784 Ita
2333 5736 2565 5797 quatuor
2589 5741 2719 5782 mss.
2755 5729 2892 5784 Editi
2917 5741 2970 5784 et
2999 5747 3134 5787 unus
3171 5746 3279 5791 ms.
3306 5729 3532 5799 αὐτούς.
3586 5734 3587 5737 “

1983 5804 2021 5821 φ

1980 5838 2060 5853 Ὧη..
