3850 6218
319 267 428 324 103

1455 292 1738 350 ΗΟΜΙῌΑ
1787 296 1829 351 ν
1870 295 1937 350 ΙΝ
1973 297 2470 363 ΗΕΧΑΕΜΕΒΟΝ.
2541 336 2545 340 η

3457 310 3574 366 406

314 383 494 493 :NEWS
512 386 607 493 ’τξι
650 387 1023 493 ςλαιστὴματα.
1067 400 1176 452 Καὶ
1207 401 1469 473 λειμῶνες
1516 410 1613 478 μὲν
1632 406 1772 481 ἦσαν
1812 411 1894 482 βα-

2008 413 2211 471 fertiles
2245 419 2443 486 campi,
2491 417 2762 487 segetibus
2793 417 3205 488 borrescentes,
3251 421 3427 493 pelagi
3474 421 3578 480 tiu-
3689 410 3692 412 ⁷

317 473 430 538 θεῖς
475 479 540 548 τῇ
571 480 800 553 ἀφθονίᾳ
846 485 940 538 τοῦ
980 489 1194 560 χόρτου,
1239 493 1344 547 τῶν
1376 497 1431 550 δὲ
1466 473 1667 554 πεδίων
1699 502 1768 555 τὰ
1810 473 1897 555 εῦ-

317 582 508 662 καρπα
549 570 845 640 φρίσσοντα
890 581 1002 641 τοῖς
1041 580 1213 650 ληίοις
1248 583 1381 656 (45),
1417 588 1600 642 είκόνα
1627 591 1897 659 πελάγους
1927 657 1930 662 _

315 659 672 729 κυμαίνοντος
708 664 766 717 ὲν
808 670 874 739 τῇ
902 672 1111 742 κινήσει
1149 675 1259 729 τῶν
1307 677 1592 751 ἀσταχύων
1623 682 1893 748 ἀπέσωζε.

317 750 475 804 Πᾶσα
507 752 561 806 δὲ
594 753 790 829 βοτάνη
821 762 914 814 καὶ
942 765 1050 817 πᾶν
1078 765 1384 841 λαχανηρὸν
1422 750 1598 840 γένος,
1634 774 1728 827 καὶ
1771 776 1824 829 εί
1845 794 1898 829 τι

318 843 378 894 ἐν
426 845 743 915 φρυγάνοις,
802 854 894 906 καὶ
939 854 995 906 εί
1046 873 1100 910 τι
1139 861 1196 911 ἐν
1231 861 1494 933 ὀσπρίοις,
1534 865 1676 919 κατά
1721 870 1899 924 πᾶσαν

315 934 580 1031 ἀφθονίαν
625 940 748 1031 τότε
802 945 902 1014 τῆς
943 947 1046 1018 γῆς
1096 951 1402 1022 ὑπερεῖχεν.
1439 955 1572 1010 Οὐδὲ
1617 957 1725 1031 γὰρ
1765 961 1900 1014 ἀπό-

315 1027 531 1122 τεέδγμά
561 1045 615 1081 τι
650 1025 718 1101 ἦν
752 1031 810 1086 ἐν
842 1037 956 1099 τοῖς
984 1038 1103 1090 τότε
1130 1041 1530 1113 προϐληθείσιν,
1570 1025 1707 1101 οὔτε-
1729 1067 1902 1122 γεωρ-

317 1116 434 1185 γῶν
476 1119 752 1192 ἀπειρίας,
808 1124 931 1180 οὔτε
975 1129 1152 1200 ἀέρων
1199 1132 1547 1206 δυσκρασίας,
1589 1139 1713 1194 οὔτε
1741 1116 1902 1207 Ἵτινδς

314 1209 698 1306 ⁸αίτίας
731 1220 848 1306 τοῖς
885 1221 1188 1291 γινομένοις
1225 1223 1645 1301 λυμαινομένης.
1693 1232 1766 1285 Ού
1797 1232 1902 1306 μὴν

313 1300 440 1394 0—663:
584 1304 848 1377 καταδίκη
899 1309 1173 1376 ὲνεπόδιζε
1231 1319 1298 1386 τῇ
1352 1300 1589 1392 εὐθηνίαν
1629 1321 1730 1392 τῆς

318 1391 673 1484 ξΙρεσὸύτερα
703 1398 812 1468 γὰρ
837 1398 1006 1453 ταῦτα
1029 1404 1128 1475 τῆς
1161 1406 1451 1479 ἁμαρτίας,
1476 1391 1633 1481 δι’ίῆν
1657 1391 1906 1484 κατεκρί-

317 1481 496 1551 θημεν
554 1485 614 1537 ἐν
658 1486 843 1558 ἱδρῶτι
887 1488 982 1544 τοῦ
1029 1494 1321 1565 προσώπου
1372 1499 1527 1570 ήμῶν
1576 1501 1776 1554 ἐσθίειν
1814 1481 1904 1557 τὸν

321 1572 510 1643 ἄρτον.

390 1667 443 1719 6.
493 1667 653 1722 Ἀλλά
687 1670 798 1725 Kal
843 1673 1036 1738 ξύλον
1083 1677 1405 1750 κάρπιμον,
1477 1685 1630 1756 φησὶ,
1689 1688 1905 1743 ποιοῦν

317 1757 569 1825 καρπόν,
596 1757 668 1817 οὗ
697 1761 764 1815 τὸ
793 1763 1033 1836 σπέρμα
1061 1769 1250 1824 αὐτοῦ
1270 1771 1340 1824 ἐν
1362 1772 1523 1839 αὐτῷ
1549 1776 1699 1829 κατὰ
1728 1777 1902 1847 γένος
1932 1767 1976 1822 Β

317 1850 416 1903 καί
459 1853 590 1906 καθ’
634 1855 947 1924 ὁμοιότητα
979 1858 1080 1913 ἐπὶ
1127 1859 1238 1930 τῆς
1276 1861 1407 1933 τῆς.
1465 1865 1589 1919 Ἐπὶ
1622 1867 1796 1939 τούτῳ
1825 1869 1904 1940 τῷ

317 1941 524 2011 ῥήματι
567 1945 738 1998 πᾶσαι
767 1946 866 2016 μὲν
900 1948 1097 2020 λόχμαι
1125 1954 1560 2011 κατεπυκνοῦντο
1579 1975 1594 1988 ο
1634 1959 1816 2014 πάντα
1845 1960 1904 2015 δὲ

315 2031 575 2121 ἀνέτρεχε
618 2035 834 2110 δένδρα,
881 2041 951 2094 τά
984 2060 1045 2096 τε
1090 2044 1227 2116 πρὸς
1275 2049 1538 2120 μήκιστον
1588 2049 1722 2121 ὕψος
1759 2053 1905 2106 διαν-

318 2119 570 2214 ίστασθαι
609 2126 721 2197 (44)
767 2132 1068 2201 πεφυκότα,
1114 2135 1301 2190 ἐλάται
1327 2119 1422 2192 καὶ
1442 2119 1646 2214 κέδροι,
1680 2143 1776 2196 καὶ
1808 2161 1903 2196 κυ-

315 2213 597 2284 πάρισσοι,
633 2219 726 2272 καὶ
757 2221 959 2276 πεῦκαι
979 2239 993 2254 ·
1031 2224 1231 2292 πάντες
1264 2227 1321 2281 δὲ
1351 2213 1549 2302 θάμνοι
1575 2231 1737 2296 εὐθὺς
1765 2227 1902 2304 ἦσαν

317 2306 630 2380 ἀμφίκομοι
675 2312 770 2364 καὶ
823 2313 1038 2380 δασεῖςο
1082 2318 1176 2371 καὶ
1206 2319 1275 2373 τά
1311 2325 1762 2395 στεφανωματικὰ
1813 2326 1902 2379 λε-

315 2397 525 2467 γόμενα
545 2399 655 2454 τῶν
683 2404 883 2471 φυτῶν,
910 2407 972 2459 αἲ
987 2425 1046 2460 τε
1069 2409 1357 2479 ρωδωνιαὶ,
1383 2414 1477 2466 καὶ
1504 2416 1784 2487 μυρσίναι,
1805 2420 1902 2473 καὶ

311 2489 533 2559 δάφναι,
569 2494 746 2549 πάντα
793 2498 851 2549 ὲν
894 2499 994 2571 μία
1032 2502 1224 2573 καιροῦ
1261 2505 1424 2576 ῥοπῇ,
1478 2507 1579 2561 οὐκ
1611 2507 1742 2564 ὄντα
1771 2513 1905 2585 πρό-

311 2597 474 2674 τερον
520 2584 658 2656 ὑπὲρ
686 2587 784 2658 τῆς
813 2589 937 2658 γῆς,
972 2592 1053 2656 εἰς
1080 2593 1140 2646 τὺ
1175 2590 1310 2648 εἶναι
1339 2596 1586 2668 παρῆλθε
1615 2599 1728 2673 (45)
1767 2584 1905 2674 μετά

314 2671 418 2742 τῆς
443 2675 647 2739 οἰκείας
667 2677 896 2734 ἕκαστον
922 2682 1202 2756 ίδιότητος,
1222 2671 1648 2758 ἐναργεστάταις
1673 2671 1904 2764 μὲν-δια-

316 2768 514 2857 φοραῖς
543 2768 652 2822 ἀπὸ
693 2771 802 2825 τῶν
831 2774 1163 2846 ἑτερογενῶν
1211 2781 1573 2852 χωριζόμενα,
1619 2787 1804 2857 οἰκείῳ
1846 2787 1902 2841 δὲ

313 2853 546 2948 ξκαστον
567 2861 964 2934 γνωριζόμενον
992 2870 1320 2942 χαρακτῆρι.
1348 2873 1498 2944 Πλήν
1535 2892 1598 2944 γε
1624 2876 1705 2930 δτι
1731 2853 1791 2931 τδ
1812 2879 1904 2948 ρό-

313 2945 408 3036 δον
448 2947 558 3017 (46)
591 2950 712 3004 τότε
741 2951 869 3006 ἀνευ
904 2955 1145 3028 ἀκάνθης
1168 2954 1258 3030 ἦν,
1286 2959 1510 3034 ὕστερον
1529 2965 1586 3018 δὲ
1617 2965 1694 3036 τῷ
1718 2945 1904 3020 κάλλει

313 3035 412 3089 τοῦ
453 3037 647 3103 ἄνθους
696 3041 729 3112 ἡ
773 3043 984 3098 ἄκανθα
1033 3047 1405 3121 παρεζεύχθη,
1442 3051 1532 3106 ἵνα.
1575 3035 1900 3126 τῷίτερπνῷ

313 3129 418 3197 τῆς
453 3130 806 3198 ἀπολαύσεως
849 3135 1080 3204 ἐγγύθεν
1111 3138 1325 3211 ἔχωμεν
1358 3143 1770 3216 παρακειμένην
1799 3146 1898 3218 τὴν

312 3221 514 3292 λύπην,
550 3227 889 3296 μεμνημένοι
922 3229 1019 3300 τῆς
1039 3230 1332 3302 ἁμαρτίας,
1361 3233 1430 3287 δι’
1446 3235 1510 3306 ἢν
1537 3236 1776 3301 ἀκάνθας
1805 3241 1899 3292 καὶ

310 3315 597 3385 τριϐόλους
628 3319 759 3388 ἡμῖν
785 3321 1097 3376 ἀνατέλλειν
1138 3325 1498 3398 κατεδικάσθη
1537 3329 1570 3398 ή
1604 3330 1698 3401 γῆ.
1739 3330 1898 3384 Ἀλλά

313 3408 680 3480 προσετάχθη,
725 3413 878 3482 φησὶ,
920 3412 1120 3468 Ξύλον
1157 3415 1474 3487 κάρπιμον,
1511 3421 1726 3476 ποιοῦν
1767 3440 1898 3492 καρ-

312 3500 435 3552 πὸν
462 3499 562 3553 ἐπὶ
597 3501 710 3570 τῆς
741 3503 874 3572 γῆς,
905 3501 978 3561 οὗ
1010 3504 1077 3559 τὸ
1107 3507 1346 3577 σπέρμα
1375 3511 1563 3565 αὐτοῦ
1608 3512 1677 3566 ἐν
1714 3513 1891 3581 αὐτῷ,

312 3589 564 3645 ἐκδοῦναι
605 3595 638 3664 ἡ
679 3595 784 3666 γῆ·
817 3596 986 3650 πολλά
1025 3597 1083 3650 δὲ
1109 3598 1220 3653 τῶν
1255 3600 1484 3672 δένδρων
1529 3604 1744 3674 ὁρῶμεν
1771 3605 1894 3660 οὔτε

313 3686 546 3753 καρποῖς
577 3683 698 3738 οὔτε
723 3686 995 3758 σπέρματι
1035 3689 1146 3759 (47)
1176 3693 1503 3765 κεχρημένα.
1533 3696 1597 3747 Τί
1621 3692 1711 3750 οῦν
1742 3697 1896 3769 ἐροῦ-

315 3791 420 3844 μεν
444 3793 458 3840 ;
497 3775 620 3829 Ὅτι
644 3778 712 3831 τά
739 3778 1041 3852 τιμιώτερα
1066 3783 1132 3852 τῇ
1172 3783 1331 3852 φύσει
1357 3789 1773 3860 προηγουμένης
1799 3791 1896 3862 τῆς

317 3867 539 3938 μνήμης
575 3869 875 3940 τετύχηκεν
898 3889 912 3902 ·
964 3873 1176 3937 ἔπειτα,
1224 3876 1305 3930 ὅτι
1336 3878 1581 3950 ἀκριϐῶς
1609 3880 1898 3954 θεωροῦντι

313 3957 412 4010 καὶ
441 3954 617 4012 πάντα
647 3963 945 4032 φανήσεται
991 3964 1023 4036 ἢ
1082 3965 1356 4037 σπέρματι
1399 3973 1793 4045 κεχρημένα,ἢ
1829 3975 1898 4030 τά

315 4047 737 4141 ἰσοδυναμοῦντα
769 4056 881 4116 τοῖς
924 4056 1231 4127 σπέρμασιν
1262 4059 1470 4129 ἔχοντα.
1505 4062 1749 4137 Αίγειροι
1787 4068 1895 4141 γὰρ

309 4134 413 4191 καὶ
438 4135 595 4204 ἰτέαι,
628 4138 718 4193 καὶ
743 4141 988 4210 πτελέαι,
1023 4145 1117 4199 καὶ
1144 4145 1353 4214 λεῦκαι,
1389 4150 1484 4203 καὶ
1520 4152 1619 4205 ὅσα
1643 4134 1888 4225 τοιαῦτα,

387 4321 434 4354 "
455 4319 593 4378 Gen.
622 4337 706 4390 ιιι,
733 4323 820 4380 19.
898 4325 943 4358 ⁸⁸
969 4325 1105 4382 Gen.
1144 4343 1186 4393 ι,
1221 4328 1309 4384 Η.
1386 4330 1430 4364 ⁸⁸
1456 4331 1592 4390 Gen.
1617 4352 1701 4404 ιιι,
1729 4337 1824 4394 18.

2000 509 2232 564 ctuantis
2257 509 2546 580 imaginem
2574 527 2670 580 per
2695 511 2968 580 spicarum
2993 522 3195 568 motum
3222 523 3578 582 repraesenta-

1999 604 2166 652 runt.
2189 597 2378 652 Omnis
2407 608 2587 652 autem
2631 598 2821 664 herba,
2847 614 2911 653 ac
2945 613 3104 653 omne
3133 598 3440 654 oleraceum
3478 615 3575 670 ge-

1999 703 2124 752 nus,
2147 697 2197 742 et
2233 689 2279 744 si
2309 689 2434 758 quid
2463 691 2516 744 in
2551 690 2836 747 fruticibus
2883 701 2978 746 aut
3021 691 3074 746 in
3104 690 3466 761 leguminibus
3492 706 3578 746 re-
3603 731 3612 736 -

2000 781 2231 848 peritur,
2263 783 2411 836 omni
2447 797 2568 837 cum
2595 783 2843 838 ubertate
2868 793 2995 838 tunc
3025 798 3188 852 supra
3210 793 3412 837 terram
3445 782 3580 837 emi-

2002 869 2183 926 cabat.
2221 870 2408 943 Neque
2448 873 2592 927 enim
2641 871 2828 928 infelix
2857 873 2998 930 ullus
3031 889 3318 930 successus
3349 874 3417 928 iis
3445 887 3567 942 qua:

2004 968 2132 1014 tunc
2166 963 2626 1029 producebantur,
2662 973 2781 1017 erat
2829 962 3291 1028 extimescendus,
3325 977 3448 1018 cum
3480 977 3580 1017 ne-

2003 1066 2108 1121 que
2137 1053 2493 1123 agricolarum
2515 1055 2808 1123 imperitia,
2833 1069 3010 1126 neque
3030 1055 3177 1110 aeris
3204 1053 3575 1122 intemperies,

2004 1157 2179 1211 neque
2211 1143 2314 1198 alia
2361 1143 2467 1199 ulla
2510 1159 2675 1200 causa
2714 1143 2880 1200 rebus
2929 1145 3281 1201 nascentibus
3333 1155 3573 1199 noceret.

2004 1231 2203 1288 Verum
2229 1235 2372 1290 enim
2397 1249 2526 1290 vero
2553 1236 2950 1291 damnatorium
2980 1234 3241 1306 judicium
3272 1243 3385 1290 tum
3412 1235 3579 1303 impe-

2005 1325 2245 1380 dimento
2289 1342 2396 1381 non
2434 1335 2555 1381 erat
2595 1327 2805 1382 telluris
2849 1328 3146 1382 fertilitati.
3188 1326 3383 1382 Isthsec
3423 1327 3576 1382 enim

2007 1418 2314 1486 antiquiora
2345 1427 2470 1472 sunt
2493 1429 2739 1488 peccato,
2775 1419 2930 1488 cujus
2953 1419 3127 1486 gratia
3163 1419 3232 1474 ad
3255 1418 3361 1474 hoe
3387 1429 3576 1474 sumus

2005 1507 2269 1574 damnati,
2298 1517 2354 1562 ut
2377 1523 2570 1578 panem
2613 1510 2665 1564 in
2690 1511 2885 1565 sudore
2909 1511 3082 1566 nostri
3107 1509 3290 1566 vultus
3317 1510 3570 1566 comeda-

2004 1613 2125 1653 mus
2148 1599 2217 1654 ετ.

2075 1687 2132 1742 6.
2173 1689 2279 1744 Sed
2315 1689 2379 1743 Et
2408 1690 2605 1760 lignum
2629 1691 2982 1762 fructiferum,
3006 1692 3204 1763 inquit,
3240 1691 3439 1761 faciens
3458 1690 3575 1760 fru-

2005 1791 2165 1843 ctum,
2195 1781 2346 1850 cujus
2368 1798 2537 1836 semen
2557 1783 2668 1852 ejus
2692 1785 2759 1838 sit
2783 1785 2839 1838 in
2862 1785 2977 1854 ipso
3012 1786 3298 1841 secundum
3337 1799 3497 1854 genus
3526 1791 3575 1836 et

2005 1873 2289 1925 secundum
2323 1873 2726 1928 similitudinem
2773 1891 2944 1943 super,
2977 1887 3172 1929 terram
3197 1875 3263 1929 ⁸⁸.
3295 1874 3440 1930 Sane
3474 1876 3575 1929 hoc

2006 1966 2170 2019 verbo
2199 1966 2567 2021 densabantur
2592 1982 2810 2022 nemora
2838 1967 3016 2022 omnia
3035 1986 3050 2034 ;
3069 1981 3369 2037 omnesque
3394 1981 3576 2022 emer-

2005 2069 2126 2109 sere
2156 2057 2398 2118 arbores,
2428 2072 2545 2125 quae
2583 2057 2790 2113 scilicet
2841 2058 3298 2129 inlongissimam
3332 2058 3576 2112 altitudi-

2006 2162 2127 2201 nem
2165 2161 2460 2216 exsmgere
2489 2147 2685 2210 solent,
2727 2149 2953 2215 abietes,
3002 2151 3170 2215 cedri,
3203 2149 3471 2220 cupressi,
3498 2149 3573 2218 pi-

2006 2251 2153 2289 ceae:
2183 2237 2333 2303 item,
2367 2238 2588 2293 frutices
2617 2255 2806 2295 omnes
2842 2240 2990 2298 illico
3038 2243 3236 2297 comati
3293 2241 3492 2298 ﬁebant
3521 2249 3578 2294 et

2005 2325 2184 2382 densi.
2223 2327 2482 2384 Prodiere
2527 2331 2692 2384 etiam
2739 2331 2936 2400 planta:
2969 2347 3087 2402 quae
3123 2333 3375 2386 dicuntur
3413 2346 3573 2386 coro-

2005 2420 2193 2486 narite,
2231 2429 2432 2485 roseta,
2488 2423 2646 2492 myrti
2687 2433 2743 2476 et
2778 2424 2944 2479 lauri.
3008 2423 3201 2479 Omnia
3269 2438 3388 2492 qum
3427 2422 3576 2493 prius

2003 2526 2166 2580 super
2188 2521 2387 2567 terram
2422 2529 2529 2568 non
2565 2515 2876 2582 exstabant,
2907 2516 2962 2570 in
2999 2531 3106 2570 uno
3151 2517 3407 2585 temporis
3438 2529 3574 2585 pun-

2003 2613 2093 2658 cto
2137 2617 2202 2658 eo
2249 2605 2515 2661 devenere
2566 2614 2625 2659 ut
2664 2615 2867 2675 essent,
2901 2623 3022 2662 cum
3052 2623 3147 2662 sua
3182 2621 3407 2677 quaeque
3443 2621 3571 2674 pro-

2003 2694 2253 2763 prietate,
2292 2694 2745 2752 manifestissimis
2770 2698 2985 2766 quidem
3012 2695 3119 2768 45
3153 2696 3470 2752 differentiis
3504 2696 3573 2749 ab

2006 2784 2070 2839 iis
2105 2799 2228 2855 qua:
2268 2785 2468 2840 diversi
2514 2788 2731 2856 generis
2777 2797 2924 2854 sunt,
2957 2789 3215 2852 discreta,
3246 2787 3454 2859 singula
3497 2797 3576 2842 ta-

2003 2892 2126 2932 men
2159 2878 2375 2948 preprio
2405 2879 2724 2934 charactere
2757 2880 3036 2950 insignita.
3071 2881 3268 2936 Verum
3299 2897 3419 2936 rosa
3448 2891 3576 2936 tunc

2002 2968 2125 3024 sine
2176 2970 2331 3038 spina
2365 2979 2502 3035 erat,
2563 2981 2748 3038 postea
2800 2986 2930 3028 vero
2975 2971 3127 3028 floris
3182 2973 3575 3041 pulchritudini

2003 3061 2102 3116 fuit
2125 3063 2274 3132 spina
2304 3060 2578 3131 adjuncta,
2610 3073 2666 3118 ut
2695 3063 2938 3120 fruendae
2970 3063 3230 3135 voluptati
3255 3063 3395 3119 foret
3418 3063 3576 3119 dolor

2003 3155 2308 3226 contiguus,
2339 3156 2465 3212 dum
2518 3157 2932 3211 recordaremur
2973 3156 3201 3226 peccati,
3225 3154 3378 3224 cujus
3406 3171 3572 3211 causa

2000 3231 2202 3302 ad'hoc
2240 3248 2493 3302 damnata
2543 3256 2686 3301 terra
2718 3257 2824 3312 est,
2858 3256 2917 3302 ut
2951 3247 3114 3306 nobis
3147 3247 3333 3316 spinas
3362 3245 3571 3316 profer-

1998 3349 2081 3395 ret
2111 3349 2272 3408 atque
2304 3339 2530 3394 tribulos
2552 3341 2617 3393 “.
2653 3340 2785 3406 Sed,
2819 3340 3090 3410 inquiunt,
3121 3338 3275 3408 jussa
3308 3347 3394 3392 est
3423 3347 3568 3391 terra

1995 3429 2296 3500 producere
2337 3429 2560 3500 Lignum
2590 3430 2946 3500 fructiferum,
2976 3429 3190 3498 faciens.
3219 3429 3448 3498 fructum
3478 3444 3569 3482 su-

1994 3539 2086 3592 per
2121 3532 2338 3589 terram,
2371 3525 2523 3590 cujus
2568 3540 2741 3577 semen
2776 3524 2890 3592 ejus
2926 3524 2994 3576 sit
3029 3525 3083 3577 in
3113 3523 3265 3590 ipso;
3293 3530 3347 3576 et
3375 3530 3557 3575 tamen

1995 3613 2298 3682 complures
2335 3616 2561 3669 arbores
2601 3616 2896 3678 cernimus,
2937 3630 3111 3682 neque
3152 3614 3438 3678 fructibus,
3468 3627 3566 3666 ne-

1994 3718 2098 3774 que
2131 3705 2428 3758 seminibus
2471 3706 2744 3772 praeditas.
2773 3705 2912 3771 Quid
2939 3720 3068 3775 ergo
3099 3704 3294 3758 dicturi
3339 3701 3566 3758 sumus?

1996 3794 2150 3860 Quod
2181 3809 2266 3848 res
2294 3809 2415 3863 qua:
2455 3805 2645 3847 natura
2696 3804 2975 3862 praestant,
3005 3793 3258 3863 primaria
3291 3792 3565 3848 mentione

1997 3887 2229 3956 dignata:
2256 3896 2421 3940 sunt:
2457 3886 2669 3951 deinde,
2701 3885 2842 3953 quod
2885 3895 3141 3939 accurate
3186 3882 3574 3940 consideranti.

1997 3978 2282 4041 constabit,
2323 3987 2417 4032 aut
2461 3977 2639 4033 omnia
2691 3993 2874 4032 semen
2914 3977 3076 4043 ferre,
3109 3984 3201 4031 aut
3234 3975 3340 4029 vim
3373 3991 3570 4045 quam—

1996 4071 2117 4124 dam
2145 4069 2442 4124 seminibus
2465 4069 2725 4137 aequalem
2757 4069 2975 4124 habere.
3001 4067 3133 4122 Nam
3153 4068 3334 4138 populi
3368 4069 3556 4136 nigrae,

2000 4160 2212 4228 salices,
2247 4160 2398 4228 ulmi,
2421 4161 2554 4216 albae
2580 4160 2784 4231 populi,
2813 4169 2868 4216 et
2901 4160 3018 4216 alia:
3049 4159 3288 4231 ejusdem
3321 4160 3584 4231 generis,

385 4523 498 4595 (43)
527 4524 984 4607 Golb:_set:_undu_s
1022 4530 1426 4607 βρίθοντα-τοϊς
1463 4535 1654 4607 ληίοις,
1694 4537 1885 4606 segeti-

2002 4539 2204 4596 locutus
2239 4549 2318 4594 est
2341 4539 2573 4596 Basilius
2601 4539 2666 4594 de
2704 4539 2829 4594 altis
2865 4540 3172 4605 arboribus,
3198 4541 3410 4595 'statim
3477 4541 3552 4595 lo.

313 4597 414 4647 bus
439 4598 632 4651 onusti.
661 4597 813 4651 Haud
867 4597 1033 4654 mala'
1055 4597 1234 4658 lectio.
1279 4597 1421 4658 Editi
1457 4597 1576 4659 cu'm
1605 4597 1726 4661 aliis
1752 4597 1883 4663 inss.

315 4664 639 4746 φρίσσοντα,
685 4667 1063 4726 horrescentes.
1123 4672 1215 4729 Sic
1264 4673 1521 4746 Virgilius
1561 4690 1622 4730 nt
1667 4673 1883 4745 Georg.,

311 4736 385 4815 ἒξ)
429 4749 443 4786 :
495 4734 819 4815 [ignescunt
869 4734 1394 4815 segetes_et___campi'.
1450 4744 1530 4798 Ad
1582 4734 1880 4814 marginem

313 4805 455 4881 Reg_.
485 4805 644 4881 primi
680 4806 734 4859 in
769 4805 983 4881 modum
1013 4811 1201 4866 scholii
1223 4805 1465 4881 apposita
1493 4823 1622 4868 sunt
1653 4805 1742 4867 ΗΕ
1771 4832 1784 4867 :
1817 4817 1885 4869 ‘H

312 4873 753 4955 φρίξις,λέγεκεειι
798 4879 830 4947 ἡ
879 4878 1173 4955 ἀνάστασις
1235 4873 1343 4955 καί
1390 4885 1424 4954 ἡ
1478 4884 1748 4955 πυκνότης
1778 4885 1889 4940 τῶν

311 4943 628 5025 ἀσταχύωνλ
663 4943 869 5001 Horror
919 4950 1116 5006 dicitur
1154 4943 1380 5023 agitatio
1411 4943 1598 5024 'atqtte
1653 4943 1883 5010 densitas

312 5030 604 5079 spicarum.

391 5082 500 5162 (44)
560 5083 697 5162 R_eg._
728 5085 959 5162 quintus_
999 5087 1133 5159 ὕψος
1186 5090 1533 5162 ἀνίστασθαι.
1562 5091 1679 5148 Mox
1717 5094 1881 5150 editio

312 5152 497 5227 Paris.
519 5155 615 5227 καὶ
643 5152 711 5209 τὰ
737 5152 990 5211 ταπεινά·
1018 5152 1217 5224 πάντες
1241 5161 1330 5213 δέ’
1363 5164 1456 5217 sed
1484 5161 1632 5227 illud,
1665 5162 1749 5221 τὰ,
1781 5181 1880 5218 τα-

315 5222 503 5287 πεινά,
530 5225 867 5282 desideratur
895 5230 947 5280 in
987 5222 1225 5285 editione
1258 5232 1420 5287 Basil.
1442 5240 1498 5285 et
1523 5231 1576 5286 in
1607 5222 1729 5288 octo
1743 5249 1876 5289 mss.

314 5293 482 5372 Coisl.
524 5296 786 5372 Vtetuslior
832 5297 1046 5372 πεῦκαι
1077 5300 1172 5354 καὶ
1205 5301 1406 5365 πάντες
1447 5299 1505 5372 δὲ
1555 5299 1784 5372 θάμνοι·
1825 5314 1882 5358 at

317 5362 580 5440 particula
612 5365 706 5418 καί
734 5367 886 5440 deest
913 5370 966 5440 in
1001 5370 1120 5424 aliis
1143 5386 1271 5426 mss.
1305 5362 1654 5440 Suspicamur
1700 5382 1877 5426 autem

317 5432 570 5510 illud,_1:&
592 5437 842 5510 ταπεινά,
867 5438 1106 5493 additum
1137 5440 1302 5494 fuisse
1328 5456 1357 5494 a
1384 5432 1760 5510 tjtpograpbis,
1789 5453 1881 5497 aut

318 5501 685 5581 Ei‘qlll-l‘idllSVi-S!
724 5519 790 5562 eo
828 5510 1075 5581 consilio,
1118 5519 1177 5562 ut
1225 5501 1782 5578 alititliesis'qumdam
1824 5515 1877 5566 in

317 5570 502 5651 Basilii
540 5575 718 5629 verbis
744 5570 1072 5651 reperiretur
1099 5599 1112 5634 :
1143 5581 1236 5634 sed
1269 5570 1875 5651 propterea-quidquam

319 5641 445 5718 addi
481 5657 705 5699 necesse
729 5641 836 5701 non
866 5646 988 5713 fuit,
1019 5663 1139 5702 cum
1173 5641 1287 5704 sine
1318 5641 1761 5718 ullagaeces'sione
1787 5667 1876 5705 sa-

320 5716 390 5763 tis
415 5724 677 5782 superque
694 5719 980 5785 conspicua
1003 5719 1070 5776 sit
1094 5719 1394 5776 antithesis.
1421 5716 1708 5790 Postquam
1731 5723 1872 5777 enim

1993 4613 2175 4679 quitur
2197 4611 2263 4682 de
2287 4609 2484 4682 plantis
2516 4610 2838 4682 coronariis,
2885 4625 3111 4682 quarum
3142 4611 3410 4682 plerisque
3444 4611 3557 4665 fere

1991 4688 2189 4747 repunt
2237 4679 2410 4735 humi.
2460 4680 2874 4735 Animadvertas
2907 4679 3092 4736 Vvelim
3143 4679 3303 4745 illud,
3323 4679 3412 4735 ’τὰ
3458 4697 3555 4735 τας

1993 4749 2173 4814 πεινά,
2198 4765 2225 4804 a
2255 4751 2420 4805 veteri
2462 4750 2756 4818 interprete
2786 4751 3026 4818 agnitum
3059 4766 3164 4806 non
3197 4750 3382 4804 fuisse.

2063 4820 2176 4889 (45)
2214 4819 2348 4888 Reg.
2378 4831 2564 4874 sextus
2585 4819 2883 4888 παρῆλθον.
2911 4819 3056 4889 Editi
3103 4835 3224 4874 cum
3255 4820 3374 4875 aliis
3420 4836 3549 4877 mss.

1992 4885 2258 4962 παρῆλθε.
2290 4885 2422 4962 Reg.
2462 4885 2755 4952 tertius—si;
2791 4889 2853 4942 τὸ
2884 4885 3023 4943 εἶναι
3059 4889 3331 4962 παρήχθη.
3360 4890 3550 4962 Statim

1991 4959 2119 5031 editi
2151 4973 2271 5031 cum
2305 4959 2479 5031 tribus
2507 4968 2599 5012 aut
2628 4968 2862 5028 quatuor
2894 4974 3022 5015 mss.
3056 4959 3411 5031 χαριζόμενά.
3443 4961 3549 5014 Rc-

1989 5028 2063 5097 gii
2093 5028 2321 5100 primus.
2348 5029 2570 5098 quintus
2594 5038 2671 5100 (et
2713 5038 2940 5086 octavus
2970 5028 3091 5086 cum
3131 5028 3286 5086 Colb.
3313 5031 3574 5086 secundo.

1985 5096 2054 5168 χα
2096 5096 2383 5167 ιζόμενονξ
2594 5097 2597 5100 ’

2017 5238 2028 5249 _
2197 5168 2318 5220 Ὅτι
2339 5165 2409 5248 τὸ
2424 5166 2636 5249 ῥόδον.
2675 5167 2900 5249 Secutus
2917 5177 3006 5249 _est_
3033 5167 3292 5249 _Basili_um
3313 5166 3549 5249 Ambro-

1985 5237 2099 5292 sius
2119 5237 2212 5292 lib.
2240 5239 2388 5292 min
2415 5237 2694 5303 lienem,
2730 5253 2848 5306 cap.
2873 5239 2960 5292 11.
2993 5239 3134 5294 Idem
3174 5238 3547 5306 docetAugu-

1983 5307 2161 5364 Minus
2204 5321 2418 5376 quoque
2459 5308 2552 5362 lib.
2590 5323 2604 5361 I
2643 5307 2716 5360 De
2743 5306 2930 5362 Genesi
2981 5319 3162 5362 contra
3201 5305 3541 5372 Manio/unos,

1986 5393 2105 5446 cap.
2156 5377 2241 5430 l5.
2268 5376 2387 5446 Sed
2413 5386 2620 5444 postea,
2668 5386 2721 5430 ut
2783 5387 2934 5431 notat
2971 5376 3217 5440 Ducteus,
3261 5376 3436 5431 lib.m
3471 5377 3546 5428 De

1988 5446 2178 5501 Genesi
2250 5447 2320 5501 ad
2370 5445 2626 5513 litteram,
2680 5459 2800 5515 cap.
2859 5447 2946 5511 18,
3006 5447 3328 5503 sententiam
3373 5456 3547 5499 muta-

1988 5522 2084 5570 vit.

2054 5583 2168 5656 (47)
2202 5584 2352 5642 Colb.
2407 5585 2676 5641 secundus
2708 5581 2830 5656 οὔτε
2897 5587 3206 5656 σπέρμασι.
3249 5584 3539 5656 Aliquanto

1983 5667 2106 5722 post
2149 5654 2300 5713 idem
2365 5659 2537 5712 codex
2594 5671 2714 5711 cum
2778 5654 2913 5722 Reg.
2978 5654 3129 5712 Sesto
3183 5655 3214 5725 ἢ
3267 5654 3545 5724 σπέρμασι

1983 5741 2135 5788 κεχρ.
