3850 6218
327 331 434 391 10⁸1

1669 324 1729 381 s.
1771 303 2014 379 BASiLH
2052 321 2272 377 mam

3507 316 3626 376 1'08

326 451 573 512 ﬂuctum
619 449 838 522 quidem
891 449 1101 512 nulium
1154 457 1343 518 aperte
1380 446 1576 502 aii'errc
1621 447 1910 511 videntur;

2036 445 2231 515 ιαρπὸν
2289 446 2385 515 μὲν
2405 443 2623 499 ”οὐδένα
2663 445 2811 499 δοκεῖ
2861 445 3048 518 φέρειν
3090 444 3155 500 ὲκ
3185 444 3278 498 τοῦ
3314 443 3626 514 προδήλου,

327 542 450 602 haec
491 555 668 600 tamen
713 543 758 598 si
804 542 927 612 quis
976 541 1264 611 diligenter
1303 540 1642 608 expenderit,
1678 538 1918 606 singulas

329 636 467 695 istas
501 639 724 700 arbores
770 649 953 690 semen
1006 634 1208 688 habere
1260 634 1576 701 comperiet.
1627 631 1917 685 Enimvero

328 745 560 800 granum
611 728 742 782 illud
781 728 923 796 quod
975 727 1103 781 folio
1160 726 1464 794 subjectum
1517 733 1621 788 est,
1666 724 1918 792 quodque

328 819 574 879 nonnulli
609 819 662 872 in
695 817 1005 872 nominibus
1029 817 1404 883 confingeudis
1445 828 1669 880 operam
1715 829 1919 866 navan-

334 922 445 986 tes,_
473 913 706 966 mischon
737 911 1030 983 appellant,
1062 911 1168 965 vim
1207 909 1434 965 seminis
1463 918 1626 977 atque
1655 907 1913 959 virtutem

331 1004 560 1066 obtinet.
591 1001 942 1070 Quaecunque
967 1001 1110 1055 enim
1138 1017 1166 1056 a
1199 1001 1369 1055 ramis
1397 999 1572 1054 solent
1607 997 1762 1061 oriri,
1795 997 1919 1051 inde

330 1104 394 1156 ut
421 1094 713 1164 plurimum
750 1095 964 1148 radices
995 1095 1270 1148 emittunt.
1317 1091 1594 1148 Fortassis
1623 1099 1805 1144 autem
1832 1102 1920 1142 se-

334 1185 500 1249 minis
527 1185 792 1239 rationem
829 1185 1052 1248 habent,
1075 1194 1127 1238 et
1157 1185 1256 1248 ipsi
1287 1184 1376 1254 qui
1405 1199 1470 1238 ex
1497 1181 1769 1238 radicibus
1801 1179 1918 1248 pul-

331 1275 507 1342 lulant
536 1276 739 1334 surculi
770 1293 784 1329 :
811 1291 948 1346 quos
978 1277 1102 1330 dum
1129 1276 1368 1331 avellunt
1397 1275 1708 1346 plantarum
1744 1272 1921 1326 culto-

331 1383 445 1435 res,
479 1382 648 1445 genus
693 1382 880 1421 earum
935 1366 1320 1435 multiplicant.
1369 1365 1530 1420 Prius
1580 1375 1784 1432 tamen,
1841 1366 1917 1418 uti

333 1459 592 1524 diximus,
634 1472 712 1517 eae
743 1459 967 1512 arbores
991 1466 1306 1511 memoratae
1337 1466 1484 1523 sunt,
1517 1473 1640 1528 quae
1673 1467 1915 1514 nostram

333 1555 504 1606 vitam
536 1552 707 1621 magis
735 1559 1082 1615 conservant,
1113 1565 1340 1618 quaeque
1379 1551 1620 1620 propriis
1652 1537 1920 1605 fructibus

335 1645 614 1706 hominem
661 1643 951 1705 donantes,
1003 1640 1338 1696 luculentum
1393 1640 1471 1694 illi
1524 1641 1728 1694 victum
1763 1648 1920 1695 erant

333 1733 790 1804 suppeditatum:
821 1733 946 1787 vitis
975 1733 1212 1801 quidem,
1233 1741 1554 1803 generatura
1575 1732 1785 1795 vinum,
1811 1745 1923 1800 quo.

335 1835 459 1884 erat
485 1840 581 1881 cor
612 1825 846 1890 hominis
885 1825 1264 1880 laetiﬁcandum
1293 1823 1450 1879 :olea
1480 1838 1635 1894 vero,
1661 1839 1784 1878 cum
1823 1823 1915 1892 qui
1950 1795 1994 1855 Β

334 1918 544 1972 vultum
585 1917 640 1972 in
674 1915 797 1972 oleo
827 1917 1134 1971 exhilarare
1164 1924 1360 1984 potest,
1388 1913 1626 1968 fructum
1659 1913 1918 1967 allatura.

335 2010 481 2079 Quot
524 2009 851 2066 festinanter
897 2010 948 2063 in
999 2024 1166 2068 unum
1202 2018 1617 2069 concurrerunt,
1656 2006 1919 2076 producta

337 2117 366 2164 a
401 2101 620 2156 natura!
675 2101 848 2154 Radix
898 2101 1046 2166 vitis,
1091 2099 1343 2169 palmites
1378 2097 1735 2152 orhiculatim
1777 2095 1924 2150 vire-

337 2201 573 2256 sceutes,
632 2191 898 2266 valdeque
952 2207 1116 2260 super
1172 2201 1370 2244 terram
1418 2187 1618 2253 dimisi,
1676 2204 1919 2260 germen,

337 2285 636 2349 claviculas,
663 2298 765 2338 uva
800 2282 1018 2345 acerba,
1052 2281 1274 2336 racemi.
1311 2278 1488 2335 Vitem
1523 2281 1568 2335 si
1615 2281 1721 2334 tuis
1751 2280 1924 2336 oculis

335 2385 545 2433 attente
569 2374 946 2445 conspexeris,
983 2373 1067 2428 vel
1102 2375 1214 2442 ipsa
1243 2382 1294 2427 te
1325 2373 1458 2427 satis
1483 2372 1549 2426 ad
1574 2381 1781 2427 naturae
1804 2387 1920 2426 me-

338 2467 573 2534 moriam
609 2474 846 2520 revocat.
885 2462 1180 2519 Meministi
1230 2463 1374 2517 enim
1417 2463 1628 2517 Domini
1669 2462 1923 2517 similitu-

339 2559 546 2623 dinem,
571 2571 676 2626 qua
710 2570 770 2611 se
820 2555 993 2623 ipsum
1040 2555 1227 2618 vitem,
1267 2562 1321 2608 et
1368 2553 1584 2608 Patrem
1627 2553 1920 2623 agricolam

343 2659 620 2718 nuncupat
641 2648 687 2680 "°
717 2664 732 2700 :
760 2661 862 2703 nos
899 2647 1029 2700 item
1062 2645 1304 2718 singulos
1336 2645 1594 2700 Ecclesiae
1637 2659 1736 2714 per
1763 2645 1921 2700 [idem

340 2745 602 2808 insertos,
655 2740 904 2810 palmites
958 2739 1290 2809 appellavit,
1339 2749 1502 2808 atque
1564 2738 1631 2792 ad
1691 2739 1921 2792 multum

340 2834 582 2892 fructum
640 2834 971 2890 aﬂerendum
1026 2832 1221 2887 invitat
1275 2834 1465 2898 nos“,
1498 2847 1566 2887 ne
1613 2831 1924 2886 inutilitatis

345 2928 744 2998 damnati,igni
772 2926 1087 2992 tradamur;
1125 2940 1226 2980 nec
1251 2936 1429 2980 cessat
1468 2927 1749 2981 hominum
1802 2924 1922 2978 ani-

346 3033 469 3081 mas
501 3017 704 3089 ubique
749 3018 954 3074 vitibus
984 3033 1325 3088 comparare.
1364 3016 1526 3073 Vinea
1557 3035 1800 3088 namque,
1826 3018 1912 3072 in-

2022 539 2246 609 σπέρμα
2276 539 2332 591 δὲ
2363 539 2592 591 ἕκαστον
2632 539 2835 592 τούτων
2867 540 2988 610 ἕχον
3014 538 3256 611 ἀκριϐῶς
3292 539 3354 592 ἄν
3392 556 3480 601 τις
3528 535 3627 602 ἐξ·

2019 631 2227 694 ετάζων
2262 631 2469 702 ἐξεύροι
2506 630 2637 701 (48).
2691 632 2748 683 'O
2776 631 2885 702 γάρ
2917 632 3270 702 ὑποκείμενος
3314 629 3392 700 τῷ
3420 628 3626 700 φύλλῳ

2023 721 2241 784 κόκκος,
2266 722 2324 773 ὃν
2341 723 2568 791 μίσχρν
2601 723 2746 786 τινὲς
2775 723 2882 776 τῶν
2909 722 3037 794 περὶ
3063 723 3160 786 τάς
3188 719 3626 792 ὀνοματοποιίαις

2021 814 2392 883 ὲσχολακότων
2478 817 2982 887 προσαγορεύουσι,
3075 815 3234 868 τοῦτο
3293 815 3627 883 σπέρματος

2020 903 2134 972 ἔχει
2169 905 2416 975 δύναμιν.
2451 906 2589 958 Ὅσα
2638 906 2747 976 γὰρ
2795 907 2905 960 ἀπὸ
2943 907 3052 976 (49)
3103 905 3312 960 κλάδων
3357 903 3623 973 γίνεσθαι

2024 997 2286 1066 πέφυκεν,
2314 997 2561 1050 ἐντεῦθεν
2593 997 2668 1060 ὡς
2694 999 2759 1050 τὰ
2790 999 2956 1051 πολλὰ
2985 999 3274 1069 προϐάλλει
3302 999 3397 1062 τάς
3427 999 3624 1069 ῥίζας.

2021 1090 2174 1160 Τάχα
2206 1089 2263 1144 δὲ
2298 1091 2609 1161 σπέρματος
2637 1092 2891 1162 ἐπέχουσι
2920 1091 3075 1159 λόγον
3108 1093 3200 1144 καὶ
3227 1095 3280 1144 αἱ
3305 1092 3412 1145 τῶν
3441 1091 3626 1164 ῥιζῶν

2022 1181 2341 1249 ἀποφύσεις,
2369 1182 2431 1245 ἀς
2456 1185 2855 1255 παρασπῶντες
2878 1186 2925 1236 οἱ
2956 1184 3248 1253 φυτοκόμοι
3278 1183 3389 1254 (50)
3422 1183 3486 1236 τὸ
3521 1183 3625 1252 γέ-

2021 1288 2110 1333 νος
2136 1271 2374 1337 αὖξουσι.
2407 1272 2678 1345 Πρότερον
2725 1275 2926 1342 μέντοι,
2970 1273 3158 1344 ῶσπερ
3200 1273 3428 1342 ἔφαμεν,
3466 1273 3623 1343 μνή-

2025 1381 2133 1433 μης
2171 1364 2377 1435 ἠξιώθη
2407 1365 2476 1417 τὰ
2515 1366 2948 1436 συνεκτικώτερα
2982 1367 3079 1436 τῆς
3115 1366 3256 1436 ζωῆς
3284 1367 3462 1437 ἡμῶν,
3509 1367 3624 1419 ὅσα

2022 1459 2237 1531 ἔμελλε,
2280 1463 2391 1524 τοῖς
2433 1460 2653 1523 οἰκείοις
2696 1463 2926 1531 καρποῖς
2967 1461 3058 1512 τὸν
3091 1459 3377 1531 ἄνθρωπον
3404 1458 3624 1524 δεξιού-

2025 1570 2182 1623 μενα,
2212 1553 2440 1620 ἄφθονον
2465 1552 2616 1623 αύτῷ
2646 1552 3080 1624 παρασκευάζειν
3108 1553 3206 1622 τὴν
3238 1551 3471 1604 δίαιταν·
3513 1553 3622 1622 ἄμ-

2022 1644 2183 1707 πελος
2209 1644 2307 1714 μὲν
2328 1639 2469 1697 οἶνον
2497 1644 2740 1713 γεννῶσα
2764 1645 3072 1715 εὐφραίνειν
3100 1644 3355 1714 μέλλοντα
3381 1643 3621 1713 καρδίαν

2021 1734 2338 1806 ἀνθρώπου·
2389 1735 2541 1788 ἐλαία
2584 1736 2641 1789 δὲ
2693 1737 2904 1807 καρπὸν
2950 1736 3295 1807 παρεχομένη
3337 1732 3620 1803 ἱλαρύνειν

2021 1827 2318 1896 δυνάμενον
2352 1828 2639 1898 πρόσωπον
2671 1831 2728 1880 ὲν
2764 1828 2946 1897 ἐλαίῳ.
2971 1827 3118 1879 Πόσα
3152 1825 3435 1896 συνέτρεχε
3465 1823 3623 1878 κατά

2019 1920 2216 1972 ταυτὸν
2243 1920 2592 1989 ὴπειγμένως
2613 1919 2716 1972 ὑπὸ
2745 1920 2844 1989 τῆς
2877 1919 3091 1988 φύσεως
3119 1918 3477 1989 παραγόμενα
3500 1918 3513 1969 !
3545 1917 3618 1970 Ἦ

2023 2013 2146 2084 ῥίζα
2181 2015 2278 2084 τῆς
2311 2013 2585 2084 ἀμπέλου’
2622 2013 2691 2065 τὰ
2722 2013 2974 2082 κλήματα
3004 2013 3062 2064 ὲν
3083 2011 3266 2082 κύκλῳ
3295 2010 3492 2080 εὐθαλῆ
3515 2009 3630 2073 καὶ,

2025 2105 2235 2177 μεγάλα
2271 2107 2410 2178 ὑπὲρ
2443 2107 2544 2176 γῆς
2575 2105 2878 2175 κεχυμένα·
2911 2106 2940 2158 ὁ
2979 2104 3226 2174 βλαστὸς,
3265 2106 3314 2156 οἱ
3347 2103 3551 2166 ἕλικες,
3584 2104 3622 2158 ὁ

2021 2199 2224 2269 ὅμιραξ,
2269 2200 2318 2254 οἱ
2356 2198 2577 2271 βότρυες
2607 2198 2742 2268 (51).
2779 2198 2966 2268 Ἀρκεί
2993 2214 3084 2250 σου
3117 2200 3184 2268 τῇ
3218 2196 3336 2266 ὕψει
3371 2197 3466 2248 καὶ
3494 2196 3616 2268 ἄμ·

2024 2292 2183 2355 πελος
2233 2290 2468 2354 συνετῶς
2505 2289 2764 2362 ὁραθεῖσα
2795 2289 3099 2361 ὑπόμνησίν
3141 2307 3222 2342 σοι
3254 2288 3355 2358 τῆς
3392 2287 3618 2357 φύσεως

2022 2384 2340 2454 ἐμποιῆσαι.
2389 2381 2683 2452 Μέμνησαι
2716 2381 2824 2451 γὰρ
2863 2380 3105 2451 δηλονότι
3139 2379 3236 2450 τῆς
3269 2379 3364 2431 τοῦ
3399 2378 3617 2448 Κυρίου

2023 2475 2250 2538 εἰκόνος,
2300 2475 2382 2528 ὅτι
2431 2473 2674 2544 ἄμπελον
2709 2473 2899 2528 ἑαυτὸν
2931 2472 3102 2541 λέγει,
3131 2472 3224 2524 καὶ
3261 2472 3353 2524 τὴν
3386 2471 3620 2542 Πατέρα

2022 2571 2114 2624 τὸν
2146 2567 2410 2638 γεωργὸν,
2433 2567 2530 2621 καὶ
2555 2567 2679 2630 τοὺς
2705 2565 2824 2620 καθ’
2847 2566 2941 2618 ἕνα
2967 2565 3123 2636 ἡμῶν
3142 2562 3231 2616 διά
3249 2564 3348 2635 τῆς
3373 2562 3618 2625 πίστεως

2024 2660 2545 2733 ὲμπεφυτευμένους
2571 2659 2679 2726 (52)
2714 2660 2780 2728 τῇ
2825 2657 3121 2727 Ἐκκλησία
3150 2655 3404 2726 κλήματα
3438 2670 3616 2726 προσ-

2025 2756 2317 2826 ηγόρευσε’
2368 2753 2460 2806 καὶ
2497 2750 2882 2822 προσκαλεῖται
2913 2751 3059 2820 ἡμᾶς
3095 2751 3173 2812 εἰς
3207 2748 3618 2819 πολυκαρπίαν,

2026 2846 2112 2898 ἵνα
2149 2843 2222 2915 μὴ
2257 2842 2559 2915 ἀχρηστίαν
2594 2840 3070 2910 καταγνωσθέντες
3099 2841 3176 2911 τῷ
3209 2841 3342 2911 πυρὶ
3370 2839 3620 2910 παραδο-

2027 2935 2210 3006 θῶμεν
2232 2951 2246 2966 ·
2281 2937 2374 2988 καὶ
2395 2935 2456 2988 οὐ
2487 2934 2722 2988 παύεται
2754 2933 3027 3002 πανταχοῦ
3056 2933 3153 2996 τὰς
3176 2931 3353 3002 ψυχὰς
3379 2931 3490 2983 τῶν
3523 2932 3625 2986 ἀν-

2029 3026 2262 3098 θρώπων
2320 3026 2431 3095 (53)
2484 3028 2602 3090 ταῖς
2650 3024 2914 3095 ἀμπέλοις
2975 3022 3255 3094 ἐξομοιῶν.
3312 3022 3627 3092 Ἆμπελὼν

341 3110 483 3180 quit,
512 3110 656 3181 facta
684 3119 758 3164 est
779 3109 968 3163 dilecto
996 3109 1049 3163 in
1080 3109 1347 3175 cornu,_in
1373 3109 1488 3164 loco
1510 3110 1694 3179 pingui
1717 3111 1797 3177 ";
1829 3120 1883 3166 et
1905 3150 1920 3174 ,

2036 3119 2136 3188 γὰρ
2165 3118 2419 3188 ἐγενήθη
2454 3117 2533 3182 τῷ
2565 3116 2948 3186 ἠγαπημένῳ,
2977 3117 3162 3186 φησὶν,
3195 3115 3265 3169 ἐν
3299 3115 3521 3184 κέρατι,
3548 3114 3627 3168 ἐν

355 3201 571 3255 Vineam
620 3201 878 3269 ptantavi,
922 3209 970 3253 et
1020 3215 1190 3268 sepem
1241 3200 1656 3254 circumdedi".
1701 3201 1925 3256 Animas

342 3293 614 3359 humanas
649 3293 808 3361 plane
837 3293 1049 3346 vineam
1093 3293 1244 3358 dicit,
1275 3306 1412 3362 quas
1460 3308 1608 3361 sepe.
1645 3295 1926 3349 mandato-

343 3405 466 3447 rum
508 3389 717 3445 scilicet
762 3387 928 3442 tutela
964 3395 1020 3442 et
1062 3387 1377 3456 angelorum
1409 3388 1652 3441 custodia
1687 3387 1924 3440 circum-

343 3485 513 3544 dedit.
551 3482 806 3536 lmmittet
838 3481 976 3535 enim
1018 3480 1234 3549 angelus
1272 3478 1483 3532 Domini
1510 3479 1563 3532 in
1601 3479 1827 3543 circuitu
1860 3480 1927 3531 ti-

340 3579 596 3636 mentium
617 3593 734 3631 eum
755 3576 846 3628 ⁸⁷³⁵.
874 3575 1078 3630 Deinde
1107 3574 1294 3642 etiam,
1324 3575 1632 3629 constitutis
1663 3574 1714 3628 in
1743 3572 1928 3628 Eccle-

344 3675 427 3729 sia
467 3672 702 3742 primqu
730 3669 1011 3738 apostolis,
1037 3667 1276 3724 secundo
1312 3667 1612 3737 prOphetis,
1645 3667 1806 3722 tertio
1833 3667 1927 3721 do-

344 3763 670 3826 ctoribus'",
706 3762 860 3830 quasi
888 3759 1026 3814 valla
1055 3760 1209 3814 nobis
1237 3759 1446 3813 deﬁxit.
1478 3758 1656 3828 Atque
1679 3758 1927 3827 antiquo-

345 3876 468 3916 rum
494 3873 556 3912 ac
583 3860 864 3911 beatorum
900 3853 1139 3910 virorum
1171 3851 1437 3921 exemplis
1463 3851 1515 3904 in
1543 3850 1774 3906 sublime
1801 3864 1927 3904 eve-

343 3954 430 4012 xit
456 3960 698 4008 nostram
733 3957 992 4010 mentem,
1034 3958 1136 3998 nec
1161 3958 1282 3998 eam
1315 3943 1588 4012 prosterni
1631 3942 1803 4006 humi,
1833 3951 1927 3996 aut

345 4043 758 4101 conculcatione
807 4039 1024 4110 dignam
1069 4051 1190 4092 esse
1243 4035 1392 4091 sivit.
1422 4033 1550 4088 Vult
1595 4043 1776 4092 autem
1825 4051 1926 4089 nos

346 4135 636 4193 cbaritatis
667 4133 1004 4202 amplexibus
1032 4143 1130 4184 ceu
1162 4127 1484 4196 quibusdam
1513 4126 1793 4182 claviculis
1817 4125 1929 4201 46

346 4229 656 4303 proximum
699 4233 944 4280 nostrum
983 4220 1291 4290 complecti,
1323 4234 1385 4274 ac
1433 4219 1486 4272 in
1530 4219 1662 4289 ipsis
1709 4222 1928 4289 acquie-

346 4337 530 4386 scere,
563 4329 621 4374 ut
656 4318 769 4387 jugi
815 4313 1000 4383 impeti
1035 4325 1250 4367 sursum
1283 4323 1476 4364 versus
1511 4313 1924 4375 contendentes,

345 4417 524 4474 instar
568 4413 849 4467 vinearum
891 4405 1251 4478 quarumdam
1294 4403 1521 4458 arbores
1558 4406 1926 4458 conscenden-

2030 3211 2191 3277 τόπῳ
2218 3212 2417 3264 πίονιο
2473 3211 2586 3273 καὶ,
2653 3208 2992 3278 Ἀμπελῶνα
3020 3209 3347 3278 ἐφύτευσα,
3380 3209 3480 3262 καὶ
3519 3224 3627 3264 πε-

2021 3303 2274 3372 ριέθηκα
2308 3290 2600 3372 ᾀραγμόν.
2638 3301 2750 3364 Τὰς
2776 3300 3123 3372 ἀνθρωπίνας
3159 3301 3336 3372 ψυχὰς
3370 3301 3625 3372 δηλονότι

2028 3396 2175 3464 λέγει
2205 3394 2316 3465 (54)
2342 3393 2430 3448 τὸν
2460 3393 2774 3466 ἀμπελῶνα,
2800 3387 2888 3457 αἶς
2914 3395 3168 3464 φραγμὸν
3192 3395 3485 3466 περιέθηκε
3517 3395 3632 3467 τὴν.

2029 3489 2096 3541 ἐκ
2137 3489 2246 3540 τῶν
2290 3486 2737 3558 προσταγμάτων
2774 3488 3074 3556 ἀσφάλειαν
3117 3488 3211 3541 καὶ
3243 3487 3342 3558 τὴν
3371 3487 3628 3560 φυλακὴν

2029 3580 2136 3633 τῶν
2162 3579 2429 3649 ἀγγέλων.
2454 3579 2827 3648 Παρεμόαλεῖ
2851 3578 2962 3649 (55)
2985 3580 3095 3648 γὰρ
3118 3578 3372 3649 ἄγγελος
3393 3582 3629 3648 Kvplov

2029 3674 2235 3739 κύκλῳ
2273 3671 2392 3726 τῶν
2418 3670 2803 3741 φοϐουμένων
2829 3673 3034 3724 αὐτόν.
3067 3672 3295 3725 Ἔπειτα
3333 3673 3428 3725 καὶ
3452 3674 3629 3729 οἱονεὶ

2029 3765 2278 3837 χάρακας
2308 3766 2438 3835 ἡμῖν
2467 3763 2897 3834 παρακατέπηξε
2937 3763 3164 3835 θέμενος
3192 3765 3249 3817 ὲν
3274 3769 3341 3836 τῇ
3382 3766 3627 3838 Ἐκκλη-

2031 3858 2122 3928 σίᾳ
2151 3856 2366 3928 πρῶτον
2393 3855 2748 3918 ἀποστόλους,
2793 3855 3045 3926 δεύτερον
3093 3857 3397 3926 προφήτας,
3433 3856 3630 3926 τρίτον

2027 3948 2402 4011 διδασκάλους.
2458 3948 2570 4001 Καὶ
2616 3949 2730 4010 τοῖς
2771 3945 2881 4000 τῶν
2927 3947 3174 4000 παλαιῶν
3213 3949 3305 4000 καὶ
3330 3948 3630 4019 μακαρίων

2029 4041 2238 4112 ἀνδρῶν
2267 4041 2379 4114 (56)
2407 4040 2801 4112 ὑποδείγμασιν
2842 4043 2920 4104 εἰς
2945 4040 3076 4110 ὕψος
3109 4041 3268 4113 ἡμῶν
3301 4043 3517 4110 ἀνάγων
3553 4046 3630 4097 τά

2030 4133 2374 4203 φρονήματα,
2413 4133 2514 4184 οὐκ
2542 4132 2754 4200 ἀφῆκεν
2790 4132 3101 4202 ἐρριμμένα
3145 4133 3345 4203 χαμαὶ,
3391 4133 3484 4186 κα).
3521 4133 3627 4186 τοῦ

2031 4223 2319 4277 πατεῖσθαι
2349 4221 2494 4288 ἀξια.
2521 4222 2776 4275 Βούλεται
2801 4223 2858 4276 δὲ
2890 4225 3038 4293 ἡμᾶς
3063 4224 3158 4276 καὶ
3184 4224 3349 4277 οἱονεὶ⁸
3380 4224 3516 4286 ἕλιξί
3546 4243 3634 4278 τι·
3693 4209 3704 4218 ’

2032 4332 2088 4367 σι
2119 4317 2238 4378 ταῖς
2261 4313 2621 4387 περιπλοκαῖς
2646 4314 2744 4384 τῆς
2766 4313 2986 4382 ἀγάπης
3015 4313 3124 4366 τῶν
3155 4313 3381 4386 πλησίον
3407 4314 3640 4386 ἀντέχετ

2032 4407 2176 4472 σθαι,
2229 4405 2321 4459 καὶ
2379 4405 2828 4460 ὲπαναπαύεσθαι
2884 4407 3089 4472 αὐτοῖς,
3139 4407 3225 4471 ἵν’,
3268 4407 3356 4461 ἀεὶ
3395 4407 3534 4480 πρὸς
3563 4410 3632 4462 τὸ

345 4511 483 4568 tium
509 4548 525 4573 ,
559 4504 928 4571 nosmetipsos
980 4495 1582 4565 rerum.altissimarum
1635 4498 1923 4552 verticibus

2036 4496 2146 4551 ἄνω
2173 4496 2273 4567 τὴν
2297 4495 2472 4567 ὁρμὴν
2503 4495 2737 4566 ἔχοντες,
2767 4493 2879 4549 οἷόν
2908 4514 3051 4560 τινες
3081 4496 3466 4568 ἀναδενδράδες
3497 4501 3631 4563 ταῖς

345 4603 714 4668 adaequamus.
745 4595 885 4661 Quin
925 4601 982 4648 et
1015 4606 1046 4645 a
1080 4588 1239 4644 nobis
1284 4588 1550 4659 exposcit,
1583 4596 1644 4641 ut
1675 4587 1802 4642 dum
1834 4589 1929 4642 de-

343 4693 608 4755 fodimur,
634 4688 1018 4746 sustineamus.
1050 4679 1335 4736 Deioditur
1365 4689 1545 4735 autem
1575 4679 1778 4746 anima,
1803 4695 1926 4735 cum

344 4786 533 4846 mundi
576 4783 742 4847 curis,
774 4792 892 4849 quae
922 4774 1180 4834 cordibus
1206 4773 1409 4831 nostris
1449 4781 1580 4828 sunt
1629 4773 1804 4842 oneri,
1839 4789 1926 4831 se-

417 4934 464 4967 "°
490 4930 648 4987 Joan.
684 4943 776 4990 xv,
801 4926 855 4981 1.
929 4925 976 4956 ⁷³
1001 4924 1212 4996 ἰῢὶᾱ.ζ5.
1287 4924 1336 4958 "
1356 4923 1458 4979 Isa.
1495 4937 1549 4988 v,
1575 4923 1629 4977 1.
1703 4924 1752 4956 ⁷³
1779 4923 1923 4981 Mattl

2036 4939 2123 4988 ιιι,
2144 4922 2236 4976 ⁸55.
2311 4917 2380 4948 "‘
2411 4913 2781 4981 Psal.xxxm,
2814 4912 2869 4972 8.

419 5087 530 5155 (48)
564 5085 693 5140 Mss.
725 5085 832 5138 duo
855 5082 1182 5155 ἐξευρίσκω.
1208 5082 1314 5136 Alii
1345 5082 1452 5136 duo
1475 5080 1646 5152 εὖροι.

419 5153 536 5228 (49)
576 5156 894 5228 _lta_ed_itio_
925 5153 1092 5228 Basil.
1151 5168 1273 5228 cum
1309 5163 1444 5228 octo
1485 5169 1626 5228 _mss.
1674 5169 1706 5207 e
1731 5153 1933 5210 nostris

346 5223 546 5302 praeter
569 5225 736 5302 Bodl.
757 5223 1142 5302 Editianris.
1171 5225 1273 5302 ὅσα
1304 5225 1360 5302 δε
1389 5223 1519 5302 ἀπό.

420 5299 534 5370 (50)
596 5297 775 5353 Editio
812 5294 977 5370 B_asil.
1005 5307 1165 5370 _c_ur_n
1195 5295 1442 5370 gummi.
1499 5303 1553 5347 et
1597 5307 1719 5370 cum
1749 5294 1933 5370 multis

345 5364 470 5425 aliis
493 5364 624 5424 mss.
656 5367 976 5438 φυτοκόμοι.
1005 5366 1183 5438 Editio
1203 5364 1378 5420 Paris.
1408 5364 1750 5438 cputhdpm,
1771 5366 1932 5438 male.

346 5435 683 5524 lniraﬁolb.
726 5435 1000 5493 secundus
1057 5436 1350 5507 συνέτρεχε
1411 5435 1553 5489 κατά
1599 5436 1797 5488 ταυτὸν
1843 5435 1934 5490 τόν

347 5525 805 5646 κα(5ῗ)’ριιειιιοι·
830 5593 963 5634 mss.
983 5580 1032 5633 οἱ
1063 5577 1309 5650 βότρυες.
1347 5576 1487 5632 Editi
1527 5592 1649 5632 cum
1703 5591 1811 5631 uno
1840 5584 1934 5630 aut

350 5649 526 5722 altero
557 5650 912 5722 ms.__ﬂétpug.

425 5716 807 5790 (52)(ἷοι1ἱοεέ
826 5721 1032 5790 aliquot
1083 5717 1578 5790 ἐμφυτευομένους.
1632 5717 1752 5774 Mox
1797 5716 1928 5776 editi

344 5789 712 5868 ’προκαλεῖται
742 5803 758 5822 ’
786 5798 841 5844 at
876 5788 969 5846 δέχ
999 5788 1125 5845 mss.
1156 5788 1561 5866 προσκαλεῖται.

2037 4588 2300 4658 κορυφαῖς
2347 4585 2454 4638 τῶν
2510 4585 2858 4655 ὑψηλοτάτων
2918 4585 3148 4650 ἑαυτοὺς
3201 4584 3628 4657 παρισάζωμεν.

2049 4677 2299 4730 Ἀπαιτεῖ
2322 4674 2434 4744 (57)
2471 4673 2528 4726 δὲ
2551 4675 2701 4744 ἡμᾶς
2740 4675 2835 4727 καὶ
2871 4674 2931 4727 τὸ
2959 4674 3353 4745 καταδέχεσθαι
3383 4691 3630 4730 σκαπτο-

2035 4772 2254 4846 μένους.
2301 4767 2736 4822 Ἀποσκάπτεται
2774 4766 2832 4821 δὲ
2865 4766 3013 4838 ψυχὴ
3048 4769 3106 4822 ὲν
3131 4771 3198 4838 τῇ
3229 4767 3486 4822 ἀποθέσει
3513 4769 3637 4830 τῶν,

2944 4910 2990 4943 ⁷⁵
3017 4909 3037 4964 l
3067 4911 3194 4967 Cor.
3216 4927 3317 4978 xu,
3339 4908 3427 4965 28.

2107 5079 2219 5149 (55)
2249 5075 2475 5131 Codices
2509 5083 2622 5128 tres
2640 5073 2826 5149 ψυχὰς
2853 5071 3010 5149 ᾐμῶν
3027 5071 3148 5149 ,τῶν
3178 5071 3335 5149 ἀνθρ.

2089 5140 2376 5221 (milieg.
2403 5155 2590 5200 sextus
2627 5140 2977 5215 ἀνθρωπίνας
3022 5140 3294 5213 δυνάμεις
3316 5140 3495 5211 ψυχὰς
3528 5143 3630 5215 δη-

2043 5355 2257 5418 Domini
2287 5355 2339 5412 in
2369 5360 2593 5411 circuitu
2623 5355 2918 5410 timentium
2946 5373 3085 5410 eum.

2116 5433 2228 5498 (56)
2260 5429 2371 5482 Vox
2400 5428 2608 5498 ἀνδρῶν
2626 5428 2778 5498 deest
2806 5428 2858 5478 in
2889 5427 3047 5479 editis
3073 5435 3126 5479 et
3162 5424 3214 5477 iu
3243 5423 3584 5498 multismss.
3611 5466 3627 5488 ,

2041 5495 2133 5558 sed
2175 5493 2370 5573 legitur
2413 5500 2468 5573 _iu
2488 5493 2511 5573 ξ
2535 5497 2716 5566 Regiis
2772 5498 2935 5573 tertio
2989 5505 3044 5549 et
3091 5493 3479 5573 sexto_._Paul.o
3503 5502 3632 5561 post

2039 5563 2518 5628 codexVCombei.
2589 5563 2710 5623 cum
2770 5565 2902 5636 Reg.
2961 5575 3151 5623 octavo
3202 5563 3629 5636 ἐρριμμένους,

2040 5646 2220 5787 mis?)
2243 5711 2371 5785 Reg.
2411 5720 2594 5768 sextus
2622 5708 2956 5764 ἀπαιτεῖται.
