3850 6218
310 311 415 370 109

1454 315 1737 375 HOMILIA
1778 318 1822 373 ν
1861 319 1929 376 ΙΝ
1969 320 2459 378 HEXAEMERON.

3450 326 3556 383 “0

307 429 402 481 τοῦ
444 427 650 500 κόσμου
688 427 990 500 μεριμνῶν,
1039 429 1098 483 αῖ
1143 429 1309 502 βάρος
1349 433 1456 486 eici
1491 438 1611 498 ταῖς
1642 436 1884 508 καρδίαις

1999 441 2167 507 ipsam
2229 438 2401 494 exuit.
2443 436 2805 504 Quamobrem
2852 437 2943 506 qui
2990 451 3240 493 carneum
3291 452 3555 508 amorem,

307 519 485 592 ἡμῶν.
519 521 681 574 Ὥστε
704 521 732 572 ό
755 522 854 592 τὴν
879 521 1142 592 σαρκίνην
1165 524 1388 595 ἀγάπην
1417 526 1770 599 ἀποθέμενος,
1794 530 1890 583 κα)⁵

307 615 422 685 τὴν.
444 613 581 685 πρὸς
611 612 680 666 τά
717 615 977 686 χρήματα
1003 615 1206 684 φιλίαν,
1255 617 1288 688 ἢ
1321 619 1422 690 τὴν
1453 621 1581 691 περὶ
1607 620 1667 673 τὸ
1694 621 1891 694 δύστη-

307 722 398 764 νον
428 705 674 777 δοξάριον
699 705 860 759 τοῦτο
890 706 1118 778 πτόησιν
1151 708 1494 764 ἀπόπτυστον
1531 711 1626 765 καὶ
1657 713 1887 765 εὐκατα-

308 798 574 870 φρόνητον
604 799 974 870 ἡγησάμενος,
1025 799 1210 874 ὥσπερ
1260 803 1471 872 ἐσκάφη
1503 804 1597 857 καὶ
1627 803 1888 856 ἀνέπνευ-

309 891 962 962 σενάποσκευασάμενος
1005 894 1067 946 τὸ
1111 894 1337 965 μάταιον
1369 895 1532 967 βάρος
1576 895 1668 948 τοῦ
1701 896 1887 965 γηίνου

308 983 673 1053 φρονήματος.
707 986 800 1036 Δεῖ
830 985 907 1050 δὲ,
959 986 1100 1038 κατὰ
1136 987 1226 1040 τὸν
1255 986 1411 1055 λόγον
1439 988 1539 1057 τῆς
1570 989 1885 1060 παροιμίας,

309 1073 448 1143 μηδέ
472 1073 778 1144 ὑλομανεῖν,
807 1075 1074 1141 τουτέστι,
1111 1076 1187 1147 μὴ
1210 1077 1588 1140 ἐπιδεικτικῶς
1621 1076 1890 1129 πολιτεύε-

307 1165 453 1232 σθαι,
506 1164 637 1236 μηδὲ
696 1166 786 1218 τὸν
833 1166 982 1236 παρὰ
1041 1166 1148 1220 τῶν
1208 1166 1406 1232 ἔξωθεν
1459 1168 1679 1222 ἔπαινον
1719 1167 1888 1239 θηρᾶ-

309 1255 433 1308 σθαι
463 1254 597 1325 (58),
625 1255 736 1308 ἀλλ’
763 1255 1039 1326 ἔγκαρπον
1079 1251 1240 1319 εἶναι,
1279 1257 1356 1328 τῷ
1383 1257 1622 1328 ἀληθινῷ
1658 1257 1888 1329 γεωργῷ

304 1349 407 1420 τὴν
460 1349 719 1415 ἐπίδειξιν
772 1349 878 1402 τῶν
920 1347 1118 1420 ἔργων.
1147 1349 1556 1420 ταμιευόμενον.
1601 1351 1671 1402 Σὺ
1705 1350 1760 1402 δέ
1794 1352 1888 1404 καὶ

319 1443 418 1506 Ὠς
449 1441 625 1496 ἐλαία
650 1441 1028 1511 κατάκαρπος
1056 1441 1166 1496 ἔσο
1190 1442 1260 1494 ἐν
1287 1440 1368 1507 τῷ
1399 1443 1543 1508 οἴκῳ
1569 1441 1676 1494 τοῦ
1716 1442 1884 1504 Θεοῦ,

310 1533 580 1604 μηδέποτε
632 1535 1003 1606 γυμνούμενος
1051 1535 1150 1605 τῆς
1197 1533 1431 1598 ἐλπίδος,
1471 1533 1584 1588 ἀλλ’
1633 1534 1719 1586 ἀεὶ
1758 1531 1886 1586 θάλ-

305 1625 506 1680 λουσαν
559 1626 699 1698 ἔχων
753 1627 883 1699 περὶ
938 1626 1159 1679 σεαυτὸν
1213 1626 1312 1697 τὴν
1369 1625 1458 1679 διὰ
1501 1625 1735 1688 πίστεως
1785 1641 1889 1676 σω-

304 1719 522 1791 τηρίαν.
583 1718 758 1773 Οὕτω
795 1719 905 1790 γὰρ
963 1719 1024 1771 τὸ
1087 1716 1333 1781 ἀειθαλὲς
1391 1699 1487 1770 τοῦ
1560 1716 1727 1786 φυτοῦ
1797 1733 1885 1786 μιέ

1992 539 2087 584 aut
2141 545 2296 586 suum
2344 544 2472 602 erga
2508 529 2726 585 divitias
2771 530 3004 585 studium
3043 530 3308 600 deposuit,
3345 539 3437 584 aut
3463 530 3556 600 qui

1991 621 2206 677 miserae
2251 620 2412 688 hujus
2462 619 2702 690 gloriolre
2753 621 3030 676 libidinem
3075 621 3473 690 conspuendam
3503 628 3560 674 et

1991 711 2386 783 aspernabilem
2425 712 2597 779 duxit,
2632 713 2679 768 is
2715 711 2881 766 veluti
2911 711 3158 766 defossus
3191 719 3294 778 est,
3330 725 3415 777 ac,
3449 719 3560 766 ter-

1993 819 2138 858 rena:
2175 803 2476 858 affectionis
2510 803 2658 858 inani
2699 804 2932 874 pondere
2964 818 3211 867 excusso,
3243 802 3552 871 respiravit.

1993 894 2214 964 Oportet
2249 904 2429 948 autem
2464 896 2760 950 secundum
2802 894 3072 964 proverbii
3127 894 3472 959 sententiam,
3498 901 3559 946 ut

1992 1004 2166 1056 neque
2207 988 2580 1051 silvescamus,
2624 989 2726 1042 hoc
2769 997 2872 1053 est,
2919 987 3137 1040 minime
3179 988 3446 1054 iactanter
3471 985 3557 1038 de-

1989 1094 2204 1148 gamus,
2239 1094 2416 1148 neque
2455 1081 2522 1132 ab
2561 1079 2802 1133 externis
2835 1093 3164 1147 aucupentur
3197 1077 3428 1142 laudem,
3458 1076 3556 1132 sed

1989 1171 2160 1225 simus
2199 1171 2482 1235 fructuosi,
2527 1167 2761 1240 veruque
2813 1171 3060 1240 agricolze
3092 1169 3384 1237 specimina
3427 1182 3559 1239 ope-

1991 1277 2108 1314 rum
2140 1277 2506 1317 asservemus.
2536 1262 2614 1316 Tu
2644 1278 2776 1317 vero
2816 1261 2967 1317 Sicut
2995 1262 3129 1316 oliva
3166 1261 3442 1330 fructifera
3482 1259 3556 1314 sis

1989 1349 2042 1402 in
2069 1350 2221 1402 domo
2245 1349 2343 1403 Dei
2366 1351 2433 1412 ⁷⁵,
2457 1365 2554 1405 nec
2580 1365 2813 1419 unquam
2838 1365 2932 1419 spe
2953 1350 3261 1416 denuderis,
3293 1350 3386 1405 sed
3411 1362 3557 1403 sem-

1988 1457 2084 1511 per
2126 1442 2178 1495 in
2220 1443 2390 1511 teipso
2423 1443 2621 1496 habeas
2664 1441 2909 1495 ﬂoridam
2967 1441 3192 1496 salutem
3231 1455 3328 1508 per
3367 1439 3553 1495 fidem.

1990 1531 2080 1586 Sic
2109 1533 2252 1584 enim
2285 1533 2442 1600 hujus
2477 1531 2671 1600 plantae
2713 1542 3022 1600 perpetuam
3057 1532 3365 1586 imitaturus
3391 1543 3450 1585 es
3475 1529 3558 1583 vi-

1988 1624 2298 1691 riditatem;
2352 1639 2416 1678 ac
2479 1623 2596 1692 ejus
2649 1624 3034 1678 fecunditatem
3102 1623 3465 1688 armulabere,
3508 1621 3590 1676 εἰς

1994 1715 2322 1768 uberrimam
2354 1716 2498 1770 omni
2538 1725 2780 1783 tempore
2805 1695 3037 1784 largiare
3061 1715 3482 1784 eleemosynam.

308 1814 483 1886 μήσῃ,
520 1814 613 1868 καὶ
649 1815 711 1868 τὸ
756 1814 1104 1886 πολύκαρπον
1141 1813 1197 1866 δέ
1237 1812 1400 1866 αὑτοῦ
1439 1811 1731 1884 ζηλώσεις,
1774 1811 2003 1880 ἄφθονον
2032 1810 2128 1879 τὴν
2154 1810 2520 1882 ἐλεημοσύνην
2549 1814 2606 1865 ἐν
2649 1812 2811 1866 παντὶ
2845 1810 3020 1882 καιρῷ
3059 1810 3475 1881 παρεχόμενος,

379 1908 433 1964 7.
478 1909 615 1962 Ἀλλ’
639 1909 1018 1980 ἐπανέλθωμεν
1045 1908 1182 1980 πρὸς
1207 1908 1303 1978 τὴν
1328 1907 1556 1980 ἔρευναν
1578 1908 1686 1960 τῶν
1715 1924 1884 1977 τεχνι-

2065 1905 2120 1958 7.
2186 1904 2379 1960 Verum
2433 1907 2498 1959 ad
2551 1906 2870 1961 artiﬁciosas
2929 1906 3294 1961 ordinationes
3333 1901 3554 1974 perqui~

306 1999 422 2054 κῶν
452 2001 770 2068 διατάξεων.
806 2002 956 2056 Πόσα
987 2002 1104 2054 τότε
1142 2001 1272 2073 γένη
1306 2000 1486 2070 φυτῶν
1517 2001 1882 2072 ἐπανέδραμε,

303 2091 378 2145 τὰ
423 2092 522 2162 μὲν
573 2092 845 2164 ἔγκαρπα,
891 2092 958 2145 τὰ
994 2091 1051 2145 δὲ
1097 2091 1355 2163 ἐρέψιμα,
1406 2091 1539 2144 ἀλλα
1580 2091 1716 2164 πρὸς
1760 2110 1890 2146 ναυ-

303 2183 514 2252 πηγίαν
547 2183 846 2252 ἐπιτήδεια,
900 2182 1033 2235 ἄλλα
1087 2181 1223 2252 πρὸς
1270 2179 1492 2235 καῦσινῐ
1547 2182 1636 2235 Ἐν
1676 2182 1888 2244 τούτοις

303 2272 472 2326 πάλιν
541 2273 761 2345 ποικίλη
829 2273 925 2344 μὲν
979 2275 1036 2326 ἐν
1101 2273 1318 2344 ἑκάστῳ
1390 2273 1591 2346 δένδρῳ
1678 2274 1712 2343 ἡ
1777 2272 1885 2326 τῶν

305 2363 492 2437 μερῶν
558 2365 722 2418 αὑτοῦ
778 2365 1157 2435 διακόσμησις,
1215 2365 1532 2435 δυσέφικτος
1581 2365 1637 2418 δὲ
1701 2367 1794 2419 καὶ
1849 2369 1883 2439 ή

301 2455 586 2527 ὲξεύρεσις
623 2457 724 2528 τῆς
763 2458 994 2511 ἑκάστου
1038 2457 1316 2529 ἰδιότητος,
1343 2458 1436 2511 καὶ
1477 2458 1510 2528 ὴ
1552 2457 1754 2532 θεωρία
1781 2458 1885 2529 τῆς

304 2548 446 2620 πρὸς
487 2549 718 2602 ἕκαστον
761 2549 870 2602 τῶν
922 2549 1250 2620 ἑτερογενῶν
1303 2549 1582 2620 διαφορᾶς.
1639 2550 1764 2614 Πῶς
1813 2552 1884 2606 τά

307 2642 410 2712 μὲν
435 2640 614 2695 αὐτῶν
647 2641 968 2712 βαθύῤῥιζα,
999 2641 1068 2694 τὰ
1099 2642 1154 2695 δὲ
1184 2642 1485 2713 ἀκρόρῤιξα
1510 2659 1525 2674 ·
1563 2643 1657 2696 καὶ
1685 2643 1753 2698 τά
1785 2644 1884 2714 μὲν

301 2733 548 2804 ὀρθοφυῆ
607 2734 701 2788 καὶ
759 2734 1148 2805 μονοστέλεχα,
1202 2733 1272 2787 τὰ
1314 2734 1370 2787 δὲ
1422 2733 1736 2806 χαμαίζηλα
1791 2735 1885 2788 καὶ

302 2825 469 2888 εὐθὺς
505 2825 614 2878 ἀπὸ
651 2826 749 2897 τῆς
791 2825 944 2898 ῥίζης
983 2827 1063 2889 είς
1101 2825 1300 2890 πολλὰς
1337 2825 1593 2896 ἐκφύσεις
1623 2827 1885 2899 διῃρημέ-

302 2935 392 2972 να.
460 2916 585 2982 Πῶς
628 2918 768 2971 ὅσων
823 2917 922 2988 μὲν
950 2917 1062 2988 (59)
1096 2919 1148 2971 οἱ
1196 2917 1379 2973 κλάδοι
1426 2920 1734 2990 προμήκεις
1788 2919 1884 2972 ἐπὶ

303 3009 446 3064 πολὺ
487 3009 581 3064 τοῦ
617 3010 777 3082 ἀέρος
815 3012 1201 3081 ἐκτεταμένοι,
1246 3010 1452 3066 τούτων
1489 3012 1581 3065 καὶ
1631 3012 1688 3065 αἱ
1739 3010 1883 3083 ῥίζαι

305 3104 543 3174 βαθεῖαι,
589 3105 682 3157 ἐπὶ
724 3104 972 3158 πλεῖστον
1013 3106 1072 3158 ἐν
1120 3102 1306 3174 κύκλῳ
1337 3103 1744 3174 διανεμόμεναι,
1771 3097 1894 3157 οἷον

302 3193 589 3262 θεμελίους
618 3193 768 3258 τινὰς
798 3193 1191 3264 ἀναλογοῦντας
1224 3193 1302 3265 τῷ
1335 3193 1492 3265 βάρει
1533 3194 1640 3248 τῶν
1678 3195 1881 3249 ἀνωθεν

301 3284 652 3358 ὐποτιθείσης
663 3287 756 3358 τῆς
772 3286 1003 3356 πεύσεως.
1017 3287 1187 3339 Πόσαι
1203 3285 1310 3339 τῶν
1323 3286 1518 3355 φλοιῶν
1530 3287 1585 3339 αί
1601 3286 1848 3358 διαφοραί
1865 3289 1877 3340 l

301 3377 388 3428 Τὰ
423 3378 520 3447 μὲν
545 3377 654 3448 γὰρ
686 3377 961 3446 λειόφλοια
985 3377 1094 3431 τῶν
1128 3377 1331 3448 φυτῶν,
1375 3376 1442 3430 τὰ
1481 3378 1539 3430 δὲ
1567 3377 1880 3449 ρηξίφλοιαο

301 3469 400 3522 καὶ
435 3468 503 3522 τὰ
539 3468 636 3539 μὲν
665 3469 936 3539 μονόλοπα
967 3469 1168 3529 αὐτῶν,
1188 3467 1258 3522 τὰ
1284 3468 1340 3521 δὲ
1370 3468 1700 3540 πολύπτυχα.
1737 3470 1802 3522 Ὃ
1824 3468 1882 3521 δὲ

303 3559 642 3631 θαυμαστὸν,
686 3562 767 3614 ὅτι
813 3563 906 3616 καὶ
952 3562 1054 3633 τῆς
1099 3561 1447 3633 ἀνθρωπίνης
1497 3563 1745 3633 νεότητος
1788 3563 1883 3616 καὶ

301 3651 402 3704 τοῦ
427 3653 612 3724 γήρως
640 3652 820 3726 εὕροις
845 3655 910 3708 ἂν
943 3656 1032 3708 καὶ
1060 3657 1118 3709 ἐν
1162 3657 1274 3720 τοῖς
1310 3657 1493 3725 φυτοῖς
1528 3654 1882 3726 παραπλήσια

302 3744 376 3798 τὰ
410 3743 808 3815 συμπτώματα.
859 3747 983 3810 Τοῖς
1031 3746 1129 3818 μὲν
1160 3747 1269 3822 γὰρ
1301 3749 1443 3812 νέοις
1473 3748 1568 3800 καὶ
1599 3746 1882 3801 εὐθαλέσιν

299 3838 338 3890 ὁ
370 3836 548 3906 φλοιὸς
579 3837 927 3908 περιτέταται
952 3837 1095 3906 (60)·
1137 3842 1248 3901 τοῖς
1289 3839 1345 3892 δὲ
1375 3841 1741 3910 γηράσκουσιν
1771 3833 1881 3893 οἷον

304 3928 602 3998 ρυσσοῦται
642 3930 734 3982 καὶ
781 3930 1190 3999 ἐκτραχύνεται.
1227 3931 1336 3983 Καὶ
1376 3931 1444 3984 τὰ
1504 3931 1603 4002 μὲν
1647 3931 1881 3985 κοπέντα

303 4017 690 4070 ὲπιϐλαστάνει
711 4037 722 4047 ·
754 4019 825 4072 τὰ
847 4019 902 4072 δὲ
930 4020 1079 4090 μένει
1106 4019 1377 4090 ἀδιάδοχα,
1406 4019 1595 4092 ῶσπερ
1623 4021 1744 4074 τινὰ
1783 4021 1880 4083 θά-

300 4127 466 4163 νατον
496 4110 596 4182 τὴν
625 4111 794 4183 τομὴν
826 4112 1207 4182 ὑπομείναντα.
1238 4112 1375 4182 Ἤδη
1400 4113 1456 4165 δέ
1475 4130 1621 4179 τινες
1645 4115 1881 4186 τετηρή-

303 4218 466 4254 κασιν
515 4203 914 4274 ἐκτεμνομένας
962 4203 995 4274 ἢ
1035 4203 1130 4256 καὶ
1163 4187 1550 4274 ἐπικαιομένας
1593 4203 1690 4268 τὰς
1724 4194 1882 4269 πίτυς

304 4295 390 4358 είς
421 4295 711 4367 δρυμῶνας
753 4296 1130 4366 μεθίστασθαι.
1165 4297 1300 4352 Τινά
1339 4296 1396 4350 δὲ
1448 4298 1542 4350 κα)⁸
1567 4298 1664 4368 τὴν
1691 4300 1754 4350 ἐκ
1784 4299 1883 4367 φύ-

307 4402 452 4450 σεως
505 4391 702 4441 κακίαν
757 4389 1094 4459 ἐπιμελείαις
1148 4390 1410 4460 γεωργῶν
1467 4389 1894 4460 θεραπευόμενα,

305 4478 552 4550 ἔγνωμεν
571 4474 732 4533 ⁸·οἷον
760 4481 857 4542 τὰς
887 4479 1066 4544 ὀξείας
1101 4480 1273 4550 ῥοιὰς,
1303 4480 1397 4533 καὶ
1422 4479 1528 4532 τῶν
1558 4480 1881 4551 ἀμυγδαλῶν

1986 1995 2188 2050 rendus
2267 1997 2572 2050 redeamus.
2649 1995 2788 2062 Quot
2849 2005 2978 2050 tunc
3033 1995 3287 2054 arborum
3355 2006 3555 2064 genera

1985 2101 2282 2154 emersere,
2337 2087 2440 2142 alia
2495 2088 2707 2157 quidem
2749 2087 3047 2158 frugifera,
3102 2087 3205 2142 alia
3251 2099 3381 2139 vero
3426 2099 3558 2138 con-

1985 2180 2258 2234 struendis
2308 2180 2466 2234 lectis
2515 2179 2729 2243 idonea,
2763 2181 2876 2235 haec
2901 2179 2968 2233 ad
3013 2178 3357 2234 fabricandas
3391 2189 3557 2230 naves

1985 2278 2108 2338 apta
2138 2307 2153 2333 ,
2185 2268 2272 2323 illa
2309 2269 2376 2324 ad
2413 2270 2800 2324 cremationem
2845 2269 3148 2324 destinata!
3199 2265 3255 2322 In
3301 2267 3386 2321 bis
3436 2281 3553 2320 rur-

1986 2372 2080 2412 sus
2116 2358 2265 2413 varia
2316 2367 2403 2414 est
2443 2360 2678 2428 partium
2717 2361 3138 2431 uniuscujusque
3177 2357 3390 2413 arboris
3439 2356 3558 2410 dis-

1985 2449 2184 2518 positio
2236 2468 2249 2504 :
2303 2451 2636 2519 singularum
2686 2462 2867 2512 autem
2931 2453 3186 2508 arborum
3248 2449 3558 2529 proprietas

1983 2539 2072 2592 vix
2121 2540 2424 2608 invenitur;
2460 2550 2518 2598 et
2553 2557 2738 2597 earum
2781 2559 2900 2615 quae
2927 2543 3125 2598 diversi
3157 2543 3373 2613 generis
3403 2552 3553 2605 sunt,

1984 2629 2277 2686 discrimen
2318 2634 2408 2686 vix
2461 2634 2931 2690 animadvertitur.
2976 2635 3258 2697 Quomodo
3303 2619 3437 2688 alize'
3465 2650 3554 2686 ar-

1983 2721 2146 2777 bores
2196 2723 2248 2777 in
2298 2724 2620 2793 profundum
2678 2736 2838 2796 agant
2887 2727 3119 2794 radices,
3168 2729 3286 2782 aliae
3335 2727 3553 2781 easdem

1984 2814 2038 2868 in
2069 2816 2353 2884 superﬁcie
2385 2817 2648 2872 habeant:
2680 2820 2763 2873 hae
2807 2811 3310 2890 rectae'assurgant,
3338 2819 3554 2885 sintque

1986 2907 2312 2975 unistirpes,
2359 2907 2464 2962 illae
2507 2908 2883 2976 deprimantur
2921 2908 3109 2973 humi,
3159 2916 3320 2978 atque
3365 2908 3552 2966 statim

1986 3013 2016 3053 a
2059 3000 2244 3055 radice
2291 2999 2344 3054 in
2381 3000 2562 3068 plures
2608 3001 2860 3056 caudices
2901 3000 3225 3056 dividantur.
3273 2999 3552 3067 Quomodo

1984 3103 2214 3158 quarum
2248 3090 2382 3143 rami
2414 3089 2608 3158 prolixi
2645 3097 2804 3154 sunt,
2848 3103 2912 3144 ac
2955 3091 3007 3144 in
3039 3104 3220 3145 aerem
3252 3089 3407 3143 valde
3449 3103 3548 3142 ex-

1985 3177 2366 3248 passi,barum
2417 3180 2581 3233 etiam
2617 3179 2896 3248 profundae
2926 3179 3036 3233 sint
3081 3179 3313 3243 radices,
3356 3185 3413 3232 et
3460 3175 3542 3229 la-

1987 3270 2193 3325 tissime
2222 3270 2273 3324 in
2308 3271 2493 3325 orbem
2536 3271 2837 3325 distributa:
2864 3287 2878 3324 :
2910 3269 3131 3339 perinde
3161 3269 3312 3339 quasi
3356 3267 3546 3322 funda—

1985 3370 2164 3415 menta
2201 3361 2445 3430 quaedam
2490 3362 2640 3416 oneri
2676 3361 3102 3432 impendentium
3145 3361 3551 3416 accommodata

1983 3452 2304 3522 subjecisset
2343 3463 2556 3508 natura.
2583 3454 2724 3519 Quot
2749 3454 3012 3509 corticum
3043 3462 3169 3509 sunt
3199 3451 3544 3507 discrimina!

1985 3543 2120 3598 Nam
2150 3543 2272 3599 aliis
2305 3544 2592 3600 arboribus
2630 3544 2786 3610 levis,
2831 3545 2951 3600 aliis
2989 3545 3179 3601 scaber
3207 3552 3289 3600 est
3321 3553 3546 3599 cortex:

1983 3635 2102 3689 alia;
2149 3635 2328 3700 unico,
2377 3634 2492 3689 aliae
2535 3635 2816 3703 multiplici
2850 3645 3100 3705 teguntur
3128 3635 3352 3690 cortice.
3397 3632 3549 3700 Quod

1984 3740 2110 3780 vero
2147 3725 2450 3780 mirandum
2484 3736 2600 3791 est,
2642 3741 2707 3780 ea
2741 3741 2860 3796 quae
2910 3726 3105 3795 plantis
3155 3725 3441 3791 accidunt,
3486 3739 3549 3779 ea

1982 3819 2284 3888 comperias
2324 3818 2482 3874 modo
2526 3817 2914 3889 haud'dispari
2952 3817 3225 3888 juventuti
3269 3816 3545 3872 hominum

1983 3930 2342 3996 acsenectut'i
2387 3931 2658 3994 accidere.
2705 3931 2991 3986 Enimvero
3021 3931 3247 3988 novellis
3274 3947 3337 3988 ac
3363 3932 3548 4002 vigen-

1986 4022 2126 4076 tibus
2178 4030 2384 4085 cortex,
2427 4022 2630 4077 circum
2690 4023 3044 4089 extenditur:
3091 4023 3183 4078 ubi
3233 4024 3547 4090 senuerint,

1983 4115 2136 4183 quasi
2189 4129 2417 4184 rugosus
2460 4123 2516 4170 et
2546 4129 2706 4182 asper
2743 4115 2942 4171 evadit.
2992 4115 3056 4170 Et
3083 4113 3206 4171 aiire
3239 4115 3548 4186 germinant

1981 4201 2108 4258 licet
2131 4203 2314 4258 incisa:
2341 4221 2356 4258 :
2386 4203 2505 4258 alia:
2534 4216 2712 4260 autem
2742 4206 2877 4259 citra
2911 4208 3308 4262 successionem
3340 4216 3395 4262 et
3428 4222 3550 4278 prov

1981 4294 2232 4365 paginem
2290 4305 2603 4364 remanent,
2645 4311 2910 4352 caesuram
2943 4298 3168 4368 perinde
3218 4307 3278 4352 ut
3317 4307 3546 4363 mortem

1982 4387 2272 4454 quamdam
2321 4402 2608 4457 perpessae.
2650 4387 2767 4442 Jam
2811 4403 2941 4443 vero
2978 4389 3237 4454 succisae,
3268 4397 3362 4445 aut
3387 4391 3547 4454 etiam

1982 4476 2291 4532 combustae
2332 4479 2491 4548 pinus
2519 4479 2738 4548 quidam
2787 4479 3147 4539 observarunt
3191 4481 3243 4534 in
3293 4491 3548 4559 querceta

303 4571 411 4635 τὰς
441 4571 788 4644 πικροτέρας,
823 4572 949 4624 ὅταν
977 4571 1348 4643 διατρηθεῖσαι
1389 4572 1450 4624 τὸ
1496 4571 1632 4643 πρὸς
1657 4575 1723 4643 τῇ
1758 4573 1882 4645 ῥίζῃ

1989 4570 2144 4623 verti.
2189 4567 2360 4625 Porro
2399 4571 2667 4625 naturalia
2719 4572 3076 4640 quarumdam
3115 4573 3370 4627 arborum
3415 4571 3548 4626 vitia

306 4662 560 4735 στέλεχος
581 4663 759 4732 σφῆνα
792 4664 1002 4734 πεύκης
1031 4663 1141 4733 (61)
1183 4663 1408 4735 λιπαρὸν
1444 4663 1885 4737 τῆςέντεριώνης

307 4756 487 4828 μέσης
515 4754 826 4809 διελαθέντα
851 4754 1128 4820 δέξωνται,
1156 4756 1237 4817 είς
1260 4755 1587 4827 εὐχρηστίαν
1605 4756 1882 4826 ¹μεταεῖάλ-

300 4847 460 4898 ὶςουσι
491 4846 612 4898 τότε
639 4845 734 4898 τοῦ
766 4845 943 4916 χυμοῦ·
973 4845 1071 4915 τὴν
1102 4843 1436 4914 δυσχέρειαν.
1466 4843 1671 4914 Μηδεὶς
1700 4841 1791 4898 οὖν
1823 4846 1882 4897 ἐν

301 4938 478 5008 κακίᾳ
499 4936 721 5004 διάγων,
753 4937 955 4990 ἑαυτὸν
971 4938 1414 5006 ἀπογινωσκέτω,
1441 4937 1594 5002 εἰδὼς
1618 4940 1699 4991 δτι
1718 4956 1884 5010 γεωρ-

302 5028 404 5095 γία
423 5028 532 5097 (62)
553 5030 651 5099 μὲν
667 5029 763 5092 τὰς
785 5029 891 5080 τῶν
911 5028 1092 5109 φυτῶν
1111 5029 1396 5100 ποιότητας
1414 5031 1757 5100 μεταϐάλλει,
1774 5035 1806 5104 ἡ
1824 5033 1882 5086 δὲ

416 5189 464 5220 ’⁸
487 5187 630 5242 Psal.
660 5203 733 5251 LI,
761 5187 845 5242 10.

517 5326 669 5408 Qolh.
692 5332 964 5388 secundus
992 5333 1210 5389 ἔπαινον
1240 5335 1494 5408 θηράσαι.

384 5396 496 5477 (ᾅθ)
537 5397 610 5450 lta
660 5408 891 5477 quatuor
933 5419 1065 5461 mss.
1109 5408 1268 5462 Deest
1295 5396 1401 5477 ’μέν
1445 5409 1502 5462 in
1541 5407 1701 5464 editis
1733 5408 1880 5472 etin

307 5466 465 5522 Colb.
493 5466 752 5524 secundo.

441 5535 496 5614 θ)
538 5539 610 5614 l_ta
633 5553 725 5592 sex
751 5555 878 5596 mss.
900 5541 1040 5614 Editi
1065 5545 1456 5614 παρατέταται,
1480 5563 1583 5602 ηοη
1609 5549 1677 5603 ita
1714 5558 1879 5604 recte.

410 5607 499 5688 61)
530 5608 722 5688 ,Ὅταν
869 5612 1077 5688 σμῆν-ᾳ
1103 5607 1354 5688 πεύκης,
1380 5607 1486 5676 etc.
1524 5618 1674 5688 Hunc
1706 5619 1880 5673 locum

306 5675 653 5752 paulogaliter
675 5675 1396 5752 exprimitAmlirosius'l'ib.
1432 5675 1490 5743 tu
1519 5687 1572 5741 in
1600 5688 1880 5752 Hexaem.,

309 5762 434 5816 cap.
467 5747 552 5817 l3,
590 5747 874 5806 num.r56:
918 5756 1222 5826 Amygdalis
1269 5772 1501 5830 quoque,
1545 5759 1746 5829 inquit,
1787 5747 1881 5812 hoc

1990 4661 2349 4732 agricolarum
2381 4663 2660 4734 diligentia
2704 4665 2882 4718 curari
2931 4665 3214 4732 novimus;
3247 4663 3546 4737 cuiusmodi

1983 4763 2113 4808 sunt
2141 4755 2267 4809 mali
2301 4756 2510 4824 punicae
2550 4749 2840 4826 acidm,’.et
2885 4758 3182 4828 amygdalae
3222 4760 3544 4824 amariores,

1982 4861 2123 4915 quae,
2167 4847 2255 4901 ubi
2317 4849 2596 4916 perforato
2639 4849 2706 4904 ad
2769 4837 3023 4904 radicem
3053 4853 3546 4922 truncopinguem

1982 4939 2148 5006 piceae
2205 4954 2437 4996 cuneum
2495 4956 2592 5010 per
2653 4942 2886 4996 mediam
2948 4943 3241 5008 medullam
3297 4944 3546 4998 adactum

1985 5033 2348 5101 susceperint,
2397 5042 2526 5090 tunc
2555 5036 2700 5094 succi
2729 5035 3211 5117 4.7.acerbitatem
3255 5037 3312 5091 in
3347 5037 3549 5103 bonum

1989 5357 2170 5411 genere
2217 5342 2470 5398 medicari
2526 5342 2768 5410 feruntur
2813 5342 3097 5412 agricola,
3140 5349 3197 5393 ut
3243 5355 3309 5412 ea;
3350 5341 3548 5397 amaris

1980 5410 2157 5465 dulces
2187 5413 2317 5480 ﬁant
2343 5415 2569 5481 fructus,
2597 5421 2655 5465 ut
2689 5423 2736 5466 et
2769 5410 3019 5467 terebrent
3050 5411 3165 5480 ejus
3195 5410 3426 5481 radicem
3455 5427 3550 5481 ar-

1981 5483 2140 5542 boris,
2169 5491 2215 5534 et
2250 5480 2563 5534 inmedium
2601 5484 2832 5536 inserant
2867 5481 3135 5536 surculum
3169 5480 3282 5548 ejus
3318 5480 3544 5544 arboris,

1978 5567 2134 5618 quam
2162 5549 2333 5604 (ἔνωεὶ
2361 5550 2589 5622 πεύκην,
2621 5567 2714 5622 nos
2751 5554 2950 5619 piceam
2979 5551 3202 5604 dicimus
3227 5563 3245 5603 :
3275 5565 3376 5622 quo
3407 5550 3547 5620 [acto

1979 5623 2119 5673 succi
2150 5621 2446 5674 amaritudo
2477 5621 2770 5688 deponitur.

2053 5690 2166 5769 (62)
2206 5689 2340 5762 Reg.
2371 5676 2612 5768 quintus,
2639 5693 2666 5746 ὁ
2691 5676 2954 5762 γεωργός,
2988 5696 3240 5762 agricola.
