3850 6218
370 278 463 332 ΤΗ
653 310 660 316 -
1708 280 1766 334 S.
1808 279 1945 336 BAS'

2092 280 2307 335 MAGNI
3547 276 3577 329 ί
3600 278 3665 330 l2

365 405 522 447 usum
556 398 935 443 transmittant.
971 389 1136 443 Nemo
1170 392 1333 462 igitur
1360 392 1412 446 in
1440 394 1571 448 vitio
1608 394 1831 466 degens,
1862 397 1929 451 de

2064 399 2151 449 ματ’
2183 398 2381 467 ἀρετὴν
2414 396 2512 466 τῆς
2560 394 2735 465 ψυχῆς
2765 392 3051 463 ἐπιμέλεια
3092 393 3287 463 δυνατή
3325 396 3449 446 ἐστι
3498 413 3634 448 παν

364 500 424 539 se
461 484 576 554 ipse
611 484 857 553 desperet
889 498 903 535 :
937 484 1080 537 haud
1130 487 1366 548 nescius,
1403 488 1711 557 plantarum
1748 491 1929 559 quali-

2064 489 2285 542 τοδαπῶν
2334 488 2783 560 ἀρρωστημάτων
2832 486 3218 556 ἐπικρατῆσαι.
3280 488 3344 538 Ἦ
3389 488 3455 539 δὲ
3510 488 3666 558 περὶ

363 582 503 629 tates
543 585 599 628 ut
655 562 983 643 ag'ricultura
1029 580 1349 630 commutari
1397 597 1408 631 :
1459 580 1533 632 ita
1587 582 1753 635 animi
1806 581 1933 635 dili-

2064 580 2135 642 ’ὰς
2164 578 2532 650 καρπογονίας
2566 574 2799 647 διαφορά
2826 575 2936 628 τῶν
2972 574 3263 646 καρπίμων
3288 576 3491 645 φυτῶν
3524 594 3668 628 τοσ-

362 668 566 738 gentia,
605 682 724 735 qua:
755 667 803 719 in
836 670 1214 736 consequeuda
1254 670 1451 723 virtute
1487 672 1789 726 adhibenda
1828 680 1931 735 est,

2064 671 2198 741 ιύτη,
2234 673 2364 741 ὅσην
2397 670 2505 723 οὐδ’
2553 670 2619 724 ἂν
2648 669 2895 723 ἐπελθεῖν
2932 686 3017 731 τις
3048 669 3299 740 δυνηθείη
3346 670 3426 740 τῷ
3462 670 3661 741 λόγῳ.

360 758 708 813 infirmitates
735 774 924 815 omnes
948 763 1189 831 superari
1228 778 1404 831 posse.
1430 763 1497 817 At
1528 780 1655 818 vero
1682 774 1827 818 tanta
1853 774 1935 819 est

2064 766 2108 817 ιύ
2138 765 2244 836 γὰρ
2282 764 2441 835 μόνον
2487 765 2545 815 ἐν
2591 766 2701 825 τοῖς
2732 762 3101 833 ἑτερογενέσιν
3130 763 3187 814 αἱ
3230 762 3505 834 διαφοραὶ
3539 764 3668 815 τῶν

363 848 741 919 frugiferarum
788 854 1042 906 arborum
1090 855 1142 906 in
1195 856 1419 907 edendis
1471 856 1734 910 fructibus
1779 856 1933 909 diffe-

2064 856 2284 927 ιαρπῶν,
2333 855 2447 909 ἀλλ’
2494 854 2593 925 ἥδη
2646 854 2741 907 καὶ
2782 856 2839 907 ἐν
2887 852 3035 923 αὐτῷ
3080 853 3158 923 τῷ
3202 854 3332 907 εῖδει
3357 854 3484 924 (65)
3553 856 3663 908 τοῦ

363 945 559 1009 rentia,
590 954 647 997 ut
683 960 750 999 ne
796 946 967 1013 possit
998 946 1212 1015 quidem
1262 948 1548 1017 quisquam
1590 964 1707 1001 eam
1753 949 1935 1003 verbis

2066 948 2248 1017 ένδρου
2278 948 2411 1000 πολύ
2446 947 2504 1000 τὸ
2531 947 2784 1017 διάφορον
2804 963 2817 975 ·
2848 947 3045 1013 ὅπουγε
3072 946 3165 999 καὶ
3192 946 3300 1016 (64)
3330 948 3508 1011 ἀλλος
3547 950 3663 1018 μὲν

364 1035 656 1104 explicare.
714 1036 830 1091 Non
879 1037 1024 1090 enim
1068 1036 1243 1090 solum
1292 1040 1344 1091 in
1398 1040 1684 1093 arboribus
1736 1054 1935 1110 genere

2064 1039 2321 1111 ςαρακτὴρ
2354 1038 2446 1092 τοῦ
2499 1037 2713 1109 καρποῦ
2760 1036 2867 1089 τῶν
2916 1038 3179 1109 ἀρρένων,
3220 1038 3378 1102 ἄλλος
3422 1040 3489 1091 δὲ
3531 1040 3661 1091 τῶν

362 1126 594 1180 diversis
627 1127 914 1182 diversitas
944 1128 1216 1194 reperitur
1258 1126 1526 1183 fructuum
1556 1144 1571 1183 :
1609 1130 1701 1185 sed
1732 1133 1784 1185 in
1820 1130 1933 1197 ipsa

2064 1130 2288 1201 ιηλειῶν,
2346 1132 2496 1202 παρά
2537 1130 2646 1182 τῶν
2692 1131 3008 1202 φυτουργῶν
3048 1130 3410 1200 διακέκριται,
3466 1133 3533 1183 οἰ
3586 1148 3661 1198 γε

365 1219 530 1272 etiam
588 1219 798 1273 arboris
866 1220 1046 1288 specie
1113 1220 1341 1274 multum
1419 1231 1501 1273 est
1570 1222 1930 1284 discriminis;

2064 1223 2131 1275 :ai.
2161 1224 2288 1285 τοὺς
2321 1223 2567 1291 φοίνικας
2596 1223 2677 1285 εἰς
2709 1222 2944 1291 ἄρρενας
2980 1222 3071 1274 καὶ
3105 1222 3320 1292 θηλείας
3351 1222 3656 1275 διιστῶσι.

367 1311 805 1379 quandoquidem
841 1312 944 1363 alia
986 1314 1035 1365 in
1071 1314 1326 1378 marium,
1369 1312 1470 1366 alia
1513 1314 1563 1366 in
1610 1314 1931 1365 feminarum

2064 1313 2147 1366 Lai.
2182 1313 2311 1376 ἴδοις
2339 1314 2403 1368 ἄν
2432 1330 2562 1366 ποτε
2591 1312 2689 1384 τὴν
2719 1313 2849 1383 παρ’
2880 1313 3062 1366 αὐτῶν
3086 1310 3503 1382 ὀνομαζομένην
3537 1312 3657 1380 θήο

368 1401 546 1457 fructu
590 1414 717 1457 nota
748 1406 999 1458 distincta
1031 1416 1112 1458 est
1146 1421 1175 1458 a
1208 1406 1456 1474 stirpium
1500 1406 1815 1466 cultoribus.
1845 1407 1934 1477 qui

2064 1423 2182 1459 ,ειαν
2216 1405 2494 1459 καθιεῖσαν
2520 1406 2646 1469 τούς
2680 1406 2928 1468 κλάδους,
2954 1400 3064 1457 οἷον
3093 1405 3366 1475 ὀργῶσαν,
3395 1406 3497 1458 καὶ
3536 1405 3657 1473 τῆς

367 1493 578 1549 scilicet
598 1496 810 1565 palmas
838 1499 998 1550 etiam
1032 1497 1085 1550 in
1119 1513 1295 1553 mares
1318 1512 1381 1552 ac
1414 1496 1644 1551 feminas
1672 1498 1932 1551 dividant.

2064 1497 2357 1568 τυμπλοκῆς
2390 1498 2688 1567 ἐφιεμένην
2728 1496 2822 1548 τοῦ
2853 1497 3099 1567 ἄρρενος,
3122 1496 3245 1557 τούς
3268 1495 3322 1548 δὲ
3353 1494 3657 1565 θεραπευ-

364 1587 543 1654 Atque
592 1586 879 1655 aliquando
904 1589 1088 1641 videas
1134 1604 1250 1642 eam
1300 1603 1418 1656 qum
1448 1589 1512 1641 ab
1562 1588 1692 1657 ipsis
1736 1588 1935 1643 fentina

2064 1589 2134 1654 ’ἀς
2176 1589 2284 1643 τῶν
2320 1590 2503 1659 φυτῶν
2547 1589 2916 1660 ἐμϐάλλοντας
2953 1592 3065 1652 τοῖς
3095 1588 3327 1652 κλάδοις,
3349 1582 3472 1640 οἷόν
3506 1603 3653 1640 τινα

367 1687 735 1745 nuncupatur,
793 1678 1165 1732 demittentem
1225 1693 1439 1743 ramos,
1498 1678 1643 1731 velut
1710 1678 1934 1732 libidine

2064 1682 2331 1753 τπέρματα
2380 1682 2489 1735 τῶν
2532 1683 2800 1753 ἀρρένων,
2833 1682 2961 1745 τοὺς
3002 1680 3328 1752 λεγομένους
3376 1680 3649 1748 ψῆνας·

364 1767 714 1832 concitatam,
751 1769 1022 1847 marisque
1070 1768 1374 1837 amplexum
1429 1779 1791 1838 appetentem.
1842 1768 1934 1824 Vli-

2064 1776 2133 1828 :ai.
2178 1774 2353 1837 οὕτως
2391 1770 2499 1828 οἷον
2533 1777 2589 1828 ἐν
2639 1775 2989 1846 συναισθήσει
3019 1775 3119 1844 τῆς
3153 1774 3512 1837 ἀπολαύσεως
3549 1774 3651 1841 yi-

334 1928 339 1933 Ξ
366 1857 495 1911 deas
541 1857 724 1910 itidem
756 1859 1011 1912 harumce
1043 1857 1295 1925 arborum
1325 1857 1560 1912 cultores
1606 1858 1749 1911 velut
1794 1873 1940 1927 quau

2064 1865 2225 1919 νεσθαι
2256 1868 2349 1919 καὶ
2375 1866 2731 1937 ἀνορθοῦσθαι
2762 1866 2920 1920 πάλιν
2942 1867 3068 1929 τοὺς
3093 1866 3337 1929 κλάδους,
3368 1866 3463 1917 καὶ
3489 1864 3650 1935 πρὸς

369 1950 491 2002 dam
552 1949 910 2004 mascularum
981 1950 1192 2004 semina
1249 1965 1369 2020 quas
1427 1966 1605 2018 paene:
1654 1960 1937 2016 vocantur,

2064 1959 2098 2011 τὸ
2121 1960 2318 2013 οἰκεῖον
2347 1960 2530 2030 σχῆμα
2556 1958 2650 2012 τοῦ
2691 1959 2856 2030 φυτοῦ
2892 1960 2991 2030 τὴν
3032 1959 3207 2029 κόμην
3250 1958 3646 2012 ἀποκαθίστα-

369 2038 538 2093 ramis
567 2036 683 2107 ejus
732 2040 1052 2103 immittere;
1089 2038 1271 2107 sicque
1302 2040 1473 2106 ipsam
1519 2039 1671 2108 quasi
1706 2040 1759 2093 in
1806 2040 1938 2092 frui-

2064 2050 2190 2105 πθαι,
2224 2050 2306 2103 Τά
2340 2052 2481 2104 αὐτά
2507 2051 2563 2103 δέ
2597 2032 2768 2105 ταῦτα
2802 2052 2895 2104 καὶ
2926 2053 3053 2121 περὶ
3084 2051 3193 2103 τῶν
3226 2050 3406 2104 συκῶν
3434 2068 3643 2116 φασιν.

374 2131 540 2183 tionis
570 2146 732 2185 sensu
774 2132 1150 2195 constitutam,
1181 2133 1375 2187 iterum
1423 2146 1601 2185 ramos
1629 2132 1857 2202 erigere,
1888 2142 1942 2186 et

2064 2143 2207 2195 ὈΟεν
2240 2144 2288 2195 οἱ
2333 2143 2431 2213 μὲν
2470 2142 2570 2206 τὰς
2611 2143 2809 2212 ἀγρίας
2836 2143 2945 2213 (65)
2978 2144 3147 2205 συκᾶς
3176 2140 3645 2213 παραφυτεύουσι

372 2224 532 2291 hujus
563 2224 775 2277 arboris
806 2239 1013 2278 comam
1058 2225 1122 2279 ad
1175 2224 1447 2295 propriam
1483 2222 1707 2277 formam
1740 2226 1935 2279 redire.

2064 2235 2159 2297 παῖς
2224 2233 2491 2304 ἡμέροις·
2561 2235 2611 2286 οἱ
2656 2235 2715 2289 δὲ
2767 2236 2893 2297 τούς
2962 2233 3214 2296 ὀλύνθους
3274 2233 3641 2302 ἐκδήσαντες,

372 2316 541 2370 Porro
586 2316 817 2385 idipsum
870 2317 1031 2370 etiam
1083 2324 1314 2370 narrant
1359 2317 1423 2368 de
1473 2315 1609 2369 ficis.
1646 2315 1797 2370 Unde
1850 2314 1939 2369 alii

2064 2324 2149 2377 τῶν
2206 2324 2500 2395 εὐκάρπων
2548 2326 2643 2380 καὶ⁵
2694 2328 2916 2398 ἡμέρων
2985 2326 3191 2379 συκῶν»
3241 2325 3339 2397 τὴν
3405 2326 3641 2380 ἀτονίαν

372 2407 587 2473 quidem
616 2406 764 2474 ,ficos
798 2407 1072 2463 silvestres
1103 2407 1255 2475 juxta
1292 2408 1577 2463 horteuses
1606 2418 1896 2463 conserunt
1926 2428 1939 2463 :

2066 2416 2254 2481 ῶνται,
2292 2419 2481 2489 ῥέοντα
2527 2419 2625 2490 ἤδη
2677 2422 2771 2472 καὶ
2823 2420 3245 2490 σκεδαννύμενον
3276 2421 3366 2472 τὸν
3407 2421 3640 2490 καρπὸν

372 2499 460 2551 alii
493 2514 623 2553 vero
650 2514 868 2567 grossos
910 2500 1151 2569 capriﬁci
1197 2500 1496 2555 fructuosis
1538 2516 1602 2555 ac
1634 2501 1944 2557 domesticis

2064 2512 2155 2573 τοῖς
2180 2509 2421 2573 ὀλύνθοις
2459 2510 2765 2580 ἐπέχοντες.
2790 2512 2853 2562 Τί
2887 2528 2967 2565 σοι
3013 2512 3073 2564 τὸ
3107 2511 3256 2583 παρά
3285 2511 3385 2580 τῆς
3410 2512 3639 2579 φύσεως

374 2588 491 2644 ficis
532 2588 834 2658 alligantes,
867 2591 1104 2659 ipsarum
1139 2592 1420 2646 medentur
1456 2592 1781 2656 infirmitati,
1809 2592 1945 2661 jam-

2064 2599 2273 2669 ιίνιγμα
2300 2599 2546 2669 βούλεται
2571 2600 2719 2669 (66);
2752 2601 2871 2653 Ὀτι
2902 2601 3008 2671 χρὴ
3054 2600 3313 2664 πολλάκις
3344 2603 3492 2670 ἡμᾶς
3538 2601 3638 2653 καὶ

370 2694 476 2748 que
509 2680 837 2735 diffluentem
884 2698 947 2735 ac
996 2693 1411 2738 evanescentem
1455 2683 1689 2738 fructum
1741 2686 1945 2754 grossis

2064 2691 2199 2761 ιταρά
2261 2690 2370 2743 τῶν
2431 2689 2726 2761 ἀλλοτρίων
2772 2691 2872 2760 τῆς
2928 2692 3161 2755 πίστεως
3208 2693 3449 2745 εὐτονίαν
3505 2690 3639 2745 τινὰ

369 2771 611 2841 caprifici
673 2774 969 2827 continent.
1031 2774 1169 2839 Quid
1228 2775 1340 2828 vult
1394 2776 1493 2829 sibi
1554 2776 1685 2829 illud
1742 2786 1945 2829 natura

2064 2781 2486 2851 προσλαμϐάνειν
2515 2784 2592 2846 εἰς
2618 2782 2715 2852 τὴν
2744 2782 2851 2835 τῶν
2885 2783 3103 2852 ἀγαθῶν
3136 2784 3311 2854 ἔργων
3338 2782 3636 2847 ἐπίδειξιν.

364 2864 711 2933 exemplum?
762 2866 915 2931 Quod
959 2882 1055 2920 nos
1090 2866 1169 2920 vel
1202 2868 1268 2921 ab
1309 2868 1374 2922 iis
1424 2868 1577 2936 quia
1630 2867 1731 2921 ﬁde
1786 2866 1945 2920 alieni

2064 2873 2187 2927 Ἐἀν
2211 2873 2318 2943 γὰρ
2346 2874 2458 2945 ἴδῃς
2486 2874 2576 2926 τὸν
2613 2876 2669 2927 ἐν
2705 2874 2803 2945 βίῳ
2832 2875 3052 2945 ἐθνικῴ,
3088 2878 3120 2947 ἢ
3157 2876 3263 2929 ἀπό
3290 2894 3433 2939 τινος
3467 2877 3643 2945 αἱρέ-

370 2966 532 3019 sunt,
587 2957 846 3025 impetum
897 2957 1185 3025 quemdam
1220 2973 1281 3012 ac
1322 2961 1561 3029 vigorem
1603 2960 1669 3013 ad
1715 2959 1945 3012 dandum

2064 2983 2189 3029 rato;
2234 2966 2618 3037 ἐνδιαστρόφου
2666 2967 2763 3036 τῆς
2830 2968 3152 3037 Ἑκκλησίας
3208 2970 3641 3047 ἀπεσχισμὲγσθ,

374 3050 638 3102 bonorum
687 3063 911 3117 operum
974 3052 1244 3118 specimen
1311 3065 1453 3120 saepe
1503 3052 1750 3120 accipere
1782 3052 1945 3106 debe-

2064 3057 2169 3125 βίου
2202 3056 2477 3129 σώφρονος
2508 3059 2601 3110 καὶ
2628 3058 2727 3127 τῆς
2753 3058 2945 3129 λοιπῆς
2976 3062 3115 3113 κατὰ
3138 3061 3198 3113 τὸ
3218 3056 3345 3131 ἦθος
3374 3061 3642 3127 εὐταξίας

374 3153 513 3193 mus.
542 3139 754 3193 Etenim
808 3144 850 3195 si
894 3142 1091 3196 videris
1128 3158 1272 3209 eum,
1304 3145 1393 3212 qui
1436 3156 1527 3199 aut
1563 3144 1723 3198 vitam
1772 3145 1945 3198 ethni-

372 3246 491 3285 cam
529 3234 661 3299 agit,
691 3243 785 3287 aut
813 3235 881 3287 ob
921 3250 1232 3302 perversam
1268 3238 1559 3304 quamdam
1592 3235 1843 3290 haaresim
1873 3237 1942 3290 ab

372 3322 611 3377 Ecclesia
652 3326 920 3379 abscissus
963 3337 1065 3387 est,
1109 3327 1288 3395 proba:
1327 3343 1389 3379 ac
1438 3329 1764 3381 continentis
1800 3328 1939 3391 vitae,

371 3420 429 3466 ct
456 3414 677 3482 reliquae
707 3416 928 3470 moralis
960 3416 1259 3484 disciplina:
1287 3418 1587 3473 studiosum
1622 3433 1767 3482 esse;
1799 3426 1943 3472 tuatn

373 3507 544 3575 magis
597 3508 813 3562 intende
868 3510 1238 3571 sedulitatem,
1282 3518 1341 3563 ut
1404 3509 1694 3565 fructifera:
1738 3510 1841 3563 fico
1879 3526 1944 3565 ex

2051 3148 2497 3218 ἐπιμελούμενον,
2530 3148 2711 3202 πλεῖον
2752 3151 2977 3203 σεαυτοῦ
3006 3152 3067 3204 τὸ
3113 3153 3398 3205 σπουδαῖον
3426 3154 3644 3207 ἐπίτει-

2048 3257 2157 3303 νον,
2187 3241 2273 3293 ἴνα
2314 3241 2449 3314 γένῃ
2489 3242 2869 3313 παραπλήσιος
2902 3246 2966 3312 τῇ
3011 3245 3343 3315 καρποφόρῳ
3379 3247 3546 3315 συκῇ,
3577 3247 3645 3298 ἐκ

2047 3332 2145 3401 τῆς
2172 3332 2280 3385 τῶν
2316 3334 2524 3405 ἀγρίων
2574 3335 2873 3405 παρουσίας
2903 3336 3229 3409 ἀθροιζούσῃ
3260 3338 3357 3407 τὴν
3379 3336 3645 3407 δύναμιν,

2050 3426 2142 3477 καὶ
2184 3427 2282 3497 τὴν
2323 3427 2422 3497 μὲν
2467 3426 2622 3498 ῥύσιν
2661 3428 2953 3499 ὲπεχούσῃ,
2994 3430 3414 3500 ἐπιμελέστερον
3452 3430 3513 3483 δὲ
3547 3431 3646 3482 τὸν

2052 3518 2263 3585 καρπὸν
2296 3520 2408 3589 (67)
2436 3520 2795 3592 ἐκτρεφούσῃ.

378 3596 764 3667 caprificorum
809 3600 1095 3670 praesentia
1134 3602 1402 3674 colligenti
1450 3605 1592 3657 vires
1624 3609 1681 3658 et
1710 3600 1997 3659 defluvium
2039 3608 2333 3679 cohibenti,
2378 3611 2721 3683 fructumque
2748 3614 3053 3683 diligentius
3096 3614 3407 3680 enutrienti,
3439 3612 3647 3670 similis

369 3692 589 3746 evadas.

447 3784 499 3838 8.
543 3782 706 3840 Tales
754 3785 917 3855 igitur
953 3795 1080 3841 sunt
1130 3787 1275 3842 circa
1312 3788 1674 3857 generationis
1729 3786 1943 3841 modum

374 3875 693 3931 diﬂ‘erentite
728 3877 1057 3946 plantarum,
1098 3888 1157 3932 ut
1197 3894 1366 3948 pauca
1410 3879 1697 3931 admodum
1732 3878 1795 3931 de
1833 3877 1948 3945 plu-

373 3969 529 4024 rimis
573 3969 834 4024 dicamus.
882 3969 1121 4039 lpsorum
1166 3981 1345 4024 autem
1395 3970 1665 4024 fructuum
1715 3970 1950 4022 varii-ta-

374 4067 509 4125 tem,
539 4061 761 4131 figuras,
789 4061 1024 4125 colores,
1054 4076 1303 4131 saporum
1334 4062 1744 4130 proprietatem,
1773 4060 1951 4112 unius-

376 4153 636 4223 cujusque
660 4154 943 4207 utilitatem
969 4154 1090 4223 quis
1122 4168 1405 4208 recensere
1434 4154 1641 4221 possit?
1670 4153 1949 4219 Quomodo

376 4246 593 4314 quidam
628 4246 753 4299 nudi
797 4256 1103 4315 coquantur
1145 4261 1173 4298 a
1206 4246 1339 4310 sole,
1385 4246 1602 4315 quidam
1638 4259 1766 4299 vero
1800 4254 1950 4313 puta-

374 4338 611 4391 minibus
662 4340 930 4401 contecti,
973 4338 1377 4407 compleantur;
1413 4346 1467 4391 et
1513 4352 1739 4407 quarmn
1789 4337 1947 4388 arbo-

377 4445 499 4482 rum
532 4438 683 4483 tener
708 4438 791 4483 est
831 4430 1060 4494 fructus,
1096 4432 1147 4485 in
1180 4432 1244 4486 iis
1270 4446 1515 4486 crassum
1547 4433 1617 4483 sit
1650 4430 1761 4484 folii
1801 4440 1949 4499 tegu-

379 4531 640 4586 mentum,
684 4521 827 4575 velut
858 4522 907 4574 in
953 4521 1085 4575 fico:
1128 4538 1356 4591 quarum
1399 4538 1527 4574 vero
1576 4522 1781 4574 fructus
1826 4531 1952 4573 sunt

384 4611 672 4677 firmiores,
701 4612 816 4665 leve
855 4612 927 4665 sit
971 4612 1222 4666 foliorum
1260 4621 1532 4674 tutamen,
1576 4613 1652 4665 uti
1689 4612 1740 4664 in
1792 4626 1948 4664 nuce.

380 4700 514 4757 Nam
549 4702 653 4756 illis
675 4705 741 4757 ob
766 4704 1095 4757 debilitatem
1141 4704 1380 4759 subsidio
1407 4703 1611 4772 majore
1644 4716 1775 4768 opus
1799 4708 1913 4754 erat
1940 4717 1953 4753 :

384 4796 469 4850 his
514 4811 642 4849 vero
680 4798 912 4852 amictus
965 4797 1204 4851 crassior
1250 4807 1470 4866 pr0pter
1522 4794 1796 4848 frondium
1839 4808 1950 4845 utn-

383 4889 538 4943 bram
573 4890 866 4944 nocuisset.
894 4890 1174 4956 Quomodo
1205 4888 1462 4944 difﬁssum
1494 4890 1566 4942 sit
1594 4886 1719 4940 vitis
1746 4884 1953 4949 folium,

384 4990 446 5033 ut
496 4995 596 5032 uva
630 4988 685 5033 et
735 4982 874 5033 aeris
913 4979 1129 5048 injuriis
1179 4980 1427 5043 resistat,
1477 4987 1531 5031 et
1567 4978 1774 5031 radium
1828 4975 1958 5029 solis

388 5083 485 5138 per
517 5069 660 5124 illius
700 5072 982 5125 raritatem
1030 5071 1263 5126 ubertim
1309 5072 1592 5140 suscipiat.
1651 5067 1793 5122 Nihil
1841 5070 1959 5122 sine

462 5228 805 5301 (63iEditioA
854 5228 1020 5285 Basil.
1052 5245 1173 5301 cum
1230 5238 1352 5301 octo
1398 5242 1554 5301 mss,
1594 5228 1650 5279 ὲν
1683 5225 1831 5297 αὐτῷ
1879 5226 1959 5297 τῷ

387 5299 537 5353 εῖδει.
569 5300 745 5370 Editio
784 5299 981 5364 Paris.,
1016 5302 1073 5353 ἐν
1101 5299 1179 5370 τῷ
1207 5299 1357 5370 αὐτῷ
1386 5299 1534 5351 εῖδει,

462 5370 576 5440 (64)
619 5369 709 5425 Sic
733 5383 863 5425 mss.
895 5367 1217 5440 trestDee'st
1247 5367 1340 5422 καί
1363 5370 1415 5421 in
1449 5367 1682 5424 excusis.

468 5438 583 5512 (βξ)
612 5440 697 5512 _lta
716 5455 823 5512 _sex
860 5456 989 5495 mss.
1022 5438 1159 5493 Editi
1190 5442 1434 5512 ἀγρίους.

461 5508 573 5631 $66)
611 5510 685 5563 Ita
716 5510 847 5595 Reg.
879 5522 1102 5564 oetavus
1132 5508 1435 5591 cum'Colb.
1462 5509 1697 5564 secundo
1722 5518 1776 5564 et
1806 5508 1962 5563 Com-

485 5616 497 5629 .
526 5580 691 5631 Abest
727 5581 970 5631 Βουλεται
999 5581 1065 5631 ab
1094 5581 1275 5631 editis.

390 5579 497 5634 bef.
526 5580 691 5648 Abest
725 5580 970 5648 βούλεται
999 5581 1065 5633 ab
1094 5581 1275 5634 editis.

466 5648 577 5718 (ἑῇ)
618 5647 757 5718 Editi
785 5665 903 5703 cum
939 5666 1045 5704 uno
1085 5661 1175 5703 aut
1208 5650 1375 5704 altero
1413 5665 1514 5703 ms.
1542 5650 1666 5711 τοὺς
1693 5647 1955 5718 καρπούς.

398 5711 740 5771 Δι’ϐοηώοί.
768 5733 885 5772 cum
916 5720 1032 5775 aliis
1065 5730 1294 5784 quatuor
1328 5734 1458 5775 mss.
1492 5720 1583 5771 τὸν
1617 5711 1848 5788 καρπόν.

1926 5824 1959 5831 ..ρ

2120 3788 2173 3842 8.
2204 3786 2468 3840 Τοιαῦται
2498 3786 2594 3857 μὲν
2619 3782 2712 3839 οὖν
2741 3788 2797 3841 αἱ
2828 3790 2956 3859 περὶ
2982 3788 3074 3841 τὸν
3101 3790 3301 3860 τρόπον
3342 3790 3439 3858 τῆς
3482 3792 3649 3858 γενέο

2052 3893 2187 3938 σεως
2216 3874 2393 3928 αὐτῶν
2426 3874 2698 3945 διαφοραὶ,
2738 3875 2811 3937 ὼς
2840 3876 3096 3946 ἐλάχιστα
3134 3880 3305 3930 εἰπεῖν
3338 3878 3447 3931 ἀπὸ
3482 3880 3649 3933 πλεί-

2053 3983 2212 4018 στων.
2235 3963 2423 4017 Αὐτῶν
2443 3964 2499 4015 δέ
2515 3964 2623 4018 τῶν
2646 3965 2874 4035 καρπῶν
2898 3968 2980 4028 τίς
3006 3966 3070 4020 ἂν
3096 3969 3311 4021 ἐπέλθοι
3334 3968 3430 4039 τὴν
3453 3987 3647 4024 ποικι-

2052 4057 2192 4120 λίαν,
2220 4056 2289 4108 τά
2318 4058 2594 4125 σχήματα,
2624 4056 2722 4118 τὰς
2752 4056 2939 4126 χρόας,
2958 4057 3064 4109 τῶν
3087 4060 3274 4129 χυμῶν
3308 4060 3403 4129 τὴν
3438 4061 3648 4132 ἰδιότη-

2053 4166 2142 4213 τα,
2175 4147 2236 4199 τὸ
2265 4148 2357 4215 ἀφ’
2400 4146 2628 4199 ἑκάστου
2668 4148 2967 4218 χρήσιμον;
3008 4149 3131 4212 Πῶς
3159 4150 3279 4202 τινὰ
3320 4150 3418 4219 μὲν
3451 4152 3648 4220 γυμνὰ

2060 4239 2330 4292 πέπτεται
2389 4238 2465 4308 τῷ
2506 4239 2639 4309 ἡλίῳ
2666 4239 2817 4307 .(68),
2858 4239 2980 4292 τινὰ
3018 4240 3075 4292 δὲ
3116 4242 3174 4294 ἐν
3202 4241 3444 4313 ἐλύτροις
3467 4260 3644 4297 κεκα-

2058 4331 2311 4403 λυμμένα
2334 4330 2669 4401 πληροῦται;
2718 4333 2811 4384 καὶ
2852 4324 2925 4384 ὧν
2964 4332 3062 4401 μὲν
3096 4333 3302 4395 ἁπαλὸς
3340 4335 3367 4385 ό
3399 4336 3643 4404 καρπὸς,

2059 4421 2202 4489 παχὺ
2225 4418 2316 4471 τοῦ
2344 4418 2542 4487 φύλλου
2570 4419 2629 4470 τὸ
2651 4422 3068 4493 σκεπαστήριον,
3099 4421 3174 4485 ὼς
3196 4424 3285 4474 ἐπὶ
3310 4424 3407 4492 τῆς
3436 4426 3643 4495 συκῆς,

2056 4505 2130 4565 ὧν
2164 4512 2220 4563 δὲ
2262 4513 2310 4563 οἱ
2347 4511 2547 4582 καρποὶ
2588 4511 3003 4584 στεγανώτεροι,
3046 4513 3258 4584 ἐλαφρὰ
3291 4515 3395 4567 τῶν
3424 4515 3647 4583 φύλλων

2062 4606 2093 4674 ἠ
2148 4602 2385 4674 προϐολὴ
2430 4602 2563 4671 (69),
2614 4602 2688 4665 ὡς
2729 4603 2820 4654 ἐπὶ
2864 4604 2965 4673 τῆς
3008 4603 3250 4675 καρύας;
3284 4606 3405 4657 Ὅτι
3453 4607 3647 4661 ἐκεῖνα

2064 4696 2161 4765 μὲν
2186 4695 2271 4748 διὰ
2293 4695 2354 4747 τὸ
2376 4694 2599 4757 ἀσθενὲς
2622 4693 2863 4757 πλείονος
2893 4695 3063 4748 ἐδεῖτο
3091 4696 3190 4766 τῆς
3218 4695 3490 4768 βοηθείας·
3515 4699 3648 4752 τού-

2057 4804 2169 4849 τοις
2203 4787 2247 4839 δ’
2276 4786 2342 4840 ἂν
2374 4785 2715 4858 προσϐλαϐὴς
2749 4787 2962 4855 ἐγένετο
3002 4789 3033 4856 ἡ
3066 4788 3348 4860 παχυτέρα
3378 4789 3645 4862 περιϐολὴ

2060 4878 2125 4929 ἐκ
2151 4877 2250 4947 τῆς
2270 4877 2366 4930 ἀπ’
2394 4877 2574 4930 αὐτῶν
2607 4879 2783 4940 σκιᾶς.
2811 4878 2935 4940 Πῶς
2965 4880 3313 4949 κατέσχισται
3337 4881 3435 4950 τῆς
3458 4883 3641 4951 ἀμπέ-

2059 4969 2151 5023 λου
2179 4968 2239 5021 τὸ
2278 4967 2493 5036 φύλλον,
2530 4968 2615 5023 ἵνα
2640 4970 2733 5022 καὶ
2761 4969 2896 5039 πρὸς
2920 4969 3017 5032 τὰς
3044 4972 3108 5023 ἐκ
3130 4971 3222 5024 τοῦ
3244 4971 3404 5042 ἀέρος
3434 4973 3645 5041 βλάϐας

2061 5063 2089 5114 ὁ
2115 5064 2308 5134 βότρυς
2344 5063 2566 5135 ἀντέχῃ,
2596 5064 2689 5115 καὶ
2729 5064 2828 5135 τὴν
2875 5065 3068 5119 ἀκτῖνα
3100 5067 3195 5118 τοῦ
3223 5066 3373 5137 ἡλίου
3418 5067 3509 5119 διὰ
3540 5067 3642 5136 τῆς

2138 5221 2248 5296 (68)
2291 5221 2443 5296 Coll).
2468 5224 2735 5296 secundus
2781 5225 2965 5293 γυμνά
3014 5225 3339 5296 πεπαίνεται
3381 5223 3460 5294 τῷ
3508 5224 3645 5296 ἡλίῳ

2066 5291 2565 5363 παραδεικνύμενα,
2606 5294 2750 5346 nuda
2787 5291 3107 5362 coquuntur,
3154 5295 3198 5347 si
3229 5295 3332 5347 soli
3377 5291 3644 5359 exportari-

2067 5375 2171 5416 tur.
2218 5365 2350 5434 Reg.
2390 5363 2581 5418 tertius
2629 5363 2894 5417 πέπτεται
2946 5366 3023 5434 τῷ
3076 5364 3209 5435 ἡλίῳ
3274 5365 3643 5434 παραδεικνύ-

2069 5450 2248 5573 μεῖἕθ)
2287 5503 2439 5575 Golb.
2466 5505 2731 5575 secundus
2770 5503 2987 5573 φύλλων
3014 5507 3047 5575 ὴ
3082 5504 3362 5574 περιϐολή,
3395 5504 3639 5572 [aliarum

2065 5576 2307 5645 amictus.
2334 5573 2518 5629 Lectio
2552 5574 2777 5643 optima.
2810 5576 2947 5628 Editi
2984 5573 3105 5645 cum
3138 5576 3262 5645 aliis
3290 5573 3419 5628 mss.
3452 5577 3487 5643 ή
3518 5592 3641 5645 προ-

2065 5642 2216 5763 ξέοζιήἶ
2252 5643 2381 5713 Reg.
2415 5642 2604 5701 terlius
2647 5646 2700 5697 αἱ
2736 5646 2972 5716 ἐλαφραὶ
3006 5644 3113 5698 τῶν
3148 5643 3361 5713 φύλλων
3398 5647 3450 5697 αἱ
3478 5642 3483 5643 ⁷
3507 5642 3637 5715 προ·-

2102 5732 2126 5765 υ
2150 5731 2237 5768 και.
