3850 6218
130 264 230 318 115

1267 265 1554 322 HOMILIA
1603 267 1646 321 ν
1689 265 1755 321 ΙΝ
1797 265 2300 323 HEXAEMERON.

3297 265 3397 321 H4

122 382 446 454 ἀραιότητος
507 381 744 451 δαψιλῶς
801 382 1136 452 ὑποδέχηται
1166 400 1179 446 ;
1213 385 1381 438 Οὐδὲν
1435 385 1710 439 ἀναίτιον·

1826 400 2006 448 causa,
2031 385 2163 440 nihil
2193 395 2393 440 temere
2419 383 2618 447 factum
2650 397 2774 442 est:
2805 387 2990 442 omnia
3025 387 3094 442 ab
3133 382 3398 446 ineti‘sirili

121 475 274 528 οὐδὲν
335 473 446 528 ἀπὸ
505 473 847 546 ταυτομάτου
879 493 891 505 ο
951 476 1131 528 πάντα
1177 475 1290 546 ἔχει
1345 476 1468 529 τινὰ
1521 477 1712 545 σοφίαν

121 567 458 638 ἀπόρρητον.
488 566 584 630 Τίς
615 565 682 619 ἂν
707 565 950 636 ἐφίκοιτο
985 566 1176 636 λόγος;
1217 568 1344 633 Πῶς
1375 568 1712 641 ἀνθρώπινος

121 659 250 722 νοῦς
275 658 454 712 πάντα
493 659 612 728 μετ’
646 658 935 730 ἀκριϐείας
983 660 1224 726 ἐπέλθοι,
1268 660 1409 714 ὥστε
1445 662 1541 714 καὶ
1581 680 1713 716 κατ-

121 753 252 806 ιδεῖν
281 753 380 814 τὰς
422 751 709 821 ἰδιότητας,
754 752 850 804 καὶ
886 751 985 818 τὰς
1029 753 1166 824 πρὸς
1188 753 1419 806 ἕκαστον
1449 753 1712 826 διαφορὰς

119 841 368 912 ἐναργῶς
391 841 682 910 διακρῖναι,
706 842 802 894 καὶ
825 839 926 904 τὰς
955 839 1340 914 κεκρυμμένοις
1365 840 1541 902 αἰτίας
1561 841 1713 893 ἀνεν-

116 929 258 992 δεῶς
303 930 692 1000 παραστῆσαι;
737 931 832 984 Ἓν
861 929 1030 1002 ὕδωρ,
1059 930 1148 984 διά
1177 930 1276 1000 τῆς
1306 929 1460 1001 ῥίζης
1485 931 1712 1002 ἑλκόμε-

119 1039 234 1086 νον,
286 1021 462 1084 ἄλλως
511 1021 608 1092 μὲν
643 1020 834 1092 τρέφει
872 1022 972 1093 τὴν
1019 1023 1176 1094 ῥίζαν
1221 1022 1414 1092 αὐτὴν,
1451 1022 1624 1086 ἄλλως
1654 1023 1712 1076 δὲ

116 1115 216 1166 τὸν
261 1113 448 1182 φλοιὸν
487 1113 582 1166 τοῦ
629 1113 934 1184 στελέχους,
979 1115 1074 1167 καὶ
1103 1113 1278 1178 ἄλλως
1318 1113 1376 1166 τὸ
1418 1113 1589 1179 ξύλον,
1617 1116 1711 1167 καὶ

116 1207 224 1276 τὴν
255 1204 578 1278 ἐντεριώνην
607 1205 832 1276 ἑτέρως.
867 1206 940 1259 Τὸ
973 1207 1102 1259 αὐτὸ
1132 1207 1226 1258 καὶ
1254 1206 1448 1275 φύλλον
1478 1207 1706 1274 γίνεται,

119 1299 220 1350 καὶ
261 1297 343 1360 εἰς
383 1296 694 1368 ἀκρέμονας
743 1299 838 1351 καὶ
887 1298 1118 1361 κλάδους
1169 1295 1581 1367 κατασχίζεται,
1617 1299 1710 1351 καὶ

117 1391 235 1452 τοῖς
262 1391 496 1460 καρποῖς
529 1389 758 1460 παρέχει
800 1389 900 1460 τὴν
933 1389 1180 1461 αὔξησιν,
1219 1392 1314 1444 καὶ
1343 1390 1579 1462 δάκρυον
1615 1389 1707 1444 τοῦ

117 1481 298 1550 φυτοῦ
325 1481 417 1535 καὶ
441 1481 572 1544 ὀπὸς
597 1484 660 1534 ἐκ
684 1483 783 1553 τῆς
809 1483 981 1552 αὐτῆς
1006 1483 1184 1546 αἰτίας
1208 1483 1320 1553 (70)
1348 1482 1704 1554 προέρχεται·

116 1569 206 1636 οἷς
226 1573 364 1645 πόση
391 1573 528 1646 πρὸς
551 1573 757 1644 ἄλληλὰ
771 1577 918 1627 ἐστιν
944 1577 977 1645 ἡ
1003 1574 1257 1645 διαφορὰ,
1274 1573 1450 1638 οὐδεὶς
1469 1573 1535 1627 ἂν
1555 1574 1710 1643 λόγος

115 1665 377 1730 ἐξίκοιτο.
413 1665 574 1718 Ἀλλο
603 1665 713 1738 γὰρ
739 1665 832 1719 τοῦ
861 1667 1043 1748 σχίνου
1066 1666 1127 1718 τὸ
1151 1666 1408 1748 δάκρυον,
1437 1668 1532 1719 καὶ
1552 1665 1709 1729 ἄλλος

112 1760 144 1809 ὁ
173 1757 315 1820 ὀπὸς
351 1757 444 1812 τοῦ
486 1730 762 1829 βαλσάμου
784 1776 797 1790 ·
843 1730 940 1814 xui.
975 1730 1432 1830 νάρθηκέςΙτινες
1478 1758 1571 1811 ἐπὶ
1610 1761 1709 1829 τῆς
1740 1730 1782 1784 Β

71 1848 402 1917 ,Αἰγύπτου
459 1851 552 1902 καὶ
597 1849 804 1920 Λιϐύης
857 1851 1046 1920 ἓτερον
1101 1849 1250 1904 ὀπῶν
1295 1849 1452 1918 γένος
1509 1850 1710 1903 ἀποδα-

113 1937 374 2010 κρύουσι.
397 1941 568 2010 Λόγος
587 1942 644 1995 δέ
667 1943 750 2005 τίς
777 1945 892 1996 ἐστι
919 1942 1015 1996 καὶ
1037 1942 1100 1994 τὸ
1127 1943 1392 2014 ἤλεκτρον
1416 1943 1548 1996 ὀπὸν
1571 1939 1711 1996 εἶναι

113 2030 310 2098 φυτῶν
338 2032 418 2094 εἰς
443 2030 590 2084 λίθου
619 2030 780 2099 φύσιν
823 2031 1299 2102 ἀποπηγνύμενον.
1335 2033 1619 2104 Μαρτυρεῖ
1654 2033 1711 2086 δὲ

111 2119 198 2190 τῷ
236 2120 382 2191 λόγῳ
417 2121 486 2174 τὰ
531 2123 906 2192 ἐμφαινόμενα
943 2123 1126 2195 κάρφη
1161 2123 1256 2177 καὶ
1293 2124 1362 2178 τά
1411 2124 1712 2180 λεπτότατα

109 2211 234 2264 τῶν
281 2210 458 2276 ζώων,
505 2213 670 2285 ἀπερ,
720 2213 930 2268 ἁπαλοῦ
971 2215 1126 2278 ὄντος
1178 2215 1272 2268 τοῦ
1315 2217 1472 2280 ὀποῦ,
1513 2219 1712 2271 ἐναπο-

113 2303 400 2374 ληφθέντα
427 2305 733 2376 κατέχεται.
757 2309 866 2360 Καὶ
907 2307 1043 2370 ὅλως
1073 2307 1172 2378 τὴν
1197 2306 1338 2360 κατὰ
1375 2307 1475 2371 τάς
1496 2309 1714 2380 ποιότη-

109 2415 222 2460 τας
257 2396 368 2450 τῶν
401 2397 550 2450 ὀπῶν
578 2398 840 2470 διαφορὰν
870 2402 898 2452 ὁ
923 2399 998 2470 μὴ
1023 2402 1088 2469 τῇ
1121 2400 1286 2471 πείρᾳ
1307 2399 1576 2471 διδαχθεὶς
1598 2401 1715 2455 ούδ-

111 2490 220 2542 ἕνα
269 2489 429 2556 λόγον
462 2491 682 2562 εὑρήσει
728 2492 825 2561 τὴν
866 2491 1148 2562 ἐνέργειαν
1180 2491 1552 2561 παριστῶντα.
1589 2491 1715 2556 Πῶς

109 2581 294 2635 πάλιν
323 2582 430 2634 ἀπὸ
467 2583 566 2652 τῆς
592 2581 762 2652 αὐτῆς
787 2583 988 2646 νοτίδος
1017 2585 1074 2635 ὲν
1101 2583 1200 2653 μὲν
1233 2585 1299 2654 τῇ
1326 2585 1553 2654 ἀμπέλῳ
1575 2580 1716 2648 οἶνος

111 2674 466 2738 συνίσταται,
497 2677 555 2726 ἐν
603 2674 659 2728 δὲ
696 2677 763 2746 τῇ
801 2675 956 2746 ἐλαίᾳ.
981 2676 1042 2728 τὸ
1069 2675 1276 2742 ἐλαιον;
1322 2677 1432 2729 Καὶ
1463 2677 1522 2729 οὺ
1557 2676 1716 2729 τοῦτο

113 2767 294 2837 μόνον
345 2765 677 2836 θαυμαστὸν,
718 2765 832 2826 πῶς
875 2760 978 2820 ὧδε
1025 2767 1126 2838 μὲν
1167 2768 1228 2821 τὸ
1272 2769 1438 2840 ὑγρὸν
1479 2769 1717 2838 ἀπεγλυ-

111 2855 326 2926 κάνθη,
369 2857 484 2908 ἐκεῖ
523 2856 584 2909 δὲ’
619 2857 847 2929 λιπαρὸν
873 2858 1116 2927 γέγονεν,
1147 2858 1263 2911 ἀλλ’
1293 2859 1374 2912 ὅτι
1408 2860 1501 2912 καὶ
1528 2859 1586 2912 ἐν
1605 2861 1718 2923 τοῖς

109 2949 356 3019 γλυκέσι
383 2951 616 3020 καρτκιῖς
645 2949 976 3022 ἀμύθητοςὴ
1005 2951 1331 3023 παραλλαγὴ
1373 2953 1472 3022 τῆς
1501 2952 1719 3024 ποιότη-

1815 477 2049 546 quadam
2097 475 2360 546 sapientia
2419 476 2858 545 proﬁciscuntur.
2905 478 3162 544 Qurenam
3211 481 3390 534 oratio

1813 569 1985 640 possit
2015 569 2194 624 omnia
2227 567 2478 636 assequi?
2505 567 2784 642 Quomodo
2809 569 2990 622 omnia
3019 580 3275 624 accurate
3303 586 3382 625 re-

1814 675 2035 716 censere
2064 659 2235 730 possit
2275 674 2427 714 mens
2461 658 2718 722 humana,
2757 661 2890 714 adeo
2921 669 2980 713 ut
3021 662 3387 730 proprietates

1813 760 2124 822 cognoscat,
2171 759 2425 806 secernat
2471 749 2617 803 clare
2650 749 2982 820 singulorum
3030 751 3382 820 dilferentias,

1812 852 1868 896 et
1909 841 2148 896 occultas
2187 856 2378 896 causas
2418 850 2568 893 certo
2613 838 2888 908 proferat?
2933 841 3054 897 Una
3098 856 3238 911 aqua
3288 859 3385 912 per

1812 935 2050 1000 radicem
2079 941 2328 999 attracta,
2357 933 2516 988 aliter
2543 933 2709 988 nutrit
2739 935 2910 1002 ipsam
2939 933 3200 996 radicem,
3225 933 3386 988 aliter

1813 1029 1990 1085 trunci
2045 1029 2322 1094 corticem,
2373 1029 2530 1083 aliter
2584 1029 2826 1100 lignum,
2883 1028 3038 1083 aliter
3073 1027 3383 1082 medullam.

1811 1123 2011 1178 Eadem
2036 1131 2090 1178 et
2119 1121 2305 1177 folium
2347 1121 2426 1188 fit,
2463 1130 2518 1174 et
2565 1122 2618 1176 in
2661 1121 2897 1191 majores
2937 1136 3002 1176 ac
3048 1120 3105 1174 in
3143 1121 3385 1176 minores

1811 1229 1993 1270 ramos
2022 1215 2370 1277 discinditur,
2397 1213 2510 1286 48
2537 1225 2594 1270 et
2627 1224 2850 1282 praestat
2905 1214 3176 1270 fructibus
3207 1214 3384 1269 incre-

1813 1317 2093 1362 mentum:
2128 1308 2382 1376 lacrymaa
2419 1309 2582 1360 etiam
2628 1315 2682 1360 et
2716 1320 2912 1362 succus
2955 1307 3154 1376 planta:
3181 1321 3250 1360 ex
3293 1320 3384 1360 ea-

1811 1397 1930 1451 dem
1960 1409 2121 1450 causa
2152 1395 2476 1464 proveniunt
2505 1412 2520 1449 :
2551 1409 2672 1464 qua;
2715 1404 2975 1465 quantum
3009 1393 3151 1448 inter
3181 1408 3242 1449 se
3278 1395 3384 1448 dif-

1811 1487 2006 1552 ferant,
2041 1485 2217 1540 nullus
2241 1501 2426 1542 sermo
2449 1484 2723 1556 explicare
2757 1485 2945 1556 possit.
2975 1485 3096 1540 Alia
3124 1494 3208 1540 est
3237 1486 3380 1540 enim

1811 1578 2020 1634 lentisci
2069 1579 2332 1649 lacryma,
2375 1577 2516 1634 alius
2564 1577 2791 1633 balsami
2843 1591 3042 1632 succus
3087 1579 3381 1646 :quaedam

1811 1671 1973 1724 etiam
2017 1669 2201 1723 ferulae
2241 1669 2296 1722 in
2324 1667 2559 1738 Egypto
2602 1667 2742 1724 etin
2787 1666 2957 1739 Libya
3001 1667 3208 1722 stillant
3240 1667 3383 1721 aliud

1810 1774 2096 1814 succorum
2134 1775 2323 1828 genus.
2369 1758 2572 1812 Ferunt
2611 1773 2825 1828 quoque
2853 1759 3137 1821 electrum,
3162 1772 3382 1812 succum

1811 1865 1933 1904 esse
1984 1850 2308 1919 plantarum,
2353 1849 2406 1903 in
2473 1848 2666 1918 lapidis
2719 1859 2970 1904 naturam
3039 1857 3378 1904 concretum.

1812 1941 1980 1999 Porro
2019 1941 2287 2012 opinionis
2317 1939 2476 2008 hujus
2511 1941 2878 1996 testimonium
2907 1953 3032 1996 sunt
3061 1941 3282 1995 festucae
3323 1942 3378 1994 in

1812 2035 1932 2104 ipso
1971 2043 2309 2104 apparentes,
2343 2047 2406 2086 ac
2437 2031 2674 2086 bestiolae
2707 2032 3058 2097 tenuissimae,
3087 2047 3225 2100 quae,
3258 2046 3386 2100 pro-

1811 2139 1997 2198 pterea
2033 2127 2176 2196 quod
2219 2126 2272 2180 in
2317 2133 2502 2180 tenero
2538 2140 2600 2180 ac
2635 2124 2782 2180 molli
2820 2140 2982 2180 succo
3009 2125 3380 2188 consederint,

1813 2221 2122 2276 detinentur
2161 2218 2401 2273 inclusae.
2444 2217 2508 2272 Et
2539 2219 2592 2272 in
2623 2231 2859 2280 summa,
2893 2218 2986 2287 qui
3021 2233 3128 2271 non
3168 2219 3385 2284 experi-

1811 2322 1996 2370 mento
2041 2313 2266 2368 edoctus
2315 2321 2429 2378 est,
2475 2319 2738 2379 quantum
2787 2310 2928 2363 inter
2971 2325 3030 2364 se
3080 2310 3388 2390 discrepent

1819 2421 2109 2464 succorum
2166 2404 2486 2474 qualitates,
2530 2402 2579 2457 is
2626 2403 2692 2456 ad
2729 2417 2916 2456 eorum
2959 2403 3065 2455 vim
3108 2409 3162 2455 et
3202 2399 3386 2455 ellica-

1814 2500 1954 2554 ciam
1999 2497 2378 2566 explicandam
2431 2494 2636 2548 nullum
2690 2505 3004 2563 reperturus
3047 2504 3132 2548 est
3176 2509 3388 2548 sermo-

1814 2605 1960 2646 nem.
2003 2587 2286 2654 Quomodo
2323 2587 2518 2640 iterum
2564 2587 2631 2639 ab
2687 2587 2877 2640 eodem
2921 2585 3147 2640 humore
3187 2587 3240 2639 in
3281 2585 3391 2640 rite

1815 2683 2034 2752 quidem
2079 2681 2262 2734 vinum
2311 2677 2646 2746 producitur,
2695 2677 2746 2730 in
2780 2676 2898 2732 olea
2944 2689 3124 2732 autem
3171 2677 3393 2732 oleum!

1815 2775 1994 2842 Atque
2023 2787 2131 2826 non
2167 2770 2218 2826 id
2247 2769 2420 2824 solum
2469 2769 2774 2822 mirandum
2803 2778 2907 2833 est,
2952 2783 3187 2838 quonam
3234 2777 3394 2837 pacto

1817 2865 2015 2922 humor
2041 2863 2127 2918 hic
2157 2860 2348 2925 dulcis,
2388 2859 2497 2914 illic
2545 2861 2758 2930 pinguis
2797 2861 3072 2914 evaserit:
3107 2859 3203 2914 sed
3247 2863 3392 2929 quod

1818 2957 1983 3012 etiam
2023 2956 2078 3010 in
2126 2953 2374 3008 dulcibus
2416 2951 2682 3006 fructibus
2716 2950 3098 3006 inenarrabilis
3137 2960 3222 3004 est
3255 2966 3392 3020 qua-

108 3060 238 3106 τος.
279 3041 442 3094 ’Λλλο
463 3042 572 3114 γὰρ
601 3042 664 3096 τὸ
687 3045 744 3096 ἐν
785 3043 1016 3115 ἀμπέλῳ
1037 3044 1232 3112 γλυκὺ,
1262 3043 1353 3097 xui.
1389 3043 1516 3097 ἀλλο
1558 3044 1619 3096 τὸ
1659 3045 1715 3098 ἐν

1826 3049 1988 3104 litatis
2027 3044 2400 3102 commutatio.
2441 3045 2560 3099 Alia
2605 3053 2687 3098 cst
2727 3043 2870 3097 enim
2913 3041 2966 3096 in
3004 3043 3112 3094 vite
3143 3041 3392 3104 dulcedo,

113 3134 333 3207 μηλέᾳ,
369 3137 462 3188 καὶ
499 3135 669 3206 σύκῳ,
697 3137 790 3190 καὶ
819 3137 1040 3206 φοίνικι.
1073 3139 1192 3190 Ἔτι
1219 3154 1278 3190 σε
1306 3137 1564 3207 βούλομαι
1588 3137 1716 3208 περὶ

105 3231 226 3300 τὴν
257 3227 500 3290 ἐξέτασιν
523 3225 728 3298 ταύτην
751 3227 1152 3298 φιλοτεχνῆσαι,
1179 3228 1296 3291 πῶς
1326 3229 1384 3281 τὸ
1417 3228 1548 3282 αὐτὸ
1573 3227 1718 3300 ὕδωρ

113 3319 222 3372 νῦν
261 3319 361 3388 μὲν
405 3319 544 3372 λεῖόν
587 3321 702 3372 ἐστι
746 3323 812 3390 τῇ
857 3321 1123 3391 αἰσθήσει,
1151 3322 1279 3374 ὅταν
1313 3323 1370 3373 ὲν
1396 3321 1570 3374 τοῖσδέ
1609 3337 1719 3373 τισι

111 3417 244 3476 τοῖς
273 3415 462 3482 φυτοῖς
486 3413 778 3483 γενόμενον
821 3413 1206 3485 ἀπογλυκανθῇ
1231 3431 1244 3443 ·
1293 3413 1388 3466 νῦν
1413 3413 1468 3466 δὲ
1493 3413 1719 3484 πληκτι-

113 3507 222 3561 κόν
263 3508 382 3558 ἐστι
403 3509 501 3578 τῆς
526 3507 786 3576 γεύσεως,
812 3510 942 3562 ὅταν
981 3507 1048 3561 δι’
1087 3508 1262 3562 ἄλλων
1286 3507 1468 3576 φυτῶν
1505 3508 1721 3578 ἐνεχθὲν

113 3596 490 3666 ἁποξύνηται.
523 3599 634 3652 Καὶ
667 3597 832 3652 πάλιν
883 3600 964 3660 εἰς
1008 3597 1107 3668 τὴν
1141 3597 1376 3668 ἐσχάτην
1417 3597 1724 3668 πικρότητα

115 3689 476 3762 μεταϐάλλον
510 3689 832 3760 ἐκτραχύνει
856 3689 954 3760 τὴν
984 3689 1256 3758 αἴσθησιν,
1284 3691 1411 3742 ὅταν
1435 3690 1494 3741 ὲν
1518 3688 1725 3760 ἁψίνθῳ

1821 3143 1924 3197 alia
1957 3142 2009 3196 in
2043 3138 2205 3202 malo,
2236 3139 2286 3190 in
2313 3137 2434 3198 lico,
2455 3151 2520 3190 ac
2553 3135 2606 3190 in
2645 3135 2842 3204 palma.
2885 3133 3018 3188 Volo
3057 3133 3296 3201 insuper,
3337 3141 3395 3184 ut

1823 3235 1938 3289 haec
1980 3230 2170 3299 majori
2211 3228 2388 3284 studio
2416 3237 2472 3281 et
2518 3235 2634 3282 arte
2683 3224 3083 3294 perscruteris;
3125 3222 3398 3293 quomodo

1822 3341 1960 3395 aqua
1997 3325 2184 3380 eadem
2219 3337 2361 3377 nunc
2392 3321 2572 3378 sensui
2628 3318 2763 3374 lenis
2807 3318 2900 3382 sit,
2929 3331 3050 3371 cum
3083 3317 3135 3370 in
3171 3315 3397 3384 quibus-

1823 3417 1946 3472 dam
2007 3413 2204 3484 plantis
2275 3427 2619 3468 commorans
2679 3407 3000 3464 dulcescit:
3055 3420 3198 3460 nunc
3260 3417 3398 3459 vero

1823 3518 2030 3580 pungat
2087 3517 2334 3578 gustum,
2386 3519 2509 3560 cum
2563 3516 2659 3571 per
2719 3498 2853 3554 alias
2909 3497 3120 3566 plantas
3181 3494 3398 3548 diducta

1827 3599 2049 3656 acescit.
2097 3599 2176 3654 Ac
2245 3612 2434 3652 rursus
2498 3595 2550 3648 in
2606 3601 2905 3647 extremam
2978 3585 3396 3641 amaritudinem

1830 3707 2018 3756 versa,
2053 3704 2274 3745 sensum
2322 3694 2642 3758 exasperat,
2693 3697 2816 3738 cum
2869 3681 2925 3736 in
2979 3678 3254 3733 absinthio
3307 3685 3398 3730 aut

114 3787 150 3854 ἢ
183 3783 534 3853 σκαμμωνία⁹
561 3783 670 3852 (7|)
694 3783 955 3852 γένηται·
985 3782 1076 3836 καὶ
1099 3784 1156 3834 ἐν
1184 3781 1282 3853 μὲν
1324 3783 1444 3843 ταῖς
1476 3779 1715 3850 βαλάνοις

1827 3795 2175 3839 scammonea
2218 3777 2498 3834 insederit.
2527 3773 2833 3842 Quinetiam
2869 3771 2922 3826 in
2969 3769 3276 3840 glandibus,
3307 3775 3398 3820 aut

115 3877 152 3947 ἦ
179 3875 270 3946 τῷ
292 3873 494 3947 καρπῷ
509 3876 606 3944 τῆς
633 3873 891 3946 κρανείας
917 3873 1051 3945 πρὸς
1070 3873 1167 3944 τὴν
1193 3873 1398 3944 στυφὴν
1421 3872 1715 3944 καὶαύστη·

1831 3875 1883 3930 in
1913 3875 2062 3930 corni
2105 3873 2306 3938 fructu,
2337 3871 2404 3924 ad
2449 3867 2836 3937 astringentem
2875 3873 3236 3931 asperamque
3267 3872 3400 3927 qua-

119 3971 238 4040 ρᾶν
270 3968 532 4038 ποιότητα
557 3967 909 4038 μεταϐάλλει·
941 3969 998 4020 ἐν
1022 3966 1080 4019 δέ
1121 3967 1243 4028 ταῖς
1267 3965 1599 4038 τερεϐίνθοις
1634 3964 1715 4017 xui

1831 3968 2037 4022 litatem
2084 3963 2278 4019 transit
2304 3979 2318 4016 :
2350 3961 2408 4016 in
2461 3957 2781 4014 terebinthis
2809 3969 2939 4008 vero
2976 3961 3031 4007 et
3063 3952 3314 4014 nucibus,
3346 3949 3402 4002 in

118 4065 258 4125 ταῖς
292 4061 522 4132 καρύαις
560 4062 696 4133 πρὸς
739 4059 952 4132 ἁπαλὴν
976 4061 1072 4113 καὶ
1131 4058 1360 4130 ἐλαιώδη
1394 4057 1556 4128 φύσιν
1595 4057 1730 4128 μεθ-

123 4158 386 4212 ίσταται.

199 4245 264 4299 9.
309 4243 423 4298 Καὶ
467 4243 520 4296 τί
555 4243 638 4296 δεῖ
684 4243 751 4296 τὰ
783 4243 972 4316 πόρρδω
1007 4243 1210 4312 λέγειν,
1241 4242 1373 4296 ὅπου
1413 4259 1478 4310 γε
1516 4241 1608 4294 ἐπὶ
1634 4240 1734 4312 τῆς

117 4336 315 4404 αὐτῆς
338 4335 510 4404 συκῆς
537 4336 672 4406 πρὸς
695 4335 794 4398 τάς
823 4336 1218 4397 ἐναντιωτάτας
1244 4334 1558 4405 μεταϐαίνει
1585 4331 1734 4386 ποιό-

1833 4069 2074 4116 teneram
2105 4065 2159 4110 et
2186 4056 2422 4110 oleosam
2455 4061 2704 4106 naturam
2746 4053 3156 4101 transmutatur.

1905 4242 1958 4298 9.
1999 4226 2064 4296 Et
2094 4239 2223 4310 quid
2257 4253 2392 4307 opus
2417 4243 2495 4290 est
2527 4230 2716 4304 procul
2745 4227 2931 4283 dissita
2980 4223 3248 4296 proferre,
3281 4235 3404 4276 cum

1835 4335 1890 4389 in
1949 4333 2138 4387 eadem
2201 4331 2304 4384 ficu
2365 4327 2418 4380 in
2473 4323 2760 4394 qualitates
2817 4318 3050 4372 maxime
3107 4313 3408 4369 contrarias

117 4445 352 4499 τητας;
387 4428 717 4500 Πικρότατον
749 4427 848 4497 μὲν
869 4427 977 4498 γάρ
999 4428 1146 4479 ἐστιν
1175 4428 1231 4478 ἐν
1256 4424 1331 4496 τῷ
1364 4425 1501 4495 ὀπῷ,
1533 4424 1715 4492 γλυκύ-

1837 4424 2194 4492 commigret?
2223 4421 2320 4476 Est
2365 4422 2506 4474 enim
2545 4417 2595 4470 in
2644 4428 2806 4468 succo
2849 4409 3186 4464 amarissima
3224 4424 3238 4460 :
3273 4419 3405 4460 cou-

117 4537 302 4575 τατον
324 4518 384 4571 δὲ
407 4521 462 4571 ἐν
489 4518 636 4589 αὐτῴ
660 4517 770 4589 (7‘2)
797 4517 875 4588 τῷ
903 4515 1121 4588 καρπῷ.
1161 4517 1272 4570 Καὶ
1301 4514 1392 4567 ἐπὶ
1425 4515 1522 4584 τῆς
1548 4514 1730 4584 ἀμπέ-

118 4614 224 4665 λου
253 4609 702 4662 στυπτικώτατον
745 4610 846 4680 μὲν
870 4611 964 4662 ἐπὶ
1003 4608 1111 4662 τῶν
1136 4607 1476 4679 ἀκρεμόνων,
1513 4605 1730 4676 ἥδιστον

118 4704 184 4757 δὲ
223 4705 291 4756 ἐν
321 4705 438 4766 τοῖς
467 4702 738 4774 βότρυσιν.
765 4704 828 4756 At
872 4703 929 4756 δὲ
966 4701 1109 4756 κατά
1147 4701 1247 4764 τὰς
1283 4700 1448 4770 χρόας
1481 4698 1736 4769 διαφοραὶ

119 4793 348 4850 πόσαιί
385 4793 544 4855 Ἵδοις
571 4794 637 4846 ἂν
669 4796 726 4846 ἐν
765 4793 991 4864 λειμῶνι
1026 4793 1085 4846 τὸ
1126 4792 1255 4846 αὐτὸ
1296 4791 1440 4862 ὕδωρ
1479 4789 1735 4862 ἐρυθραι-

121 4889 378 4958 νόμενον
407 4885 504 4954 μὲν
536 4886 593 4937 ἐν
633 4885 768 4955 τῷδε
809 4884 886 4954 τῷ
919 4883 1087 4947 ἄνθει,
1121 4883 1216 4936 καὶ
1247 4883 1304 4936 ἐν
1336 4881 1480 4948 ἄλλῳ
1527 4897 1735 4951 πορφυ-

123 4975 274 5048 ροῦν
309 4973 448 5044 (75),
483 4975 576 5026 καὶ
600 4974 800 5026 κυανὸν
829 4975 886 5027 ἐν
914 4973 1068 5044 τῷδε,
1103 4973 1196 5024 καὶ
1230 4974 1286 5024 ἐν
1314 4971 1484 5040 ἑτέρῳ
1509 4971 1698 5024 λευκόν
1719 4985 1734 5000 ⁸

124 5067 235 5120 καὶ
274 5063 504 5116 πλείονα
537 5063 698 5116 πάλιν
731 5067 830 5135 τῆς
861 5065 920 5117 ἐν
961 5066 1080 5126 ταῖς
1117 5063 1303 5134 χρόαις
1339 5062 1607 5126 ποικιλίας
1635 5061 1734 5132 τὴν

125 5157 292 5212 κατὰ
325 5155 427 5217 τὰς
463 5154 633 5226 ὀδμάς
678 5155 939 5226 διαφορὰν
979 5154 1367 5224 παρεχόμενον.
1427 5152 1586 5206 ’Λλλά
1626 5152 1736 5222 γὰρ

209 5335 338 5408 ('70)
383 5333 518 5404 Reg.
550 5335 742 5408 tertius
775 5335 840 5386 ἐκ
879 5333 980 5404 τῆς
1007 5331 1266 5404 τοιαύτης
1297 5331 1500 5395 αίτίας.
1528 5329 1733 5386 Ibidem

125 5403 283 5476 Re'g.
313 5403 543 5476 quintus
573 5403 956 5476 προσέρχεται.

211 5474 344 5548 (7t)
381 5475 536 5548 Colb.
583 5474 850 5548 secundus
882 5475 915 5544 ἢ
945 5474 1345 5548 Ῠὰέσκομμωνία·
1394 5487 1554 5540 quam
1596 5485 1736 5548 quo-

124 5542 252 5620 que
278 5542 836 5620 ilﬁéctionem_e3_rl_iibet
852 5542 1080 5620 quidem
1095 5542 1104 5544 “
1119 5542 1247 5613 Reg.
1279 5542 1494 5620 sextus,
1515 5542 1607 5594 sed
1647 5555 1735 5620 se-

125 5611 348 5675 cundis
374 5616 543 5673 curis.
577 5614 737 5680 Editi,
770 5615 932 5669 Coisl.
963 5611 1218 5683 uterque,
1251 5623 1306 5667 et
1345 5613 1498 5682 Regii
1543 5611 1732 5665 tertius

127 5701 192 5744 et
258 5689 492 5756 quintus
549 5685 898 5754 σκαμμωνία.
945 5683 1292 5756 scammonia
1361 5693 1584 5756 autem,
1635 5695 1728 5733 seu

135 5753 533 5824 scaritmonca,
569 5753 733 5812 herba
769 5753 866 5812 est
893 5753 1172 5824 regionum
1212 5753 1728 5817 transmarinarum,

1837 4533 1943 4581 tra,
1967 4516 2274 4570 dulcissima
2303 4523 2388 4568 cst
2417 4512 2469 4564 in
2504 4511 2619 4577 ipso
2654 4505 2854 4559 fructu.
2883 4501 2950 4556 Et
2975 4503 3026 4554 in
3058 4501 3188 4563 vite,
3215 4497 3410 4552 astrin-

1837 4611 2150 4684 gentissima
2198 4616 2282 4662 est
2327 4607 2381 4659 in
2424 4602 2620 4666 ramis,
2665 4600 2718 4652 in
2753 4596 2875 4650 uvis
2905 4607 3033 4647 vero
3063 4588 3408 4684 suavissima.

1839 4677 1980 4770 bunt
2006 4710 2185 4754 autem
2215 4693 2532 4752 dilTerentiaa
2563 4697 2688 4745 sunt
2718 4684 2997 4742 colorum!
3033 4682 3230 4736 Videas
3264 4677 3410 4732 enim

1839 4769 1894 4852 in
1927 4802 2080 4865 prato
2119 4789 2366 4845 eamdem
2394 4797 2587 4854 aquam
2617 4783 2668 4835 in
2697 4780 2799 4834 hoc
2841 4775 3056 4845 quidem
3093 4771 3221 4865 ﬂore
3252 4769 3416 4865 ruite-

1842 4857 2104 4942 sce-ntem,
2151 4877 2204 4930 in
2250 4874 2357 4928 alio
2397 4883 2748 4941 purpuream,
2780 4867 2833 4918 in
2879 4865 2979 4917 hoc
3010 4859 3323 4921 caeruleam,
3357 4857 3414 4910 in

1842 4971 1948 5024 alio
1996 4969 2172 5022 albam
2215 4979 2231 5019 :
2268 4975 2428 5031 atque
2478 4961 2674 5014 iterum
2731 4952 3093 5009 dill'ercntiani
3152 4948 3412 5017 majorem

1841 5061 2061 5115 exhibet
2095 5059 2148 5113 in
2200 5056 2492 5118 odoribus,
2541 5065 2702 5121 quam
2745 5051 2861 5118 ipsa
2903 5055 2986 5101 est
3030 5043 3268 5097 colorum
3317 5053 3412 5091 Va-

1847 5153 2030 5208 rietas.
2061 5147 2167 5204 Sed
2197 5147 2340 5202 enim
2386 5144 2686 5200 orationem
2733 5154 2910 5196 meam
2943 5149 3110 5192 cerno
3151 5135 3220 5188 ob
3265 5132 3417 5186 inex—

1833 5343 1955 5398 qua:
1995 5325 2298 5398 praesertim
2335 5322 2387 5375 in
2418 5319 2544 5398 Asia
2580 5327 2636 5374 et
2666 5317 2720 5398 in
2753 5328 2887 5398 agro
2923 5308 3272 5398 _Colophoni_o
3297 5319 3422 5398 ore:

1833 5380 2172 5464 £éii',‘¢djus
2203 5407 2398 5464 succus
2455 5391 2600 5444 valet
2635 5389 2698 5440 ad
2743 5380 3060 5464 incdicinas.
3113 5380 3277 5430 Piura
3325 5380 3418 5444 qui

1832 5456 2034 5536 Cupiet,
2065 5456 2334 5536 liuellium
2371 5462 2554 5536 legere
2592 5456 2836 5536 p0terit."

2057 5515 2144 5590 Ita
2157 5515 2534 5608 vta—diriditis}
2567 5515 3174 5608 citnrcodicepomhef.
3205 5527 3261 5570 et
3292 5530 3417 5569 cum

1833 5593 1953 5662 aliis
1986 5593 2078 5664 sex
2112 5620 2240 5659 mss.
2275 5603 2450 5656 Editio
2485 5599 2659 5653 Paris.
2689 5599 2745 5648 ἐν
2775 5594 2940 5647 αὐτοῦ
2973 5593 3067 5662 τῷ.
3331 5653 3356 5666 _

1904 5677 2017 5746 (75)
2057 5677 2236 5750 Codex
2269 5671 2512 5750 Combef.
2540 5683 2661 5723 cum
2695 5667 2827 5750 Reg.
2855 5675 3050 5720 octavo
3075 5671 3415 5734 πορφυρουν.

1834 5743 1972 5805 Editi
2001 5743 2127 5804 cum
2164 5746 2294 5814 Reg.
2322 5743 2510 5812 quinto
2543 5743 2836 5807 πορφυρον.
