3850 6218
481 335 595 397 195·

1818 348 1889 418 ,5.
1933 350 2064 406 BAS

2219 348 2437 407 MAGNI
3686 365 3706 422 ι
3720 366 3763 418 13

480 453 682 526 plebile
732 454 830 509 ista
872 456 1186 527 speculandi
1225 459 1593 535 desiderium,
1627 467 1781 526 'ultra
1842 478 2060 535 modum

2185 483 2275 555 ιρῶ
2305 501 2394 554 μοι
2426 484 2518 536 τὸν
2553 482 2664 555 (74)
2692 481 2848 553 λόγον
2876 488 2941 557 τῇ
2975 486 3247 559 ἀπληστίᾳ
3280 490 3379 560 τῆς
3414 488 3672 558 θεωρίας
3700 498 3764 557 εἰς

482 560 845 601 excrescere:
881 563 1041 616 quam
1090 549 1193 603 nisi
1244 552 1572 621 astrinxero,
1622 573 2061 638 revocaveroque

481 638 550 693 ad
599 639 893 693 creationis
954 639 1165 710 legem,
1217 642 1337 699 dies
1399 660 1486 700 me
1532 650 1747 711 deficiet
1812 674 2063 729 magnam

482 732 639 784 vobis
676 732 997 801 sapientiam
1046 750 1112 789 ex
1167 736 1407 793 minimis
1461 743 1624 799 rebus
1690 750 2061 812 exhibentem,

486 820 755 877 Cerminet
788 832 929 878 terra
965 826 1163 895 lignum
1196 828 1554 899 fructiferum,
1596 836 1793 905 faciens
1832 844 2065 913 fructum

485 931 643 982 super
692 926 906 972 terram.
962 918 1023 972 Et
1079 921 1259 976 subito
1308 926 1572 981 montium
1636 938 1915 991 cacumina
1967 954 2062 994 co-

487 1007 691 1060 mantia
741 1010 1160 1079 comparebant,
1209 1020 1263 1067 et
1313 1016 1539 1072 solerter
1593 1026 2067 1086 concinnabantur

487 1099 663 1161 horti.
718 1111 774 1156 et
824 1102 1109 1159 ﬂuviorum
1166 1106 1292 1175 ripa:
1350 1109 1577 1167 infinitis
1653 1116 2065 1183 adornabantur

486 1193 791 1263 plantarum
828 1197 1130 1263 generibus.
1160 1199 1336 1269 Atque
1388 1202 1468 1257 has
1509 1206 1726 1273 quidem
1787 1210 1854 1263 ad
1908 1226 2067 1267 exor-

488 1286 721 1340 nandam
753 1286 1032 1340 hominum
1068 1304 1307 1343 mensam
1340 1294 1772 1354 ordinabant‘ur:
1806 1300 1906 1355 illa;
1937 1318 2066 1356 vero

485 1394 552 1431 ex
608 1377 888 1433 frondibus
952 1380 1327 1450 fructibusque
1392 1385 1708 1451 alimentum
1778 1395 2066 1461 pecoribus

488 1470 842 1539 praestabant.
880 1470 1013 1524 Alia:
1056 1474 1343 1527 conferunt
1384 1476 1539 1531 nobis
1574 1481 1856 1536 medicina:
1891 1485 2069 1537 subsi-

488 1559 600 1623 dia,
632 1574 843 1624 succos,
881 1561 1143 1631 liquores,
1182 1563 1449 1632 festucas,
1492 1571 1749 1637 cortices,
1783 1572 2016 1628 fructum
2050 1594 2063 1631 :

486 1661 542 1705 et
574 1667 680 1706 uno
710 1654 897 1717 verbo,
922 1670 1258 1725 quaecunque
1295 1660 1449 1714 nobis
1485 1661 1692 1717 invenit
1728 1666 1932 1719 diutina
1972 1681 2067 1720 ex-

487 1745 786 1813 perientia,
840 1747 967 1800 dum
1015 1746 1127 1819 £9
1170 1765 1236 1803 ex
1289 1752 1513 1821 singulis
1561 1756 1777 1810 casibus
1820 1758 1871 1811 id
1922 1758 2069 1827 quod

2164 576 2435 646 ἀμετρίαν
2469 575 2822 639 ἐκπίπτοντα,
2846 576 2904 629 ὃν
2931 575 3026 629 ἐὰν
3054 579 3128 649 μὴ
3150 579 3316 649 δήσας
3337 580 3484 651 πρὸς
3525 582 3762 652 ἀνάγκῃ

2165 667 2440 737 ἀπαγάγω
2470 668 2569 739 τῆς
2599 668 2849 736 κτίσεως,
2878 671 3143 741 ἐπιλείψει
3169 690 3235 742 με
3264 674 3295 743 ή
3322 673 3527 744 ἡμέρα.
3548 674 3651 744 τὴν

2165 761 2337 832 γάλην
2362 762 2553 830 σοφίαν
2579 762 2690 831 (75)
2715 763 2779 815 ἐκ
2802 762 2911 815 τῶν
2935 763 3274 835 μικροτάτων
3299 766 3431 833 ὑμῖν
3454 784 3545 818 πα
3554 764 3766 835 ριστιέπ·

2167 869 2255 907 τα.
2294 852 2703 920 Βλαστησὰτω
2748 854 2786 921 ἠ
2823 853 2898 923 γῆ
2949 853 3140 919 ξύλον
3182 854 3519 923 κάρπιμον,
3558 857 3766 909 ποιεῖν

2166 946 2400 1014 καρπόν
2432 946 2531 1000 ἐπὶ
2575 946 2685 1015 τῆς
2716 945 2848 1016 γῆς.
2882 948 2994 1001 Καὶ
3045 946 3206 1009 εὐθὺς
3256 950 3310 1000 αί
3360 950 3622 1018 κορυφαὶ
3667 948 3768 999 τῶν

2166 1040 2338 1113 ὀρέων
2372 1041 2585 1111 ἐκόμων
2609 1058 2620 1069 ·
2656 1040 2749 1095 καὶ
2799 1039 3233 1109 ἐφιλοτεχνοῦντο
3278 1042 3648 1112 παράδεισοι,
3684 1045 3768 1094 καὶ

2168 1134 2429 1204 ποταμῶν
2484 1133 2640 1203 όχθαι
2699 1132 2911 1204 μυρίοις
2962 1132 3143 1200 γένεσι
3196 1134 3379 1201 φυτῶν
3438 1132 3765 1203 ὼραῖζοντο.

2169 1224 2280 1277 Καὶ
2312 1224 2379 1276 τά
2415 1223 2511 1292 μὲν
2542 1223 2639 1293 τὴν
2674 1222 3017 1292 ἀνθρωπίνην
3049 1221 3381 1291 ηὐτρέπιστο
3411 1223 3771 1292 κατακοσμῆ-

2172 1334 2260 1373 σαι
2282 1316 2587 1388 τράπεζαν·
2613 1315 2679 1370 τά
2698 1316 2754 1368 δέ
2777 1315 3085 1385 βοσκήμασι
3114 1315 3315 1386 τροφὴν
3340 1316 3770 1386 παρεσκεύαζεν

2170 1410 2233 1461 ἐκ
2268 1410 2373 1461 τῶν
2409 1408 2642 1477 φύλλων,
2692 1409 2757 1460 ἐκ
2788 1407 2895 1460 τῶν
2931 1406 3177 1476 καρπῶν.
3217 1407 3388 1460 Ἀλλα
3429 1407 3543 1472 τὰς
3581 1410 3647 1461 ἐκ
3678 1409 3770 1477 τῆς

2174 1502 2419 1571 ἰατρικῆς
2443 1499 2706 1569 ὠφελείας
2733 1501 2862 1570 ἡμῖν
2888 1496 3165 1569 προεξένει
3184 1514 3196 1527 ·
3226 1499 3349 1561 τοὺς
3378 1500 3619 1567 χυλοὺς,
3654 1502 3771 1561 τοὺς

2171 1594 2356 1657 όποὺς,
2414 1591 2483 1644 τὰ
2526 1593 2732 1662 κάρφη,
2785 1592 2910 1653 τοὺς
2956 1591 3192 1659 φλοιοὺς,
3247 1591 3341 1643 τὸν
3375 1594 3645 1661 καρπόν·
3681 1593 3773 1644 xz".

2172 1684 2505 1748 ἁπαξαπλῶς
2538 1685 2635 1737 ὃσα
2666 1686 2797 1754 ἡμῖν
2823 1686 2854 1754 ἡ
2886 1684 3075 1754 χρονία
3108 1686 3270 1752 πεῖρα
3296 1681 3555 1753 ἐξεῦρεν,
3576 1686 3645 1739 ἐκ
3670 1684 3769 1734 τῶν

2172 1777 2313 1830 κατὰ
2347 1778 2511 1847 μέρος
2544 1774 2933 1846 περιπτώσεων
2966 1774 3331 1845 συλλεγομένη
3372 1775 3439 1827 τὸ
3467 1777 3767 1845 χρήσιμον,

489 1835 620 1887 utile
648 1845 729 1889 est
772 1836 1007 1904 colligit;
1048 1841 1161 1893 lucc
1200 1840 1380 1894 omnia
1430 1844 1712 1911 perspicax
1753 1845 2066 1901 Conditoris

2185 1835 2401 1939 :aita‘ﬁ
2424 1835 2576 1933 όξέῖα
2604 1835 2697 1921 τοῦ
2731 1868 3016 1932 κτίσαντος
3046 1835 3153 1937 (76)
3196 1835 3768 1937 πρόνοια,”ἐξ’ἁρῇς

488 1926 860 1993 providentia,
907 1926 976 1980 ab
1030 1928 1182 1982 initio
1218 1943 1305 1983 res
1367 1924 1735 2002 proSpiciens,
1782 1936 1952 1990 edidit
2000 1952 2061 1992 ac

490 2016 764 2085 produxit.
790 2016 869 2071 Tu
900 2033 1030 2072 vero
1056 2034 1176 2073 cum
1210 2022 1411 2077 videris
1440 2024 1737 2094 hortensia,
1769 2028 2066 2096 silvestria,

488 2111 761 2179 aquatica,
798 2112 1103 2179 terrestria,
1147 2112 1388 2169 ﬂorifera
1425 2126 1519 2170 aut
1558 2132 1663 2171 non
1701 2117 1973 2185 florentia,
2014 2121 2067 2174 in

489 2217 658 2271 parvo
694 2218 943 2272 magnum
986 2220 1307 2274 agnoscens,
1354 2224 1570 2280 semper
1604 2220 1751 2265 tuam
1802 2214 1974 2282 magis
2004 2229 2068 2268 ac

490 2296 659 2364 magis
716 2296 963 2352 intendas
1012 2299 1472 2369 admirationem,
1523 2317 1588 2357 ac
1644 2300 1803 2357 velini
1872 2321 2069 2377 augeas

489 2401 732 2440 amorem
784 2389 834 2440 in
883 2386 1195 2443 Creatorem
1249 2399 1421 2445 tuum.
1489 2392 1765 2461 Expende,
1801 2396 2069 2465 quomodo

489 2478 622 2531 alias
671 2478 892 2533 arbores
926 2491 1186 2548 perpetuo
1230 2482 1489 2547 virentes,
1538 2486 1673 2538 alias
1708 2500 1841 2539 vero
1894 2486 2063 2539 nuda-

492 2570 623 2635 tioni
667 2569 931 2624 obnoxias
983 2573 1294 2627 condiderit
1339 2592 1351 2627 :
1391 2584 1446 2629 et
1478 2577 1748 2645 quomodo
1792 2578 1932 2631 inter
1974 2592 2069 2631 eas

488 2676 610 2731 quae
641 2675 857 2731 semper
893 2664 1187 2729 virescunt,
1232 2663 1352 2718 alia:
1392 2667 1641 2720 amittant
1677 2667 1915 2733 frondes,
1952 2668 2071 2723 alia:

489 2766 708 2822 semper
764 2754 910 2822 ips:is
968 2766 1205 2809 servent.
1264 2756 1563 2812 Enimvero
1630 2758 1747 2813 olea
1799 2769 1855 2812 et
1912 2760 2070 2827 pinus

490 2852 766 2899 exuuntur
801 2844 975 2909 foliis;
1012 2846 1227 2900 tametsi
1260 2847 1465 2901 sensim
1506 2848 1823 2917 occulteque
1852 2849 2072 2902 frondes
2098 2868 2140 2925 ο
2175 2844 2236 2947 ἐκ

490 2936 781 3000 alternam,
809 2935 944 2989 adeo
978 2944 1036 2988 ut
1066 2951 1342 3005 nunquam
1374 2952 1527 2991 coma
1560 2938 1822 2992 demutari
1857 2938 2071 2993 videan-

495 3037 605 3081 tur.
644 3026 830 3081 Palma
873 3037 1052 3081 autem
1107 3038 1365 3097 perpetuo
1414 3028 1543 3083 folia
1611 3030 1829 3094 retinet,
1878 3038 2063 3096 utpote

491 3134 613 3187 qua:
661 3133 783 3171 cum
844 3117 1048 3171 eisdem
1099 3118 1241 3174 foliis
1280 3135 1309 3173 a
1346 3120 1518 3189 prima
1559 3122 1951 3189 germinatione
1991 3121 2058 3179 ad

493 3212 652 3264 finem
689 3227 858 3281 usque
910 3220 1244 3281 permaneat.
1294 3211 1496 3267 Deinde
1544 3224 1599 3267 et
1649 3214 1777 3267 illud
1824 3214 2071 3277 animad-

492 3313 663 3367 verte,
700 3304 969 3371 quomodo
1016 3303 1219 3373 myrica
1266 3313 1350 3357 est
1395 3303 1559 3357 veluti
1612 3318 1855 3373 anceps:
1902 3319 2072 3357 annu-

490 3405 733 3447 meratur
767 3394 1019 3448 nimirum
1061 3403 1115 3450 et
1157 3395 1297 3449 inter
1337 3396 1607 3464 aquatica,
1637 3406 1692 3451 et
1732 3397 1783 3450 in
1820 3395 2070 3451 solitudi-

2173 1960 2612 2032 προϐλεψαμένη,
2647 1962 2727 2026 είς
2775 1962 2984 2030 γένεσιν
3017 1962 3209 2032 ἧγαγε.
3245 1962 3318 2015 Σὺ
3356 1960 3417 2013 δὲ
3470 1962 3615 2014 ὅταν
3658 1963 3769 2034 ἴδῃς

2169 2053 2237 2105 τὰ
2269 2054 2473 2123 ἥμερα,
2527 2052 2596 2104 τὰ
2628 2052 2814 2123 ἄγρια,
2855 2052 2922 2105 τὰ
2976 2051 3235 2125 φίλυδρα,
3272 2049 3343 2103 τά
3396 2055 3664 2122 χερσαῖα,
3704 2050 3767 2102 τά

2171 2144 2603 2216 ἀνθοφοροῦντα,
2640 2144 2673 2215 ἢ
2708 2143 2776 2196 τά
2828 2143 3029 2212 ἀνανθῆ
3054 2183 3068 2205 ,
3110 2145 3166 2195 ἐν
3222 2141 3407 2213 μικρῷ
3449 2141 3549 2196 τὸν
3602 2144 3769 2213 μέγαν

2171 2235 2571 2305 ἐπιγινώσκων,
2622 2234 2857 2306 πρόσθες
2895 2235 2981 2289 ἀεὶ
3009 2234 3086 2305 τῷ
3114 2234 3376 2304 θαύματι,
3404 2235 3501 2288 καὶ
3530 2236 3767 2306 αύξηών

2174 2348 2263 2400 μοι
2294 2330 2394 2400 τὴν
2434 2329 2651 2398 ἀγάπην
2679 2328 2771 2380 τοῦ
2799 2328 3101 2390 κτίσαντος.
3121 2326 3392 2392 Ἐξέταζε,
3422 2328 3547 2390 πῶς
3574 2327 3646 2380 τὰ
3674 2330 3769 2397 μὲν

2171 2420 2396 2489 ἀειθαλῆ
2429 2419 2673 2488 ἐποίησε,
2700 2418 2767 2471 τὰ
2797 2417 2854 2469 δὲ
2880 2416 3230 2487 γυμνούμενα
3253 2434 3267 2446 ·
3304 2418 3399 2470 καὶ
3435 2417 3553 2470 τῶν
3584 2418 3764 2471 ἀειθα-

2170 2512 2277 2569 λῶν
2303 2510 2370 2564 τὰ
2406 2510 2504 2581 μὲν
2533 2508 2849 2578 φυλλοϐόλα,
2888 2509 2959 2561 τὰ
3007 2508 3064 2561 δὲ
3106 2507 3391 2576 ἀείφυλλα.
3442 2507 3765 2560 Φυλλοδοὶεί

2171 2608 2281 2680 γάρ
2317 2608 2411 2661 καὶ
2441 2605 2596 2660 ἐλαία
2627 2605 2722 2658 καὶ
2752 2604 2931 2667 πίτυς,
2961 2604 3010 2655 εί
3036 2603 3128 2656 καὶ
3159 2601 3464 2669 λεληθότως
3489 2602 3765 2656 ὑπαλλάτ-

2173 2718 2254 2760 σει
2286 2699 2355 2753 τὰ
2394 2697 2587 2767 φύλλα,
2620 2696 2759 2749 ὣστε
2793 2695 3062 2767 μηδέποτε
3090 2694 3263 2746 δοκεῖν
3288 2694 3387 2764 τῆς
3422 2693 3610 2763 κόμης
3634 2696 3765 2746 ἀπο-

2172 2790 2527 2864 γυμνοῦσθαι.
2578 2787 2886 2858 ’Δείφυλλον
2912 2786 2969 2840 δὲ
2998 2789 3027 2840 ὁ
3061 2786 3253 2855 φοίνιξ,
3282 2784 3360 2854 τῷ
3394 2785 3556 2855 αύτῷ
3592 2786 3765 2856 φύλλῳ

2225 2886 2353 2955 ιτῆς
2372 2882 2597 2953 πρώτης
2630 2879 2977 2951 βλαστήσεως
3006 2878 3085 2941 εἰς
3106 2877 3257 2940 τέλος
3283 2878 3759 2947 συμπαραμένων.

2175 2979 2409 3030 Ἔπειτα
2448 2975 2560 3047 (77)
2596 2974 2815 3026 κάκεῖνο
2851 2971 3063 3034 σκόπει,
3107 2969 3222 3033 πῶς
3259 2972 3292 3041 ἠ
3333 2970 3548 3040 μυρίκη
3580 2970 3763 3039 ὥσπερ

2172 3068 2429 3140 ἀμφίϐιόν
2464 3070 2601 3129 ἐστι,
2639 3067 2734 3119 καὶ
2767 3066 2879 3128 τοῖς
2919 3062 3194 3133 φιλύδροις
3225 3061 3758 3133 συναριθμούμενον,

2176 3162 2268 3215 καὶ
2307 3158 2450 3213 κατά
2488 3158 2587 3221 τὰς
2620 3158 2861 3229 ἐρήμους
2898 3154 3321 3226 πληθυνόμενον.
3352 3154 3447 3206 Διὸ
3483 3156 3585 3207 καὶ
3613 3157 3643 3207 ό
3681 3155 3763 3206 Ἱε-

2179 3252 2372 3327 ρεμίας
2421 3249 2645 3312 δικαίως
2690 3248 2758 3301 τὰ
2795 3247 3137 3317 πονηρότερα
3166 3246 3275 3315 (78)
3310 3245 3404 3299 καὶ
3450 3247 3765 3316 ἐπαμφοτεο

2182 3346 2399 3418 ρίζοντα
2428 3342 2535 3396 τῶν
2564 3340 2713 3412 ἠθῶν
2740 3338 2818 3411 τῷ
2847 3339 3074 3409 τοιούτῳ
3106 3338 3254 3409 φυτῷ
3287 3338 3649 3408 παρεικάζει.

488 3484 651 3542 uibus
683 3486 937 3540 abundat.
966 3489 1305 3558 Quapmpter
1334 3489 1497 3543 etiam
1530 3488 1793 3545 Jeremias
1834 3490 2046 3559 pejores
2074 3495 2129 3543 et
2166 3482 2447 3550 ambiguos
2478 3493 2657 3532 mores
2687 3476 2813 3531 huic
2844 3475 3037 3544 planta:
3058 3474 3249 3527 merito
3277 3482 3570 3542 comparat
3594 3473 3664 3525 ".

562 3577 650 3633 10.
693 3576 955 3633 Germinet
1012 3591 1172 3634 terra.
1227 3581 1341 3637 Hoc
1412 3584 1673 3652 perbreve
1736 3593 2065 3653 prmceptum

490 3673 679 3729 statim
721 3688 913 3743 magna
946 3683 1133 3727 natura
1168 3683 1223 3728 et
1253 3675 1578 3731 artificiosus
1611 3690 1790 3730 sermo
1816 3685 1953 3739 erat,
1986 3676 2069 3729 in-

2236 3576 2320 3629 l0.
2368 3571 2782 3639 Βλαστησάτω
2817 3571 2855 3639 ἡ
2899 3569 2999 3639 γῆ.
3041 3569 3113 3623 Τὸ
3163 3568 3361 3640 μικρὸν
3405 3568 3575 3621 τοῦτο
3608 3568 3769 3639 πρίστ-

2163 3684 2350 3737 ταγμα
2397 3664 2559 3727 εὐθὺς
2603 3663 2764 3733 φύσις
2808 3662 3018 3733 μεγάλη
3068 3661 3163 3714 καὶ
3194 3660 3351 3729 λόγος
3390 3658 3656 3729 ἔντεχνος
3682 3656 3765 3729 ἦν,

492 3780 747 3820 numeras
795 3765 1045 3834 stirpium
1094 3766 1453 3836 proprietates
1507 3769 1834 3839 cogitatione
1887 3776 2066 3821 nostra

2185 3761 2358 3812 ὶᾶττον
2410 3756 2505 3809 τοῦ
2570 3755 2838 3827 ἡμετέρου
2894 3756 3169 3825 νοήματος
3222 3752 3324 3816 τάς
3376 3752 3597 3822 μυρίας
3663 3752 3766 3804 τῶν

491 3858 650 3911 citius
678 3856 981 3927 proferens.
1010 3857 1345 3928 Prazceptum
1379 3860 1531 3926 illud,
1563 3861 1705 3931 quod
1735 3862 1895 3914 etiam
1928 3875 2066 3913 nunc

2185 3851 2453 3922 ρυομένων
2509 3849 2778 3919 ἰδιότητας
2824 3846 3083 3901 ἐκτελῶν.
3146 3846 3354 3898 Ἐκεῖνο
3407 3843 3493 3897 ἔτι
3548 3845 3651 3899 καὶ
3680 3846 3767 3898 νῦν

490 3959 651 4002 terra:
698 3949 875 4014 inest,
924 3963 1041 4003 eam
1092 3949 1385 4016 quotannis
1429 3958 1606 4020 urget,
1649 3958 1708 4003 ut
1749 3948 2066 4003 facultatem

2185 3943 2475 4014 ἐνυπάρχον
2506 3941 2616 4011 (79)
2644 3942 2709 4015 τῇ
2740 3941 2809 4009 γῇ
2842 3937 2903 3990 τὸ
2942 3937 3295 4007 πρόσταγμα,
3342 3936 3569 4005 ἐπείγει
3602 3938 3767 4007 αὐτὴν

490 4054 646 4095 suam
680 4053 918 4104 omnem,
948 4055 1051 4110 qua
1084 4041 1150 4094 ad
1194 4041 1413 4107 herbas,
1458 4042 1692 4107 semina,
1731 4040 2066 4107 arboresque

2185 4036 2292 4089 ιαθ⁶
2340 4035 2578 4103 ἑκάστην
2633 4032 2784 4093 ἔτους
2822 4030 3069 4102 περίοδον
3120 4029 3337 4097 ἐξάγειν
3384 4028 3492 4099 τὴν
3538 4030 3767 4101 δύναμιν

490 4130 826 4199 generandas
878 4130 1101 4198 praedita
1150 4138 1265 4192 est,
1314 4138 1553 4185 exseret.
1600 4129 2063 4196 Quemadmodum

2169 4126 2366 4195 ἑαυτῆς
2397 4124 2526 4193 ὅσην
2558 4122 2669 4192 ἔχει
2716 4120 2851 4192 πρός
2898 4137 2957 4172 τε
3004 4118 3242 4189 βοτανῶν
3289 4117 3391 4171 καὶ
3429 4122 3769 4191 σπερμάτων

490 4222 640 4278 enim
675 4222 918 4275 turbines
948 4236 1011 4275 ex
1050 4220 1223 4290 primo
1252 4220 1358 4273 ictu
1405 4221 1537 4290 ipsis
1568 4221 1811 4284 incusso,
1851 4236 1942 4275 eos
1975 4218 2065 4289 qui

2185 4217 2268 4270 ml.
2314 4214 2543 4285 δένδρων
2578 4214 2811 4281 γένεσιν.
2855 4212 2943 4274 Ὠς
2992 4209 3102 4281 γὰρ
3141 4212 3192 4263 οἱ
3242 4209 3524 4287 στρόϐιλοι
3564 4215 3633 4264 ἐκ
3676 4212 3771 4281 τῆς

490 4314 747 4382 deinceps
784 4320 1085 4382 sequuntur
1118 4327 1279 4383 gyros
1336 4313 1660 4378 conficiunt,
1709 4328 1831 4369 cum
1879 4311 1932 4367 in
1985 4325 2070 4364 se-

492 4405 649 4475 lpsis,
694 4404 801 4458 lixo
834 4414 1043 4466 centro,
1088 4404 1547 4459 circumferuntur
1590 4424 1603 4459 :
1638 4405 1718 4460 sic
1754 4413 1811 4459 et
1862 4413 2067 4458 naturae

490 4496 625 4550 ordo
672 4495 740 4549 ab
786 4496 889 4550 hoc
937 4496 1114 4563 primo
1167 4506 1437 4565 praecepto
1489 4512 1735 4561 exorsus,
1790 4495 1857 4549 ad
1904 4508 2067 4549 omne

491 4587 745 4654 deinceps
783 4596 992 4655 tempus
1025 4588 1241 4653 transit,
1270 4587 1440 4642 donec
1471 4588 1536 4642 ad
1573 4600 1915 4642 communem
1948 4585 2069 4638 uni-

492 4678 633 4731 versi
668 4677 1189 4732 consummationem
1222 4679 1553 4743 pervenerit.
1584 4677 1663 4731 Ad
1698 4692 1859 4747 quam
1888 4685 1943 4730 et
1972 4689 2071 4729 nos

490 4785 683 4824 omnes
714 4769 900 4823 referti
939 4768 1226 4836 fruetibus,
1256 4784 1317 4823 ac
1350 4770 1615 4825 bonorum
1648 4783 1872 4838 operum
1920 4766 2063 4837 pleni

490 4860 829 4924 festinemus,
873 4868 931 4913 ut
969 4858 1190 4928 plantati
1238 4861 1291 4914 in
1332 4862 1491 4915 domo
1534 4860 1769 4923 Domini,
1815 4860 1868 4913 in
1917 4857 2072 4911 atriis

490 4951 589 5008 Dei
635 4950 804 5005 nostri
826 4950 871 4982 '”
898 4948 1321 5016 emorescamus,
1360 4951 1413 5004 in
1442 4952 1658 5007 Christo
1696 4948 1821 5007 Jesu
1849 4949 2073 5004 Domino

558 5085 607 5117 ⁷⁸
643 5081 754 5142 Jer.
782 5100 913 5152 xvu,
938 5084 990 5139 6.
1064 5084 1110 5115 "
1150 5083 1294 5139 Psal.
1320 5099 1427 5150 χοι,
1462 5082 1546 5137 14.

559 5219 675 5342 (74)
718 5219 854 5302 ﬁeg.
892 5219 1100 5290 primus
1124 5217 1235 5291 ὁρῶ
1274 5234 1376 5288 μου
1411 5218 1522 5271 τόν.
1555 5216 1695 5273 Editi
1723 5232 1844 5272 cum
1877 5214 2062 5269 multis

559 5306 620 5342 ss.
683 5308 759 5342 οω
796 5308 884 5342 ιιοι
916 5290 1026 5342 τόν.

490 5290 759 5364 ιιιεὲηόρῶ
794 5308 884 5364 μοι
916 5290 1026 5343 τόν.
1080 5360 1092 5364 _
1158 5290 1165 5291 “
1370 5358 1407 5364 _
1843 5354 1854 5364 .
2032 5351 2058 5364 _

561 5354 863 5481 ρεγυοιυ.
894 5360 1162 5415 secundus
1206 5376 1327 5415 cum
1370 5358 1501 5429 Reg.
1533 5367 1686 5413 sexto
1733 5354 1923 5423 σοφίαν
1965 5354 2060 5435 τοῦ

585 5447 795 5481 σαντος.
837 5430 943 5481 Sed
978 5431 1128 5481 illud.
1158 5430 1253 5481 τοῦ
1299 5430 1606 5481 κτίσαντος.
1640 5428 1977 5481 desideratur
2007 5441 2060 5478 tn

488 5428 795 5495 κτίσαντος.
837 5430 943 5486 Sed
978 5431 1128 5496 illud,
1158 5430 1253 5483 τοῦ
1299 5430 1606 5493 κτίσαντος,
1640 5428 1977 5484 desideratur
2007 5428 2061 5478 in

487 5501 652 5553 aditis
677 5510 729 5553 et
759 5502 811 5553 in
853 5500 971 5552 aliis
1004 5515 1135 5555 mss.

714 5570 847 5639 Reg.
876 5570 1098 5638 quintus
1128 5569 1222 5623 τοῦ
1257 5570 1553 5631 κτίσοντος.

562 5636 675 5707 (77)
718 5636 845 5707 Reg.
873 5636 1057 5692 sextus
1082 5640 1109 5692 ὁ
1151 5640 1327 5707 φοίνιξ
1355 5641 1413 5692 τὸ
1458 5638 1589 5691 αὐτὸ
1632 5637 1828 5705 φύλλον
1873 5637 1937 5707 ἐκ
1967 5636 2066 5705 τῆς

490 5702 717 5825 fiscina;
751 5702 1096 5829 βλαστήξεως
1134 5702 1213 5772 είς
1255 5702 1407 5771 τέλος
1443 5702 1865 5779 συμπαραμένον
1905 5702 2063 5786 ἔχων.

579 5790 754 5829 πειτα.
784 5787 885 5829 et-c.
981 5778 1119 5829 alma
1155 5796 1270 5829 eum
1315 5780 1520 5829 easdem
1572 5779 1781 5829 frondes
1823 5796 1855 5829 α
1899 5792 2063 5829 prima

502 5771 885 5839 Ἔπειτςειις.
930 5771 1119 5832 Palma
1155 5771 1270 5845 qua:
1315 5771 1524 5834 easdeni
1569 5771 1781 5848 [nimias
1810 5796 1855 5850 ,α
1896 5771 2067 5846 prima

2174 4306 2397 4379 πρώτης
2430 4307 2612 4367 αὐτοῖς
2639 4302 2947 4375 ἐνδοθείσης
2972 4302 3189 4373 πληγῆς
3210 4301 3306 4364 τάς
3330 4302 3540 4372 ἐφεξῆς
3566 4302 3772 4357 ποιοῦν-

2172 4414 2261 4449 ται
2297 4393 2690 4467 περιστροφάς,
2722 4393 2849 4445 ὅταν
2889 4390 3164 4460 πήξαντες
3192 4390 3253 4443 τὸ
3278 4389 3512 4463 κέντρον
3544 4395 3607 4445 ἐν
3646 4394 3768 4446 ἐαυ-

2172 4491 2281 4550 τοῖς
2324 4486 2723 4557 περιφέρωνται
2744 4501 2756 4513 ·
2794 4482 2938 4537 οὓτω
2966 4484 3060 4535 καὶ
3102 4485 3136 4553 ὴ
3168 4483 3265 4553 τῆς
3291 4483 3517 4551 φύσεως
3546 4484 3771 4537 ἀκολευ-

2174 4580 2283 4642 θία,
2320 4581 2384 4631 ἐκ
2411 4578 2504 4631 τοῦ
2551 4576 2769 4648 πρώτου
2809 4576 3228 4648 προστάγματος
3260 4575 3360 4647 τὴν
3393 4576 3581 4648 ἀρχὴν
3624 4578 3769 4643 δεξα-

2172 4672 2307 4743 μένη
2329 4674 2465 4737 (80),
2511 4671 2646 4744 πρὸς
2680 4671 2857 4723 πάντα
2890 4669 2983 4722 τὸν
3024 4668 3224 4738 ἐφεξῆς
3270 4666 3626 4739 διεξέρχεται
3660 4670 3771 4741 χρό-

2167 4782 2276 4827 νον,
2304 4764 2494 4835 μέχρις
2524 4763 2587 4817 ἂν
2622 4763 2758 4834 πρὸς
2796 4762 2895 4834 τὴν
2923 4761 3109 4832 κοινὴν
3150 4760 3465 4814 συντέλειαν
3506 4763 3608 4815 τοῦ
3641 4781 3769 4815 παν-

2167 4856 2256 4919 τὸς
2283 4857 2615 4927 καταντήσῃ.
2657 4856 2772 4925 Ἐφ’
2807 4857 2874 4925 ἢν
2918 4855 3012 4908 καὶ
3043 4856 3203 4925 ἡμεῖς
3247 4855 3452 4917 πάντες
3496 4855 3769 4925 ἔγκαρπα.

2172 4950 2267 5003 καὶ
2289 4949 2514 5021 πλήρεις
2544 4949 2719 5021 ἔργων
2746 4947 2968 5017 ἀγαθῶν
3009 4945 3382 5021 ἐπειγώμεθα,
3427 4948 3544 5013 ἵνα,
3578 4965 3770 5016 φυτευ-

2169 5213 2503 5284 generatigne
2536 5214 2603 5264 ad
2640 5210 2797 5284 ﬁnem
2840 5224 3003 5284 usque
3031 5216 3407 5284 permanentes
3432 5221 3642 5284 servat.

2241 5284 2353 5352 (78)
2393 5282 2545 5336 Coll).
2575 5279 2939 5352 secundnsjca
2970 5279 3337 5349 πονηρότατα.
3367 5280 3583 5335 Ibidem
3637 5282 3759 5350 Reg.

2168 5348 2439 5409 secundus
2467 5353 2561 5404 mi.
2594 5348 3051 5419 άμφοτερίζοντα.

2244 5423 2355 5494 (79)
2399 5422 2474 5474 Ita
2510 5417 2646 5475 Duc.
2686 5417 2914 5487 uterQue
2944 5430 2999 5474 et
3028 5418 3118 5473 alii
3170 5418 3414 5488 quinque
3449 5433 3595 5473 mss.
3626 5417 3763 5473 Editi

2171 5494 2435 5546 ὑπάρχον.

2244 5511 2530 5635 ἃςῆξωίίθς.
2557 5560 2879 5635 εθξιιιξμτὴν
2918 5558 3179 5635 ἀπαρχὴν
3214 5556 3537 5635 δεξαμένη.-
3564 5555 3760 5635 Ibidem

2244 5576 2355 5635 (δυ)
2396 5576 2530 5631 neg.
2557 5576 2742 5615 seruus
2777 5576 2879 5631 την
2918 5576 3174 5686 απαρχην
3214 5576 3517 5626 οεςαμενη.
3565 5576 3760 5611 minem

2174 5648 2303 5688 mss.
2341 5642 2574 5702 quatuor
2605 5629 2984 5702 (διεξέρχεται.
3071 5630 3182 5685 ‘diti
3231 5644 3354 5684 cum
3407 5629 3628 5684 duobus
3678 5634 3763 5682 aut

2176 5705 2347 5760 tribus
2378 5716 2509 5757 mss.
2536 5701 2827 5774 διέρχεται.
