3850 6218
86 295 111 346 i
125 295 178 346 Π

1219 301 1506 358 HOMPLIA
1546 305 1612 361 VI
1652 305 1720 361 IN
1760 307 2262 378 IIEXAEMERON.

3255 318 3358 375 ιιι

2859 405 2940 415 ..α-ι

78 410 267 478 θέντες
295 413 354 466 ὲν
398 410 478 481 τῷ
505 411 645 483 οἴκῳ
667 414 896 484 Κυρίου,
930 417 986 469 ὲν
1024 421 1142 482 ταῖς
1174 420 1363 485 αὐλαῖς
1399 422 1495 476 τοῦ
1535 423 1671 478 Θεοῦ

1783 437 1981 493 nostro,
2023 431 2110 485 cui
2155 432 2322 502 gloria
2367 438 2424 486 et-
2463 409 2855 503 hnperium'rin
2890 411 3082 488 saecula
3125 435 3359 490 saculo-

74 503 238 574 ὴμῶν
285 503 672 578 ὲξανθήσωμεν
725 510 784 562 ὲν
835 511 1059 582 Χριστῷ
1123 513 1297 584 Ἰησοῦ
1351 515 1430 587 τῷ
1482 517 1674 590 Κυρίῳ

1781 535 1921 574 rum.
1953 523 2144 575 Amen.

75 595 263 667 ἡμῶν,
290 590 336 665 ᾧ
363 599 400 668 ἡ
426 598 555 666 δόξα
585 600 681 654 καὶ
710 600 771 654 τὺ
798 603 1001 673 κράτος
1048 605 1129 668 είς
1159 607 1288 670 τοὺς
1329 607 1535 672 αἰῶνας
1561 609 1670 664 τῶν
1708 610 1940 665 αἰώνων.
1979 613 2171 684 Ἀμήν.

683 821 926 875 OMIAIA
980 825 1072 892 qv.

369 911 514 981 Περὶ
556 913 849 982 γενέσεως
889 915 1220 984 ερωστήρων
1253 915 1388 986 (81).

157 1003 210 1058 1.
239 1001 350 1057 Τὸν
407 1003 656 1075 ἀθλητῶν
706 1004 906 1076 θεατὴν
965 1006 1218 1075 μετέχειν
1256 1005 1404 1068 τινὸς
1428 1005 1674 1075 προσῆκε

85 1097 180 1148 καὶ
205 1095 369 1148 αὐτὸν
395 1096 662 1160 εύτονίας.
701 1097 812 1149 Καὶ
855 1097 1015 1149 τοῦτο
1043 1099 1108 1150 ἐκ
1140 1096 1250 1149 τῶν
1282 1097 1675 1168 πανηγυρικῶν

83 1187 305 1258 Θεσμῶν
337 1188 401 1241 ἄν
427 1206 511 1251 τις
562 1188 788 1252 κατίδοι,
819 1187 870 1252 οἳ
897 1189 1024 1252 τοὺς
1053 1188 1557 1259 συγκαθεζομένους
1593 1191 1674 1253 είς

82 1278 144 1330 τὸ
181 1279 393 1332 στάδιον
423 1279 534 1348 (89.)
587 1283 770 1350 γυμνῇ
839 1280 1112 1350 καθῆσθαι
1141 1285 1206 1352 τῇ
1236 1281 1446 1352 κεφαλῇ
1489 1281 1672 1350 διαγο-

83 1371 370 1441 ρεύουσινο
422 1373 546 1442 ἐμοὶ
577 1372 754 1424 δοκεῖν
785 1372 916 1442 (85),
977 1373 1062 1425 ἵνα
1129 1373 1203 1444 μὴ
1261 1373 1459 1445 θεατὴς
1508 1373 1669 1443 μόνον

83 1463 428 1530 ἀγωνιστῶν,
457 1462 596 1516 ἀλλά
645 1463 740 1526 καὶ
785 1465 1090 1536 ἀγωνιστὴς
1139 1465 1370 1530 ἕκαστος
1404 1464 1568 1529 αὐτὸς
1611 1467 1670 1518 ἐν

81 1553 159 1623 τῷ
195 1555 351 1624 μέρει
375 1554 639 1625 τυγχάνῃ.
677 1555 833 1610 Οὕτω
871 1556 1046 1608 τοίνυν
1074 1557 1167 1610 καὶ
1204 1557 1292 1610 τὸν
1331 1557 1442 1610 τῶν
1496 1559 1669 1628 μεγά-

79 1646 188 1697 λων
223 1648 319 1699 καὶ
346 1646 642 1718 ὑπερφυῶν
675 1646 962 1717 θεαμάτων
989 1647 1306 1722 ἐξεταστὴν,
1341 1650 1434 1702 καὶ
1459 1650 1556 1702 τὸν.
1571 1653 1669 1721 τῆς

77 1739 260 1807 ἄκρας
287 1737 454 1802 ὅντως
497 1739 592 1792 κίκι)⁸
623 1740 936 1811 ἀπορρήτου
966 1741 1156 1810 σοφίας
1194 1743 1469 1816 ἀκροατὴν
1506 1763 1673 1817 προσ-

76 1828 215 1899 ῆκεν
245 1829 454 1882 οἴκοθεν
502 1829 644 1900 ἔχειν
689 1831 893 1900 ἥκοντά
921 1849 1072 1895 τινας
1104 1833 1358 1905 ἀφορμάς
1389 1836 1525 1907 πρὸς
1573 1837 1672 1906 τὴν

78 1921 318 1991 θεωρίαν
373 1921 480 1974 τῶν
535 1923 932 1994 προκειμένων,
964 1925 1060 1977 καὶ
1108 1929 1387 1980 κοινωνεῖν
1429 1928 1551 1997 ἐμοὶ
1575 1929 1674 1998 τῆς

81 2014 327 2081 ἀγωνίας
366 2015 444 2078 εἰς
467 2013 715 2084 δύναμιν,
751 2016 872 2086 ούχὶ
913 2017 1103 2086 κριτὴν
1140 2016 1402 2090 μᾶλλονῆ
1438 2036 1677 2088 συναγωο

80 2104 271 2175 νιστὴν
329 2103 658 2176 παρεστῶτα
681 2122 696 2136 ο
751 2107 960 2176 μήποτε
996 2107 1104 2178 ἄρα
1136 2107 1366 2182 διαλάθῃ
1392 2109 1540 2179 ἡμᾶς
1575 2110 1674 2180 τῆς

80 2191 342 2262 ἀληθείας
367 2194 401 2263 ἡ
441 2192 682 2264 εὕρεσις,
712 2196 806 2248 καὶ
837 2197 898 2248 τὸ
933 2196 1064 2266 ἐμὸν
1103 2197 1326 2267 σφάλμα
1370 2198 1522 2270 κοινὴ
1579 2199 1647 2269 ζη

82 2282 182 2352 μία
209 2282 321 2335 τῶν
350 2283 657 2337 ἀκουόντων
685 2284 931 2356 γένηται.
962 2285 1106 2356 Πρὸς
1138 2282 1231 2339 οῦν
1284 2287 1337 2340 τί
1389 2288 1566 2342 ταῦτα
1589 2288 1676 2342 λέ-

78 2391 164 2452 γω
193 2390 208 2438 ;
254 2374 399 2439 Ὅτι,
428 2375 617 2446 ἐπειδὴ
641 2375 930 2450 πρόκειται
955 2379 1086 2448 ἡμῖν
1117 2379 1198 2443 είς
1217 2379 1319 2449 τὴν
1345 2379 1439 2433 τοῦ
1466 2381 1673 2451 κόσμου

81 2465 348 2518 σύστασιν
401 2464 652 2531 ἐξέτασις
698 2468 792 2520 καὶ
833 2468 1035 2540 Θεωρία
1066 2469 1160 2523 τοῦ
1208 2472 1435 2538 παντὸς,
1466 2473 1566 2526 ούκ
1610 2475 1674 2527 ὲκ

79 2554 182 2624 τῆς
213 2553 309 2607 τοῦ
331 2555 536 2626 κόσμου
568 2557 762 2626 σοφίας
779 2557 878 2621 τὰς
907 2559 1083 2630 ἀρχὰς
1116 2560 1340 2630 ἔχουσα,
1365 2561 1483 2616 ἀλλ’
1519 2563 1578 2628 ἐξ
1600 2557 1674 2617 ὧν

76 2646 174 2698 τὸν
209 2647 407 2701 ἑαυτοῦ
439 2647 746 2720 θεράποντα
773 2651 801 2702 ὁ
834 2650 966 2714 Θεὸς
1001 2651 1404 2726 ἐξεπαίδευσεν,
1455 2656 1512 2710 ὲν
1546 2656 1676 2709 εἴδει

78 2738 330 2812 λαλήσας
359 2741 494 2812 πρὸς
523 2741 708 2805 αύτὸν,
733 2743 830 2795 καὶ
859 2743 920 2795 ού
965 2743 1032 2796 δι’
1067 2744 1428 2815 αἰνιγμάτων,
1460 2746 1674 2819 ἀνάγκη

78 2851 188 2885 που
243 2833 462 2898 πάντως
521 2835 648 2906 τοὺς
706 2835 815 2888 τῶν
860 2837 1112 2907 μεγάλων
1154 2839 1555 2911 φιλοθεάμονάς
1599 2841 1674 2912 μὴ

77 2924 434 2996 ἀγύμναστον
482 2926 626 2999 ἔχειν
658 2928 750 2980 τὸν
779 2928 905 2982 νοῦν
937 2930 1074 3001 πρὸς
1114 2931 1212 3000 τὴν
1243 2931 1354 2987 τῶν
1381 2932 1678 3003 προκειμέ-

79 3036 191 3071 νων
225 3019 362 3088 ἡμῖν
388 3019 739 3092 κατανόησιν.
762 3021 832 3073 Εῐ
857 3007 1122 3088 ποτεόῦν,
1148 3024 1207 3078 ἐν
1247 3022 1437 3095 αἰθρίᾳ.
1489 3039 1680 3076 νυκτε-

82 3112 234 3192 ρινῇ,
260 3109 399 3180 πρὸς
419 3111 489 3164 τὰ
513 3111 726 3182 ἄρρητα
760 3111 930 3183 κάλλη
953 3112 1060 3166 τῶν
1085 3114 1301 3187 ἄστρων
1326 3115 1438 3187 (84)
1489 3117 1676 3170 ὲνατε-

77 3200 263 3266 νίσας,
295 3200 501 3254 ἔννοιαν
550 3202 742 3265 ἐλαὸες
778 3202 872 3256 τοῦ
921 3205 1166 3276 τεχνίτου
1208 3204 1319 3258 τῶν.
1344 3206 1512 3271 ὅλων,
1540 3205 1624 3270 τίς
1648 3209 1678 3260 ὁ

75 3296 195 3355 τοῖς
217 3291 406 3346 ἄνθεσι
429 3293 636 3358 τούτοις
659 3295 999 3360 διαποικίλας
1019 3296 1110 3350 τὸν
1131 3298 1191 3350 ού
1202 3297 1380 3369 ρανὺν,
1413 3299 1506 3352 καὶ
1528 3299 1676 3364 ὅπως

76 3387 140 3439 ὲν
181 3387 299 3450 τοῖς
340 3387 638 3458 δρωμένοις
683 3389 845 3442 πλέον
888 3387 984 3442 τοῦ
1015 3390 1250 3464 τερπνοῦ
1289 3391 1350 3444 τὸ
1381 3393 1677 3461 ἀναγκαῖόν

77 3479 238 3533 ἐστι·
304 3479 470 3533 πάλιν
540 3482 597 3534 ἐν
650 3482 834 3554 ἡμέρᾳ
897 3484 947 3535 εἰ
1007 3483 1234 3554 νήφοντι
1295 3483 1376 3555 τῷ
1431 3484 1678 3558 λογισμῷ

76 3572 402 3643 κατέμαθες
459 3573 528 3627 τά
563 3575 661 3645 τῆς
701 3574 918 3647 ἡμέρας
960 3573 1238 3646 θαύματα,
1285 3578 1379 3630 καὶ
1419 3577 1509 3631 διά
1567 3579 1677 3632 τῶν

75 3664 382 3737 ὁρωμένων
440 3666 738 3734 ἀνελογίσω
785 3667 873 3720 τὸν
928 3668 1026 3738 ούχ
1071 3667 1369 3740 ὁρώμενον,
1423 3670 1679 3743 ὲμπαρά-

79 3776 284 3822 σκευος
315 3759 474 3829 ἥκεις
515 3760 791 3831 ἀκροατὴς
835 3761 930 3815 καὶ
954 3760 1181 3832 πρέπων
1227 3760 1306 3831 τῷ
1353 3761 1678 3838 πληρώματι

78 3851 180 3903 τοῦ
211 3849 415 3922 σεμνοῦ
444 3851 637 3904 τούτου
679 3853 772 3906 καὶ
805 3853 1079 3922 μακαρίου
1114 3851 1365 3924 θεάτρου.
1402 3853 1571 3924 Δεῦρο
1612 3854 1676 3925 δὴ

77 3939 198 4006 οὖν,
227 3941 422 4014 ῶσπερ
464 3944 514 3995 οἱ
552 3943 680 4006 τοὺς
718 3943 908 4015 ἀήθεις
947 3943 1054 3996 τῶν
1083 3943 1294 3996 πόλεων
1340 3944 1441 4014 τῆς
1497 3945 1679 4015 χειρὸς

79 4036 378 4107 λαϐόμενοι
425 4036 840 4107 περιηγοῦνται,
877 4036 1018 4090 οὕτω
1048 4035 1112 4112 δὴ
1138 4037 1233 4090 καὶ
1273 4035 1437 4099 αὐτὸς
1492 4037 1585 4092 ἐπὶ
1610 4035 1681 4088 τὰ

79 4129 451 4201 κεκρυμμένα
515 4129 768 4200 θαύματα
819 4131 964 4200 ὑμᾶς
1017 4130 1117 4200 τῆς
1175 4128 1418 4200 μεγάλης
1477 4127 1680 4198 ταύτης

79 4222 299 4284 πόλεως
331 4220 637 4291 ξεναγήσω.
678 4221 766 4273 Ἐν
785 4223 851 4290 τῇ
877 4219 1027 4273 πόλει
1055 4219 1319 4292 ταύτῃ,ὲν
1412 4221 1444 4290 ή
1477 4220 1678 4291 ἀρχαία

79 4313 293 4385 πατρὶς
320 4313 479 4384 ἡμῶν
513 4312 647 4384 (85),
687 4308 754 4394 ἧς
787 4311 1187 4383 μετανέστησεν
1213 4314 1360 4383 ἡμᾶς
1411 4312 1440 4364 ό
1471 4311 1680 4382 ἀνθρω-

2365 830 2647 886 IIOMILIA
2687 832 2772 886 Vl.

2150 922 2228 977 De
2259 925 2593 992 generatione
2624 925 2987 980 luminarium.

1851 1017 1902 1070 l.
1947 1015 2320 1084 Spectatorem
2345 1015 2670 1070 athletarum
2707 1029 2920 1087 oportet
2943 1030 2998 1075 et
3025 1020 3198 1089 ipsum
3226 1036 3357 1077 con-

1778 1109 2038 1166 tentionis
2065 1108 2387 1178 participem
2420 1123 2560 1163 esse.
2601 1109 2767 1180 quue
2793 1126 2858 1166 ex
2888 1114 3235 1184 panegyricis
3274 1113 3354 1168 le-

1777 1200 1933 1269 gibus
1961 1202 2136 1269 quivis
2173 1202 2530 1280 _cognoverit,
2571 1216 2714 1270 qua},
2760 1203 2812 1257 in
2849 1205 3028 1259 stadio
3059 1205 3356 1260 considena

1779 1301 1879 1356 tes,
1911 1293 2056 1345 nudo
2081 1292 2255 1359 capite
2272 1293 2461 1347 sedere
2486 1293 2678 1363 jubent
2701 1311 2716 1346 :
2746 1295 3074 1366 utquisque,
3102 1311 3218 1350 mea
3237 1297 3356 1365 qui-

1777 1384 1897 1438 dem
1929 1385 2221 1449 sententia,
2254 1400 2358 1439 non
2395 1385 2465 1439 sit
2495 1384 2666 1440 solum
2712 1386 3105 1441 decertantium
3145 1398 3356 1456 specta-

1779 1484 1883 1541 tor,
1911 1476 2004 1531 sed
2035 1478 2199 1531 etiam
2237 1477 2416 1547 aliqua
2446 1492 2511 1532 ex
2547 1487 2700 1548 parte
2734 1479 2937 1534 athleta
2969 1481 3216 1534 exsistat.
3262 1478 3356 1533 Sic

1775 1583 1909 1622 sane
1938 1569 2100 1622 etiam
2148 1584 2464 1637 magnorum
2507 1579 2668 1638 atque
2708 1570 3104 1624 admirabilium
3143 1577 3356 1640 specta-

1777 1659 2022 1714 culorum
2076 1660 2472 1726 inquisitorem.
2509 1661 2760 1731 illiusque
2827 1677 2950 1716 vere
3015 1677 3240 1718 summa
3286 1675 3354 1716 ac

1781 1748 2067 1805 itteifabilis
2111 1752 2391 1820 sapientia:
2442 1753 2768 1818 auditorem,
2817 1755 2943 1808 dum
2984 1755 3214 1822 accedit,
3255 1770 3356 1824 par

1778 1839 1940 1894 fuerit
1969 1843 2209 1911 quaedam
2239 1842 2306 1896 ad
2345 1858 2428 1896 res
2455 1845 2758 1913 propositas
2795 1845 3244 1914 contemplandas
3271 1845 3350 1900 itt-

1777 1933 2073 1988 citamenta
2101 1949 2167 1988 ex
2197 1949 2256 1988 se
2284 1934 2506 2002 habere,
2540 1951 2603 1988 ac
2636 1951 2846 1990 mecum
2879 1952 2976 2005 pro
3001 1937 3206 1992 viribus
3235 1951 3360 1993 esse

1776 2025 2090 2079 certaminis
2133 2037 2461 2090 consortem,
2499 2042 2598 2082 nec
2642 2028 2814 2098 magis
2862 2029 3099 2096 judicem
3145 2040 3354 2090 astare,

1775 2131 1936 2184 quam
1971 2126 2370 2172 concertantem
2395 2134 2494 2183 ;ne
2514 2119 2653 2174 forte
2674 2130 2956 2188 praetereat
2984 2135 3083 2175 nos
3113 2121 3360 2180 veritatis

1778 2207 2040 2280 inventio,
2063 2223 2126 2263 ac
2158 2225 2309 2264 meus
2341 2225 2496 2264 error
2525 2227 2812 2266 commune
2837 2212 3169 2268 audientium
3200 2213 3358 2267 dam-

1777 2313 1904 2352 num
1943 2300 2056 2355 llal.
2097 2300 2367 2368 Quorsum
2402 2302 2512 2373 50
2539 2304 2652 2358 hanc
2692 2303 2942 2360 tandem?
2967 2303 3102 2372 Quia
3131 2320 3252 2359 cum
3284 2305 3363 2359 ins

1777 2390 2042 2459 quirenda
2089 2392 2248 2448 nobis
2281 2407 2615 2464 proponatur
2657 2396 2841 2450 mundi
2873 2397 3208 2461 constitutio,
3239 2397 3361 2452 uni-

1777 2483 2029 2551 versique
2067 2486 2476 2554 contemplatio,
2509 2503 2627 2555 qtta:
2651 2503 2718 2541 ex
2747 2488 2928 2542 mundi
2971 2489 3234 2559 sapientia
3263 2504 3361 2543 ne-

1777 2587 2047 2640 quaquam
2079 2573 2404 2644 principimn
2458 2577 2626 2644 ducit,
2668 2579 2762 2632 sed
2801 2593 2864 2632 ex
2913 2579 2997 2633 his
3039 2595 3159 2650 quat
3201 2595 3357 2637 suum

1779 2675 1992 2715 servum
2029 2660 2171 2716 Deus
2191 2663 2394 2729 docuit,
2424 2664 2499 2718 illi
2530 2665 2582 2718 in
2606 2668 2809 2734 specie,
2835 2680 2941 2718 non
2971 2681 3068 2734 per
3099 2665 3359 2734 aenigma-

1779 2762 1831 2808 ta
1853 2753 2066 2809 locutus
2097 2771 2114 2807 :
2143 2769 2362 2810 necesse
2395 2767 2480 2810 est
2524 2757 2764 2821 omnino,
2801 2758 3100 2825 ingentium
3143 2765 3360 2828 specta-

1779 2844 2024 2898 culorum
2049 2855 2320 2900 amatores
2354 2859 2460 2898 non
2487 2845 2729 2898 animum
2775 2845 2975 2900 habere
3011 2847 3076 2899 ad
3109 2849 3359 2916 proposi-

1783 2943 1961 2988 tarum
2030 2935 2186 2990 nobis
2240 2950 2423 2989 rerum
2467 2935 2869 3005 perceptionem
2923 2936 3356 2990 inexercitatum.

1704 3051 1746 3110 ο
1782 3024 1968 3095 Itaque
1997 3025 2042 3079 si
2079 3040 2315 3094 unquam
2348 3027 2400 3080 in
2427 3033 2689 3080 nocturna
2731 3025 3050 3090 serenitate,
3082 3025 3362 3079 inenarra-

1780 3113 1942 3168 bilem
1991 3125 2260 3169 astrorum
2303 3115 2758 3185 pulchritudinem
2802 3116 3024 3170 intentis
3067 3115 3241 3171 oculis
3264 3131 3360 3172 su—

1779 3206 2039 3274 spiciens,
2071 3207 2139 3262 de
2185 3207 2564 3262 universorum
2595 3208 2787 3278 opiﬁce
2815 3208 3083 3278 cogitasti,
3113 3208 3360 3278 quisnam

1781 3299 1828 3356 is
1859 3299 1952 3363 sit,
1981 3301 2071 3369 qui
2106 3299 2192 3354 his
2213 3297 2438 3354 ﬂoribus
2467 3299 2663 3355 caelum
2696 3302 2964 3365 distinxit,
3000 3309 3057 3356 et
3087 3301 3360 3370 quomodo

1781 3392 1833 3444 in
1879 3391 2042 3446 rebus
2085 3392 2386 3446 visibilibus
2427 3391 2599 3459 major
2636 3393 2705 3446 sit
2741 3392 2970 3458 utilitas,
3018 3407 3182 3464 quam
3211 3391 3364 3447 voluo

1778 3494 1933 3552 ptas;
1963 3498 2153 3537 rursus
2193 3483 2239 3537 si
2275 3483 2506 3537 interdiu
2543 3483 2649 3536 diei
2683 3483 2940 3538 miracula
2971 3483 3228 3549 didicisti,
3264 3499 3364 3553 per

1782 3575 2094 3644 diligentem
2121 3573 2555 3641 meditationem,
2583 3574 3018 3645 invisibilemque
3046 3591 3142 3646 per
3173 3575 3363 3630 visibi-

1779 3665 1848 3719 lia
1876 3665 2181 3732 aestimasti,
2203 3676 2421 3735 paratus
2444 3665 2660 3720 accedis
2693 3667 2929 3732 auditor,
2956 3681 3020 3722 ac
3047 3667 3244 3738 dignus
3267 3667 3360 3736 qui

1781 3757 2147 3812 venerandum
2198 3756 2328 3811 illud
2369 3771 2430 3811 ac
2486 3757 2700 3811 beatum
2741 3757 3011 3812 theatrum
3059 3757 3358 3827 compleas.

1778 3849 1892 3918 Age
1945 3849 2134 3918 igitur,
2165 3849 2620 3918 quemadmodum
2677 3850 2768 3918 qui
2831 3850 3043 3904 urbium
3094 3851 3360 3916 insuetos,

1781 3957 1944 3994 manu
2012 3942 2372 4012 apprehensa,
2407 3940 2958 3997 circumducuntzita
3017 3951 3073 3997 et
3124 3941 3243 4012 ipse
3293 3943 3361 3995 ad

1779 4033 1990 4087 occulta
2050 4047 2257 4102 magna:
2293 4032 2446 4086 istius
2501 4032 2739 4087 civitatis
2785 4032 3043 4087 miracula
3097 4047 3195 4088 vos
3251 4041 3364 4086 tan.

1781 4139 1942 4194 quam
1977 4124 2290 4194 peregrinos
2331 4126 2652 4181 conducam.
2697 4124 2754 4179 In
2785 4125 3003 4180 civitate
3031 4125 3141 4191 illa,
3171 4126 3224 4181 in
3255 4140 3365 4195 qua

1782 4225 1866 4270 est
1889 4225 2045 4271 vetus
2079 4217 2252 4286 patria
2299 4225 2511 4284 nostra,
2542 4232 2609 4272 ex
2645 4232 2750 4288 qua
2783 4219 2995 4289 expulit
3022 4232 3123 4274 nos
3149 4218 3360 4273 daemon

1783 4308 2052 4365 homicida
2085 4307 2197 4376 ille,
2235 4309 2326 4379 qui
2371 4309 2486 4365 suis
2527 4309 2800 4366 illecebris
2847 4311 3120 4366 hominem
3156 4309 3364 4381 redegit

80 4405 350 4469 ποκτόνος
368 4405 598 4476 δαίμων,
626 4409 738 4468 τοῖς
773 4405 964 4458 ἑαυτοῦ
993 4405 1354 4476 δελεάσμασιν
1401 4404 1672 4476 ἀνδραπο-

1783 4399 1834 4452 in
1866 4400 2181 4454 servitutem
2225 4401 2549 4455 :intuebere
2589 4401 2681 4456 hic
2726 4403 2956 4472 primam
2993 4401 3226 4457 hominis
3271 4416 3366 4472 ge-

76 4499 242 4563 δίσας
269 4497 362 4551 τὸν
392 4497 709 4568 ἄνθρωπον*
755 4496 990 4552 ἐνταῦθα
1040 4497 1264 4567 κατόψει
1315 4497 1413 4567 τὴν
1453 4495 1677 4568 πρώτην

73 4590 176 4644 τοῦ
204 4588 498 4662 ἀνθρώπου
525 4590 760 4658 γένεσιν,
804 4590 897 4644 καὶ
926 4589 1018 4642 τὸν
1053 4589 1214 4653 εὐθὺς
1243 4591 1393 4660 ἡμᾶς
1413 4590 1679 4643 ἐπικατα-

74 4681 323 4736 λαόόντα
362 4680 472 4754 (86)
518 4681 774 4736 θάνατον’
805 4682 864 4735 ὃν
912 4681 1199 4752 ἐγέννησεν
1246 4684 1280 4752 ἡ
1315 4683 1578 4753 ἁμαρτία,
1621 4682 1679 4736 τὸ

75 4774 438 4848 πρωτότοκον
496 4773 718 4842 ἔκγονον
759 4772 854 4826 τοῦ
903 4773 1217 4846 ἀρχεκάκου
1265 4772 1536 4842 δαίμονος.
1567 4771 1678 4830 Καὶ

74 4865 379 4937 γνωρίσεις
422 4865 615 4919 σαυτὸν
661 4865 846 4936 γήινον
903 4864 1002 4935 μὲν
1037 4867 1104 4936 τῇ
1155 4863 1346 4932 φύσει,
1399 4861 1560 4933 ἔργον
1619 4862 1676 4919 δὲ

75 4958 247 5012 θείων
276 4957 478 5029 χειρῶν
495 4974 509 4987 ·
532 4957 758 5028 δυνάμει
793 4958 890 5028 μὲν
913 4957 1006 5011 καὶ
1022 4955 1308 5028 παραπολὺ
1337 4956 1444 5008 τῶν
1466 4955 1676 5024 ἀλόγων

73 5052 446 5114 λειπόμενον,
491 5050 730 5122 ἄρχοντα
781 5050 839 5102 δὲ
899 5049 1277 5122 χειροτονητὸν
1311 5049 1422 5101 τῶν
1464 5049 1674 5116 ἀλόγων

75 5145 178 5198 καὶ
230 5142 348 5196 τῶν
402 5140 661 5213 ἀψύχωνο
703 5145 824 5205 ταῖς
867 5142 967 5212 μὲν
1009 5143 1073 5195 ἐκ
1111 5141 1210 5213 τῆς
1244 5139 1459 5209 φύσεως
1490 5158 1673 5213 παρα-

156 5300 275 5369 (8|)
314 5299 432 5373 ιιιε,
467 5302 584 5373 Καὶ
608 5297 762 5355 εἶπεν
792 5305 821 5356 ὁ
853 5303 988 5365 θεός
1007 5319 1022 5333 ο
1051 5299 1434 5373 Γενεθήτωσαν
1467 5301 1678 5373 φωστῆο

79 5390 182 5447 ρες
206 5373 269 5447 εν
291 5369 368 5447 τῷ
396 5371 733 5447 στερεώματι
759 5376 852 5447 τοῦ
874 5372 1129 5447 ούρανοῦ,
1153 5369 1497 5447 reperiuntur
1523 5369 1676 5447 initio

77 5441 356 5497 orationis
397 5442 448 5494 in
495 5441 615 5496 uno
643 5454 736 5496 aut
766 5441 952 5499 ιιιιθῐο
973 5443 1159 5498 codice
1199 5457 1214 5499 :
1252 5441 1344 5495 sed
1379 5441 1569 5495 desunt
1621 5443 1672 5495 in

78 5511 516 5581 antiquioribus,
563 5522 692 5582 puta
741 5515 794 5567 in
839 5525 1064 5583 utroque
1116 5511 1279 5568 Coisl.
1337 5509 1447 5566 Nos
1483 5511 1672 5567 omisi-

80 5599 235 5642 mus.

89 5651 92 5653 λ
159 5651 282 5722 (82)
323 5654 427 5719 Εἰς
461 5651 528 5705 τὸ
556 5652 827 5718 στάδιον,
855 5664 960 5708 etc.
995 5652 1133 5722 Lege
1173 5653 1445 5707 Ducaeum.

158 5721 279 5796 (85)
323 5723 455 5793 Reg.
484 5733 668 5782 sextus
701 5725 825 5795 ἐμοὶ
853 5723 1016 5780 δοκεῖ.
1049 5725 1167 5780 Mox
1211 5739 1352 5779 unus
1394 5738 1498 5779 ms.
1527 5721 1665 5791 ἀγω-

1782 4493 2135 4560 nerationem,
2175 4501 2230 4550 et
2266 4494 2412 4551 illam
2468 4511 2588 4567 qua:
2630 4512 2730 4551 nos
2767 4498 2951 4552 statim
3001 4491 3364 4568 apprehendit

1782 4597 2011 4641 mortem
2045 4604 2246 4658 :quam
2274 4591 2482 4660 peperit
2516 4605 2822 4662 peccatum,
2845 4593 3234 4664 primogenitus
3271 4591 3362 4647 illo

1783 4682 2040 4736 daemonis
2064 4681 2329 4736 malorum
2359 4685 2598 4740 auctoris
2621 4695 2830 4754 partus.
2859 4685 2997 4753 Quin
3024 4697 3080 4741 et
3106 4693 3158 4741 te
3186 4685 3358 4756 ipsum

1783 4788 1976 4829 nosces
2006 4783 2065 4827 ut
2105 4783 2300 4829 natura
2343 4785 2601 4843 terreum,
2634 4777 2707 4834 ita
2752 4794 3008 4833 manuum
3052 4778 3358 4834 divinarum

1782 4881 1918 4936 opus
1948 4883 1962 4920 :
1988 4866 2196 4921 viribus
2229 4868 2444 4936 quidem
2488 4869 2646 4940 longe
2692 4870 2868 4926 brutis
2899 4869 3222 4926 animalibus
3252 4871 3359 4924 im-

1781 4973 1988 5029 parem,
2017 4957 2410 5013 irrationalium
2452 4976 2582 5016 vero
2609 4971 2665 5018 et
2707 4963 3126 5017 inanimatorum
3160 4963 3360 5034 princi~

1781 5063 1901 5119 pem
1927 5050 2278 5105 constitutum
2308 5067 2322 5104 :
2352 5050 2663 5114 inferiorem
2691 5054 2907 5125 quidem
2927 5054 3160 5110 naturali
3187 5069 3357 5125 appa~

1782 5151 1928 5208 ratu,
1967 5155 2091 5196 eum
2130 5156 2280 5206 vero,
2314 5142 2404 5213 qui
2445 5145 2674 5199 rationis
2722 5145 3034 5215 praestantia
3070 5145 3246 5215 possis
3285 5149 3353 5201 ad

1771 5301 1969 5355 νιστῶν
2002 5301 2250 5365 ἕκαστος.

1847 5371 1958 5446 (βξ)
2000 5371 2249 5446 Ιξίοηιιυιῇ
2292 5373 2556 5446 ιηες,τῷν
2589 5373 2853 5446 ἀστέρων,

1845 5441 2180 5517 (85)ιβοόεχ
2199 5442 2370 5517 ΔΒοιΙΙ.
2400 5445 2441 5517 ἡ.
2463 5445 2666 5516 ἀρχαία
2701 5441 2920 5513 πατρὶς,
2943 5445 3144 5517 πατρὶς
3170 5445 3350 5516 ἡμῶν,

1772 5521 1918 5564 vetns
1942 5511 2039 5564 illa
2073 5513 2270 5579 patria,
2299 5511 2475 5579 patria
2506 5511 2711 5568 nostra.

1846 5580 1958 5655 (86)
1999 5582 2074 5635 Ita
2110 5580 2358 5655 Combet'.
2389 5598 2512 5638 cum
2560 5583 2678 5641 aliis
2727 5595 2960 5655 quatuor
3006 5601 3119 5641 mss
3171 5585 3350 5645 Editio

1772 5649 1946 5709 Paris.
1967 5650 2360 5708 καταλαϐόντα.
