3850 6218
483 321 586 377 H9
1828 317 1886 370 S.
1929 311 2176 368 BASILII
2217 310 2429 368 MAGNI
3697 303 3778 356 Ii

482 445 660 514 ipsum
718 440 914 497 cmlum
973 439 1153 495 evehi.
1212 439 1405 494 lstbaec
1463 437 1506 491 si
1564 436 1825 491 fuerimus
1866 436 2103 498 cdocti“

2251 436 2390 497 ευαῖς
2424 430 2833 501 ἐλαττούμενον,
2868 430 2936 498 τῇ
2979 426 3038 479 δὲ
3083 423 3177 478 τοῦ
3247 423 3424 490 λόγου
3488 423 3778 514 saepiussi;

484 513 843 602 nosmetipsos
875 546 1292 602 cognoscemus,
1336 544 1526 584 sumus
1571 530 1736 584 Deum
1767 527 2063 598 c0gnituri,

2251 525 2305 588 ὸς
2349 524 2577 596 οὐρανὸν
2613 521 2774 576 αὐτὸν
2820 517 3194 591 ὑττεραρθῆναι
3247 514 3621 582 δυνάμενον.

483 624 833 680 adorabimus
861 621 1210 677 Conditorem
1231 659 1245 683 ,
1286 619 1516 674 Domino
1546 619 1866 684 serviemus,
1899 617 2066 688 glori-

2251 621 2337 671 Βτα
2378 616 2659 687 μάθωμεν,
2693 612 2918 674 ἑαυτοὺς
2953 607 3404 679 ὲπιγνωσόμεθα,
3463 606 3625 658 Θεὸν
3661 623 3785 670 τιτυ-

489 715 770 769 ﬁcabimus
802 713 1040 776 Patrem,
1081 720 1325 766 nostrum
1376 711 1680 764 amabimus
1717 709 2063 771 nutritorem,

2251 727 2412 780 ιομεν,
2436 706 2528 760 τὸν
2563 706 2826 760 κτίσαντα
2872 702 3352 773 προσκυνήσομεν,
3381 697 3479 767 τῷ
3543 699 3786 762 Δεπιζτη

490 805 861 860 reverebimur
901 801 1354 866 benefacientem,
1396 811 1594 857 nostra:
1626 800 1752 855 vita:
1785 799 2068 870 praesentis

2251 800 2565 870 ιλεύσομεν,
2601 796 2693 850 τὸν
2744 794 2962 865 Πατέρα
3022 790 3363 860 δοξάσομεν,
3405 790 3525 842 τὸν
3587 806 3786 858 τρο;;;

488 909 542 951 et
566 900 759 952 futura:
788 907 1071 952 auctorem
1101 894 1282 950 colere
1325 910 1429 948 non
1463 895 1771 949 desinemus
1801 915 1812 948 ;
1844 893 1934 962 qui
1962 891 2070 947 sci-

2251 894 2326 946 ὧν
2358 891 2738 962 ἀγαπήσομεν,
2787 887 2878 940 τὸν
2945 883 3237 955 εὐεργέτην
3294 880 3790 950 alat-2391;369:521,

490 990 616 1044 licet
649 1005 744 1058 per
774 1005 868 1044 eas
911 1003 1047 1058 quas
1073 987 1182 1056 jam
1226 989 1453 1055 largitus
1486 996 1571 1042 est
1617 987 1856 1051 divitias,
1903 987 2067 1040 etiam

2251 986 2526 1058 ’ἀρχηγὸν
2561 984 2660 1054 τῆς
2695 981 2840 1052 ζωῆς
2883 980 3041 1052 ἡμῶν
3069 979 3169 1048 τῆς
3196 976 3510 1046 παρούσης
3558 978 3663 1028 καὶ
3704 976 3791 1042 τῆς

491 1081 647 1135 bonis
678 1080 962 1147 promissis
994 1080 1154 1135 ﬁdem
1193 1079 1379 1144 faciat,
1413 1094 1474 1134 ac
1497 1093 1558 1132 ea
1598 1094 1717 1150 quae
1747 1087 2070 1147 exspectan-

2251 1079 2472 1148 λλούσης
2524 1074 2951 1148 προσκυνοῦντες
2987 1073 3089 1126 ούκ
3135 1069 3533 1141 ἀπολήξομεν,
3593 1069 3693 1120 τὸν
3733 1069 3790 1120 δι’

494 1181 601 1233 tur,
627 1173 970 1241 praesentium
1016 1171 1388 1239 experimento
1435 1171 1590 1225 nobis
1633 1170 1936 1225 conﬁrmet.
1976 1169 2069 1224 Et-

2265 1169 2566 1248 παρέσχετο
2600 1167 2698 1238 ἢδη
2754 1165 2985 1218 πλούτου
3016 1164 3127 1234 (87)
3160 1163 3254 1216 καὶ
3298 1161 3375 1214 τὰ
3422 1164 3497 1215 ἐν
3545 1164 3796 1230 ἐπαγγε-

490 1264 637 1318 enim
667 1263 712 1318 si
745 1262 1069 1333 temporaria
1102 1260 1225 1315 talia
1251 1271 1397 1328 sunt,
1421 1261 1604 1331 qualia
1639 1269 1798 1318 erunt
1831 1259 2071 1315 acterna?

2251 1280 2312 1325 ιις
2354 1259 2745 1329 πιστούμενον,
2788 1256 2884 1310 καὶ
2924 1259 2990 1327 τῇ
3053 1255 3214 1326 πείρᾳ
3280 1253 3396 1307 τῶν
3487 1254 3794 1325 παςκᾶιδτω-;

494 1347 624 1403 Item
659 1349 703 1404 si
739 1351 964 1406 visibilia
999 1352 1134 1403 adeo
1157 1350 1381 1418 pulchra
1413 1360 1558 1412 sunt,
1587 1349 1764 1420 qualia
1799 1351 2069 1405 censenda

2251 1353 2496 1408 δαιοῦντα
2527 1353 2658 1422 ἡμῖν
2687 1349 2755 1403 τὰ
2786 1349 3224 1421 προσδοκώμενα.
3251 1350 3314 1401 El.
3342 1348 3466 1418 γὰρ
3512 1348 3594 1402 τὰ
3629 1350 3799 1418 πράτ-

495 1451 624 1496 sunt
653 1440 985 1496 invisibilia?
1025 1442 1082 1496 Si
1119 1442 1242 1497 cmli
1285 1443 1596 1511 magnitudo
1646 1452 1937 1512 exsuperat
1970 1443 2070 1496 bu-

2251 1463 2342 1518 ιρα
2374 1443 2617 1508 τοιαῦτα,
2651 1443 2868 1496 ποταπά
2901 1441 2971 1494 τά
3005 1439 3233 1502 αἰώνια;
3267 1441 3383 1492 Καὶ
3419 1441 3483 1492 εἰ
3540 1441 3620 1494 τὰ
3659 1440 3800 1510 ὀρώ-

498 1548 673 1587 manzc
707 1532 1071 1602 intelligentia:
1113 1547 1448 1596 mensuram,
1487 1532 1735 1599 quisnam
1764 1530 2072 1586 intellectus

2251 1553 2309 1588 va
2364 1533 2507 1588 οὕτω
2571 1530 2731 1596 καλά,
2765 1529 2986 1584 ποταπά
3032 1529 3099 1582 τά
3141 1529 3386 1599 ἁόρατας
3417 1529 3497 1580 Εἰ
3551 1528 3802 1600 ούρανοῦ

497 1623 676 1678 valeat
720 1625 1178 1692 sempiternorum
1214 1633 1464 1677 naturam
1500 1623 1877 1692 perscrutari?
1904 1623 1960 1677 Si
1991 1621 2072 1677 sol

2251 1625 2402 1694 γεθος
2433 1625 2630 1696 μέτρον
2655 1621 2999 1694 ἀνθρωπίνης
3036 1620 3274 1683 διανοίας
3310 1619 3578 1672 ἐκϐαίνει
3598 1661 3624 1685 ,
3694 1621 3800 1672 τῶν

498 1715 591 1769 ille
625 1715 960 1783 corruptioni
1007 1715 1297 1779 obnoxius,
1323 1715 1460 1768 adeo
1489 1713 1712 1783 pulcher
1739 1723 1820 1768 est
1846 1725 1900 1768 et
1937 1713 2074 1769 adeo

2251 1719 2359 1771 iiwv
2390 1717 2489 1790 τὴν
2524 1716 2685 1786 φύσιν
2712 1715 2793 1778 τίς
2821 1715 2930 1785 ἄρα
2953 1713 3077 1778 νοῦς
3112 1712 3417 1784 ἐξιχνιάσαι
3452 1712 3800 1782 δυνήσεταις

499 1824 747 1880 magnus,
770 1824 892 1863 cum
936 1808 1091 1863 velox
1133 1809 1199 1862 ad
1245 1817 1470 1872 motum,
1510 1815 1620 1860 tum
1653 1807 1933 1861 ordinatos
1970 1809 2075 1862 eir-

2273 1812 2300 1862 ὁ
2329 1810 2395 1880 τῇ
2441 1789 2614 1879 φθορᾷ
2646 1805 3002 1876 ὑποκείμενος
3051 1805 3201 1876 ἥλιος
3235 1805 3348 1875 (88)
3387 1805 3553 1858 οὓτω
3602 1805 3802 1866 καλὸς.

495 1903 677 1956 coitus
696 1901 938 1972 explens,
963 1899 1384 1970 magnitudinem
1410 1900 1628 1969 quidem
1661 1900 1727 1953 ad
1764 1900 2074 1953 universum

2251 1918 2321 1954 τω
2353 1900 2548 1970 μέγας,
2576 1898 2702 1962 ὀξὺς
2759 1898 2855 1968 μὲν
2890 1897 3200 1968 κινηθῆναι,
3229 1897 3549 1960 εὐτάκτους
3594 1897 3663 1950 δὲ
3706 1899 3803 1960 τὰς

501 1993 573 2046 ita
612 1995 1077 2048 accommodatam
1117 2002 1332 2056 nactus,
1357 2002 1415 2045 ut
1441 2007 1581 2057 eam,
1607 2007 1768 2060 quam
1798 2007 1920 2046 cum
1957 1992 2077 2046 uni-

2255 1992 2459 2064 ριόδους
2481 1989 2782 2055 ἀποδιδοὺς,
2816 1989 3126 2060 σύμμετρον
3152 1989 3249 2058 μὲν
3277 1989 3419 2059 ἔχων
3444 1989 3517 2042 τὺ
3555 1991 3804 2060 μέγεῧκ

501 2099 659 2139 verso
689 2085 869 2149 habet,
921 2085 1323 2154 proportionem
1377 2100 1482 2138 non
1523 2085 1768 2149 excedat,
1807 2098 1905 2138 sna
1950 2098 2077 2137 vero

2251 2108 2256 2134 ι
2287 2085 2467 2149 παντὶ,
2504 2083 2644 2136 ὥστε
2678 2083 2752 2155 μὴ
2783 2083 3055 2137 ἐκϐαίνειν
3093 2082 3190 2152 τὴν
3223 2082 3362 2153 πρὸς
3400 2081 3468 2134 τὸ
3499 2083 3634 2135 ὅλον
3669 2085 3805 2135 ἁνα-

501 2177 902 2245 pnlchritudine
943 2187 1198 2246 tanquam
1251 2187 1457 2231 natura:
1498 2177 1687 2230 oculus
1718 2176 1935 2246 quidam
1966 2175 2080 2246 pel-

2251 2179 2365 2246 γίαν
2392 2193 2406 2207 '
2438 2177 2516 2248 τῷ
2541 2177 2597 2230 δὲ
2630 2175 2816 2229 κάλλει
2848 2175 2948 2245 τῆς
2981 2175 3194 2244 φύσεως
3227 2168 3338 2227 οἷόν
3375 2191 3466 2238 τις
3505 2174 3803 2244 ὀφθαλμὼ

503 2268 714 2323 lucidus
751 2284 838 2323 res
871 2279 1084 2323 creatas
1128 2269 1502 2322 condecorans
1529 2283 1543 2321 :
1572 2269 1728 2334 hujus
1765 2267 1809 2321 si
1858 2267 2080 2321 insatia-

2251 2269 2403 2340 ιυγὴς
2433 2259 2731 2339 ἐμπρέπων
2761 2269 2825 2337 τῇ
2860 2267 3062 2320 κτίσει·
3089 2268 3137 2319 εἰ
3186 2266 3500 2334 ἀκόρεστος
3529 2267 3740 2318 τούτου
3770 2268 3801 2334 η

505 2357 627 2412 bilis
653 2368 736 2412 est
775 2368 1046 2426 aspectus,
1080 2357 1221 2426 quali
1273 2358 1680 2428 pulchritudine
1727 2358 1806 2411 sol
1857 2356 2080 2425 justitia:

2251 2379 2302 2426 α,
2336 2360 2573 2423 ποταπὸς
2601 2358 2676 2428 τῷ
2703 2359 2887 2412 κάλλει
2918 2360 2945 2410 ὁ
2970 2359 3069 2427 τῆς
3095 2357 3445 2427 δικαιοσύνης
3483 2358 3692 2428 ﬁlix;
3739 2361 3800 2410 Εἰ

503 2450 766 2519 praeditus
799 2450 914 2503 est?
956 2449 1012 2503 Si
1051 2450 1194 2503 hunc
1239 2449 1406 2504 solem
1439 2464 1543 2502 non
1577 2449 1909 2518 conspicere,
1939 2463 2080 2502 cmco

2253 2452 2367 2522 φλῴ
2398 2452 2461 2522 ζη
2472 2452 2568 2522 μία
2609 2451 2798 2503 τοῦτον
2830 2451 2905 2520 μὴ
2942 2450 3160 2520 βλέπειν
3183 2490 3196 2513 ,
3228 2451 3455 2520 ποταπὴ
3499 2451 3691 2520 ζημία
3723 2450 3799 2522 τῷ

504 2540 890 2594 detrimentum
935 2550 1061 2595 est:
1100 2540 1256 2610 quale
1285 2550 1368 2594 est
1420 2541 1690 2610 peceatori
1741 2539 2080 2610 dispendium

2251 2543 2492 2616 ιαρτωλῷ
2514 2543 2606 2596 τοῦ
2637 2541 2892 2613 ἀληθινοῦ
2928 2543 3104 2612 φωτὸς
3135 2541 3478 2613 στερηθῆναι
3510 2559 3528 2608 ;

505 2631 624 2686 luce
659 2648 784 2686 vera
816 2633 1044 2686 carere?

574 2724 628 2778 2.
673 2722 739 2776 Et
767 2725 900 2778 dixit
937 2723 1118 2778 Deus:
1151 2723 1310 2777 Fiant
1345 2723 1635 2776 luminaria
1666 2723 1718 2776 in
1746 2722 2080 2790 ﬁrmamento

504 2813 621 2869 ccli
654 2817 723 2867 ad
755 2814 1195 2868 illuminatiouem
1217 2830 1374 2882 super
1399 2824 1593 2866 terram
1619 2831 1636 2868 :
1665 2823 1720 2866 ut
1744 2812 1846 2882 51
1876 2816 2082 2866 discer-

2252 2725 2306 2779 2.
2344 2725 2451 2780 Καὶ
2485 2721 2654 2778 εἶπεν
2683 2726 2715 2777 ό
2759 2723 2936 2788 Θεός⁶
2965 2721 3415 2790 Γενηθήτωσαν
3457 2724 3800 2792 φωστῆρες

2181 2817 2252 2871 ἐν
2278 2817 2357 2882 τῷ
2408 2815 2765 2886 στερεώματι
2814 2815 2920 2868 τοῦ
2976 2814 3234 2883 οὐρανοῦ
3281 2815 3373 2878 εἷς
3401 2814 3662 2883 ψαῦσιν
3703 2818 3796 2868 ἐπὶ

507 2917 632 2959 nant
677 2907 814 2960 inter
863 2907 999 2959 diem
1038 2916 1084 2958 et
1122 2916 1320 2958 noctem
1339 2906 1404 2960 ".
1436 2906 1643 2960 Caelum
1677 2917 1730 2958 et
1771 2916 1912 2958 terra
1949 2921 2086 2974 pra:-

2251 2909 2296 2975 ic
2320 2909 2460 2978 γῆς·
2489 2907 2645 2961 ὥστε
2699 2905 3066 2975 διαχωρίζειν
3108 2904 3218 2975 (89)
3273 2905 3397 2959 ἀνὰ
3439 2905 3664 2974 μέσον
3691 2907 3792 2972 τῆς

503 3009 784 3053 cesserant
813 3015 828 3052 :
858 3008 979 3068 post
1011 2998 1126 3053 hac
1162 2996 1340 3050 fuerat
1368 2997 1454 3050 lux
1485 3008 1665 3050 creata
1697 3015 1710 3051 :
1743 2997 1860 3051 dies
1895 3007 1949 3051 et
1978 3011 2083 3050 nox

2251 2999 2408 3068 ιέρας
2432 2998 2530 3053 καὶ
2557 2997 2672 3052 ἀνὰ
2695 2997 2890 3065 μέσον
2913 2996 3024 3063 τῆς
3051 2997 3288 3062 νυκτός.
3322 2996 3590 3066 Οὐρανὸς
3613 3015 3796 3069 προει-

506 3093 756 3145 discreta:
793 3091 1005 3144 fuerant
1037 3108 1050 3143 :
1081 3093 1208 3143 item
1249 3089 1451 3141 factum
1497 3099 1615 3143 erat
1657 3088 2080 3154 ﬁrmamentum,

2260 3108 2347 3161 φει
2382 3089 2476 3144 καὶ
2506 3088 2579 3159 γῆ
2601 3105 2613 3118 ·
2655 3087 2716 3140 τὸ
2769 3085 2886 3157 φῶς
2932 3087 3026 3139 ἐπὶ
3065 3085 3274 3148 τούτοις
3306 3085 3791 3158 δεδημιούργητο·

505 3188 562 3231 et
597 3179 746 3232 arida
782 3180 957 3230 fuerat
990 3179 1220 3232 detecta.
1272 3179 1509 3232 Collecta
1557 3167 1674 3233 erat
1711 3195 1849 3247 aqua
1893 3179 1944 3231 in
1977 3188 2086 3231 sta-

2251 3184 2368 3252 ιέρα
2403 3181 2496 3234 καὶ
2557 3179 2652 3246 νὺξ
2698 3178 3035 3250 διεκέκριτο·
3075 3178 3234 3231 πάλιν
3289 3179 3644 3249 στερέωμα,
3708 3182 3797 3233 καὶ

509 3270 670 3323 bilem
699 3285 762 3323 ac
791 3270 1067 3324 deﬁnitam
1121 3269 1622 3338 congregationem.
1657 3270 1822 3323 Terra
1851 3269 2087 3339 propriis

2251 3277 2358 3345 γρᾶς
2409 3273 2732 3344 φανέρωσις.
2785 3271 2859 3323 Τὸ
2920 3270 3066 3342 ὕδωρ
3117 3269 3479 3342 συνήθροιστο
3545 3275 3631 3335 εἰς
3673 3290 3796 3324 συν-

507 3359 840 3430 germinibns
860 3369 977 3412 erat
995 3359 1190 3414 referta
1223 3378 1236 3414 :
1263 3359 1694 3429 quandoquidem
1721 3370 1773 3413 et
1807 3359 2088 3413 innumera

2253 3366 2480 3434 τηκυῖαν
2520 3361 2614 3415 καὶ
2657 3361 3047 3431 ἀφωρισμένην
3091 3362 3441 3430 συναγωγήν.
3487 3362 3566 3415 Ἦ
3601 3364 3676 3433 γῆ
3705 3381 3795 3415 πε-

509 3451 808 3520 protulerat
852 3450 1141 3504 herbarum
1183 3465 1407 3521 genera.
1441 3463 1496 3504 et
1525 3450 1853 3506 omnimodis
1883 3451 2090 3518 planta-

2251 3456 2446 3526 ιήρωτο
2472 3455 2584 3515 τοῖς
2611 3451 2830 3515 οἰκείοις
2867 3454 3169 3523 γεννήμασι
3201 3493 3217 3517 ,
3247 3453 3316 3506 τά
3344 3470 3408 3505 τε
3456 3457 3647 3525 μυρία
3669 3457 3800 3524 γένη

513 3558 631 3596 rum
661 3542 942 3613 speciebus
973 3544 1323 3597 exuberabat.
1357 3543 1594 3598 Necdum
1623 3555 1800 3597 tamen
1839 3553 1957 3597 erat
1985 3543 2086 3608 sol,

2251 3549 2299 3602 ὂν
2351 3547 2588 3618 βοτανῶν
2616 3546 3053 3616 ὲκϐλαστήσασα,
3086 3546 3182 3599 καὶ
3212 3545 3596 3612 παντοδαποῖς
3639 3549 3801 3604 εἶδεςι

513 3652 690 3705 neque
721 3636 844 3691 luna
879 3655 892 3692 :
925 3651 991 3691 ne
1042 3637 1210 3691 solem
1261 3637 1396 3693 lucis
1445 3649 1721 3693 auctorem
1771 3653 1833 3693 ac
1883 3651 2090 3707 patrem

2251 3641 2375 3694 nt'Cw
2410 3639 2800 3710 εὑθηνουμένη.
2835 3638 3022 3701 Ἥλιος
3051 3637 3107 3689 δὲ
3129 3636 3281 3690 οὔπω
3309 3633 3381 3709 ἧν
3423 3640 3529 3691 καὶ
3578 3640 3799 3712 σελήνη,

513 3729 866 3798 appellarent,
903 3745 1036 3784 neve
1066 3729 1156 3800 qui
1186 3728 1352 3783 Deum
1389 3732 1661 3800 ignorant,
1686 3733 1718 3785 ii
1756 3732 2092 3785 arbitraren-

2251 3752 2284 3789 a
2313 3735 2449 3805 μήτε
2473 3732 2648 3801 φωτὸς
2672 3730 2911 3802 ἀρχηγὸν
2933 3731 3027 3782 καὶ
3061 3730 3271 3798 πατέρα
3297 3730 3392 3783 τὸν
3409 3731 3579 3800 ἥλιον
3608 3733 3801 3802 ὀνομά-

513 3830 605 3872 tur
634 3821 806 3890 ipsum
838 3836 1016 3875 rerum
1049 3836 1079 3874 e
1110 3831 1252 3876 terra
1286 3824 1620 3877 nascentium
1665 3823 1913 3892 opiﬁcem
1951 3838 2090 3877 esse.

2251 3843 2350 3890 υσι,
2395 3825 2533 3895 μήτε
2558 3823 2667 3874 τῶν
2698 3823 2762 3874 ἐκ
2794 3822 2892 3891 τῆς
2921 3821 3024 3891 γῆς
3059 3821 3341 3890 φυομένων
3372 3821 3736 3893 δημιουργὸν
3763 3826 3801 3875 οξ

511 3914 855 3982 Quapmpter
877 3922 1068 3983 quarta
1094 3913 1202 3978 jam
1233 3913 1347 3968 dies
1367 3925 1695 3980 accesserat,
1721 3925 1769 3968 et
1805 3923 1929 3967 tuac
1958 3915 2095 3968 Dens

2251 3935 2285 3971 ιν
2334 3916 2469 3969 Θεὸν
2530 3917 2895 3985 ἀγνοήσαντες
2935 3912 3047 3980 (90)
3109 3914 3447 3984 ἡγήσωνται.
3485 3915 3600 3967 Διὰ
3649 3916 3805 3968 τοῐτο

514 4005 654 4057 dixit
688 4023 700 4058 :
727 4003 888 4058 Fiant
923 4005 1208 4057 luminaria
1244 4005 1298 4056 in
1327 4003 1657 4070 ﬁrmamento
1683 4004 1824 4058 caeli.
1856 4003 1987 4058 Cum
2020 4005 2096 4059 lo-

2251 4012 2428 4080 ητάρτη
2452 4007 2635 4078 ἡμέρα
2653 4025 2665 4037 ·
2700 4006 2794 4059 καὶ
2819 4004 2943 4058 τότε
2977 4000 3130 4058 εἶπεν
3155 4008 3183 4057 ὁ
3226 4005 3358 4068 Θεός
3385 4021 3400 4034 ·
3439 4007 3805 4074 Γενηθήτω-

514 4104 770 4164 q-ientem
809 4109 912 4147 non
949 4095 1182 4160 ignores,
1215 4093 1357 4148 illico
1400 4103 1583 4148 mente
1625 4096 1930 4149 audientem
1974 4110 2098 4147 con-

2251 4115 2320 4151 [ιν
2362 4097 2672 4168 φωστῆρες
2711 4097 2781 4150 ἐν
2825 4095 2905 4160 τῷ
2938 4094 3293 4166 στερεώματι
3352 4094 3464 4148 τοῦ
3509 4099 3741 4165 0&me
3758 4098 3805 4148 ῐι.

512 4187 698 4256 iunge.
751 4186 895 4238 Dixit
967 4185 1128 4246 Deus,
1198 4184 1360 4239 Fiant
1411 4186 1813 4241 luminaria.....
1865 4197 1912 4240 et
1973 4187 2099 4254 fecit

2251 4191 2370 4241 )ταν
2393 4188 2483 4240 τὸν
2512 4188 2731 4239 εἰπόντα
2757 4185 3213 4256 διδαχθῇς,εύθὺς
3242 4188 3309 4256 τῇ
3338 4185 3532 4256 ἐννοίᾳ
3562 4188 3806 4241 σύναπτε

523 4275 660 4329 Deus
705 4279 810 4329 duo
846 4277 1214 4330 luminaria".
1267 4279 1399 4345 Quis
1460 4279 1618 4342 dixit,
1671 4290 1724 4332 et
1766 4280 1886 4348 quis
1940 4280 2098 4332 fecit?

2251 4299 2292 4332 iV
2317 4279 2644 4332 ἀκούσαντα.
2675 4273 2861 4330 Εἶπεν
2903 4280 2935 4329 ό
2969 4277 3138 4341 Θεός’
3182 4274 3648 4341 Γειηιθήτωσαν
3695 4298 3806 4347 φω-

522 4369 711 4424 Nonne
739 4372 788 4422 in
827 4369 910 4422 his
946 4371 1216 4437 duplicem
1263 4387 1551 4440 personam
1582 4372 1852 4441 percipis?
1893 4371 2099 4440 Ubique

2203 4371 2446 4439 σῖῆρες,
2473 4370 2569 4423 καὶ
2601 4369 2892 4435 ἐποίησεν
2919 4371 2951 4421 ὁ
2980 4367 3124 4431 θεὸς
3140 4367 3283 4431 τοὺς
3309 4367 3422 4419 δύο
3448 4368 3802 4437 φωῃῇας,

522 4463 765 4516 historia:
813 4463 1114 4529 inspersum
1164 4473 1245 4518 est
1299 4466 1526 4534 mystico
1594 4465 1756 4518 modo
1820 4463 2097 4532 theologia:

2251 4465 2296 4527 ίς
2319 4460 2460 4525 εἶπε,
2494 4461 2588 4515 καὶ
2617 4462 2700 4524 τίς
2731 4461 3014 4530 ἐποίησεν;
3038 4459 3150 4511 Οὐκ
3181 4460 3381 4520 ἐννοεῖς
3407 4461 3467 4510 ὲν
3497 4461 3727 4524 τούτοις
3754 4462 3807 4513 τὸ

520 4559 734 4623 dogma.
793 4555 1024 4609 Additur
1069 4555 1232 4608 etiam
1289 4555 1722 4625 generandornm
1757 4554 2101 4607 luminarium

521 4649 862 4705 necessitas:
904 4647 984 4699 Ad
1029 4647 1488 4712 illuminationem,
1551 4647 1746 4715 inquit,
1796 4661 1952 4713 super
2000 4656 2106 4698 ter-

525 4759 638 4796 ram
662 4742 730 4796 °°.
784 4741 839 4795 Si
895 4740 1030 4794 lucis
1080 4742 1361 4808 generatio
1401 4750 1774 4808 praecesserat,
1834 4737 2106 4806 quomodo

525 4853 668 4890 nime
707 4835 786 4889 sol
838 4837 1034 4889 iterum
1067 4834 1266 4888 dicitur
1311 4834 1378 4886 ad
1412 4833 1858 4886 illuminationem
1883 4828 2109 4884 editus?

525 4931 766 4985 Primum
818 4929 1035 4998 quidem
1094 4926 1386 4995 singularis
1426 4927 1612 4981 ismaac
1663 4924 1914 4993 loquendi
1969 4924 2105 4977 ratio

524 5023 731 5078 nullum
759 5022 852 5077 tibi
884 5021 1052 5076 risum
1085 5029 1300 5074 moveat
1328 5037 1342 5074 :
1367 5019 1635 5088 siquidem
1668 5026 1904 5071 vestrum
1937 5016 2099 5069 istum

526 5116 820 5195 verborum
857 5111 1126 5169 delectum
1150 5126 1256 5166 non
1288 5111 1591 5180 sequimur,
1619 5122 1794 5178 neque
1819 5109 2102 5162 concinna:

595 5189 808 5282 τοοθῖι.
841 5223 1000 5292 1,”.
1074 5223 1122 5255 το
1151 5222 1281 5278 ibid.
1306 5220 1391 5276 ιδ.
1469 5219 1673 5276 "ibid.

601 5343 714 5414 (87)
756 5340 894 5410 Reg.
936 5339 1186 5414 primus“.
1232 5343 1508 5414 sex_tus_et
1550 5344 1772 5414 octavus
1818 5349 1942 5414 cum
1994 5333 2115 5388 aliis

531 5405 702 5467 tribus
735 5405 868 5466 mss:
894 5405 1128 5462 πλούτου
1157 5405 1409 5478 ὓπαρξιν.
1439 5407 1634 5460 Vocem
1672 5405 1905 5476 ὓπαρξιν
1942 5418 2116 5474 neque
2177 5461 2190 5474 ,

533 5483 660 5536 editi
701 5491 1020 5548 agnoscunt,
1053 5493 1228 5545 neque
1261 5479 1349 5548 alii
1384 5487 1494 5532 tres
1535 5492 1667 5548 mss.

607 5551 719 5620 (88)
735 5539 895 5620 "Reg:
925 5539 1108 5603 sextus
1130 5539 1495 5620 ﬁmxelpevo;
1523 5539 1674 5608 οὗτος
1707 5547 1734 5598 ὁ
1761 5545 1934 5620 ᾕλιος.

609 5617 724 5688 (89)
764 5617 1024 5687 Ita’Regii
1061 5619 1265 5685 primus
1291 5617 1345 5670 et
1373 5630 1620 5678 octavus,
1651 5628 1704 5688 et
1746 5617 1897 5673 Colb.
1926 5630 2117 5688 seraq-

542 5683 663 5742 dus.
702 5683 859 5740 Deest
889 5683 1029 5740 ὥστε
1056 5683 1108 5740 in
1139 5688 1298 5741 editis
1329 5697 1383 5739 et
1414 5689 1465 5740 in
1507 5687 1778 5752 aliquibus
1811 5702 1940 5741 mss.
1975 5683 2118 5740 LXX

542 5768 671 5810 vero
699 5767 752 5810 et
782 5758 945 5811 Coisl.
973 5758 1180 5826 Primus
1205 5757 1298 5810 τοῦ
1329 5755 1691 5828 διαχωρίςειν.

2207 4554 2318 4622 (91)
2353 4553 2571 4606 διπλοῦν
2605 4551 2712 4604 τῶν
2752 4550 3088 4623 προσώπων;
3127 4548 3408 4619 Πανταχοῦ
3453 4553 3524 4622 τῇ
3597 4555 3805 4623 ἱστορξὲ

2205 4644 2267 4696 τὸ
2301 4643 2476 4712 δόγμα
2501 4642 2598 4712 τῆς
2633 4639 2913 4708 θεολογίας
2939 4638 3217 4710 μυστικῶς
3264 4640 3803 4714 συμπαρέσπαρται.

2207 4736 2316 4790 Καὶ
2343 4737 2376 4806 ἡ
2397 4734 2554 4806 χρεία
2581 4732 2902 4803 πρόσκειται
2929 4734 3028 4800 τῆς
3044 4730 3152 4783 τῶν
3173 4732 3361 4801 φωστή
3371 4748 3484 4801 ρων
3505 4736 3805 4800 γενέσεως·

2208 4829 2313 4892 Εὶς
2355 4825 2605 4894 ψαῦσιν,
2662 4823 2859 4894 φησιν,
2909 4822 3010 4875 ἐπὶ
3037 4820 3149 4889 τῆς
3191 4820 3324 4890 τῆς.
3363 4823 3426 4874 Εἰ
3477 4827 3809 4899 προειλήφει

2207 4921 2301 4972 τοῦ
2359 4917 2603 4988 φωτὸςή
2653 4917 2887 4983 γένεσις,
2918 4913 3036 4976 πῶς
3083 4914 3176 4966 νῦν
3216 4916 3244 4968 ὁ
3296 4914 3452 4984 ἥλιος
3505 4918 3683 4971 πάλιν
3730 4923 3809 4985 είς

2206 5009 2436 5078 φαῦσιν
2474 5008 2688 5076 λέγεται
2729 5007 3044 5076 γεγονέναι;
3075 5007 3297 5077 Πρῶτον
3333 5007 3434 5076 μὲν
3473 5004 3574 5061 οῦν
3603 5012 3707 5081 τῆς

2208 5099 2344 5168 ξεως
2380 5100 2492 5171 (92)
2525 5100 2586 5152 τὸ
2613 5100 2916 5170 ἰδιότροπον
2963 5097 3166 5169 μηδένα
3202 5115 3282 5152 σοι
3312 5100 3539 5154 κινείτω
3573 5104 3808 5171 γέλωτα,

2281 5330 2391 5400 (90)
2420 5327 2507 5400 ita
2542 5325 3282 5400 quinque_mss._Editi_vero
3305 5325 3664 5393 ἀγνοοῦντες.

2283 5395 2395 5472 (91)
2419 5395 2768 5472 Βοαξεειιίυε
2793 5398 2852 5472 εν
2876 5396 3054 5465 τούτῳ
3074 5395 3154 5447 τό.
3180 5395 3482 5463 Aliquanto
3509 5410 3640 5466 post
3659 5398 3803 5454 Colb.

2214 5467 2483 5527 setiundus
2518 5468 2676 5538 χρεία
2708 5467 3014 5538 πρόκειται.

2287 5540 2401 5609 (92)
2444 5535 2594 5609 Regii
2628 5535 2818 5609 tertius
2842 5547 2907 5609 et
2929 5547 3151 5609 octavus
3194 5535 3399 5609 λέξεως
3441 5537 3631 5609 ἡμῷν.
3664 5541 3802 5609 ῐὶρςῑτ

2216 5606 2436 5688 tle-ratur
2463 5606 2704 5688 {latim-et
2735 5607 2788 5660 in
2826 5606 2991 5688 editis
3018 5617 3072 5660 et
3103 5607 3153 5659 in
3189 5607 3312 5688 aliis
3350 5606 3800 5688 mssirMoxnediti

2181 5681 2345 5749 -παρ’
2395 5677 2570 5750 ὑμῶν.
2616 5678 2689 5750 At
2725 5692 2855 5730 mss.
2903 5677 3155 5750 quinque
3192 5687 3251 5750 ut
3295 5677 3347 5730 in
3403 5687 3580 5750 textu.
3636 5679 3798 5748 Codex

2219 5747 2461 5808 Coinbel".
2492 5763 2612 5804 cum
2645 5748 2814 5803 altero
2843 5762 2947 5804 ms.
2979 5747 3110 5816 παρ’
3135 5748 3281 5816 ἡμῖν,
3313 5757 3424 5802 non
3460 5749 3536 5802 ita
3571 5760 3736 5805 recte.
