3850 6218
65 347 212 400 121

60 460 276 530 εἴπερ
313 459 388 529 μὴ
427 457 675 529 ἑπόμεθα
713 458 834 521 ταῖς
869 457 997 531 παρ’
1031 455 1159 527 ὑμῖν
1193 457 1444 525 ἐκλογαῖς
1475 456 1582 508 τῶν
1617 459 1706 527 ρη-

61 551 331 619 μάτων,
362 549 498 620 μηδὲ
519 549 580 601 τὸ
612 548 714 618 τῆς
745 547 946 611 θέσεως
989 548 1170 602 αὐτῶν
1199 547 1471 620 εὔρυθμον
1508 550 1704 620 ἐπιτη-

53 641 364 712 δεύομεν.
394 641 468 694 Οὐ
495 640 606 711 γὰρ
628 641 883 711 τορευταὶ
908 639 1106 706 λέξεων
1136 641 1265 713 παρ’
1297 643 1429 712 ἡμῖν
1458 657 1470 670 ·
1502 641 1623 693 οὐδὲ
1645 640 1706 693 τὸ

53 731 312 803 εὔηχον
359 731 467 785 τῶν
523 731 742 801 φωνῶν,
793 731 932 786 ἀλλὰ
968 731 1030 785 τὸ
1062 730 1304 803 εὔσημον
1351 730 1460 784 τῶν
1501 730 1705 802 ὀνομά-

54 840 214 875 των
243 823 354 892 κ95)
377 822 651 892 πανταχοῦ
679 823 1089 894 προτιμότερον.
1119 823 1316 876 Σκόπει
1348 822 1527 876 τοίνυν
1555 824 1603 875 εἰ
1630 822 1705 894 μὴ

53 914 187 966 διὰ
264 916 366 985 τῆς
395 917 676 984 θραύσεως
721 913 1037 986 ἀρκούντως
1092 916 1352 984 ἐνέφηνεν
1376 913 1700 966 ὂέϐούλετοο

55 1006 231 1059 ἀντὶ
260 1011 371 1078 γὰρ
395 1006 489 1059 τοῦ
520 1005 801 1077 φωτισμοῦ
833 1006 931 1077 τὴν
967 1005 1198 1076 ψαῦσιν
1216 1007 1624 1080 εἴρηκεν.Ἔστι
1647 1005 1706 1060 δὲ

53 1100 264 1152 οὐδὲν
304 1099 608 1170 μαχόμενον
636 1099 796 1152 τοῦτο
821 1104 932 1164 τοῖς
965 1101 1094 1172 περὶ
1131 1099 1222 1153 τοῦ
1261 1099 1438 1169 φωτὸς
1471 1099 1703 1169 εἰρημέ-

55 1209 239 1254 νοις.
263 1192 400 1244 Τότε
428 1193 524 1262 μὲν
546 1193 656 1263 γὰρ
680 1193 816 1262 αὑτὴ
838 1191 932 1245 τοῦ
960 1192 1138 1261 φωτὸς
1166 1193 1199 1262 ή
1228 1193 1389 1261 φύσις
1421 1191 1701 1262 παρήχθη’

56 1281 195 1336 νῦν
243 1282 301 1335 δὲ
338 1283 396 1335 τὸ
421 1282 644 1353 ἡλιακὸν
673 1281 834 1335 τοῦτο
862 1282 1020 1353 σῶμα
1053 1282 1235 1352 ὄχημα
1265 1276 1404 1336 εἶναι
1442 1280 1521 1352 τῷ
1554 1298 1705 1352 πρω-

53 1375 316 1444 τογόνῳ
368 1373 558 1445 ἐκείνῳ
591 1376 729 1444 φωτὶ
763 1375 1230 1446 παρεσκεύασται.
1278 1375 1367 1438 Ὠς
1415 1374 1525 1445 γὰρ
1576 1373 1704 1426 ἄλλο

55 1467 143 1519 τὸ
197 1465 343 1537 πῦρ,
376 1467 471 1520 καὶ
493 1467 622 1521 ἄλλο
649 1469 678 1520 6
707 1466 931 1537 λύχνος·
966 1466 1026 1521 τό
1059 1469 1157 1539 μὲν
1194 1467 1290 1539 τὴν
1315 1467 1410 1521 τοῦ
1446 1465 1703 1535 φωτίζειν

50 1560 342 1631 δύναμιν
403 1561 544 1632 ἔχον,
603 1561 666 1614 τὸ
725 1561 781 1614 δὲ
842 1561 1206 1630 παραφαίνειν
1259 1562 1370 1622 τοῖς
1427 1558 1704 1629 δεομένοις

54 1652 512 1723 πεποιημένονο
543 1651 686 1707 οὓτω
719 1652 813 1706 καὶ
844 1653 922 1723 τῷ
952 1652 1329 1724 καθαρωτάτῳ
1361 1652 1554 1721 ἐκείνῳ
1608 1652 1703 1704 καὶ

53 1747 398 1817 εἰλικρινεῖ
447 1746 542 1798 καὶ⁹
601 1746 755 1816 άΰλῳ
802 1746 942 1815 φωτῖ⁵
993 1745 1178 1817 ὄχημα
1205 1745 1298 1799 νῦν
1325 1748 1373 1798 οἱ
1413 1745 1699 1816 φωστῆρες

54 1838 653 1908 κατεσκευάσθησαν.
693 1839 780 1902 Ὡς
805 1839 912 1910 γὰρ
947 1840 975 1892 6
1022 1837 1344 1900 Ἀπόστολος
1370 1837 1520 1904 λέγει
1549 1835 1700 1897 τινὰς

55 1931 298 2001 φω-στῆ
308 1947 408 2000 ρας
437 1930 493 1980 ἐν
523 1929 734 2000 κόσμῳ,
758 1929 885 1983 ἄλλο
914 1929 968 1982 δέ
995 1930 1110 1982 ἐστι
1137 1928 1252 1997 φῶς
1282 1927 1374 1980 τοῦ
1399 1927 1606 1998 κόσμου
1639 1927 1700 1979 τὸ

54 2021 386 2091 ἀληθινὸν,
416 2011 477 2072 οὗ
542 2019 684 2073 κατὰ
742 2018 960 2090 μέθεξιν
1017 2021 1068 2072 οἱ
1101 2019 1246 2089 ἆγιοι
1279 2021 1566 2090 φωστῆρες
1588 2017 1701 2085 ἐγί-

53 2131 258 2168 νοντο
286 2113 396 2166 τῶν
446 2111 657 2182 ψυχῶν,
683 2112 749 2176 ἃς
790 2111 1094 2176 ἐπαίδευον,
1121 2111 1217 2165 τοῦ
1260 2111 1484 2174 σκότους
1527 2109 1700 2175 αὐτὰς

55 2209 191 2277 τῆς
228 2204 456 2273 ἀγνοίας
484 2205 769 2275 ρυόμενοιο
811 2203 954 2257 οὓτω
989 2205 1083 2258 καὶ
1115 2203 1210 2257 νῦν
1262 2205 1352 2276 τὸν
1398 2203 1547 2274 ἥλιον
1577 2201 1700 2255 τοῦ·

54 2315 181 2351 τον
224 2296 309 2366 τῷ
339 2296 623 2365 φανοτάτῳ
658 2295 854 2366 ἐκείνῳ
897 2296 1268 2358 ἐπισκευάσας
1323 2295 1464 2364 φωτὶ
1517 2295 1546 2347 ὁ
1590 2293 1699 2346 τῶν

59 2391 242 2445 ὅλων
271 2389 608 2460 δημιουργὸς
631 2389 760 2461 περὶ
796 2389 888 2443 τὸν
918 2388 1123 2459 κόσμον
1156 2387 1381 2459 ἀνῆψεν.

149 2483 223 2538 5.
261 2483 378 2535 Καὶ
402 2481 590 2552 μηδενὶ
614 2481 841 2536 ἄπιστον
869 2479 1013 2556 εἶναι⁴
1032 2481 1257 2535 δοκείτω
1279 2480 1339 2533 τὸ
1385 2477 1698 2550 εἰρημένον,

52 2577 166 2628 ὅτι
206 2571 349 2626 ἄλλο
395 2571 495 2642 μέν
528 2589 579 2624 τι
614 2571 709 2626 τοῦ
740 2571 918 2641 φωτὸς
946 2574 979 2643 ὴ
1015 2571 1356 2643 λαμπρότης,
1391 2569 1518 2624 ἄλλο
1550 2569 1608 2622 δέ
1644 2586 1697 2622 τι

52 2668 137 2720 τὸ
181 2664 562 2734 ὑποκείμενον
593 2663 670 2734 τῷ
696 2665 835 2734 φωτὶ
858 2664 1036 2736 σῶμα.
1072 2663 1295 2734 Πρῶτον
1331 2662 1431 2733 μὲν
1460 2657 1553 2715 οὖν
1587 2661 1696 2732 (94)

53 2762 139 2813 ἐκ
202 2757 308 2810 τοῦ
359 2756 427 2809 τὰ
477 2756 709 2811 σύνθετα
758 2758 934 2811 πάντα
989 2757 1132 2811 οὕτω
1184 2756 1315 2828 παρ’
1354 2756 1514 2827 ἡμῶν
1557 2756 1696 2809 διαι-

58 2849 346 2923 ρεῖσθαι,
369 2848 450 2912 είς
464 2866 523 2900 τε
556 2848 654 2919 τὴν
677 2849 933 2920 δεκτικὴν
958 2851 1146 2902 οὐσίαν
1173 2850 1269 2901 καὶ
1314 2850 1393 2912 εἰς
1427 2848 1522 2919 τὴν
1578 2849 1699 2901 ἐπι-

59 2941 398 3014 συμϐᾶσαν
425 2942 561 3011 αὐτῇ
597 2941 877 3012 ποιότητα.
916 2941 1002 3003 Ὠς
1041 2936 1132 2994 οῦν
1165 2941 1350 3012 ἕτερον
1383 2939 1482 3011 μέν
1531 2957 1583 2992 τι
1629 2941 1696 3010 τῇ

58 3035 266 3106 φύσει
310 3034 348 3102 ἡ
393 3031 676 3102 λευκότης,
709 3030 896 3103 ἕτερον
958 3031 1016 3084 δέ
1055 3049 1109 3084 τι
1161 3031 1223 3084 τὸ
1265 3029 1696 3100 λελευκασμένον

1231 340 1524 398 IIOMILIA
1568 342 1635 397 Vl
1676 342 1743 398 IN
1784 339 2283 397 IIEXAEMERON.

3281 338 3383 392 122

1733 465 1781 520 Α
1808 472 1996 511 eorum
2024 456 2412 513 constructioni
2449 457 2751 510 studemus.
2788 455 2941 525 Apud
2976 468 3072 510 nos
3100 455 3241 509 enim
3277 471 3384 509 non

1807 559 1933 605 sunt
1985 552 2079 621 qui
2137 551 2303 606 verba
2349 554 2615 604 tornando
2652 551 2990 618 exspoliant,
3038 562 3216 618 neque
3242 563 3388 603 curas

1805 651 1934 694 sunt
1959 655 2171 696 sonorae
2201 657 2382 707 voces,
2410 643 2502 697 sed
2535 641 2735 710 ubique
2765 640 3045 695 nominum
3080 639 3385 693 claritatem

1806 733 2203 799 anteponimus.
2241 735 2375 790 Vide
2401 735 2588 803 igitur,
2621 749 2750 786 num
2804 732 2940 786 satis
2969 732 3111 800 quod
3149 731 3386 794 volebat,

1806 837 1904 891 per
1928 823 2069 876 hanc
2098 838 2285 878 vocem
2317 824 2758 878 illuminationem
2785 823 3114 892 expresserit
3145 840 3159 876 :
3187 823 3387 892 quippe

1814 928 1911 983 pro
1941 913 2226 984 splendore
2257 915 2696 969 illuminationem
2731 915 2884 968 dixit.
2917 914 3029 967 Hoc
3056 925 3231 968 autem
3263 929 3385 966 cum

1807 1004 1872 1060 iis
1906 1021 2026 1074 quae
2056 1005 2122 1060 de
2147 1005 2264 1060 luce
2293 1007 2435 1060 dicta
2461 1017 2608 1070 sunt,
2642 1006 2774 1060 nihil
2803 1015 3027 1076 pugnat.
3065 1005 3214 1060 Tunc
3238 1006 3384 1060 enim

1808 1098 2067 1166 producta
2098 1108 2180 1152 est
2207 1099 2321 1168 ipsa
2345 1098 2481 1152 lucis
2519 1107 2709 1151 natura
2741 1117 2754 1151 :
2791 1113 2933 1151 nunc
2964 1107 3144 1150 autem
3176 1109 3260 1151 est
3291 1112 3384 1152 so—

1807 1186 1924 1241 lare
1955 1187 2086 1242 illud
2126 1203 2325 1257 corpus
2369 1190 2672 1253 conditum,
2709 1190 3016 1243 vehiculum
3055 1199 3111 1242 ut
3152 1192 3223 1243 sit
3273 1191 3386 1260 pri-

1808 1279 2094 1347 mogenita
2134 1280 2207 1333 illi
2254 1281 2382 1335 luci.
2413 1280 2880 1346 Quemadmodum
2920 1282 3066 1335 enim
3110 1280 3254 1334 aliud
3303 1291 3389 1337 est

1806 1371 1969 1441 ignis,
2026 1372 2172 1427 aliud
2214 1373 2433 1427 lucerna
2465 1374 2578 1427 :illi
2615 1374 2836 1442 quidem
2871 1374 2954 1428 vis
3000 1375 3140 1427 inest
3189 1373 3387 1427 illumi-

1808 1465 1992 1531 nandi,
2033 1466 2148 1520 bmc
2206 1481 2335 1520 vero
2373 1467 2437 1519 ad
2492 1467 2674 1521 lumen
2712 1469 2998 1536 egentibus
3033 1469 3383 1538 praebendum

1805 1555 2068 1610 fabricata
2101 1567 2223 1612 est:
2258 1559 2337 1612 sic
2386 1561 2549 1612 etiam
2585 1558 2693 1613 luci
2734 1560 2805 1614 illi
2849 1561 3153 1630 purissimm
3213 1559 3385 1613 since-

1806 1661 1989 1716 resque
2028 1656 2084 1702 et
2124 1649 2367 1703 materia:
2406 1652 2612 1717 experti
2649 1665 2749 1705 ceu
2775 1651 3082 1705 vehiculum
3109 1651 3196 1704 illa
3219 1651 3380 1704 lumi~

1805 1739 1956 1792 naria
2009 1755 2152 1793 nunc
2182 1753 2487 1811 praeparata
2537 1752 2683 1797 sunt.
2730 1743 2882 1798 Sicut
2909 1744 3384 1813 enim.Apostolus

1732 1817 1773 1872 Β
1802 1831 2066 1900 quosdam
2117 1832 2194 1885 ait
2230 1848 2352 1888 esse
2395 1835 2682 1890 luminaria
2732 1838 2786 1891 in
2835 1840 3038 1892 mundo
3058 1839 3139 1904 3’;
3172 1839 3266 1892 sed
3296 1845 3382 1893 est

1804 1931 1982 1977 tamen
2024 1924 2130 1978 alia
2183 1924 2273 1978 lux
2331 1926 2516 1979 mundi
2567 1942 2729 1994 vera;
2758 1930 2909 1999 cujus
2937 1929 3376 1999 participatione,

1802 2017 1979 2071 sancti
2023 2015 2152 2072 facti
2197 2027 2327 2071 sunt
2368 2019 2674 2073 animarum
2708 2036 2844 2089 quas
2871 2021 3192 2076 erudiebant
3220 2022 3382 2077 Iunti-

1801 2109 1974 2175 naria,
2005 2109 2130 2163 dum
2159 2123 2252 2163 eas
2283 2109 2602 2177 ignorantiae
2657 2112 2894 2166 tenebris
2923 2114 3224 2167 eximerent
3257 2133 3269 2167 :
3309 2115 3380 2168 ita

1799 2201 1964 2254 etiam
1997 2217 2140 2257 nunc
2161 2202 2326 2256 solem
2365 2203 2530 2266 hunc,
2560 2213 2682 2272 post
2714 2205 3207 2272 splendidissimam
3235 2205 3380 2259 illam

1800 2291 1976 2345 lucem
2022 2294 2323 2360 conditum,
2357 2294 2409 2348 in
2460 2295 2660 2349 mundo
2716 2295 3075 2350 exsuscitavit
3133 2297 3384 2352 conditor

1800 2384 2206 2440 universorum.

1871 2500 1927 2558 3.
1968 2499 2079 2554 Nec
2100 2501 2351 2570 cuiquam
2374 2502 2693 2558 incredibile
2718 2503 2966 2558 videatur
2999 2505 3142 2573 quod
3167 2505 3378 2560 dictum

1801 2601 1902 2657 est,
1941 2592 2077 2647 lucis
2108 2593 2317 2648 scilicet
2347 2595 2690 2663 splendorem
2741 2597 2886 2649 aliud
2917 2598 3175 2665 quiddam
3209 2611 3375 2652 esse:

1801 2683 2004 2750 aliquid
2045 2684 2393 2748 verovaliud,
2432 2685 2607 2753 ipsum
2661 2701 2861 2754 corpus
2913 2686 3014 2741 luci
3051 2687 3379 2755 subjectum.

1801 2774 2041 2829 Primum
2073 2775 2293 2845 quidem
2321 2790 2387 2830 ex
2417 2792 2483 2830 eo
2512 2777 2654 2846 quod
2706 2780 3001 2845 composita
3032 2780 3213 2835 omnia
3241 2782 3321 2836 sic
3349 2797 3380 2836 a

1800 2865 1957 2920 nobis
2004 2865 2340 2930 dividantur,
2391 2875 2444 2920 et
2499 2869 2552 2922 in
2606 2869 2956 2936 recipientem
2987 2872 3378 2938 substantiam,

1798 2964 1854 3009 et
1882 2955 1935 3008 in
1972 2957 2292 3024 qualitatem
2340 2957 2444 3026 ipsi
2476 2957 2876 3013 advenientem.
2909 2959 3379 3025 Quemadmodum

1803 3047 1968 3116 igitur
2004 3048 2152 3101 aliud
2195 3058 2391 3103 natura
2434 3059 2517 3104 est
2553 3050 2727 3116 albur,
2753 3051 2898 3106 aliud
2934 3068 3134 3123 corpus
3164 3056 3384 3109 dealba-

61 3128 288 3197 σῶμα,
327 3124 469 3177 οὕτω
500 3124 594 3178 καὶ
642 3122 827 3177 τὰνῦν
870 3125 1156 3195 εἰρημένα,
1187 3121 1420 3194 διάφορα
1451 3122 1580 3175 ὄντα
1627 3123 1690 3192 τῇ

1807 3148 1917 3194 tum
1949 3156 1962 3191 :
1993 3141 2073 3196 sic
2099 3142 2262 3196 etiam
2300 3157 2422 3211 qua:
2479 3146 2638 3197 modo
2685 3145 2994 3209 retulimus,
3027 3145 3152 3201 licet
3187 3158 3382 3202 natura

58 3219 266 3289 φύσει
296 3215 434 3287 (95),
483 3217 688 3286 ἥνωται
735 3218 801 3286 τῇ
836 3216 1064 3286 δυνάμει
1111 3215 1204 3268 τοῦ
1249 3215 1555 3277 κτίσαντος.
1586 3213 1696 3267 Καὶ

64 3315 162 3385 μή
216 3327 317 3380 μοι
352 3308 475 3377 λέγε
506 3308 744 3362 ἀδύνατα
781 3304 919 3361 εἶναι
950 3308 1125 3361 ταῦτα
1159 3309 1253 3361 ἀπ’
1279 3307 1522 3378 ἀλλήλων
1563 3306 1698 3359 διαι-

62 3399 346 3477 ρεῖσθαι.
375 3398 511 3452 Οὐδὲ
555 3397 665 3469 γὰρ
693 3397 804 3467 ἐγὼ
836 3397 934 3469 τὴν
959 3397 1223 3469 διαίρεσιν
1250 3396 1344 3451 τοῦ
1372 3397 1548 3467 φωτὸς
1589 3395 1699 3450 ἀπὸ

59 3493 183 3548 τοῦ
211 3489 448 3562 ἡλιακοῦ
478 3488 724 3559 σώματος
756 3489 881 3558 ἐμοὶ
903 3488 995 3540 καὶ
1019 3489 1100 3540 σοὶ
1115 3488 1342 3558 δυνατὴν
1369 3483 1507 3540 εἶναί
1534 3504 1694 3558 φημι,

61 3585 212 3641 ἀλλ’
245 3583 339 3636 ὅτι
367 3579 403 3635 ἃ.
432 3583 565 3651 ἡμῖν
603 3583 670 3652 τῇ
703 3580 917 3651 ἐπινοίᾳ
946 3580 1062 3633 ἐστὶ
1097 3580 1362 3651 χωριστὰ,
1391 3579 1565 3633 ταῦτα
1615 3579 1701 3633 δύ-

65 3693 264 3732 ναται
297 3674 393 3727 καὶ
438 3673 574 3745 αὐτῇ
603 3676 670 3744 τῇ
725 3673 976 3744 ἐνεργείᾳ
1031 3672 1184 3744 παρὰ
1207 3671 1303 3725 τοῦ
1340 3673 1566 3743 ποιητοῦ
1600 3672 1700 3743 τῆς

66 3770 328 3841 φύσεως
365 3764 544 3819 αὐτῶν
569 3765 870 3836 διαστῆναι.
907 3765 1060 3818 Ἐπεὶ
1107 3765 1200 3817 καὶ
1231 3765 1312 3817 σοὶ
1346 3765 1446 3836 τὴν
1475 3781 1701 3818 καυστι-

67 3867 201 3934 κὴν
233 3859 468 3929 δύναμιν
505 3857 601 3911 τοῦ
643 3857 815 3930 πυρὸς
841 3855 950 3910 άπὸ
1003 3857 1105 3927 τῆς
1148 3857 1531 3928 λαμπρότητος
1587 3875 1698 3927 χω-

72 3957 258 4028 ρίσαι
288 3951 604 4021 ἀμήχανον*
639 3950 668 4001 6
717 3948 776 4002 δὲ
826 3947 980 4011 Θεὸς,
1013 3947 1304 4018 παραδόξῳ
1353 3948 1586 4019 θεάματι
1608 3948 1700 4001 τὸν

63 4042 308 4102 ἑαυτοῦ
354 4042 662 4114 θεράποντα
704 4041 1030 4112 ἐπιστρέψαι
1061 4040 1402 4112 βουλόμενος,
1451 4041 1564 4112 πῦρ
1603 4043 1702 4093 ἐπ-

60 4141 276 4210 έθηκε
312 4139 384 4207 τῇ
431 4135 579 4206 βάτῳ
630 4134 740 4188 ἀπὸ
775 4135 944 4206 μόνης
991 4135 1091 4206 τῆς
1121 4135 1508 4206 λαμπρότητος
1548 4136 1700 4205 ἐνερ-

67 4228 261 4300 γοῦν,
297 4226 397 4297 τὴν
427 4223 484 4277 δὲ
532 4223 627 4276 τοῦ
658 4221 834 4276 καίειν
867 4222 1094 4292 δύναμιν
1151 4222 1516 4293 σχολάζουσαν
1553 4219 1696 4290 ἔχον.

82 4323 202 4382 Ὠς
258 4307 362 4370 καῖ
393 4317 422 4369 6
454 4313 763 4385 Ψαλμῳδὸς
805 4313 916 4386 (96)
971 4315 1242 4385 μαρτυρεῖ
1283 4313 1486 4382 λέγων·
1525 4310 1698 4379 Φωνὴ

69 4409 337 4478 Κυρίου
382 4406 818 4472 διακόπτοντος
872 4406 1073 4475 φλόγα
1118 4404 1328 4473 πυρός.
1381 4403 1545 4458 Ὅθεν
1603 4402 1700 4456 καὶ

72 4504 146 4555 ἐν
212 4498 343 4558 ταῖς
404 4495 514 4549 τῶν
565 4494 915 4567 βεϐιωμένων
967 4495 1099 4565 ἡμῖν
1166 4492 1556 4547 άνταποδόσεσι
1612 4491 1699 4546 λό-

73 4608 195 4661 γος
220 4605 312 4651 τις
339 4587 486 4658 ἡμᾶς
519 4589 576 4639 ἐν
603 4587 901 4660 ἀπορρήτῳ
927 4585 1203 4652 παιδεύει,
1255 4585 1696 4657 διαιρεθήσεσθαι

70 4683 191 4738 τοῦ
224 4681 402 4752 πυρὸς
425 4681 526 4751 τὴν
560 4680 740 4749 φύσιν,
778 4681 873 4733 καὶ
904 4679 965 4733 τὸ
1001 4679 1099 4751 μὲν
1127 4679 1242 4749 φῶς
1285 4680 1364 4743 είς
1399 4679 1698 4733 ἀπόλαυσιν

73 4777 216 4838 τοῖς
242 4772 496 4836 δικαίοις,
523 4771 585 4825 τὸ
614 4772 669 4824 δὲ
708 4770 809 4843 τῆς
850 4771 1101 4836 καύσεως
1148 4771 1406 4844 ὀδυνηρὸν
1442 4773 1556 4836 τοῖς
1604 4790 1700 4826 κο-

74 4852 432 4936 λαζομένοις
465 4863 966 4936 ἀποταχθήσεσθαι.
1003 4865 1235 4918 Ἔπειτα
1267 4865 1450 4936 μέντοι
1491 4866 1585 4919 καὶ
1635 4866 1700 4919 ἐκ

74 4963 213 5015 τῶν
253 4957 386 5029 περὶ
419 4959 650 5029 σελήνην
697 4957 888 5011 παθῶν
921 4957 1144 5012 δυνατὸν
1203 4955 1482 5029 ἡμᾶς’τὴν
1515 4958 1699 5012 πίστιν

76 5054 210 5108 τῶν
242 5049 593 5120 ζητουμένων
623 5048 908 5120 εὕρασθαι.
945 5050 1200 5120 Λήγουσα
1226 5050 1334 5120 γὰρ
1353 5090 1367 5112 ,
1391 5050 1485 5103 καλ⁵
1516 5067 1698 5118 μειου-

83 5145 272 5217 μένη,
304 5141 428 5211 οὐχὶ
467 5140 546 5211 τῷ
603 5141 769 5195 παντὶ
819 5141 1020 5213 ἑαυτῆς
1072 5139 1286 5211 σώματι
1339 5141 1644 5196 δαπανᾶται
1681 5180 1696 5207 ,

170 5367 221 5399 ⁸¹
251 5363 489 5435 Philipp.
524 5380 586 5433 ιι,
619 5364 708 5420 15.
784 5365 830 5398 ⁸³
857 5366 1000 5426 Psal.
1034 5381 1227 5433 xxmt,
1257 5367 1287 5420 7

347 5570 477 5649 [ἴτε.
503 5572 723 5649 quintus
750 5572 812 5626 τὸ
835 5572 1078 5649 εὔσημον
1105 5573 1214 5649 τῶν
1241 5575 1547 5649 νοημάτων.

175 5640 300 5712 (94)
346 5640 445 5695 Sic
470 5640 708 5712 quinque
739 5659 872 5697 mas.
899 5640 1056 5699 Deest
1083 5640 1174 5699 οὖν
1203 5647 1256 5700 in
1284 5640 1461 5700 editis.
1494 5645 1691 5700 Statim

83 5715 567 5785 (Solinhsecundus
594 5716 723 5785 παρ’
748 5715 899 5785 ἡμῖν.

176 5781 304 5854 (95)
347 5783 424 5838 lta
457 5784 628 5842 codex
659 5781 904 5844 Com'bef.
942 5800 1066 5844 cum
1095 5800 1188 5844 sex
1224 5785 1344 5844 aliis
1373 5801 1501 5842 mss.
1530 5783 1682 5852 Illud,

1800 3231 2035 3295 diversa,
2066 3241 2244 3286 tamen
2279 3232 2555 3288 Creatoris
2584 3236 2818 3302 potentia
2870 3234 3022 3290 fuere
3067 3236 3380 3306 conjuncta.

1798 3319 1909 3376 Nec
1941 3323 2071 3377 mihi
2098 3324 2304 3379 dixeris
2335 3325 2452 3379 ﬁeri
2488 3341 2592 3380 non
2638 3341 2819 3395 posse,
2853 3337 2911 3380 ut
2945 3329 3061 3382 lucc
3084 3341 3114 3382 a
3143 3344 3205 3384 se
3236 3331 3379 3384 invi-

1800 3427 1915 3465 cem
1949 3423 2288 3480 separentur.
2319 3413 2504 3484 Neque
2533 3417 2676 3470 enim
2701 3418 2788 3472 aio
2825 3419 2959 3472 lucis
2991 3434 3020 3473 a
3054 3420 3219 3474 solari
3248 3437 3374 3477 cor-

1803 3514 1935 3568 pore
1988 3505 2384 3571 separationem
2441 3508 2569 3561 mihi
2607 3518 2662 3562 et
2711 3510 2803 3563 tibi
2859 3524 2979 3565 esse
3015 3513 3326 3579 possibllem
3359 3533 3376 3568 :

1803 3597 1900 3650 sed
1938 3611 2060 3664 quae
2098 3609 2284 3652 nostra
2315 3594 2646 3670 Cogitatione
2674 3602 2839 3656 dividi
2869 3616 3115 3673 possunt,
3147 3621 3208 3661 ea
3261 3609 3384 3663 dico

1801 3702 1829 3739 a
1867 3685 1972 3756 52
1993 3700 2202 3743 natura:
2229 3691 2512 3746 conditore
2543 3693 2706 3746 etiam
2734 3694 2913 3762 reipsa
2948 3695 3156 3766 scjungi
3192 3713 3376 3767 posse.

1801 3777 1936 3832 Nam
1973 3789 2029 3834 et
2063 3790 2115 3834 tu
2144 3781 2252 3835 vim
2309 3783 2450 3850 ignis
2489 3786 2807 3840 adurentem
2832 3803 2862 3839 a
2899 3789 3186 3858 splendore
3226 3807 3383 3862 sepa-

1802 3885 1924 3924 rare
1967 3886 2312 3943 nequaquam
2349 3883 2540 3943 potes:
2587 3877 2724 3931 Deus
2777 3893 2926 3944 vero,
2963 3881 3053 3950 qui
3114 3882 3378 3938 famulum

1803 3977 1958 4016 suum
2005 3965 2271 4034 stupende
2310 3967 2574 4023 miraculo
2600 3971 2908 4037 _attrahere
2937 3973 3168 4038 volebat,
3204 3976 3382 4044 ignem

1803 4053 1857 4106 in
1919 4055 2053 4106 rubo
2116 4055 2392 4124 imposuit,
2435 4062 2526 4126 qui
2590 4057 2886 4116 efﬁcaciam
2935 4079 2967 4117 a
3028 4065 3143 4120 solo
3196 4067 3382 4136 splen-

1803 4145 1934 4199 dore
2013 4147 2386 4213 mutuabatur,
2457 4151 2564 4204 vim
2636 4161 2816 4207 autem
2890 4157 3082 4210 urendi
3149 4157 3383 4214 habebat

1801 4234 2054 4288 otiosam.
2108 4233 2268 4290 Velut
2329 4238 2492 4292 etiam
2569 4240 2775 4296 I’saltes
2851 4253 3097 4310 testatur,
3147 4248 3381 4303 dicens:

1818 4321 1926 4377 Vox
1978 4323 2191 4378 Domini
2229 4327 2894 4400 intercidentis-ﬂummam
2951 4335 3089 4404 ignis
3109 4337 3176 4390 δ’.
3233 4337 3386 4395 Unde

1777 4415 1969 4469 -etiam
2002 4431 2122 4470 cum
2168 4433 2348 4474 rerum
2390 4421 2442 4474 in
2496 4423 2604 4476 vita
2641 4435 2912 4493 gestarum
2966 4442 3174 4484 merces
3223 4432 3384 4484 retri-

1732 4519 1775 4574 ι)
1808 4504 2045 4570 buctnr,
2109 4522 2340 4563 arcanus
2387 4512 2605 4580 quidam
2681 4529 2860 4569 sermo
2916 4530 3014 4571 nos
3081 4518 3236 4573 docet
3288 4536 3384 4573 na-

1809 4606 1983 4650 turam
2047 4598 2188 4667 ignis
2257 4601 2489 4657 divisum
2543 4605 2658 4671 iri,
2708 4616 2762 4661 et
2825 4606 2998 4663 lucem
3052 4611 3266 4680 quidem
3327 4611 3382 4667 in

1805 4686 2120 4743 fruitionem
2147 4689 2654 4760 justis,adustionis
2704 4712 2832 4752 vero
2877 4701 3228 4756 acerbitatem
3282 4720 3409 4771 pu-’

1807 4779 2020 4834 niendis
2082 4782 2455 4838 desdnandam
2503 4801 2644 4841 esse.
2693 4789 2894 4846 Deinde
2933 4807 3062 4845 vero
3113 4795 3274 4848 etiam
3316 4812 3382 4852 ex

1809 4870 1952 4925 luna:
2005 4871 2476 4930 vicissitudinibus
2543 4879 2702 4934 fidem
2751 4885 2993 4952 quaesitis
3027 4885 3221 4942 aﬂ'erre
3263 4905 3390 4959 pos-

1810 4976 2018 5017 sumus.
2060 4963 2353 5020 Enimvero
2392 4969 2518 5023 dum
2575 4973 2808 5040 desinit,
2844 4985 2901 5031 et
2942 4978 3227 5046 decrescit,
3277 4996 3386 5037 non

1813 5064 1928 5108 toto
1983 5056 2063 5109 sui
2101 5057 2269 5126 ipsius
2302 5073 2529 5130 corpore
2581 5071 2944 5132 consumitur,
3001 5072 3096 5125 sed
3147 5074 3383 5127 circum-

1811 5147 2043 5216 positam
2087 5147 2259 5205 lucem
2301 5152 2594 5222 deponens,
2633 5169 2688 5214 et
2718 5160 2912 5216 iterum
2939 5180 3248 5231 assumens,
3288 5168 3382 5222 de-

1801 5577 1868 5662 :ﬁ
1901 5575 2081 5662 φύσει,
2113 5577 2468 5662 desideratur
2501 5580 2553 5634 in
2591 5582 2771 5638 editis.
2808 5583 3006 5640 ibidem
3041 5588 3179 5642 idem
3212 5588 3386 5642 codex

1801 5647 2129 5720 Combef:_et
2158 5650 2247 5702 alii
2280 5652 2386 5704 duo
2409 5651 2670 5720 ἥνωνται.

1873 5716 1984 5793 (9h)
2025 5717 2276 5776 Nonnulli
2316 5716 2449 5779 mss.
2473 5724 2501 5774 6
2534 5721 2769 5793 ψαλμός.
2815 5723 2932 5779 Mox
2969 5743 3109 5790 unus
3146 5742 3247 5782 ms.
3279 5726 3390 5780 6dr—

1795 5786 2080 5850 κοπόντος.
