3850 6218
64 281 181 336 125

1190 273 1478 337 HOMI‘LIA
1511 269 1584 338 ’Ἡ
1624 280 1692 337 ιΝ
1732 273 2238 336 ΗΕΧΑΕΜΕΒΟΝ.

3256 268 3370 336 tm

64 397 130 449 lli
154 397 215 450 δὲ
252 393 400 452 κατὰ
427 396 498 452 τὰ
524 397 662 453 ἀλλα
695 397 961 469 ’σχήματα
998 397 1060 450 οὐ
1097 397 1561 471 συναπαρτίζεται
1610 401 1662 468 τῇ

1783 398 1918 452 dore
1962 405 2113 452 astra
2153 404 2443 463 superans,
2489 403 2548 450 et
2587 392 2840 449 tellurem
2896 389 3175 448 illustrans
3217 410 3235 451 :
3287 394 3366 448 ita

59 489 231 543 νυκτὶ
258 491 323 544 τὸ
351 490 634 562 σεληναῖον
661 490 799 561 φῶς,
835 489 990 543 οὐδὲν
1036 489 1177 561 πρὸς
1202 490 1295 544 τὸν
1323 491 1662 562 προκείμενοε

1792 488 2051 557 temporis
2077 487 2251 556 spatia
2283 501 2405 541 cum
2437 485 2552 541 sole
2589 500 2656 541 ex
2683 501 2841 555 aequo
2864 486 3120 555 partitur.

60 579 250 650 λόγον.
287 581 436 653 Πλὴν
476 584 581 647 ὅτι,
631 582 763 637 ὅταν
816 581 1017 652 ἐαυτῆς
1048 579 1365 652 τελειοτάτη
1397 598 1665 654 τυγχανῃ,
1703 580 1966 652 κατάρχει
2036 577 2136 649 μὲν
2187 578 2284 648 τῆς
2338 577 2534 641 νυκτὸς
2577 576 2659 648 τῷ
2707 576 2829 648 ίδίῳ
2863 577 3006 646 φωτὶ
3046 575 3119 631 τὰ
3184 576 3366 648 ἄστρα

62 671 540 744 ύπεραυγάζουσα
592 673 688 726 καὶ
717 673 818 744 τὴν
851 673 956 743 γῆν
994 672 1419 744 περιλάμπουσα
1448 673 1549 745 (5),
1581 672 1758 738 ἐξίσου
1783 672 1840 725 δὲ
1873 670 2011 743 πρὸς
2054 670 2146 724 τὸν
2173 669 2325 740 ἥλιον
2353 668 2449 723 τοῦ
2495 669 2690 741 χρόνου
2715 669 3004 740 διαιρεῖται
3049 667 3121 722 τὰ
3162 668 3360 740 μέτρα.

139 782 198 836 4.
221 783 333 837 Καὶ
356 783 638 838 ἔστωσαν
674 786 762 850 είς
778 783 1020 854 σημεῖα,
1055 785 1258 852 παίεις
1280 785 1546 854 καιροὺς,
1572 785 1672 840 καί

61 873 157 939 εἰς
180 872 436 942 ἡμέρας,
461 873 561 927 καί
583 875 671 939 είς
693 874 1028 940 ἐνιαυτούς.
1077 875 1395 943 Ἀναγκαῖαι
1425 876 1564 948 πρὸς
1578 875 1672 930 τὸν

63 963 412 1035 ἀνθρώπινον
459 963 574 1035 βίον
603 966 658 1017 αἱ
703 964 811 1018 ἀπὸ
839 963 949 1018 τῶν
978 966 1281 1037 φωστήρων
1306 967 1666 1038 σημειώσεις.

77 1055 211 1109 Ἐὰν
238 1055 351 1128 γὰρ
395 1057 469 1127 μή
523 1056 601 1128 (6)
637 1074 722 1120 τις
768 1057 913 1129 πέρα
942 1057 1037 1112 τοῦ
1075 1058 1276 1129 μέτρου
1310 1059 1378 1112 τὰ
1421 1060 1515 1114 ἀπ’
1571 1063 1671 1115 αὐ-

62 1144 178 1198 τῶν
213 1144 291 1216 (7)
321 1147 526 1216 ’σημεῖα
549 1145 1002 1218 περιεργάζηται,
1027 1147 1331 1218 χρησίμους
1357 1147 1535 1201 αὐτῶν
1570 1148 1669 1211 τὰς

65 1237 136 1290 ἐκ
178 1237 283 1307 τῆς
338 1237 558 1308 μακρᾶς
612 1238 908 1310 ἐμπειρίας
954 1241 1368 1310 παρατηρήσεις
1419 1240 1665 1310 εὑρήσει.

59 1328 257 1384 ’Πολλά
307 1330 404 1401 μὲν
437 1330 547 1402 γὰρ
579 1332 709 1402 περὶ
734 1331 1045 1402 ἐπομϐρίας
1085 1330 1204 1384 ἔστι
1241 1332 1457 1403 μαθεῖν,
1498 1331 1669 1387 πολλὰ

60 1421 126 1475 δὲ
153 1422 287 1492 περὶ
309 1422 536 1493 αὐχμῶν
566 1424 660 1476 καὶ
688 1424 1014 1494 πνευμάτων
1042 1428 1330 1496 κινήσεως,
1360 1425 1393 1496 ἢ
1426 1425 1668 1496 μερικῶν

59 1515 103 1586 ’ἢ
151 1514 408 1580 καθόλου,
446 1514 638 1586 βιαίων
666 1515 699 1588 ἢ
729 1516 1050 1587 ἀνειμένων.
1083 1518 1179 1571 Ἓν
1207 1518 1316 1589 γάρ
1342 1535 1396 1571 τι
1427 1518 1536 1571 τῶν
1557 1518 1667 1571 ἀπὸ

65 1603 168 1657 τοῦ
193 1604 348 1675 ἡλίου
388 1603 902 1676 παραδεικνυμένων
953 1605 1050 1659 καὶ
1097 1606 1128 1658 ὁ
1161 1606 1364 1678 Κύριος
1397 1609 1528 1678 ήμῖν
1557 1623 1666 1659 πα-

1849 783 1904 840 4.
1937 753 2134 838 Ειέίιιι
2157 785 2213 837 in
2241 782 2414 850 signa,
2444 791 2495 838 et
2518 785 2574 837 in
2602 793 2860 850 tempora,
2890 791 2940 837 et
2971 782 3026 836 in
3051 783 3188 846 dies,
3217 791 3264 836 et
3303 781 3358 834 in

1772 889 1961 930 annos.
2017 873 2351 930 Necessariae
2402 883 2528 930 sunt
2575 875 2641 928 ad
2683 876 2969 928 humanam
3006 874 3169 928 vitam
3217 883 3360 928 nota:

1770 964 2122 1020 luminarium
2166 974 2328 1036 atque
2379 966 2827 1037 signiﬁcationes.
2879 964 3093 1018 Etenim
3144 964 3190 1020 si
3231 965 3359 1034 quis

1770 1060 1922 1130 signa
1945 1073 2133 1113 eorum
2161 1073 2269 1112 non
2301 1058 2440 1126 ultra
2477 1058 2696 1112 modum
2723 1057 2992 1126 explorat,
3019 1056 3178 1112 utiles
3204 1056 3352 1124 ipso-

1772 1167 1890 1206 rum
1925 1150 2331 1206 observationes
2361 1165 2428 1205 εχ
2458 1150 2615 1221 longa
2662 1149 2996 1220 experientia
3026 1151 3348 1219 comperiet.

1770 1239 1932 1296 Multa
1965 1252 2200 1311 namque
2228 1240 2293 1296 de
2321 1239 2541 1310 pluviis,
2582 1240 2751 1302 multa
2780 1241 2847 1296 de
2870 1241 3138 1306 siccitate,
3173 1241 3352 1312 deque

1769 1344 2053 1389 ventorum
2091 1344 2258 1398 motu,
2294 1344 2404 1387 tum
2444 1333 2879 1403 particularium,
2908 1346 3020 1388 tum
3059 1335 3345 1390 universa-

1770 1426 1937 1493 lIum,
1973 1428 2337 1483 violentorum
2387 1438 2480 1481 aut
2536 1428 2888 1482 remissorum
2938 1429 3148 1483 discere
3193 1428 3343 1484 licet.

1767 1516 2021 1575 Proiecto
2050 1534 2215 1572 unum
2243 1517 2463 1588 aliquod
2493 1518 2622 1573 solis
2664 1519 2876 1588 signum
2907 1519 3356 1589 etiamDominua

1767 1611 1926 1666 nobis
1955 1611 2227 1680 exposuit,
2258 1625 2381 1664 cum
2425 1611 2502 1665 ait
2534 1629 2546 1665 :
2579 1609 2884 1680 Tempestas
2913 1613 3053 1668 erit:
3098 1613 3244 1668 triste
3274 1622 3351 1667 eu

69 1695 382 1767 ραδέδωκεν
406 1695 484 1768 (8)
520 1696 713 1762 εἰπὼν,
759 1698 841 1750 ὅτι
867 1697 1098 1768 Χειμὼν
1133 1698 1324 1752 ἔσται’
1351 1699 1662 1770 στυγνάζει

1770 1705 1907 1759 enim
1946 1704 2135 1758 rubens
2175 1703 2363 1758 caelum
2396 1703 2462 1758 “.
2498 1703 2632 1759 Cum
2663 1703 2807 1758 enim
2853 1719 2956 1773 per
2990 1703 3238 1760 nebulam
3291 1704 3354 1761 lit

65 1788 184 1856 τεῳ
222 1787 533 1857 πυρῤάζων
559 1791 594 1843 ό
635 1789 914 1858 οὐρανός.
955 1790 1208 1844 Ἐπειδὰν
1237 1790 1346 1862 γὰρ
1365 1791 1432 1844 δι’
1467 1791 1667 1863 ἀχλύος

67 1881 104 1949 ὴ
133 1879 391 1950 ἀναφορὰ
438 1879 662 1952 γένηται
711 1881 805 1934 τοῦ
836 1882 1012 1952 ήλίου,
1043 1883 1417 1954 ἁμαυροῦνται
1451 1884 1550 1955 μὲν
1608 1885 1666 1937 αί

63 1971 312 2034 ἀκτῖνες,
351 1970 705 2043 ἀνθρακώδης
731 1971 788 2026 δὲ
817 1975 914 2027 καὶ
935 1972 1176 2044 ὐφαιμος
1207 1975 1306 2046 τὴν
1329 1974 1502 2046 χρόαν
1533 1975 1668 2046 ὁρᾶ-

66 2080 182 2127 ται,
214 2063 316 2135 τῆς
338 2063 646 2135 παχύτητος
678 2063 770 2118 τοῦ
793 2065 957 2135 ἀέρος
988 2065 1191 2137 ταύτην
1216 2065 1552 2137 ἐμποιούσης
1566 2066 1666 2137 τὴν

67 2155 378 2223 φαντασίαν
425 2158 547 2220 ταῖς
597 2156 774 2226 ὄψεσι.
831 2159 923 2230 Μὴ
973 2157 1251 2228 διαχυθεὶς
1303 2158 1361 2212 δὲ
1418 2157 1524 2211 ὐπὸ
1566 2158 1666 2228 τῆς

64 2245 294 2308 ἀκτῖνος
311 2246 340 2297 ό
361 2245 788 2316 πεπυκνωμένος
809 2247 947 2311 τέως
963 2247 1060 2300 καὶ
1081 2245 1354 2310 συνεστὼς
1378 2246 1486 2319 ἀὴρ
1507 2246 1666 2317 δῆλός

68 2340 189 2392 ἐστι
212 2339 304 2393 διὰ
330 2338 429 2410 τὴν
458 2339 747 2412 ἐπίρροιαν
781 2339 888 2395 τῶν
934 2342 1000 2394 ἐκ
1036 2339 1135 2411 τῆς
1175 2342 1278 2412 γῆς
1306 2340 1496 2410 ἀτμῶν
1525 2357 1664 2409 κρα-

64 2427 306 2500 τηθῆναι
339 2429 416 2500 μὴ
439 2427 709 2500 δυνηθεὶς,
745 2429 882 2483 ἀλλά
906 2429 984 2501 τῷ
1017 2427 1341 2500 πλεονασμῷ
1364 2428 1458 2482 τοῦ
1493 2428 1662 2499 ὑγροῦ

67 2520 322 2592 χειμῶνα
341 2519 568 2585 ’ἐπάξων
602 2525 713 2585 τοῖς
741 2521 965 2593 χωρίοις
1006 2522 1134 2594 περὶ
1161 2521 1197 2577 ἂ
1227 2521 1661 2593 συναθροίζεται.

80 2608 402 2680 Ὁμοίωςδέ
428 2611 524 2664 καί¹
546 2610 765 2664 ἐπειδὰν
785 2613 818 2682 ἡ
842 2610 1042 2683 σελήνη
1069 2628 1134 2664 πε
1144 2610 1548 2683 ριλιμνάζηται·
1569 2612 1664 2664 καὶ

65 2700 148 2771 τῷ
167 2700 310 2773 ἡλίῳ
333 2701 392 2754 δὲ
418 2703 546 2756 ὅταν
573 2704 634 2756 ατί
667 2702 960 2774 λεγόμεναι
993 2703 1164 2766 ἀλωες
1204 2703 1278 2774 (9)
1311 2702 1664 2774 περιγραφῶ-

61 2809 178 2856 σιν,
207 2793 244 2862 ἢ
261 2792 452 2857 ὓδατος
473 2793 660 2866 ἀερίου
693 2794 968 2866 πλῆθος,ἢ
991 2795 1315 2865 πνευμάτων
1348 2795 1661 2867 βιαίωνῌΟ)

65 2885 290 2955 κίνησιν
325 2887 743 2956 ὐποφαίνουσιν⁹
779 2887 812 2958 ἢ
846 2887 964 2950 καὶ,
1000 2885 1097 2950 οὓς
1138 2885 1501 2957 ὀνομάζουσιν
1542 2885 1666 2941 ἀνθ-

65 2979 281 3050 ηλίους,
298 2979 428 3034 ὅταν
456 2981 938 3053 συμπεριτρέχωσι
957 2983 1022 3051 τῇ
1053 2979 1149 3033 τοῦ
1175 2980 1326 3052 ἡλίου
1350 2981 1510 3052 φορᾷ,
1531 2997 1664 3049 συμ-

68 3071 384 3141 πτωμάτων
415 3072 579 3126 τινῶν
614 3073 813 3144 ἀερίων
839 3090 904 3144 ση
915 3077 1043 3143 μεῖα
1065 3073 1294 3141 γίνεται.
1327 3073 1540 3144 Ὥσπερ
1567 3068 1662 3125 οὖν

1769 1798 1899 1854 solis
1927 1812 2220 1863 ascensus,
2249 1801 2622 1853 obscurantur
2649 1798 2866 1868 quidem
2897 1799 3032 1852 radii
3066 1817 3080 1865 ;
3119 1799 3216 1854 sed
3267 1798 3348 1854 soi

1769 1887 2064 1941 carbonum
2101 1886 2154 1941 in
2183 1901 2390 1942 morem
2425 1888 2656 1942 rutilans
2684 1897 2736 1942 et
2767 1885 2952 1942 colore
2980 1889 3350 1944 subcruentus

1767 1977 2135 2045 conspicitur,
2186 1977 2327 2031 hanc
2373 1978 2548 2032 oculis
2601 1977 2836 2049 speciem
2883 1979 3178 2048 obiiciente
3205 1980 3350 2034 aeris

1767 2070 2151 2125 crassitudine.
2185 2070 2411 2125 Constat
2438 2080 2616 2126 autem
2661 2085 2842 2126 aerem
2873 2069 3020 2125 illum
3045 2071 3349 2127 condensa-

1770 2171 1881 2216 tum
1913 2177 1978 2217 ac
2000 2172 2365 2232 compactum,
2394 2177 2514 2217 cum
2536 2178 2564 2216 a
2597 2164 2752 2218 radio
2775 2179 2880 2219 non
2910 2162 3249 2230 dill‘unditur,
3277 2163 3350 2220 ob

1768 2267 2030 2322 vaporum
2059 2270 2090 2310 e
2125 2265 2272 2310 terra
2311 2258 2723 2328 exsurgentium
2755 2256 3048 2312 ﬂuxionem
3075 2257 3348 2312 contineri

1765 2361 1875 2401 non
1897 2360 2090 2414 posse:
2112 2348 2205 2401 sed
2239 2348 2290 2401 in
2318 2349 2404 2403 his
2437 2349 2750 2419 regionibus
2771 2349 2917 2404 circa
2949 2363 3085 2416 quas
3111 2348 3345 2419 cogitur,

1767 2444 2156 2506 tempestatem
2193 2439 2264 2494 ob
2297 2439 2543 2494 humoris
2584 2441 2795 2509 copiam
2825 2440 3210 2494 excitaturum.
3252 2439 3347 2494 Si-

1766 2526 1967 2580 militer
1987 2527 2152 2581 etiam
2177 2541 2300 2581 cum
2328 2527 2606 2582 undelibet
2630 2538 2908 2598 restagnat
2931 2529 3078 2589 luna,
3107 2537 3163 2583 et
3183 2543 3346 2594 arcas,

1765 2633 1902 2689 quas
1925 2627 2142 2685 vocant,
2178 2618 2344 2674 solem
2371 2619 2850 2686 circumscribunt,
2890 2631 3016 2676 tunc
3049 2630 3142 2674 aut
3193 2634 3348 2692 aqua!

1766 2724 1942 2765 aerea:
1984 2711 2412 2774 abundantiam,
2451 2720 2546 2765 aut
2596 2713 3003 2768 vehementium
3059 2723 3347 2768 ventorum

1767 2813 1974 2858 motum
2008 2802 2322 2870 significant
2352 2819 2368 2857 :
2398 2803 2693 2873 quinetiam
2725 2805 2758 2857 ii
2787 2819 2926 2875 quos
2956 2805 3214 2860 adversos
3263 2820 3350 2860 so-

1765 2895 1844 2951 les
1864 2894 2160 2965 appellant,
2187 2893 2402 2963 quando
2427 2908 2533 2947 una
2558 2909 2678 2947 cum
2703 2894 2835 2949 solis
2859 2897 3213 2950 conversione
3234 2898 3342 2951 cir-

1765 2993 2142 3048 cumcursant,
2187 2983 2460 3038 aeriarum
2514 2984 2871 3052 quorumdam
2930 2999 3154 3039 casuum
3209 2987 3345 3040 iiunt

1769 3076 2051 3146 praesagia.
2090 3074 2168 3129 ita
2198 3083 2253 3128 et
2277 3073 2443 3143 virgae
2475 3073 2580 3128 illae
2606 3089 2726 3142 quae
2756 3074 2910 3130 iridis
2942 3077 3226 3130 imitantur
3249 3091 3346 3132 co-

65 3163 168 3215 καὶ
188 3163 249 3215 αί
276 3162 480 3232 ῥάϐδοι,
506 3165 563 3217 αἱ
588 3165 730 3218 κατὰ
757 3164 857 3235 τὴν
889 3165 1054 3236 χρόαν
1075 3165 1176 3234 τῆς
1211 3165 1377 3235 ἴριδος
1403 3165 1482 3227 είς
1505 3163 1662 3234 ὀρθὸν

1770 3167 1960 3232 lorem,
1999 3182 2063 3221 ac
2105 3174 2265 3222 rectae
2298 3167 2351 3220 in
2397 3166 2630 3220 nubibus
2673 3175 2975 3235 apparent,
3008 3168 3218 3237 pluvias
3248 3179 3345 3225 aut

66 3255 187 3316 τοῖς
217 3253 437 3322 νέφεσιν
475 3254 894 3325 ἐμφαινόμεναι,
935 3253 1232 3324 ὄμϐρουςῆ
1272 3251 1548 3324 χειμῶνας
1575 3253 1664 3318 ἐξ·

69 3345 308 3408 αισίους,
331 3346 364 3416 ἢ
387 3345 524 3409 ὅλως
550 3347 648 3418 τὴν
674 3346 766 3399 ἐπὶ
799 3347 1047 3400 πλεῖστον
1068 3345 1370 3418 μεταϐολὴν
1393 3345 1486 3398 τοῦ
1504 3345 1665 3416 ἀέρος

67 3436 463 3490 ἐνδείκνυνται.
527 3437 705 3491 Πολλά
759 3437 817 3491 δὲ
851 3440 947 3492 καὶ
988 3438 1118 3509 περὶ
1162 3437 1395 3508 σελήνην
1426 3437 1664 3507 αὐξομέο

62 3546 173 3599 νην
211 3529 320 3599 (Η)
347 3528 379 3600 ἢ
419 3528 692 3598 λήγουσαν
728 3531 777 3584 οἱ
809 3530 1022 3594 τούτοις
1051 3529 1408 3600 ἐσχολακότες
1435 3528 1666 3599 τετηρή-

72 3640 206 3677 κασι
244 3623 542 3695 σημειώδη,
596 3624 672 3688 ὡς
697 3623 794 3678 τοῦ
843 3626 973 3696 περὶ
1026 3625 1127 3695 γῆν
1163 3623 1324 3694 ἀέρος
1351 3623 1665 3691 ἀναγκαίως

71 3719 188 3779 τοῖς
221 3717 492 3786 σχήμασιν
519 3717 689 3788 αὐτῆς
711 3715 1314 3788 συμμεταϐαλλομένου.
1349 3715 1535 3785 Λεπτὴ
1566 3715 1664 3784 μὲν

74 3803 188 3876 γάρ
221 3800 357 3858 οὖσα
389 3805 517 3876 περὶ
541 3806 732 3877 τρίτην
754 3805 970 3878 ἡμέραν
993 3807 1087 3858 καὶ
1115 3804 1356 3874 καθαρά,
1397 3804 1663 3875 σταθερὰν

71 3897 265 3951 εὐδίαν
295 3897 818 3966 κατεπαγγέλλεταυ
855 3900 1054 3967 παχεῖα
1081 3897 1139 3949 δὲ
1165 3900 1282 3959 ταῖς
1297 3895 1545 3967 κεραίαις
1570 3896 1666 3949 καὶ⁸

77 3985 388 4058 ὑπέρυθρος
405 3987 724 4058 φαινομένη,
746 3988 779 4058 ἣ
810 3987 918 4057 (12)
941 3986 1086 4059 ὕδωρ
1110 3985 1308 4057 λάϐρον
1334 3985 1441 4039 ἀπὺ
1464 3985 1662 4054 νεφῶν,

75 4077 115 4150 ἦ
160 4077 316 4131 νότου
367 4076 546 4147 βιαίαν
575 4077 790 4148 κίνησιν
845 4076 1074 4130 ἀπειλεῖ.
1109 4076 1220 4147 Τὴν
1257 4075 1314 4129 δὲ
1343 4075 1408 4128 ὲκ
1459 4075 1663 4129 τούτων

77 4170 384 4241 σημείωσιν
425 4171 548 4223 ὅσον
584 4168 662 4240 τῷ
694 4169 792 4239 βίῳ
825 4168 1122 4240 παρέχεται
1153 4168 1216 4220 τὸ
1243 4167 1539 4239 ὠφέλιμον,
1579 4167 1664 4232 τίς

73 4263 300 4330 ἀγνοεῖ;
327 4259 544 4324 Ἔξεστι
590 4259 689 4330 μὲν
715 4259 822 4328 γὰρ
856 4257 934 4328 τῷ
987 4256 1230 4328 πλωτῆρι
1261 4255 1391 4308 εἵσω
1426 4255 1661 4326 λιμένων

1765 3259 2012 3328 ingentes
2069 3259 2355 3328 procellas,
2407 3267 2501 3313 aut
2564 3259 2798 3327 denique
2865 3259 3156 3314 maximam
3200 3261 3346 3318 aeris

1765 3349 2200 3403 immutationem
2247 3351 2604 3420 portendunt.
2654 3349 2819 3404 Multa
2873 3367 3090 3421 quoque
3139 3351 3344 3408 indicia

1764 3439 1909 3493 circa
1937 3447 2276 3492 crescentem
2308 3438 2392 3494 vel
2422 3439 2736 3493 decrescent
2756 3454 2840 3491 em
2871 3439 3052 3492 lunam
3083 3439 3342 3494 observa-

1769 3538 1987 3595 verunt,
2020 3529 2112 3598 qui
2155 3529 2318 3584 rebus
2368 3529 2486 3584 istis
2521 3544 2744 3600 operam
2793 3531 3137 3600 impendere;
3185 3532 3346 3601 quasi

1767 3635 1862 3674 aer
1886 3629 2046 3674 terra:
2067 3619 2452 3685 circumfusus,
2483 3620 2649 3674 simul
2680 3635 2800 3674 cum
2840 3623 3006 3691 ipsius
3031 3621 3217 3692 liguris
3245 3637 3343 3677 ne-

1765 3709 2002 3763 cessario
2037 3719 2394 3778 permutetur.
2437 3709 2571 3764 Cum
2595 3709 2740 3764 enim
2774 3711 2919 3764 circa
2949 3713 3168 3767 tertium
3196 3712 3339 3767 diem

1767 3800 1949 3852 tenuis
1977 3808 2061 3853 est
2091 3807 2147 3852 et
2179 3815 2334 3869 pura,
2377 3800 2589 3854 ﬁrmam
2640 3811 3091 3870 constantemque
3133 3806 3343 3859 sereni-

1769 3897 1934 3943 tatem
1973 3890 2347 3958 przenuntiat:
2391 3893 2475 3946 sin
2521 3903 2702 3946 autem
2741 3895 2998 3947 cornibus
3033 3909 3218 3950 crassa
3246 3940 3259 3960 ,
3286 3905 3342 3951 et

1765 3980 2174 4036 subrubicunda
2217 3981 2481 4049 cernitur,
2512 3992 2608 4036 aut
2636 3983 2908 4052 copiosam
2940 3997 3136 4050 aquam
3164 3999 3195 4038 e
3235 3999 3340 4040 nuo

1763 4073 1925 4128 bibus
1951 4071 2378 4142 lapsuram,'aut
2407 4074 2697 4128 violentam
2726 4076 2896 4129 austri
2934 4076 3226 4130 motionem
3256 4076 3342 4129 iu-

1763 4172 1944 4219 turam
1974 4166 2232 4218 minatur.
2260 4163 2380 4220 Jam
2411 4178 2540 4220 vero
2572 4174 2834 4235 quantum
2864 4163 3095 4218 afferant
3125 4165 3332 4220 utilita-

1764 4257 1836 4311 tis
1873 4256 2057 4325 generi
2099 4259 2337 4311 itumano
2373 4257 2635 4312 harumce
2671 4272 2853 4311 rerum
2902 4257 3336 4323 observationes,

77 4352 334 4422 κατέχειν
370 4351 432 4403 τὸ
460 4349 686 4418 σκάφος,
719 4351 845 4413 τοὺς
881 4351 946 4401 ἐκ
974 4347 1083 4400 τῶν
1109 4347 1434 4417 πνευμάτων
1478 4346 1658 4400 κινδύ-

1770 4350 1886 4419 quis
1917 4349 2167 4418 ignorat?
2196 4347 2330 4402 Nam
2371 4358 2547 4402 nautae
2580 4362 2772 4402 navem
2808 4349 2948 4402 intra
2979 4359 3170 4417 portus
3206 4363 3314 4403 con

78 4461 203 4506 νους
233 4442 623 4514 προορωμένῳ·
665 4439 842 4506 ἔξεστι
873 4439 931 4492 δὲ
957 4437 1038 4509 τῷ
1076 4437 1343 4508 ὁδοιπόρῳ
1378 4437 1660 4509 πόρρωθεν

81 4533 349 4587 ἐκκλίνειν
390 4533 489 4596 τὰς
516 4533 738 4603 βλάϐας,
765 4532 830 4584 ἐκ
851 4530 948 4602 τῆς
978 4530 1336 4601 στυγνότητος
1376 4529 1470 4582 τοῦ
1501 4530 1660 4600 ἀέρος

76 4626 176 4696 τὴν
211 4623 512 4695 μεταϐολὴν
562 4623 905 4694 ἀναμένοντι.
956 4621 1196 4693 Γεωργοὶ
1220 4621 1298 4685 δὲ,
1334 4621 1384 4673 οἱ
1418 4621 1545 4692 περὶ
1591 4620 1661 4674 τὰ

80 4718 375 4790 σπέρματα
407 4717 500 4770 καὶ
529 4715 628 4780 τὰς
652 4716 758 4770 τῶν
776 4714 958 4785 φυτῶν
988 4713 1284 4787 θεραπείας
1317 4713 1657 4784 πονούμενοι,

80 4813 261 4874 πάσας
311 4809 561 4864 ἐντεῦθεν
595 4811 908 4882 εὑρίσκουσι
942 4807 1042 4872 τὰς
1088 4805 1376 4880 εὐκαιρίας
1405 4805 1514 4859 τῶν
1567 4806 1658 4876 ἐρ-

79 4919 212 4970 γων.
247 4898 389 4970 Ἤδη
413 4899 469 4953 δέ
499 4898 594 4952 καὶ
625 4900 724 4970 τῆς
748 4897 842 4952 τοῦ
874 4898 1074 4961 παντὸς
1117 4895 1412 4958 διαλύσεως
1438 4897 1497 4950 ἐν
1523 4893 1658 4966 ἡλίῳ

78 4994 174 5046 καὶ
211 4990 412 5066 σελήνῃ
442 4993 536 5046 καὶ
557 4991 777 5065 ἄστροις
803 4991 1005 5062 σημεῖα
1032 4987 1364 5060 φανήσεσθαι
1397 4987 1426 5039 ὁ
1453 4987 1658 5060 Κύριος

32 5157 34 5166 ’
149 5149 196 5182 “
234 5147 426 5205 Matth.
452 5165 566 5215 1m,
599 5148 654 5202 3.
703 5141 716 5144 ’λ
751 5140 759 5144 ’

151 5266 232 5338 (5)
275 5265 472 5338 Regius
501 5266 708 5335 primus
729 5271 785 5319 et
805 5262 957 5318 Colb.
983 5262 1250 5318 secundus
1281 5258 1373 5314 καὶ
1404 5256 1501 5330 τὴν
1532 5257 1650 5311 κτί-

79 5336 168 5390 σιν
183 5336 620 5408 ⁸’ἐτείριλάμστιξουσοι
630 5377 642 5389 .

151 5406 228 5478 (6)
263 5399 529 5462 Εαίιῖέὰν
561 5405 671 5477 γὰρ
697 5404 792 5474 μή.
828 5402 985 5457 Deest
1006 5403 1115 5475 γάρ
1141 5403 1194 5456 in
1221 5399 1422 5457 nostris
1451 5407 1658 5469 septem

79 5493 215 5531 mss.

156 5546 235 5617 (7)
275 5545 499 5617 codices
522 5545 626 5599 duo
650 5541 969 5617 amasse}
998 5543 1374 5617 Aliiuqnatuor
1405 5554 1536 5592 mss.
1563 5539 1660 5617 ἀπς

82 5609 284 5672 αὐτῶν.
321 5615 458 5670 Editi
503 5630 633 5670 vero
674 5615 769 5667 ὐπ’
804 5613 1004 5670 αὐτῶν.
1050 5609 1342 5680 Aliquanlo
1370 5619 1492 5680 post
1531 5609 1660 5664 editi

80 5685 258 5740 πολλὰ
286 5686 344 5740 δὲ
375 5685 488 5740 καί.
528 5685 682 5739 Deest
708 5683 801 5736 καί
827 5687 876 5735 in
909 5685 1143 5751 quinque
1174 5696 1303 5736 mss.

155 5720 344 5834 (Qui:
1349 5747 1512 5807 Coisl.
1550 5720 1670 5820 pri:

1767 4443 1938 4494 tinere
1968 4441 2114 4503 licet,
2151 4438 2391 4509 pericula
2431 4453 2463 4495 e
2505 4439 2680 4493 ventis
2726 4439 3094 4508 impendentia
3138 4439 3335 4510 praevi-

1766 4531 1935 4586 denti.
1961 4530 2066 4584 Fas
2092 4539 2176 4585 est
2203 4531 2397 4586 viatori
2430 4532 2644 4586 eminus
2668 4531 3011 4586 incommoda
3037 4529 3338 4600 declinare,

1767 4638 1830 4678 ex
1856 4623 1978 4678 cceli
2005 4622 2223 4677 tristitia
2253 4623 2396 4678 aeris
2425 4623 2778 4678 mutationem
2797 4625 3154 4692 exspectanti.
3179 4623 3340 4695 Agri-

1766 4711 1898 4777 colae
1925 4725 2162 4782 quoque,
2185 4712 2275 4780 qui
2301 4711 2448 4767 circa
2476 4713 2684 4767 semina
2717 4727 2782 4767 ac
2803 4713 3110 4782 plantarum
3131 4713 3336 4769 cultum

1765 4812 2122 4870 occupantur,
2175 4800 2304 4856 inde
2346 4801 2655 4871 coniectant
2693 4817 2909 4858 omnem
2965 4803 3336 4860 faciendorum

1764 4909 1987 4962 operum
2031 4893 2511 4964 opportunitatem.
2558 4893 2668 4967 54
2699 4893 2816 4949 Jam
2853 4909 2985 4951 vero
3015 4905 3071 4951 et
3100 4897 3334 4952 dissolu-

1767 4985 1928 5040 tionis
1955 4984 2190 5041 universi
2221 4984 2376 5056 signa
2416 4986 2471 5041 in
2501 4987 2615 5042 sole
2644 4988 2882 5058 lunaque
2913 4996 2968 5042 et
2997 4989 3163 5045 astris
3187 5003 3329 5060 pra:-

1755 5271 1877 5312 mus
1904 5257 2220 5327 παρέδωκεν
2245 5257 2422 5328 ήμϊνλ

1760 5396 1797 5410 Α
1933 5325 2160 5410 Codices
2218 5329 2324 5410 duo
2371 5329 2594 5410 ἀλλωες..
2623 5327 2791 5410 ﬁegii
2837 5327 3021 5384 itidem
3067 5326 3173 5383 duo
3206 5338 3332 5384 cum

1755 5396 1924 5453 Coisl.
1953 5398 2193 5452 secundo
2220 5397 2414 5462 διλωες.
2444 5399 2584 5453 Editi
2622 5396 2787 5462 ἄλως.

1827 5466 1941 5538 (10)
1983 5467 2158 5521 Editio
2193 5468 2353 5522 Basil.
2380 5484 2500 5524 cum
2536 5469 2937 5538 quinquermss.
2965 5466 3166 5538 βιαίαν.
3202 5465 3333 5524 Edi-

1755 5536 1845 5608 tio:
1869 5537 2041 5608 Paris.
2074 5551 2195 5608 cum
2221 5539 2430 5592 duobus
2459 5539 2580 5593 aliis
2608 5536 2733 5608 mss.
2773 5536 2982 5608 ptaiwv.

1826 5607 1936 5680 (ll)
1965 5607 2322 5680 (lodicesdup
2356 5608 2582 5680 σελήνην
2619 5607 3010 5680 αὐξανομένην.

1827 5675 1938 5748 (i2)
1973 5675 2050 5748 Ita
2080 5678 2248 5748 editio
2277 5678 2440 5734 Basii.
2470 5675 2592 5734 cum
2629 5675 2975 5733 multis'mss'.
3013 5676 3186 5748 E_ditio
3228 5675 3333 5734 Pa-

1754 5744 1850 5807 ris.
1876 5744 2048 5805 ἥκαί.
2079 5744 2280 5806 ibidem
2307 5748 2459 5806 Coib.
2499 5751 2764 5809 secundus
2789 5748 2896 5802 ὐπὺ
2923 5746 3123 5817 νεφῶν.
3326 5816 3348 5861 Δ
