3850 6218
101 332 218 387 1'29

1223 337 1508 394 HOMILIA
1551 339 1618 395 Vl
1661 339 1728 396 ΙΝ
1770 340 2272 397 HEXAEMERON.

3295 344 3392 398 130

93 451 150 501 εἰ
179 448 289 520 τὴν
323 447 608 518 ἀκρίὸειαν
662 449 864 520 ταύτην
893 449 986 520 τῆς
1033 449 1122 503 τοῦ
1159 451 1350 522 χρόνου
1392 453 1684 540 διαιρὲσξω.

1811 469 1940 509 vare
1963 455 2193 524 possint.
2225 453 2360 508 Nam
2389 451 2716 524 simulatque
2770 459 2927 510 natus
2957 461 3039 510 est
3065 467 3219 522 puer,
3247 459 3388 524 quod

95 539 402 593 ἀποσῶσαι
441 541 781 611 δυνήσονται.
829 540 994 611 Ὀμοῦ
1035 559 1092 594 τε
1137 543 1243 614 γὰρ
1275 543 1468 616 ἐτέχθη
1495 545 1556 596 τὸ
1587 539 1712 598 παι-

91 632 240 692 δίον,
289 633 384 684 καὶ
419 633 452 703 ἡ
492 636 626 702 μαῖα
663 636 1002 686 κατασκοπεῖ
1043 634 1104 685 τὸ
1156 635 1413 704 γεννηθὲν
1459 635 1625 708 ἄῤῥεν
1677 636 1710 706 ἢ

1817 547 2063 616 genitum
2088 557 2191 610 est,
2211 547 2335 601 idne
2361 559 2478 599 mas
2502 545 2575 599 sit
2601 560 2669 600 an
2697 545 2900 602 femina
2928 545 3194 602 obStetrix
3213 545 3394 616 exploo

1815 647 1898 690 rat
1943 655 1958 691 :
2009 637 2241 692 subinde
2282 645 2564 706 exspectat
2603 637 2879 708 vagitum,
2917 638 3060 708 quod
3111 637 3236 692 vitae
3273 637 3391 707 ejus

92 722 267 794 θῆλυο
299 719 419 776 εἶτα
450 725 710 794 ἀναμένει
736 726 826 778 τὸν
849 724 1148 796 κλαυθμὸν,
1179 727 1318 798 ὅπερ
1351 729 1576 799 σημεῖόν
1595 730 1684 782 ὲστ

1812 733 1902 798 qut
1931 739 2092 785 natus
2117 730 2238 795 fuit,
2273 730 2485 799 signum
2517 739 2622 785 est.
2650 729 2789 796 Quot
2819 731 2901 784 vis
2927 745 3022 800 per
3049 728 3152 785 hoc
3176 737 3388 796 tempus

93 817 204 885 τῆς
264 814 414 886 ζωῆς
446 817 538 870 τοῦ
571 819 872 888 τεχθέντος.
909 820 1057 872 Πόσα
1101 819 1278 890 βούλει
1327 823 1386 874 ἐν
1427 821 1601 892 τούτῳ
1631 823 1710 892 τῷ

95 909 290 980 χρόνῳ
317 910 696 982 παραδραμεῖν
727 911 1024 983 ἑξηκοστά;
1052 907 1184 966 Εἷπε
1221 913 1331 985 (20)
1354 914 1430 986 τῷ
1456 915 1706 985 Χαλδαίῳ

93 999 162 1050 τὸ
198 1001 486 1070 γεννηθέν.
519 1001 618 1054 Διά
649 1003 852 1066 πόσων,
873 1001 1071 1072 βούλει,
1101 1002 1284 1074 θῶμεν
1300 1003 1410 1057 τῶν
1440 1005 1704 1060 λεπτοτά-

93 1108 213 1144 των
257 1091 365 1162 τῆς
408 1093 574 1162 μαίας
603 1094 703 1165 τὴν
737 1095 923 1166 φωνὴν
965 1096 1278 1168 παρελθεῖν·
1315 1095 1489 1160 ἄλλως
1521 1115 1580 1150 τε
1611 1099 1704 1151 καὶ

95 1186 152 1236 εί
173 1184 340 1256 τύχοι
386 1186 495 1256 (21)
538 1185 644 1250 ἔξω
694 1186 792 1256 τῆς
842 1187 1284 1255 γυναικωνίτιδος
1330 1186 1501 1250 ἑστὼς
1535 1189 1564 1240 6
1605 1187 1703 1258 τὴν

96 1276 260 1346 ὥραν
291 1277 718 1348 ἀποτιθέμενος;
749 1280 840 1331 Δεῖ
874 1279 984 1350 γὰρ
1015 1278 1105 1332 τὸν
1138 1278 1206 1332 τὰ
1235 1279 1578 1350 ὡροσκοπεῖα
1600 1295 1702 1331 κα-

93 1370 379 1441 ταμαθεῖν
417 1369 676 1440 μέλλοντα
702 1371 838 1442 πρὸς
872 1371 1152 1442 ἀκρίϐειαν
1181 1372 1278 1442 τὴν
1299 1369 1446 1442 ὥραν
1467 1371 1704 1442 ἀπογρά-

97 1461 330 1529 φεσθαι,
369 1461 478 1514 εἴτε
514 1461 753 1532 ἡμερινὰ
783 1461 976 1525 ταῦτα,
1015 1462 1125 1514 εἴτε
1163 1460 1456 1534 νυκτερινά
1499 1463 1703 1531 τυγχά-

99 1570 205 1606 νοι.
239 1553 432 1606 Πόσων
467 1551 775 1624 ἑξηκοστῶν
807 1553 1008 1624 σμῆνος
1043 1555 1098 1606 ὲν
1124 1553 1298 1624 τούτῳ
1339 1553 1498 1608 πάλιν
1529 1571 1701 1624 παρα-

97 1645 292 1717 τρέχει
322 1644 398 1714 τῷ
419 1644 631 1716 χρόνῳ;
663 1645 902 1714 Ἀνάγκη
931 1644 1040 1718 γὰρ
1058 1645 1346 1715 εὑρεθῆναι
1363 1645 1454 1698 τὸν
1468 1646 1702 1716 ὡροσκο-

97 1735 318 1788 ποῢντα
339 1735 543 1804 ἀστέρα
570 1735 628 1786 οὺ
657 1734 815 1804 μόνον
847 1735 988 1788 κατὰ
1024 1737 1224 1788 πύστου
1251 1735 1362 1806 (2'2)
1393 1735 1699 1806 δωδεκατη-

1812 823 2146 890 prreteriisse
2185 824 2556 892 sexagesimas
2594 823 2816 894 partes?
2851 821 3104 877 Chaldaeo
3127 821 3384 886 declarat,

1809 913 1951 980 quod
1989 921 2176 966 uatum
2205 924 2310 968 est.
2341 914 2483 980 Quot
2525 914 2924 969 minutissimas
2945 921 3153 983 partes,
3178 912 3384 966 interea

1807 1003 1934 1058 dum
1964 1005 2228 1059 obstetrix
2255 1009 2594 1076 loqueretur,
2636 1006 2720 1061 vis
2747 1020 3011 1077 ponamus
3035 1004 3141 1075 55
3162 1014 3387 1076 prmter-

1769 1095 1958 1162 .iisse,
2017 1099 2316 1165 praesertim
2357 1101 2402 1153 si
2437 1099 2754 1169 contingat,
2791 1107 2850 1152 ut
2876 1105 3034 1152 extra
3073 1113 3382 1168 gynaeceum

1809 1186 2026 1241 steterit
2052 1187 2144 1256 qui
2165 1187 2353 1244 horam
2374 1188 2582 1258 colligit
2611 1203 2673 1244 ac
2699 1186 3206 1257 exponitiﬂportct
3238 1185 3381 1240 enim

1804 1289 1926 1332 eum
1959 1275 2052 1346 qui
2088 1277 2344 1332 horarum
2373 1279 2632 1333 natalium
2671 1279 2956 1333 scientiam
3002 1279 3214 1332 discere
3239 1279 3380 1342 vult,

1803 1375 2015 1436 tempus
2041 1377 2096 1424 et
2121 1370 2310 1424 horam
2339 1377 2593 1424 accurate
2619 1369 2951 1434 describere,
2978 1369 3092 1423 sive
3137 1369 3346 1422 diurna:
3364 1409 3379 1429 .

1801 1458 1915 1512 sive
1950 1468 2227 1515 nocturnte
2269 1460 2402 1514 sint.
2442 1460 2652 1526 Quanta
2681 1461 2874 1515 iterum
2911 1462 3372 1530 sexagesimarum

1801 1549 2085 1606 multitudo
2121 1566 2220 1620 per
2246 1552 2350 1606 hoc
2382 1561 2596 1621 tempus
2631 1552 2987 1623 praeterﬂuit?
3027 1552 3261 1609 Necesse
3293 1562 3376 1607 est

1799 1645 1941 1700 enim
1972 1646 2200 1702 inveniri
2244 1647 2395 1702 sidus
2455 1647 2779 1716 natalitium,
2825 1664 2933 1705 non
2963 1647 3120 1718 juxta
3156 1657 3377 1718 quotam

1800 1739 1958 1793 modo
1985 1739 2353 1794 duodecimam
2387 1750 2597 1809 partem
2623 1742 2712 1804 sit,
2741 1741 2834 1798 sed
2855 1740 3008 1812 juxta
3054 1755 3190 1810 quas
3213 1741 3378 1794 etiam

99 1829 301 1902 μορίου
329 1829 499 1894 ἐστὶν,
531 1828 669 1882 ἀλλὰ
698 1828 792 1882 καὶ
822 1829 965 1882 κατὰ
991 1829 1148 1892 ποίας
1189 1829 1382 1902 μοίρας
1415 1827 1508 1881 τοῦ
1541 1828 1684 1882 δωδε-

1803 1831 2132 1887 duodecima:
2164 1833 2332 1901 partis
2359 1807 2542 1904 partes
2565 1807 2928 1900 occurrat,vet
2951 1834 3004 1889 in
3030 1807 3193 1904 quota
3221 1847 3380 1887 sexa-

97 1923 471 1994 κατημορίου,
503 1923 600 1976 καὶ
629 1923 687 1975 ὲν
734 1923 918 1993 πόστῳ
967 1921 1266 1994 ἑξηκοστῷ,
1307 1923 1387 1984 εἰς
1417 1921 1452 1974 ἃ.
1493 1921 1699 1992 ἔφαμεν

97 2014 435 2086 διαιρεῖσθαι
461 2013 558 2085 τὴν
591 2015 782 2085 μοῖραν
803 2013 934 2084 (25)·
962 2014 1017 2084 ἢ,
1038 2015 1122 2068 ἵνα
1142 2014 1201 2066 τὸ
1223 2013 1449 2085 ἀκριϐὲς
1478 2012 1695 2084 εὑρεθῇ,

99 2108 158 2159 ἐν
215 2107 405 2176 πόστῳ
437 2105 712 2176 ἑξηκοστῷ
769 2106 878 2160 τῶν
918 2107 1369 2178 ὑποδιῃρημένων
1423 2106 1533 2160 ἀπὸ
1588 2105 1697 2160 τῶν

99 2199 342 2270 πρώτων
383 2200 712 2269 ἑξηκοστῶν.
769 2201 880 2254 Καὶ
928 2200 1130 2271 ταύτην
1181 2201 1278 2272 τὴν
1309 2201 1450 2254 οὕτω
1497 2201 1698 2272 λεπτὴν

101 2289 198 2342 καὶ
263 2289 649 2358 ἀκατάληπτον
699 2289 916 2360 εὕρεσιν
947 2289 1037 2342 τοῦ
1093 2289 1282 2362 χρόνου
1322 2292 1406 2360 ἐφ’
1468 2291 1696 2344 ἑκάστου

102 2379 212 2432 τῶν
259 2379 548 2450 πλανητῶν
589 2380 884 2449 ἀναγκαῖον
918 2375 1055 2434 εἶναι
1107 2381 1375 2434 ποιεῖσθαι
1427 2382 1694 2450 λέγουσιν,

101 2473 247 2526 ὥστε
311 2473 601 2545 εὑρεθῆναι
655 2471 904 2543 ποταπὴν
962 2468 1104 2543 εἶχον
1158 2474 1340 2544 σχέσιν
1391 2475 1526 2546 πρὸς
1573 2476 1697 2538 τοὺς

103 2565 390 2628 ἀπλανεῖς,
423 2566 516 2618 καὶ
545 2563 789 2617 ποταπὸν
823 2559 892 2633 ἦν
913 2563 972 2616 τὸ
1007 2565 1192 2636 σχῆμα
1243 2565 1422 2620 αὐτῶν
1444 2566 1579 2638 πρὸς
1604 2567 1696 2620 ἀλ-

103 2657 302 2728 λήλους
336 2658 394 2710 ἐν
435 2659 500 2728 τῇ
530 2656 651 2708 τότε
689 2655 901 2724 γενέσει
943 2655 1035 2708 τοῦ
1073 2657 1410 2728 τικτομένου.
1455 2660 1612 2712 Ὥστε
1647 2660 1696 2712 εἰ

99 2748 202 2818 τῆς
225 2747 378 2817 ὥρας
410 2749 683 2817 ἐπιτυχεῖν
709 2747 953 2817 ἀκριϐῶς
979 2748 1257 2812 ἀδύνατον,
1292 2750 1325 2820 ἡ
1351 2750 1408 2802 δὲ
1437 2749 1530 2804 τοῦ
1566 2750 1696 2822 βρα-

101 2841 339 2909 χυτάτου
397 2838 723 2909 παραλλαγὴ
761 2838 853 2891 τοῦ
911 2839 1109 2902 παντὸς
1160 2840 1478 2911 διαμαρτεῖν
1532 2847 1692 2908 ποιεῖ,

103 2932 503 3000 καταγέλαστοι
537 2933 630 2986 καὶ
676 2933 727 2984 οἱ
787 2934 915 3002 περὶ
965 2932 1064 3003 τὴν
1105 2932 1451 3004 ἀνύπαρκτον
1494 2934 1694 3007 ταύτην

101 3025 304 3095 τέχνην
335 3025 710 3096 ἐσχολακότες,
745 3026 840 3079 καὶ
878 3027 928 3078 οἱ
974 3026 1110 3098 πρὸς
1147 3027 1344 3090 αὐτοὺς
1379 3029 1690 3099 κεχηνότες,

101 3119 178 3182 ὡς
199 3119 532 3188 δυναμένους
564 3119 760 3174 εἰδέναι
785 3118 853 3172 τὰ
877 3120 996 3172 κατ’
1026 3119 1242 3183 αὐτούς.

173 3389 229 3445 6.
271 3383 374 3442 Οἷα
411 3389 467 3443 δὲ
501 3389 596 3444 καὶ
629 3389 697 3444 τὰ
737 3390 1220 3462 ἀποτελεσματικά
1254 3391 1402 3462 (24);
1447 3393 1504 3445 '0
1543 3393 1691 3446 δεῖνα

103 3478 278 3546 οὖλος,
301 3483 457 3553 φησὶ,
493 3483 589 3552 τὴν
621 3483 782 3553 τρίχα
809 3483 944 3554 (25),
968 3484 1062 3538 κα).
1096 3484 1332 3555 χαροπὸς
1386 3484 1558 3554 Κριοῦ
1585 3485 1692 3556 γὰρ

105 3574 228 3648 ξέχει¹
263 3575 364 3645 τὴν
409 3575 588 3646 ὦραψ
635 3575 877 3630 τοιοῦτον
910 3577 968 3629 δέ
1011 3595 1128 3640 πως
1165 3577 1397 3648 ὀφθῆναι
1427 3577 1486 3629 τὸ
1529 3576 1686 3642 ζῶον.

115 3665 279 3718 Ἀλλά
305 3667 399 3719 καὶ
435 3667 820 3739 μεγαλόφρων·
857 3668 1044 3739 ἐπειδὴ
1075 3670 1402 3739 ἡγεμονικὸν
1434 3671 1462 3722 6
1489 3671 1685 3740 Κριόςο
1721 3715 1726 3720 .

105 3759 203 3812 καὶ
236 3759 524 3828 προετικὸς
554 3760 690 3830 (26),
721 3761 817 3814 καὶ
840 3761 1001 3815 πάλιν
1028 3763 1347 3832 ποριστικός
1367 3778 1380 3792 ·
1411 3763 1598 3834 ἐπειδὴ
1629 3765 1688 3816 τὸ

106 3851 244 3915 ζῶον
276 3849 434 3904 τοῦτο
473 3853 568 3908 καὶ
619 3853 940 3908 ἀποτίθεται
987 3853 1210 3916 ἀλύπως
1256 3853 1323 3908 τὸ
1376 3853 1543 3925 ἔριον,
1594 3858 1687 3908 καὶ

106 3941 270 3995 πάλιν
317 3941 470 4012 παρὰ
523 3942 624 4012 τῆς
691 3942 906 4010 φύσεως
959 3943 1158 4013 ῥᾳδίως
1225 3943 1682 4011 ὲπαμφιέννυται.

119 4033 278 4086 Ἀλλὰ
309 4034 402 4086 καὶ
431 4035 458 4085 ὁ
486 4034 787 4104 Ταυριανὸς
807 4034 1090 4105 τληπαοὴς
1112 4034 1246 4106 (27),
1280 4033 1432 4103 φησὶ,
1461 4035 1554 4088 καὶ
1570 4035 1688 4088 δου-

107 4125 282 4188 λικόςε
337 4125 524 4196 ἐπειδὴ
563 4127 668 4179 ὑπὸ
718 4127 880 4196 ζυγὸν
929 4128 958 4180 6
998 4127 1220 4198 ταῦρος.
1271 4131 1384 4184 Kal.
1439 4131 1468 4181 6
1511 4130 1684 4198 Σκορ-

108 4221 296 4284 πιανὸς
343 4221 591 4292 πλήκτης
634 4219 720 4274 διὰ
767 4219 866 4290 τὴν
901 4217 1036 4289 πρὸς
1069 4219 1130 4271 τὸ
1167 4217 1355 4290 Θηρίον
1401 4219 1682 4290 ὁμοίωσιν.

119 4313 174 4365 Ὀ
202 4312 258 4364 δὲ
283 4311 544 4380 Ζυγιανὸς
569 4309 797 4370 δίκαιος,
819 4308 907 4361 διὰ
932 4307 1034 4378 τὴν
1059 4307 1186 4379 παρ’
1212 4309 1342 4378 ἡμῖν
1369 4308 1476 4360 τῶν
1505 4307 1684 4376 ζυγῶν

109 4404 346 4474 ἰσότητα.
389 4402 608 4456 Τούτων
657 4401 710 4456 τί
751 4400 817 4458 ἂν
855 4399 1067 4467 γένοιτο
1109 4399 1681 4470 καταγελαστότερον;

1801 1921 2028 1992 gesima,
2060 1923 2114 1976 in
2147 1937 2283 1992 quas
2323 1933 2508 1992 partes
2554 1933 2766 1995 partem
2808 1939 3247 1996 unamquamque
3292 1927 3377 1981 di-

1801 2008 1908 2062 vidi
1942 2007 2176 2062 diximus
2212 2025 2224 2062 :
2263 2018 2376 2074 aut,
2409 2018 2467 2064 ut
2504 2019 2654 2064 certa
2695 2009 2773 2064 rei
2801 2010 3002 2066 veritas
3027 2011 3374 2075 inveniatur,

1799 2100 1853 2154 in
1878 2109 2040 2169 quota
2064 2100 2403 2169 sexagesima
2446 2114 2512 2154 ex
2553 2101 2622 2154 iis
2657 2115 2779 2170 quae
2816 2117 2846 2156 a
2876 2104 3071 2173 primis
3100 2106 3378 2175 sexagesi-

1797 2193 1904 2248 mis
1950 2193 2244 2247 subtlivisze
2275 2203 2420 2246 sunt.
2455 2191 2523 2246 Et
2567 2193 2710 2246 hanc
2760 2193 2898 2248 adeo
2935 2201 3153 2250 tenuem
3198 2205 3254 2250 et
3297 2197 3378 2250 in-

1799 2283 2349 2354 comprehensihilem
2379 2285 2640 2353 temporis
2672 2285 3146 2354 investigationem
3176 2288 3229 2342 in
3253 2291 3376 2358 qui-

1799 2377 2008 2446 busque
2049 2376 2280 2447 planetis
2325 2377 2444 2432 ﬁeri
2471 2393 2692 2434 necesse
2737 2393 2861 2436 esse
2898 2381 3081 2444 aiunt,
3129 2391 3187 2436 ut
3223 2398 3374 2436 com-

1798 2476 2010 2537 pertum
2064 2468 2136 2522 sit
2185 2479 2240 2522 ct
2288 2470 2655 2539 exploratum,
2703 2471 2919 2543 qualem
2967 2473 3203 2527 habeant
3253 2490 3374 2528 cum

1798 2559 2159 2614 inerrantibus
2195 2559 2366 2615 stellis
2409 2562 2678 2628 habitum,
2713 2572 2771 2618 et
2799 2564 2978 2633 qualis
3015 2578 3201 2619 eorum
3235 2565 3377 2618 inter

1796 2665 1854 2706 se
1877 2661 2025 2706 esset
2051 2651 2219 2722 ﬁgura
2245 2653 2298 2706 in
2326 2652 2445 2722 ejus
2470 2655 2561 2724 qui
2590 2663 2716 2710 tunc
2737 2665 2896 2712 natus
2916 2665 3002 2711 est
3023 2665 3168 2712 ortu.
3195 2658 3376 2724 Quare

1796 2744 1841 2798 si
1873 2743 1990 2799 ﬁeri
2022 2760 2126 2800 non
2164 2746 2358 2816 possit,
2389 2755 2448 2800 ut
2475 2748 2666 2802 horam
2707 2759 2962 2804 accurate
2989 2761 3370 2820 assequamur,

1797 2844 1851 2889 ct
1885 2843 2065 2890 tamen
2095 2836 2404 2894 brevissimi
2441 2839 2702 2909 temporis
2747 2840 3057 2896 immutatio
3106 2842 3160 2897 in
3205 2857 3370 2898 causa

1795 2927 1867 2981 sit
1903 2941 2002 2981 cur
2043 2943 2074 2981 a
2123 2936 2236 2984 toto
2269 2929 2573 2996 aberretur,
2620 2933 2900 2987 deridendi
2949 2945 3074 2988 sunt
3121 2943 3176 2990 et
3206 2936 3241 2989 ii
3281 2940 3370 3006 qui

1797 3018 1849 3072 in
1889 3019 1993 3074 hac
2027 3029 2145 3074 arte
2184 3021 2504 3091 imaginaria
2532 3024 2828 3080 excolenda
2856 3027 3098 3082 studium
3137 3041 3369 3098 ponunt,

1793 3119 1852 3164 et
1889 3109 1924 3164 ii
1964 3109 2054 3180 qui
2093 3111 2146 3165 in
2187 3111 2334 3181 ipsos
2368 3123 2554 3184 aperto
2586 3131 2681 3170 ore
2725 3117 2919 3172 intenti
2953 3127 3102 3184 sunt,
3145 3121 3372 3192 perinde

1793 3201 1947 3270 quasi
1977 3217 2042 3258 ea
2083 3218 2206 3273 qua:
2247 3203 2377 3275 ipsis
2409 3216 2534 3261 sunt
2563 3218 2828 3262 eventura
2853 3250 2869 3275 ,
2899 3224 3224 3280 cognoscere
3251 3227 3374 3282 pos-

1795 3293 1927 3349 sint.

1864 3386 1918 3439 6.
1959 3384 2156 3452 Quales
2219 3395 2394 3442 autem
2451 3389 2822 3458 producuntur
2885 3391 3148 3448 eli'ectus?
3205 3393 3372 3463 llujus

1794 3477 1999 3548 capilli,
2035 3481 2306 3549 inquiunt,
2337 3481 2502 3534 futuri
2529 3491 2656 3538 sunt
2686 3484 2874 3554 crispi,
2905 3486 3114 3541 oculive
3145 3487 3324 3542 decori
3355 3505 3368 3540 ε

1793 3569 1996 3626 Arietis
2027 3571 2234 3626 scilicet
2270 3573 2436 3628 habet
2465 3573 2655 3628 horam
2691 3588 2706 3626 :
2742 3591 2972 3644 namque
3005 3579 3205 3632 animal
3242 3559 3394 3634 illud

1792 3665 2196 3733 quodammodo
2219 3677 2305 3720 est
2330 3665 2437 3720 tale
2465 3677 2710 3736 aspectu.
2732 3667 2870 3735 Quin
2889 3669 3054 3726 etiam
3082 3672 3186 3728 erit
3210 3689 3371 3740 gran-

1792 3755 1842 3808 di
1877 3756 2060 3810 animo
2095 3765 2150 3810 et
2181 3757 2358 3822 elato;
2396 3759 2594 3829 quippe
2624 3774 2792 3829 penes
2824 3761 3062 3816 Arietem
3102 3773 3184 3818 est
3217 3766 3368 3833 prin-

1790 3849 2000 3918 cipatus
2053 3864 2069 3904 :
2121 3853 2226 3906 erit
2285 3862 2338 3906 et
2390 3853 2600 3922 largus,
2643 3865 2696 3910 et
2748 3871 2938 3910 rursus
2992 3868 3364 3928 quaestuosus;

1789 3941 2228 4010 quandoquidem
2276 3944 2380 3998 hoc
2418 3945 2620 3999 animal
2661 3954 2717 4000 et
2762 3947 2898 4000 citra
2937 3947 3237 4004 molestiam
3276 3949 3368 4004 tle-

1787 4032 1940 4100 ponit
1971 4031 2175 4096 lanam,
2205 4043 2259 4088 et
2295 4049 2482 4090 rursus
2511 4034 2669 4090 facile
2697 4053 2724 4091 a
2755 4046 2948 4091 natura
2979 4039 3226 4094 vestitur.
3259 4039 3366 4096 Sed

1790 4121 1840 4174 in
1869 4119 2050 4176 Tauro
2089 4132 2298 4188 natum,
2338 4123 2658 4180 tolerantem
2706 4140 2828 4182 esse
2871 4127 3118 4184 laborum
3154 4131 3363 4196 dicunt,

1788 4221 1950 4282 atque
1975 4213 2224 4270 servilem
2251 4232 2265 4271 :
2292 4217 2543 4284 quoniam
2561 4217 2693 4287 jugo
2717 4227 2904 4274 taurus
2927 4221 3234 4290 subjicitur.
3263 4223 3364 4292 Qui

1786 4319 1915 4359 vero
1949 4305 2126 4360 editus
2167 4316 2252 4361 est
2305 4307 2408 4361 sub
2445 4309 2763 4378 Scorpione,
2799 4312 2905 4365 erit
2953 4325 3267 4379 percussor,
3298 4319 3367 4371 ob

1786 4412 1904 4452 eam
1939 4412 2098 4466 quam
2140 4414 2260 4453 cum
2297 4399 2400 4453 isto
2452 4399 2673 4454 animali
2730 4401 2895 4456 habet
2933 4403 3362 4462 similitudinem.

119 4494 176 4546 ὐ
210 4493 396 4563 Κριὸς,
435 4493 526 4560 ἀφ’
556 4483 617 4546 οὗ
657 4491 756 4561 τὴν
786 4489 996 4558 γένεσιν
1027 4488 1120 4541 τοῦ
1151 4487 1438 4558 ἀνθρώπου
1473 4487 1682 4556 λαμϐά-

1798 4487 1887 4556 Qui
1935 4499 2113 4544 autem
2157 4492 2208 4544 in
2243 4490 2404 4545 Libra
2451 4499 2610 4546 natus
2658 4501 2761 4558 est,
2800 4491 3017 4549 futurus
3052 4505 3138 4550 est
3167 4497 3364 4566 justus.

108 4599 236 4645 νεις,
271 4582 501 4652 οὐρανοῦ
539 4580 703 4651 μέρος
748 4579 864 4631 ἐστὶ
891 4577 952 4630 τὺ
991 4578 1316 4643 δωδέκατον,
1346 4579 1402 4630 ὲν
1433 4570 1478 4644 ᾦ
1525 4578 1676 4646 γενό-

112 4692 265 4744 μενος
305 4677 334 4728 6
376 4675 525 4745 ἥλιος
565 4673 674 4727 τῶν
728 4671 958 4742 ἐαρινῶν
991 4671 1230 4741 σημείων
1277 4670 1507 4726 ἅπτεται
1541 4669 1676 4738 (9.8).

109 4771 214 4822 Καὶ
253 4767 440 4834 Ζυγὺς,
471 4769 564 4820 καὶ
607 4766 817 4838 Ταῦρος
857 4765 1149 4827 ὡσαύτως,
1199 4765 1429 4818 ἕκαστον
1475 4764 1679 4820 τούτων

106 4859 568 4930 δωδεκατημόριον
619 4861 736 4912 ἐστι
771 4858 862 4910 τοῦ
914 4857 1178 4921 ζωδιακοῦ
1239 4856 1532 4926 λεγομένου
1587 4855 1682 4910 κύ-

178 5019 288 5087 (20)
329 5019 420 5072 Sic
466 5017 630 5087 editio
667 5015 844 5087 _Basil.
895 5023 950 5068 et
1001 5013 1167 5066 nostri
1209 5022 1410 5082 septem
1441 5029 1566 5068 mss.
1605 5015 1675 5067 At

106 5083 468 5144 edi-tioParis.
497 5083 612 5139 εἶτα
641 5083 782 5140 εἷπε.

175 5160 286 5228 (2|)
311 5157 444 5227 Reg.
483 5159 742 5229 sexum}!
763 5156 920 5229 τύχῃ.

179 5224 288 5298 (22)
328 5224 420 5280 ιιᾱ
455 5228 633 5298 editio,
669 5224 940 5298 Basihet
975 5230 1212 5298 quinqtte
1243 5237 1374 5280 mss.
1416 5237 1448 5276 e
1473 5224 1674 5279 nostris

111 5295 298 5370 praeter
321 5299 571 5370 genibel'.
591 5297 779 5370 Editig
797 5295 966 5370 Paris.
993 5295 1142 5355 ’κατᾶ
1169 5299 1358 5354 πόσου.

177 5369 289 5436 (25)
319 5367 510 5420 Nostra
541 5367 728 5437 editio”
749 5367 924 5437 Basil._
942 5383 1062 5422 cum
1115 5380 1345 5437 septem_
1375 5363 1671 5437 ms_s._6tatt—

113 5435 314 5510 ρεῖσθαι
333 5438 434 5510 τὴν
465 5439 678 5508 μοῖραν.
699 5436 872 5493 Editio
897 5435 1068 5494 Paris.
1091 5435 1412 5508 διαιρεῖσθαι
1436 5435 1672 5503 ἑκάστην

110 5509 426 5581 τριακοσξὴν
443 5509 664 5581 eaeis”:

177 5581 284 5662 (26)
317 5575 490 5662 Etlitio
529 5575 694 5662 Bas”.
730 5585 794 5662 'et
825 5575 977 5657 Bodl.
1010 5593 1129 5662 cum
1177 5577 1360 5662 llegiis
1398 5576 1676 5662 primone}

111 5645 288 5719 quinto
333 5659 388 5702 et
431 5663 554 5700 cum
599 5645 766 5719 Coisl.
813 5648 986 5714 primo
1026 5645 1438 5719 ἀποτελεστικὰ.
1494 5646 1671 5698 Editio

111 5717 272 5776 Paris.
301 5733 420 5773 cum
443 5717 710 5787 nonnullis
742 5732 868 5770 mss.
897 5718 1393 5787 ὰποτελεσματικὰ.

181 5789 286 5862 (‘25)
316 5788 454 5843 Edili
485 5786 638 5854 φασί,
685 5801 815 5841 mss.
859 5789 1010 5858 φησί.
1067 5785 1184 5842 Moi
1231 5791 1394 5844 editio
1427 5785 1588 5842 Basil.
1619 5796 1668 5842 ct

377 5884 652 5970 Ριτιιοι..
688 5883 805 5946 Gtt.
841 5884 1080 5948 ΧΧΙΧ.

1787 4591 2008 4651 propter
2055 4582 2313 4637 librarum
2357 4585 2494 4652 apud
2537 4599 2638 4639 nos
2671 4585 3058 4653 aequalitatem.
3104 4587 3241 4656 Quid
3283 4591 3365 4644 his

1788 4673 1961 4742 magis
1996 4673 2282 4730 ridiculum
2324 4691 2447 4730 esse
2475 4677 2688 4746 possit?
2723 4678 2879 4732 Aries
2919 4678 3030 4743 ille,
3065 4695 3094 4733 a
3123 4695 3231 4749 quo
3269 4683 3362 4736 ho-

1789 4763 1951 4817 minis
2001 4765 2232 4818 natalem
2279 4765 2540 4830 desumis,
2573 4765 2692 4820 ραιΙί
2725 4781 2851 4836 pars
2897 4779 2982 4823 est
3024 4771 3358 4834 duodecima,

1787 4857 1842 4910 in
1869 4871 1972 4926 qua
1999 4873 2120 4910 cum
2151 4857 2314 4913 fuerit
2337 4859 2438 4925 sol,
2469 4874 2634 4914 verna
2662 4861 2812 4930 signa
2845 4863 3079 4934 attingit.
3115 4864 3179 4920 Et
3201 4864 3360 4920 Libra

1779 5013 2188 5094 nostrinse‘ptem
2231 5017 2552 5094 φεμ-κριῷ
2591 5018 2718 5089 γάρ.
2768 5018 2946 5073 Editio
2988 5019 3161 5075 Paris.
3204 5021 3356 5094 κριοῦ

1779 5083 2095 5158 ventilat".
2113 5087 2297 5158 κριῶν
2331 5083 2457 5158 γάρζ

1848 5151 1962 5223 (26)
1999 5151 2460 5230 Variaitt_e.liii_et
2488 5171 2617 5230 tnss_.
2654 5159 2831 5230 Etlitio
2861 5157 3034 5215 Paris.
3071 5178 3190 5216 cum
3221 5161 3353 5230 Reg.

1777 5236 1970 5301 octavo
1995 5226 2302 5301 προετικός.
2359 5225 2536 5301 Editjo
2577 5225 2740 5301 Easil.
2771 5243 2892 5301 eum
2949 5231 3079 5301 lleg.
3113 5233 3272 5285 tertio
3304 5225 3358 5284 iet

1776 5310 1898 5372 cum
1930 5292 2082 5372 Bodl.
2111 5295 2543 5372 προαιρετικός.
2573 5297 2739 5351 Coisl.
2785 5299 3000 5372 primus
3028 5292 3358 5372 ἴτροεκτικὺς

1777 5364 1834 5417 δὲ
1867 5364 1980 5442 καί..
2012 5364 2198 5442 ’βοίειζ
2241 5364 2507 5442 secundus
2538 5364 2926 5442 προηγῃτικός.
2973 5364 3104 5441 Βεέ.
3141 5364 3360 5442 quintus

1777 5449 1900 5510 cum
1930 5435 2081 5510 Coll).
2137 5437 2372 5510 secundo
2405 5435 2783 5510 προσεκτικός.
2820 5435 3177 5510 δοιεηιξῳιε]
3213 5443 3356 5497 hunc

1779 5503 1955 5558 locum
1995 5505 2227 5559 illustrat
2265 5503 2510 5565 Ducmus,
2549 5509 2696 5574 legas
2725 5508 2948 5564 suadeo.

1849 5574 1965 5640 (‘27)
2015 5575 2147 5648 Reg.
2203 5585 2388 5630 sextus
2425 5575 2708 5648 τληπαοὴς
2747 5577 2908 5646 φύσει
2955 5582 3050 5633 καὶ
3090 5581 3355 5648 δουλικός,

1776 5643 2019 5696 laborum
2055 5646 2281 5700 tolerans
2307 5655 2380 5700 est
2407 5643 2623 5706 natura.
2653 5643 2700 5700 ἐι
2733 5643 2934 5700 servilis

1793 5785 1802 5798 ι
1849 5715 1960 5783 (‘28)
1986 5715 2058 5768 Ita
2081 5716 2295 5772 codices
2321 5729 2548 5787 septem.
2591 5718 2728 5772 Editi
2757 5730 2805 5773 et
2832 5717 2999 5775 Coisl.
3023 5726 3227 5790 priums
3268 5727 3364 5793 ἐφη

1779 5801 2008 5840 απτεται
2019 5829 2028 5841 .

2964 5885 3002 5946 5
