3850 6218
486 304 577 359 151

1832 302 1887 355 S.
1930 301 2173 357 BASILl-l
2220 303 2433 359 MAGNI

3657 308 3749 361 l32

478 433 533 481 et
578 423 786 477 Taurus
837 419 1109 482 similiter,
1163 419 1578 489 unumquodque
1628 434 1695 473 ex
1753 419 1838 474 bis
1887 419 2035 489 signi:

2160 419 2308 472 κλου.
2329 418 2453 481 Πῶς
2476 413 2567 470 οὑν
2597 416 2805 470 ἐκεῖθεν
2824 415 2921 480 τὰς
2940 420 3358 489 προηγουμένας
3377 421 3567 485 αἰτίας
3585 423 3747 493 λέγων

476 517 593 586 ejus
624 514 810 569 circuli
845 513 934 582 qui
972 514 1228 567 zodiacus
1272 522 1524 575 vocatur,
1567 528 1692 580 pars
1723 522 1807 566 est
1851 513 2054 567 duode—

474 610 636 664 cima.
674 606 955 673 Quomodo
1000 606 1165 675 igitur
1198 604 1345 659 illinc
1379 605 1679 675 praecipuas
1709 606 1833 657 vitae
1862 605 2058 657 Imma-

474 718 559 758 ηε
599 715 793 754 causas
841 698 1107 769 proﬁcisci
1158 699 1342 761 doces,
1378 707 1431 751 et
1463 713 1530 750 ex
1567 698 1798 751 terrenis
1837 698 2056 765 pecudi-

474 796 575 849 bus
632 794 968 847 nascentium
1016 790 1299 845 hominum
1354 805 1536 845 mores
1585 789 1846 858 exprimis
1898 798 2059 858 atque

472 887 719 958 effingis?
759 885 893 940 Nam
925 887 1015 955 qui
1048 885 1101 939 in
1138 885 1322 941 Ariete
1370 886 1633 949 exoritur,
1669 883 1907 939 liberalis
1948 892 2055 946 est,

473 996 581 1035 non
624 980 767 1050 quod
818 979 905 1033 illa
938 994 1066 1047 pars
1117 978 1243 1034 cmli
1298 993 1478 1033 mores
1534 977 1666 1032 tales
1717 974 1930 1038 efﬁciat,
1962 975 2055 1029 scd

467 1073 616 1143 quod
644 1072 770 1128 huic
801 1071 982 1141 pecori
1017 1070 1138 1125 talis
1168 1079 1359 1123 natura
1394 1070 1543 1124 insit.
1577 1069 1715 1136 Quid
1742 1082 1869 1138 ergo
1897 1066 2054 1121 ﬁdem

470 1180 537 1219 ex
575 1165 741 1220 astris
768 1164 866 1219 tibi
902 1162 1109 1218 faciens
1136 1161 1516 1233 perterrefacis
1548 1178 1666 1226 nos,
1698 1161 1921 1229 haecque
1959 1174 2055 1229 per

469 1259 682 1314 balatus
714 1256 928 1312 conaris
953 1256 1319 1327 persuadere?
1347 1254 1481 1308 Nam
1512 1256 1557 1309 si
1588 1254 1787 1310 cmlum
1826 1254 1894 1307 ab
1931 1254 2053 1306 ani-

469 1350 705 1405 malibus
757 1348 891 1403 tales
942 1349 1140 1417 accipit
1193 1364 1403 1403 morum
1461 1348 1842 1417 proprietates,
1878 1345 2051 1414 ipsum

455 1424 631 1497 etiam
672 1440 865 1496 alienis
897 1438 1180 1510 principiis
1206 1451 1290 1493 est
1321 1437 1642 1505 subjectum,
1672 1435 1869 1505 quippe
1910 1435 2051 1503 quod

467 1548 663 1589 causas
706 1549 773 1587 ex
805 1532 888 1587 bis
921 1531 1207 1602 pecoribus
1246 1529 1610 1600 dependentes
1639 1527 1859 1582 habeat.
1896 1524 2050 1591 Quod

468 1628 513 1682 si
550 1626 605 1681 id
636 1638 884 1680 asserere
922 1623 1207 1678 ridiculum
1249 1622 1339 1687 sit,
1373 1622 1531 1692 longe
1561 1620 1733 1690 magis
1766 1618 2048 1673 ridiculum

466 1728 570 1784 est,
604 1734 669 1774 ex
707 1718 773 1773 iis
820 1718 961 1772 inter
1009 1732 1128 1787 quae
1170 1716 1316 1770 nulla
1348 1713 1458 1785 56
1488 1713 1835 1769 necessitudo
1884 1713 2047 1767 inter-

464 1813 631 1876 cedit,
667 1808 1215 1878 conari,0pinionem
1253 1806 1399 1861 illam
1433 1804 1749 1860 credibilem
1796 1803 2049 1873 probabi-

463 1904 677 1974 lemque
707 1902 954 1957 reddere.
990 1900 1151 1970 Atqui
1188 1900 1272 1954 hae
1307 1901 1533 1953 istorum
1566 1896 1788 1967 argutiae
1817 1909 2047 1948 aranea-

464 2012 583 2051 rum
619 1995 740 2050 telis
774 2004 899 2049 sunt
948 1992 1280 2055 consimiles,
1312 1992 1365 2045 in
1401 2005 1538 2059 quas
1579 2004 1701 2043 cum
1744 1986 1920 2049 culex,
1956 1996 2049 2039 aut

462 2104 675 2153 musca,
712 2095 805 2141 aut
858 2087 1087 2154 quodvis
1134 2082 1333 2137 animal
1390 2082 1539 2137 hisce
1586 2079 1947 2137 imbecillibus
1972 2081 2047 2133 si-

462 2181 591 2236 mile
640 2178 911 2239 inciderit,
947 2176 1155 2230 irretita
1204 2174 1555 2229 detinentur:
1592 2182 1647 2227 at
1682 2188 1805 2228 cum
1853 2172 2047 2227 fortius

458 2271 682 2339 aliquod
716 2267 914 2322 animal
948 2266 1262 2331 accesserit,
1295 2266 1423 2320 illud
1455 2275 1509 2319 et
1541 2264 1701 2320 facile
1729 2265 2042 2334 pertransit,

466 2375 517 2418 et
553 2374 765 2417 tenuem
800 2364 941 2417 hanc
974 2370 1242 2413 texturam
1279 2358 1580 2429 perrumpit
1612 2372 1675 2414 ac
1708 2357 1956 2428 dissipat.

533 2458 584 2510 7.
632 2458 826 2510 Verum
860 2470 966 2508 non
1005 2454 1089 2507 bis
1130 2452 1260 2508 solis
1291 2452 1533 2507 contenti
1570 2460 1716 2513 sunt.
1758 2452 1851 2506 sed
1881 2450 2044 2506 etiam

458 2565 688 2621 quarum
731 2563 910 2602 rerum
944 2546 1161 2601 domina
1205 2555 1290 2601 est
1335 2544 1760 2614 uniuscujusque
1801 2554 2041 2598 nostrum

462 2645 713 2698 voluntas
751 2642 876 2712 (hoc
907 2647 1009 2706 est,
1043 2639 1346 2693 studiorum
1378 2639 1595 2693 virtutis
1621 2647 1715 2691 aut
1742 2637 1905 2704 vitii),
1932 2637 2044 2690 illa-

459 2752 578 2790 rum
635 2735 799 2789 etiam
850 2746 1045 2787 causas
1097 2731 1410 2787 caelestibus
1462 2730 1786 2785 attribuunt.
1838 2728 2042 2796 Quibus

460 2827 834 2883 contradicere
867 2824 1068 2895 alioqui
1104 2823 1394 2878 ridiculum
1431 2834 1513 2878 est
1542 2840 1556 2878 :
1586 2824 1679 2877 sed
1710 2824 1835 2891 quia
1863 2823 2041 2892 plures

457 2936 522 2976 eo
565 2934 751 2973 errore
793 2925 1264 2987 praeoccupantur,
1304 2916 1418 2971 haec
1453 2915 1593 2970 forte
1622 2930 1845 2969 necesse
1879 2914 2042 2968 fuerit

456 3012 675 3077 silentiq
716 3025 821 3065 non
858 3010 1158 3081 praeterire.
1208 3007 1452 3063 Primum
1485 3010 1700 3078 quidem
1734 3010 1860 3063 illud
1892 3011 2039 3079 ipsos

457 3102 935 3173 interrogabimus,
960 3114 1161 3154 numne
1189 3100 1468 3155 stellarum
1497 3101 1680 3172 figurae
1707 3101 1894 3156 diebus
1923 3102 2036 3157 sin-
2064 3139 2108 3197 ϐ

452 3196 595 3268 gulis
645 3195 946 3249 sexcenties
1002 3194 1312 3249 mutentur?
1364 3192 1498 3248 Nam
1554 3210 1676 3249 cum
1723 3195 1893 3249 stcllzr.
1935 3195 2038 3249 illa:

454 3303 575 3357 quae
613 3296 996 3356 nuncupantur
1042 3293 1309 3353 errantes,
1347 3300 1562 3355 semper
1610 3296 1951 3353 moveantur,
1986 3297 2039 3341 ΕΙ.

456 3382 575 3435 aliae
603 3381 821 3450 quidem
860 3380 1020 3433 citius
1051 3378 1152 3433 sibi
1186 3390 1371 3432 mutuo
1408 3389 1719 3443 occurrant,
1754 3379 1873 3434 alia:
1908 3395 2037 3435 vero

456 3474 722 3531 circuitus
751 3472 1017 3527 tardiores
1048 3472 1361 3539 conficiant,
1398 3472 1452 3526 in
1488 3473 1675 3527 eadem
1710 3473 1840 3527 hora
1871 3489 2039 3543 saepe-

455 3583 682 3624 numero
734 3577 788 3622 et
834 3581 893 3620 se
944 3566 1173 3620 invicem
1223 3565 1541 3635 respiciunt,
1569 3575 1623 3620 et
1668 3566 2034 3622 occultantur.

453 3658 665 3713 Etcum
698 3658 749 3712 in
784 3670 903 3713 ortu
943 3657 996 3711 id
1030 3657 1249 3710 maximi
1282 3658 1352 3710 sit
1383 3656 1661 3719 momenti,
1688 3666 1783 3712 aut
1816 3672 1846 3711 a
1874 3658 2036 3712 bene-

455 3752 556 3805 fica
591 3750 768 3817 stella,
800 3760 860 3803 ut
894 3750 993 3817 ipsi
1044 3750 1358 3812 loquuntur,
1394 3759 1486 3800 aut
1534 3764 1565 3800 a
1614 3749 1856 3803 maleﬁca
1903 3764 2034 3802 con-

452 3843 627 3911 spici;
659 3850 714 3896 et
765 3855 885 3895 cum
929 3853 1071 3908 saepe
1122 3838 1173 3892 id
1225 3849 1437 3907 tempus
1467 3852 1575 3907 quo
1606 3838 1846 3893 benefica
1882 3839 2034 3893 stella

453 3933 821 3989 testimonium
873 3931 1167 4002 praebebat,
1203 3944 1307 3983 non
1360 3940 1740 3999 assequantur,
1775 3928 1844 3984 ob
1875 3930 2033 3984 unius

454 4025 805 4083 minutissimi
859 4024 1023 4094 spatii
1074 4022 1458 4092 ignorantiam,
1486 4022 1627 4077 hanc
1675 4022 1845 4091 ipsam
1892 4021 2035 4076 velut

450 4121 507 4176 in
556 4119 697 4174 mala
746 4118 960 4173 fortuna
1010 4116 1171 4170 sitam
1230 4122 1640 4169 recensuerunt.
1676 4113 1853 4184 Cogor
1886 4115 2029 4167 enim

449 4212 581 4283 ipsis
609 4226 797 4267 eorum
827 4211 1051 4265 vocibus
1089 4210 1188 4263 uti.
1223 4208 1368 4262 Sane
1401 4206 1627 4261 multum
1659 4216 1745 4260 est
1780 4207 2031 4261 amentia:

446 4305 504 4362 itt
535 4307 619 4360 bis
655 4305 852 4369 verbis,
888 4304 981 4359 sed
1032 4302 1189 4371 longe
1232 4300 1351 4370 plus
1395 4308 1480 4354 est
1526 4299 1843 4370 impietatis.
1895 4300 2028 4354 Nam

447 4398 706 4452 maleficae
750 4394 919 4450 stellae
966 4392 1319 4463 malignitatis
1355 4406 1465 4445 suae
1497 4406 1717 4446 causam
1773 4393 1825 4445 in
1871 4409 2027 4445 suum

2161 512 2429 583 ὑπάρχειν
2477 512 2590 573 τοῖς
2633 509 2740 562 τῶν
2778 508 3080 579 ἀνθρώπων
3130 511 3293 580 βίοις,
3338 513 3401 564 ἐκ
3451 515 3569 567 τῶν
3628 525 3746 588 παρ’

2161 607 2293 676 ἡμῖν
2346 604 2710 675 βοσκημάτων
2756 605 2863 656 τῶν
2907 607 3261 674 γεννωμένων
3321 606 3641 677 ἀνθρώπων
3686 615 3745 664 τὰ

2160 699 2264 768 ἢθη
2314 696 2780 768 χαρακτηρίζεις;
2837 697 3213 767 Εὑμετάδοτος
3264 699 3371 769 γὰρ
3404 702 3432 752 ὁ
3469 703 3743 772 Κριανὺς,

2159 790 2257 842 οὑκ
2279 789 2465 858 ἐπειδὴ
2493 788 2737 841 τοιούτου
2764 788 2925 857 ἧθους
2964 790 3243 859 ποιητικὸν
3279 793 3457 843 ἐκεῖνο
3488 794 3555 846 τὸ
3592 797 3746 865 μὲμς

2157 881 2251 934 τοῦ
2291 882 2543 953 οὐρανοῦ,
2588 880 2702 934 ἀλλ’
2745 880 2933 952 ἐπειδὴ
2977 883 3234 954 τοιαύτης
3278 883 3493 951 φύσεώς
3530 888 3654 938 ἐστι
3695 888 3747 938 τὶ.

2159 974 2449 1046 πρόϐατον.
2481 975 2545 1026 Τί
2579 970 2671 1027 οὖν
2700 973 2969 1037 δυσωπεῖς
3014 975 3111 1044 μὲν
3141 977 3287 1045 ἡμᾶς
3324 976 3432 1028 ἀπὸ
3462 978 3568 1046 τῆς
3610 979 3749 1042 alia.

2159 1069 2377 1130 πιστίας
2420 1066 2527 1120 τῶν
2568 1066 2804 1138 ἄστρων,
2842 1066 3051 1119 πείθειν
3084 1067 3140 1120 δὲ
3186 1068 3481 1140 ἐπιχειρεῖς
3517 1071 3613 1123 διὰ
3646 1072 3745 1123 τῶν

2159 1161 2552 1232 βληχημάτων;
2593 1162 2656 1213 El
2694 1161 2790 1231 μὲν
2841 1160 2950 1231 γὰρ
2984 1160 3136 1232 παρὰ
3171 1161 3278 1215 τῶν
3314 1162 3469 1225 ζώων
3502 1161 3690 1214 λαϐὼν
3722 1166 3748 1214 ό

2155 1254 2381 1325 οὐρανὸς
2416 1253 2526 1323 ἔχει
2571 1252 2639 1305 τά
2678 1253 2900 1305 τοιαῦτα
2943 1254 3049 1306 τῶν
3096 1254 3241 1323 ἠθῶν
3300 1254 3606 1326 ἰδιώματα,
3654 1260 3749 1309 καὶ

2156 1349 2318 1411 αὑτὸς
2352 1348 2639 1401 ὑπόκειται
2683 1347 2991 1419 ἀλλοτρίαις
3028 1349 3247 1418 ἀρχαῖς,
3278 1350 3342 1401 ἐκ
3384 1349 3494 1400 τῶν
3540 1350 3747 1420 βοσκη-

2158 1442 2342 1511 μάτων
2381 1440 2518 1511 ἕχων
2559 1439 2658 1503 τὰς
2692 1440 2870 1502 αἰτίας
2915 1439 3341 1509 ἀπηρτημένας·
3391 1442 3441 1492 εἰ
3475 1441 3535 1493 δὲ
3574 1460 3747 1494 κατα-

2154 1533 2412 1601 γέλαστον
2437 1532 2594 1585 τοῦτο
2630 1534 2824 1594 εἰπεῖν,
2869 1532 3397 1602 καταγελαστότερον
3445 1533 3632 1602 πολλῷ
3683 1537 3747 1586 ἐκ

2151 1626 2258 1677 τῶν
2318 1625 2484 1696 μηδὲν
2545 1624 2944 1677 κοινωνούντων
3007 1625 3233 1692 ἐπάγειν
3301 1627 3609 1695 ἐπιχειρεῖν
3666 1628 3749 1695 τῷ

2152 1716 2295 1787 λόγῳ
2326 1718 2426 1780 τὰς
2463 1717 2843 1787 πιθανότητας.
2899 1716 3059 1769 Ἀλλά
3100 1716 3272 1770 ταῦτα
3309 1718 3406 1785 μὲν
3449 1718 3635 1771 αὑτῶν
3677 1720 3748 1771 τὰ

2154 1811 2293 1881 σοφὰ
2342 1814 2454 1875 τοῖς
2501 1810 2811 1881 ἀραχνείοις
2864 1811 2986 1882 (29)
3042 1810 3356 1880 ὑφάσμασιν
3409 1810 3613 1875 ἔοικεν,
3661 1809 3747 1875 οές

2150 1904 2277 1956 ὅταν
2314 1903 2411 1975 μὲν
2446 1903 2666 1974 κώνωψ,
2714 1904 2748 1974 ἢ
2796 1906 2946 1974 μυῖα,
2997 1904 3030 1973 ἦ
3078 1921 3130 1955 τι
3181 1903 3287 1957 τῶν
3338 1904 3747 1975 παραπλησίως

2148 1993 2359 2058 τούτοις
2400 1994 2645 2048 ἀσθενῶν
2710 1995 2969 2065 ἐνσχεθῇ,
3020 1994 3385 2048 καταδεθέντα
3420 1999 3741 2065 κρατεῖται·

2149 2087 2365 2140 ἐπειδὰν
2407 2087 2463 2140 δὲ
2496 2088 2604 2140 τῶν
2656 2088 3019 2159 ἰσχυροτέρων
3052 2106 3104 2140 τι
3151 2087 3303 2151 ζώων
3342 2089 3561 2161 ἐγγίσῃ,
3608 2091 3744 2143 αὑτό

2146 2199 2204 2234 τε
2240 2182 2437 2253 ῥᾳδίως
2472 2183 2778 2236 διεκπίπτει
2814 2184 2947 2255 (50),
2980 2184 3074 2237 καὶ
3100 2184 3170 2237 τὰ
3203 2183 3407 2255 ἀδρανῆ
3435 2184 3743 2255 ὑφάσματα

2145 2276 2395 2348 διέρρηξε
2428 2277 2522 2330 καὶ
2552 2276 2806 2346 ἠφάνισε.

2216 2456 2269 2509 7.
2312 2457 2422 2510 Καὶ
2451 2458 2551 2510 οὑκ
2582 2457 2674 2511 ἐπὶ
2702 2457 2906 2510 τούτων
2945 2457 3189 2511 ἵστανται
3224 2457 3383 2528 μόνον
3430 2458 3570 2527 (Si),
3599 2458 3739 2512 ἀλλὰ

2146 2549 2240 2601 καὶ
2266 2542 2340 2603 ὧν
2375 2550 2408 2619 ὴ
2438 2549 2757 2622 προαίρεσις
2787 2550 3018 2604 ἑκάστου
3045 2550 3201 2621 ἡμῶν
3226 2551 3391 2621 κυρία
3425 2550 3537 2621 (52)
3573 2550 3741 2621 (λέγω

2142 2642 2227 2714 δὴ,
2258 2642 2368 2695 τῶν
2411 2643 2857 2713 ἐπιτηδευμάτων
2886 2643 3088 2715 ἀρετῆς
3125 2643 3157 2713 ἦ
3200 2642 3442 2712 κακίας),
3478 2644 3578 2696 καὶ
3618 2645 3742 2697 τού-

2144 2749 2250 2785 των
2288 2731 2387 2794 τὰς
2429 2733 2612 2796 αἰτίας
2653 2735 2766 2796 τοῖς
2801 2732 3074 2803 οὐρανίοις
3125 2733 3505 2787 συνάπτουσιν.
3546 2729 3649 2797 Οἷς
3679 2735 3740 2786 τὸ

2143 2825 2444 2893 ἀντιλέγειν
2476 2824 2652 2887 ἄλλως
2686 2824 2783 2897 μὲν
2824 2824 3253 2893 καταγέλαστον,
3287 2825 3375 2878 διὰ
3407 2826 3465 2879 δέ
3506 2827 3571 2879 τὸ
3606 2844 3741 2898 πίοι

2142 2917 2470 2987 κατέχεσθαι
2535 2918 2663 2981 τοὺς
2721 2917 2949 2980 πολλοὺς
3015 2921 3081 2989 τῇ
3154 2918 3373 2989 ἀπάτῃ,
3428 2920 3735 2987 ἀναγκαῖον

2142 3011 2271 3073 ἴσως
2304 3011 2377 3081 μὴ
2432 3012 2610 3082 σιωπῇ
2653 3010 2964 3082 παρελθεῖν.
3011 3012 3235 3082 Πρῶτον
3272 3013 3372 3082 μὲν
3421 3008 3515 3065 οὖν
3558 3012 3737 3066 ἐκεῖνο

2142 3103 2341 3166 αὑτοὺς
2393 3104 2791 3174 ἐρωτήσωμεν,
2844 3104 2894 3156 εί
2958 3104 3032 3175 μὴ
3088 3105 3174 3173 ἐφ’
3220 3104 3459 3175 ἑκάστης
3511 3105 3735 3175 ἡμέρας

2145 3196 2407 3268 μυριάκις
2436 3196 2727 3266 ἀμείϐεται
2752 3197 2860 3249 τῶν
2888 3197 3136 3268 ἀστέρων
3171 3196 3236 3250 τὰ
3271 3198 3563 3268 σχήματα;
3598 3200 3739 3250 ’Δει-

2140 3289 2350 3359 κίνητοι
2380 3290 2488 3360 γὰρ
2515 3289 2667 3353 ὅντες
2700 3290 2749 3342 οἱ
2785 3288 3055 3360 πλανῆται
3085 3288 3387 3360 λεγόμενοι,
3424 3290 3519 3341 καὶ
3551 3291 3603 3341 οἱ
3638 3292 3737 3360 μὲν

2139 3380 2332 3434 θᾶττον
2375 3381 2986 3452 ἐπικαταλαμϐάνοντες
3026 3381 3310 3451 ἀλλήλους.
3359 3382 3407 3433 οἱ
3444 3382 3502 3434 δέ
3532 3381 3737 3452 βραδυ-

2137 3472 2303 3543 τέρας
2330 3470 2429 3535 τὰς
2459 3470 2736 3543 περιόδους
2764 3472 3094 3542 ποιούμενοι,
3124 3473 3217 3524 ἐπὶ
3241 3472 3340 3541 τῆς
3370 3472 3541 3541 αὑτῆς
3577 3471 3735 3542 ὥρας

2138 3563 2399 3626 πολλάκις
2434 3564 2530 3615 καὶ
2563 3562 2761 3633 ὁρῶσιν
2801 3563 3065 3628 ἀλλήλους
3115 3562 3209 3615 καὶ
3247 3562 3730 3631 ἀποκρύπτονται,

2140 3656 2405 3727 μεγίστην
2436 3673 2495 3708 τε
2529 3657 2641 3725 ἔχει
2686 3655 2914 3725 δύναμιν
2955 3656 3012 3708 ἐν
3048 3657 3167 3718 ταῖς
3202 3654 3312 3725 (55)
3366 3655 3623 3722 γενέσεσι
3670 3656 3733 3707 τὸ

2136 3749 2168 3818 ἣ
2217 3750 2366 3820 παρά
2416 3747 2746 3816 ἀγαθοποιοῦ
2797 3749 3129 3820 ἐφορᾶσθαι,
3184 3748 3217 3818 ἢ
3272 3746 3611 3807 κακοποιοῦ,
3658 3760 3733 3810 ως

2135 3842 2289 3893 αὐτοὶ
2322 3841 2559 3908 λέγουσι.
2600 3842 2709 3894 Καὶ
2747 3841 3012 3904 πολλάκις
3050 3841 3257 3894 καθέὃν
3283 3840 3665 3911 ἐπεμαρτύρει
3706 3844 3734 3893 ὁ

2135 3929 2467 3998 ἀγαθοποιὸς
2503 3932 2678 4002 ἀστὴρ
2720 3930 2829 4001 τὸν
2851 3931 3043 4003 καιρὸν
3071 3932 3171 3985 οὑκ
3206 3930 3539 4001 ἐξευρόντες,
3578 3933 3734 4002 παρὰ

2133 4025 2233 4095 τὴν
2278 4024 2397 4086 ἐνὸς
2440 4024 2548 4077 τῶν
2586 4023 2930 4077 λεπτοτάτων
2989 4022 3235 4092 ἄγνοιαν,
3282 4022 3362 4086 ὡς
3405 4024 3466 4075 ἐν
3506 4022 3587 4093 τῷ
3628 4041 3733 4077 κα-

2134 4117 2565 4188 κοδαιμονήματι
2617 4115 2781 4168 αὑτὸν
2824 4117 3077 4186 κείμενον
3134 4115 3549 4188 ἀπεγράψαντο.
3604 4118 3735 4179 Τοῖς

2133 4210 2239 4281 γὰρ
2257 4208 2434 4263 αὐτῶν
2465 4209 2688 4262 ἐκείνων
2716 4208 2827 4276 (54)
2855 4207 3264 4279 συγχρήσασθαι
3286 4209 3525 4279 ῥήμασιν
3557 4210 3734 4277 ἀναγ-

2134 4301 2396 4371 χάζομαι.
2455 4302 2545 4353 Ἐν
2600 4301 2663 4372 δὴ
2710 4304 2819 4364 τοῖς
2865 4300 3128 4363 τοιούτοις
3186 4301 3365 4369 λόγοις
3414 4301 3555 4353 πολὺ
3628 4302 3729 4373 μὲν

2131 4394 2190 4447 τὸ
2217 4395 2462 4465 ἀνόητον,
2496 4394 2891 4447 πολλαπλάσιον
2920 4392 2976 4445 δὲ
3021 4393 3083 4445 τὸ
3115 4393 3330 4457 ἀσεϐές.
3366 4394 3429 4446 Oi
3469 4393 3585 4465 γὰρ
3626 4412 3729 4447 κα-

447 4487 689 4555 ipsarum
736 4485 1073 4539 conditorem
1117 4480 1468 4535 transferunt.
1500 4480 1714 4534 Etenim
1766 4482 1810 4536 si
1842 4482 1972 4551 ipsis
1996 4498 2024 4535 a

2152 4489 2343 4541 ιοποιοὶ
2375 4488 2482 4541 τῶν
2525 4488 2772 4559 ἀστέρων
2814 4488 2911 4557 τῆς
2942 4485 3149 4539 ἑαυτῶν
3190 4487 3459 4558 πονηρίας
3497 4488 3597 4542 ἐπὶ
3638 4488 3731 4540 τὸν

448 4592 642 4635 natura
692 4580 833 4634 inest
885 4578 1108 4642 malum,
1139 4576 1391 4630 conditor
1421 4575 1535 4644 ipse
1576 4574 1680 4628 erit
1728 4574 1854 4629 mali
1902 4575 2029 4629 effc-

446 4684 563 4726 ctor
596 4715 608 4727 .
644 4672 689 4727 si
737 4687 867 4726 vero
916 4686 1011 4725 sua
1058 4677 1251 4739 sponte
1301 4676 1356 4722 et
1406 4666 1680 4723 voluntate
1713 4669 1872 4724 malae
1906 4686 2030 4722 eva-

444 4767 601 4830 dunt,
638 4766 873 4835 primum
918 4764 1134 4834 quidem
1185 4760 1437 4815 animalia
1482 4769 1641 4815 erunt
1678 4761 1906 4833 eligendi
1949 4764 2029 4818 fa-

442 4860 648 4914 cultate
696 4860 944 4927 praedita,
978 4857 1156 4911 soluto
1209 4870 1273 4909 ac
1324 4853 1494 4908 libero
1538 4854 1741 4925 impetu
1788 4857 2025 4922 utentia;

443 4953 494 5005 id
524 4953 665 5020 quod
692 4953 758 5007 de
788 4951 1099 5007 inanimatis
1125 4948 1373 5003 ementiri
1402 4963 1465 5002 ac
1491 4947 1711 5018 ﬁngere,
1740 4950 2029 5003 dementiae

443 5056 667 5095 Smnmte
711 5050 812 5095 est.
868 5040 1066 5094 Deinde
1095 5048 1358 5108 quantum
1404 5052 1433 5089 a
1484 5039 1693 5093 ratione
1740 5039 2021 5105 abhorret,

444 5134 642 5187 malum
698 5143 791 5186 aut
840 5134 1034 5185 bonum
1072 5145 1177 5183 non
1215 5142 1313 5197 pro
1350 5126 1543 5180 merito
1592 5128 1788 5196 cuique
1838 5129 2021 5181 distri-

513 5291 626 5363 (29)
655 5290 884 5363 Codices
918 5300 1149 5359 quatuor
1171 5294 1283 5355 τοῖς
1310 5292 1606 5363 ἀραχνίοις.
1638 5291 1770 5360 Reg.
1798 5303 2021 5345 octavus

439 5361 552 5427 τοῖς
599 5361 928 5433 ἀραχνείοις.
987 5363 1296 5433 Ειίἰιίψοιιηι
1354 5361 1486 5433 Reg.
1547 5363 1704 5416 tertio
1752 5365 1864 5425 τοῖς
1911 5363 2020 5416 τῶν

440 5432 717 5505 ἀραχνίων
745 5433 1078 5505 ὑφάσμασιν.
1120 5432 1291 5505 ΑΟοίεΙ.
1334 5432 1540 5505 primus
1588 5433 1853 5505 τοῖςλτῶν
1887 5435 2020 5505 ἀρα-

439 5504 583 5574 χνῶν
616 5504 709 5571 ὑφ.
739 5502 907 5558 (ᾅοὶδιζ
933 5503 1199 5557 secundus
1229 5505 1339 5566 τοῖς
1371 5503 1477 5555 τῶν
1501 5502 1802 5573 ἀραχνείων
1836 5504 1929 5572 ὑφ.

514 5573 623 5639 (30)
650 5577 890 5638 Quatuor
914 5588 1043 5626 mss.
1078 5574 1355 5626 ἐκπίπτει.

514 5643 622 5711 (51)
667 5644 891 5697 Codices
920 5644 1365 5713 (ιυιιιυοιχμόνον.
1397 5644 1573 5713 Editio
1604 5644 1764 5697 Basil.
1818 5644 2014 5713 μόνων.

516 5705 638 5784 (52)-
666 5713 817 5784 Colb.
851 5705 1117 5784 secundus
1146 5705 1386 5784 ᾕ’κυρία.
1423 5712 1540 5767 Mox
1569 5716 1695 5767 editi
1729 5705 1848 5767 cum
1885 5716 2016 5780 lieg.

446 5782 677 5837 Secundo
710 5781 797 5851 δή.
834 5783 937 5836 Alii
963 5781 1193 5852 quatuor
1227 5781 1353 5838 niss.
1405 5784 1481 5835 δέ.
1538 5784 1727 5839 Statim
1771 5786 2011 5840 Cotnbef.

2136 4585 2439 4653 ποιήσαντα
2472 4582 2668 4646 αὑτοὺς
2705 4582 2801 4651 τὴν
2850 4583 3027 4635 αἰτίαν
3080 4580 3485 4653 μετατιθέασιν.
3527 4582 3595 4635 Εἰ
3633 4583 3732 4653 μὲν

2136 4672 2244 4743 γὰρ
2270 4674 2334 4725 ἐκ
2375 4672 2588 4741 φύσεως
2621 4672 2800 4725 αὑτῶν
2826 4671 2886 4724 τὸ
2914 4671 3100 4737 κακὸν,
3128 4674 3156 4723 ὁ
3193 4671 3528 4743 δημιουργὸς
3575 4674 3732 4726 ἔσται

2134 4758 2228 4811 τοῦ
2265 4758 2438 4813 κακοῦ
2495 4761 2756 4831 ποιητής·
2793 4762 2840 4813 εί
2878 4761 2936 4814 δὲ
2985 4762 3305 4831 προαιρέσει
3356 4763 3730 4825 κακύνονται,

2138 4851 2354 4922 πρῶτον
2396 4852 2497 4924 μὲν
2526 4853 2679 4906 ἔσται
2714 4852 2828 4918 ζῶα
2859 4854 3239 4925 προαιρετικὰ,
3277 4854 3610 4924 λελυμέναις
3640 4860 3736 4911 καὶ

2135 4945 2623 5018 αὐτοκρατορικαῖς
2671 4950 2790 5009 ταῖς
2833 4949 3027 5017 ὁρμαῖς
3073 4948 3417 5017 κεχρημένα’
3456 4948 3485 5001 ὃ
3528 4953 3732 5019 μανίας,

2135 5038 2283 5093 ἐστὶν
2313 5041 2573 5093 ἐπέκεινα
2605 5040 3035 5109 καταψεύδεσθαι
3068 5041 3178 5092 τῶν
3212 5041 3458 5111 ἀψύχων.
3494 5044 3736 5096 Ἔπειτα

2135 5130 2301 5184 πόσον
2336 5132 2395 5184 τὸ
2441 5133 2657 5201 ἄλογον,
2702 5132 2761 5185 τὸ
2796 5134 2963 5186 κακὸν
2997 5134 3089 5186 καὶ
3127 5133 3187 5185 τὸ
3227 5134 3431 5202 ἀγαθὸν
3474 5136 3549 5207 μὴ
3590 5140 3735 5190 κατὰ

2132 5308 2255 5367 cum
2310 5295 2431 5351 aliis
2476 5297 2716 5366 quinque
2759 5312 2888 5351 mss.
2942 5297 3368 5367 προσάπτουσιν.
3410 5299 3557 5354 Editi
3608 5317 3730 5356 cum

2129 5365 2284 5420 Coll).
2317 5371 2552 5421 secundo
2578 5365 2963 5421 συνάπτουσιν.

2203 5437 2315 5505 (55)
2367 5436 2458 5491 Sic
2491 5439 2728 5507 quinque
2760 5455 2891 5490 mss.
2936 5437 3075 5489 Editi
3122 5452 3251 5492 vero
3283 5441 3376 5493 ἐπὶ
3414 5445 3558 5506 ταῖς.
3602 5442 3727 5496 Sta-

2132 5507 2223 5590 tim
2256 5507 2492 5578 quinque
2516 5523 2644 5563 mss.
2678 5508 2800 5560 καθ’
2838 5509 2897 5561 ὃν
2929 5508 3323 5579 ἐπεμαρτύρει.
3371 5513 3511 5565 Editi
3544 5516 3725 5585 ἐμαρο

2128 5594 2302 5630 τυοει.

2233 5594 2302 5630 ει.

2198 5594 2315 5722 {(254)
2343 5647 2494 5722 Coll).
2536 5649 2810 5722 secundus
2851 5647 3032 5703 αὑτῶν
3067 5652 3314 5715 ἐκείνοις.
3348 5651 3489 5722 Lege
3519 5652 3720 5709 Morel-

2132 5717 2240 5772 lutn
2277 5720 2327 5773 in
2354 5720 2497 5773 hunc
2534 5718 2727 5774 locum.
