3850 6218
135 357 235 412 155

1233 357 1526 415 ΙἸΟΜΙΙΛΑ
1567 358 1629 415 Vl
1661 356 1728 412 IN
1768 356 2272 415 HEXAEMERON.

3303 373 3404 430 154

123 479 222 549 τὴν
265 475 424 542 ἀξίαν
465 475 746 549 διανέμειν
791 479 1038 550 ἑκάστῳ,
1086 480 1201 534 ἀλλ’
1247 483 1434 554 ἐπειδὴ
1487 484 1544 536 ἑν
1591 481 1699 552 τῷδ

1833 481 2022 544 bnere.
2059 483 2300 550 adeoque
2334 483 2598 554 proﬁteri,
2633 484 2751 541 ideo
2792 485 3002 543 stellam
3043 505 3163 547 esse
3197 493 3400 550 beneﬁ-

127 571 200 640 τῷ
243 570 392 641 τόπῳ
441 570 692 638 γέγονεν,
731 571 1062 642 ἀγαθοποιὸν
1114 575 1381 646 ὑπάρχειν
1433 577 1570 646 (55),
1621 577 1716 629 καὶ

127 659 308 732 ἐπειδὴ
344 659 450 713 ὑπὸ
491 661 646 714 τοῦδε
698 663 914 733 ὁρᾶται,
967 665 1266 718 κακοποιὸν
1328 665 1575 734 γίνεσθαι
1623 666 1714 718 τὸν

119 753 282 806 αὐτόν
301 770 314 782 ·
350 753 444 806 κα).
472 753 692 808 ἐπειδὰν
737 755 902 810 πάλιν
931 758 1128 828 μικρόν
1166 775 1220 810 τι
1252 758 1587 830 παρεκκλίνῃ
1617 757 1712 812 τοῦ

121 847 420 916 σχήματος,
465 847 628 913 εὐθὺς
671 849 774 920 τῆς
829 850 1030 914 κακίας
1071 850 1560 916 ἑπιλανθάνεσθαι;
1602 853 1714 904 Καὶ

119 937 290 991 ταῦτα
330 939 432 1010 μὲν
478 941 558 1004 είς
603 941 875 995 τοσοῦτον.
928 944 992 995 Ei
1039 943 1096 996 δὲ
1139 943 1261 998 καθ’
1295 945 1526 998 ἕκαστον
1574 946 1712 998 ἀκα-

119 1031 294 1100 ριαῖον
332 1030 428 1083 τοῦ
462 1031 656 1103 χρόνου
685 1034 774 1086 ἐπ’
806 1033 936 1087 ἀλλο
973 1035 1070 1090 καὶ
1097 1035 1227 1090 ἄλλο
1271 1037 1710 1108 μεθαρμόζονται

118 1121 341 1192 σχῆμα,
383 1123 443 1175 ἐν
504 1124 562 1177 δὲ
619 1127 741 1190 ταῖς
783 1129 1008 1199 μυρίαις
1060 1129 1288 1194 ταύταις
1348 1131 1708 1201 μεταϐολαῖς,

121 1214 386 1280 πολλάκις
416 1216 517 1287 τῆς
557 1217 771 1288 ἡμέρας
804 1221 940 1292 (56),
977 1223 1024 1275 oi
1069 1222 1178 1276 τῶν
1224 1223 1514 1295 βασιλικῶν
1560 1227 1711 1294 γενέ-

119 1321 258 1360 σεων
323 1308 715 1362 ἀποτελοῦνται
771 1315 1183 1384 σχηματισμοὶ·
1240 1315 1330 1370 διὰ
1383 1318 1436 1371 τί
1474 1317 1574 1370 οὐκ
1621 1319 1709 1388 ἐφ’

117 1399 356 1469 ἑκάστης
403 1401 618 1472 ἡμέρας
654 1403 953 1470 γεννῶνται
1000 1405 1269 1475 βασιλεῖςς
1308 1409 1340 1480 ἢ
1371 1409 1459 1463 διὰ
1491 1411 1542 1463 τί
1571 1411 1707 1476 ὅλως

117 1495 385 1563 πατρικαὶ
421 1498 551 1565 παρ’
591 1496 778 1559 αὐτοῖς
816 1501 923 1552 είσι
970 1500 1248 1570 βασιλείας
1295 1504 1578 1575 διαδοχαί;
1628 1507 1704 1558 Οὐ

115 1583 284 1655 δήπου
337 1587 446 1659 γάρ
478 1588 708 1652 ἕκαστος
755 1589 865 1644 τῶν
916 1592 1183 1662 βασιλέων
1243 1599 1708 1668 παρατετηρημέ-

115 1693 222 1740 νως
254 1679 364 1748 (57)
413 1681 495 1744 είς
536 1680 596 1732 τὸ
640 1681 918 1750 βασιλικὸν
949 1685 1058 1738 τῶν
1099 1687 1344 1758 ἀστέρων
1376 1690 1560 1761 σχῆμα
1611 1689 1704 1744 τοῦ

117 1770 250 1824 ἰδίου
277 1771 392 1825 υἱοῦ
418 1773 514 1844 τὴν
544 1776 758 1843 γένεσιν
790 1778 1101 1850 ἑναρμόζει.
1135 1782 1230 1843 Τίς
1263 1780 1371 1849 γὰρ
1402 1781 1706 1854 ἀνθρώπων

113 1859 304 1932 κύριος
353 1862 447 1915 τοῦ
484 1865 761 1931 τοιούτου;
802 1867 928 1931 Πῶς
969 1865 1063 1922 οὖν
1103 1868 1280 1933 Ὀζίας
1331 1870 1588 1940 ἐγέννησε
1618 1871 1709 1924 τὸν

127 1954 394 2026 Ἰωάθαμ;
439 1957 677 2029 Ἰωάθαμ
715 1959 804 2012 τὸν
835 1959 1012 2031 Ἀχαζ
1031 1980 1042 2022 ;
1074 1960 1250 2031 Ἀχαζ
1283 1961 1396 2032 (58)
1443 1963 1536 2016 τὸν
1565 1963 1712 2028 Ἐζε-

119 2046 282 2112 κίαν;
320 2047 414 2100 καὶ
459 2049 634 2114 οὐδεὶς
667 2053 726 2104 ἐν
757 2052 966 2116 τούτοις
1009 2053 1226 2125 δουλικῇ
1269 2055 1559 2125 συνέτυχεν
1592 2055 1712 2128 ὥρᾳ

109 2141 409 2212 γενέσεως;
433 2143 665 2197 Ἔπειτα
685 2147 732 2198 εί
754 2145 977 2200 καὶτῶν
1004 2147 1145 2200 κατά
1167 2147 1367 2202 κακίαν
1389 2149 1483 2202 καὶ
1505 2149 1710 2221 ἀρετὴν

113 2231 514 2303 ἐνεργημάτων
559 2235 660 2288 ούκ
697 2237 762 2290 ἐκ
798 2236 894 2289 τοῦ
942 2238 1028 2306 ἐφ’
1055 2240 1190 2308 ἡμῖν
1241 2239 1380 2291 εἰσιν
1414 2241 1471 2292 αἱ
1505 2240 1706 2311 ἀρχαὶ,

109 2324 227 2378 ἀλλ’
273 2327 340 2378 ἐκ
389 2326 492 2396 τῆς
525 2327 793 2395 γενέσεως
836 2329 893 2382 αἱ
939 2329 1198 2398 ἀνάγκαι,
1241 2331 1484 2402 περιττοὶ
1521 2330 1621 2400 μὲν
1658 2332 1708 2383 οἱ

107 2418 422 2490 νομοθέται,
462 2419 531 2473 τὰ
583 2421 836 2492 πρακτέα
875 2425 1008 2494 ἡμῖν
1044 2423 1140 2477 καὶ
1182 2422 1252 2476 τὰ
1295 2423 1506 2493 φευκτά
1545 2423 1710 2494 διορί-

109 2509 299 2574 ζοντες
354 2511 506 2582 (59),
544 2513 792 2584 περιττοὶ
839 2514 896 2566 δὲ
945 2515 1041 2568 καὶ
1084 2517 1134 2568 οἱ
1187 2515 1467 2582 δικασταὶ,
1509 2517 1708 2588 ἀρετὴν

108 2603 410 2673 τιμῶντες,
469 2606 562 2658 καὶ
615 2605 882 2678 πονηρίαν
932 2607 1273 2672 κολάζοντες.
1321 2609 1394 2662 Ού
1451 2607 1560 2680 γὰρ
1613 2608 1706 2662 τοῦ

107 2694 344 2748 κλέπτου
383 2696 445 2748 τὸ
489 2697 755 2770 ἀδίκημα.
808 2700 930 2752 ούδὲ
977 2698 1072 2752 τοῦ
1108 2701 1350 2770 φονέως·
1388 2695 1432 2768 ᾧ
1475 2719 1538 2770 γε
1585 2702 1706 2755 οὐδὲ

109 2785 426 2859 βουλομένῳ
474 2788 700 2842 δυνατὸν
739 2784 806 2860 ἦν
852 2792 1076 2860 κρατεῖν
1125 2791 1224 2862 τῆς
1277 2791 1458 2862 χειρὸς
1507 2790 1597 2844 διὰ
1645 2790 1706 2844 τὸ

104 2880 516 2952 άναπόδραστον
546 2882 648 2952 τῆς
685 2882 780 2935 ἐπὶ
826 2881 927 2945 τὰς
960 2883 1190 2954 πράξεις
1233 2883 1398 2936 αὐτὸν
1455 2899 1706 2936 κατεπει-

105 2972 314 3043 γούσης
339 2973 601 3042 ἀνάγκης.
629 2975 996 3028 Ματαιότατοι
1025 2974 1083 3027 δὲ
1115 2974 1334 3028 πάντων
1365 2973 1461 3027 κα).
1494 2976 1543 3028 οἱ
1573 2973 1706 3046 περὶ

103 3061 206 3125 τὰς
234 3061 431 3133 τέχνας
466 3063 822 3134 πονούμενοι·
859 3063 975 3116 ἀλλ’
1001 3062 1290 3135 εύθηνήσει
1331 3064 1430 3134 μὲν
1457 3064 1485 3116 ὁ
1527 3080 1702 3135 γεωρ-

1819 587 1960 636 eam,
1992 574 2122 642 quia
2183 575 2236 628 in
2295 576 2396 630 hoc
2447 576 2566 632 loco
2611 587 2740 640 stat,
2775 587 2848 644 et,
2883 583 3138 649 quoniam
3187 587 3256 640 ab
3302 589 3404 642 hac

1817 663 2174 733 conspicitur,
2209 667 2418 722 idcirco
2465 684 2584 723 eam
2631 673 2744 726 ﬁeri
2783 673 3080 730 maleﬁcam
3119 695 3134 730 :
3166 691 3222 734 et
3253 695 3402 732 eam-

1817 755 1936 811 dem
1965 772 2024 810 ru
2034 773 2174 822 rsus,
2192 769 2472 830 postquam
2491 763 2766 832 paululum
2785 765 3137 824 declinaverit
3159 786 3188 824 a
3206 773 3398 843 ﬁgura.

1816 863 1928 902 suae
1988 850 2238 918 protinus
2295 853 2538 908 oblivisci
2595 855 2988 926 malignitatis?
3039 860 3218 931 Atque
3283 865 3399 918 haec

1815 940 2030 1006 quidem
2066 940 2348 997 hactenus.
2372 943 2427 998 Si
2453 960 2579 1000 vero
2607 946 2838 1018 singulis
2867 951 3128 1020 temporis
3156 967 3398 1008 momen-

1817 1029 1886 1084 tis
1913 1029 2081 1085 stellze
2113 1030 2166 1086 in
2203 1033 2362 1087 aliam
2391 1047 2553 1105 atque
2579 1037 2739 1092 aliam
2786 1049 3218 1099 transmutantur
3259 1047 3396 1116 ﬁgu-

1817 1133 1954 1186 ram,
1985 1121 2027 1174 si
2061 1120 2116 1174 in
2145 1121 2232 1176 his
2268 1123 2565 1181 innumeris
2597 1131 3119 1188 commutationibus
3155 1148 3296 1204 saepe
3343 1137 3394 1190 in

1815 1209 1902 1264 die
1933 1211 2206 1281 regiarum
2241 1216 2582 1271 nativitatum
2620 1219 2976 1288 ﬁgurationes
3009 1224 3394 1296 perﬁciuntur;

1815 1317 1912 1356 cur
1955 1304 2182 1374 singulis
2225 1307 2414 1362 diebus
2454 1323 2559 1362 non
2611 1322 2912 1366 nascuntur
2954 1317 3148 1386 reges?
3176 1328 3270 1374 aut
3300 1335 3398 1375 cur

1813 1395 2034 1450 omnino
2097 1399 2250 1466 regni
2305 1401 2680 1456 successiones
2749 1413 2989 1473 paternae
3042 1408 3186 1477 apud
3251 1411 3398 1480 ipsos

1814 1487 1976 1540 sunt?
2007 1485 2193 1556 Neque
2242 1491 2386 1545 enim
2444 1507 2535 1547 rex
2583 1493 2810 1561 quilibet
2859 1497 3150 1568 diligenter
3190 1501 3257 1556 ad
3307 1519 3396 1558 re-

1814 1579 1957 1645 giam
1984 1580 2264 1636 stellarqu
2293 1582 2540 1653 ﬁguram,
2563 1585 2766 1642 lilii-sui
2795 1599 2974 1645 ortum
2997 1597 3392 1652 accommodat.

1813 1669 1947 1736 Quis
1973 1672 2116 1726 enim
2158 1675 2466 1729 mortalium
2499 1675 2618 1732 talis
2644 1679 2724 1734 rei
2757 1681 3008 1737 dominus
3042 1699 3164 1740 esse
3191 1685 3397 1755 possit?

1813 1763 2094 1829 Quomodo
2111 1780 2238 1836 ergo
2257 1765 2418 1824 Ozias
2431 1771 2614 1837 genuit
2629 1769 2904 1840 .ioatham,
2921 1774 3171 1831 Joatham
3187 1778 3392 1848 Actias,

1811 1856 1993 1911 Achas
2024 1857 2334 1922 Ezechiam,
2363 1873 2418 1915 et
2445 1861 2625 1918 nullus
2655 1879 2720 1918 ex
2752 1865 2836 1920 his
2859 1868 3112 1923 servilem
3143 1873 3397 1928 nativita-

1813 1947 1882 2001 tis
1908 1947 2098 2001 horam
2125 1963 2316 2004 nactus
2341 1951 2460 2004 est?
2489 1949 2780 2022 Praeterea,
2805 1957 2850 2012 si
2883 1958 3140 2014 vitiorum
3159 1973 3256 2017 aut
3282 1965 3390 2018 vir-

1797 2046 1984 2092 tutum
2013 2039 2278 2109 principia
2309 2057 2417 2096 non
2447 2055 2573 2098 sunt
2617 2047 2668 2100 in
2695 2047 2850 2104 nobis
2875 2050 3002 2116 sita,
3025 2051 3122 2107 sed
3155 2064 3282 2109 sunt
3303 2071 3397 2110 ne-

1811 2130 2099 2186 cessitates
2130 2131 2200 2186 ab
2241 2143 2364 2188 ortu
2407 2136 2740 2205 pendentes;
2771 2139 2988 2196 inutiles
3021 2153 3149 2198 sunt
3181 2144 3398 2214 legisla-

1811 2229 1977 2290 tores,
2011 2223 2102 2292 qui
2150 2225 2304 2282 nobis
2345 2229 2550 2296 agenda
2601 2244 2665 2285 ac
2705 2231 2961 2302 fugienda
3001 2238 3393 2305 przescribunt;

1811 2314 2032 2372 inutiles
2080 2331 2295 2386 quoque
2325 2317 2555 2387 iudices,
2597 2322 2690 2392 qui
2719 2323 2975 2380 virtutem
3019 2326 3245 2395 honore,
3289 2329 3391 2402 .57

1809 2406 1999 2461 vitium
2023 2411 2202 2478 pretiis
2236 2409 2496 2472 alliciunt.
2521 2411 2640 2468 Non
2668 2416 2813 2470 enim
2843 2415 2979 2473 furis
3004 2429 3088 2474 est
3113 2420 3391 2490 iniquitas.

1809 2505 1986 2570 neque
2017 2502 2334 2572 homicidar;
2363 2506 2453 2574 qui
2477 2523 2544 2561 ne
2571 2507 2757 2564 volens
2779 2510 2996 2578 quidem
3029 2521 3243 2582 poterat
3274 2531 3392 2569 ma-

1808 2606 1938 2645 num
2003 2593 2322 2659 continere,
2392 2597 2462 2652 ob
2532 2597 2938 2656 ineluctabilem
3011 2604 3390 2660 necessitatem

1808 2682 1982 2752 ipsum
2028 2687 2096 2740 ad
2143 2689 2410 2756 agendum
2455 2690 2846 2760 impellentem.
2883 2694 3176 2750 Vanissimi
3210 2709 3388 2753 autem

1807 2775 2050 2829 omnium
2100 2786 2230 2831 sunt
2265 2778 2358 2846 qui
2394 2789 2543 2836 artes
2576 2783 2876 2838 excolunt:
2912 2785 3110 2854 quippe
3147 2785 3390 2858 frugibus

1807 2865 2106 2921 abundabit
2149 2869 2408 2938 agricola,
2445 2872 2658 2928 tametsi
2704 2889 2882 2943 neque
2923 2875 3131 2930 semina
3175 2878 3231 2934 in
3279 2889 3387 2934 ter-

1807 2974 1924 3013 ram
1968 2961 2208 3030 dejiciat,
2245 2978 2418 3034 neque
2465 2964 2659 3032 falcem
2707 2979 2956 3024 exacuat.
2999 2969 3268 3026 Mercator
3305 2972 3388 3027 iti-

1806 3052 1952 3121 dem,
2001 3054 2153 3119 velit,
2187 3057 2343 3122 nolit,
2390 3071 2554 3128 supra
2607 3061 2823 3115 modum
2878 3063 3128 3128 ditescet,
3177 3063 3290 3120 fato
3341 3067 3390 3120 ei

103 3155 238 3223 γὺς,
276 3157 415 3226 μήτε
471 3155 762 3227 σπέρματα
817 3156 1188 3224 καταϐάλλων,
1237 3157 1376 3228 μήτε
1425 3157 1699 3229 δρεπάνην

1813 3159 1936 3214 opes
1985 3160 2366 3205 coacervante.
2417 3150 2624 3222 Magna:
2682 3164 2862 3210 autem
2907 3156 3010 3212 illa!
3047 3157 3389 3214 Christiano-

105 3245 452 3319 θηξάμενος’
497 3248 936 3320 ὑπερπλουτήσει
968 3249 1025 3302 δὲ
1062 3251 1090 3302 ὁ
1131 3249 1392 3321 ἔμπορος,
1429 3248 1530 3302 κᾶν
1577 3249 1700 3316 βού-

105 3338 302 3410 ληται,
353 3339 455 3392 κᾶν
505 3341 616 3411 μὴ,
661 3341 762 3412 τῆς
807 3343 1149 3413 εἱμαρμένης
1198 3341 1349 3412 αύτῷ
1416 3341 1700 3414 συναθροι-

107 3428 311 3500 ζούσης
338 3431 408 3483 τά
433 3433 712 3502 χρήματα.
743 3433 810 3485 Αἱ
845 3433 904 3486 δὲ
941 3433 1176 3504 μεγάλαι
1217 3433 1326 3488 τῶν
1357 3436 1698 3505 Χριστιανῶν

105 3521 322 3586 ἐλπίδες
356 3521 582 3594 φροῦδαι
613 3523 723 3595 (40)
767 3527 900 3596 ἡμῖν
933 3527 1274 3597 οἰχήσονται,
1319 3525 1444 3580 οὔτε
1489 3528 1698 3582 δικαιο-

105 3615 278 3686 σύνης
309 3616 651 3686 τιμωμένης,
683 3615 806 3670 οὕτε
857 3619 1330 3690 κατακρινομένης
1377 3620 1476 3689 τῆς
1515 3621 1698 3692 ἀμαρ-

103 3709 250 3774 τίας,
274 3708 363 3762 διὰ
389 3708 451 3761 τὸ
486 3709 654 3780 μηδὲν
694 3710 836 3763 κατά
868 3711 1188 3782 προαίρεσιν
1222 3712 1328 3765 ὑπὸ
1359 3712 1467 3766 τῶν
1496 3713 1700 3785 ἀνθρώ-

105 3817 230 3852 πων
274 3800 663 3855 ἐπιτελεῖσθαι.
706 3802 882 3864 Ὅπου
937 3802 1045 3874 γάρ
1092 3803 1305 3875 ἀνάγκη
1357 3805 1452 3857 καὶ
1497 3807 1697 3876 εἱμαρ-

107 3897 249 3964 μένη
285 3895 497 3965 κρατεῖ,
535 3894 790 3966 οὐδεμίαν
823 3895 935 3966 ἔχει
984 3895 1166 3968 χώραν
1202 3897 1263 3949 τὺ
1291 3897 1430 3968 πρὸς
1463 3897 1640 3964 ἀξίαν,
1671 3897 1700 3950 ὃ

103 3985 210 4055 τῆς
264 3986 662 4059 δικαιοκρισίας
724 3987 1004 4058 ἐξαίρετόν
1061 3989 1198 4040 ἐστι.
1245 3989 1356 4042 Καὶ
1407 3990 1544 4059 πρὸς
1598 3991 1698 4060 μὲν

103 4078 354 4142 ἐκείνους
383 4078 478 4132 ἐπὶ
502 4077 774 4133 τοσοῦτον.
800 4078 936 4133 Οὔτε
962 4081 1071 4152 γὰρ
1105 4080 1265 4150 ὑμεῖς
1301 4079 1561 4134 πλειόνων
1589 4081 1699 4134 δεῖς

105 4169 202 4223 σθε
231 4170 343 4240 (4-1)
366 4170 538 4240 λόγων
571 4174 702 4244 παρ’
727 4171 938 4226 ἑαυτῶν
959 4171 1318 4240 ὑγιαίνοντες,
1351 4171 1380 4224 ὃ
1409 4189 1468 4226 τε
1506 4172 1698 4244 καιρὸς

99 4261 210 4314 οὐκ
248 4260 492 4314 ἐνδίδωσι
525 4263 672 4333 πέρα
703 4261 797 4315 τοῦ
834 4261 1036 4333 μέτρου
1068 4261 1205 4332 πρὸς
1241 4259 1441 4324 αὐτοὺς
1475 4261 1696 4315 ἀποτεί-

101 4353 314 4408 νεσθαι.

174 4445 234 4500 8.
275 4445 423 4515 Πρὸς
449 4445 508 4498 δὲ
539 4445 610 4500 τὰ
647 4445 774 4516 ἑξῆς
802 4445 912 4498 τῶν
946 4442 1206 4515 ῥημάτων
1237 4439 1348 4512 (42)
1389 4440 1698 4494 ἐπανέλθω-

1806 3250 1926 3289 rum
1959 3251 2084 3306 spes
2117 3252 2510 3297 evanescentes
2542 3243 2794 3300 excident
2837 3247 3014 3310 nobis,
3057 3263 3178 3304 eum
3213 3265 3386 3320 neque

1798 3325 2008 3396 iustitia
2064 3331 2360 3387 honoribus
2415 3333 2536 3389 ullis
2589 3334 2878 3402 afﬁciatur,
2904 3353 3080 3409 neque
3133 3343 3385 3412 puniatur

1803 3429 2118 3490 peccatum,
2168 3432 2456 3494 prepterea
2505 3429 2648 3498 quod
2691 3429 2824 3484 nihil
2861 3429 2931 3485 ab
2966 3432 3275 3490 hominibus
3325 3435 3385 3488 li-

1802 3511 1936 3566 bero
1984 3513 2152 3566 animi
2192 3516 2473 3584 proposito
2521 3529 2733 3588 agatur.
2771 3520 2908 3574 Nam
2949 3523 3040 3577 ubi
3088 3527 3388 3581 necessitas

1803 3612 1858 3658 et
1895 3602 2064 3658 fatum
2105 3604 2438 3673 dominatur,
2475 3609 2548 3664 ibi
2594 3611 2878 3680 dignitatis
2913 3614 3203 3684 meritique
3246 3617 3386 3670 ratio

1803 3695 2012 3752 nullum
2059 3696 2235 3767 locum
2289 3701 2452 3754 habet
2492 3719 2506 3754 :
2549 3701 2604 3756 id
2643 3703 2786 3772 quod
2837 3713 3016 3758 tamen
3055 3707 3384 3774 prmcipuum

1797 3786 1928 3855 jns‘ti
1968 3789 2154 3857 judicii
2191 3789 2597 3846 fundamentum
2631 3804 2739 3848 est.
2771 3793 2838 3849 Et
2866 3795 3082 3863 quidem
3127 3797 3385 3852 adversus

1802 3880 1924 3936 illos
1970 3881 2270 3950 hucusque.
2303 3881 2492 3954 Neque
2518 3887 2662 3941 enim
2702 3888 2882 3943 verbis
2925 3889 3172 3958 pluribus
3211 3897 3385 3964 egetis

1801 3987 1919 4037 vos,
1951 3973 2043 4044 qui
2095 3975 2308 4030 scilicet
2354 3991 2385 4032 a
2427 3978 2580 4034 vobis
2625 3979 2759 4050 ipsis
2804 3997 2950 4044 sanae
2991 3987 3188 4040 mentis
3217 3988 3380 4043 sitis:

1801 4083 1978 4136 neque
2003 4078 2218 4139 tempus
2246 4069 2386 4126 ultra
2419 4071 2634 4128 modum
2669 4074 2930 4132 adversus
2956 4091 3051 4133 eos
3081 4078 3257 4134 invehi
3286 4095 3384 4135 nos

1800 4165 1950 4221 sinit.

1874 4439 1928 4496 8.
1957 4437 2074 4494 Jam
2119 4440 2186 4496 si
2233 4443 2394 4498 verba
2447 4445 2832 4514 consequentia
2882 4447 3184 4502 redeamus.
3238 4449 3383 4507 Sim,

105 4555 230 4607 μεν.
263 4539 600 4604 Ἔστωσαν,
642 4515 830 4610 φησὶν,
878 4540 967 4604 είς
1005 4535 1244 4605 σημεῖα,
1297 4534 1394 4588 καὶ
1443 4537 1530 4598 είς
1562 4551 1692 4588 και-

1813 4533 2002 4604 inquit,
2042 4535 2100 4588 in
2147 4537 2322 4604 signa,
2369 4545 2418 4590 et
2470 4536 2526 4590 in
2579 4542 2836 4606 tempora,
2873 4547 2924 4590 et
2969 4541 3024 4592 in
3061 4543 3192 4604 dies,
3224 4551 3270 4594 et
3327 4542 3382 4592 in

91 4629 274 4698 ροὺς,
301 4631 402 4684 καὶ
431 4633 515 4696 είς
555 4631 802 4699 ἡμέρας,
833 4629 934 4684 καὶ
967 4631 1054 4694 εὶς
1091 4627 1423 4692 ἐνιαυτούς.
1463 4626 1692 4696 Εἴρηται

104 4723 238 4793 ἡμῖν
281 4721 350 4776 τὰ
399 4725 528 4790 περὶ
570 4723 677 4777 τῶν
711 4721 975 4794 σημείων.
1023 4719 1264 4790 Καιροὺς
1306 4718 1362 4771 δέ
1409 4717 1692 4790 ἡγούμεθα

99 4813 285 4884 λέγειν
339 4815 439 4879 τὰς
495 4815 602 4868 τῶν
646 4814 806 4886 ὡρῶν
854 4812 1187 4881 ἐναλλαγάς,
1242 4809 1546 4880 χειμῶνος,
1599 4811 1692 4863 καὶ

97 4905 303 4978 ἔαρος,
356 4907 450 4962 καί
496 4907 719 4979 θέρους,
764 4907 858 4960 καὶ
913 4903 1270 4976 μετοπώρου·
1306 4903 1371 4968 ἃς
1422 4903 1700 4970 εὐτάκτως

169 5075 222 5106 ⁸⁸
249 5071 390 5128 Gen.
431 5087 467 5138 t,
507 5071 594 5124 M.

169 5183 292 5260 (55)
331 5186 408 5260 ita
440 5195 671 5256 quatuor
720 5199 852 5240 mss.
897 5181 1038 5237 Editi
1086 5195 1212 5236 vero
1252 5181 1455 5250 ἀγαθὸν
1505 5182 1686 5254 ὑπάρ-

97 5257 458 5335 iuvantibus
495 5265 698 5335 rectea
963 5322 975 5335 ο
1137 5321 1160 5333 _
1234 5323 1247 5335 .
1318 5321 1330 5335 Ι
1620 5323 1632 5335 _

119 5321 132 5334 ⁸
172 5321 553 5404 (@6)_C_od_iees
577 5334 810 5404 quatuor
841 5322 1075 5404 ποσάκις
1103 5321 1202 5404 τῆς
1224 5321 1459 5404 ἡμέρας,
1487 5323 1686 5391 quoties

95 5399 154 5452 in
180 5393 323 5454 die?
353 5397 492 5450 Editi
533 5398 723 5450 saltem
751 5411 873 5450 cum
913 5393 1048 5463 Reg.
1077 5403 1269 5446 octavo
1296 5395 1514 5461 optima:
1549 5404 1688 5448 notat

97 5469 492 5548 m-XBé‘th‘1ﬁ5
520 5467 752 5548 ἡμέρας.
1188 5532 1198 5548 ,
1371 5529 1411 5548 ._.

170 5541 288 5615 (57)
345 5529 574 5592 Codices
616 5529 721 5590 duo
771 5532 1313 5615 παρατετηρημένον.
1371 5529 1523 5609 Editi~
1557 5546 1685 5615 eum

97 5602 224 5664 aliis
257 5602 390 5680 tnss.
419 5602 981 5680 napatecqpnpsvwg_._
1003 5603 1124 5680 Mox
1154 5619 1248 5657 sex
1273 5617 1402 5656 mss.
1431 5602 1525 5654 τοῦ
1556 5602 1685 5654 ἰδίου

95 5679 245 5734 υἱοῦ.
275 5677 622 5732 Desideratur
657 5679 787 5730 ἰδίου
823 5678 873 5730 in
900 5677 1082 5729 editis.

173 5747 289 5816 (58)
343 5749 492 5802 Coll).
553 5750 822 5803 secundus
874 5743 1230 5816 Ἷωάθαμῌδέ
1283 5741 1546 5816 ἐγέννησε
1595 5743 1685 5795 τὸν

1282 5812 1304 5827 κ

103 5812 308 5891 Ἀχαζ.
349 5819 525 5889 Ἀχαζ
548 5819 624 5871 δέ.
661 5819 792 5888 Reg.
819 5830 1004 5874 seXtus
1027 5812 1246 5869 Ἰωάθαν
1278 5812 1334 5866 δὲ
1361 5812 1468 5865 τόν.

1801 4643 1968 4681 annos
1998 4627 2065 4681 ⁸⁵.
2103 4627 2314 4682 Dictum
2361 4638 2448 4682 est
2502 4644 2531 4681 a
2577 4629 2734 4684 nobis
2780 4629 2846 4684 de
2889 4631 3078 4700 signis.
3115 4630 3378 4700 Tempora

1801 4733 1978 4776 autem
2009 4733 2262 4792 putamus
2287 4723 2391 4776 dici
2428 4723 2572 4792 ipsas
2612 4733 2990 4792 tempestatum
3025 4727 3378 4791 mutationes,

1803 4813 2016 4880 hiemis,
2055 4815 2218 4878 veris,
2256 4814 2458 4868 aestatis
2505 4824 2562 4868 et
2613 4816 2852 4867 atttnmni
2884 4833 2897 4869 :
2931 4816 3124 4885 quibus
3159 4815 3378 4872 ordina-

1812 4917 1898 4962 tus
1931 4906 2274 4960 luminarium
2327 4917 2503 4960 mutus
2549 4907 2758 4970 tribuit,
2787 4918 2842 4960 ut
2891 4923 2986 4962 nos
3024 4909 3270 4963 ordinate
3298 4907 3378 4961 lu-

1869 5183 1980 5252 (59)
2002 5181 2154 5254 Cnlb.
2181 5183 2450 5254 secundus
2471 5185 2738 5252 φευκταῖα
2760 5183 2893 5254 διορ.
2923 5183 3036 5236 Mox
3067 5185 3196 5252 Reg.
3219 5201 3348 5254 (lllltt

1799 5265 1883 5309 tus
1913 5257 1962 5324 οἱ
1993 5253 2323 5318 δικάζοντες.
2365 5252 2499 5324 Reg.
2533 5263 2719 5312 sextus
2753 5252 3020 5324 τιμῶνΑ-ες
3049 5255 3144 5316 καὶ
3177 5252 3378 5313 κακίαν

1795 5323 2131 5388 κολάζοντες.

1868 5395 1980 5466 (40)
2023 5392 2511 5466 Codicesqttinqne
2541 5391 2752 5466 ἐλπίδες
2793 5395 3038 5465 φροῦδαι.
3077 5395 3216 5464 Editi
3250 5413 3372 5452 cum

1799 5462 1927 5538 Reg.
1961 5462 2171 5538 'octavo
2223 5462 2434 5538 ἐλπίδες
2469 5463 2720 5538 ρροῦδοι.
2775 5462 2882 5519 hec
2931 5469 3002 5520 itii
3055 5462 3223 5520 multo
3257 5479 3378 5538 post

1800 5532 1947 5606 Bodl.
1964 5535 2001 5606 ίό
2024 5537 2118 5606 τῆς
2151 5533 2364 5606 δικαίας
2388 5532 2638 5606 κρίσεως.

1869 5605 1979 5678 (si)
2020 5603 2130 5678 l_.)uo
2153 5620 2282 5678 mss.
2309 5603 2532 5678 ἐδεῖσθε.

1868 5674 1978 5741 (4‘2)
2010 5675 2190 5727 Cortex
2225 5674 2622 5748 antithetﬁgﬁ;
2651 5675 2759 5728 τῶν
2792 5678 2990 5748 ῥητῶν.
3025 5678 3156 5748 Reg.
3191 5691 3377 5734 sextus

1796 5745 1920 5816 ἑξῆς
1954 5745 2043 5798 τοῦ
2075 5745 2233 5814 λόγου
2258 5743 2661 5815 ἐπανέλθωμεν.
