3850 6218
307 326 414 386 107

1650 323 1709 379 s.
1752 303 1994 378 BASlLH
2032 321 2252 378 manu

3481 323 3591 382 5'08

306 446 552 506 ﬂuctum
598 444 822 527 quidem
872 446 1081 509 nullum
1134 454 1323 516 aperte
1361 445 1556 500 aﬂ'erre
1601 446 1890 510 videntur;

1999 445 2211 515 καρπὸν
2268 443 2603 516 μέν”οὑδένα
2643 447 2792 501 δοκεῖ
2841 448 3028 522 φέρειν
3070 448 3136 503 ὲκ
3166 448 3259 502 τοῦ
3294 448 3588 520 προδήλου,

305 537 428 596 hac
469 549 647 594 tamen
692 539 738 594 si
783 539 906 608 quis
955 537 1245 608 diligenter
1283 538 1623 607 expenderit,
1657 537 1898 606 singulas

308 631 445 689 istas
479 634 704 696 arbores
749 645 932 687 semen
985 631 1188 686 habere
1239 632 1556 700 eomperiet.
1605 629 1896 685 Enimvero

306 740 538 794 granum
589 723 720 778 illud
759 724 902 792 quod
953 723 1082 778 folio
1139 724 1444 792 subjectum
1496 731 1599 787 est,
1645 723 1897 792 quodque

306 815 552 875 nonnulli
587 815 640 868 in
673 814 983 878 nominibus
1007 815 1382 881 contingendis
1424 827 1648 890 operam
1693 827 1896 866 navan-

312 915 423 980 tes,
450 908 686 962 mischon
714 908 1009 980 appellant,
1040 909 1146 963 vim
1185 908 1412 963 seminis
1441 916 1604 976 atque
1633 906 1890 958 virtutem

309 999 537 1061 obtinet.
569 997 919 1067 Qumcunqtte
944 999 1088 1052 enim
1116 1014 1144 1056 a
1177 999 1347 1052 ramis
1375 997 1550 1052 solent
1585 997 1740 1062 oriri,
1773 997 1896 1051 inde

307 1099 372 1152 ut
399 1089 690 1162 plurimum
727 1091 941 1144 radices
973 1091 1248 1146 emittunt.
1295 1090 1571 1146 Fortassis
1601 1097 1782 1142 autem
1809 1102 1897 1142 se-

311 1180 476 1244 minis
503 1181 768 1236 rationem
806 1182 1030 1246 habent,
1052 1191 1104 1235 et
1135 1183 1234 1246 ipsi
1263 1182 1354 1253 qui
1382 1197 1448 1236 ex
1473 1181 1746 1236 radicibus
1778 1179 1896 1248 pul-

309 1269 483 1337 lulant
512 1272 715 1331 surculi
747 1289 760 1325 :
787 1287 925 1342 quos
955 1274 1078 1328 dtttn
1106 1274 1345 1329 avellunt
1375 1273 1685 1346 plantarum
1721 1273 1897 1326 culto-

307 1377 421 1430 res,
455 1378 624 1440 genus
669 1378 856 1417 earum
912 1363 1297 1433 multiplicant.
1347 1363 1507 1419 Prius
1557 1375 1760 1432 tamen,
1817 1366 1893 1419 uti

309 1453 580 1526 diximus,
609 1468 688 1513 ea:
719 1455 943 1509 arbores
967 1465 1282 1509 memoratae
1314 1465 1460 1522 sunt,
1493 1472 1616 1527 qua:
1649 1467 1890 1513 nostram

308 1549 478 1600 vitam
511 1548 682 1617 magis
710 1557 1057 1614 conservant,
1088 1563 1317 1617 quaeque
1355 1550 1596 1620 propriis
1627 1537 1895 1605 fructibtis

311 1640 589 1700 hominem
635 1638 926 1703 donantes,
979 1637 1314 1693 luculentum
1369 1639 1447 1694 illi
1499 1641 1703 1694 victum
1739 1648 1895 1695 erant

308 1729 766 1798 suppeditatum:
797 1729 922 1784 vitis
950 1730 1188 1798 quidem,
1209 1741 1530 1801 generatura
1549 1731 1760 1795 vinum,
1786 1746 1898 1800 quo.

309 1830 433 1879 erat
459 1835 556 1876 cor
586 1820 820 1886 hominis
860 1821 1239 1877 laetiﬁcandum
1268 1841 1287 1887 :_
1305 1822 1426 1878 olea
1455 1837 1610 1894 vero,
1636 1839 1758 1878 cum
1798 1825 1890 1892 qui
1924 1795 1968 1856 Β

309 1913 518 1967 vultum
559 1913 614 1968 in
649 1910 772 1968 oleo
802 1914 1109 1968 exhilarare
1139 1922 1334 1982 potest,
1363 1912 1600 1967 fructum
1633 1912 1892 1975 allatura.

309 2005 455 2074 Quot
497 2004 826 2062 festinanter
872 2007 927 2062 in
973 2021 1141 2064 unum
1177 2017 1591 2070 concurrerunt,
1631 2007 1892 2076 producta

311 2112 339 2159 a
375 2097 594 2151 natural
649 2097 822 2151 Radix
871 2097 1020 2164 vitis,
1065 2097 1317 2166 palmites
1353 2095 1708 2151 orbiculatim
1750 2095 1897 2150 vire-

310 2197 546 2253 scentes,
605 2188 872 2264 valdeque
925 2204 1090 2258 super
1146 2199 1343 2242 terram
1392 2186 1591 2252 diﬂfusi,
1650 2204 1891 2260 germen,

310 2281 609 2345 claviculae,
637 2295 738 2335 uva
773 2279 992 2343 acerba,
1025 2279 1247 2334 racemi.
1284 2277 1461 2334 Vitem
1497 2280 1541 2334 si
1589 2280 1694 2334 tuis
1725 2281 1896 2336 oculis

308 2381 518 2428 attente
542 2371 919 2441 conspexeris,
956 2371 1040 2425 vel
1075 2372 1188 2439 ipsa
1216 2380 1267 2426 te
1297 2371 1431 2426 satis
1457 2371 1522 2425 ad
1547 2381 1754 2427 naturae
1777 2387 1892 2427 me-

309 2463 545 2529 moriam
581 2471 818 2517 revocat.
857 2460 1152 2516 Meministi
1203 2461 1346 2516 enim
1389 2462 1601 2516 Domini
1642 2462 1894 2517 similitu-

311 2555 522 2620 dinem,
543 2567 648 2622 qua
682 2567 742 2608 se
791 2553 965 2620 ipsum
1012 2552 1200 2616 vitem,
1240 2561 1293 2607 et
1340 2551 1556 2606 Patrem
1598 2553 1892 2623 agricolam

315 2645 659 2714 nuncupat”
689 2661 704 2697 :
732 2658 833 2700 nos
870 2644 1000 2698 item
1035 2643 1276 2716 singulos
1307 2643 1566 2700 Ecclesiae
1609 2659 1707 2714 per
1734 2645 1892 2700 ﬁdem

311 2741 581 2804 insertos,
626 2737 876 2806 palmites
929 2737 1260 2807 appellavit,
1311 2748 1474 2807 atque
1535 2738 1602 2792 ad
1663 2739 1892 2792 multum

311 2830 552 2888 fructum
611 2830 942 2888 aﬂ'erendum
998 2831 1192 2885 invitat
1246 2833 1436 2900 nos'l‘,
1469 2846 1537 2887 ne
1584 2831 1894 2887 inutilitatis

316 2924 581 2991 damnati,
605 2925 715 2994 igni
743 2923 1058 2991 tradamur;
1096 2939 1196 2979 nec
1223 2934 1400 2980 cessat
1439 2925 1719 2980 hominum
1773 2925 1893 2978 ani-

317 3029 439 3076 mas
472 3014 674 3084 ubique
720 3015 924 3071 vitibus
955 3030 1295 3087 comparare.
1334 3015 1496 3072 Vinea
1527 3035 1770 3089 namque,
1796 3019 1882 3073 in-

2001 539 2226 609 σπέρμα
2255 539 2311 592 δὲ
2343 539 2571 593 ἕκαστον
2612 541 2815 595 τούτων
2847 543 2967 613 ἔχον
2993 542 3236 614 ἀκριϐῶς
3271 543 3335 596 ἄν
3371 561 3456 606 τις
3497 540 3590 608 ἐξ-

1997 631 2206 694 ετάζων
2240 631 2449 703 ἐξεύροι
2485 632 2616 703 (48).
2669 634 2727 686 '0
2756 634 2864 705 γάρ
2896 635 3250 706 ὑποκείμενος
3294 634 3372 705 τῷ
3401 633 3590 704 φύλλῳ

2002 721 2220 785 κόκκος,
2245 722 2303 774 ὂν
2319 725 2548 792 μίσχον
2580 725 2725 788 τινὲς
2755 725 2862 779 τῶν
2888 727 3015 798 περὶ
3042 727 3139 790 τὰς
3167 724 3598 796 όνοματοποιίαςν

1998 814 2370 883 ὲσχολακότων
2455 819 2960 890 προσαγορεύουσι,
3053 819 3213 872 τοῦτο
3272 819 3591 889 σπέρματος

1997 903 2112 974 ἔχει
2147 907 2394 977 δύναμιν.
2429 908 2567 960 Ὅσα
2617 909 2726 980 γὰρ
2773 911 2883 964 ἀπὸ
2921 910 3031 980 (49)
3081 911 3290 965 κλάδων
3337 909 3584 978 γίνεσθαι

2001 998 2264 1067 πέφυκεν,
2292 1000 2539 1053 ἐντεῦθεν
2571 1000 2646 1064 ὡς
2672 1002 2736 1054 τά
2768 1003 2935 1055 πολλὰ
2963 1003 3251 1074 προϐάλλει
3280 1004 3376 1068 τάς
3406 1005 3592 1075 ῥίζας.¹

1998 1091 2151 1161 Τάχα
2183 1091 2241 1147 δὲ
2276 1093 2587 1164 σπέρματος
2614 1096 2869 1166 ἐπέχουσι
2897 1096 3053 1164 λόγον
3085 1098 3178 1150 καὶ
3205 1099 3258 1149 αἱ
3283 1097 3390 1152 τῶν
3419 1097 3586 1170 ῥιζῶν

1999 1183 2318 1251 ἀποφύσεις,
2346 1185 2409 1248 ἃς
2434 1188 2833 1258 παρασπῶντες
2857 1190 2903 1240 οἱ
2933 1189 3225 1258 φυτοκόμοι
3255 1189 3367 1260 (50)
3400 1190 3460 1242 τὸ
3492 1189 3586 1258 γέ-

1998 1289 2087 1335 νος
2113 1273 2350 1340 αὑξουσι.
2384 1275 2654 1348 Πρότερον
2702 1279 2904 1346 μέντοι,
2947 1277 3135 1349 ὥσπερ
3177 1277 3406 1348 ἔφαμεν,
3444 1279 3585 1349 μνή-

2001 1382 2109 1434 μης
2148 1365 2354 1438 ἠξιώθη
2384 1367 2453 1419 τά
2492 1369 2925 1441 συνεκτικώτερα
2959 1371 3057 1441 τῆς
3091 1371 3234 1441 ζωῆς
3261 1373 3440 1442 ἡμῶν,
3481 1373 3592 1438 ὅσα

1999 1461 2213 1533 ἔμελλε,
2256 1465 2368 1527 τοῖς
2410 1463 2629 1526 οἰκείοις
2671 1467 2902 1534 καρποῖς
2944 1465 3034 1517 τὸν
3069 1465 3354 1536 ἄνθρωπον
3381 1465 3586 1530 δεξιού-

2001 1571 2158 1624 μενα,
2187 1555 2416 1622 ἄφθονον
2441 1555 2591 1625 αύτῷ
2621 1556 3056 1627 παρασκευάζειν
3084 1557 3181 1627 τὴν
3214 1557 3448 1610 δίαιταν⁶
3485 1558 3585 1628 ἄμ-

1997 1645 2159 1708 πελος
2185 1645 2283 1716 μὲν
2304 1641 2445 1699 οἶνον
2472 1647 2716 1716 γεννῶσα
2739 1649 3048 1719 εὐφραίνειν
3076 1648 3332 1719 μέλλοντα
3356 1649 3584 1719 καρδίαν

1997 1736 2314 1808 ἀνθρώπου·
2364 1738 2516 1790 ἐλαία
2559 1739 2616 1792 δὲ
2668 1740 2880 1810 καρπὸν
2925 1740 3270 1811 παρεχομένη
3313 1738 3584 1809 ἱλαρύνειν

1995 1828 2293 1898 δυνάμενον
2327 1830 2614 1900 πρόσωπον
2645 1833 2702 1883 ὲν
2737 1831 2920 1900 ἐλαίῳ.
2945 1831 3094 1883 Πόσα
3126 1830 3411 1901 συνέτρεχε
3442 1829 3588 1887 κατὰ

1993 1921 2190 1973 ταυτὸν
2218 1922 2567 1991 ἡπειγμένως
2586 1921 2690 1974 ὑπὸ
2718 1923 2818 1992 τῆς
2851 1923 3066 1992 φύσεως
3093 1923 3488 1994 παραγόμεναί
3516 1922 3585 1977 Ἦ

1996 2014 2121 2085 ῥίζα
2155 2016 2253 2086 τῆς
2284 2016 2558 2085 ἀμπέλου·
2596 2016 2664 2068 τὰ
2695 2015 2948 2086 κλήματα
2977 2017 3036 2068 ἐν
3057 2016 3240 2087 κύκλῳ
3269 2016 3468 2087 εὐθαλῆ
3489 2014 3596 2080 καὶ,

1998 2107 2209 2178 μεγάλα
2244 2109 2384 2179 ὑπὲρ
2416 2109 2518 2179 γῆς
2547 2108 2851 2178 κεχυμένα·
2885 2110 2913 2161 ὁ
2952 2107 3199 2178 βλαστὸς,
3239 2110 3288 2161 οἱ
3321 2108 3522 2172 ἕλικες,
3554 2110 3588 2164 ὁ

1994 2201 2197 2270 ὅμφαξ,
2241 2202 2291 2256 οἱ
2329 2200 2550 2274 βότρυες
2581 2201 2715 2271 (51).
2752 2201 2939 2271 ’Δρκεί
2965 2218 3058 2254 σου
3090 2204 3157 2272 τῇ
3191 2200 3310 2270 ὕψει
3345 2202 3442 2254 καὶ
3469 2202 3583 2274 ἀμ-

1995 2293 2156 2357 πελος
2206 2293 2442 2356 συνετῶς
2478 2293 2737 2364 ὁραθεῖσα
2767 2293 3072 2364 ὑπόμνησιν
3113 2311 3194 2347 σοι
3227 2292 3329 2363 τῆς
3367 2293 3586 2363 φύσεως

1994 2385 2311 2455 ἐμποιῆσαι.
2361 2383 2656 2454 Μέμνησαι
2688 2384 2796 2454 γὰρ
2835 2384 3077 2454 δηλονότι
3111 2385 3209 2455 τῆς
3242 2384 3338 2436 τοῦ
3371 2384 3588 2455 Κυρίου

1994 2477 2222 2540 εἰκόνος,
2272 2477 2355 2530 ὅτι
2403 2475 2647 2546 ἄμπελον
2681 2476 2871 2531 ἑαυτὸν
2904 2476 3073 2544 λέγει,
3103 2477 3197 2529 καὶ
3235 2478 3326 2530 τὸν
3359 2477 3588 2548 Πατέρα

1993 2572 2085 2625 τὸν
2118 2569 2381 2640 γεωργὸν,
2405 2569 2500 2623 καὶ
2525 2570 2651 2633 τοὺς
2677 2568 2796 2624 καθ’
2818 2569 2912 2622 ἕνα
2939 2570 2970 2639 ἡ
2980 2568 3095 2640 μῶν
3114 2567 3204 2621 διὸ.
3222 2569 3322 2640 τῆς
3347 2569 3585 2632 πίστεως

1995 2661 2516 2734 ὲμπεφυτευμένους
2541 2661 2650 2730 (52)
2685 2663 2750 2732 τῇ
2796 2661 3093 2732 Ἐκκλησία
3122 2659 3377 2731 κλήματα
3411 2676 3584 2732 προσ-

1995 2756 2288 2827 ηγόρευσεο
2339 2755 2431 2807 κα).
2467 2753 2854 2825 προσκαλεῖται
2884 2755 3030 2823 ἡμᾶς
3066 2755 3145 2817 είς
3180 2753 3586 2824 πολυκαρπίαν,

1996 2847 2082 2898 ἵνα
2119 2844 2192 2916 μὴ
2227 2844 2530 2917 ἀχρηστίαν
2563 2843 3041 2914 καταγνωσθέντες
3070 2845 3148 2916 τῷ
3181 2845 3314 2916 πυρὶ
3343 2845 3588 2916 παραδο-

1997 2936 2179 3007 θῶμεν
2203 2953 2216 2967 ·
2251 2939 2343 2990 καὶ
2366 2937 2426 2990 οὑ
2457 2937 2691 2991 παύεται
2724 2936 2998 3006 πανταχοῦ
3026 2936 3124 3000 τὰς
3147 2937 3325 3008 ψυχὰς
3351 2936 3464 2990 τῶν
3495 2939 3594 2992 ἀν-.

1999 3027 2232 3099 θρώπων
2290 3028 2400 3098 (53)
2453 3030 2572 3092 ταῖς
2619 3028 2885 3098 ἀμπέλοις
2945 3027 3227 3099 ὲξομοιῶν.
3283 3028 3592 3098 Ἅμπελὼν

311 3106 454 3175 quit,
482 3105 627 3176 facta
654 3116 728 3160 est
750 3105 938 3160 dilecto
967 3107 1019 3160 in
1050 3123 1242 3173 cornu,
1260 3108 1317 3160 in
1343 3107 1458 3162 loco
1479 3110 1664 3178 pingui
1687 3111 1768 3177 7';
1799 3119 1890 3174 et,

1999 3119 2106 3188 γὰρ
2134 3120 2388 3190 ἐγενήθη
2423 3119 2502 3185 τῷ
2534 3120 2918 3190 ἠγαπημένῳ,
2947 3121 3132 3191 φησιν,
3165 3121 3236 3174 ἐν
3271 3121 3491 3190 κέρατι,
3515 3120 3600 3174 ἐν

317 3195 541 3250 Vineam
590 3196 859 3265 piantavi,
892 3206 940 3249 et
990 3213 1161 3265 sepem
1211 3199 1626 3253 circumdedi".
1670 3201 1894 3255 Attimas

312 3288 582 3354 humanas
619 3288 778 3357 plane
806 3289 1018 3343 vineam
1062 3289 1214 3356 dicit,
1244 3304 1381 3359 quas
1429 3306 1578 3359 sepe.
1615 3294 1894 3348 mandato-

312 3400 434 3442 rum
477 3384 686 3440 scilicet
732 3383 898 3438 tutela
934 3392 989 3438 et
1032 3384 1346 3453 angelorum
1377 3386 1620 3439 custodia
1656 3386 1892 3440 circum-

311 3480 481 3538 dedit.
520 3477 775 3531 !mmittet
807 3477 944 3530 enim
987 3477 1203 3546 angelus
1240 3475 1452 3530 Domini
1479 3477 1532 3530 in
1570 3477 1796 3541 circuitu
1829 3479 1895 3531 ti-

309 3574 565 3631 mentium
585 3589 703 3626 eum
724 3571 815 3624 ⁷³⁵.
843 3570 1046 3626 Deinde
1075 3571 1262 3639 etiam,
1291 3572 1600 3627 constitutis
1631 3573 1682 3626 in
1710 3571 1896 3628 Eccle-

311 3669 395 3723 sia
434 3667 670 3737 primum
697 3665 978 3734 apostolis,
1005 3664 1244 3720 secundo
1279 3665 1580 3735 prOphetis,
1614 3667 1774 3722 tertio
1801 3667 1895 3720 do-

311 3759 637 3820 oloribus”,
673 3758 827 3826 quasi
855 3755 993 3811 valla
1023 3756 1178 3812 nobis
1204 3756 1414 3811 deﬁxit.
1445 3756 1624 3826 Atque
1647 3757 1895 3826 antiquo-

312 3870 435 3910 rum
462 3868 523 3907 ac
550 3855 831 3906 beatorum
867 3850 1106 3907 virorum
1139 3848 1404 3919 exemplis
1431 3848 1482 3902 in
1510 3849 1742 3905 sublime
1769 3864 1894 3904 eve—

311 3948 397 4007 xit
423 3955 664 4004 nostram
699 3952 959 4006 mentem,
1000 3955 1103 3996 nec
1128 3955 1249 3996 eam
1283 3943 1556 4010 prosterni
1598 3941 1771 4006 humi,
1801 3951 1894 3996 aut

313 4038 724 4095 conculcatione
772 4035 990 4106 dignam
1036 4049 1157 4089 esse
1209 4033 1360 4088 sivit.
1389 4031 1518 4087 Vult
1562 4043 1742 4094 autem
1791 4051 1893 4090 nos

313 4131 602 4187 charitatis
633 4129 970 4198 amplexibus
998 4139 1096 4182 ceu
1128 4125 1451 4193 quibusdam
1480 4125 1760 4188 claviculis
1784 4125 1896 4201 46

312 4225 622 4298 proximum
665 4228 909 4275 nostrum
949 4217 1258 4287 complecti,
1289 4231 1353 4272 ac
1400 4217 1453 4270 in
1497 4218 1629 4287 ipsis
1675 4222 1894 4289 acquie-

311 4331 495 4381 scere,
528 4324 586 4369 ut
621 4313 733 4382 jugi
781 4310 964 4380 impeti
1000 4323 1216 4364 sursum
1250 4321 1442 4362 versus
1478 4312 1890 4376 contendentes,

311 4411 489 4468 instar
533 4408 814 4460 vinearum
857 4402 1216 4474 quarumdam
1259 4401 1487 4456 arbores
1524 4405 1892 4457 conscenden-

1998 3213 2160 3279 τόπῳ
2187 3214 2350 3266 πίονι
2370 3229 2386 3245 ο
2443 3213 2555 3275 καὶ,
2622 3212 2963 3282 Ἀμπελῶνα
2990 3214 3317 3283 ἐφύτευσα,
3351 3210 3451 3268 καὶ
3489 3229 3591 3270 πε-

1990 3304 2242 3373 ριέθηκα
2275 3292 2569 3373 ᾀραγμόν.
2607 3303 2719 3367 Τὰς
2745 3304 3092 3376 ἀνθρωπίνας
3128 3307 3306 3378 ψυχάς
3342 3307 3590 3378 δηλονότι

1997 3395 2143 3464 λέγει
2172 3396 2283 3466 (Si)
2310 3395 2398 3450 τὸν
2427 3395 2743 3469 ἀμπελῶνα,
2769 3391 2858 3461 αἶς
2883 3400 3137 3470 φραγμὸν
3161 3401 3457 3472 περιέθηκε
3487 3402 3597 3474 tith

1997 3490 2065 3542 ἐκ
2105 3489 2214 3541 τῶν
2258 3489 2705 3560 προσταγμάτων
2743 3492 3043 3561 ἀσφάλειαν
3085 3495 3180 3547 καὶ⁴
3212 3493 3311 3566 τὴν
3340 3493 3592 3567 φυλακὴν

1996 3581 2104 3634 τῶν
2130 3581 2397 3651 ἀγγέλων.
2421 3583 2796 3652 Παρεμϐαλεῖ
2821 3583 2930 3655 (55)
2953 3585 3063 3654 γὰρ
3086 3584 3341 3656 ἅγγελος
3363 3589 3590 3655 Κτφίον

1997 3676 2202 3741 κύκλῳ
2240 3673 2359 3727 τῶν
2385 3673 2771 3744 φοϐουμένων
2796 3678 3001 3730 αὐτόν.
3034 3677 3265 3732 Ἔπειτα
3303 3681 3396 3733 καὶ
3420 3681 3589 3735 οἱονεὶ

1997 3765 2245 3838 χάρακας
2275 3768 2406 3837 ἡμῖν
2434 3768 2865 3840 παρακατέπηξε
2905 3769 3131 3840 θέμενος
3160 3772 3217 3823 ὲν
3242 3775 3308 3843 τῇ
3351 3773 3586 3845 Ἐκκλη-

1998 3859 2089 3930 σίᾳ
2118 3859 2334 3930 πρῶτον
2361 3858 2714 3923 ἀποστόλους,
2761 3859 3013 3931 δεύτερον
3061 3863 3366 3934 προφήτας,
3400 3864 3589 3934 τρίτον

1994 3949 2368 4014 διδασκάλους.
2425 3951 2536 4004 Καὶ
2583 3953 2696 4014 τοῖς
2739 3950 2849 4004 τῶν
2895 3952 3140 4006 παλαιῶν
3180 3955 3272 4008 καὶ
3297 3955 3588 4027 μακαρίων

1996 4043 2205 4114 ἀνδρῶν
2233 4044 2346 4117 (56)
2374 4044 2768 4115 ὑποδείγμασιν
2809 4047 2887 4109 εἰς
2912 4045 3043 4116 ὕψος
3076 4048 3234 4118 ἡμῶν
3268 4049 3485 4118 ἀνάγων
3515 4052 3588 4104 τά

1997 4135 2341 4204 φρονήματα,
2380 4135 2480 4188 οὑκ
2509 4136 2720 4205 ἀφῆκεν
2756 4137 3067 4207 ἐρριμμένα
3111 4139 3311 4209 χαμαὶ,
3358 4140 3451 4192 κα).
3487 4140 3585 4193 τοῦ

1997 4225 2285 4279 πατεῖσθαι
2315 4223 2460 4290 ἀξια.
2488 4226 2742 4279 Βούλεται
2767 4228 2824 4280 δὲ
2857 4230 3005 4298 ἡμᾶς
3029 4230 3123 4282 καὶ
3150 4231 3315 4284 οἱονεὶ
3347 4231 3483 4292 ἕλιξί
3509 4248 3591 4285 τι-
3653 4216 3668 4226 ’

1999 4333 2054 4368 σι
2085 4318 2204 4379 ταῖς
2227 4315 2586 4389 περιπλοκαῖς
2611 4318 2710 4388 τῆς
2731 4317 2952 4388 ἀγάπης
2981 4318 3089 4372 τῶν
3121 4320 3348 4391 πλησίον
3374 4321 3600 4392 ἀντέχεο,

1998 4408 2143 4474 σθαι,
2195 4407 2286 4461 καὶ
2345 4409 2794 4463 ὲπαναπαύεσθαι
2849 4412 3054 4478 αὐτοῖς,
3104 4412 3189 4477 ἵν’,
3233 4413 3320 4467 ἀεὶ
3361 4414 3499 4486 πρὸς
3523 4416 3591 4468 τὸ

311 4505 448 4562 tium
475 4542 490 4568 ,
524 4499 893 4566 nosmetipsos
944 4493 1548 4562 rerumﬁltissimarum
1601 4497 1893 4553 verticibus

1999 4497 2110 4552 ἄνω
2139 4497 2239 4569 τὴν
2263 4498 2437 4569 ὁρμὴν
2468 4498 2702 4568 ἔχοντες,
2733 4497 2844 4553 οἷόν
2873 4519 3016 4566 τινες
3046 4502 3431 4575 ἀναδενδράδες
3461 4507 3589 4570 ταῖς

309 4598 678 4663 εόωιιιιειιιιιε.
710 4591 850 4657 Quin
890 4598 946 4644 et
981 4603 1010 4642 a
1045 4586 1204 4641 nobis
1249 4586 1515 4657 exposcit,
1549 4595 1609 4641 ut
1641 4585 1767 4642 dum
1800 4589 1894 4642 de—

307 4688 571 4751 fodimur,
598 4685 982 4741 sustineamus.
1015 4677 1300 4734 Deioditur
1330 4687 1510 4733 autem
1541 4678 1743 4746 anima,
1768 4695 1891 4734 cum

308 4781 497 4842 mundi
540 4779 705 4844 curis,
738 4789 856 4846 qua:
886 4771 1144 4834 cordibus
1170 4770 1373 4828 nostris
1413 4780 1544 4828 sunt
1594 4773 1768 4842 oneri,
1804 4789 1891 4831 se-

2002 4589 2265 4659 κορυφαῖς
2311 4587 2418 4640 τῶν
2475 4589 2823 4658 ὑψηλοτάτων
2883 4591 3112 4655 ἑαυτοὺς
3166 4591 3587 4664 παρισάζωμεευ.

2014 4678 2264 4731 Ἀπαιτεῖ
2287 4676 2400 4747 (57)
2436 4676 2493 4729 δὲ
2515 4678 2666 4747 ἡμᾶς
2705 4678 2799 4731 καὶ
2835 4679 2895 4731 τὸ
2923 4679 3317 4750 καταδέχεσθαι
3347 4698 3589 4737 σκαπτο-

1997 4773 2218 4848 ,μένους.
2265 4770 2700 4824 Ἀποσκάπτεται
2737 4770 2796 4824 δὲ
2829 4770 2977 4843 ψυχὴ
3012 4774 3070 4827 ἐν
3094 4777 3162 4844 τῇ
3191 4774 3449 4829 ἀποθέσει
3477 4775 3596 4842 τῶν,

381 4929 428 4963 ⁷ο
453 4926 611 4986 Joan.
647 4940 740 4988 xv,
765 4923 818 4979 l.
894 4922 940 4954 "
965 4921 1176 4994 ibid.[5.
1251 4922 1422 4978 "Isa.
1459 4937 1512 4988 ν,
1539 4923 1592 4977 1.
1667 4924 1716 4956 ⁷³
1742 4923 1893 4982 Matt]

1999 4940 2087 4990 ιιι,
2109 4923 2200 4978 33.
2275 4919 2345 4951 ⁷⁸*
2377 4917 2528 4986 Psal.
2547 4933 2744 4983 χχχιιι,
2777 4917 2832 4976 8.
2907 4915 2954 4947 "
2980 4913 3001 4968 ι
3030 4916 3157 4973 Cor.
3180 4932 3280 4984 xu,
3303 4915 3391 4971 28.

382 5083 493 5153 (48)
527 5082 656 5136 Mss.
689 5082 794 5153 duo
819 5079 1145 5153 ἐξευρίσκω.
1171 5080 1278 5134 Alii
1309 5081 1415 5135 duo
1438 5079 1609 5152 εὑροι.

382 5151 498 5224 (49)
539 5152 842 5224 μιι-ρίῇιίο
888 5151 1055 5224 Basil.
1114 5167 1236 5224 cum
1274 5163 1407 5224 octo
1449 5151 1589 5224 mss.
1636 5153 1896 5212 enostris

309 5220 508 5297 praeter
532 5221 698 5297 de‘l.
720 5220 1104 5297 Editiqfaris.
1134 5223 1236 5297 ὅσα
1267 5223 1323 5276 δὲ
1352 5222 1482 5297 ἀπό.

383 5295 497 5366 (50)
559 5294 737 5348 Editio
775 5291 940 5366 Basil.
968 5305 1127 5366 Reum
1158 5293 1405 5366 (jombef.
1462 5302 1515 5347 et
1559 5307 1681 5366 cum
1711 5295 1895 5350 multis

307 5367 432 5420 aliis
455 5363 585 5435 mss.
618 5363 938 5434 φυτοκόμοι.
967 5363 1145 5435 Editio
1165 5363 1340 5418 Paris.
1371 5364 1697 5435 φυτηκὸμοι,
1734 5367 1895 5419 male.

307 5434 646 5519 Infra.Colb.
689 5436 962 5490 secundus
1019 5434 1312 5506 συνέτρεχε
1373 5434 1515 5488 κατά
1561 5436 1759 5489 ταυτὸν
1806 5436 1896 5490 τόν

308 5521 767 5648 κῆζῗῖδιιειιιοι·
792 5591 924 5631 mss.
945 5577 994 5630 οἱ
1025 5575 1270 5648 βότρυες.
1307 5575 1448 5631 Editi
1490 5591 1610 5632 cum
1665 5591 1772 5632 uno
1802 5585 1896 5631 aut

310 5646 488 5718 altero
517 5662 634 5718 ms.
657 5647 874 5718 βότρυς.

385 5715 992 5788 (5Ξ)Οοι1ἰοοε“ειὶᾳιιοι
1044 5716 1538 5788 ὲμφυτευομένους.
1593 5717 1713 5774 Mox
1758 5717 1889 5777 editi

316 5787 670 5856 προκαλεῖται
701 5802 717 5820 ⁶
746 5796 801 5843 at
836 5787 930 5844 sex
959 5803 1085 5843 mss.
1117 5787 1522 5865 προσκαλεῖται.

2212 5079 2439 5162 godices
2471 5087 2584 5162 tres
2602 5077 2789 5162 ,ψυχὰς
2815 5076 2972 5162 ᾐμῶν
2990 5076 3110 5162 ρῶν
3140 5076 3297 5162 ιίινθρτ

1997 5225 2028 5277 λ
2367 5158 2553 5203 sextus
2590 5146 2939 5220 ἀνθρωπίνας
2985 5146 3256 5218 δυνάμεις
3278 5146 3458 5218 ψυχάς
3491 5149 3589 5221 δη.-

2031 5242 2087 5276 ον
2121 5241 2170 5275 τι
2219 5237 2370 5288 κεγει.
3085 5287 3096 5288 η

2070 5295 2182 5366 (55)
2207 5287 2594 5358 Παρεμϐαλεῖ,
2624 5297 2731 5344 etc.
2771 5287 3019 5359 Vulgata,
3070 5287 3326 5343 Imminet
3365 5290 3587 5359 angelus

2005 5365 2221 5419 Domini
2250 5366 2302 5414 in
2332 5363 2554 5414 circuitu
2585 5359 2879 5413 timentium
2907 5377 3046 5415 eum.

2059 5369 2221 5418 omini
2250 5369 2302 5414 in
2332 5369 2554 5414 circuitu
2585 5369 2879 5413 timentium
2907 5377 3046 5415 eum.

2079 5435 2191 5500 (56)
2223 5432 2334 5484 Vox
2363 5431 2570 5501 ἀνδρῶν
2588 5431 2739 5484 deest
2768 5432 2819 5482 in
2850 5431 3009 5483 editis
3035 5440 3087 5485 et
3124 5429 3176 5482 in
3204 5428 3397 5501 ιιιιιιιίε
3411 5444 3540 5483 mss.
3567 5472 3585 5495 ,

2003 5498 2096 5559 sed
2137 5498 2332 5575 legitur
2374 5503 2430 5575 in
2452 5498 2473 5575 ξ
2497 5500 2678 5570 Regiis
2734 5502 2896 5575 tertio
2949 5511 3006 5554 et
3052 5498 3436 5575 sexto._Paul_o
3461 5509 3590 5567 post

2001 5569 2480 5631 codex'Combei.
2551 5569 2672 5626 cum
2732 5569 2863 5639 Reg.
2921 5580 3112 5628 octavo
3163 5569 3587 5643 ἐρριμμένους,

2001 5647 2182 5790 ηκξξέ)
2204 5714 2332 5788 Reg.
2373 5723 2555 5771 sextus
2583 5712 2916 5768 ἀπαιτεῖται.
