3850 6218
316 316 419 374 109

1459 319 1742 380 HOMILIA
1783 323 1828 379 Υ
1866 324 1934 381 IN
1974 325 2487 383 HEXAEMERON.’

3456 331 3562 388 H9

313 434 406 486 τοῦ
449 432 655 504 κόσμου
693 433 994 505 μεριμνῶν,
1044 434 1102 488 αϊ
1148 434 1314 508 βάρος
1354 438 1462 491 εἰσὶ
1496 443 1616 503 ταῖς
1647 441 1889 513 καρδίαις

2004 445 2173 512 ipsam
2234 443 2406 498 exuit.
2448 441 2811 509 Quamobrem
2857 441 2949 511 qui
2995 456 3246 498 carneum
3297 457 3560 512 amorem,

313 524 490 596 ἡμῶν.
525 526 687 578 Ὠστε
709 526 738 577 ὁ
761 527 859 597 τὴν
884 527 1147 598 σαρκίνην
1170 529 1393 601 ἀγάπην
1422 531 1776 604 ἀποθέμενος,
1799 535 1895 588 καὶ

312 621 428 690 τὴν.
449 619 586 689 πρδς
616 618 686 671 τὰ
723 620 982 691 χρήματα
1009 620 1211 690 φιλίαν,
1259 622 1292 693 ἦ
1326 624 1427 695 τὴν
1457 626 1586 696 περὶ
1612 625 1672 678 τὸ
1699 626 1896 699 δύστη-

312 727 402 770 νον
433 710 680 782 δοξάριον
704 709 865 764 τοῦτο
895 711 1122 783 πτόησιν
1156 713 1499 770 ἀπόπτυστον
1536 717 1631 770 καὶ
1662 717 1892 770 εὐκατα-

313 803 580 875 φρόνητον
609 804 980 875 ἡγησάμενος,
1030 805 1216 878 ὥσπερ
1265 807 1476 878 ἐσκάφη
1509 809 1602 862 καὶ
1632 808 1892 862 ἀνέπνευ-

314 911 427 948 σεν.
452 896 967 967 ἀποσκευασάμενος
1010 899 1072 951 τὸ
1115 899 1342 969 μάταιον
1374 900 1538 972 βάρος
1581 900 1672 954 τοῦ
1705 901 1892 970 γηίνου

313 987 679 1058 φρονήματος.
713 991 805 1041 Δεῖ
835 990 912 1056 δὲ,
964 990 1105 1044 κατά
1141 992 1231 1044 τὸν
1259 991 1416 1060 λόγον
1444 993 1544 1062 τῆς
1575 994 1891 1064 παροιμίας,

315 1078 453 1148 μηδὲ
477 1077 784 1149 ύλομανεῖν,
813 1080 1078 1146 τουτέστι,
1116 1081 1192 1152 μὴ
1215 1081 1593 1144 ἐπιδεικτικῶς
1625 1081 1895 1134 πολιτεύε-

314 1169 458 1237 σθαι,
511 1170 643 1241 μηδέ
701 1171 791 1223 τὸν
839 1171 987 1241 παρὰ
1046 1171 1152 1226 τῶν
1213 1171 1410 1236 ἔξωθεν
1464 1172 1684 1227 ἔπαινον
1725 1173 1894 1244 θηρᾶ-

315 1261 439 1313 σθαι
469 1260 603 1330 (58),
630 1260 741 1313 ἀλλ’
768 1260 1044 1331 ἔγκαρπον
1085 1256 1245 1324 εἶναι,
1284 1262 1362 1333 τῷ
1389 1262 1626 1333 ἀληθινῷ
1663 1263 1893 1334 γεωργῷ

311 1355 413 1426 τὴν
466 1354 724 1421 ἐπίδειξιν
778 1354 884 1407 τῶν
925 1353 1100 1425 ἔργων
1153 1355 1561 1425 ταμιευόμενον.
1606 1356 1677 1407 Σὺ
1711 1356 1766 1408 δέ
1800 1357 1894 1409 καὶ

325 1448 422 1512 Ὠς
455 1447 630 1501 ἐλαία
655 1447 1032 1516 κατάκαρπος
1061 1446 1172 1501 ἔσο
1196 1447 1265 1499 ἐν
1291 1445 1374 1512 τῷ
1405 1448 1548 1514 οἴκῳ
1574 1446 1681 1499 τοῦ
1723 1447 1889 1510 Θεοῦ,

317 1539 586 1610 μηδέποτε
638 1540 1008 1611 γυμνούμενος
1055 1540 1156 1610 τῆς
1202 1538 1436 1603 ἐλπίδος,
1476 1538 1590 1592 ἀλλ’
1638 1539 1725 1591 ἀεὶ
1763 1536 1891 1591 θάλ-

313 1631 512 1686 λουσαν
565 1632 705 1702 ἔχων
759 1632 889 1704 περὶ
943 1631 1164 1685 σεαυτὸν
1218 1631 1318 1702 τὴν
1375 1630 1464 1711 διά
1507 1630 1741 1694 πίστεως
1790 1646 1894 1681 σω-

313 1724 528 1796 τηρίαν.
590 1724 760 1778 Οὕτω·
801 1724 910 1796 γὰρ
968 1724 1030 1777 τὸ
1093 1721 1338 1786 ἀειθαλὲς
1397 1721 1492 1775 τοῦ
1566 1721 1732 1791 φυτοῦ
1802 1738 1890 1791 μιετ

1998 544 2092 589 aut
2146 550 2302 591 suum
2350 549 2478 606 erga
2514 534 2731 590 divitias
2777 535 3011 590 studium
3049 535 3314 604 deposuit,
3351 544 3443 589 aut
3469 535 3562 605 qui

1997 626 2211 681 miserae
2257 625 2418 694 hujus
2468 625 2707 696 gloriola:
2759 625 3037 680 libidinem
3082 626 3479 695 conspuendam
3509 632 3566 679 et

1996 716 2391 788 aspernabilem
2430 717 2602 784 duxit,
2638 717 2684 772 is
2721 716 2887 771 veluti
2917 715 3164 771 defossus
3197 724 3300 783 est,
3337 730 3420 782 ac,
3455 723 3567 771 ter-

1999 824 2143 863 renae
2181 807 2480 864 aﬂectionis
2516 808 2664 863 inani
2705 809 2938 880 pondere
2971 823 3218 872 excusso,
3249 807 3558 876 respiravit.

1999 899 2221 968 Oportet
2255 908 2436 954 autem
2470 900 2765 955 secundum
2807 899 3078 969 proverbii
3133 899 3479 964 sententiam,
3505 906 3566 951 ut

1997 1008 2172 1062 neque
2211 993 2585 1056 silvescamus,
2629 995 2732 1046 hoc
2775 1002 2878 1058 est,
2925 991 3143 1054 minime
3185 993 3452 1059 jactanter
3476 990 3563 1043 de-

1995 1099 2422 1153 gamus,_neque
2461 1085 2528 1137 ab
2567 1083 2807 1138 externis
2841 1097 3170 1152 aucupemur
3202 1082 3433 1146 laudem,
3464 1081 3562 1136 sed

1995 1176 2165 1230 simus
2205 1175 2487 1240 fructuosi,
2532 1171 2767 1245 vereque
2819 1175 3066 1246 agricolas
3097 1175 3390 1242 specimina
3433 1187 3566 1243 ope.

1995 1282 2114 1320 rum
2145 1281 2511 1322 asservemus.
2541 1267 2619 1321 Tu
2651 1283 2782 1321 vero
2821 1266 2971 1322 Sicut
3001 1267 3135 1320 oliva
3173 1265 3448 1335 fructifera
3488 1263 3562 1319 si:

1994 1354 2049 1407 in
2075 1355 2226 1408 domo
2250 1354 2348 1408 Dei
2372 1356 2439 1417 ⁷⁸,
2462 1370 2559 1410 nec
2585 1370 2819 1424 unquam
2844 1370 2938 1423 spe
2959 1355 3268 1420 denuderis,
3299 1355 3392 1410 sed
3417 1367 3564 1408 sem~

1993 1463 2090 1516 per
2131 1447 2183 1500 in
2226 1447 2395 1516 teipso
2428 1448 2627 1501 habeas
2670 1445 2915 1500 ﬂoridam
2973 1446 3198 1501 salutem
3237 1460 3334 1514 per
3374 1443 3558 1500 ﬁdem.

1995 1536 2085 1590 Sic
2115 1539 2258 1589 enim
2290 1538 2448 1604 hujus
2482 1536 2676 1605 planlze
2718 1546 3028 1605 perpetuam
3062 1537 3371 1590 imitaturus
3397 1549 3456 1590 es
3482 1533 3563 1587 vi-

1975 1629 2302 1697 riditatem;
2357 1645 2421 1683 ac
2485 1628 2602 1698 ejus
2655 1629 3040 1682 fecunditatem
3108 1625 3596 1692 acmulabere,,si~

1999 1720 2328 1773 uberrimam
2359 1721 2505 1774 omni
2543 1729 2785 1788 tempore
2811 1700 3043 1789 largiare
3067 1720 3488 1789 eleemosynam.

316 1819 489 1891 μήσῃ,
527 1819 619 1873 καὶ
654 1820 716 1872 τὸ
762 1819 1110 1891 πολύκαρπον
1146 1818 1203 1871 δὲ
1241 1817 1404 1871 αὐτοῦ
1444 1817 1737 1888 ζηλώσεις,
1779 1816 2008 1885 ἄφθονον
2037 1815 2134 1884 τὴν
2159 1815 2524 1887 ἐλεημοσύνην
2555 1819 2611 1870 ἐν
2654 1816 2817 1870 παντί⁵
2851 1814 3025 1888 καιρῷ
3065 1815 3482 1886 παρεχόμενοςη

385 1913 438 1969 7.
484 1914 621 1968 Ἀλλ’
645 1914 1022 1985 ἐπανέλθωμεν
1049 1914 1187 1984 πρὸς
1212 1912 1308 1984 τὴν
1333 1912 1561 1985 ἔρευναν
1583 1914 1691 1966 τῶν
1720 1929 1889 1982 τεχνι-

2071 1910 2124 1964 7.
2192 1909 2385 1965 Verum
2439 1911 2504 1964 ad
2557 1911 2875 1966 artiﬁciosas
2935 1910 3301 1966 ordinationes
3339 1905 3560 1978 perquiv

314 2005 427 2060 κῶν
457 2005 775 2073 διατάξεων.
811 2007 961 2061 Πόσα
993 2007 1110 2060 τότε
1148 2006 1276 2078 γένη
1311 2004 1492 2075 φυτῶν
1523 2006 1888 2077 ἐπανέδραμε,

311 2096 384 2151 τά
429 2097 528 2168 μὲν
578 2097 850 2168 ἔγκαρπα,
896 2097 964 2150 τὰ
999 2097 1056 2150 δὲ
1102 2096 1360 2168 ἐρέψιμα,
1411 2096 1544 2150 ἄλλα
1586 2096 1722 2170 πρὸς
1765 2114 1896 2152 ναυ-

313 2187 520 2257 πηγίαν
552 2188 852 2258 ἐπιτήδεια,
905 2187 1038 2241 ἄλλα
1092 2186 1228 2257 πρὸς
1275 2185 1496 2240 καῦσινί
1551 2187 1641 2241 Ἐν
1681 2187 1892 2249 τούτοις

313 2277 478 2331 πάλιν
547 2278 766 2350 ποικίλη
834 2279 930 2349 μὲν
983 2280 1041 2331 ἐν
1107 2279 1323 2349 ἑκάστῳ
1395 2279 1596 2351 δένδρῳ
1684 2280 1717 2349 ἡ
1783 2278 1890 2332 τῶν

314 2369 498 2442 μερῶν
564 2371 728 2424 αὑτοῦ
785 2370 1162 2440 διακόσμησις,
1220 2370 1537 2440 δυσέφικτος
1587 2371 1642 2424 δὲ
1706 2373 1800 2425 καὶ
1854 2374 1888 2444 ἡ

311 2460 591 2533 ἐξεύρεσις
629 2463 729 2533 τῆς
769 2463 1000 2516 ἑκάστου
1044 2463 1322 2534 ἰδιότητος,
1349 2463 1441 2516 καὶ
1483 2463 1516 2532 ὴ
1557 2462 1759 2538 θεωρία
1786 2463 1890 2534 τῆς

313 2553 452 2626 πρὸς
493 2554 723 2607 ἕκαστον
767 2553 876 2606 τῶν
927 2554 1256 2625 ἑτερογενῶν
1309 2554 1588 2625 διαφορᾶς.
1644 2555 1770 2619 Πῶς
1819 2557 1889 2610 τὰ

317 2647 416 2717 μὲν
441 2645 619 2700 αὐτῶν
653 2645 974 2718 βαθύῤῥιζα,
1005 2647 1074 2699 τὸ.
1105 2647 1160 2700 δέ
1190 2648 1491 2718 ἀκρόρῤιζα
1516 2664 1530 2679 ⁸
1568 2648 1662 2701 καὶ
1690 2648 1758 2703 τά
1791 2649 1889 2720 μὲν

312 2737 554 2809 ὀρθοφυῆ
613 2740 706 2794 καὶ
765 2739 1153 2810 μονοστέλεχα,
1208 2739 1278 2792 τά
1320 2740 1376 2792 δὲ
1428 2739 1742 2812 χαμαίζηλα
1797 2740 1890 2793 xal.

313 2830 475 2894 εὐθὺς
511 2830 620 2884 ἀπὸ
656 2831 755 2902 τῆς
796 2830 950 2903 ῥίζης
989 2833 1069 2894 είς
1107 2830 1305 2894 πολλὰς
1343 2831 1599 2901 ἐκφύσεις
1628 2831 1890 2904 διῃρημέ-

313 2940 398 2976 να.
467 2921 590 2986 Πῶς
634 2923 774 2976 ὅσων
829 2923 927 2993 μὲν
955 2922 1067 2993 (59)
1103 2924 1153 2976 οἱ
1202 2922 1386 2977 κλάδοι
1431 2925 1739 2995 προμήκεις
1793 2924 1889 2977 ἐπὶ

313 3015 450 3068 πολὺ
492 3015 587 3069 τοῦ
623 3015 782 3087 ἀέρος
821 3017 1206 3086 ἐκτεταμένοι,
1252 3015 1458 3070 τούτων
1494 3017 1587 3070 καὶ
1637 3017 1693 3069 αἱ
1744 3015 1888 3088 ῥίζαι

315 3109 548 3179 βαθεῖαι,
595 3111 688 3162 ἐπὶ
729 3109 978 3163 πλεῖστον
1019 3111 1078 3162 ἐν
1125 3107 1312 3178 κύκλῳ
1343 3108 1750 3178 διανεμόμεναι,
1777 3101 1900 3161 οἷον.

313 3199 594 3268 θεμελίους
623 3199 773 3263 τινάς
804 3198 1196 3269 ἀναλογοῦντας
1229 3198 1308 3270 τῷ
1340 3199 1497 3270 βάρει
1538 3199 1645 3252 τῶν
1683 3199 1886 3254 ἄνωθεν

313 3291 344 3344 ὑ
354 3289 658 3363 ποτιθείσης
669 3292 762 3363 τῆς
779 3291 1008 3361 φύσεως.
1023 3292 1193 3345 Πόσαι
1209 3291 1316 3344 τῶν
1329 3290 1523 3360 φλοιῶν
1536 3293 1591 3344 αἱ
1606 3291 1853 3362 διαφοραί
1871 3293 1882 3346 l

313 3381 394 3433 Τὰ
429 3383 526 3452 μὲν
552 3382 660 3453 γὰρ
692 3382 966 3452 λειόφλοια
991 3383 1099 3436 τῶν
1133 3381 1336 3452 φυτῶν,
1381 3381 1448 3436 τὰ
1487 3384 1545 3436 δὲ
1573 3383 1886 3454 ῥηξίφλοιαο

312 3473 406 3527 καὶ
440 3473 509 3527 τὰ
545 3473 643 3544 μὲν
671 3475 941 3544 μονὸλοπα
973 3474 1173 3535 αὐτῶν,
1193 3472 1264 3527 τά
1290 3473 1346 3526 δὲ
1375 3473 1706 3545 πολύπτυχα.
1743 3476 1808 3528 Ὃ
1830 3473 1888 3526 δὲ

315 3564 648 3637 θαυμαστὸν,
691 3567 773 3619 ὅτι
818 3568 911 3621 καὶ
959 3567 1058 3638 τῆς
1105 3566 1452 3638 ἀνθρωπίνης
1503 3569 1750 3638 νεότητος
1793 3569 1889 3621 καὶ

313 3657 408 3710 τοῦ
433 3658 618 3730 γήρως
646 3657 826 3730 εὕροις
852 3659 916 3712 ἂν
948 3661 1039 3713 καὶ
1066 3662 1123 3714 ἐν
1167 3663 1280 3724 τοῖς
1316 3662 1499 3730 φυτοῖς
1534 3659 1888 3731 παραπλήσια

313 3749 382 3803 τὰ
416 3749 814 3820 συμπτώματα.
865 3753 989 3815 Τοῖς
1037 3751 1134 3823 μὲν
1165 3751 1274 3826 γὰρ
1307 3753 1448 3817 νέοις
1480 3753 1573 3820 καὶ
1604 3751 1888 3806 εὑθαλέσιν

310 3843 345 3895 ὖ
376 3841 554 3911 φλοιὸς
586 3843 933 3913 περιτέταται
957 3843 1100 3911 (60)·
1142 3847 1254 3906 τοῖς
1295 3844 1351 3896 δὲ
1380 3846 1746 3915 γηράσκουσιν
1777 3839 1888 3898 οἷον

315 3933 608 4003 ρυσσοῦται
649 3935 740 3987 καὶ
787 3935 1196 4004 ἐκτραχύνεται.
1232 3936 1342 3988 Καὶ
1382 3936 1450 3989 τά
1510 3936 1608 4006 μὲν
1653 3937 1887 3990 κοπέντα

313 4022 696 4075 ὲπιϐλαστάνει
716 4042 728 4052 ·
760 4024 831 4076 τὰ
853 4025 908 4078 δέ
936 4025 1085 4094 μένει
1112 4025 1382 4096 ἀδιάδοχα,
1412 4025 1600 4098 ὥσπερ
1628 4026 1750 4080 τινὰ
1789 4026 1886 4090 θά-

311 4132 471 4168 νατον
502 4116 602 4187 τὴν
631 4115 801 4188 τομὴν
831 4117 1212 4186 ὑπομείναντα.
1244 4117 1381 4188 Ἤδη
1405 4118 1462 4196 δέ
1481 4136 1627 4184 τινες
1650 4121 1887 4191 τετηρή-

203 4227 208 4232 ·
313 4223 472 4261 κασιν
521 4209 921 4279 ἐκτεμνομένας
968 4208 1002 4280 ἢ
1042 4209 1136 4261 καὶ
1168 4209 1556 4279 ἐπικαιομένας
1598 4209 1696 4274 τὰς
1730 4211 1888 4274 πίτυς

313 4301 395 4364 είς
427 4301 717 4372 δρυμῶνας
760 4301 1135 4372 μεθίστασθαι.
1171 4303 1306 4358 Τινά
1345 4302 1402 4356 δέ
1453 4303 1548 4356 καὶ
1573 4303 1670 4373 τὴν
1696 4305 1760 4356 ἐκ
1789 4305 1889 4372 φύ-

315 4408 457 4456 σεως
511 4397 708 4446 κακίαν
763 4394 1099 4465 ἐπιμελείαις
1154 4394 1416 4466 γεωργῶν
1473 4395 1900 4466 θεραπευόμενα,

315 4483 558 4555 ἔγνωμεν
578 4501 591 4514 ·
609 4479 738 4539 οἷον
766 4486 863 4548 τὰς
894 4486 1072 4550 ὀξείας
1107 4485 1279 4555 ροιάς,
1308 4485 1402 4539 καὶ
1427 4484 1533 4538 τῶν
1563 4486 1887 4556 ἀμυγδαλῶν

1991 2000 2193 2054 rendus
2272 2001 2578 2055 redeamus.
2655 2000 2794 2067 Quot
2855 2009 2984 2056 tunc
3038 2001 3293 2059 arborum
3362 2010 3560 2068 genera

1990 2107 2287 2159 emersere,
2342 2093 2446 2146 alia
2500 2093 2712 2162 quidem
2755 2091 3053 2162 frugifera,
3108 2093 3211 2146 alia
3256 2104 3387 2144 vero
3433 2103 3564 2143 con-

1990 2185 2264 2240 struendis
2313 2185 2472 2239 tectis
2520 2185 2735 2248 idonea,
2768 2186 2882 2240 hmc
2907 2184 2973 2238 ad
3002 2183 3363 2239 fabricandas
3397 2195 3563 2234 naves

1990 2283 2113 2342 apta
2143 2313 2158 2338 ,
2189 2273 2278 2328 illa
2315 2274 2381 2328 ad
2418 2275 2805 2329 cremationem
2851 2274 3154 2330 destinata!
3204 2271 3260 2327 In
3307 2271 3393 2326 his
3441 2285 3558 2324 rur-

1991 2377 2086 2418 sus
2121 2364 2270 2418 varia
2321 2372 2408 2418 est
2448 2365 2683 2433 partium
2722 2366 3144 2436 uniuscujusque
3183 2362 3395 2418 arboris
3445 2360 3563 2416 dis-

1990 2454 2188 2523 positio
2241 2473 2254 2509 :
2308 2456 2641 2524 singularum
2692 2467 2873 2519 autem
2936 2459 3192 2512 arborum
3254 2453 3564 2532 proprietas

1988 2544 2077 2597 vix
2126 2545 2429 2613 invenitur;
2465 2555 2522 2603 et
2558 2563 2743 2602 earum
2787 2565 2906 2619 quae
2933 2549 3131 2603 diversi
3163 2547 3379 2618 generis
3409 2557 3559 2610 sunt,

1989 2634 2282 2691 discrimen
2324 2639 2414 2691 vix
2466 2639 2936 2695 animadvertitur.
2982 2640 3264 2703 Quomodo
3309 2623 3442 2693 alia}.
3470 2655 3561 2692 ar-

1989 2726 2152 2782 bores
2201 2728 2254 2782 in
2304 2729 2626 2798 profundum
2684 2741 2844 2802 agant
2892 2733 3125 2800 radices,
3174 2733 3292 2788 alia:
3341 2732 3559 2786 easdem

1989 2819 2043 2874 in
2074 2820 2359 2890 superﬁcie
2391 2823 2654 2878 habeant:
2685 2825 2769 2878 hae
2813 2816 3315 2895 rectae'assurgant,
3345 2825 3560 2891 sintque

1991 2911 2318 2981 unislirpes,
2364 2913 2470 2968 illae
2513 2913 2888 2982 deprimantur
2926 2913 3115 2978 humi,
3165 2922 3325 2984 atque
3371 2914 3558 2970 statim

1991 3018 2021 3058 a
2064 3005 2250 3060 radice
2296 3005 2350 3059 in
2386 3005 2568 3074 plures
2614 3006 2866 3061 caudices
2907 3005 3231 3061 dividantur.
3279 3005 3558 3072 Quomodo

1990 3108 2219 3162 quarum
2254 3095 2387 3148 rami
2421 3095 2614 3163 prolixi
2651 3102 2810 3160 sunt,
2854 3109 2918 3149 ac
2960 3096 3013 3148 in
3046 3110 3226 3150 aerem
3259 3094 3413 3148 valde
3455 3108 3554 3147 ex-

1991 3182 2372 3253 passi,harum
2423 3185 2586 3238 etiam
2623 3183 2902 3254 profundae
2932 3185 3042 3238 sint
3087 3184 3320 3248 radices,
3362 3190 3419 3237 et
3466 3180 3547 3234 la-

1993 3275 2198 3330 tissime
2227 3275 2279 3328 in
2313 3275 2499 3330 orbem
2542 3276 2843 3330 distributa:
2870 3293 2884 3329 :
2915 3275 3137 3344 perinde
3167 3274 3318 3344 quasi
3363 3272 3552 3327 funda-

1991 3375 2170 3420 menta
2207 3366 2451 3435 quaedam
2495 3366 2646 3420 oneri
2682 3365 3108 3437 impendentium
3151 3365 3557 3421 accommodata

1989 3457 2311 3527 subiecisset
2348 3468 2562 3513 natura.
2588 3459 2729 3524 Quot
2755 3459 3018 3514 corticum
3048 3467 3175 3513 sunt
3204 3457 3550 3512 discrimina!

1990 3548 2125 3603 Nam
2155 3549 2278 3604 aliis
2313 3549 2598 3605 arboribus
2637 3549 2792 3614 levis,
2837 3549 2956 3604 aliis
2995 3549 3185 3606 scaber
3213 3557 3295 3605 est
3327 3559 3552 3604 cortex:

1989 3640 2107 3694 aliae
2154 3639 2334 3706 unico,
2383 3639 2498 3694 aliae
2541 3639 2822 3708 multiplici
2856 3650 3105 3710 teguntur
3134 3640 3358 3695 cortice.
3403 3637 3555 3704 Quod

1990 3745 2116 3785 vero
2152 3731 2456 3785 mirandum
2490 3741 2606 3796 est,
2647 3745 2712 3785 ea
2747 3745 2864 3801 quae
2915 3731 3110 3800 plantis
3161 3730 3446 3796 accidunt,
3491 3744 3554 3784 ea

1988 3825 2290 3894 comperias
2329 3823 2487 3879 modo
2531 3823 2919 3894 haud’dispari
2958 3823 3231 3894 juventuti
3275 3822 3552 3877 hominum

1988 3935 2347 4000 acsenectut'i
2392 3936 2663 3998 accidere.
2711 3936 2997 3992 Enimvero
3026 3937 3253 3992 novellis
3280 3951 3343 3992 ac
3369 3937 3554 4008 vigen-

1992 4027 2132 4081 tibus
2185 4035 2397 4090 cortex,
2432 4027 2636 4082 circum
2697 4028 3052 4093 extenditur:
3097 4029 3189 4084 ubi
3239 4029 3553 4095 senuerint,

1988 4120 2142 4188 quasi
2194 4135 2423 4190 rugosus
2466 4129 2521 4175 et
2552 4135 2711 4188 asper
2749 4121 2949 4176 evadit.
2998 4121 3061 4175 Et
3090 4118 3212 4176 aliae
3244 4121 3554 4192 germinant

1987 4205 2114 4263 licet
2137 4208 2320 4264 incisae
2348 4226 2362 4263 :
2393 4209 2511 4263 alia:
2540 4221 2718 4266 autem
2748 4211 2883 4265 citra
2917 4213 3314 4268 successionem
3345 4221 3401 4268 et
3433 4227 3556 4284 pro,

1987 4300 2238 4370 paginem
2295 4311 2609 4370 remanent,
2651 4316 2916 4357 czesuram
2950 4303 3174 4373 perinde
3224 4313 3284 4358 ut
3323 4313 3553 4368 mortem

1988 4391 2278 4459 quamdam
2327 4407 2614 4462 perpessae.
2656 4392 2773 4448 Jam
2818 4408 2946 4449 vero
2984 4394 3242 4460 succisas,
3275 4397 3553 4460 autetiam

1988 4481 2297 4537 combustae
2339 4485 2497 4553 pinus
2525 4484 2744 4554 quidam
2793 4484 3153 4548 observarunt
3196 4487 3249 4540 in
3299 4496 3554 4564 querceta

313 4577 416 4641 τὰς
447 4576 795 4649 πικροτέρας,
829 4578 954 4630 ὅταν
983 4577 1353 4648 διατρηθεζσαι
1394 4577 1459 4630 τὸ·
1502 4576 1638 4648 πρὸς
1663 4580 1740 4660 σιεῇ⁵
1763 4578 1888 4650 ῥίζῃ

1995 4575 2150 4628 verti.
2194 4573 2366 4630 Porro
2405 4576 2672 4630 naturalia
2725 4577 3082 4646 quarumdam
3121 4578 3376 4632 arborum
3421 4576 3553 4631 vitia

317 4667 566 4741 στέλεχος
588 4669 765 4738 σφῆνα
798 4669 1008 4740 πεύκης
1037 4668 1146 4738 (61)
1189 4669 1414 4740 λιπαρὸν
1449 4669 1891 4742 τῆς-ἐντεριώνης

319 4762 493 4834 μέσης
521 4760 832 4814 διελαθέντα
857 4759 1133 4825 δέξωνται,
1162 4761 1242 4822 είς
1265 4761 1592 4832 εὐχρηστίαν
1619 4761 1888 4831 μεταϐάλ-

312 4852 467 4904 λουσι
497 4851 618 4903 τότε
645 4851 739 4903 τοῦ
772 4850 950 4922 χυμοῦ
979 4850 1076 4920 τὴν
1108 4849 1442 4919 δυσχέρειαν.
1471 4849 1677 4920 Μηδεὶς
1705 4847 1797 4904 οὖν
1829 4851 1887 4903 ἐν

314 4944 484 5013 κακίᾳ
505 4942 726 5010 διάγων,
759 4942 948 4996 ἐαυτὸν
976 4942 1420 5011 ἀπογινωσκέτω,
1447 4943 1600 5007 εἰδὼς
1624 4945 1704 4997 ὅτι
1723 4963 1890 5016 γεωρ-

313 5035 410 5100 γία
429 5032 538 5104 (62)
559 5035 656 5105 μὲν
673 5033 768 5098 τὰς
790 5034 896 5086 τῶν
917 5033 1098 5116 φυτῶν
1116 5034 1402 5105 ποιότητας
1420 5036 1762 5106 μεταϐάλλει,
1780 5041 1811 5110 ὴ
1830 5038 1886 5092 δὲ

421 5194 469 5226 ’³
493 5192 637 5248 Psal.
666 5209 739 5257 LI,
767 5192 851 5247 10.

524 5331 675 5413 (ξου).
698 5337 969 5394 secundus
997 5339 1216 5394 ἔπαινον
1246 5340 1500 5413 θηράσαι.

389 5401 501 5483 φιν)
543 5402 616 5456 [ta
666 5414 897 5483 quatuor
938 5425 1070 5466 mss.
1115 5413 1274 5468 Deest
1301 5401 1407 5483 ’μέν
1451 5414 1509 5467 in
1547 5413 1706 5469 editis
1739 5414 1885 5478 etin

317 5471 471 5527 Colb.
486 5471 758 5530 Secundo.

544 5545 616 5621 [ιιι
639 5559 732 5598 sex
757 5561 884 5602 mss.
907 5546 1045 5621 Εὐξιί
1071 5551 1462 5621 παρατέταται,
1486 5569 1589 5607 non
1615 5554 1683 5609 ita
1720 5564 1885 5610 recte.

417 5613 505 5694 (il)
536 5614 727 5694 ’Ὅταν
875 5617 1082 5694 asp-ﬁre:
1108 5613 1359 5694 πεύκης,
1385 5613 1491 5682 etc.
1529 5623 1680 5694 lianc
1712 5625 1886 5678 locum

317 5682 658 5758 paulol'aliter
681 5682 935 5758 exprimii
953 5682 1402 5752 Ambrosiuslib.
1438 5709 1497 5748 ιιι
1525 5692 1578 5747 ia
1606 5693 1886 5758 Hexaem.,

319 5768 439 5823 cap.
472 5753 558 5823 ‘13,
596 5753 880 5812 num.756:
924 5761 1227 5831 Amygdalis
1275 5779 1506 5834 quoque,
1550 5765 1751 5835 inquit,
1792 5753 1886 5818 hoc

1995 4667 2356 4737 agricolarum
2387 4669 2666 4740 diligentia
2710 4670 2889 4724 curari
2938 4671 3220 4737 novimus;
3253 4669 3552 4740 cujusmodi

1989 4769 2119 4814 sunt
2147 4761 2273 4815 mali
2307 4761 2516 4830 punicae
2557 4755 2846 4830 acidaglet
2891 4763 3188 4834 amygdala:
3227 4765 3550 4829 amariores,

1987 4867 2129 4921 quae,
2173 4853 2260 4907 ubi
2323 4855 2602 4922 perforato
2645 4855 2712 4917 ad
2776 4843 3030 4910 radicem
3060 4858 3551 4928 truncopinguem

1988 4944 2154 5012 piceae
2211 4961 2443 5002 cuneum
2500 4962 2598 5016 per
2658 4948 2892 5002 mediam
2954 4948 3248 5014 medullam
3303 4950 3552 5003 adactum

1990 5038 2354 5108 susceperint,
2403 5048 2539 5103 tunc.
2561 5041 2706 5099 succi
2735 5040 2844 5116 47
2868 5043 3217 5098 acerbitatem
3261 5043 3318 5096 in
3353 5043 3555 5108 bonum

1994 5363 2176 5417 genere
2223 5348 2476 5405 medicari
2532 5349 2773 5417 feruntur
2819 5347 3104 5418 agricolis,
3147 5353 3203 5399 ut
3249 5361 3315 5418 ea;
3356 5347 3554 5403 amaris

1985 5416 2162 5472 dulces
2193 5419 2323 5485 [iant
2348 5416 2574 5487 fructus,
2604 5429 2662 5472 ut
2694 5429 2742 5472 et
2775 5416 3025 5474 (erebi-ent
3055 5417 3171 5486 ejus
3200 5416 3432 5487 radicem
3460 5433 3556 5487 air-

1987 5490 2146 5548 boris,
2174 5497 2221 5540 et
2255 5489 2313 5540 in
2341 5486 2568 5540 medium
2606 5491 2838 5543 inserant
2872 5487 3141 5542 surculum
3175 5486 3288 5553 ejus
3324 5486 3550 5550 arboris,

1984 5572 2139 5625 quam
2169 5555 2338 5609 σι·ωεὶ
2366 5556 2595 5626 πεύκην,
2627 5574 2720 5610 nos
2757 5561 2955 5626 piceam
2985 5556 3208 5610 dicimus
3233 5567 3252 5608 :
3281 5570 3382 5627 quo
3412 5556 3554 5626 [acto

1985 5628 2125 5678 sacci
2156 5627 2452 5680 amaritudo
2482 5629 2776 5694 deponitur.

2058 5695 2172 5775 (62)
2211 5693 2346 5767 Reg.
2377 5683 2618 5774 quintus,
2645 5699 2672 5751 ό
2697 5683 2959 5768 γεωργός,
2994 5702 3246 5768 agricola.
