3850 6218
346 254 439 309 ΤΗ

1684 256 1742 311 S.
1784 255 1865 309 BA
1879 257 2030 312 SILI!
2069 257 2284 312 MAGNI

3488 254 3595 309 ΗΞ

341 382 498 423 usum
532 374 911 419 transmittant.
946 366 1113 419 Nemo
1147 368 1309 438 igitur
1337 369 1388 421 in
1416 370 1548 425 vitio
1583 370 1807 442 degens,
1839 374 1905 428 de

2029 376 2128 425 ιατ’
2160 375 2358 444 ἀρετὴν
2391 372 2488 442 τῆς
2537 370 2712 441 ψυχῆς
2742 369 3028 439 ἐπιμέλεια
3069 369 3265 439 δυνατή
3302 372 3416 423 ἐστι
3451 391 3565 427 παν

339 476 400 515 se
436 460 551 529 ipse
586 460 834 529 desperet
865 474 880 511 :
913 460 1057 513 haud
1107 463 1342 524 nescius,
1379 464 1687 532 plantarum
1724 467 1905 536 quali-

338 558 479 605 tates
518 560 575 604 ut
631 538 958 619 ag'ricnltura
1005 557 1325 606 commutari
1374 574 1385 606 :
1436 556 1510 608 ita
1563 558 1730 611 animi
1782 558 1909 611 dili-

337 644 541 713 gentia,
580 658 700 711 qua:
730 643 779 695 in
812 645 1191 711 consequenda
1230 646 1427 699 virtute
1463 648 1766 701 adhibenda
1804 657 1907 712 est,

336 734 684 789 inﬁrmitates
711 750 900 790 omnes
923 739 1166 807 superari
1205 754 1381 806 posse.
1406 739 1474 793 At
1504 756 1632 794 vero
1659 750 1803 795 tanta
1830 751 1912 796 est

339 824 717 895 frugiferarum
764 831 1018 882 arborum
1066 830 1119 883 in
1172 831 1396 883 edendis
1448 832 1711 886 fructibus
1756 833 1909 886 diffe-

339 921 534 985 rentia,
566 930 623 974 ut
659 936 726 976 ne
771 922 943 989 possit
974 922 1189 991 quidem
1239 924 1525 993 quisquam
1567 940 1684 978 eam
1729 925 1911 979 verbis

340 1011 632 1080 explicare.
689 1012 806 1067 Non
854 1013 1000 1066 enim
1044 1013 1220 1066 solum
1268 1016 1321 1067 in
1374 1016 1661 1070 arboribus
1712 1030 1911 1087 genere

338 1102 569 1156 diversis
603 1104 889 1158 diversitas
921 1105 1193 1171 reperitur
1234 1102 1503 1159 fructuum
1533 1121 1548 1159 :
1586 1106 1679 1161 sed
1709 1109 1761 1161 in
1797 1106 1910 1174 ipsa

341 1195 506 1249 etiam
564 1196 774 1249 arboris
842 1197 1023 1264 specie
1089 1198 1317 1251 multum
1395 1207 1478 1250 est
1547 1199 1907 1261 discriminis;

342 1287 781 1355 quandoquidem
817 1289 920 1340 alia
962 1290 1012 1341 in
1047 1290 1302 1356 marium,
1345 1289 1447 1343 alia
1490 1290 1540 1343 in
1587 1290 1909 1343 feminarum

344 1378 522 1433 fructu
566 1390 693 1433 nota
724 1382 975 1435 distincta
1008 1393 1089 1435 est
1122 1398 1151 1436 a
1185 1384 1433 1451 stirpium
1477 1383 1792 1443 cultoribus,
1822 1384 1911 1454 qui

344 1470 554 1526 scilicet
575 1472 786 1541 palmas
814 1476 975 1527 etiam
1008 1474 1062 1527 in
1095 1490 1271 1529 mares
1294 1490 1357 1529 ac
1390 1474 1622 1528 feminas
1649 1476 1909 1529 dividant.

340 1562 519 1631 Atque
568 1563 856 1632 aliquando
881 1565 1065 1619 videas
1111 1581 1227 1618 eam
1276 1580 1395 1633 qum
1424 1566 1490 1618 ab
1540 1566 1668 1634 ipsis
1713 1564 1912 1620 femina

343 1664 711 1722 nuncupatur,
769 1655 1141 1709 demittentem
1202 1670 1415 1721 ramos,
1474 1656 1620 1709 velut
1687 1655 1911 1710 libidine

340 1744 690 1809 concitatam,
727 1746 998 1824 marisque
1047 1746 1351 1814 amplexum
1406 1756 1769 1816 appetentem.
1819 1745 1911 1801 Ἣ-
1944 1726 1987 1779 Β

310 1906 315 1911 ἢ
342 1834 471 1887 deas
517 1834 700 1887 itidem
732 1836 988 1890 harumce
1019 1835 1272 1903 arborum
1301 1835 1537 1889 cultores
1582 1835 1725 1888 velut
1771 1850 1917 1904 quae—

345 1927 468 1980 dam
528 1927 886 1981 mascularum
957 1928 1168 1981 semina
1226 1944 1345 1998 qua:
1403 1944 1581 1996 psenes
1630 1938 1913 1994 vocantur,

346 2016 514 2071 ramis
543 2014 659 2084 ejus
709 2018 1028 2080 immittere;
1065 2016 1248 2085 sicque
1278 2017 1449 2083 ipsam
1495 2017 1647 2085 quasi
1683 2018 1735 2069 in
1782 2017 1915 2070 frui-

350 2108 517 2161 tionis
547 2123 709 2163 sensu
751 2109 1127 2173 constitutam,
1157 2110 1351 2163 iterum
1398 2124 1577 2163 ramos
1606 2109 1834 2179 erigere,
1865 2119 1919 2163 et

349 2201 509 2269 hujus
540 2202 751 2255 arboris
782 2216 989 2255 comam
1034 2202 1099 2255 ad
1151 2202 1423 2272 propriam
1459 2200 1683 2253 formam
1716 2203 1911 2256 redire.

349 2292 518 2347 Porro
563 2293 793 2362 idipsum
846 2294 1008 2347 etiam
1059 2302 1290 2347 narrant
1336 2293 1400 2345 de
1449 2292 1585 2347 ﬁcis.
1622 2292 1774 2347 Unde
1826 2291 1916 2345 alii

349 2384 563 2451 quidem
594 2384 740 2451 _ﬁcos
774 2384 1049 2439 silvestres
1080 2384 1231 2451 juxta
1268 2386 1553 2441 hortenses
1582 2395 1873 2440 conserunt
1903 2404 1915 2440 :

349 2476 437 2528 alii
470 2491 599 2531 vero
626 2491 844 2545 grossos
886 2478 1127 2547 capriﬁci
1174 2478 1472 2532 fructuosis
1514 2492 1579 2533 ac
1611 2478 1921 2533 domesticis

350 2565 468 2621 ﬁcis
508 2565 811 2635 alligantes,
842 2568 1079 2635 ipsarum
1116 2569 1396 2623 medentur
1432 2569 1756 2633 inﬁrmitati,
1786 2569 1922 2639 jam-

346 2672 453 2725 que
486 2657 814 2713 diflluentem
861 2675 923 2713 ac
973 2670 1387 2715 evanescentem
1432 2659 1665 2715 fructum
1717 2663 1923 2731 gressis

346 2748 588 2818 capriﬁci
650 2751 945 2804 continent.
1007 2751 1145 2816 Quid
1204 2752 1316 2805 vult
1370 2752 1469 2806 sibi
1530 2753 1661 2806 illud
1718 2763 1924 2806 natura?

341 2841 687 2911 exemplum?
738 2843 890 2909 Quod
936 2859 1031 2897 nos
1066 2842 1144 2897 vel
1178 2844 1244 2897 ab
1285 2844 1350 2899 iis
1400 2845 1553 2913 quia
1606 2844 1708 2897 ﬁde
1762 2843 1921 2896 alieni

348 2943 508 2995 sunt,
563 2934 822 3003 impetum
873 2934 1160 3002 quemdam
1196 2950 1257 2989 ac
1298 2937 1538 3005 vigorem
1579 2937 1645 2990 ad
1691 2936 1922 2989 dandum

350 3027 615 3079 bonorum
663 3040 887 3093 operum
950 3027 1220 3095 specimen
1287 3042 1429 3097 sazpe
1479 3028 1725 3096 accipere
1758 3028 1923 3082 debe-

350 3130 489 3170 tuus.
519 3116 730 3170 Etenim
784 3121 826 3171 si
870 3119 1067 3173 videris
1104 3134 1248 3185 eum,
1280 3121 1369 3189 qui
1412 3132 1503 3175 aut
1538 3121 1699 3175 vitam
1748 3122 1921 3175 etimi-

348 3223 468 3262 cam
505 3211 637 3276 agit,
668 3220 761 3264 aut
789 3212 856 3264 ob
897 3226 1208 3279 perversam
1244 3215 1535 3280 quamdam
1568 3212 1819 3267 haeresim
1848 3213 1917 3267 ab

349 3298 587 3354 Ecclesia
628 3302 896 3356 abscissus
938 3314 1040 3364 est,
1085 3304 1263 3372 probae
1302 3319 1364 3357 ac
1413 3306 1740 3358 continentis
1775 3304 1915 3368 vitae,

346 3398 404 3443 et
432 3391 653 3459 reliqua:
683 3393 903 3447 moralis
936 3392 1234 3461 disciplina:
1262 3395 1562 3450 studiosum
1598 3410 1743 3460 esse;
1775 3403 1919 3448 tuam

348 3484 521 3552 magis
574 3485 789 3539 intende
844 3486 1214 3549 sedulitatem,
1257 3495 1317 3541 ut
1380 3486 1669 3542 fructiferae
1714 3486 1817 3541 fico
1855 3502 1921 3541 ex

2015 466 2262 519 τοδαπῶν
2311 466 2759 536 ἀρρωστημάτων
2810 463 3195 533 ἐπικρατῆσαι.
3258 464 3319 514 Ἡ
3364 464 3421 516 δέ
3462 466 3597 536 περὶ

2013 556 2112 618 τὰς
2141 555 2508 626 καρπογονίας
2543 552 2777 624 διαφορὰ
2804 552 2913 605 τῶν
2948 551 3242 623 καρπίμων
3267 552 3449 621 φυτῶν
3472 571 3601 606 τοσ-

2014 648 2174 718 αύτη,
2211 650 2341 718 ὅσην
2374 647 2481 700 οὐδ’
2530 646 2595 700 ἂν
2625 646 2873 699 ἐπελθεῖν
2910 663 2994 708 τις
3025 645 3278 716 δυνηθείη
3322 647 3397 717 τῷ
3428 647 3596 718 λόγῳ.

2013 742 2085 795 Ού
2114 741 2221 813 γὰρ
2259 741 2418 812 μόνον
2464 742 2521 792 ἐν
2567 742 2678 802 τοῖς
2709 738 3078 809 ἑτερογενέσιν
3108 740 3164 790 αί
3207 739 3460 811 διαφοραὶ
3486 741 3602 793 τῶν

2014 833 2261 904 καρπῶν,
2309 832 2425 886 ἀλλ’
2470 832 2569 902 ἤδη
2623 830 2717 883 κα)⁸
2759 832 2817 883 ἐν
2864 829 3012 899 αὐτῷ
3057 829 3135 899 τῷ
3179 830 3445 901 εἷδει(65)
3498 833 3601 885 τοῦ

2004 924 2225 993 δένδρου
2255 924 2388 977 πολὺ
2423 924 2481 977 τὸ
2507 924 2760 993 διάφορον
2781 940 2793 951 ·
2825 923 3022 991 ὅπουγε
3049 923 3142 976 καὶ
3169 923 3278 991 (64)
3306 924 3465 988 ἀλλος
3494 928 3601 995 μὲν

2014 1016 2297 1088 χαρακτὴρ
2330 1015 2423 1069 τοῦ
2476 1014 2689 1085 καρποῦ
2736 1014 2844 1066 τῶν
2893 1015 3155 1085 ἀρρένων,
3197 1014 3353 1078 ἄλλος
3396 1017 3453 1068 δὲ
3484 1017 3601 1068 τῶν

2015 1107 2265 1178 θηλειῶν,
2323 1109 2473 1179 παρά
2514 1108 2622 1159 τῶν
2669 1108 2984 1178 φυτουργῶν
3024 1107 3384 1177 διακέκριται,
3432 1109 3487 1159 οἵ
3528 1125 3601 1175 γε

2015 1200 2109 1252 καὶ
2139 1202 2265 1262 τοὺς
2297 1200 2545 1268 φοίνικας
2573 1199 2653 1261 εἰς
2685 1198 2921 1268 ἄρρενας
2956 1199 3047 1251 καὶ
3082 1199 3298 1269 θηλείας
3326 1199 3599 1251 διιστῶσι.

2014 1290 2124 1342 Καὶ
2159 1290 2287 1353 ἴδοις
2316 1291 2380 1345 ἄν
2408 1307 2538 1343 ποτε
2568 1289 2666 1360 τὴν
2695 1290 2826 1360 παρ’
2857 1290 3038 1343 αὐτῶν
3062 1286 3467 1359 ὀνομαζομένην
3492 1288 3601 1358 θή-

2014 1383 2159 1437 λειαν
2193 1382 2470 1436 καθιεῖσαν
2496 1382 2623 1445 τοὺς
2656 1382 2905 1445 κλάδους,
2931 1377 3040 1434 οἷον
3068 1381 3342 1452 ὀργῶσαν,
3370 1382 3463 1434 καὶ
3494 1382 3603 1451 τῆς

2017 1473 2334 1545 συμπλοκῆς
2366 1474 2664 1543 ἐφιεμένην
2704 1473 2799 1525 τοῦ
2830 1473 3076 1543 ἄρρενος,
3098 1472 3221 1534 τοὺς
3244 1472 3300 1525 δὲ
3329 1471 3605 1541 θεραπευ-

2014 1566 2111 1630 τάς
2152 1566 2261 1620 τῶν
2296 1567 2479 1636 φυτῶν
2524 1565 2893 1637 ἐμϐάλλοντας
2929 1568 3041 1628 τοῖς
3071 1564 3305 1629 κλάδοις,
3325 1558 3441 1617 οἶόν
3472 1581 3603 1617 τινα

2018 1660 2308 1730 σπέρματα
2356 1659 2466 1711 τῶν
2508 1659 2776 1729 ἀρρένων,
2809 1659 2937 1720 τοὺς
2978 1657 3306 1729 λεγομένους
3352 1656 3598 1725 ψῆνας·

2017 1753 2109 1805 καὶ
2155 1751 2329 1814 οὕτως
2367 1747 2475 1805 οἷον
2509 1754 2566 1805 ἐν
2615 1752 2965 1822 συναισθήσει
2995 1752 3096 1821 τῆς
3130 1750 3481 1814 ἀπολαύσεως
3510 1750 3601 1818 γί-

2015 1842 2201 1896 νεσθαι
2233 1844 2325 1897 καὶ
2352 1842 2707 1914 ἀνορθοῦσθαι
2737 1842 2896 1896 πάλιν
2918 1844 3044 1906 τοὺς
3069 1842 3315 1905 κλάδους,
3344 1843 3436 1894 καὶ
3460 1841 3604 1912 πρὸς

2016 1936 2075 1989 τὸ
2098 1937 2294 1990 οἰκεῖον
2323 1937 2505 2006 σχῆμα
2532 1934 2626 1988 τοῦ
2667 1936 2833 2012 φυτοῦ
2868 1937 2967 2007 τὴν
3008 1936 3184 2006 κόμην
3227 1935 3601 1989 ἀποκαθίστα-

2023 2028 2167 2081 σθαι.
2201 2027 2281 2080 Τὰ
2316 2028 2457 2081 αύτά
2484 2028 2539 2079 δέ
2573 2028 2743 2081 ταῦτα
2778 2030 2871 2081 καὶ
2902 2029 3029 2097 περὶ
3061 2028 3170 2081 τῶν
3204 2027 3382 2081 συκῶν
3411 2044 3599 2095 φασιν,

2020 2120 2182 2172 Ὅθεν
2218 2120 2264 2171 οἱ
2309 2120 2407 2189 μὲν
2446 2118 2546 2183 τὰς
2587 2120 2785 2189 ἀγρίας
2812 2120 2920 2189 (65)
2954 2121 3123 2183 συκᾶς
3153 2118 3604 2191 παραφυτεύουσι

2018 2212 2136 2274 ταῖς
2200 2210 2467 2281 ἡμέροιςο
2537 2212 2586 2263 οἱ
2633 2212 2690 2265 δὲ
2743 2213 2869 2273 τοὺς
2938 2210 3191 2274 ὀλύνθους
3251 2210 3601 2280 ἐκδήσαντες,

2019 2300 2125 2353 τῶν
2182 2301 2475 2371 εὐκάρπων
2524 2304 2618 2356 καὶ
2671 2304 2891 2375 ἡμέρων
2960 2303 3140 2357 συκῶν
3219 2302 3318 2375 τὴν
3381 2303 3603 2357 ἀτονίαν

2023 2393 2230 2457 ἰῶνται,
2267 2394 2457 2465 ῥέοντα
2503 2395 2601 2467 ἤδη
2653 2399 2747 2449 καὶ
2799 2397 3223 2468 σκεδαννύμενον
3253 2398 3342 2449 τὸν
3384 2397 3603 2467 καρπον

2020 2488 2130 2549 τοῖς
2156 2486 2397 2549 ὀλύνθοις
2436 2487 2741 2557 ἐπέχοντες.
2766 2488 2829 2539 Τί
2863 2505 2944 2541 σοι
2990 2488 3049 2542 τὸ
3083 2488 3233 2560 παρὰ
3262 2489 3362 2558 τῆς
3388 2489 3603 2557 φύσεως

2021 2575 2248 2646 αἴνιγμα
2276 2575 2522 2645 βούλεται
2547 2576 2695 2646 (66);
2728 2578 2847 2630 Ὀτι
2879 2578 2984 2647 χρὴ
3030 2578 3290 2641 πολλάκις
3322 2580 3467 2647 ἡμᾶς
3508 2578 3603 2630 καὶ

2025 2667 2175 2738 παρά
2238 2666 2346 2721 τῶν
2407 2666 2702 2738 ἀλλοτρίων
2748 2668 2848 2737 τῆς
2904 2669 3139 2733 πίστεως
3185 2671 3428 2723 εὐτονίαν
3478 2667 3605 2721 τινὰ

2024 2757 2462 2828 προσλαμϐάνειν
2491 2760 2568 2823 είς
2594 2759 2691 2829 τὴν
2720 2759 2828 2812 τῶν
2861 2760 3079 2829 ἀγαθῶν
3112 2761 3288 2832 ἔργων
3316 2759 3603 2825 ἐπίδειξιν.

2039 2850 2163 2902 Ἐὰν
2186 2850 2294 2921 γὰρ
2321 2851 2434 2922 ἴδῃς
2462 2850 2552 2903 τὸν
2589 2853 2646 2904 ἐν
2682 2851 2780 2922 βίῳ
2808 2852 3029 2922 ἐθνικῷ,
3064 2854 3096 2924 ἢ
3134 2854 3241 2907 ἀπό
3267 2872 3411 2917 τινος
3446 2854 3609 2923 αἱρέ-

2030 2960 2164 3006 σεως
2210 2942 2594 3013 ἐνδιαστρόφου
2642 2944 2740 3014 τῆς
2806 2945 3129 3016 Ἐκκλησίας
3185 2947 3608 3024 ἀπεσχισμὲνλθ,

2031 3034 2145 3103 βίου
2178 3032 2453 3105 σώφρονος
2484 3037 2578 3087 καὶ
2604 3035 2703 3105 τῆς
2729 3036 2921 3107 λοιπῆς
2953 3039 3091 3090 κατά
3114 3039 3175 3091 τὸ
3194 3034 3323 3108 ἦθος
3350 3038 3610 3104 εὐταξίας

2026 3125 2473 3195 ἐπιμελούμενον,
2506 3125 2687 3179 πλεῖον
2729 3128 2954 3181 σεαυτοῦ
2983 3129 3044 3181 τὸ
3089 3130 3375 3183 σπουδαῖον
3404 3131 3611 3184 ἐπίτει-

2023 3233 2133 3281 νον,
2163 3217 2249 3269 ἴνα
2290 3218 2425 3291 γένῃ
2466 3218 2845 3290 παραπλήσιος
2879 3223 2943 3290 τῇ
2988 3223 3320 3293 καρποφόρῳ
3357 3225 3517 3293 συκῇ,
3546 3224 3613 3275 ἐκ

2023 3309 2121 3378 τῆς
2148 3309 2257 3362 τῶν
2292 3312 2499 3381 ἀγρίων
2550 3312 2850 3383 παρουσίας
2880 3313 3206 3386 ἀθροιζούσῃ
3238 3315 3334 3384 τὴν
3356 3314 3610 3385 δύναμιν,

2026 3403 2118 3454 καὶ
2160 3404 2259 3474 τὴν
2300 3404 2398 3474 μὲν
2443 3404 2599 3475 ῥύσιν
2638 3406 2929 3477 ἐπεχούσῃ,
2970 3407 3390 3477 ἐπιμελέστερον
3430 3407 3487 3460 δὲ
3519 3406 3612 3459 τὸν

2028 3494 2239 3561 καρπὸν
2272 3496 2384 3566 (67)
2412 3497 2771 3569 ἐκτρεφούσῃ.

354 3573 740 3645 capriﬁcorum
785 3577 1071 3647 prtesentia
1110 3579 1377 3650 colligenti
1427 3582 1569 3634 vires
1599 3587 1656 3635 et
1686 3577 1973 3635 deﬂuvium
2015 3585 2309 3655 cohibenti,
2354 3588 2697 3659 fructumque
2724 3591 3028 3661 diligentius
3072 3592 3385 3658 enutrienti,
3415 3589 3612 3646 similis

346 3669 565 3723 evadas.

423 3761 475 3815 8.
519 3759 682 3817 Tales
729 3761 892 3831 igitur
929 3771 1055 3817 sunt
1106 3764 1251 3819 circa
1287 3764 1650 3834 generationis
1704 3764 1919 3817 modnnt

349 3852 669 3907 differentia:
704 3854 1033 3922 plantarum,
1074 3864 1133 3909 ut
1173 3871 1342 3925 pauca
1386 3855 1673 3908 admodum
1708 3855 1771 3908 de
1808 3855 1924 3922 plu-

349 3946 505 4000 rimis
548 3946 809 4001 dicamus.
858 3946 1097 4016 Ipsorum
1142 3958 1321 4001 autem
1370 3947 1641 4001 fructuum
1691 3947 1925 3999 varieta-

349 4044 485 4102 tem,
515 4038 736 4109 ﬁguras,
764 4038 999 4102 colores,
1029 4054 1279 4109 saporum
1310 4039 1720 4107 proprietatem,
1749 4038 1927 4089 unius-

352 4130 612 4201 cujusque
635 4130 919 4185 utilitatem
944 4131 1066 4199 quis
1097 4145 1380 4185 recensere
1409 4130 1616 4198 possit?
1646 4130 1925 4195 Quomodo

352 4224 569 4291 quidam
604 4223 729 4276 nudi
773 4232 1079 4292 coquantur
1120 4238 1149 4275 a
1181 4222 1314 4287 sole,
1360 4222 1577 4293 quidam
1613 4236 1741 4276 vero
1775 4231 1925 4289 puta-

350 4315 586 4369 minibus
637 4317 905 4377 contecti,
948 4316 1352 4384 compleantur;
1388 4323 1442 4367 et
1488 4329 1714 4383 quarum
1764 4315 1923 4365 arbo-

353 4422 474 4459 rum
508 4414 658 4460 tener
683 4415 766 4460 est.
807 4406 1035 4471 fructus,
1071 4409 1122 4462 in
1155 4410 1219 4462 iis
1246 4422 1491 4462 crassum
1522 4409 1593 4460 sit
1624 4407 1737 4461 folii
1776 4417 1925 4475 tegu-

354 4507 615 4564 mentum,
659 4498 803 4552 velut
834 4499 883 4551 in
928 4498 1060 4552 fico:
1103 4514 1331 4568 quarum
1375 4514 1503 4551 vero
1551 4498 1757 4551 fructus
1802 4507 1928 4551 sunt

359 4590 647 4655 tirmiores,
677 4588 791 4641 leve
830 4589 901 4642 sit
944 4589 1198 4643 foliorum
1235 4598 1507 4651 tutamen,
1552 4591 1627 4641 uti
1663 4588 1715 4641 in
1768 4602 1924 4641 nuce.

354 4677 490 4733 Nam
524 4679 628 4733 illis
651 4682 717 4735 ob
742 4682 1071 4735 debilitatem
1116 4680 1356 4736 subsidio
1382 4681 1587 4749 majore
1619 4693 1751 4746 opus
1775 4686 1889 4731 erat
1916 4694 1929 4731 :

359 4774 443 4827 his
490 4788 617 4827 vero
656 4775 886 4829 amictus
940 4775 1178 4828 crassior
1226 4784 1445 4843 propter
1499 4771 1772 4825 frondium
1816 4785 1927 4822 um-

358 4866 513 4920 bram
548 4866 841 4921 nocuisset.
869 4868 1150 4933 Quomodo
1180 4865 1438 4921 difﬁssum
1469 4867 1542 4919 sit
1569 4864 1694 4918 vitis
1721 4862 1929 4927 folium,

359 4966 421 5009 ut
471 4972 571 5009 uva
606 4965 660 5010 et
709 4958 849 5011 aeris
888 4956 1103 5026 injuriis
1155 4957 1403 5022 resistat,
1453 4965 1507 5009 et
1542 4956 1750 5009 radium
1804 4953 1934 5007 solis

363 5060 460 5115 per
493 5046 636 5102 illius
675 5049 957 5102 raritatem
1006 5049 1239 5104 ubertim
1285 5049 1568 5118 suscipiat.
1627 5045 1769 5100 Nihil
1817 5047 1935 5100 sine

438 5204 551 5277 (65)
590 5205 768 5262 Editio
830 5205 996 5263 Basil.
1027 5223 1148 5263 cum
1205 5217 1328 5262 octo
1373 5220 1530 5270 mss.,
1570 5206 1626 5258 ὲν
1659 5203 1807 5275 αὐτῷ
1855 5204 1935 5275 τῷ

363 5275 521 5349 erat}.
544 5277 720 5349 Editio
758 5277 956 5342 Paris.,
992 5280 1049 5331 ἐν
1076 5277 1155 5349 τῷ
1183 5278 1332 5349 αὑτῷ
1362 5278 1510 5330 εἴδει.

461 5347 552 5415 64)
594 5347 684 5402 Sic
709 5361 839 5402 mss.
871 5358 1001 5403 tres.
1036 5346 1193 5403 Deest
1223 5346 1316 5401 καί
1339 5348 1391 5400 in
1425 5346 1658 5402 excusis.

470 5418 559 5490 66)
588 5417 672 5490 _lta
692 5433 799 5490 ‘sex
836 5434 965 5473 mss.
998 5416 1135 5472 Editi
1166 5420 1410 5490 ἀγρίους.

457 5486 549 5556 66)
586 5488 661 5541 Ita
692 5487 823 5549 Reg.
854 5500 1078 5542 octavus
1107 5486 1411 5543 etttn'Colb.
1438 5487 1673 5542 secundo
1699 5496 1752 5542 et
1781 5486 1938 5542 Com-

436 5488 549 5609 (66)
586 5488 661 5541 Ita

365 5556 434 5612 be
460 5594 473 5607 .
500 5559 667 5610 Abest

701 5557 946 5626 βούλεται
975 5559 1041 5611 ab
1070 5560 1250 5613 editis.

442 5627 552 5697 (6])
595 5626 732 5697 Editi
760 5644 879 5681 cum
915 5644 1021 5681 uno
1060 5640 1151 5682 aut
1184 5629 1351 5683 altero
1389 5643 1489 5681 ms.
1518 5627 1642 5689 τοὺς
1670 5626 1931 5697 καρπούς.

374 5690 716 5749 Δι’ὒόιιὼοΐ.
743 5712 861 5750 cum
892 5699 1007 5753 aliis
1040 5709 1271 5763 quatuor
1303 5712 1434 5753 mss.
1469 5698 1560 5749 τὸν
1594 5690 1824 5766 καρπον.

2096 3765 2149 3818 8.
2180 3764 2444 3817 Τοιαῦται
2474 3763 2571 3835 μὲν
2596 3759 2688 3816 οῦν
2716 3765 2773 3818 αἱ
2805 3767 2933 3835 περὶ
2959 3766 3050 3818 τὸν
3077 3768 3278 3837 τρόπον
3320 3768 3417 3836 τῆς
3460 3768 3614 3835 γενέ·

2028 3870 2163 3915 σεως
2192 3851 2369 3905 αὐτῶν
2402 3851 2674 3922 διαφοραὶ,
2714 3853 2787 3914 ὡς
2816 3854 3072 3924 ἐλάχιστα
3110 3857 3282 3908 εἰπεῖν
3315 3856 3424 3909 ἀπὸ
3460 3857 3614 3910 πλεί-

2030 3959 2188 3995 στων.
2211 3941 2399 3994 Αὐτῶν
2419 3942 2474 3993 δὲ
2491 3942 2600 3995 τῶν
2623 3942 2850 4013 καρπῶν
2873 3945 2956 4006 τίς
2982 3943 3046 3997 ἂν
3072 3946 3289 3998 ἐπέλθοι
3310 3946 3407 4017 τὴν
3431 3965 3613 4001 ποικι-

2027 4033 2168 4097 λίαν,
2196 4033 2266 4085 τά
2294 4035 2570 4103 σχήματα,
2600 4032 2699 4095 τάς
2727 4034 3041 4104 χρόας,τῶν
3063 4036 3251 4107 χυμῶν
3286 4037 3380 4107 τὴν
3414 4039 3615 4109 ἰδιότη-

2029 4143 2118 4189 τα,
2151 4124 2211 4176 τὸ
2241 4125 2333 4191 ἀφ’
2376 4124 2603 4177 ἑκάστου
2644 4126 2942 4195 χρήσιμον;
2984 4126 3107 4189 Πῶς
3135 4127 3256 4180 τινὰ
3297 4128 3394 4197 μὲν
3428 4130 3616 4198 γυμνὰ

2036 4217 2306 4269 πέπτεται
2365 4216 2441 4285 τῷ
2482 4216 2615 4287 ἡλίῳ
2641 4217 2794 4285 ,(68),
2834 4217 2956 4269 τινὰ
2994 4218 3049 4270 δὲ
3092 4220 3150 4271 ἐν
3178 4218 3422 4291 ἐλύτροις
3444 4238 3614 4275 κεκα-

2034 4308 2287 4380 λυμμένα
2310 4308 2645 4379 πληροῦται;
2693 4311 2787 4362 καὶ
2828 4303 2902 4362 ὧν
2940 4309 3037 4379 μὲν
3072 4311 3279 4374 ἁπαλὸς
3317 4314 3344 4363 ὁ
3377 4314 3615 4383 καρπὸς,

2035 4398 2177 4467 παχὺ
2200 4395 2292 4449 τοῦ
2320 4395 2518 4465 φύλλου
2546 4397 2605 4448 τὸ
2627 4400 3044 4471 σκεπαστήριον,
3075 4400 3149 4462 ὡς
3171 4402 3261 4452 ἐπὶ
3288 4402 3385 4471 τῆς
3412 4404 3615 4473 συκῆς,

2032 4483 2106 4542 ὧν
2140 4489 2197 4541 δὲ
2239 4490 2287 4541 οἱ
2322 4489 2523 4559 καρποὶ
2565 4489 2979 4561 στεγανώτεροι,
3022 4491 3233 4561 ἐλαφρά
3268 4492 3372 4545 τῶν
3400 4494 3619 4561 φύλλων

2037 4584 2070 4651 ἡ
2124 4580 2361 4652 προϐολὴ
2406 4580 2538 4649 (69),
2590 4580 2664 4643 ὡς
2705 4581 2796 4632 ἐπὶ
2840 4582 2941 4651 τῆς
2984 4581 3226 4652 καρύας;
3260 4584 3382 4636 Ὅτι
3429 4585 3620 4638 ἐκεῖνα

2040 4673 2138 4742 μέν
2162 4672 2247 4725 διὰ
2269 4672 2330 4724 τὸ
2353 4672 2575 4734 ἀσθενὲς
2598 4671 2838 4735 πλείονος
2869 4672 3039 4726 ἐδεῖτο
3066 4674 3166 4745 τῆς
3195 4672 3467 4746 βοηθείας
3491 4677 3621 4729 τού-

2034 4781 2145 4827 τοις
2180 4764 2224 4817 δ’
2253 4764 2318 4818 ἂν
2350 4763 2692 4836 προσϐλαϐὴς
2725 4766 2938 4833 ἐγένετο
2978 4767 3009 4835 ἡ
3041 4767 3323 4838 παχυτέρα
3354 4768 3619 4840 περιϐολὴ

2036 4856 2101 4907 ἐκ
2127 4855 2227 4924 τῆς
2246 4855 2343 4908 ἀπ’
2371 4855 2551 4908 αὐτῶν
2583 4857 2759 4918 σκιᾶς.
2788 4856 2911 4917 Πῶς
2941 4858 3290 4927 κατέσχισται
3314 4860 3410 4930 τῆς
3431 4860 3618 4929 ἀμπέ-

2035 4947 2127 5000 λου
2156 4947 2215 4999 τὸ
2254 4946 2469 5014 φύλλον,
2506 4947 2591 5001 ἵνα
2616 4948 2709 5000 καὶ
2738 4946 2872 5017 πρὸς
2895 4947 2994 5011 τὰς
3020 4949 3084 5001 ἐκ
3106 4950 3198 5002 τοῦ
3219 4950 3379 5021 ἀέρος
3409 4951 3621 5020 βλάϐας

2037 5042 2065 5092 ὁ
2092 5042 2285 5112 βότρυς
2321 5041 2543 5113 ἀντέχῃ,
2572 5042 2665 5093 καὶ
2705 5042 2804 5114 τὴν
2851 5043 3043 5096 ἀκτῖνα
3076 5045 3172 5097 τοῦ
3200 5044 3348 5115 ἡλίου
3394 5044 3483 5097 διὰ
3514 5044 3619 5114 τῆς

2114 5200 2225 5271 (68)
2267 5199 2419 5273 Colb.
2443 5202 2711 5273 secundus
2757 5203 2941 5272 γυμνὰ
2990 5203 3314 5273 πεπαίνεται
3355 5200 3434 5272 τῷ
3482 5202 3623 5273 ἡλξῳ

2042 5270 2542 5341 παραδεικνύμενα,
2582 5272 2726 5323 nuda
2763 5270 3083 5341 coquuntur,
3130 5273 3174 5325 si
3206 5272 3306 5325 soli
3352 5270 3623 5336 exportari-

2043 5340 2147 5394 tur.
2194 5342 2326 5412 Reg.
2366 5340 2558 5395 tertius
2604 5341 2870 5395 πέπτεται
2921 5344 2999 5411 τῷ
3051 5341 3185 5412 ἡλίῳ
3250 5342 3621 5411 παραδεικνύ-

2263 5481 2415 5536 Colb.
2442 5482 2707 5537 secundus
2746 5481 2961 5551 φύλλιον
2989 5485 3022 5552 ἡ
3057 5481 3336 5552 περιϐολή,
3367 5481 3619 5549 [aliarum

2041 5555 2283 5605 amictus.
2310 5552 2494 5607 Lectio
2528 5552 2753 5621 optima.
2786 5554 2922 5606 Editi
2959 5569 3080 5606 cum
3114 5554 3231 5605 aliis
3265 5568 3392 5606 mss.
3425 5554 3457 5620 ἡ
3491 5568 3619 5620 προ-

2040 5621 2192 5743 ἓὶολὴἓ
2228 5621 2358 5692 Reg.
2391 5624 2580 5679 tertius
2623 5624 2676 5675 ai
2713 5624 2947 5694 ἐλαφραὶ
2980 5623 3088 5676 τῶν
3124 5621 3335 5690 φύλλων
3370 5623 3423 5674 αἱ
3478 5638 3615 5691 προ-

2077 5710 2102 5743 o
2126 5709 2169 5743 κα
2201 5732 2213 5743 .

2077 5709 2213 5745 υλαι.
