3850 6218
141 260 248 314 115

1284 262 1570 318 llOMlLlA
1621 263 1662 316 V
1705 261 1774 317 IN
1814 262 2316 320 ΗΕΧΑΕΜΕΒΟΝ.

3315 262 3414 319 IIII

134 378 464 450 ἀραιότητος
525 377 762 447 δαψιλῶς
819 377 1196 449 ύποδὲχηταις
1231 381 1398 434 Οὐδὲν
1452 381 1728 436 ἀναίτιον·

1842 397 2023 446 causa,
2048 382 2180 436 nihil
2209 392 2411 436 temere
2435 381 2636 444 factum
2668 393 2752 440 est
2779 402 2792 437 :
2823 383 3007 438 omnia
3043 385 3112 438 ab
3151 379 3415 442 iuuetfaeili

133 472 292 524 οὐδὲν
352 470 464 524 ἀπὸ
523 471 864 542 ταυτομάτου
897 489 909 501 ·
969 473 1148 525 πάντα
1195 472 1307 542 ἔχει
1363 472 1486 525 τινὰ
1538 473 1730 542 σοφίαν

134 564 476 634 ἀπόρρητον.
505 562 602 626 Τίς
633 561 700 616 ἂν
725 562 968 632 ἐφίκοιτο
1003 561 1194 632 λόγος;
1235 565 1362 630 Πῶς
1392 564 1730 638 ἀνθρώπινος

135 655 269 719 νοῦς
293 655 470 708 πάντα
511 655 630 726 μετ’
664 654 953 726 ἀκριϐείας
1001 657 1242 722 ἐπέλθοι,
1285 657 1426 710 ὥστε
1462 659 1558 711 καὶ
1599 677 1731 714 κοιτ-

135 749 270 802 ιδεῖν
298 748 397 810 τὰς
439 747 726 818 ἰδιότητας,
771 749 868 801 καὶ
904 747 1003 814 τὰς
1046 749 1183 821 πρὸς
1205 750 1436 803 ἕκαστον
1467 750 1730 822 διαφορὰς

134 836 384 908 ἐναργῶς
407 837 699 907 διακρῖναι,
723 838 819 890 καὶ
843 836 944 901 τὰς
973 836 1357 910 κεκρυμμένοις
1382 837 1559 899 αἰτίας
1577 837 1730 890 ἀνεν-

131 925 276 988 δεῶς
320 926 710 996 παραστῆσαι;
755 927 850 979 Ἓν
879 925 1048 998 ὕδωρ,
1078 927 1166 980 διὰ
1194 927 1293 997 τῆς
1323 926 1477 998 ῥίζης
1502 927 1730 998 ἑλκόμε-

135 1035 254 1082 νον,
303 1017 480 1080 ἄλλως
528 1018 626 1088 μὲν
660 1016 852 1088 τρέφει
890 1019 990 1089 τὴν
1036 1019 1194 1090 ῥίζαν
1238 1019 1432 1090 αὐτὴν,
1467 1019 1640 1083 ἄλλως
1671 1019 1728 1073 δὲ

133 1111 234 1162 τὸν
279 1109 465 1179 φλοιὸν
503 1110 600 1162 τοῦ
647 1109 952 1180 στελέχους,
995 1111 1091 1164 καὶ
1121 1110 1296 1174 ἄλλως
1335 1110 1394 1164 τὸ
1435 1110 1606 1176 ξύλον,
1634 1113 1728 1164 καὶ

133 1203 242 1272 τὴν
274 1200 596 1273 ἐντεριώνην
625 1202 848 1273 ἑτέρως.
883 1203 957 1256 Τὸ
990 1203 1120 1256 αὐτὸ
1149 1203 1242 1255 καὶ
1271 1203 1465 1272 φύλλον
1495 1203 1723 1270 γίνεται,

138 1295 238 1347 καὶ
281 1294 360 1356 είς
400 1292 710 1365 ἀκρέμονας
761 1294 856 1347 καὶ
905 1293 1134 1358 κλάδους
1186 1291 1597 1364 κατασχίζεται,
1635 1295 1728 1347 καὶ

135 1387 254 1449 τοῖς
281 1388 512 1456 καρποῖς
546 1385 776 1456 παρέχει
817 1387 918 1456 τὴν
951 1386 1198 1457 αὔξησιν,
1237 1388 1331 1441 καὶ
1360 1387 1596 1458 δάκρυον
1631 1385 1724 1440 τοῦ

139 1477 314 1546 φυτοῦ
342 1477 434 1531 καὶ
457 1478 590 1541 ὀπὸς
615 1480 678 1530 ἐκ
701 1479 801 1548 τῆς
827 1479 998 1548 αὐτῆς
1023 1479 1201 1543 αἰτίας
1225 1480 1337 1550 (70)
1365 1479 1692 1550 προέρχεται
1709 1497 1722 1510 ’

137 1565 224 1633 οἷς
243 1569 382 1641 πόση
408 1569 546 1642 πρὸς
568 1569 774 1640 ἄλληλά
789 1573 935 1624 ἐστιν
961 1573 994 1641 ἡ
1020 1571 1274 1642 διαφορὰ,
1291 1571 1467 1634 οὐδεὶς
1487 1570 1552 1624 ἂν
1572 1571 1727 1640 λόγος

137 1661 394 1727 ἐξίκοιτο.
430 1661 592 1714 ’Άλλο
621 1661 730 1734 γὰρ
756 1663 849 1715 τοῦ
878 1663 1059 1733 σχίνου
1082 1661 1144 1715 τὸ
1167 1663 1422 1733 δάκρυον,
1455 1664 1548 1716 καὶ
1569 1662 1725 1726 ἄλλος

135 1756 170 1806 ὁ
197 1753 332 1816 ὀπὸς
369 1753 460 1808 τοῦ
503 1727 779 1826 βαλσάμου
801 1773 814 1786 ·
861 1727 957 1808 xui;
991 1727 1448 1828 νάρθηκέςπινες
1495 1755 1587 1808 ἐπὶ
1627 1757 1726 1826 τῆς
1757 1727 1798 1780 Β

89 1845 420 1913 ,Αἰγύπτου
477 1847 568 1899 καὶ⁵
614 1846 821 1917 Λιϐύης
875 1847 1062 1917 ἓτερον
1118 1845 1266 1900 ὀπῶν
1311 1846 1468 1915 γένος
1525 1846 1727 1900 ἀποδα-

137 1934 392 2006 κρύουσι.
413 1937 584 2006 Λόγος
605 1938 661 1991 δέ
683 1939 767 2001 τίς
793 1942 908 1992 ἐστι
936 1939 1032 1992 καὶ
1053 1939 1116 1991 τὸ
1145 1939 1408 2012 ἤλεκτρον
1432 1939 1564 1993 ὀπὸν
1587 1936 1728 1994 εἷναι

137 2027 326 2093 φυτῶν
355 2027 434 2090 εἰς
459 2027 607 2080 λίθου
636 2027 797 2096 φύσιν
839 2027 1316 2098 ἁποπηγνύμενον.
1351 2031 1635 2101 Μαρτυρεῖ
1671 2029 1728 2083 δὲ

138 2115 222 2185 τῷ
257 2116 399 2187 λόγῳ
433 2117 502 2170 τὰ
547 2119 922 2188 ἐμφαινόμενα
959 2120 1142 2191 κάρφη
1177 2121 1272 2174 καὶ
1309 2121 1378 2175 τὰ
1427 2121 1728 2177 λεπτότατα

133 2207 252 2260 τῶν
299 2207 474 2274 ζώων,
521 2209 688 2281 ἅπερ,
737 2210 946 2264 ἁπαλοῦ
989 2211 1142 2275 ὄντος
1194 2211 1288 2265 τοῦ
1332 2213 1488 2278 ὀποῦ,
1529 2216 1727 2268 ἐναπο-

139 2299 418 2369 ληφθέντα
443 2301 750 2372 κατέχεται.
773 2305 882 2356 Καὶ
923 2303 1060 2368 ὅλως
1089 2303 1189 2374 τὴν
1213 2303 1355 2357 κατά
1392 2303 1491 2368 τὰς
1513 2306 1730 2376 ποιότη-

137 2411 242 2456 τας
275 2392 384 2446 τῶν
418 2395 566 2448 ὀπῶν
595 2395 856 2466 διαφορὰν
886 2398 914 2449 ὁ
939 2396 1014 2467 μὴ
1039 2399 1104 2466 τῇ
1137 2397 1302 2468 πείρᾳ
1323 2395 1592 2467 διδαχθεὶς
1614 2399 1731 2451 ούδ-

139 2487 241 2538 ένα
289 2485 445 2553 λόγον
477 2487 699 2558 εὑρήσει
744 2487 842 2558 τὴν
883 2488 1164 2558 ἐνέργειαν
1197 2488 1569 2558 παριστῶντα.
1605 2489 1732 2553 Πῶς

137 2577 312 2632 πάλιν
339 2579 446 2630 ἀπὸ
483 2580 582 2648 τῆς
608 2578 778 2649 αὐτῆς
803 2579 1006 2642 νοτίδος
1033 2581 1090 2632 ὲν
1117 2580 1216 2650 μὲν
1250 2583 1315 2651 τῇ
1342 2581 1569 2651 ἀμπέλῳ
1591 2577 1731 2643 οἶνος

139 2671 482 2734 συνίσταται,
513 2673 571 2723 ὲν
619 2671 674 2724 δὲ
711 2673 778 2742 τῇ
817 2672 972 2742 ἐλαίᾳ
997 2673 1058 2725 τὸ
1085 2672 1292 2738 ἔλαιον;
1338 2673 1447 2726 Καὶ⁸
1479 2673 1538 2725 οὐ
1573 2672 1733 2726 τοῦτο

143 2762 310 2832 μόνον
361 2762 692 2832 θαυμαστὸν,
734 2763 848 2823 πῶς
891 2756 994 2818 ὦδε
1041 2764 1141 2835 μὲν
1183 2765 1244 2818 τὺ
1288 2766 1453 2837 ὑγρὸν
1495 2765 1733 2834 ἀπεγλυ-

141 2851 342 2922 κάνθη,
385 2854 500 2904 ἐκεῖ
538 2853 602 2906 δὲ·
635 2853 863 2925 λιπαρὸν
889 2855 1132 2924 γέγονεν,
1163 2855 1278 2908 ἀλλ’
1308 2856 1390 2908 ὅτι
1424 2856 1516 2909 καὶ
1544 2857 1602 2910 ἐν
1621 2858 1734 2920 τοῖς

139 2945 372 3014 γλυκέσι
399 2947 632 3016 καρποῖς
661 2946 992 3019 ἀμύθητοςὴ
1021 2947 1346 3020 παραλλαγὴ
1388 2950 1487 3019 τῆς
1517 2949 1735 3020 ποιότη-

1832 473 2066 542 quadam
2115 472 2378 542 sapientia
2437 472 2876 542 proﬁciscuntur.
2922 475 3180 542 Quanam
3229 479 3407 532 oratio

1831 566 2002 636 possit
2033 565 2211 622 omnia
2245 565 2496 634 assequi?
2521 564 2800 640 Quomon
2827 567 3006 620 omnia
3037 578 3293 622 accurate
3321 584 3400 623 re-

1831 672 2052 713 censere
2081 656 2252 726 possit
2293 671 2444 711 mens
2479 655 2736 720 humana,
2775 659 2908 712 adeo
2940 665 2998 710 ut
3039 659 3404 727 proprietates

1831 757 2141 818 cognoscat,
2188 755 2442 802 secernat
2487 746 2634 800 clare
2667 747 3000 818 singulorum
3047 748 3399 817 differentias,

1829 847 1884 892 et
1927 839 2166 893 occultas
2205 853 2396 894 causas
2435 847 2586 890 certo
2631 836 2906 906 proferat?
2951 838 3072 894 Una
3115 853 3256 908 aqua
3305 856 3403 909 per

1829 932 2068 996 radicem
2095 938 2345 996 attracta,
2375 931 2532 985 aliter
2559 931 2726 985 nutrit
2757 932 2926 1000 ipsam
2955 931 3218 993 radicem,
3243 931 3404 986 aliter

1829 1027 2006 1082 trunci
2061 1027 2340 1092 corticem,
2390 1026 2547 1080 aliter
2600 1025 2844 1098 lignum,
2900 1025 3056 1080 aliter
3091 1025 3400 1080 medullam.

1827 1119 2028 1174 Eadem
2053 1129 2107 1174 et
2136 1119 2322 1174 folium
2363 1119 2443 1185 lit,
2480 1127 2535 1172 et
2581 1120 2636 1173 in
2677 1119 2914 1188 majores
2955 1134 3019 1174 ac
3065 1117 3122 1172 in
3161 1119 3402 1173 minores

1829 1227 2010 1268 ramos
2039 1211 2386 1275 discinditur,
2414 1210 2527 1284 48
2555 1222 2611 1267 et
2643 1221 2868 1280 praestat
2923 1212 3193 1267 fructibus
3223 1212 3402 1266 incre—

1829 1313 2110 1359 mentum:
2145 1305 2399 1374 lacrymaz
2436 1305 2599 1358 etiam
2645 1313 2700 1358 et
2733 1317 2929 1358 succus
2972 1304 3170 1374 plantae
3198 1318 3266 1358 ex
3311 1317 3401 1357 ea-

1829 1393 1948 1448 dem
1977 1405 2138 1446 causa
2169 1392 2492 1462 proveniunt
2522 1409 2536 1446 :
2569 1406 2689 1461 quae
2732 1402 2992 1462 quantum
3027 1391 3168 1446 inter
3199 1405 3259 1447 se
3295 1393 3400 1446 dif-

1827 1484 2022 1550 ferant,
2057 1483 2234 1536 nullus
2259 1498 2443 1538 sermo
2467 1481 2740 1552 explicare
2774 1483 2962 1552 possit.
2991 1483 3113 1537 Alia
3141 1491 3225 1538 est
3255 1483 3398 1538 enim

1829 1575 2036 1631 lentisci
2085 1575 2348 1646 lacryma,
2391 1575 2532 1630 alius
2582 1575 2808 1630 balsami
2861 1589 3059 1630 succus
3103 1576 3398 1644 :quaadam

1827 1667 1990 1721 etiam
2035 1665 2218 1720 ferulae
2259 1665 2312 1720 in
2341 1663 2576 1736 Egypto
2619 1672 2673 1721 et
2705 1665 2758 1718 in
2803 1664 2974 1736 Libya
3018 1665 3224 1720 stillant
3256 1664 3400 1718 aliud

1827 1771 2113 1811 succorum
2151 1771 2340 1825 genus.
2384 1754 2590 1810 Ferunt
2628 1770 2842 1824 quoque
2870 1756 3154 1819 electrum,
3180 1770 3399 1810 succum

1827 1861 1950 1902 esse
2001 1847 2324 1916 plantarum,
2369 1846 2424 1900 in
2491 1845 2683 1915 lapidis
2735 1856 2987 1900 naturam
3055 1855 3395 1902 concretum.

1829 1938 1998 1995 Porro
2035 1939 2304 2009 opinionis
2333 1937 2494 2005 hujus
2527 1938 2894 1994 testimonium
2924 1950 3049 1994 sunt
3077 1939 3299 1992 festuca:
3341 1939 3395 1992 in

1829 2031 1950 2100 ipso
1987 2040 2325 2100 apparentes,
2359 2044 2422 2084 ac
2453 2029 2691 2084 bestiolae
2724 2030 3074 2094 tenuissimae,
3103 2045 3241 2098 quae,
3275 2043 3402 2098 pro-

1829 2136 2014 2194 pterea
2049 2123 2192 2193 quod
2235 2123 2288 2176 in
2333 2130 2518 2176 tenero
2555 2137 2617 2177 ac
2652 2121 2798 2178 molli
2837 2137 2998 2178 succo
3026 2123 3398 2186 consederint,

1830 2218 2139 2273 detinentur
2177 2215 2417 2270 inclusae.
2461 2215 2525 2269 Et
2555 2216 2608 2270 in
2640 2230 2876 2279 summa,
2910 2215 3003 2284 qui
3038 2231 3144 2269 non
3185 2217 3402 2282 experi-

1828 2318 2012 2366 mento
2057 2310 2283 2364 edoctus
2331 2319 2445 2375 est,
2491 2316 2754 2376 quantum
2803 2307 2944 2361 inter
2988 2322 3047 2361 se
3096 2308 3405 2388 discrepent

1834 2418 2125 2460 succorum
2182 2401 2502 2472 qualitates,
2547 2399 2596 2454 is
2643 2399 2708 2454 ad
2745 2414 2932 2454 eorum
2977 2401 3082 2452 vim
3124 2407 3178 2453 et
3219 2397 3402 2452 enica-

1831 2497 1970 2550 ciam
2016 2494 2394 2564 explicandam
2447 2491 2652 2546 nullum
2705 2503 3021 2560 reperturus
3064 2502 3148 2546 est
3193 2506 3404 2545 sermo-

1830 2601 1976 2642 nem.
2019 2585 2302 2652 Quomodo
2340 2583 2535 2636 iterum
2580 2584 2647 2636 ab
2703 2584 2893 2637 eodem
2937 2583 3164 2638 humore
3203 2584 3256 2636 in
3299 2583 3407 2638 vite

1832 2680 2050 2749 quidem
2095 2679 2278 2731 vinum
2327 2675 2663 2743 producitur,
2711 2675 2763 2728 in
2796 2674 2914 2729 olea
2960 2686 3141 2729 autem
3188 2675 3409 2730 oleum?

1830 2771 2010 2840 Atque
2039 2784 2147 2824 non
2182 2767 2234 2823 id
2264 2767 2436 2820 solum
2486 2765 2790 2820 mirandum
2819 2775 2922 2830 est,
2968 2781 3204 2835 quonam
3251 2776 3410 2835 pacto

1833 2863 2031 2920 humor
2058 2860 2144 2914 hic
2173 2857 2364 2922 dulcis,
2405 2857 2514 2912 illic
2561 2858 2774 2927 pinguis
2813 2858 3088 2912 evaserit:
3123 2857 3219 2912 sed
3263 2861 3408 2927 quod

1833 2955 2000 3009 etiam
2040 2953 2094 3006 in
2141 2951 2390 3006 dulcibus
2431 2947 2698 3004 fructibus
2733 2948 3114 3003 inenarrabilis
3153 2958 3238 3002 est
3271 2963 3408 3017 qua-

140 3055 259 3102 τος.
297 3038 458 3092 Ἀλλο
479 3038 590 3110 γὰρ
617 3039 680 3092 τὸ
702 3041 762 3092 ἐν
801 3040 1032 3112 ἀμπέλῳ
1053 3041 1247 3109 γλυκὺ,
1277 3041 1369 3093 καὶ
1404 3040 1532 3094 ἀλλο
1573 3041 1635 3093 τὸ
1675 3043 1734 3094 ὲν

1842 3046 2004 3101 litatis
2043 3041 2416 3098 commutatio.
2457 3042 2576 3096 Alia
2620 3051 2704 3096 est
2744 3040 2887 3094 enim
2927 3039 2982 3094 in
3019 3041 3127 3092 vite
3159 3039 3408 3102 dulcedo,

147 3131 348 3204 μηλέᾳ,
385 3134 478 3185 καὶ
515 3132 685 3202 σύκῳ,
713 3134 806 3186 καὶ
835 3134 1055 3202 φοίνικι.
1089 3135 1208 3186 Ἔτι
1235 3151 1294 3186 σε
1323 3133 1580 3204 βούλομαι
1603 3135 1732 3205 περὶ

137 3225 250 3295 τὴν
275 3223 518 3288 ἐξέτασιν
540 3223 744 3295 ταύτην
767 3223 1168 3295 φιλοτεχνῆσαι,
1195 3225 1311 3288 πῶς
1342 3226 1400 3278 τὸ
1432 3225 1564 3279 αὐτὸ
1590 3224 1733 3297 ὕδωρ

146 3315 247 3368 νῦν
279 3316 376 3386 μὲν
421 3315 560 3368 λεῖόν
603 3318 718 3369 ἐστι
762 3319 828 3387 τῇ
872 3317 1139 3388 αἰσθήσει,
1166 3319 1294 3370 ὅταν
1329 3320 1386 3370 ὲν
1411 3317 1585 3371 τοῖσδέ
1625 3334 1735 3370 τισι

145 3413 266 3471 τοῖς
291 3411 478 3478 φυτοῖς
503 3410 794 3480 γενόμενον
837 3410 1222 3482 ἀπογλυκανθῇ
1247 3429 1259 3440 ·
1307 3411 1404 3464 νῦν
1429 3411 1484 3464 δὲ
1509 3410 1735 3481 πληκτι-

149 3502 249 3556 κὸν
282 3504 397 3556 ἐστι
419 3506 517 3574 τῆς
542 3503 800 3572 γεύσεως,
827 3507 956 3558 ὃταν
997 3505 1064 3558 δι’
1103 3505 1278 3559 ἄλλων
1301 3504 1483 3574 φυτῶν
1521 3505 1738 3576 ἐνεχθὲν

147 3593 506 3664 ἁποξύνηται.
539 3596 650 3648 Καὶ
683 3594 847 3648 πάλιν
899 3597 979 3658 είς
1023 3595 1122 3666 τὴν
1157 3593 1391 3664 ἐσχάτην
1433 3594 1739 3665 πικρότητα

151 3686 491 3758 μεταϐάλλον
526 3686 847 3756 ἐκτραχύνει
871 3687 970 3756 τὴν
999 3685 1272 3756 αἴσθησιν,
1299 3687 1426 3739 ὅταν
1451 3688 1510 3738 ὲν
1533 3685 1741 3756 ἀψίνθῳ

151 3781 186 3849 ἢ
215 3780 549 3850 σκαμμωνία
577 3779 685 3850 (Ἠ)
710 3779 970 3850 γένηται·
1002 3779 1092 3832 καὶ
1115 3781 1171 3831 ἐν
1199 3779 1297 3850 μὲν
1339 3781 1460 3840 ταῖς
1491 3777 1742 3848 βαλάνοις

153 3871 188 3942 ἢ
211 3871 290 3940 τῷ
311 3871 508 3944 καρπῷ
525 3872 622 3941 τῆς
648 3871 906 3944 κρανείας
932 3871 1066 3942 πρὸς
1085 3870 1182 3942 τὴν
1209 3870 1414 3942 στυφὴν
1435 3872 1528 3923 καὶ
1544 3869 1609 3922 αύ
1619 3887 1744 3941 στη-

157 3965 263 4036 ράν
289 3965 548 4034 ποιότητα
573 3963 924 4036 μεταϐάλλει·
957 3966 1014 4017 ὲν
1038 3963 1096 4016 δὲ
1136 3965 1258 4026 ταῖς
1283 3962 1614 4035 τερεϐίνθοις
1649 3961 1745 4014 καὶ

156 4060 282 4120 ταῖς
310 4057 540 4130 καρύαις
575 4059 712 4129 πρὸς
754 4056 967 4129 ἁπαλὴν
991 4057 1088 4110 καὶ
1147 4055 1376 4127 ἐλαιώδη
1409 4055 1571 4126 φύσιν
1611 4054 1746 4125 μεθ-

163 4151 399 4210 ίσταται.

231 4239 286 4293 9.
327 4241 438 4294 Καὶ
481 4240 534 4292 τί
571 4240 653 4293 δεῖ
699 4239 766 4293 τὰ
798 4240 987 4312 πόρρω
1023 4241 1226 4310 λέγειν,
1257 4239 1388 4293 ὅπου
1428 4255 1492 4307 γε
1531 4239 1623 4292 ἐπὶ
1649 4238 1749 4310 τῆς

157 4331 334 4400 αὐτῆς
355 4331 525 4402 συκῆς
553 4332 687 4402 πρὸς
711 4331 809 4396 τὰς
839 4333 1233 4394 ἐναντιωτάτας
1259 4331 1573 4402 μεταϐαίνει
1600 4329 1749 4383 ποιό-

1837 3139 1939 3194 alla
1973 3139 2024 3192 in
2059 3135 2221 3198 malo,
2252 3135 2302 3188 in
2329 3134 2450 3196 lico,
2471 3148 2537 3186 ac
2569 3133 2621 3186 in
2662 3133 2858 3201 palma.
2901 3131 3035 3185 Volo
3073 3130 3312 3198 insuper,
3353 3139 3411 3182 ut

1839 3232 1953 3286 haec
1995 3227 2186 3296 majori
2227 3225 2404 3281 studio
2432 3234 2488 3278 et
2534 3233 2650 3278 arte
2699 3222 3099 3292 perscruteris;
3141 3220 3413 3291 quomodo

1838 3338 1976 3392 aqua
2013 3322 2199 3377 eadem
2235 3335 2376 3374 nunc
2408 3319 2588 3376 sensui
2645 3316 2779 3372 lenis
2823 3315 2916 3379 sit,
2945 3329 3065 3369 cum
3099 3315 3151 3368 in
3187 3313 3413 3381 quibus-

1839 3415 1962 3468 dam
2022 3411 2221 3481 plantis
2291 3423 2635 3464 commorans
2695 3403 3016 3462 dulcescit:
3071 3417 3214 3456 nunc
3276 3415 3414 3456 vero

1839 3515 2046 3576 pungat
2103 3513 2350 3574 gustum,
2401 3516 2525 3558 cum
2577 3513 2675 3569 per
2734 3495 2869 3551 alias
2924 3494 3135 3564 plantas
3196 3491 3414 3546 diducta

1843 3596 2064 3652 acescit.
2112 3596 2192 3652 Ac
2261 3609 2450 3650 rursus
2514 3593 2566 3646 in
2621 3598 2921 3644 extremam
2994 3583 3412 3638 amaritudinem

1845 3704 2034 3754 versa,
2069 3701 2289 3742 sensum
2338 3691 2658 3754 exasperat,
2709 3696 2831 3736 cum
2885 3679 2940 3732 in
2995 3675 3269 3730 absinthio
3323 3683 3413 3728 aut

1843 3792 2190 3836 scammonea
2235 3774 2514 3830 insederit.
2543 3771 2849 3840 Quinetiam
2884 3769 2938 3824 in
2985 3766 3292 3838 glandibus,
3323 3773 3414 3818 aut

1846 3873 1898 3928 in
1929 3872 2078 3927 corni
2120 3871 2322 3936 fructu,
2353 3869 2419 3922 ad
2465 3865 2851 3934 astringentem
2892 3871 3252 3928 asperamque
3282 3869 3416 3924 qua-

1847 3965 2052 4019 litatem
2099 3961 2334 4016 transit:
2366 3959 2424 4013 in
2477 3955 2797 4011 terebinthis
2825 3965 2954 4005 vero
2991 3959 3047 4004 et
3079 3949 3330 4011 nucibus,
3363 3946 3418 4000 in

1849 4068 2090 4112 teneram
2121 4062 2174 4108 et
2201 4053 2438 4108 olcosam
2471 4059 2719 4104 naturam
2761 4050 3172 4098 transmutatur.

1919 4239 1973 4294 9.
2014 4238 2080 4294 Et
2109 4236 2239 4306 quid
2272 4249 2407 4304 opus
2432 4241 2510 4286 est
2543 4227 2730 4301 procul
2761 4225 2947 4280 dissita
2995 4221 3265 4292 proferre,
3296 4231 3420 4272 cum

1851 4333 1904 4386 iu
1964 4330 2154 4384 eadem
2217 4328 2318 4380 licu
2381 4325 2434 4378 in
2489 4321 2776 4392 qualitates
2833 4316 3066 4370 maxime
3122 4311 3424 4366 contrarias

157 4441 366 4492 τητας;
399 4424 732 4496 Πικρότατον
765 4424 863 4494 μὲν
885 4425 992 4495 γάρ
1015 4425 1162 4476 ἐστιν
1190 4425 1246 4476 ὲν
1271 4421 1346 4494 τῷ
1379 4422 1516 4492 ὀπῷ,
1548 4421 1737 4490 γλυκύ-

1853 4421 2209 4489 commigrct?
2237 4419 2334 4474 Est
2380 4419 2522 4471 enim
2560 4415 2611 4466 in
2660 4425 2822 4466 succo
2865 4407 3201 4462 amarissima
3239 4421 3254 4458 :
3289 4417 3420 4456 cou-

157 4532 322 4568 τατον
343 4515 396 4568 δὲ
421 4517 477 4568 ἐν
503 4515 651 4586 αὐτῷ
675 4514 786 4586 (72)
811 4514 890 4584 τῷ
918 4513 1136 4585 καρπῷ.
1177 4513 1286 4566 Καὶ
1315 4511 1407 4564 ἐπὶ
1440 4512 1538 4582 τῆς
1563 4511 1744 4582 ἀμπέ-

159 4606 255 4658 λου
280 4605 718 4660 στυπτικώτατον
759 4607 862 4677 μὲν
886 4607 980 4660 ἐπὶ
1018 4605 1126 4660 τῶν
1151 4603 1492 4676 ἀκρεμόνων,
1529 4603 1746 4672 ἥδιστον

159 4697 222 4750 δὲ
255 4699 312 4750 ἐν
339 4702 452 4762 τοῖς
481 4698 753 4772 βότρυσιν.
780 4700 844 4752 Αἱ
887 4701 945 4754 δὲ
981 4697 1124 4753 κατά
1162 4698 1262 4762 τὰς
1299 4697 1463 4768 χρόας
1495 4695 1750 4766 διαφοραὶ

162 4789 364 4842 πόσαιι
400 4789 558 4852 Ἴδοις
587 4790 652 4842 ἂν
684 4793 742 4843 ὲν
780 4789 1006 4862 λειμῶνι
1041 4789 1100 4843 τὺ
1141 4789 1270 4842 αὐτὸ
1311 4788 1454 4860 ὕδωρ
1494 4785 1750 4860 ὲρυθραι-

161 4881 394 4951 νόμενον
420 4881 519 4950 μὲν
551 4883 608 4934 ὲν
648 4881 784 4952 τῷδε
824 4881 900 4951 τῷ
933 4879 1103 4944 ἄνθει,
1137 4880 1231 4932 καὶ
1261 4879 1318 4934 ἐν
1352 4877 1495 4944 ἄλλῳ
1541 4895 1750 4948 πορφυ-

165 4969 298 5040 ροῦν
329 4969 462 5040 (75),
497 4971 590 5023 καὶ
615 4971 815 5023 κυανὸν
843 4971 901 5024 ὲν
929 4970 1084 5040 τῷδε,
1117 4969 1210 5022 καὶ
1245 4971 1300 5021 ὲν
1328 4969 1499 5038 ἑτέρῳ
1523 4967 1713 5021 λευκόν
1734 4983 1750 4997 ⁸

167 5061 266 5112 καὶ
299 5059 518 5114 πλείονα
553 5061 714 5114 πάλιν
745 5064 844 5132 τῆς
877 5062 934 5113 ὲν
975 5063 1095 5123 ταῖς
1131 5061 1318 5131 χρόαις
1353 5059 1622 5123 ποικιλίας
1650 5059 1749 5129 τὴν

169 5151 313 5205 κατά
345 5152 441 5214 τὰς
478 5151 648 5223 sapa;
693 5152 954 5223 διαφορὰν
993 5150 1382 5221 παρεχόμενον.
1441 5149 1601 5203 Ἀλλὰ
1641 5149 1751 5220 γὰρ

245 5330 359 5403 (70)
399 5330 532 5402 Reg.
566 5332 757 5403 tertius
789 5331 856 5384 ὲκ
893 5331 994 5401 τῆς
1022 5328 1281 5401 τοιαύτης
1311 5328 1514 5392 αἰτίας.
1543 5327 1748 5383 Ibidem

169 5399 308 5469 Reiz.
336 5399 558 5471 quintus
588 5399 971 5472 προσέρχεται.

247 5473 360 5542 (7i)
399 5472 552 5526 Colb.
597 5471 864 5526 secundus
897 5472 930 5542 ἢ
965 5471 1360 5542 ἀσκομμωνία·
1409 5484 1568 5538 quam
1611 5481 1750 5542 quo-

171 5556 284 5610 que
316 5539 603 5596 lectionem
631 5543 851 5596 exhibet
880 5539 1261 5610 quidem'lteg.
1293 5539 1497 5605 Sextus,
1530 5539 1622 5592 sed
1661 5553 1750 5610 se-

171 5609 367 5665 cundis
391 5613 558 5670 curis.
589 5611 752 5678 Editi,
785 5613 946 5665 Coisl.
977 5609 1223 5680 uterque,
1266 5621 1321 5664 et
1359 5610 1510 5679 Regii
1557 5609 1747 5662 tertius

173 5691 232 5734 et
289 5683 506 5750 quintus
563 5681 912 5751 σκαμμωνία.
959 5681 1306 5734 Scammonia
1376 5691 1599 5738 autem,
1651 5692 1744 5731 seu

183 5766 548 5820 scammonca,
585 5755 748 5809 herba
783 5765 866 5809 est
908 5751 1188 5820 regionum
1227 5751 1742 5814 transmarinarum,

1851 4531 1958 4579 ira,
1983 4513 2290 4568 dulcissima
2318 4520 2403 4565 est
2433 4509 2484 4562 in
2519 4507 2634 4574 ipso
2670 4503 2870 4557 fructu.
2898 4499 2964 4553 Et
2991 4499 3042 4552 in
3073 4499 3204 4560 vite,
3232 4495 3426 4549 astrin-

1853 4609 2166 4681 gentissima
2213 4613 2297 4659 est
2343 4603 2396 4656 in
2439 4599 2636 4664 ramis,
2681 4597 2734 4650 in
2769 4593 2890 4649 uvis
2921 4605 3048 4644 vero
3075 4586 3424 4685 suavissima.

1855 4679 1996 4768 Quot
2021 4707 2201 4751 autem
2231 4691 2548 4750 diﬂ'eremiae
2579 4695 2702 4742 sunt
2733 4681 3013 4739 colorum!
3047 4679 3246 4734 Videas
3280 4679 3426 4768 enim

1855 4767 1909 4850 in
1942 4801 2096 4862 prato
2135 4787 2382 4842 eamdem
2410 4795 2602 4851 aquam
2632 4779 2682 4832 in
2713 4777 2815 4830 hoc
2857 4773 3071 4862 quidem
3109 4769 3237 4862 ﬂore
3269 4767 3434 4862 rube-

1857 4855 2120 4940 sce-ntem,
2165 4875 2220 4927 in
2265 4871 2372 4926 alio
2413 4881 2764 4939 purpuream,
2795 4864 2848 4916 in
2895 4861 2995 4914 hoc
3025 4857 3338 4918 cazruleam,
3373 4855 3430 4908 in

1857 4969 1964 5022 alio
2011 4966 2188 5020 albam
2230 4977 2246 5016 :
2283 4973 2444 5029 atque
2494 4959 2689 5012 iterum
2747 4949 3108 5006 differentiam
3169 4945 3428 5014 majorem

1856 5058 2076 5112 exhibet
2110 5057 2163 5110 in
2215 5054 2507 5116 odoribus,
2555 5063 2717 5118 quam
2761 5048 2876 5116 ipsa
2919 5053 3002 5098 est
3046 5041 3284 5095 colorum
3333 5051 3428 5088 va-

1860 5151 2046 5205 rietas.
2077 5145 2182 5202 Sed
2212 5145 2354 5200 enim
2401 5142 2702 5198 orationem
2749 5152 2924 5193 meam
2959 5147 3125 5190 cerno
3167 5133 3236 5186 ob
3282 5131 3432 5184 inex-

1847 5341 1970 5396 quaa
2011 5322 2314 5396 praesertim
2350 5319 2403 5373 in
2433 5317 2560 5396 Asia
2596 5325 2652 5372 et
2681 5316 2735 5396 i_n
2769 5327 2902 5396 agro
2939 5306 3287 5396 _C9l0pl'l‘(l)lll-(l
3313 5317 3437 5396 ore;

1847 5378 1985 5461 scit,
2011 5378 2186 5462 'cujus
2218 5405 2414 5462 succus
2472 5389 2615 5442 valet
2649 5388 2713 5438 ad
2757 5378 3076 5462 miadiciuas.
3129 5378 3292 5428 Plura
3341 5378 3433 5442 qui

1847 5455 2048 5534 Cupiel,
2080 5455 2349 5534 Ruelliqu
2387 5460 2570 5534 Legere
2607 5455 2852 5534 poterit."

2071 5513 2548 5606 l—t—aalil_io_B_.rsih|.
2582 5513 3190 5606 czttm_c0d.ice~Comhel.
3221 5523 3277 5568 et
3308 5527 3432 5566 cum

1847 5591 1967 5660 aliis
2001 5591 2094 5662 sex
2127 5617 2256 5657 mss.
2289 5601 2465 5654 Editio
2499 5596 2674 5650 Paris.
2704 5598 2760 5646 ὲν
2791 5592 2956 5645 αὑτοῦ
2989 5591 3082 5662 τῷ.
3347 5651 3372 5662 _

1918 5675 2031 5742 (75)
2071 5673 2251 5728 Codex
2284 5667 2527 5748 Conthel‘.
2555 5681 2676 5720 cum
2710 5665 2842 5748 Reg.
2870 5673 3066 5718 octavo
3090 5669 3430 5732 πορφυρουν.

1847 5740 1986 5803 Editi
2015 5740 2142 5802 cum
2178 5743 2309 5812 Reg.
2337 5740 2524 5810 quinto
2559 5740 2852 5805 πορφυρόν.
