3850 6218
473 340 589 402 ua

1809 354 1879 424 ‘S‘.
1924 355 2169 412 BASlLll
2210 354 2435 413 MAGNI‘
3663 374 3751 433 “6

472 458 674 531 plebile
724 458 822 515 ista
864 461 1177 531 speculandi
1216 464 1584 541 desiderium',
1618 473 1773 531 'ultra
1833 484 2051 541 modum

2171 488 2267 561 δρῶ
2296 508 2386 561 μοι
2418 490 2509 543 τὸν
2544 489 2657 561 (74)
2684 487 2842 559 λόγον
2870 494 2934 564 τῇ
2968 493 3371 569 ἀπληστίᾳητῆς
3403 496 3653 567 θεωρίας
3682 506 3754 566 εἰς

474 565 837 605 excrescere:
873 568 1032 621 quam
1082 554 1185 608 nisi
1235 558 1563 627 astrinxero,
1613 580 2051 644 revocaret-aque

473 643 542 698 ad
590 644 884 698 creationis
946 644 1157 715 legem,
1208 647 1328 705 dies
1390 665 1477 705 me
1523 655 1737 717 deﬁciet
1803 643 2053 735 magnam

473 736 630 788 νοιηε
668 736 987 806 sapientiam
1037 754 1103 794 ex
1158 741 1398 797 minimis
1452 748 1615 804 rebus
1681 756 2051 818 exhibentem,

478 824 747 881 Carmine!
779 837 921 883 terra
956 831 1154 900 lignum
1187 833 1545 904 fructiferum,
1586 842 1784 911 faciens
1823 849 2054 919 fructum

477 936 634 987 super
683 931 897 977 terram.
953 922 1014 977 Et
1070 926 1249 981 subito
1299 931 1562 987 montium
1627 944 1906 996 cacumina
1958 960 2053 1000 co-

479 1012 682 1065 mantia
732 1016 1151 1083 comparebant,
1200 1025 1253 1072 et
1304 1021 1529 1077 soierter
1584 1030 2058 1091 concinnabantur

479 1104 654 1166 horti.
709 1115 764 1161 et
815 1106 1100 1163 ﬂuviorum
1156 1111 1283 1180 ripa:
1341 1115 1568 1173 infinitis
1643 1122 2056 1189 adornabantur

478 1198 782 1267 plantarum
818 1202 1121 1268 generibus.
1151 1204 1326 1274 Atque
1378 1208 1459 1261 hae
1500 1212 1717 1278 quidem
1778 1216 1844 1269 ad
1898 1232 2057 1273 exor-

479 1290 711 1344 nandam
744 1291 1022 1345 hominum
1057 1309 1298 1348 mensam
1330 1300 1762 1360 ordinabuntur:
1796 1306 1897 1361 illae
1927 1324 2056 1362 vero

476 1398 542 1435 ex
598 1382 878 1437 frondibus
941 1384 1316 1455 fructibusque
1382 1390 1698 1457 alimentum
1769 1400 2056 1467 pecoribus

479 1475 832 1543 praestabant.
870 1475 1003 1529 Aliae
1047 1478 1333 1532 conferunt
1374 1481 1529 1537 nobis
1564 1487 1847 1542 mediciuze
1882 1491 2059 1544 subsi-

478 1564 590 1629 dia,
622 1579 833 1629 succos,
871 1565 1132 1636 liquores,
1172 1568 1439 1637 festucas,
1480 1576 1739 1643 cortices,
1772 1578 2006 1635 fructum
2040 1601 2059 1639 εν

476 1665 532 1710 et
564 1671 670 1711 uno
700 1658 886 1723 verbo,
912 1674 1249 1731 quaecunque
1284 1666 1439 1719 nobis
1475 1666 1682 1723 invenit
1718 1673 1922 1726 diutina
1962 1688 2057 1727 ex-

477 1749 775 1817 perientia,
830 1752 957 1805 dum
1005 1751 1116 1824 59
1159 1770 1226 1808 ex
1278 1757 1503 1826 singulis
1551 1762 1767 1817 casibus
1810 1764 1861 1818 id
1912 1765 2060 1834 quod

2156 582 2426 653 ἀμετρίαν
2461 581 2815 645 ἐκπίπτοντα,
2839 582 2897 637 ὃν
2924 582 3019 637 ἐὰν
3047 586 3121 658 μὴ
3143 586 3311 657 δήσας
3331 589 3467 660 πρὸς
3502 591 3755 663 ἀνάγκην

2156 673 2431 743 ἀπαγάγω
2461 674 2561 745 τῆς
2591 675 2842 743 κτίσεως,
2871 678 3137 749 ἐπιλείψει
3163 698 3230 751 με
3258 684 3290 752 ή
3316 682 3504 753 ἡμέρα
3523 683 3635 754 τὴν
3670 702 3756 752 με(

2156 767 2328 838 γάλην
2354 768 2544 837 σοφίαν
2570 768 2682 838 (75)
2707 771 2771 822 ἐκ
2796 769 2904 823 τῶν
2928 772 3268 843 μικροτάτων
3294 774 3419 843 ὑμῖν
3441 775 3761 845 παριστῶν-

2158 875 2245 912 τα.
2284 859 2695 927 Βλαστησάτω
2740 862 2779 929 ἠ
2816 860 2891 931 γῆ
2942 861 3134 926 ξύλον
3177 863 3497 933 κάρπιμον,
3532 867 3761 918 ποιοῦν

2158 952 2391 1020 καρπὸν
2423 952 2523 1007 ἐπὶ
2566 952 2677 1022 τῆς
2708 953 2841 1023 γῆς.
2876 956 2987 1008 Καὶ
3039 954 3201 1018 εὐθὺς
3250 958 3304 1009 αί
3354 958 3602 1027 κορυφαὶ
3653 958 3763 1010 τῶν

2157 1046 2329 1119 ὀρέων
2362 1047 2576 1117 ἐκόμων
2599 1064 2612 1077 °
2648 1048 2742 1103 καὶ
2792 1047 3227 1118 ἐφιλοτεχνοῦντο
3272 1051 3632 1121 παράδεισοι,
3670 1054 3763 1104 καὶ

2158 1141 2421 1210 ποταμῶν
2475 1140 2633 1210 ὄχθαι
2690 1140 2904 1211 μυρίοις
2956 1140 3137 1208 γένεσι
3189 1142 3370 1210 φυτῶν
3425 1141 3757 1212 ὡραΐζοντο.

2159 1230 2270 1285 Καὶ
2302 1230 2370 1284 τὰ
2406 1229 2502 1299 μὲν
2532 1230 2630 1300 τὴν
2666 1229 3010 1300 ἀνθρωπίνην
3042 1229 3372 1299 ηὐτρέπιστο
3399 1232 3764 1302 κατακοσμῆο

2162 1340 2250 1379 σαι
2272 1323 2549 1395 τράπεζαν
2566 1340 2578 1353 ³
2604 1322 2670 1377 τὰ
2689 1323 2745 1376 δὲ
2769 1322 3078 1393 βοσκήμασι
3108 1323 3309 1394 τροφὴν
3334 1324 3761 1394 παρεσκεύαζεν

2161 1416 2224 1469 ἐκ
2257 1416 2364 1468 τῶν
2399 1416 2634 1484 φύλλων,
2684 1416 2748 1468 ἐκ
2780 1414 2887 1467 τῶν
2923 1415 3170 1485 καρπῶν.
3210 1415 3378 1468 Ἀλλα
3416 1415 3521 1481 τὰς
3556 1418 3628 1470 ἐκ
3659 1418 3761 1487 τῆς

2165 1509 2408 1579 ἰατρικῆς
2434 1507 2697 1577 ὠφελείας
2724 1508 2855 1577 ἡμῖν
2880 1504 3159 1577 προεξένει
3178 1523 3189 1536 ·
3218 1508 3342 1569 τοὺς
3370 1508 3595 1576 χυλοὺς,
3634 1510 3762 1571 τοὺς

2161 1600 2347 1665 ὀποὺς,
2405 1599 2475 1651 τὰ
2516 1600 2723 1669 κάρφη,
2776 1599 2902 1661 τοὺς
2948 1599 3185 1667 φλοιοὺς,
3240 1599 3334 1651 τὸν
3366 1601 3627 1670 καρπόν
3662 1602 3762 1653 καὶ

2162 1691 2496 1755 ἁπαξαπλῶς
2528 1692 2625 1744 ὃσα
2658 1694 2788 1762 ἡμῖν
2814 1693 2845 1761 ή
2878 1692 3067 1762 χρονία
3101 1695 3262 1760 πεῖρα
3289 1690 3534 1763 ἐξεῦρεν,
3552 1695 3624 1748 ἐκ
3650 1693 3760 1745 τῶν

2162 1785 2302 1837 κατά
2337 1785 2502 1855 μέρος
2534 1782 2925 1854 περιπτώσεων
2958 1783 3324 1853 συλλεγομένη
3364 1784 3424 1835 τὸ
3451 1786 3756 1855 χρήσιμον,

479 1840 609 1892 utile
637 1849 719 1894 cst
762 1841 997 1909 colligit;
1038 1846 1150 1898 haec
1189 1846 1370 1899 omnia
1420 1850 1702 1917 perspicax
1743 1852 2054 1907 Conditoris

2171 1840 2391 1946 ταῦτίή
2414 1840 2567 1940 οξεῖα
2595 1840 2688 1929 τοῦ
2722 1876 3007 1940 κτίσαντος
3037 1840 3146 1945 (76)
3189 1840 3758 1946 πρόνοιαίέξιάρχῆξ

478 1930 849 1997 providentia,
896 1931 966 1984 ab
1020 1933 1171 1987 initio
1209 1948 1295 1989 res
1356 1930 1725 2008 prospiciens,
1773 1943 1942 1997 edidit
1989 1958 2051 1999 ac

479 2021 754 2089 produxit.
780 2021 858 2075 Tu
890 2038 1019 2077 vero
1045 2039 1165 2078 cum
1199 2026 1401 2083 videris
1430 2030 1727 2100 hortensia,
1759 2035 2055 2103 silvestria,

478 2115 750 2183 aquatica,
787 2117 1092 2183 terrestria,
1137 2117 1378 2175 florifera
1415 2132 1509 2176 aut
1549 2138 1653 2177 non
1691 2123 1963 2191 ﬂorentia,
2003 2127 2056 2180 in

478 2221 647 2275 parvo
683 2223 932 2277 magnum
975 2224 1296 2280 agnoscens,
1344 2230 1560 2286 semper
1594 2226 1741 2272 tuam
1792 2220 1963 2288 magis
1994 2235 2059 2274 ac

479 2300 648 2369 magis
706 2300 952 2357 intendas
1002 2304 1462 2375 admirationem,
1513 2323 1578 2364 ac
1633 2306 1792 2363 velim
1860 2327 2058 2383 augeas

478 2406 721 2444 amorem
773 2393 823 2445 in
872 2391 1184 2449 Creatorem
1238 2405 1410 2451 tuum.
1478 2398 1755 2467 Expende,
1789 2403 2058 2471 quomodo

478 2483 611 2536 alias
660 2483 881 2537 arbores
915 2496 1175 2553 perpetuo
1219 2487 1479 2553 virentes,
1528 2492 1662 2544 alias
1697 2507 1831 2545 vero
1882 2492 2052 2546 nuda-

481 2574 611 2641 tioui
656 2573 920 2630 obnoxias
972 2579 1283 2633 condiderit
1328 2598 1341 2633 :
1380 2590 1435 2635 et
1467 2583 1737 2650 quomodo
1781 2584 1921 2637 inter
1963 2599 2058 2639 eas

477 2680 599 2735 quae
630 2680 846 2736 semper
882 2669 1177 2735 virescunt,
1221 2670 1341 2724 alite
1381 2672 1630 2727 amittant
1666 2673 1903 2740 frondes,
1941 2675 2060 2730 alia:

478 2771 696 2827 semper
753 2759 899 2827 ips:ts
957 2772 1194 2814 servent.
1252 2762 1551 2818 Enimvero
1619 2764 1736 2819 olea
1788 2775 1843 2819 et
1901 2766 2058 2834 pinus

2163 1968 2602 2039 προϐλεψαμένη,
2638 1970 2717 2034 είς
2765 1970 2975 2038 γένεσιν
3008 1970 3201 2041 ήγαγε.
3237 1971 3310 2024 Σὺ
3348 1970 3405 2022 δὲ
3456 1971 3591 2023 ὅταν
3637 1971 3757 2043 ἴδῃς

2158 2060 2226 2112 τὰ
2259 2061 2463 2130 ἥμερα,
2518 2060 2587 2112 τὰ
2618 2060 2805 2131 ἄγρια,
2846 2060 2913 2113 τά
2968 2060 3228 2134 φίλυδρα,
3264 2058 3334 2113 τὰ
3384 2064 3645 2132 χερσαῖα,
3686 2060 3758 2112 τὰ

2161 2151 2594 2223 ἀνθοφοροῦντα,
2631 2152 2664 2222 ἢ
2699 2152 2767 2204 τά
2818 2152 3020 2221 ἀνανθῆ
3045 2192 3059 2215 ,
3101 2154 3157 2205 ἐν
3215 2150 3395 2223 μικρῷ
3433 2151 3529 2205 τὸν
3576 2152 3760 2223 μέγαν

2160 2242 2561 2312 ἐπιγινώσκων,
2612 2242 2847 2314 πρόσθες
2885 2244 2971 2297 ἀεὶ
2999 2244 3077 2314 τῷ
3105 2243 3366 2314 θαύματι,
3392 2245 3486 2298 καὶ
3512 2244 3773 2316 αὕξησόνη

2163 2355 2252 2407 μοι
2284 2337 2383 2408 τὴν
2423 2336 2642 2405 ἀγάπην
2670 2336 2761 2388 τοῦ
2789 2336 3092 2399 κτίσαντος.
3112 2336 3381 2402 Ἐξέταζε,
3408 2337 3527 2399 πῶς
3551 2336 3625 2389 τὰ
3655 2338 3760 2407 μὲν

2160 2427 2385 2497 ἀειθαλῆ
2419 2426 2663 2495 ἐποίησε,
2690 2426 2757 2479 τὰ
2787 2425 2844 2478 δὲ
2871 2426 3222 2496 γυμνούμενα
3246 2444 3259 2456 ·
3295 2428 3387 2480 καὶ
3421 2427 3532 2479 τῶν
3561 2428 3755 2481 ἀειθα-

2160 2519 2266 2577 λῶν
2292 2518 2359 2571 τά
2396 2517 2494 2588 μὲν
2523 2516 2840 2586 φυλλοϐόλα,
2879 2516 2950 2570 τὰ
2998 2517 3055 2570 δὲ
3097 2517 3380 2586 ἀείφυλλα.
3427 2516 3756 2570 Φυλλοὸολεί

2160 2615 2270 2687 γὰρ
2306 2616 2400 2669 καὶ
2430 2612 2585 2668 ἐλαία
2618 2613 2711 2666 κα.)¹
2742 2612 2921 2676 πίτυς,
2952 2613 3000 2665 εί
3026 2612 3119 2665 καὶ
3150 2611 3447 2679 λεληθότως
3473 2611 3755 2666 ὑπαλλάτ-

2162 2725 2243 2767 σει
2275 2706 2345 2761 τὰ
2383 2704 2577 2775 φύλλα,
2609 2704 2749 2758 ὥστε
2783 2703 3052 2775 μηδέποτε
3081 2704 3255 2756 δοκεῖν
3279 2704 3377 2774 τῆς
3408 2702 3586 2774 κόμης
3612 2704 3755 2757 ἀπο-ι

2161 2798 2516 2871 γυμνοῦσθαι.
2567 2796 2877 2867 Ἀείφυλλον
2902 2795 2959 2849 δὲ
2988 2797 3016 2849 6
3051 2795 3243 2864 φοίνιξ,
3272 2794 3350 2865 τῷ
3384 2795 3536 2865 αύτῷ
3568 2795 3757 2865 φύλλῳ

478 2857 754 2904 exuuntur
790 2849 964 2915 foliis;
1001 2852 1215 2905 tametsi
1249 2852 1453 2906 sensim
1494 2854 1811 2923 occulteque
1840 2856 2054 2909 frondes

481 2940 745 2962 -1ι-....-...
799 2939 928 2962 -J-.-
967 2949 1017 2962 .-ι
1054 2957 1326 2962 _.--___-_-__
1369 2957 1418 2962 __
1449 2958 1506 2962 .-Α
1565 2944 1642 2962 1-,
1713 2946 1747 2962 I,
1799 2946 1809 2957 υ
1847 2961 1858 2962 γ
1884 2945 2028 2962 -l__,,

2171 2849 2341 2962 ἐκιτῆς
2361 2889 2586 2962 πρώτης
2619 2849 2967 2959 βλάστήσεως
2995 2849 3076 2951 εἰς
3096 2886 3248 2949 τέλος
3274 2849 3749 2958 σύμπαραιίένωνι,

479 2940 769 3005 alternant,
798 2939 933 2993 adeo
967 2949 1024 2994 ιιι
1054 2957 1330 3010 nunquam
1363 2957 1515 2997 coma
1548 2944 1811 2999 denudari
1845 2945 2060 3000 videan-

484 3041 594 3085 tur.
632 3031 818 3087 Palma
862 3042 1040 3086 autcm
1096 3043 1352 3102 perpetuo
1404 3034 1531 3089 folia
1599 3036 1817 3100 retinet,
1866 3045 2052 3103 utpote

480 3138 601 3192 qua:
649 3137 771 3175 cum
832 3122 1037 3177 eisdem
1086 3123 1229 3179 foliis
1268 3140 1297 3179 a
1334 3126 1505 3195 prima
1547 3128 1939 3195 germinatione
1979 3128 2047 3185 ad

481 3217 640 3269 finem
677 3232 846 3285 usque
898 3225 1232 3287 permaneat.
1282 3216 1484 3273 Deinde
1531 3231 1586 3273 et
1637 3220 1765 3274 illud
1813 3220 2059 3283 animad-

480 3317 651 3371 verte,
688 3309 956 3375 quomodo
1004 3308 1205 3379 myrica
1253 3320 1337 3363 est
1383 3309 1547 3364 veluti
1600 3325 1849 3379 anceps:
1889 3326 2061 3364 annu-

478 3409 721 3452 meratur
755 3399 1006 3453 nimirum
1048 3409 1103 3455 et
1144 3400 1285 3455 inter
1325 3403 1595 3471 aquatica,
1625 3413 1680 3457 et
1719 3404 1771 3457 in
1808 3402 2058 3458 solitudio

476 3489 638 3546 nibus
671 3492 925 3545 abundat.
954 3494 1293 3564 Quapropter
1321 3495 1484 3549 etiam
1517 3494 1780 3552 Jeremias
1821 3497 2034 3567 pejores
2062 3503 2117 3550 et.
2154 3491 2435 3559 ambiguos
2466 3502 2646 3541 mores
2676 3486 2803 3540 huic
2834 3485 3027 3554 plautas
3048 3484 3238 3537 merito
3267 3498 3519 3552 compara

549 3582 638 3638 10.
681 3581 943 3638 Germinet
999 3596 1159 3640 terra.
1214 3586 1328 3643 Hoc
1399 3590 1660 3658 perbreve
1723 3601 2054 3660 prwceptum

2164 2986 2398 3038 Ἔπειτα
2438 2983 2549 3055 (77)
2584 2983 2805 3035 κάκεῖνο
2840 2980 3053 3045 σκόπει,
3096 2979 3213 3043 πῶς
3250 2983 3283 3050 ή
3323 2981 3528 3051 μυρίκη
3558 2980 3755 3051 ῶσπερ

2160 3076 2417 3147 ἀμφίϐιον
2453 3078 2590 3138 ἐστι,
2628 3076 2724 3128 καὶ
2757 3075 2868 3136 τοῖς
2909 3072 3184 3144 φιλύδροις
3216 3071 3748 3143 συναριθμούμενον,

2164 3169 2257 3222 καὶ
2296 3167 2439 3222 κατὰ
2476 3166 2576 3230 τάς
2609 3167 2851 3238 ἐρήμους
2888 3164 3310 3236 πληθυνόμενον.
3341 3164 3432 3217 Διὸ
3465 3165 3562 3217 καὶ
3589 3167 3620 3217 6
3663 3164 3753 3216 Ίεο

2167 3260 2360 3335 ρεμίας
2409 3258 2634 3321 δικαίως
2679 3257 2747 3311 τά
2785 3257 3127 3328 πονηρότερα
3156 3256 3266 3327 (78)
3300 3255 3392 3309 καὶ
3433 3257 3755 3326 ἐπαμφοτεο

2170 3353 2388 3425 ρίζοντα
2418 3350 2525 3405 τῶν
2552 3349 2701 3421 ἠθῶν
2729 3348 2807 3420 τῷ
2837 3348 3063 3420 τοιούτῳ
3095 3348 3243 3419 φυτῷ
3277 3348 3627 3418 παρεικάζει.

3528 3491 3549 3535 1.
3571 3482 3644 3534 ⁷⁸.

2224 3584 2308 3637 10.
2356 3580 2771 3649 Βλαστησάτω
2806 3581 2845 3648 ἡ
2888 3579 2988 3649 τῆ.
3031 3579 3103 3633 Τὸ
3153 3578 3351 3651 μικρὸν
3392 3577 3553 3631 τοῦτο
3584 3577 3757 3649 7:963-

477 3678 666 3733 tttatim
708 3693 900 3748 magna
933 3688 1121 3733 natura
1156 3689 1210 3734 et
1240 3682 1565 3738 artificiosus
1598 3698 1777 3738 sermo
1804 3692 1941 3748 erat,
1974 3684 2054 3737 in-

2171 3693 2338 3746 ιαγμα
2385 3674 2547 3737 εὐθὺς
2591 3672 2753 3742 φύσις
2797 3672 3008 3743 μεγάλη
3057 3672 3152 3724 καὶ
3184 3671 3339 3739 λόγος
3379 3670 3634 3739 ἔντεχνος
3662 3665 3751 3740 ἦν,

480 3784 735 3824 numeras
782 3771 1032 3839 stirpium
1080 3773 1440 3842 preprietates
1494 3777 1822 3846 cogitatione
1874 3785 2054 3830 nostra

2171 3770 2346 3821 lartov
2398 3765 2493 3819 τοῦ
2558 3764 2827 3836 ἡμετέρου
2883 3766 3157 3836 νοήματος
3211 3763 3313 3827 τὰς
3364 3762 3572 3833 μυρίας
3641 3761 3750 3814 τῶν

478 3864 638 3916 t-itius
666 3861 968 3932 proferens.
997 3862 1332 3934 Prazceptum
1366 3866 1518 3934 illud,
1550 3870 1691 3939 quod
1723 3870 1883 3922 etiam
1915 3883 2054 3921 nunc

2171 3860 2441 3931 ρυομένων
2497 3858 2767 3928 ἰδιότητας
2813 3856 3072 3912 ἐκτελῶν.
3135 3857 3342 3909 Ἐκεῖνο
3395 3854 3473 3907 ἔτι
3527 3853 3627 3909 καὶ
3659 3855 3750 3908 νῦν

478 3963 638 4007 terra:
686 3954 861 4019 inest,
911 3968 1029 4008 eam
1079 3956 1372 4023 quotannis
1416 3966 1593 4027 urget,
1636 3966 1695 4011 ut
1736 3956 2053 4011 facultatem

2171 3952 2463 4022 ἐνυπάρχον
2494 3950 2604 4021 (79)
2632 3951 2698 4020 τῇ
2729 3952 2798 4019 γῇ
2831 3948 2891 4000 τὸ
2931 3948 3284 4018 πρόσταγμα,
3330 3946 3545 4015 ἐπείγει
3576 3948 3747 4018 αὐτὴν

477 4058 633 4099 suam
667 4058 904 4109 omnem,
934 4061 1039 4116 qua
1071 4048 1137 4100 ad
1180 4047 1400 4113 herbas,
1445 4049 1679 4114 semina,
1718 4048 2054 4115 arboresque

2171 4045 2279 4099 ιαθ⁹
2327 4044 2566 4113 ἑκάστην
2621 4041 2774 4105 ἔτους
2811 4041 3057 4113 περίοδον
3108 4040 3325 4108 ἐξάγειν
3372 4039 3471 4111 τὴν
3517 4038 3747 4110 δύναμιν

477 4135 813 4203 generandas
864 4136 1087 4203 praedita
1136 4145 1251 4199 est,
1300 4146 1539 4192 exserat.
1587 4137 2049 4204 Quemadmodum

2171 4134 2353 4204 ἑαυτῆς
2384 4134 2514 4203 ὅσην
2545 4132 2657 4202 ἔχει
2706 4131 2841 4203 πρὸς
2887 4148 2947 4183 τε
2992 4129 3229 4200 βοτανῶν
3278 4129 3377 4183 καὶ
3413 4131 3747 4199 σπερμάτων

476 4227 626 4283 enim
661 4227 905 4281 turbines
935 4242 998 4281 ex
1037 4226 1210 4297 primo
1238 4226 1344 4280 ictu
1392 4227 1524 4297 ipsis
1555 4228 1797 4292 incusso,
1838 4244 1929 4283 eos
1961 4227 2052 4298 qui

2171 4227 2255 4279 καὶ
2301 4224 2531 4295 δένδρων
2566 4224 2800 4292 γένεσιν.
2844 4223 2932 4285 Ὠς
2980 4220 3090 4292 γὰρ
3129 4222 3178 4274 οἱ
3229 4220 3502 4297 στρόϐιλοι
3540 4224 3604 4274 ἐκ
3649 4222 3747 4291 τῆς

477 4318 734 4387 deinceps
771 4327 1072 4388 sequuntur
1105 4334 1266 4390 gyros
1322 4319 1647 4386 conficiunt,
1695 4336 1817 4376 cum
1866 4319 1919 4375 in
1971 4334 2054 4374 se-

2171 4316 2385 4388 ηρώτης
2418 4317 2599 4379 αὐτοῖς
2627 4314 2936 4387 ἐνδοθείσης
2960 4313 3175 4384 πληγῆς
3196 4312 3295 4376 τὰς
3318 4313 3517 4382 ἐφεξῆς
3541 4312 3749 4366 ποιοῦν-

478 4409 635 4480 ipsis,
681 4409 787 4464 tixo
821 4420 1030 4473 centro,
1075 4410 1534 4466 circumferuntur
1576 4431 1590 4467 :
1624 4413 1705 4467 sic
1742 4420 1797 4467 et
1849 4422 2054 4466 natura:

2171 4423 2249 4458 ται
2284 4404 2678 4477 περιστροφάς,
2710 4404 2838 4457 ὃταν
2878 4401 3150 4473 πήξαντες
3178 4402 3240 4455 τὸ
3266 4401 3489 4474 κέντρον
3520 4405 3579 4455 ἐν
3617 4404 3744 4456 eau-

477 4501 612 4556 ordo
659 4501 727 4555 ab
772 4502 876 4556 hoc
923 4502 1100 4570 primo
1153 4513 1423 4572 praecepto
1475 4518 1722 4569 exorsus,
1776 4503 1843 4557 ad
1891 4517 2054 4558 omne

2171 4501 2268 4560 τοῖς
2311 4496 2743 4567 περιφέρωνται·
2783 4494 2926 4549 οὕτω
2955 4495 3048 4547 καὶ
3090 4496 3122 4564 ή
3155 4495 3252 4564 τῆς
3279 4495 3494 4564 φύσεως
3521 4494 3748 4548 ἀκολου-

478 4592 732 4661 deinceps
770 4602 979 4662 tempus
1011 4595 1227 4660 transit,
1255 4594 1426 4649 donec
1456 4594 1522 4649 ad
1559 4608 1901 4649 communem
1934 4594 2054 4647 uni-

2171 4590 2270 4651 θία,
2308 4590 2371 4641 ἐκ
2399 4588 2492 4642 τοῦ
2539 4587 2757 4658 πρώτου
2798 4587 3215 4660 προστάγματος
3247 4588 3346 4659 τὴν
3378 4587 3555 4658 ἀρχὴν
3594 4588 3747 4655 δεξα-

478 4684 620 4737 versi
655 4685 1175 4740 consummationem
1209 4686 1539 4751 pervenerit.
1570 4685 1649 4739 Ad
1684 4700 1846 4755 quam
1874 4694 1929 4739 et
1958 4698 2054 4738 nos

2171 4682 2293 4753 ιένη
2316 4683 2453 4747 (80),
2498 4682 2633 4754 πρὸς
2668 4682 2845 4735 πάντα
2879 4680 2971 4734 τὸν
3012 4679 3211 4750 ἐφεξῆς
3258 4678 3596 4751 διεξέρχεται
3630 4682 3747 4751 χρό-

476 4791 670 4831 omnes
701 4777 887 4831 referti
926 4776 1212 4844 fructibus,
1242 4791 1303 4831 ac
1336 4777 1600 4833 bonorum
1635 4792 1859 4846 operum
1907 4775 2049 4846 pleni

2171 4792 2263 4837 νον,
2291 4774 2481 4845 μέχρις
2512 4774 2576 4829 ἂν
2611 4775 2746 4845 πρὸς
2785 4774 2882 4846 τὴν
2911 4773 3095 4844 κοινὴν
3136 4772 3446 4825 συντέλειαν
3481 4773 3581 4825 τοῦ
3612 4790 3747 4825 mv-

476 4865 817 4932 festinemus,
860 4876 917 4920 ut
955 4867 1175 4935 plantati
1224 4869 1276 4921 in
1318 4869 1477 4923 domo
1521 4868 1755 4932 Domini,
1801 4868 1855 4921 in
1903 4867 2054 4921 atriis

2171 4866 2242 4929 τὸς
2269 4868 2603 4939 καταντήσῃ.
2644 4868 2759 4936 Ἐφ’
2794 4868 2861 4937 ἢν
2905 4867 2999 4920 καὶ
3029 4868 3189 4937 ἡμεῖς
3234 4866 3433 4929 πάντες
3473 4865 3745 4936 ἔγκαρπος

476 4957 574 5014 Dei
622 4957 791 5012 nostri
814 4958 858 4989 ⁷⁷
884 4956 1306 5024 elllorescamus,
1346 4959 1399 5013 in
1428 4960 1644 5016 Christo
1683 4957 1807 5015 Jesu
1835 4958 2054 5014 Domino

2171 4960 2254 5013 καὶ
2275 4960 2501 5033 πλήρεις
2531 4961 2706 5033 ἔργων
2734 4959 2955 5029 ἀγαθῶν
2996 4957 3366 5030 ἐπειγώμεθα,
3411 4959 3520 5025 ἵνα,
3552 4977 3747 5028 φυτευ-

544 5092 593 5124 ⁷⁶
630 5089 741 5149 Jer.
768 5107 898 5159 xvu,
923 5092 975 5147 6.
1049 5092 1095 5123 "
1135 5090 1279 5149 Psal.
1306 5108 1413 5159 XCI,
1448 5091 1532 5146 M.

2155 5224 2490 5294 generatione
2523 5226 2591 5276 ad
2627 5222 2784 5294 ﬁnem
2827 5236 2990 5294 usque
3017 5230 3388 5294 permanentes
3414 5232 3614 5294 servat.

2228 5295 2339 5361 (78)
2379 5293 2532 5347 Coll).
2562 5291 2926 5362 secundusrdt
2957 5292 3322 5362 πονηρότατα.
3350 5292 3557 5345 Ibidem
3608 5292 3735 5361 Reg.

2153 5360 2425 5419 seeuudtts
2454 5363 2547 5415 mi.
2580 5360 3037 5431 ἀμφοτερίζοντα.

2231 5433 2342 5504 (79)
2386 5432 2460 5485 Ita
2497 5428 2632 5487 Duc.
2673 5428 2901 5500 uterigue
2930 5442 2985 5487 et
3014 5431 3103 5485 alii
3154 5430 3393 5501 quinque
3429 5443 3567 5484 mss.
3599 5428 3740 5485 Editi

2157 5520 2516 5645 υπᾶῗῆοἷίθε.
2543 5572 2865 5654 εεξῐυξπὴν
2905 5570 3164 5654 ἀπαρχήν
3198 5568 3511 5654 δεξαμένη..
3538 5566 3736 5654 Ibidem

2230 5588 2341 5645 (δυ)
2382 5588 2516 5641 neg.
2543 5588 2729 5627 sexms
2764 5588 2865 5643 την
2905 5588 3159 5698 ἀπαρχήν
3198 5588 3492 5639 οεςαμενη.
3539 5588 3736 5623 tntuem

2159 5660 2289 5699 mss.
2328 5653 2561 5715 quatuor
2590 5641 2970 5715 (διεξέρχεται.
3055 5642 3165 5697 ‘diti
3216 5657 3339 5697 cum
3387 5640 3602 5696 duobus
3650 5646 3737 5694 aut

2162 5715 2333 5771 tribus
2364 5727 2496 5769 mss.
2523 5712 2814 5787 διέρχεται.

546 5226 662 5350 (74)
704 5227 840 5309 Beg.
877 5227 1084 5297 primus
1108 5226 1220 5300 ὁρῶ
1260 5243 1361 5297 μου
1397 5227 1507 5281 τόν.
1541 5226 1681 5282 Editi
1708 5241 1830 5280 cum
1863 5224 2049 5279 multis

546 5314 606 5350 ss.
669 5316 744 5350 οω
781 5315 869 5350 μοι
901 5298 1011 5350 τόν.

475 5297 744 5374 τῃδὶ-δρῶ
778 5315 869 5374 μοι
901 5298 1011 5351 τόν.
1065 5369 1078 5374 _
1143 5297 1151 5300 ’
1355 5367 1392 5374 _
1827 5363 1840 5374 _
2018 5361 2044 5374 η

547 5363 856 5445 (73)'Colb;
880 5369 1148 5445 secundus
1192 5385 1312 5445 e_um
1355 5367 1486 5445 Reg.
1518 5376 1671 5445 sexto
1718 5363 1909 5445 σοῳίαν
1951 5363 2045 5445 τοῦ

474 5437 779 5503 κτίσαντος.
822 5439 928 5494 Sed
963 5440 1114 5506 illud,
1144 5440 1239 5492 τοῦ
1284 5439 1591 5501 κτίσαντος,
1625 5437 1963 5493 desideratur
1993 5437 2047 5488 in

472 5510 636 5565 aditis
662 5519 713 5563 et
744 5510 796 5562 in
837 5509 956 5561 aliis
990 5525 1121 5565 mss.

546 5577 659 5648 (76)
699 5579 832 5648 Reg.
860 5578 1083 5648 quintus
1114 5578 1207 5632 τοῦ
1243 5579 1538 5639 κτίσοντος.

546 5646 659 5717 (77)
702 5646 829 5717 Reg.
858 5646 1041 5702 Sextus
1067 5650 1095 5701 6
1136 5649 1311 5717 φοίνιξ
1339 5650 1398 5701 τὸ
1443 5648 1573 5700 αὐτὸ
1618 5646 1814 5715 φύλλον
1859 5647 1923 5717 ἐκ
1953 5646 2051 5715 τῆς

473 5715 700 5789 πρώτης
735 5715 1081 5789 βλαστήσεως
1119 5715 1197 5781 εἰς
1239 5720 1391 5781 τέλος
1428 5717 1850 5789 συμπαραμένον
1890 5716 2049 5787 ἔχων.

485 5733 519 5768 π
557 5733 700 5785 ωτης
735 5733 1081 5783 μλασττσεως
1119 5733 1197 5781 εις
1239 5733 1391 5781 τέλος
1428 5733 1850 5789 συμπαραμενον
1890 5733 2049 5787 εχων.

485 5733 738 5850 ’ἕπει-ιε,
768 5797 869 5842 etc.
914 5760 1104 5841 Palma
1140 5806 1255 5855 quae
1300 5789 1505 5843 easdem
1553 5788 1768 5858 frondes
1796 5806 1841 5861 ,α
1882 5803 2052 5856 prima
