3850 6218
101 283 128 335 1
143 283 202 335 1-7

1243 287 1530 344 HOMILIA
1567 290 1635 346 Vl
1674 290 1743 346 ΙΝ
1783 291 2286 361 HEXAEMERON._

3278 299 3381 356 HI

2881 387 3028 397 -κμε

95 399 290 468 θέντες
319 401 378 453 ὲν
421 398 502 468 τῷ
527 398 669 470 οἴκῳ
689 399 918 470 Κυρίου,
953 403 1009 456 ὲν
1047 407 1165 468 ταῖς
1197 405 1386 471 αὐλαῖς
1422 407 1518 461 τοῦ
1557 409 1694 463 Θεοῦ

1812 421 2004 478 nostro,
2046 414 2133 469 cui
2177 414 2345 485 gloria
2390 421 2448 469 et-
2485 389 3382 486 hnperiumivinTat'culasarculo-

91 491 263 563 ὴμῶν
309 491 696 564 ὲξανθήσωμεν
750 497 808 548 ὲν
859 497 1082 569 Χριστῷ
1147 498 1320 570 Ἰησοῦ
1373 500 1454 572 τῷ
1505 503 1696 574 Κυρίῳ

1803 519 1944 558 rum.
1977 507 2166 559 Amen.

93 583 288 656 ἡμῶν,
314 577 360 653 ᾧ
387 585 423 656 ἡ
450 585 579 653 δόξα
608 587 704 640 καὶ
733 586 795 641 τὸ
821 589 1026 660 κράτος
1072 590 1153 654 εἰς
1183 593 1310 656 τοὺς
1353 592 1558 657 αἰῶνας
1585 593 1694 647 τῶν
1731 593 1964 650 αἰώνων.
2003 597 2194 668 Ἀμήν.

707 807 951 861 OMIAIA
1005 811 1096 876 ς’.

393 898 538 969 Περὶ
580 899 874 970 γενέσεως
913 901 1244 970 ερωστήρων
1277 899 1413 972 (81).

181 990 237 1046 ι.
265 989 374 1045 Τὸν
431 990 682 1063 ἀθλητῶν
731 991 930 1062 θεατὴν
991 992 1242 1061 μετέχειν
1280 991 1428 1053 τινὸς
1452 990 1698 1060 προσῆκε

107 1084 205 1136 καὶ
232 1082 394 1136 αὐτὸν
419 1083 686 1158 εὐτονίας.
725 1083 836 1136 Καὶ
879 1083 1040 1136 τοῦτο
1068 1085 1132 1136 ἐκ
1165 1082 1274 1135 τῶν
1306 1081 1699 1153 πανηγυρικῶν

105 1174 330 1246 θεσμῶν
362 1175 426 1229 ἄν
452 1193 536 1238 τις
587 1174 813 1238 κατίδοι,
845 1174 895 1228 οἳ
921 1175 1048 1238 τοὺς
1077 1173 1582 1245 συγκαθεζομένους
1618 1175 1700 1237 εις

105 1267 168 1318 τὸ
207 1267 418 1320 στάδιον
448 1265 560 1336 (82)
611 1269 795 1337 γυμνῇ
865 1266 1136 1337 καθῆσθαι
1165 1269 1230 1337 τῇ
1261 1267 1471 1338 κεφαλῇ
1513 1266 1696 1334 διαγο-

106 1359 395 1430 ρεύουσιν·
448 1359 779 1429 ἐμοὶδοκεῖν
811 1357 941 1430 (85),
1001 1359 1087 1412 ἴνα
1153 1359 1229 1430 μὴ
1286 1359 1484 1430 θεατὴς
1533 1357 1694 1428 μόνον

107 1450 454 1518 ἀγωνιστῶν,
484 1449 622 1504 ἀλλὰ
671 1449 764 1516 καὶ
811 1451 1116 1522 ἀγωνιστὴς
1165 1450 1394 1516 ἕκαστος
1429 1449 1592 1516 αὐτὸς
1636 1451 1695 1503 ὲν

105 1542 186 1611 τῷ
223 1543 378 1612 μέρει
401 1541 666 1613 τυγχάνῃ.
703 1541 858 1599 Οὕτω
897 1542 1072 1596 τοίνυν
1100 1543 1193 1596 καὶ
1229 1543 1318 1596 τὸν
1357 1541 1468 1596 τῶν
1521 1544 1695 1614 μεγά-

103 1633 217 1686 λων
250 1635 346 1687 καὶ
371 1633 668 1705 ὑπερφυῶν
701 1633 988 1704 θεαμάτων
1015 1633 1330 1708 ἐξεταστὴν,
1367 1635 1460 1688 καὶ
1485 1635 1582 1688 τὸν.
1596 1637 1695 1706 τῆς

103 1727 286 1796 ἄκρας
313 1725 481 1790 ὅντως
523 1725 618 1780 καὶ
649 1728 962 1798 ἀπορρήτου
992 1727 1182 1796 σοφίας
1220 1729 1495 1801 ἀκροατὴν
1532 1749 1700 1802 προσ-

103 1816 243 1888 ῆκεν
272 1817 481 1870 οἴκοθεν
528 1817 671 1887 ἔχειν
716 1817 920 1888 ἥκοντά
947 1835 1098 1882 τινας
1131 1819 1384 1890 ἀφορμὰς
1415 1821 1551 1892 πρὸς
1599 1821 1700 1892 τὴν

105 1909 345 1979 θεωρίαν
399 1909 507 1962 τῶν
563 1910 959 1980 προκειμένων,
989 1910 1086 1963 καὶ
1134 1915 1413 1966 κοινωνεῖν
1455 1913 1577 1982 ἐμοὶ
1601 1913 1700 1984 τῆς

110 2002 354 2070 ἀγωνίας
392 2002 471 2065 εἰς
495 2001 742 2072 δύναμιν,
777 2003 898 2073 οὐχ).
939 2003 1130 2073 κριτὴν
1167 2001 1368 2073 μᾶλλον
1395 2003 1430 2075 ἢ
1465 2021 1702 2073 συναγω-

108 2091 298 2164 νιστὴν
356 2091 686 2165 παρεστῶτα
709 2109 723 2123 ·
777 2093 988 2163 μήποτε
1023 2093 1131 2164 ἄρα
1163 2093 1394 2167 διαλάθῃ
1418 2095 1566 2164 ἡμᾶς
1601 2094 1701 2165 τῆς

107 2179 428 2251 ἀληθείαςή
469 2179 709 2250 εὕρεσις,
739 2183 833 2235 καὶ
864 2183 925 2235 τὸ
959 2182 1090 2253 ἐμὸν
1129 2182 1354 2253 σφάλμα
1397 2183 1549 2255 κοινὴ
1605 2183 1674 2254 ζη

111 2269 212 2346 μία
239 2269 349 2323 τῶν
378 2271 684 2338 ἀκουόντων
713 2271 958 2344 γένηται.
989 2271 1134 2342 Πρὸς
1166 2269 1258 2326 οὖν
1311 2273 1364 2326 τί
1417 2273 1592 2328 ταῦτα
1617 2273 1704 2326 λέ-

105 2379 195 2442 γω
223 2378 238 2426 ;
282 2362 426 2428 Ὀτι,
456 2361 645 2434 ἐπειδὴ
669 2363 958 2437 πρόκειται
982 2365 1114 2434 ἡμῖν
1145 2365 1225 2428 εἰς
1245 2363 1346 2436 τὴν
1373 2365 1467 2418 τοῦ
1493 2365 1700 2436 κόσμου

111 2453 374 2506 σύστασιν
429 2451 680 2518 ἐξέτασις
725 2455 820 2508 κα).
861 2455 1062 2527 θεωρία
1093 2455 1188 2509 τοῦ
1236 2457 1462 2524 παντὸς,
1494 2459 1594 2512 οὐκ
1638 2459 1701 2511 ὲκ

107 2541 212 2612 τῆς
243 2541 338 2596 τοῦ
359 2543 564 2613 κόσμου
595 2544 789 2613 σοφίας
807 2544 906 2608 τὰς
935 2545 1111 2617 ἀρχάς
1144 2545 1367 2616 ἔχουσα,
1393 2547 1511 2602 ἀλλ’
1546 2547 1605 2612 ἐξ
1627 2542 1702 2602 ὧν

106 2634 204 2686 τὸν
240 2633 434 2689 ἑαυτοῦ
467 2635 774 2708 θεράποντα
801 2638 829 2689 ὁ
862 2637 994 2701 Θεὸς
1028 2637 1432 2706 ἐξεπαίδευσεν,
1483 2641 1540 2694 ὲν
1575 2641 1704 2693 εἴδει

107 2725 359 2800 λαλήσας
387 2729 522 2800 πρὸς
552 2727 737 2793 αὑτὸν,
761 2729 858 2782 καὶ
887 2729 948 2781 οὐ
992 2729 1060 2782 δι’
1079 2711 1456 2800 αἰνιγμάτων,
1488 2731 1702 2802 ἀνάγκη

109 2839 220 2874 που
273 2821 490 2886 πάντως
550 2822 677 2888 τοὺς
735 2822 844 2875 τῶν
887 2823 1141 2894 μεγάλων
1182 2823 1584 2896 φιλοθεάμονάς
1627 2825 1703 2897 μὴ

107 2912 463 2984 ἀγύμναστον
511 2913 656 2986 ἔχειν
687 2915 779 2968 τὸν
807 2915 934 2969 νοῦν
966 2915 1104 2988 πρὸς
1141 2917 1240 2986 τὴν
1271 2915 1383 2972 τῶν
1409 2917 1707 2989 προκειμέ-

2388 813 2671 868 IIOMILIA
2711 814 2796 868 Vl.

2175 905 2252 960 De
2283 908 2616 976 generatione
2648 907 3012 962 (uritiuarium.

1875 1001 1926 1054 l.
1971 998 2344 1068 Spectatorem
2369 997 2694 1052 athletarum
2731 1011 2945 1070 oportet
2967 1011 3022 1056 et
3049 1001 3222 1071 ipsum
3251 1017 3382 1058 con-

1803 1093 2063 1152 tentionis
2089 1091 2412 1162 participem
2444 1106 2585 1146 esse.
2625 1091 2792 1163 quue
2817 1109 2882 1148 ex
2913 1094 3259 1166 panegyricis
3299 1093 3378 1150 Ie-

1802 1185 1958 1253 gihus
1986 1185 2161 1253 quivis
2197 1185 2555 1264 _cognoverit,
2595 1199 2738 1253 quae,
2784 1186 2836 1239 in
2874 1187 3056 1240 stadio.
3083 1186 3380 1241 considen—

1803 1285 1904 1340 tes,
1936 1277 2080 1329 nudo
2105 1275 2280 1343 capite
2297 1276 2486 1330 sedere
2511 1275 2702 1346 jubent
2725 1292 2741 1329 :
2769 1277 3099 1348 utquisque,
3127 1292 3244 1332 mea
3261 1277 3381 1346 qui-

1802 1369 1922 1422 dem
1955 1368 2246 1433 sententia,
2279 1383 2382 1422 uon
2419 1369 2490 1422 sil
2521 1367 2691 1423 solum
2737 1369 3130 1424 decertantium
3169 1379 3382 1438 specta-

1802 1469 1909 1526 tor,
1937 1461 2030 1516 sed
2061 1461 2224 1516 etiam
2261 1461 2441 1531 aliqua
2471 1475 2536 1515 ex
2571 1469 2725 1531 parte
2759 1461 2962 1516 athleta
2993 1462 3241 1516 exsistat.
3285 1459 3380 1516 Sic

1801 1567 1934 1606 sane
1964 1553 2126 1606 etiam
2173 1568 2490 1620 ntaguorum
2533 1562 2694 1620 atque
2733 1552 3130 1606 admirabilium
3168 1558 3380 1622 specta-

1803 1643 2047 1698 culorum
2101 1643 2498 1710 inquisitorem,
2534 1644 2786 1713 illiusque
2852 1659 2976 1698 vere
3040 1659 3266 1700 summa:
3311 1657 3379 1697 ac

1807 1732 2093 1788 incﬂ‘abilis
2137 1735 2417 1804 sapientia:
2469 1736 2794 1801 auditorem,
2843 1737 2970 1790 dum
3009 1737 3240 1804 accedit,
3279 1751 3382 1806 par

1804 1824 1966 1880 fuerit
1995 1826 2235 1894 quaedam
2265 1825 2332 1880 ad
2371 1841 2454 1880 res
2481 1827 2785 1896 propositas
2821 1827 3270 1896 contemplandas
3297 1827 3376 1882 iu-

1804 1918 2099 1974 citamenta
2127 1933 2194 1972 ex
2223 1933 2282 1972 se
2310 1917 2532 1986 habere,
2565 1933 2630 1972 ac
2662 1933 2872 1972 mecum
2905 1934 3002 1987 pro
3027 1919 3232 1974 viribus
3261 1933 3388 1974 esse

1803 2009 2116 2068 certaminis
2159 2019 2488 2073 consortem,
2525 2025 2625 2064 nec
2669 2011 2840 2080 magis
2888 2010 3126 2078 judicem
3173 2021 3381 2072 astare,

1802 2115 1962 2168 quam
1997 2110 2396 2155 educet-tantem
2421 2117 2521 2167 ;ne
2541 2101 2680 2158 forte
2701 2112 2983 2170 praetereat
3010 2117 3110 2156 nos
3139 2103 3386 2162 veritatis

1805 2191 2066 2264 inventio,
2089 2207 2153 2246 ac
2185 2208 2335 2248 meus
2367 2208 2522 2247 error
2551 2210 2839 2249 commune
2863 2195 3196 2250 audientium
3227 2195 3386 2248 dam-

1803 2297 1932 2336 num
1969 2283 2083 2339 ﬁat.
2124 2283 2394 2351 Quorsum
2429 2285 2538 2356 50
2567 2287 2679 2342 haec
2719 2286 2968 2342 tandem?
2995 2285 3130 2353 Quia
3159 2301 3280 2340 cum
3311 2286 3390 2340 in~

1805 2374 2069 2443 quirenda
2117 2375 2276 2432 nobis
2309 2389 2642 2447 [imponatur
2683 2379 2868 2432 mundi
2899 2378 3236 2443 constitutio,
3267 2378 3388 2433 uni-

1803 2467 2056 2535 versique
2094 2469 2503 2537 contemplatio,
2537 2485 2654 2538 quae
2679 2485 2746 2524 ex
2775 2470 2956 2524 mundi
2999 2470 3261 2540 sapientia
3291 2485 3388 2524 ne-

1805 2571 2074 2624 quaquam
2106 2556 2430 2628 principimn
2486 2559 2654 2626 ducit,
2696 2561 2790 2614 sed
2828 2575 2892 2614 ex
2941 2561 3025 2616 his
3066 2576 3187 2631 quae
3228 2577 3385 2618 suum

1807 2659 2020 2699 servum
2056 2643 2198 2700 Deus
2218 2647 2422 2712 docuit,
2451 2647 2527 2701 illi
2558 2647 2609 2700 in
2634 2649 2837 2716 specie,
2863 2661 2970 2700 nou
2999 2662 3096 2715 per
3127 2645 3388 2716 anigma-

1807 2745 1860 2792 ta
1881 2737 2094 2793 locutus
2125 2755 2142 2790 :
2171 2753 2390 2793 necesse
2423 2750 2508 2793 est
2552 2739 2793 2803 omnino,
2829 2739 3129 2807 ingentium
3171 2747 3388 2808 specta-

1807 2827 2052 2882 culorum
2077 2839 2348 2882 amatores
2383 2843 2488 2882 non
2515 2828 2756 2881 animum
2803 2827 3004 2881 habere
3039 2828 3104 2880 ad
3137 2829 3388 2896 proposi-

1811 2927 1990 2972 tarum
2058 2918 2214 2973 nobis
2268 2933 2452 2972 rerum
2495 2917 2897 2988 perceptionem
2952 2917 3386 2972 inexercitatum.

110 3023 224 3059 νων
256 3007 391 3076 ἡμῖν
417 3007 768 3078 κατανόησιν.
791 3007 861 3060 Εἴ
885 3025 1015 3060 ποτε
1037 3004 1151 3074 οὖν,
1177 3009 1236 3064 ἐν
1276 3007 1465 3080 αἰθρία
1518 3024 1703 3061 νυκτε-

1812 3008 1997 3079 Itaque
2026 3008 2070 3064 si
2108 3023 2344 3077 unquam
2375 3009 2428 3062 in
2456 3016 2718 3062 nocturna
2760 3007 3079 3071 serenitate,
3111 3006 3391 3060 inenarra-

115 3099 266 3182 ρινῇ,
289 3097 428 3167 πρὸς
449 3097 519 3151 τὰ
543 3097 756 3170 ἄρρητα
789 3098 960 3168 κάλλη
982 3099 1088 3152 τῶν
1115 3100 1330 3172 ἄστρων
1355 3101 1466 3172 (84)
1518 3101 1706 3155 ἐνατε-

109 3187 292 3254 νίσας,
325 3187 531 3242 ἔννοιαν
580 3189 772 3252 ἔλαϐες
807 3189 902 3242 τοῦ
951 3191 1196 3262 τεχνίτου
1237 3190 1348 3246 τῶν
1373 3191 1542 3256 ὅλων,
1569 3191 1654 3256 τίς
1677 3193 1707 3244 ὁ

109 3283 230 3342 τοῖς
251 3279 436 3334 ἄνθεσι
459 3281 666 3358 τούτοις
689 3271 1030 3346 διαποικίλας
1049 3282 1139 3336 τὸν
1161 3283 1410 3355 οὐρανὸν,
1443 3285 1536 3338 καὶ
1557 3285 1706 3348 ὅπως

111 3374 176 3426 ὲν
215 3374 330 3437 τοῖς
371 3375 668 3446 δρωμένοις
713 3375 874 3429 πλέον
919 3374 1013 3428 τοῦ
1045 3375 1280 3450 τερπνοῦ
1318 3376 1380 3429 τὸ
1411 3378 1706 3446 ἀναγκαῖόν

111 3466 270 3520 ἐστι·
335 3467 500 3520 πάλιν
570 3469 628 3521 ἐν
681 3469 864 3541 ἡμέρᾳ
927 3470 977 3522 εἰ
1037 3469 1264 3540 νήφοντι
1326 3467 1405 3541 τῷ
1461 3469 1708 3544 λογισμῷ

113 3559 432 3632 κατέμαθες
489 3561 558 3614 τά
594 3562 692 3632 τῆς
732 3561 949 3634 ἡμέρας
991 3559 1268 3632 θαύματα,
1315 3563 1409 3616 καὶ
1449 3563 1538 3616 διὰ
1597 3564 1708 3618 τῶν

111 3653 412 3725 ὁρωμένων
470 3653 769 3722 άνελογίσω
815 3654 904 3708 τὸν
959 3654 1058 3724 οὐχ
1101 3653 1400 3726 ὁρώμενον,
1454 3655 1710 3728 ὲμπαρά-

117 3763 316 3811 σκευος
347 3747 504 3818 ἥκεις
546 3747 822 3818 ἀκροατῂς
865 3747 960 3802 καὶ
985 3746 1212 3818 πρέπων
1258 3747 1337 3817 τῷ
1384 3729 1708 3824 πληρώματι

117 3838 218 3892 τοῦ
247 3837 446 3910 σεμνοῦ
475 3838 668 3892 τούτου
709 3839 803 3893 καὶ
837 3839 1110 3909 μακαρίου
1145 3837 1396 3910 θεάτρου.
1432 3837 1602 3910 Δεῦρο
1643 3839 1707 3910 δή

117 3927 236 3996 οὖν,
263 3929 454 4002 ῶσπερ
496 3931 546 3983 οἱ
584 3931 712 3993 τοὺς
750 3930 938 4002 ἀήθεις
977 3929 1086 3982 τῶν
1114 3929 1325 3982 πόλεων
1371 3929 1472 4000 τῆς
1527 3929 1710 4000 χειρὸς

119 4023 409 4095 λαϐόμενοι
457 4023 872 4094 περιηγοῦνται,
909 4023 1049 4076 οὕτω
1078 4021 1144 4100 δὴ
1169 4023 1264 4076 κα).
1305 4021 1468 4084 αὐτὸς
1523 4022 1616 4076 ἐπὶ
1641 4019 1712 4073 τὰ

121 4117 482 4189 κεκρυμμένα
547 4117 800 4187 θαύματα
851 4117 995 4187 ὑμᾶς
1049 4115 1148 4186 τῆς
1206 4114 1450 4186 μεγάλης
1509 4113 1712 4183 ταύτης

122 4209 334 4273 πόλεως
365 4207 668 4278 ξεναγήσω.
709 4208 798 4260 Ἐν
817 4209 882 4278 τῇ
908 4205 1058 4259 πόλει
1087 4205 1351 4278 ταύτῃ,ὲν
1386 4199 1476 4279 ᾖή
1509 4205 1710 4276 ἀρχαία

121 4300 326 4373 πατρὶς
355 4301 512 4372 ἡμῶν
546 4299 679 4372 (85),
719 4295 787 4380 ἦς
819 4297 1219 4370 μετανέστησεν
1245 4299 1392 4368 ἡμᾶς
1443 4297 1472 4350 ὁ
1503 4297 1712 4368 ἀνθρω-

1809 3098 1971 3153 bilem
2021 3108 2289 3153 astrorum
2333 3097 2788 3168 pulchritudinem
2831 3097 3054 3152 intentis
3095 3096 3269 3152 oculis
3293 3112 3390 3152 su—

1809 3190 2068 3259 spiciens,
2100 3191 2168 3246 de
2213 3191 2594 3245 universorum
2625 3189 2816 3260 Opiﬁce
2845 3189 3112 3260 cogitasti,
3142 3189 3388 3259 quisnam

1810 3284 1857 3340 is
1888 3283 1981 3348 sit,
2011 3284 2100 3354 qui
2135 3283 2221 3338 his
2241 3281 2468 3338 ﬁoribus
2496 3282 2692 3338 malum
2725 3283 2994 3346 distinxit,
3029 3290 3086 3337 et
3115 3281 3389 3350 quomodo

1811 3377 1863 3428 in
1909 3375 2071 3432 rebus
2115 3375 2415 3430 visibilibus
2457 3373 2628 3442 major
2665 3376 2736 3429 sit
2770 3374 3000 3440 utilitas,
3048 3388 3212 3444 quam
3239 3371 3394 3428 volu-

1807 3479 1963 3537 ptas;
1993 3481 2182 3521 rursus
2222 3467 2268 3521 si
2304 3467 2536 3520 interdiu
2573 3465 2680 3519 diei
2713 3465 2970 3520 miracula
3001 3464 3258 3529 didicisti,
3293 3480 3392 3534 per

1812 3559 2124 3628 diligentem
2151 3557 2585 3624 meditationem,
2613 3557 3048 3627 invisibilemque
3075 3571 3172 3626 per
3203 3555 3392 3610 visibi-

1809 3649 1879 3704 lia
1907 3649 2210 3716 aestimasti,
2233 3659 2452 3719 paratus
2474 3648 2692 3703 accedis
2723 3648 2959 3714 auditor,
2987 3663 3051 3703 ac
3077 3648 3274 3718 dignus
3297 3647 3391 3716 qui

1811 3741 2177 3796 venerandum
2227 3740 2358 3795 illud
2399 3755 2460 3794 ac
2516 3740 2730 3794 beatum
2771 3738 3041 3794 theatrum
3089 3737 3388 3808 compleas.

1809 3834 1924 3903 Age
1976 3833 2164 3902 igitur,
2195 3833 2651 3902 quemadmodum
2708 3833 2798 3900 qui
2861 3831 3074 3886 urbium
3125 3833 3391 3896 insuetus,

1813 3941 1974 3979 manu
2043 3925 2402 3996 apprehensa,
2438 3923 2989 3979 circumducunhita
3047 3931 3104 3978 et
3155 3922 3274 3993 ipse
3323 3923 3391 3976 ad

1810 4017 2022 4072 occulta
2081 4030 2288 4086 magna:
2323 4015 2478 4069 istius
2532 4015 2769 4070 civitatis
2817 4013 3074 4069 miracula
3127 4029 3226 4069 vos
3281 4021 3396 4067 tan.

1812 4124 1973 4178 quam
2008 4107 2322 4178 peregrinos
2363 4109 2683 4164 conducam.
2727 4107 2785 4161 In
2816 4107 3034 4162 civitate
3061 4106 3172 4172 illa,
3202 4105 3255 4162 in
3286 4120 3396 4176 qua

1815 4209 1898 4255 est
1921 4209 2076 4256 vetus
2111 4201 2283 4270 patria
2329 4207 2542 4268 nostra,
2574 4215 2641 4255 ex
2677 4213 2782 4270 qua
2814 4200 3026 4271 expulit
3053 4213 3154 4255 nos
3181 4199 3391 4254 daemon

1815 4293 2083 4350 homicida
2116 4291 2228 4360 ille,
2267 4293 2358 4362 qui
2403 4293 2518 4348 suis
2559 4292 2832 4348 illecebris
2878 4293 3152 4348 hominem
3187 4289 3396 4362 redegit

123 4393 384 4456 ποκτόνος
401 4391 630 4464 δαίμων,
659 4395 771 4455 τοῖς
805 4391 996 4445 ἑαυτοῦ
1025 4392 1386 4462 δελεάσμασιν
1434 4391 1703 4461 ἀνδραπο-

1815 4383 1866 4437 in
1897 4385 2213 4437 servitutem
2255 4385 2580 4438 :intuebere
2621 4383 2714 4439 hic
2758 4385 2988 4454 primam
3025 4382 3259 4438 hominis
3305 4397 3398 4453 ge-

120 4486 280 4550 δίσας
304 4483 396 4538 τὸν
425 4484 741 4556 ἄνθρωπον·
787 4482 1022 4538 ἐνταῦθα
1071 4482 1297 4553 κατόψει
1347 4483 1445 4552 τὴν
1485 4480 1710 4553 πρώτην

118 4577 218 4632 τοῦ
243 4575 530 4649 ἀνθρώπου
559 4577 794 4646 γένεσιν,
837 4576 930 4630 καὶ
959 4575 1050 4629 τὸν
1085 4574 1247 4639 εὐθὺς
1275 4576 1427 4646 ἡμᾶς
1447 4576 1712 4630 ἐπικατα-

119 4669 359 4723 λαϐόντα
397 4667 506 4742 (86)
551 4669 808 4734 θάνατονε
838 4669 897 4722 ὃν
944 4668 1232 4738 ἐγέννησεν
1279 4669 1313 4738 ἡ
1348 4668 1612 4738 ἁμαρτία,
1653 4667 1711 4722 τὺ

119 4761 472 4836 πρωτότοκον
530 4760 752 4830 ἔκγονον
793 4758 888 4813 τοῦ
936 4759 1250 4832 ἀρχεκάκου
1298 4757 1569 4828 δαίμονος.
1599 4755 1711 4816 Καὶ

118 4851 414 4924 γνωρίσεις
455 4852 648 4907 σαυτὸν
694 4852 880 4923 γήινον
937 4850 1036 4922 μὲν
1069 4853 1137 4922 τῇ
1188 4849 1379 4918 φιὲσει,
1433 4847 1594 4918 ἔργον
1651 4847 1709 4906 δὲ

121 4945 286 4998 θείων
313 4945 511 5016 χειρῶν
530 4961 543 4975 ·
567 4943 792 5016 δυνάμει
827 4945 924 5015 μὲν
947 4943 1038 4997 κα).
1056 4941 1341 5014 παραπολὺ
1371 4941 1477 4994 τῶν
1499 4941 1709 5010 ἀλόγων

119 5038 482 5101 λειπόμενον,
526 5037 764 5110 ἄρχοντα
815 5037 874 5090 δὲ
933 5035 1311 5108 χειροτονητὸν
1346 5033 1456 5100 τῶν
1497 5033 1708 5102 ἀλόγων

121 5131 220 5185 καὶ
271 5129 384 5183 τῶν
437 5127 695 5200 ἀψύχων·
738 5131 858 5192 ταῖς
901 5128 1001 5198 μὲν
1043 5129 1108 5181 ὲκ
1145 5127 1244 5200 τῆς
1277 5125 1493 5195 φύσεως
1523 5143 1707 5198 παρα-

197 5287 314 5357 (81)
351 5287 468 5358 illa,
503 5289 616 5343 Καὶ
643 5283 796 5342 εἶπεν
827 5291 855 5342 ὁ
889 5289 1022 5352 Θεός
1042 5305 1056 5319 ο
1085 5285 1469 5358 Γενεθήτωσαν
1502 5286 1712 5358 φωστῆσ

125 5377 224 5434 ρες
247 5359 306 5434 έν
327 5357 404 5434 τῷ
431 5358 768 5434 στερεώματι
794 5362 886 5434 τοῦ
909 5357 1164 5434 οὐρανοῦ,
1187 5357 1531 5434 reperiuntur
1558 5357 1710 5434 initio

125 5427 392 5484 orationis
431 5429 484 5482 in
529 5427 652 5484 'uno'
678 5441 772 5483 aut
801 5427 987 5485 ιιιιειο
1007 5429 1194 5484 codice
1232 5443 1250 5484 :
1287 5427 1378 5481 sed
1414 5427 1604 5481 desunt
1655 5428 1706 5480 in

127 5498 551 5568 antiquioribus,
597 5507 726 5570 puta
777 5501 828 5554 in
873 5511 1100 5568 utroque
1151 5496 1314 5554 Coisl.
1373 5495 1481 5552 Nos
1518 5496 1707 5552 omisi-

189 5585 276 5622 “5.

127 5585 320 5706 ω’(ἓῖὶ)
361 5641 463 5706 Εἰς
497 5638 566 5692 τὸ
592 5639 862 5706 στάδιον,
890 5649 996 5694 etc.
1029 5637 1168 5708 Lege
1207 5638 1480 5693 Ducazum.

201 5707 318 5794 (85)
359 5710 492 5780 Reg.
521 5720 704 5772 sextus
737 5711 860 5796 ἐμοὶ
889 5710 1052 5766 δοκεῖ.
1085 5707 1202 5766 Mox
1245 5724 1387 5766 unus
1429 5723 1533 5788 m__s.
1563 5707 1700 5776 ἀγω-

1813 4477 2168 4544 iterationem,
2207 4485 2262 4534 et
2297 4478 2443 4534 illam
2500 4495 2620 4548 qua:
2662 4494 2762 4534 nos
2799 4479 2984 4534 statim
3033 4471 3396 4550 apprehendit

1815 4583 2042 4626 mortem
2077 4587 2278 4643 :quam
2305 4574 2514 4648 peperit
2548 4587 2855 4644 peccatum,
2877 4574 3267 4646 primogenitus
3304 4572 3396 4628 ille

1816 4667 2073 4720 daemonis
2097 4665 2362 4720 malorum
2391 4667 2631 4722 auctoris
2654 4676 2863 4736 partus.
2893 4666 3030 4735 Quin
3058 4679 3114 4722 et
3139 4675 3192 4723 te
3219 4667 3392 4737 ipsum

1815 4773 2009 4813 nosces
2039 4767 2098 4812 ut
2138 4767 2332 4813 natura
2375 4767 2634 4824 terreum,
2667 4759 2740 4815 ita
2785 4775 3042 4816 manuum
3085 4759 3392 4815 divinarum

1815 4865 1951 4920 opus
1981 4867 1995 4904 :
2021 4851 2229 4906 viribus
2262 4851 2478 4921 quidem
2522 4851 2679 4922 longe
2725 4851 2902 4908 brutis
2933 4851 3256 4907 animalibus
3286 4852 3393 4906 im-

1814 4958 2022 5014 parem,
2051 4942 2443 4998 irrationalium
2485 4959 2615 4998 vero
2641 4951 2698 4999 et
2740 4943 3161 4999 inanimatorum
3194 4945 3396 5016 princi~

1813 5049 1935 5104 pem
1959 5035 2312 5090 constitutum
2341 5052 2356 5088 :
2384 5034 2697 5096 inferiorem
2725 5035 2942 5106 quidem
2961 5035 3194 5090 naturali
3222 5051 3392 5106 appaa

1816 5136 1961 5192 ratu,
2001 5140 2124 5181 eum
2163 5141 2314 5190 vero,
2347 5127 2438 5198 qui
2479 5127 2708 5182 rationis
2756 5127 3070 5198 prastantia
3105 5127 3286 5196 possis,
3319 5131 3390 5183 ad

1805 5285 2003 5340 νιστῶν
2037 5285 2284 5349 ἕκαστος.

1881 5355 1993 5429 (iis)
2035 5355 2283 5429 lflonnulﬁ
2325 5371 2457 5429 mss.
2481 5357 2590 5412 τῶν
2624 5356 2888 5429 ἀστέρων,

1879 5425 2214 5500 (85)_Codex
2234 5425 2404 5500 _Bodl.
2435 5430 2476 5500 i1
2497 5429 2701 5500 ἀρχαία
2737 5425 2956 5496 πατρὶς,
2979 5427 3180 5499 πατρὶς
3205 5427 3385 5498 ἡμῶν,

1807 5505 1954 5550 vetus
1977 5496 2074 5549 illa
2107 5497 2305 5564 patria,
2335 5496 2510 5564 patria
2541 5496 2747 5552 nostra.

1881 5565 1993 5639 (86)
2033 5567 2109 5620 Ita
2145 5565 2394 5639 Combef.
2425 5581 2548 5623 cum
2595 5567 2714 5626 aliis
2763 5579 2996 5639 quatuor
3042 5583 3156 5624 mss
3207 5567 3387 5628 Editio

1807 5634 1982 5694 Paris;
2001 5635 2396 5692 καταλαϐόντα.
