3850 6218
480 314 583 370 H9

1824 310 1882 363 S.
1925 304 2171 361 BASILII
2214 303 2425 361 MAGNl

3676 299 3767 354 H0

479 438 657 507 ipsum
715 433 910 489 caelum
970 433 1148 487 evehi.
1208 432 1401 487 lsthtec
1459 430 1501 483 si
1560 429 1821 483 fuerimus
1862 429 2057 491 edocti,

2195 430 2387 490 'xsuai;
2420 423 2831 494 ἐλαττούμενον,
2867 424 2934 492 τῇ
2978 419 3038 472 δὲ
3084 418 3177 471 τοῦ
3246 417 3401 485 λόγου
3454 420 3766 487 περιουσίᾳ

481 526 839 594 nosmetipsos
871 539 1288 594 cognoscemus,
1332 538 1521 577 sumus
1567 524 1731 577 Deum
1762 520 2059 591 cognituri,

480 617 829 672 adorabimus
858 614 1205 669 Conditorem
1226 653 1241 677 ,
1282 612 1511 666 Domino
1542 611 1861 677 serviemus,
1895 610 2062 680 glori-

486 708 765 761 ﬁcabimus
798 705 1035 768 Patrem,
1078 712 1321 758 nostrum
1371 704 1675 756 amabimus
1714 702 2059 765 nutritorem,

486 798 857 852 reverebimur
896 794 1349 859 benefacientem,
1391 803 1589 849 nostra:
1622 793 1747 848 vita:
1781 792 2064 863 praesentis

484 902 539 943 et
562 893 755 944 futura:
784 900 1066 944 auctorem
1096 887 1277 943 colere
1320 903 1424 941 non
1458 888 1766 941 desinemus
1796 908 1807 941 :
1840 886 1929 955 qui
1958 884 2065 940 sci-

486 982 611 1036 licet
646 997 739 1050 per
770 998 863 1037 eas
907 997 1041 1051 quas
1068 980 1176 1049 jam
1221 982 1447 1047 largitus
1482 989 1566 1035 est
1612 980 1850 1045 divitias,
1898 980 2062 1033 etiam

486 1074 641 1127 bouis
674 1072 957 1139 promissis
989 1072 1148 1127 fidem
1189 1072 1373 1137 faciat,
1408 1087 1468 1126 ac
1492 1086 1553 1125 ea
1593 1087 1711 1142 qua:
1742 1081 2065 1140 exspectan-

490 1174 596 1226 tur,
623 1165 964 1233 prmseutium
1011 1164 1383 1231 experimento
1430 1164 1584 1218 nobis
1628 1164 1931 1217 confirmet.
1971 1163 2064 1217 Et-

485 1256 631 1309 enim
663 1256 706 1310 si
740 1255 1063 1325 temporaria
1097 1253 1220 1307 talia
1246 1263 1391 1321 sunt,
1416 1254 1598 1323 qualia
1634 1263 1793 1311 erunt
1826 1254 2065 1308 aeterna?

488 1340 619 1395 Item
654 1342 698 1396 si
734 1343 959 1397 visibilia
993 1344 1129 1396 adeo
1151 1343 1375 1411 pulchra
1407 1352 1553 1405 sunt,
1582 1343 1759 1413 qualia
1794 1345 2063 1397 censenda

490 1443 619 1487 sunt
647 1433 979 1487 invisibilia?
1020 1434 1075 1487 Si
1114 1434 1236 1488 εωιί
1280 1435 1590 1503 magnitudo
1641 1446 1932 1505 exsuperat
1966 1436 2065 1489 hu-

493 1540 667 1578 mana:
701 1524 1065 1594 intelligentia:
1107 1540 1442 1588 mensuram,
1481 1525 1729 1592 quisnam
1759 1524 2067 1579 intellectus

491 1615 669 1670 valeat
714 1617 1171 1684 sempiternorum
1209 1625 1458 1669 naturam
1495 1616 1872 1684 perscrutari?
1899 1616 1955 1670 Si
1986 1615 2067 1671 sol

492 1706 585 1760 ille
619 1707 954 1775 corruptioni
1000 1708 1291 1771 obnoxius,
1317 1708 1453 1761 adeo
1483 1707 1707 1775 pulcher
1733 1716 1815 1761 est
1840 1718 1894 1761 et
1932 1707 2068 1762 adeo

2164 518 2301 591 πρὸς
2345 517 2574 589 οὐρανὸν
2610 515 2772 570 αὐτὸν
2819 510 3192 584 ὑπεραρθῐψαι
3246 509 3585 577 δυνάμενον.
3652 509 3771 561 Ἐὰν

2161 614 2333 665 ταῦτα
2374 610 2656 681 μάθωμεν,
2691 606 2917 669 ἑαυτοὺς
2951 601 3389 673 ἐπιγνωσόμεθα,
3435 602 3591 654 Θεὸν
3633 619 3773 667 γνω-

2166 706 2409 777 ρίσομεν,
2432 700 2524 754 τὸν
2561 700 2825 754 κτίσαντα
2871 696 3343 767 προσκυνήσομεν,
3369 692 3449 763 τῷ
3504 694 3774 759 Λεία-πέτῃ

2162 793 2561 863 δουλεύσομεν,
2598 790 2690 845 τὸν
2743 788 2959 859 Πατέρα
3021 785 3353 855 δοξάσομεν,
3392 785 3489 837 τὸν
3551 786 3773 853 τραπεὶς

2165 888 2321 958 ἡμῶν
2354 885 2736 955 ἀγαπήσομεν,
2786 881 2876 935 τὸν
2943 878 3235 949 εὐεργέτην
3291 875 3775 945 αἱδεσθησόμεθα,

2164 982 2254 1034 τὸν
2282 980 2522 1051 ἀρχηγὸν
2558 978 2657 1048 τῆς
2693 976 2838 1045 ζωῆς
2882 974 3039 1046 ἡμῶν
3068 974 3167 1043 τῆς
3195 971 3479 1041 παρούσης
3520 974 3636 1023 καὶ
3682 971 3776 1039 τῆς

2167 1072 2467 1145 μελλούσης
2521 1068 2949 1142 προσκυνοῦντες
2985 1068 3087 1120 ούκ
3134 1064 3500 1136 ἀπολήξομεν,
3560 1064 3670 1115 τὸν
3713 1063 3775 1115 δι’

2164 1160 2224 1219 οῦ
2260 1163 2563 1241 παρέσχετο
2597 1161 2695 1232 ἤδη
2752 1160 2982 1212 πλούτου
3014 1159 3124 1228 (87)
3159 1158 3252 1211 καὶ
3296 1156 3367 1209 τὰ
3409 1158 3471 1210 ἐν
3513 1159 3778 1226 ἐπαγγε-

2166 1256 2308 1318 λίαις
2350 1252 2742 1323 πιστούμενον,
2786 1251 2881 1303 καὶ
2922 1254 2987 1321 τῇ
3050 1250 3212 1321 πείρᾳ
3278 1249 3388 1301 τῶν
3464 1250 3773 1319 παρόντων

2172 1347 2491 1419 βεϐαιοῦντα
2523 1347 2655 1415 ἡμῖν
2684 1344 2752 1397 τὰ
2784 1344 3222 1415 προσδοκώμενα.
3249 1345 3310 1396 Εἰ
3336 1342 3447 1413 γὰρ
3488 1342 3564 1397 τά
3601 1344 3773 1413 πρὼ-

2167 1457 2337 1511 καιρα
2370 1438 2613 1501 τοιαῦτα,
2648 1438 2865 1489 ποταπά
2899 1436 2968 1489 τὰ
3004 1434 3231 1497 didam;
3266 1436 3374 1488 Καὶ
3410 1436 3462 1486 εί
3511 1435 3589 1488 τὰ
3629 1436 3776 1505 ὀρὼ·

2170 1547 2304 1601 μενα
2360 1527 2503 1581 οὕτω
2567 1525 2727 1590 καλὰ,
2763 1524 2983 1579 ποταπά
3030 1524 3096 1577 τὰ
3140 1524 3379 1593 ἁόρατας
3410 1524 3475 1575 EE
3522 1522 3775 1594 ούρανοῦ

2171 1619 2397 1690 μέγεθος
2428 1619 2626 1689 μέτρον
2651 1616 2995 1688 ἀνθρωπίνης
3034 1615 3271 1678 διανοίας
3308 1614 3547 1667 ἐκϐαίνει
3571 1656 3597 1680 ,
3662 1615 3774 1666 τῶν

2170 1713 2354 1765 ἀϊδίων
2386 1711 2484 1784 τὴν
2520 1710 2681 1780 φύσιν
2708 1710 2790 1772 τίς
2818 1709 2927 1780 ἄρα
2950 1708 3075 1773 νοῦς
3110 1707 3408 1779 ἐξιχνιάσαι
3437 1707 3771 1777 δυνήσεται;

492 1816 740 1871 magnus,
765 1816 885 1854 cum
930 1801 1085 1855 velox
1128 1801 1193 1854 ad
1240 1810 1464 1864 motum,
1504 1808 1613 1853 tum
1648 1800 1927 1854 ordinatos
1964 1802 2069 1855 cir-

2195 1804 2235 1855 Ξί
2268 1806 2295 1856 ὁ
2324 1804 2390 1874 τῇ
2436 1782 2609 1873 ίρθορᾷ
2642 1800 2999 1871 ὑποκείμενος
3048 1800 3198 1871 ἥλιος
3233 1800 3341 1871 (88)
3380 1799 3525 1853 οὕτω
3576 1800 3772 1860 καλὸς,

490 1895 671 1947 cuitus
690 1893 932 1963 explens,
958 1892 1379 1962 magnitudinem
1404 1893 1622 1961 quidem
1656 1893 1721 1945 ad
1759 1894 2068 1947 universum

495 1985 567 2037 ita
606 1987 1071 2039 accommodatam
1110 1994 1325 2049 nactus,
1351 1994 1409 2038 ut
1435 2000 1575 2049 eam,
1601 2000 1762 2053 quam
1793 2000 1913 2039 cum
1951 1985 2071 2039 uni-

496 2091 653 2130 verso
683 2076 863 2141 habet,
915 2077 1316 2146 proportionem
1371 2093 1475 2131 nou
1517 2079 1762 2142 excedat,
1801 2092 1899 2131 sua
1944 2092 2072 2131 vero

495 2170 895 2235 pulchritudine
937 2180 1192 2239 tauquam
1245 2180 1451 2223 naturm
1493 2170 1681 2223 oculus
1712 2170 1929 2239 quidam
1961 2169 2073 2240 pel-

497 2260 707 2315 lucidus
745 2276 831 2315 res
864 2272 1078 2315 creatas
1122 2262 1496 2315 condecorans
1523 2276 1537 2315 :
1566 2263 1722 2328 hujus
1758 2262 1803 2314 si
1852 2261 2073 2315 insatia-

498 2349 621 2403 bilis
646 2360 729 2403 est
768 2360 1039 2418 aspectus,
1074 2350 1214 2419 quali
1266 2351 1673 2421 pulchritudine
1721 2352 1800 2405 sol
1851 2350 2074 2418 justitia:

497 2442 759 2510 praeditus
792 2442 907 2495 est?
950 2441 1005 2495 Si
1044 2443 1188 2495 hunc
1232 2442 1400 2496 solem
1433 2458 1537 2495 non
1570 2443 1903 2511 conspicere,
1933 2458 2074 2496 careo

498 2532 883 2586 detrimentqu
929 2543 1053 2587 est:
1093 2534 1249 2602 quale
1279 2543 1361 2588 cst
1414 2534 1683 2603 peceatori
1734 2533 2073 2603 dispendium

499 2623 617 2677 luce
652 2640 777 2677 vera
809 2625 1037 2679 carere?

567 2715 621 2769 2.
666 2714 732 2767 Et
760 2718 893 2769 dixit
930 2716 1110 2771 Deus:
1144 2716 1303 2770 Fiant
1338 2717 1628 2769 luminaria
1659 2718 1711 2769 in
1739 2717 2074 2784 ﬁrmamento

498 2806 614 2861 alii
647 2810 715 2859 ad
748 2807 1187 2860 illuminaliouem
1210 2824 1367 2875 super
1393 2818 1585 2859 terram
1612 2825 1629 2861 :
1658 2818 1713 2860 ut
1738 2807 1839 2877 51
1870 2810 2075 2861 discer-

500 2909 625 2950 mmt
670 2900 806 2951 inter
856 2900 991 2951 diem
1030 2909 1076 2951 et
1115 2900 1397 2952 noctem”.
1429 2900 1636 2953 Caelum
1670 2911 1723 2952 et
1764 2911 1905 2952 terra
1943 2916 2078 2969 pra:-

497 3001 776 3045 cesserant
806 3007 821 3044 :
851 3001 971 3060 post
1003 2991 1118 3045 haec
1155 2989 1333 3043 fuerat
1360 2991 1446 3043 lux
1478 3002 1657 3045 creata
1689 3010 1703 3045 :
1737 2991 1853 3046 dies
1889 3002 1942 3046 et
1971 3006 2075 3046 nox

499 3085 748 3137 discretae
785 3083 997 3136 fuerant
1030 3101 1041 3135 :
1074 3085 1199 3136 item
1242 3082 1443 3135 factum
1490 3094 1608 3163 erat
1649 3083 2073 3149 firmamentum,
2105 3123 2147 3179 Ο

498 3180 555 3222 et
590 3171 738 3224 arida
775 3172 949 3223 fuerat
983 3171 1212 3225 detecta.
1264 3172 1501 3225 Collecta
1550 3186 1666 3227 erat
1704 3190 1841 3243 aqua
1887 3174 1937 3226 in
1970 3184 2079 3227 sta-

502 3262 663 3315 bilem
691 3277 754 3316 ac
783 3263 1059 3317 definitam
1113 3264 1614 3331 congregationem.
1649 3264 1814 3318 Terra
1844 3265 2079 3334 propriis

499 3352 832 3421 germinibus
852 3352 1181 3407 eratreferta
1214 3372 1228 3408 :
1255 3354 1686 3423 quandoquidem
1714 3366 1765 3408 et
1800 3356 2080 3409 innumera

502 3443 800 3511 protulerat
844 3443 1132 3497 herbarum
1174 3459 1398 3515 genera,
1432 3457 1487 3499 et
1517 3447 1846 3501 omnimodis
1876 3447 2083 3514 planta-

505 3550 622 3587 rum
653 3535 933 3605 speciebus
965 3538 1315 3591 exuberabat.
1349 3537 1586 3593 Necdum
1615 3550 1792 3593 tamen
1832 3548 1949 3593 erat
1977 3539 2079 3605 sol,

504 3645 681 3697 neque
713 3628 835 3683 luna
871 3649 883 3684 :
916 3644 983 3683 ne
1034 3630 1201 3684 solem
1253 3631 1387 3686 lucis
1437 3644 1713 3688 auctorem
1762 3650 1825 3688 ac
1876 3646 2081 3703 patrem

504 3722 857 3791 appellarent,
894 3738 1027 3776 neve
1058 3724 1147 3793 qui
1177 3722 1343 3777 Deum
1381 3727 1653 3795 ignorant,
1678 3728 1710 3781 ii
1748 3728 2085 3781 arbitraren—

506 3823 596 3865 tur
626 3814 796 3883 ipsum
830 3829 1007 3868 rerum
1040 3830 1070 3867 e
1101 3825 1243 3870 terra
1278 3820 1611 3871 nascentium
1657 3819 1905 3887 opificem
1943 3835 2083 3873 esse.

502 3906 846 3974 Quapmpter
868 3916 1059 3976 quarta
1085 3906 1192 3971 jam
1224 3907 1338 3963 dies
1358 3921 1686 3974 accesserat,
1714 3921 1761 3963 et
1797 3920 1920 3963 tunc
1951 3911 2087 3964 Deus

505 3998 644 4049 dixit
678 4016 690 4050 :
718 3996 880 4051 Fiant
913 3999 1199 4051 luminaria
1234 4000 1288 4051 in
1318 3998 1648 4065 ﬁrmamento
1675 4000 1815 4053 caeli.
1848 4000 1979 4054 Cum
2012 4001 2087 4055 lo-

506 4098 760 4155 quentem
799 4103 903 4139 non
940 4088 1173 4155 ignores,
1206 4087 1348 4142 illico
1391 4098 1574 4143 mente
1616 4092 1921 4144 audientem
1966 4106 2090 4143 con-

503 4179 688 4248 junge.
742 4179 885 4231 Dixit
959 4179 1119 4239 Deus.
1189 4178 1351 4233 Fiant
1403 4181 1805 4236 luminaria.....
1857 4193 1904 4235 et
1964 4183 2090 4250 fecit

513 4268 650 4321 Deus
696 4272 799 4323 duo
837 4271 1204 4324 luminaria".
1258 4274 1390 4339 Quis
1451 4274 1609 4337 dixit,
1663 4275 1878 4343 etquis
1932 4277 2090 4329 fecit?

512 4362 702 4416 Nonne
730 4365 779 4415 iu
817 4364 900 4416 his
936 4365 1206 4431 duplicem
1254 4382 1542 4433 personam
1573 4368 1843 4435 percipis"
1884 4368 2090 4437 Ubique

2174 1896 2316 1949 οὕτω
2348 1894 2543 1965 μέγας,
2572 1893 2698 1957 ὀξὺς
2756 1893 2852 1964 μὲν
2888 1892 3197 1964 κινηθῆναι,
3226 1893 3523 1955 εὐτάκτους
3566 1892 3633 1944 δὲ
3675 1893 3776 1955 τὰς

2174 1986 2455 2058 περιόδους
2477 1985 2779 2049 ἀποδιδοὺς,
2812 1984 3123 2055 σύμμετρον
3149 1985 3245 2054 μὲν
3275 1984 3410 2054 ἔχων
3431 1985 3495 2037 τὸ
3528 1985 3775 2054 μέγεθος

2174 2080 2251 2150 τῷ
2281 2080 2462 2143 παντὶ,
2500 2078 2639 2131 ὥστε
2674 2078 2748 2150 μὴ
2780 2079 3052 2132 ἐκϐαίνειν
3089 2064 3186 2148 τὴν
3220 2078 3355 2149 πρὸς
3391 2076 3451 2129 τὸ
3479 2077 3605 2130 ὅλον
3639 2079 3777 2129 ἀνα-

2174 2172 2360 2240 λογίαν
2388 2188 2401 2201 ⁶
2434 2172 2511 2241 τῷ
2537 2172 2593 2224 δὲ
2626 2170 2811 2224 κάλλει
2844 2171 2945 2240 τῆς
2978 2170 3192 2239 φύσεως
3224 2164 3332 2223 οἶόν
3367 2187 3449 2233 τις
3484 2169 3775 2238 ὀφθαλμὸς

2174 2263 2397 2334 διαυγὴς
2428 2254 2727 2333 ἐμπρέπων
2757 2265 2820 2332 τῇ
2856 2262 3059 2315 κτίσει·
3086 2264 3133 2315 εί
3184 2262 3479 2330 ἀκόρεστος
3505 2260 3708 2313 τούτου
3738 2262 3773 2330 ἠ

2177 2356 2296 2421 θέα,
2331 2355 2568 2417 ποταπὸς
2595 2353 2670 2423 τῷ
2698 2354 2883 2407 κάλλει
2914 2356 2941 2406 ὁ
2966 2354 3065 2422 τῆς
3090 2353 3432 2423 δικαιοσύνης
3465 2352 3661 2423 ἦλιοςς
3710 2354 3773 2405 Ei

2176 2446 2361 2517 τυφλῷ
2393 2447 2562 2517 ζημία
2604 2446 2793 2499 τοῦτον
2826 2446 2901 2516 μὴ
2938 2445 3156 2515 βλέπειν
3179 2486 3193 2509 ,
3225 2447 3441 2515 ποταπὴ
3480 2445 3660 2515 ζημία
3690 2444 3771 2517 τῷ

2176 2539 2486 2611 ἁμαρτωλῷ
2509 2538 2601 2591 τοῦ
2633 2537 2887 2609 ἀληθινοῦ
2924 2538 3101 2608 φωτὸς
3131 2537 3461 2609 στερηθῆναι
3488 2553 3504 2603 ;

2246 2720 2300 2774 2.
2338 2721 2445 2775 Καὶ
2479 2717 2649 2773 εἶπεν
2678 2722 2710 2773 ὀ
2754 2720 2932 2784 Θεόςο
2961 2718 3403 2787 Γενηθήτωσαν
3443 2718 3772 2787 φωστῆρες

2175 2812 2246 2867 ἐν
2272 2812 2351 2878 τῷ
2402 2811 2760 2881 στερεώματι
2810 2812 2915 2865 τοῦ
2972 2811 3230 2880 οὐρανοῦ
3276 2812 3363 2875 εἰς
3390 2810 3632 2879 sedi-errr
3674 2812 3768 2863 ἐπὶ

2178 2904 2289 2971 τῆς
2314 2904 2454 2973 γῆς·
2484 2903 2640 2958 ὥστε
2694 2902 3061 2972 διαχωρίζειν
3104 2902 3213 2973 (89)
3268 2902 3387 2956 ἀνὰ
3428 2900 3634 2971 μέσον
3660 2902 3766 2968 τῆς

2178 2996 2401 3069 ἡμέρας
2426 2995 2525 3049 καὶ
2552 2995 2667 3049 ἀνὰ
2690 2994 2886 3062 μέσον
2910 2993 3018 3061 τῆς
3046 2994 3283 3059 νυκτός.
3317 2993 3560 3063 Οὐρανὸς
3581 3010 3766 3064 προει-

2180 3088 2340 3159 λήφει
2376 3086 2469 3139 καὶ
2500 3085 2573 3156 γῆ
2596 3102 2608 3114 ο
2649 3084 2711 3136 τὸ
2765 3082 2881 3153 φῶς
2927 3084 3020 3136 ἐπὶ
3060 3082 3269 3146 τούτοις
3301 3083 3761 3154 δεδημιούργητο’

2181 3181 2361 3251 ἡμέρα
2396 3178 2489 3231 καὶ
2552 3177 2647 3243 νὺξ
2693 3176 3029 3247 διεκέκριτο·
3069 3175 3231 3228 πάλιν
3283 3175 3614 3245 στερέωμα,
3677 3177 3767 3229 καὶ

2184 3272 2351 3343 ξηρᾶς
2403 3270 2727 3341 φανέρωσις.
2781 3268 2854 3321 Τὸ
2915 3267 3059 3339 ὓδωρ
3112 3267 3462 3339 συνήθροιπο
3519 3270 3599 3330 είς
3642 3285 3765 3320 συν·-

2182 3362 2473 3430 εστηκυῖαν
2514 3359 2608 3412 καὶ
2652 3358 3041 3428 ἀφωρισμένην
3086 3359 3427 3428 συναγωγήν.
3470 3358 3538 3410 Ἠ
3570 3358 3644 3428 γῆ
3674 3376 3764 3409 πεο

2184 3452 2440 3522 πλήρωτο
2466 3453 2577 3513 τοῖς
2606 3450 2824 3513 οἰκείοις
2863 3451 3163 3520 γεννήμασι
3196 3492 3211 3515 ,
3242 3451 3310 3503 τά
3338 3467 3395 3502 τε
3440 3451 3615 3521 μυρία
3639 3452 3768 3519 γένη

2184 3545 2292 3598 τῶν
2344 3544 2582 3614 βοτανῶν
2610 3543 3046 3614 ἐκϐλαστήσασα,
3080 3544 3176 3597 καὶ
3207 3542 3565 3607 παντοδαποῖς
3608 3544 3770 3597 εἴδεσι

2186 3638 2368 3708 φυτῶν
2404 3636 2793 3707 εύθηνουμένη.
2829 3636 3015 3698 Ἥλιος
3044 3635 3100 3687 δὲ
3124 3634 3275 3687 οῦπω
3302 3630 3369 3706 ἦν
3410 3636 3505 3687 καὶ
3549 3634 3766 3706 σελήνη,

2188 3733 2276 3786 ἵνα
2307 3732 2442 3802 μήτε
2466 3730 2642 3799 φωτὸς
2665 3728 2904 3799 ἀρχηγὸν
2927 3728 3020 3780 καὶ
3054 3728 3264 3796 πατέρα
3290 3728 3380 3780 τὸν
3397 3726 3550 3797 ἥλιον
3578 3728 3769 3797 Enopi-

2190 3840 2343 3887 σωσι,
2389 3822 2526 3892 μήτε
2551 3820 2659 3872 τῶν
2692 3821 2756 3872 ἐκ
2788 3820 2885 3889 τῆς
2915 3819 3017 3888 γῆς
3053 3819 3334 3888 φυομένων
3362 3818 3700 3887 δημιουργὸν
3725 3820 3767 3869 οἱ

2187 3916 2278 3968 τὸν
2327 3914 2461 3967 Θεὸν
2523 3914 2888 3983 ἀγνοήσαντες
2929 3910 3039 3978 (90)
3101 3912 3433 3982 ἡγήσωνται.
3468 3909 3570 3962 Διά
3618 3910 3768 3963 τοῦτο

2188 4010 2420 4077 τετάρτη
2445 4004 2627 4076 ἡμέρα
2646 4023 2657 4035 ·
2694 4004 2786 4057 καὶ
2813 4002 2936 4056 τότε
2969 3998 3123 4056 εἶπεν
3148 4005 3175 4055 ὁ
3219 4003 3349 4065 Θεός
3375 4019 3388 4031 ο
3425 4002 3769 4069 Γενηθήτω-

2190 4111 2312 4149 σιιν
2355 4094 2665 4165 φωστῆρες
2705 4095 2774 4147 ἐν
2818 4093 2897 4158 τῷ
2930 4092 3285 4164 στερεὼματι
3343 4092 3449 4145 τοῦ
3490 4092 3767 4160 εἰιιραιοίτῦ.

2195 4187 2362 4238 Ὅταν
2385 4186 2476 4239 τὸν
2504 4186 2724 4237 εἰπόντα
2750 4184 3205 4255 διδαχθῇς,εύθὺς
3235 4186 3300 4253 τῇ
3330 4182 3511 4252 ἐννοίᾳ
3538 4183 3768 4236 σύναπτε

2192 4278 2283 4329 τὸν
2310 4276 2637 4330 ἀκούσαντα.
2668 4272 2854 4328 Εἶπεν
2896 4278 2927 4327 ὀ
2962 4276 3129 4339 Θεός·
3174 4276 3223 4326 Γ
3226 4272 3616 4339 ενηθήτωσαν
3662 4294 3768 4343 ρω-

2195 4368 2437 4437 στῆρες,
2466 4368 2561 4421 καὶ
2593 4368 2885 4434 ἐποίησεν
2912 4369 2943 4419 ό
2972 4366 3115 4430 Θεὸς
3132 4365 3273 4429 τοὺς
3300 4365 3409 4417 δύο
3434 4364 3763 4433 φωστῆμις.

512 4455 755 4509 historia:
802 4457 1104 4523 inspersqu
1154 4468 1235 4512 est
1289 4460 1517 4529 mystico
1585 4460 1746 4512 modo
1811 4460 2078 4529 theologiam

2195 4462 2287 4525 Τίς
2312 4458 2453 4523 εἷπε,
2486 4460 2580 4513 καὶ
2609 4460 2693 4522 τίς
2724 4458 3006 4528 ἐποίησεν;
3030 4458 3141 4509 Οὐκ
3172 4458 3370 4519 ἐννοεῖς
3394 4458 3452 4508 ἐν
3482 4458 3690 4520 τούτοις
3716 4457 3769 4509 τὸ

511 4551 723 4616 dogma.
784 4548 1013 4601 Additur
1059 4550 1221 4603 etiam
1280 4550 1713 4619 generaudorum
1748 4549 2092 4603 luminariqu

512 4642 852 4697 necessitas:
894 4641 974 4693 Ad
1020 4642 1478 4707 illuminationem,
1541 4643 1736 4709 inquit,
1787 4657 1942 4709 super
1992 4653 2097 4694 ter-

515 4752 628 4788 ram
653 4736 720 4790 ⁸ο.
775 4734 829 4789 Si
884 4735 1019 4789 lueis
1070 4738 1350 4802 generatio
1391 4746 1764 4803 praecesserat,
1824 4735 2097 4802 quomodo

516 4846 657 4882 uuue
697 4830 776 4883 sol
828 4831 1024 4883 iterum
1056 4830 1256 4884 dicitur
1300 4830 1367 4881 ad
1402 4829 1847 4881 illuminationem
1874 4826 2100 4881 editus?

516 4923 756 4978 Primum
808 4924 1025 4993 quidem
1084 4922 1375 4990 singularis
1416 4922 1601 4976 iSIhzec
1654 4920 1903 4989 loquendi
1959 4920 2095 4974 ratio

514 5016 721 5070 nullum
750 5016 842 5071 tibi
874 5016 1041 5071 risum
1075 5026 1290 5069 moveat
1318 5033 1332 5069 :
1357 5016 1624 5084 siquidem
1657 5022 1893 5067 vestrum
1928 5013 2089 5066 istum

517 5110 809 5189 verborum
847 5108 1115 5164 delectum
1140 5122 1246 5162 non
1278 5107 1580 5177 sequimur,
1608 5119 1783 5175 neque
1808 5106 2092 5159 concinna:

586 5224 633 5257 ⁷⁸
663 5223 798 5277 Gen.
830 5236 869 5287 ι,
900 5219 989 5275 14.
1064 5219 1111 5251 ⁷⁸
1140 5218 1270 5275 ibid.
1296 5217 1380 5272 l6.
1458 5218 1505 5249 ⁸ο
1528 5216 1662 5273 ibid.

591 5338 704 5410 (87)
746 5336 883 5406 Reg.
925 5335 1175 5410 _pr_imus__.
1222 5340 1497 5410 sex_tus_et
1540 5342 1761 5410 octavus
1807 5347 1931 5410 cum
1983 5331 2104 5386 aliis

520 5402 691 5464 tribus
724 5402 856 5462 mss:
883 5402 1116 5459 πλούτου
1145 5402 1397 5475 ὕπαρξιν.
1426 5404 1623 5457 Vocem
1661 5404 1893 5474 ὓπαρξιν
1931 5416 2105 5473 neque
2168 5459 2179 5472 ,

520 5480 650 5533 editi
690 5488 1009 5546 agnoscunt,
1041 5491 1216 5541 neque
1250 5476 1338 5546 alii
1373 5484 1483 5528 tres
1524 5490 1656 5546 mss.

595 5538 880 5618 (88)VReg.
914 5538 1096 5600 sextus
1119 5538 1484 5618 ὑποκείμενος
1511 5538 1662 5606 οὗτος
1696 5546 1723 5596 ὁ
1749 5543 1923 5618 ᾕλιος.

597 5615 712 5687 (89)
753 5615 1012 5687 Ita'Regii
1049 5617 1254 5687 primus
1279 5627 1334 5668 et
1362 5628 1609 5687 octavus,
1640 5626 1693 5687 et
1735 5615 1886 5671 Colb.
1915 5628 2106 5687 securi:

597 5624 730 5740 (89)ἱ
753 5624 824 5671 Ita
862 5624 1012 5685 ltegii
1049 5624 1254 5683 primus
1279 5627 1334 5668 et
1362 5628 1609 5676 octavus,
1640 5626 1693 5667 et
1735 5624 1886 5671 Colb.
1915 5628 2106 5666 secun-

528 5690 650 5741 dus.
737 5697 846 5739 eest
877 5686 1017 5737 ὥστε
1045 5688 1095 5738 in
1128 5685 1286 5738 editis
1318 5695 1371 5736 et
1403 5686 1453 5737 iu
1496 5686 1767 5750 aliquibus
1801 5700 1929 5739 mss.
1964 5682 2107 5738 LXX

528 5770 657 5809 vero
686 5766 738 5809 et
770 5758 932 5811 Coisl.
962 5757 1167 5824 primus
1193 5756 1286 5808 τοῦ
1316 5754 1680 5826 διαχωρίςειν.

2199 4552 2310 4619 (9|)
2345 4550 2563 4604 διπλοῦν
2597 4549 2703 4602 τῶν
2744 4549 3080 4621 προσώπων;
3118 4547 3395 4617 Πανταχοῦ
3439 4550 3505 4619 τῇ
3570 4550 3765 4619 ἱστορίᾳ

2196 4641 2259 4694 τὸ
2293 4641 2467 4710 δόγμα
2493 4641 2591 4710 τῆς
2626 4638 2904 4707 θεολογίας
2931 4637 3207 4708 μυστικῶς
3254 4637 3765 4710 συμπαρέσπαρται.

2198 4734 2307 4787 Καὶ
2335 4735 2367 4803 ὴ
2388 4733 2545 4804 χρεία
2574 4731 2893 4802 πρόσκειται
2920 4733 3019 4800 τῆς
3036 4729 3142 4782 τῶν
3164 4731 3349 4799 φωστή
3361 4746 3467 4800 ρων
3488 4732 3766 4797 γενέσεως·

2199 4827 2305 4890 Εἰς
2346 4824 2597 4892 φαῦσιν,
2654 4823 2851 4892 φησὶν,
2902 4820 3000 4873 ἐπὶ
3029 4819 3139 4887 τῆς
3181 4818 3312 4889 γῆς.
3352 4821 3412 4872 Ei
3461 4822 3770 4894 προειλήφει

2197 4919 2293 4970 τοῦ
2350 4916 2594 4986 φωτὸςή
2645 4916 2879 4982 γένεσις,
2909 4912 3027 4975 πῶς
3074 4913 3167 4964 νῦν
3206 4915 3233 4965 ὁ
3285 4912 3437 4982 ἥλιος
3486 4914 3648 4966 πάλιν
3694 4919 3771 4981 εις

2197 5007 2427 5077 φαῦσιν
2465 5007 2679 5075 λέγεται
2721 5006 3035 5074 γεγονέναι;
3067 5006 3285 5075 Πρῶτον
3322 5006 3419 5074 μὲν
3456 5001 3549 5057 οὖν
3576 5008 3671 5076 τῆς
3703 5009 3771 5060 λέ-

2199 5098 2335 5165 ξεως
2372 5099 2483 5169 (92)
2518 5100 2578 5151 τὸ
2604 5099 2907 5169 ἰδιότροπον
2954 5097 3157 5168 μηδένα
3192 5114 3271 5150 σοι
3299 5098 3519 5152 κινείτω
3549 5099 3769 5166 γέλωτα,

2271 5328 2381 5399 (90)
2410 5326 2498 5399 _lta
2533 5326 2771 5395 quinque
2790 5324 3123 5399 gmss._Editi_
3142 5338 3270 5399 vero
3293 5322 3630 5391 ἀγνοοῦντες.

2273 5394 2385 5470 (91)
2409 5394 2758 5470 Βεαίδειίυε
2784 5398 2843 5470 ἐν
2867 5395 3044 5465 τούτῳ
3064 5394 3144 5447 τό.
3170 5394 3463 5461 Aliquanto
3490 5405 3607 5463 post
3627 5394 3766 5450 Colb.

2203 5466 2473 5526 setiuu'dus
2508 5467 2666 5536 χρεία
2699 5466 3004 5538 πρόκειται.

2277 5538 2391 5608 (92)
2434 5534 2585 5608 Regii
2618 5534 2809 5608 tertius
2833 5547 2896 5608 et
2918 5546 3141 5608 octavus
3185 5534 3385 5608 λέξεως
3424 5534 3600 5608 ὴμᾷρν.
3630 5536 3766 5608 Πρςὶτ

2206 5604 2425 5687 iteratur
2454 5605 2694 5687 llpt'bv‘et
2725 5607 2778 5659 in
2816 5605 2980 5686 editis
3008 5616 3061 5659 et
3092 5606 3143 5658 in
3179 5607 3299 5685 aliis
3337 5622 3465 5657 mss.
3502 5604 3763 5687 Mexnediti

2171 5680 2335 5748 -7:ap‘
2385 5674 2561 5748 ὑμῶν.
2606 5677 2676 5730 At
2716 5692 2845 5729 mss.
2893 5677 3142 5748 quinque,
3182 5685 3240 5728 ut
3282 5676 3333 5728 in
3388 5685 3555 5748 textu.
3604 5674 3761 5745 Cede;

2209 5745 2450 5806 Coinbef'.
2482 5763 2603 5803 cum
2636 5748 2803 5803 altero
2832 5762 2935 5803 ms.
2969 5747 3099 5815 παρ’
3124 5747 3269 5815 ἡμῖν,
3300 5758 3408 5800 non
3442 5745 3515 5798 ita
3546 5754 3699 5801 recte.
