3850 6218
91 351 214 404 121

1226 343 1519 402 liOMlLlA
1563 345 1629 400 Vl
1671 345 1737 401 IN
1779 342 2278 401 HEXAEMERON.

3276 340 3378 394 122

86 465 274 534 εἴπερ
309 462 384 533 μὴ
423 461 670 532 ἑπόμεθα
709 461 829 524 ταῖς
865 461 992 534 παρ’
1026 458 1154 530 ὑμῖν
1188 460 1439 528 ἐκλογαῖς
1470 459 1578 510 τῶν
1612 461 1693 530 ρης

1803 476 1991 514 eorum
2019 459 2407 516 constructioni
2443 460 2746 514 studemus.
2783 457 2935 528 Apud
2971 471 3067 512 nos
3095 457 3236 512 enim
3272 473 3378 511 non

87 555 326 624 μάτων,
357 552 494 624 μηδὲ
515 553 574 605 τὸ
607 551 710 622 τῆς
740 551 942 615 θέσεως
985 551 1165 605 αὐτῶν
1195 550 1466 623 εὔρυθμον
1504 553 1700 623 ἐπιτη-

81 645 359 715 δεύομεν.
388 645 464 697 Οὐ
491 643 602 714 γὰρ
623 644 878 714 τορευταὶ
903 643 1102 709 λέξεων
1131 644 1260 716 παρ’
1292 645 1424 715 ἡμῖν
1453 659 1466 672 ·
1498 644 1618 696 οὐδὲ
1640 643 1702 696 :6

82 735 308 806 εὔηχον
353 735 462 788 τῶν
519 735 737 804 φωνῶν,
789 733 927 788 ἀλλὰ
963 733 1026 788 :6
1057 733 1300 806 εῦσημον
1347 733 1456 787 τῶν
1497 734 1700 805 ὀνομά-

81 845 216 879 των
244 827 349 896 κ95)
372 824 646 896 πανταχοῦ
675 826 1084 898 προτιμότερον.
1115 826 1312 879 Σκόπει
1344 825 1522 879 τοίνυν
1550 827 1598 878 εί
1625 826 1700 897 μὴ

83 918 196 970 διὰ
263 920 361 989 τῆς
390 920 673 988 ψαύσεως
716 917 1033 989 ἀρκούντως
1087 919 1348 988 ὲνέφηνεν
1371 916 1695 969 ὃὲϐούλετοο

85 1010 230 1062 ἀντὶ
260 1014 366 1082 γαρ
390 1010 485 1063 τοῦ
516 1009 796 1081 φωτισμοῦ
827 1009 926 1081 τὴν
962 1009 1193 1079 ψαῦσιν
1211 1010 1620 1083 εἴρηκεν.Ἔστι
1643 1008 1701 1064 δὲ

83 1103 263 1156 οὐδὲν
299 1103 604 1174 μαχόμενον
631 1103 791 1156 τοῦτο
816 1107 928 1168 τοῖς
960 1104 1089 1176 περὶ
1126 1102 1218 1156 τοῦ
1257 1102 1433 1172 φωτὸς
1466 1103 1698 1172 εἰρημέ-

85 1213 240 1258 νοις.
262 1196 395 1247 Τότε
423 1196 520 1266 μὲν
541 1196 652 1266 γὰρ
675 1195 812 1265 αὑτὴ
833 1194 927 1248 τοῦ
956 1195 1133 1265 φωτὸς
1161 1196 1195 1266 ἡ
1223 1196 1385 1264 φύσις
1416 1194 1696 1265 παρήχθη·

86 1285 202 1338 νῦν
244 1286 298 1338 δὲ
331 1286 391 1339 :6
416 1286 639 1356 ἡλιακὸν
668 1285 830 1338 τοῦτο
857 1285 1016 1356 σῶμα
1049 1285 1230 1356 ὄχημα
1260 1279 1400 1339 εἶναι
1438 1283 1517 1355 τῷ
1549 1301 1700 1354 πρω-

85 1379 312 1448 τογόνῳ
362 1377 553 1448 ἐκείνῳ
586 1379 725 1448 φωτὶ
759 1378 1225 1449 παρεσκεύασται.
1273 1378 1362 1441 Ὠς
1411 1376 1520 1448 γὰρ
1571 1375 1700 1429 ἄλλο

87 1469 162 1522 τὸ
203 1469 338 1541 πῦρ,
372 1470 466 1524 καὶ
488 1470 617 1524 ἄλλο
645 1473 673 1523 6
702 1469 927 1540 λύχνοςο
962 1469 1022 1524 τὸ
1055 1471 1152 1542 μὲν
1189 1470 1285 1542 τὴν
1311 1469 1405 1524 τοῦ
1442 1468 1698 1538 φωτίζειν

83 1563 337 1634 δύναμιν
398 1564 539 1635 ἕχον,
599 1564 662 1617 :6
721 1564 777 1617 δὲ
838 1563 1201 1634 παραφαίνειν
1255 1565 1366 1626 τοῖς
1422 1561 1699 1632 δεομένοις

86 1656 508 1727 πεποιημένον·
539 1654 683 1710 οὕτω
714 1655 809 1709 καὶ
839 1656 918 1726 τῷ
948 1655 1324 1728 καθαρωτάτῳ
1357 1654 1549 1724 ἐκείνῳ
1603 1655 1699 1706 καὶ

87 1751 393 1820 εἰλικρινεῖ
443 1750 538 1802 καὶ
597 1749 750 1820 ἀΰλῳ
798 1749 938 1819 φωτὶ
988 1748 1174 1820 ὄχημα
1201 1749 1293 1802 νῦν
1320 1751 1368 1801 οἱ
1409 1748 1695 1820 φωστῆρες

87 1842 650 1911 κατεσκευάσθησαν.
689 1843 776 1905 Ὡς
800 1841 908 1912 γὰρ
943 1843 971 1895 6
1019 1840 1340 1904 Ἀπόστολος
1365 1839 1514 1907 λέγει
1545 1838 1696 1900 τινὰς

89 1935 403 2004 φωστῆρας
433 1933 489 1983 ὲν
519 1932 730 2004 κόσμῳ,
753 1932 882 1986 ἄλλο
911 1931 964 1985 δέ
991 1933 1106 1986 ἐστι
1132 1931 1247 2001 φῶς
1277 1930 1370 1984 τοῦ
1395 1930 1601 2001 κόσμου
1634 1929 1695 1982 :6

88 2024 381 2094 ἀληθινὸν,
412 2015 474 2075 οὗ
538 2023 680 2076 κατὰ
738 2022 957 2093 μέθεξιν
1014 2023 1064 2076 οἱ
1097 2023 1242 2092 ἆγιοι
1275 2024 1560 2093 φωστῆρες
1583 2021 1696 2089 ὲγί-

87 2134 258 2170 νοντο
284 2117 392 2169 τῶν
442 2115 654 2186 ψυχῶν,
680 2115 746 2178 ἃς
787 2115 1090 2179 ἐπαίδευον,
1117 2115 1212 2168 τοῦ
1256 2114 1480 2178 σκότους
1523 2113 1696 2178 αὐτὰς

89 2211 200 2280 τῆς
231 2208 453 2276 ἀγνοίας
480 2208 766 2278 ρυόμενοιθ
807 2207 950 2260 οὕτω
985 2208 1078 2261 καὶ
1111 2206 1206 2260 νῦν
1257 2208 1348 2279 τὸν
1393 2206 1542 2277 ἦλιον
1573 2204 1696 2258 τοῦ-

88 2317 191 2353 τον
227 2300 306 2370 τῷ
334 2299 620 2369 φανοτάτῳ
655 2298 850 2368 ἐκείνῳ
894 2299 1264 2362 ἐπισκευάσας
1320 2298 1460 2368 φωτὶ⁹
1512 2299 1541 2350 6
1585 2296 1694 2350 τῶν

93 2393 245 2446 ὅλων
272 2392 604 2463 δημιουργὸς
627 2393 756 2464 περὶ
792 2393 884 2447 τὸν
914 2391 1120 2462 κόσμον
1152 2390 1376 2462 ἀνῆψεν.

169 2486 227 2541 5.
262 2487 373 2539 Καὶ
397 2485 587 2556 μηδενὶ
610 2484 837 2539 ἄπιστον
864 2481 1010 2556 εἶναι¹
1028 2484 1253 2538 δοκείτω
1274 2483 1335 2536 :6
1380 2480 1692 2554 εἰρημένον,

85 2577 184 2629 ὃτι
215 2575 344 2629 ἄλλο
391 2575 492 2646 μέν
524 2593 576 2628 τι
611 2575 706 2628 τοῦ
737 2575 914 2645 φωτὸς
942 2577 974 2647 ὴ
1011 2575 1352 2646 λαμπρότης,
1387 2573 1514 2627 ἄλλο
1545 2572 1604 2625 δέ
1639 2589 1692 2624 τι

86 2669 161 2721 τὸ
195 2668 558 2737 ὑποκείμενον
589 2667 667 2739 τῷ
692 2668 831 2737 φωτὶ
854 2667 1032 2739 σῶμα.
1068 2667 1291 2737 Πρῶτον
1327 2665 1427 2736 μὲν
1455 2661 1548 2719 οὖν
1583 2664 1691 2735 (94)

88 2763 164 2814 ἐκ
211 2761 306 2814 τοῦ
354 2759 424 2812 :6
474 2759 705 2814 σύνθετα
754 2761 931 2814 πάντα
986 2761 1128 2814 οὕτω
1180 2760 1310 2832 παρ’
1350 2759 1509 2830 ἡμῶν
1552 2759 1692 2812 διαι-

92 2852 342 2924 ρεῖσθαι,
365 2852 446 2916 είς
461 2870 520 2904 τε
553 2851 651 2922 τὴν
673 2852 930 2923 δεκτικὴν
954 2854 1143 2906 ούσίαν
1170 2853 1265 2904 καὶ
1310 2853 1389 2916 είς
1422 2851 1518 2922 τὴν
1574 2852 1695 2904 ἐπι-

94 2943 394 3015 συμόἄσαν
421 2945 558 3015 αὐτῇ
595 2945 874 3015 ποιότητα.
913 2945 998 3006 Ὠς
1037 2940 1128 2997 οῦν
1161 2944 1346 3016 ἕτερον
1378 2942 1477 3014 μέν
1527 2960 1579 2996 τι
1624 2944 1691 3013 τῇ

92 3035 268 3106 φύσει
309 3038 342 3106 ἡ
388 3034 672 3105 λευκότης,
705 3034 893 3107 ἕτερον
955 3035 1012 3088 δέ
1052 3053 1106 3088 τι
1157 3034 1219 3088 τὸ
1260 3033 1692 3104 λελευκωμένον

1802 563 1928 609 sunt
1980 555 2074 624 qui
2131 555 2298 608 verba
2343 556 2610 607 tornando
2647 553 2984 620 exspoliant,
3033 564 3383 621 nequecura:

1800 653 1930 698 sunt
1955 658 2166 698 sonorae
2195 660 2377 710 voces,
2405 646 2497 700 sed
2529 644 2730 713 ubique
2760 643 3040 698 nominum
3075 642 3380 696 claritatem

1801 736 2198 802 anteponimus.
2236 737 2370 792 Vide
2397 737 2582 806 igitur,
2616 752 2745 789 num
2799 735 2934 789 satis
2963 735 3106 802 quod
3145 733 3382 797 volebat,

1801 840 1899 894 per
1923 826 2064 879 hanc
2093 841 2280 880 vocem
2313 827 2752 880 illuminalionem
2779 826 3108 895 expresserit
3141 843 3154 879 :
3183 825 3383 894 quippe

1809 932 1907 986 pro
1937 916 2221 986 splendore
2253 917 2690 972 illuminationem
2725 918 2878 970 dixit.
2912 917 3024 970 Hoc
3051 927 3226 970 autem
3258 931 3380 969 cum

1803 1007 1867 1063 iis
1901 1023 2021 1077 quae
2051 1008 2117 1063 de
2143 1007 2259 1063 luce
2289 1009 2430 1062 dicta
2456 1020 2602 1074 sunt,
2637 1009 2769 1063 nihil
2798 1018 3022 1079 pugnat.
3059 1008 3209 1062 Tunc
3234 1009 3380 1062 enim

1803 1101 2063 1168 producta
2092 1111 2176 1154 est
2201 1102 2316 1170 ipsa
2339 1100 2475 1154 lucis
2513 1109 2703 1154 natura
2736 1119 2750 1154 :
2786 1115 2928 1153 ltllllc
2959 1110 3139 1153 autem
3172 1111 3255 1154 est
3286 1115 3380 1154 so-

1802 1189 1919 1244 lare
1950 1189 2081 1244 illud
2121 1205 2320 1260 corpus
2363 1193 2666 1255 conditum,
2704 1192 3010 1245 vehiculum
3050 1202 3106 1245 ut
3148 1195 3218 1246 sit
3269 1193 3382 1262 pri-

1803 1282 2090 1349 mogeuita:
2129 1282 2202 1336 illi
2249 1283 2376 1338 luci.
2409 1282 2876 1348 Quemadmodum
2915 1284 3061 1338 enim
3105 1282 3250 1337 aliud
3298 1293 3384 1339 est

1801 1374 1964 1443 ignis,
2021 1375 2166 1429 aliud
2209 1376 2428 1430 lucerna
2460 1394 2472 1428 :
2499 1376 2572 1430 illi
2610 1377 2831 1446 quidem
2867 1377 2951 1431 vis
2995 1378 3136 1430 inest
3184 1376 3383 1429 illumi-

1803 1467 1987 1534 nandi,
2028 1469 2143 1523 haec
2201 1484 2330 1523 vero
2368 1469 2432 1522 ad
2487 1469 2669 1524 lumen
2708 1471 2993 1539 egentibus
3028 1471 3378 1540 praebendum

1801 1558 2063 1614 fabricata
2096 1570 2218 1614 est:
2254 1561 2332 1615 sic
2381 1563 2545 1615 etiam
2581 1561 2689 1616 luci
2729 1563 2800 1616 illi
2845 1564 3149 1632 purissimae
3209 1562 3380 1616 since-

1801 1664 1984 1719 rzeque
2023 1659 2078 1705 et
2118 1651 2362 1706 materiae
2401 1654 2607 1720 experti
2645 1668 2744 1708 ceu
2771 1653 3078 1708 vehiculum
3105 1654 3191 1707 illa
3215 1654 3375 1707 lumi-

1801 1742 1952 1796 naria
2005 1757 2147 1796 nunc
2177 1755 2482 1814 praaparata
2532 1754 2678 1800 sunt.
2726 1746 2878 1800 Sicut
2904 1746 3380 1815 enim.Apostolus

1727 1820 1768 1874 Β
1798 1835 2061 1902 quosdam
2111 1835 2189 1888 ait
2225 1850 2348 1890 esse
2390 1837 2677 1893 luminaria
2727 1840 2781 1893 in
2831 1843 3034 1895 mundo
3055 1841 3134 1906 ⁸¹;
3168 1841 3262 1894 sed
3292 1848 3378 1895 est

1799 1935 1978 1980 tamen
2020 1926 2125 1981 alia
2178 1927 2267 1981 lux
2326 1929 2511 1981 mundi
2562 1944 2724 1996 vera;
2754 1932 2904 2002 eujus
2933 1932 3372 2002 participatione,

1797 2019 1974 2074 sancti
2019 2018 2147 2075 facti
2192 2030 2322 2074 sunt
2363 2022 2669 2075 animarum
2704 2039 2840 2092 quas
2867 2023 3187 2078 erudiebant
3216 2024 3378 2080 lumi-

1796 2111 1969 2178 naria,
2000 2111 2125 2166 dum
2155 2126 2248 2166 eas
2278 2113 2598 2180 ignorantia:
2653 2115 2890 2168 tenebris
2919 2116 3220 2170 eximerent
3253 2135 3264 2170 :
3305 2117 3376 2170 ita

1795 2205 1959 2258 etiam
1993 2220 2135 2260 nunc
2157 2205 2320 2259 solem
2361 2205 2525 2268 hunc,
2556 2216 2677 2275 post
2710 2207 3202 2276 splendidissimam
3231 2208 3376 2262 illam

1795 2294 1972 2348 lucem
2017 2297 2319 2362 conditum,
2352 2297 2404 2351 in
2455 2298 2655 2352 mundo
2713 2298 3071 2353 exsuscitavit
3129 2299 3380 2354 conditor

1795 2387 2201 2443 universorum.

1866 2503 1922 2560 5.
1964 2501 2074 2557 Nec
2095 2504 2346 2572 cuiquam
2369 2505 2689 2561 incredibile
2714 2505 2962 2560 videatur
2995 2507 3137 2575 quod
3163 2508 3374 2564 dictum

1795 2603 1898 2660 est,
1937 2595 2073 2650 lucis
2103 2597 2312 2651 scilicet
2343 2597 2687 2666 splendorem
2737 2599 2882 2652 aliud
2913 2601 3171 2667 quiddam
3205 2614 3370 2655 esse:

1796 2686 2000 2753 aliquid
2039 2701 2170 2740 vero
2221 2687 2388 2750 aliud,
2427 2688 2602 2756 ipsum
2657 2704 2856 2757 corpus
2909 2689 3010 2744 luci
3046 2689 3375 2758 subjectum.

1796 2777 2036 2832 Primum
2068 2778 2288 2848 quidem
2317 2793 2382 2833 ex
2413 2795 2478 2834 eo
2508 2781 2650 2849 quod
2702 2783 2996 2848 composita
3028 2783 3209 2837 omnia
3237 2785 3316 2838 sic
3345 2799 3377 2838 a

1795 2869 1953 2923 nobis
2000 2868 2336 2933 dividantur,
2386 2877 2440 2923 et
2495 2871 2547 2925 in
2602 2872 2952 2940 recipientem
2983 2875 3374 2939 substantiam,

1793 2967 1849 3012 et
1878 2958 1931 3012 in
1967 2959 2287 3027 qualitatem
2336 2960 2440 3029 ipsi
2472 2960 2871 3016 advenientem.
2905 2962 3375 3028 Quemadmodum

1799 3050 1964 3120 igitur
1999 3051 2148 3104 aliud
2191 3061 2387 3106 natura
2430 3062 2513 3108 est
2548 3053 2723 3119 albor,
2749 3053 2894 3109 aliud
2930 3071 3130 3126 corpus
3160 3058 3380 3112 dealba-

95 3129 290 3198 σῶμα,
324 3127 466 3180 οὕτω
497 3128 591 3182 καὶ
638 3126 708 3181 τὰ
728 3126 824 3181 νῦν
867 3128 1152 3198 εἰρημένα,
1183 3125 1415 3198 διάφορα
1447 3125 1576 3179 ὄντα
1623 3127 1688 3196 τῇ

1803 3151 1912 3197 tum
1945 3159 1957 3195 :
1989 3144 2068 3198 sic
2095 3145 2258 3198 etiam
2295 3161 2418 3214 quae
2475 3148 2634 3200 modo
2680 3148 2990 3212 retulimus,
3022 3148 3148 3203 licet
3183 3161 3382 3204 natura

93 3219 268 3290 φύσει
297 3219 432 3290 (95),
479 3220 684 3290 ἥνωται
731 3221 798 3291 τῇ
832 3220 1060 3290 δυνάμει
1107 3219 1200 3272 τοῦ
1245 3219 1550 3281 κτίσαντος.
1581 3217 1692 3270 Καὶ

99 3315 181 3384 μή
225 3330 316 3383 μοι
348 3312 472 3381 λέγε
504 3312 740 3366 ἀδύνατα
778 3307 916 3364 εἷναι
947 3311 1121 3364 ταῦτα
1155 3312 1250 3364 ἀπ’
1275 3311 1518 3381 ἀλλήλων
1559 3310 1694 3362 διαι-

97 3402 342 3476 ρεῖσθαι.
372 3402 509 3456 Οὐδὲ
553 3401 661 3472 γὰρ
689 3401 801 3470 ἐγὼ
833 3401 930 3472 τὴν
956 3400 1219 3472 διαίρεσιν
1246 3400 1340 3454 τοῦ
1368 3400 1544 3470 φωτὸς
1585 3399 1695 3454 ἀπὸ

94 3494 198 3548 τοῦ
220 3493 446 3566 ἡλιακοῦ
475 3492 722 3564 σώματος
753 3493 877 3562 ἐμοὶ
899 3492 992 3544 καὶ
1016 3492 1097 3544 σοὶ
1112 3491 1339 3562 δυνατὴν
1365 3487 1502 3543 εἶναί
1529 3508 1690 3561 φημι,

95 3585 220 3640 ἀλλ’
249 3586 336 3638 ὅτι
364 3583 400 3638 6
430 3586 562 3655 ἡμῖν
600 3586 667 3655 τῇ
700 3583 914 3654 ἐπινοίᾳ
943 3584 1058 3636 ἐστὶ
1094 3583 1359 3654 χωριστὰ,
1387 3583 1561 3636 ταῦτα
1611 3583 1697 3636 δύ-

99 3695 266 3732 ναται
298 3678 391 3731 καὶ
436 3677 572 3748 αὐτῇ
600 3679 668 3748 τῇ
722 3677 973 3748 ἐνεργείᾳ
1027 3675 1181 3746 παρὰ
1204 3674 1299 3729 τοῦ
1337 3676 1562 3747 ποιητοῦ
1596 3675 1696 3746 τῆς

101 3771 326 3840 φύσεως
363 3768 542 3822 αὐτῶν
567 3769 866 3840 διαστῆναι.
903 3769 1056 3821 Ἐπεὶ
1103 3768 1197 3821 καὶ
1227 3769 1308 3820 σοὶ
1342 3768 1442 3840 τὴν
1471 3785 1697 3822 καυστι-

102 3865 210 3934 κὴν
236 3862 467 3932 δύναμιν
503 3861 599 3914 τοῦ
640 3861 812 3933 πυρὸς
838 3859 946 3913 67:6
999 3860 1102 3930 τῆς
1145 3860 1528 3932 λαμπρότητος
1583 3879 1695 3931 χω-

107 3957 259 4027 ρίσαι
288 3954 602 4024 ἀμήχανονο
637 3954 666 4004 6
714 3951 772 4006 δὲ
823 3951 976 4015 θεὸς,
1010 3951 1301 4022 παραδόξῳ
1349 3951 1582 4022 θεάματι
1604 3951 1696 4004 τὸν

99 4045 306 4101 ἑαυτοῦ
351 4045 660 4116 θεράποντα
701 4044 1027 4116 ἐπιπρέψαι
1058 4043 1398 4115 βουλόμενος,
1447 4044 1560 4116 πῦρ
1599 4046 1698 4097 έπ-

103 4140 276 4211 έθηκε
310 4143 382 4211 τῇ
429 4139 578 4209 βάτῳ
627 4137 737 4190 ἀπὸ
773 4138 941 4209 μόνης
987 4139 1088 4208 τῆς
1117 4139 1504 4210 λαμπρότητος
1545 4139 1697 4209 ἐνερ-

102 4229 261 4299 γοῦν,
296 4229 396 4300 τὴν
426 4227 482 4281 δὲ
530 4226 624 4279 τοῦ
656 4224 831 4279 καίειν
864 4225 1092 4296 δύναμιν
1148 4226 1513 4297 σχολάζουσαν
1550 4223 1693 4294 ἔχον.

115 4322 210 4384 Ὠς
257 4310 359 4373 καῖ
391 4321 420 4372 6
452 4317 760 4389 Ψαλμῳδὸς
803 4317 913 4389 (96)
967 4319 1238 4389 μαρτυρεί
1279 4317 1482 4386 λέγων’
1522 4314 1694 4382 Φωνὴ

105 4412 334 4480 Κυρίου
381 4410 815 4476 διακόπτοντος
870 4409 1069 4479 φλόγα
1115 4408 1325 4476 πυρός.
1378 4407 1542 4462 Ὅθεν
1600 4407 1697 4461 καὶ

1796 3235 2031 3298 diversa,
2062 3244 2240 3289 tamen
2275 3235 2550 3291 Creatoris
2580 3239 2814 3306 potentia
2866 3237 3018 3293 fuere
3063 3238 3388 3308 conjuncta.

1794 3323 1904 3380 Nec
1937 3325 2066 3380 mihi
2094 3327 2300 3382 dixeris
2331 3327 2447 3382 ﬁeri
2484 3344 2588 3392 non
2634 3343 2815 3398 posse,
2849 3340 2907 3382 ut
2941 3331 3056 3385 haec
3080 3343 3110 3384 a
3139 3346 3201 3386 se
3231 3333 3374 3386 invi-

1796 3430 1910 3468 cem
1945 3426 2284 3484 separentur.
2315 3416 2500 3487 Neque
2529 3420 2672 3473 enim
2697 3421 2784 3475 aio
2820 3421 2954 3475 lucis
2987 3437 3016 3476 a
3050 3423 3214 3477 solari
3244 3439 3370 3479 cor-

1799 3517 1931 3571 pore
1984 3508 2380 3574 separationem
2437 3511 2565 3564 mihi
2603 3521 2658 3565 et
2707 3513 2798 3565 tibi
2855 3527 2976 3567 esse
3011 3516 3371 3582 possibilem:

1798 3600 1896 3652 sed
1935 3615 2056 3667 qua:
2094 3612 2280 3655 nostra
2311 3604 2643 3673 cogitatione
2671 3605 2835 3659 dividi
2865 3618 3111 3676 possunt,
3143 3625 3204 3663 ea
3257 3611 3380 3666 dico

1797 3705 1825 3742 a
1863 3689 1968 3760 52
1989 3703 2198 3746 naturae
2225 3695 2509 3749 conditore
2539 3696 2703 3749 etiam
2731 3697 2909 3766 reipsa
2945 3699 3153 3768 sejungi
3188 3715 3373 3769 posse.

1796 3780 1933 3835 Nam
1970 3793 2025 3837 et
2059 3793 2111 3837 tu
2139 3785 2248 3838 vim
2306 3786 2446 3854 ignis
2485 3789 2803 3843 adurentem
2828 3806 2858 3842 a
2896 3791 3183 3860 splendore
3222 3808 3379 3864 sepa-

1798 3888 1921 3927 rare
1963 3889 2308 3946 nequaquam
2345 3886 2537 3946 potes:
2583 3880 2721 3934 Deus
2773 3896 2923 3947 vero,
2959 3883 3049 3952 qui
3110 3885 3374 3940 famulum

1799 3980 1954 4019 suum
2001 3969 2268 4036 slupendo
2306 3969 2570 4026 miraculo
2597 3974 2904 4040 ,atlrahere
2933 3975 3164 4040 volebat,
3201 3977 3378 4046 ignem

1800 4056 1854 4110 in
1915 4058 2048 4109 rubo
2113 4057 2389 4126 imposuit,
2432 4065 2523 4129 qui
2586 4061 2882 4120 eliicaciam
2932 4081 2963 4120 a
3025 4067 3140 4122 solo
3192 4069 3379 4138 splen-

1799 4148 1931 4202 dore
2009 4151 2382 4216 mutuabatur,
2453 4154 2560 4207 vim
2632 4163 2813 4210 autem
2887 4159 3078 4212 urendi
3146 4159 3380 4216 habebat

1797 4238 2051 4291 otiosam.
2105 4237 2265 4293 Velut
2325 4241 2489 4295 etiam
2566 4243 2772 4298 l’saltes
2848 4255 3093 4312 testatur,
3143 4250 3377 4305 dicens:

1814 4325 1922 4381 Vox
1974 4327 2188 4382 Domini
2227 4331 2583 4387 intercidemis
2620 4335 2891 4404 ﬂuntmam
2948 4337 3086 4406 ignis
3107 4340 3173 4392 θ’.
3230 4339 3383 4397 Unde

1773 4419 1966 4472 etiam
1998 4435 2119 4474 cum
2165 4437 2344 4477 rerum
2387 4423 2438 4478 in
2492 4425 2600 4479 vita
2637 4437 2909 4496 gestarum
2963 4444 3172 4486 merces
3220 4434 3381 4486 retri-

107 4501 168 4553 ὲν
219 4501 340 4562 ταῖς
403 4499 512 4553 τῶν
562 4497 912 4570 βεϐιωμένων
963 4498 1096 4569 ἡμῖν
1163 4497 1552 4551 ἀνταποδόσεσι
1608 4495 1693 4550 λό-

1805 4508 2042 4575 buetur,
2106 4526 2336 4566 arcanus
2384 4515 2602 4583 quidam
2677 4532 2856 4572 sermo
2913 4533 3010 4573 nos
3077 4521 3232 4575 docet
3285 4539 3382 4576 na-

107 4608 206 4658 γος
224 4607 311 4654 τις
336 4591 484 4661 ἡμᾶς
516 4592 574 4643 ὲν
600 4591 898 4663 ἀπορρήτῳ
924 4590 1200 4656 παιδεύει,
1251 4589 1692 4661 διαιρεθήσεσθαι

105 4684 204 4737 τοῦ
228 4684 400 4755 πυρὸς
423 4685 524 4754 τὴν
558 4683 737 4753 φύσιν,
775 4685 871 4737 καὶ
901 4683 962 4737 :6
998 4683 1096 4755 μὲν
1124 4683 1240 4753 φῶς
1282 4685 1361 4747 είς
1396 4683 1695 4737 ἀπόλαυσιν

108 4777 223 4839 τοῖς
243 4775 494 4839 δικαίοις,
521 4775 583 4828 :6
611 4775 667 4828 δὲ
706 4775 806 4846 τῆς
848 4775 1098 4840 καύσεως
1145 4776 1404 4848 ὀδυνηρὸν
1439 4778 1554 4839 τοῖς
1601 4795 1696 4831 κο-

109 4866 430 4938 λαζομένοις
463 4867 963 4940 ἀποταχθήσεσθαι.
1001 4869 1232 4922 Ἔπειτα
1264 4869 1447 4940 μέντοι
1489 4871 1582 4922 καὶ
1632 4871 1697 4924 ὲκ

107 4961 221 5014 τῶν
256 4961 384 5032 περ)⁵
418 4961 648 5032 σελήνην
695 4961 886 5014 παθῶν
918 4961 1142 5016 δυνατὸν
1200 4960 1479 5034 ἡμᾶς’τὴν
1513 4962 1696 5016 πίστιν

109 5053 219 5106 τῶν
245 5051 590 5123 ζητουμένων
621 5052 906 5124 εὕρασθαι.
942 5053 1197 5123 Λήγουσα
1223 5054 1332 5125 γὰρ
1350 5094 1364 5116 ,
1389 5054 1483 5107 καὶ
1513 5071 1695 5122 μειου-

115 5145 274 5215 μένη,
305 5144 427 5214 οὐχ).
466 5143 545 5214 τῷ
601 5145 767 5199 παντὶ
817 5144 1018 5216 ἑαυτῆς
1069 5143 1283 5215 σώματι
1336 5145 1641 5199 δαπανᾶται
1678 5185 1693 5212 ,

187 5368 229 5398 ⁸³
255 5367 488 5438 Philipp.
523 5383 585 5436 ll,
618 5367 706 5424 15.
783 5369 828 5401 θ’
854 5370 998 5430 Psal.
1031 5385 1225 5436 xxvm,
1255 5371 1285 5424 7

345 5573 475 5650 εἶβε.
502 5575 722 5650 quintus
749 5576 810 5630 :6
833 5575 965 5650 εῦση
975 5595 1076 5647 μον
1103 5577 1212 5650 τῶν
1239 5597 1331 5650 νοη
1341 5578 1544 5649 μάτων.

191 5644 302 5716 (94)
345 5644 443 5699 Sic
470 5644 707 5716 quinque
738 5663 870 5700 mss.
898 5644 1054 5703 Deest
1081 5644 1173 5702 οὖν
1201 5651 1253 5704 in
1281 5644 1458 5705 editis.
1491 5649 1688 5704 Statim

114 5715 566 5788 (Solinsecundus
593 5718 722 5788 παρ’
747 5718 897 5788 ἡμῖν.

191 5784 306 5856 (95)
346 5786 423 5842 lta
455 5787 626 5845 codex
658 5784 903 5869 Com'bef.
941 5803 1064 5848 cum
1093 5804 1185 5849 sex
1221 5789 1342 5848 aliis
1371 5805 1498 5847 mss.
1528 5787 1680 5857 Illud,

1805 4610 1980 4654 turam
2044 4602 2184 4670 ignis
2255 4604 2485 4660 divisum
2539 4607 2654 4674 iri,
2705 4618 2758 4664 et
2822 4609 2995 4665 lucem
3049 4613 3262 4682 quidem
3325 4615 3380 4670 in

1802 4690 2118 4748 fruitionem
2144 4694 2324 4764 justis,
2351 4697 2651 4753 adustionis
2701 4715 2829 4754 vero
2874 4703 3226 4759 acerbitatem
3279 4723 3406 4774 pu-'

1805 4783 2018 4838 niendis
2079 4785 2452 4841 deStinandam
2499 4803 2640 4844 esse.
2690 4791 2891 4849 Deinde
2931 4810 3059 4848 vero
3110 4799 3271 4851 etiam
3313 4815 3380 4855 ex

1805 4875 1949 4929 lunae
2002 4875 2473 4933 vicissitudinibus
2539 4881 2699 4936 ﬁdem
2749 4887 2990 4954 quaesitis
3023 4888 3218 4945 all‘erre
3261 4908 3388 4962 pos-

1807 4981 2016 5021 sumus.
2057 4967 2350 5025 Enimvero
2389 4972 2514 5026 dum
2572 4975 2806 5042 desinit,
2841 4987 2898 5032 et
2939 4981 3224 5048 decrescit,
3274 4999 3383 5040 non

1810 5069 1924 5113 toto
1980 5061 2060 5113 sui
2097 5062 2266 5130 ipsius
2299 5077 2526 5135 corpore
2579 5072 2942 5133 consumitur,
2999 5075 3093 5128 sed
3143 5077 3381 5131 circum-

1807 5151 2040 5221 positam
2083 5152 2256 5210 lucem
2298 5157 2590 5226 deponens,
2629 5172 2685 5216 et
2715 5162 2909 5218 iterum
2936 5181 3246 5234 assumens,
3286 5173 3380 5225 de-

1798 5582 1864 5655 τῇ
1899 5581 2078 5655 φύσει,
2125 5582 2465 5655 desideratur
2498 5584 2550 5637 in
2589 5586 2769 5642 editis.
2805 5587 3003 5643 Ibidem
3037 5591 3178 5645 idem
3210 5593 3384 5646 codex

1798 5653 2126 5724 Cornbef._et
2155 5654 2244 5706 alii
2277 5655 2382 5707 duo
2407 5655 2668 5724 ῆνωνται.

1871 5722 1982 5798 (illi)
2023 5721 2273 5780 Nonnulli
2313 5721 2498 5783 11153.6
2531 5725 2766 5798 ψαλμός.
2811 5727 2930 5783 Mox
2968 5746 3107 5792 unus
3144 5746 3246 5786 ius.
3278 5731 3390 5786 διοις⁸

1792 5791 2077 5856 κοπόντος.
