3850 6218
480 263 588 322 ³122»

1823 268 1886 327 s.
1925 254 2174 324 nasum
2212 254 2426 324 suam

3684 257 3770 322 iit

479 375 746 433 creme‘nti
769 376 1008 446 speciem
1033 387 1086 431 et
1110 377 1434 445 incrementi
1463 379 1618 434 nobis
1639 367 1880 436 exhibet.
1909 380 2055 447 Quod

2164 381 2300 435 ἀλλά
2323 382 2384 435 τὸ
2401 364 2781 453 περικείμενον
2814 385 2929 455 φῶς
2949 383 3316 455 ἀποτιθεμένη
3351 381 3446 460 καὶ
3479 381 3773 454 προσλαμ-

477 478 659 525 ιιιιοιιι
690 469 830 524 lunze
850 474 1070 537 corpus,
1099 470 1216 539 ipsa
1243 470 1461 539 silente,
1490 487 1597 526 non
1628 473 1968 540 absuniatur,
1995 488 2060 528 ea

477 577 600 633 qua:
621 562 922 626 cernimus,
945 563 1229 617 evidenter
1256 564 1508 634 probant.
1539 563 1669 618 Nam
1695 565 1747 618 in
1772 579 1897 620 aere
1925 571 2062 635 puro

476 654 734 722 omnique
778 653 971 708 nebula
1023 664 1281 725 purgato,
1339 674 1464 713 cum
1518 660 1756 714 maxime
1805 659 2059 715 falcatam

477 743 704 814 ﬁguram
733 745 894 800 habet
923 747 1076 812 luna,
1109 748 1238 804 licet
1269 751 1363 805 tibi
1399 751 1696 806 observare
1725 767 1790 808 ac
1835 753 2055 817 videre,

477 846 688 906 partem
727 837 893 906 ipsius
921 839 1209 893 obscuram
1243 855 1307 894 ac
1333 841 1452 895 luce
1475 841 1817 905 destitutam,
1849 858 1878 896 a
1911 851 2060 896 tanta

477 938 773 983 curvatura
798 930 1204 996 circumscribi,
1233 942 1440 1002 quanta
1471 933 1525 987 in
1555 931 1868 1003 pleniluniis
1887 943 2059 989 totam

476 1017 651 1088 ipsam
680 1020 882 1090 explet.
917 1019 1284 1088 Quamobrem
1321 1023 1562 1078 circulus
1590 1021 1872 1078 absolutus
1910 1024 2061 1079 clare

476 1113 832 1182 conspicitur,
876 1114 924 1168 si
967 1115 1126 1170 modo
1159 1117 1308 1169 v'isus
1341 1131 1571 1184 opacum
1607 1126 1664 1170 et
1705 1117 2059 1186 caliginosum

475 1204 660 1259 'sinum
701 1204 768 1259 ad
809 1215 1021 1276 partem
1061 1207 1424 1280 illuminatam
1462 1205 1684 1262 referat.
1722 1205 1833 1263 Nec
1875 1209 2059 1274 dicas,

477 1311 682 1368 quaeso,
714 1297 890 1352 lucem
928 1297 1069 1352 lunae
1107 1299 1469 1353 adventitiam
1497 1305 1642 1365 esse,
1675 1315 1740 1354 eo
1782 1289 1927 1368 quod
1963 1301 2064 1354 im-

477 1390 762 1456 minuitur,
793 1390 919 1444 dum
965 1391 1030 1444 ad
1071 1390 1240 1444 solem
1273 1389 1509 1456 acCedit,
1553 1389 1750 1444 iterum
1785 1403 1916 1444 vero
1965 1405 2062 1443 atr-

477 1492 660 1552 getur,
701 1483 828 1538 dum
879 1481 1128 1540 discedit.
1179 1481 1364 1551 Neque
1420 1482 1566 1536 enim
1617 1482 1749 1536 illud
1807 1482 1964 1536 nobis
2008 1483 2060 1536 in

476 1574 730 1643 praesenti
761 1573 1199 1642 investigandum
1233 1574 1579 1642 proponitur,
1619 1575 1714 1628 sed
1743 1575 1885 1642 quod
1910 1573 2060 1627 ‘aliud

477 1674 560 1717 est
600 1677 801 1733 corpus
847 1663 1040 1733 ipsius,
1090 1663 1239 1718 aliud
1274 1663 1356 1716 vis
1392 1663 1730 1720 illuminaus.
1764 1665 1909 1719 Sane
1956 1664 2064 1718 tale

2171 474 2407 526 δάνουσα
2437 473 2622 536 πάλιν,
2658 476 3008 541 ἐλαττώσεως
3036 479 3168 547 ἡμῖν
3217 478 3310 530 καὶ
3336 475 3652 548 αὐξήσεως
3695 476 3776 537 τάς

2170 568 2471 636 φαντασίας
2493 571 2808 640 παρέχεται.
2834 571 2938 622 Τοῦ
2967 571 3022 624 δὲ
3053 571 3126 642 μὴ
3156 571 3287 624 αὐτὸ
3309 571 3368 623 τὸ
3400 571 3583 640 σῶμα
3621 568 3778 636 afri;

2169 657 2444 728 ληγούσης
2468 659 2936 712 ἀπαναλίσκεσθαι
2954 660 3183 730 ἐναργὲς
3217 658 3524 730 μαρτύριον
3545 656 3630 709 τὰ
3663 655 3782 725 δρώ-

2173 756 2331 822 μενα.
2379 751 2597 814 Ἔξεστι
2626 753 2735 820 γάρ
2772 769 2854 805 σοι
2900 753 2992 806 καὶ
3039 753 3098 804 ἔν
3128 751 3352 823 καθαρῷ
3379 750 3456 821 τῷ
3485 737 3638 820 ἆέρι
3703 750 3782 800 καὶ

2171 845 2352 915 πάσης
2381 845 2577 916 ἀχλύος
2595 834 3020 916 ἀπηλλαγμένῳ,
3049 847 3176 899 ὅταν
3210 845 3442 915 μάλιστα
3476 841 3782 914 μηνοειδὴς

2169 938 2416 1010 τυγχάνῃ
2447 937 2588 991 κατὰ
2617 939 2677 991 τὸ
2713 939 2900 1009 σχῆμα
2930 940 3323 1009 ὲπιτηρήσαντι
3355 937 3496 1006 (97),
3535 934 3806 988 κατιδεῖν

2169 1031 2230 1083 τὸ
2263 1031 2515 1102 ἀλαμπὲς
2565 1032 2737 1101 αὐτῆς
2787 1040 2882 1085 καὶ
2934 1031 3238 1100 ἀφώτιστον
3285 1031 3388 1083 ὑπὸ
3429 1027 3785 1098 τηλικαύτης

2169 1122 2358 1191 ἁψῖδος
2396 1123 2892 1194 περιγραφόμενον,
2947 1124 3107 1194 ἡλίκη
3154 1122 3262 1192 (98)
3313 1123 3369 1175 ὲν
3401 1125 3526 1183 ταῖς
3573 1137 3787 1172 navss-

2171 1215 2353 1286 λήνοις
2400 1215 2499 1286 τὴν
2547 1218 2727 1269 πᾶσαν
2756 1216 2925 1287 αὐτὴν
2959 1215 3246 1286 ἐκπληροῖ.
3275 1215 3436 1267 Ὥστε
3470 1212 3787 1282 τηλαυγῶς

2170 1305 2577 1377 ἀπηρτισμένον
2602 1303 2938 1377 καθορᾶσθαι
2962 1301 3053 1358 τόν
3083 1305 3280 1358 κύκλον
3310 1305 3387 1374 τῷ
3417 1305 3788 1375 περιλαμπο-

2174 1396 2320 1467 μένῳ
2359 1397 2516 1467 μέρει
2546 1397 2638 1449 τὸν
2675 1397 2894 1468 σκιερὸν
2929 1397 3024 1450 καὶ
3060 1395 3271 1468 ἀερώδη
3305 1395 3505 1448 κόλπον
3537 1398 3788 1448 συνανα-

2172 1489 2447 1560 φερούσης
2493 1484 2595 1559 τῆς
2625 1489 2820 1558 ὅψεως.
2877 1489 2985 1542 Καὶ
3019 1491 3108 1559 ,μή
3143 1505 3232 1559 μοι
3275 1487 3396 1555 λέγε
3437 1476 3788 1540 ἐπείσακτον

2171 1578 2311 1635 εἶναι
2358 1569 2456 1652 τῆς
2506 1582 2736 1655 σελήνης
2766 1583 2826 1636 τὸ
2858 1582 2994 1651 φῶς,
3028 1579 3162 1634 διότι
3193 1578 3436 1651 μειοῦται
3471 1582 3583 1649 μὲν
3647 1581 3788 1650 πρὸς

2170 1673 2320 1743 ἥλιον
2345 1673 2645 1742 φερομένη.
2676 1671 2897 1736 αὔξεται
2928 1672 2984 1726 δὲ
3018 1672 3179 1726 πάλιν
3215 1670 3595 1741 ἀφισταμένη.
3645 1671 3788 1723 Οὐδὲ

477 1755 754 1825 quidpiam
785 1756 914 1810 mihi
949 1756 1126 1826 cogita
1155 1766 1210 1811 et
1235 1756 1299 1811 de
1327 1757 1442 1812 sole
1468 1775 1482 1810 :
1521 1769 1880 1828 praeterquam
1915 1759 2055 1827 Quod

2173 1761 2280 1832 γὰρ
2312 1762 2488 1814 έκεῖνο
2515 1765 2647 1832 ἡμῖν
2673 1761 2950 1826 ἐξετάζειν
2993 1765 3049 1815 έν
3071 1762 3148 1832 τῷ
3193 1761 3423 1832 παρόντι
3449 1761 3784 1831 πρόκειται,

479 1849 569 1906 hic
595 1849 769 1904 lucem
793 1889 808 1915 ,
854 1862 1016 1919 quam
1052 1849 1218 1904 semel
1258 1853 1470 1921 accepit
1503 1867 1565 1906 ac
1596 1851 1699 1904 sibi
1731 1860 2062 1918 attempera-

477 1951 588 1997 tam
623 1942 834 2008 habuit,
873 1943 1096 1998 minime
1139 1943 1400 2012 deponit:
1443 1941 1531 1995 illa
1567 1957 1718 2006 vero,
1753 1941 1880 1995 dum
1920 1941 2062 1997 assi-

476 2035 583 2090 due
613 2033 760 2089 Velut
785 2034 938 2088 exuit
961 2043 1016 2090 et
1040 2049 1228 2089 rursus
1253 2034 1428 2088 induit
1457 2033 1657 2100 lucem,
1702 2040 1798 2104 per
1825 2035 2062 2102 seipsam

480 2141 546 2184 ea
592 2127 781 2196 etiam,
811 2141 933 2198 quae
979 2129 1045 2183 de
1073 2128 1189 2183 sole
1223 2128 1366 2182 dicta
1413 2137 1564 2192 sunt,
1597 2127 1904 2182 conﬁrmat.
1937 2122 2062 2181 Huic

474 2218 763 2274 luminaria
788 2219 941 2288 jussa
978 2232 1107 2275 sunt
1139 2233 1354 2289 quoque
1385 2221 1527 2273 diem
1566 2235 1630 2274 ac
1661 2225 1878 2273 noctem
1915 2219 2062 2272 inter

474 2319 539 2360 se
569 2319 845 2375 separare.
885 2307 1100 2361 Etenim
1137 2310 1390 2378 superius
1432 2325 1461 2362 a
1504 2308 1744 2362 tenebris
1775 2307 1946 2361 lucem
1975 2308 2059 2362 di—

477 2397 604 2453 visit
631 2400 800 2466 Deus;
827 2409 1067 2469 tuncque
1096 2410 1348 2454 naturam
1379 2402 1618 2470 ipsorum
1644 2401 1695 2454 in
1725 2399 2061 2454 contrarium

476 2493 711 2561 partitus
733 2501 851 2547 est:
880 2503 939 2547 ut
964 2494 1108 2548 inter
1135 2494 1251 2564 ipsa
1278 2495 1584 2548 intercedat
1613 2492 1870 2546 admistio
1893 2491 2059 2555 nulla,

475 2593 532 2638 et
574 2583 678 2638 luci
710 2599 834 2637 cum
879 2585 1120 2640 tenebris
1150 2585 1295 2655 nulla
1329 2591 1402 2640 sit
1439 2586 1694 2640 societas.
1729 2586 1881 2652 Quod
1915 2585 2060 2638 enim

475 2684 564 2730 est
603 2676 655 2728 in
699 2676 787 2731 die
819 2677 1037 2742 umbra,
1078 2677 1313 2747 idipsum
1345 2693 1466 2734 esse
1501 2687 1680 2746 noctu,
1709 2677 2061 2733 tenebrarum

478 2775 728 2820 naturam
754 2769 1052 2837 putandum
1081 2777 1186 2823 est.
1214 2765 1348 2823 Nam
1375 2769 1420 2823 si
1445 2769 1624 2823 omnis
1646 2770 1858 2832 umbra,
1889 2769 2064 2837 splen-

476 2858 611 2913 dore
648 2858 830 2928 aliquo
863 2859 1234 2925 illucescente,
1278 2861 1332 2914 in
1381 2871 1593 2930 partem
1627 2861 1733 2916 luci
1775 2861 2058 2916 adversam

478 2961 512 3000 ι
543 2950 864 3017 corporibus
891 2949 1118 3014 excidit,
1148 2959 1204 3004 et
1248 2966 1406 3005 mane
1437 2952 1655 3021 quidem
1693 2952 1759 3006 ad
1799 2967 2058 3006 occasum

480 3039 844 3107 protenditur,
875 3055 1102 3108 vespere
1132 3055 1261 3095 vero
1287 3043 1353 3094 ad
1395 3044 1664 3096 orientem
1707 3057 1896 3098 versus
1939 3058 2059 3098 ver-

475 3131 574 3200 git,
617 3130 787 3200 ﬁtque
831 3132 883 3184 in
938 3134 1170 3188 meridie
1210 3134 1651 3203 septentrionalis
1691 3150 1706 3188 :
1741 3135 1904 3188 etiam
1953 3149 2058 3188 uox

472 3219 533 3277 in
571 3233 754 3292 partes
787 3223 956 3278 radiis
985 3225 1266 3293 oppositas
1311 3226 1537 3287 secedit,
1593 3241 1716 3279 cum
1756 3227 2054 3281 secundum

475 3324 727 3370 naturam
762 3316 898 3370 nihil
934 3315 1080 3371 aliud
1110 3318 1181 3370 sit
1209 3332 1373 3386 quam
1404 3326 1564 3371 terrae
1598 3317 1810 3373 umbra.
1852 3317 2057 3385 Quem-

475 3409 764 3462 admodum
810 3411 955 3464 enim
993 3413 1181 3464 umbra
1230 3412 1351 3464 ideo
1394 3411 1446 3463 iu
1493 3411 1579 3464 die
1609 3413 1880 3475 subsistit,
1916 3414 2058 3480 quod

477 3497 685 3567 aliquid
730 3499 907 3554 lucem
956 3501 1226 3554 obstruit:
1265 3501 1339 3554 ita
1381 3501 1706 3554 naturaliter
1739 3517 1842 3553 nox
1882 3503 2062 3554 nasci-

477 3595 586 3651 tur,
620 3602 742 3641 cum
767 3603 864 3641 aer
891 3597 1051 3642 terra:
1077 3588 1440 3642 circumfusus
1469 3588 1844 3642 obumbratur.
1873 3588 2058 3656 Itaque

473 3679 706 3747 idipsum
741 3680 998 3749 estquod
1044 3681 1249 3734 dictum
1283 3679 1384 3734 fuit
1423 3698 1436 3734 :
1490 3681 1630 3735 Deus
1677 3683 1854 3735 divisit
1889 3681 2056 3733 lucem

471 3790 506 3826 α
539 3774 762 3826 tenebris
793 3773 839 3804 ‘“
872 3791 886 3827 :
921 3773 1360 3842 quandoquidem
1397 3772 1534 3826 lucis
1565 3788 1844 3827 accessum
1894 3771 2060 3826 decli-

472 3878 606 3922 nant
628 3870 886 3932 tenebrze,
917 3883 1040 3921 cum
1067 3869 1328 3921 alienatio
1356 3866 1620 3920 naturalis
1646 3867 1697 3918 in
1731 3867 1903 3936 prima
1933 3880 2060 3934 pro-

472 3960 750 4014 creatione
805 3959 948 4013 inter
987 3974 1046 4013 se
1091 3959 1341 4012 instituta
1385 3958 1478 4013 sit.
1522 3957 1676 4012 Nunc
1723 3967 1902 4011 autem
1947 3959 2055 4012 dici

472 4052 745 4104 metiendo
781 4050 948 4106 solem
975 4050 1216 4118 przel‘ecit
1254 4071 1265 4104 :
1295 4049 1477 4104 lunam
1505 4064 1658 4113 vero,
1690 4064 1812 4103 cum
1849 4050 1901 4102 in
1932 4065 2057 4118 pro-

473 4142 591 4210 prio
643 4141 847 4196 circulo
876 4142 1128 4195 omnibus
1176 4143 1287 4195 suis
1329 4142 1571 4195 numeris
1627 4143 1871 4195 absoluta
1933 4153 2052 4206 est,

470 4234 650 4286 noetis
696 4233 1111 4287 moderatricem
1145 4232 1248 4302 53
1301 4235 1513 4287 statuit.
1557 4232 1710 4287 Tunc
1743 4235 1888 4288 enim
1940 4234 2054 4289 fere

469 4335 537 4376 ex
575 4323 845 4375 diametro
879 4323 1019 4376 inter
1047 4337 1106 4376 se
1135 4324 1380 4392 opposita
1409 4332 1536 4378 sunt
1564 4322 1876 4378 luminaria.
1913 4323 2050 4378 Nam

2165 1851 2280 1905 ἀλλ’
2307 1852 2386 1905 ὅτι
2412 1853 2597 1923 ἕτερον
2626 1853 2724 1922 μὲν
2749 1853 2924 1922 αὐτῆς
2952 1847 3012 1905 τὸ
3035 1853 3214 1923 σῶμα,
3248 1853 3435 1922 ἓτερον
3459 1851 3517 1904 δὲ
3552 1850 3626 1903 τὸ
3665 1857 3782 1919 cptu-

2163 1944 2333 2009 τίξον.
2383 1943 2641 1998 Τοιοῦτον
2688 1943 2750 2016 δή
2810 1944 2864 1997 τί
2902 1962 2990 2015 μοι
3020 1944 3128 1997 νόει
3169 1946 3262 1997 καὶ
3318 1943 3409 1996 ἐπὶ
3446 1942 3544 1996 τοῦ
3591 1943 3782 2013 ἡλίου·

2164 2035 2304 2106 πλὴν
2329 2035 2411 2087 ὅτι
2451 2037 2478 2088 ὁ
2509 2034 2630 2105 μὲν,
2673 2033 2854 2087 λαϐὼν
2882 2033 3028 2098 ἅπαξ
3061 2035 3155 2087 καὶ
3183 2034 3603 2104 ἐγκεκραμένον
3644 2034 3782 2086 tau;

2163 2125 2242 2196 τῷ
2273 2125 2386 2195 (99)
2429 2123 2492 2177 τὸ
2515 2123 2632 2194 φῶς
2664 2123 2826 2195 ἔχων,
2847 2125 2947 2177 ούκ
2979 2123 3315 2177 ἀποτίθεται·
3347 2125 3380 2193 ή
3407 2117 3481 2186 δὲ,
3520 2121 3783 2190 συνεχῶς

2163 2213 2275 2270 οἷον
2321 2205 2666 2287 ἀποδυομένη
2698 2218 2791 2270 καὶ
2825 2216 3474 2291 πάλινκὶὲπαμφιαζομένη
3511 2214 3575 2268 τὸ
3627 2216 3776 2283 φῶς,

2163 2307 2228 2360 δι’
2265 2296 2465 2375 ἑαυτῆς
2493 2307 2586 2360 καὶ
2607 2305 2674 2358 τὰ
2705 2306 2948 2377 περὶτοῦ
2982 2306 3135 2371 ἡλίου
3157 2305 3276 2376 εῐρη
3286 2306 3420 2374 μένα
3444 2303 3773 2357 πιστοῦται.

2164 2393 2324 2452 Οὗτοι
2356 2399 2450 2450 καὶ
2473 2395 2820 2468 διαχωρίζειν
2842 2396 3148 2467 ἐτάχθησαν
3177 2395 3279 2448 ἀνά
3311 2395 3472 2466 μέσον
3493 2395 3598 2464 τῆς
3623 2392 3773 2465 ἡμέε-

2166 2508 2267 2564 ρας
2289 2492 2384 2544 καὶ
2410 2490 2515 2542 ἀνά
2548 2491 2715 2560 μέσον
2744 2489 2844 2559 τῆς
2877 2489 3091 2551 νυκτός.
3128 2490 3273 2542 Ἀνω
3301 2488 3398 2557 μὲν
3426 2487 3536 2558 γάρ
3563 2485 3773 2558 διεχώ-

2167 2593 2314 2657 ρισεν
2349 2585 2378 2639 ὁ
2398 2585 2531 2647 Θεὸς
2553 2584 2654 2638 ἀνά
2680 2583 2842 2654 μέσον
2863 2583 2956 2635 τοῦ
2991 2584 3168 2651 φωτὸς
3194 2582 3288 2633 καὶ
3329 2581 3433 2634 ἀνά
3467 2580 3640 2650 μέσον
3669 2577 3768 2633 τοῦ

2166 2675 2416 2739 σκότους·
2448 2677 2571 2728 τότε
2594 2674 2652 2726 δὲ
2685 2674 2785 2743 τὴν
2822 2674 2896 2745 (1)
2930 2675 3093 2743 φύσιν
3123 2673 3301 2726 αὐτῶν
3335 2672 3469 2742 πρὸς
3508 2672 3573 2724 τὸ
3600 2673 3767 2725 ἕνα.νά

2160 2766 2275 2818 τίον
2310 2766 2642 2835 ἀπέστησενλ
2697 2763 2838 2817 ὥστε
2873 2764 3121 2834 ἀμίκτως
3150 2765 3292 2833 ἔχειν
3336 2762 3470 2832 πρὸς
3525 2761 3763 2834 ἄλληλα,

2163 2857 2260 2910 καὶ
2285 2859 2424 2926 φωτὶ
2473 2857 2611 2928 πρὸς
2647 2857 2837 2918 σκότος
2871 2855 3140 2926 μηδεμίαν
3169 2851 3307 2906 εἶναι
3341 2853 3658 2923 κοινότητα.
3701 2853 3765 2905 Ὃ

2162 2950 2272 3021 γὰρ
2303 2953 2360 3002 ὲν
2389 2949 2573 3020 ἡμέρᾳ
2612 2949 2760 3001 ἐστὶν
2814 2950 2847 3018 ή
2896 2947 3046 3013 σκιὰ,
3088 2945 3246 2999 τοῦτο
3274 2944 3481 2998 οἴεσθαι
3538 2945 3653 3016 χρὴ
3709 2947 3764 2996 ἐν

2162 3043 2316 3095 νυκτὶ
2364 3041 2458 3094 τού
2503 3041 2727 3104 σκότους
2780 3036 2916 3094 εἶναι
2961 3041 3061 3111 τὴν
3104 3039 3284 3109 φύσιν.
3339 3039 3402 3090 El
3436 3037 3548 3106 γὰρ
3612 3040 3759 3092 πᾶσα

2165 3134 2294 3188 σκιὰ
2324 3135 2422 3203 (‘2),
2455 3134 2628 3204 αὐγῆς
2651 3150 2797 3196 τινος
2819 3132 3228 3202 διαφαινούσης,
3259 3130 3662 3200 ἀντικειμένως
3684 3128 3758 3198 τῷ

2161 3227 2300 3295 φωτὶ
2329 3225 2436 3278 ἀπὸ
2492 3224 2600 3278 τῶν
2655 3225 2920 3294 σωμάτων
2966 3224 3253 3276 ἐκπίπτειδ
3311 3223 3405 3275 καὶ
3444 3222 3621 3274 ’ἐωθεν
3669 3221 3760 3290 μὲν

2161 3316 2299 3389 πρὸς
2347 3316 2562 3387 δυσμὰς
2612 3317 2856 3378 τέταται,
2904 3316 3142 3387 ἑσπέρας
3191 3315 3248 3368 δὲ
3298 3314 3432 3386 πρὸς
3486 3313 3761 3381 ἀνατολὴν

2159 3409 2463 3470 ἀποκλίνει,
2501 3411 2558 3461 ἐν
2580 3408 2636 3462 δὲ
2663 3411 2726 3478 τῇ
2756 3407 3072 3479 μεσημϐρίᾳ
3099 3405 3321 3478 ἀρκτῴα
3351 3396 3588 3474 γίνεται·
3617 3405 3760 3472 καὶὴ

2161 3502 2258 3566 νὺξ
2307 3501 2400 3553 ἐπὶ
2441 3498 2503 3552 τὸ
2554 3502 2794 3552 ἐναντίον
2839 3503 2957 3563 ταῖς
2991 3501 3203 3552 ἀκτῖσιν
3247 3500 3543 3570 ὑποχωρεῖ,
3607 3497 3758 3551 οὐδὲν

2158 3594 2345 3664 ἕτερον
2385 3588 2521 3646 οὖσα
2546 3593 2688 3645 κατὰ
2720 3593 2817 3662 τὴν
2855 3589 3015 3658 φύσιν
3044 3590 3076 3662 ἢ
3103 3591 3348 3659 σκίασμα
3369 3589 3492 3657 γῆς.
3527 3589 3627 3654 Ὠς
3657 3588 3759 3658 γὰρ

2159 3687 2216 3738 ὲν
2250 3685 2437 3755 ἡμέρᾳ
2469 3687 2502 3754 ή
2541 3683 2669 3736 σκιὰ
2709 3683 2784 3752 τῷ
2815 3683 3234 3752 ἀντιφράσσοντι
3262 3681 3365 3751 τὴν
3406 3680 3588 3751 αὐγὴν
3632 3689 3761 3749 σπαρ-

2157 3778 2473 3845 υφίσταται,
2517 3776 2690 3839 οὓτως
2727 3779 2758 3846 ὴ
2796 3775 2892 3842 νὺξ
2932 3774 3290 3842 σκιαζομένου
3334 3773 3428 3825 τοῦ
3480 3773 3621 3844 περὶ
3662 3774 3757 3841 γῆν

2163 3869 2325 3940 ἀέρος
2356 3867 2708 3921 συνίστασθαι
2751 3867 2982 3936 πέφυκε.
3021 3865 3193 3918 Τοῦτο
3223 3865 3403 3918 τοίνυν
3431 3865 3548 3917 ἐστὶ
3599 3866 3663 3918 τὸ
3687 3866 3757 3915 εί-

2159 3959 2416 4030 ρημένον,
2469 3959 2549 4010 ὅτι
2607 3955 2962 4024 Διεχὼρισεν
3003 3957 3034 4007 ὀ
3079 3957 3221 4020 Θεὸς
3253 3955 3369 4008 ἀνὰ
3391 3953 3596 4022 μέσον
3656 3953 3758 4007 τοῦ

2157 4050 2351 4119 φωτὸς
2383 4051 2478 4102 καὶ
2511 4048 2629 4102 ἀνὰ
2646 4049 2842 4116 μέσον
2867 4047 2970 4100 τοῦ
2994 4050 3278 4113 σκότους·
3311 4047 3500 4117 ἐπειδὴ
3536 4047 3608 4101 τὸ
3639 4045 3758 4100 σκό-

2155 4158 2248 4204 τος
2271 4139 2570 4211 ὑποφεύγει
2609 4139 2704 4193 τού
2733 4139 2912 4208 φωτὸς
2945 4138 3043 4202 τὰς
3069 4138 3390 4210 ἐπιδρομὰς,
3417 4140 3474 4189 ὲν
3504 4141 3573 4210 τῇ

2154 4250 2224 4308 τῃ
2255 4233 2586 4305 δημιουργίᾳ
2620 4225 2855 4302 φυσικῆς
2889 4232 3070 4294 αὐτοῖς
3103 4231 3201 4302 τῆς
3229 4229 3640 4301 ἀλλοτριώσεως
3665 4249 3756 4285 καμ-

2154 4325 2625 4394 τασκευασθείσης
2655 4324 2732 4392 (5)
2769 4323 2904 4394 πρὸς
2938 4323 3162 4393 ἄλληλα.
3200 4323 3313 4375 Νῦν
3367 4323 3422 4375 δὲ
3461 4323 3620 4394 ἥλιον
3667 4327 3756 4375 ἐπε

473 4409 599 4466 luna
629 4413 680 4465 in
709 4411 1042 4481 pleniluniis,
1071 4415 1353 4467 exoriente
1378 4417 1513 4477 sole,
1544 4429 1576 4469 e
1601 4425 1893 4483 conspectu
1920 4429 2047 4468 eva-

2159 4420 2312 4484 έταξε
2341 4419 2455 4481 τοῖς
2493 4418 2713 4489 μέτροις
2745 4417 2845 4486 τῆς
2902 4416 3130 4486 ἡμέρας·
3191 4415 3288 4469 καὶ
3327 4416 3580 4486 σελήνην,
3631 4418 3752 4469 ὅταν

468 4504 645 4560 nescit
675 4523 691 4558 :
725 4514 939 4568 contra,
985 4507 1264 4561 occidente
1311 4507 1448 4571 sole,
1486 4506 1600 4560 haec
1652 4507 1766 4577 ipsa
1801 4523 2050 4576 smpenu-

469 4612 621 4654 mero
649 4599 719 4654 ab
745 4599 954 4653 oriente
983 4600 1228 4669 emergit.
1261 4598 1413 4665 Quod
1443 4600 1487 4653 si
1513 4601 1724 4654 caeteris
1769 4601 1821 4654 in
1858 4600 2047 4656 formis

469 4689 660 4745 lunare
686 4690 862 4745 lumen
907 4704 1010 4743 una
1049 4704 1172 4743 cum
1212 4701 1370 4744 nocte
1406 4706 1514 4744 non
1548 4705 1612 4744 ex
1646 4706 1803 4761 aequo
1835 4693 2048 4758 pertici-

469 4793 578 4847 tur,
622 4782 757 4837 nihil
797 4783 864 4836 ad
898 4783 1204 4837 institutum
1241 4797 1548 4838 sermonem
1586 4785 1777 4840 refert.
1814 4785 2044 4838 Verum~

467 4883 647 4929 tamen
673 4890 796 4928 eum
826 4885 1210 4931 suum-statum
1242 4875 1702 4946 perfectissimum
1732 4879 1948 4948 attigit,
1981 4886 2043 4932 ut

467 4966 642 5021 noctis
655 4967 861 5021 obtinet
884 4969 1265 5039 principatum,
1294 4972 1517 5040 proprio
1542 4971 1746 5026 lumine
1771 4987 1834 5025 ac
1857 4971 2039 5041 splen-

527 5150 577 5185 ⁸³
611 5150 748 5208 Gen.
771 5166 813 5220 ι,
846 5149 902 5206 ι.

530 5290 644 5364 (97)
671 5290 744 5345 Ita
774 5289 939 5364 editio
964 5292 1126 5348 Basil.
1155 5309 1278 5349 cum
1303 5293 1548 5348 Comhef.
1575 5302 1629 5347 et
1653 5307 1775 5347 cum
1802 5292 1919 5349 aliis
1941 5308 2034 5350 sex

458 5363 888 5436 mssugltfditio
919 5363 1088 5436 ljaris.
1119 5364 1259 5418 κατά
1290 5365 1349 5418 τὸ
1389 5364 1572 5435 σχῆμα
1606 5366 1638 5436 ἡ
1675 5365 1895 5436 σελήνη.

533 5381 591 5417 ιε.
625 5381 693 5416 ῆι
720 5381 888 5418 ειιῐιιιο
919 5381 1088 5418 l’al'IS.
1119 5381 1259 5418 κατα
1290 5381 1349 5418 το
1389 5381 1572 5435 σχημα
1606 5381 1638 5436 η
1675 5381 1895 5486 σεληνηί

533 5431 644 5514 (9.8)
678 5431 874 5514 βάῇιὶο
900 5433 1084 5514 _l3asi|.
1111 5451 1240 5514 cum
1286 5437 1620 5514 sex_ttostris
1663 5437 1854 5514 russi]
1896 5435 2032 5514 ςκον.

457 5501 633 5576 Editio
661 5502 850 5576 Paris.
890 5504 1072 5576 ἡλίκη.
1111 5506 1310 5561 Ibidem
1359 5505 1512 5561 Colb.
1553 5505 1823 5560 secundus
1843 5501 2036 5560 ’πᾶσαν

456 5572 632 5646 αὐτὴν
658 5572 939 5646 ἐκπληροῖ·

531 5643 825 5719 ςθθῌὶοιι).
839 5643 1140 5719 secundus
1158 5648 1401 5719 ὲγκεκρα
1411 5645 1582 5719 μένον
1602 5648 1658 5698 έν
1679 5645 1890 5719 έ-αυτῷ.

526 5710 608 5781 (ι)
642 5710 889 5782 Quinque
917 5731 1046 5771 mss.
1084 5710 1208 5769 τότε
1249 5710 1346 5785 μὲν
1387 5710 1511 5788 τήν.
1550 5717 1689 5772 Editi
1716 5710 1853 5772 cum
1901 5717 2030 5788 Reg.

2157 4513 2288 4566 ποτὲ
2349 4512 2485 4584 πρὸς
2536 4511 2625 4563 τὸν
2684 4511 2812 4564 ἴδιον
2867 4511 3064 4564 κύκλον
3110 4509 3446 4581 ἀπαρτισθῇ,
3505 4511 3753 4581 ἀρχηγὸν

2156 4606 2383 4677 ἐποίησε
2410 4607 2509 4677 τῆς
2536 4607 2749 4669 νυκτός.
2780 4606 2974 4676 Σχεδὸν
2997 4605 3106 4677 γὰρ
3133 4605 3252 4658 τότε
3277 4605 3419 4657 κατά
3455 4605 3750 4676 διάμετροι

2155 4701 2204 4752 οἱ
2236 4699 2527 4769 φωστῆρες
2561 4699 2809 4769 ἀλλήλοις
2859 4699 3356 4752 ἀντικαθίστανται.
3404 4697 3749 4750 ’Λνατέλλονδ

2154 4799 2247 4852 τος
2282 4791 2379 4859 μὲν
2410 4789 2519 4861 γὰρ
2544 4790 2637 4843 τοῦ
2666 4791 2839 4861 ἡλίου,
2875 4792 2932 4843 ὲν
2964 4793 3086 4853 ταῖς
3115 4790 3471 4859 πανσελήνοις
3507 4785 3748 4860 καταφέδ

2155 4899 2308 4949 ρεται
2340 4882 2478 4953 πρὸς
2529 4883 2592 4936 τὸ
2627 4883 2834 4953 ἀφανὲς
2884 4885 2918 4954 ή
2964 4882 3180 4953 σελήνη·
3216 4882 3476 4952 δυομένου
3504 4883 3560 4935 δὲ
3593 4885 3752 4936 πάλιν

2145 4971 2242 5025 τοῦ
2273 4974 2447 5044 ἡλίου,
2485 4973 2623 5046 αὕτη
2648 4974 2909 5038 πολλάκις
2933 4973 2994 5038 ὲξ
3015 4973 3288 5027 ἀνατολῶν
3317 4974 3635 5043 ἀντανίσχει
3657 4975 3746 5044 (ii.

2137 5305 2333 5366 octavo
2362 5293 2485 5348 τότε
2514 5291 2591 5366 δὲ
2641 5295 2761 5364 τήν.
2815 5295 3110 5365 Aliquanto
3161 5304 3282 5365 post
3332 5294 3469 5366 Reg.
3525 5296 3744 5364 quintus

2137 5361 2276 5420 εἶναι
2303 5365 2614 5420 κοινωνίαν.

2188 5437 2285 5522 ,(2)
2340 5436 2712 5522 [ιιιῗειιιςιιιιοιι.
2741 5435 3115 5522 mngEdit'i‘o
3158 5435 3332 5522 Raris.
3371 5439 3406 5508 η
3458 5435 3569 5508 γὰρ
3617 5438 3736 5490 σκιὰ

2137 5505 2306 5560 πᾶσα.
2345 5505 2508 5560 Deest
2533 5506 2662 5559 σκιά
2698 5507 2752 5559 in
2784 5507 3026 5562 editione
3054 5506 3220 5561 Basil.
3393 5505 3403 5508 ”
3540 5505 3552 5508 ’

2139 5575 2500 5701 σθέῗὲηὲἒοιιι.
2567 5576 2840 5632 secundus
2909 5576 3324 5650 ἀλλοτριώσεως
3384 5592 3725 5648 ιιιιιρεισκενα⁸

2139 5661 2381 5716 συεισης.

2210 5718 2285 5787 (4)
2332 5717 2459 5789 Reg.
2499 5716 2706 5790 primus
2747 5716 2982 5790 ἀνεσχιι.
