3850 6218
73 277 204 332 {25

1219 267 1506 332 HOMI‘L‘IA
1540 264 1613 332 ’Ἡ
1653 274 1721 332 1N
1761 267 2268 331 HEX'AEMERON.

3285 263 3398 332 ras

73 392 148 445 li!
174 393 241 447 δὲ
282 389 429 448 κατὰ
457 391 527 448 τὰ
554 392 692 448 ἄλλα
725 391 990 464 ’σχήματα
1027 391 1090 445 οὐ
1127 393 1590 466 συναπαρτίζεται
1639 396 1691 464 τῇ

1812 393 1946 448 dore
1991 399 2142 446 astra
2182 401 2472 458 superans,
2518 398 2576 444 et
2616 387 2868 444 tellurem
2925 384 3204 444 illustrant
3246 405 3264 446 :
3317 389 3395 443 ita

69 485 258 538 νυκτὶ
288 486 352 540 τὸ
379 486 664 558 σεληναῖον
690 485 828 556 φῶς,
865 484 1019 538 οὐδὲν
1065 484 1206 556 πρὸς
1231 485 1324 538 τὸν
1353 485 1691 557 προκείμενοε

1821 483 2080 552 temporis
2107 482 2280 552 spatia
2311 495 2434 536 cum
2466 481 2582 536 sole
2619 495 2685 536 ex
2713 495 2870 550 aquo
2893 481 3150 550 partitur.

71 575 278 646 λόγον.
317 577 465 648 Πλὴν
505 579 610 642 ὅτι,
661 578 792 632 ὅταν
845 576 1046 647 ἑαυτῆς
1077 574 1394 647 τελειοτάτη
1427 593 1694 650 τυγχανῃ,
1732 575 1996 646 κατάρχει
2065 573 2165 644 μὲν
2216 574 2314 644 τῆς
2367 572 2563 635 νυκτὸς
2607 571 2688 642 τῷ
2737 571 2858 643 ἰδίῳ
2892 572 3036 642 φωτὶ
3075 570 3148 626 τά
3213 571 3395 642 ἄστρα

73 667 570 740 ὐπεραυγάζουσα
621 668 717 722 καὶ
746 668 846 740 τὴν
880 667 985 738 γῆν
1024 667 1448 739 περιλάμπουσα
1477 669 1578 740 (5),
1610 667 1788 733 ὲξίσου
1813 667 1870 720 δὲ
1903 665 2040 738 πρὸς
2083 665 2175 718 τὸν
2202 665 2354 736 ἥλιον
2382 663 2478 718 τοῦ
2524 664 2719 736 χρόνου
2745 663 3033 734 διαιρεῖται
3078 662 3150 718 τὰ
3191 663 3390 736 μέτρα.

159 778 222 832 4.
247 779 363 833 Kal
385 779 668 833 ἔστωσαν
703 781 790 846 εὶς
808 778 1050 848 σημεῖα,
1085 779 1182 833 καί
1199 782 1287 846 εὶς
1310 781 1575 850 καιροὺς.
1601 781 1701 836 καί

74 870 178 934 εις
204 867 465 937 ἡμέρας,
489 868 590 922 καί
613 871 700 934 είς
721 869 1058 936 ἐνιαυτούς.
1106 871 1424 938 Ἀναγκαῖαι
1455 871 1593 944 πρὸς
1607 870 1701 925 τὸν

75 958 441 1031 ἀνθρώπινον
488 959 602 1030 βίον
632 961 686 1013 αἱ
732 959 840 1014 ἀπὸ
868 959 977 1013 τῶν
1007 961 1310 1032 φωστήρων
1335 962 1696 1034 σημειώσεις.

91 1051 236 1104 Ἐὰν
266 1050 381 1123 γὰρ
423 1052 497 1122 μή
553 1051 630 1123 (6)
666 1069 751 1116 τις
797 1053 942 1124 πέρα
971 1053 1066 1106 τοῦ
1104 1053 1305 1124 μέτρου
1339 1054 1407 1108 τὰ
1451 1055 1544 1110 ἀπ’
1600 1058 1700 1110 αὐ-

71 1140 203 1194 τῶν
237 1140 320 1212 (7)
354 1142 555 1210 σημεῖα
578 1141 1031 1213 περιεργάζηται,
1057 1142 1360 1214 χρησίμους
1386 1142 1564 1196 αὐτῶν
1599 1143 1698 1206 τὰς

79 1233 156 1285 ὲκ
201 1231 313 1302 τῆς
367 1233 586 1303 μακρᾶς
641 1233 937 1305 ἐμπειρίας
983 1237 1397 1305 παρατηρήσεις
1447 1235 1694 1306 εὐρήσει.

73 1324 286 1379 ’Πολλά
336 1325 434 1396 μὲν
466 1325 576 1397 γὰρ
607 1327 737 1398 περὶ
762 1327 1074 1398 ἐπομϐρίας
1113 1325 1232 1380 ἔστι
1270 1327 1486 1398 μαθεῖν,
1527 1326 1698 1382 πολλά

72 1416 145 1471 ’δὲ
175 1418 316 1488 περὶ
337 1417 566 1489 αὐχμῶν
595 1419 688 1471 καὶ
717 1420 1042 1489 πνευμάτων
1072 1423 1359 1491 κινήσεως,
1389 1420 1422 1492 ἢ
1455 1420 1697 1492 μερικῶν

74 1511 121 1582 ’ἢ
172 1509 437 1576 καθόλου,
475 1509 666 1581 βιαίων
695 1511 728 1584 ἢ
758 1511 1079 1583 ἀνειμένων.
1112 1513 1207 1566 ’Ἑν
1237 1513 1346 1584 γάρ
1371 1530 1425 1566 τι
1455 1513 1565 1566 τῶν
1587 1513 1696 1567 ἀπὸ

81 1599 191 1653 τοῦ
217 1599 377 1670 ἡλίου
417 1599 932 1672 παραδεικνυμένων
982 1600 1079 1654 καὶ
1126 1601 1156 1653 ό
1189 1601 1394 1673 Κύριος
1425 1603 1558 1673 ἡμῖν
1586 1619 1696 1654 πα-

1878 779 1933 835 4.
1967 748 2164 833 Είσίηι
2186 779 2242 832 in
2271 777 2442 844 signa,
2473 787 2524 833 et
2547 779 2602 832 in
2631 787 2890 845 tempora,
2919 786 2969 832 et
3000 778 3055 832 in
3080 778 3218 841 dies,
3246 787 3294 832 et
3332 777 3388 830 in

1801 885 1990 924 annos.
2046 868 2380 926 Necessaria:
2431 879 2557 925 sum
2603 871 2670 923 ad
2711 871 2998 924 humanam
3035 869 3198 924 vitam
3247 878 3388 924 notas

1800 959 2151 1016 luminarium
2195 969 2358 1032 atque
2407 961 2856 1032 signiﬁcationes.
2909 959 3122 1014 Etenim
3173 959 3219 1015 si
3260 961 3388 1030 quis

1799 1055 1951 1125 signa
1975 1068 2162 1108 eorum
2191 1069 2298 1107 non
2330 1053 2470 1121 ultra
2506 1053 2725 1107 modum
2753 1052 3020 1121 explorat,
3047 1051 3208 1107 utiles
3233 1051 3382 1119 ipso-

1801 1162 1919 1201 rum
1953 1146 2360 1201 observationes
2389 1161 2456 1200 ex
2487 1145 2644 1216 longa
2691 1145 3026 1216 experientia
3055 1146 3378 1214 comperiet.

1799 1235 1962 1291 Multa
1995 1249 2230 1306 namque
2257 1235 2322 1290 de
2351 1235 2570 1305 pluviis,
2611 1235 2780 1297 multa
2809 1236 2876 1291 de
2899 1236 3167 1302 siccitate,
3201 1235 3382 1308 dequo

1799 1340 2083 1385 ventorum
2121 1339 2287 1393 motu,
2323 1339 2433 1382 tum
2473 1329 2908 1398 particularium,
2937 1342 3049 1383 tum
3087 1330 3373 1386 universa-

1799 1421 1966 1488 llum,
2002 1423 2366 1478 violenlorum
2416 1433 2509 1476 aut
2565 1423 2917 1478 remissorum
2967 1425 3177 1479 discere
3221 1423 3372 1480 licet.

1797 1512 2051 1570 Profecto
2079 1529 2244 1567 unum
2272 1513 2493 1583 aliquod
2523 1514 2651 1568 solis
2692 1515 2906 1583 signum
2935 1516 3100 1569 etiam
3121 1515 3385 1572 Dominus

1797 1605 1955 1660 nobis
1985 1606 2256 1676 exposuit,
2287 1621 2410 1659 eum
2454 1606 2531 1660 ait
2563 1625 2575 1660 :
2609 1604 2913 1675 Tempestas
2942 1607 3040 1660 erit
3063 1625 3082 1662 :
3127 1607 3274 1662 triste
3303 1617 3380 1662 est

87 1691 411 1763 ραδέδωκεν
435 1691 512 1763 (8)
549 1691 742 1757 εἰπὼν,
788 1693 870 1746 ὅτι
896 1692 1127 1763 Χειμὼν
1162 1693 1354 1748 ἔσται·
1381 1694 1691 1764 στυγνάζει

1800 1701 1937 1753 enim
1975 1699 2164 1754 rubens
2205 1698 2393 1753 cmlum
2425 1698 2491 1754 “.
2527 1699 2661 1754 Cum
2691 1699 2836 1754 enim
2882 1714 2985 1768 per
3019 1699 3268 1755 nebulam
3320 1699 3384 1756 fit

82 1784 209 1851 γὰρ
247 1783 562 1852 stuppde
588 1786 623 1838 ὁ
664 1785 942 1853 οὐρανός.
984 1785 1237 1839 Ἐπειδὰν
1266 1785 1375 1857 γὰρ
1395 1786 1461 1840 δι’
1497 1785 1696 1858 ἀχλύος

85 1876 124 1945 ἡ
154 1874 419 1946 ἀναφορὰ
467 1874 691 1947 γένηται
739 1876 833 1929 τοῦ
865 1877 1041 1947 ἡλίου,
1072 1877 1446 1950 ἀμαυροῦνται
1480 1879 1579 1950 μὲν
1637 1880 1696 1932 ai.

83 1967 340 2029 ἀκτῖνες,
379 1965 734 2038 ἀνθρακώδης
759 1967 817 2021 δὲ
846 1971 942 2022 καὶ
963 1967 1204 2040 ὖφαιμος
1236 1969 1336 2040 τὴν
1358 1969 1532 2041 χρόαν
1562 1970 1696 2042 ὁρᾶ-

84 2075 208 2122 ται,
239 2059 344 2130 τῆς
366 2059 675 2130 παχύτητος
707 2059 798 2112 τοῦ
822 2060 985 2130 ἀέρος
1016 2060 1220 2132 ταύτην
1245 2061 1582 2132 ἐμποιούσης
1596 2061 1696 2133 τὴν

87 2151 408 2219 φαντασίαν
453 2154 576 2216 ταῖς
626 2151 803 2221 ὂψεσι.
859 2154 952 2226 Μὴ
1001 2153 1280 2223 διαχυθεὶς
1332 2153 1390 2206 δὲ
1447 2153 1554 2206 ὐπὸ
1596 2153 1696 2223 τῆς

82 2240 322 2303 ἀκτῖνος
339 2242 368 2293 ὁ
389 2240 818 2312 πεπυκνωμένος
838 2242 976 2306 τέως
993 2243 1088 2295 καὶ
1109 2241 1384 2305 συνεστὼς
1407 2241 1515 2314 ἀήρ
1537 2241 1696 2312 δῆλός

87 2336 214 2388 ἐστι
238 2335 332 2388 διὰ
359 2333 458 2406 τὴν
487 2334 776 2407 ὲπίρροιαν
809 2335 917 2391 τῶν
963 2337 1028 2389 ὲκ
1065 2335 1164 2406 τῆς
1204 2337 1307 2407 γῆς
1335 2335 1525 2406 ἀτμῶν
1555 2353 1694 2404 κρα-

83 2422 334 2495 τηθῆναι
369 2424 445 2496 μὴ
467 2423 737 2495 δυνηθεὶς,
773 2424 911 2479 ἀλλὰ
935 2424 1013 2496 τῷ
1046 2423 1370 2496 πλεονασμῷ
1394 2423 1488 2477 τοῦ
1522 2423 1692 2494 ὑγροῦ

87 2515 350 2587 χειμῶνα
371 2514 597 2581 ⁴ἐπάξων
631 2519 742 2580 τοῖς
770 2517 994 2588 χωρίοις
1035 2519 1163 2589 περὶ
1191 2516 1226 2571 ἃ
1256 2516 1690 2589 συναθροίζεται.

102 2604 348 2676 Ὁμοίως
373 2605 432 2659 δὲ
457 2607 553 2659 καὶ
575 2605 793 2659 ἐπειδὰν
814 2608 847 2677 ή
871 2605 1070 2678 σελήνη
1098 2623 1163 2659 πε
1173 2606 1578 2678 ριλιμνάζηται·
1599 2607 1694 2659 καὶ

88 2695 175 2767 τῷ
193 2696 338 2769 ἡλίῳ
363 2697 420 2750 δὲ
447 2699 575 2752 ὅταν
605 2699 662 2752 αι
696 2697 989 2770 λεγόμεναι
1022 2699 1194 2762 διλωες
1233 2698 1307 2769 (9)
1341 2697 1694 2770 περιγραφῶ-

91 2805 204 2852 σιν,
234 2789 271 2858 ἢ
289 2788 482 2852 ὓδατος
503 2788 688 2861 ἀερίου
722 2790 997 2862 πλῆθος,ἢ
1021 2791 1344 2861 πνευμάτων
1377 2789 1691 2862 βιαίων(10)

81 2881 319 2951 -κίνησιν
354 2882 772 2952 ὐποφαίνουσιν·
875 2883 994 2946 καὶ,
1029 2881 1126 2946 οὓς
1167 2881 1530 2953 ὀνομάζουσιν
1571 2880 1694 2936 ἀνθ-

93 2975 310 3047 ηλίους,
328 2975 458 3030 ὅταν
486 2977 966 3049 συμπεριτρέχωσι
986 2979 1052 3048 τῇ
1083 2975 1178 3029 τοῦ
1204 2975 1356 3046 ήλίου
1379 2977 1540 3047 φορᾷ,
1561 2991 1694 3044 συμ-

97 3067 414 3138 πτωμάτων
445 3067 609 3122 τινῶν
644 3068 842 3139 ἀερίων
868 3073 1072 3140 σημεῖα
1095 3069 1322 3138 γίνεται.
1355 3069 1568 3140 Ὥσπερ
1597 3063 1691 3120 οὖν

1797 1793 1928 1849 solis
1956 1807 2215 1848 ascensus
2235 1833 2250 1858 ,
2279 1795 2651 1848 obscurantur
2678 1793 2895 1863 quidem
2926 1793 3060 1847 radii
3095 1812 3110 1860 ;
3148 1793 3245 1850 sed
3296 1793 3377 1849 soi

1798 1882 2092 1936 carbonum
2131 1881 2184 1936 in
2213 1897 2420 1937 morem
2454 1883 2685 1936 rutilans
2713 1893 2764 1937 et
2795 1880 2981 1937 colore
3009 1884 3379 1938 subcruentus

1797 1972 2164 2040 conspicitur,
2215 1972 2356 2026 hanc
2403 1973 2577 2027 oculis
2631 1973 2865 2044 Speciem
2912 1974 3206 2043 objiciente
3234 1975 3378 2030 aeris

1796 2065 2181 2120 crassitudine.
2214 2065 2440 2120 Constat
2467 2076 2645 2121 autem
2690 2080 2871 2121 aerem
2902 2065 3049 2120 illum
3075 2066 3378 2121 condensa-

1799 2167 1911 2210 tum
1942 2173 2008 2212 ac
2029 2167 2394 2227 compactum,
2423 2173 2544 2212 cum
2565 2174 2594 2211 a
2626 2159 2781 2213 radio
2805 2174 2908 2214 non
2939 2158 3278 2224 diti‘unditur,
3307 2157 3379 2214 ob

1797 2263 2058 2318 vaporum
2088 2265 2120 2306 e
2154 2261 2301 2306 terra
2340 2253 2752 2324 exsurgentium
2785 2251 3076 2307 ﬂuxionem
3104 2251 3377 2307 contineri

1795 2356 1904 2396 non
1927 2355 2119 2408 posse:
2141 2343 2234 2396 sed
2267 2343 2320 2396 in
2347 2344 2432 2398 bis
2466 2345 2780 2414 regionibus
2800 2343 2946 2399 circa
2979 2359 3114 2411 quas
3140 2343 3374 2414 cogitur,

1797 2439 2185 2501 tempestatem
2223 2435 2292 2490 ob
2326 2435 2572 2489 humoris
2613 2436 2824 2504 copiam
2854 2435 3239 2489 excitaturum.
3281 2433 3376 2489 8i-

1795 2521 1996 2575 tniliter
2016 2523 2181 2576 etiam
2206 2537 2329 2576 cum
2357 2523 2635 2578 undelibet
2660 2533 2938 2593 restagnat
2960 2523 3108 2584 luna,
3137 2532 3192 2577 et
3213 2538 3375 2589 areae,

1794 2628 1932 2684 quas
1954 2623 2171 2680 vocant,
2207 2614 2373 2669 solem
2400 2615 2880 2681 circumscribunt,
2919 2625 3046 2670 tunc
3078 2625 3172 2670 aut
3222 2628 3378 2687 aqua

1796 2720 1971 2760 aerea:
2013 2706 2441 2769 abundantiam,
2481 2716 2575 2760 aut
2625 2708 3032 2762 vehementium
3088 2717 3376 2763 ventorum

1797 2807 2004 2854 motum
2038 2797 2350 2865 signiﬁcant
2381 2814 2396 2852 :
2427 2799 2723 2868 quinetiam
2754 2799 2788 2852 ii
2816 2814 2955 2870 quos
2985 2800 3243 2855 adversos
3292 2815 3378 2854 so-

1795 2890 1874 2946 les
1894 2889 2190 2960 appellant,
2217 2888 2431 2958 quando
2456 2903 2562 2942 una
2587 2904 2708 2942 cum
2733 2889 2864 2944 solis
2889 2892 3243 2944 conversione
3264 2893 3371 2946 cir-

1795 2989 2172 3043 cumcursant,
2217 2978 2488 3034 aeriorum
2543 2979 2900 3048 quorumdam
2958 2994 3182 3034 casuum
3239 2981 3375 3034 ﬁunt

1798 3071 2080 3142 praesagia.
2120 3068 2197 3124 Ita
2227 3077 2282 3124 et
2306 3067 2472 3138 virgas
2504 3068 2610 3123 illae
2636 3084 2756 3138 qua:
2785 3069 2940 3124 iridis
2971 3071 3255 3125 imitantur
3278 3085 3374 3128 co-

97 3159 197 3211 καὶ
216 3159 277 3211 αἱ
306 3157 510 3228 ῥάϐδοι,
536 3161 593 3213 αί
617 3161 759 3213 κατά
787 3160 886 3231 τὴν
918 3161 1083 3232 χρόαν
1105 3160 1204 3230 τῆς
1239 3159 1406 3231 ἴριδος
1431 3160 1512 3222 είς
1533 3158 1691 3230 ὀρθὸν

1800 3162 1990 3227 lorem,
2028 3177 2092 3216 ac
2134 3169 2294 3216 recta:
2328 3161 2380 3215 in
2427 3161 2660 3216 nubibus
2703 3169 3004 3230 apparent,
3037 3163 3248 3232 pluvias
3278 3174 3375 3220 aut

97 3251 215 3311 τοῖς
245 3249 466 3318 νέφεσιν
505 3250 923 3320 ὲμφαινόμεναι,
964 3248 1261 3320 ὄμϐρουςῆ
1301 3247 1577 3319 χειμῶνας
1605 3249 1694 3314 ὲξ-

101 3341 337 3404 αισίους,
361 3342 394 3412 ἢ
416 3341 553 3405 ὅλως
579 3342 678 3413 τὴν
703 3342 795 3395 ὲπὶ
828 3342 1076 3395 πλεῖστον
1097 3341 1399 3412 μεταϐολὴν
1423 3340 1515 3393 τοῦ
1534 3341 1694 3412 ἀέρος

101 3432 494 3486 ἐνδείκνυνται.
555 3433 734 3486 Πολλά
788 3433 846 3486 δὲ
880 3435 976 3487 καὶ
1017 3433 1147 3504 περ)⁵
1191 3433 1424 3503 σελήνην
1455 3433 1692 3503 αὐξομέ-

96 3542 203 3595 νην
239 3525 349 3596 (Η)
376 3524 409 3595 ἢ
450 3525 721 3594 λήγουσαν
757 3527 806 3580 οἱ
839 3525 1052 3590 τούτοις
1081 3524 1438 3596 ἐσχολακότες
1463 3525 1694 3594 τετηρή-

108 3635 236 3672 κασι
273 3617 572 3690 σημειώδη.
625 3619 701 3684 ὼς
727 3619 822 3673 τοῦ
872 3621 1002 3692 περὶ
1056 3619 1156 3690 γῆν
1192 3619 1354 3690 ἀέρος
1381 3619 1694 3687 ἀναγκαίως

107 3713 219 3774 τοῖς
251 3712 522 3782 σχήμασιν
548 3713 718 3783 αὐτῆς
740 3711 1343 3783 συμμεταϐαλλομένου.
1379 3710 1564 3781 Λεπτή
1596 3709 1693 3780 μὲν

110 3797 219 3872 γὰρ
251 3796 388 3853 οὐσα
420 3801 547 3871 περὶ
571 3802 762 3872 τρίτην
783 3801 1000 3873 ἡμέραν
1022 3802 1117 3853 καὶ
1145 3799 1385 3870 καθαρὰ,
1426 3800 1692 3870 σταθερὰν

105 3893 295 3946 εὐδίαν
325 3893 847 3961 κατεπαγγέλλεται·
884 3896 1083 3962 παχεῖα
1111 3893 1168 3945 δὲ
1194 3896 1312 3955 ταῖς
1326 3892 1574 3963 κεραίαις
1599 3893 1696 3945 καὶ

109 3981 418 4054 ὑπέρυθρος
436 3983 754 4054 φαινομένη,
775 3984 808 4054 ἦ
839 3983 948 4052 (ιε)
971 3982 1116 4054 ὕδωρ
1140 3981 1338 4053 λάϐρον
1364 3982 1471 4035 ἀπὸ
1493 3981 1692 4050 νεφῶν,

109 4073 148 4146 ἢ
193 4073 346 4127 νότου
397 4072 577 4142 βιαίαν
605 4073 819 4144 κίνησιν
874 4072 1104 4126 ἀπειλεῖ.
1138 4071 1250 4143 Τὴν
1287 4071 1343 4124 δὲ
1373 4071 1437 4124 ὲκ
1489 4072 1693 4126 τούτων

110 4165 414 4237 σημείωσιν
455 4165 578 4218 ὅσον
614 4164 692 4235 τῷ
724 4164 822 4235 βίῳ
855 4163 1151 4235 παρέχεται
1183 4164 1245 4216 τὸ
1273 4163 1568 4235 ὠφέλιμον,
1608 4162 1693 4228 τίς

109 4258 330 4326 ἀγνοεῖ;
357 4254 574 4319 Ἔξεστι
620 4255 719 4324 μὲν
745 4253 852 4324 γὰρ
885 4252 964 4323 τῷ
1016 4252 1260 4323 πλωτῆρι
1291 4251 1420 4304 εἵσω
1455 4251 1690 4322 λιμένων

1794 3255 2041 3323 ingentes
2099 3254 2384 3322 procellas,
2436 3262 2530 3308 aut
2593 3254 2828 3322 denique
2893 3254 3186 3308 maximam
3229 3256 3375 3313 aeris

1795 3344 2229 3398 immutationem
2277 3346 2634 3415 portendunt;
2683 3345 2848 3399 Multa
2901 3362 3119 3416 quoque
3169 3346 3374 3403 indicia

1793 3434 1939 3488 circa
1967 3443 2306 3488 crescentem
2338 3433 2422 3488 vel
2451 3435 2765 3488 decrescent
2785 3449 2869 3486 em
2901 3434 3082 3487 lunam
3113 3434 3372 3488 observa-

1798 3533 2016 3591 verunt,
2049 3525 2141 3594 qui
2185 3525 2348 3580 rebus
2397 3525 2516 3579 istis
2551 3539 2773 3595 operam
2823 3526 3166 3594 impendere:
3214 3527 3375 3596 quasi

1797 3631 1892 3670 aer
1915 3625 2075 3670 terrae
2096 3614 2482 3681 circumfusus,
2513 3615 2678 3669 simul
2709 3629 2829 3669 cum
2869 3617 3036 3686 ipsius
3060 3616 3246 3686 ﬁguris
3274 3632 3372 3672 ne-

1794 3705 2032 3758 cessario
2066 3714 2424 3774 permutetur.
2467 3705 2600 3759 Cum
2624 3704 2770 3759 enim
2803 3706 2949 3759 circa
2979 3707 3198 3762 tertium
3226 3706 3368 3762 diem

1797 3795 1978 3848 tenuis
2006 3803 2090 3849 est
2120 3803 2176 3848 et
2209 3810 2364 3864 pura,
2406 3795 2618 3849 ﬁrmam
2669 3806 3121 3864 constantemque
3163 3800 3373 3854 sereni-

1798 3893 1963 3938 tatem
2002 3886 2334 3954 prtenuntiat
2363 3904 2378 3940 :
2421 3888 2504 3941 sin
2549 3898 2732 3941 autem
2769 3890 3028 3942 cornibus
3063 3903 3248 3945 crassa
3276 3934 3289 3954 ,
3315 3900 3373 3945 et

1794 3975 2204 4031 subrubicunda
2247 3977 2511 4044 cernitur,
2541 3987 2637 4031 aut
2665 3979 2938 4048 cepiosam
2969 3993 3166 4045 aquam
3193 3993 3225 4034 e
3265 3993 3371 4034 nu-

1793 4068 1954 4123 bibus
1981 4067 2408 4138 lapsuram,‘aut
2438 4069 2726 4124 violentam
2756 4071 2926 4124 austri
2964 4071 3256 4125 motionem
3287 4070 3372 4124 iu-

1792 4167 1973 4214 turam
2004 4161 2262 4214 minatur.
2290 4159 2410 4216 Jam
2441 4174 2570 4215 vero
2602 4169 2864 4230 quantum
2894 4159 3125 4214 aﬂ'erant
3155 4160 3362 4214 utilita-

1793 4253 1866 4307 tis
1902 4251 2086 4320 generi
2129 4254 2367 4306 bumano
2403 4253 2665 4306 harumce
2701 4267 2882 4306 rerum
2933 4253 3366 4317 observationes,

111 4348 364 4418 κατέχειν
401 4347 462 4398 τὸ
490 4345 716 4414 σκάφος,
749 4347 875 4408 τοὺς
911 4347 975 4397 ὲκ
1004 4343 1112 4396 τῶν
1139 4343 1464 4413 πνευμάτων
1507 4341 1688 4396 κινδύ-

1800 4345 1915 4414 quis
1946 4345 2197 4414 ignorat?
2226 4342 2361 4398 Nam
2400 4354 2577 4398 nauta:
2610 4358 2801 4398 navem
2839 4345 2979 4397 intra
3010 4354 3200 4412 portus
3236 4357 3344 4398 con

114 4457 236 4502 νους
263 4437 653 4509 προορωμένῳ·
696 4435 873 4502 ἔξεστι
903 4435 961 4488 δὲ
987 4433 1067 4505 τῷ
1105 4433 1373 4505 ὁδοιπόρῳ
1407 4433 1689 4505 πόρρωθεν

117 4528 379 4583 ἐκκλίνειν
421 4528 519 4591 τάς
546 4527 768 4599 βλάϐας,
795 4528 860 4580 ὲκ
881 4526 978 4596 τῆς
1008 4525 1366 4597 στυγνότητος
1405 4525 1500 4578 τοῦ
1530 4525 1690 4596 ἀέρος

113 4623 212 4692 τὴν
245 4619 542 4690 μεταϐολὴν
593 4619 935 4690 ἀναμένοντι.
985 4617 1226 4689 Γεωργοὶ
1250 4617 1328 4681 δὲ,
1363 4617 1413 4669 οἱ
1448 4617 1575 4688 περὶ
1621 4616 1690 4669 τὰ

117 4713 406 4786 σπέρματα
437 4713 529 4766 καὶ
559 4711 658 4775 τὰς
682 4711 788 4765 τῶν
806 4709 987 4780 φυτῶν
1017 4709 1313 4783 θεραπείας
1346 4709 1686 4781 πονούμενοι,

118 4809 293 4871 πάσας
343 4805 590 4860 ἐντεῦθεν
625 4806 938 4877 εὑρίσκουσι
971 4802 1072 4868 τὰς
1118 4801 1405 4875 εὐκαιρίας
1434 4801 1543 4855 τῶν
1597 4801 1687 4872 έρ-

117 4914 247 4968 γων.
279 4894 419 4966 Ἤδη
442 4894 499 4949 δὲ
529 4893 625 4948 καὶ
655 4895 754 4966 τῆς
779 4893 872 4947 τοῦ
904 4893 1104 4956 παντὸς
1147 4891 1442 4954 διαλύσεως
1467 4892 1526 4944 ὲν
1552 4888 1687 4962 ἡλίῳ

117 4990 212 5043 καὶ
246 4987 441 5062 σελήνῃ
472 4989 566 5042 καὶ
587 4986 807 5060 ἄστροις
833 4987 1034 5057 σημεῖα
1061 4982 1394 5055 φανήσεσθαι
1427 4982 1456 5035 ὀ
1483 4982 1688 5055 Κύριος

189 5145 233 5178 ’δ
267 5144 455 5201 Matth.
481 5161 596 5210 xvi,
629 5143 684 5198 ὅ.
734 5137 748 5139 ’λ
781 5135 790 5140 ’

191 5262 266 5335 (5)
306 5261 501 5335 Regius
531 5261 738 5331 primus
759 5267 814 5314 et
835 5257 987 5314 Colb.
1013 5257 1280 5313 secundus
1310 5253 1402 5308 καὶ
1433 5251 1530 5325 τήν
1562 5252 1680 5306 κτί-

119 5332 210 5388 σιν
223 5332 650 5404 Διιιεριλάμαιιιουσα
659 5372 672 5385 .

192 5401 263 5474 (6)
293 5395 559 5458 Ειιὶιῖὲὰν
591 5401 701 5473 γὰρ
726 5399 822 5470 μή.
857 5398 1014 5453 Deest
1035 5398 1144 5470 γάρ
1171 5397 1223 5452 in
1250 5395 1452 5452 nostris
1481 5403 1688 5465 septem

121 5490 250 5530 mss.

197 5541 268 5614 (7,)
305 5541 529 5614 (lodices
552 5541 656 5595 duo
679 5537 998 5614 ἐπ’-αὐτῶν.
1027 5539 1404 5614 Alii__quatuor
1435 5549 1565 5588 mss.

125 5605 313 5669 αὐτῶν.
351 5611 487 5666 Bditi
534 5626 664 5666 vero
704 5610 799 5662 ὑπ’
834 5609 1034 5664 αὐτῶν.
1079 5607 1372 5676 Aliquanto
1400 5615 1522 5676 post
1561 5605 1690 5660 editi

123 5682 288 5737 πολλὰ
316 5682 373 5736 δὲ
403 5681 518 5736 καί.
557 5681 713 5735 Deest
737 5679 831 5732 καί
857 5683 906 5732 in
938 5680 1172 5747 quinque
1204 5691 1332 5731 mss.

124 5716 373 5830 “aui:
1378 5743 1541 5803 Coisl.
1579 5716 1700 5816 pri:

1797 4438 1968 4490 tinere
1998 4436 2143 4499 licet,
2181 4434 2421 4505 pericula
2461 4449 2493 4490 e
2535 4435 2712 4488 ventis
2756 4434 3124 4502 impendentia
3168 4435 3366 4505 praevi-

1795 4526 1964 4581 denti.
1990 4525 2096 4580 Fas
2122 4535 2206 4580 est
2233 4526 2428 4580 viatori
2459 4527 2674 4582 eminus
2698 4526 3042 4581 incommoda
3067 4525 3368 4596 declinare,

1797 4634 1859 4673 ex
1886 4618 2008 4673 ειειὶ
2035 4617 2253 4672 tristitia
2282 4618 2426 4673 aeris
2454 4619 2810 4673 mutationem
2827 4619 3186 4687 exspectanti.
3210 4619 3371 4690 Agri-

1796 4707 1928 4770 colae
1955 4721 2192 4778 quoque,
2215 4707 2304 4776 qui
2331 4707 2479 4762 circa
2506 4708 2714 4762 semina
2747 4723 2812 4762 ac
2834 4708 3140 4778 plantarum
3162 4708 3366 4764 cultum

1794 4807 2152 4866 occupantur,
2205 4795 2334 4852 inde
2377 4796 2686 4866 coniectant
2724 4812 2940 4854 omnem
2995 4798 3368 4855 faciendorum

1794 4905 2017 4957 operum
2061 4889 2542 4960 opportunitatem.
2588 4889 2698 4962 54
2729 4889 2847 4944 Jam
2884 4905 3016 4945 vero
3045 4899 3102 4946 et
3131 4892 3365 4947 dissolu-

1796 4981 1958 5035 tionis
1985 4981 2220 5037 universi
2251 4980 2406 5052 signa
2447 4981 2502 5036 in
2531 4982 2646 5038 sole
2674 4983 2912 5053 lunaque
2943 4991 2999 5038 et
3027 4985 3194 5040 astris
3218 4999 3360 5054 pra:-

1785 5267 1907 5307 mus
1934 5253 2250 5324 παρέδωκεν
2275 5254 2452 5326 ἡμῖνλ

1789 5393 1827 5407 ﬂ
1858 5323 1934 5407 (9)
1964 5321 2191 5407 Codices
2248 5325 2354 5407 duo
2401 5325 2625 5407 ἄλλωες.
2654 5323 2822 5407 Begii
2867 5323 3052 5379 itidem
3097 5322 3204 5378 duo
3237 5333 3363 5380 cum

1785 5393 1954 5449 Coisl.
1983 5393 2223 5448 secundo
2250 5393 2444 5458 ἀλωες.
2474 5396 2614 5450 Editi
2652 5393 2817 5458 ἅλως.

1857 5463 1972 5534 (ιο)
2012 5463 2188 5517 Editio
2223 5464 2384 5518 Basil.
2410 5481 2532 5520 cum
2566 5465 2802 5534 quinque
2836 5479 2968 5519 mss.
2995 5462 3198 5534 βιαίαν.
3233 5461 3364 5520 Edi-

1785 5533 1873 5605 tio,
1899 5533 2071 5605 Patris.
2104 5548 2225 5605 cum
2251 5535 2461 5605 duobus
2489 5536 2610 5590 aliis
2639 5533 2764 5605 mss.
2804 5533 3014 5605 βιαίων.

1855 5603 1967 5676 (ll)
1995 5602 2352 5676 Qodicesrdu‘o
2386 5604 2613 5676 σελήνην
2649 5602 3041 5676 αὐξανομένην.

1857 5671 1969 5744 (12)
2003 5671 2080 5744 Ita
2110 5673 2278 5744 editio
2307 5673 2470 5744 Basil.
2500 5671 2623 5730 cuin
2660 5671 3006 5730 ntultis'rnss.
3043 5671 3217 5744 Elditio
3259 5672 3364 5731 Pa-

1784 5740 1880 5803 ris.
1906 5740 2078 5802 ἣκαί.
2109 5740 2310 5802 ibidem
2337 5743 2489 5802 Colb.
2529 5747 2794 5805 secundus
2819 5744 2926 5798 ὐπὸ
2955 5742 3154 5813 νεφῶν.
3358 5812 3380 5857 Δ
