3850 6218
137 339 254 393 1-29

1249 341 1536 398 HOMILIA
1579 342 1646 398 Vi
1689 342 1756 398 lN
1798 341 2299 398 HEXAEMERON.

3321 344 3420 398 150

128 457 188 508 εί
219 453 320 526 τὴν
353 453 636 524 ἀκρὶὗειαν
691 453 892 525 ταύτην
923 454 1013 524 τῆς
1060 453 1150 507 τοῦ
1186 455 1378 526 χρόνου
1419 456 1715 544 διαιρέσεωε

1840 473 1968 512 vare
1992 458 2222 527 possint.
2253 455 2388 510 Nam
2417 453 2744 526 sinmlatque
2798 461 2955 511 natus
2985 463 3067 510 εει
3092 469 3247 523 puer,
3275 459 3416 525 quod

129 545 432 599 ἀποσῶσαι
469 547 809 617 δυνήσονται.
857 545 1023 616 Ὁμοῦ
1064 564 1122 599 τε
1165 547 1272 618 γὰρ
1303 547 1496 619 ἐτέχθη
1523 549 1584 600 τὸ
1615 566 1740 601 παι-

126 639 275 699 δίον,
319 638 414 690 καὶ
447 639 480 708 ἡ
521 641 654 708 μαῖα
690 641 1030 691 κατασκοπεῐ
1071 639 1132 690 τὸ
1184 638 1441 708 γεννηθὲν
1487 639 1653 711 ἄρρεν
1705 639 1737 708 ἢ

1845 549 2091 619 genitum
2115 558 2218 612 est,
2240 549 2363 603 idne
2389 562 2506 601 mas
2530 546 2603 600 sit
2629 561 2697 600 an
2725 546 2927 602 l‘emina
2956 547 3222 604 obstetrix
3242 546 3422 618 explo—

1843 649 1926 693 rat
1971 658 1986 694 :
2036 639 2268 695 subinde
2309 645 2592 708 exspectat
2631 638 2908 709 vagitum,
2945 639 3088 709 quod
3139 639 3264 692 vita:
3301 637 3420 708 ejus

126 728 301 800 Θῆλυ’
330 725 448 782 εἶτα
479 729 738 800 ἀναμένει
765 730 856 783 τὸν
879 729 1177 800 κλαυθμὸν,
1208 731 1346 802 ὅπερ
1379 733 1605 802 σημεῖόν
1623 733 1715 785 ὲστ

1839 735 1930 800 qui
1958 743 2120 788 natus
2146 732 2266 796 fuit,
2301 732 2513 801 signum
2547 741 2650 787 est.
2679 731 2818 798 Quot
2848 733 2930 786 vis
2955 746 3050 800 per
3077 729 3181 786 hoc
3205 739 3417 798 tempus

127 822 239 892 τῆς
297 821 443 892 ζωῆς
475 823 568 875 τοῦ
601 824 900 893 τεχθέντος.
937 825 1086 876 Πόσα
1130 823 1306 893 βούλει
1357 827 1414 877 ὲν
1456 825 1629 896 τούτῳ
1659 826 1715 895 1:6;

1839 825 2174 893 prreteriisse
2213 825 2584 894 sexagesimas
2623 824 2845 896 partes?
2881 822 3132 879 Chaldteo
3155 821 3413 887 declarat,

127 915 320 986 χρόνῳ
346 916 724 987 παραδραμεῖν
755 916 1053 987 ἑξηκοστὰ;
1081 911 1214 970 Εἷπε
1250 917 1359 989 (20)
1382 917 1458 990 τῷ
1485 918 1734 988 Χαλδαίῳ

123 1005 198 1058 τὸ
233 1006 515 1076 γεννηθέν.
549 1006 647 1060 Διά
677 1008 880 1070 πόσων,
902 1006 1100 1076 βούλει,
1130 1007 1312 1079 θῶμεν
1329 1007 1439 1061 τῶν
1469 1008 1733 1062 λεπτοτά-

125 1114 248 1150 των
293 1097 395 1168 τῆς
437 1098 603 1168 μαίας
631 1099 732 1170 τὴν
766 1099 952 1171 φωνὴν
994 1100 1307 1172 παρελθεῖψ
1343 1100 1518 1164 ἄλλως
1550 1119 1610 1153 τε
1640 1101 1733 1154 καὶ

127 1190 370 1262 εἰτύχοι
415 1191 524 1262 (21)
567 1190 672 1255 ἔξω
723 1191 821 1262 τῆς
871 1191 1314 1260 γυναικωνίτιδος
1359 1190 1530 1254 ἑστὼς
1564 1193 1592 1244 6
1635 1190 1732 1262 τὴν

127 1282 295 1352 ὥραν
323 1283 746 1354 ἀποτιθέμενος;
778 1285 868 1336 Δεῖ
903 1283 1012 1354 γὰρ
1044 1283 1134 1335 τὸν
1168 1282 1236 1336 τὰ
1264 1283 1606 1354 ὡροσκοπεῖα
1629 1299 1730 1335 κα·-

122 1376 410 1447 ταμαθεῖν
447 1375 706 1446 μέλλοντα
732 1376 867 1446 πρὸς
902 1376 1182 1446 ἀκρίϐειαν
1211 1375 1307 1446 τὴν
1329 1374 1475 1446 ὥραν
1495 1374 1733 1445 ἀπογρά-

125 1467 362 1535 φεσθαι,
401 1467 509 1519 εἴτε
544 1465 782 1537 ἡμερινά
813 1465 1006 1530 ταῦτα,
1045 1467 1154 1519 εἴτε
1194 1464 1486 1538 νυκτερινὰ
1530 1466 1732 1534 τυγχά-

127 1576 241 1612 νοι.
275 1559 463 1611 Πόσων
497 1557 805 1628 ὲξηκοστῶν
836 1557 1038 1628 σμῆνος
1072 1558 1128 1610 ὲν
1153 1557 1327 1628 τούτῳ
1369 1557 1528 1611 πάλιν
1558 1574 1731 1627 παρα-

123 1651 326 1724 τρέχει
353 1649 428 1720 τῷ
449 1650 662 1721 χρόνῳ;
693 1649 932 1719 ’Λνάγκη
961 1649 1070 1722 γὰρ
1088 1649 1375 1719 εὑρεθῆναι
1393 1649 1484 1702 τὸν
1498 1649 1731 1720 ὡροσκο-

125 1740 350 1794 ποῦντα
371 1739 574 1810 ἀστέρα
601 1739 659 1791 ού
687 1739 846 1809 μόνον
878 1740 1018 1792 κατά
1054 1741 1254 1792 πόστου
1281 1739 1392 1810 (22)
1424 1739 1729 1810 δωδεκατη-

127 1834 335 1908 μορίου
361 1835 530 1899 ὲστὶν,
561 1833 700 1888 ἀλλὰ
728 1833 822 1887 καὶ
853 1833 995 1886 κατὰ
1021 1833 1178 1897 ποίας
1219 1833 1412 1906 μοίρας
1445 1831 1538 1885 τοῦ
1571 1831 1730 1886 δωδε-

124 1929 501 2000 κατημορίου,
534 1927 630 1981 καὶ
660 1928 718 1980 ὲν
765 1927 948 1997 πόστῳ
997 1925 1296 1997 ἑξηκοστῷ,
1338 1927 1417 1988 εἰς
1447 1924 1482 1979 ὃ.
1524 1924 1729 1995 ἔφαμεν

123 2019 466 2092 διαιρεῖσθαι
493 2019 588 2090 τὴν
622 2020 813 2090 μοῖραν
834 2018 966 2089 (25)
993 2019 1048 2088 ἢ,
1069 2019 1154 2071 ἵνα
1173 2019 1232 2070 τὸ
1254 2017 1480 2088 ἀκριϐὲς
1509 2016 1726 2088 εὑρεθῇ,

123 2115 195 2164 ὲν
252 2113 436 2183 πόστῳ
467 2111 744 2182 ἑξηκοστῷ
800 2111 908 2164 τῶν
949 2111 1400 2182 ὐποδιῃρημένων
1454 2109 1564 2163 ἀπὸ
1619 2109 1728 2164 τῶν

123 2205 374 2276 πρώτων
415 2205 743 2274 ὲξηκοστῶν.
801 2205 912 2258 Καὶ
959 2204 1161 2275 ταύτην
1212 2204 1310 2276 τὴν
1339 2204 1482 2257 οὕτω
1528 2205 1728 2275 λεπτὴν

125 2295 236 2348 καὶ
299 2295 680 2364 ἀκατάληπτον
730 2293 947 2365 εὕρεσιν
977 2294 1069 2347 τοῦ
1124 2293 1314 2366 χρόνου
1353 2296 1438 2363 ἐφ’
1499 2294 1727 2348 ἑκάστου

125 2385 250 2438 τῶν
297 2385 578 2456 πλανητῶν
621 2386 916 2454 ἀναγκαῖον
949 2379 1086 2438 εῖναι
1138 2385 1406 2438 ποιεῖσθαι
1459 2386 1725 2453 λέγουσιν,

125 2479 284 2532 ὥστε
345 2478 633 2550 εὑρεθῆναι
687 2477 935 2548 ποταπὴν
993 2473 1136 2548 εἶχον
1189 2478 1371 2548 σχέσιν
1422 2479 1557 2550 πρὸς
1604 2480 1729 2542 τοὺς

127 2570 422 2633 ἀπλανεῖς,
455 2571 548 2623 καὶ¹
577 2568 822 2622 ποταπὸν
855 2563 924 2638 ἦν
945 2567 1004 2622 τὺ
1039 2570 1224 2640 σχῆμα
1275 2569 1452 2623 αὐτῶν
1475 2569 1611 2641 πρὸς
1636 2571 1728 2624 ἀλ-

127 2663 336 2734 λήλους
369 2664 426 2715 ὲν
467 2664 532 2732 τῇ
562 2661 682 2714 τότε
721 2659 932 2729 γενέσει
976 2660 1068 2714 τοῦ
1104 2661 1441 2732 τικτομένου.
1487 2663 1644 2715 Ὥστε
1679 2663 1728 2716 εἰ

123 2753 239 2824 τῆς
263 2752 411 2822 ὧρας
443 2753 716 2822 ἐπιτυχεῖν
741 2751 986 2822 ἀκριϐῶς
1011 2752 1288 2816 ἀδύνατον,
1324 2754 1356 2823 ἡ
1383 2753 1440 2806 δὲ
1469 2753 1560 2807 τοῦ
1598 2753 1728 2825 βρα-

127 2846 372 2916 χυτάτου
431 2843 755 2914 παραλλαγὴ
794 2843 885 2896 τοῦ
943 2844 1141 2907 παντὸς
1193 2843 1510 2915 διαμαρτεῖν
1564 2851 1724 2912 ποιεῖ,

129 2937 535 3005 καταγέλαστοι
569 2938 662 2990 καὶ
709 2939 759 2989 οἱ
819 2939 948 3007 περ)¹
998 2937 1097 3008 τὴν
1137 2937 1482 3008 ἀνύπαρκτον
1525 2937 1727 3011 ταύτην

129 3030 339 3100 τέχνην
369 3031 742 3100 ἐσχολακότες,
779 3031 873 3084 κα)⁵
911 3032 960 3082 οἱ
1007 3031 1142 3102 πρὸς
1179 3031 1376 3094 αὐτοὺς
1411 3033 1722 3103 κεχηνότες,

128 3125 214 3188 ὡς
235 3124 564 3194 δυναμένους
597 3125 794 3178 εἰδέναι
817 3123 886 3176 τὰ
910 3123 1029 3177 κατ’
1059 3123 1273 3187 αὐτούς.

210 3396 266 3452 6.
308 3389 408 3448 Οἷα
444 3395 500 3448 δὲ
534 3395 629 3450 καὶ
662 3394 731 3448 τὰ
771 3395 1254 3466 ἀποτελεσματικά
1287 3395 1435 3467 (24);
1480 3397 1538 3449 '0
1577 3397 1724 3450 δεῖνα

129 3485 314 3551 οὖλος,
337 3489 492 3560 φησὶ,
526 3488 622 3558 τὴν
655 3489 815 3558 τρίχα
842 3487 977 3559 (25),
1001 3489 1096 3542 καὶ
1129 3489 1366 3559 χαροπός
1419 3487 1592 3558 Κριοῦ
1618 3488 1724 3560 γὰρ

130 3580 264 3655 ἔχει¹
301 3582 398 3651 τὴν
443 3581 622 3652 ὤραν·
669 3581 911 3635 τοιοῦτον
943 3581 1002 3634 δέ
1045 3599 1162 3644 πως
1197 3581 1430 3651 ὀφθῆναι
1460 3581 1520 3634 τὸ
1561 3579 1719 3645 ζῶον.

145 3671 315 3724 ’Λλλά
340 3673 432 3725 καὶ
469 3673 854 3744 μεγαλόφρων·
891 3673 1077 3744 ἐπειδὴ
1109 3674 1435 3744 ἡγεμονικὸν
1467 3675 1496 3726 6
1523 3674 1718 3743 Κριός-ο
1754 3717 1760 3722 .

131 3765 239 3818 καὶ
273 3765 558 3834 προετικδς
588 3766 724 3835 (26),
757 3767 850 3820 καὶ
873 3766 1034 3820 πάλιν
1062 3766 1380 3837 ποριστικός
1401 3782 1414 3796 ·
1445 3767 1632 3837 ἐπειδὴ
1662 3767 1722 3820 τὸ

132 3857 280 3922 ζῶον
312 3856 470 3910 τοῦτο
507 3859 602 3914 καὶ
653 3859 974 3913 ἀποτίθεται
1020 3857 1244 3921 ἀλύπως
1289 3857 1357 3911 τὸ
1409 3857 1577 3929 ἔριον,
1628 3861 1721 3911 καὶ

133 3947 306 4002 πάλιν
353 3947 505 4018 παρὰ
558 3948 658 4019 τῆς
725 3948 940 4016 φύσεως
993 3948 1192 4018 ῥᾳδίως
1259 3947 1716 4015 ὲπαμφιέννυται.

149 4039 314 4094 Ἀλλά
345 4040 438 4092 καὶ
466 4041 494 4091 ὁ
521 4040 821 4110 Ταυριανὸς
841 4039 1124 4110 τληπαΟὴς
1147 4038 1280 4110 (27),
1313 4037 1466 4107 φησὶ,
1495 4039 1588 4091 καὶ
1603 4039 1722 4092 δου-

134 4133 319 4193 λικός·
373 4131 558 4202 ἐπειδὴ
597 4132 702 4185 ὑπὸ
753 4132 914 4200 ζυγὸν
963 4133 992 4185 ὁ
1033 4131 1254 4202 ταῦρος.
1305 4135 1418 4188 Καὶ
1473 4134 1500 4185 6
1545 4133 1718 4202 Σκορ-

133 4227 332 4289 πιανὺς
379 4227 626 4298 πλήκτης
669 4225 755 4280 διὰ
802 4223 899 4295 τὴν
936 4223 1071 4294 πρὸς
1104 4224 1164 4276 τὸ
1201 4222 1389 4294 θηρίον
1435 4222 1716 4293 ὁμοίωσιν.

148 4319 210 4371 '0
237 4317 294 4369 δὲ
319 4316 579 4384 Ζυγιανὸς
603 4315 831 4376 δίκαιος,
853 4313 942 4365 διὰ
967 4313 1068 4382 τὴν
1094 4312 1221 4383 παρ’
1247 4314 1376 4383 ἡμῖν
1404 4311 1511 4364 τῶν
1540 4310 1719 4380 ζυγῶν

135 4410 382 4480 ἰσότητα.
425 4409 642 4466 Τούτων
692 4405 746 4462 τί
785 4405 852 4462 ἂν
891 4405 1101 4472 γένοιτο
1143 4403 1716 4473 καταγελαστότερον;

1838 915 1979 984 quod
2018 923 2204 970 natum
2233 926 2339 970 est.
2369 916 2512 982 Quot
2554 915 2952 970 minutissimas
2975 922 3182 984 partes,
3207 913 3414 968 interea

1835 1006 1964 1060 dum
1993 1008 2256 1062 obstetrix
2285 1011 2623 1078 loqueretur,
2665 1008 2748 1063 vis
2777 1021 3040 1078 ponamus
3065 1005 3170 1076 55
3190 1015 3415 1076 ιιι-αξιοι·-

1799 1097 1987 1166 .iisse,
2046 1102 2345 1168 praesertim
2386 1103 2431 1155 si
2467 1101 2783 1171 contingat,
2820 1107 2878 1153 ut
2905 1107 3063 1154 extra
3101 1113 3412 1168 gynaeceum

1838 1189 2054 1244 steterit
2081 1190 2173 1258 qui
2193 1190 2382 1245 horam
2404 1191 2612 1260 colligit
2641 1204 2703 1245 ac
2729 1187 2987 1258 exponit?
3007 1187 3236 1256 Oportet
3267 1186 3410 1240 enim

1833 1293 1955 1336 eum
1989 1279 2080 1348 qui
2117 1280 2374 1334 horarum
2401 1281 2662 1335 natalium
2700 1279 2985 1335 scientiam
3031 1280 3243 1333 discere
3267 1279 3409 1342 vult,

1832 1378 2044 1439 tempus
2071 1379 2126 1426 et
2151 1372 2340 1426 horam
2369 1380 2624 1426 accurate
2648 1370 2981 1435 describere,
3007 1370 3122 1424 sive
3166 1370 3408 1430 diurnae.

1831 1461 1944 1515 sive
1980 1470 2256 1518 nocturme
2299 1462 2432 1517 sint.
2472 1462 2681 1528 Quanta
2711 1462 2904 1516 iterum
2941 1463 3402 1531 sexagesimarum

1831 1552 2115 1608 multitudo
2152 1569 2249 1622 per
2276 1555 2380 1608 hoc
2412 1563 2626 1623 tempus
2660 1553 3016 1625 prteterﬂuit?
3056 1553 3291 1610 Necesse
3322 1563 3406 1608 est

1829 1647 1971 1702 enim
2002 1649 2230 1704 inveniri
2274 1649 2424 1705 sidus
2485 1649 2809 1718 natalitium,
2856 1665 2964 1706 non
2994 1648 3150 1720 juxta
3187 1658 3408 1720 quotam

1829 1741 1988 1796 modo
2015 1741 2384 1797 duodecimam
2417 1751 2628 1811 partem
2653 1743 2743 1806 sit,
2771 1743 2864 1800 sed
2885 1742 3039 1812 juxta
3085 1757 3220 1811 quas
3243 1741 3408 1794 etiam

1760 1811 1802 1864 Β
1833 1833 2162 1890 duodecimae
2195 1835 2363 1903 partis
2391 1842 2574 1906 partes
2596 1843 2873 1902 occurrat,
2889 1811 2959 1889 et
2982 1835 3036 1890 in
3061 1843 3223 1906 quota
3251 1847 3410 1888 sexa-

1832 1924 2058 1995 gesima,
2090 1925 2145 1978 in
2178 1939 2314 1994 quas
2355 1935 2538 1994 partes
2585 1934 2796 1996 partem
2839 1941 3278 1997 unamquamque
3322 1929 3408 1981 di-

1833 2010 1939 2064 vidi
1972 2009 2207 2064 diximus
2243 2028 2255 2064 :
2294 2020 2407 2076 aut,
2440 2020 2499 2066 ut
2535 2021 2686 2066 certa
2727 2011 2804 2066 rei
2832 2011 3033 2067 veritas
3059 2011 3404 2076 inveniatur,

1830 2103 1884 2157 in
1909 2111 2072 2172 quota
2095 2103 2434 2171 sexagesima
2477 2116 2544 2156 ex
2585 2103 2652 2157 iis
2688 2117 2810 2173 qua:
2847 2119 2878 2158 a
2908 2105 3102 2174 primis
3131 2107 3409 2176 sexagesi-

1829 2195 1935 2250 mis
1981 2195 2274 2250 subdivisze
2306 2205 2452 2248 sunt.
2487 2193 2554 2248 Et
2599 2195 2741 2249 hanc
2791 2195 2929 2250 adeo
2967 2203 3184 2250 tenuem
3229 2205 3286 2250 et
3328 2197 3409 2250 in-

1830 2286 2380 2356 comprehensibilem
2410 2287 2672 2355 temporis
2703 2286 3178 2356 investigationem
3207 2289 3260 2343 in
3283 2291 3407 2360 qui-

1829 2379 2039 2448 busque
2080 2379 2312 2450 planetis
2357 2380 2476 2434 ﬁeri
2502 2396 2724 2436 necesse
2769 2395 2892 2438 esse
2929 2382 3113 2446 aiunt,
3159 2392 3218 2436 ut
3254 2399 3406 2438 com-

1829 2479 2042 2541 pertum
2096 2470 2168 2525 sit
2217 2481 2272 2524 ct
2320 2472 2686 2541 exploratum,
2734 2473 2950 2545 qualem
2999 2474 3234 2528 habeant
3285 2490 3405 2528 cum

1829 2561 2192 2617 inerrantibus
2227 2561 2398 2616 stellis
2441 2564 2710 2628 habitum,
2745 2573 2804 2619 et
2831 2565 3010 2634 qualis
3047 2579 3233 2620 eorum
3266 2565 3408 2619 inter

1827 2668 1886 2708 se
1909 2663 2057 2708 esset
2085 2653 2252 2725 ﬁgura
2279 2655 2332 2708 in
2358 2654 2477 2723 ejus
2502 2657 2593 2726 qui
2623 2665 2748 2711 tunc
2769 2667 2928 2714 natus
2948 2666 3034 2712 est
3055 2666 3200 2713 ortu.
3227 2659 3408 2725 Quare

1828 2747 1874 2801 si
1905 2747 2022 2802 ﬁeri
2054 2763 2158 2802 non
2197 2749 2391 2818 possit,
2422 2757 2481 2802 ut
2507 2749 2698 2803 horam
2740 2760 2994 2804 accurate
3023 2761 3402 2821 assequamur,

1829 2847 1884 2892 et
1917 2846 2098 2893 tamen
2127 2839 2436 2896 brevissimi
2475 2841 2735 2910 temporis
2780 2841 3089 2897 immutatio
3138 2843 3192 2898 in
3237 2857 3403 2898 causa

1827 2930 1900 2985 sit
1935 2944 2035 2984 cur
2075 2947 2105 2984 a
2155 2939 2268 2986 toto
2301 2931 2606 2997 aberretur,
2653 2934 2932 2988 deridendi
2981 2945 3106 2988 sunt
3153 2943 3208 2991 et
3237 2937 3273 2990 ii
3313 2939 3403 3006 qui

1829 3021 1881 3075 in
1921 3022 2026 3076 hac
2059 3031 2178 3077 arte
2217 3023 2537 3093 imaginaria
2565 3025 2861 3080 excolenda
2889 3027 3130 3082 studium
3169 3040 3402 3098 ponunt,

1827 3121 1883 3167 et
1921 3113 1958 3167 ii
1997 3112 2087 3183 qui
2125 3113 2178 3168 in
2219 3113 2366 3184 ipsos
2400 3125 2588 3185 aperto
2619 3132 2714 3171 ore
2758 3117 2952 3172 intenti
2986 3128 3135 3183 sunt,
3179 3121 3405 3192 perinde

1825 3204 1980 3274 quasi
2010 3219 2074 3261 ea
2116 3220 2238 3276 quae
2280 3205 2410 3277 ipsis
2442 3217 2568 3262 sunt
2596 3219 2860 3264 eventura
2885 3251 2902 3276 ,
2932 3225 3257 3280 cognoscere
3285 3226 3407 3281 pos~

1828 3296 1960 3352 sint.

1897 3389 1950 3442 6.
1993 3387 2188 3454 Quales
2251 3397 2428 3444 autem
2485 3391 2856 3458 producuntur
2918 3390 3181 3448 eﬂ‘ectus?
3239 3393 3406 3463 Hujus

1827 3480 2032 3551 capilli,
2067 3483 2339 3552 inquiunt,
2371 3483 2535 3536 futuri
2563 3493 2689 3538 sunt
2719 3485 2908 3554 crispi,
2939 3487 3148 3542 oculive
3180 3487 3358 3542 decori
3388 3505 3402 3540 :

1826 3573 2029 3628 Arietis
2060 3573 2266 3629 scilicet
2303 3575 2470 3630 habet
2497 3576 2688 3630 horam
2725 3589 2739 3628 :
2775 3591 3006 3645 namque
3039 3579 3238 3633 animal
3277 3559 3428 3634 illud-

1825 3668 2230 3736 quodammodo
2253 3679 2339 3724 est
2363 3669 2470 3722 tale
2499 3679 2744 3737 aspectu.
2766 3668 2904 3736 Quin
2923 3670 3088 3726 etiam
3116 3672 3220 3728 erit
3244 3689 3404 3743 gran-

1826 3758 1876 3811 di
1911 3759 2095 3812 animo
2130 3768 2184 3813 et
2215 3759 2392 3824 elato;
2430 3761 2628 3830 quippe
2658 3775 2826 3830 penes
2858 3763 3096 3816 Arictem
3137 3773 3219 3817 est
3251 3765 3401 3833 prin-

1824 3853 2034 3920 cipatus
2087 3867 2103 3906 :
2155 3855 2261 3908 erit
2319 3864 2372 3908 et
2423 3855 2634 3924 largus,
2677 3865 2730 3910 et
2783 3872 2973 3910 rursus
3027 3868 3398 3928 quaestuosus;

1823 3944 2263 4013 quandoquidem
2311 3946 2413 4000 hoc
2453 3946 2653 4002 animal
2696 3955 2751 4001 et
2797 3947 2933 4002 citra
2971 3949 3272 4004 molestiam
3310 3949 3403 4004 de-

1821 4034 1975 4102 ponit
2005 4034 2210 4098 lanam,
2239 4045 2293 4090 et
2329 4051 2516 4092 rursus
2547 4036 2703 4092 facile
2731 4054 2759 4093 a
2789 4047 2982 4092 natura
3015 4040 3260 4096 vestitur.
3294 4039 3402 4095 Sed

1824 4123 1874 4177 in
1904 4123 2084 4179 Tauro
2125 4134 2332 4190 natum,
2373 4126 2692 4182 tolerantem
2741 4141 2864 4183 esse
2906 4128 3153 4184 laborum
3189 4130 3398 4196 dicunt,

1823 4224 1984 4285 atque
2009 4217 2259 4272 servilem
2287 4235 2299 4272 :
2327 4219 2578 4286 quoniam
2596 4219 2728 4289 jugo
2752 4228 2940 4276 taurus
2963 4221 3269 4291 subjicitur.
3297 4223 3399 4290 Qui

1821 4321 1950 4362 vero
1985 4307 2161 4363 editus
2203 4319 2287 4362 est
2341 4310 2444 4363 sub
2479 4309 2798 4380 Scorpione,
2834 4313 2940 4366 erit
2988 4327 3301 4380 percussor,
3332 4319 3402 4372 ob

1821 4416 1939 4455 eam
1974 4415 2134 4470 quam
2175 4417 2296 4454 cum
2333 4402 2435 4455 isto
2487 4401 2708 4456 animali
2765 4403 2930 4458 habet
2969 4404 3397 4461 similitudinem.

145 4501 210 4552 ὐ
243 4499 432 4569 Κριὸς,
471 4498 562 4566 ἀφ’
591 4488 652 4551 οῦ
693 4496 790 4565 τὴν
821 4494 1032 4562 γένεσιν
1061 4493 1155 4545 τοῦ
1186 4491 1473 4562 ἀνθρώπου
1508 4491 1715 4560 λαμϐά-

1830 4491 1922 4559 Qui
1971 4502 2150 4547 autem
2192 4494 2244 4546 in
2277 4492 2440 4547 Libra
2486 4502 2646 4548 natus
2693 4501 2796 4559 est,
2835 4493 3052 4550 futurus
3087 4507 3173 4551 est
3202 4498 3399 4566 justus.

131 4605 272 4650 νεις,
305 4587 538 4658 ούρανοῦ
575 4585 738 4656 μέρος
783 4583 899 4635 ἐστὶ
927 4581 987 4635 τὸ
1025 4582 1351 4647 δωδέκατον,
1381 4584 1437 4634 ἐν
1561 4583 1711 4650 γενό-

137 4698 300 4753 μενος
341 4683 370 4734 6
411 4680 561 4750 ⁴ἳίιλιος
601 4679 709 4732 τῶν
763 4677 994 4747 ἐαρινῶν
1025 4675 1266 4745 σημείων
1313 4674 1542 4730 ἅπτεται
1577 4673 1712 4742 (‘28).

133 4776 248 4830 Καὶ
287 4773 476 4841 Ζυγὸς,
507 4773 600 4825 καὶ
643 4771 852 4842 Ταῦρος
891 4769 1184 4832 ὡσαύτως,
1235 4768 1464 4822 ἕκαστον
1512 4768 1715 4824 τούτων

127 4865 604 4936 δωδεκατημόριόν
656 4866 771 4916 ἐστι
805 4862 898 4916 τοῦ
950 4862 1213 4926 ζωδιακοῦ
1275 4860 1568 4931 λεγομένου
1623 4859 1718 4914 κύ-

211 5025 324 5093 (ευ)
365 5025 456 5078 Sic
502 5022 666 5093 editio
703 5019 880 5093 ‘Basil.
931 5028 986 5074 et
1036 5019 1204 5072 nosui
1245 5027 1446 5086 septem
1477 5033 1603 5072 mss.
1643 5019 1710 5071 At

129 5088 503 5152 cditio'Paris.
534 5089 648 5145 εἶτα
677 5088 818 5145 εἷπε.

207 5166 321 5236 (21)
349 5165 479 5233 Reg.
520 5165 778 5236 sextus_ei
799 5162 956 5236 τύχῃ.

211 5229 323 5304 (29.)
365 5229 457 5287 Ita'
491 5234 671 5304 editio,
707 5229 976 5304 Basii."'et
1011 5235 1411 5304 quinqttermss.
1453 5241 1484 5280 e
1509 5229 1710 5283 nostris

135 5301 334 5378 praeter
357 5304 608 5378 genibel'.
629 5303 819 5378 Editio
833 5301 1003 5378 Paris.
1031 5301 1178 5360 κατά
1206 5303 1395 5358 πόσου.

210 5375 324 5443 (25)
355 5373 547 5426 Nostra
577 5373 750 5443 editio,
785 5373 964 5443 Basili
978 5388 1098 5428 cum
1152 5385 1384 5443 septem_
1412 5367 1708 5443 ms_s._6tat-

137 5439 350 5518 ρεῖσθαι
371 5445 470 5518 τῂν
501 5444 714 5518 μοῖραν.
735 5441 910 5498 Editio
935 5440 1105 5498 Paris.
1127 5439 1450 5514 διαιρεῖσθαι
1473 5439 1709 5507 ἑκάστην

134 5515 462 5587 έεριακοσζεὴγ
481 5515 702 5587 acie”:

211 5586 320 5667 (ei)
353 5579 528 5667 Editio
566 5579 730 5667 Βιιεξίιἲ
767 5589 832 5667 let
865 5579 1014 5662 Bodl.
1047 5598 1166 5667 cum
1215 5581 1396 5667 Regiis
1436 5581 1712 5667 primone}

135 5650 324 5726 quinto
370 5665 424 5707 et
468 5668 592 5706 cum
636 5651 804 5726 (ξρὶεῇ
849 5653 1023 5726 primo
1063 5651 1475 5726 ἀποτελεστικὰ.
1533 5650 1708 5703 Editio

135 5721 306 5783 Paris.
336 5737 456 5778 eum
480 5722 748 5776 nonnullis
780 5736 906 5774 mss.
935 5721 1430 5791 ἀποτελεσματικὰ.

214 5794 321 5868 (‘25)
353 5793 490 5848 Edili
521 5791 676 5860 φασί,
723 5806 853 5846 mss.
897 5793 1048 5862 φησί.
1105 5789 1222 5846 Mox
1269 5793 1432 5847 editio
1465 5789 1624 5844 Basii.
1656 5799 1704 5845 ct

414 5889 690 5975 Ρηιιοι..
725 5888 844 5951 Gn.
880 5889 1118 5953 XXIX.

1822 4595 2044 4655 propter
2090 4585 2349 4639 librarum
2392 4587 2530 4654 apud
2573 4601 2674 4640 nos
2707 4587 3094 4654 aequalitatem.
3139 4588 3276 4655 Quid
3319 4591 3402 4644 his

1823 4677 1997 4747 magis
2031 4676 2318 4732 ridiculum
2360 4692 2483 4731 esse
2511 4678 2724 4747 possit?
2759 4678 2914 4733 Aries
2955 4679 3066 4744 ille,
3101 4695 3130 4733 a
3158 4695 3267 4750 quo
3305 4683 3398 4735 ho-

1824 4767 1987 4821 minis
2037 4767 2267 4822 natalem
2315 4767 2577 4832 desumis,
2608 4766 2728 4820 coeli
2761 4781 2887 4838 pars
2934 4779 3018 4824 est
3061 4771 3394 4835 duodecima

1824 4862 1877 4914 in
1904 4875 2008 4929 qua
2034 4876 2156 4915 cum
2187 4861 2350 4915 fuerit
2373 4861 2475 4926 soi,
2505 4875 2670 4915 verna
2698 4862 2848 4930 signa
2881 4863 3116 4934 attingit.
3151 4864 3216 4919 Et
3237 4863 3396 4920 Libra

1815 5017 2224 5094 nostri__septetn
2268 5017 2588 5094 niss._xpt€i
2627 5018 2754 5090 γάρ.
2805 5019 2982 5074 Editio
3025 5020 3198 5075 Paris.
3241 5021 3394 5094 κριοῦ

1814 5087 1941 5159 γάρ.
1956 5087 2132 5160 _liot_ll.
2151 5089 2334 5160 Xpui'w
2367 5087 2494 5160 ydp.

1885 5155 1998 5227 (‘26)
2037 5155 2496 5230 Variaittre.liii_et
2526 5172 2654 5230 mss_.
2691 5159 2868 5230 Editio
2899 5158 3071 5215 Paris.
3108 5179 3227 5216 cum
3259 5161 3390 5230 Reg.

1813 5239 2005 5302 octavg
2031 5229 2338 5302 προετικός.
2396 5227 2574 5302 Edith
2613 5227 2777 5302 ﬁasii.
2808 5243 2928 5302 eum
2985 5231 3117 5302 Reg.
3151 5233 3309 5286 tertio
3341 5227 3396 5283 et

1813 5314 1935 5374 cum
1967 5295 2119 5374 Bodl.
2147 5297 2579 5374 προαιρετικός.
2609 5299 2777 5352 Coisl.
2822 5301 3041 5374 primus
3066 5295 3395 5374 ἶτροεκτικὸς

1813 5368 1871 5421 δὲ
1903 5368 2016 5443 καί..
2048 5368 2234 5443 __Coisl.
2277 5368 2545 5443 secundus
2575 5369 2964 5443 προηγητικός.
3011 5368 3143 5442 Βεέ.
3178 5377 3396 5443 quintus

1813 5453 1936 5511 cum
1967 5439 2118 5511 Golh.
2173 5440 2409 5492 secundo
2442 5439 2821 5510 προσεκτικός.
2858 5439 3214 5511 Νοιθιιι,’(ιιιε]
3251 5445 3394 5498 hunc

1815 5507 1992 5560 locum
2033 5508 2263 5562 illustrat
2301 5507 2547 5568 Ducaru‘s,
2586 5513 2734 5576 legas
2763 5511 2986 5566 suadeo.

1885 5577 2001 5651 (‘27)
2051 5577 2184 5651 Reg.
2240 5589 2426 5631 sextus
2463 5578 2746 5651 τληπαθὴς
2785 5579 2946 5649 φύσει
2993 5583 3088 5634 καὶ
3128 5581 3393 5649 ὃουλικός,

1813 5647 2056 5700 laborum
2091 5649 2317 5701 tolerans
2343 5658 2418 5701 est
2445 5647 2662 5708 natura.
2691 5647 2738 5701 ἐι
2771 5647 2971 5702 servilis

1830 5789 1840 5800 ο
1886 5717 1997 5786 (28)
2023 5717 2096 5770 Ita
2119 5719 2332 5774 codices
2359 5729 2586 5788 septem.
2629 5719 2766 5774 Editi
2795 5731 2844 5774 ei
2870 5719 3038 5776 Coisl.
3061 5726 3265 5790 primus
3306 5727 3402 5794 ti;-

1816 5805 2045 5844 απτεται
2056 5831 2066 5844 .

3003 5887 3041 5947 5
