3850 6218
137 365 247 420 1⁸55

1245 365 1538 422 HOMILIA
1579 367 1641 424 Vl
1673 364 1740 420 IN
1780 365 2284 424 HEXAEMERON.

3315 381 3416 438 154

125 487 233 557 τὴν
277 483 436 549 ἀξίαν
478 483 758 556 διανέμειν
803 487 1051 558 ἑκάστῳ,
1097 488 1213 542 ἀλλ’
1259 491 1446 562 ἐπειδὴ
1499 493 1556 544 ὲν
1604 489 1699 561 τῷὲ

1844 489 2034 552 buerc,
2071 493 2312 560 adeoque
2347 492 2610 563 proﬁteri,
2645 493 2764 550 ideo
2805 494 3014 552 stellam
3055 514 3174 555 esse
3209 503 3412 558 beneﬁ-

129 578 210 648 τῷ
256 578 406 649 τόπῳ
453 578 703 646 γέγονεν,
743 580 1074 650 ἀγαθοποιὸν
1126 583 1394 654 ὑπάρχειν
1445 585 1582 654 (55),
1633 585 1728 638 καὶ

129 667 320 739 ἐπειδὴ
357 668 462 720 ὑπὸ
502 669 657 722 τοῦδε
709 671 926 741 ὁρᾶται,
979 673 1278 726 κακοποιὸν
1340 674 1586 742 γίνεσθαι
1635 674 1726 727 τὸν

121 761 326 814 αὐτόν·
362 761 456 814 καὶ
484 762 705 816 ἐπειδὰν
750 764 914 818 πάλιν
943 767 1140 836 μικρόν
1179 784 1232 819 τι
1264 767 1599 838 παρεκκλίνῃ
1629 765 1724 820 τοῦ

124 855 432 924 σχήματος,
476 855 640 921 εὐθὺς
683 857 786 928 τῆς
841 858 1041 922 κακίας
1084 859 1572 925 ἐπιλανθάνεσθαι;
1613 861 1726 914 Καὶ

119 945 302 1000 ταῦτα
341 947 442 1017 μὲν
489 949 570 1011 είς
615 949 886 1003 τοσοῦτον.
941 951 1004 1004 Εἰ
1052 951 1108 1004 δὲ
1151 951 1273 1006 καθ’
1307 953 1539 1006 ἕκαστον
1586 955 1724 1006 ἀκα-

119 1039 306 1108 ριαῖον
345 1039 440 1091 τοῦ
474 1039 668 1111 χρόνου
698 1043 785 1094 ἐπ’
817 1041 948 1096 ἄλλο
985 1043 1082 1098 κα)¹
1109 1043 1239 1098 ἄλλο
1283 1045 1722 1117 μεθαρμόζονται

119 1129 352 1200 σχῆμα,
395 1131 454 1184 έν
516 1132 574 1184 δὲ
631 1136 754 1198 ταῖς
796 1137 1020 1207 μυρίαις
1072 1137 1300 1202 ταύταις
1361 1140 1720 1209 μεταϐολαῖς,

123 1221 397 1287 πολλάκις
428 1224 529 1294 τῆς
568 1225 784 1296 ἡμέρας
816 1227 952 1301 (56),
989 1232 1037 1282 οἱ
1081 1231 1190 1285 τῶν
1235 1231 1526 1303 βασιλικῶν
1572 1235 1723 1302 γενέ-

121 1330 272 1368 σεων
334 1315 726 1370 ἀποτελοῦνται
784 1323 1195 1392 σχηματισμοί·
1253 1323 1342 1378 διὰ
1395 1327 1448 1378 τί
1486 1325 1585 1379 οὑκ
1633 1328 1722 1396 ἐφ’

119 1407 369 1478 ἑκάστης
415 1408 630 1480 ἡμέρας
666 1411 964 1477 γεννῶνται
1011 1414 1281 1484 βασιλεῖς;
1320 1418 1352 1487 ἢ
1383 1417 1470 1471 διὰ
1503 1420 1554 1472 τί
1583 1419 1720 1485 ὅλως

119 1502 396 1571 πατρικαὶ
433 1506 563 1573 παρ’
603 1504 790 1567 αὐτοῖς
827 1508 935 1560 είσι
982 1508 1260 1578 βασιλείας
1306 1512 1590 1583 διαδοχαί;
1639 1515 1715 1567 Οὐ

115 1592 298 1663 δήπου
349 1595 458 1666 γὰρ
489 1595 720 1660 ἕκαστος
767 1597 876 1652 τῶν
927 1599 1195 1670 βασιλέων
1255 1607 1720 1676 παρατετηρημέ-

115 1702 235 1748 νως
267 1687 376 1757 (57)
425 1689 507 1752 εἰς
548 1687 609 1740 τὸ
652 1689 929 1757 βασιλικὸν
961 1693 1069 1746 τῶν
1110 1695 1356 1767 ἀστέρων
1387 1699 1572 1768 σχῆμα
1623 1697 1716 1751 τοῦ

117 1778 263 1832 ἰδίου
291 1779 404 1832 υἱοῦ
430 1781 526 1852 τὴν
556 1783 770 1850 γένεσιν
803 1786 1112 1858 ἐναρμόζει.
1147 1789 1242 1852 Τίς
1274 1788 1382 1858 γὰρ
1414 1790 1718 1862 ἀνθρώπων

113 1867 316 1940 κύριος
365 1869 459 1923 τοῦ
495 1873 772 1940 τοιούτους
813 1875 940 1939 Πῶς
981 1873 1074 1930 οὖν
1114 1876 1292 1941 Ὀζίας
1343 1878 1600 1948 ἐγέννησε
1629 1879 1721 1932 τὸν

129 1961 406 2034 Ἱωάθαμ;
451 1965 689 2037 Ἰωάθαμ
726 1967 816 2020 τὸν
847 1966 1024 2038 Ἀχαζ
1042 1988 1054 2030 ;
1086 1967 1262 2040 ’Ἂχαζ
1295 1970 1407 2040 (58)
1455 1970 1548 2024 τὸν
1577 1972 1724 2036 Ἐζε-

121 2053 294 2118 κίαν;
331 2055 426 2109 καὶ
471 2058 646 2122 οὐδεὶς
679 2061 736 2112 ἐν
769 2059 977 2124 τούτοις
1021 2061 1238 2134 δουλικῇ
1281 2063 1571 2134 συνέτυχεν
1603 2064 1723 2136 ὥρᾳ

107 2149 422 2220 γενέσεως
445 2151 676 2205 Ἔπειτα
697 2155 744 2206 εί
766 2154 860 2208 καὶ
881 2153 989 2207 τῶν
1015 2155 1156 2208 κατὰ
1179 2155 1378 2209 κακίαν
1400 2158 1495 2210 καὶ
1517 2158 1721 2230 ἀρετὴν

113 2241 525 2311 ἐνεργημάτων
570 2243 671 2296 ούκ
708 2245 773 2297 ὲκ
810 2243 906 2297 τοῦ
953 2246 1040 2314 ἐφ’
1065 2247 1202 2316 ἡμῖν
1253 2247 1390 2300 εἰσιν
1425 2250 1482 2301 αί
1515 2248 1718 2319 ἀρχαὶ,

109 2331 240 2386 ἁλλ’
287 2334 352 2386 ὲκ
401 2335 503 2404 τῆς
536 2335 805 2403 γενέσεως
847 2337 904 2390 αἱ
949 2337 1210 2406 ἀνάγκαι,
1252 2339 1496 2410 περιττοὶ
1532 2339 1632 2409 μὲν
1670 2340 1720 2391 οἱ

107 2425 434 2497 νομοθέται,
473 2427 542 2480 τὰ
594 2429 847 2500 πρακτέα
887 2432 1020 2502 ἡμῖν
1055 2431 1152 2485 καὶ
1193 2430 1264 2484 τὰ
1306 2431 1518 2501 φευκτὰ
1557 2431 1722 2502 διορί-

109 2519 312 2583 ζοντες
365 2519 518 2590 (59),
555 2521 804 2593 περιττοὶ
850 2521 906 2575 δὲ
957 2523 1052 2576 καὶ
1096 2525 1146 2576 οἱ
1198 2523 1478 2589 δικασταὶ,
1520 2524 1720 2596 ἀρετὴν

107 2611 422 2680 τιμῶντες,
479 2614 572 2666 καὶ
627 2613 893 2686 πονηρίαν
943 2615 1284 2680 κολάζοντες.
1332 2617 1405 2670 Οὐ
1462 2616 1572 2688 γὰρ
1624 2616 1718 2670 τοῦ

106 2703 356 2756 κλέπτου
395 2704 456 2756 τὸ
500 2705 766 2778 ἀδίκημα,
819 2707 941 2760 οὐδὲ
989 2706 1084 2760 τοῦ
1119 2709 1361 2778 φονέως·
1399 2703 1443 2776 ᾧ
1485 2727 1549 2778 γε
1595 2709 1718 2763 οὐδὲ

107 2793 436 2865 βουλομένῳ
485 2795 711 2850 δυνατὸν
749 2792 817 2868 ἦν
864 2800 1087 2868 κρατεῖν
1136 2799 1235 2870 τῆς
1287 2798 1469 2870 χειρὸς
1514 2798 1608 2878 ’διὰ
1656 2798 1718 2852 τὸ

103 2887 528 2959 ἀναπόδραστον
557 2890 657 2960 τῆς
696 2889 792 2942 ἐπὶ
838 2889 938 2952 τὰς
971 2890 1202 2962 πράξεις
1245 2891 1410 2944 αὐτὸν
1466 2908 1717 2944 κατεπει⁸

103 2980 326 3051 γούσης
349 2981 612 3050 ἀνάγκης.
641 2981 1008 3036 Ματαιότατοι
1037 2982 1094 3034 δὲ
1125 2982 1345 3036 πάντων
1376 2982 1472 3035 καὶ
1505 2984 1554 3035 οἱ
1584 2981 1716 3054 περὶ

103 3069 218 3132 τὰς
245 3068 442 3140 τέχνας
477 3071 833 3142 πονούμενοι·
871 3071 986 3124 ἀλλ’
1011 3069 1302 3143 εύθηνήσει
1342 3071 1440 3142 μὲν
1468 3073 1496 3123 ὁ
1538 3089 1714 3143 γεωρ-

1831 595 1972 645 cam,
2005 583 2134 650 quia
2195 583 2248 636 in
2307 584 2409 639 hoc
2459 584 2577 640 loco
2623 595 2751 650 stat,
2787 597 2860 654 et,
2895 592 3150 658 quoniam
3200 595 3267 650 ab
3314 598 3415 652 hac

1829 671 2186 742 conspicitur,
2221 675 2430 731 idcirco
2477 693 2596 732 eam
2643 681 2756 734 ﬁeri
2795 682 3092 739 maleﬁcam
3130 705 3145 740 :
3179 700 3234 742 et
3265 704 3414 742 eam-

1828 763 1948 820 dem
1977 781 2186 830 rursus,
2203 779 2484 838 postquam
2503 773 2776 840 paululum
2797 775 3149 832 declinaverit
3171 795 3199 834 a
3217 781 3321 852 ﬁgn
3333 799 3410 842 ra.

1828 871 1940 911 suae
2001 859 2248 926 protinus
2306 861 2550 917 oblivisci
2607 864 3001 935 malignitatis?
3050 869 3230 940 Atque
3295 874 3411 928 haec

1827 948 2042 1015 quidem
2078 949 2360 1006 hactenus.
2384 951 2438 1008 Si
2465 969 2591 1008 vero
2619 956 2850 1027 singulis
2879 961 3138 1028 temporis
3167 977 3410 1018 momen-

1830 1037 1898 1093 tis
1924 1037 2092 1094 stellze
2125 1039 2178 1094 in
2216 1041 2374 1096 aliam
2404 1055 2566 1113 atque
2591 1047 2750 1101 aliam
2798 1058 3230 1108 transmutantur
3271 1057 3408 1126 [igu-

1829 1142 1965 1195 ram,
1997 1129 2039 1183 si
2073 1129 2127 1183 in
2157 1130 2244 1185 his
2279 1133 2576 1190 innumeris
2609 1141 3130 1196 commutationibus
3167 1157 3308 1214 saepe
3355 1147 3406 1200 in

1827 1218 1914 1272 die
1945 1220 2218 1290 regiarum
2253 1225 2594 1280 nativitatum
2631 1228 2988 1297 figurationes
3021 1233 3405 1304 perﬁciuntur;

1827 1326 1924 1364 cur
1967 1313 2194 1382 singulis
2237 1315 2426 1372 diebus
2466 1331 2571 1371 non
2623 1331 2924 1376 nascuntur
2966 1325 3160 1394 reges?
3187 1337 3282 1382 aut
3311 1344 3410 1384 cur

1826 1404 2046 1458 omnino
2109 1407 2262 1475 regni
2317 1409 2692 1465 successiones
2761 1422 3000 1482 paterna:
3054 1417 3196 1486 apud
3263 1419 3409 1488 ipsos

1825 1495 1988 1548 sunt?
2019 1494 2206 1565 Neque
2254 1499 2398 1554 enim
2455 1516 2546 1556 rex
2594 1502 2822 1570 quilibet
2871 1505 3162 1576 diligenter
3202 1511 3268 1564 ad
3318 1527 3408 1568 re-

1826 1588 1969 1653 giam
1995 1589 2276 1644 stellarum
2303 1591 2552 1661 ﬁguram,
2575 1593 2777 1650 ﬁlii‘sui
2805 1607 2985 1654 ortum
3009 1605 3403 1662 accommodat.

1825 1677 1958 1744 Quis
1985 1681 2128 1734 enim
2170 1684 2476 1738 mortalium
2511 1685 2629 1740 talis
2655 1688 2734 1742 rei
2768 1689 3020 1746 dominus
3053 1707 3176 1748 esse
3203 1694 3408 1764 possit'lt

1825 1771 2106 1838 Quomodo
2122 1789 2250 1845 ergo
2267 1775 2430 1832 Ozias
2441 1779 2626 1845 genuit
2641 1778 2916 1848 Joatham,
2933 1783 3183 1840 Joatham
3199 1786 3404 1856 Achas,

1823 1865 2006 1919 Achas
2035 1865 2346 1932 Ezechiam,
2374 1881 2428 1924 et
2457 1869 2636 1928 nullus
2665 1887 2730 1927 ex
2763 1873 2848 1929 his
2871 1877 3124 1932 servilem
3155 1882 3408 1936 nativita-

1825 1954 1894 2009 tis
1920 1955 2109 2010 horam
2137 1971 2328 2012 nactus
2353 1960 2472 2014 eSt?
2499 1958 2792 2031 Praeterea,
2817 1967 2861 2020 si
2895 1967 3152 2024 vitiorum
3171 1981 3267 2026 aut
3294 1973 3402 2027 vir-

1806 2054 1996 2100 .tutum
2024 2047 2290 2118 principia
2321 2066 2428 2104 non
2457 2063 2584 2107 sunt
2627 2056 2679 2108 in
2707 2056 2862 2112 nobis
2885 2059 3014 2126 sita,
3037 2060 3134 2116 sed
3167 2073 3294 2118 sunt
3314 2079 3408 2119 ne-c

1822 2139 2110 2194 cessitates
2142 2139 2212 2194 ab
2253 2151 2375 2196 ortu
2419 2145 2751 2213 pendentes;
2782 2147 3000 2206 inutiles
3032 2162 3160 2206 sunt
3193 2153 3410 2223 legisla-

1823 2238 1988 2298 tores,
2022 2232 2114 2300 qui
2161 2233 2316 2290 nobis
2357 2237 2562 2304 agenda
2613 2253 2676 2294 ac
2715 2239 2972 2310 fugienda
3012 2247 3404 2314 praescribunt;

1821 2322 2043 2380 inutiles
2091 2339 2306 2394 quoque
2337 2325 2566 2396 iudices,
2609 2331 2700 2400 qui
2731 2332 2986 2388 virtutem
3031 2335 3256 2404 honore,
3299 2338 3402 2411 .57

1821 2414 2010 2468 vitium
2034 2418 2214 2486 poenis
2248 2417 2508 2478 alliciunt.
2533 2420 2650 2476 Non
2679 2425 2824 2478 enim
2854 2423 2990 2482 furis
3015 2438 3100 2482 est
3123 2429 3402 2499 iniquitas,

1820 2513 1998 2578 neque
2029 2511 2346 2580 homicidae;
2375 2514 2464 2583 qui
2489 2531 2556 2570 ne
2583 2516 2768 2572 volens
2789 2519 3008 2587 quidem
3039 2530 3254 2591 poterat
3285 2539 3403 2578 ma-

1819 2614 1950 2652 num
2014 2602 2333 2667 continere,
2404 2605 2474 2660 ob
2543 2605 2950 2664 ineluctabilem
3021 2613 3401 2670 necessitatem

1819 2690 1994 2761 ipsum
2040 2695 2106 2748 ad
2155 2697 2420 2764 agendum
2466 2699 2856 2768 impellentem.
2893 2702 3187 2760 Vanissimi
3221 2717 3398 2762 autem

1818 2783 2061 2838 omnium
2111 2795 2241 2840 sunt
2277 2787 2369 2855 qui
2406 2798 2554 2844 artes
2587 2791 2888 2846 excolunt;
2922 2793 3121 2863 quippe
3158 2793 3400 2866 frugibus

1819 2874 2118 2928 abundabit
2160 2877 2418 2947 agricola,
2455 2881 2669 2936 tametsi
2715 2897 2892 2952 neque
2934 2883 3142 2938 semina
3185 2886 3242 2942 in
3290 2898 3398 2942 ter-

1817 2983 1935 3022 ram
1979 2969 2218 3040 dejiciat,
2255 2987 2429 3042 neque
2476 2973 2670 3040 falcem
2718 2987 2967 3032 exacuat.
3009 2977 3279 3034 Mercator
3315 2981 3398 3036 iti-

1818 3061 1964 3129 dem,
2012 3062 2164 3128 velit,
2198 3065 2354 3132 nolit,
2401 3081 2564 3136 supra
2617 3069 2834 3124 modum
2889 3072 3138 3136 ditescet,
3187 3071 3300 3129 fato
3351 3075 3400 3128 ei

105 3163 250 3232 γὸς,
289 3164 426 3234 μήτε
481 3163 772 3234 σπέρματα
828 3163 1200 3232 καταϐάλλων,
1249 3165 1388 3236 μήτε
1437 3164 1699 3237 δρεπάνηι

1824 3168 1946 3223 opes
1995 3168 2377 3214 coacervante.
2429 3159 2635 3231 Magna:
2693 3173 2873 3218 autem
2917 3164 3020 3220 illae
3059 3167 3400 3222 Christiano-

105 3253 462 3327 θηξάμενος’
508 3256 946 3328 ὑπερ-πλουτήσει
979 3257 1036 3310 δὲ
1073 3260 1102 3310 ὁ
1142 3257 1402 3328 ἔμπορος,
1440 3257 1541 3311 κᾶν
1587 3257 1710 3326 βού-

105 3347 315 3418 ληται,
364 3346 466 3400 κᾶν
516 3349 627 3418 μὴ,
672 3348 772 3418 τῆς
819 3351 1160 3422 εἱμαρμένης
1209 3349 1360 3420 αὐτῷ
1427 3349 1711 3422 συναθροι-

108 3436 323 3507 ζούσης
350 3437 419 3490 τὰ
445 3441 723 3510 χρήματα.
754 3441 820 3492 Αἰ
857 3441 914 3494 δὲ
951 3441 1187 3512 μεγάλαι
1229 3441 1338 3496 τῶν
1369 3443 1710 3514 Χριστιανῶν

105 3529 334 3592 ἐλπίδες
367 3529 592 3602 φροῢδαι
624 3530 734 3602 (40)
777 3535 910 3604 ἡμῖν
944 3535 1286 3605 οἰχήσονται,
1331 3533 1454 3588 οὔτε
1499 3535 1708 3590 δικαιο-

105 3622 292 3694 σύνης
322 3624 662 3694 τιμωμένης,
693 3622 816 3677 οὔτε
868 3627 1340 3698 κατακρινομένης
1389 3628 1487 3698 τῆς
1525 3629 1708 3700 ἁμαρ-

103 3717 260 3782 τίας,
287 3715 375 3770 διὰ
401 3716 462 3769 τὸ
495 3717 664 3788 μηδὲν
705 3717 846 3771 κατὰ
879 3719 1199 3790 προαίρεσιν
1233 3719 1338 3772 ὑπὸ
1369 3721 1479 3774 τῶν
1507 3721 1710 3793 ἀνθρώ-

106 3825 240 3860 πων
285 3807 673 3863 ἐπιτελεῖσθαι.
716 3809 893 3870 Ὅπου
947 3810 1056 3882 γὰρ
1102 3811 1316 3883 ἀνάγκη
1368 3813 1464 3864 καὶ
1508 3815 1708 3884 εἱμαρ-

109 3905 260 3972 μένη
298 3903 507 3973 κρατεῖ,
546 3902 801 3974 οὐδεμίαν
834 3903 946 3974 ἔχει
994 3903 1178 3977 χώραν
1213 3905 1274 3957 τὸ
1301 3905 1441 3976 πρὸς
1475 3906 1650 3972 ἀξίαν,
1681 3906 1711 3958 ὃ

104 3993 222 4063 τῆς
275 3993 672 4067 δικαιοκρισίας
735 3995 1014 4066 ἐξαίρετόν
1071 3997 1209 4048 ἐστι.
1256 3997 1367 4050 Καὶ
1417 3998 1556 4067 πρὸς
1609 3999 1709 4068 μὲν

105 4087 366 4150 ἐκείνους
394 4087 488 4140 ἐπὶ
513 4085 784 4141 τοσοῦτον.
811 4087 946 4141 Οὔτε
973 4089 1082 4160 γὰρ
1115 4088 1276 4158 ὑμεῖς
1312 4087 1572 4142 πλειόνων
1599 4089 1710 4142 δεῖς

107 4177 216 4232 σθε
243 4177 354 4248 (41)
377 4179 549 4248 λόγων
581 4182 711 4252 παρ’
737 4179 948 4234 ἑαυτῶν
969 4179 1329 4248 ὑγιαίνοντες,
1362 4180 1391 4232 ὅ
1419 4197 1480 4234 τε
1517 4181 1708 4252 καιρὸς

103 4270 222 4324 οὐκ
258 4269 502 4323 ἐνδίδωσι
535 4272 682 4342 πέρα
714 4269 808 4323 τοῦ
845 4269 1046 4341 μέτρου
1079 4269 1216 4340 πρὸς
1253 4267 1451 4332 αὐτοὺς
1486 4268 1706 4323 ἀποτεί-

105 4362 324 4418 vestiat.

186 4451 244 4508 8.
287 4453 433 4523 Πρὸς
460 4453 518 4506 δὲ
549 4454 620 4508 τὰ
657 4453 784 4523 ἑξῆς
813 4452 922 4505 τῶν
957 4451 1217 4523 ῥημάτων
1247 4448 1358 4520 (42)
1400 4449 1709 4502 ἐπανέλθω-

1817 3258 1936 3297 rum
1970 3259 2096 3314 spes
2128 3261 2520 3306 evanescentes
2553 3252 2805 3308 excident
2849 3255 3024 3318 nobis,
3067 3271 3188 3312 cum
3224 3274 3397 3328 neque

1809 3333 2019 3403 iustitia
2075 3339 2371 3395 honoribus
2426 3341 2547 3398 ullis
2599 3342 2888 3411 afﬁciatur,
2915 3361 3090 3417 neque
3145 3352 3396 3420 puniatur

1814 3437 2130 3497 peccatum,
2179 3439 2466 3501 propterea
2515 3437 2660 3505 quod
2703 3437 2836 3492 nihil
2871 3437 2941 3494 ab
2977 3440 3286 3498 hominibus
3335 3443 3396 3497 li-

1813 3519 1947 3574 bero
1996 3521 2163 3574 animi
2203 3525 2484 3592 proposito
2531 3537 2744 3596 agatur.
2783 3528 2920 3583 Nam
2961 3531 3050 3586 ubi
3099 3535 3399 3589 necessitas

1813 3621 1869 3666 et
1905 3610 2074 3666 fatum
2115 3612 2449 3681 dominatur,
2485 3617 2558 3672 ibi
2605 3619 2888 3689 dignitatis
2923 3623 3214 3693 meritique
3257 3627 3397 3678 ratio

1814 3705 2023 3760 nullum
2071 3705 2246 3776 locum
2299 3709 2463 3763 habet
2503 3728 2517 3763 :
2561 3710 2616 3764 ld
2654 3711 2798 3780 quod
2847 3722 3027 3767 tamen
3065 3716 3394 3782 prmcipuutn

1808 3795 1940 3864 justi
1979 3797 2165 3865 judicii
2201 3797 2608 3855 fundamentum
2643 3813 2750 3856 est.
2783 3801 2850 3858 Et
2877 3803 3094 3872 quidem
3139 3806 3396 3862 adversus

1813 3889 1936 3944 illos
1981 3889 2281 3958 hucusque.
2315 3889 2502 3962 Neque
2529 3895 2672 3950 enim
2713 3897 2892 3952 verbis
2937 3897 3182 3967 pluribus
3223 3904 3396 3974 egetis

1812 3995 1930 4046 vos,
1963 3981 2054 4053 qui
2106 3983 2319 4040 scilicet
2365 4000 2396 4040 a
2438 3987 2591 4042 vobis
2636 3988 2770 4058 ipsis
2815 4006 2961 4054 sanae
3003 3995 3199 4048 mentis
3229 3996 3391 4052 sitis:

1813 4091 1988 4145 neque
2014 4087 2230 4148 tempus
2257 4077 2398 4134 ultra
2429 4079 2644 4136 modum
2680 4083 2941 4140 adversus
2967 4099 3062 4141 eos
3091 4086 3268 4144 invehi
3297 4104 3395 4144 nos

1811 4173 1961 4230 sinit.

1885 4448 1938 4504 8.
1967 4447 2085 4502 Jam
2130 4449 2197 4504 sd
2243 4451 2405 4506 verba
2457 4454 2843 4522 consequentia
2893 4455 3196 4512 redeamus.
3249 4457 3394 4516 Sim.

109 4563 240 4616 μεν.
274 4546 610 4611 Ἔστωσαν,
651 4545 840 4617 φησὶν,
889 4548 978 4612 εἰς
1016 4543 1255 4613 σημεῖα,
1307 4543 1404 4596 καὶ
1453 4545 1540 4606 εἱς
1573 4559 1699 4596 και-

1824 4542 2012 4612 inquit,
2053 4543 2110 4596 in
2158 4545 2333 4613 signa,
2379 4554 2430 4598 et
2481 4544 2537 4598 in
2589 4551 2846 4615 tempora,
2884 4556 2934 4600 et
2981 4549 3036 4602 in
3073 4551 3204 4614 dies,
3235 4560 3282 4602 et
3338 4551 3394 4602 in

93 4637 284 4708 ροὺς,
313 4639 412 4691 καὶ
441 4641 524 4704 εὶς
565 4637 813 4707 ἡμέρας,
843 4638 946 4692 καὶ
978 4639 1064 4702 εὶς
1101 4635 1434 4700 ἐνιαυτούς.
1473 4635 1702 4704 Εἴρηται

107 4733 248 4802 ημῖν
291 4730 360 4783 τά
409 4732 538 4798 περὶ
580 4731 687 4785 τῶν
723 4730 986 4802 σημείων.
1035 4727 1274 4798 Καιροὺς
1316 4726 1373 4778 δὲ
1419 4725 1702 4798 ἡγούμεθα

103 4822 296 4890 λέγειν
350 4823 448 4886 τὰς
505 4823 612 4876 τῶν
656 4821 816 4894 ὡρῶν
864 4819 1197 4888 ὲναλλαγὰς,
1253 4817 1556 4888 χειμῶνος,
1609 4819 1702 4871 καὶ

99 4915 316 4987 ἔαρος,
365 4916 460 4970 καὶ
506 4915 730 4987 θέρους,
774 4914 869 4968 καὶ
924 4911 1280 4983 μετοπώρου·
1316 4911 1382 4976 ἃς
1432 4911 1710 4978 εὐτάκτως

180 5082 232 5114 ⁸⁸
259 5079 400 5135 Gen.
441 5095 477 5146 ι,
517 5079 604 5132 14.

181 5190 304 5267 (55)
341 5194 418 5267 ita
450 5205 681 5264 quatuor
729 5207 862 5248 mss.
907 5183 1068 5245 Editi'
1097 5203 1222 5244 vero
1263 5189 1466 5258 ἀγαθὸν
1515 5191 1695 5262 ὑπάρ-

101 5265 468 5344 χειν,Αξηξ“ηυ-ε
505 5273 710 5344 ικξειίι.Δ
972 5331 985 5344 '
1148 5330 1172 5342 _
1244 5331 1258 5344 .
1328 5329 1340 5344 Ι
1610 5331 1642 5344 μ.

125 5331 140 5342 ⁸
181 5329 306 5402 (36)
336 5333 562 5389 Codices
587 5341 820 5402 quatuor
851 5331 1085 5402 ποσάκις
1113 5330 1213 5400 τῆς
1235 5329 1469 5400 ἡμέρας,
1497 5331 1696 5398 quoties

99 5409 164 5462 in
192 5401 334 5460 die?
363 5404 502 5458 Editi
543 5405 734 5458 saltem
762 5419 884 5458 cum
923 5401 1058 5472 Reg.
1087 5411 1279 5454 octavo
1307 5403 1524 5469 optimae
1559 5412 1698 5456 nota:

101 5477 503 5556 mimae};
529 5473 762 5556 ἡμέρας·
1198 5540 1209 5556 .
1381 5537 1420 5556 -ς

181 5547 300 5616 (57)
357 5537 584 5600 Codices
626 5537 731 5598 duo
782 5540 1323 5624 παρατετηρημένον.
1381 5537 1534 5618 Edili
1567 5554 1696 5624 cum

103 5611 236 5672 aliis
269 5611 400 5670 mss.
430 5611 989 5686 παρατετηρημένως.
1015 5611 1134 5686 Mox
1164 5627 1258 5666 sex
1283 5625 1412 5664 mss.
1441 5611 1535 5662 τοῦ
1566 5611 1696 5662 ἰδίου

101 5687 256 5743 υἱοῦ.
287 5685 631 5740 Desideratur
667 5685 798 5738 ίδίου
833 5686 884 5738 in
910 5685 1091 5736 editis.

185 5755 302 5834 (58)
353 5756 535 5834 ςριοκ
562 5758 832 5834 secundus
883 5751 1240 5834 ‘lwdﬁgpmos
1292 5749 1555 5834 ἐγέννησε
1605 5751 1695 5803 τὸν

109 5820 322 5898 Ἀχαζ.
359 5827 535 5896 Ἀχαζ
558 5825 635 5879 δέ.
671 5827 802 5896 Reg.
829 5839 1013 5882 sextus
1037 5820 1257 5876 Ἰωάθαν
1288 5821 1343 5874 δὲ
1371 5820 1478 5873 τόν.

1810 4652 1978 4690 annos
2009 4635 2076 4690 ⁸⁸.
2113 4635 2326 4690 Dictum
2372 4647 2459 4690 est
2513 4653 2541 4689 a
2588 4637 2745 4692 nobis
2791 4639 2857 4693 de
2900 4639 3090 4708 signis.
3126 4639 3390 4708 Tempora

1811 4742 1988 4785 autem
2019 4741 2272 4799 putamus
2297 4731 2402 4784 dici
2439 4732 2583 4801 ipsas
2623 4741 3001 4801 tempestatum
3037 4735 3390 4800 mutationes,

1813 4821 2027 4888 hiemis,
2065 4823 2230 4885 veris,
2267 4823 2470 4876 aestatis
2516 4832 2572 4876 et
2623 4825 2863 4876 autumni
2895 4841 2908 4877 :
2942 4825 3135 4894 quibus
3170 4825 3390 4880 ordina-

1823 4925 1908 4970 tus
1941 4915 2285 4969 luminarium
2337 4925 2514 4968 motus
2560 4917 2768 4980 tribuit,
2799 4927 2854 4969 ut
2901 4932 2997 4970 nos
3035 4918 3282 4972 ordinate
3310 4917 3390 4970 lu-

1880 5191 1991 5260 (59)
2010 5190 2165 5264 Colit.
2192 5192 2460 5264 secundus
2483 5195 2749 5261 φευκταῖα
2771 5193 2904 5264 διορᾉ.
2935 5192 3047 5246 Mox
3079 5194 3208 5262 Reg.
3231 5211 3360 5264 quin

1809 5273 1894 5334 tus
1921 5264 1972 5334 οἱ
2004 5261 2335 5326 δικάζοντες.
2377 5261 2510 5334 Reg.
2543 5273 2730 5322 sextus
2764 5261 3032 5333 τιμῶνΑ-ες
3061 5261 3169 5324 καὶ
3189 5261 3390 5322 κακίαν

1806 5331 2141 5396 κολάζοντες.

1879 5403 1990 5473 (40)
2034 5401 2522 5475 Codicesquinque
2553 5401 2764 5475 ἐλπίδες
2804 5404 3050 5475 φροῦδαι..
3089 5403 3228 5474 Editi
3262 5423 3384 5461 cum

1809 5470 1938 5542 Reg.
1972 5470 2183 5546 'oetavo
2234 5470 2445 5546 ἐλπίδες
2480 5473 2730 5546 τρροῦδοι.
2787 5470 2894 5529 hec
2943 5478 3014 5529 ita
3067 5470 3235 5530 multo
3267 5488 3388 5546 post

1809 5541 1958 5614 Bodl.
1974 5543 2012 5614 ίὸ
2034 5545 2129 5614 τῆς
2161 5541 2375 5614 δικαίας
2399 5541 2650 5614 κρίσεως.

1879 5613 1990 5684 (Μ)
2031 5611 2140 5684 [)tio
2165 5629 2293 5684 mss.
2320 5611 2543 5684 ἐδεῖσθε.

1878 5682 1988 5750 (42)
2021 5683 2200 5736 Codex
2235 5682 2633 5758 Ε-οιιιὶιοί..ἑξῆς
2663 5684 2770 5736 τῶν
2803 5687 3000 5758 ῥητῶν.
3036 5686 3167 5756 Reg.
3201 5698 3388 5742 sextus

1807 5753 1930 5824 έξῆς
1964 5753 2054 5806 τοῦ
2086 5753 2244 5822 λόγου
2269 5751 2672 5822 ἐπανέλθωμεν.
