3850 6218
502 403 612 460 155

1861 400 1916 454 S.
1962 398 2203 454 BASILII
2242 399 2455 453 MAGNI

3695 403 3794 458 136

506 523 701 572 strent.
744 512 831 568 Fit
874 511 1018 568 enim
1066 510 1260 575 hiems,
1293 525 1413 567 cum
1449 512 1529 566 sol
1562 513 1612 566 in
1647 512 1909 568 austrinis
1941 529 2081 566 com-

2195 514 2528 583 περιοδεύειν
2568 514 2714 582 ἡμᾶς
2754 513 2813 565 τὸ
2858 513 3188 582 τεταγμένον
3222 514 3317 584 τῆς
3362 514 3643 584 κινήσεως
3689 518 3792 567 τῶν

506 618 750 664 moratur
817 604 1082 677 partibus,
1149 619 1212 658 ac
1261 604 1489 659 mullum
1539 615 1818 659 nocturna:
1885 607 2090 658 umbra:

505 704 556 755 in
591 700 677 754 bis
719 697 920 752 nostris
955 697 1265 767 regionibus
1301 695 1489 753 ellicit.
1528 694 1889 764 Quamobrem
1934 695 2089 749 refri-

501 799 724 861 geratur
756 803 853 843 aer
892 795 1050 842 terrae
1093 787 1488 855 circumfusus,
1531 800 1596 840 ac.
1625 801 1817 842 omnes
1857 786 2090 840 humida:

500 883 880 938 exhalationes
920 881 1066 937 circa
1117 896 1216 936 nos
1250 889 1474 948 coactas,
1507 879 1760 935 imbrium
1797 879 2087 950 frigorum-

501 993 607 1043 que
634 984 690 1031 et
720 975 926 1029 nivium
953 974 1457 1044 copiosissimarum
1491 986 1658 1028 causa
1682 981 1810 1026 sunt
1831 981 1885 1026 et
1911 972 2084 1040 origo.

499 1071 570 1122 At
601 1083 722 1123 cum
757 1067 954 1122 iterum
990 1068 1058 1121 ab
1093 1065 1425 1122 australibus
1462 1064 1782 1136 regionibus
1814 1078 2086 1129 reversus,

503 1161 556 1215 in
590 1161 766 1216 medio
810 1159 1048 1224 steterit,
1083 1159 1218 1214 adeo
1266 1169 1326 1213 ut
1373 1172 1440 1213 ex
1485 1173 1639 1228 aequo
1678 1158 1946 1228 partiatur
1983 1157 2086 1212 diei

504 1251 788 1321 noctisque
839 1259 1097 1319 tempus:
1131 1258 1334 1318 quanto
1382 1249 1502 1318 plus
1548 1263 1710 1318 supra
1764 1256 1922 1302 terra:
1969 1246 2084 1301 loca

502 1353 898 1407 commoratur,
931 1350 1083 1396 tanto
1119 1341 1396 1395 meliorem
1448 1340 1766 1409 temperiem
1806 1353 1902 1408 per
1943 1339 2088 1393 vices

503 1439 737 1494 reducit.
787 1438 965 1506 Atque
1000 1449 1094 1489 ver
1135 1435 1362 1498 accedit,
1395 1432 1648 1488 omnibus
1681 1432 1896 1501 quidem
1932 1431 2086 1499 plau-

505 1532 574 1585 tis
627 1527 966 1598 germinandi
1025 1537 1242 1592 auctor,
1294 1527 1582 1581 arboribus
1643 1540 1772 1580 vero
1839 1523 2085 1595 plurimis

502 1621 861 1677 reviviscendi
901 1635 1089 1675 ansam
1138 1619 1408 1689 prmbens,
1441 1617 1800 1686 omnibusque
1832 1614 2084 1670 animali-

499 1717 605 1770 bus
659 1723 772 1769 tum
824 1713 1179 1769 terrestribus
1233 1720 1344 1766 tum
1391 1709 1720 1781 aquatilibus
1772 1723 1868 1778 per
1917 1707 2086 1776 prolis

501 1806 906 1861 successionem
937 1819 1109 1874 genus
1149 1819 1461 1861 asservans.
1497 1803 1636 1858 llinc
1665 1811 1846 1857 autem
1871 1801 1984 1870 jam
2017 1801 2082 1854 ad

2194 607 2496 675 φωστήρων
2546 609 2793 676 παρέχει.
2847 608 3066 676 Χειμὼν
3115 609 3212 676 μὲν
3246 608 3351 678 γὰρ
3396 607 3643 673 γίνεται,
3683 611 3790 670 τοῖς

2192 695 2385 759 νοτίοις
2418 697 2607 767 μέρεσι
2640 698 2732 751 τοῦ
2763 698 2912 769 ἡλίου
2944 694 3476 770 προσδιατρίϐοντος,
3515 701 3622 752 καὶ
3658 702 3790 752 πολι

2191 788 2252 840 τὸ
2294 790 2608 860 νυκτερινὸν
2660 791 2905 861 σκίασμα
2954 792 3081 862 περὶ
3129 792 3222 844 τὸν
3268 791 3389 845 καθ’
3431 795 3591 864 ἡμᾶς
3631 795 3794 846 τόπον

2191 878 2584 942 ἀποτελοῖωτος
2603 897 2616 910 ο
2647 880 2789 933 ὥστε
2823 866 3234 952 καταψύχεσθαι
3272 883 3368 953 μὲν
3394 883 3486 936 τὸν
3522 887 3661 955 περὶ
3691 878 3794 954 ν

2191 972 2364 1043 ἁέρα,
2409 973 2591 1037 πάσας
2632 975 2689 1027 δὲ
2728 975 2826 1038 τάς
2860 975 3032 1046 ὑγρὰς
3083 976 3474 1047 ἀναθυμιάσεις
3533 995 3797 1030 συνιστα-

2195 1065 2363 1135 μένας
2414 1067 2544 1137 περὶ
2593 1068 2772 1137 ἡμᾶς,
2822 1067 3042 1138 ὄμϐρων
3083 1085 3144 1120 τε
3182 1069 3361 1122 αἰτίαν
3401 1071 3496 1122 καὶ
3555 1070 3795 1140 κρυμῶν

2165 1159 2286 1222 ,καὶ
2342 1159 2563 1229 νιφάδος
2619 1160 2903 1230 ἀμυθήτου
2957 1162 3240 1234 παρέχειν.
3278 1161 3527 1215 Ἐπειδὰν
3581 1161 3646 1214 δὲ
3699 1165 3797 1215 ἐπ-

2191 1248 2355 1303 ανιὼν
2391 1249 2553 1304 πάλιν
2582 1249 2691 1303 ἀπὸ
2717 1250 2827 1302 τῶν
2864 1249 3256 1321 μεσημϐρινῶν
3291 1251 3504 1320 χωρίων
3554 1251 3655 1303 ἐπὶ
3701 1251 3795 1302 ’τιεί

2194 1343 2359 1413 μέσου
2407 1342 2662 1414 γένηται,
2711 1341 2853 1395 ὥστε
2905 1341 3082 1407 ὲξίσου
3141 1344 3386 1414 μερίζειν
3435 1345 3601 1397 νυκτὶ
3653 1343 3799 1414 πρὸς

2190 1433 2404 1503 ἡμέραν
2431 1433 2524 1485 τὸν
2562 1434 2773 1504 χρόνον,
2805 1434 2915 1504 ὅσῳ
2957 1434 3137 1487 πλεῖον
3175 1436 3289 1497 τοῖς
3333 1433 3474 1505 ὑπὲρ
3528 1436 3641 1504 γῆς
3679 1437 3800 1504 (45)

2191 1525 2599 1597 προσδιατρίϐει
2636 1526 2840 1590 τόποις.
2870 1527 3110 1597 τοσούτῳ
3141 1528 3280 1581 κατά
3313 1527 3475 1597 μέρος
3513 1528 3804 1594 ἐπανάγει

2189 1618 2287 1688 τὴν
2333 1617 2653 1688 εὐκρασίαν.
2691 1620 2802 1672 Καὶ
2849 1619 3057 1688 γίνεται
3108 1618 3229 1689 ἔαρ,
3277 1621 3410 1671 πᾶσι
3460 1619 3560 1688 μὲν
3599 1622 3804 1688 φυτοῖς

2188 1709 2286 1779 τῆς
2329 1709 2678 1780 βλαστήσεως
2707 1711 2971 1782 ἀρχηγὸν,
3009 1711 3244 1782 δένδρων
3280 1710 3335 1763 δὲ
3369 1713 3481 1774 τοῖς
3505 1711 3804 1774 πλείστοις

2190 1801 2430 1872 παρέχον
2491 1802 2590 1873 τὴν
2647 1803 2965 1867 ἀναϐίωσιν,
3025 1802 3186 1867 ζώοις
3239 1802 3296 1857 δὲ
3344 1803 3629 1873 χερσαίοις
3696 1805 3802 1857 καὶ

501 1904 790 1960 solstitium
817 1901 1066 1957 aestivum
1095 1915 1285 1955 versus
1308 1899 1482 1970 ipsum
1507 1898 1930 1969 septentrionem
1962 1909 2081 1964 per-

2189 1892 2432 1965 ὲνύδροις
2472 1859 2642 1948 ἅπασι
2670 1894 2730 1947 τὸ
2775 1894 2930 1962 γένος
2965 1894 3237 1964 φυλὰσσον
3282 1859 3473 1966 ﬁxas-inc;
3511 1895 3625 1948 τῶν
3659 1897 3800 1950 ἐπιο

498 2011 633 2067 gens
676 1995 778 2058 sol,
816 1993 933 2048 dies
964 1992 1120 2048 nobis
1159 1992 1426 2046 maximos
1455 1991 1694 2045 adducit.
1735 1989 1799 2042 Et
1827 1987 2082 2057 quoniam

499 2089 806 2146 diutissime
851 2087 902 2140 in
947 2099 1074 2140 aere
1102 2085 1446 2150 immoratur,
1481 2080 1758 2138 torrefacit
1786 2081 1958 2148 ipsum
1995 2095 2085 2135 ae-

501 2198 614 2238 rem
661 2183 826 2252 capiti
873 2191 1060 2236 nostro
1092 2179 1484 2241 imminentem,
1517 2187 1572 2232 et
1621 2187 1820 2231 terram
1865 2191 2083 2232 omnem

500 2277 762 2339 exsiccat,
793 2279 893 2329 hoc
917 2282 1075 2342 pacto
1100 2282 1155 2328 et
1174 2272 1442 2328 seminum
1469 2271 1837 2326 maturitatem
1857 2270 2082 2340 iuvans,

502 2383 557 2425 et
608 2372 862 2424 arborum
915 2369 1127 2423 fructus
1169 2367 1235 2422 ad
1279 2367 1687 2422 concoctionem
1740 2380 1962 2435 urgens.
2014 2365 2084 2418 At

502 2475 631 2518 vero
678 2462 894 2532 quando
950 2459 1402 2529 flagrantissimus
1459 2467 1543 2512 est
1593 2457 1718 2520 sol,
1775 2457 1967 2511 breves
2030 2457 2082 2510 in

503 2556 729 2609 meridie
773 2555 993 2608 umbras
1026 2551 1208 2614 elllcit,
1257 2560 1543 2620 pr0pterea
1586 2548 1729 2617 quod
1759 2562 1821 2602 ex
1853 2547 1962 2601 alto
1993 2562 2084 2602 re-

502 2649 689 2718 giones
721 2653 933 2699 nostras
958 2643 1216 2696 illustrat.
1244 2640 1379 2698 Nam
1409 2639 1628 2695 maximi
1651 2639 1768 2694 dies
1793 2638 1826 2692 ii
1857 2647 2002 2701 sunt,
2030 2638 2082 2693 in

503 2740 700 2810 quibus
733 2739 938 2794 umbrae
971 2747 1097 2793 sunt
1130 2736 1464 2792 brevissima;
1493 2754 1506 2791 :
1542 2745 1597 2791 et
1641 2746 1850 2801 contra,
1882 2733 2084 2788 brevis-

503 2834 626 2888 simi
672 2833 787 2886 dies
823 2831 856 2886 ii
901 2841 1047 2896 sunt,
1089 2831 1179 2899 qui
1217 2828 1439 2882 umbras
1473 2827 1674 2883 habent
1719 2825 2081 2894 longissimas.

502 2928 669 2996 quue
697 2925 836 2995 apud
870 2939 968 2978 nos
999 2922 1282 2990 contingit,
1310 2922 1401 2992 qui
1429 2921 1762 2992 appellamur
1785 2920 2083 2985 litterascii,

500 3023 705 3092 quique
765 3017 1112 3086 aquilonares
1168 3023 1325 3070 terra:
1376 3023 1557 3085 partes
1607 3012 1934 3068 habitamus.
1983 3013 2083 3067 Ve-

504 3128 622 3166 rum
673 3109 816 3166 enim
849 3123 979 3163 vero
1009 3116 1135 3163 sunt
1169 3105 1429 3170 nonnulli,
1459 3106 1551 3176 qui
1585 3120 1679 3176 per
1725 3105 1860 3168 duos
1892 3105 2081 3158 unius-

2189 1986 2491 2056 γινομένων
2529 1985 2800 2056 διαδοχῆς.
2847 1985 3085 2039 Ἐκεῖθεν
3123 1986 3181 2040 δὲ
3226 1987 3326 2056 ἤδη
3378 1987 3513 2057 πρὸς
3563 1988 3801 2058 θερινὰς

2187 2077 2396 2148 τροπὰς
2444 2078 2533 2129 ἐπ’
2573 2077 2742 2147 αὐτὴν
2793 2077 2892 2147 τὴν
2936 2077 3134 2148 ἄρκτον
3173 2079 3490 2132 ἀπελαύνων
3522 2082 3552 2132 ὁ
3596 2082 3797 2152 ἥλιος,

2185 2171 2281 2235 τὰς
2331 2169 2592 2240 μεγίστας
2649 2172 2783 2241 ἡμῖν
2835 2171 2942 2224 τῶν
2988 2171 3214 2243 ἡμερῶν
3266 2172 3565 2243 παρίστησι
3618 2174 3793 2243 (44).

2187 2265 2297 2317 Καὶ
2351 2263 2440 2316 διὰ
2499 2264 2562 2318 τὸ
2613 2265 2706 2340 επὶ
2762 2263 3012 2316 πλεῖστον
3075 2264 3425 2335 προσομιλεῖν
3484 2266 3566 2334 τῷ
3623 2267 3792 2337 ἀέρι.

2187 2357 2347 2410 αὐτόν
2388 2373 2446 2410 τε
2508 2356 2881 2427 καταφρύσσει
2936 2355 3025 2409 τὸν
3095 2356 3238 2426 ὑπὲρ
3309 2356 3555 2427 κεφαλῆς
3623 2359 3794 2428 ήμῶι

2187 2446 2344 2516 ἀέρα,
2382 2447 2478 2499 καὶ¹
2500 2447 2598 2517 τὴν
2629 2448 2732 2517 γῆν
2754 2448 2934 2499 πᾶσαν
2957 2446 3366 2517 καταξηραίνει,
3393 2449 3505 2510 τοῖς
3526 2464 3589 2499 τε
3617 2448 3791 2518 σπέρ-

2189 2556 2353 2609 μασιν
2391 2539 2455 2592 ὲκ
2494 2538 2686 2592 τούτου
2733 2538 3012 2610 συνεργῶν
3073 2540 3210 2610 πρὸς
3241 2539 3338 2609 τὴν
3381 2539 3613 2610 ἆδρησιν
3644 2541 3787 2610 (45),

2186 2631 2282 2682 καὶ
2338 2630 2463 2692 τοὺς
2520 2629 2633 2682 τῶν
2701 2629 2936 2700 δένδρων
2995 2630 3245 2699 καρποὺς
3299 2631 3645 2698 κατεπείγων
3693 2633 3792 2684 ἐπὶ

2185 2722 2284 2793 τὴν
2319 2722 2508 2792 πέψιν·
2557 2724 2644 2774 ὅτε
2690 2723 2783 2774 καὶ
2831 2722 3269 2790 φλογωδέστατός
3321 2723 3470 2774 ἐστιν
3520 2723 3724 2776 ἑαυτοῦ
3761 2728 3791 2777 ὀ

2184 2815 2364 2885 ἥλιος,
2413 2814 2670 2886 βραχείας
2706 2814 2876 2868 ποιῶν
2927 2814 3027 2878 τὰς
3075 2815 3233 2878 σκιὰς
3282 2816 3376 2868 ἐπὶ
3418 2816 3517 2886 τῆς
3576 2834 3790 2888 μεσημ-

2187 2906 2369 2978 ϐρίας,
2413 2906 2500 2960 διὰ
2529 2907 2592 2960 τὸ
2633 2908 2724 2976 ἀφ’
2771 2905 2976 2978 ὑψηλοῦ
3008 2907 3097 2959 τὸν
3129 2908 3256 2976 περὶ
3292 2909 3439 2978 ἡμᾶς
3489 2909 3783 2980 καταλάμ-

2189 3017 2312 3054 πειν
2359 3000 2540 3053 τόπον.
2612 3000 2885 3069 Μέγισται
2934 2999 3043 3071 γάρ
3090 3002 3228 3053 εἰσιν
3286 3001 3533 3073 ἡμερῶν,
3585 3004 3644 3056 ἐν
3695 2999 3783 3067 αἷς

2190 3091 2527 3163 βραχύταταί
2579 3092 2716 3145 εἰσιν
2754 3093 2808 3144 αἱ
2857 3091 3040 3152 σκιαὶ,
3091 3093 3182 3144 καί¹
3237 3091 3574 3162 βραχύταται
3621 3094 3785 3148 πάλιν

503 3203 764 3271 cuiusque
805 3199 930 3254 anui
974 3197 1088 3252 dies
1126 3195 1348 3251 omnino
1391 3198 1582 3252 umbra
1619 3203 1826 3260 carent,
1862 3194 1914 3248 in
1966 3209 2080 3248 me-

2189 3185 2418 3255 ήμέραι,
2469 3184 2523 3236 αἱ
2583 3183 2681 3246 τὰς
2745 3183 2902 3246 σκιὰς
2975 3183 3193 3253 ἔχουσαι
3254 3185 3626 3256 μακροτάτας.
3670 3187 3786 3239 Καὶ

505 3297 640 3352 ridie
670 3290 948 3350 constituti
982 3309 994 3344 :
1027 3304 1161 3359 quos
1191 3305 1220 3343 a
1253 3287 1453 3343 vertice
1485 3287 1763 3342 illustrans
1796 3287 1900 3353 sol,
1937 3288 2082 3357 ipsos

502 3404 600 3445 suo
636 3387 840 3440 lumine
869 3385 940 3438 ita
971 3398 1034 3436 ex
1078 3397 1232 3450 aequo
1258 3381 1536 3436 undelibet
1565 3379 1993 3445 circumfundit,
2025 3392 2082 3434 ut

501 3482 664 3534 etiam
698 3488 982 3548 puteorum
1011 3473 1400 3546 profundorum
1433 3488 1571 3544 aqua
1611 3487 1705 3542 per
1735 3481 1958 3542 angusta
1985 3487 2080 3527 ora

502 3569 836 3623 illuminetur
868 3585 880 3621 :
920 3567 1060 3619 unde
1097 3565 1316 3633 quidam
1353 3562 1474 3619 illos
1509 3572 1704 3618 vocant
1738 3563 1849 3632 58
1883 3563 2077 3616 ascios.

501 3662 700 3718 Verum
752 3660 841 3728 qui
879 3660 1019 3713 ultra
1064 3667 1265 3712 terram
1320 3655 1646 3711 odoriferam
1702 3656 1969 3722 habitant,
2030 3656 2080 3709 in

500 3762 785 3820 utramque
819 3763 1025 3820 partem
1067 3750 1341 3804 alternant
1377 3748 1618 3802 umbras.
1671 3747 1779 3801 Soli
1820 3748 1964 3802 enim
2015 3762 2081 3801 ex

502 3846 585 3899 his
611 3844 700 3914 qui
737 3843 880 3898 hunc
912 3849 1155 3896 nostrum
1191 3841 1377 3894 orbem
1415 3838 1768 3892 habitabilem
1801 3835 2078 3904 incoliint,

499 3936 720 3991 umbras
753 3935 804 3987 in
851 3933 1075 3986 meridie
1110 3931 1176 3984 ad
1225 3929 1494 3984 australes
1535 3937 1721 3999 partes
1769 3927 2079 3984 demittunt.

504 4025 657 4082 Unde
687 4039 780 4079 eos
814 4022 1031 4092 quidam
1063 4020 1384 4090 amphiscios
1432 4028 1718 4074 vocarunt.
1747 4017 1856 4072 ‘Ubi
1900 4029 2080 4072 autem

500 4118 577 4173 sol
616 4117 728 4187 jam
761 4115 826 4169 ad
871 4114 1238 4182 aquilonarem
1287 4122 1496 4179 partem
1533 4111 1790 4174 transiit,
1825 4120 1937 4165 tum
1971 4111 2083 4164 lucc

499 4209 679 4262 omnia
713 4206 864 4260 fiunt.
916 4207 1059 4259 Sane
1099 4213 1332 4274 quantus
1361 4203 1433 4258 sit
1475 4203 1637 4256 ardor
1681 4203 1772 4272 qui
1803 4217 1868 4256 ex
1914 4202 2081 4256 radiis

499 4301 767 4358 solaribus
797 4300 907 4355 aeri
943 4298 1184 4361 accedit,
1217 4297 1474 4368 qualesve
1510 4311 1669 4350 casus
1700 4296 1984 4364 producat,
2016 4311 2081 4349 ex

500 4393 584 4447 bis
607 4389 915 4460 conjectare
943 4389 1087 4442 licet.
1123 4387 1259 4441 llinc
1293 4387 1537 4441 autumni
1571 4395 1782 4456 tempus
1811 4400 1906 4439 uos
1933 4387 2082 4440 exci-

496 4486 678 4554 piens,
725 4482 971 4552 infringit
1021 4480 1244 4551 quidem
1284 4481 1511 4534 nimium
1558 4491 1771 4544 aestum,
1821 4479 2077 4548 paulatim

2183 3278 2342 3331 τοῦτο
2391 3277 2521 3348 παρ’
2549 3279 2681 3348 ἡμῖν
2726 3277 2851 3341 τοῖς
2907 3277 3271 3345 ἑτεροσκίοις
3309 3278 3628 3348 λεγομένοις
3666 3281 3785 3333 ὅσοι

2182 3371 2251 3423 ιὰ
2297 3367 2521 3440 ἀρκτῷα
2562 3369 2662 3437 τῆς
2712 3368 2815 3438 γῆς
2859 3367 3221 3438 ἐποικοῦμεν·
3253 3370 3373 3422 ἐπεί
3412 3371 3518 3422 εἰσί
3566 3388 3633 3440 γε
3679 3373 3780 3442 ἠδη

2183 3463 2324 3525 τινὲς
2379 3463 2428 3515 οἱ
2485 3461 2626 3514 κατὰ
2686 3459 2779 3512 δύο
2833 3460 3056 3532 ἡμέρας
3109 3460 3204 3513 τοῦ
3265 3462 3464 3525 παντὸς
3525 3463 3782 3516 ἐνιαυτοῦ

2184 3558 2278 3610 καὶ
2302 3556 2482 3610 ἄσκιοι
2511 3553 2789 3617 παντελῶς
2842 3553 2984 3607 κατά
3026 3554 3123 3626 τὴν
3171 3555 3521 3626 μεσημϐρίαν
3554 3557 3780 3627 γινόμε-

2185 3666 2287 3712 νοι,
2323 3647 2419 3712 οὓς
2474 3647 2616 3701 κατὰ
2667 3647 2911 3717 κορυφῆς
2961 3647 3288 3718 ὲπιλὰμπων
3323 3651 3350 3701 ὀ
3383 3649 3560 3719 ἥλιος,
3600 3649 3776 3714 ἐξίσου

2186 3740 2520 3810 πανταχόθεν
2581 3739 2958 3810 περιφωτίζει,
2994 3739 3134 3792 ὥστε
3186 3741 3280 3793 καὶ
3343 3742 3452 3794 τῶν
3515 3745 3577 3795 ὲν
3623 3744 3773 3814 βάθει

2187 3834 2438 3904 φρεάτων
2469 3832 2528 3885 τὸ
2567 3830 2712 3903 ὕδωρ
2746 3831 2833 3884 διὰ
2888 3833 3124 3904 στομίων
3167 3833 3368 3886 στενῶν
3415 3835 3774 3906 καταλάμπε-

2188 3925 2331 3977 σθαιο
2353 3923 2475 3978 ὅθεν
2508 3925 2704 3989 αὐτούς
2734 3944 2879 3990 τινες
2910 3925 3002 3979 καὶ
3024 3927 3283 3992 ἀσκίειυς
3321 3926 3606 3981 καλοῦσιν.
3628 3927 3698 3982 Οἱ
3723 3930 3779 3982 ἃ

2186 4019 2442 4072 ἐπέκεινα
2465 4017 2564 4088 τῆς
2595 4019 3028 4091 ἀρωματοφόρου
3067 4020 3177 4089 (Mi)
3218 4021 3322 4092 γῆς
3348 4022 3435 4073 ἐπ’
3485 4022 3781 4093 ἀμφότερα

2185 4111 2283 4174 τὰς
2336 4113 2494 4174 σκιὰς
2545 4111 3039 4182 παραλλάσσουσιν.
3091 4112 3260 4165 Μόνοι
3303 4111 3412 4182 γὰρ
3455 4113 3512 4164 ὲν
3542 4117 3609 4184 τῇ
3650 4115 3778 4167 καθ’

2186 4205 2332 4274 ἡμᾶς
2359 4203 2654 4276 οἰκουμένῃ
2686 4205 2777 4256 ὲπὶ
2803 4203 2871 4256 τά
2894 4203 3043 4256 νότια
3095 4203 3236 4257 κατά
3277 4205 3376 4274 τὴν
3423 4205 3778 4277 μεσημϐρίαν

2184 4297 2284 4359 τὰς
2335 4296 2494 4358 σκιὰς
2558 4297 3003 4366 ἀποπέμπουσιν
3046 4295 3168 4350 ὅθεν
3223 4294 3418 4358 αὐτούς
3473 4312 3618 4359 τινες
3685 4301 3775 4350 καὶ

2184 4390 2548 4458 ἀμφισκίους
2573 4389 2876 4460 ὠνόμασαν.
2911 4389 3096 4443 Ταῦτα
3131 4389 3187 4442 δὲ
3233 4388 3407 4442 πάντα
3435 4388 3573 4460 πρὸς
3607 4388 3668 4440 τὸ
3692 4388 3775 4457 βό-

2189 4499 2334 4553 ρειον
2359 4482 2523 4554 μέρος
2559 4483 2987 4554 παροδεύσαντος
3013 4483 3113 4555 ἤδη
3137 4483 3458 4552 γίνεταιτοῦ
3484 4482 3776 4553 ἡλίου.“Εκ

497 4591 624 4632 vero
670 4577 738 4630 de
770 4575 950 4630 calore
993 4575 1298 4638 remittens,
1339 4589 1407 4629 ex
1459 4588 1517 4629 se
1551 4588 1648 4643 per
1700 4582 2081 4642 temperaturae

2189 4573 2242 4627 δὲ
2276 4573 2481 4628 τούτων
2522 4575 2761 4641 εἰκάζειν
2801 4575 2918 4628 ἐστι
2946 4576 3046 4646 τὴν
3075 4577 3139 4629 ὲκ
3165 4575 3264 4646 τῆς
3293 4575 3527 4647 ἡλιακῆς
3557 4576 3775 4639 ἀκτῖνος

494 4899 521 4950 δ
574 4823 705 4945 (-l
720 4822 870 4878 Colb.
901 4823 1168 4877 secundus
1192 4821 1331 4891 ὑπὲρ
1357 4820 1480 4892 γῆν.
1512 4819 1713 4875 Ibidem
1737 4820 1871 4891 Reg.
1895 4829 2083 4876 sextus

529 4911 669 4950 ιατοι
711 4911 780 4947 ει.

529 4911 780 4950 ιατριοει.

501 4912 944 5054 ῗιῖὶειῗῗοιίἰοθε
991 4975 1113 5019 octo
1137 4963 1360 5036 ἡμερῶν
1399 4961 1730 5036 περιίστησι.
1765 4961 1905 5017 Editi
1939 4979 2082 5034 παρ-

497 5053 696 5090 ιστησι.

720 5104 860 5159 Editi
887 5113 941 5158 et
979 5105 1127 5178 Regii
1153 5107 1383 5178 primus,
1418 5104 1607 5178 tertius
1627 5116 1689 5178 et
1711 5105 1931 5173 quintus
1957 5119 2077 5158 cum

495 5175 646 5233 Colb.
678 5175 1081 5249 secundojrrpb;
1114 5176 1211 5247 τὴν
1262 5177 1514 5249 ἀδρησιν.
1543 5175 1638 5249 _Ad
1667 5189 1847 5249 quam
1869 5188 2076 5249 _vocem

494 5249 868 5318 explicandam
895 5243 1238 5318 librariusfin
1273 5243 1516 5318 margine
1543 5243 1700 5312 Regii
1723 5245 1881 5318 primi
1913 5259 2078 5318 appo-

493 5311 601 5373 suit
629 5317 738 5377 illa,
769 5316 906 5388 πρὸς
948 5315 1009 5367 τὸ
1060 5317 1220 5388 ἁδρὸν
1264 5319 1358 5371 καὶ
1395 5311 1972 5388 Τπέπειρονᾼγενέσθαιί,
2005 5311 2077 5366 Ut

492 5405 664 5443 semen
701 5386 824 5440 bene
865 5386 1215 5440 nutritum—sit
1260 5400 1307 5442 et
1351 5386 1635 5441 maturum.
1667 5386 1832 5440 Coisl.
1873 5386 2078 5454 primus

494 5460 632 5531 πρὸς
650 5456 749 5531 τῂν
783 5455 1010 5528 aus,ch
1042 5457 1292 5531 ἂδρησιν.
1327 5458 1423 5513 Ubi
1475 5473 1631 5531 nemo
1657 5472 1783 5531 non
1812 5455 1959 5531 videt
1988 5470 2080 5506 vo-

494 5524 614 5584 cem
645 5524 874 5597 αὔξησιν
896 5524 926 5582 e
953 5524 1191 5649 margine
1224 5530 1274 5582 in
1309 5537 1509 5582 textum
1543 5528 1782 5581 ﬂuxisse.
1812 5524 2074 5588 Primum,

497 5609 556 5649 ut
603 5599 834 5649 videtur.
875 5611 982 5649 vox
1028 5615 1064 5649 α
1101 5597 1255 5649 Εησιν
1307 5599 1476 5649 posita
1533 5601 1710 5649 fuerat
1741 5598 1792 5649 in
1835 5596 2074 5649 margine

497 5609 556 5651 ut
603 5596 834 5662 videtur,
875 5611 982 5653 vox
1028 5596 1255 5668 αὓξησιν
1307 5599 1476 5668 posita
1533 5601 1710 5651 fuerat
1741 5598 1792 5650 in
1835 5596 2076 5662 margine

499 5678 757 5736 tauquam
812 5667 1188 5736 interpretatio
1229 5669 1373 5723 vocis
1413 5667 1641 5738 άδρησιν
1673 5683 1687 5721 :
1725 5667 1817 5721 sed
1864 5671 2070 5733 pdstea,

497 5743 642 5803 quod
695 5752 801 5790 non
861 5753 986 5791 raro
1033 5740 1288 5807 contigit,
1317 5741 1578 5793 translata
1633 5749 1718 5792 est
1753 5738 1804 5790 in
1845 5745 2068 5807 textum.

498 5807 682 5874 Itaque
714 5809 1008 5861 secundum
1036 5804 1702 5876 liancinterpretationem
1730 5807 1877 5870 illud,
1909 5804 2072 5875 ἄδρη-

498 5891 601 5938 σις,
632 5877 898 5946 signiﬁcat
927 5879 1025 5934 hoc
1047 5877 1164 5934 loco
1190 5890 1546 5948 augmentum.
1570 5879 1700 5950 Reg.
1728 5888 1910 5937 sextus
1937 5876 2070 5945 πρὸς

2190 4819 2592 4896 τὴνῃᾷδρμνσιν.
2625 4822 2786 4878 Coisl.
2825 4824 3094 4896 secundus
3118 4825 3363 4896 ἂδρυσιν.

2265 4891 2634 4968 (ῥϐγΕιίί-ιίηεῑ
2658 4897 2871 4968 codices
2897 4891 3393 4968 multi_simpliciter
3411 4893 3512 4964 τῆς
3548 4897 3773 4968 ἀρωμα-

2191 4961 2444 5040 τοφόρομ.
2477 4963 2628 5040 Colb.
2658 4966 2926 5040 secundus
2957 4961 3197 5040 et_Reg_._
3222 4961 3599 5040 οιξιανιιε-’τῆς
3622 4961 3767 5040 ἀρω-

2197 5033 2507 5104 ματοφόρου
2535 5033 2655 5102 γῆς.
2687 5033 2797 5089 Nec
2827 5033 3074 5090 fortassis
3097 5033 3254 5089 aliter
3276 5033 3403 5104 legit
3430 5033 3769 5101 Eustathius,

2194 5102 2285 5174 qui
2330 5102 2421 5174 sic
2465 5103 2851 5172 interpretatur
2883 5123 2897 5158 :
2933 5104 3026 5158 Illi
3071 5115 3246 5158 autent
3283 5102 3373 5174 qui
3416 5116 3570 5160 extra
3603 5119 3768 5162 terra;

2185 5171 2484 5244 odoriferas
2511 5171 2770 5227 habitant.
2815 5175 3112 5230 Cornarius
3150 5171 3397 5230 vero'sic
3429 5177 3631 5231 vertit:
3669 5179 3769 5244 Qui

2186 5255 2305 5320 vero
2337 5242 2476 5294 ultra
2505 5245 2901 5320 arogzalrferain
2935 5245 3185 5320 {Irabiam
3214 5244 3479 5320 habitant:
3505 5247 3586 5320 Ad
3623 5242 3768 5320 mar-

2184 5313 2364 5386 ginem
2391 5321 2568 5386 autem
2601 5313 2752 5386 Regii
2774 5316 2947 5386 primi
2989 5315 3238 5386 leguntur
3272 5314 3379 5376 illa,
3418 5317 3520 5386 τῆς
3553 5317 3764 5383 Ἰνδίας,

2182 5380 2363 5461 τῆςεν
2509 5384 2668 5461 νοτίῳ
2687 5380 2871 5461 ’μέρει
2920 5380 3268 5461 διακειμένης
3299 5401 3337 5461 :_
3357 5380 3768 5461 quibusﬂverbis

2185 5453 2388 5528 iudicat
2417 5453 2667 5528 librarius
2705 5453 2803 5528 Ιὶίο
2819 5453 3126 5528 sermonem
3153 5453 3338 5528 baberi
3370 5456 3439 5528 de
3469 5456 3614 5511 India
3644 5475 3762 5527 qua:

2185 5523 2238 5570 in
2272 5523 2494 5596 australi
2530 5535 2682 5596 parte
2708 5527 2809 5579 sita
2829 5535 2940 5596 est.
2987 5527 3028 5579 E
3067 5526 3289 5596 regione
3319 5526 3608 5596 verborum
3643 5523 3757 5582 illn-

2183 5603 2325 5665 ruin,
2350 5593 2752 5665 adducti-cepa
2783 5595 2883 5660 τὰς
2919 5597 3095 5659 σκιάς,
3129 5593 3269 5649 idem
3314 5595 3570 5652 librarius
3600 5613 3757 5664 appo-

2182 5661 2926 5739 suitetilla,'rro~cé'peuirrl.
2975 5667 3252 5739 cb_v6_1lO_V_
3295 5661 3757 5739 pégogdrtortéu-

2182 5745 2342 5807 πουσι
2373 5732 2472 5807 τὰς
2502 5735 2681 5798 σκιάς,
2710 5732 2850 5790 ’ποτὲ
2875 5737 2932 5790 δὲ
2974 5737 3067 5790 ἐπὶ
3094 5737 3154 5790 τὸ
3193 5732 3424 5807 βόρειον,
3455 5738 3611 5792 Nunc
3647 5732 3756 5807 qui-

2181 5800 2297 5878 dent
2326 5803 2394 5854 ad
2422 5810 2728 5878 australem,
2749 5824 2902 5878 nunc
2929 5824 3049 5861 vero
3081 5809 3151 5859 ad
3177 5800 3542 5878 aquilanarem
3565 5800 3753 5878 pariam

2180 5873 2391 5926 umbras
2418 5875 2716 5932 demittunt.
2745 5877 2884 5949 Lege
2918 5878 3191 5936 Duczcum.
