3850 6218
127 307 255 364 137

1255 303 1544 358 [IOMILIA
1584 300 1652 356 Vl
1692 300 1759 356 IN
1799 298 2297 358 IIEXAEMERON.

3329 293 3428 350 I38

130 433 512 504 ὲγγινομένην
551 429 796 502 πύρωσιν
832 426 910 500 τῷ
939 427 1082 499 ἀέρι,
1109 426 1208 496 ὅση
1237 424 1321 488 τίς
1349 421 1486 490 εστι,
1523 423 1619 477 καὶ
1649 440 1746 475 πο-
1775 481 1782 495 Α

1881 422 2276 479 iediocritatem
2310 420 2377 475 ad
2404 419 2638 475 hiemem
2669 432 2768 475 nos
2790 419 2927 475 citra
2959 431 3154 473 noxam
3185 417 3428 484 deducit,

133 523 340 578 ταπῶν
366 521 758 592 ἀποτελεστικὴ
797 517 910 589 (47)
959 515 1402 589 συμπτωμάτων.
1463 511 1744 566 Ἐντεῦθεν

135 618 509 690 διαδεξαμένη
536 619 687 688 ἡμᾶς
705 613 802 668 τοῦ
845 610 1162 684 μετοπώρου
1196 611 1229 680 ἡ
1275 607 1414 680 ὥρα,
1445 603 1742 677 ὑποθραύει

139 713 255 784 μὲν
287 711 383 765 τοῦ
399 710 624 780 πνίγους
653 707 766 781 (48)
787 707 848 760 τὸ
870 702 1230 775 ὑπερϐάλλον,
1265 698 1406 754 κατὰ
1445 697 1642 769 μικρὸν
1689 695 1748 748 δὲ

137 806 376 874 ὑφιεῖσα
401 804 500 874 τῆς
533 801 766 874 θέρμης,
811 798 900 852 διά
924 799 1024 868 τῆς
1055 794 1200 850 κατὰ
1224 792 1322 864 τὴν
1350 792 1547 863 κρᾶσιν
1590 787 1748 860 μεσό-

137 915 318 970 τητος
334 895 588 960 ἀϐλαϐῶς
614 896 766 966 ἡμᾶς
787 892 854 946 δι’
882 889 1080 961 ἑαυτῆς
1103 887 1182 959 τῷ
1202 881 1745 968 χειμῶνιὶπροσάγει·

139 965 400 1066 δηλονότι
426 987 524 1043 τοῦ
551 965 704 1059 ἡλίου
741 985 904 1040 πάλιν
940 983 1051 1037 ἀπὸ
1074 982 1182 1034 τῶν
1209 965 1598 1049 προσαρκτίων
1656 971 1750 1024 ἐπὶ

137 1085 227 1138 τὰ
249 1083 404 1138 νότια
433 1079 886 1152 ὑποστρέφοντος.
904 1069 1070 1129 Abeat
1092 1072 1200 1125 τῶν
1229 1068 1387 1141 ὡρῶν
1419 1067 1475 1122 αἱ
1505 1079 1751 1134 περιτρο-

145 1178 282 1241 παὶ,
333 1178 454 1239 ταῖς
501 1175 782 1244 κινήσεσιν
825 1169 1092 1238 ἑπόμεναι
1150 1163 1244 1216 τοῦ
1288 1161 1463 1233 ἡλίου,
1505 1159 1596 1211 τὸν
1638 1157 1750 1226 βίον

147 1269 296 1340 ἡμῖν
341 1263 740 1335 οίκονομοῦσιν.
803 1261 1126 1314 Ἔστωσαν
1171 1253 1250 1316 δὲ,
1298 1249 1466 1322 φησὶ,
1523 1245 1622 1300 καὶ
1666 1247 1750 1340 εἰς

148 1338 405 1430 ἡμέρας·
437 1357 537 1426 οὐχ
561 1353 702 1407 ὥστε
749 1351 962 1424 ἡμέρας
1005 1349 1201 1410 ποιεῖν,
1243 1343 1358 1398 ἀλλ’
1385 1340 1526 1394 ὥστε
1550 1338 1754 1408 κατάρ-

150 1468 279 1525 χειν
311 1449 420 1504 τῶν
447 1446 691 1519 ἡμερῶν.
732 1443 944 1514 Ἡμέρα
997 1440 1106 1511 γὰρ
1140 1436 1234 1490 καὶ
1271 1434 1367 1501 νὺξ
1407 1430 1754 1525 πρεσβύτερα

153 1523 263 1616 τῆς
294 1542 402 1596 τῶν
429 1543 732 1611 φωστήρων
767 1534 1055 1604 γενέσεως.
1093 1530 1264 1586 Τοῦτο
1296 1527 1404 1598 γὰρ
1426 1523 1756 1579 ἐνδείκνυται

153 1614 300 1710 ἡμῖν
333 1637 425 1690 καὶ
463 1637 490 1688 6
525 1632 738 1704 ψαλμὸς
789 1629 984 1698 λέγων·
1022 1627 1234 1679 Ἔθετο
1265 1621 1444 1689 ἥλιον
1475 1620 1563 1683 εἰς
1592 1614 1759 1680 ἐξου-

353 1727 464 1798 τῆς
497 1725 748 1796 ἡμέρας,
795 1719 1076 1788 σελήνην
1113 1715 1212 1770 καὶ
1245 1713 1508 1780 ἀστέρας
1550 1712 1638 1774 εἰς
1659 1708 1758 1770 ἐξ-

155 1822 392 1877 ουσίαν
413 1817 524 1886 τῆς
546 1816 788 1880 νυκτός.
845 1811 969 1874 Πῶς
998 1806 1091 1862 οὖν
1121 1805 1234 1876 ἔχει
1261 1804 1361 1874 τὴν
1383 1800 1633 1866 ἐξουσίαν
1662 1800 1761 1867 τῆς

1855 517 1968 572 sole
2011 514 2268 570 videlicet
2313 527 2504 568 rursus
2547 511 2614 567 ab
2663 511 2954 582 aquiloniis
2999 511 3309 580 regionibus
3363 511 3430 565 ad

1850 609 2129 665 austrinas
2157 613 2453 662 remeante.
2491 603 2586 660 Hae
2620 605 2775 675 ipsae,
2802 619 2923 674 quas
2954 603 3082 660 solis
3113 615 3319 660 motum
3345 618 3428 658 εει

1852 708 2118 770 quuntur,
2167 705 2475 766 temporum
2520 694 2944 762 vicissitudines,
2976 694 3140 748 vitam
3187 706 3430 748 nostram

1853 791 2227 846 moderantur.
2260 788 2402 854 Sint,
2429 789 2625 858 inquit,
2653 795 2699 842 et
2724 789 2778 842 in
2801 787 2936 853 dies,
2959 802 3065 842 non
3093 795 3150 842 ut
3173 787 3288 842 dies
3313 801 3435 842 con-

1855 885 2061 946 ﬁciant,
2095 883 2190 938 sed
2223 889 2283 935 ut
2307 880 2499 936 diebus
2525 881 2768 951 praesint.
2803 878 2928 934 Dies
2956 880 3099 934 enim
3141 889 3196 934 et
3222 895 3323 934 nox
3353 879 3435 932 lu-

1853 975 2152 1031 minarium
2175 982 2352 1030 ortum
2384 981 2814 1028 antecesserunt.
2841 971 3077 1042 ldipsum
3109 973 3252 1027 enim
3280 972 3435 1025 nobis

1854 1068 2096 1138 psalmus
2131 1067 2404 1130 declarat,
2453 1067 2504 1120 in
2541 1079 2649 1135 quo
2678 1065 2874 1120 dicitur
2903 1083 2914 1117 :
2960 1064 3145 1118 Posuit
3186 1063 3346 1117 solem
3381 1064 3440 1116 in

1853 1169 2161 1229 potestatem
2203 1159 2330 1224 diei,
2381 1157 2562 1210 lunam
2603 1166 2648 1210 et
2694 1155 2872 1208 stellas
2909 1155 2963 1208 in
2996 1165 3300 1225 potestatem
3341 1172 3438 1208 no-

1856 1255 1952 1308 clis
1975 1253 2062 1308 ⁸⁸³.
2097 1253 2378 1320 Quomodo
2401 1253 2565 1323 igitur
2594 1251 2676 1306 sol
2707 1253 2810 1306 diei
2844 1251 3050 1306 obtinet
3077 1251 3442 1320 potestatem?

1856 1347 1989 1412 Quia
2023 1346 2196 1400 lucem
2229 1346 2281 1398 in
2309 1346 2490 1414 seipse
2519 1341 2911 1399 circumferens
2932 1384 2946 1408 ,
2973 1343 3063 1396 ubi
3095 1345 3309 1397 tandem
3343 1344 3440 1396 ho-

1860 1429 2140 1492 rizontem.
2166 1445 2413 1492 nostrum
2459 1435 2622 1490 fuerit
2659 1444 3114 1505 praetergressus,
3157 1434 3438 1489 dissolutis

1861 1529 2170 1600 fugatisque
2206 1529 2449 1584 tenebris
2492 1529 2632 1584 diem
2684 1525 2860 1583 aﬂert.
2911 1529 3277 1594 Quamobrem
3332 1541 3437 1581 non

1861 1624 2148 1686 erraverit,
2181 1623 2272 1691 qui
2304 1622 2446 1676 diem
2478 1622 2549 1675 ita
2584 1619 2824 1684 dellniet,
2859 1629 2916 1673 ut
2948 1633 3128 1674 aerem
3158 1633 3276 1676 esse
3299 1617 3443 1671 dicat

1863 1728 1890 1765 a
1921 1712 2034 1767 sole
2077 1712 2440 1766 illuminatum
2463 1751 2478 1774 ,
2511 1719 2602 1764 aut
2639 1709 2899 1778 temporis
2942 1723 3282 1771 mensuram,
3337 1722 3444 1775 quo

1864 1803 1944 1858 sol
1976 1819 2140 1872 super
2173 1812 2376 1857 terram
2410 1803 2460 1856 in
2494 1811 2684 1856 nostro
2705 1799 3108 1868 hemisphaerio
3135 1813 3444 1853 commora-

155 1914 382 1986 ἡμέρας
407 1913 435 1964 ὁ
457 1911 643 1982 ἧλιος;
677 1909 802 1960 ’Ότι
831 1905 892 1958 τδ
932 1901 1047 1974 φῶς
1090 1903 1146 1954 ὲν
1191 1896 1369 1968 ἐαυτῷ
1420 1893 1755 1966 περιφέρων,

1880 1911 1970 1950 υτ.
2009 1895 2112 1950 Sed
2140 1905 2194 1949 et
2226 1895 2276 1950 in
2307 1908 2479 1948 annos
2511 1893 2590 1948 sol
2619 1901 2671 1946 et
2695 1892 2819 1946 luna
2847 1892 3080 1947 ordinati
3110 1899 3257 1945 sunt.
3293 1887 3443 1944 Luna

155 1981 392 2062 ὲ-πείδάν
421 1981 552 2058 ποτε
582 2004 674 2057 τὸν
703 2001 824 2056 καθ’
853 1999 1001 2070 ἡμᾶς
1035 1993 1288 2068 ὁρίζοντα
1311 1992 1584 2062 ὑπεράρῃ,
1625 1985 1762 2058 ἠμέ-

1880 1988 2080 2057 μιίᾱοηι
2115 1996 2399 2056 postquam
2429 1985 2722 2040 duodecies
2755 1999 2909 2038 suum
2942 1981 3170 2052 perfecit
3200 1995 3444 2042 cursum,

161 2116 272 2174 ραν
306 2099 534 2170 παρέχει
583 2095 844 2156 διαλύσας
884 2092 945 2144 τὸ
983 2089 1193 2149 σκότος.
1219 2085 1404 2164 ’Ὥστε
1433 2081 1536 2136 οὑκ
1571 2080 1636 2135 ἀν
1678 2094 1762 2141 τις

1880 2095 2066 2134 mnum
2115 2081 2326 2149 peragit
2357 2097 2369 2132 :
2414 2078 2518 2133 nisi
2555 2079 2698 2146 quod
2733 2091 2920 2130 mense
2956 2075 3266 2129 intercalari
3305 2085 3448 2141 saepe

155 2169 430 2263 ἀμάρτοι,
458 2189 671 2260 ἡμέραν
699 2185 1028 2257 ὁρισάμενος
1061 2178 1202 2234 εἶναι
1223 2178 1313 2232 τὸν
1345 2174 1452 2228 ὑπὸ
1475 2171 1569 2225 τοῦ
1610 2169 1761 2241 ἡλίου

1880 2187 2006 2244 )pus
2044 2182 2128 2228 est
2175 2172 2241 2226 ad
2297 2179 2610 2226 accuratum
2659 2177 3038 2238 tempestatum
3091 2180 3448 2228 concursum,

159 2257 583 2355 πεφωτισμένον
613 2280 772 2352 ἀέρα·
822 2278 878 2350 ἢ,
911 2273 1123 2346 ἡμέραν
1151 2268 1289 2324 εἶναι
1337 2269 1531 2341 χρόνου
1569 2264 1765 2335 μέτρον

1880 2263 2016 2318 velut
2049 2263 2351 2332 antiquitus
2385 2263 2618 2326 Hebraei,
2658 2273 2712 2315 et
2747 2259 3061 2316 Graecorum
3098 2257 3450 2314 vetustissimi

161 2377 228 2428 ὲν
331 2376 389 2428 ὲν
424 2346 514 2444 ’τῷ
549 2346 694 2444 ὑπὲρ
717 2370 822 2440 γῆν
844 2346 1192 2439 ημισφαιρίῳ
1235 2361 1432 2431 ὁῆλιος
1472 2355 1760 2426 διατρίϐει.

1880 2369 2072 2408 annum
2120 2354 2504 2410 metiebantur.
2545 2349 2952 2406 Anuus'antem
2989 2347 3206 2412 solaris,
3246 2346 3452 2400 reditus

177 2466 346 2521 Ἀλλά
377 2443 579 2529 καὶείς
615 2443 894 2524 ἐνιαυτοὺς
941 2457 1248 2528 ἐτάχθησαν
1297 2453 1450 2523 ἥλιος
1476 2450 1568 2503 καὶ
1605 2447 1764 2517 σελή-

1880 2457 1954 2502 est
1985 2446 2118 2502 solis
2147 2461 2213 2501 ex
2256 2446 2445 2524 eodem
2487 2445 2644 2516 signo
2687 2445 2739 2498 in
2783 2445 2922 2498 idem
2963 2443 3174 2512 signum
3205 2453 3300 2510 per
3329 2453 3454 2508 pro-

163 2575 260 2629 νη.
294 2558 498 2629 Σελήνη
545 2557 664 2627 μὲν,
721 2551 942 2606 ὲπειδάν
976 2546 1276 2607 δωδεκάκις
1310 2543 1403 2595 τὸν
1439 2540 1638 2608 ἑαυτῆς
1675 2539 1766 2589 ὲκ-

1880 2538 2051 2604 prium
2079 2545 2310 2592 motum.

163 2622 368 2724 τελέσῃ
419 2622 641 2720 δρόμον,
705 2641 954 2698 ἐνιαυτοῦ
999 2642 1115 2692 ἐστι
1160 2635 1439 2705 ποιητική·
1496 2631 1634 2700 πλὴν
1685 2630 1765 2682 ὅτι
1809 2628 1974 2699 μηνὸς
2025 2627 2323 2699 ἐμϐολίμου
2355 2628 2524 2682 δεῖται
2587 2628 2847 2691 πολλάκις
2893 2628 3025 2697 πρὸς
3087 2626 3186 2699 τὴν
3254 2622 3460 2696 ἀκριϐῆ

163 2745 288 2800 τῶν
319 2715 478 2815 digii“)
521 2715 846 2810 συνδρομὴν,
881 2735 956 2796 ὡς
996 2731 1234 2801 Ἑϐραῖοι
1269 2727 1331 2780 τὸ
1377 2723 1605 2778 παλαιὸν
1649 2722 1760 2792 (49)
1801 2721 1892 2774 τὸν
1934 2720 2180 2775 ἐνιαυτὸν
2213 2715 2348 2793 ἦγον
2377 2719 2608 2775 καὶτῶν
2651 2721 2917 2792 Ἑλλήνων
2984 2723 3030 2772 oi
3088 2718 3457 2790 ἀρχαιότατοι.

179 2811 441 2897 Ἠλιακὸς
469 2833 526 2886 δέ
549 2832 694 2885 ἐστιν
735 2825 978 2888 ἐνιαυτὸς
1017 2826 1050 2892 ἡ
1086 2823 1194 2876 ἀπὸ
1221 2819 1315 2872 τοῦ
1340 2814 1503 2871 αὑτοῦ
1535 2814 1760 2884 σημείου
1800 2813 1892 2866 ἐπὶ
1913 2813 1974 2866 τὺ
1997 2814 2128 2866 αὐτὸ
2151 2815 2374 2885 σημεῖον
2396 2813 2537 2867 κατά
2560 2815 2659 2885 τὴν
2682 2815 2885 2867 οἰκείαν
2923 2813 3133 2882 κίνησιν
3179 2811 3269 2864 τοῦ
3309 2811 3460 2881 ἡλίου

165 2928 642 2988 ἀποκατάστασις.
1530 2910 1533 2911 ⁷
1597 2905 1606 2912 ’

249 3023 306 3078 9.
333 3021 439 3075 Καὶ
468 3019 760 3085 ἐποίησεν
775 3019 816 3082 όζ
827 3016 970 3082 Θεὸς
1002 3011 1144 3076 τοὺς
1165 3011 1273 3064 δύο
1295 3004 1616 3077 gemat-ripae
1637 2999 1776 3064 τοὺς

1953 2998 2006 3053 9.
2037 2997 2107 3051 Ει
2129 2989 2255 3067 fecit
2281 2998 2418 3053 Deus
2445 3002 2549 3051 duo
2575 2998 2860 3051 luminaria
2887 3015 3073 3067 magna
3091 2998 3157 3051 ⁸⁷.
3182 2997 3314 3052 Cum
3347 3013 3462 3054 ma-

166 3113 501 3186 μεγάλους.
539 3107 761 3178 Ἐπειδὴ
804 3108 866 3162 τὸ
927 3107 1071 3177 μέγα
1117 3103 1181 3156 τὸ
1227 3101 1325 3172 μὲν
1357 3097 1621 3152 ἀπόλυτον
1664 3091 1776 3163 ἔχει

173 3211 282 3281 τὴν
306 3207 534 3261 ἔννοιαν·
574 3205 650 3268 ὡς
687 3203 862 3275 μέγας
895 3204 924 3254 6
959 3195 1212 3270 οὐρανὸς,
1253 3195 1348 3248 καὶ
1391 3189 1600 3263 μεγάλη
1621 3190 1655 3258 ἡ
1681 3187 1774 3281 γῆν

175 3280 278 3356 ma
331 3299 539 3372 μεγάλη
600 3295 710 3368 (50)
754 3297 788 3366 ἡ
847 3288 1216 3347 θάλασσα·τά
1257 3287 1328 3340 es
1383 3286 1458 3348 ὡς
1501 3281 1572 3336 τὰ
1607 3280 1778 3334 πολλά

177 3393 398 3462 πέφυκε
437 3392 576 3464 πρὸς
603 3391 788 3461 ἕτερον
816 3383 1205 3456 ἀναφέρεσθαι,
1231 3381 1305 3442 ὡς
1343 3379 1516 3450 μέγας
1538 3377 1566 3428 ὁ
1590 3375 1776 3464 ἵππος,

179 3487 281 3540 καὶ
311 3487 338 3538 ὁ
367 3463 492 3556 βοῦς
519 3485 546 3535 6
581 3482 754 3553 μέγας
805 3479 884 3550 (οὐ
919 3476 1029 3548 γὰρ
1057 3477 1115 3528 ἐν
1143 3476 1209 3544 τῇ
1240 3469 1512 3541 ὑπερϐολῇ
1548 3465 1654 3520 τῶν
1682 3463 1778 3518 τοῦ

183 3577 440 3648 σώματος
467 3575 668 3643 ὄγκων,
693 3571 805 3625 ἀλλ’
837 3572 895 3624 ὲν
919 3571 986 3640 τῇ
1011 3565 1146 3638 πρὸς
1184 3564 1253 3616 τά
1281 3563 1442 3632 ὅμοια
1479 3556 1778 3630 παραθέσει

179 3669 288 3740 τὴν
324 3667 628 3740 μαρτυρίαν
658 3665 750 3718 τοῦ
797 3663 1058 3736 μεγέθους
1105 3661 1172 3714 τὰ
1205 3657 1430 3712 τοιαῦτα
1463 3653 1775 3725 λαμϐάνει)-

183 3760 310 3822 πῶς
337 3759 510 3812 τοίνυν
547 3755 657 3828 (5-1)
690 3755 784 3809 τοῦ
809 3755 1045 3826 μεγάλου
1067 3751 1164 3823 τὴν
1195 3749 1404 3803 ἔννοιαν
1418 3741 1776 3814 έκδεξόμεθα;

185 3853 425 3924 Πότερον
450 3850 526 3913 ὡς
551 3850 641 3903 τὸν
665 3849 952 3919 μύρμηκα,
973 3843 1150 3916 amo
1170 3859 1222 3894 τι
1241 3839 1352 3894 τῶν
1369 3837 1527 3908 φύσει
1547 3833 1776 3907 μικρῶν,

194 3945 339 4018 μέγα
373 3939 854 4015 προσαγορεύομεν
877 3936 968 3991 διά
999 3936 1099 4006 τὴν
1135 3933 1271 4005 πρὸς
1295 3931 1364 3984 τά
1383 3929 1618 4000 ὁμογενῆ
1655 3924 1780 4018 ο·ύῖ-

187 4016 376 4108 κρισιν
401 4035 500 4106 τὴν
531 4031 802 4104 ὑπεροχὴν
847 4026 1282 4100 μαρτυροῦντες;
1324 4024 1356 4094 ἦ
1397 4021 1458 4075 τὸ
1503 4021 1643 4090 μέγα
1685 4016 1780 4071 νῦν

189 4129 388 4194 οὕτως,
415 4128 491 4192 ὡς
541 4128 600 4180 ἐν
645 4128 712 4196 τῇ
761 4123 940 4194 οἰκείᾳ
967 4120 1074 4174 τῶν
1125 4119 1428 4188 φωστήρων
1463 4111 1777 4178 κατασκευῇ

187 4221 290 4274 τοῦ
323 4219 586 4291 μεγέθους
617 4215 1057 4288 ὲμφαινομένου;
1104 4211 1246 4280 Ἐγὼ
1280 4209 1378 4280 μὲν
1406 4201 1558 4275 οἶμαι
1601 4201 1775 4254 τοῦτο.

193 4317 274 4372 Οὐ
299 4314 407 4384 γὰρ
435 4311 622 4383 ἐπειδὴ
654 4308 870 4381 μείζους
901 4306 1010 4360 τῶν
1036 4302 1374 4376 μικροτέρων
1397 4297 1662 4369 ἀστέρων,
1695 4293 1782 4400 διὰ
1812 4339 1859 4400 D

191 4407 353 4462 τοῦτο
386 4404 626 4476 μεγάλοι·
663 4401 778 4456 ἀλλ’
807 4397 994 4469 ἐπειδὴ
1017 4393 1264 4450 τοσοῦτοι
1295 4393 1394 4463 τὴν
1411 4385 1779 4462 περιγραφὴν,

193 4503 338 4557 ὥστε
381 4499 631 4570 ἐξαρκεῖν
680 4495 778 4567 τὴν
834 4495 928 4548 ἀπ’
961 4489 1142 4546 αὐτῶν
1183 4486 1552 4559 ἀναχεομένην
1607 4481 1782 4554 αὐγὴν

194 4594 294 4648 καὶ
320 4592 546 4663 οὐρανὸν
573 4587 938 4660 περιλάμπειν
971 4585 1065 4639 καὶ
1089 4583 1180 4635 τὸν
1209 4580 1368 4652 ἀέρα,
1395 4578 1490 4632 καὶ
1515 4573 1649 4646 ὁμοῦ
1679 4571 1784 4627 πά-

195 4701 270 4758 σῃ
309 4688 372 4756 τῇ
409 4687 478 4756 γῇ
509 4683 605 4736 καὶ
641 4683 706 4753 τῇ
737 4679 985 4750 θαλάσσῃ
1018 4669 1606 4746 συμπαρεκτείνεσθαι.
1635 4669 1702 4720 Οἵ
1719 4681 1783 4733 γε

194 4779 342 4834 κατὰ
367 4779 472 4832 πᾶν
506 4776 671 4846 μέρος
709 4773 804 4826 τοῦ
844 4769 1074 4842 οὐρανοῦ
1105 4767 1401 4837 γινόμενοι,
1438 4761 1533 4815 καὶ
1556 4760 1782 4814 ἀνατέλ-

193 4875 384 4934 λοντες
439 4871 534 4923 καὶ
565 4868 815 4938 δυόμενοι
862 4865 956 4917 καὶ
992 4863 1054 4914 τὸ
1109 4860 1272 4930 μέσον
1317 4855 1622 4925 ἐπέχοντες,
1679 4851 1784 4903 ξ’σοι

195 4958 538 5031 πανταχόθεν
569 4961 682 5022 τοῖς
721 4955 1028 5026 ἀνθρώποις
1069 4949 1478 5022 προφαίνονται,
1502 4946 1636 5016 ὅπερ
1660 4942 1790 4995 ἀπό-

269 5146 341 5178 ⁸⁶’
379 5143 522 5202 Psal.
549 5157 746 5211 cxxxv,
771 5141 824 5207 8,
853 5141 906 5196 9.
983 5141 1026 5172 ’³⁷
1067 5139 1202 5194 Gen.
1245 5151 1282 5202 ι,
1315 5137 1400 5190 l6.

298 5285 390 5350 47)
427 5285 563 5348 Reg.
605 5291 790 5338 sextus
815 5279 1076 5332 ποταπῶν
1111 5273 1608 5350 ἀποτελεσμάτικῂ.

301 5338 392 5424 L3,)
433 5338 546 5410 Τοῦ
561 5353 836 5424 πνίγους.
871 5353 940 5424 Et
970 5351 1058 5403 llic
1082 5351 1134 5402 itt
1169 5338 1418 5424 tuargine
1450 5338 1602 5424 Regi]
1629 5338 1788 5424 primi

200 5410 556 5482 inveniuntur
585 5410 698 5485 illa,
727 5410 821 5474 τοῦ
850 5421 1076 5490 πνίγους
1102 5417 1196 5472 τοῦ
1228 5410 1527 5490 καύματος.
1556 5410 1790 5490 ξῙνιγεὺς

199 5498 370 5568 γάρό
393 5494 667 5568 κλίϐανος.
688 5483 693 5485 ’
712 5483 1128 5568 ξΕντεῦθ-εξν-καὶ
1173 5483 1528 5568 πεπνιγμένη-
1555 5483 1724 5568 ὃρνξς,
1755 5483 1786 5548 ἡ

203 5551 266 5624 ἓν
288 5551 534 5637 ⁵κλιϐάνῳ
565 5551 895 5637 ὀπτηθεῖσα.-
917 5563 1170 5628 Πνίγους,
1225 5561 1273 5637 id
1305 5551 1404 5612 est.
1439 5551 1788 5637 ws'litszlvum

204 5623 450 5694 elibanus
473 5623 548 5692 est
575 5623 810 5703 pnigieus.
851 5633 983 5686 llim-
1014 5623 1166 5684 etiam
1191 5631 1320 5688 «vis,
1349 5643 1462 5694 quia
1493 5627 1542 5674 in
1579 5623 1784 5674 (libum)

205 5719 348 5764 tosta
370 5719 468 5766 est.
502 5719 748 5762 a'sluasse
773 5705 990 5758 dicitur.

281 5779 392 5848 (49)
546 5775 793 5842 Ἐϐραῖοί
817 5776 874 5826 τί
899 5777 1170 5827 fulua);
1195 5773 1331 5838 Legi:
1352 5777 1500 5821 utile-
1537 5764 1628 5816 lli"
1651 5762 1710 5816 πὶ
1739 5771 1786 5814 οἱ

1871 3097 2048 3162 ‘gnum
2083 3093 2242 3148 modo
2271 3091 2576 3147 absolutam
2603 3092 2803 3147 habeat
2830 3091 3263 3160 intelligentiam,
3294 3091 3462 3146 veluti

1883 3201 2136 3256 magnum
2165 3197 2243 3243 est
2275 3186 2495 3252 omium,
2535 3199 2728 3255 magna
2769 3193 2852 3239 est
2881 3195 3045 3246 terra,
3085 3197 3340 3254 magnum
3374 3193 3462 3237 est

1883 3295 2036 3336 mare
2074 3299 2088 3336 :
2125 3281 2285 3336 modo
2320 3294 2470 3345 vero,
2505 3279 2646 3348 quod
2687 3278 2846 3347 vulgo
2883 3277 2961 3338 lit,
2994 3277 3060 3329 ad
3107 3275 3336 3329 alterum
3378 3289 3466 3329 re-

1885 3375 2013 3430 ferri
2061 3375 2273 3431 soleat:
2311 3372 2544 3442 exempli
2596 3385 2782 3436 causa,
2833 3385 3064 3440 magnus
3112 3382 3319 3439 equus,
3371 3377 3466 3421 aut

1882 3481 2110 3536 magnus
2139 3467 2276 3522 bos:
2313 3481 2418 3520 non
2449 3464 2594 3520 enim
2622 3463 2690 3517 ob
2723 3461 2957 3532 amplam
2983 3475 3264 3530 corporeae
3304 3459 3466 3514 molis

1881 3561 2262 3634 quantitatem,
2304 3557 2400 3613 sed
2427 3558 2499 3613 ob
2529 3556 2832 3611 institutam
2865 3568 2988 3609 cum
3021 3552 3288 3608 similibus
3318 3566 3468 3606 com-

1883 3657 2242 3724 parationem,
2288 3648 2660 3705 testimonium
2701 3644 3096 3716 magnitudinis
3119 3657 3468 3711 consequunv-

1887 3757 1972 3801 tur
1998 3764 2010 3799 :
2045 3743 2316 3814 quomodo
2339 3741 2502 3811 igitur
2534 3738 2714 3809 magni
2744 3736 3200 3814 signiﬁcationem
3234 3733 3468 3802 accipie-

1885 3836 2046 3889 mus?
2093 3832 2284 3888 Utrum
2338 3828 2796 3898 quemadmodum
2849 3809 3134 3881 l‘ormicam
3180 3834 3276 3879 aut
3324 3825 3468 3878 aliud

1885 3923 2115 3995 quodvis
2139 3921 2341 3977 animal
2365 3927 2558 3990 suapte
2589 3927 2782 3972 natura
2808 3931 3061 3994 parvum,
3092 3931 3344 3985 magnum
3375 3929 3465 3983 ap.

1885 4017 2174 4086 pellamus,
2200 4014 2269 4070 ob
2295 4012 2496 4066 factam
2521 4024 2643 4064 cum
2679 4007 2802 4063 aliis
2824 4007 3064 4078 ejusdem
3091 4007 3305 4077 generis
3327 4019 3471 4058 com-

1884 4109 2264 4181 parationem,
2312 4103 2508 4158 molem
2557 4100 2717 4158 solito
2766 4099 3028 4169 majorem
3077 4097 3470 4154 testiﬁcantes?

1887 4215 1955 4254 an
1986 4212 2131 4254 nunc
2160 4208 2412 4265 magnum
2444 4190 2819 4260 accipiendum
2851 4199 2955 4254 est,
2981 4188 3054 4242 ita
3080 4199 3136 4241 ut
3163 4188 3216 4241 in
3249 4188 3471 4258 prepria

1887 4289 2240 4346 luminarium
2260 4284 2652 4342 constitutione
2676 4298 2740 4338 ac
2753 4291 2945 4337 natura
2965 4280 3274 4351 magnitudo
3293 4295 3467 4349 appae-

1891 4383 2014 4438 ret?
2033 4382 2146 4452 Ego
2163 4379 2415 4450 equidem
2440 4377 2519 4432 sic
2547 4377 2743 4432 sentio.
2771 4372 2887 4430 Non
2919 4358 3190 4445 59enim
3210 4373 3332 4442 quia
3355 4373 3473 4426 luce

1891 4474 2184 4530 luminaria
2217 4471 2422 4542 majora
2451 4477 2578 4524 sunt
2605 4467 2910 4522 minoribus
2939 4465 3130 4529 stellis,
3161 4465 3229 4520 ob
3263 4465 3314 4519 id
3350 4479 3472 4518 nia-

1891 4583 1996 4639 gna
2022 4577 2186 4622 sunt:
2219 4565 2314 4622 sed
2339 4562 2466 4632 quia
2498 4569 2707 4616 tantum
2732 4559 2933 4614 habent
2961 4558 3244 4622 ambitum,
3279 4565 3340 4611 ut
3365 4555 3473 4612 dif—

1895 4660 2046 4714 fusus
2071 4657 2138 4711 ab
2168 4657 2298 4726 ipsis
2327 4652 2582 4724 splendor
2611 4651 2749 4706 ccelo
2771 4659 2828 4705 et
2857 4649 2972 4704 aeri
2998 4647 3315 4704 illustrando
3341 4649 3475 4702 satis

1893 4752 1984 4816 sit,
2028 4763 2198 4818 seque
2237 4746 2399 4802 simul
2427 4745 2496 4799 ad
2534 4756 2750 4798 omnem
2783 4750 2982 4796 terram
3023 4749 3078 4794 et
3109 4755 3257 4794 mare
3288 4747 3478 4794 exten-

1893 4847 2006 4898 dat.
2032 4843 2164 4909 Qua:
2192 4853 2322 4896 sane
2345 4839 2400 4894 in
2422 4849 2749 4907 quacunque
2769 4834 2891 4890 cceli
2914 4841 3070 4902 parte
3101 4833 3322 4898 fuerint,
3350 4835 3476 4886 dum

1900 4949 1955 4995 et
1983 4937 2259 5000 oriuntur,
2297 4943 2352 4987 et
2383 4929 2660 4994 occidunt,
2703 4935 2757 4981 et
2797 4926 3034 4980 medium
3060 4933 3348 4994 occupant,
3379 4939 3480 4978 un-

1897 5261 2122 5318 lilorelli.

2115 5331 2188 5384 Ita
2219 5326 2373 5404 Regii
2399 5325 2711 5404 quinttis_et_
2731 5312 3483 5404 sextus..Ab'estuuexﬂqab

1894 5387 2140 5460 editis'et
2161 5415 2192 5454 a
2224 5387 2570 5452 Inditis-mss.
2603 5393 2807 5446 Ibidem
2836 5391 3005 5460 editio
3035 5387 3199 5442 Basil.
3227 5395 3482 5460 cunrsex

1897 5455 2124 5529 nisis—:16:
2155 5469 2232 5522 δέ.
2269 5467 2447 5521 Editio
2475 5465 2647 5518 Paris.
2675 5464 2734 5516 τὸ
2751 5463 2827 5515 δέ.
2857 5459 3051 5514 Statim
3080 5472 3211 5512 mss.
3241 5455 3486 5524 plerique

1895 5557 2083 5597 (mines
2116 5543 2144 5592 6
2173 5539 2298 5610 βοῦς
2333 5535 2524 5610 μέγας.
2563 5535 2700 5588 Edili
2732 5532 2916 5610 βοῦς-ό
2949 5529 3142 5610 μέγας.

1969 5595 2079 5683 (iii)
2119 5595 2582 5683 Coilices'naliquot
2611 5595 2748 5683 .cuni
2767 5595 2961 5683 “editis
2987 5595 3328 5683 πιῖ›ς.τοίνυν.
3349 5595 3484 5683 'Ptm

1898 5663 2028 5737 mss.
2062 5663 2178 5744 πῶς
2202 5680 2312 5732 νῦν.
2345 5663 2830 5744 Ποςίιιειίἰιιέπῶς
2853 5669 2943 5726 οὖν
2967 5671 3082 5723 νῦν,
3115 5667 3314 5722 [bide
3349 5663 3478 5730 aug.

1900 5765 2082 5811 sextus
2110 5743 2316 5806 ἔννοιαν
2345 5743 2713 5818 ἐκληψόμεθα.
