3850 6218
449 323 556 385 159

448 452 610 521 dique
646 450 715 505 ab
747 449 1057 507 hominibus
1087 453 1315 523 aequalia
1349 457 1779 528 conspiciuntur,
1807 460 1857 514 id
1884 460 2025 530 quod

450 547 771 600 immensam
820 558 1008 600 eorum
1058 546 1484 617 magnitudinem
1537 557 1722 621 aperte
1761 551 2023 616 ostendit,

445 634 888 705 quandoquidem
918 646 1076 692 terra:
1098 637 1327 693 latitudo
1358 640 1490 695 nihil
1512 640 1741 708 confert,
1779 656 1886 712 quo
1911 643 2023 711 ipsa

447 738 541 782 aut
568 728 772 799 majora
802 739 896 784 aut
921 730 1131 786 minora
1155 731 1459 787 videantur.
1486 731 1618 787 Nam
1646 749 1709 790 ea
1730 749 1848 804 qua:
1870 734 2026 804 longe

447 821 673 887 distant,
710 821 923 877 minora
948 822 1350 892 quodammodo
1379 826 1655 884 cernimus
1685 842 1700 880 :
1730 827 1796 881 ad
1826 842 1946 894 quae
1977 827 2022 880 si

448 911 669 980 propius
697 913 1033 979 accedimus,
1066 915 1261 971 melius
1292 930 1481 971 eorum
1512 917 1877 987 comperimus
1905 932 2020 972 ma-

448 1004 813 1073 gnitudinem.
850 1006 921 1060 At
968 1005 1069 1060 soli
1105 1008 1459 1077 propinquior
1504 1016 1590 1064 est
1628 1022 1808 1074 nemo,
1851 1006 1921 1063 ab
1959 1024 2025 1064 eo

447 1109 609 1150 nemo
641 1097 902 1151 remotior
927 1108 945 1151 :
968 1096 1065 1153 sed
1095 1111 1163 1153 ex
1191 1098 1387 1168 aequali
1420 1099 1705 1155 intervallo
1737 1100 2024 1170 quibusvis

443 1199 822 1256 quamcunque
886 1186 1125 1244 volueris
1186 1196 1346 1245 terra:
1399 1200 1606 1259 partem
1655 1190 2024 1247 habitantibus

441 1279 663 1335 obvium
710 1294 770 1335 se
807 1279 992 1336 offert.
1031 1281 1367 1352 Argumenta
1400 1283 1454 1337 id
1491 1282 1678 1351 fuerit,
1711 1285 1858 1354 quod
1907 1284 2020 1339 ludi

440 1374 589 1440 iuxta
618 1389 683 1429 ac
708 1371 956 1429 Britanni
978 1375 1154 1445 ipsum
1176 1376 1438 1446 aqualem
1456 1386 1803 1433 contuentur.
1833 1378 2023 1448 Neque

443 1463 590 1517 enim
616 1462 719 1529 sol,
743 1464 870 1517 dum
894 1464 1117 1530 occidit,
1147 1464 1575 1536 magnitudinem
1592 1481 1745 1521 suam
1776 1482 1905 1539 erga
1930 1484 2023 1524 eos

444 1555 536 1625 qui
572 1556 868 1611 orientales
904 1557 1157 1628 regiones
1193 1557 1458 1626 incolunt,
1490 1557 1763 1614 imminuit
1798 1578 1812 1614 :
1845 1575 2023 1631 neque

441 1644 624 1698 oriens
676 1644 976 1702 occidentis
1023 1646 1423 1725 habitatoribus
1470 1649 1647 1706 minor
1680 1659 1962 1720 comparet
2003 1668 2017 1705 :

442 1752 619 1808 neque
648 1753 774 1794 vero
801 1755 922 1794 eum
958 1740 1194 1795 medium
1229 1741 1431 1797 ctelum
1458 1742 1681 1815 attingit
1704 1784 1718 1808 ,
1756 1744 1820 1798 ii~
1853 1745 2020 1799 alter-

1796 341 1853 395 S.
1900 340 2147 396 BASILII
2189 339 2403 396 MAGNI

3617 345 3715 401 MO

2057 492 2099 548 Α
2132 460 2297 526 δειξιν
2326 460 2437 530 ἔχει
2476 460 2619 531 σαφῆ
2661 460 2759 530 τῆς
2805 458 2897 514 τοῦ
2941 461 3211 531 μεγέθους.
3238 461 3586 531 περιουσίας,
3639 462 3716 530 τῷ

2134 549 2301 620 μηδὲν
2348 550 2531 612 αὐτοῖς
2557 549 2940 620 ἐπισημαίνειν
2972 549 3031 603 τὸ
3072 549 3270 614 πλάτος
3296 550 3397 619 τῆς
3439 551 3552 620 γῆς
3582 551 3714 619 πρὸς

2127 642 2190 694 τὸ
2222 642 2476 712 μείζονας
2519 640 2694 695 δοκεῖν
2737 641 2770 713 ἢ
2825 641 3112 706 ἐλάττονας
3144 637 3301 694 εἶναι.
3342 641 3426 693 Τὰ
3465 641 3575 711 μὲν
3609 642 3716 711 γὰρ

2130 731 2411 803 πόρρωθεν
2426 732 2714 802 ἀφεστῶτα
2746 732 3042 804 μικρὸτερά
3060 750 3178 794 πως
3196 732 3431 804 ὁρῶμεν·
3459 728 3549 796 οἷς
3576 732 3623 784 δ’
3653 732 3716 785 ἂν

2132 824 2331 895 μᾶλλον
2370 824 2698 894 ἐγγίσωμεν,
2741 823 2941 895 μᾶλλον
2981 824 3160 878 αὐτῶν
3197 825 3259 877 τὸ
3298 823 3534 894 μέγεθος
3563 824 3713 891 ἐξευ-

2132 915 2408 986 ρίσκομεν.
2445 914 2535 985 Τῷ
2564 915 2621 968 δὲ
2645 914 2780 987 ήλίῳ
2801 915 2976 978 οὐδείς
3004 917 3152 970 ἐστιν
3185 916 3466 987 ἐγγυτέρω
3487 916 3589 968 καὶ
3622 915 3714 968 οὐ·

2126 1004 2236 1069 δεὶς
2265 1007 2616 1079 πορρωτέρω,
2644 1006 2781 1061 ἀλλὰ
2806 1008 2900 1061 ἀπ’
2940 1006 3055 1061 τσου
3080 1007 3174 1060 τοῦ
3199 1007 3387 1077 διαστή
3396 1023 3574 1077 ματος
3602 1009 3717 1069 τοῖς

2127 1097 2270 1151 κατὰ
2296 1100 2404 1152 πᾶν
2441 1100 2607 1171 μέρος
2640 1100 2739 1172 τῆς
2767 1101 2872 1169 γῆς
2897 1098 3328 1170 κατῳκισμένοις
3354 1097 3712 1170 προσϐάλλει.

2128 1184 2365 1261 Σημεῖόν
2390 1189 2468 1255 δὲ,
2503 1191 2584 1244 ὅτι
2610 1190 2705 1244 καὶ
2731 1190 2883 1244 Ἰνδοὶ
2914 1191 3009 1244 καὶ
3038 1190 3326 1263 Βρεττανοὶ
3350 1190 3444 1242 τὸν
3459 1188 3583 1241 ἴσον
3598 1188 3714 1256 (5%)

2127 1283 2435 1353 βλέπουσιν.
2465 1283 2602 1337 Οὔτε
2646 1283 2754 1355 γὰρ
2778 1287 2890 1348 τοῖς
2918 1284 3017 1354 τὴν
3042 1283 3181 1352 ἑῴαν
3207 1283 3414 1336 οἰκοῦσι
3442 1282 3715 1335 καταδυό-

2127 1391 2285 1445 μενος
2313 1376 2405 1428 τοῦ
2437 1375 2704 1445 μεγέθους
2748 1375 2991 1445 ὑφίησιν,
3025 1373 3149 1429 οὔτε
3176 1377 3289 1437 τοῖς
3319 1374 3456 1446 πρὸς
3474 1373 3718 1444 δυσμαῖς

2125 1467 2556 1537 κατῳκισμένοις
2607 1466 2914 1521 ἀνατέλλων
2965 1466 3200 1521 ἐλάττων
3259 1465 3531 1536 φαίνεταιο
3584 1463 3717 1518 οὔτε

2127 1559 2320 1631 μήνέν
2351 1560 2429 1629 τῷ
2461 1561 2907 1631 μεσουρανήματι
2933 1559 3235 1629 γινόμενος,
3268 1559 3368 1628 τῆς
3396 1559 3481 1627 ἐφ’
3512 1555 3717 1611 ἑκάτε-

2124 1666 2193 1720 ρα
2230 1649 2340 1720 (5⁸5)
2370 1650 2545 1719 ὅψεως
2577 1649 2965 1722 παραλλάττει.
3018 1651 3109 1721 Μὴ
3163 1649 3489 1716 ἐξαπατάτω
3547 1664 3610 1700 σε
3652 1646 3719 1700 τὸ

2123 1740 2463 1811 φαινόμενονο
2510 1740 2631 1813 μηδ’
2655 1742 2738 1795 ὅτι
2768 1743 3035 1813 πηχυαῖος
3068 1743 3180 1804 τοῖς
3210 1739 3375 1810 ὁρῶσι
3422 1739 3595 1803 δοκεῖ,
3623 1756 3720 1791 το-

439 1837 614 1885 utram
644 1839 853 1900 partem
884 1832 1141 1888 immutat
1177 1844 1476 1904 aspectum.
1513 1835 1657 1892 Cave
1687 1846 1740 1892 te
1787 1837 2015 1907 decipiat

2126 1833 2313 1887 σοῦτον
2354 1835 2518 1888 αὐτὸν
2546 1830 2687 1888 εἶναι
2715 1834 2926 1906 λογίσῃ.
2964 1833 3341 1905 Συναιρεῖσθαι
3385 1832 3497 1904 γὰρ
3536 1831 3721 1900 πέφυ-

437 1922 652 1989 species
683 1922 851 1988 solis;
879 1938 1057 1993 neque
1084 1925 1210 1994 quia
1241 1927 1495 1982 cubitalis
1517 1928 1872 1983 cernentibus
1897 1942 2019 1984 esse

441 2011 670 2079 videtur,
702 2011 843 2067 hanc
870 2013 970 2083 ipsi
1004 2012 1187 2070 inesse
1211 2018 1642 2087 magnitudinem
1671 2028 1848 2089 putes.
1881 2019 2019 2074 Con-

439 2102 579 2156 trahi
627 2117 862 2173 namque
915 2105 970 2158 in
1016 2105 1270 2159 maximis
1306 2108 1586 2162 distantiis
1640 2108 1781 2163 solet
1826 2124 2014 2164 eorum

438 2205 558 2262 qua:
586 2202 884 2247 cernuntur
911 2194 1249 2263 magnitudo,
1278 2197 1499 2264 quando
1539 2199 1759 2268 quidem
1791 2201 1872 2255 vis
1902 2200 2019 2269 ipsa

436 2281 695 2336 cernendi
727 2297 833 2337 non
865 2294 1042 2352 potest
1064 2282 1180 2339 loca
1212 2284 1529 2355 interposita
1556 2300 1841 2356 penetrare
1872 2309 1888 2347 :
1922 2293 2016 2346 sed

435 2371 585 2428 velut
608 2373 662 2427 in
683 2374 858 2428 medio
883 2376 1059 2444 spatio
1077 2375 1403 2443 absumitur,
1429 2387 1520 2432 aut
1546 2393 1707 2447 parva
1734 2380 1816 2434 sui
1847 2379 2017 2449 ipsius

435 2471 615 2534 parte,
658 2477 721 2518 ea
754 2478 875 2533 quas
921 2467 1335 2535 conspiciuntur
1377 2468 1619 2539 attiugit.
1666 2469 1800 2524 Cum
1852 2471 2017 2541 igitur

440 2556 586 2610 visus
612 2564 797 2611 noster
819 2571 1017 2628 parvus
1044 2559 1123 2621 iit,
1150 2568 1261 2613 tum
1297 2561 1349 2615 in
1384 2577 1544 2616 causa
1571 2570 1655 2617 est
1676 2577 1775 2617 cur
1797 2577 1862 2617 ea
1887 2578 2007 2631 quae

436 2648 796 2718 aspiciuntur,
825 2660 1145 2721 reputeutur
1174 2668 1364 2722 parva,
1398 2669 1495 2708 sua
1528 2654 1696 2723 ipsius
1726 2654 2017 2710 affectione

435 2742 492 2794 in
526 2755 612 2797 res
643 2750 964 2814 conspectas
995 2744 1278 2801 translata.
1309 2746 1509 2813 Quare,
1544 2748 1590 2802 si
1616 2747 1825 2803 fallitur
1842 2749 2013 2814 visus,

437 2832 573 2889 fides
604 2834 746 2888 nulla
769 2835 979 2905 judicio
1022 2836 1163 2893 illius
1201 2848 1286 2893 est
1331 2839 1659 2895 adhibenda.
1704 2840 2015 2896 Memineris

436 2943 602 2996 porro
632 2939 846 2983 tuorum
886 2930 1054 2998 ipsius
1090 2928 1407 2995 affecwum,
1438 2941 1490 2986 et
1526 2948 1555 2986 a
1601 2943 1654 2987 te
1687 2933 1804 3002 ipso
1825 2947 2013 2988 eorum

435 3035 557 3083 quae
588 3020 849 3074 dicuntur
891 3021 1119 3076 habebis
1143 3033 1520 3091 argumentum
1545 3032 1709 3092 atque
1735 3023 2014 3092 probatio-

436 3125 580 3167 nem.
623 3111 681 3166 Si
724 3127 960 3183 unquam
1003 3126 1074 3168 ex
1118 3114 1298 3184 magni
1332 3115 1531 3169 montis
1556 3114 1841 3171 cacumine
1867 3129 2016 3169 cam-

438 3217 563 3267 pum
590 3202 861 3272 ingentem
886 3202 1047 3259 simul
1075 3212 1130 3259 et
1151 3204 1402 3274 supinum
1427 3206 1779 3276 conspexisti,
1809 3217 2012 3277 quanta

438 3292 533 3346 tibi
589 3293 702 3346 visa
758 3303 884 3347 sunt
937 3294 1098 3349 boum
1155 3291 1329 3364 juga?
1390 3297 1577 3366 quanti
1636 3306 1693 3351 et
1742 3297 1842 3368 ipsi
1891 3312 2015 3352 ara-

436 3384 627 3438 tores?
652 3386 845 3439 Annon
875 3386 1165 3454 quamdam
1199 3384 1552 3443 formicarum
1585 3388 1875 3458 imaginem
1919 3389 2014 3443 tibi

437 3485 897 3545 repraesentaruut
915 3477 938 3531 Ἰ
957 3477 1014 3532 Si
1038 3493 1170 3533 vero
1193 3487 1249 3534 et
1278 3494 1306 3532 a
1331 3479 1550 3548 specula
1583 3481 1649 3534 ad
1681 3490 1893 3536 vastum
1919 3496 2014 3551 pe-

434 3567 591 3637 lagus
635 3582 901 3623 conversa
942 3570 1132 3624 oculos
1167 3570 1221 3624 in
1267 3586 1418 3625 mare
1463 3571 1766 3639 coniecisti,
1800 3583 2015 3643 quantae

438 3656 536 3712 tibi
584 3657 716 3713 visas
754 3667 882 3713 sunt
919 3658 1106 3714 insulae
1138 3661 1428 3715 maximas?
1457 3671 1657 3729 quanta
1691 3677 1877 3717 rursus
1919 3662 2013 3716 tibi

438 3749 695 3818 apparuit
727 3764 831 3803 una
879 3750 1035 3805 navis
1075 3751 1329 3806 oneraria
1373 3761 1427 3805 et
1474 3752 1832 3821 praagrandis,
1881 3751 2017 3806 albis

432 3842 570 3897 velis
608 3856 771 3912 super
797 3842 1086 3898 caeruleum
1119 3858 1271 3897 utare
1306 3843 1562 3897 invecta?
1596 3843 1785 3898 Nonne
1813 3844 2008 3912 imagi-

436 3950 560 3989 nem
596 3935 689 3988 tibi
720 3935 968 3990 exhibuit
991 3937 1185 4006 quavis
1217 3935 1469 3991 columba
1499 3936 1807 3992 mitiorem?
1842 3937 1977 4003 Quia
1997 3978 2013 4004 ,

436 4042 496 4083 ut
523 4029 632 4083 dixi
657 4067 673 4093 ,
703 4029 852 4084 visus
878 4029 933 4084 in
963 4044 1089 4085 aere
1129 4040 1514 4098 consumptus,
1558 4030 1716 4085 exilis
1740 4032 1978 4087 evadens
1998 4073 2013 4096 ,

438 4138 527 4177 res
557 4123 729 4177 oculis
760 4121 1030 4191 subiectas
1071 4132 1327 4182 accurate
1357 4122 1767 4192 apprehendere
1805 4126 2012 4193 nequit.

435 4213 576 4278 Quin
608 4223 662 4268 et
696 4224 948 4283 aspectus
989 4213 1258 4269 maximos
1290 4224 1501 4270 montes
1551 4214 1836 4284 profundis
1865 4216 2017 4270 valli.

435 4306 538 4361 bus
573 4306 832 4374 abruptos
853 4347 868 4375 ,
901 4307 1163 4362 rotundos
1193 4316 1248 4360 et
1294 4306 1438 4361 leves
1470 4320 1592 4362 esse
1622 4307 1827 4376 iudicat
1848 4350 1863 4375 ,
1892 4324 2014 4365 eum

437 4398 508 4450 sit
538 4397 602 4450 ad
635 4395 780 4450 solas
805 4395 1133 4451 eminentius
1159 4397 1425 4459 intentus,
1457 4411 1556 4451 nec
1580 4411 1817 4453 concava
1851 4398 2017 4453 inter-

436 4490 610 4545 media
661 4501 883 4560 propter
930 4488 1362 4545 imbecillitatem
1414 4490 1624 4558 ingredi
1680 4500 1863 4560 queat.
1920 4491 2012 4546 Sic

2121 1943 2216 1979 κεν
2254 1929 2313 1979 ὲν
2342 1930 2453 1990 τοῖς
2500 1926 2775 1998 μεγίστοις
2823 1927 3156 1999 διαστήμασι
3206 1924 3275 1979 τά
3334 1924 3542 1996 μεγέθη
3602 1925 3719 1977 τῶν

2118 2018 2431 2088 ὁρωμένων,
2463 2018 2564 2090 τῆς
2592 2018 2857 2090 ὁρατικῆς
2907 2017 3192 2088 δυνάμεως
3243 2017 3344 2070 οὐκ
3389 2016 3718 2086 ἐξικνουμέ-

2120 2124 2217 2177 νης
2246 2108 2356 2179 (54)
2386 2108 2476 2160 τὸν
2510 2108 2711 2178 μεταξὺ
2739 2109 2902 2162 τόπον
2945 2108 3228 2180 διαπερᾷν,
3263 2108 3376 2164 ἀλλ’
3419 2109 3593 2163 οἱονεὶ
3625 2111 3714 2163 ὲν.

2118 2200 2518 2274 δαπανωμένης
2546 2203 2624 2273 τῷ
2656 2202 2824 2273 μέσῳ,
2854 2202 2950 2255 καὶ
2979 2203 3099 2255 κατ’
3125 2200 3304 2271 ὀλίγον
3337 2201 3512 2272 αὐτῆς
3541 2201 3712 2274 μέρος

2119 2292 2563 2366 προσϐαλλούσης
2592 2296 2703 2357 τοῖς
2731 2292 2967 2364 ὁρατοῖς.
2998 2291 3185 2364 Μικρὰ
3212 2286 3304 2346 οὖν
3329 2293 3362 2363 ή
3385 2292 3513 2360 ὄψις
3545 2291 3711 2362 ἡμῶν

2118 2385 2405 2457 γινομένη,
2440 2385 2613 2457 μικρά
2641 2384 2863 2455 ἐποίησε
2887 2383 3205 2455 νομίζεσθαι
3233 2383 3300 2437 τὰ
3337 2383 3620 2455 ὁρώμενα,
3647 2383 3713 2438 τὸ

2118 2478 2318 2530 οἰκεῖον
2351 2475 2525 2540 πάθος
2560 2478 2673 2540 τοῖς
2687 2477 2903 2547 ὁρατοῖς
2927 2478 3279 2549 ἐπιφέρουσα.
3313 2477 3478 2529 Ὥστε
3500 2479 3554 2530 εί
3575 2477 3710 2546 ψεύ-

2116 2566 2267 2619 δεται
2302 2565 2415 2635 (55)
2451 2568 2484 2636 ἡ
2520 2565 2661 2635 ὄψις,
2706 2564 2934 2619 ἄπιστον
2967 2566 3029 2619 τὸ
3067 2569 3367 2640 κριτήριον.
3434 2567 3709 2638 Ύπομνή-

2118 2656 2275 2728 σθητι
2295 2656 2352 2710 δὲ
2370 2656 2479 2709 τῶν
2502 2656 2717 2711 οἰκείων
2748 2655 2957 2721 παθῶν,
2993 2658 3087 2710 καὶ
3118 2657 3268 2729 παρὰ
3300 2656 3531 2711 σεαυτοῦ
3563 2655 3707 2722 ἔξεις

2115 2745 2225 2800 τῶν
2255 2746 2565 2818 λεγομένων
2597 2746 2698 2816 τὴν
2742 2747 2946 2800 πίστιν.
2978 2747 3045 2800 Εἴ
3071 2764 3200 2801 ποτε
3237 2748 3344 2801 ἀπὸ
3387 2748 3707 2820 ἀκρωρείας

2120 2836 2362 2907 μεγάλης
2392 2837 2573 2891 πεδίον
2606 2836 2745 2901 εἶδες
2770 2837 2904 2890 πολύ
2952 2855 3013 2891 τε
3041 2840 3134 2892 καὶ
3166 2837 3375 2902 ὕπτιον,
3402 2839 3572 2908 ήλίκα
3606 2840 3704 2909 μὲν

2118 2944 2200 2982 σοι
2219 2928 2329 2982 τῶν
2362 2928 2499 2999 βοῶν
2533 2927 2646 2998 (56)
2677 2928 2953 3000 κατεφάνη
2992 2930 3062 2983 τὰ
3087 2928 3287 2998 ζεύγης
3330 2928 3556 2999 πηλίκοι
3578 2929 3635 2981 δέ
3655 2930 3705 2981 οἱ

2118 3023 2385 3094 ἀροτῆρες
2413 3020 2594 3085 αὐτοί;
2621 3022 2684 3074 Εἰ
2716 3020 2793 3092 μὴ
2821 3023 3125 3092 μυρμήκων
3153 3022 3276 3074 τινά
3304 3038 3385 3073 σοι
3426 3022 3706 3092 παρέσχον

2118 3116 2448 3185 φαντασίαν;
2478 3115 2539 3167 El
2572 3114 2630 3168 δὲ
2668 3116 2760 3167 καὶ
2786 3114 2895 3167 ἀπὸ
2922 3115 3151 3178 σκοπιᾶς
3175 3114 3267 3166 ἐπὶ
3289 3113 3432 3185 μέγα
3465 3115 3706 3182 πέλαγος

2115 3209 2503 3280 τετραμμένης
2538 3210 2604 3279 τῇ
2636 3206 2878 3279 Θαλάσσῃ
2904 3207 3004 3270 τὰς
3019 3206 3171 3277 ὄψεις
3198 3206 3483 3270 ἐπέϐαλες,
3513 3207 3706 3278 ἡλίκαι

2120 3306 2217 3374 μέν
2250 3320 2330 3357 σοι
2346 3301 2532 3367 ἔδοξαν
2553 3297 2692 3357 εἶναι
2722 3301 2828 3355 τῶν
2858 3303 3035 3372 νήσων
3057 3303 3111 3355 αἱ
3147 3302 3399 3373 μέγισται
3425 3301 3573 3369 (57);
3600 3318 3707 3371 πη-

2116 3396 2239 3467 λίκη
2273 3395 2329 3448 δέ
2365 3412 2447 3449 σοι
2482 3395 2759 3467 κατεφάνη
2807 3395 2905 3465 μία
2929 3393 3037 3448 τῶν
3075 3394 3419 3466 μυριοφὸρων
3459 3394 3709 3448 ὁλκάδων

2115 3486 2327 3551 λευκοῖς
2369 3487 2557 3550 ἱστίοις
2585 3486 2724 3557 ὑπὲρ
2769 3485 2973 3555 κυανῆς
3019 3485 3353 3555 κομιζομένη
3389 3484 3705 3554 θαλάσσηςς

2117 3580 2179 3634 Εἰ
2204 3580 2277 3651 μὴ
2296 3580 2473 3650 πάσης
2485 3580 2812 3651 περιστερᾶς
2828 3578 3157 3649 μικροτέραν
3171 3595 3251 3631 σοι
3265 3577 3573 3648 παρέσχετο
3589 3578 3707 3649 (58)

2116 3669 2214 3740 τὴν
2233 3671 2563 3738 φαντασίανς
2592 3669 2756 3732 Διὸτι,
2796 3667 3047 3739 καθάπερ
3083 3668 3240 3740 ἔφην,
3268 3669 3705 3738 ἐνὸαπανηθεῑσα

2116 3761 2195 3833 τῷ
2228 3762 2349 3834 ἀέρι
2380 3764 2415 3832 ή
2439 3760 2581 3829 ὄψις,
2617 3759 2860 3831 ἐξίτηλος
2883 3761 3165 3831 γινομένη,
3196 3761 3331 3831 πρὸς
3358 3761 3457 3830 τὴν
3490 3762 3704 3833 ἀκριϐῆ

2118 3854 2421 3924 κατάληψιν
2448 3854 2557 3907 τῶν
2602 3854 2896 3925 ὁρωμένων
2924 3855 3023 3906 οὐκ
3052 3856 3293 3924 ἐξαρκεῖ.
3325 3853 3463 3923 Ἥϐη
3495 3853 3555 3906 δέ
3599 3871 3707 3907 που

2119 3945 2213 3997 καὶ
2251 3944 2359 3997 τῶν
2412 3942 2554 4016 ὁρῶν
2596 3942 2667 3996 τὰ
2721 3942 2972 4013 μέγιστα,
3028 3944 3272 4014 βαθείαις
3304 3944 3579 4015 φάραγξιν
3606 3947 3708 3997 ὲκ-

2116 4035 2436 4105 τετμημένα
2459 4032 2593 4105 (59),
2622 4034 2894 4104 περιφερῆ
2917 4034 3012 4087 καὶ
3039 4033 3157 4087 λεῖα
3191 4036 3222 4105 ή
3248 4034 3369 4102 ὄψις
3383 4030 3524 4088 εἴναί
3546 4052 3705 4102 φησι,

2118 4127 2236 4187 ταῖς
2274 4124 2487 4195 ἐξοχαῖς
2532 4123 2945 4195 προσϐάλλουσα
2979 4125 3188 4195 μόναις,
3228 4128 3346 4188 ταῖς
3379 4126 3437 4178 δὲ
3496 4126 3707 4195 μεταξὺ

2118 4215 2423 4285 κοιλὸτησιν
2450 4214 2685 4285 ἐμϐῆναι
2712 4214 2779 4267 δι’
2813 4215 3031 4269 ἀτονίαν
3067 4216 3140 4288 μὴ
3178 4216 3475 4287 δυναμένη.
3513 4216 3713 4279 Οὕτως

2117 4308 2239 4360 οὐδὲ
2285 4306 2354 4359 τά
2409 4308 2661 4377 σχήματα
2691 4306 2800 4359 τῶν
2840 4307 3107 4377 σωμάτων
3148 4307 3309 4360 ὁποῖά
3345 4308 3462 4360 ἐστι
3503 4305 3709 4358 διασώ-

2118 4397 2200 4461 ζει
2232 4397 2367 4465 (60)·
2398 4396 2535 4450 ἀλλὰ
2564 4400 2882 4470 περιφερεῖς
2904 4396 3078 4450 οἴεται
3103 4392 3242 4451 εἶναι
3269 4398 3396 4460 τοὺς
3418 4396 3709 4467 τετραγώ-

2118 4506 2241 4553 νους
2274 4489 2379 4543 τῶν
2412 4487 2657 4558 πύργων.
2700 4488 2864 4541 Ὥστε
2909 4488 3247 4559 πανταχόθεν
3291 4486 3471 4559 δῆλον,
3512 4487 3599 4539 ὅτι
3645 4488 3709 4539 ἐν

435 4594 610 4651 neque
661 4596 950 4650 conporum
997 4581 1200 4651 figuras
1239 4581 1429 4650 quales
1474 4591 1602 4636 sunt
1646 4593 1866 4637 servat:
1917 4583 2010 4637 sed

2126 4584 2235 4645 ταῖς
2269 4581 2556 4651 μεγίσταις
2587 4581 2957 4634 ἀποστάσεσιν
2984 4580 3085 4633 οὐκ
3105 4578 3386 4651 ἔναρθρον,
3408 4578 3546 4632 ἀλλὰ
3572 4594 3711 4647 συγο

433 4658 832 4744 quadrangulas
860 4684 1035 4729 turres
1065 4682 1262 4728 teretes
1291 4687 1411 4728 esse
1436 4683 1608 4742 putat.
1639 4673 1815 4740 Quare
1836 4674 1999 4728 unde-

502 4852 614 4926 (52)
649 4852 811 4926 Editi»
840 4869 961 4926 cum
1008 4853 1190 4926 Regiis
1228 4857 1399 4926 tertio;
1426 4865 1483 4909 et
1530 4857 1721 4926 quinto
1747 4856 1841 4908 τὸν
1873 4855 2005 4909 ἴσον.

431 4924 585 4977 Coll).
613 4924 883 4977 secundus
911 4924 1003 4978 τὸν
1032 4925 1169 4994 ήλίῳ
1210 4927 1343 4980 ἴσον.
1380 4924 1530 4993 Regii
1549 4924 1750 4982 sextus
1774 4936 1830 4981 et
1862 4940 2011 4981 octa-

433 5010 530 5045 \us
570 4994 630 5045 τὸ
655 4994 789 5056 ἴσον,
831 4995 1121 5059 aequaliter,
1154 4998 1293 5050 bOna
1327 4997 1504 5050 lectio.

501 5062 616 5131 (55)
670 5063 785 5131 Τῆς
804 5064 895 5133 ἐφ’
926 5063 1197 5133 ἑκάτερα.
1254 5066 1460 5120 Rursus
1501 5065 1750 5120 librarius
1780 5067 1920 5121 idem
1944 5067 2010 5120 ad

432 5134 731 5206 marginem
761 5135 1001 5206 ejusdem
1038 5133 1188 5205 Regii
1223 5137 1377 5203 primi
1405 5138 1607 5191 codicis
1630 5136 1766 5206 πρός
1795 5153 1856 5188 τε
1885 5136 2014 5189 ἀνα-

440 5201 600 5274 τολήν
633 5205 727 5257 καὶ
768 5201 905 5275 πρὸς
937 5202 1091 5259 δύσιν
1108 5201 1144 5268 ,⁷
1174 5201 1283 5258 tum
1321 5208 1388 5258 ad
1427 5201 1698 5269 orientem,
1743 5222 1899 5275 quant
1945 5210 2012 5259 ad

338 5283 342 5287 ‘
431 5276 767 5347 occidentem.
824 5276 1023 5330 Ibidem
1089 5289 1184 5330 sex
1240 5293 1368 5330 mss.
1426 5275 1811 5347 παραλλάττει.
1872 5276 2012 5332 Editi

441 5344 754 5398 διαλλάττει.

504 5416 621 5485 (54)
652 5418 725 5469 Ita
755 5416 920 5470 editio
948 5414 1110 5471 Basil.
1141 5431 1262 5470 eum
1298 5430 1391 5469 sex
1445 5430 1574 5470 mss.
1608 5425 1661 5470 et
1690 5431 1811 5471 cum
1857 5415 2008 5470 Bodl.

440 5482 612 5557 Editio
642 5486 812 5540 Paris.
844 5487 946 5540 οὐκ
989 5485 1417 5557 ἐξαρκουμένης.
1471 5486 1637 5541 Coisl.
1682 5489 1889 5556 primus
1929 5504 2011 5542 se-

442 5556 625 5628 cundis
660 5558 810 5628 euris
835 5558 897 5628 οὐ
928 5556 1356 5628 κατερχομένης.

505 5574 625 5607 IIUIS
660 5574 810 5609 curis
835 5575 897 5609 ου
928 5574 1059 5610 κατε
1101 5574 1356 5628 χομενης.

502 5623 615 5696 (55)
655 5626 834 5696 Codex
859 5574 1103 5695 Combeie.
1142 5642 1263 5681 cum
1294 5627 1413 5680 aliis
1442 5628 1679 5696 quinque
1709 5642 1840 5681 mss.
1869 5627 2011 5681 ὥστε

445 5690 702 5766 μήδεται.
729 5695 868 5748 Editi
895 5712 1019 5750 cum
1053 5690 1204 5751 Colb.
1233 5690 1474 5751 secundo
1492 5690 1632 5749 ὥστε
1660 5699 1707 5749 el
1730 5697 2005 5766 ψεύδεται.

505 5762 615 5830 (56)
649 5763 724 5817 Ita
760 5780 850 5821 sex
884 5781 1009 5822 mss.
1051 5766 1200 5831 illud,
1236 5767 1340 5819 τῶν
1374 5766 1531 5835 βοῶν,
1580 5762 1823 5824 άεοείὶι)
1862 5779 2011 5825 ιλιι-ιι⁴

2105 4692 2237 4745 κεχυ
2246 4674 2412 4745 μένην
2432 4672 2541 4726 τῶν
2559 4672 2825 4745 σωμάτων
2848 4672 3113 4745 λαμϐάνει
3143 4671 3239 4743 τήν
3281 4671 3393 4743 (61)
3422 4673 3703 4726 εἰκασίαν.

2120 4870 2223 4922 quc
2246 4855 2482 4909 editione
2503 4853 2670 4908 Basil.
2693 4864 2747 4908 et
2773 4853 2948 4909 Paris.
2978 4853 3269 4923 Aliquanto
3296 4861 3414 4920 post
3436 4852 3542 4905 duo
3568 4870 3708 4909 mss.

2121 4927 2203 4978 σοὶ
2232 4925 2584 4996 παρέσχοντο.

2192 4992 2501 5066 (57)(ὲυι1ει
2527 4996 2768 5050 Combef.
2789 5011 2910 5048 cuin
2934 4994 3054 5049 aliis
3077 4994 3246 5066 tribus
3263 5008 3393 5066 mss.
3417 4992 3707 5066 μέγισται.

2124 5067 2260 5120 Editi
2286 5064 2408 5119 cum
2436 5065 2590 5120 Colb.
2613 5066 2853 5120 secundo
2880 5065 3141 5135 μέγιστα.
3179 5064 3376 5135 ibidem
3406 5066 3576 5135 editio
3602 5064 3705 5117 l‘a-

2124 5137 2215 5190 ris.
2244 5135 2440 5206 τηλίκη
2477 5135 2554 5189 δέ.
2587 5137 2766 5191 Editio
2794 5132 2973 5206 nostra
3002 5133 3167 5206 Basil.
3205 5132 3430 5204 πηλίκη,
3467 5134 3607 5206 bene

2193 5204 2309 5276 (58l
2338 5204 2471 5276 Reg.
2511 5207 2715 5277 primus
2759 5204 3053 5277 παρέσχεν.
3104 5204 3214 5277 i‘iec
3256 5217 3328 5257 tta
3375 5205 3544 5277 multo
3580 5214 3708 5273 post

2119 5293 2151 5345 q
2161 5274 2362 5346 tutique
2382 5274 2525 5329 mss.
2539 5276 2776 5346 ἐξίτηλος
2804 5274 3084 5345 γινομένη.
3113 5274 3254 5328 Editi
3278 5274 3566 5343 γενομένη.

2193 5346 2308 5415 (59)
2343 5344 2434 5400 Sic
2460 5347 2610 5416 Regii
2654 5344 2901 5416 primus,
2928 5344 3139 5409 tertios,
3170 5347 3391 5416 quintus
3420 5355 3476 5397 et
3509 5353 3702 5416 sextus

2120 5413 2242 5468 cum
2275 5413 2482 5470 duobus
2503 5413 2851 5471 Cblbértinis.
2887 5415 3020 5485 Reg.
3048 5422 3271 5485 octavus
3294 5413 3699 5484 ἐντετμημένη.

2119 5487 2259 5539 Editi
2296 5488 2444 5557 gravi
2497 5489 2690 5541 mendo
2742 5484 3140 5557 ἐκτετηγμένα.
3192 5484 3358 5539 Paulo
3407 5496 3528 5554 post
3560 5487 3700 5555 Reg.

2114 5558 2333 5626 quintus
2354 5556 2565 5625 ἐξοχαῖς
2605 5556 3000 5626 προϐάλλουσα.

2187 5625 2296 5695 (60)
2325 5622 2478 5679 Coll).
2505 5622 2773 5682 secundus
2796 5629 2863 5698 τῇ
2898 5624 3148 5696 αἰσθήσει
3176 5622 3451 5690 διασώζει,
3479 5641 3571 5697 per
3592 5641 3706 5681 un-

2114 5713 2226 5749 sum
2254 5698 2507 5749 observat.

2190 5766 2299 5837 (ii!)
2333 5766 2483 5821 (Zoili.
2522 5766 2727 5837 primus
2760 5767 3023 5839 σωμάτων
3052 5766 3163 5837 ἔχει
3192 5768 3311 5836 τήν.
