3850 6218
228 223 336 280 ιιι

1335 219 1626 276 HOMILIA
1665 221 1733 276 Vl
1771 221 1838 277 IN
1879 221 2374 279 HEXAEMERON.

3398 223 3498 277 ίιὲ

216 339 422 408 Μέγας
445 331 540 392 οὖν
577 338 606 390 ὁ
636 339 884 410 φωστὴρ,
917 338 1060 392 κατὰ
1087 339 1184 410 τὴν
1216 338 1315 409 τῆς
1361 339 1585 411 Γραφῆς
1621 357 1807 410 μαρτυ

1927 342 2058 396 libet
2087 351 2322 406 constat,
2355 341 2406 395 in
2437 339 2690 394 maximis
2719 339 3018 396 intervallis
3045 355 3150 394 non
3179 339 3498 410 perfectam,

217 431 378 507 ρίαν,
410 431 504 486 καὶ
535 429 982 503 ἀπειροπλασίων
1011 430 1104 485 τοῦ
1131 431 1476 502 φαινομένου.

297 709 386 764 10.
417 710 656 762 Κάκεῖνο
710 707 768 761 δέ
815 725 898 760 σοι
951 709 1179 780 ἐναργὲς
1223 707 1363 760 ἔστω
1403 707 1498 760 τοῦ
1551 706 1814 779 μεγέθους

217 803 471 872 σημεῖον.
523 800 677 854 ’A-rrsi
685 817 792 872 ρων
815 800 984 854 ὄντων
1006 799 1086 871 τῷ
1107 800 1298 872 πλήθει
1319 800 1426 854 τῶν
1443 802 1562 854 κατ’
1587 799 1815 872 οὐρανὸν

213 897 492 968 ἀστέρων,
528 895 590 948 τὸ
623 895 754 966 παρ’
809 895 988 948 αὐτῶν
1033 894 1512 966 συνερανιζόμενον
1555 894 1672 964 φῶς
1713 894 1814 947 οὐκ

213 988 446 1058 ἐξαρκεῖ
473 987 574 1058 τῆς
605 986 798 1050 νυκτὸς
830 986 929 1058 τὴν
971 989 1279 1058 κατήφειαν
1324 987 1592 1041 διαλῦσαι.
1637 987 1813 1050 Μόνος

211 1079 278 1132 δὲ
308 1073 490 1143 οὗτος,
523 1078 860 1150 ὑπερφανεὶς
891 1078 986 1132 τοῦ
1038 1079 1334 1150 ὁρίζοντος,
1382 1079 1584 1150 μᾶλλον
1619 1077 1676 1132 δὲ
1730 1077 1810 1132 έτι

213 1174 320 1228 καὶ
370 1173 836 1246 προσδοκώμενος,
881 1173 1012 1244 πρὶν
1060 1174 1154 1226 καὶ
1201 1173 1494 1243 ὑπερσχεῖν
1528 1169 1638 1242 (62)
1673 1168 1810 1234 ὅλως

213 1265 322 1334 τῆς
352 1264 476 1334 γῆς,
507 1264 738 1334 ἠφάνισε
777 1265 874 1335 μὲν
898 1265 960 1318 τὸ
989 1265 1200 1332 σκότος,
1233 1263 1584 1336 ὑπερηύγασε
1606 1263 1664 1316 δὲ
1681 1264 1808 1327 τούς

213 1353 480 1426 ἀστέρας,
513 1356 609 1408 καὶ
663 1355 952 1426 πεπηγότα
1002 1353 1139 1418 τέως
1183 1353 1278 1408 καὶ
1324 1353 1808 1425 συμπεπιλημένον

213 1447 314 1500 τὸν
345 1447 470 1517 περὶ
497 1448 602 1518 γῆν
642 1447 781 1520 άέρα
827 1445 1090 1519 κατέτηξε
1124 1448 1217 1500 κα)⁵
1244 1447 1473 1518 διέχεεν.
1512 1445 1674 1500 Ὅθεν
1714 1448 1807 1500 καὶ

217 1539 416 1610 ἄνεμοι
466 1541 681 1594 ἑωθινοὶ
723 1540 816 1594 καὶ
841 1539 1018 1612 δρόσοι
1060 1541 1117 1592 ὲν
1150 1537 1336 1609 αἰθρίᾳ
1357 1538 1456 1609 τὴν
1487 1541 1589 1610 γῆν
1611 1543 1807 1610 περιρ-

217 1632 429 1702 ρέουσι.
464 1633 746 1705 Τοσαύτην
777 1635 834 1688 δὲ
871 1630 1038 1688 οὖσαν
1061 1633 1160 1706 τὴν
1189 1633 1292 1703 γῆν
1319 1631 1434 1696 πῶς
1467 1632 1533 1686 ἂν
1563 1633 1804 1704 ἠδυνήθη

213 1723 280 1776 ὲν
304 1723 402 1794 μιᾷ
427 1721 622 1795 καιροῦ
657 1725 800 1794 ῥοπῇ
835 1723 934 1794 τὴν
965 1724 1147 1776 πᾶσαν
1181 1723 1607 1792 καταφωτίζειν,
1645 1726 1693 1776 εί
1736 1723 1810 1796 μὴ

213 1813 330 1868 ἀπὶ.
382 1814 618 1885 μεγάλου
666 1813 762 1870 τοῦ
801 1813 1003 1868 κύκλου
1057 1814 1168 1886 (65)
1207 1814 1304 1886 τὴν
1351 1815 1528 1886 αὐγὴν
1552 1815 1809 1887 ἐπηφίει;

229 1907 500 1962 Ἐνταῦθά
531 1926 622 1980 μοι
652 1909 750 1979 τὴν
779 1908 970 1978 σοφίαν
991 1907 1086 1962 τοῦ
1104 1909 1346 1978 τεχνίτου
1373 1908 1810 1980 κατάμαθε,πῶς

209 1996 296 2068 τῷ
327 1998 656 2069 διαστήματι
706 1998 882 2070 τούτῳ
923 1997 1237 2070 σύμμετρον
1285 1997 1484 2053 ἔδωκεν
1513 1998 1665 2069 αὐτῷ
1713 1999 1812 2072 τὴν

211 2087 550 2160 θερμότητα.
583 2089 850 2142 Τοσοῦτον
885 2091 996 2161 γάρ
1034 2092 1182 2144 ἐστιν
1219 2090 1387 2144 αὑτοῦ
1428 2091 1490 2144 τὸ
1543 2091 1808 2163 πυρῶδες,

207 2178 290 2240 ὼς
311 2179 450 2249 μήτε
475 2179 543 2231 δι’
579 2179 884 2251 ὑπερϐολὴν
913 2179 1250 2250 καταφλέξαι
1272 2181 1370 2251 τὴν
1397 2181 1524 2251 γῆν,
1557 2182 1694 2253 μήτε
1724 2181 1813 2234 διὰ

207 2267 316 2338 τὴν
345 2266 580 2336 ἔλλειψιν
621 2267 1046 2340 κατεψυγμένην
1073 2270 1246 2341 αὐτὴν
1277 2272 1369 2324 καὶ
1397 2271 1590 2340 ἄγονον
1619 2271 1810 2326 ἀπολι-

209 2361 361 2414 πεῖν.
401 2361 630 2431 Ἀδελφὰ
659 2362 716 2415 δὲ
735 2365 849 2426 τοῖς
885 2363 1198 2436 εἰρημένοις
1213 2366 1308 2418 καὶ
1337 2364 1406 2418 τὰ
1435 2365 1564 2437 περὶ
1595 2366 1695 2437 τῆς
1731 2383 1812 2418 σεο

210 2452 388 2524 λήνης
425 2453 670 2508 νοείσθω.
701 2455 860 2525 Μέγα
892 2455 1002 2528 γάρ
1038 2457 1130 2510 καὶ
1175 2457 1236 2510 τὸ
1260 2457 1468 2528 ταύτης
1489 2457 1671 2530 σῶμα,
1717 2461 1812 2514 καὶ

211 2547 521 2612 (paverath
549 2565 616 2616 γε
647 2547 790 2620 μετὰ
817 2549 908 2602 τὸν
940 2550 1112 2620 ἥλιον.
1144 2551 1256 2604 Οὐκ
1289 2551 1380 2604 del.
1413 2551 1596 2622 μέντοι
1616 2553 1810 2624 ὁρατὸν

211 2641 391 2712 αὐτῆς
416 2641 660 2712 διαμένει
691 2642 752 2696 τδ
785 2641 1034 2713 μέγεθοςο
1055 2643 1190 2698 ἀλλὰ
1223 2643 1316 2698 νῦν
1342 2645 1439 2714 μὲν
1471 2646 1811 2717 ἀπηρτισμέ-

211 2751 282 2804 νη
311 2732 392 2805 τῷ
423 2734 630 2805 κύκλῳ,
672 2735 767 2788 νῦν
798 2735 856 2788 δὲ
889 2735 1213 2790 ἐλλείπουσα
1245 2735 1357 2808 (64)
1387 2738 1482 2790 καὶ
1515 2739 1808 2810 μειουμένη

215 2823 492 2892 φαίνεται,
516 2823 639 2879 καθ’
681 2825 870 2896 ἕτερον
907 2826 1105 2897 ἑαυτῆς
1153 2827 1320 2898 μέρος
1362 2827 1724 2898 πρώεικνῦσα
1749 2829 1810 2881 τὸ

213 2914 428 2972 λεῖπον.
483 2915 660 2986 Ἄλλῳ
697 2915 798 2987 μὲν
827 2915 936 2988 γὰρ
971 2916 1126 2988 μέρει
1183 2917 1464 2982 σκιάζεται
1512 2917 1808 2990 αὐξομένη,

1927 434 2022 488 sed
2065 433 2347 488 confusam
2391 447 2680 503 corporum
2718 430 2947 500 eﬂigiem
2987 431 3339 500 apprehendi.
3389 432 3500 486 Ma-

1926 543 2092 598 gnum
2134 527 2298 596 igitur
2319 535 2402 579 est
2431 525 2715 588 luminare,
2745 521 2899 594 juxta
2938 521 3234 592 Scriptura:
3257 523 3501 578 testium-

1926 617 2101 679 nium,
2139 632 2204 670 ac
2245 613 2456 668 inﬁnito
2491 612 2665 681 majus
2707 627 2870 682 quam
2899 621 3142 680 apparet.

1993 709 2103 780 ϐο
2129 707 2214 762 10.
2259 706 2366 762 Sed
2389 713 2444 762 et
2477 705 2610 762 illud
2639 705 2734 760 tibi
2761 705 2983 760 evidens
3007 704 3078 759 sit
3113 703 3502 772 magnitudinis

1917 801 2153 870 signum.
2187 799 2450 867 Quamvis
2499 799 2785 852 innumera
2816 797 2888 852 sit
2928 797 2982 850 in
3024 796 3164 851 coelo
3213 795 3496 850 stellarum

1917 892 2233 958 multitudo;
2266 890 2548 946 collectum
2597 889 2835 958 ipsarmn
2863 887 3042 942 lumen
3071 887 3136 942 ad
3177 887 3354 941 noctis
3395 886 3494 940 tri-

1913 985 2120 1040 stitiam
2154 983 2550 1039 dissolvendam
2577 997 2682 1037 non
2710 979 2925 1036 suﬂicit.
2951 981 3022 1035 At
3051 979 3224 1036 solum
3253 979 3382 1034 illud
3417 979 3499 1034 lu-

1915 1078 2144 1143 minare,
2184 1075 2346 1131 simul
2390 1085 2448 1130 ut
2496 1089 2662 1144 super
2705 1075 3047 1128 horizontem
3094 1079 3343 1139 apparet,
3387 1070 3502 1124 imo

1913 1171 2042 1224 dum
2082 1169 2260 1224 adhuc
2301 1177 2672 1238 exspectatur,
2717 1167 3038 1236 priusquam
3073 1165 3236 1220 etiam
3271 1163 3496 1220 omnino

1911 1275 2072 1329 supra
2109 1269 2308 1314 terram
2334 1259 2593 1322 emineat,
2627 1263 2680 1309 et
2717 1254 2972 1309 tenebras
3001 1251 3251 1321 dissipat,
3279 1259 3332 1304 et
3363 1247 3492 1304 stel-

1911 1355 1990 1409 las
2029 1354 2315 1424 splendore
2376 1360 2620 1422 superat,
2685 1359 2739 1403 et
2783 1346 3266 1418 circumjacentem
3313 1340 3496 1398 telluri

1909 1461 2089 1501 aerem
2123 1454 2279 1500 antea
2316 1455 2630 1498 concretum
2672 1449 2728 1496 et
2770 1441 3060 1495 densatum
3095 1437 3382 1507 liquefacit
3422 1450 3486 1490 ac

1908 1537 2155 1592 eﬂuudit.
2201 1533 2358 1590 Unde
2401 1547 2456 1589 et
2505 1533 2652 1588 venti
2705 1531 2956 1587 matutini
3006 1541 3061 1586 et
3109 1545 3200 1584 ros
3248 1530 3301 1582 in
3355 1529 3494 1584 sudo

1915 1643 2114 1686 terram
2164 1628 2570 1686 circumﬂuunt.
2615 1627 2894 1695 Quomodo
2934 1633 3116 1679 autem
3171 1634 3372 1678 terram
3407 1629 3493 1675 to—

1918 1737 2048 1787 tam,
2083 1740 2205 1780 cum
2242 1733 2388 1777 tanta
2424 1721 2530 1784 sit,
2581 1735 2688 1774 uno
2739 1719 2997 1788 temporis
3052 1725 3325 1771 momento
3370 1713 3493 1768 illu-

1916 1831 2098 1872 SIrarc
2131 1826 2340 1887 posset,
2373 1817 2476 1870 nisi
2508 1829 2537 1868 a
2569 1828 2766 1883 magno
2801 1813 2934 1868 orbe
2971 1811 3151 1864 lumen
3184 1807 3494 1864 emitteret?

1915 1909 2013 1962 llic
2071 1909 2242 1972 disce,
2283 1923 2492 1977 quaeso,
2536 1907 2747 1976 opiﬁcis
2805 1905 3165 1974 sapientiam,
3218 1901 3493 1970 quomodo

1914 2001 2150 2056 calorem
2201 1999 2300 2067 ipsi
2345 1999 2576 2054 contulit
2617 2009 2763 2053 tanto
2809 1999 2897 2052 hic
2949 1995 3236 2051 intervallo
3291 2007 3492 2048 conve-

1915 2093 2169 2148 nientem.
2227 2091 2276 2148 ls
2315 2101 2398 2147 est
2443 2091 2586 2146 enim
2631 2091 2802 2160 ipsius
2847 2089 3018 2156 calor,
3061 2097 3119 2142 ut
3161 2102 3335 2156 neque
3365 2101 3492 2156 pro-

1913 2195 2034 2252 pter
2077 2183 2410 2238 nimietatem
2467 2182 2662 2236 adurat
2701 2179 2972 2245 tellurem,
3029 2191 3203 2246 neque
3247 2191 3344 2248 per
3401 2175 3495 2228 de-

1915 2275 2110 2331 fectum
2154 2276 2568 2347 perfrigeratam
2625 2273 2774 2327 illam
2823 2270 3280 2339 infecundamque
3326 2268 3492 2323 relin-

1912 2379 2060 2438 quat.
2111 2367 2230 2422 1am
2275 2383 2593 2439 germanum
2636 2365 2891 2436 quiddam
2937 2379 3002 2418 ac
3037 2363 3213 2418 simile
3255 2364 3339 2416 his
3373 2376 3493 2432 qum

1912 2463 2052 2515 dicta
2090 2470 2237 2523 sunt,
2265 2461 2333 2516 de
2371 2461 2496 2514 luna
2543 2459 2706 2515 etiam
2747 2458 3102 2528 intelligatur.
3131 2457 3227 2510 Est
3253 2455 3397 2510 enim
3436 2463 3490 2508 et

1911 2569 2108 2623 Corpus
2135 2554 2301 2622 ipsius
2329 2569 2608 2624 maguum,
2639 2561 2693 2607 et
2729 2561 2851 2621 post
2889 2551 3059 2606 solem
3091 2561 3222 2604 sane
3254 2546 3492 2616 splend‘-

1912 2647 2214 2700 dissimum.
2267 2645 2383 2702 Non
2441 2655 2619 2700 tamen
2670 2659 2886 2713 semper
2929 2639 3161 2697 visibilis
3211 2645 3492 2708 permanet

1911 2733 2088 2806 ipsius'
2107 2737 2420 2808 magnitudo
2460 2752 2476 2791 :
2516 2737 2608 2791 sed
2659 2750 2802 2789 nunc
2839 2735 3052 2804 quidem
3082 2735 3135 2787 in
3164 2747 3265 2786 suo
3287 2730 3492 2784 circulo

1912 2831 2181 2899 absoluta,
2230 2846 2374 2884 nunc
2403 2844 2532 2884 vero
2561 2825 2821 2882 deﬁciens
2855 2835 3017 2895 atque
3049 2825 3330 2879 imminuta
3359 2835 3486 2876 cou-

1910 2926 2160 2994 spicitur,
2201 2933 2257 2978 et
2292 2921 2463 2978 altera
2502 2921 2584 2976 sui
2617 2931 2773 2988 parte
2798 2919 3067 2974 defectum
3099 2916 3355 2972 ostendit.
3397 2915 3488 2967 Et-

213 3005 348 3062 ἄλλο
381 3007 440 3060 δὲ
491 3007 656 3079 μέρος
685 3007 855 3079 αὐτῆς
885 3009 944 3062 ὲν
976 3007 1052 3079 τῷ
1097 3007 1275 3080 καιρῷ
1303 3009 1402 3079 τῆς
1437 3009 1642 3078 λήξεως
1673 3011 1807 3064 ἁπο-

1919 3019 2056 3073 euim
2089 3019 2218 3072 dum
2251 3015 2468 3078 crescit,
2492 3015 2658 3069 altera
2693 3023 2844 3084 parte
2881 3011 3236 3068 obumbratur
3271 3026 3283 3061 :
3321 3007 3488 3063 altera

216 3101 547 3171 κρύπτεται.
579 3100 752 3167 Λόγος
775 3099 832 3153 δέ
861 3117 944 3163 τις
970 3099 1208 3172 ἄρῤητος
1229 3099 1321 3152 τοῦ
1356 3101 1521 3172 σοφοῦ
1543 3101 1810 3172 ,δημιουρ-

213 3193 319 3262 γοὖ
349 3193 451 3263 τῆς
479 3195 731 3265 ποικίλης
764 3195 970 3264 ταύτης
1019 3193 1322 3264 ὲναλλαγῆς
1347 3193 1455 3248 τῶν
1487 3195 1805 3266 σχημάτων.

216 3287 292 3338 “II
327 3285 436 3357 γὰρ
468 3285 610 3339 ὥστε
642 3289 774 3358 ἡμῖν
807 3287 1114 3358 ὑπόδειγμα
1152 3287 1386 3358 ἐναργὲς
1418 3289 1678 3360 παρέχειν
1698 3287 1808 3359 (65)

213 3379 320 3447 τῆς
351 3377 626 3450 ἡμετέρας
655 3378 889 3448 φύσεως
918 3378 1001 3430 ὅτι
1023 3377 1174 3430 οὐδὲν
1206 3377 1433 3446 μόνιμον
1459 3378 1564 3430 τῶν
1598 3377 1809 3450 ἀνθρω-

217 3471 415 3534 πίνων,
443 3470 578 3523 ἀλλὰ
605 3469 673 3524 τὰ
701 3471 798 3542 μὲν
837 3472 901 3524 ὲκ
933 3469 1028 3524 τοῦ
1063 3469 1136 3542 μὴ
1165 3471 1318 3534 ὄντος
1363 3473 1609 3544 πρόεισιν
1650 3475 1730 3535 είς
1750 3475 1810 3527 τὸ

214 3564 447 3625 τέλειον,
482 3563 552 3617 τὰ
574 3563 632 3616 δὲ
667 3563 804 3633 πρὸς
831 3563 930 3635 τὴν
963 3563 1169 3616 οἰκείαν
1203 3565 1388 3636 ἀκμὴν
1413 3565 1694 3634 φθάσαντα
1719 3570 1810 3620 καὶ

215 3655 282 3706 τὸ
307 3655 606 3724 ἀκρότατον
638 3657 836 3726 μέτρον
864 3655 1072 3709 ἑαυτῶν
1112 3656 1438 3726 αὐξηθέντα,
1469 3657 1630 3712 πάλιν
1691 3662 1810 3722 ταῖς

219 3746 366 3800 κατὰ
399 3749 592 3818 μικρὸν
633 3749 954 3820 ὑφαιρέσεσι
971 3748 1148 3816 φθίνει
1177 3767 1236 3802 τε
1271 3750 1364 3802 καὶ
1402 3749 1690 3816 διόλλυται,
1717 3754 1812 3806 καὶ

221 3840 528 3908 μειούμενα
545 3841 910 3910 καθαιρεῖται.
950 3841 1112 3892 Ὥστε
1143 3842 1208 3893 ἐκ
1229 3839 1324 3892 τοῦ
1357 3842 1498 3894 κατὰ
1523 3843 1621 3914 τὴν
1658 3841 1811 3913 σελή-

217 3949 321 4002 νην
347 3931 621 4002 θεάματος
653 3931 1002 3986 παιδεύεσθαι
1043 3934 1189 4004 ἡμᾶς
1210 3933 1278 3986 τὰ
1305 3934 1571 4005 ἡμέτερα,
1596 3936 1690 3988 καὶ
1713 3937 1811 4006 τῆς

215 4025 448 4094 ταχείας
503 4024 612 4077 τῶν
649 4024 1006 4095 ἀνθρωπίνων
1057 4025 1399 4096 περιτροπῆς
1435 4024 1811 4096 λαμϐάνοντας

217 4116 467 4180 ἔννοιαν,
523 4115 598 4188 μὴ
663 4117 804 4186 μέγα
866 4119 1083 4187 φρονεῖν
1147 4120 1268 4180 ταῖς
1332 4118 1656 4191 εὐημερίαις
1715 4119 1810 4172 τοῦ

221 4203 380 4280 βίου,
453 4211 528 4281 μὴ
605 4209 1008 4277 ὲπαγάλλεσθαι
1075 4209 1447 4274 δυναστείαις,
1518 4209 1592 4282 μὴ
1651 4211 1810 4264 ὲπαί-

221 4302 416 4374 ρεσθαι
463 4301 693 4354 πλούτου
748 4301 1058 4372 ἀδηλότητι,
1101 4307 1449 4374 περιφρονεῖν
1475 4303 1574 4374 τῆς
1611 4304 1812 4375 σαρκὸς

221 4393 356 4463 περὶ
387 4393 454 4464 ῆν
499 4394 533 4463 ή
586 4391 904 4458 ἀλλοίωσις,
953 4392 1336 4464 ἐπιμελεῖσθαι
1382 4393 1438 4446 δὲ
1483 4394 1583 4464 τῆς
1632 4393 1812 4464 ψυχῆς
1845 4375 1888 4428 D

215 4481 290 4556 ἦς
330 4485 392 4538 τὸ
445 4484 651 4553 ἀγαθόν
689 4487 839 4538 ἐστιν
898 4484 1176 4556 ἀκίνητον.
1237 4485 1300 4538 Εἰ
1331 4484 1387 4537 δὲ
1439 4485 1600 4538 λυπεῖ
1657 4503 1717 4538 σε
1775 4488 1807 4554 ἡ

221 4577 420 4648 σελήνη
479 4581 599 4641 ταῖς
659 4576 802 4630 κατὰ
857 4577 1052 4650 μικρὸν
1103 4577 1424 4648 ὑφαιρέσεσι
1483 4578 1544 4631 τὸ
1596 4579 1806 4648 φέγγος

218 4669 654 4734 ἐξαναλίσκουσα
685 4687 698 4698 '
769 4671 1011 4724 λυπείτω
1068 4687 1128 4722 σε
1179 4670 1342 4724 πλέον
1403 4671 1549 4743 ψυχὴ
1607 4673 1808 4745 ἀρετὴν

217 4762 542 4834 κτησαμένη
580 4761 714 4834 (66),
747 4764 841 4816 καὶ
866 4763 955 4817 διὰ
978 4762 1309 4833 ἀπροσεξίας
1339 4763 1400 4817 τὸ
1433 4765 1596 4818 καλὸν
1611 4767 1804 4836 ἀφανί-

219 4854 428 4918 ζουσα,
463 4856 558 4908 καὶ
597 4855 866 4926 μηδέποτε
899 4855 993 4908 ἐπὶ
1033 4855 1134 4926 τῆς
1167 4857 1340 4927 αὐτῆς
1378 4857 1672 4922 διαθέσεως
1709 4860 1804 4928 μὲ-

217 4965 418 5012 νουσα,
461 4945 597 5001 ἀλλὰ.
641 4947 823 5002 πυκνὰ
858 4948 1172 5020 τρεπομένη
1219 4949 1314 5001 καὶ
1361 4950 1802 5022 μεταϐαλλομένη

295 5149 410 5216 (62)
445 5147 580 5222 Reg.
620 5149 842 5217 quintus
870 5149 1006 5222 πρὶν
1039 5149 1132 5203 καὶ
1175 5150 1480 5222 ὑπερσχεῖν.
1515 5151 1668 5206 Coll).
1699 5153 1806 5220 pri-

223 5236 345 5274 mus
393 5219 489 5272 καὶ
535 5219 814 5290 ὑποσχεῖν.
869 5219 1007 5272 Editi
1057 5237 1178 5290 cum
1227 5219 1496 5290 aliquibus
1541 5237 1670 5276 mss.
1702 5219 1809 5275 καὶ

223 5291 540 5414 ὑὲτῑερσχεῖν.
575 5289 641 5345 Ει
680 5289 840 5360 paulo
873 5299 996 5360 post
1021 5289 1172 5344 Colb.
1217 5289 1488 5346 secundus
1515 5308 1808 5363 συμπεπη-

223 5377 260 5414 γ
327 5377 382 5413 α.

327 5377 382 5413 α.

299 5431 409 5502 (63)
441 5431 672 5487 Codices
719 5445 825 5486 non
862 5430 1029 5502 pauci
1064 5429 1159 5483 τοῦ
1198 5431 1416 5484 κύκλου.
1457 5430 1805 5486 Desmeratur

229 5500 488 5572 articulus
515 5504 568 5556 in
592 5500 1005 5572 excusisrlnfra
1029 5517 1156 5555 mss.
1189 5503 1340 5555 multi
1365 5503 1465 5572 τὴν
1491 5503 1612 5572 γῆν.
1639 5503 1806 5556 Abest

229 5571 488 5626 articulus
513 5573 580 5626 ab
610 5573 790 5628 editis.
816 5571 1057 5626 Subinde
1090 5573 1306 5626 codices
1329 5571 1434 5624 duo
1461 5571 1797 5626 καταλιπεῖν.

230 5643 424 5724 Statim
453 5641 706 5725 permulti
741 5657 870 5698 mss.
911 5642 1008 5712 τῆς
1054 5642 1303 5714 σελήνης.
1339 5641 1497 5699 Deest
1541 5645 1802 5700 articulus

231 5731 284 5768 lli
318 5727 552 5770 CXCIISIS.

1911 3124 2045 3164 vero
2102 3107 2247 3162 illius
2304 3123 2431 3178 pars
2495 3116 2741 3176 tempore
2787 3102 3118 3160 deerementi
3162 3101 3488 3157 occultatur.

1911 3201 2083 3255 Porro
2108 3199 2339 3270 sapienti
2366 3197 2545 3268 opiﬁci
2571 3199 2623 3251 iu
2654 3200 2754 3250 hac
2780 3195 2929 3249 varia
2955 3194 3250 3265 ﬁgurarum
3281 3207 3490 3261 permu-

1915 3293 2257 3348 tationeruon
2295 3291 2464 3346 defuit
2499 3305 2698 3344 arcana
2735 3291 2979 3360 qurcdam
3014 3285 3173 3341 ratio.
3204 3285 3312 3339 Aut
3343 3285 3486 3337 enim

1913 3387 1966 3440 id
1992 3388 2070 3452 ﬁt,
2095 3395 2152 3440 ut
2171 3385 2328 3440 nobis
2353 3395 2552 3439 nostra:
2573 3393 2779 3438 natura:
2801 3383 3150 3453 perspicuum
3175 3379 3480 3446 exemplum

1915 3482 2172 3549 przebeat.
2203 3478 2410 3532 scilicet
2431 3477 2562 3530 nihil
2597 3475 2818 3530 hutnani
2843 3462 3038 3528 stabile
3063 3487 3182 3526 esse
3211 3497 3225 3526 -.
3255 3472 3350 3524 sed
3381 3470 3486 3524 alia

1913 3571 2132 3640 quidem
2157 3584 2278 3640 qua:
2312 3583 2417 3622 non
2449 3567 2807 3630 exsistebant,
2836 3568 2902 3620 ad
2941 3564 3334 3636 perfectionem
3359 3577 3488 3631 pcr-

1913 3662 2076 3716 duci:
2111 3663 2219 3714 alia
2263 3675 2392 3715 vero
2440 3657 2508 3713 ad
2550 3659 2831 3728 proprium
2873 3657 3112 3726 vigorem
3160 3668 3448 3723 progressa
3475 3693 3488 3714 ,

1913 3765 2297 3820 summumque
2315 3763 2582 3804 mensura:
2599 3749 2836 3817 ipsormn
2859 3747 3252 3800 incrementum
3276 3747 3488 3813 adepta,

1912 3847 2108 3899 iterum
2134 3842 2390 3912 paulatim
2414 3841 2777 3896 decrescendo
2800 3838 3100 3905 corrumpi,
3131 3837 3486 3904 dissolvique,

1913 3949 1964 3993 et
2001 3937 2289 3992 imminuta
2329 3935 2554 3990 destrui.
2584 3933 2766 4000 Quare
2809 3948 2874 3987 ex
2927 3931 3068 3985 lunae
3120 3941 3340 4000 aspecut
3394 3943 3492 3984 nos

1913 4036 2098 4080 nostra
2143 4024 2460 4088 erudimur,
2511 4033 2570 4077 ut
2609 4022 2842 4078 celerem
2884 4037 3066 4076 rermn
3131 4021 3492 4074 humanarum

1914 4118 2266 4172 mutationem
2346 4117 2752 4187 percipientes,
2820 4115 2888 4169 ob
2969 4114 3094 4168 vita:
3172 4113 3492 4168 felicitatem

1915 4228 2020 4266 nun
2060 4211 2289 4265 nimium
2338 4211 2494 4265 nobis
2538 4223 2880 4279 arrogcmus,
2931 4221 3106 4276 neque
3149 4207 3202 4260 in
3249 4205 3492 4272 potentia

1921 4307 2239 4374 gloriemur,
2287 4319 2462 4373 neque
2515 4301 2831 4357 divitiarum
2881 4301 3088 4354 incerto
3134 4299 3492 4363 attollamur,

1918 4397 2010 4451 sed
2048 4411 2268 4453 carnem
2315 4412 2435 4465 quae
2485 4405 2745 4460 mutatur,
2795 4409 3154 4464 aspernemur
3185 4436 3199 4459 ,
3251 4395 3490 4446 animam

1921 4503 2047 4543 vero
2097 4487 2253 4557 cujus
2293 4488 2574 4542 immotum
2621 4495 2706 4542 est
2751 4488 2973 4549 bonum,
3017 4500 3289 4540 curemus.
3339 4483 3494 4550 Quod

1913 4581 1957 4634 si
2013 4580 2138 4634 luna
2194 4579 2318 4634 dum
2385 4579 2732 4648 splendorem
2799 4577 3056 4650 paulatim
3124 4576 3494 4632 decrescendo

1911 4672 2171 4738 absumit,
2217 4671 2310 4726 tibi
2346 4671 2624 4726 tristitiam
2653 4681 2802 4726 creat
2837 4687 2852 4725 :
2885 4671 3069 4725 dolore
3093 4679 3147 4724 te
3177 4669 3384 4740 majore
3413 4671 3492 4722 af-

1914 4764 2059 4818 ﬁciat
2091 4763 2293 4825 anima,
2327 4777 2468 4832 quae,
2499 4771 2786 4831 postquam
2815 4762 3068 4816 virtutem
3097 4769 3345 4816 assecuta
3383 4769 3492 4826 est,

1915 4857 2112 4908 bonum
2145 4855 2346 4909 amittit
2371 4855 2442 4910 ob
2482 4854 2886 4924 negligentiam,
2916 4863 2972 4909 et
3005 4869 3280 4923 nunquam
3318 4852 3371 4905 in
3405 4868 3496 4907 ea-

1915 4951 2034 5003 dem
2069 4949 2312 5018 persistit
2354 4948 2660 5015 atl‘ectione,
2703 4949 2797 5004 sed
2851 4948 3168 5020 frequenter
3215 4948 3283 5002 ob
3328 4947 3494 5001 animi

1989 5153 2102 5221 (64)
2133 5155 2284 5208 Colb.
2333 5155 2541 5222 primus
2589 5151 2904 5207 ὲλλιποῦσα.
2957 5151 3314 5222 ειειίιῐινᾱιιο
3363 5168 3494 5208 mss.

1917 5225 2088 5295 αὐτῆς
2121 5225 2306 5294 μέρος.
2335 5221 2542 5278 ibidem
2573 5224 2706 5291 Reg.
2743 5225 2964 5295 quintus
2985 5239 3108 5278 cum
3139 5221 3260 5276 aliis
3287 5222 3498 5295 duobus

1919 5291 2054 5348 mss.
2087 5291 2536 5365 προδεικνύουσα.
2579 5295 2720 5348 Etliti
2751 5309 2871 5365 cum
2905 5291 3496 5365 Reg._tertio_1tpr;6at-

1917 5365 2108 5421 κνῦσα.
2136 5362 2264 5419 Mox
2299 5367 2429 5436 lteg.
2467 5375 2652 5419 sextus
2683 5363 2968 5426 σκιάζεται
2991 5362 3354 5436 αὐξανομένη.

1988 5437 2102 5504 (65)
2139 5433 2532 5506 Colb.primus
2569 5437 2892 5506 παρασχεῖν.
2941 5433 3082 5487 Infra
3117 5433 3248 5503 lleg.
3291 5433 3499 5500 primus

1912 5509 2228 5577 άφαιρέσεσι
2259 5505 2453 5574 φθίνει.

1985 5574 2095 5647 (uti)
2120 5577 2270 5631 Colb.
2311 5576 2580 5629 secundus
2605 5575 2678 5647 μὴ
2705 5575 3044 5644 κτησαμένη.
3079 5575 3184 5628 Aut
3215 5574 3364 5637 nihil,
3403 5579 3498 5628 aut.

1913 5665 2100 5718 parum
2131 5648 2316 5712 refert,
2353 5647 2519 5702 addas
2549 5661 2615 5700 au
2647 5647 2900 5702 detrahas
2923 5649 3284 5715 negationem.
