3850 6218
459 338 479 394 l
493 340 554 395 15
1796 333 1832 388 S

1899 330 2144 387 BASILH
2191 328 2403 384 MAGNI

3620 322 3723 376 HJ

454 448 868 503 inconstantiam
924 448 1148 502 vertitur
1208 465 1269 502 ac
1308 461 1567 503 mutatur.
1602 446 1738 504 Vere
1764 453 1928 515 enim,
1966 467 2008 504 Ill

2127 447 2214 500 διὰ
2258 448 2319 498 τὸ
2366 447 2462 514 τῆς
2504 443 2727 513 γνώμης
2769 443 3068 512 ἀνίδρυτον.
3109 440 3197 511 Τῷ
3235 440 3347 492 ὄντι
3400 439 3548 508 γάρ,
3585 442 3722 494 κατὰ

446 544 646 597 dictum
675 552 778 605 est,
807 540 1010 596 Stultus
1029 543 1158 594 sic-ut
1187 541 1312 595 luna
1339 553 1570 595 mutatur
1597 542 1662 596 “.
1691 543 1829 608 Quin
1859 544 2021 597 etiam

447 638 509 686 ad
545 633 798 687 animalia
832 635 1238 698 constituenda,
1287 647 1342 690 et
1371 637 1437 689 ad
1489 651 1574 691 res
1631 648 1858 692 casteras
1903 653 2024 706 qua:

444 741 504 778 ex
547 736 688 779 terra
727 735 1028 780 nascuntur
1055 728 1444 796 perliciendas,
1486 729 1628 784 lunae
1660 731 2020 783 mulationem

446 835 550 871 non
590 833 785 887 parum
813 818 1122 873 conducere
1151 819 1415 873 arbitror.
1445 821 1622 875 Aliter
1668 821 1811 874 enim
1841 834 1902 874 ea
1932 823 2025 876 de-

442 919 746 968 crescente.
773 908 932 963 aliter
954 909 1142 964 eadem
1178 910 1525 966 increscente
1557 911 1865 966 alliciuntur
1896 928 2020 966 cor-

443 1015 595 1065 pora.
629 998 785 1053 Nunc
814 1000 1058 1070 quidem,
1089 1016 1152 1054 ea
1178 1002 1482 1067 desinente,
1533 1019 1651 1056 rara
1685 1001 1818 1057 lium
1843 1013 1896 1058 et
1928 1019 2022 1057 va-

443 1108 541 1143 rua
577 1112 590 1144 :
624 1107 768 1145 nunc
803 1107 953 1159 vero,
985 1103 1311 1161 augescente
1337 1103 1391 1148 et
1417 1095 1484 1149 ad
1519 1095 1904 1164 plenitudinem
1952 1095 2022 1149 l'e-

442 1184 695 1247 stinante,
717 1184 880 1237 etiam
903 1184 1014 1252 ipsa
1032 1199 1221 1239 rursus
1245 1185 1556 1254 replentur;
1580 1197 1859 1254 propterea
1878 1190 2020 1255 quod

443 1268 724 1323 humorem
763 1272 1055 1339 quemdam
1089 1273 1256 1327 calori
1279 1273 1598 1337 immistum,
1631 1276 1722 1342 qui
1749 1278 1815 1330 ad
1837 1286 2019 1344 partes

442 1374 613 1427 usque
667 1361 959 1417 interiores
1022 1364 1288 1430 pervenit,
1342 1364 1576 1420 latenter
1607 1367 1711 1438 61
1751 1367 2015 1422 immittit.

440 1451 493 1502 ld
521 1451 803 1507 declarant
833 1464 945 1508 tum
973 1455 1035 1520 ii,
1071 1457 1161 1524 qui
1192 1458 1292 1509 sub
1319 1457 1444 1511 luna
1475 1458 1772 1526 dormiunt,
1799 1461 2017 1530 copioso

440 1545 668 1600 humore
708 1549 907 1616 capitis
941 1564 1130 1603 eorum
1173 1552 1509 1619 capacitates
1560 1553 1862 1621 implente:
1903 1563 2014 1608 tum

435 1654 630 1692 carnes
659 1654 849 1694 recens
881 1649 1108 1703 necatze,
1131 1643 1257 1694 dum
1290 1643 1398 1696 cito
1448 1651 1832 1711 permutantur
1872 1645 2015 1700 luna:

437 1730 707 1785 deﬂuvio:
755 1741 863 1786 tum
896 1734 1212 1788 animalium
1251 1737 1560 1800 cerebrum,
1596 1745 1650 1790 et
1682 1740 2012 1792 marinorum

2131 539 2188 592 τὸ
2236 537 2522 608 εἰρημένον
2549 576 2562 599 ,
2609 537 2670 586 'U
2714 537 2917 601 ἄμμον
2957 536 3037 596 ὡς
3079 532 3722 597 o'£.1:irnd.l.lowivtu:.

2129 625 2296 698 Οἶμαι
2347 627 2404 679 δὲ
2447 628 2540 679 καὶ
2595 629 2659 696 τῇ
2704 625 2812 678 τῶν
2863 623 3018 689 ζώων
3067 627 3417 695 κατασκευῇ,
3468 627 3569 678 καὶ
3610 632 3724 691 τοῖς

2127 725 2330 786 λοιποῖς
2375 726 2488 786 τοῖς
2522 723 2630 774 απὸ
2671 722 2775 791 γῆς
2823 720 3132 790 φυομένοις,
3186 721 3258 790 μὴ
3305 721 3514 791 μικράν
3544 723 3724 793 ὑπάρ-

2132 834 2252 886 χειν
2291 817 2354 868 ἐκ
2383 816 2482 886 τῆς
2509 815 2649 868 κατά
2672 814 2771 886 τὴν
2795 813 3024 884 σελήνην
3059 812 3363 883 μεταϐολῆς
3393 814 3500 883 τὴν
3527 815 3722 866 συντέ-

2124 909 2293 962 λειαν.
2331 907 2542 970 ’Δλλως
2573 907 2682 976 γὰρ
2715 905 3010 958 διατίθεται
3052 904 3378 974 μειουμένης
3399 904 3599 974 αὐτῆς,
3627 906 3722 956 καὶ

2123 1002 2298 1065 ἄλλως
2344 1001 2653 1071 αὐξομένης
2699 999 2766 1052 τὰ
2809 997 3036 1068 σώματα
3063 1014 3076 1028 ·
3134 997 3228 1051 νῦν
3279 998 3377 1068 μὲν
3437 997 3723 1069 ληγούσης

2121 1095 2291 1167 ἀραιὰ
2331 1095 2628 1164 γιγνόμενα
2673 1092 2768 1145 καὶ
2811 1092 2974 1155 κενὰ,
3015 1090 3110 1143 νῦν
3164 1090 3221 1143 δὲ
3270 1091 3585 1162 αὐξομένης
3624 1093 3722 1143 καὶ

2122 1186 2257 1257 πρὸς
2305 1187 2364 1240 τὸ
2409 1187 2614 1258 πλῆρες
2667 1184 3031 1255 ἐπειγομένης
3080 1183 3176 1235 καὶ
3216 1181 3354 1236 αὑτά
3399 1182 3566 1236 πάλιν
3601 1183 3721 1252 (67)

2122 1278 2618 1348 ἀναπληρούμενα·
2652 1276 2788 1329 διότι
2821 1274 3100 1346 ὑγρότητά
3127 1291 3247 1327 τινα
3291 1274 3592 1345 θερμότητι
3628 1292 3723 1326 κε-

2120 1370 2400 1441 κραμένην
2429 1371 2522 1422 ἐπὶ
2551 1369 2613 1421 τὸ
2639 1367 2803 1437 βάθος
2832 1367 3142 1436 φθάνουσαν
3173 1364 3475 1435 λεληθότως
3511 1365 3717 1432 ἐνίησι.

2118 1461 2346 1533 Δηλοῦσι
2383 1462 2439 1514 δέ
2478 1462 2527 1513 oi
2573 1459 2925 1521 καθεύδοντες
2967 1457 3072 1511 ὑπὸ
3116 1457 3367 1528 σελήνην,
3409 1459 3722 1529 ὑγρότητος

2119 1554 2381 1625 περισσῆς
2411 1553 2511 1613 τὰς
2536 1555 2632 1624 τῆς
2658 1552 2899 1628 κεφαλῆς
2931 1551 3270 1622 εὐρυχωρίας
3305 1550 3684 1621 πληρούμενοι
3704 1569 3718 1581 ·

2118 1647 2210 1701 καὶ
2255 1645 2324 1700 τὰ
2379 1644 2656 1716 νεοσφαγῆ
2710 1644 2819 1698 τῶν
2877 1645 3054 1716 κρεῶν
3100 1645 3236 1714 ταχὺ
3278 1643 3595 1713 τρεπόμενα
3645 1645 3719 1712 τῇ

2117 1736 2389 1808 προσϐολῇ
2418 1738 2516 1807 τῆς
2543 1735 2796 1806 σελήνης·
2837 1737 2930 1788 καὶ
2957 1735 3112 1800 ζώων
3134 1734 3450 1803 ἐγκέφαλοι,
3476 1736 3575 1787 καὶ
3600 1736 3719 1787 τῶν

437 1822 752 1876 animalium
797 1825 1194 1892 liuinidissima,
1222 1836 1278 1881 et
1303 1827 1559 1882 arborum
1593 1829 1856 1885 medullae.
1885 1831 2008 1897 Qua:

2119 1829 2418 1882 θαλαττίων
2455 1829 2524 1882 τά
2553 1829 2848 1900 ὑγρότατα,
2878 1828 2972 1880 καὶ
3000 1829 3055 1881 αἱ
3078 1827 3186 1880 τῶν
3205 1826 3436 1896 δένδρων
3453 1828 3720 1898 ἐντεριῶ-

434 1927 564 1968 sane
595 1915 774 1968 omnia
807 1917 1108 1972 mutatione
1149 1933 1245 1972 sua
1286 1930 1621 1974 commutare
1664 1935 1771 1974 non
1805 1934 2009 1989 posset,

435 2008 560 2071 nisi,
589 2011 742 2076 juxta
770 2010 1068 2080 Scriptura:
1100 2013 1490 2080 testimonium,
1517 2017 1566 2069 ei
1615 2016 1818 2071 inesset
1853 2020 2011 2087 quid-

435 2099 578 2160 piam
604 2100 818 2167 ingens,
853 2115 916 2155 ac
952 2101 1159 2156 viribus
1185 2103 1529 2171 przepollens.

509 2182 595 2244 Η.
655 2191 760 2245 Sed
799 2201 851 2246 et
880 2209 1000 2262 qua:
1031 2194 1144 2248 aeri
1198 2197 1451 2252 accidunt
1499 2196 1850 2267 all‘ectioncs,
1888 2217 2008 2257 cum

430 2253 572 2334 ⁸ηιιιιξ
615 2283 1007 2339 mutationibus
1037 2288 1406 2356 consentiunt,
1439 2291 1582 2345 velut
1617 2301 1884 2350 testantur
1914 2312 2010 2350 no-

435 2373 514 2423 bis
549 2377 603 2425 et
631 2374 927 2438 repentina:
962 2378 1426 2445 perturbationes,
1453 2397 1574 2450 quae
1607 2383 1734 2436 dum
1767 2387 2011 2439 nascitur

433 2465 578 2526 luna,
612 2465 843 2520 nubibus
875 2469 1170 2538 exagitatis
1209 2487 1272 2526 ac
1305 2473 1409 2526 sibi
1436 2472 1670 2529 invicem
1708 2491 2009 2532 occurren-

433 2556 594 2621 tibus,
629 2571 772 2628 stepe
800 2569 920 2627 post
945 2563 1395 2631 tranquillitatem
1429 2577 1826 2638 ventorumque
1851 2569 2008 2623 silen-

433 2651 563 2702 Iilttll
609 2652 933 2706 exoriuntur
969 2671 982 2706 :
1027 2654 1178 2721 item,
1239 2657 1558 2726 euriporum
1598 2659 1882 2726 reﬂuxus;
1945 2680 2008 2716 ac

433 2744 618 2809 maris,
643 2746 784 2811 quod
805 2755 1029 2801 vocatur
1067 2747 1338 2814 Oceanus,
1378 2760 1544 2806 aestus
1568 2753 1850 2822 reciproci,
1874 2771 2010 2823 quos

431 2847 748 2903 repererunt
796 2840 994 2895 accolae
1047 2842 1500 2898 conversionibus
1564 2844 1707 2898 luna:
1755 2847 2008 2900 ordinate

433 2931 774 2989 respondere.
806 2930 941 2986 Nam
970 2933 1146 3003 euripi
1173 2934 1318 2988 inter
1349 2933 1590 3004 reliquas
1629 2936 1770 2992 lunae
1801 2940 2006 3008 liguras

429 3019 648 3077 ellluunt
678 3024 732 3079 in
761 3035 1049 3095 utramque
1074 3037 1283 3098 partem
1311 3045 1325 3082 :
1361 3031 1454 3084 sed
1483 3040 1638 3084 ortus
1673 3031 1844 3100 ipsius
1870 3042 2006 3086 tem-

2117 1941 2222 1976 ναι.
2267 1923 2334 1975 *Λ
2372 1921 2551 1975 πάντα
2581 1921 2681 1973 οὑκ
2705 1919 2771 1972 ἂν
2802 1918 3064 1990 ἐξήρκεσε
3091 1919 3155 1986 τῇ
3191 1917 3393 1986 ἑαυτῆς
3421 1916 3717 1972 ἀλλοιώσει

2117 2015 2516 2086 συμμεθιστᾷν,
2569 2016 2617 2066 εί
2672 2013 2746 2084 μὴ
2783 2011 3060 2082 ὑπερφυές
3104 2027 3156 2062 τι
3195 2006 3262 2080 ἦν
3298 2009 3391 2062 καὶ
3437 2011 3718 2081 ὑπερέχον

2112 2109 2340 2178 δυνάμει
2371 2108 2511 2160 κατά
2539 2106 2638 2177 τὴν
2667 2106 2766 2176 τῆς
2804 2105 3026 2176 Γραφῆς
3059 2104 3384 2175 μαρτυρίαν.

2185 2201 2271 2256 Η.
2309 2201 2417 2254 Καὶ
2438 2199 2506 2252 τὰ
2534 2198 2661 2269 περὶ
2693 2197 2785 2250 τὸν
2811 2197 2948 2268 ἀέρα
2973 2197 3029 2250 δὲ
3054 2195 3201 2265 πάθη
3226 2199 3346 2259 ταῖς
3378 2196 3710 2267 μεταϐολαῖς

2111 2293 2315 2364 ταύτης
2362 2291 2794 2354 συνδιατίθεται,
2841 2290 2916 2352 ὡς
2955 2288 3324 2359 μαρτυροῦσιν
3359 2292 3492 2360 ἡμῖν
3538 2291 3600 2342 αἴ
3643 2308 3706 2342 τε

2113 2386 2253 2438 κατά
2277 2385 2376 2455 τήν
2409 2383 2709 2454 νουμηνίαν
2746 2381 3005 2446 πολλάκις
3056 2382 3164 2434 ἀπὸ
3198 2382 3442 2452 γαλήνης
3472 2383 3568 2435 καὶ
3605 2400 3702 2454 νη-

2111 2481 2305 2550 νεμίας
2350 2479 2606 2547 αἰφνίδιοι
2648 2479 2908 2552 ταραχαὶ,
2956 2477 3135 2546 νεφῶν
3183 2477 3563 2547 κλονουμένων
3609 2483 3704 2529 καὶ

2112 2572 2536 2644 συμπιπτόντων
2566 2570 2840 2641 ἀλλήλοις,
2885 2569 2978 2622 καὶ
3019 2570 3077 2621 αἰ
3112 2570 3240 2640 περὶ
3269 2569 3398 2632 τοὺς
3441 2569 3700 2639 εὐρίπους

2110 2666 2448 2737 παλίρροιαι,
2495 2665 2589 2716 καὶ
2630 2665 2662 2734 ή
2706 2663 2835 2733 περὶ
2862 2663 2952 2714 τὸν
2989 2661 3101 2733 (68)
3135 2661 3425 2732 λεγόμενον
3455 2661 3700 2714 ὠκεανὸν

2110 2759 2385 2828 ἄμπωτις,
2437 2757 2502 2828 ἣν
2544 2759 2669 2818 ταῖς
2705 2754 2974 2825 περιόδοις
3010 2755 3109 2824 τῆς
3155 2753 3382 2824 σελήνης
3430 2753 3702 2822 τεταγμέ-

2109 2869 2213 2914 νως
2240 2850 2514 2922 ἑπομένην
2547 2847 2769 2915 ἐξεῦρον
2805 2849 2852 2900 οἱ
2895 2845 3336 2914 προσοικοῦντες.
3360 2848 3426 2899 Oi
3463 2848 3563 2917 μὲν
3597 2846 3704 2914 γάρ

2109 2943 2324 3014 εὑριποι
2379 2941 2772 3013 μεταρῤέουσιν
2819 2941 2902 3008 ἐφ’
2953 2940 3188 3010 ἐκάτερα
3240 2938 3378 2992 κατὰ
3425 2939 3492 2991 τά
3542 2938 3705 2991 λοιπά

2109 3044 2363 3110 σχήματα
2412 3039 2511 3108 τῆς
2557 3038 2814 3108 σελήνης·
2865 3039 2922 3089 ἐν
2967 3037 3024 3089 δὲ
3072 3036 3152 3106 τῷ
3197 3035 3372 3105 καιρῷ
3412 3038 3512 3106 τῆς
3549 3036 3703 3102 γενέ-

429 3129 580 3180 pore,
609 3133 674 3172 ne
703 3117 1027 3174 brevissimo
1060 3120 1278 3189 quidem
1327 3130 1600 3178 momento
1663 3125 1958 3194 quiescunt
1988 3164 2002 3188 ,

2119 3151 2249 3195 σεως
2291 3133 2400 3203 (69)
2442 3131 2563 3184 οὐδὲ
2610 3131 2671 3184 τὸ
2714 3130 3053 3201 βραχύτατον
3081 3129 3434 3200 ἀτρεμοῦσιν,
3485 3129 3606 3181 ἀλλ’
3645 3131 3705 3181 ἐν

428 3210 521 3263 sed
550 3211 602 3264 in
635 3212 953 3281 agitatione,
985 3223 1149 3282 atque
1180 3214 1234 3267 in
1261 3215 1521 3268 continua
1560 3214 1850 3271 libratione
1885 3234 2006 3286 per-

429 3319 700 3371 severam,
719 3307 888 3361 donec
927 3323 1114 3362 rursus
1139 3322 1409 3377 apparens
1449 3310 1571 3365 huic
1593 3312 2007 3380 reciprocationi

426 3398 676 3452 ordinem
725 3399 960 3468 aliquem
1007 3400 1218 3454 dederit
1294 3400 1596 3455 Occiduum
1644 3414 1824 3457 autem
1859 3418 2008 3458 mare

427 3490 650 3547 aestibus
684 3493 981 3561 reciprocis
1005 3493 1299 3548 obnoxium
1339 3504 1441 3560 est,
1475 3511 1618 3549 nunc
1666 3496 1884 3564 quidem
1921 3512 2006 3552 re-

434 3592 674 3649 vertens,
708 3600 850 3640 nunc
899 3599 1026 3641 vero
1081 3597 1448 3657 restagnans:
1507 3589 1662 3656 quasi
1709 3597 2005 3643 retrorsum

427 3675 846 3732 subtralieretur
871 3677 1011 3732 lunae
1036 3679 1509 3748 respirationibus,
1538 3696 1599 3734 ac
1621 3681 1814 3733 iterum
1842 3681 2008 3749 ipsius

424 3768 886 3837 exspirationibus
917 3772 984 3824 ad
1027 3772 1302 3840 pr0priam
1355 3788 1666 3826 mensuram
1703 3773 2007 3841 impellere-

431 3874 533 3913 tur.
574 3859 700 3915 Hzec
730 3878 760 3915 a
801 3879 887 3916 me
922 3862 1064 3917 dicta
1098 3874 1242 3924 sunt,
1287 3873 1346 3916 ut
1378 3863 1732 3916 luminarium
1781 3866 2006 3919 demon-

432 3963 702 4008 straretur
736 3957 1081 4024 magnitudo,
1119 3967 1285 4024 utque
1311 3967 1592 4011 constaret
1631 3958 1682 4010 in
1720 3960 1898 4013 verbis
1920 3961 2002 4013 di-

423 4045 627 4101 vinitus
672 4045 954 4115 inspiratis
992 4063 1060 4100 ne
1097 4046 1262 4100 ullam
1301 4048 1522 4116 quidem
1567 4049 1831 4118 syllabam
1883 4066 2006 4106 esse

421 4138 652 4192 otiosam
684 4157 697 4193 :
729 4155 1038 4208 quanquam
1073 4140 1188 4194 fere
1218 4141 1561 4195 niliileorum
1605 4158 1723 4210 qua:
1748 4147 2002 4198 momenti

423 4230 653 4301 alicujus
680 4242 806 4286 sunt
845 4248 908 4286 ac
959 4232 1344 4302 principaliora
1372 4273 1386 4296 ,
1437 4234 1614 4289 oratio
1651 4246 1836 4288 nostra
1878 4237 2006 4290 atti-

422 4325 499 4390 git
535 4344 544 4376 :
584 4325 735 4393 plura
762 4341 997 4394 namque
1025 4325 1090 4379 de
1114 4326 1701 4396 magnitudine,deque
1731 4329 2003 4383 distantiis

423 4415 555 4470 solis
586 4430 651 4469 ae
683 4413 824 4469 luna:
852 4416 1231 4469 ratiocinando
1267 4417 1581 4483 excogitare
1622 4417 1845 4484 poterit,
1906 4418 1999 4485 qui

2115 3227 2261 3296 σάλῳ
2303 3227 2396 3278 καὶ
2448 3223 2786 3277 ταλαντώσει
2833 3223 3074 3293 διηνεκεῖ
3124 3221 3553 3290 καθεστήκασιν,
3600 3221 3705 3278 ἕως

2112 3318 2197 3381 ἂν,
2238 3319 2531 3386 ἐκφανεῖσα
2573 3316 2764 3379 πάλιν,
2798 3313 3121 3369 ἀκολουθίαν
3153 3313 3272 3366 τινὰ
3306 3315 3368 3382 τῇ
3408 3311 3705 3381 adnasci;

2114 3411 2485 3480 παράσχηται.
2536 3409 2600 3460 ’11
2639 3408 2695 3460 δὲ
2739 3407 2981 3476 ἐσπερίαξ
3004 3405 3250 3460 θάλασσα
3281 3404 3378 3466 τὰς
3415 3404 3704 3472 ἀμπώτεις

2113 3504 2425 3572 ὑφίσταται,
2461 3500 2555 3554 νῦν
2595 3501 2692 3570 μὲν
2723 3498 3095 3553 ὑπονοστοῦσα
3132 3498 3266 3568 (70),
3307 3495 3466 3549 πάλιν
3492 3495 3552 3547 δὲ
3585 3497 3703 3547 ἐπι-

2111 3595 2399 3658 κλύζουσα,
2427 3592 2614 3664 ὥσπερ
2643 3593 2937 3656 ἀναπνοαῖς
2967 3591 3067 3660 τῆς
3093 3591 3320 3660 σελήνης
3354 3589 3700 3658 ὑφελκομένη

2113 3689 2246 3758 πρὸς
2280 3686 2340 3739 τὸ
2363 3686 2557 3750 ὀπίσω,
2598 3686 2692 3738 καὶ
2721 3683 2881 3737 πάλιν
2909 3685 3029 3746 ταῖς
3062 3683 3156 3734 ἀπ’
3191 3682 3359 3749 αὐτῆς
3394 3679 3700 3739 ἓκπνοίαις,

2110 3779 2189 3838 εἰς
2211 3776 2269 3828 τὸ
2295 3777 2495 3826 οἰκεῖον
2529 3774 2728 3844 μέτρον
2760 3771 3174 3844 προωθουμένη.
3206 3771 3388 3824 Ταῦτά
3415 3787 3505 3839 μοι
3553 3772 3703 3839 εῖρη-

2109 3886 2194 3919 ται
2228 3868 2364 3939 πρὸς
2396 3866 2673 3930 ἀπόδειξιν
2711 3865 2805 3918 τοῦ
2851 3866 2993 3919 κατὰ
3028 3867 3151 3927 τοὺς
3189 3863 3484 3932 φωστῆρας
3535 3864 3702 3931 μεγέ-

2111 3961 2256 4022 θους,
2300 3960 2394 4010 καὶ
2432 3959 2690 4012 σύστασιν
2717 3957 2811 4010 τοῦ
2853 3958 2987 4027 μηδὲ
3023 3957 3185 4027 μέχρι
3223 3956 3492 4024 συλλαϐῆς
3527 3956 3704 4025 ἀργόν

2108 4069 2159 4104 τι
2191 4050 2462 4106 εἶναιτῶν
2498 4051 2870 4104 θεοπνεύστων
2909 4051 3202 4121 ῥημάτων·
3250 4050 3428 4102 καίτοι
3453 4065 3516 4116 γε
3549 4049 3704 4101 οὐδε-

2110 4149 2196 4212 νὸς
2237 4149 2412 4218 ἥψατο
2450 4148 2632 4217 σχεδὸν
2671 4148 2778 4200 τῶν
2810 4149 3040 4218 καιρίων
3081 4149 3108 4199 ὁ
3138 4148 3324 4215 λόγος’
3369 4147 3545 4199 πολλὰ
3589 4148 3702 4217 γὰρ

2112 4244 2236 4313 περὶ¹
2275 4241 2519 4311 μεγεθῶν
2559 4242 2650 4294 καὶ
2687 4242 3093 4310 ἀποστημάτων
3137 4240 3287 4309 ἡλίου
3335 4241 3429 4292 καὶ
3469 4239 3703 4310 σελήνης

2108 4337 2254 4388 ἔστιν
2296 4335 2535 4404 ἐξευρεῖν
2575 4337 2683 4395 τοῖς
2729 4333 3011 4402 λογισμοῖς
3039 4333 3127 4384 τὸν
3159 4331 3233 4401 μή
3269 4331 3568 4401 παρέργως
3603 4331 3704 4393 τὰς

2106 4428 2384 4499 ἐνεργείας
2432 4427 2610 4480 αὐτῶν
2665 4427 2758 4477 καὶ
2809 4426 2908 4488 τὰς
2960 4425 3215 4495 δυνάμεις
3258 4424 3697 4492 ἐπεσκεμμένον.

422 4509 529 4561 vim
554 4517 609 4561 et
635 4507 891 4562 virtutem
923 4522 1114 4562 eorum
1143 4508 1284 4560 baud
1312 4509 1684 4576 perfunctorie
1727 4512 2002 4577 expende-

2119 4521 2480 4590 [εὐγνωμόνως
2507 4516 2597 4572 οὖν
2643 4520 2723 4572 δεῖ
2756 4521 3085 4588 κατηγορεῖν
3127 4519 3273 4588 ἡμᾶς
3309 4518 3422 4585 (71)
3454 4519 3556 4586 τῆς
3583 4519 3702 4570 ἐαυ-

425 4601 512 4654 rit.
543 4599 724 4668 Itaque
776 4601 1010 4668 ingenue
1047 4601 1359 4654 accusanda
1405 4610 1488 4654 est
1533 4610 1719 4656 nostra
1754 4602 1997 4671 ipsorum

423 4693 789 4758 imbecillitas,
819 4711 887 4751 ne
940 4694 1065 4763 quis
1105 4693 1322 4762 opilicia
1365 4692 1603 4745 maxima
1646 4695 1844 4749 nostris
1879 4710 1999 4748 ver-

489 4829 533 4859 3"
571 4828 733 4884 Ercli.
759 4843 924 4894 xxv",
970 4830 1056 4882 12.

493 4920 602 4987 (ϋῖ)
635 4918 748 4971 Duo
777 4935 906 4991 mss.
940 4922 1030 4972 καὶ
1058 4921 1231 4974 ταῦτα
1294 4920 1468 4974 πάλιν.
1511 4919 1656 4974 Infra
1686 4921 1819 4991 Reg.
1847 4925 2004 4990 quin.

417 5003 505 5064 ius
524 4989 865 5064 εὑρνχωρίας
893 4991 997 5064 πλη
1008 4991 1294 5064 ρουμένης.

489 5059 739 5132 (ϋδμιιει,
768 5063 862 5112 καὶ
892 5063 925 5130 ή
952 5059 1078 5132 περὶ
1103 5059 1370 5126 τόν,ξυιο.,
1390 5063 1469 5117 sic
1486 5063 1724 5131 explicat
1744 5063 1881 5117 idem
1916 5064 2004 5117 ille

417 5129 572 5204 mijus
594 5129 710 5204 jam
744 5129 1072 5204 mentientem
1098 5133 1322 5204 fecimus
1346 5129 1601 5204 librarius
1630 5152 1644 5186 :
1675 5135 2004 5204 τικτομένης

418 5201 652 5274 γάρ-τῆς
701 5199 950 5274 σελήνης,
979 5205 1044 5274 ἐν
1097 5203 1293 5274 ἐκείνῳ
1321 5202 1400 5274 τῷ
1441 5203 1590 5274 τόπῳ
1631 5199 2003 5258 τούώκεανού

415 5271 796 5346 αποδιίσταται
828 5271 894 5324 τδ
935 5271 1318 5346 κῦμα,ίκαὶ’ή
1343 5271 1416 5346 γῆ
1459 5271 1678 5346 φαίνετε
1726 5276 1849 5346 (sic,
1909 5293 2004 5344 pro

419 5341 714 5411 φαίνεται),
755 5334 888 5396 Cum
934 5334 1247 5408 emin'luna
1275 5334 1437 5412 p'art't',
1462 5334 1516 5398 in
1541 5345 1633 5398 illo
1658 5334 1846 5401 oceani
1883 5334 1998 5400 loco

419 5423 623 5482 separat
643 5415 860 5476 undam,
885 5425 931 5466 et
949 5424 1090 5469 terra
1117 5426 1352 5482 apparet.

491 5481 602 5556 (ὅθ)
651 5483 831 5556 Editio
875 5485 1047 5556 Paris.
1107 5481 1375 5553 γενέσεως
1431 5486 1622 5556 αὑτῆς.
1680 5485 1842 5542 Deest
1895 5487 1994 5540 αὑ-

417 5554 516 5622 τῆς
571 5554 623 5606 in
669 5555 906 5626 editione
949 5554 1113 5610 Basil.
1143 5569 1196 5612 et
1229 5558 1280 5610 in
1328 5557 1510 5610 multis
1539 5554 1669 5611 mss.
1705 5557 1822 5611 Mox
1861 5558 1992 5626 Reg.

416 5633 604 5677 sextus
630 5623 774 5696 σάλῳ
801 5626 894 5677 καὶ
920 5631 1128 5695 ταραχῆ
1166 5629 1421 5695 διηνεκεῖ.
1456 5627 1611 5690 Illud,
1642 5623 1994 5690 calautdnfi,

420 5703 803 5777 ttitcrprctulur
850 5697 1097 5753 laudatus
1131 5716 1244 5775 iam
1277 5701 1528 5755 libi'aiius
1570 5713 1663 5768 per
1697 5718 1874 5755 mecm
1916 5720 1994 5759 κι-

418 5776 590 5830 νησιι.

2108 4611 2212 4665 τῶν
2231 4609 2534 4672 ἀσθενείας,
2567 4609 2653 4662 ἵνα
2671 4609 2744 4678 μὴ
2766 4607 2843 4676 τῷ
2863 4607 3115 4677 ἡμετέρῳ
3131 4607 3275 4676 λόγῳ
3298 4608 3566 4677 μετρῆται
3586 4607 3700 4677 (72)

2109 4703 2216 4755 τῶν
2267 4701 2764 4772 δημιουργημὰτων
2802 4699 2869 4750 τὰ
2926 4698 3178 4768 μέγιστα,
3229 4698 3364 4751 ἀλλὰ
3400 4698 3459 4765 ἐξ
3497 4698 3701 4766 ὀλίγων

2178 4923 2290 4992 (70)
2317 4924 2426 4994 Duo
2459 4939 2590 4977 mss.
2616 4923 3006 4976 ἁπονοστοῦσα.
3031 4922 3225 4977 Statim
3250 4923 3465 4978 codices
3491 4923 3703 4994 aliquot

2105 4996 2296 5064 ὥσπερ
2350 4993 2690 5058 ἀναπνοίαις.
2731 4996 2837 5048 ΛΙῘὶ
2891 4995 3110 5062 quidam
3169 5010 3298 5048 mss.
3363 5009 3486 5046 cum
3530 4993 3700 5048 editis

2106 5065 2424 5124 ἀναπνοαῖς.
2490 5065 2733 5117 Subinde
2769 5066 2936 5118 editio
3001 5065 3190 5126 Basil.,
3249 5064 3412 5118 Coisl.
3465 5074 3700 5129 uterque

2104 5151 2157 5190 et
2215 5136 2304 5187 alii
2345 5135 2586 5205 quinque
2639 5152 2767 5188 mss.
2802 5135 3110 5205 ἐμπνοίαις.
3170 5135 3345 5205 Editio
3395 5134 3570 5188 Paris.
3605 5139 3689 5188 ὲκ-

2106 5206 2336 5267 πνοίαις.
2407 5203 2530 5258 Iliec
2579 5205 2716 5258 luna:
2785 5203 3070 5272 re'spiratio
3127 5204 3461 5273 pbilosoiibis
3523 5208 3694 5260 nostri

2105 5275 2362 5342 temporis
2398 5291 2500 5326 non
2533 5279 2726 5342 placet.
2761 5273 2958 5329 Putant
2993 5277 3208 5343 quidem
3252 5286 3418 5328 aestus
3452 5276 3696 5343 recipro-

2099 5349 2370 5401 catioucm
2391 5359 2422 5397 a
2459 5345 2581 5397 luna
2609 5356 2867 5412 tanquam
2897 5363 2926 5398 a
2955 5362 3117 5399 causa
3149 5346 3417 5411 pendere:
3455 5344 3546 5398 sed
3584 5362 3697 5399 rem

2102 5420 2259 5484 longe
2299 5415 2456 5468 aliter
2489 5417 2784 5484 eXplicant.
2812 5417 3046 5470 Possunt
3079 5431 3267 5470 eorum
3299 5415 3423 5469 libri
3465 5433 3494 5467 a
3523 5420 3700 5469 curio-

2100 5491 2171 5544 sis
2195 5487 2315 5544 legi.

2174 5529 2488 5625 (dvfi'Editio
2531 5555 2695 5610 Basil.
2740 5571 2864 5609 cum
2917 5555 3068 5609 Bodl.
3104 5565 3158 5609 et
3187 5570 3306 5608 cum
3335 5555 3521 5608 multis
3571 5556 3696 5609 aliis

2107 5648 2233 5682 mss.
2265 5631 2587 5696 κατηγορεῖν
2621 5627 2785 5694 ἡμᾶς.
2819 5629 2990 5681 Ειιίιὶυ
3017 5626 3187 5682 Paris.
3223 5642 3315 5694 per
3346 5628 3695 5681 oscitantiam

2109 5702 2562 5762 l\'lttt'_1l'.l[iit()l|llll
2603 5699 2761 5765 ὑμᾶς.

2190 5771 2292 5821 til‘
2328 5770 2398 5821 ita
2454 5783 2579 5822 nus.
2609 5778 2660 5822 et
2687 5779 2911 5833 ultaque
2953 5780 3133 5824 nostra
3165 5766 3344 5822 Cdilin.
3376 5767 3555 5832 Quare
3592 5785 3692 5822 non
