3850 6218
298 281 408 339 145

1401 285 1691 345 HOMILIA
1735 288 1803 345 Vl
1843 288 1908 344 IN
1951 288 2452 348 HEXAEMERON.

3428 294 3574 363 ,υτ

292 399 408 455 τῶν
460 399 769 472 είρημένων
810 405 941 475 παρ’
979 402 1193 466 ἑαυτοῖς
1244 403 1687 475 ἀναλογίζεσθαι,
1750 406 1876 459 πόσε

2001 408 2087 463 bis
2127 409 2422 465 metiatur:
2459 408 2553 465 sed
2583 423 2646 465 ex
2689 410 2880 482 paucis
2929 425 3049 482 quae
3092 409 3411 478 retulimus,
3447 419 3579 481 quot

291 495 420 549 τινά
442 496 560 548 ἐστι
592 497 687 549 καὶ
711 495 920 566 πηλίκα
958 495 1025 550 τά
1059 496 1389 567 παρεθέντα.
1419 498 1512 569 Μὴ
1542 497 1725 552 τοίνυν
1751 498 1888 571 μηδὲ

293 585 526 659 σελήνην
542 587 808 660 ὀφθαλμῷ
843 590 1143 660 μετρήσῃς,
1174 588 1310 660 ἀλλά
1337 588 1606 660 λογισμιῖι,
1624 589 1684 654 ὃς
1708 588 1889 661 πολλῷ

290 677 404 732 τῶν
434 679 729 751 ὀφθαλμῶν
758 679 1149 752 ἀκριϐέστερός
1181 683 1299 734 ἐστι
1323 679 1461 751 πρὸς
1506 679 1765 750 ἀληθείας
1797 679 1889 733 εὐ-

293 786 467 844 ρεσιν.
496 770 676 825 Μῦθοί
702 786 850 836 τινες
888 771 1287 841 καταγέλαστοι
1333 772 1438 825 ὑπὸ
1475 772 1738 844 γραῖδίων
1786 789 1888 826 κω-

289 862 673 935 θωνιζομένων
712 863 1198 936 παραληρούμενοι
1225 864 1503 936 πανταχοῦ
1545 864 1882 938 διεδόθησαν,

288 958 374 1011 ὅτι
409 957 772 1028 μαγγανείαις
794 958 909 1011 τισὶ
932 959 1033 1029 τῆς
1068 959 1279 1023 οίκείας
1304 959 1469 1031 ἔδρας
1490 960 1886 1031 ἀποκινηθεῖσα

290 1048 493 1118 σελήνη
531 1047 668 1118 πρὸς
696 1048 802 1120 γῆν
829 1048 1225 1120 καταφέρεται.
1261 1050 1386 1114 Πῶς
1422 1050 1522 1122 μὲν
1547 1046 1640 1104 οῦν
1671 1052 1883 1123 κινήσει

292 1140 509 1210 γοήτων
543 1140 805 1212 ἐπαοιδὴ,
842 1141 908 1211 ἢν
943 1142 1108 1205 αὐτὸς
1133 1141 1499 1212 ὲθεμελίωσεν
1531 1145 1560 1197 ὁ
1582 1143 1880 1214 ”Υψιστος;

292 1230 456 1293 Ιιοῖος
490 1229 538 1284 δ’
566 1230 633 1285 ἂν
671 1234 765 1285 καὶ
808 1232 971 1296 τόπος
1023 1232 1503 1288 κατασπασθεῖσαν
1547 1233 1717 1306 αὐτὴν
1776 1235 1882 1287 ὐπ-

287 1322 536 1390 εδέξατο;
584 1325 773 1378 Βούλει
820 1326 929 1380 ἀπὸ
954 1326 1169 1399 μικρῶν
1198 1327 1516 1401 τεκμηρίων
1549 1327 1735 1383 λαϐεῖν
1784 1328 1880 1381 τοῦ

290 1416 559 1485 μεγέθους
590 1417 766 1488 αὐτῆς
798 1419 899 1491 τὴν
944 1419 1253 1485 ἀπόδειξιν;
1294 1423 1359 1474 Δί
1391 1422 1534 1475 κατὰ
1558 1423 1658 1494 τὴν
1698 1424 1880 1477 οίκου-

289 1508 459 1580 μένην
492 1509 676 1574 πόλεις
725 1510 978 1565 πλεῖστον
1016 1511 1265 1584 ἀλλήλων
1313 1515 1704 1585 ἀπῳκισμέναι
1759 1517 1881 1580 ταῖς

282 1602 431 1652 κατά
460 1601 560 1672 τὴν
588 1600 855 1672 ἀνατολὴν
876 1603 1283 1674 τετραμμέναις
1320 1604 1680 1674 ρυμοτομίαις
1701 1603 1878 1671 ὲξίσου

285 1694 463 1746 πᾶσαι
499 1694 561 1746 τὸ
585 1694 870 1766 σεληναῖον
899 1696 1017 1766 φῶς
1052 1697 1419 1768 ὑποδέχονται.
1448 1693 1547 1761 Al;
1577 1700 1626 1751 εί
1664 1698 1740 1769 μὴ
1771 1699 1878 1751 πά-

287 1805 413 1851 σαις
460 1788 878 1859 ἀντιπρόσωπος
924 1784 1014 1860 ἦν,
1058 1789 1186 1853 τοὺς
1242 1790 1342 1860 μὲν
1398 1791 1486 1843 ἐπ’
1520 1790 1740 1854 εὐθείας
1768 1790 1877 1845 τῶν

286 1881 580 1935 στενωπῶν
607 1882 824 1947 πάντως
849 1881 916 1936 ἂν
947 1880 1312 1951 κατεφώτισε,
1341 1884 1470 1946 τοὺς
1498 1881 1556 1936 δὲ
1589 1881 1653 1935 τὸ
1674 1882 1878 1945 πλάτος

282 1972 455 2043 αὐτῆς
487 1973 934 2044 ὑπερπίπτοντας
959 1973 1379 2045 ὲγκεκλιμέναις
1417 1974 1485 2029 ἂν
1523 1977 1644 2039 ταῖς
1683 1977 1879 2044 αὐγαῖς

284 2066 382 2121 ἐπὶ
417 2065 484 2120 τά
541 2066 751 2137 πλάγια
789 2068 1277 2139 παραφερομέναις
1330 2067 1699 2139 προσέϐαλλεν
1737 2070 1873 2138 (75).

285 2157 467 2231 Ὅπερ
507 2161 601 2213 καὶ
656 2161 749 2213 ἐπὶ
789 2160 899 2213 τῶν
936 2159 1145 2229 λύχνων
1192 2158 1339 2212 ἔστιν
1390 2159 1517 2212 ἰδεῖν
1561 2159 1703 2213 κατὰ
1751 2160 1878 2223 τοὺς

281 2250 468 2317 οἴκους
496 2254 800 2325 γινόμενον.
849 2253 1106 2307 Ἐπειδὰν
1141 2252 1361 2316 πλείους
1410 2251 1738 2324 περιστῶσιν
1781 2254 1878 2306 αὐ-

281 2351 397 2415 τὸν,
441 2352 475 2420 ἡ
521 2351 621 2421 μὲν
662 2350 759 2405 τοῦ
796 2354 917 2405 κατ’
953 2351 1170 2406 εὐθεῖαν
1212 2352 1451 2413 ἑστῶτος
1481 2352 1611 2405 σκιά
1639 2352 1777 2425 πρὸς
1817 2353 1877 2407 τὸ

283 2444 467 2516 ὄρθιον
488 2446 939 2512 ἀποτείνεται,ἀί
970 2447 1027 2500 δὲ
1047 2447 1234 2500 λοιπαὶ
1272 2447 1393 2500 καθ’
1418 2446 1680 2516 ἑκάτερον
1715 2445 1879 2516 μέρος

285 2539 623 2592 ἐκκλίνουσιν
660 2540 797 2610 (74).
841 2541 1027 2605 Ὥστε,
1063 2542 1113 2594 εί
1167 2539 1241 2611 μὴ
1295 2539 1527 2594 ἄπλετόν
1570 2556 1625 2591 τι
1669 2535 1739 2609 ἦν
1784 2538 1878 2590 καὶ

286 2630 552 2701 ὑπερέχον
582 2629 805 2701 μεγέθει
826 2630 888 2683 τὸ
918 2630 1239 2701 σεληνιακὸν
1258 2629 1439 2701 σῶμα,
1467 2631 1569 2683 οὐκ
1590 2629 1657 2684 ἂν
1677 2629 1879 2700 ὁμοίως

283 2723 764 2794 ἀντιπαρετείνετο
795 2723 982 2777 πᾶσιν.
1032 2723 1267 2794 Ὁμοίως
1296 2723 1406 2792 γὰρ
1435 2723 1607 2792 αὐτῆς
1638 2722 1746 2776 ἀπὸ
1768 2722 1877 2775 τῶν

288 2813 620 2887 ίσημερινῶν
649 2815 833 2869 τόπων
863 2814 1264 2885 ἀνατελλούσης
1288 2815 1343 2867 οἵ
1368 2832 1428 2867 τε
1461 2812 1879 2886 προσοικοῦντες

285 2907 352 2977 τῇ
386 2905 770 2978 κατεψυγμένη
806 2907 903 2959 καὶ¹
944 2906 1049 2959 ὑπὸ
1091 2906 1204 2977 (75)
1237 2906 1336 2969 τὰς
1376 2904 1747 2980 περιστροφάς
1779 2907 1879 2978 τῆς

286 2999 491 3070 ἄρκτου
545 2999 789 3071 κείμενοι
833 2998 1343 3070 μεταλαμϐάνουσι,
1380 2999 1474 3051 καὶ
1519 3000 1570 3051 οί
1622 2997 1761 3052 κατὰ
1808 2999 1879 3052 τὰ

1996 510 2052 554 et
2078 509 2281 570 quanta
2319 502 2430 556 sint
2454 516 2519 557 ea
2562 516 2682 572 quae
2726 504 2931 558 omissa
2980 502 3158 568 fuere,
3190 505 3331 573 apud
3363 519 3462 560 vos
3493 522 3579 559 re-

1997 600 2191 660 putare
2217 593 2450 647 debetis.
2475 591 2557 648 Ne
2587 593 2752 664 igitur
2779 592 2938 650 oculo
2965 592 3148 648 lunam
3187 594 3436 661 metiare,
3480 594 3576 649 sed

1999 684 2234 750 ratione,
2264 699 2387 754 quae
2407 686 2475 740 ad
2499 685 2877 741 inveniendam
2898 686 3183 741 veritatem
3217 687 3390 741 oculis
3418 687 3579 755 longe

1991 774 2306 829 accuratior
2337 784 2419 830 est
2456 789 2520 829 ac
2545 776 2770 829 certior.
2801 774 3064 830 Ridiculae
3102 776 3350 845 quadam
3379 775 3577 830 fabula:

1993 866 2061 920 ab
2101 865 2334 922 aniculis
2372 865 2682 922 temulentis
2712 865 3038 934 insipienter
3065 864 3332 931 conﬁctae,
3372 866 3573 932 ubique

1990 955 2325 1026 pervulgata:
2359 966 2509 1021 sunt,
2536 956 2681 1026 quod
2704 956 2832 1010 luna
2858 955 3318 1012 incantationibus
3341 955 3571 1025 quibus-

1991 1048 2113 1102 dam
2149 1064 2214 1102 ex
2251 1049 2471 1117 propria
2517 1049 2648 1103 sede
2692 1057 2896 1112 emota,
2932 1049 2998 1102 ad
3043 1057 3242 1102 terram
3271 1047 3568 1104 deferatur.

1954 1200 1958 1205 _
1989 1141 2273 1208 Quomodo
2304 1156 2435 1211 ergo
2467 1133 2925 1213 praistigiatorum
2955 1142 3418 1196 incantamentum
3446 1157 3569 1197 eam

1985 1235 2281 1302 emovebit,
2312 1249 2474 1305 quam
2500 1235 2615 1305 ipse
2637 1235 2952 1290 Altissimus
2991 1234 3282 1290 fundavit?
3309 1236 3569 1302 Quisnam

1986 1342 2117 1382 vero
2173 1327 2324 1383 locus
2381 1328 2681 1382 detractam
2737 1327 2909 1397 ipsam
2942 1327 3218 1397 suscipere
3256 1328 3573 1398 potuisset?

1987 1417 2083 1473 Vis
2116 1436 2182 1473 ex
2216 1420 2428 1489 exiguis
2484 1419 2702 1474 indiciis
2760 1419 3190 1489 magnitudinem
3242 1421 3388 1477 illius
3425 1436 3571 1476 com-

1984 1512 2444 1583 pertamhabere?
2469 1510 2641 1568 Urbes
2662 1512 2812 1567 orbis
2835 1522 3124 1577 terrarmn,
3154 1528 3316 1582 quam
3363 1513 3569 1583 longis-

1984 1608 2124 1661 simo
2186 1605 2314 1661 licet
2372 1606 2517 1661 inter
2559 1620 2619 1661 se
2670 1607 2876 1663 dissitae
2933 1606 3247 1672 intervallo,
3295 1622 3362 1662 ex
3408 1622 3565 1676 aequo

1984 1714 2174 1754 omnes
2196 1700 2249 1753 in
2278 1699 2344 1753 iis
2383 1699 2474 1769 qui
2502 1699 2698 1753 orienti
2742 1699 2957 1755 obversi
2987 1708 3116 1753 sunt
3144 1699 3283 1754 vicis
3305 1739 3321 1764 ,
3373 1699 3566 1754 lunare

1912 1759 1954 1815 Β
1987 1793 2166 1847 lumen
2190 1794 2495 1864 excipiunt.
2517 1793 2725 1860 Quibus
2751 1794 3006 1849 omnibus
3027 1793 3129 1849 nisi
3149 1796 3455 1864 oppositam
3487 1794 3567 1849 fa-

1983 1887 2124 1940 ciem
2150 1886 2400 1952 haberet,
2426 1890 2748 1956 angiportus
2775 1886 2993 1955 quidem
3028 1894 3177 1941 recta
3198 1887 3299 1955 ipsi
3327 1901 3562 1957 respon-

1981 1982 2175 2036 dentes
2191 1982 2417 2036 omnino
2447 1980 2782 2048 illustraret;
2816 1982 2868 2034 in
2897 1996 2994 2036 eos
3022 1994 3153 2035 vero
3181 1980 3290 2052 62
3318 1980 3409 2051 qui
3442 1981 3566 2035 lati-

1984 2074 2222 2128 tudinem
2250 2073 2423 2143 ipsius
2452 2074 2746 2136 excedunt,
2779 2072 3075 2127 inclinatos
3112 2074 3293 2127 radios
3326 2074 3378 2127 in
3422 2073 3563 2127 obli-

1980 2183 2087 2236 qua
2121 2166 2375 2237 delapsos
2402 2166 2743 2221 immitteret.
2766 2165 2822 2220 ld
2852 2167 2998 2236 quod
3025 2166 3191 2221 etiam
3226 2182 3290 2221 ex
3317 2166 3564 2221 accensis

1982 2263 2033 2315 in
2067 2260 2319 2316 domibus
2347 2260 2587 2317 lucernis
2609 2261 2905 2315 observare
2927 2259 3075 2315 licet.
3109 2258 3242 2313 Nam
3280 2274 3406 2314 cum
3439 2260 3563 2330 pln-

1980 2371 2070 2411 res
2123 2355 2588 2410 circumsteterint
2640 2355 2813 2422 ipsam
2856 2353 3167 2418 lucernam,
3208 2352 3397 2407 umbra
3444 2355 3562 2420 ejus

1981 2448 2072 2518 qui
2098 2447 2309 2503 directo
2343 2455 2474 2513 stat,
2509 2448 2562 2502 in
2610 2447 2883 2501 directum
2926 2446 3231 2517 porrigitur
3261 2486 3277 2513 ,
3339 2445 3562 2516 reliquae

1978 2555 2110 2595 vero
2155 2540 2211 2594 in
2249 2548 2537 2609 utramque
2588 2539 2869 2596 declinant
2923 2549 3158 2610 partem.
3221 2538 3426 2607 Quare,
3455 2541 3560 2596 nisi

1979 2646 2176 2701 corpus
2230 2632 2422 2686 lunare
2461 2640 2610 2687 esset
2652 2630 2977 2686 immensum
3037 2630 3296 2701 quiddam
3335 2639 3391 2686 et
3422 2627 3590 2700 prm-‘

1979 2724 2202 2793 grande,
2237 2738 2343 2776 non
2387 2723 2576 2791 utique
2621 2723 2689 2778 ad
2737 2737 2930 2778 omnes
2977 2722 3231 2778 similiter
3265 2724 3562 2778 extendere

1980 2830 2041 2869 se
2064 2824 2270 2885 posset.
2307 2813 2467 2869 Enim
2496 2827 2628 2869 vero
2669 2813 2762 2882 qui
2812 2821 2869 2868 et
2895 2828 3088 2868 zonam
3115 2815 3378 2884 rigentem
3409 2828 3563 2869 acco-

1982 2907 2119 2972 lunt,
2156 2916 2212 2961 et
2246 2906 2346 2961 sub
2371 2921 2513 2962 ursae
2552 2906 2643 2961 siti
2668 2914 2797 2961 sunt
2819 2906 3295 2973 conversionibus,
3322 2915 3378 2960 et
3404 2904 3560 2973 juxta

1982 3000 2233 3054 meridiei
2259 3013 2392 3053 cava
2426 2998 2591 3052 vicini
2627 3007 2754 3052 sunt
2786 3012 2938 3053 zonae
2962 2998 3204 3062 torridas,
3237 2998 3292 3053 lii
3334 2997 3459 3052 luna
3492 2998 3561 3052 ab

287 3091 442 3144 κοῖλα
470 3093 568 3162 τῆς
599 3092 949 3165 μεσημϐρίας
972 3093 1073 3164 τῆς
1105 3090 1548 3162 διακεκαυμένης
1594 3091 1835 3159 γείτονες
1857 3106 1870 3118 ·

1987 3090 2453 3161 ωιιιιῑιιοοιὶιιιίιιιιε
2499 3088 2632 3144 locis
2661 3089 2871 3145 oriente
2914 3090 3118 3158 pariter
3145 3090 3436 3143 fruuntur:
3493 3090 3560 3143 ad

286 3179 369 3248 οἷς
400 3185 535 3238 πᾶσι
570 3184 716 3238 κατὰ
739 3184 801 3237 τὸ
843 3184 1046 3248 πλάτος
1092 3184 1567 3255 ἀντιπαρήκουσα,
1604 3182 1876 3252 σαφεστά-

286 3294 387 3348 την
432 3278 735 3351 μαρτυρίαν
782 3277 876 3332 τοῦ
937 3277 1205 3349 μεγέθους
1265 3276 1585 3347 παρέχεται.
1636 3277 1736 3339 Τίς
1783 3271 1878 3329 οὖν

284 3371 504 3443 ἀντερεῖ
533 3371 607 3442 μὴ
634 3371 755 3442 οὐχὶ
785 3370 1143 3442 παμμέγεθες
1174 3370 1346 3441 αὐτῆς
1373 3364 1514 3422 εἶναι
1567 3368 1630 3421 τὸ
1680 3367 1875 3439 σῶμα,

284 3464 348 3518 τδ
370 3463 712 3534 τηλικούτοις
743 3462 878 3534 ὁμοῦ
925 3464 1021 3517 καὶ
1059 3462 1338 3525 τοσούτοις
1380 3462 1744 3534 διαστήμασιν
1793 3460 1879 3527 ἐξ·

288 3557 570 3628 ισούμενον
595 3574 610 3622 ;
638 3556 749 3610 Καὶ
768 3555 836 3609 τὰ
869 3556 966 3627 μὲν
998 3557 1125 3626 περὶ¹
1155 3554 1404 3626 μεγεθῶν
1431 3554 1584 3625 ἡλίου
1606 3555 1700 3607 καὶ
1725 3554 1880 3626 σελή-

286 3668 384 3720 νης
402 3652 494 3703 ἐπὶ
524 3648 797 3704 τοσοῦτον.
840 3650 1002 3720 Ἡμῖν
1027 3649 1084 3702 δὲ
1106 3649 1134 3700 ὁ
1157 3650 1528 3721 χαρισάμενος
1546 3648 1790 3702 διάνοιαν
1814 3650 1878 3702 ὲκ

284 3741 396 3794 τῶν
428 3741 770 3814 μικροτάτων
793 3742 892 3812 τῆς
925 3742 1158 3805 κτίσεως
1186 3743 1286 3812 τὴν
1321 3741 1564 3812 μεγάλην
1578 3739 1672 3794 τοῦ
1703 3741 1881 3812 τεχνί-

285 3849 381 3885 του
397 3832 590 3901 σοφίαν
607 3831 719 3903 (76)
750 3831 1217 3902 καταμανθάνειν,
1247 3831 1524 3903 παράσχοι
1555 3833 1650 3885 καὶ
1676 3834 1741 3885 ὲκ
1765 3831 1877 3885 τῶν

289 3925 545 3997 μεγάλων
577 3924 830 3996 μείζονας
852 3924 1153 3995 λαμϐάνειν
1179 3924 1278 3988 τὰς
1303 3926 1517 3988 ἐννοίας
1532 3925 1628 3978 τοῦ
1664 3925 1878 3978 κτίσαν-

284 4037 399 4084 τος.
426 4020 688 4089 Καίτοιγε
718 4019 1005 4091 συγκρίσει
1022 4016 1114 4071 τοῦ
1140 4018 1368 4090 ποιητοῦ
1392 4018 1543 4089 ἥλιος
1565 4018 1660 4071 καὶ
1678 4017 1875 4089 σελήνη

286 4111 513 4183 ἐμπίδος
547 4112 641 4165 καὶ
682 4111 975 4183 μύρμηκος
1015 4111 1274 4182 ἐπέχουσι
1303 4112 1459 4180 λόγον
1499 4111 1635 4181 (77).
1667 4111 1740 4165 Οὐ
1767 4109 1877 4182 γὰρ

285 4204 435 4259 ἔστιν
460 4205 618 4268 ἀξίαν
646 4205 742 4258 τοῦ
775 4204 1043 4274 μεγέθους
1068 4205 1163 4258 τοῦ
1192 4204 1328 4257 Θεοῦ
1355 4204 1465 4257 τῶν
1503 4204 1639 4257 ὅλων
1667 4205 1732 4257 ἐκ
1763 4201 1879 4256 τού-

285 4312 396 4349 των
421 4295 608 4349 λαὸεἰν
629 4295 730 4367 τὴν
764 4294 1020 4365 θεωρίαν,
1044 4293 1181 4348 ἀλλὰ
1211 4298 1435 4366 μικραῖς
1459 4312 1571 4348 τισι
1599 4294 1694 4348 καὶ
1734 4294 1877 4365 ἀμυ-

283 4390 440 4460 δραῖς
464 4387 736 4459 ἐμφάσεσι
757 4387 823 4440 δι’
840 4386 1021 4441 αὐτῶν
1057 4386 1493 4458 προϐιϐασθῆναι
1526 4386 1661 4458 (78),
1686 4385 1877 4456 ῶσπερ

1981 3197 2120 3253 quos
2161 3196 2352 3237 omnes
2399 3180 2700 3253 secundum
2744 3180 3085 3234 latitudinem
3117 3194 3180 3234 ex
3205 3179 3434 3234 adverso
3468 3194 3561 3234 ac-

1979 3276 2202 3342 cedens,
2242 3273 2631 3344 magnitudinis
2662 3288 2773 3328 sua:
2825 3272 3195 3327 testimonium
3229 3270 3559 3327 manifestis-

1982 3368 2179 3424 simum
2211 3368 2437 3436 prrebet.
2479 3363 2615 3433 Quis
2646 3365 2811 3435 igitur
2859 3364 3070 3419 inﬁcias
3101 3365 3228 3420 ierit
3261 3366 3557 3419 maximum

1980 3472 2103 3513 esse
2127 3458 2298 3527 ipsius
2332 3470 2550 3526 corpus,
2582 3469 2707 3511 cum
2735 3462 2814 3507 tot
2848 3468 2912 3509 ac
2942 3454 3105 3508 tantis
3152 3453 3316 3508 simul
3355 3453 3560 3507 distan-

1987 3552 2078 3606 tiis
2110 3549 2473 3621 adaequetur?
2500 3549 2566 3603 Et
2591 3549 2809 3618 quidem
2835 3549 2901 3602 de
2927 3547 3058 3602 solis
3090 3562 3152 3601 ac
3185 3547 3324 3601 lunae
3355 3546 3561 3616 magni-

1984 3644 2172 3700 tudine
2194 3644 2479 3697 hactenus.
2508 3640 2779 3696 Caaterum
2826 3639 2919 3708 qui
2969 3654 3090 3693 eam
3146 3636 3559 3706 intelligentiam

1984 3739 2197 3800 tribuit,
2234 3744 2295 3791 ut
2320 3750 2388 3790 ex
2419 3734 2662 3788 minimis
2700 3734 2862 3787 rebus
2897 3731 3096 3785 creatis
3128 3745 3378 3798 magnam
3401 3729 3559 3799 opiﬁ-

1980 3829 2099 3884 licis
2127 3828 2446 3896 sapientiam
2474 3818 2937 3885 condisceremus,
2962 3822 3167 3875 tribuat
3200 3821 3364 3877 etiam
3395 3830 3453 3875 ut
3493 3834 3560 3875 ex

1982 3917 2195 3987 magnis
2220 3913 2427 3982 majora
2466 3913 2533 3967 de
2565 3921 2816 3965 creatore
2845 3912 3144 3965 sentiamus
3172 3910 3565 3981 concipiamus-

1980 4024 2107 4078 que.
2139 4007 2464 4074 Quanquam
2489 4002 2789 4059 conditoris
2807 4001 3232 4072 comparatione,
3256 4002 3335 4056 sol
3358 4011 3410 4057 et
3434 4001 3560 4057 luna

1980 4097 2170 4154 culicis
2198 4111 2261 4151 ac
2293 4095 2533 4149 formicae
2584 4094 2846 4148 rationem
2890 4093 3161 4147 obtinent.
3196 4091 3355 4148 Notio
3393 4092 3561 4162 siqui-

1978 4189 2100 4243 dem
2132 4203 2255 4256 quae
2292 4187 2387 4241 Dei
2434 4186 2813 4240 universorum
2847 4185 3218 4254 magnitudine
3265 4184 3426 4255 digna
3464 4186 3557 4252 sit,

1978 4297 2047 4336 ex
2078 4281 2143 4337 iis
2168 4281 2376 4335 desumi
2407 4293 2513 4333 non
2540 4286 2719 4348 potest
2755 4295 2768 4331 :
2795 4277 2889 4332 sed
2925 4291 2990 4331 ex
3030 4278 3210 4346 parvis
3233 4278 3558 4347 quibusdam

1979 4384 2036 4429 et
2070 4374 2323 4429 tenuibus
2347 4371 2564 4426 indiciis
2596 4387 2692 4441 per
2732 4372 2850 4441 ipsa
2890 4372 3348 4441 quemadmodum
3377 4382 3432 4427 et
3463 4388 3560 4443 per

286 4453 383 4535 καὶ
408 4480 474 4534 δι’
499 4453 737 4536 -ὲκάστου
768 4479 878 4533 τῶν
909 4453 1252 4551 μικροτάτων
1281 4480 1339 4533 ἐν
1368 4453 1587 4551 ζώοις-ἢ
1620 4453 1682 4533 εν
1717 4453 1871 4550 βοτάξ

1987 4467 2193 4538 singula
2227 4465 2592 4522 minutissima
2620 4464 2900 4528 animalia,
2948 4474 3040 4518 aut
3068 4465 3234 4518 etiam
3263 4480 3362 4535 per
3384 4467 3559 4521 minu-

285 4591 425 4637 ναις.
477 4572 861 4644 Ἀρκεσθῶμεν
889 4576 1002 4636 τοῖς
1041 4572 1381 4643 εἰρημένοιςο
1421 4570 1533 4640 ἐγὼ
1582 4570 1682 4642 μὲν
1709 4571 1872 4641 εὐχα-

287 4666 550 4735 ριστήσας
575 4663 654 4734 τῷ
678 4663 777 4735 τὴν
810 4663 1013 4735 μικράν
1064 4680 1155 4733 μοι
1202 4661 1406 4732 ταύτην
1451 4661 1728 4717 διακονίαν
1774 4661 1868 4715 τοῦ

285 4756 448 4825 λόγου
488 4756 873 4828 χαρισαμένῳ,
923 4757 1080 4826 ὑμεῖς
1128 4755 1185 4808 δὲ
1232 4753 1310 4825 τῷ
1352 4754 1695 4826 διατρέφοντι
1724 4754 1870 4825 ὑμᾶς

285 4849 409 4908 ταῖς
449 4848 850 4916 πνευματικαῖς
889 4847 1150 4916 τροφαῖς,
1202 4845 1261 4909 ὃς
1302 4845 1398 4899 καὶ
1449 4842 1544 4897 νῦν
1585 4844 1729 4915 ὑμᾶς
1759 4839 1869 4898 οἷον

286 4935 514 5007 κριθίνῳ
550 4936 659 4988 τινὶ
698 4936 850 5007 ἄρτῳ
887 4938 954 5007 τῇ
980 4935 1227 5006 εὐτελείᾳ
1254 4936 1354 5005 τῆς
1374 4934 1650 5007 ἡμετέρας
1687 4935 1873 5003 φωνῆς

281 5026 531 5097 διέθρεψε
552 5045 565 5057 ·
600 5027 696 5081 καὶ
716 5026 997 5101 διατρέφοι
1033 5043 1097 5097 γε
1120 5028 1202 5091 είς
1239 5027 1349 5092 ἀεὶ,
1379 5027 1522 5081 κατά
1546 5025 1644 5099 τήν
1682 5026 1873 5081 ἀναλο-

289 5269 454 5343 secuti
483 5284 676 5343 sumus
706 5269 984 5343 Ducmum,
1010 5270 1115 5343 qui
1138 5269 1341 5343 ait‘legt
1362 5282 1632 5343 oportere
1662 5269 1870 5343 μετρῆ-

284 5356 364 5410 τε.
400 5339 533 5410 Vult
555 5353 743 5394 rursus
776 5342 858 5394 vir
892 5339 1245 5396 doctissimus
1268 5341 1370 5410 legi
1403 5342 1491 5395 hic
1513 5339 1712 5396 debere
1739 5339 1869 5394 ava-

282 5408 597 5480 λίογίσησθε,
618 5425 726 5464 non
753 5410 1168 5479 ἀναλογίσασθε,
1200 5423 1256 5465 ιιι
1282 5408 1343 5464 in
1366 5411 1593 5479 vulgatis
1621 5412 1866 5467 habetur.

285 5479 403 5552 ﬁed
426 5479 593 5552 nostri
623 5496 814 5534 novem
837 5497 988 5552 ‘mss.
1034 5496 1207 5550 neque
1242 5480 1656 5552 ἀναλογίσησθε,
1697 5497 1871 5552 neque

284 5549 679 5618 ἀναλογίσασθε
713 5549 1032 5619 praeferunt,
1070 5549 1162 5606 sed
1186 5549 1616 5617 ἀναλογίζεσθαι.

357 5620 469 5693 (Et?)
498 5619 572 5693 Ita
589 5622 740 5675 multi
775 5636 904 5693 mss.
940 5623 1001 5693 At
1030 5622 1158 5675 editi
1190 5622 1545 5693 προσέϐαλεν.

328 5690 472 5762 ,(74)
526 5691 630 5746 Sex
689 5708 822 5747 mss.
877 5690 1249 5746 ἐκκλίνουσινξ
1302 5692 1441 5762 Editi
1502 5690 1857 5757 ἐγκλίνουσιν.

290 5756 413 5815 Nix
438 5756 642 5832 septem
670 5778 798 5819 mss.
828 5775 1023 5835 pl‘tﬂCt‘
1063 5764 1303 5821 (.lombcl.
1341 5761 1571 5816 ἄπλετόν
1596 5779 1659 5815 τι.
1694 5768 1857 5819 Abest

1984 4563 2227 4617 tissimas
2253 4561 2453 4615 berhas
2490 4559 2807 4613 incitamur.
2853 4555 2949 4612 His
2994 4572 3116 4625 quae
3149 4556 3292 4612 dicta
3354 4556 3507 4613 fuere
3542 4598 3557 4621 ,

1978 4658 2151 4711 simus
2181 4657 2443 4710 contenti.
2477 4652 2586 4722 Ego
2616 4653 2833 4721 quidem
2862 4650 3067 4720 gratias
3103 4666 3202 4721 ago
3228 4652 3299 4713 ei,
3332 4653 3422 4720 qui
3449 4654 3561 4707 exi~

1975 4762 2134 4817 gnam
2163 4746 2304 4799 hanc
2332 4744 2484 4799 verbi
2508 4742 3036 4798 administrationem
3061 4742 3191 4796 mihi
3219 4743 3515 4812 impertivit
3540 4760 3557 4810 ;

1977 4856 2079 4894 vos
2112 4854 2242 4893 vero
2269 4846 2453 4909 grates
2482 4836 2807 4905 persolvatis
2838 4835 2888 4889 ei
2920 4836 3010 4904 qui
3048 4850 3145 4890 vos
3187 4837 3560 4904 spiritualibus

1982 4932 2157 4986 nutrit
2183 4929 2482 4993 alimentis,
2507 4928 2598 4996 qui
2630 4929 2795 4981 etiam
2820 4943 2962 4981 nunc
2993 4940 3088 4981 vos
3110 4926 3259 4981 vocis
3287 4942 3421 4981 mete
3443 4931 3560 4980 cxi-

1981 5024 2135 5079 litate
2187 5030 2444 5092 tanquam
2491 5023 2794 5077 hordeaceo
2842 5020 3077 5091 quodam
3146 5034 3284 5090 pane
3350 5022 3561 5076 enutri—

1972 5284 2027 5321 τι
2052 5268 2118 5320 ab
2149 5265 2333 5321 editis.

2047 5338 2161 5408 (15)
2186 5336 2365 5408 Editio
2389 5333 2555 5408 Basil.
2575 5348 2707 5408 cum
2729 5334 2971 5405 quinque
2998 5345 3128 5388 mss.
3160 5330 3258 5386 καὶ
3298 5329 3421 5385 ὑπό.
3445 5329 3563 5383 Edi-

1977 5405 2250 5463 lio‘Paris.
2272 5407 2368 5460 καὶ
2392 5409 2441 5459 oi
2483 5405 2609 5459 ὑπό.

2204 5475 2282 5531 lta
2335 5491 2529 5533 novem
2574 5490 2709 5531 mss.
2739 5475 2810 5530 At
2839 5474 2971 5573 editi
3005 5470 3248 5544 μεγάλην
3276 5469 3371 5526 τοῦ
3422 5468 3564 5524 Θεοῦ

1973 5564 2187 5602 σοφίαν.
2934 5564 2943 5573 “

2043 5567 2304 5685 ῗῖᾳιῖἶὴιο
2337 5632 2467 5670 mss.
2494 5615 2674 5686 ἔχουσι
2707 5616 2884 5683 λόγον.

2045 5690 2155 5760 (Ἱ8)
2203 5688 2432 5741 (ludit-cs
2461 5702 2561 5760 sex
2600 5686 3068 5760 προσϐιϐασθῆναι
3118 5689 3255 5745 Editi
3294 5706 3413 5745 cum
3442 5688 3559 5743 aliis;

1972 5757 2139 5816 uilius
2172 5775 2298 5815 mss.
2330 5757 2780 5830 προϐιϐασθῆναι.
