3850 6218
327 235 430 294 119

1414 238 1704 296 HOMILIA
1747 241 1834 296 \‘ll
1869 241 1936 295 ΙΝ
1970 241 2468 297 ΗΕΧΛΕΜΕΗΟΝ.

3469 239 3572 296 150

319 353 539 417 κοῢντα,
573 347 686 408 οἷον
719 353 899 424 φῶκαι
929 353 1023 407 καὶ
1049 353 1292 424 δελφῖνες
1325 357 1420 410 καὶ
1451 358 1670 428 νάρκαι,
1712 358 1806 410 καὶ
1829 357 1889 410 τὰ

2005 367 2130 420 tur,
2184 369 2242 410 ut
2295 357 2530 425 phocae,
2579 356 2901 423 delphines,
2969 355 3321 424 torpedines,
3375 363 3432 408 et.
3487 357 3571 410 his

317 446 479 516 ὃμοια
517 445 758 510 τούτοις,
798 446 867 500 τὰ
897 446 1096 517 σελάχη
1127 445 1424 516 λεγόμενα;
1463 449 1524 500 ού
1554 448 1623 500 τὰ
1653 448 1897 511 ὡοτόκα,

317 534 464 607 ἅπερ
501 536 617 590 ἐστὶ
655 536 836 590 πάντα
877 536 1063 606 σχεδὸν
1103 535 1214 590 τῶν
1257 535 1453 605 ἰχθύων
1483 537 1549 590 τὰ
1587 537 1751 606 γένη;
1800 539 1899 609 οὐχ

315 629 420 682 ὅσα
441 628 733 693 λεπιδωτὰ,
748 629 848 698 ούχ
873 629 974 682 ὅσα
998 628 1264 696 φολιδωτὰ
1287 629 1418 700 (85),
1433 630 1531 700 οὐχ
1547 625 1627 693 οἷς
1643 633 1760 682 ἐστι
1779 647 1900 682 πτε-

318 721 482 791 ρύγια
506 721 602 774 καὶ
634 717 716 784 οἷς
753 721 825 791 μή
857 723 1040 784 ὲστιν;
1084 721 1148 772 Ἠ
1183 721 1282 790 μὲν
1325 722 1477 792 φωνὴ
1523 721 1620 775 τοῦ
1657 723 1897 794 προστά-

313 829 528 882 γματος
587 813 778 884 μικρὰ,
835 812 1034 882 μᾶλλον
1083 813 1140 866 δὲ
1183 813 1306 866 οὐδὲ
1341 813 1512 884 φωνὴ,
1564 814 1701 868 ἀλλὰ
1756 814 1895 886 ῥοπὴ

319 906 482 975 μόνον
520 907 615 960 καὶ
648 906 792 978 ὁρμὴ
835 905 929 958 τοῦ
969 905 1302 974 θελήματος·
1357 907 1417 959 τὸ
1465 908 1521 959 δὲ
1567 908 1666 978 τῆς
1712 909 1771 962 ἐν
1817 907 1896 978 τῷ

315 997 707 1068 προστάγματι
735 997 976 1060 διανοίας
1003 996 1270 1066 πολύχουν
1297 997 1551 1050 τοσοῦτόν
1579 1000 1745 1062 ἐστιν,
1775 998 1896 1050 ὅσαι

316 1091 413 1142 καὶ
457 1088 568 1158 (86)
614 1090 669 1141 αἰ
717 1087 825 1142 τῶν
881 1087 1078 1158 ἰχθύων
1115 1088 1370 1158 διαφοραὶ
1417 1090 1511 1142 καὶ
1565 1089 1892 1158 κοινότητες,

315 1174 400 1243 οἷς
432 1182 566 1234 πᾶσι
603 1181 669 1232 δι’
699 1179 984 1251 ἀκριϐείας
1031 1179 1342 1244 ἐπεξελθεῖν
1375 1181 1485 1234 ἴσον
1517 1181 1633 1232 ἐστὶ
1673 1181 1768 1233 καὶ
1798 1178 1896 1233 κύ-

319 1287 470 1341 ματα
505 1270 776 1338 πελάγους
802 1270 1257 1342 ἀπαριθμεῖσθαι,
1292 1271 1324 1341 ἢ
1355 1274 1474 1335 ταῖς
1497 1271 1749 1334 κοτύλαις
1777 1289 1896 1324 πει-

322 1361 522 1432 ρᾶσθαι
553 1361 614 1413 τὸ
639 1359 784 1432 ὕδωρ
813 1361 912 1430 τῆς
941 1361 1214 1431 Θαλάσσης
1255 1363 1605 1432 ἀπομετρεῖν.
1651 1363 1895 1433 Ἔξαγα-

316 1452 464 1523 γέτω
487 1453 562 1506 τὰ
589 1453 779 1506 ὕδατα
801 1452 1039 1520 ἑρπετά.
1075 1453 1162 1505 Ἐν
1183 1453 1392 1517 τούτοις
1419 1453 1496 1508 ἔνι
1521 1455 1594 1508 τὰ
1617 1453 1892 1524 πελάγια,

313 1545 384 1598 τὰ
413 1543 731 1614 αἰγιαλώδη,
754 1543 824 1597 τὰ
859 1544 1038 1614 βύθια,
1063 1545 1131 1599 τὰ
1162 1544 1432 1619 πετρώδη,
1459 1546 1526 1600 τὰ
1556 1545 1800 1614 ἀγελαῖα,
1827 1547 1894 1600 τὰ

315 1635 640 1706 σποραδικά,
675 1636 743 1690 τὰ
795 1638 960 1707 κήτη,
1002 1637 1070 1689 τὰ
1117 1638 1430 1709 ὑπέρογκα,
1477 1637 1546 1690 τὰ
1589 1637 1894 1690 λεπτότατα

2001 449 2198 502 similia
2230 488 2246 512 ,
2295 464 2416 517 qua:
2479 449 2730 502 dicuntur
2793 447 3228 514 cartilaginosa?
3283 463 3464 502 annon
3508 462 3568 500 ea

1997 543 2384 610 comprehensa
2437 553 2562 594 sunt
2615 557 2735 611 qua:
2793 555 2894 595 ova
2953 542 3154 605 edunt,
3209 540 3388 609 qualia
3443 551 3574 596 sunt

1995 637 2172 690 omnia
2203 636 2318 690 fere
2369 637 2592 704 piscium
2651 635 2896 703 genera?
2929 649 3106 688 nonne
3133 649 3417 703 squamosa
3447 649 3566 690 om-

1998 729 2082 782 nia
2105 729 2128 780 ?
2151 743 2328 783 nonne
2359 729 2536 783 omnia
2585 727 2850 781 corticosa
2878 727 2901 780 ⁸1
2929 741 3103 780 nonne
3137 726 3332 795 quibus
3389 726 3572 782 insunt

1995 819 2194 889 pinnae,
2220 829 2274 874 et
2305 820 2499 887 quibus
2545 833 2647 872 non
2705 828 2830 872 sunt
2855 818 2878 870 ?
2903 818 3018 872 Vox
3067 818 3284 886 quidem
3315 819 3570 888 praecepti

1996 924 2184 976 parva,
2219 910 2330 962 imo
2359 924 2426 962 ne
2465 924 2566 962 vox
2600 908 2838 977 quidem,
2870 909 2962 962 sed
2991 907 3161 961 solum
3199 916 3360 962 nutus
3391 917 3444 962 et
3473 924 3569 962 vo-

1996 999 2219 1052 luntatis
2255 999 2522 1066 impetus:
2559 1006 2612 1050 at
2645 1013 2774 1052 vero
2817 998 3120 1063 sententiae,
3145 1013 3262 1062 qua:
3284 1000 3338 1052 in
3365 1013 3566 1067 praece-

1995 1101 2087 1159 pto
2109 1090 2396 1154 delitescit,
2430 1098 2574 1142 tanta
2599 1099 2685 1142 est
2737 1089 2990 1150 varietas,
3023 1099 3224 1158 quanta
3264 1099 3318 1143 et
3349 1088 3462 1158 ipsa
3491 1089 3570 1157 pi-

1995 1182 2166 1235 scium
2195 1179 2518 1244 diﬂ‘erentia,
2547 1189 2637 1232 aut
2665 1179 2918 1236 societas.
2952 1181 3081 1246 Quae
3101 1181 3280 1234 omnia
3317 1193 3570 1236 accurate

1997 1287 2300 1338 recensere,
2323 1273 2546 1341 perinde
2567 1281 2649 1326 est
2681 1284 2843 1342 atque
2877 1272 2921 1326 si
2958 1273 3225 1342 quispiam
3255 1272 3449 1326 ﬂuctus
3477 1286 3570 1341 pe-

1995 1357 2096 1424 lagi
2130 1373 2474 1424 enumerare,
2513 1367 2605 1412 aut
2656 1375 2846 1414 manus
2889 1360 3004 1415 vola
3037 1377 3229 1432 aquam
3286 1361 3448 1414 nitaris
3475 1364 3570 1414 ad-

1996 1449 2171 1502 metiri
2231 1463 2538 1503 conaretur.
2581 1451 2886 1504 Producant
2937 1469 3087 1522 aqua:
3139 1453 3361 1516 reptilia.
3391 1453 3446 1506 lu
3486 1453 3570 1509 his

1995 1551 2122 1594 sunt
2143 1541 2369 1610 pelagio,
2403 1543 2639 1608 littorca,
2669 1543 2772 1598 alia
2801 1545 2852 1598 in
2886 1544 3147 1614 profundo
3171 1545 3436 1615 degentia,
3465 1546 3570 1601 alia

1996 1633 2164 1701 petris
2198 1633 2526 1687 adhtercntia
2569 1651 2582 1686 :
2619 1645 2745 1689 sunt
2801 1638 3060 1706 gregalia,
3115 1637 3388 1706 solivaga,
3427 1649 3567 1706 cete,

314 1727 424 1780 τῶν
471 1727 686 1798 ἰχθύων.
747 1729 825 1800 Τῇ
871 1728 980 1800 γὰρ
1027 1730 1164 1802 αὐτῇ
1215 1729 1462 1800 δυνάμει,
1525 1730 1618 1782 καὶ
1672 1727 1750 1799 τῷ
1795 1729 1889 1799 ἴσῳ

1996 1726 2214 1778 maximi
2245 1736 2300 1780 et
2334 1728 2682 1781 minutissimi
2707 1727 2903 1798 pisces.
2935 1730 3220 1785 Enimvero
3251 1733 3447 1788 virtute
3479 1749 3571 1786 ea-

315 1819 720 1890 προστάγματι,
753 1821 816 1873 τό
830 1826 898 1874 ’τε
936 1821 1078 1892 μέγα
1109 1823 1202 1874 καὶ
1233 1823 1292 1874 τὸ
1324 1822 1520 1892 μικρὸν
1557 1821 1895 1892 μεταλαγχά-

313 1926 396 1962 νει
417 1910 508 1962 τοῦ
534 1907 692 1966 εἶναι.
733 1910 1100 1981 Ἐξαγαγέτω
1121 1913 1193 1966 τὰ
1213 1913 1422 1966 ὕδατα.
1456 1912 1662 1980 Ἔδειξέ
1692 1930 1773 1966 σοι
1793 1912 1892 1982 τὴν

315 2002 551 2072 φυσικὴν
606 2001 716 2055 τῶν
761 2003 974 2073 νηκτῶν
1031 2004 1168 2074 πρὸς
1219 2005 1280 2058 τὸ
1333 2004 1480 2075 ὕδωρ
1541 2003 1886 2072 συγγένειαν·

311 2091 394 2146 διὸ
438 2093 550 2163 (87)
592 2093 786 2166 μικρὸν
821 2097 870 2147 οἰ
920 2094 1100 2166 ἰχθύες
1150 2095 1508 2165 χωρισθέντες
1553 2093 1646 2148 τοῦ
1701 2094 1893 2157 ὕδατος

311 2184 734 2256 διαφθείρονται.
787 2186 922 2239 Οὐδὲ
969 2187 1078 2259 γὰρ
1135 2187 1348 2257 ἔχουσιν
1397 2187 1689 2256 ἀναπνοὴν,
1750 2186 1891 2240 ὥστε

314 2276 494 2328 ἕλκειν
536 2276 626 2329 τὸν
668 2277 806 2347 ἀέρα
839 2277 1064 2331 τοῦτονο
1117 2279 1232 2332 ἀλλ’
1275 2279 1418 2349 ὅπερ
1458 2281 1571 2342 τοῖς
1617 2277 1891 2348 χερσαίοις

313 2371 464 2422 ἐστὶν
499 2370 626 2439 ἀὴρ,
661 2370 822 2424 τοῦτο
869 2369 948 2441 τῷ
994 2369 1194 2439 πλωτῷ
1223 2371 1369 2440 γένει
1403 2371 1464 2423 τὸ
1495 2369 1656 2440 ὕδωρ.
1693 2371 1805 2422 Καὶ
1855 2370 1889 2441 ἡ

313 2457 466 2510 αἰτία
518 2457 672 2528 δήλη.
726 2459 846 2512 ’Ότι
907 2461 1038 2530 ἡμῖν
1097 2460 1193 2532 μέν
1241 2461 1268 2511 ὁ
1314 2459 1570 2530 πνεύμων
1626 2458 1887 2527 ἔγκειται,

313 2548 506 2618 ἀραιὸν
541 2548 632 2601 καὶ
666 2548 972 2620 πολύπορον
1001 2549 1324 2619 σπλάγχνον,
1354 2551 1382 2604 ὃ
1414 2551 1500 2603 διὰ
1535 2551 1635 2620 τῆς
1665 2550 1758 2602 τοῦ
1789 2549 1893 2602 θώ-

317 2657 480 2711 ρακος
513 2641 796 2712 διαστολῆς
827 2641 918 2694 τὸν
947 2642 1088 2712 ἀέρα
1123 2643 1431 2713 δεχόμενον,
1465 2642 1526 2695 τὸ
1556 2643 1702 2696 ἔνδον
1733 2642 1890 2714 ἡμῶν

316 2731 518 2802 θερμὸν
542 2733 874 2802 διαρριπίζει
914 2735 1008 2786 καὶ
1039 2733 1302 2803 ἀναψύχει
1327 2751 1338 2764 ·
1365 2733 1593 2798 ἐκείνοις
1630 2734 1688 2786 δὲ
1717 2736 1750 2804 ἡ
1781 2734 1892 2787 τῶν

319 2821 594 2890 βραγχίων
647 2821 898 2892 διαστολὴ
955 2821 1048 2874 καὶ
1101 2822 1406 2886 ἐπίπτυξις,
1468 2821 1769 2892 δεχομένων
1831 2820 1891 2876 τὺ

317 2913 464 2985 ὕδωρ
489 2916 583 2967 καὶ
611 2914 874 2978 διιέντων,
909 2915 997 2967 τὸν
1029 2915 1125 2985 τῆς
1173 2915 1448 2986 ἀναπνοῆς
1471 2915 1625 2986 λόγον
1653 2915 1892 2988 ἀποπλη-

1995 1817 2114 1870 dem
2150 1825 2206 1870 et
2233 1817 2422 1886 aequali
2456 1828 2726 1887 praecepto
2760 1819 2961 1890 animal
3010 1829 3122 1873 tum
3169 1836 3421 1889 magnum
3456 1831 3566 1874 tum

1993 1924 2215 1978 parvum
2246 1909 2296 1962 in
2327 1909 2503 1964 lucem
2538 1908 2736 1964 editur.
2776 1909 3090 1965 Producant
3121 1929 3291 1982 aquas.
3325 1912 3572 1968 Ostendit

1992 2000 2090 2056 tibi
2119 2017 2236 2054 eam
2269 2016 2429 2070 quam
2463 2001 2708 2056 natatilia
2765 2018 2888 2058 cum
2928 2005 3081 2074 aquis
3116 2005 3316 2059 habent
3340 2004 3570 2058 aliinita-

1993 2105 2100 2148 tem
2127 2111 2142 2160 ;
2179 2109 2350 2163 eoque
2373 2097 2550 2164 pisces
2579 2095 2848 2165 paululum
2877 2098 2944 2150 ab
2989 2112 3128 2167 aqua
3166 2097 3380 2162 semoti,
3405 2096 3572 2150 inter-

1991 2197 2142 2244 eunt.
2185 2186 2372 2256 Neque
2420 2187 2563 2242 enim
2611 2188 2744 2257 ipsis
2793 2188 2935 2243 inest
2979 2189 3298 2257 respiratio,
3328 2197 3386 2242 ut
3431 2189 3572 2244 hunc

1993 2279 2202 2348 possint
2256 2279 2474 2333 trahere
2504 2293 2684 2334 aerem
2715 2295 2730 2332 :
2767 2280 2860 2334 sed
2913 2280 3056 2349 quod
3115 2278 3466 2333 terresuibus
3489 2287 3572 2334 est

1991 2384 2104 2435 aer,
2141 2369 2194 2422 id
2223 2383 2364 2438 aqua
2401 2379 2484 2424 est
2534 2370 2661 2424 huic
2715 2371 3022 2424 natatilium
3077 2371 3283 2438 generi.
3315 2371 3378 2424 Et
3406 2385 3566 2424 causa

1993 2459 2136 2514 clara
2159 2468 2245 2514 est
2276 2469 2332 2514 et
2351 2460 2663 2515 manifesta.
2687 2459 2952 2514 Nimirum
2980 2461 3034 2514 in
3063 2461 3216 2514 nobis
3249 2469 3334 2514 est
3363 2459 3567 2528 pulmo,

1989 2552 2170 2606 viscus
2196 2567 2378 2606 rarum
2419 2567 2484 2607 ac
2523 2552 2706 2608 multis
2743 2553 3010 2608 meatibus
3038 2563 3251 2620 patens,
3288 2553 3430 2620 quod
3475 2565 3572 2620 per

1994 2641 2235 2696 thoracis
2284 2642 2671 2698 distensionem
2731 2657 2911 2697 aerem
2969 2643 3254 2710 recipiens,
3299 2643 3567 2696 internum

1993 2741 2240 2786 nostrum
2290 2731 2522 2786 calorem
2583 2733 2805 2788 ventilat
2857 2732 3296 2802 refrigeratque:
3363 2734 3415 2787 in
3467 2733 3571 2787 illis

1991 2837 2122 2878 vero
2170 2825 2558 2880 branchiarum
2622 2826 2883 2880 distensio
2946 2835 3001 2881 et
3057 2827 3397 2891 contractio,
3451 2842 3568 2896 qua:

1994 2930 2188 2985 aquam
2213 2918 2518 2986 suscipiunt
2551 2925 2605 2972 et
2628 2919 2904 2982 ennttunt,
2931 2933 3125 2972 munus
3159 2932 3224 2972 ac
3257 2919 3425 2972 vicem
3473 2934 3570 2972 ex-

317 3011 422 3079 ροῖ.
475 3007 633 3072 Ἴδιος
683 3007 882 3080 κλῆρος
934 3008 1041 3062 τῶν
1096 3008 1311 3078 ἰχθύων,
1356 3009 1460 3062 ἰδία
1493 3009 1673 3078 φύσις,
1713 3009 1889 3062 δίαιτα

1994 3009 2140 3080 plent
2165 3010 2558 3078 respirationis.
2599 3010 2818 3078 Propria
2852 3011 3076 3078 piscium
3102 3019 3186 3063 est
3210 3024 3347 3071 sors,
3379 3019 3568 3062 natura

315 3098 720 3168 κεχωρισμένη,
762 3099 1058 3170 ἰδιότροπος
1094 3101 1126 3170 ή
1163 3099 1296 3172 ζωή.
1339 3102 1436 3154 Διὰ
1475 3101 1620 3154 τοῦτο
1657 3101 1776 3153 οὐδὲ
1811 3116 1892 3152 τι-

317 3190 676 3244 θασσεύεσθαί
707 3209 760 3243 τι
787 3191 896 3245 τῶν
936 3191 1149 3261 νηκτῶν
1189 3191 1565 3262 καταδέχεται,
1599 3191 1719 3246 οὐδὲ
1757 3190 1892 3254 ὅλως

316 3281 579 3353 ὑπομένει
613 3283 794 3354 χειρὸς
819 3284 1166 3354 ἀνθρωπίνης
1190 3284 1467 3354 ἐπιϐολήν.

386 3372 441 3426 2.
495 3371 860 3442 Ἑξαγαγέτω
887 3373 960 3426 τὰ
983 3373 1169 3426 ὕδατα
1197 3373 1412 3443 ἑρπετὰ
1440 3371 1659 3442 ψυχῶν
1691 3370 1892 3433 ζωσῶν

313 3463 468 3516 κατὰ
513 3461 703 3531 γένος.
763 3462 1024 3516 Ἐκάστου
1077 3464 1268 3532 γένους
1313 3463 1416 3528 τὰς
1462 3463 1714 3535 ἀπαρχὰς
1771 3463 1888 3526 νῦν,

311 3555 482 3608 οἱονεὶ
509 3555 802 3626 σπέρματά
829 3573 950 3608 τινα
982 3558 1081 3626 τῆς
1113 3556 1347 3623 φύσεως,
1391 3555 1762 3627 προϐληθῆναι
1803 3573 1892 3608 κε-

313 3645 460 3696 λεύει
501 3644 646 3715 (88)’
681 3646 740 3698 τὸ
773 3646 829 3698 δὲ
864 3645 1065 3715 πλῆθος
1110 3646 1288 3700 αὐτῶν
1331 3649 1388 3699 ὲν
1434 3650 1500 3718 τῇ
1536 3647 1672 3717 μετὰ
1722 3647 1891 3700 ταῦτα

313 3736 530 3807 διαδοχῇ
563 3737 915 3806 ταμιεύεται,
949 3740 1076 3791 ὅταν
1107 3740 1429 3804 αὐξάνεσθαι
1453 3740 1591 3793 αὐτὰ
1625 3741 1718 3794 καὶ
1751 3741 1890 3811 πλη-

313 3824 570 3878 θύνεσθαι
608 3825 723 3898 δέῃ.
767 3827 962 3880 Ἀλλού
997 3829 1188 3898 γένους
1225 3831 1342 3880 ἐστὶ
1373 3829 1440 3881 τὰ
1479 3829 1892 3902 ὀστρακόδερμα

313 3919 863 3989 προσαγορευόμενα·
895 3914 1004 3972 οἷον
1033 3921 1259 3990 κόγχαι,
1293 3923 1385 3974 καὶ
1413 3921 1599 3984 κτένες
1618 3961 1632 3984 ,
1669 3923 1762 3974 καὶ
1803 3939 1891 3974 κο-

313 4009 460 4079 χλίαι
503 4008 804 4076 θαλάσσιοι,
843 4013 939 4064 καὶ
986 4013 1267 4083 στρόμϐοι,
1314 4014 1409 4064 καὶ
1448 4013 1502 4065 αί
1545 4013 1734 4083 μυρίαι
1779 4012 1889 4066 τῶν

311 4101 550 4170 ὀστρέων
575 4101 845 4174 διαφοραί.
878 4104 1039 4156 Ἀλλο
1062 4103 1220 4156 πάλιν
1251 4104 1400 4174 παρά
1423 4103 1590 4156 ταῦτα
1615 4105 1789 4172 γένος,
1820 4103 1890 4157 τὰ

316 4192 742 4264 μαλακόστρακα
763 4212 1028 4266 προσειρη
1039 4195 1192 4265 μένα,
1221 4196 1472 4266 κάραϐοι,
1497 4198 1590 4250 καὶ
1617 4200 1886 4267 καρκίνοι,

312 4287 494 4340 καὶτὰ
523 4287 880 4359 παραπλήσια
910 4287 1138 4352 τούτοις.
1175 4291 1398 4361 Ἕτερον
1428 4289 1575 4360 παρὰ
1598 4290 1766 4343 ταῦτα
1795 4291 1887 4358 γέ-

1992 3099 2231 3167 propria,
2264 3099 2439 3154 victus
2470 3110 2768 3168 separatus,
2819 3098 3105 3168 peculiaris
3139 3099 3264 3152 vita.
3307 3097 3428 3151 ldeo
3479 3114 3572 3151 nc-

1992 3202 2096 3256 que
2126 3189 2357 3244 cicurari
2395 3189 2688 3258 quidquam
2727 3205 2790 3243 ex
2827 3187 3139 3242 natatilibus
3168 3197 3364 3257 potest,
3401 3202 3570 3256 neque

1995 3279 2102 3333 ullo
2143 3281 2303 3334 modo
2335 3282 2584 3334 humanae
2619 3297 2810 3334 manus
2841 3289 3147 3334 contactum
3183 3279 3405 3348 patitur.

2061 3371 2115 3424 ‘2.
2145 3371 2631 3443 Producuntaquw
2673 3374 2881 3436 reptilia
2928 3373 3221 3426 animarum
3260 3370 3371 3442 64
3395 3373 3567 3425 viven-

1992 3463 2121 3514 tium
2144 3463 2427 3516 secundum
2451 3480 2632 3533 genus.
2671 3462 3108 3534 Uniuscujusque
3135 3463 3346 3532 generis
3382 3463 3568 3532 primi—

1996 3549 2098 3606 tias
2127 3567 2290 3614 nune,
2327 3553 2480 3620 quasi
2529 3553 2772 3621 qumdam
2817 3564 3024 3608 naturae
3069 3555 3270 3609 semina
3294 3595 3310 3616 ,
3348 3555 3567 3624 produci

1986 3642 2141 3711 jubet
2173 3659 2185 3694 :
2216 3657 2402 3698 eorum
2462 3653 2641 3698 autem
2686 3645 2972 3698 multitudo
3009 3647 3060 3699 in
3099 3655 3403 3698 secuturam
3456 3661 3571 3699 suc-

1992 3737 2290 3790 cessionem
2329 3737 2654 3801 remittitur,
2695 3753 2814 3792 cum
2866 3754 2928 3790 ea
2981 3749 3132 3791 aucta
3173 3737 3470 3806 oportuerit
3507 3751 3570 3790 ac

1998 3827 2371 3896 multiplicata.
2421 3829 2660 3882 Alterius
2711 3829 2922 3896 generis
2970 3837 3095 3883 sunt
3146 3843 3207 3884 ea
3250 3844 3367 3897 qua:
3418 3831 3568 3882 testis

1991 3929 2177 3986 operta
2241 3919 2526 3982 dicuntur,
2580 3934 2678 3973 ceu
2723 3921 2962 3984 conchaa,
3019 3921 3289 3989 pectines,
3335 3919 3568 3973 cochlea:

1991 4011 2233 4074 marina},
2271 4013 2518 4078 Sll'Oﬂllll,
2552 4021 2606 4065 et
2640 4011 2939 4064 innumerae
2984 4024 3288 4068 ostreorum
3317 4012 3567 4067 dill'ercn-

1993 4103 2097 4156 tiae.
2135 4101 2340 4156 Pt'reter
2375 4102 2487 4155 huic
2515 4103 2660 4155 aliud
2697 4117 2887 4158 rursus
2915 4117 3082 4170 genus
3117 4112 3240 4158 sunt
3281 4119 3399 4174 qua)
3439 4119 3564 4158 cru~

1991 4203 2170 4248 stacea
2229 4205 2532 4248 vocantur:
2565 4195 2816 4248 nimirum
2861 4195 3082 4259 carabi,
3124 4195 3328 4258 cancri,
3379 4203 3430 4248 et
3481 4195 3564 4248 his

1991 4285 2208 4340 similia.
2253 4285 2410 4338 Aliud
2457 4297 2653 4355 praater
2707 4287 2818 4340 haec
2868 4302 3035 4356 genus
3078 4297 3160 4342 est
3211 4301 3396 4340 eorum
3440 4301 3558 4355 quae

311 4399 402 4444 νος
437 4383 554 4435 ἐστὶ
585 4381 655 4434 τὰ
691 4381 930 4451 μαλάκια
967 4381 1109 4435 οὕτω
1148 4383 1694 4454 προσαγορευθέντα,
1747 4384 1886 4436 ὅσων

1994 4381 2168 4434 mollia
2203 4380 2472 4450 appellant
2506 4398 2520 4434 :
2555 4397 2786 4450 quorum
2824 4397 2952 4437 caro
2995 4394 3179 4437 tenera
3210 4391 3295 4436 est
3333 4393 3384 4436 et
3413 4382 3551 4448 laxa,

312 4477 344 4546 ἡ
399 4475 533 4548 σὰρξ
575 4476 758 4547 ἁπαλὴ
791 4477 885 4529 καὶ
933 4474 1140 4546 χαύνη·
1177 4475 1506 4542 πολύποδες,
1544 4477 1636 4528 καὶ
1671 4475 1884 4546 σηπίαι,

309 4569 406 4619 καὶ
435 4569 504 4622 τὰ
541 4569 701 4638 ὅμοια
724 4567 956 4630 τούτοις.
987 4569 1099 4619 Καὶ⁸
1129 4569 1186 4618 έν
1210 4567 1417 4630 τούτοις
1441 4567 1602 4620 πάλιν
1629 4567 1888 4638 διαφοραὶ

313 4659 523 4729 μυρίαι.
555 4659 858 4728 Δράκοντες
895 4659 1004 4729 γὰρ
1035 4659 1129 4711 καὶ
1168 4659 1426 4730 μύραιναι
1459 4659 1570 4730 (89)
1608 4661 1702 4712 καὶ
1733 4658 1888 4730 ἐγχέ-

307 4752 452 4814 λυες,
483 4754 537 4804 αἱ
564 4750 706 4804 κατὰ
734 4752 856 4813 τοὺς
890 4749 1130 4814 ίλυὼδεις
1159 4753 1436 4822 ποταμοὺς
1461 4751 1552 4803 καὶ
1577 4750 1773 4820 λίμνας
1798 4766 1882 4817 γι-

304 4841 550 4911 νόμεναι,
583 4843 696 4903 τοῖς
737 4840 960 4903 ἰοδόλοις
1006 4841 1207 4910 μᾶλλον
1251 4841 1357 4894 τῶν
1391 4841 1655 4912 ἑρπετῶν,
1695 4839 1728 4911 ἦ
1768 4841 1882 4904 τοῖς

309 4935 486 5004 ἰχθύσι
529 4935 669 4988 κατὰ
708 4935 804 5004 τὴν
849 4935 1140 5006 ὁμοιότητα
1180 4935 1278 5004 τῆς
1323 4934 1536 5003 φύσεως
1589 4931 1882 5008 προσεγγί-

305 5029 510 5089 ζουσιν.
563 5026 724 5079 Ἀλλο
755 5027 909 5095 γένος
937 5027 998 5079 τὸ
1025 5028 1132 5080 τῶν
1178 5027 1574 5089 ὠοτοκούντων,
1620 5025 1714 5077 καὶ
1753 5023 1882 5078 ἄλλο

305 5119 365 5170 τὸ
392 5116 502 5171 τῶν
537 5117 964 5182 ζωοτοκούντων.
1006 5120 1273 5171 Ζωοτοκεῖ
1296 5117 1351 5170 δὲ
1392 5116 1459 5172 τὰ
1496 5114 1740 5186 γαλεώδη
1786 5113 1881 5167 καὶ

375 5382 488 5462 (85)
520 5389 610 5443 Sic
643 5390 777 5462 Due.
822 5399 1049 5459 uterque
1087 5399 1155 5462 et_
1172 5389 1424 5462 Combef.
1453 5405 1570 5462 eum
1592 5387 1731 5462 aliis
1761 5387 1879 5457 qui-

301 5458 526 5518 busdam
555 5475 681 5516 mss.
717 5460 904 5514 Nostra
934 5458 1098 5514 editio
1127 5459 1299 5512 Paris.
1328 5458 1630 5526 φωλιδωτά.

375 5531 487 5594 (86)
519 5531 590 5581 Ita
622 5545 749 5584 IItSS.
785 5530 960 5582 multi.
998 5530 1158 5583 Abest
1196 5529 1286 5580 καί
1317 5533 1383 5581 ab
1415 5531 1595 5583 editis.

375 5601 487 5669 (87)
521 5599 666 5653 Unus
719 5615 818 5650 Ius.
869 5599 938 5651 δι’
990 5601 1092 5652 ὅτι.
1143 5599 1432 5669 Aliquanto
1480 5608 1598 5667 post
1639 5597 1874 5665 quinque

305 5668 436 5726 mss.
467 5671 548 5723 ὅτι
597 5671 728 5739 ἡμῖν
786 5669 884 5740 μὲν
935 5671 980 5724 ὁ.
1033 5671 1184 5725 Deest
1237 5668 1334 5738 μέν
1377 5669 1428 5724 in
1499 5679 1724 5738 utraque
1761 5669 1874 5724 edi-

1986 4471 2062 4523 uti
2087 4471 2285 4542 polypi,
2319 4481 2371 4524 et
2401 4472 2582 4541 scpim,
2616 4481 2914 4541 carteraque
2958 4474 3239 4542 ejusmodi.
3271 4473 3336 4526 Et
3366 4475 3418 4526 in
3453 4473 3553 4527 illis

1987 4565 2183 4616 iterum
2241 4563 2464 4616 inﬁnita:
2515 4565 2859 4632 reperiuntur
2923 4564 3230 4618 varietates.
3288 4563 3559 4617 Dracones

1985 4657 2150 4723 cuitu,
2185 4672 2459 4720 muraenae,
2491 4667 2545 4710 et
2579 4657 2826 4726 anguilla:
2853 4657 2904 4710 in
2935 4657 3141 4711 limosis
3166 4656 3475 4711 ﬂuminibus
3505 4664 3560 4710 et

1989 4751 2039 4802 iu
2097 4750 2304 4818 stagnis
2355 4759 2676 4816 nascentes,
2713 4749 2996 4818 reptilibus
3049 4749 3334 4803 venenatis
3391 4750 3561 4817 magis

1987 4857 2146 4908 quam
2172 4838 2572 4908 pisciliusjuxta
2601 4849 2812 4893 natura:
2836 4839 3242 4894 similitudinem
3273 4845 3558 4894 accedunt.

1985 4929 2265 4985 Pertinent
2293 4933 2358 4984 ad
2419 4931 2562 4985 aliud
2617 4947 2786 5000 genus
2839 4947 2900 4985 ea
2953 4947 3074 5000 qua:
3111 4947 3295 4994 ovum,
3327 4931 3392 4982 ad
3419 4931 3559 4984 aliud

1987 5039 2114 5076 vero
2137 5039 2198 5077 ea
2229 5039 2348 5090 qua:
2384 5023 2587 5076 animal
2630 5023 2863 5092 pariunt.
2896 5022 3194 5078 l'rocreant
3237 5033 3416 5076 autem
3444 5025 3561 5077 ani-

1986 5114 2092 5168 mal
2118 5131 2182 5170 ea
2217 5131 2335 5184 qua:
2375 5115 2652 5171 mustelini
2695 5117 2910 5186 generis
2949 5123 3151 5170 suntet
3169 5114 3394 5184 cynisci,
3426 5115 3558 5167 etin

1983 5385 2147 5440 tione.

2057 5457 2166 5526 (88)
2225 5457 2356 5526 Reg.
2403 5465 2589 5510 sextus
2631 5471 2753 5510 cum
2801 5455 2950 5510 Colb.
2999 5457 3174 5526 primo
3222 5453 3554 5524 ἐμϐληθῆναι

1981 5525 2208 5580 κελεύει.
2254 5525 2451 5580 Ibidem
2498 5537 2729 5594 quatuor
2770 5542 2897 5580 mss.
2926 5527 2986 5579 τὺ
3013 5525 3069 5578 δὲ
3121 5525 3341 5595 πλῆθος.
3393 5528 3556 5582 AlieSt

1979 5596 2034 5650 δέ
2058 5599 2124 5649 ah
2154 5601 2386 5652 excusis.

2050 5669 2162 5738 (89)
2193 5669 2339 5723 Multi
2373 5681 2502 5723 mss.
2539 5667 2631 5721 καὶ
2660 5663 2974 5736 σμύραιναι.
