  <div class='ocr_page' id='page_1' title='image "/cluster/home/n/w/nwhite01/storage/ocr_20150623/29/nnc1.0046978755/531.png"; bbox 0 0 3850 6218; ppageno 0'>
   <div class='ocr_carea' id='block_1_1' title="bbox 319 285 417 344">
    <p class='ocr_par' dir='ltr' id='par_1_1' title="bbox 319 285 417 344">
     <span class='ocr_line' id='line_1_1' title="bbox 319 285 417 344; baseline -0.02 0"><span class='ocrx_word' id='word_1_1' title='bbox 319 285 417 344; x_wconf 66' lang='lat' dir='ltr'><strong>{Si</strong></span> 
     </span>
    </p>
   </div>
   <div class='ocr_carea' id='block_1_2' title="bbox 1669 291 2276 346">
    <p class='ocr_par' dir='ltr' id='par_1_2' title="bbox 1669 291 2276 346">
     <span class='ocr_line' id='line_1_2' title="bbox 1669 291 2276 346; baseline -0.002 -1"><span class='ocrx_word' id='word_1_2' title='bbox 1669 291 1726 345; x_wconf 84' lang='lat' dir='ltr'><strong>S.</strong></span> <span class='ocrx_word' id='word_1_3' title='bbox 1773 291 2019 346; x_wconf 79' lang='lat' dir='ltr'><strong>BASILII</strong></span> <span class='ocrx_word' id='word_1_4' title='bbox 2064 291 2276 346; x_wconf 82' lang='lat' dir='ltr'><strong>MAGNI</strong></span> 
     </span>
    </p>
   </div>
   <div class='ocr_carea' id='block_1_3' title="bbox 3491 289 3621 346">
    <p class='ocr_par' dir='ltr' id='par_1_3' title="bbox 3491 289 3621 346">
     <span class='ocr_line' id='line_1_3' title="bbox 3491 289 3621 346; baseline 0 0"><span class='ocrx_word' id='word_1_5' title='bbox 3491 289 3621 346; x_wconf 72' lang='grc'><strong>152</strong></span> 
     </span>
    </p>
   </div>
   <div class='ocr_carea' id='block_1_4' title="bbox 309 407 1924 486">
    <p class='ocr_par' dir='ltr' id='par_1_4' title="bbox 309 407 1904 479">
     <span class='ocr_line' id='line_1_4' title="bbox 309 407 1904 479; baseline 0 -17"><span class='ocrx_word' id='word_1_6' title='bbox 309 423 545 471; x_wconf 79' lang='lat' dir='ltr'><strong>summa,</strong></span> <span class='ocrx_word' id='word_1_7' title='bbox 582 423 644 460; x_wconf 88' lang='lat' dir='ltr'><strong>ea</strong></span> <span class='ocrx_word' id='word_1_8' title='bbox 672 423 789 476; x_wconf 75' lang='lat' dir='ltr'><strong>qua:</strong></span> <span class='ocrx_word' id='word_1_9' title='bbox 833 407 1216 479; x_wconf 81' lang='lat' dir='ltr'><strong>cartilaginosa</strong></span> <span class='ocrx_word' id='word_1_10' title='bbox 1258 418 1538 463; x_wconf 77' lang='lat' dir='ltr'><strong>vocantur.</strong></span> <span class='ocrx_word' id='word_1_11' title='bbox 1566 409 1706 475; x_wconf 87' lang='lat' dir='ltr'><strong>Quin</strong></span> <span class='ocrx_word' id='word_1_12' title='bbox 1739 411 1904 464; x_wconf 90' lang='lat' dir='ltr'><strong>etiam</strong></span> 
     </span>
    </p>
   </div>
   <div class='ocr_carea' id='block_1_5' title="bbox 2040 407 3618 486">
    <p class='ocr_par' dir='ltr' id='par_1_5' title="bbox 2043 407 3618 480">
     <span class='ocr_line' id='line_1_5' title="bbox 2043 407 3618 480; baseline 0 -18"><span class='ocrx_word' id='word_1_13' title='bbox 2043 411 2058 462; x_wconf 91' lang='grc' dir='ltr'>ἰ</span> <span class='ocrx_word' id='word_1_14' title='bbox 2111 410 2358 464; x_wconf 83' lang='grc' dir='ltr'>κυνίσκοι</span> <span class='ocrx_word' id='word_1_15' title='bbox 2405 409 2537 480; x_wconf 83' lang='lat'><strong>(90),</strong></span> <span class='ocrx_word' id='word_1_16' title='bbox 2581 411 2676 462; x_wconf 77' lang='grc' dir='ltr'><strong>καὶ</strong></span> <span class='ocrx_word' id='word_1_17' title='bbox 2713 409 3047 474; x_wconf 77' lang='grc' dir='ltr'>ἁπαξαπλῶς</span> <span class='ocrx_word' id='word_1_18' title='bbox 3084 410 3152 462; x_wconf 79' lang='grc' dir='ltr'><strong>τὰ</strong></span> <span class='ocrx_word' id='word_1_19' title='bbox 3196 407 3393 480; x_wconf 86' lang='grc' dir='ltr'>σελαχη</span> <span class='ocrx_word' id='word_1_20' title='bbox 3447 409 3618 478; x_wconf 77' lang='grc' dir='ltr'><strong>λεγό⁴</strong></span> 
     </span>
    </p>
   </div>
   <div class='ocr_carea' id='block_1_6' title="bbox 313 499 1906 571">
    <p class='ocr_par' dir='ltr' id='par_1_6' title="bbox 313 499 1906 571">
     <span class='ocr_line' id='line_1_6' title="bbox 313 499 1906 571; baseline -0.001 -16"><span class='ocrx_word' id='word_1_21' title='bbox 313 499 458 555; x_wconf 81' lang='lat' dir='ltr'><strong>inter</strong></span> <span class='ocrx_word' id='word_1_22' title='bbox 487 509 640 566; x_wconf 89' lang='lat' dir='ltr'><strong>cete,</strong></span> <span class='ocrx_word' id='word_1_23' title='bbox 672 500 902 568; x_wconf 88' lang='lat' dir='ltr'><strong>plurima</strong></span> <span class='ocrx_word' id='word_1_24' title='bbox 938 508 1066 555; x_wconf 89' lang='lat' dir='ltr'><strong>sunt</strong></span> <span class='ocrx_word' id='word_1_25' title='bbox 1116 514 1238 569; x_wconf 65' lang='lat' dir='ltr'><strong>qua</strong></span> <span class='ocrx_word' id='word_1_26' title='bbox 1282 500 1481 554; x_wconf 87' lang='lat' dir='ltr'><strong>animal</strong></span> <span class='ocrx_word' id='word_1_27' title='bbox 1516 501 1762 571; x_wconf 81' lang='lat' dir='ltr'><strong>gignunt,</strong></span> <span class='ocrx_word' id='word_1_28' title='bbox 1790 501 1906 554; x_wconf 90' lang='lat' dir='ltr'><strong>del-</strong></span> 
     </span>
    </p>
   </div>
   <div class='ocr_carea' id='block_1_7' title="bbox 318 588 1910 658">
    <p class='ocr_par' dir='ltr' id='par_1_7' title="bbox 318 588 1910 658">
     <span class='ocr_line' id='line_1_7' title="bbox 318 588 1910 658; baseline 0.003 -18"><span class='ocrx_word' id='word_1_29' title='bbox 318 589 514 656; x_wconf 83' lang='lat' dir='ltr'><strong>phines</strong></span> <span class='ocrx_word' id='word_1_30' title='bbox 544 597 600 643; x_wconf 88' lang='lat' dir='ltr'><strong>et</strong></span> <span class='ocrx_word' id='word_1_31' title='bbox 623 588 834 658; x_wconf 82' lang='lat' dir='ltr'><strong>phocae,</strong></span> <span class='ocrx_word' id='word_1_32' title='bbox 863 604 986 658; x_wconf 76' lang='lat' dir='ltr'><strong>quze</strong></span> <span class='ocrx_word' id='word_1_33' title='bbox 1019 603 1146 644; x_wconf 91' lang='lat' dir='ltr'><strong>suos</strong></span> <span class='ocrx_word' id='word_1_34' title='bbox 1184 589 1393 645; x_wconf 89' lang='lat' dir='ltr'><strong>catulos</strong></span> <span class='ocrx_word' id='word_1_35' title='bbox 1435 599 1684 645; x_wconf 78' lang='lat' dir='ltr'><strong>recentes</strong></span> <span class='ocrx_word' id='word_1_36' title='bbox 1729 591 1910 645; x_wconf 88' lang='lat' dir='ltr'><strong>adhuc</strong></span> 
     </span>
    </p>
   </div>
   <div class='ocr_carea' id='block_1_8' title="bbox 315 679 1907 750">
    <p class='ocr_par' dir='ltr' id='par_1_8' title="bbox 315 679 1907 750">
     <span class='ocr_line' id='line_1_8' title="bbox 315 679 1907 750; baseline 0.003 -20"><span class='ocrx_word' id='word_1_37' title='bbox 315 695 378 730; x_wconf 79' lang='lat' dir='ltr'><strong>ac</strong></span> <span class='ocrx_word' id='word_1_38' title='bbox 413 692 649 742; x_wconf 89' lang='lat' dir='ltr'><strong>teneros,</strong></span> <span class='ocrx_word' id='word_1_39' title='bbox 682 679 862 748; x_wconf 90' lang='lat' dir='ltr'><strong>aliqua</strong></span> <span class='ocrx_word' id='word_1_40' title='bbox 895 694 961 734; x_wconf 83' lang='lat' dir='ltr'><strong>ex</strong></span> <span class='ocrx_word' id='word_1_41' title='bbox 996 695 1161 736; x_wconf 90' lang='lat' dir='ltr'><strong>causa</strong></span> <span class='ocrx_word' id='word_1_42' title='bbox 1203 681 1547 750; x_wconf 86' lang='lat' dir='ltr'><strong>perterritos,</strong></span> <span class='ocrx_word' id='word_1_43' title='bbox 1579 682 1635 736; x_wconf 94' lang='lat' dir='ltr'><strong>in</strong></span> <span class='ocrx_word' id='word_1_44' title='bbox 1665 692 1907 736; x_wconf 77' lang='lat' dir='ltr'><strong>ventrem</strong></span> 
     </span>
    </p>
   </div>
   <div class='ocr_carea' id='block_1_9' title="bbox 318 770 1907 840">
    <p class='ocr_par' dir='ltr' id='par_1_9' title="bbox 318 770 1907 840">
     <span class='ocr_line' id='line_1_9' title="bbox 318 770 1907 840; baseline 0.002 -18"><span class='ocrx_word' id='word_1_45' title='bbox 318 774 494 823; x_wconf 85' lang='lat' dir='ltr'><strong>denuo</strong></span> <span class='ocrx_word' id='word_1_46' title='bbox 526 770 816 836; x_wconf 90' lang='lat' dir='ltr'><strong>admissos,</strong></span> <span class='ocrx_word' id='word_1_47' title='bbox 850 771 904 825; x_wconf 94' lang='lat' dir='ltr'><strong>in</strong></span> <span class='ocrx_word' id='word_1_48' title='bbox 947 771 1170 825; x_wconf 92' lang='lat' dir='ltr'><strong>tutelam</strong></span> <span class='ocrx_word' id='word_1_49' title='bbox 1217 786 1370 826; x_wconf 85' lang='lat' dir='ltr'><strong>suam</strong></span> <span class='ocrx_word' id='word_1_50' title='bbox 1395 773 1638 840; x_wconf 87' lang='lat' dir='ltr'><strong>recipere</strong></span> <span class='ocrx_word' id='word_1_51' title='bbox 1673 787 1907 826; x_wconf 83' lang='lat' dir='ltr'><strong>narran-</strong></span> 
     </span>
    </p>
   </div>
   <div class='ocr_carea' id='block_1_10' title="bbox 321 860 1910 934">
    <p class='ocr_par' dir='ltr' id='par_1_10' title="bbox 321 860 1910 934">
     <span class='ocr_line' id='line_1_10' title="bbox 321 860 1910 934; baseline 0.004 -22"><span class='ocrx_word' id='word_1_52' title='bbox 321 871 426 914; x_wconf 92' lang='lat' dir='ltr'><strong>tur.</strong></span> <span class='ocrx_word' id='word_1_53' title='bbox 469 860 777 916; x_wconf 84' lang='lat' dir='ltr'><strong>Producant</strong></span> <span class='ocrx_word' id='word_1_54' title='bbox 801 879 951 932; x_wconf 65' lang='lat' dir='ltr'><strong>aqua</strong></span> <span class='ocrx_word' id='word_1_55' title='bbox 971 864 1128 931; x_wconf 76' lang='lat' dir='ltr'><strong>juxta</strong></span> <span class='ocrx_word' id='word_1_56' title='bbox 1153 880 1332 934; x_wconf 84' lang='lat' dir='ltr'><strong>genus.</strong></span> <span class='ocrx_word' id='word_1_57' title='bbox 1351 862 1511 918; x_wconf 83' lang='lat' dir='ltr'><strong>Aliud</strong></span> <span class='ocrx_word' id='word_1_58' title='bbox 1545 875 1786 918; x_wconf 88' lang='lat' dir='ltr'><strong>cetorum</strong></span> <span class='ocrx_word' id='word_1_59' title='bbox 1819 879 1910 933; x_wconf 84' lang='lat' dir='ltr'><strong>ge-</strong></span> 
     </span>
    </p>
   </div>
   <div class='ocr_carea' id='block_1_11' title="bbox 321 953 1912 1025">
    <p class='ocr_par' dir='ltr' id='par_1_11' title="bbox 321 953 1912 1025">
     <span class='ocr_line' id='line_1_11' title="bbox 321 953 1912 1025; baseline 0.002 -17"><span class='ocrx_word' id='word_1_60' title='bbox 321 969 442 1014; x_wconf 86' lang='lat' dir='ltr'><strong>nus,</strong></span> <span class='ocrx_word' id='word_1_61' title='bbox 468 953 614 1008; x_wconf 81' lang='lat' dir='ltr'><strong>aliud</strong></span> <span class='ocrx_word' id='word_1_62' title='bbox 638 956 955 1024; x_wconf 82' lang='lat' dir='ltr'><strong>exiguorum</strong></span> <span class='ocrx_word' id='word_1_63' title='bbox 987 956 1237 1025; x_wconf 81' lang='lat' dir='ltr'><strong>piscium.</strong></span> <span class='ocrx_word' id='word_1_64' title='bbox 1263 956 1468 1010; x_wconf 76' lang='lat' dir='ltr'><strong>Rursus</strong></span> <span class='ocrx_word' id='word_1_65' title='bbox 1487 956 1540 1009; x_wconf 93' lang='lat' dir='ltr'><strong>in</strong></span> <span class='ocrx_word' id='word_1_66' title='bbox 1569 956 1808 1025; x_wconf 87' lang='lat' dir='ltr'><strong>piscibus</strong></span> <span class='ocrx_word' id='word_1_67' title='bbox 1834 958 1912 1011; x_wconf 89' lang='lat' dir='ltr'><strong>iu-</strong></span> 
     </span>
    </p>
   </div>
   <div class='ocr_carea' id='block_1_12' title="bbox 323 1047 1910 1116">
    <p class='ocr_par' dir='ltr' id='par_1_12' title="bbox 323 1047 1910 1116">
     <span class='ocr_line' id='line_1_12' title="bbox 323 1047 1910 1116; baseline 0.004 -19"><span class='ocrx_word' id='word_1_68' title='bbox 323 1059 561 1100; x_wconf 70' lang='lat' dir='ltr'><strong>numerae</strong></span> <span class='ocrx_word' id='word_1_69' title='bbox 595 1057 721 1100; x_wconf 77' lang='lat' dir='ltr'><strong>sunt</strong></span> <span class='ocrx_word' id='word_1_70' title='bbox 751 1047 1075 1102; x_wconf 66' lang='lat' dir='ltr'><strong>diﬂ&#39;erentiae</strong></span> <span class='ocrx_word' id='word_1_71' title='bbox 1113 1049 1410 1104; x_wconf 88' lang='lat' dir='ltr'><strong>secundum</strong></span> <span class='ocrx_word' id='word_1_72' title='bbox 1443 1064 1642 1116; x_wconf 88' lang='lat' dir='ltr'><strong>genera</strong></span> <span class='ocrx_word' id='word_1_73' title='bbox 1677 1050 1865 1103; x_wconf 83' lang='lat' dir='ltr'><strong>divisae</strong></span> <span class='ocrx_word' id='word_1_74' title='bbox 1895 1065 1910 1104; x_wconf 88' lang='lat'><strong>:</strong></span> 
     </span>
    </p>
   </div>
   <div class='ocr_carea' id='block_1_13' title="bbox 318 1141 1908 1210">
    <p class='ocr_par' dir='ltr' id='par_1_13' title="bbox 318 1141 1908 1210">
     <span class='ocr_line' id='line_1_13' title="bbox 318 1141 1908 1210; baseline 0.001 -17"><span class='ocrx_word' id='word_1_75' title='bbox 318 1155 544 1208; x_wconf 88' lang='lat' dir='ltr'><strong>quarum</strong></span> <span class='ocrx_word' id='word_1_76' title='bbox 575 1149 631 1195; x_wconf 87' lang='lat' dir='ltr'><strong>et</strong></span> <span class='ocrx_word' id='word_1_77' title='bbox 660 1141 876 1195; x_wconf 89' lang='lat' dir='ltr'><strong>nomina</strong></span> <span class='ocrx_word' id='word_1_78' title='bbox 903 1141 1141 1210; x_wconf 88' lang='lat' dir='ltr'><strong>propria,</strong></span> <span class='ocrx_word' id='word_1_79' title='bbox 1173 1151 1229 1196; x_wconf 92' lang='lat' dir='ltr'><strong>et</strong></span> <span class='ocrx_word' id='word_1_80' title='bbox 1258 1141 1574 1196; x_wconf 85' lang='lat' dir='ltr'><strong>alimentum</strong></span> <span class='ocrx_word' id='word_1_81' title='bbox 1607 1142 1908 1208; x_wconf 89' lang='lat' dir='ltr'><strong>diversum,</strong></span> 
     </span>
    </p>
   </div>
   <div class='ocr_carea' id='block_1_14' title="bbox 317 1229 1907 1302">
    <p class='ocr_par' dir='ltr' id='par_1_14' title="bbox 317 1229 1907 1302">
     <span class='ocr_line' id='line_1_14' title="bbox 317 1229 1907 1302; baseline 0.002 -19"><span class='ocrx_word' id='word_1_82' title='bbox 317 1239 373 1284; x_wconf 90' lang='lat' dir='ltr'><strong>et</strong></span> <span class='ocrx_word' id='word_1_83' title='bbox 420 1229 625 1301; x_wconf 86' lang='lat' dir='ltr'><strong>ligura,</strong></span> <span class='ocrx_word' id='word_1_84' title='bbox 679 1241 734 1286; x_wconf 93' lang='lat' dir='ltr'><strong>et</strong></span> <span class='ocrx_word' id='word_1_85' title='bbox 766 1232 1100 1302; x_wconf 77' lang='lat' dir='ltr'><strong>magnitudo,</strong></span> <span class='ocrx_word' id='word_1_86' title='bbox 1153 1241 1208 1286; x_wconf 91' lang='lat' dir='ltr'><strong>et</strong></span> <span class='ocrx_word' id='word_1_87' title='bbox 1265 1234 1512 1286; x_wconf 87' lang='lat' dir='ltr'><strong>carnium</strong></span> <span class='ocrx_word' id='word_1_88' title='bbox 1569 1233 1907 1301; x_wconf 85' lang='lat' dir='ltr'><strong>qualitates:</strong></span> 
     </span>
    </p>
   </div>
   <div class='ocr_carea' id='block_1_15' title="bbox 319 1323 1912 1388">
    <p class='ocr_par' dir='ltr' id='par_1_15' title="bbox 319 1323 1912 1388">
     <span class='ocr_line' id='line_1_15' title="bbox 319 1323 1912 1388; baseline -0.001 -10"><span class='ocrx_word' id='word_1_89' title='bbox 319 1325 502 1378; x_wconf 82' lang='lat' dir='ltr'><strong>omnia</strong></span> <span class='ocrx_word' id='word_1_90' title='bbox 553 1324 806 1378; x_wconf 86' lang='lat' dir='ltr'><strong>maximis</strong></span> <span class='ocrx_word' id='word_1_91' title='bbox 852 1325 996 1378; x_wconf 89' lang='lat' dir='ltr'><strong>inter</strong></span> <span class='ocrx_word' id='word_1_92' title='bbox 1047 1339 1106 1380; x_wconf 89' lang='lat' dir='ltr'><strong>se</strong></span> <span class='ocrx_word' id='word_1_93' title='bbox 1152 1323 1474 1379; x_wconf 74' lang='lat' dir='ltr'><strong>dilferentiis</strong></span> <span class='ocrx_word' id='word_1_94' title='bbox 1530 1325 1805 1388; x_wconf 89' lang='lat' dir='ltr'><strong>distincta,</strong></span> <span class='ocrx_word' id='word_1_95' title='bbox 1861 1324 1912 1377; x_wconf 91' lang='lat' dir='ltr'><strong>in</strong></span> 
     </span>
    </p>
   </div>
   <div class='ocr_carea' id='block_1_16' title="bbox 324 1416 1913 1486">
    <p class='ocr_par' dir='ltr' id='par_1_16' title="bbox 324 1416 1913 1486">
     <span class='ocr_line' id='line_1_16' title="bbox 324 1416 1913 1486; baseline 0.001 -18"><span class='ocrx_word' id='word_1_96' title='bbox 324 1417 445 1470; x_wconf 87' lang='lat' dir='ltr'><strong>aliis</strong></span> <span class='ocrx_word' id='word_1_97' title='bbox 476 1426 640 1486; x_wconf 92' lang='lat' dir='ltr'><strong>atque</strong></span> <span class='ocrx_word' id='word_1_98' title='bbox 688 1416 810 1472; x_wconf 89' lang='lat' dir='ltr'><strong>aliis</strong></span> <span class='ocrx_word' id='word_1_99' title='bbox 850 1416 1136 1486; x_wconf 87' lang='lat' dir='ltr'><strong>speciebus</strong></span> <span class='ocrx_word' id='word_1_100' title='bbox 1177 1419 1598 1471; x_wconf 88' lang='lat' dir='ltr'><strong>constituuntur.</strong></span> <span class='ocrx_word' id='word_1_101' title='bbox 1636 1417 1737 1482; x_wconf 86' lang='lat' dir='ltr'><strong>Qui</strong></span> <span class='ocrx_word' id='word_1_102' title='bbox 1788 1425 1913 1470; x_wconf 88' lang='lat' dir='ltr'><strong>sunt</strong></span> 
     </span>
    </p>
   </div>
   <div class='ocr_carea' id='block_1_17' title="bbox 323 1507 1913 1578">
    <p class='ocr_par' dir='ltr' id='par_1_17' title="bbox 323 1507 1913 1578">
     <span class='ocr_line' id='line_1_17' title="bbox 323 1507 1913 1578; baseline -0.001 -17"><span class='ocrx_word' id='word_1_103' title='bbox 323 1509 491 1575; x_wconf 84' lang='lat' dir='ltr'><strong>igitur</strong></span> <span class='ocrx_word' id='word_1_104' title='bbox 553 1508 883 1562; x_wconf 87' lang='lat' dir='ltr'><strong>thunnorum</strong></span> <span class='ocrx_word' id='word_1_105' title='bbox 915 1507 1310 1578; x_wconf 80' lang='lat' dir='ltr'><strong>exploratores,</strong></span> <span class='ocrx_word' id='word_1_106' title='bbox 1342 1509 1434 1577; x_wconf 91' lang='lat' dir='ltr'><strong>qui</strong></span> <span class='ocrx_word' id='word_1_107' title='bbox 1465 1509 1676 1562; x_wconf 80' lang='lat' dir='ltr'><strong>diversa</strong></span> <span class='ocrx_word' id='word_1_108' title='bbox 1728 1521 1913 1563; x_wconf 90' lang='lat' dir='ltr'><strong>eorum</strong></span> 
     </span>
    </p>
   </div>
   <div class='ocr_carea' id='block_1_18' title="bbox 325 1598 1914 1670">
    <p class='ocr_par' dir='ltr' id='par_1_18' title="bbox 325 1598 1914 1670">
     <span class='ocr_line' id='line_1_18' title="bbox 325 1598 1914 1670; baseline 0 -18"><span class='ocrx_word' id='word_1_109' title='bbox 325 1614 524 1669; x_wconf 83' lang='lat' dir='ltr'><strong>genera</strong></span> <span class='ocrx_word' id='word_1_110' title='bbox 587 1600 744 1654; x_wconf 85' lang='lat' dir='ltr'><strong>nobis</strong></span> <span class='ocrx_word' id='word_1_111' title='bbox 793 1613 1116 1654; x_wconf 87' lang='lat' dir='ltr'><strong>enumerare</strong></span> <span class='ocrx_word' id='word_1_112' title='bbox 1173 1600 1384 1670; x_wconf 89' lang='lat' dir='ltr'><strong>possint</strong></span> <span class='ocrx_word' id='word_1_113' title='bbox 1428 1601 1450 1654; x_wconf 92' lang='lat'><strong>?</strong></span> <span class='ocrx_word' id='word_1_114' title='bbox 1489 1599 1806 1667; x_wconf 85' lang='lat' dir='ltr'><strong>Quanquam</strong></span> <span class='ocrx_word' id='word_1_115' title='bbox 1862 1598 1914 1652; x_wconf 92' lang='lat' dir='ltr'><strong>in</strong></span> 
     </span>
    </p>
   </div>
   <div class='ocr_carea' id='block_1_19' title="bbox 327 1688 1914 1761">
    <p class='ocr_par' dir='ltr' id='par_1_19' title="bbox 327 1688 1914 1761">
     <span class='ocr_line' id='line_1_19' title="bbox 327 1688 1914 1761; baseline -0.003 -17"><span class='ocrx_word' id='word_1_116' title='bbox 327 1690 539 1758; x_wconf 84' lang='lat' dir='ltr'><strong>magnis</strong></span> <span class='ocrx_word' id='word_1_117' title='bbox 599 1691 828 1761; x_wconf 88' lang='lat' dir='ltr'><strong>pisciqu</strong></span> <span class='ocrx_word' id='word_1_118' title='bbox 885 1691 1140 1760; x_wconf 81' lang='lat' dir='ltr'><strong>gregibus</strong></span> <span class='ocrx_word' id='word_1_119' title='bbox 1185 1691 1448 1746; x_wconf 90' lang='lat' dir='ltr'><strong>dicuntur</strong></span> <span class='ocrx_word' id='word_1_120' title='bbox 1491 1691 1657 1743; x_wconf 91' lang='lat' dir='ltr'><strong>etiam</strong></span> <span class='ocrx_word' id='word_1_121' title='bbox 1701 1688 1914 1743; x_wconf 88' lang='lat' dir='ltr'><strong>illorum</strong></span> 
     </span>
    </p>
   </div>
   <div class='ocr_carea' id='block_1_20' title="bbox 327 1780 1911 1850">
    <p class='ocr_par' dir='ltr' id='par_1_20' title="bbox 327 1780 1911 1850">
     <span class='ocr_line' id='line_1_20' title="bbox 327 1780 1911 1850; baseline -0.003 -14"><span class='ocrx_word' id='word_1_122' title='bbox 327 1798 612 1837; x_wconf 86' lang='lat' dir='ltr'><strong>numerum</strong></span> <span class='ocrx_word' id='word_1_123' title='bbox 631 1783 1076 1850; x_wconf 85' lang='lat' dir='ltr'><strong>declarare.Quis</strong></span> <span class='ocrx_word' id='word_1_124' title='bbox 1104 1797 1234 1838; x_wconf 90' lang='lat' dir='ltr'><strong>vero</strong></span> <span class='ocrx_word' id='word_1_125' title='bbox 1258 1797 1324 1837; x_wconf 77' lang='lat' dir='ltr'><strong>ex</strong></span> <span class='ocrx_word' id='word_1_126' title='bbox 1355 1783 1422 1836; x_wconf 90' lang='lat' dir='ltr'><strong>iis</strong></span> <span class='ocrx_word' id='word_1_127' title='bbox 1447 1783 1536 1850; x_wconf 90' lang='lat' dir='ltr'><strong>qui</strong></span> <span class='ocrx_word' id='word_1_128' title='bbox 1562 1781 1707 1836; x_wconf 89' lang='lat' dir='ltr'><strong>circa</strong></span> <span class='ocrx_word' id='word_1_129' title='bbox 1731 1780 1911 1834; x_wconf 89' lang='lat' dir='ltr'><strong>littora</strong></span> 
     </span>
    </p>
   </div>
   <div class='ocr_carea' id='block_1_21' title="bbox 2015 500 3617 573">
    <p class='ocr_par' dir='ltr' id='par_1_21' title="bbox 2015 500 3617 573">
     <span class='ocr_line' id='line_1_21' title="bbox 2015 500 3617 573; baseline 0 -19"><span class='ocrx_word' id='word_1_130' title='bbox 2015 518 2174 572; x_wconf 87' lang='grc' dir='ltr'>μενα.</span> <span class='ocrx_word' id='word_1_131' title='bbox 2208 502 2317 556; x_wconf 73' lang='grc' dir='ltr'><strong>Καὶ</strong></span> <span class='ocrx_word' id='word_1_132' title='bbox 2347 501 2453 554; x_wconf 88' lang='grc' dir='ltr'><strong>τῶν</strong></span> <span class='ocrx_word' id='word_1_133' title='bbox 2486 501 2666 573; x_wconf 79' lang='grc' dir='ltr'>κητῶν</span> <span class='ocrx_word' id='word_1_134' title='bbox 2698 501 2765 554; x_wconf 77' lang='grc' dir='ltr'>τὰ</span> <span class='ocrx_word' id='word_1_135' title='bbox 2794 502 3021 555; x_wconf 86' lang='grc' dir='ltr'>πλεῖστα</span> <span class='ocrx_word' id='word_1_136' title='bbox 3051 500 3322 565; x_wconf 79' lang='grc' dir='ltr'>ζωοτόκα·</span> <span class='ocrx_word' id='word_1_137' title='bbox 3352 503 3617 570; x_wconf 79' lang='grc' dir='ltr'><strong>δελφῖνες</strong></span> 
     </span>
    </p>
   </div>
   <div class='ocr_carea' id='block_1_22' title="bbox 2013 591 3613 664">
    <p class='ocr_par' dir='ltr' id='par_1_22' title="bbox 2013 591 3613 664">
     <span class='ocr_line' id='line_1_22' title="bbox 2013 591 3613 664; baseline 0.002 -20"><span class='ocrx_word' id='word_1_138' title='bbox 2013 592 2109 645; x_wconf 79' lang='grc' dir='ltr'><strong>καὶ</strong></span> <span class='ocrx_word' id='word_1_139' title='bbox 2140 591 2356 662; x_wconf 83' lang='grc' dir='ltr'>φῶκαι,</span> <span class='ocrx_word' id='word_1_140' title='bbox 2390 593 2426 645; x_wconf 75' lang='grc' dir='ltr'><strong>ἃ</strong></span> <span class='ocrx_word' id='word_1_141' title='bbox 2461 593 2553 644; x_wconf 76' lang='grc' dir='ltr'>καὶ</span> <span class='ocrx_word' id='word_1_142' title='bbox 2599 594 2826 664; x_wconf 77' lang='grc' dir='ltr'>νεαροὺς</span> <span class='ocrx_word' id='word_1_143' title='bbox 2856 593 2936 645; x_wconf 74' lang='grc' dir='ltr'>ἔτι</span> <span class='ocrx_word' id='word_1_144' title='bbox 2968 594 3095 657; x_wconf 80' lang='grc' dir='ltr'>τοὺς</span> <span class='ocrx_word' id='word_1_145' title='bbox 3130 592 3402 664; x_wconf 72' lang='grc' dir='ltr'><strong>σκύμνους</strong></span> <span class='ocrx_word' id='word_1_146' title='bbox 3423 635 3439 658; x_wconf 83' lang='grc'><strong>,</strong></span> <span class='ocrx_word' id='word_1_147' title='bbox 3485 593 3613 647; x_wconf 57' lang='grc' dir='ltr'>διαί</span> 
     </span>
    </p>
   </div>
   <div class='ocr_carea' id='block_1_23' title="bbox 2011 681 3616 758">
    <p class='ocr_par' dir='ltr' id='par_1_23' title="bbox 2011 681 3616 758">
     <span class='ocr_line' id='line_1_23' title="bbox 2011 681 3616 758; baseline 0.001 -24"><span class='ocrx_word' id='word_1_148' title='bbox 2011 681 2348 752; x_wconf 82' lang='grc' dir='ltr'>πτοηθέντας</span> <span class='ocrx_word' id='word_1_149' title='bbox 2374 682 2478 735; x_wconf 78' lang='grc' dir='ltr'>ὑπὸ</span> <span class='ocrx_word' id='word_1_150' title='bbox 2500 682 2679 746; x_wconf 81' lang='grc' dir='ltr'><strong>αἰτίας</strong></span> <span class='ocrx_word' id='word_1_151' title='bbox 2699 683 2864 747; x_wconf 84' lang='grc' dir='ltr'>τινὸς,</span> <span class='ocrx_word' id='word_1_152' title='bbox 2890 683 3108 751; x_wconf 91' lang='grc' dir='ltr'>λέγεται</span> <span class='ocrx_word' id='word_1_153' title='bbox 3131 685 3288 738; x_wconf 86' lang='grc' dir='ltr'>πάλιν</span> <span class='ocrx_word' id='word_1_154' title='bbox 3302 689 3369 756; x_wconf 85' lang='grc' dir='ltr'>τῇ</span> <span class='ocrx_word' id='word_1_155' title='bbox 3400 689 3616 758; x_wconf 80' lang='grc' dir='ltr'>γαστρὶ</span> 
     </span>
    </p>
   </div>
   <div class='ocr_carea' id='block_1_24' title="bbox 2012 774 3619 846">
    <p class='ocr_par' dir='ltr' id='par_1_24' title="bbox 2012 774 3619 846">
     <span class='ocr_line' id='line_1_24' title="bbox 2012 774 3619 846; baseline 0.002 -20"><span class='ocrx_word' id='word_1_156' title='bbox 2012 774 2384 844; x_wconf 82' lang='grc' dir='ltr'>ὐποδεχόμενα</span> <span class='ocrx_word' id='word_1_157' title='bbox 2434 774 2826 845; x_wconf 82' lang='grc' dir='ltr'><strong>περιστέλλειν.</strong></span> <span class='ocrx_word' id='word_1_158' title='bbox 2876 776 3244 846; x_wconf 75' lang='grc' dir='ltr'>Ἐξαγαγέτω</span> <span class='ocrx_word' id='word_1_159' title='bbox 3287 776 3357 830; x_wconf 84' lang='grc' dir='ltr'>τὰ</span> <span class='ocrx_word' id='word_1_160' title='bbox 3407 776 3619 830; x_wconf 77' lang='grc' dir='ltr'>ὕδατα</span> 
     </span>
    </p>
   </div>
   <div class='ocr_carea' id='block_1_25' title="bbox 2014 867 3619 939">
    <p class='ocr_par' dir='ltr' id='par_1_25' title="bbox 2014 867 3619 939">
     <span class='ocr_line' id='line_1_25' title="bbox 2014 867 3619 939; baseline -0.001 -18"><span class='ocrx_word' id='word_1_161' title='bbox 2014 868 2164 921; x_wconf 79' lang='grc' dir='ltr'>κατὰ</span> <span class='ocrx_word' id='word_1_162' title='bbox 2199 867 2312 937; x_wconf 81' lang='lat' dir='ltr'><strong>(9i)</strong></span> <span class='ocrx_word' id='word_1_163' title='bbox 2347 867 2540 938; x_wconf 78' lang='grc' dir='ltr'>γένος.</span> <span class='ocrx_word' id='word_1_164' title='bbox 2587 868 2814 939; x_wconf 87' lang='grc' dir='ltr'>Ἕτερον</span> <span class='ocrx_word' id='word_1_165' title='bbox 2854 869 3014 936; x_wconf 87' lang='grc' dir='ltr'>γένος</span> <span class='ocrx_word' id='word_1_166' title='bbox 3040 869 3101 922; x_wconf 82' lang='grc' dir='ltr'><strong>τὸ</strong></span> <span class='ocrx_word' id='word_1_167' title='bbox 3129 868 3386 938; x_wconf 82' lang='grc' dir='ltr'>κητῶδες,</span> <span class='ocrx_word' id='word_1_168' title='bbox 3419 870 3619 922; x_wconf 78' lang='grc' dir='ltr'>καὶτὸ</span> 
     </span>
    </p>
   </div>
   <div class='ocr_carea' id='block_1_26' title="bbox 2012 957 3619 1029">
    <p class='ocr_par' dir='ltr' id='par_1_26' title="bbox 2012 957 3619 1029">
     <span class='ocr_line' id='line_1_26' title="bbox 2012 957 3619 1029; baseline -0.001 -18"><span class='ocrx_word' id='word_1_169' title='bbox 2012 958 2120 1012; x_wconf 89' lang='grc' dir='ltr'><strong>τῶν</strong></span> <span class='ocrx_word' id='word_1_170' title='bbox 2151 957 2365 1010; x_wconf 83' lang='grc' dir='ltr'>λεπτῶν</span> <span class='ocrx_word' id='word_1_171' title='bbox 2402 957 2598 1028; x_wconf 78' lang='grc' dir='ltr'><strong>ἰχθύων</strong></span> <span class='ocrx_word' id='word_1_172' title='bbox 2625 957 2833 1029; x_wconf 71' lang='grc' dir='ltr'>ἕτερον.</span> <span class='ocrx_word' id='word_1_173' title='bbox 2867 959 3039 1012; x_wconf 89' lang='grc' dir='ltr'>Πάλιν</span> <span class='ocrx_word' id='word_1_174' title='bbox 3071 959 3128 1010; x_wconf 78' lang='grc' dir='ltr'>ἐν</span> <span class='ocrx_word' id='word_1_175' title='bbox 3152 961 3264 1022; x_wconf 85' lang='grc' dir='ltr'>τοῖς</span> <span class='ocrx_word' id='word_1_176' title='bbox 3295 959 3479 1028; x_wconf 77' lang='grc' dir='ltr'><strong>ἰχθύσι</strong></span> <span class='ocrx_word' id='word_1_177' title='bbox 3513 977 3619 1029; x_wconf 83' lang='grc' dir='ltr'>μυ-</span> 
     </span>
    </p>
   </div>
   <div class='ocr_carea' id='block_1_27' title="bbox 2017 1045 3618 1125">
    <p class='ocr_par' dir='ltr' id='par_1_27' title="bbox 2017 1045 3618 1125">
     <span class='ocr_line' id='line_1_27' title="bbox 2017 1045 3618 1125; baseline 0 -21"><span class='ocrx_word' id='word_1_178' title='bbox 2017 1053 2128 1123; x_wconf 81' lang='grc' dir='ltr'>ρίαι</span> <span class='ocrx_word' id='word_1_179' title='bbox 2155 1053 2410 1124; x_wconf 76' lang='grc' dir='ltr'>διαφοραὶ</span> <span class='ocrx_word' id='word_1_180' title='bbox 2431 1051 2572 1106; x_wconf 85' lang='grc' dir='ltr'>κατὰ</span> <span class='ocrx_word' id='word_1_181' title='bbox 2594 1052 2725 1122; x_wconf 84' lang='grc' dir='ltr'><strong>γένη</strong></span> <span class='ocrx_word' id='word_1_182' title='bbox 2751 1051 3110 1125; x_wconf 82' lang='grc' dir='ltr'>διῃρημέναι·</span> <span class='ocrx_word' id='word_1_183' title='bbox 3135 1045 3209 1105; x_wconf 84' lang='grc' dir='ltr'>ὧν</span> <span class='ocrx_word' id='word_1_184' title='bbox 3240 1053 3332 1105; x_wconf 77' lang='grc' dir='ltr'><strong>καὶ</strong></span> <span class='ocrx_word' id='word_1_185' title='bbox 3358 1053 3618 1122; x_wconf 78' lang='grc' dir='ltr'>ὀνόματα</span> 
     </span>
    </p>
   </div>
   <div class='ocr_carea' id='block_1_28' title="bbox 2015 1144 3613 1216">
    <p class='ocr_par' dir='ltr' id='par_1_28' title="bbox 2015 1144 3613 1216">
     <span class='ocr_line' id='line_1_28' title="bbox 2015 1144 3613 1216; baseline 0 -19"><span class='ocrx_word' id='word_1_186' title='bbox 2015 1145 2142 1206; x_wconf 81' lang='grc' dir='ltr'>ἴδια,</span> <span class='ocrx_word' id='word_1_187' title='bbox 2178 1144 2270 1196; x_wconf 74' lang='grc' dir='ltr'><strong>καὶ</strong></span> <span class='ocrx_word' id='word_1_188' title='bbox 2304 1145 2477 1215; x_wconf 75' lang='grc' dir='ltr'>τροφὴ</span> <span class='ocrx_word' id='word_1_189' title='bbox 2499 1144 2952 1215; x_wconf 86' lang='grc' dir='ltr'>παρηλλαγμένη,</span> <span class='ocrx_word' id='word_1_190' title='bbox 2987 1146 3081 1197; x_wconf 75' lang='grc' dir='ltr'><strong>καὶ</strong></span> <span class='ocrx_word' id='word_1_191' title='bbox 3120 1145 3327 1215; x_wconf 86' lang='grc' dir='ltr'>σχῆμα,</span> <span class='ocrx_word' id='word_1_192' title='bbox 3367 1145 3465 1197; x_wconf 73' lang='grc' dir='ltr'><strong>καὶ</strong></span> <span class='ocrx_word' id='word_1_193' title='bbox 3505 1145 3613 1216; x_wconf 84' lang='grc' dir='ltr'><strong>μὲ-</strong></span> 
     </span>
    </p>
   </div>
   <div class='ocr_carea' id='block_1_29' title="bbox 2016 1236 3616 1308">
    <p class='ocr_par' dir='ltr' id='par_1_29' title="bbox 2016 1236 3616 1308">
     <span class='ocr_line' id='line_1_29' title="bbox 2016 1236 3616 1308; baseline 0.001 -20"><span class='ocrx_word' id='word_1_194' title='bbox 2016 1237 2198 1304; x_wconf 82' lang='grc' dir='ltr'>γεθος,</span> <span class='ocrx_word' id='word_1_195' title='bbox 2231 1239 2324 1290; x_wconf 76' lang='grc' dir='ltr'><strong>καὶ</strong></span> <span class='ocrx_word' id='word_1_196' title='bbox 2353 1236 2572 1308; x_wconf 86' lang='grc' dir='ltr'>σαρκῶν</span> <span class='ocrx_word' id='word_1_197' title='bbox 2599 1238 2900 1306; x_wconf 79' lang='grc' dir='ltr'><strong>ποιότητες,</strong></span> <span class='ocrx_word' id='word_1_198' title='bbox 2928 1237 3104 1291; x_wconf 87' lang='grc' dir='ltr'>πάντα</span> <span class='ocrx_word' id='word_1_199' title='bbox 3123 1238 3616 1308; x_wconf 77' lang='grc' dir='ltr'>μεγίσταιςδιαφο-</span> 
     </span>
    </p>
   </div>
   <div class='ocr_carea' id='block_1_30' title="bbox 2020 1329 3614 1402">
    <p class='ocr_par' dir='ltr' id='par_1_30' title="bbox 2020 1329 3614 1402">
     <span class='ocr_line' id='line_1_30' title="bbox 2020 1329 3614 1402; baseline 0 -20"><span class='ocrx_word' id='word_1_200' title='bbox 2020 1333 2138 1400; x_wconf 81' lang='grc' dir='ltr'><strong>ραῖς</strong></span> <span class='ocrx_word' id='word_1_201' title='bbox 2170 1330 2416 1399; x_wconf 83' lang='grc' dir='ltr'>ἀλλήλων</span> <span class='ocrx_word' id='word_1_202' title='bbox 2447 1329 2831 1401; x_wconf 80' lang='grc' dir='ltr'>κεχωρισμένα</span> <span class='ocrx_word' id='word_1_203' title='bbox 2851 1369 2864 1392; x_wconf 95' lang='grc'><strong>,</strong></span> <span class='ocrx_word' id='word_1_204' title='bbox 2902 1330 2996 1382; x_wconf 73' lang='grc' dir='ltr'>καὶ</span> <span class='ocrx_word' id='word_1_205' title='bbox 3025 1332 3084 1382; x_wconf 87' lang='grc' dir='ltr'>ὲν</span> <span class='ocrx_word' id='word_1_206' title='bbox 3117 1330 3323 1402; x_wconf 78' lang='grc' dir='ltr'>ἑτέροις</span> <span class='ocrx_word' id='word_1_207' title='bbox 3361 1331 3456 1383; x_wconf 77' lang='grc' dir='ltr'><strong>καὶ</strong></span> <span class='ocrx_word' id='word_1_208' title='bbox 3495 1329 3614 1384; x_wconf 84' lang='grc' dir='ltr'>ἑτέ-</span> 
     </span>
    </p>
   </div>
   <div class='ocr_carea' id='block_1_31' title="bbox 2019 1420 3614 1495">
    <p class='ocr_par' dir='ltr' id='par_1_31' title="bbox 2019 1420 3614 1495">
     <span class='ocr_line' id='line_1_31' title="bbox 2019 1420 3614 1495; baseline -0.001 -19"><span class='ocrx_word' id='word_1_209' title='bbox 2019 1441 2134 1495; x_wconf 88' lang='grc' dir='ltr'>ροις</span> <span class='ocrx_word' id='word_1_210' title='bbox 2165 1424 2330 1476; x_wconf 79' lang='grc' dir='ltr'>εἴδεσι</span> <span class='ocrx_word' id='word_1_211' title='bbox 2369 1423 2708 1477; x_wconf 82' lang='grc' dir='ltr'>καθεστῶτα.</span> <span class='ocrx_word' id='word_1_212' title='bbox 2760 1425 2908 1477; x_wconf 80' lang='grc' dir='ltr'>Ποῖοι</span> <span class='ocrx_word' id='word_1_213' title='bbox 2960 1423 3058 1494; x_wconf 81' lang='grc' dir='ltr'><strong>μὲν</strong></span> <span class='ocrx_word' id='word_1_214' title='bbox 3103 1420 3196 1476; x_wconf 74' lang='grc' dir='ltr'><strong>οὖν</strong></span> <span class='ocrx_word' id='word_1_215' title='bbox 3247 1423 3614 1478; x_wconf 82' lang='grc' dir='ltr'>θυννοσκόποι</span> 
     </span>
    </p>
   </div>
   <div class='ocr_carea' id='block_1_32' title="bbox 2015 1516 3617 1589">
    <p class='ocr_par' dir='ltr' id='par_1_32' title="bbox 2015 1516 3617 1589">
     <span class='ocr_line' id='line_1_32' title="bbox 2015 1516 3617 1589; baseline 0.001 -19"><span class='ocrx_word' id='word_1_216' title='bbox 2015 1517 2123 1570; x_wconf 89' lang='grc' dir='ltr'><strong>τῶν</strong></span> <span class='ocrx_word' id='word_1_217' title='bbox 2157 1517 2331 1587; x_wconf 88' lang='grc' dir='ltr'>γενῶν</span> <span class='ocrx_word' id='word_1_218' title='bbox 2375 1518 2475 1583; x_wconf 78' lang='grc' dir='ltr'>τὰς</span> <span class='ocrx_word' id='word_1_219' title='bbox 2512 1517 2778 1589; x_wconf 79' lang='grc' dir='ltr'>διαφορὰς</span> <span class='ocrx_word' id='word_1_220' title='bbox 2813 1520 2947 1588; x_wconf 78' lang='grc' dir='ltr'>ἡμῖν</span> <span class='ocrx_word' id='word_1_221' title='bbox 2983 1518 3476 1589; x_wconf 84' lang='grc' dir='ltr'>ἀπαριθμήσασθαι</span> <span class='ocrx_word' id='word_1_222' title='bbox 3519 1516 3617 1571; x_wconf 86' lang='grc' dir='ltr'><strong>δύ-</strong></span> 
     </span>
    </p>
   </div>
   <div class='ocr_carea' id='block_1_33' title="bbox 2018 1609 3614 1682">
    <p class='ocr_par' dir='ltr' id='par_1_33' title="bbox 2018 1609 3614 1682">
     <span class='ocr_line' id='line_1_33' title="bbox 2018 1609 3614 1682; baseline -0.001 -19"><span class='ocrx_word' id='word_1_223' title='bbox 2018 1627 2238 1678; x_wconf 85' lang='grc' dir='ltr'>νανται;</span> <span class='ocrx_word' id='word_1_224' title='bbox 2286 1612 2480 1665; x_wconf 83' lang='grc' dir='ltr'>Καίτοι</span> <span class='ocrx_word' id='word_1_225' title='bbox 2526 1614 2686 1679; x_wconf 73' lang='grc' dir='ltr'>φασὶν</span> <span class='ocrx_word' id='word_1_226' title='bbox 2727 1613 2925 1676; x_wconf 79' lang='grc' dir='ltr'>αὐτοὺς</span> <span class='ocrx_word' id='word_1_227' title='bbox 2963 1613 3020 1664; x_wconf 78' lang='grc' dir='ltr'>ἐν</span> <span class='ocrx_word' id='word_1_228' title='bbox 3079 1609 3341 1682; x_wconf 82' lang='grc' dir='ltr'>μεγάλαις</span> <span class='ocrx_word' id='word_1_229' title='bbox 3379 1611 3614 1678; x_wconf 77' lang='grc' dir='ltr'>ἀγέλαις</span> 
     </span>
    </p>
   </div>
   <div class='ocr_carea' id='block_1_34' title="bbox 2023 1700 3614 1773">
    <p class='ocr_par' dir='ltr' id='par_1_34' title="bbox 2023 1700 3614 1773">
     <span class='ocr_line' id='line_1_34' title="bbox 2023 1700 3614 1773; baseline 0.001 -21"><span class='ocrx_word' id='word_1_230' title='bbox 2023 1700 2220 1771; x_wconf 89' lang='grc' dir='ltr'>ἰχθύων</span> <span class='ocrx_word' id='word_1_231' title='bbox 2244 1702 2446 1755; x_wconf 74' lang='grc' dir='ltr'>καὶτὸν</span> <span class='ocrx_word' id='word_1_232' title='bbox 2467 1702 2698 1773; x_wconf 83' lang='grc' dir='ltr'>ἀριθμὸν</span> <span class='ocrx_word' id='word_1_233' title='bbox 2725 1703 3108 1772; x_wconf 79' lang='grc' dir='ltr'>ἀπαγγέλλειν.</span> <span class='ocrx_word' id='word_1_234' title='bbox 3136 1702 3231 1764; x_wconf 87' lang='grc' dir='ltr'>Τίς</span> <span class='ocrx_word' id='word_1_235' title='bbox 3257 1701 3313 1753; x_wconf 82' lang='grc' dir='ltr'><strong>δὲ</strong></span> <span class='ocrx_word' id='word_1_236' title='bbox 3341 1701 3449 1754; x_wconf 92' lang='grc' dir='ltr'><strong>τῶν</strong></span> <span class='ocrx_word' id='word_1_237' title='bbox 3475 1702 3614 1770; x_wconf 75' lang='grc' dir='ltr'>περὶ</span> 
     </span>
    </p>
   </div>
   <div class='ocr_carea' id='block_1_35' title="bbox 2021 1790 3613 1862">
    <p class='ocr_par' dir='ltr' id='par_1_35' title="bbox 2021 1790 3613 1862">
     <span class='ocr_line' id='line_1_35' title="bbox 2021 1790 3613 1862; baseline -0.001 -18"><span class='ocrx_word' id='word_1_238' title='bbox 2021 1791 2301 1858; x_wconf 80' lang='grc' dir='ltr'>αἰγιαλοὺς</span> <span class='ocrx_word' id='word_1_239' title='bbox 2334 1791 2427 1844; x_wconf 83' lang='grc' dir='ltr'><strong>καὶ</strong></span> <span class='ocrx_word' id='word_1_240' title='bbox 2461 1791 2634 1855; x_wconf 83' lang='grc' dir='ltr'>ἀκτάς</span> <span class='ocrx_word' id='word_1_241' title='bbox 2675 1791 3175 1862; x_wconf 82' lang='grc' dir='ltr'>καταγηρασάντων</span> <span class='ocrx_word' id='word_1_242' title='bbox 3206 1790 3428 1844; x_wconf 88' lang='grc' dir='ltr'>δύναται</span> <span class='ocrx_word' id='word_1_243' title='bbox 3472 1792 3613 1860; x_wconf 83' lang='grc' dir='ltr'>ἡμῖν</span> 
     </span>
    </p>
   </div>
   <div class='ocr_carea' id='block_1_36' title="bbox 327 1861 1924 1957">
    <p class='ocr_par' dir='ltr' id='par_1_36' title="bbox 327 1872 1918 1942">
     <span class='ocr_line' id='line_1_36' title="bbox 327 1872 1918 1942; baseline -0.001 -16"><span class='ocrx_word' id='word_1_244' title='bbox 327 1889 392 1927; x_wconf 87' lang='lat' dir='ltr'><strong>ac</strong></span> <span class='ocrx_word' id='word_1_245' title='bbox 428 1873 572 1942; x_wconf 81' lang='lat' dir='ltr'><strong>ripas</strong></span> <span class='ocrx_word' id='word_1_246' title='bbox 601 1888 959 1941; x_wconf 89' lang='lat' dir='ltr'><strong>consenuere,</strong></span> <span class='ocrx_word' id='word_1_247' title='bbox 999 1875 1246 1928; x_wconf 90' lang='lat' dir='ltr'><strong>onmium</strong></span> <span class='ocrx_word' id='word_1_248' title='bbox 1306 1873 1460 1928; x_wconf 85' lang='lat' dir='ltr'><strong>nobis</strong></span> <span class='ocrx_word' id='word_1_249' title='bbox 1505 1872 1788 1927; x_wconf 74' lang='lat' dir='ltr'><strong>historiam</strong></span> <span class='ocrx_word' id='word_1_250' title='bbox 1829 1887 1918 1925; x_wconf 88' lang='lat' dir='ltr'><strong>ac-</strong></span> 
     </span>
    </p>
   </div>
   <div class='ocr_carea' id='block_1_37' title="bbox 2040 1861 3616 1957">
    <p class='ocr_par' dir='ltr' id='par_1_37' title="bbox 2040 1861 3616 1957">
     <span class='ocr_line' id='line_1_37' title="bbox 2040 1861 3616 1957; baseline 0.003 -22"><span class='ocrx_word' id='word_1_251' title='bbox 2040 1882 2118 1953; x_wconf 73' lang='grc' dir='ltr'><strong>τὴν</strong></span> <span class='ocrx_word' id='word_1_252' title='bbox 2161 1883 2401 1952; x_wconf 83' lang='grc' dir='ltr'>ἱστορίαν</span> <span class='ocrx_word' id='word_1_253' title='bbox 2437 1883 2656 1937; x_wconf 88' lang='grc' dir='ltr'>πάντων</span> <span class='ocrx_word' id='word_1_254' title='bbox 2683 1884 2750 1936; x_wconf 89' lang='grc' dir='ltr'>δι’</span> <span class='ocrx_word' id='word_1_255' title='bbox 2781 1861 3063 1956; x_wconf 78' lang='grc' dir='ltr'>ἀκριϐείας</span> <span class='ocrx_word' id='word_1_256' title='bbox 3097 1886 3399 1957; x_wconf 85' lang='grc' dir='ltr'>γνωρίσαι;</span> <span class='ocrx_word' id='word_1_257' title='bbox 3434 1885 3616 1939; x_wconf 72' lang='grc' dir='ltr'>’Δλλα</span> 
     </span>
    </p>
   </div>
   <div class='ocr_carea' id='block_1_38' title="bbox 326 1963 1917 2032">
    <p class='ocr_par' dir='ltr' id='par_1_38' title="bbox 326 1963 1917 2032">
     <span class='ocr_line' id='line_1_38' title="bbox 326 1963 1917 2032; baseline 0.001 -16"><span class='ocrx_word' id='word_1_258' title='bbox 326 1975 516 2019; x_wconf 86' lang='lat' dir='ltr'><strong>curate</strong></span> <span class='ocrx_word' id='word_1_259' title='bbox 561 1963 870 2032; x_wconf 82' lang='lat' dir='ltr'><strong>patefacere</strong></span> <span class='ocrx_word' id='word_1_260' title='bbox 903 1979 968 2020; x_wconf 89' lang='lat' dir='ltr'><strong>ac</strong></span> <span class='ocrx_word' id='word_1_261' title='bbox 1005 1965 1248 2021; x_wconf 86' lang='lat' dir='ltr'><strong>indicare</strong></span> <span class='ocrx_word' id='word_1_262' title='bbox 1291 1963 1511 2018; x_wconf 83' lang='lat' dir='ltr'><strong>valeat?</strong></span> <span class='ocrx_word' id='word_1_263' title='bbox 1545 1963 1665 2018; x_wconf 88' lang='lat' dir='ltr'><strong>Alia</strong></span> <span class='ocrx_word' id='word_1_264' title='bbox 1723 1977 1917 2032; x_wconf 87' lang='lat' dir='ltr'><strong>genera</strong></span> 
     </span>
    </p>
   </div>
   <div class='ocr_carea' id='block_1_39' title="bbox 325 2055 1918 2128">
    <p class='ocr_par' dir='ltr' id='par_1_39' title="bbox 325 2055 1918 2128">
     <span class='ocr_line' id='line_1_39' title="bbox 325 2055 1918 2128; baseline -0.002 -17"><span class='ocrx_word' id='word_1_265' title='bbox 325 2067 656 2128; x_wconf 83' lang='lat' dir='ltr'><strong>cognoscunt</strong></span> <span class='ocrx_word' id='word_1_266' title='bbox 695 2059 787 2128; x_wconf 90' lang='lat' dir='ltr'><strong>qui</strong></span> <span class='ocrx_word' id='word_1_267' title='bbox 822 2059 878 2113; x_wconf 92' lang='lat' dir='ltr'><strong>in</strong></span> <span class='ocrx_word' id='word_1_268' title='bbox 912 2058 1098 2114; x_wconf 92' lang='lat' dir='ltr'><strong>Indico</strong></span> <span class='ocrx_word' id='word_1_269' title='bbox 1129 2057 1263 2112; x_wconf 91' lang='lat' dir='ltr'><strong>mari</strong></span> <span class='ocrx_word' id='word_1_270' title='bbox 1308 2057 1589 2125; x_wconf 87' lang='lat' dir='ltr'><strong>piscamur</strong></span> <span class='ocrx_word' id='word_1_271' title='bbox 1621 2071 1634 2108; x_wconf 91' lang='lat'>:</span> <span class='ocrx_word' id='word_1_272' title='bbox 1669 2055 1794 2120; x_wconf 88' lang='lat' dir='ltr'><strong>alia,</strong></span> <span class='ocrx_word' id='word_1_273' title='bbox 1826 2055 1918 2124; x_wconf 89' lang='lat' dir='ltr'><strong>qui</strong></span> 
     </span>
    </p>
   </div>
   <div class='ocr_carea' id='block_1_40' title="bbox 326 2147 1922 2222">
    <p class='ocr_par' dir='ltr' id='par_1_40' title="bbox 326 2147 1922 2222">
     <span class='ocr_line' id='line_1_40' title="bbox 326 2147 1922 2222; baseline -0.003 -18"><span class='ocrx_word' id='word_1_274' title='bbox 326 2151 381 2204; x_wconf 91' lang='lat' dir='ltr'><strong>in</strong></span> <span class='ocrx_word' id='word_1_275' title='bbox 432 2150 689 2222; x_wconf 64' lang='lat' dir='ltr'><strong>Egyptio</strong></span> <span class='ocrx_word' id='word_1_276' title='bbox 743 2151 912 2206; x_wconf 91' lang='lat' dir='ltr'><strong>sinu:</strong></span> <span class='ocrx_word' id='word_1_277' title='bbox 963 2151 1097 2214; x_wconf 91' lang='lat' dir='ltr'><strong>alia,</strong></span> <span class='ocrx_word' id='word_1_278' title='bbox 1157 2149 1428 2205; x_wconf 89' lang='lat' dir='ltr'><strong>insulares</strong></span> <span class='ocrx_word' id='word_1_279' title='bbox 1470 2165 1484 2200; x_wconf 93' lang='lat'>:</span> <span class='ocrx_word' id='word_1_280' title='bbox 1534 2149 1664 2214; x_wconf 90' lang='lat' dir='ltr'><strong>alia,</strong></span> <span class='ocrx_word' id='word_1_281' title='bbox 1699 2147 1922 2201; x_wconf 82' lang='lat' dir='ltr'><strong>Mauru-</strong></span> 
     </span>
    </p>
   </div>
   <div class='ocr_carea' id='block_1_41' title="bbox 327 2242 1920 2311">
    <p class='ocr_par' dir='ltr' id='par_1_41' title="bbox 327 2242 1920 2311">
     <span class='ocr_line' id='line_1_41' title="bbox 327 2242 1920 2311; baseline -0.003 -14"><span class='ocrx_word' id='word_1_282' title='bbox 327 2245 414 2297; x_wconf 89' lang='lat' dir='ltr'><strong>sii.</strong></span> <span class='ocrx_word' id='word_1_283' title='bbox 441 2242 636 2298; x_wconf 89' lang='lat' dir='ltr'><strong>Omnia</strong></span> <span class='ocrx_word' id='word_1_284' title='bbox 684 2255 866 2297; x_wconf 89' lang='lat' dir='ltr'><strong>autem</strong></span> <span class='ocrx_word' id='word_1_285' title='bbox 911 2242 1192 2311; x_wconf 63' lang='lat' dir='ltr'><strong>aequaliter</strong></span> <span class='ocrx_word' id='word_1_286' title='bbox 1228 2252 1338 2296; x_wconf 91' lang='lat' dir='ltr'><strong>tum</strong></span> <span class='ocrx_word' id='word_1_287' title='bbox 1373 2257 1538 2310; x_wconf 86' lang='lat' dir='ltr'><strong>parva</strong></span> <span class='ocrx_word' id='word_1_288' title='bbox 1585 2250 1696 2294; x_wconf 85' lang='lat' dir='ltr'><strong>tum</strong></span> <span class='ocrx_word' id='word_1_289' title='bbox 1728 2255 1920 2310; x_wconf 89' lang='lat' dir='ltr'><strong>magna</strong></span> 
     </span>
    </p>
   </div>
   <div class='ocr_carea' id='block_1_42' title="bbox 329 2334 1923 2404">
    <p class='ocr_par' dir='ltr' id='par_1_42' title="bbox 329 2334 1923 2404">
     <span class='ocr_line' id='line_1_42' title="bbox 329 2334 1923 2404; baseline -0.001 -17"><span class='ocrx_word' id='word_1_290' title='bbox 329 2336 562 2404; x_wconf 88' lang='lat' dir='ltr'><strong>primum</strong></span> <span class='ocrx_word' id='word_1_291' title='bbox 601 2335 729 2390; x_wconf 89' lang='lat' dir='ltr'><strong>illud</strong></span> <span class='ocrx_word' id='word_1_292' title='bbox 779 2336 1118 2400; x_wconf 70' lang='lat' dir='ltr'><strong>mandatum,</strong></span> <span class='ocrx_word' id='word_1_293' title='bbox 1156 2346 1211 2388; x_wconf 85' lang='lat' dir='ltr'><strong>et</strong></span> <span class='ocrx_word' id='word_1_294' title='bbox 1272 2334 1654 2388; x_wconf 86' lang='lat' dir='ltr'><strong>inenarrabilis</strong></span> <span class='ocrx_word' id='word_1_295' title='bbox 1688 2335 1776 2386; x_wconf 86' lang='lat' dir='ltr'><strong>illa</strong></span> <span class='ocrx_word' id='word_1_296' title='bbox 1834 2350 1923 2403; x_wconf 90' lang='lat' dir='ltr'><strong>po-</strong></span> 
     </span>
    </p>
   </div>
   <div class='ocr_carea' id='block_1_43' title="bbox 333 2427 1925 2497">
    <p class='ocr_par' dir='ltr' id='par_1_43' title="bbox 333 2427 1925 2497">
     <span class='ocr_line' id='line_1_43' title="bbox 333 2427 1925 2497; baseline -0.003 -15"><span class='ocrx_word' id='word_1_297' title='bbox 333 2429 500 2482; x_wconf 85' lang='lat' dir='ltr'><strong>tentia</strong></span> <span class='ocrx_word' id='word_1_298' title='bbox 549 2429 881 2497; x_wconf 85' lang='lat' dir='ltr'><strong>procreavit.</strong></span> <span class='ocrx_word' id='word_1_299' title='bbox 930 2427 1094 2482; x_wconf 82' lang='lat' dir='ltr'><strong>Multa</strong></span> <span class='ocrx_word' id='word_1_300' title='bbox 1126 2428 1340 2482; x_wconf 89' lang='lat' dir='ltr'><strong>vivendi</strong></span> <span class='ocrx_word' id='word_1_301' title='bbox 1398 2427 1687 2482; x_wconf 87' lang='lat' dir='ltr'><strong>diversitas</strong></span> <span class='ocrx_word' id='word_1_302' title='bbox 1731 2443 1743 2478; x_wconf 91' lang='lat'><strong>:</strong></span> <span class='ocrx_word' id='word_1_303' title='bbox 1786 2427 1925 2480; x_wconf 87' lang='lat' dir='ltr'><strong>mul-</strong></span> 
     </span>
    </p>
   </div>
   <div class='ocr_carea' id='block_1_44' title="bbox 331 2519 1921 2590">
    <p class='ocr_par' dir='ltr' id='par_1_44' title="bbox 331 2519 1921 2590">
     <span class='ocr_line' id='line_1_44' title="bbox 331 2519 1921 2590; baseline -0.003 -15"><span class='ocrx_word' id='word_1_304' title='bbox 331 2531 444 2575; x_wconf 88' lang='lat' dir='ltr'><strong>tum</strong></span> <span class='ocrx_word' id='word_1_305' title='bbox 507 2523 656 2576; x_wconf 90' lang='lat' dir='ltr'><strong>circa</strong></span> <span class='ocrx_word' id='word_1_306' title='bbox 742 2520 1169 2590; x_wconf 81' lang='lat' dir='ltr'><strong>uniuscuiusque</strong></span> <span class='ocrx_word' id='word_1_307' title='bbox 1247 2522 1462 2588; x_wconf 79' lang='lat' dir='ltr'><strong>generis</strong></span> <span class='ocrx_word' id='word_1_308' title='bbox 1522 2519 1921 2575; x_wconf 86' lang='lat' dir='ltr'><strong>successionem</strong></span> 
     </span>
    </p>
   </div>
   <div class='ocr_carea' id='block_1_45' title="bbox 247 2607 1921 2681">
    <p class='ocr_par' dir='ltr' id='par_1_45' title="bbox 247 2607 1921 2681">
     <span class='ocr_line' id='line_1_45' title="bbox 247 2607 1921 2681; baseline -0.002 -13"><span class='ocrx_word' id='word_1_309' title='bbox 247 2607 251 2611; x_wconf 75' lang='grc'><em>’</em></span> <span class='ocrx_word' id='word_1_310' title='bbox 329 2614 644 2668; x_wconf 77' lang='lat' dir='ltr'><strong>discrimen.</strong></span> <span class='ocrx_word' id='word_1_311' title='bbox 706 2612 822 2668; x_wconf 82' lang='lat' dir='ltr'><strong>Non</strong></span> <span class='ocrx_word' id='word_1_312' title='bbox 875 2622 934 2667; x_wconf 91' lang='lat' dir='ltr'><strong>ut</strong></span> <span class='ocrx_word' id='word_1_313' title='bbox 992 2628 1156 2678; x_wconf 80' lang='lat' dir='ltr'><strong>aves,</strong></span> <span class='ocrx_word' id='word_1_314' title='bbox 1197 2614 1315 2668; x_wconf 83' lang='lat' dir='ltr'><strong>ovis</strong></span> <span class='ocrx_word' id='word_1_315' title='bbox 1385 2613 1644 2668; x_wconf 90' lang='lat' dir='ltr'><strong>incubant</strong></span> <span class='ocrx_word' id='word_1_316' title='bbox 1694 2611 1921 2681; x_wconf 91' lang='lat' dir='ltr'><strong>piscium</strong></span> 
     </span>
    </p>
   </div>
   <div class='ocr_carea' id='block_1_46' title="bbox 333 2703 1924 2776">
    <p class='ocr_par' dir='ltr' id='par_1_46' title="bbox 333 2703 1924 2776">
     <span class='ocr_line' id='line_1_46' title="bbox 333 2703 1924 2776; baseline -0.001 -19"><span class='ocrx_word' id='word_1_317' title='bbox 333 2705 550 2776; x_wconf 87' lang='lat' dir='ltr'><strong>plurimi</strong></span> <span class='ocrx_word' id='word_1_318' title='bbox 582 2723 596 2760; x_wconf 88' lang='lat'><strong>:</strong></span> <span class='ocrx_word' id='word_1_319' title='bbox 623 2720 728 2760; x_wconf 90' lang='lat' dir='ltr'><strong>non</strong></span> <span class='ocrx_word' id='word_1_320' title='bbox 779 2712 1105 2760; x_wconf 88' lang='lat' dir='ltr'><strong>construunt</strong></span> <span class='ocrx_word' id='word_1_321' title='bbox 1155 2707 1333 2770; x_wconf 89' lang='lat' dir='ltr'><strong>nidos,</strong></span> <span class='ocrx_word' id='word_1_322' title='bbox 1363 2720 1538 2774; x_wconf 86' lang='lat' dir='ltr'><strong>neque</strong></span> <span class='ocrx_word' id='word_1_323' title='bbox 1573 2719 1695 2758; x_wconf 91' lang='lat' dir='ltr'><strong>cum</strong></span> <span class='ocrx_word' id='word_1_324' title='bbox 1744 2703 1924 2756; x_wconf 81' lang='lat' dir='ltr'><strong>labore</strong></span> 
     </span>
    </p>
   </div>
   <div class='ocr_carea' id='block_1_47' title="bbox 331 2798 1926 2868">
    <p class='ocr_par' dir='ltr' id='par_1_47' title="bbox 331 2798 1926 2868">
     <span class='ocr_line' id='line_1_47' title="bbox 331 2798 1926 2868; baseline -0.002 -15"><span class='ocrx_word' id='word_1_325' title='bbox 331 2815 460 2854; x_wconf 87' lang='lat' dir='ltr'><strong>suos</strong></span> <span class='ocrx_word' id='word_1_326' title='bbox 493 2800 770 2855; x_wconf 90' lang='lat' dir='ltr'><strong>enutriunt</strong></span> <span class='ocrx_word' id='word_1_327' title='bbox 797 2801 939 2855; x_wconf 81' lang='lat' dir='ltr'><strong>fetus</strong></span> <span class='ocrx_word' id='word_1_328' title='bbox 966 2817 982 2857; x_wconf 91' lang='lat'><strong>:</strong></span> <span class='ocrx_word' id='word_1_329' title='bbox 1013 2799 1106 2854; x_wconf 87' lang='lat' dir='ltr'><strong>sed</strong></span> <span class='ocrx_word' id='word_1_330' title='bbox 1143 2814 1283 2868; x_wconf 87' lang='lat' dir='ltr'><strong>aqua</strong></span> <span class='ocrx_word' id='word_1_331' title='bbox 1329 2798 1575 2867; x_wconf 89' lang='lat' dir='ltr'><strong>elapsum</strong></span> <span class='ocrx_word' id='word_1_332' title='bbox 1619 2812 1779 2851; x_wconf 90' lang='lat' dir='ltr'><strong>ovum</strong></span> <span class='ocrx_word' id='word_1_333' title='bbox 1813 2812 1926 2851; x_wconf 89' lang='lat' dir='ltr'><strong>sns-</strong></span> 
     </span>
    </p>
   </div>
   <div class='ocr_carea' id='block_1_48' title="bbox 332 2892 1924 2960">
    <p class='ocr_par' dir='ltr' id='par_1_48' title="bbox 332 2892 1924 2960">
     <span class='ocr_line' id='line_1_48' title="bbox 332 2892 1924 2960; baseline 0 -17"><span class='ocrx_word' id='word_1_334' title='bbox 332 2892 557 2960; x_wconf 89' lang='lat' dir='ltr'><strong>cipiens,</strong></span> <span class='ocrx_word' id='word_1_335' title='bbox 583 2892 781 2947; x_wconf 85' lang='lat' dir='ltr'><strong>animal</strong></span> <span class='ocrx_word' id='word_1_336' title='bbox 811 2892 993 2950; x_wconf 85' lang='lat' dir='ltr'><strong>ellicit.</strong></span> <span class='ocrx_word' id='word_1_337' title='bbox 1034 2892 1172 2959; x_wconf 88' lang='lat' dir='ltr'><strong>Quin</strong></span> <span class='ocrx_word' id='word_1_338' title='bbox 1207 2903 1260 2946; x_wconf 90' lang='lat' dir='ltr'><strong>et</strong></span> <span class='ocrx_word' id='word_1_339' title='bbox 1314 2893 1668 2948; x_wconf 86' lang='lat' dir='ltr'><strong>immutabilis</strong></span> <span class='ocrx_word' id='word_1_340' title='bbox 1717 2903 1771 2948; x_wconf 94' lang='lat' dir='ltr'><strong>et</strong></span> <span class='ocrx_word' id='word_1_341' title='bbox 1803 2908 1924 2947; x_wconf 87' lang='lat' dir='ltr'><strong>cum</strong></span> 
     </span>
    </p>
   </div>
   <div class='ocr_carea' id='block_1_49' title="bbox 336 2983 1924 3053">
    <p class='ocr_par' dir='ltr' id='par_1_49' title="bbox 336 2983 1924 3053">
     <span class='ocr_line' id='line_1_49' title="bbox 336 2983 1924 3053; baseline 0 -17"><span class='ocrx_word' id='word_1_342' title='bbox 336 2985 508 3038; x_wconf 85' lang='lat' dir='ltr'><strong>altera</strong></span> <span class='ocrx_word' id='word_1_343' title='bbox 567 2993 757 3039; x_wconf 89' lang='lat' dir='ltr'><strong>natura</strong></span> <span class='ocrx_word' id='word_1_344' title='bbox 812 2986 1147 3040; x_wconf 85' lang='lat' dir='ltr'><strong>insociabilis</strong></span> <span class='ocrx_word' id='word_1_345' title='bbox 1204 2985 1486 3040; x_wconf 80' lang='lat' dir='ltr'><strong>successio</strong></span> <span class='ocrx_word' id='word_1_346' title='bbox 1545 2985 1684 3039; x_wconf 87' lang='lat' dir='ltr'><strong>inest</strong></span> <span class='ocrx_word' id='word_1_347' title='bbox 1743 2983 1924 3053; x_wconf 89' lang='lat' dir='ltr'><strong>generi</strong></span> 
     </span>
    </p>
   </div>
   <div class='ocr_carea' id='block_1_50' title="bbox 339 3076 1929 3145">
    <p class='ocr_par' dir='ltr' id='par_1_50' title="bbox 339 3076 1929 3145">
     <span class='ocr_line' id='line_1_50' title="bbox 339 3076 1929 3145; baseline 0.001 -17"><span class='ocrx_word' id='word_1_348' title='bbox 339 3076 651 3144; x_wconf 87' lang='lat' dir='ltr'><strong>unicuique.</strong></span> <span class='ocrx_word' id='word_1_349' title='bbox 707 3077 821 3132; x_wconf 88' lang='lat' dir='ltr'><strong>Non</strong></span> <span class='ocrx_word' id='word_1_350' title='bbox 881 3078 1027 3133; x_wconf 88' lang='lat' dir='ltr'><strong>velut</strong></span> <span class='ocrx_word' id='word_1_351' title='bbox 1065 3077 1332 3132; x_wconf 92' lang='lat' dir='ltr'><strong>nmlorum</strong></span> <span class='ocrx_word' id='word_1_352' title='bbox 1370 3079 1424 3130; x_wconf 93' lang='lat' dir='ltr'><strong>in</strong></span> <span class='ocrx_word' id='word_1_353' title='bbox 1473 3088 1640 3140; x_wconf 84' lang='lat' dir='ltr'><strong>terra,</strong></span> <span class='ocrx_word' id='word_1_354' title='bbox 1677 3085 1929 3145; x_wconf 88' lang='lat' dir='ltr'><strong>antqua-</strong></span> 
     </span>
    </p>
   </div>
   <div class='ocr_carea' id='block_1_51' title="bbox 2023 1973 3611 2047">
    <p class='ocr_par' dir='ltr' id='par_1_51' title="bbox 2023 1973 3611 2047">
     <span class='ocr_line' id='line_1_51' title="bbox 2023 1973 3611 2047; baseline 0.003 -21"><span class='ocrx_word' id='word_1_355' title='bbox 2023 1973 2384 2045; x_wconf 76' lang='grc' dir='ltr'>γνωρίζουσιν</span> <span class='ocrx_word' id='word_1_356' title='bbox 2417 1976 2466 2028; x_wconf 87' lang='grc' dir='ltr'><strong>οἰ</strong></span> <span class='ocrx_word' id='word_1_357' title='bbox 2507 1977 2606 2047; x_wconf 83' lang='grc' dir='ltr'>τὴν</span> <span class='ocrx_word' id='word_1_358' title='bbox 2665 1975 2890 2047; x_wconf 81' lang='grc' dir='ltr'>Ἰνδικὴν</span> <span class='ocrx_word' id='word_1_359' title='bbox 2940 1975 3245 2040; x_wconf 79' lang='grc' dir='ltr'>ἁλιεύοντες</span> <span class='ocrx_word' id='word_1_360' title='bbox 3294 1975 3611 2030; x_wconf 77' lang='grc' dir='ltr'>Θάλασσαν·</span> 
     </span>
    </p>
   </div>
   <div class='ocr_carea' id='block_1_52' title="bbox 2021 2066 3615 2139">
    <p class='ocr_par' dir='ltr' id='par_1_52' title="bbox 2021 2066 3615 2139">
     <span class='ocr_line' id='line_1_52' title="bbox 2021 2066 3615 2139; baseline 0.001 -19"><span class='ocrx_word' id='word_1_361' title='bbox 2021 2066 2153 2120; x_wconf 79' lang='grc' dir='ltr'>ἄλλα</span> <span class='ocrx_word' id='word_1_362' title='bbox 2181 2067 2230 2119; x_wconf 85' lang='grc' dir='ltr'><strong>οἰ</strong></span> <span class='ocrx_word' id='word_1_363' title='bbox 2267 2067 2358 2120; x_wconf 88' lang='grc' dir='ltr'><strong>τὸν</strong></span> <span class='ocrx_word' id='word_1_364' title='bbox 2387 2067 2684 2135; x_wconf 85' lang='grc' dir='ltr'>Αἰγύπτιον</span> <span class='ocrx_word' id='word_1_365' title='bbox 2713 2068 3042 2139; x_wconf 80' lang='grc' dir='ltr'>ἀγρεύοντες</span> <span class='ocrx_word' id='word_1_366' title='bbox 3074 2069 3304 2122; x_wconf 80' lang='grc' dir='ltr'>κόλπον·</span> <span class='ocrx_word' id='word_1_367' title='bbox 3338 2068 3474 2122; x_wconf 81' lang='grc' dir='ltr'>ἄλλα</span> <span class='ocrx_word' id='word_1_368' title='bbox 3512 2087 3615 2138; x_wconf 62' lang='grc' dir='ltr'><strong>νη-</strong></span> 
     </span>
    </p>
   </div>
   <div class='ocr_carea' id='block_1_53' title="bbox 2024 2159 3618 2230">
    <p class='ocr_par' dir='ltr' id='par_1_53' title="bbox 2024 2159 3618 2230">
     <span class='ocr_line' id='line_1_53' title="bbox 2024 2159 3618 2230; baseline 0.001 -18"><span class='ocrx_word' id='word_1_369' title='bbox 2024 2159 2246 2213; x_wconf 84' lang='grc' dir='ltr'>σιῶται’</span> <span class='ocrx_word' id='word_1_370' title='bbox 2289 2161 2382 2213; x_wconf 76' lang='grc' dir='ltr'><strong>καὶ</strong></span> <span class='ocrx_word' id='word_1_371' title='bbox 2413 2159 2547 2213; x_wconf 86' lang='grc' dir='ltr'>άλλα</span> <span class='ocrx_word' id='word_1_372' title='bbox 2587 2159 2946 2230; x_wconf 90' lang='grc' dir='ltr'>Μαυρούσιοι.</span> <span class='ocrx_word' id='word_1_373' title='bbox 2987 2160 3170 2212; x_wconf 85' lang='grc' dir='ltr'>Πάντα</span> <span class='ocrx_word' id='word_1_374' title='bbox 3205 2159 3262 2212; x_wconf 82' lang='grc' dir='ltr'><strong>δὲ</strong></span> <span class='ocrx_word' id='word_1_375' title='bbox 3289 2159 3493 2230; x_wconf 86' lang='grc' dir='ltr'>ὁμοίως</span> <span class='ocrx_word' id='word_1_376' title='bbox 3524 2178 3618 2230; x_wconf 81' lang='grc' dir='ltr'>μι-</span> 
     </span>
    </p>
   </div>
   <div class='ocr_carea' id='block_1_54' title="bbox 2023 2249 3617 2323">
    <p class='ocr_par' dir='ltr' id='par_1_54' title="bbox 2023 2249 3617 2323">
     <span class='ocr_line' id='line_1_54' title="bbox 2023 2249 3617 2323; baseline -0.002 -18"><span class='ocrx_word' id='word_1_377' title='bbox 2023 2252 2132 2323; x_wconf 88' lang='grc' dir='ltr'><strong>κρά</strong></span> <span class='ocrx_word' id='word_1_378' title='bbox 2161 2268 2219 2303; x_wconf 88' lang='grc' dir='ltr'><strong>τε</strong></span> <span class='ocrx_word' id='word_1_379' title='bbox 2243 2251 2337 2304; x_wconf 72' lang='grc' dir='ltr'><strong>καὶ</strong></span> <span class='ocrx_word' id='word_1_380' title='bbox 2365 2251 2574 2321; x_wconf 88' lang='grc' dir='ltr'>μεγάλα</span> <span class='ocrx_word' id='word_1_381' title='bbox 2604 2249 2664 2303; x_wconf 87' lang='grc' dir='ltr'><strong>τὸ</strong></span> <span class='ocrx_word' id='word_1_382' title='bbox 2698 2250 2914 2319; x_wconf 88' lang='grc' dir='ltr'>πρῶτον</span> <span class='ocrx_word' id='word_1_383' title='bbox 2948 2251 3124 2303; x_wconf 82' lang='grc' dir='ltr'>ἐκεῖνο</span> <span class='ocrx_word' id='word_1_384' title='bbox 3157 2251 3488 2320; x_wconf 72' lang='grc' dir='ltr'>πρόσταγμα</span> <span class='ocrx_word' id='word_1_385' title='bbox 3521 2253 3617 2304; x_wconf 81' lang='grc' dir='ltr'><strong>καὶ</strong></span> 
     </span>
    </p>
   </div>
   <div class='ocr_carea' id='block_1_55' title="bbox 2023 2341 3615 2414">
    <p class='ocr_par' dir='ltr' id='par_1_55' title="bbox 2023 2341 3615 2414">
     <span class='ocr_line' id='line_1_55' title="bbox 2023 2341 3615 2414; baseline -0.003 -16"><span class='ocrx_word' id='word_1_386' title='bbox 2023 2347 2055 2414; x_wconf 82' lang='grc' dir='ltr'>ἡ</span> <span class='ocrx_word' id='word_1_387' title='bbox 2082 2345 2286 2412; x_wconf 80' lang='grc' dir='ltr'>ἅφατος</span> <span class='ocrx_word' id='word_1_388' title='bbox 2313 2342 2492 2411; x_wconf 80' lang='grc' dir='ltr'>ἐκείνη</span> <span class='ocrx_word' id='word_1_389' title='bbox 2525 2343 2817 2412; x_wconf 83' lang='grc' dir='ltr'>παρήγαγε</span> <span class='ocrx_word' id='word_1_390' title='bbox 2841 2341 3089 2410; x_wconf 88' lang='grc' dir='ltr'>δύναμις.</span> <span class='ocrx_word' id='word_1_391' title='bbox 3121 2341 3315 2394; x_wconf 80' lang='grc' dir='ltr'>Πολλαὶ</span> <span class='ocrx_word' id='word_1_392' title='bbox 3339 2341 3448 2394; x_wconf 90' lang='grc' dir='ltr'><strong>τῶν</strong></span> <span class='ocrx_word' id='word_1_393' title='bbox 3479 2342 3615 2411; x_wconf 78' lang='grc' dir='ltr'>βίων</span> 
     </span>
    </p>
   </div>
   <div class='ocr_carea' id='block_1_56' title="bbox 2024 2431 3615 2505">
    <p class='ocr_par' dir='ltr' id='par_1_56' title="bbox 2024 2431 3615 2505">
     <span class='ocr_line' id='line_1_56' title="bbox 2024 2431 3615 2505; baseline -0.003 -17"><span class='ocrx_word' id='word_1_394' title='bbox 2024 2437 2080 2488; x_wconf 88' lang='grc' dir='ltr'><strong>αἰ</strong></span> <span class='ocrx_word' id='word_1_395' title='bbox 2134 2433 2507 2505; x_wconf 83' lang='grc' dir='ltr'>παραλλαγαί·</span> <span class='ocrx_word' id='word_1_396' title='bbox 2553 2432 2744 2485; x_wconf 78' lang='grc' dir='ltr'>πολλαὶ</span> <span class='ocrx_word' id='word_1_397' title='bbox 2792 2431 2886 2485; x_wconf 80' lang='grc' dir='ltr'>καὶ</span> <span class='ocrx_word' id='word_1_398' title='bbox 2935 2434 2990 2485; x_wconf 90' lang='grc' dir='ltr'><strong>αἰ</strong></span> <span class='ocrx_word' id='word_1_399' title='bbox 3027 2433 3156 2502; x_wconf 83' lang='grc' dir='ltr'><strong>περί</strong></span> <span class='ocrx_word' id='word_1_400' title='bbox 3207 2431 3306 2495; x_wconf 74' lang='grc' dir='ltr'><strong>τὰς</strong></span> <span class='ocrx_word' id='word_1_401' title='bbox 3355 2433 3615 2503; x_wconf 73' lang='grc' dir='ltr'>διαδοχὰς</span> 
     </span>
    </p>
   </div>
   <div class='ocr_carea' id='block_1_57' title="bbox 2025 2523 3614 2596">
    <p class='ocr_par' dir='ltr' id='par_1_57' title="bbox 2025 2523 3614 2596">
     <span class='ocr_line' id='line_1_57' title="bbox 2025 2523 3614 2596; baseline -0.002 -17"><span class='ocrx_word' id='word_1_402' title='bbox 2025 2528 2254 2579; x_wconf 79' lang='grc' dir='ltr'>ἑκάστου</span> <span class='ocrx_word' id='word_1_403' title='bbox 2283 2525 2475 2594; x_wconf 85' lang='grc' dir='ltr'>γένους</span> <span class='ocrx_word' id='word_1_404' title='bbox 2518 2524 2791 2596; x_wconf 78' lang='grc' dir='ltr'>διαφοραί.</span> <span class='ocrx_word' id='word_1_405' title='bbox 2829 2524 2942 2576; x_wconf 84' lang='grc' dir='ltr'>Οὐκ</span> <span class='ocrx_word' id='word_1_406' title='bbox 2977 2523 3316 2586; x_wconf 78' lang='grc' dir='ltr'>ὲπωάζουσιν</span> <span class='ocrx_word' id='word_1_407' title='bbox 3360 2525 3412 2576; x_wconf 90' lang='grc' dir='ltr'>οἰ</span> <span class='ocrx_word' id='word_1_408' title='bbox 3459 2524 3614 2576; x_wconf 80' lang='grc' dir='ltr'>πλεῖ-</span> 
     </span>
    </p>
   </div>
   <div class='ocr_carea' id='block_1_58' title="bbox 2027 2615 3615 2688">
    <p class='ocr_par' dir='ltr' id='par_1_58' title="bbox 2027 2615 3615 2688">
     <span class='ocr_line' id='line_1_58' title="bbox 2027 2615 3615 2688; baseline -0.001 -18"><span class='ocrx_word' id='word_1_409' title='bbox 2027 2635 2141 2670; x_wconf 86' lang='grc' dir='ltr'>στοι</span> <span class='ocrx_word' id='word_1_410' title='bbox 2184 2618 2293 2670; x_wconf 89' lang='grc' dir='ltr'><strong>τῶν</strong></span> <span class='ocrx_word' id='word_1_411' title='bbox 2329 2617 2525 2686; x_wconf 84' lang='grc' dir='ltr'>ἰχθύων</span> <span class='ocrx_word' id='word_1_412' title='bbox 2553 2617 2742 2686; x_wconf 85' lang='grc' dir='ltr'>ῶσπερ</span> <span class='ocrx_word' id='word_1_413' title='bbox 2776 2617 2831 2668; x_wconf 85' lang='grc' dir='ltr'>αἰ</span> <span class='ocrx_word' id='word_1_414' title='bbox 2859 2615 3091 2684; x_wconf 80' lang='grc' dir='ltr'>ὄρνιθες,</span> <span class='ocrx_word' id='word_1_415' title='bbox 3123 2615 3247 2668; x_wconf 76' lang='grc' dir='ltr'>οὒτε</span> <span class='ocrx_word' id='word_1_416' title='bbox 3279 2616 3471 2680; x_wconf 72' lang='grc' dir='ltr'>καλιὰς</span> <span class='ocrx_word' id='word_1_417' title='bbox 3508 2619 3615 2688; x_wconf 84' lang='grc' dir='ltr'><strong>πή-</strong></span> 
     </span>
    </p>
   </div>
   <div class='ocr_carea' id='block_1_59' title="bbox 2026 2708 3617 2780">
    <p class='ocr_par' dir='ltr' id='par_1_59' title="bbox 2026 2708 3617 2780">
     <span class='ocr_line' id='line_1_59' title="bbox 2026 2708 3617 2780; baseline 0.001 -19"><span class='ocrx_word' id='word_1_418' title='bbox 2026 2727 2284 2778; x_wconf 89' lang='grc' dir='ltr'>γνυνται,</span> <span class='ocrx_word' id='word_1_419' title='bbox 2314 2708 2440 2762; x_wconf 76' lang='grc' dir='ltr'>οὔτε</span> <span class='ocrx_word' id='word_1_420' title='bbox 2491 2709 2630 2779; x_wconf 82' lang='grc' dir='ltr'>μετὰ</span> <span class='ocrx_word' id='word_1_421' title='bbox 2675 2709 2852 2762; x_wconf 88' lang='grc' dir='ltr'>πόνων</span> <span class='ocrx_word' id='word_1_422' title='bbox 2895 2710 3252 2780; x_wconf 76' lang='grc' dir='ltr'>ἐκτρέφουσιν</span> <span class='ocrx_word' id='word_1_423' title='bbox 3301 2709 3513 2762; x_wconf 76' lang='grc' dir='ltr'>ἑαυτῶν</span> <span class='ocrx_word' id='word_1_424' title='bbox 3548 2710 3617 2762; x_wconf 77' lang='grc' dir='ltr'>τὰ</span> 
     </span>
    </p>
   </div>
   <div class='ocr_carea' id='block_1_60' title="bbox 2027 2800 3619 2872">
    <p class='ocr_par' dir='ltr' id='par_1_60' title="bbox 2027 2800 3619 2872">
     <span class='ocr_line' id='line_1_60' title="bbox 2027 2800 3619 2872; baseline 0.001 -18"><span class='ocrx_word' id='word_1_425' title='bbox 2027 2801 2263 2870; x_wconf 75' lang='grc' dir='ltr'>ἔκγονα·</span> <span class='ocrx_word' id='word_1_426' title='bbox 2315 2801 2453 2855; x_wconf 81' lang='grc' dir='ltr'>ἀλλὰ</span> <span class='ocrx_word' id='word_1_427' title='bbox 2502 2803 2562 2854; x_wconf 86' lang='grc' dir='ltr'><strong>τὸ</strong></span> <span class='ocrx_word' id='word_1_428' title='bbox 2613 2800 2777 2872; x_wconf 74' lang='grc' dir='ltr'>ὕδωρ,</span> <span class='ocrx_word' id='word_1_429' title='bbox 2815 2801 3214 2872; x_wconf 83' lang='grc' dir='ltr'>ὑποδεξάμενον</span> <span class='ocrx_word' id='word_1_430' title='bbox 3269 2803 3505 2855; x_wconf 78' lang='grc' dir='ltr'>ἐκπεσὸν</span> <span class='ocrx_word' id='word_1_431' title='bbox 3557 2805 3619 2856; x_wconf 80' lang='grc' dir='ltr'><strong>τὸ</strong></span> 
     </span>
    </p>
   </div>
   <div class='ocr_carea' id='block_1_61' title="bbox 2026 2893 3619 2966">
    <p class='ocr_par' dir='ltr' id='par_1_61' title="bbox 2026 2893 3619 2966">
     <span class='ocr_line' id='line_1_61' title="bbox 2026 2893 3619 2966; baseline 0.003 -21"><span class='ocrx_word' id='word_1_432' title='bbox 2026 2895 2154 2960; x_wconf 57' lang='grc' dir='ltr'>ὠζν,</span> <span class='ocrx_word' id='word_1_433' title='bbox 2207 2893 2347 2958; x_wconf 78' lang='grc' dir='ltr'>ζῶον</span> <span class='ocrx_word' id='word_1_434' title='bbox 2396 2894 2672 2964; x_wconf 77' lang='grc' dir='ltr'>ἐποίησεν.</span> <span class='ocrx_word' id='word_1_435' title='bbox 2708 2894 2817 2946; x_wconf 78' lang='grc' dir='ltr'><strong>Καὶ</strong></span> <span class='ocrx_word' id='word_1_436' title='bbox 2860 2893 3074 2963; x_wconf 79' lang='grc' dir='ltr'>ἑκάστῳ</span> <span class='ocrx_word' id='word_1_437' title='bbox 3117 2893 3264 2962; x_wconf 87' lang='grc' dir='ltr'>γένει</span> <span class='ocrx_word' id='word_1_438' title='bbox 3315 2895 3348 2964; x_wconf 84' lang='grc' dir='ltr'>ἡ</span> <span class='ocrx_word' id='word_1_439' title='bbox 3397 2893 3619 2966; x_wconf 80' lang='grc' dir='ltr'>διαδοχὴ</span> 
     </span>
    </p>
   </div>
   <div class='ocr_carea' id='block_1_62' title="bbox 2029 2984 3614 3056">
    <p class='ocr_par' dir='ltr' id='par_1_62' title="bbox 2029 2984 3614 3056">
     <span class='ocr_line' id='line_1_62' title="bbox 2029 2984 3614 3056; baseline -0.002 -17"><span class='ocrx_word' id='word_1_440' title='bbox 2029 2986 2452 3056; x_wconf 86' lang='grc' dir='ltr'>ἀπαράλλακτος</span> <span class='ocrx_word' id='word_1_441' title='bbox 2489 2985 2584 3038; x_wconf 73' lang='grc' dir='ltr'>καὶ</span> <span class='ocrx_word' id='word_1_442' title='bbox 2616 2984 2972 3054; x_wconf 82' lang='grc' dir='ltr'>ἀνεπίμικτος</span> <span class='ocrx_word' id='word_1_443' title='bbox 3007 2985 3144 3054; x_wconf 80' lang='grc' dir='ltr'>πρὸς</span> <span class='ocrx_word' id='word_1_444' title='bbox 3180 2984 3372 3054; x_wconf 78' lang='grc' dir='ltr'>ἑτέραν</span> <span class='ocrx_word' id='word_1_445' title='bbox 3414 2985 3580 3053; x_wconf 80' lang='grc' dir='ltr'>φύσιν</span> <span class='ocrx_word' id='word_1_446' title='bbox 3601 3002 3614 3014; x_wconf 88' lang='grc'><strong>·</strong></span> 
     </span>
    </p>
   </div>
   <div class='ocr_carea' id='block_1_63' title="bbox 2029 3072 3619 3148">
    <p class='ocr_par' dir='ltr' id='par_1_63' title="bbox 2029 3072 3619 3148">
     <span class='ocr_line' id='line_1_63' title="bbox 2029 3072 3619 3148; baseline -0.002 -18"><span class='ocrx_word' id='word_1_447' title='bbox 2029 3078 2127 3148; x_wconf 69' lang='grc' dir='ltr'>οὔχ</span> <span class='ocrx_word' id='word_1_448' title='bbox 2159 3072 2268 3131; x_wconf 78' lang='grc' dir='ltr'>οἷαι</span> <span class='ocrx_word' id='word_1_449' title='bbox 2306 3077 2412 3130; x_wconf 88' lang='grc' dir='ltr'><strong>τῶν</strong></span> <span class='ocrx_word' id='word_1_450' title='bbox 2450 3078 2688 3148; x_wconf 80' lang='grc' dir='ltr'>ἡμιόνων</span> <span class='ocrx_word' id='word_1_451' title='bbox 2717 3077 2809 3130; x_wconf 70' lang='grc' dir='ltr'><strong>ἐπὶ</strong></span> <span class='ocrx_word' id='word_1_452' title='bbox 2838 3077 2934 3147; x_wconf 79' lang='grc' dir='ltr'>τῆς</span> <span class='ocrx_word' id='word_1_453' title='bbox 2963 3077 3184 3148; x_wconf 84' lang='grc' dir='ltr'>χέρσου,</span> <span class='ocrx_word' id='word_1_454' title='bbox 3239 3078 3270 3148; x_wconf 85' lang='grc' dir='ltr'>ἢ</span> <span class='ocrx_word' id='word_1_455' title='bbox 3317 3078 3409 3129; x_wconf 82' lang='grc' dir='ltr'><strong>καί</strong></span> <span class='ocrx_word' id='word_1_456' title='bbox 3454 3095 3619 3130; x_wconf 86' lang='grc' dir='ltr'>τινων</span> 
     </span>
    </p>
   </div>
   <div class='ocr_carea' id='block_1_64' title="bbox 337 3163 1924 3255">
    <p class='ocr_par' dir='ltr' id='par_1_64' title="bbox 337 3169 1924 3238">
     <span class='ocr_line' id='line_1_64' title="bbox 337 3169 1924 3238; baseline -0.001 -16"><span class='ocrx_word' id='word_1_457' title='bbox 337 3169 586 3222; x_wconf 89' lang='lat' dir='ltr'><strong>I&#39;umdam</strong></span> <span class='ocrx_word' id='word_1_458' title='bbox 635 3169 914 3223; x_wconf 89' lang='lat' dir='ltr'><strong>volucrum</strong></span> <span class='ocrx_word' id='word_1_459' title='bbox 956 3170 1359 3238; x_wconf 87' lang='lat' dir='ltr'><strong>permistiones,</strong></span> <span class='ocrx_word' id='word_1_460' title='bbox 1383 3169 1582 3238; x_wconf 93' lang='lat' dir='ltr'><strong>quibus</strong></span> <span class='ocrx_word' id='word_1_461' title='bbox 1612 3169 1924 3223; x_wconf 88' lang='lat' dir='ltr'><strong>adulteran-</strong></span> 
     </span>
    </p>
   </div>
   <div class='ocr_carea' id='block_1_65' title="bbox 2040 3163 3620 3255">
    <p class='ocr_par' dir='ltr' id='par_1_65' title="bbox 2040 3163 3620 3238">
     <span class='ocr_line' id='line_1_65' title="bbox 2040 3163 3620 3238; baseline -0.003 -19"><span class='ocrx_word' id='word_1_462' title='bbox 2040 3167 2262 3238; x_wconf 67' lang='grc' dir='ltr'>ὀρνίθων</span> <span class='ocrx_word' id='word_1_463' title='bbox 2287 3166 2584 3219; x_wconf 71' lang='grc' dir='ltr'>έπιπλοκαί</span> <span class='ocrx_word' id='word_1_464' title='bbox 2608 3165 3141 3236; x_wconf 85' lang='grc' dir='ltr'>παραχαρασσόντων</span> <span class='ocrx_word' id='word_1_465' title='bbox 3168 3163 3237 3216; x_wconf 80' lang='grc' dir='ltr'>τὰ</span> <span class='ocrx_word' id='word_1_466' title='bbox 3267 3163 3421 3233; x_wconf 79' lang='grc' dir='ltr'>γένη.</span> <span class='ocrx_word' id='word_1_467' title='bbox 3451 3163 3620 3215; x_wconf 68' lang='grc' dir='ltr'>Οὐδὲν</span> 
     </span>
    </p>
   </div>
   <div class='ocr_carea' id='block_1_66' title="bbox 340 3259 1929 3330">
    <p class='ocr_par' dir='ltr' id='par_1_66' title="bbox 340 3259 1929 3330">
     <span class='ocr_line' id='line_1_66' title="bbox 340 3259 1929 3330; baseline 0.003 -20"><span class='ocrx_word' id='word_1_468' title='bbox 340 3268 426 3312; x_wconf 88' lang='lat' dir='ltr'><strong>tur</strong></span> <span class='ocrx_word' id='word_1_469' title='bbox 454 3275 676 3329; x_wconf 88' lang='lat' dir='ltr'><strong>genera.</strong></span> <span class='ocrx_word' id='word_1_470' title='bbox 719 3259 934 3313; x_wconf 86' lang='lat' dir='ltr'><strong>Nullum</strong></span> <span class='ocrx_word' id='word_1_471' title='bbox 971 3261 1197 3329; x_wconf 90' lang='lat' dir='ltr'><strong>piscium</strong></span> <span class='ocrx_word' id='word_1_472' title='bbox 1231 3275 1400 3330; x_wconf 88' lang='lat' dir='ltr'><strong>genus</strong></span> <span class='ocrx_word' id='word_1_473' title='bbox 1429 3259 1652 3315; x_wconf 92' lang='lat' dir='ltr'><strong>dimidia</strong></span> <span class='ocrx_word' id='word_1_474' title='bbox 1677 3274 1743 3314; x_wconf 81' lang='lat' dir='ltr'><strong>ex</strong></span> <span class='ocrx_word' id='word_1_475' title='bbox 1775 3268 1929 3329; x_wconf 91' lang='lat' dir='ltr'><strong>parte</strong></span> 
     </span>
    </p>
   </div>
   <div class='ocr_carea' id='block_1_67' title="bbox 341 3344 1925 3419">
    <p class='ocr_par' dir='ltr' id='par_1_67' title="bbox 341 3344 1925 3419">
     <span class='ocr_line' id='line_1_67' title="bbox 341 3344 1925 3419; baseline 0.003 -22"><span class='ocrx_word' id='word_1_476' title='bbox 341 3344 671 3399; x_wconf 88' lang='lat' dir='ltr'><strong>instructqu</strong></span> <span class='ocrx_word' id='word_1_477' title='bbox 697 3355 778 3400; x_wconf 91' lang='lat' dir='ltr'><strong>est</strong></span> <span class='ocrx_word' id='word_1_478' title='bbox 810 3347 1086 3412; x_wconf 90' lang='lat' dir='ltr'><strong>dentibus,</strong></span> <span class='ocrx_word' id='word_1_479' title='bbox 1119 3358 1176 3402; x_wconf 90' lang='lat' dir='ltr'><strong>ut</strong></span> <span class='ocrx_word' id='word_1_480' title='bbox 1218 3350 1314 3404; x_wconf 91' lang='lat' dir='ltr'><strong>bos</strong></span> <span class='ocrx_word' id='word_1_481' title='bbox 1341 3358 1396 3404; x_wconf 93' lang='lat' dir='ltr'><strong>et</strong></span> <span class='ocrx_word' id='word_1_482' title='bbox 1435 3351 1554 3405; x_wconf 90' lang='lat' dir='ltr'><strong>ovis</strong></span> <span class='ocrx_word' id='word_1_483' title='bbox 1603 3349 1744 3419; x_wconf 90' lang='lat' dir='ltr'><strong>apud</strong></span> <span class='ocrx_word' id='word_1_484' title='bbox 1780 3364 1879 3404; x_wconf 91' lang='lat' dir='ltr'><strong>nos</strong></span> <span class='ocrx_word' id='word_1_485' title='bbox 1912 3365 1925 3401; x_wconf 89' lang='lat'><strong>:</strong></span> 
     </span>
    </p>
   </div>
   <div class='ocr_carea' id='block_1_68' title="bbox 343 3439 1930 3512">
    <p class='ocr_par' dir='ltr' id='par_1_68' title="bbox 343 3439 1930 3512">
     <span class='ocr_line' id='line_1_68' title="bbox 343 3439 1930 3512; baseline 0.004 -22"><span class='ocrx_word' id='word_1_486' title='bbox 343 3452 520 3506; x_wconf 90' lang='lat' dir='ltr'><strong>neque</strong></span> <span class='ocrx_word' id='word_1_487' title='bbox 545 3440 688 3492; x_wconf 91' lang='lat' dir='ltr'><strong>enim</strong></span> <span class='ocrx_word' id='word_1_488' title='bbox 726 3439 962 3508; x_wconf 89' lang='lat' dir='ltr'><strong>ipsorum</strong></span> <span class='ocrx_word' id='word_1_489' title='bbox 991 3443 1282 3512; x_wconf 91' lang='lat' dir='ltr'><strong>quisquam</strong></span> <span class='ocrx_word' id='word_1_490' title='bbox 1317 3443 1574 3507; x_wconf 84' lang='lat' dir='ltr'><strong>ruminat,</strong></span> <span class='ocrx_word' id='word_1_491' title='bbox 1610 3443 1712 3497; x_wconf 92' lang='lat' dir='ltr'><strong>nisi</strong></span> <span class='ocrx_word' id='word_1_492' title='bbox 1745 3458 1930 3498; x_wconf 91' lang='lat' dir='ltr'><strong>scarus</strong></span> 
     </span>
    </p>
   </div>
   <div class='ocr_carea' id='block_1_69' title="bbox 341 3533 1931 3604">
    <p class='ocr_par' dir='ltr' id='par_1_69' title="bbox 341 3533 1931 3604">
     <span class='ocr_line' id='line_1_69' title="bbox 341 3533 1931 3604; baseline 0.003 -21"><span class='ocrx_word' id='word_1_493' title='bbox 341 3533 488 3586; x_wconf 85' lang='lat' dir='ltr'><strong>solus</strong></span> <span class='ocrx_word' id='word_1_494' title='bbox 519 3533 816 3588; x_wconf 87' lang='lat' dir='ltr'><strong>secundum</strong></span> <span class='ocrx_word' id='word_1_495' title='bbox 858 3537 1217 3604; x_wconf 88' lang='lat' dir='ltr'><strong>quorumdam</strong></span> <span class='ocrx_word' id='word_1_496' title='bbox 1261 3536 1654 3591; x_wconf 88' lang='lat' dir='ltr'><strong>narrationem.</strong></span> <span class='ocrx_word' id='word_1_497' title='bbox 1690 3535 1760 3589; x_wconf 83' lang='lat' dir='ltr'><strong>At</strong></span> <span class='ocrx_word' id='word_1_498' title='bbox 1803 3550 1931 3589; x_wconf 82' lang='lat' dir='ltr'><strong>vero</strong></span> 
     </span>
    </p>
   </div>
   <div class='ocr_carea' id='block_1_70' title="bbox 342 3624 1928 3692">
    <p class='ocr_par' dir='ltr' id='par_1_70' title="bbox 342 3624 1928 3692">
     <span class='ocr_line' id='line_1_70' title="bbox 342 3624 1928 3692; baseline 0.002 -16"><span class='ocrx_word' id='word_1_499' title='bbox 342 3638 535 3677; x_wconf 89' lang='lat' dir='ltr'><strong>omnes</strong></span> <span class='ocrx_word' id='word_1_500' title='bbox 596 3624 775 3692; x_wconf 87' lang='lat' dir='ltr'><strong>pisces</strong></span> <span class='ocrx_word' id='word_1_501' title='bbox 811 3626 1126 3679; x_wconf 79' lang='lat' dir='ltr'><strong>acutissima</strong></span> <span class='ocrx_word' id='word_1_502' title='bbox 1173 3627 1629 3682; x_wconf 86' lang='lat' dir='ltr'><strong>condensatorum</strong></span> <span class='ocrx_word' id='word_1_503' title='bbox 1689 3626 1928 3681; x_wconf 89' lang='lat' dir='ltr'><strong>dentimn</strong></span> 
     </span>
    </p>
   </div>
   <div class='ocr_carea' id='block_1_71' title="bbox 343 3715 1934 3785">
    <p class='ocr_par' dir='ltr' id='par_1_71' title="bbox 343 3715 1934 3785">
     <span class='ocr_line' id='line_1_71' title="bbox 343 3715 1934 3785; baseline 0.003 -19"><span class='ocrx_word' id='word_1_504' title='bbox 343 3715 462 3768; x_wconf 84' lang='lat' dir='ltr'><strong>acie</strong></span> <span class='ocrx_word' id='word_1_505' title='bbox 489 3719 944 3785; x_wconf 87' lang='lat' dir='ltr'><strong>communinnlur,</strong></span> <span class='ocrx_word' id='word_1_506' title='bbox 990 3733 1057 3772; x_wconf 94' lang='lat' dir='ltr'><strong>ne</strong></span> <span class='ocrx_word' id='word_1_507' title='bbox 1088 3735 1212 3772; x_wconf 87' lang='lat' dir='ltr'><strong>esca</strong></span> <span class='ocrx_word' id='word_1_508' title='bbox 1257 3718 1383 3772; x_wconf 86' lang='lat' dir='ltr'><strong>dum</strong></span> <span class='ocrx_word' id='word_1_509' title='bbox 1419 3719 1620 3772; x_wconf 89' lang='lat' dir='ltr'><strong>diutius</strong></span> <span class='ocrx_word' id='word_1_510' title='bbox 1658 3720 1934 3772; x_wconf 90' lang='lat' dir='ltr'><strong>manditur</strong></span> 
     </span>
    </p>
   </div>
   <div class='ocr_carea' id='block_1_72' title="bbox 342 3803 1930 3866">
    <p class='ocr_par' dir='ltr' id='par_1_72' title="bbox 342 3803 1930 3866">
     <span class='ocr_line' id='line_1_72' title="bbox 342 3803 1930 3866; baseline 0.004 -7"><span class='ocrx_word' id='word_1_511' title='bbox 342 3803 551 3859; x_wconf 78' lang='lat' dir='ltr'><strong>dillluat</strong></span> <span class='ocrx_word' id='word_1_512' title='bbox 597 3828 609 3862; x_wconf 91' lang='lat'>:</span> <span class='ocrx_word' id='word_1_513' title='bbox 652 3807 754 3863; x_wconf 91' lang='lat' dir='ltr'><strong>nisi</strong></span> <span class='ocrx_word' id='word_1_514' title='bbox 801 3809 947 3862; x_wconf 91' lang='lat' dir='ltr'><strong>enim</strong></span> <span class='ocrx_word' id='word_1_515' title='bbox 990 3810 1245 3864; x_wconf 89' lang='lat' dir='ltr'><strong>celeriter</strong></span> <span class='ocrx_word' id='word_1_516' title='bbox 1308 3809 1542 3866; x_wconf 88' lang='lat' dir='ltr'><strong>dissecta</strong></span> <span class='ocrx_word' id='word_1_517' title='bbox 1590 3812 1642 3864; x_wconf 93' lang='lat' dir='ltr'><strong>in</strong></span> <span class='ocrx_word' id='word_1_518' title='bbox 1688 3821 1930 3866; x_wconf 90' lang='lat' dir='ltr'><strong>ventrem</strong></span> 
     </span>
    </p>
   </div>
   <div class='ocr_carea' id='block_1_73' title="bbox 341 3899 1858 3972">
    <p class='ocr_par' dir='ltr' id='par_1_73' title="bbox 341 3899 1858 3972">
     <span class='ocr_line' id='line_1_73' title="bbox 341 3899 1858 3972; baseline 0.001 -18"><span class='ocrx_word' id='word_1_519' title='bbox 341 3899 743 3965; x_wconf 88' lang='lat' dir='ltr'><strong>detruderetnr,</strong></span> <span class='ocrx_word' id='word_1_520' title='bbox 775 3909 1065 3956; x_wconf 77' lang='lat' dir='ltr'><strong>extenuata</strong></span> <span class='ocrx_word' id='word_1_521' title='bbox 1118 3916 1213 3970; x_wconf 86' lang='lat' dir='ltr'><strong>per</strong></span> <span class='ocrx_word' id='word_1_522' title='bbox 1247 3917 1446 3970; x_wconf 89' lang='lat' dir='ltr'><strong>aquam</strong></span> <span class='ocrx_word' id='word_1_523' title='bbox 1477 3903 1858 3972; x_wconf 90' lang='lat' dir='ltr'><strong>dissiparetur.</strong></span> 
     </span>
    </p>
   </div>
   <div class='ocr_carea' id='block_1_74' title="bbox 412 3990 1936 4063">
    <p class='ocr_par' dir='ltr' id='par_1_74' title="bbox 412 3990 1936 4063">
     <span class='ocr_line' id='line_1_74' title="bbox 412 3990 1936 4063; baseline 0.002 -17"><span class='ocrx_word' id='word_1_524' title='bbox 412 3990 520 4062; x_wconf 81' lang='lat'><strong>65</strong></span> <span class='ocrx_word' id='word_1_525' title='bbox 545 3993 596 4046; x_wconf 79' lang='grc'>5.</span> <span class='ocrx_word' id='word_1_526' title='bbox 633 3993 791 4045; x_wconf 84' lang='lat' dir='ltr'><strong>Aliud</strong></span> <span class='ocrx_word' id='word_1_527' title='bbox 839 4003 1016 4047; x_wconf 84' lang='lat' dir='ltr'><strong>autem</strong></span> <span class='ocrx_word' id='word_1_528' title='bbox 1048 3993 1171 4047; x_wconf 88' lang='lat' dir='ltr'><strong>aliis</strong></span> <span class='ocrx_word' id='word_1_529' title='bbox 1208 3993 1447 4063; x_wconf 86' lang='lat' dir='ltr'><strong>piscibus</strong></span> <span class='ocrx_word' id='word_1_530' title='bbox 1491 3995 1818 4048; x_wconf 85' lang='lat' dir='ltr'><strong>destinatum</strong></span> <span class='ocrx_word' id='word_1_531' title='bbox 1855 4005 1936 4051; x_wconf 86' lang='lat' dir='ltr'><strong>est</strong></span> 
     </span>
    </p>
   </div>
   <div class='ocr_carea' id='block_1_75' title="bbox 346 4083 1936 4157">
    <p class='ocr_par' dir='ltr' id='par_1_75' title="bbox 346 4083 1936 4157">
     <span class='ocr_line' id='line_1_75' title="bbox 346 4083 1936 4157; baseline 0.004 -21"><span class='ocrx_word' id='word_1_532' title='bbox 346 4083 665 4138; x_wconf 86' lang='lat' dir='ltr'><strong>alimentum</strong></span> <span class='ocrx_word' id='word_1_533' title='bbox 687 4088 984 4139; x_wconf 90' lang='lat' dir='ltr'><strong>secundum</strong></span> <span class='ocrx_word' id='word_1_534' title='bbox 1013 4101 1206 4154; x_wconf 89' lang='lat' dir='ltr'><strong>genus.</strong></span> <span class='ocrx_word' id='word_1_535' title='bbox 1225 4085 1455 4150; x_wconf 87' lang='lat' dir='ltr'><strong>Quidam</strong></span> <span class='ocrx_word' id='word_1_536' title='bbox 1480 4087 1624 4140; x_wconf 92' lang='lat' dir='ltr'><strong>enim</strong></span> <span class='ocrx_word' id='word_1_537' title='bbox 1647 4087 1797 4151; x_wconf 90' lang='lat' dir='ltr'><strong>limo,</strong></span> <span class='ocrx_word' id='word_1_538' title='bbox 1819 4088 1936 4157; x_wconf 90' lang='lat' dir='ltr'><strong>qui-</strong></span> 
     </span>
    </p>
   </div>
   <div class='ocr_carea' id='block_1_76' title="bbox 347 4177 1939 4248">
    <p class='ocr_par' dir='ltr' id='par_1_76' title="bbox 347 4177 1939 4248">
     <span class='ocr_line' id='line_1_76' title="bbox 347 4177 1939 4248; baseline 0.001 -18"><span class='ocrx_word' id='word_1_539' title='bbox 347 4177 470 4230; x_wconf 86' lang='lat' dir='ltr'><strong>dam</strong></span> <span class='ocrx_word' id='word_1_540' title='bbox 504 4191 633 4232; x_wconf 85' lang='lat' dir='ltr'><strong>vero</strong></span> <span class='ocrx_word' id='word_1_541' title='bbox 683 4178 802 4248; x_wconf 81' lang='lat' dir='ltr'><strong>alga</strong></span> <span class='ocrx_word' id='word_1_542' title='bbox 847 4188 1169 4244; x_wconf 89' lang='lat' dir='ltr'><strong>vescuntur;</strong></span> <span class='ocrx_word' id='word_1_543' title='bbox 1196 4177 1285 4232; x_wconf 91' lang='lat' dir='ltr'><strong>alii</strong></span> <span class='ocrx_word' id='word_1_544' title='bbox 1337 4178 1521 4233; x_wconf 91' lang='lat' dir='ltr'><strong>herbis</strong></span> <span class='ocrx_word' id='word_1_545' title='bbox 1564 4179 1616 4232; x_wconf 90' lang='lat' dir='ltr'><strong>in</strong></span> <span class='ocrx_word' id='word_1_546' title='bbox 1667 4194 1807 4248; x_wconf 89' lang='lat' dir='ltr'><strong>aqua</strong></span> <span class='ocrx_word' id='word_1_547' title='bbox 1845 4195 1939 4232; x_wconf 88' lang='lat' dir='ltr'><strong>na--</strong></span> 
     </span>
    </p>
   </div>
   <div class='ocr_carea' id='block_1_77' title="bbox 348 4270 1936 4342">
    <p class='ocr_par' dir='ltr' id='par_1_77' title="bbox 348 4270 1936 4342">
     <span class='ocr_line' id='line_1_77' title="bbox 348 4270 1936 4342; baseline 0.002 -18"><span class='ocrx_word' id='word_1_548' title='bbox 348 4270 631 4324; x_wconf 89' lang='lat' dir='ltr'><strong>scentibus</strong></span> <span class='ocrx_word' id='word_1_549' title='bbox 682 4281 810 4324; x_wconf 89' lang='lat' dir='ltr'><strong>sunt</strong></span> <span class='ocrx_word' id='word_1_550' title='bbox 866 4272 1135 4324; x_wconf 86' lang='lat' dir='ltr'><strong>contenti.</strong></span> <span class='ocrx_word' id='word_1_551' title='bbox 1174 4271 1399 4336; x_wconf 86' lang='lat' dir='ltr'><strong>Contra,</strong></span> <span class='ocrx_word' id='word_1_552' title='bbox 1447 4272 1676 4339; x_wconf 88' lang='lat' dir='ltr'><strong>piscium</strong></span> <span class='ocrx_word' id='word_1_553' title='bbox 1728 4273 1936 4342; x_wconf 89' lang='lat' dir='ltr'><strong>plurimi</strong></span> 
     </span>
    </p>
   </div>
   <div class='ocr_carea' id='block_1_78' title="bbox 351 4360 1937 4431">
    <p class='ocr_par' dir='ltr' id='par_1_78' title="bbox 351 4360 1937 4431">
     <span class='ocr_line' id='line_1_78' title="bbox 351 4360 1937 4431; baseline 0.003 -20"><span class='ocrx_word' id='word_1_554' title='bbox 351 4368 543 4414; x_wconf 86' lang='lat' dir='ltr'><strong>vorant</strong></span> <span class='ocrx_word' id='word_1_555' title='bbox 572 4375 632 4415; x_wconf 91' lang='lat' dir='ltr'><strong>se</strong></span> <span class='ocrx_word' id='word_1_556' title='bbox 666 4360 920 4424; x_wconf 85' lang='lat' dir='ltr'><strong>invicem,</strong></span> <span class='ocrx_word' id='word_1_557' title='bbox 960 4361 1246 4430; x_wconf 87' lang='lat' dir='ltr'><strong>minorque</strong></span> <span class='ocrx_word' id='word_1_558' title='bbox 1288 4361 1428 4431; x_wconf 90' lang='lat' dir='ltr'><strong>apud</strong></span> <span class='ocrx_word' id='word_1_559' title='bbox 1474 4361 1594 4415; x_wconf 90' lang='lat' dir='ltr'><strong>illos</strong></span> <span class='ocrx_word' id='word_1_560' title='bbox 1621 4361 1937 4416; x_wconf 88' lang='lat' dir='ltr'><strong>alimentum</strong></span> 
     </span>
    </p>
   </div>
   <div class='ocr_carea' id='block_1_79' title="bbox 351 4451 1940 4523">
    <p class='ocr_par' dir='ltr' id='par_1_79' title="bbox 351 4451 1940 4523">
     <span class='ocr_line' id='line_1_79' title="bbox 351 4451 1940 4523; baseline 0.002 -18"><span class='ocrx_word' id='word_1_561' title='bbox 351 4461 434 4505; x_wconf 87' lang='lat' dir='ltr'><strong>est</strong></span> <span class='ocrx_word' id='word_1_562' title='bbox 470 4451 710 4520; x_wconf 84' lang='lat' dir='ltr'><strong>majoris.</strong></span> <span class='ocrx_word' id='word_1_563' title='bbox 741 4451 806 4505; x_wconf 88' lang='lat' dir='ltr'><strong>Et</strong></span> <span class='ocrx_word' id='word_1_564' title='bbox 838 4452 880 4506; x_wconf 91' lang='lat' dir='ltr'><strong>si</strong></span> <span class='ocrx_word' id='word_1_565' title='bbox 913 4465 1148 4520; x_wconf 91' lang='lat' dir='ltr'><strong>unquam</strong></span> <span class='ocrx_word' id='word_1_566' title='bbox 1194 4453 1504 4522; x_wconf 83' lang='lat' dir='ltr'><strong>contigerit,</strong></span> <span class='ocrx_word' id='word_1_567' title='bbox 1549 4463 1605 4506; x_wconf 91' lang='lat' dir='ltr'><strong>ut</strong></span> <span class='ocrx_word' id='word_1_568' title='bbox 1641 4454 1682 4508; x_wconf 92' lang='lat' dir='ltr'><strong>is</strong></span> <span class='ocrx_word' id='word_1_569' title='bbox 1710 4455 1802 4523; x_wconf 89' lang='lat' dir='ltr'><strong>qui</strong></span> <span class='ocrx_word' id='word_1_570' title='bbox 1835 4456 1940 4508; x_wconf 85' lang='lat' dir='ltr'><strong>mi-</strong></span> 
     </span>
    </p>
   </div>
   <div class='ocr_carea' id='block_1_80' title="bbox 2033 3253 3704 3330">
    <p class='ocr_par' dir='ltr' id='par_1_80' title="bbox 2033 3253 3704 3330">
     <span class='ocr_line' id='line_1_80' title="bbox 2033 3253 3704 3330; baseline -0.004 -19"><span class='ocrx_word' id='word_1_571' title='bbox 2033 3259 2185 3330; x_wconf 77' lang='grc' dir='ltr'>παρὰ</span> <span class='ocrx_word' id='word_1_572' title='bbox 2214 3260 2326 3321; x_wconf 88' lang='grc' dir='ltr'>τοῖς</span> <span class='ocrx_word' id='word_1_573' title='bbox 2354 3256 2563 3327; x_wconf 88' lang='grc' dir='ltr'>ἰχθύσιν</span> <span class='ocrx_word' id='word_1_574' title='bbox 2597 3255 2657 3320; x_wconf 75' lang='grc' dir='ltr'><strong>ἐξ</strong></span> <span class='ocrx_word' id='word_1_575' title='bbox 2679 3256 2935 3327; x_wconf 83' lang='grc' dir='ltr'>ἡμισείας</span> <span class='ocrx_word' id='word_1_576' title='bbox 2961 3254 3229 3306; x_wconf 83' lang='grc' dir='ltr'>ὥπλισται</span> <span class='ocrx_word' id='word_1_577' title='bbox 3253 3257 3364 3316; x_wconf 83' lang='grc' dir='ltr'>τοῖς</span> <span class='ocrx_word' id='word_1_578' title='bbox 3387 3253 3617 3314; x_wconf 74' lang='grc' dir='ltr'>ὀδοῦσιν,</span> <span class='ocrx_word' id='word_1_579' title='bbox 3697 3264 3704 3270; x_wconf 90' lang='grc'>·</span> 
     </span>
    </p>
   </div>
   <div class='ocr_carea' id='block_1_81' title="bbox 2031 3346 3620 3420">
    <p class='ocr_par' dir='ltr' id='par_1_81' title="bbox 2031 3346 3620 3420">
     <span class='ocr_line' id='line_1_81' title="bbox 2031 3346 3620 3420; baseline -0.008 -17"><span class='ocrx_word' id='word_1_580' title='bbox 2031 3352 2106 3414; x_wconf 86' lang='grc' dir='ltr'>ὡς</span> <span class='ocrx_word' id='word_1_581' title='bbox 2136 3349 2263 3420; x_wconf 77' lang='grc' dir='ltr'>βοῦς</span> <span class='ocrx_word' id='word_1_582' title='bbox 2297 3351 2428 3420; x_wconf 86' lang='grc' dir='ltr'>παρ’</span> <span class='ocrx_word' id='word_1_583' title='bbox 2457 3350 2588 3420; x_wconf 88' lang='grc' dir='ltr'>ἡμῖν</span> <span class='ocrx_word' id='word_1_584' title='bbox 2618 3349 2713 3401; x_wconf 72' lang='grc' dir='ltr'><strong>καὶ</strong></span> <span class='ocrx_word' id='word_1_585' title='bbox 2755 3348 3028 3418; x_wconf 78' lang='grc' dir='ltr'>πρόϐατον</span> <span class='ocrx_word' id='word_1_586' title='bbox 3051 3364 3064 3377; x_wconf 88' lang='grc'><strong>·</strong></span> <span class='ocrx_word' id='word_1_587' title='bbox 3092 3346 3213 3399; x_wconf 78' lang='grc' dir='ltr'>οὐδὲ</span> <span class='ocrx_word' id='word_1_588' title='bbox 3248 3346 3355 3418; x_wconf 81' lang='grc' dir='ltr'><strong>γὰρ</strong></span> <span class='ocrx_word' id='word_1_589' title='bbox 3387 3349 3620 3417; x_wconf 78' lang='grc' dir='ltr'>μηρυκί-</span> 
     </span>
    </p>
   </div>
   <div class='ocr_carea' id='block_1_82' title="bbox 2034 3437 3620 3511">
    <p class='ocr_par' dir='ltr' id='par_1_82' title="bbox 2034 3437 3620 3511">
     <span class='ocr_line' id='line_1_82' title="bbox 2034 3437 3620 3511; baseline -0.003 -17"><span class='ocrx_word' id='word_1_590' title='bbox 2034 3441 2114 3504; x_wconf 80' lang='grc' dir='ltr'>ζει</span> <span class='ocrx_word' id='word_1_591' title='bbox 2139 3459 2192 3493; x_wconf 91' lang='grc' dir='ltr'><strong>τι</strong></span> <span class='ocrx_word' id='word_1_592' title='bbox 2221 3441 2347 3511; x_wconf 83' lang='grc' dir='ltr'>παρ’</span> <span class='ocrx_word' id='word_1_593' title='bbox 2380 3439 2584 3502; x_wconf 86' lang='grc' dir='ltr'>αὐτοῖς,</span> <span class='ocrx_word' id='word_1_594' title='bbox 2616 3439 2664 3491; x_wconf 89' lang='grc' dir='ltr'><strong>εἰ</strong></span> <span class='ocrx_word' id='word_1_595' title='bbox 2697 3438 2770 3509; x_wconf 79' lang='grc' dir='ltr'>μὴ</span> <span class='ocrx_word' id='word_1_596' title='bbox 2797 3437 2888 3489; x_wconf 80' lang='grc' dir='ltr'><strong>τὸν</strong></span> <span class='ocrx_word' id='word_1_597' title='bbox 2919 3438 3120 3507; x_wconf 86' lang='grc' dir='ltr'>σκάρον</span> <span class='ocrx_word' id='word_1_598' title='bbox 3155 3437 3315 3506; x_wconf 88' lang='grc' dir='ltr'>μόνον</span> <span class='ocrx_word' id='word_1_599' title='bbox 3347 3437 3620 3508; x_wconf 79' lang='grc' dir='ltr'>ἱστοροῦσί</span> 
     </span>
    </p>
   </div>
   <div class='ocr_carea' id='block_1_83' title="bbox 2033 3529 3620 3600">
    <p class='ocr_par' dir='ltr' id='par_1_83' title="bbox 2033 3529 3620 3600">
     <span class='ocr_line' id='line_1_83' title="bbox 2033 3529 3620 3600; baseline -0.003 -13"><span class='ocrx_word' id='word_1_600' title='bbox 2033 3551 2193 3598; x_wconf 89' lang='grc' dir='ltr'>τινες.</span> <span class='ocrx_word' id='word_1_601' title='bbox 2238 3533 2422 3588; x_wconf 86' lang='grc' dir='ltr'>Πάντα</span> <span class='ocrx_word' id='word_1_602' title='bbox 2454 3532 2510 3585; x_wconf 81' lang='grc' dir='ltr'><strong>δὲ</strong></span> <span class='ocrx_word' id='word_1_603' title='bbox 2543 3531 2831 3596; x_wconf 79' lang='grc' dir='ltr'>ὀξυτάταις</span> <span class='ocrx_word' id='word_1_604' title='bbox 2871 3532 3078 3600; x_wconf 83' lang='grc' dir='ltr'>ακμαῖς</span> <span class='ocrx_word' id='word_1_605' title='bbox 3117 3529 3345 3582; x_wconf 83' lang='grc' dir='ltr'>ὀδόντων</span> <span class='ocrx_word' id='word_1_606' title='bbox 3377 3546 3620 3582; x_wconf 80' lang='grc' dir='ltr'>καταπε-</span> 
     </span>
    </p>
   </div>
   <div class='ocr_carea' id='block_1_84' title="bbox 2036 3617 3620 3692">
    <p class='ocr_par' dir='ltr' id='par_1_84' title="bbox 2036 3617 3620 3692">
     <span class='ocr_line' id='line_1_84' title="bbox 2036 3617 3620 3692; baseline -0.006 -15"><span class='ocrx_word' id='word_1_607' title='bbox 2036 3625 2338 3688; x_wconf 88' lang='grc' dir='ltr'>πύκνωται,</span> <span class='ocrx_word' id='word_1_608' title='bbox 2377 3623 2464 3674; x_wconf 75' lang='grc' dir='ltr'>ἵνα</span> <span class='ocrx_word' id='word_1_609' title='bbox 2497 3621 2572 3692; x_wconf 84' lang='grc' dir='ltr'>μὴ</span> <span class='ocrx_word' id='word_1_610' title='bbox 2610 3622 2674 3690; x_wconf 84' lang='grc' dir='ltr'>τῇ</span> <span class='ocrx_word' id='word_1_611' title='bbox 2711 3619 2900 3690; x_wconf 79' lang='grc' dir='ltr'>χρονίᾳ</span> <span class='ocrx_word' id='word_1_612' title='bbox 2933 3618 3169 3688; x_wconf 86' lang='grc' dir='ltr'>μασήσει</span> <span class='ocrx_word' id='word_1_613' title='bbox 3197 3619 3230 3687; x_wconf 82' lang='grc' dir='ltr'><strong>ἡ</strong></span> <span class='ocrx_word' id='word_1_614' title='bbox 3259 3618 3434 3687; x_wconf 78' lang='grc' dir='ltr'>τροφὴ</span> <span class='ocrx_word' id='word_1_615' title='bbox 3469 3617 3620 3687; x_wconf 79' lang='grc' dir='ltr'>διαρ-</span> 
     </span>
    </p>
   </div>
   <div class='ocr_carea' id='block_1_85' title="bbox 2039 3709 3618 3788">
    <p class='ocr_par' dir='ltr' id='par_1_85' title="bbox 2039 3709 3618 3788">
     <span class='ocr_line' id='line_1_85' title="bbox 2039 3709 3618 3788; baseline -0.005 -20"><span class='ocrx_word' id='word_1_616' title='bbox 2039 3717 2169 3788; x_wconf 80' lang='grc' dir='ltr'><strong>ρέῃ·</strong></span> <span class='ocrx_word' id='word_1_617' title='bbox 2206 3714 2396 3785; x_wconf 81' lang='grc' dir='ltr'>έμελλε</span> <span class='ocrx_word' id='word_1_618' title='bbox 2450 3713 2577 3783; x_wconf 76' lang='grc' dir='ltr'>γὰρ,</span> <span class='ocrx_word' id='word_1_619' title='bbox 2616 3713 2663 3763; x_wconf 85' lang='grc' dir='ltr'><strong>εἰ</strong></span> <span class='ocrx_word' id='word_1_620' title='bbox 2724 3711 2798 3781; x_wconf 84' lang='grc' dir='ltr'>μὴ</span> <span class='ocrx_word' id='word_1_621' title='bbox 2838 3710 3004 3774; x_wconf 85' lang='grc' dir='ltr'>ὀξέως</span> <span class='ocrx_word' id='word_1_622' title='bbox 3053 3709 3505 3779; x_wconf 81' lang='grc' dir='ltr'>κατατεμνομένη</span> <span class='ocrx_word' id='word_1_623' title='bbox 3554 3709 3618 3779; x_wconf 78' lang='grc' dir='ltr'>τῇ</span> 
     </span>
    </p>
   </div>
   <div class='ocr_carea' id='block_1_86' title="bbox 2036 3799 3621 3878">
    <p class='ocr_par' dir='ltr' id='par_1_86' title="bbox 2036 3799 3621 3878">
     <span class='ocr_line' id='line_1_86' title="bbox 2036 3799 3621 3878; baseline -0.006 -18"><span class='ocrx_word' id='word_1_624' title='bbox 2036 3807 2234 3878; x_wconf 82' lang='grc' dir='ltr'>γαστρί</span> <span class='ocrx_word' id='word_1_625' title='bbox 2270 3804 2685 3877; x_wconf 82' lang='grc' dir='ltr'>παρεπέμπετο,</span> <span class='ocrx_word' id='word_1_626' title='bbox 2733 3805 2789 3854; x_wconf 85' lang='grc' dir='ltr'>ὲν</span> <span class='ocrx_word' id='word_1_627' title='bbox 2822 3805 2888 3872; x_wconf 84' lang='grc' dir='ltr'>τῇ</span> <span class='ocrx_word' id='word_1_628' title='bbox 2929 3801 3312 3872; x_wconf 84' lang='grc' dir='ltr'>λεπτοποιήσει</span> <span class='ocrx_word' id='word_1_629' title='bbox 3345 3799 3621 3870; x_wconf 79' lang='grc' dir='ltr'>διαφορεῖ-</span> 
     </span>
    </p>
   </div>
   <div class='ocr_carea' id='block_1_87' title="bbox 2039 3896 2847 3971">
    <p class='ocr_par' dir='ltr' id='par_1_87' title="bbox 2039 3896 2847 3971">
     <span class='ocr_line' id='line_1_87' title="bbox 2039 3896 2847 3971; baseline -0.005 -17"><span class='ocrx_word' id='word_1_630' title='bbox 2039 3901 2160 3954; x_wconf 87' lang='grc' dir='ltr'>σθαι</span> <span class='ocrx_word' id='word_1_631' title='bbox 2187 3899 2338 3971; x_wconf 87' lang='grc' dir='ltr'>παρὰ</span> <span class='ocrx_word' id='word_1_632' title='bbox 2373 3899 2484 3969; x_wconf 71' lang='grc'>(92)</span> <span class='ocrx_word' id='word_1_633' title='bbox 2510 3897 2604 3950; x_wconf 80' lang='grc' dir='ltr'><strong>τοῦ</strong></span> <span class='ocrx_word' id='word_1_634' title='bbox 2639 3896 2847 3960; x_wconf 77' lang='grc' dir='ltr'>ὓδατος.</span> 
     </span>
    </p>
   </div>
   <div class='ocr_carea' id='block_1_88' title="bbox 2108 3984 3622 4062">
    <p class='ocr_par' dir='ltr' id='par_1_88' title="bbox 2108 3984 3622 4062">
     <span class='ocr_line' id='line_1_88' title="bbox 2108 3984 3622 4062; baseline -0.005 -18"><span class='ocrx_word' id='word_1_635' title='bbox 2108 3992 2159 4045; x_wconf 83' lang='grc'>5.</span> <span class='ocrx_word' id='word_1_636' title='bbox 2203 3990 2390 4062; x_wconf 74' lang='grc' dir='ltr'>Τροφὴ</span> <span class='ocrx_word' id='word_1_637' title='bbox 2416 3990 2472 4042; x_wconf 86' lang='grc' dir='ltr'><strong>δὲ</strong></span> <span class='ocrx_word' id='word_1_638' title='bbox 2518 3987 2729 4059; x_wconf 87' lang='grc' dir='ltr'>ἰχθύσιν</span> <span class='ocrx_word' id='word_1_639' title='bbox 2775 3985 2955 4050; x_wconf 67' lang='grc' dir='ltr'>ἄλλοις</span> <span class='ocrx_word' id='word_1_640' title='bbox 2986 3985 3118 4056; x_wconf 80' lang='grc' dir='ltr'>ἄλλη</span> <span class='ocrx_word' id='word_1_641' title='bbox 3163 3984 3308 4038; x_wconf 80' lang='grc' dir='ltr'>κατὰ</span> <span class='ocrx_word' id='word_1_642' title='bbox 3337 3985 3493 4053; x_wconf 87' lang='grc' dir='ltr'>γένος</span> <span class='ocrx_word' id='word_1_643' title='bbox 3548 3984 3622 4038; x_wconf 75' lang='lat'><strong>5:-</strong></span> 
     </span>
    </p>
   </div>
   <div class='ocr_carea' id='block_1_89' title="bbox 2038 4077 3612 4155">
    <p class='ocr_par' dir='ltr' id='par_1_89' title="bbox 2038 4077 3612 4155">
     <span class='ocr_line' id='line_1_89' title="bbox 2038 4077 3612 4155; baseline -0.005 -18"><span class='ocrx_word' id='word_1_644' title='bbox 2038 4083 2339 4155; x_wconf 87' lang='grc' dir='ltr'>ωρισμένη.</span> <span class='ocrx_word' id='word_1_645' title='bbox 2372 4083 2436 4135; x_wconf 87' lang='grc' dir='ltr'>Οἰ</span> <span class='ocrx_word' id='word_1_646' title='bbox 2472 4082 2569 4152; x_wconf 81' lang='grc' dir='ltr'><strong>μὲν</strong></span> <span class='ocrx_word' id='word_1_647' title='bbox 2596 4080 2703 4151; x_wconf 83' lang='grc' dir='ltr'>γὰρ</span> <span class='ocrx_word' id='word_1_648' title='bbox 2737 4079 2843 4133; x_wconf 84' lang='grc' dir='ltr'>ῐλύῖ</span> <span class='ocrx_word' id='word_1_649' title='bbox 2867 4079 3177 4148; x_wconf 83' lang='grc' dir='ltr'>τρέφονται,</span> <span class='ocrx_word' id='word_1_650' title='bbox 3208 4079 3256 4130; x_wconf 83' lang='grc' dir='ltr'><strong>οἰ</strong></span> <span class='ocrx_word' id='word_1_651' title='bbox 3284 4077 3340 4130; x_wconf 81' lang='grc' dir='ltr'><strong>δὲ</strong></span> <span class='ocrx_word' id='word_1_652' title='bbox 3366 4079 3481 4140; x_wconf 86' lang='grc' dir='ltr'>τοῖς</span> <span class='ocrx_word' id='word_1_653' title='bbox 3521 4095 3612 4147; x_wconf 74' lang='grc' dir='ltr'><strong>φυο</strong></span> 
     </span>
    </p>
   </div>
   <div class='ocr_carea' id='block_1_90' title="bbox 2041 4171 3620 4244">
    <p class='ocr_par' dir='ltr' id='par_1_90' title="bbox 2041 4171 3620 4244">
     <span class='ocr_line' id='line_1_90' title="bbox 2041 4171 3620 4244; baseline -0.004 -15"><span class='ocrx_word' id='word_1_654' title='bbox 2041 4177 2206 4237; x_wconf 82' lang='grc' dir='ltr'>κίοις·</span> <span class='ocrx_word' id='word_1_655' title='bbox 2256 4175 2403 4230; x_wconf 78' lang='grc' dir='ltr'>ἄλλοι</span> <span class='ocrx_word' id='word_1_656' title='bbox 2451 4173 2562 4244; x_wconf 81' lang='grc'>(95)</span> <span class='ocrx_word' id='word_1_657' title='bbox 2605 4175 2726 4236; x_wconf 86' lang='grc' dir='ltr'>ταῖς</span> <span class='ocrx_word' id='word_1_658' title='bbox 2767 4172 3016 4242; x_wconf 87' lang='grc' dir='ltr'>βοτάναις</span> <span class='ocrx_word' id='word_1_659' title='bbox 3056 4174 3175 4232; x_wconf 81' lang='grc' dir='ltr'>ταῖς</span> <span class='ocrx_word' id='word_1_660' title='bbox 3204 4171 3620 4241; x_wconf 70' lang='grc' dir='ltr'>ἐντρεφομέναις</span> 
     </span>
    </p>
   </div>
   <div class='ocr_carea' id='block_1_91' title="bbox 2040 4262 3622 4340">
    <p class='ocr_par' dir='ltr' id='par_1_91' title="bbox 2040 4262 3622 4340">
     <span class='ocr_line' id='line_1_91' title="bbox 2040 4262 3622 4340; baseline -0.006 -17"><span class='ocrx_word' id='word_1_661' title='bbox 2040 4269 2117 4340; x_wconf 76' lang='grc' dir='ltr'>τῷ</span> <span class='ocrx_word' id='word_1_662' title='bbox 2149 4269 2302 4322; x_wconf 80' lang='grc' dir='ltr'>ὖδατι</span> <span class='ocrx_word' id='word_1_663' title='bbox 2331 4267 2651 4338; x_wconf 81' lang='grc' dir='ltr'>ἀρκοῦνται.</span> <span class='ocrx_word' id='word_1_664' title='bbox 2706 4265 3094 4336; x_wconf 81' lang='grc' dir='ltr'>Ἀλληλοφάγοι</span> <span class='ocrx_word' id='word_1_665' title='bbox 3125 4264 3180 4316; x_wconf 84' lang='grc' dir='ltr'><strong>δὲ</strong></span> <span class='ocrx_word' id='word_1_666' title='bbox 3207 4264 3313 4316; x_wconf 91' lang='grc' dir='ltr'><strong>τῶν</strong></span> <span class='ocrx_word' id='word_1_667' title='bbox 3354 4262 3551 4333; x_wconf 86' lang='grc' dir='ltr'>ἰχθύων</span> <span class='ocrx_word' id='word_1_668' title='bbox 3577 4264 3622 4314; x_wconf 85' lang='grc' dir='ltr'>οἱ</span> 
     </span>
    </p>
   </div>
   <div class='ocr_carea' id='block_1_92' title="bbox 2042 4355 3623 4431">
    <p class='ocr_par' dir='ltr' id='par_1_92' title="bbox 2042 4355 3623 4431">
     <span class='ocr_line' id='line_1_92' title="bbox 2042 4355 3623 4431; baseline -0.006 -15"><span class='ocrx_word' id='word_1_669' title='bbox 2042 4364 2304 4426; x_wconf 85' lang='grc' dir='ltr'>πλεῖστοι,</span> <span class='ocrx_word' id='word_1_670' title='bbox 2340 4361 2434 4414; x_wconf 74' lang='grc' dir='ltr'><strong>καὶ</strong></span> <span class='ocrx_word' id='word_1_671' title='bbox 2459 4363 2486 4413; x_wconf 86' lang='grc' dir='ltr'>ὁ</span> <span class='ocrx_word' id='word_1_672' title='bbox 2517 4359 2839 4431; x_wconf 86' lang='grc' dir='ltr'>μικρότερος</span> <span class='ocrx_word' id='word_1_673' title='bbox 2867 4359 2996 4430; x_wconf 79' lang='grc' dir='ltr'>παρ’</span> <span class='ocrx_word' id='word_1_674' title='bbox 3028 4357 3257 4419; x_wconf 80' lang='grc' dir='ltr'>ἐκείνοις</span> <span class='ocrx_word' id='word_1_675' title='bbox 3286 4355 3484 4427; x_wconf 87' lang='grc' dir='ltr'>βρῶμά</span> <span class='ocrx_word' id='word_1_676' title='bbox 3513 4358 3623 4408; x_wconf 74' lang='grc' dir='ltr'>ἐστι</span> 
     </span>
    </p>
   </div>
   <div class='ocr_carea' id='block_1_93' title="bbox 2041 4447 3623 4522">
    <p class='ocr_par' dir='ltr' id='par_1_93' title="bbox 2041 4447 3623 4522">
     <span class='ocr_line' id='line_1_93' title="bbox 2041 4447 3623 4522; baseline -0.004 -16"><span class='ocrx_word' id='word_1_677' title='bbox 2041 4454 2136 4506; x_wconf 76' lang='grc' dir='ltr'>τοῦ</span> <span class='ocrx_word' id='word_1_678' title='bbox 2183 4451 2444 4522; x_wconf 77' lang='grc' dir='ltr'>μείζονος.</span> <span class='ocrx_word' id='word_1_679' title='bbox 2493 4451 2610 4504; x_wconf 79' lang='grc' dir='ltr'>Κᾶν</span> <span class='ocrx_word' id='word_1_680' title='bbox 2659 4466 2790 4503; x_wconf 87' lang='grc' dir='ltr'>ποτε</span> <span class='ocrx_word' id='word_1_681' title='bbox 2845 4448 3023 4519; x_wconf 76' lang='grc' dir='ltr'>συμϐῇ</span> <span class='ocrx_word' id='word_1_682' title='bbox 3071 4448 3161 4500; x_wconf 75' lang='grc' dir='ltr'><strong>τὸν</strong></span> <span class='ocrx_word' id='word_1_683' title='bbox 3203 4447 3298 4500; x_wconf 81' lang='grc' dir='ltr'>τοῦ</span> <span class='ocrx_word' id='word_1_684' title='bbox 3349 4447 3623 4510; x_wconf 75' lang='grc' dir='ltr'>ἐλάττονος</span> 
     </span>
    </p>
   </div>
   <div class='ocr_carea' id='block_1_94' title="bbox 355 4533 1924 4616">
    <p class='ocr_par' dir='ltr' id='par_1_94' title="bbox 355 4543 1924 4614">
     <span class='ocr_line' id='line_1_94' title="bbox 355 4543 1924 4614; baseline 0.002 -16"><span class='ocrx_word' id='word_1_685' title='bbox 355 4559 539 4598; x_wconf 78' lang='lat' dir='ltr'><strong>norem</strong></span> <span class='ocrx_word' id='word_1_686' title='bbox 598 4553 972 4614; x_wconf 86' lang='lat' dir='ltr'><strong>superaverat,</strong></span> <span class='ocrx_word' id='word_1_687' title='bbox 1008 4544 1234 4598; x_wconf 88' lang='lat' dir='ltr'><strong>alterius</strong></span> <span class='ocrx_word' id='word_1_688' title='bbox 1276 4545 1370 4598; x_wconf 90' lang='lat' dir='ltr'><strong>liat</strong></span> <span class='ocrx_word' id='word_1_689' title='bbox 1407 4543 1594 4614; x_wconf 69' lang='lat' dir='ltr'><strong>praeda</strong></span> <span class='ocrx_word' id='word_1_690' title='bbox 1630 4564 1643 4598; x_wconf 87' lang='lat'><strong>:</strong></span> <span class='ocrx_word' id='word_1_691' title='bbox 1689 4549 1848 4601; x_wconf 87' lang='lat' dir='ltr'><strong>ambo</strong></span> <span class='ocrx_word' id='word_1_692' title='bbox 1882 4547 1924 4600; x_wconf 81' lang='lat' dir='ltr'><strong>ir</strong></span> 
     </span>
    </p>
   </div>
   <div class='ocr_carea' id='block_1_95' title="bbox 2040 4533 3623 4616">
    <p class='ocr_par' dir='ltr' id='par_1_95' title="bbox 2044 4539 3623 4616">
     <span class='ocr_line' id='line_1_95' title="bbox 2044 4539 3623 4616; baseline -0.006 -18"><span class='ocrx_word' id='word_1_693' title='bbox 2044 4545 2394 4616; x_wconf 85' lang='grc' dir='ltr'>κρατήσαντα</span> <span class='ocrx_word' id='word_1_694' title='bbox 2429 4543 2613 4613; x_wconf 81' lang='grc' dir='ltr'>ἑτέρου</span> <span class='ocrx_word' id='word_1_695' title='bbox 2645 4540 2899 4608; x_wconf 85' lang='grc' dir='ltr'>γενέσθαι</span> <span class='ocrx_word' id='word_1_696' title='bbox 2946 4540 3190 4611; x_wconf 82' lang='grc' dir='ltr'>θήραμα,</span> <span class='ocrx_word' id='word_1_697' title='bbox 3229 4540 3334 4592; x_wconf 82' lang='grc' dir='ltr'>ὑπὸ</span> <span class='ocrx_word' id='word_1_698' title='bbox 3365 4539 3465 4608; x_wconf 77' lang='grc' dir='ltr'><strong>τὴν</strong></span> <span class='ocrx_word' id='word_1_699' title='bbox 3503 4541 3623 4608; x_wconf 85' lang='grc' dir='ltr'>μίαν</span> 
     </span>
    </p>
   </div>
   <div class='ocr_carea' id='block_1_96' title="bbox 355 4637 1941 4708">
    <p class='ocr_par' dir='ltr' id='par_1_96' title="bbox 355 4637 1941 4708">
     <span class='ocr_line' id='line_1_96' title="bbox 355 4637 1941 4708; baseline 0.001 -17"><span class='ocrx_word' id='word_1_700' title='bbox 355 4655 518 4692; x_wconf 86' lang='lat' dir='ltr'><strong>unum</strong></span> <span class='ocrx_word' id='word_1_701' title='bbox 540 4649 595 4692; x_wconf 90' lang='lat' dir='ltr'><strong>et</strong></span> <span class='ocrx_word' id='word_1_702' title='bbox 623 4638 868 4694; x_wconf 88' lang='lat' dir='ltr'><strong>eumdem</strong></span> <span class='ocrx_word' id='word_1_703' title='bbox 901 4637 1219 4707; x_wconf 89' lang='lat' dir='ltr'><strong>posterioris</strong></span> <span class='ocrx_word' id='word_1_704' title='bbox 1253 4647 1496 4692; x_wconf 89' lang='lat' dir='ltr'><strong>ventrem</strong></span> <span class='ocrx_word' id='word_1_705' title='bbox 1542 4638 1941 4708; x_wconf 80' lang='lat' dir='ltr'><strong>ingrediuntur.</strong></span> 
     </span>
    </p>
   </div>
   <div class='ocr_carea' id='block_1_97' title="bbox 354 4730 1944 4802">
    <p class='ocr_par' dir='ltr' id='par_1_97' title="bbox 354 4730 1944 4802">
     <span class='ocr_line' id='line_1_97' title="bbox 354 4730 1944 4802; baseline 0.004 -23"><span class='ocrx_word' id='word_1_706' title='bbox 354 4732 491 4796; x_wconf 69' lang='lat' dir='ltr'><strong>Quid</strong></span> <span class='ocrx_word' id='word_1_707' title='bbox 516 4732 678 4801; x_wconf 89' lang='lat' dir='ltr'><strong>igitur</strong></span> <span class='ocrx_word' id='word_1_708' title='bbox 725 4731 868 4785; x_wconf 87' lang='lat' dir='ltr'><strong>aliud</strong></span> <span class='ocrx_word' id='word_1_709' title='bbox 899 4745 997 4784; x_wconf 91' lang='lat' dir='ltr'><strong>nos</strong></span> <span class='ocrx_word' id='word_1_710' title='bbox 1037 4730 1287 4785; x_wconf 89' lang='lat' dir='ltr'><strong>homines</strong></span> <span class='ocrx_word' id='word_1_711' title='bbox 1317 4731 1549 4800; x_wconf 89' lang='lat' dir='ltr'><strong>agimus,</strong></span> <span class='ocrx_word' id='word_1_712' title='bbox 1593 4731 1718 4786; x_wconf 92' lang='lat' dir='ltr'><strong>dum</strong></span> <span class='ocrx_word' id='word_1_713' title='bbox 1761 4742 1944 4802; x_wconf 85' lang='lat' dir='ltr'><strong>tyran-</strong></span> 
     </span>
    </p>
   </div>
   <div class='ocr_carea' id='block_1_98' title="bbox 359 4821 1940 4891">
    <p class='ocr_par' dir='ltr' id='par_1_98' title="bbox 359 4821 1940 4891">
     <span class='ocr_line' id='line_1_98' title="bbox 359 4821 1940 4891; baseline 0.001 -17"><span class='ocrx_word' id='word_1_714' title='bbox 359 4824 481 4876; x_wconf 88' lang='lat' dir='ltr'><strong>nide</strong></span> <span class='ocrx_word' id='word_1_715' title='bbox 537 4830 592 4876; x_wconf 90' lang='lat' dir='ltr'><strong>et</strong></span> <span class='ocrx_word' id='word_1_716' title='bbox 645 4824 885 4891; x_wconf 88' lang='lat' dir='ltr'><strong>potentia</strong></span> <span class='ocrx_word' id='word_1_717' title='bbox 932 4821 1291 4891; x_wconf 88' lang='lat' dir='ltr'><strong>opprimimus</strong></span> <span class='ocrx_word' id='word_1_718' title='bbox 1352 4822 1638 4876; x_wconf 78' lang='lat' dir='ltr'><strong>inferiores</strong></span> <span class='ocrx_word' id='word_1_719' title='bbox 1679 4823 1700 4874; x_wconf 88' lang='lat'><strong>?</strong></span> <span class='ocrx_word' id='word_1_720' title='bbox 1741 4822 1868 4891; x_wconf 91' lang='lat' dir='ltr'><strong>quid</strong></span> <span class='ocrx_word' id='word_1_721' title='bbox 1913 4837 1940 4875; x_wconf 88' lang='lat' dir='ltr'><strong>a</strong></span> 
     </span>
    </p>
   </div>
   <div class='ocr_carea' id='block_1_99' title="bbox 360 4914 1941 4986">
    <p class='ocr_par' dir='ltr' id='par_1_99' title="bbox 360 4914 1941 4986">
     <span class='ocr_line' id='line_1_99' title="bbox 360 4914 1941 4986; baseline 0 -20"><span class='ocrx_word' id='word_1_722' title='bbox 360 4928 632 4984; x_wconf 72' lang='lat' dir='ltr'><strong>postremo</strong></span> <span class='ocrx_word' id='word_1_723' title='bbox 664 4917 812 4986; x_wconf 88' lang='lat' dir='ltr'><strong>pisce</strong></span> <span class='ocrx_word' id='word_1_724' title='bbox 844 4914 1022 4970; x_wconf 83' lang='lat' dir='ltr'><strong>dill&#39;ert</strong></span> <span class='ocrx_word' id='word_1_725' title='bbox 1049 4917 1115 4977; x_wconf 91' lang='lat' dir='ltr'><strong>is,</strong></span> <span class='ocrx_word' id='word_1_726' title='bbox 1154 4914 1245 4983; x_wconf 91' lang='lat' dir='ltr'><strong>qui</strong></span> <span class='ocrx_word' id='word_1_727' title='bbox 1286 4928 1395 4983; x_wconf 70' lang='lat' dir='ltr'><strong>pra:</strong></span> <span class='ocrx_word' id='word_1_728' title='bbox 1424 4916 1602 4967; x_wconf 86' lang='lat' dir='ltr'><strong>voraci</strong></span> <span class='ocrx_word' id='word_1_729' title='bbox 1629 4915 1941 4968; x_wconf 86' lang='lat' dir='ltr'><strong>divitiarum</strong></span> 
     </span>
    </p>
   </div>
   <div class='ocr_carea' id='block_1_100' title="bbox 359 5007 1934 5080">
    <p class='ocr_par' dir='ltr' id='par_1_100' title="bbox 359 5007 1934 5080">
     <span class='ocr_line' id='line_1_100' title="bbox 359 5007 1934 5080; baseline -0.001 -16"><span class='ocrx_word' id='word_1_730' title='bbox 359 5012 654 5079; x_wconf 83' lang='lat' dir='ltr'><strong>cupiditate</strong></span> <span class='ocrx_word' id='word_1_731' title='bbox 703 5011 757 5064; x_wconf 93' lang='lat' dir='ltr'><strong>in</strong></span> <span class='ocrx_word' id='word_1_732' title='bbox 795 5008 1217 5080; x_wconf 83' lang='lat' dir='ltr'><strong>inexplebilibus</strong></span> <span class='ocrx_word' id='word_1_733' title='bbox 1282 5008 1525 5061; x_wconf 75' lang='lat' dir='ltr'><strong>avaritia:</strong></span> <span class='ocrx_word' id='word_1_734' title='bbox 1581 5022 1691 5062; x_wconf 68' lang='lat' dir='ltr'><strong>sure</strong></span> <span class='ocrx_word' id='word_1_735' title='bbox 1736 5007 1934 5063; x_wconf 89' lang='lat' dir='ltr'><strong>linibus</strong></span> 
     </span>
    </p>
   </div>
   <div class='ocr_carea' id='block_1_101' title="bbox 434 5185 1935 5260">
    <p class='ocr_par' dir='ltr' id='par_1_101' title="bbox 434 5185 1935 5260">
     <span class='ocr_line' id='line_1_101' title="bbox 434 5185 1935 5260; baseline -0.005 -16"><span class='ocrx_word' id='word_1_736' title='bbox 434 5187 545 5260; x_wconf 87' lang='lat'><strong>(90)</strong></span> <span class='ocrx_word' id='word_1_737' title='bbox 568 5187 674 5260; x_wconf 78' lang='grc' dir='ltr'><strong>Καὶ</strong></span> <span class='ocrx_word' id='word_1_738' title='bbox 700 5188 754 5241; x_wconf 79' lang='grc' dir='ltr'>οἱ</span> <span class='ocrx_word' id='word_1_739' title='bbox 784 5188 1085 5260; x_wconf 54' lang='lat' dir='ltr'><strong>uva-taxat.</strong></span> <span class='ocrx_word' id='word_1_740' title='bbox 1114 5188 1287 5243; x_wconf 85' lang='lat' dir='ltr'><strong>Piscis</strong></span> <span class='ocrx_word' id='word_1_741' title='bbox 1308 5185 1503 5260; x_wconf 67' lang='lat' dir='ltr'><strong>illecui</strong></span> <span class='ocrx_word' id='word_1_742' title='bbox 1534 5187 1723 5260; x_wconf 59' lang='lat' dir='ltr'><strong>Graece</strong></span> <span class='ocrx_word' id='word_1_743' title='bbox 1740 5198 1935 5260; x_wconf 86' lang='lat' dir='ltr'><strong>nomen</strong></span> 
     </span>
    </p>
   </div>
   <div class='ocr_carea' id='block_1_102' title="bbox 361 5257 1936 5323">
    <p class='ocr_par' dir='ltr' id='par_1_102' title="bbox 361 5257 1936 5323">
     <span class='ocr_line' id='line_1_102' title="bbox 361 5257 1936 5323; baseline -0.003 -10"><span class='ocrx_word' id='word_1_744' title='bbox 361 5272 445 5313; x_wconf 59' lang='lat' dir='ltr'><strong>est</strong></span> <span class='ocrx_word' id='word_1_745' title='bbox 485 5257 760 5323; x_wconf 84' lang='grc' dir='ltr'>κυνίσκος,</span> <span class='ocrx_word' id='word_1_746' title='bbox 797 5259 984 5315; x_wconf 88' lang='lat' dir='ltr'><strong>Latine</strong></span> <span class='ocrx_word' id='word_1_747' title='bbox 1027 5262 1224 5315; x_wconf 88' lang='lat' dir='ltr'><strong>dicitur</strong></span> <span class='ocrx_word' id='word_1_748' title='bbox 1273 5260 1340 5313; x_wconf 86' lang='lat' dir='ltr'><strong>ab</strong></span> <span class='ocrx_word' id='word_1_749' title='bbox 1384 5259 1666 5312; x_wconf 87' lang='lat' dir='ltr'><strong>Enstathio</strong></span> <span class='ocrx_word' id='word_1_750' title='bbox 1723 5257 1936 5308; x_wconf 77' lang='lat' dir='ltr'><strong>asellus.</strong></span> 
     </span>
    </p>
   </div>
   <div class='ocr_carea' id='block_1_103' title="bbox 369 5327 1940 5393">
    <p class='ocr_par' dir='ltr' id='par_1_103' title="bbox 369 5327 1940 5393">
     <span class='ocr_line' id='line_1_103' title="bbox 369 5327 1940 5393; baseline -0.003 -11"><span class='ocrx_word' id='word_1_751' title='bbox 369 5332 492 5393; x_wconf 71' lang='lat' dir='ltr'><strong>l&#39;ljus</strong></span> <span class='ocrx_word' id='word_1_752' title='bbox 518 5335 630 5384; x_wconf 56' lang='lat' dir='ltr'><strong>haec</strong></span> <span class='ocrx_word' id='word_1_753' title='bbox 653 5341 778 5383; x_wconf 88' lang='lat' dir='ltr'><strong>sunt</strong></span> <span class='ocrx_word' id='word_1_754' title='bbox 809 5332 972 5385; x_wconf 82' lang='lat' dir='ltr'><strong>verba</strong></span> <span class='ocrx_word' id='word_1_755' title='bbox 1005 5348 1019 5386; x_wconf 90' lang='lat'><strong>:</strong></span> <span class='ocrx_word' id='word_1_756' title='bbox 1046 5330 1201 5384; x_wconf 80' lang='lat' dir='ltr'><strong>Facit</strong></span> <span class='ocrx_word' id='word_1_757' title='bbox 1233 5339 1406 5383; x_wconf 81' lang='lat' dir='ltr'><strong>autem</strong></span> <span class='ocrx_word' id='word_1_758' title='bbox 1442 5328 1644 5381; x_wconf 75' lang='lat' dir='ltr'><strong>catulos</strong></span> <span class='ocrx_word' id='word_1_759' title='bbox 1674 5327 1940 5387; x_wconf 80' lang='lat' dir='ltr'><strong>mustella,</strong></span> 
     </span>
    </p>
   </div>
   <div class='ocr_carea' id='block_1_104' title="bbox 367 5400 1944 5471">
    <p class='ocr_par' dir='ltr' id='par_1_104' title="bbox 367 5400 1944 5471">
     <span class='ocr_line' id='line_1_104' title="bbox 367 5400 1944 5471; baseline -0.003 -20"><span class='ocrx_word' id='word_1_760' title='bbox 367 5410 416 5451; x_wconf 74' lang='lat' dir='ltr'><strong>et</strong></span> <span class='ocrx_word' id='word_1_761' title='bbox 449 5400 664 5471; x_wconf 61' lang='lat' dir='ltr'><strong>asellus,</strong></span> <span class='ocrx_word' id='word_1_762' title='bbox 697 5411 742 5453; x_wconf 87' lang='lat' dir='ltr'><strong>et</strong></span> <span class='ocrx_word' id='word_1_763' title='bbox 771 5401 949 5455; x_wconf 85' lang='lat' dir='ltr'><strong>omnia</strong></span> <span class='ocrx_word' id='word_1_764' title='bbox 993 5418 1110 5471; x_wconf 70' lang='lat' dir='ltr'><strong>qua:</strong></span> <span class='ocrx_word' id='word_1_765' title='bbox 1132 5402 1244 5454; x_wconf 84' lang='lat' dir='ltr'><strong>sine</strong></span> <span class='ocrx_word' id='word_1_766' title='bbox 1273 5402 1505 5468; x_wconf 79' lang='lat' dir='ltr'><strong>squamis</strong></span> <span class='ocrx_word' id='word_1_767' title='bbox 1532 5408 1685 5471; x_wconf 81' lang='lat' dir='ltr'><strong>sunt,</strong></span> <span class='ocrx_word' id='word_1_768' title='bbox 1707 5412 1831 5471; x_wconf 68' lang='lat' dir='ltr'><strong>quae</strong></span> <span class='ocrx_word' id='word_1_769' title='bbox 1854 5413 1944 5450; x_wconf 85' lang='lat' dir='ltr'><strong>sa-</strong></span> 
     </span>
    </p>
   </div>
   <div class='ocr_carea' id='block_1_105' title="bbox 370 5469 1914 5540">
    <p class='ocr_par' dir='ltr' id='par_1_105' title="bbox 370 5469 1914 5540">
     <span class='ocr_line' id='line_1_105' title="bbox 370 5469 1914 5540; baseline -0.002 -19"><span class='ocrx_word' id='word_1_770' title='bbox 370 5469 501 5522; x_wconf 82' lang='lat' dir='ltr'><strong>latia</strong></span> <span class='ocrx_word' id='word_1_771' title='bbox 523 5470 694 5540; x_wconf 69' lang='lat' dir='ltr'><strong>Gra&#39;ci</strong></span> <span class='ocrx_word' id='word_1_772' title='bbox 722 5469 1016 5525; x_wconf 68' lang='lat' dir='ltr'><strong>nominant.</strong></span> <span class='ocrx_word' id='word_1_773' title='bbox 1055 5473 1160 5526; x_wconf 85' lang='lat' dir='ltr'><strong>Sed</strong></span> <span class='ocrx_word' id='word_1_774' title='bbox 1184 5486 1279 5540; x_wconf 90' lang='lat' dir='ltr'><strong>pro</strong></span> <span class='ocrx_word' id='word_1_775' title='bbox 1314 5472 1507 5522; x_wconf 79' lang='lat' dir='ltr'><strong>solatia</strong></span> <span class='ocrx_word' id='word_1_776' title='bbox 1531 5470 1812 5540; x_wconf 70' lang='lat' dir='ltr'><strong>legendum</strong></span> <span class='ocrx_word' id='word_1_777' title='bbox 1845 5481 1914 5540; x_wconf 60' lang='grc' dir='ltr'><strong>μμ</strong></span> 
     </span>
    </p>
   </div>
   <div class='ocr_carea' id='block_1_106' title="bbox 376 5535 1936 5610">
    <p class='ocr_par' dir='ltr' id='par_1_106' title="bbox 376 5535 1936 5610">
     <span class='ocr_line' id='line_1_106' title="bbox 376 5535 1936 5610; baseline -0.003 -18"><span class='ocrx_word' id='word_1_778' title='bbox 376 5549 429 5592; x_wconf 78' lang='lat' dir='ltr'><strong>to</strong></span> <span class='ocrx_word' id='word_1_779' title='bbox 453 5539 702 5603; x_wconf 79' lang='lat' dir='ltr'><strong>selachia,</strong></span> <span class='ocrx_word' id='word_1_780' title='bbox 727 5543 798 5595; x_wconf 86' lang='lat' dir='ltr'><strong>ob</strong></span> <span class='ocrx_word' id='word_1_781' title='bbox 817 5542 945 5596; x_wconf 82' lang='lat' dir='ltr'><strong>illud</strong></span> <span class='ocrx_word' id='word_1_782' title='bbox 977 5535 1198 5606; x_wconf 47' lang='lat' dir='ltr'><strong>Basilii;</strong></span> <span class='ocrx_word' id='word_1_783' title='bbox 1219 5542 1288 5594; x_wconf 88' lang='grc' dir='ltr'>τὰ</span> <span class='ocrx_word' id='word_1_784' title='bbox 1322 5540 1543 5610; x_wconf 82' lang='grc' dir='ltr'>σελάχη.</span> <span class='ocrx_word' id='word_1_785' title='bbox 1612 5538 1818 5610; x_wconf 79' lang='lat' dir='ltr'><strong>Plinius</strong></span> <span class='ocrx_word' id='word_1_786' title='bbox 1845 5535 1936 5589; x_wconf 89' lang='lat' dir='ltr'><strong>lib.</strong></span> 
     </span>
    </p>
   </div>
   <div class='ocr_carea' id='block_1_107' title="bbox 380 5609 1939 5678">
    <p class='ocr_par' dir='ltr' id='par_1_107' title="bbox 380 5609 1939 5678">
     <span class='ocr_line' id='line_1_107' title="bbox 380 5609 1939 5678; baseline -0.003 -18"><span class='ocrx_word' id='word_1_787' title='bbox 380 5624 457 5668; x_wconf 55' lang='grc' dir='ltr'>ιι.</span> <span class='ocrx_word' id='word_1_788' title='bbox 483 5625 600 5678; x_wconf 83' lang='lat' dir='ltr'><strong>cap.</strong></span> <span class='ocrx_word' id='word_1_789' title='bbox 623 5610 726 5674; x_wconf 70' lang='grc'><strong>24,</strong></span> <span class='ocrx_word' id='word_1_790' title='bbox 747 5615 824 5664; x_wconf 86' lang='lat' dir='ltr'><strong>sic</strong></span> <span class='ocrx_word' id='word_1_791' title='bbox 849 5613 1085 5678; x_wconf 86' lang='lat' dir='ltr'><strong>loquitur</strong></span> <span class='ocrx_word' id='word_1_792' title='bbox 1118 5631 1130 5665; x_wconf 91' lang='lat'>:</span> <span class='ocrx_word' id='word_1_793' title='bbox 1181 5611 1306 5665; x_wconf 54' lang='lat' dir='ltr'><strong>Haec</strong></span> <span class='ocrx_word' id='word_1_794' title='bbox 1331 5609 1520 5663; x_wconf 77' lang='lat' dir='ltr'><strong>erce</strong></span> <span class='ocrx_word' id='word_1_795' title='bbox 1549 5612 1601 5662; x_wconf 81' lang='lat' dir='ltr'><strong>in</strong></span> <span class='ocrx_word' id='word_1_796' title='bbox 1644 5609 1939 5660; x_wconf 77' lang='lat' dir='ltr'><strong>uniuersum</strong></span> 
     </span>
    </p>
   </div>
   <div class='ocr_carea' id='block_1_108' title="bbox 379 5677 1942 5747">
    <p class='ocr_par' dir='ltr' id='par_1_108' title="bbox 379 5677 1942 5747">
     <span class='ocr_line' id='line_1_108' title="bbox 379 5677 1942 5747; baseline 0.001 -20"><span class='ocrx_word' id='word_1_797' title='bbox 379 5677 582 5730; x_wconf 52' lang='grc' dir='ltr'>βείω-ἦε</span> <span class='ocrx_word' id='word_1_798' title='bbox 603 5681 879 5747; x_wconf 78' lang='lat' dir='ltr'><strong>appellavi!</strong></span> <span class='ocrx_word' id='word_1_799' title='bbox 907 5677 1213 5736; x_wconf 67' lang='lat' dir='ltr'><strong>Aristoteles</strong></span> <span class='ocrx_word' id='word_1_800' title='bbox 1237 5684 1460 5746; x_wconf 77' lang='lat' dir='ltr'><strong>primus.</strong></span> <span class='ocrx_word' id='word_1_801' title='bbox 1513 5682 1606 5733; x_wconf 84' lang='lat' dir='ltr'><strong>hac</strong></span> <span class='ocrx_word' id='word_1_802' title='bbox 1639 5677 1842 5730; x_wconf 72' lang='lat' dir='ltr'><strong>noutine</strong></span> <span class='ocrx_word' id='word_1_803' title='bbox 1868 5679 1942 5728; x_wconf 79' lang='lat' dir='ltr'><strong>cis</strong></span> 
     </span>
    </p>
   </div>
   <div class='ocr_carea' id='block_1_109' title="bbox 383 5747 1945 5820">
    <p class='ocr_par' dir='ltr' id='par_1_109' title="bbox 383 5747 1945 5820">
     <span class='ocr_line' id='line_1_109' title="bbox 383 5747 1945 5820; baseline -0.01 -7"><span class='ocrx_word' id='word_1_804' title='bbox 383 5749 641 5812; x_wconf 65' lang='grc' dir='ltr'><strong>δυθμοδέιο.</strong></span> <span class='ocrx_word' id='word_1_805' title='bbox 686 5747 1125 5820; x_wconf 74' lang='lat' dir='ltr'><strong>Nostlistingucrc</strong></span> <span class='ocrx_word' id='word_1_806' title='bbox 1157 5768 1257 5805; x_wconf 82' lang='lat' dir='ltr'><strong>non</strong></span> <span class='ocrx_word' id='word_1_807' title='bbox 1281 5766 1578 5820; x_wconf 77' lang='lat' dir='ltr'><strong>possumus,</strong></span> <span class='ocrx_word' id='word_1_808' title='bbox 1600 5749 1696 5802; x_wconf 80' lang='lat' dir='ltr'><strong>nisi</strong></span> <span class='ocrx_word' id='word_1_809' title='bbox 1731 5749 1945 5801; x_wconf 77' lang='lat' dir='ltr'><strong>cartila-</strong></span> 
     </span>
    </p>
   </div>
   <div class='ocr_carea' id='block_1_110' title="bbox 2042 4624 3622 4703">
    <p class='ocr_par' dir='ltr' id='par_1_110' title="bbox 2042 4624 3622 4703">
     <span class='ocr_line' id='line_1_110' title="bbox 2042 4624 3622 4703; baseline -0.006 -14"><span class='ocrx_word' id='word_1_810' title='bbox 2042 4636 2264 4703; x_wconf 83' lang='grc' dir='ltr'>ἄγονται</span> <span class='ocrx_word' id='word_1_811' title='bbox 2319 4633 2565 4702; x_wconf 85' lang='grc' dir='ltr'>γαστέρα</span> <span class='ocrx_word' id='word_1_812' title='bbox 2610 4631 2704 4684; x_wconf 80' lang='grc' dir='ltr'>τοῦ</span> <span class='ocrx_word' id='word_1_813' title='bbox 2751 4630 3081 4684; x_wconf 89' lang='grc' dir='ltr'>τελευταίου.</span> <span class='ocrx_word' id='word_1_814' title='bbox 3135 4630 3200 4681; x_wconf 94' lang='grc' dir='ltr'>Τί</span> <span class='ocrx_word' id='word_1_815' title='bbox 3239 4624 3334 4681; x_wconf 76' lang='grc' dir='ltr'><strong>οὖν</strong></span> <span class='ocrx_word' id='word_1_816' title='bbox 3371 4630 3536 4698; x_wconf 76' lang='grc' dir='ltr'>ἡμεῖς</span> <span class='ocrx_word' id='word_1_817' title='bbox 3579 4630 3622 4681; x_wconf 84' lang='grc' dir='ltr'><strong>οἰ</strong></span> 
     </span>
    </p>
   </div>
   <div class='ocr_carea' id='block_1_111' title="bbox 2043 4720 3623 4798">
    <p class='ocr_par' dir='ltr' id='par_1_111' title="bbox 2043 4720 3623 4798">
     <span class='ocr_line' id='line_1_111' title="bbox 2043 4720 3623 4798; baseline -0.006 -17"><span class='ocrx_word' id='word_1_818' title='bbox 2043 4727 2322 4798; x_wconf 83' lang='grc' dir='ltr'>ἄνθρωποι</span> <span class='ocrx_word' id='word_1_819' title='bbox 2355 4725 2482 4779; x_wconf 81' lang='grc' dir='ltr'>ἄλλο</span> <span class='ocrx_word' id='word_1_820' title='bbox 2509 4742 2562 4776; x_wconf 90' lang='grc' dir='ltr'><strong>τι</strong></span> <span class='ocrx_word' id='word_1_821' title='bbox 2589 4722 2851 4794; x_wconf 79' lang='grc' dir='ltr'>ποιοῦμεν</span> <span class='ocrx_word' id='word_1_822' title='bbox 2882 4725 2938 4776; x_wconf 79' lang='grc' dir='ltr'>ἐν</span> <span class='ocrx_word' id='word_1_823' title='bbox 2967 4725 3033 4793; x_wconf 81' lang='grc' dir='ltr'>τῇ</span> <span class='ocrx_word' id='word_1_824' title='bbox 3065 4720 3495 4792; x_wconf 82' lang='grc' dir='ltr'>καταδυναστείᾳ</span> <span class='ocrx_word' id='word_1_825' title='bbox 3523 4722 3623 4773; x_wconf 85' lang='grc' dir='ltr'><strong>τῶν</strong></span> 
     </span>
    </p>
   </div>
   <div class='ocr_carea' id='block_1_112' title="bbox 2044 4811 3624 4887">
    <p class='ocr_par' dir='ltr' id='par_1_112' title="bbox 2044 4811 3624 4887">
     <span class='ocr_line' id='line_1_112' title="bbox 2044 4811 3624 4887; baseline -0.004 -17"><span class='ocrx_word' id='word_1_826' title='bbox 2044 4817 2483 4887; x_wconf 84' lang='grc' dir='ltr'>ύποδεεστέρων;</span> <span class='ocrx_word' id='word_1_827' title='bbox 2529 4815 2581 4867; x_wconf 91' lang='grc' dir='ltr'><strong>τί</strong></span> <span class='ocrx_word' id='word_1_828' title='bbox 2618 4813 2864 4886; x_wconf 79' lang='grc' dir='ltr'>διαφέρει</span> <span class='ocrx_word' id='word_1_829' title='bbox 2907 4813 3000 4866; x_wconf 81' lang='grc' dir='ltr'>τοῦ</span> <span class='ocrx_word' id='word_1_830' title='bbox 3033 4813 3343 4866; x_wconf 86' lang='grc' dir='ltr'>τελευταίου</span> <span class='ocrx_word' id='word_1_831' title='bbox 3388 4811 3566 4881; x_wconf 83' lang='grc' dir='ltr'>ἰχθύος</span> <span class='ocrx_word' id='word_1_832' title='bbox 3598 4815 3624 4864; x_wconf 86' lang='grc' dir='ltr'><strong>ό</strong></span> 
     </span>
    </p>
   </div>
   <div class='ocr_carea' id='block_1_113' title="bbox 2043 4902 3622 4979">
    <p class='ocr_par' dir='ltr' id='par_1_113' title="bbox 2043 4902 3622 4979">
     <span class='ocr_line' id='line_1_113' title="bbox 2043 4902 3622 4979; baseline -0.004 -19"><span class='ocrx_word' id='word_1_833' title='bbox 2043 4912 2108 4979; x_wconf 82' lang='grc' dir='ltr'>τῇ</span> <span class='ocrx_word' id='word_1_834' title='bbox 2133 4908 2424 4979; x_wconf 85' lang='grc' dir='ltr'>λαιμάργῳ</span> <span class='ocrx_word' id='word_1_835' title='bbox 2446 4905 2797 4976; x_wconf 68' lang='grc' dir='ltr'>φιλοπλουτίᾳ</span> <span class='ocrx_word' id='word_1_836' title='bbox 2820 4907 2937 4967; x_wconf 89' lang='grc' dir='ltr'>τοῖς</span> <span class='ocrx_word' id='word_1_837' title='bbox 2956 4904 3101 4972; x_wconf 61' lang='lat' dir='ltr'><strong>dum,</strong></span> <span class='ocrx_word' id='word_1_838' title='bbox 3112 4902 3300 4974; x_wconf 82' lang='grc' dir='ltr'>ρὼτοις</span> <span class='ocrx_word' id='word_1_839' title='bbox 3321 4904 3418 4973; x_wconf 85' lang='grc' dir='ltr'>τῆς</span> <span class='ocrx_word' id='word_1_840' title='bbox 3443 4903 3622 4955; x_wconf 75' lang='grc' dir='ltr'>πλεονο</span> 
     </span>
    </p>
   </div>
   <div class='ocr_carea' id='block_1_114' title="bbox 2042 4994 3620 5072">
    <p class='ocr_par' dir='ltr' id='par_1_114' title="bbox 2042 4994 3620 5072">
     <span class='ocr_line' id='line_1_114' title="bbox 2042 4994 3620 5072; baseline -0.008 -14"><span class='ocrx_word' id='word_1_841' title='bbox 2042 5005 2191 5072; x_wconf 77' lang='grc' dir='ltr'>εξίας</span> <span class='ocrx_word' id='word_1_842' title='bbox 2238 4999 2398 5055; x_wconf 81' lang='grc' dir='ltr'>αὐτοῦ</span> <span class='ocrx_word' id='word_1_843' title='bbox 2433 4999 2652 5061; x_wconf 81' lang='grc' dir='ltr'>κόλποις</span> <span class='ocrx_word' id='word_1_844' title='bbox 2695 4997 3122 5067; x_wconf 80' lang='grc' dir='ltr'>ἐναποκρύπτων</span> <span class='ocrx_word' id='word_1_845' title='bbox 3167 4996 3292 5058; x_wconf 62' lang='grc' dir='ltr'>τοὺς</span> <span class='ocrx_word' id='word_1_846' title='bbox 3348 4994 3620 5058; x_wconf 57' lang='lat' dir='ltr'><strong>dio-09:51:;</strong></span> 
     </span>
    </p>
   </div>
   <div class='ocr_carea' id='block_1_115' title="bbox 2043 5176 2688 5252">
    <p class='ocr_par' dir='ltr' id='par_1_115' title="bbox 2043 5176 2688 5252">
     <span class='ocr_line' id='line_1_115' title="bbox 2043 5176 2688 5252; baseline -0.008 -18"><span class='ocrx_word' id='word_1_847' title='bbox 2043 5185 2195 5252; x_wconf 84' lang='lat' dir='ltr'><strong>ginea</strong></span> <span class='ocrx_word' id='word_1_848' title='bbox 2210 5179 2486 5252; x_wconf 67' lang='lat' dir='ltr'><strong>appellare</strong></span> <span class='ocrx_word' id='word_1_849' title='bbox 2515 5176 2688 5229; x_wconf 84' lang='lat' dir='ltr'><strong>libeat.</strong></span> 
     </span>
    </p>
   </div>
   <div class='ocr_carea' id='block_1_116' title="bbox 2118 5241 3622 5320">
    <p class='ocr_par' dir='ltr' id='par_1_116' title="bbox 2118 5241 3622 5320">
     <span class='ocr_line' id='line_1_116' title="bbox 2118 5241 3622 5320; baseline -0.008 -14"><span class='ocrx_word' id='word_1_850' title='bbox 2118 5251 2227 5320; x_wconf 84' lang='lat'><strong>(91)</strong></span> <span class='ocrx_word' id='word_1_851' title='bbox 2256 5241 2439 5304; x_wconf 51' lang='lat' dir='ltr'><strong>&#39;Colb.</strong></span> <span class='ocrx_word' id='word_1_852' title='bbox 2500 5248 2772 5320; x_wconf 79' lang='lat' dir='ltr'><strong>secundus</strong></span> <span class='ocrx_word' id='word_1_853' title='bbox 2829 5244 2997 5320; x_wconf 82' lang='grc' dir='ltr'>’ύδατα</span> <span class='ocrx_word' id='word_1_854' title='bbox 3052 5243 3273 5320; x_wconf 45' lang='grc' dir='ltr'>ἑρπετὰ.</span> <span class='ocrx_word' id='word_1_855' title='bbox 3312 5243 3472 5320; x_wconf 78' lang='grc' dir='ltr'>κατά.</span> <span class='ocrx_word' id='word_1_856' title='bbox 3511 5241 3622 5320; x_wconf 66' lang='lat' dir='ltr'><strong>Mox</strong></span> 
     </span>
    </p>
   </div>
   <div class='ocr_carea' id='block_1_117' title="bbox 2050 5313 3623 5392">
    <p class='ocr_par' dir='ltr' id='par_1_117' title="bbox 2050 5313 3623 5392">
     <span class='ocr_line' id='line_1_117' title="bbox 2050 5313 3623 5392; baseline -0.008 -16"><span class='ocrx_word' id='word_1_857' title='bbox 2050 5313 2422 5392; x_wconf 38' lang='lat' dir='ltr'><strong>Ite&#39;gfsextus</strong></span> <span class='ocrx_word' id='word_1_858' title='bbox 2467 5334 2588 5373; x_wconf 86' lang='lat' dir='ltr'><strong>cum</strong></span> <span class='ocrx_word' id='word_1_859' title='bbox 2639 5317 2790 5371; x_wconf 77' lang='lat' dir='ltr'><strong>Colb.</strong></span> <span class='ocrx_word' id='word_1_860' title='bbox 2849 5319 3026 5386; x_wconf 90' lang='lat' dir='ltr'><strong>primo</strong></span> <span class='ocrx_word' id='word_1_861' title='bbox 3075 5313 3138 5367; x_wconf 84' lang='grc' dir='ltr'><strong>τὸ</strong></span> <span class='ocrx_word' id='word_1_862' title='bbox 3207 5313 3313 5366; x_wconf 85' lang='grc' dir='ltr'><strong>τῶν</strong></span> <span class='ocrx_word' id='word_1_863' title='bbox 3365 5313 3623 5385; x_wconf 79' lang='grc' dir='ltr'>λεπτοτά-</span> 
     </span>
    </p>
   </div>
   <div class='ocr_carea' id='block_1_118' title="bbox 2046 5409 3642 5446">
    <p class='ocr_par' dir='ltr' id='par_1_118' title="bbox 2046 5409 3642 5446">
     <span class='ocr_line' id='line_1_118' title="bbox 2046 5409 3642 5446; baseline -0.013 -2"><span class='ocrx_word' id='word_1_864' title='bbox 2046 5409 2176 5446; x_wconf 88' lang='grc' dir='ltr'>των.</span> <span class='ocrx_word' id='word_1_865' title='bbox 3638 5417 3642 5437; x_wconf 52' lang='grc'>;</span> 
     </span>
    </p>
   </div>
   <div class='ocr_carea' id='block_1_119' title="bbox 2123 5453 3618 5533">
    <p class='ocr_par' dir='ltr' id='par_1_119' title="bbox 2123 5453 3618 5533">
     <span class='ocr_line' id='line_1_119' title="bbox 2123 5453 3618 5533; baseline -0.008 -19"><span class='ocrx_word' id='word_1_866' title='bbox 2123 5463 2233 5533; x_wconf 70' lang='lat'><strong>(1)2)</strong></span> <span class='ocrx_word' id='word_1_867' title='bbox 2267 5461 2338 5514; x_wconf 85' lang='lat' dir='ltr'><strong>Ita</strong></span> <span class='ocrx_word' id='word_1_868' title='bbox 2386 5456 2849 5533; x_wconf 44' lang='lat' dir='ltr'><strong>codexuconibel:</strong></span> <span class='ocrx_word' id='word_1_869' title='bbox 2893 5471 3015 5509; x_wconf 90' lang='lat' dir='ltr'><strong>cum</strong></span> <span class='ocrx_word' id='word_1_870' title='bbox 3059 5454 3186 5533; x_wconf 71' lang='lat' dir='ltr'><strong>aliis</strong></span> <span class='ocrx_word' id='word_1_871' title='bbox 3224 5453 3460 5522; x_wconf 88' lang='lat' dir='ltr'><strong>quinque</strong></span> <span class='ocrx_word' id='word_1_872' title='bbox 3500 5467 3618 5533; x_wconf 51' lang='lat' dir='ltr'><strong>nisi.</strong></span> 
     </span>
    </p>
   </div>
   <div class='ocr_carea' id='block_1_120' title="bbox 2054 5521 3625 5600">
    <p class='ocr_par' dir='ltr' id='par_1_120' title="bbox 2054 5521 3625 5600">
     <span class='ocr_line' id='line_1_120' title="bbox 2054 5521 3625 5600; baseline -0.006 -15"><span class='ocrx_word' id='word_1_873' title='bbox 2054 5521 2227 5586; x_wconf 46' lang='lat' dir='ltr'><strong>Deest,</strong></span> <span class='ocrx_word' id='word_1_874' title='bbox 2253 5532 2404 5600; x_wconf 89' lang='grc' dir='ltr'>παρά</span> <span class='ocrx_word' id='word_1_875' title='bbox 2435 5532 2486 5584; x_wconf 92' lang='lat' dir='ltr'><strong>in</strong></span> <span class='ocrx_word' id='word_1_876' title='bbox 2519 5529 2701 5600; x_wconf 81' lang='lat' dir='ltr'><strong>editis.</strong></span> <span class='ocrx_word' id='word_1_877' title='bbox 2736 5526 2936 5600; x_wconf 65' lang='lat' dir='ltr'><strong>Ibidem</strong></span> <span class='ocrx_word' id='word_1_878' title='bbox 2971 5526 3189 5600; x_wconf 54' lang='lat' dir='ltr'><strong>codices</strong></span> <span class='ocrx_word' id='word_1_879' title='bbox 3217 5521 3340 5578; x_wconf 82' lang='lat' dir='ltr'><strong>Octo</strong></span> <span class='ocrx_word' id='word_1_880' title='bbox 3370 5521 3544 5594; x_wconf 80' lang='grc' dir='ltr'>τροφὴ</span> <span class='ocrx_word' id='word_1_881' title='bbox 3571 5522 3625 5576; x_wconf 72' lang='grc' dir='ltr'><strong>δὲ</strong></span> 
     </span>
    </p>
   </div>
   <div class='ocr_carea' id='block_1_121' title="bbox 2054 5594 3239 5673">
    <p class='ocr_par' dir='ltr' id='par_1_121' title="bbox 2054 5594 3239 5673">
     <span class='ocr_line' id='line_1_121' title="bbox 2054 5594 3239 5673; baseline -0.007 -17"><span class='ocrx_word' id='word_1_882' title='bbox 2054 5604 2284 5673; x_wconf 76' lang='grc' dir='ltr'>ἰχθύ-σιν,</span> <span class='ocrx_word' id='word_1_883' title='bbox 2318 5594 2408 5652; x_wconf 65' lang='lat' dir='ltr'><strong>aut</strong></span> <span class='ocrx_word' id='word_1_884' title='bbox 2437 5603 2546 5660; x_wconf 81' lang='grc' dir='ltr'>τοῖς</span> <span class='ocrx_word' id='word_1_885' title='bbox 2575 5598 2803 5667; x_wconf 88' lang='grc' dir='ltr'>ἰχθύσιν.</span> <span class='ocrx_word' id='word_1_886' title='bbox 2845 5595 2982 5673; x_wconf 72' lang='lat' dir='ltr'><strong>Etlili</strong></span> <span class='ocrx_word' id='word_1_887' title='bbox 3022 5594 3239 5673; x_wconf 58' lang='grc' dir='ltr'>ἰχθύων.</span> 
     </span>
    </p>
   </div>
   <div class='ocr_carea' id='block_1_122' title="bbox 2094 5661 3621 5741">
    <p class='ocr_par' dir='ltr' id='par_1_122' title="bbox 2094 5661 3621 5741">
     <span class='ocr_line' id='line_1_122' title="bbox 2094 5661 3621 5741; baseline -0.004 -19"><span class='ocrx_word' id='word_1_888' title='bbox 2094 5663 2235 5741; x_wconf 68' lang='grc' dir='ltr'><strong>ἰεδῦ)</strong></span> <span class='ocrx_word' id='word_1_889' title='bbox 2273 5661 2372 5723; x_wconf 73' lang='lat' dir='ltr'><strong>Sic</strong></span> <span class='ocrx_word' id='word_1_890' title='bbox 2426 5661 2845 5741; x_wconf 30' lang='lat' dir='ltr'><strong>qiiiiiqiieitiiss.</strong></span> <span class='ocrx_word' id='word_1_891' title='bbox 2907 5661 3248 5741; x_wconf 40' lang='lat' dir='ltr'><strong>Eiliti&#39;é‘lgto:</strong></span> <span class='ocrx_word' id='word_1_892' title='bbox 3312 5663 3386 5741; x_wconf 66' lang='grc' dir='ltr'>δέ.</span> <span class='ocrx_word' id='word_1_893' title='bbox 3435 5661 3621 5716; x_wconf 82' lang='lat' dir='ltr'><strong>Statim</strong></span> 
     </span>
    </p>
   </div>
   <div class='ocr_carea' id='block_1_123' title="bbox 2056 5735 3524 5812">
    <p class='ocr_par' dir='ltr' id='par_1_123' title="bbox 2056 5735 3524 5812">
     <span class='ocr_line' id='line_1_123' title="bbox 2056 5735 3524 5812; baseline -0.006 -15"><span class='ocrx_word' id='word_1_894' title='bbox 2056 5744 2183 5812; x_wconf 52' lang='lat' dir='ltr'><strong>Reg.</strong></span> <span class='ocrx_word' id='word_1_895' title='bbox 2214 5735 2396 5798; x_wconf 70' lang='lat' dir='ltr'><strong>Sextus</strong></span> <span class='ocrx_word' id='word_1_896' title='bbox 2430 5735 2548 5795; x_wconf 79' lang='lat' dir='ltr'><strong>cum</strong></span> <span class='ocrx_word' id='word_1_897' title='bbox 2582 5735 2733 5794; x_wconf 65' lang='lat' dir='ltr'><strong>Coll».</strong></span> <span class='ocrx_word' id='word_1_898' title='bbox 2772 5739 2942 5808; x_wconf 79' lang='lat' dir='ltr'><strong>primo</strong></span> <span class='ocrx_word' id='word_1_899' title='bbox 2971 5735 3119 5788; x_wconf 64' lang='grc' dir='ltr'>ὕδατι</span> <span class='ocrx_word' id='word_1_900' title='bbox 3155 5735 3524 5807; x_wconf 72' lang='grc' dir='ltr'>διαρκοῦνται.</span> 
     </span>
    </p>
   </div>
  </div>
