3850 6218
343 264 446 320 153

1448 273 1734 330 11οΜΙΙ.1Α
1775 272 1863 330 VII
1903 274 1969 328 ΙΝ
2011 275 2510 337 ΙΙΙΞΧΛΕΜΕΒΟΝ.

3509 290 3612 346 154

351 405 592 466 Ἐκεῖνος
619 399 732 476 εἶχε
769 403 838 458 τὰ
868 404 960 458 τοῦ
996 406 1223 478 πένητος
1245 427 1256 439 ·
1289 411 1351 464 σὺ
1385 411 1569 466 τοῦτον
1600 414 1712 480 (94)
1743 413 1910 468 λαϐὼι

2032 396 2328 454 imbecilles
2351 401 2635 454 abscondit
2659 400 2680 454 ?
2705 400 2798 456 llle
2827 402 3136 470 possidebat
3159 404 3415 474 pauperis
3433 406 3570 461 bona
3594 427 3608 462 :

341 495 506 567 μέρος
534 497 775 566 ἐποιήσω
801 497 898 567 τῆς
923 499 1240 568 περιουσίας
1269 501 1518 556 σεαυτοῦ.
1558 504 1784 556 ’Λδίκων
1810 505 1922 558 ἀδι-

339 585 577 655 κώτερος
631 587 940 658 ἀνεφάνης,
1002 589 1094 641 καὶ
1154 589 1676 663 πλεονεκτικώτερος
1730 593 1920 646 πλεον-

337 679 520 732 έκτου.
559 679 699 750 Ὅρα
723 681 796 750 μὴ
843 680 905 732 τὸ
936 682 1069 734 αύτό
1104 699 1162 734 σε
1189 683 1360 753 πέρας
1398 685 1504 736 τῶν
1542 685 1740 755 ἰχθύων
1769 688 1924 740 ἐκδέ-

339 770 518 839 ξηται,
545 771 840 842 ἇγκιστρόν
874 789 999 839 που,
1029 773 1061 844 ἢ
1097 774 1319 846 κύρτος,
1365 777 1396 846 ἢ
1426 777 1661 832 δίκτυον.
1695 778 1920 842 Πάντως

334 863 444 934 γάρ
481 864 575 916 καὶ
606 865 767 934 ἡμεῖς
803 865 973 920 πολλά
1008 866 1114 920 τῶν
1148 868 1348 922 ἀδίκων
1395 868 1752 934 διεξελθόντες
1776 871 1918 942 (95),

334 956 434 1026 τὴν
456 957 770 1011 τελευταίαν
797 959 1071 1030 τιμωρίαν
1096 961 1195 1014 ούκ
1225 961 1662 1033 ἀποδρασόμεθα.
1696 964 1832 1032 Ἤδη
1864 963 1921 1015 δὲ

335 1049 431 1102 καὶ
456 1051 513 1102 ἐν
538 1049 755 1104 ἀσθενεῖ
779 1050 901 1122 ζώῳ
932 1053 1067 1106 πολὺ
1099 1053 1159 1106 τὺ
1183 1055 1487 1126 πανοῦργον
1514 1055 1608 1107 καὶ
1638 1055 1920 1108 ἐπίϐουλον

336 1141 690 1210 καταμαθὼν,
721 1143 982 1215 βούλομαί
1015 1162 1074 1198 σε
1109 1148 1302 1216 φυγεῖν
1329 1145 1439 1198 τῶν
1470 1145 1794 1218 κακούργων
1823 1147 1919 1218 τὴν

339 1229 590 1299 μίμησιν.
662 1231 722 1284 '0
783 1237 1038 1304 καρκίνος
1091 1235 1190 1305 τῆς
1251 1237 1451 1307 σαρκὸς
1503 1235 1765 1306 ἐπιθυμεῖ
1821 1236 1918 1289 τοῦ

333 1320 558 1392 ὀστρέου
578 1340 593 1354 ·
635 1324 772 1377 ἀλλά
813 1325 1121 1390 δυσάλωτος
1155 1329 1187 1398 ἠ
1216 1327 1363 1400 ἄγρα
1393 1327 1543 1398 αὐτῷ
1577 1327 1664 1380 διὰ
1691 1328 1789 1399 τὴν
1819 1345 1918 1380 πε-

337 1415 552 1486 ριϐολὴν
585 1415 676 1470 τοῦ
708 1417 976 1488 ὀστράκου
1017 1420 1249 1488 γίνεται.
1291 1422 1552 1492 Ἀρραγεῖ
1595 1419 1703 1492 γὰρ
1747 1421 1918 1491 ἐρκίῳ

333 1508 396 1559 τὸ
433 1507 640 1562 ἁπαλὸν
681 1509 780 1579 τῆς
809 1511 1008 1582 σαρκὸς
1047 1514 1080 1583 ἡ
1119 1511 1278 1580 φύσις
1326 1512 1790 1583 κατησφαλίσατο.
1827 1513 1919 1566 Διὸ

335 1599 428 1654 καὶ
461 1601 942 1672 ὀστρακόδερμον
973 1605 1428 1680 προσηγόρευται.
1466 1606 1576 1660 Καὶ
1604 1605 1790 1676 ἐπειδὴ
1825 1605 1918 1658 δύο

334 1691 642 1762 κοιλότητες
689 1694 934 1766 ἀκριϐῶς
998 1695 1252 1767 ἀλλήλαις
1316 1696 1805 1768 προσηρμοσμέναι
1855 1697 1916 1750 τὸ

333 1781 556 1853 ὄστρεον
599 1784 1084 1854 περιπτύσσονται,
1121 1787 1432 1854 ἀναγκαίως
1477 1787 1750 1858 ἄπρακτοι
1777 1791 1914 1842 εἰσιν

333 1874 390 1926 αί
417 1874 580 1945 χηλαὶ
627 1875 722 1929 τοῦ
753 1877 1037 1948 καρκίνον.
1075 1879 1140 1931 Τί
1181 1874 1273 1932 οὖν
1303 1881 1477 1944 ποιεῖ;
1509 1879 1677 1932 Ὅταν
1729 1879 1813 1954 ἴδῃ
1856 1881 1914 1934 ἐν

333 1967 634 2039 ἀπηνέμοις
673 1970 893 2040 χωρίοις
941 1969 1062 2041 μεθ’
1089 1971 1281 2042 ἡδονῆς
1310 1970 1772 2042 διαθαλπόμενον,
1821 1973 1913 2025 καὶ

333 2061 471 2132 πρὸς
502 2061 600 2132 τήν
633 2063 825 2116 ἀκτῖνα
873 2063 968 2116 τοῦ
1002 2063 1154 2134 ἡλίου
1200 2063 1300 2126 τὰς
1341 2061 1551 2132 πτύχας
1584 2061 1779 2115 ἐαυτοῦ
1833 2063 1913 2116 δι-

333 2151 683 2216 απλὼσαντα,
713 2153 836 2206 τότε
861 2153 950 2224 δὴ,
969 2154 1143 2225 λάθρα
1171 2153 1376 2225 ψηφῖδα
1394 2153 1782 2225 παρεμϐαλὼν,
1798 2153 1914 2207 δια-

333 2243 534 2297 κωλύει
587 2243 684 2315 τὴν
737 2244 1074 2314 σύμπτυξιν·
1130 2245 1225 2298 καὶ
1276 2245 1592 2316 εὑρίσκεται
1633 2245 1695 2298 τὸ
1749 2245 1916 2298 ἐλλεῖ-

331 2353 433 2388 πον
477 2336 590 2408 (96)
629 2337 728 2407 τῆς
777 2336 1061 2408 δυνάμεως
1107 2337 1195 2390 διά
1240 2338 1338 2408 τῆς
1376 2337 1617 2401 ἐπινοίας
1657 2339 1912 2409 περιεχό-

334 2445 512 2499 μενος.
561 2428 770 2500 Δῦτηή
812 2430 982 2482 κακία
1023 2428 1131 2482 τῶν
1169 2429 1305 2500 μήτε
1336 2429 1496 2496 λόγου
1544 2430 1678 2500 μήτε
1729 2429 1914 2498 φωνῆς

335 2521 690 2590 μετεχόντων.
731 2521 872 2589 Ἐγὼ
894 2521 950 2574 δέ
982 2537 1042 2573 σε
1073 2520 1356 2591 βούλομαι,
1385 2521 1446 2574 τὸ
1478 2524 1792 2592 ποριστικὸν
1821 2522 1914 2572 καὶ

331 2611 638 2680 εὐμήχανον
666 2611 774 2665 τῶν
813 2611 1090 2682 καρκίνων
1127 2610 1412 2682 ζηλοῦντα,
1445 2612 1545 2682 τῆς
1579 2611 1780 2681 βλάϐης
1805 2611 1912 2664 τῶν

332 2699 558 2772 πλησίον
599 2699 919 2770 ἀπέχεσθαι.
957 2699 1210 2764 Τοιοῦτός
1237 2703 1384 2756 ἐστιν
1423 2703 1452 2754 ό
1479 2700 1616 2772 πρὸς
1640 2700 1728 2753 τὸν
1762 2701 1914 2753 ἀδελ-

331 2791 432 2860 φὺν
462 2792 824 2862 πορευόμενος
851 2791 1010 2862 δόλῳ,
1040 2793 1135 2844 καὶ
1171 2794 1292 2855 ταῖς
1330 2791 1438 2844 τῶν
1484 2791 1710 2863 πλησίον
1751 2792 1913 2845 ἀκαι-

335 2880 478 2952 ρίαις
526 2882 918 2952 ἐπιτιθέμενος,
965 2883 1060 2936 καὶ¹
1099 2883 1220 2946 ταῖς
1252 2883 1562 2955 ἀλλοτρίαις
1606 2886 1912 2954 συμφοραῖς

331 2973 632 3046 ἐντρυφῶν.
669 2973 838 3043 Φεῦγε
869 2975 966 3038 τὰς
993 2977 1251 3047 μιμήσεις
1286 2975 1393 3028 τῶν
1423 2976 1908 3052 κατεγνωσμένων.

2029 498 2082 542 tu
2105 489 2279 559 ipsum
2317 492 2714 560 apprehensum
2761 494 2937 548 fecisti
2979 505 3084 549 tuae
3117 496 3290 564 ipsius
3324 499 3612 568 opulentia:

2022 591 2252 648 partem.
2297 582 2518 650 iujustis
2577 582 2956 650 injustiorem,
2994 595 3050 640 et
3095 601 3262 640 avaro
3309 589 3609 643 avariorem

2021 682 2076 727 te
2105 675 2412 728 ostendisti.
2444 675 2588 728 Cave
2637 677 2874 746 excipiat
2905 687 2956 732 te
3004 679 3143 732 idem
3199 679 3358 746 linis,
3394 684 3485 751 qui
3528 685 3610 753 pi-

2019 780 2140 821 sces
2168 783 2181 820 :
2217 765 2407 821 hamus
2442 766 2716 834 videlicet,
2745 779 2838 821 aut
2870 783 3052 834 nassa,
3083 780 3178 824 aut
3209 782 3342 827 rete.
3379 771 3612 828 Omnino

2019 858 2162 913 enim
2187 867 2242 913 et
2275 873 2396 923 nos,
2425 859 2470 924 si
2499 859 2727 914 multum
2753 862 3137 917 admiserimus
3171 863 3496 933 iniquitatis,
3525 866 3609 918 ul-

2021 950 2206 1004 timam
2259 965 2364 1005 non
2395 949 2715 1020 eﬂugiemus
2757 966 2996 1022 pteuam.
3029 953 3146 1008 Jam
3177 969 3306 1010 vero
3345 956 3508 1010 etiam
3555 958 3609 1010 in

2020 1043 2236 1098 infirmo
2293 1043 2515 1098 animali
2573 1045 2804 1100 astutias
2859 1045 3056 1101 multas
3113 1057 3168 1100 et
3210 1047 3439 1102 insidias
3485 1063 3608 1102 cum

2019 1135 2306 1205 perspicis,
2331 1136 2726 1191 maleficiorum
2764 1137 3126 1192 imitationem
3169 1137 3356 1208 fugere
3387 1149 3438 1193 te
3465 1139 3610 1194 volo.

2017 1227 2232 1298 Appetit
2257 1238 2454 1282 ostreae
2491 1243 2712 1284 carnem
2766 1244 2968 1284 cancer
3001 1248 3013 1283 :
3053 1231 3147 1284 sed
3179 1229 3411 1286 dilIicilis
3448 1241 3610 1300 captu

2019 1333 2103 1376 est
2132 1322 2180 1376 ei
2221 1321 2338 1377 haec
2367 1323 2568 1391 praeda,
2595 1331 2817 1392 propter
2848 1331 2998 1377 testae
3034 1324 3449 1378 munimentum.
3474 1323 3607 1379 Nam

2019 1415 2252 1486 infragili
2285 1425 2437 1484 septo
2468 1417 2650 1471 carnis
2695 1417 3112 1470 teneritudinem
3133 1425 3334 1470 natura
3363 1431 3608 1471 commu—

2020 1509 2172 1563 nivit.
2191 1508 2532 1578 Quapropter
2562 1516 2616 1562 et
2646 1509 2748 1562 hoc
2779 1506 2979 1562 animal
3002 1507 3427 1561 ostracodermon
3447 1517 3609 1563 voca-

2019 1607 2125 1654 tur.
2155 1601 2224 1654 Et
2253 1600 2506 1668 quoniam
2537 1599 2643 1654 duo
2660 1614 2791 1654 cava
2810 1608 3065 1654 accurate
3095 1599 3195 1654 sibi
3226 1598 3454 1653 invicem
3476 1613 3608 1654 con-

2017 1693 2226 1760 juncta,
2249 1699 2490 1746 ostream
2519 1691 2766 1745 ambiunt
2789 1700 2843 1744 et
2872 1691 3408 1761 circumpleetuntur,
3445 1689 3608 1746 forci-

2024 1798 2120 1854 pes
2160 1783 2342 1837 cancri
2390 1783 2701 1838 necessario
2733 1781 3038 1837 inellicaces
3065 1793 3214 1836 sunt.
3259 1781 3398 1848 Quid
3443 1781 3611 1851 igitur

2021 1875 2242 1930 molitur
2273 1875 2453 1929 ?Cum
2484 1875 2683 1929 viderit
2724 1883 2959 1928 ostream
3007 1875 3059 1928 in
3107 1873 3414 1943 tranquillis
3471 1873 3607 1928 locis

2019 1983 2125 2021 non
2178 1969 2296 2022 sine
2352 1967 2629 2036 voluptate
2687 1969 3061 2036 apricantem,
3100 1973 3155 2021 et
3215 1967 3280 2020 ad
3337 1965 3466 2020 solis
3517 1981 3606 2018 ra-

2017 2062 2134 2115 dios
2167 2061 2348 2115 valvas
2395 2075 2525 2114 suas
2567 2059 2926 2128 eXplicantem
2959 2078 2972 2112 :
3007 2068 3134 2113 tunc
3185 2057 3488 2112 clanculum
3524 2058 3608 2110 in-

2010 2143 2155 2212 jecto
2189 2145 2420 2208 calculo,
2467 2146 2790 2214 plicaturam
2825 2146 3081 2215 impedit;
3112 2155 3276 2215 atque
3305 2147 3446 2215 quod
3474 2145 3607 2200 viri-

2017 2238 2117 2293 bus
2151 2238 2358 2302 deerat,
2391 2237 2444 2290 id
2478 2246 2598 2291 astu
2643 2245 2697 2292 et
2733 2237 2856 2291 dolo
2886 2237 3132 2292 obtinere
3159 2237 3602 2318 deprehenditur.

2017 2329 2141 2384 llaec
2171 2339 2253 2384 est
2285 2344 2470 2385 eorum
2501 2343 2620 2398 quae
2645 2345 2820 2398 neque
2844 2330 3075 2397 ratione,
3095 2343 3270 2400 neque
3306 2345 3437 2386 voce
3467 2345 3601 2400 prae-

2015 2421 2124 2476 dita
2154 2433 2298 2487 sunt,
2337 2421 2562 2476 malitia.
2585 2422 2695 2490 Ego
2724 2433 2904 2477 autem
2936 2425 3075 2488 volo,
3106 2433 3164 2478 ut
3196 2434 3250 2478 tu
3281 2439 3602 2479 cancrorum

2016 2518 2069 2570 in
2101 2516 2245 2568 victu
2273 2517 2648 2584 comparando
2683 2525 2852 2570 artem
2889 2533 2953 2572 ac
2987 2517 3306 2570 industriam
3337 2518 3601 2580 imitatus,

2014 2622 2042 2658 a
2087 2608 2453 2675 proximorum
2487 2623 2624 2663 noxa
2671 2609 3138 2679 incommodisque
3177 2610 3270 2664 tibi
3309 2622 3598 2680 temperes.

2014 2696 2159 2751 Talis
2219 2705 2303 2752 est
2371 2698 2462 2767 qui
2521 2698 2588 2752 ad
2653 2697 2877 2752 fratrem
2925 2697 3297 2754 fraudulenter
3357 2701 3600 2766 accedit,

2014 2790 2408 2859 adversamque
2458 2790 2690 2859 proximi
2739 2789 3008 2846 fortunam
3055 2792 3315 2848 insidiose
3363 2793 3600 2864 impetit,

2013 2892 2067 2935 et
2089 2881 2280 2936 alienis
2305 2882 2530 2936 insultat
2555 2882 2985 2938 calamitatibus.-
3011 2882 3153 2940 Cave
3194 2887 3463 2942 aamuleris
3503 2887 3600 2940 lto-

2014 2972 2184 3027 mines
2213 2972 2563 3042 improbatus.
2585 2973 2714 3029 Tuis
2740 2975 2815 3028 sis
2846 2985 3133 3030 contentus
3159 2975 3337 3031 rebus.
3367 2977 3602 3047 Pauper-

329 3065 456 3130 Τοῖς
491 3067 714 3131 οἰκείοις
757 3066 950 3139 ἀρκοῦ.
999 3068 1168 3122 Πενία
1218 3068 1356 3138 μετὰ
1395 3069 1731 3141 αὐταρκείας
1779 3070 1910 3139 ἀλη-

2017 3077 2119 3134 tas,
2144 3083 2265 3123 cum
2307 3083 2486 3123 rerum
2517 3069 2948 3124 necessariarum
2988 3070 3144 3140 copia
3171 3087 3302 3125 vere
3332 3075 3599 3156 suppetit,

329 3157 454 3222 θοῦς
494 3159 673 3231 πάσης
708 3159 1059 3224 ἀπολαύσεως
1103 3163 1214 3224 τοῖς
1266 3157 1603 3233 σωφρονοῦσι
1653 3177 1915 3230 προτιμο-

325 3247 481 3321 τέρα.
525 3251 638 3304 οὐκ
671 3251 736 3305 ἂν
771 3252 1095 3324 παρέλθοιμι
1129 3253 1190 3305 τὸ
1233 3249 1326 3305 τοῦ
1369 3251 1668 3314 πολύποδος
1696 3251 1912 3322 δολερὸν

327 3342 424 3395 καὶ
448 3342 760 3409 ἐπίκλοπον,
789 3343 846 3407 ὃς
871 3344 1032 3416 ὁποίᾳ
1071 3345 1186 3398 ποτ’
1213 3343 1279 3398 ἂν
1311 3343 1569 3397 ἑκάστοτε
1609 3343 1784 3415 πέτρᾳ
1817 3359 1913 3394 πε-

329 3434 567 3506 ριπλακῇ
611 3435 744 3507 (97),
784 3436 884 3508 τήν
920 3437 1138 3507 ἐκείνης
1180 3437 1480 3507 ὑπέρχεται
1520 3435 1692 3507 χρόαν
1719 3452 1733 3465 ·
1768 3434 1910 3488 ὥστε

325 3528 456 3592 τοὺς
493 3527 721 3592 πολλοὺς
748 3529 856 3582 τῶν
893 3529 1091 3600 ἰχθύων
1121 3529 1446 3598 ἁπροόπτως
1477 3527 1809 3598 νηχομένους
1833 3526 1911 3598 τῷ

329 3617 587 3670 πολύποδι
621 3618 992 3689 περιπίπτειν,
1027 3618 1099 3682 ὡς
1139 3621 1204 3690 τῇ
1234 3617 1410 3689 πέτρᾳ
1438 3616 1618 3687 δῆθεν,
1651 3617 1744 3669 καὶ
1772 3616 1912 3668 ἐτοι-

329 3723 430 3777 μον
457 3706 702 3775 γίνεσθαι
737 3707 960 3779 θήραμα
985 3707 1063 3778 τῷ
1097 3707 1410 3778 πανούργῳ.
1439 3705 1680 3759 Τοιοῦτοί
1715 3707 1821 3758 είσι
1847 3705 1910 3758 τὸ

322 3792 457 3869 ἦθος
493 3800 540 3851 οἱ
580 3800 676 3861 τὰς
706 3799 793 3852 ἀεὶ
821 3799 1132 3870 κρατούσας
1172 3798 1490 3862 δυναστείας
1525 3798 1906 3870 ύπερχόμενοι,

325 3887 422 3941 καὶ
451 3887 588 3960 πρὸς
627 3887 724 3952 τὰς
760 3889 1017 3944 ἑκάστοτε
1059 3886 1246 3959 χρείας
1298 3886 1784 3958 μεθαρμοςόμενοι,
1831 3888 1908 3960 μὴ

325 3977 421 4030 ἐπὶ
445 3978 545 4048 τῆς
571 3977 739 4049 αὐτῆς
763 3978 852 4032 ἀεὶ
877 3978 1246 4050 προαιρέσεως
1272 3977 1584 4048 βεϐηκότες,
1615 3977 1730 4031 ἀλλ’
1757 3977 1906 4032 ἄλλοι

323 4068 424 4122 καὶ
466 4068 614 4122 ἄλλοι
649 4069 848 4141 ῥᾳδίως
892 4071 1190 4141 γινόμενοι,
1246 4069 1600 4142 σωφροσύνην
1640 4069 1908 4140 τιμῶντες

325 4159 466 4232 μετά
505 4163 817 4233 σωφρόνων,
857 4162 1146 4215 ἀκόλαστοι
1195 4161 1252 4215 δέ
1291 4163 1348 4215 ἐν
1394 4162 1735 4226 ἀκολάστοις,
1770 4162 1906 4233 πρὸς

319 4253 424 4325 τὴν
459 4254 691 4308 ἑκάστου
733 4253 1028 4325 ἀρέσκειαν
1068 4254 1167 4317 τὰς
1206 4252 1431 4325 γνώμας
1469 4254 1900 4325 μετατιθέμενοι.

322 4345 434 4410 Οὓς
459 4345 580 4399 οὐδὲ
616 4347 798 4418 ῥᾴδιον
828 4347 1094 4413 ἐκκλῖναι,
1129 4346 1251 4400 οὐδέ
1281 4347 1380 4417 τὴν
1408 4347 1503 4399 ἀπ’
1525 4346 1703 4399 αὐτῶν
1733 4347 1904 4416 φυλά-

2015 3158 2271 3227 voluptati
2292 3159 2438 3212 omni
2469 3172 2497 3212 a
2519 3160 2853 3228 sapientibus
2881 3162 3243 3229 auteponitur.
3279 3161 3396 3217 Non
3422 3165 3600 3235 polypi

2015 3249 2366 3317 pneterierim
2407 3250 2588 3304 dolum
2618 3265 2681 3305 ac
2714 3250 3052 3305 furacitatem
3073 3292 3088 3316 ,
3119 3255 3206 3320 qui
3235 3254 3600 3325 qualicunque

2016 3341 2227 3395 tandem
2249 3356 2380 3396 saxo
2409 3342 2714 3408 adhaaserit,
2741 3343 2882 3396 illius
2915 3343 3086 3397 induit
3117 3344 3374 3400 colorem.
3401 3347 3602 3412 Quam-

2011 3432 2199 3488 obrem
2233 3433 2474 3502 plerique
2513 3434 2690 3504 pisces
2725 3435 3024 3504 improvide
3067 3445 3315 3492 natantes
3345 3437 3400 3491 in
3443 3438 3599 3507 poly-

2011 3537 2136 3592 pum
2171 3524 2248 3577 ιιιὶ
2281 3523 2334 3577 in
2366 3533 2570 3592 petram
2603 3525 2866 3589 incidunt,
2895 3535 3250 3596 paratamque
3275 3541 3495 3585 versuto
3523 3532 3600 3585 illi

2011 3619 2246 3684 praedam
2273 3631 2392 3670 sese
2422 3615 2674 3671 offerunt.
2699 3617 2919 3672 Talibus
2949 3617 3189 3672 moribus
3211 3629 3337 3673 sunt
3368 3620 3598 3690 praediti,

2011 3709 2100 3777 qui
2131 3723 2346 3778 semper
2385 3710 2741 3776 potestatibus
2787 3709 3186 3766 dominantibus
3229 3725 3598 3781 assentantur,

2010 3787 2237 3868 seseque
2265 3799 2330 3852 ad
2371 3799 2639 3868 quoslibet
2671 3801 2859 3853 modos
2905 3815 3140 3871 ususque
3167 3805 3595 3872 accommodant,

2012 3903 2110 3943 nec
2149 3889 2204 3942 in
2251 3889 2438 3944 eadem
2491 3889 2652 3942 animi
2715 3891 2983 3944 sententia
3027 3907 3241 3962 semper
3277 3897 3595 3962 persistunt,

2009 3983 2104 4040 sed
2145 3983 2236 4036 alii
2270 3992 2431 4051 atque
2463 3983 2552 4036 alii
2590 3983 2750 4036 facile
2787 3983 2996 4048 elfecli,
3025 3983 3434 4055 temperantiam
3473 4007 3596 4045 cum

2011 4075 2435 4144 temperantibus
2475 4083 2819 4140 venerantes,
2853 4075 3108 4144 impudici
3134 4093 3254 4130 cum
3289 4081 3594 4149 impudicis,

2007 4165 2339 4220 sententiam
2371 4175 2587 4219 mutant
2611 4167 2677 4218 ad
2713 4167 3132 4234 uniuscujusque
3157 4171 3383 4237 gratiam
3415 4173 3596 4225 conci-

2007 4257 2260 4312 liandam.
2290 4257 2436 4323 Quos
2467 4257 2680 4310 dillicile
2709 4267 2792 4311 est
2839 4257 3066 4321 evitare,
3099 4258 3310 4327 sibique
3342 4261 3412 4314 ab
3450 4261 3586 4330 ipso-

2007 4365 2125 4403 rum
2149 4349 2486 4403 nocumeutis
2507 4363 2720 4414 cavere,
2753 4357 3039 4416 propterea
3063 4349 3206 4417 quod
3242 4364 3429 4405 eorum
3463 4367 3595 4407 cou-

321 4437 518 4504 ξασθαι
557 4437 780 4509 βλάϐην,
823 4439 912 4492 διὰ
953 4437 1014 4490 τὸ
1057 4439 1116 4490 ἐν
1164 4438 1243 4508 τῷ
1286 4439 1636 4509 προσχήματι
1673 4437 1772 4508 τῆς
1811 4455 1902 4506 φι-

2017 4440 2226 4494 cinnata
2261 4439 2507 4509 pravitas
2531 4439 2631 4494 sub
2663 4439 2913 4492 amicitiae
2934 4440 3112 4509 specie
3132 4440 3237 4496 alta
3267 4444 3591 4512 contegitur.

319 4531 442 4594 λίας
498 4529 610 4599 (98)
653 4530 862 4600 βαθέως
922 4531 1439 4600 κατεσκευασμένην
1491 4531 1590 4601 τήν
1643 4530 1909 4600 πονηρίαν

321 4622 793 4694 κατακεκρύφθαι.
844 4623 926 4676 Τά
971 4623 1198 4675 τοιαῦτα
1252 4623 1359 4693 ἤθη
1413 4622 1610 4686 λύκους
1653 4623 1909 4694 ἅρπαγας

317 4711 576 4784 ὀνομάζει
603 4716 630 4767 ὁ
651 4713 876 4785 Κύριος,
905 4715 962 4766 ἐν
989 4711 1250 4783 ἐνδύμασι
1291 4713 1580 4784 προϐάτων
1614 4731 1908 4786 προφαινο-

321 4809 535 4878 μένους.
583 4805 754 4876 Φεῢγε
791 4807 852 4859 τὸ
904 4805 1246 4858 παντοδαπὸν
1294 4804 1386 4858 καὶ
1434 4805 1774 4859 πολλαπλοῦν
1811 4806 1904 4858 τοῦ

315 4899 520 4969 τρόπου
545 4914 557 4928 ·
606 4897 767 4950 δίωκε
801 4897 857 4949 δὲ
889 4895 1165 4966 ἀλήθειαν,
1197 4895 1568 4966 εἱλικρίνειαν,
1599 4897 1894 4967 ἁπλότητα.

330 4991 388 5044 ὐ
417 4989 539 5060 δφις
571 4989 810 5054 ποικίλος
828 5006 841 5019 ο
878 4987 969 5041 διά
996 4987 1154 5042 τοῦτο
1179 4988 1272 5040 καὶ
1299 4987 1486 5060 ἓρπειν
1509 4989 1895 5060 κατεδικάσθη.

387 5173 432 5204 ⁹¹
472 5171 661 5228 Matth.
693 5186 790 5236 vn,
829 5169 917 5224 15.
991 5169 1038 5202 ’⁸
1073 5169 1208 5225 Gen.
1265 5182 1390 5233 xxv,
1415 5161 1504 5221 27.

389 5305 501 5390 (94)
527 5309 606 5390 Ita
653 5303 820 5390 editio
848 5303 1066 5390 Bay-lt”
1089 5319 1210 5390 cuin
1244 5304 1476 5390 .duobus
1501 5306 1747 5390 _l)uc.net'
1773 5321 1894 5390 eum

319 5375 443 5433 aliis
477 5375 717 5448 Quinque
755 5389 884 5448 mss.
931 5375 1309 5448 Etiitiofaris.
1346 5375 1412 5426 σὺ
1435 5375 1899 5448 τοῦτοηὸιιιήιιιίθ

316 5444 550 5518 quatuor
581 5444 712 5500 mss.
768 5444 993 5516 ἐφάνης.
1023 5444 1162 5499 Editi
1195 5461 1316 5498 cutn
1349 5461 1457 5498 uno
1487 5445 1768 5500 autaltero
1795 5461 1894 5499 ms.

316 5520 609 5580 ἀνεφάνης.

701 5593 884 5640 sextus
910 5584 1205 5660 cumCoIb.
1237 5583 1410 5650 primo
1442 5583 1639 5660 ἀδίκων
1667 5584 1894 5660 ὑπεςξλ-

317 5657 520 5722 θόντες.
553 5657 840 5722 Aliquanto
875 5665 992 5722 post
1030 5657 1166 5706 idem
1209 5667 1311 5706 Ius.
1347 5669 1468 5705 cum
1502 5657 1685 5712 eodem
1738 5659 1888 5711 Uti”).

317 5735 491 5800 primo
519 5730 710 5797 φυγεῖν
741 5727 847 5778 τῶν
875 5723 1058 5778 κακῶν
1085 5725 1182 5796 τὴν
1220 5722 1468 5794 μίμησιν.

2012 4530 2186 4585 Mores
2221 4531 2524 4600 hujusmodi
2558 4530 2790 4600 appellat
2846 4531 3105 4586 Dominus
3145 4547 3366 4601 rapaces
3411 4535 3591 4606 lupos,

2009 4627 2062 4677 in
2087 4625 2267 4678 ovium
2301 4625 2628 4678 indumentis
2662 4638 2783 4678 sese
2816 4625 3398 4696 ostentantes“.Fuge
3427 4629 3591 4684 hosce

2011 4729 2187 4768 mores
2209 4713 2388 4768 varios
2418 4729 2481 4767 ac
2516 4713 2838 4782 multiplices
2857 4715 2875 4767 ἐ
2903 4715 3012 4768 imo
3037 4721 3250 4770 sectare
3279 4718 3589 4782 veritatem,

2014 4807 2400 4870 sinceritatem,
2431 4805 2857 4874 simplicitatem.
2877 4805 3164 4862 Variusest
3179 4823 3425 4877 serpens,
3443 4819 3498 4865 et
3519 4813 3591 4866 ob

2009 4899 2059 4952 id
2082 4899 2146 4952 ad
2169 4899 2280 4969 66
2297 4899 2612 4968 reptandqu
2647 4899 3036 4952 candemnatus
3068 4911 3169 4956 est.
3203 4899 3388 4956 Justus
3412 4901 3588 4956 ﬁctio-

2009 5005 2073 5042 ne
2105 4998 2276 5054 caret,
2303 4987 2480 5056 qualis
2519 4985 2621 5040 fuit
2663 4985 2831 5041 Jacob
2861 4989 2927 5040 ".
2965 4987 3303 5059 Quapmpter
3333 4990 3589 5045 Dominus

2085 5299 2194 5372 (θῇ)
2229 5299 2305 5372 ita
2336 5313 2430 5354 sex
2470 5313 2598 5354 mss.
2636 5298 2813 5372 Editio
2844 5310 3075 5372 utraque
3100 5299 3161 5350 τὸ
3187 5299 3394 5372 λεῖπον.

2082 5367 2359 5443 (97)]ὶεε.
2387 5379 2582 5443 sextus
2603 5384 2725 5424 cum
2762 5369 3119 5443 Colb._primo
3133 5369 3308 5443 πέτρᾳ
3337 5367 3588 5443 συμπλα-

2010 5439 2103 5513 κῇ.
2143 5439 2282 5493 Infra
2305 5441 2544 5507 quinque
2576 5455 2706 5513 tttss.
2743 5439 3098 5513 περιπίπτειν
3271 5439 3411 5494 Εόίιί
3461 5453 3586 5494 cum

2012 5509 2144 5575 lt'eg.
2180 5519 2372 5564 octavo
2399 5509 2753 5579 περιπίπτειν
2785 5509 2860 5572 ὡς
2886 5511 2978 5579 τῇ,
3011 5510 3234 5579 rectius.

2083 5581 2192 5649 (98)
2221 5579 2296 5632 lla
2323 5577 2528 5651 septem
2571 5595 2700 5632 mss.
2739 5580 2878 5632 Editi
2911 5577 2968 5634 ἐν
3000 5577 3080 5651 τῷ
3107 5579 3456 5650 προσχήματι
3485 5581 3582 5646 τῆς

2005 5651 2312 5716 εὐλαϐείας,
2343 5651 2435 5704 sub
2462 5650 2674 5718 pietatis
2694 5651 2881 5718 specie.
