3850 6218
315 323 417 377 153

1666 314 1723 368 S.
1768 311 2012 367 BASILII
2047 311 2257 367 MAGNI

3473 311 3601 365 136

309 440 612 496 inhabitare
641 437 768 506 facit
823 436 980 488 unius
1014 435 1175 488 moria
1210 435 1264 486 in
1312 435 1466 486 domo
1495 433 1560 487 ”.
1602 432 1715 486 Hoc
1759 449 1901 486 mare

2020 432 2072 484 Ὀ
2093 432 2298 494 δίκαιος
2324 430 2616 493 ἄπλαστος,
2649 429 2830 491 ὁποῖος
2852 429 2880 480 6
2917 426 3110 481 Ἰακώϐ
3141 426 3272 498 (99).
3298 427 3396 480 Διά
3422 428 3604 480 τοῦτο

311 548 557 600 magnum
608 539 656 583 et
708 529 998 596 spatiosum
1034 542 1050 579 :
1087 526 1198 579 illic
1238 527 1479 592 reptilia,
1523 542 1744 596 quorum
1794 542 1899 578 non

312 630 385 674 est
431 635 676 672 numerus
718 633 736 669 :
785 617 1040 668 animalia
1089 615 1282 681 pusilla
1310 631 1426 668 cum
1468 617 1673 684 magnis
1700 616 1766 669 ".
1794 615 1900 669 Sed

314 724 492 766 tamen
514 720 597 764 est
625 711 676 763 in
707 709 816 762 illis
851 710 1064 776 sapiens
1093 708 1336 776 qutedam
1366 716 1421 759 et
1451 709 1617 775 probe
1651 707 1899 761 ordinata

313 803 615 871 dispositio.
644 801 758 855 Non
797 802 940 854 enim
995 799 1166 852 solmn
1202 814 1458 853 accusare
1492 799 1666 869 pisces
1708 815 1902 869 possu-

315 908 468 955 mus;
499 893 591 945 sed
622 898 747 945 sunt
767 891 930 943 etiam
962 903 1082 957 quae
1106 904 1283 957 operte
1305 889 1534 958 pretium
1567 898 1650 942 est
1677 889 1895 944 imitari.

314 983 594 1052 Quomodo
614 981 820 1051 singula
845 981 1073 1049 piscium
1104 994 1297 1049 genera
1333 981 1606 1049 regionem
1635 982 1736 1035 sibi
1770 983 1900 1051 ipsis

315 1077 560 1129 idoneam
584 1074 801 1142 partita,
822 1073 924 1126 alia
943 1072 996 1125 in
1027 1073 1254 1124 aliorum
1282 1073 1438 1126 sedes
1463 1087 1568 1126 non
1595 1081 1897 1137 transeunt,

313 1167 408 1221 sed
441 1168 581 1220 intra
609 1167 859 1234 proprios
887 1167 1022 1219 lines
1048 1166 1390 1219 diversantnr
1414 1165 1438 1218 ?
1467 1164 1758 1219 Geometra
1785 1166 1901 1220 nul-

317 1260 399 1313 lus
421 1260 781 1313 habitationes
806 1260 942 1327 apud
967 1259 1083 1313 haec
1119 1260 1342 1328 piscium
1375 1272 1569 1327 genera
1599 1257 1899 1324 distribuit;

315 1364 422 1403 non
475 1348 886 1418 circumscripta
933 1359 1059 1402 sunt
1096 1349 1286 1412 muris,
1320 1363 1424 1402 non
1461 1348 1660 1402 ﬁnibus
1708 1349 1900 1413 divisa,

315 1454 371 1497 et
405 1445 546 1512 quod
596 1441 790 1510 cuique
831 1443 1072 1512 prodest,
1115 1443 1166 1496 id
1223 1443 1416 1510 cuique
1455 1450 1644 1511 sponte
1699 1452 1904 1494 naturae

316 1536 640 1590 destinatum
705 1547 806 1591 est.
863 1537 960 1591 Hie
1015 1539 1156 1590 enim
1195 1537 1345 1589 sinus
1383 1536 1628 1603 quaadam
1677 1535 1902 1603 piscium

319 1642 511 1693 genera
573 1627 766 1694 pascit,
806 1627 892 1681 ille
949 1627 1052 1681 alia
1089 1635 1180 1680 :et
1227 1643 1346 1695 qua:
1381 1627 1469 1680 hic
1521 1627 1815 1689 abundant,
1841 1641 1903 1680 ea

320 1715 448 1769 alibi
497 1717 586 1769 vix
647 1717 910 1771 invenias.
964 1716 1152 1770 Nullus
1207 1731 1358 1768 mons
1403 1715 1574 1769 acutis
1618 1714 1906 1769 verticibus

2001 524 2319 583 Κατοικίζει
2358 524 2573 589 Κύριος
2603 521 3019 590 μονοτρόπους
3048 520 3116 573 ἐν
3149 520 3310 584 οἴκῳ.
3345 520 3510 586 Αὕτη
3548 521 3599 587 ἠ

2000 613 2284 669 θάλασσα
2319 615 2356 672 ἡ
2389 613 2625 683 μεγάλη
2654 613 2749 665 καὶ
2778 614 3114 681 εὐρύχωρος
3134 627 3148 641 ·
3184 611 3313 664 ἐκεῖ
3343 611 3597 681 ἑρπετὰ,

1998 699 2086 758 ὦν
2111 708 2222 759 οὐκ
2252 706 2425 758 ἐστιν
2447 705 2710 774 ἀριθμός·
2749 703 2859 764 ζῶα
2880 706 3064 773 μικρὰ
3103 704 3252 774 μετὰ
3278 704 3596 772 μεγάλων.

2012 797 2151 850 Ἀλλ’
2176 799 2327 868 ὅμως
2361 799 2498 868 σοφή
2532 797 2615 860 τίς
2663 799 2779 848 ἐστι
2807 798 2936 866 παρ’
2969 797 3152 859 αὐτοῖς
3195 798 3288 849 καὶ
3322 795 3600 858 εὔτακτος

1997 891 2374 961 διακόσμησις.
2417 890 2490 942 Οὐ
2534 889 2643 960 γὰρ
2679 891 2837 959 μόνον
2875 891 3202 958 κατηγορεῖν
3243 888 3440 959 ἔχομεν
3477 889 3601 941 τῶν

2002 981 2201 1052 ἰχθύων
2227 982 2325 1051 (Ι),
2361 981 2475 1034 ἀλλ’
2518 981 2665 1034 ἔστιν
2690 981 2725 1034 ἃ
2755 982 2849 1034 καὶ
2887 981 3232 1052 μιμήσασθαι
3257 982 3426 1047 ἄξιον.
3460 981 3600 1043 Πῶς

1999 1075 2067 1127 τὰ
2092 1073 2224 1143 γένη
2263 1073 2373 1126 τῶν
2420 1073 2617 1142 ἰχθύων
2654 1074 2860 1126 ἕκαστα
2899 1075 2998 1144 τὴν
3028 1074 3335 1144 ἐπιτηδείαν
3373 1075 3601 1136 ἑαυτοῖς

2000 1165 2395 1236 διανειμάμενοι
2423 1166 2630 1236 χώραν,
2663 1167 2762 1218 οὐκ
2787 1168 2880 1218 ἐπε
2893 1167 3106 1235 μϐαίνει
3136 1167 3404 1238 ἀλλήλοις,
3449 1167 3601 1221 ἀλλὰ

2002 1263 2112 1323 τοῖς
2163 1261 2382 1324 οἰκείοις
2432 1263 2577 1332 ὅροις
2617 1260 2976 1329 ἐνδιατρίϐει;
3026 1260 3214 1322 Οὐδεὶς
3263 1261 3598 1330 γεωμέτρης

2005 1367 2117 1422 παρ
2177 1353 2356 1414 αὐτοῖς
2398 1352 2684 1420 κατένειμε
2719 1351 2815 1413 τὰς
2845 1352 3117 1420 οἰκήσεις·
3161 1353 3219 1403 οὐ
3253 1352 3459 1420 τείχεσι
3496 1369 3600 1403 πε-

2007 1442 2369 1514 ριγέγραπται
2398 1461 2410 1474 ·
2461 1444 2559 1512 οὐχ
2615 1442 2908 1512 ὀροθεσίοις
2955 1441 3245 1512 διῄρηται’
3283 1443 3378 1495 καὶ
3422 1444 3596 1495 αὺτο-

2009 1536 2194 1606 μάτως
2230 1536 2445 1606 ἑκάστῳ
2470 1537 2528 1588 τὸ
2558 1538 2826 1606 χρήσιμον
2859 1535 3244 1590 ἀποτέτακται.
3279 1529 3447 1598 Οὗτος
3491 1535 3599 1603 μὲν

2008 1625 2115 1696 γὰρ
2156 1628 2183 1678 6
2219 1626 2416 1688 κόλπος
2439 1626 2565 1679 τάδε
2589 1625 2710 1678 τινὰ
2742 1626 2815 1694 (2)
2842 1626 2972 1695 γένη
3000 1626 3104 1677 τῶν
3150 1623 3345 1695 ἰχθύων
3380 1625 3592 1693 βόσκει,

2009 1719 2260 1780 κάκεῖνος
2298 1718 2459 1788 ἕτερα
2483 1736 2495 1746 ·
2527 1717 2708 1772 καὶτὰ
2736 1712 2838 1771 ὧδε
2872 1717 3208 1788 πλτιθύνοντα
3239 1717 3421 1787 ἄπορα
3459 1719 3594 1789 παρ’

318 1821 621 1876 porreetns,
660 1824 722 1861 ea
756 1809 1022 1878 seiungit;
1056 1824 1158 1860 non
1198 1807 1484 1860 transitum
1532 1807 1782 1860 discindit
1810 1805 1905 1859 [lu-

2020 1810 2238 1880 ἑτέροις.
2275 1808 2438 1861 Οὐδὲν
2476 1808 2600 1878 ὄρος
2640 1809 2841 1874 ὀξείαις
2881 1810 3146 1878 κορυφαῖς
3186 1807 3596 1877 ἀνατεταμένον

318 1901 438 1954 vius
471 1919 484 1954 :
515 1901 608 1952 sed
639 1899 882 1968 quardam
909 1910 991 1954 est
1022 1911 1226 1952 natura:
1257 1899 1371 1962 lex,
1406 1913 1524 1966 qua:
1549 1911 1702 1967 teque
1735 1897 1902 1966 juste-

317 2007 424 2060 que
450 2006 546 2059 pro
594 1993 1014 2061 uniuscujusque
1063 1993 1346 2047 eonunodo
1389 1989 1600 2046 vivendi
1641 1992 1901 2044 rationem

319 2084 476 2154 quasi
511 2085 704 2138 sortito
736 2084 963 2154 singulis
996 2081 1312 2152 praescribit.

391 2282 444 2336 4.
473 2280 583 2336 Nos
618 2297 748 2336 vero
768 2296 1106 2351 nequaquam
1139 2281 1275 2334 tales
1299 2296 1506 2336 sumus.
1539 2280 1728 2336 Unde?
1752 2280 1906 2348 Quod

322 2373 422 2442 ipsi
447 2373 706 2427 terminos
737 2382 969 2428 aeternos
1024 2372 1422 2436 transierimus,
1455 2389 1588 2441 quos
1635 2374 1680 2404 ⁸⁵
1725 2385 1905 2442 patres

323 2462 490 2515 nostri
559 2471 872 2528 posuerunt.
928 2461 1215 2528 Perperam
1273 2460 1570 2515 scindimus
1621 2460 1902 2527 tellurem;

323 2554 543 2607 domum
579 2552 784 2615 domui,
817 2568 1002 2623 agrum
1033 2568 1164 2620 agro
1191 2552 1554 2621 adjungimus,
1586 2562 1693 2606 uta
1720 2554 1906 2622 proxi—

324 2657 412 2695 mo
448 2641 649 2709 aliquid
699 2641 1029 2695 auleramus.
1076 2641 1286 2697 Norunt
1322 2650 1441 2696 cete
1490 2641 1703 2694 vivendi
1736 2656 1907 2711 genus

323 2735 423 2789 sibi
457 2750 485 2786 a
522 2744 716 2787 natura
750 2735 1122 2789 constitutum.
1157 2733 1435 2803 Occupant
1479 2734 1529 2787 id
1556 2749 1728 2796 mare,
1763 2733 1907 2802 quod

325 2826 463 2879 ultra
516 2827 836 2881 habitabiles
872 2827 1056 2896 plagas
1111 2828 1296 2891 situm,
1339 2826 1530 2881 insulis
1580 2834 1767 2892 caret,
1821 2825 1907 2880 cui

324 2916 605 2970 continens
635 2917 775 2968 nulla
823 2925 965 2970 terra
1008 2932 1038 2970 e
1085 2917 1303 2987 regione
1341 2915 1652 2984 opponitur.
1708 2913 1909 2994 Quam-

320 3008 508 3062 obrem
545 3009 904 3078 innavigabile
936 2991 1040 3071 est,
1085 3024 1182 3063 nec
1209 3008 1373 3061 ullum
1399 2991 1753 3076 cognoscendi
1796 3015 1910 3059 stu-

325 3101 512 3164 dimn,
564 3117 665 3155 nec
714 3101 816 3155 ulla
872 3103 1174 3156 necessitas
1224 3102 1356 3156 illud
1415 3110 1622 3155 tentare
1669 3113 1905 3168 unquam

2002 1901 2298 1972 διίστησιν,
2349 1901 2410 1952 οὐ
2459 1900 2700 1971 ποταμὸς
2741 1901 2841 1970 τὴν
2897 1900 3142 1955 διάϐασιν
3189 1900 3590 1970 ἀποτέμνεται·

2004 1993 2138 2046 ἀλλὰ
2173 1994 2337 2064 νόμος
2373 1993 2456 2056 τίς
2494 1994 2610 2044 ἐστι
2641 1991 2854 2062 φύσεως
2900 1994 3028 2057 ἴσως
3055 1995 3148 2045 καὶ
3187 1993 3412 2056 δικαίως
3446 1993 3594 2046 κατά

2005 2085 2064 2138 τὸ
2104 2087 2334 2140 ἑκάστου
2378 2084 2637 2156 χρειῶδες
2683 2084 2782 2156 τήν
2819 2084 3026 2138 δίαιταν
3067 2086 3316 2148 ἑκάστοις
3344 2085 3595 2156 ἀποκλη-

2009 2175 2118 2246 ρῶν
2150 2176 2249 2246 (5).

2075 2267 2130 2322 4.
2183 2267 2442 2338 Ἀ.λλόὐχ
2473 2270 2636 2339 ἡμεῖς
2679 2267 2931 2323 τοιοῦτοι.
2981 2270 3186 2335 Πόθεν;
3225 2272 3354 2339 Οῗγε
3405 2271 3597 2340 μεταί-

2010 2378 2176 2432 ρομεν
2243 2361 2366 2431 ὅρια
2417 2360 2647 2417 αἰώνια.
2701 2361 2736 2415 ἃ
2779 2361 2959 2414 ἔθεντο
3009 2364 3058 2414 οἱ
3117 2363 3350 2434 πατέρες
3411 2363 3592 2434 ἡμῶν.

2008 2452 2477 2524 Παρατεμνόμεθα
2519 2453 2595 2524 (4)
2625 2441 2771 2524 ’γῆν,
2829 2454 3172 2524 συνάπτομεν
3226 2454 3404 2506 οἰκίαν
3455 2455 3595 2527 πρὸς

2006 2545 2180 2598 οἰκίαν
2211 2545 2303 2598 καὶ⁴
2342 2545 2512 2614 ἀγρὸν
2546 2545 2682 2611 πρὸς
2728 2545 2916 2617 ἀγρὸν,
2946 2546 3034 2599 ἵνα
3064 2545 3158 2598 τοῦ
3214 2546 3445 2617 πλησίον
3481 2548 3593 2616 ἀφ-

2007 2633 2257 2705 ελώμεθα
2289 2652 2361 2688 τι.
2392 2631 2512 2688 Οἷδε
2556 2635 2624 2688 τὰ
2670 2637 2808 2706 κήτη
2831 2637 2931 2708 τὴν
2975 2637 3365 2708 ἀφωρισμένην
3409 2638 3594 2700 αὐτοῖς

2011 2731 2164 2798 παρὰ
2190 2728 2289 2798 τῆς
2324 2728 2538 2796 φύσεως
2567 2728 2796 2792 δίαιταν,
2835 2729 2932 2801 τὴν
2981 2729 3085 2794 ἔξω
3117 2731 3225 2784 τῶν
3260 2731 3598 2801 οἰκουμένων

2011 2821 2224 2891 χωρίων
2266 2822 2561 2892 κατείληφε
2596 2822 2888 2885 θάλασσαν,
2932 2821 3030 2892 τὴν
3071 2825 3287 2893 ἐρήμην
3321 2825 3526 2893 νήσων,

2016 2914 2256 2983 μηδεμία
2289 2913 2426 2982 πρὸς
2445 2914 2507 2966 τὺ
2533 2913 2829 2984 ἀντιπέρας
2861 2914 3319 2986 ἀντικαθέστηκεν
3344 2915 3594 2986 ἧπειρος.

2013 3004 2213 3074 Διόπερ
2242 3003 2446 3066 ἄπλους
2467 3005 2636 3068 ἐστὶν,
2663 3003 2787 3057 οὔτε
2819 3006 3058 3076 ἱστορίας
3081 3005 3204 3058 οὔτε
3230 3006 3374 3067 τινὸς
3403 3007 3596 3076 χρείας

2014 3094 2359 3166 κατατολμᾷν
2415 3095 2583 3166 αὐτῆς
2645 3096 2773 3160 τοὺς
2826 3096 3120 3167 πλωτῆρας
3174 3097 3593 3169 ἀναπειθούσης.

326 3189 507 3241 nautis
533 3189 820 3258 persuasit.
851 3185 960 3241 Hoc
992 3203 1143 3242 mare
1181 3197 1449 3256 occupant
1478 3198 1617 3251 cete,
1655 3184 1905 3240 maximis

2023 3160 2268 3258 Ἐκείνην
2305 3160 2688 3242 ’καταλαόόντα
2716 3187 2785 3243 τὰ
2819 3191 2980 3260 κήτη,
3005 3160 3137 3253 ’τοῖς
3182 3190 3460 3260 μεγίστοις
3487 3160 3598 3243 tilio

326 3280 599 3332 montibus
623 3279 992 3350 magnitudine
1018 3279 1238 3343 similia,
1271 3279 1415 3332 velut
1445 3278 1500 3332 hi
1524 3278 1615 3348 qui
1659 3278 1909 3332 viderunt

325 3377 594 3422 narrant:
627 3379 848 3422 manent
879 3370 1019 3423 intra
1057 3371 1305 3439 proprios
1355 3369 1638 3433 terminos,
1680 3382 1780 3423 nec
1825 3369 1908 3422 in-

324 3465 470 3520 sulas
511 3481 685 3534 neque
720 3467 880 3520 urbes
917 3469 1218 3522 maritimas
1265 3469 1538 3522 infestant.
1597 3467 1686 3524 Sic
1746 3469 1910 3537 igitur

324 3560 746 3629 unumquodque
771 3577 939 3631 genus
978 3561 1029 3615 in
1053 3563 1290 3617 deﬁnitis
1317 3563 1418 3617 sibi
1452 3562 1614 3616 maris
1643 3564 1906 3632 partibus,

322 3651 548 3719 perinde
573 3662 733 3720 atque
763 3653 815 3705 in
877 3653 1205 3716 civitatibus,
1261 3663 1352 3708 aut
1392 3655 1527 3708 vicis
1557 3653 1906 3722 quibusdam.

325 3752 416 3796 aut
447 3744 683 3813 antiquis
716 3745 926 3812 patriis,
976 3745 1320 3799 immoratur.
1368 3743 1486 3798 Jam
1519 3759 1648 3799 vero
1687 3745 1908 3813 quidam

323 3849 390 3889 ex
413 3836 650 3905 piscibus
684 3836 1115 3906 peregrinantes,
1138 3837 1284 3889 velut
1322 3852 1350 3888 a
1385 3836 1656 3890 communi
1679 3836 1827 3889 curia
1858 3836 1909 3888 in

324 3935 576 3982 externas
615 3930 862 4000 regiones
901 3929 1172 3998 ablegati,
1211 3943 1402 3982 omnes
1453 3929 1551 3982 sub
1603 3943 1710 3981 uno
1755 3928 1911 3997 signo

328 4020 766 4086 proﬁciscuntur.
791 4020 926 4074 Cum
963 4022 1109 4073 enim
1133 4022 1510 4088 prazseriptum
1541 4018 1740 4073 fetandi
1773 4029 1912 4072 lem-

328 4125 424 4179 pus
452 4111 726 4174 institerit,
755 4111 840 4164 alii
868 4112 935 4164 ab
965 4110 1086 4165 aliis
1113 4112 1444 4179 emigrantes
1477 4111 1705 4173 sinibus,
1757 4125 1911 4164 com-

330 4202 478 4254 muni
508 4216 714 4256 naturae
772 4203 886 4273 lege
920 4204 1198 4270 concitati,
1253 4203 1318 4256 ad
1371 4219 1519 4257 utare
1575 4202 1910 4272 aquilonium

327 4291 606 4346 festinant.
635 4294 698 4347 Et
728 4295 943 4358 quidem
981 4294 1099 4362 ipso
1148 4311 1410 4349 ascensus
1438 4305 1677 4362 tempore
1734 4296 1912 4364 pisces

330 4392 551 4439 coactos
588 4399 684 4453 per
725 4385 1109 4453 Propontidem
1154 4387 1206 4439 in
1261 4387 1525 4439 Euxinum
1563 4386 1793 4440 Pontum
1832 4388 1912 4440 in-

2010 3279 2153 3349 όρῶν
2202 3280 2343 3333 κατά
2398 3281 2460 3333 τὸ
2509 3280 2736 3350 μέγεθος
2769 3281 3010 3345 ἐοικότα,
3059 3282 3134 3345 ὠς
3178 3283 3228 3334 oi
3274 3282 3596 3352 τεθεαμένοι

2013 3372 2167 3441 φασὶ,
2211 3370 2360 3441 μένει
2391 3372 2448 3422 ἐν
2481 3372 2592 3434 τοῖς
2627 3370 2846 3434 οἰκείοις
2875 3371 3040 3442 ὅροις,
3085 3373 3221 3442 μήτε
3248 3374 3366 3434 ταῖς
3387 3374 3597 3442 νήσοις,

2015 3466 2152 3536 μήτε
2193 3467 2309 3528 ταῖς
2337 3464 2622 3534 παραλίοις
2663 3463 2739 3534 (5)
2768 3464 2956 3517 πόλεσι
3002 3466 3392 3536 λυμαινόμενα.
3439 3465 3597 3519 Οὖτω

2016 3559 2114 3630 μὲν
2154 3554 2246 3612 οὖν
2295 3559 2524 3612 ἕκαστον
2560 3558 2749 3626 γένος,
2783 3560 2970 3630 ὥσπερ
3012 3559 3250 3624 πόλεσιν,
3301 3559 3334 3630 ἢ
3379 3558 3596 3629 κώμαις

2013 3651 2177 3716 τισὶν,
2209 3651 2242 3722 ἢ
2275 3651 2530 3721 πατρίσιν
2558 3650 2835 3722 ἀρχαίαις,
2859 3653 2967 3714 τοῖς
3002 3651 3463 3721 ἀποτεταγμένοις
3501 3653 3596 3704 αὐ-

2012 3747 2126 3807 τοῖς
2174 3745 2273 3814 τῆς
2338 3743 2613 3814 θαλάσσης
2668 3743 2889 3814 μέρεσιν
2944 3741 3304 3806 ἐναυλίζεται.
3350 3743 3492 3814 Ἤδη
3538 3745 3596 3797 δέ

2012 3851 2157 3898 τινες
2215 3835 2310 3888 καὶ
2368 3833 2766 3905 ἀποδημητικοὶ
2819 3833 2928 3886 τῶν
2991 3833 3206 3904 ἰχθύων,
3253 3834 3443 3906 ὥσπερ
3487 3835 3596 3888 ἀπὸ

2013 3927 2194 3981 κοινοῦ
2241 3929 2622 3998 βουλευτηρίου
2669 3927 2808 3997 πρὸς
2853 3927 2950 3998 τὴν
2983 3929 3282 4000 ὑπερορίαν
3319 3929 3594 3998 στελλόμε.

2022 4037 2126 4083 νοι,
2153 4021 2242 4089 ὑφ’
2273 4021 2352 4074 ἐνὶ
2389 4020 2690 4092 συνθήματι
2734 4019 2934 4083 πάντες
2963 4020 3308 4088 ἀπαίρουσιν.
3346 4021 3593 4073 Ἐπειδὰν

2014 4110 2122 4183 γὰρ
2153 4113 2182 4164 6
2205 4111 2535 4181 τεταγμένος
2560 4110 2750 4181 καιρὸς
2790 4110 2888 4180 τῆς
2911 4110 3160 4179 κυήσεως
3184 4108 3260 4179 (6)
3285 4110 3590 4180 καταλάϐῃ.

2015 4203 2163 4256 ἄλλοι
2195 4203 2289 4256 ἀπ’
2342 4203 2514 4256 ἄλλων
2547 4203 2762 4255 κόλπων
2799 4202 3262 4272 μεταναστάντες,
3305 4201 3382 4272 τῷ
3433 4203 3595 4272 κοινῷ

2013 4297 2113 4367 τῆς
2166 4295 2381 4365 φύσεως
2429 4297 2577 4366 νόμῳ
2620 4295 3020 4366 διεγερθέντες,
3057 4295 3150 4348 ἐπὶ
3197 4294 3295 4367 τὴν
3351 4295 3594 4367 βορεινὴν

2015 4389 2322 4456 ἐπείγονται
2363 4388 2657 4446 θάλασσαν.
2689 4389 2797 4443 Καὶ
2831 4389 2961 4453 ἴδοις
2993 4389 3059 4442 ἂν
3088 4389 3230 4443 κατά
3268 4389 3360 4442 τὸν
3405 4388 3595 4462 καιρὸν

325 4472 593 4540 ﬂuentes,
641 4476 715 4528 uti
777 4485 1070 4531 torrentem
1121 4477 1412 4546 quemdam
1473 4478 1658 4530 videre
1715 4479 1905 4545 possis.

2020 4482 2116 4552 τῆς
2166 4481 2352 4535 ἀνόδου
2399 4480 2589 4553 ὥσπερ
2637 4499 2690 4535 τι
2748 4481 2925 4553 ῥεῦμα
2983 4482 3109 4545 τοὺς
3165 4481 3319 4552 ἰχθῦς
3379 4481 3594 4552 ἡνωμέ-

393 4585 441 4618 ⁹³
479 4586 622 4642 Psal.
654 4602 820 4652 van,
853 4589 905 4642 7.
980 4589 1026 4619 ⁸⁸
1062 4588 1203 4643 Psal.
1241 4605 1358 4653 cut,
1389 4589 1460 4642 ‘25
1509 4589 1599 4642 26.

397 4698 513 4770 (99)
533 4698 615 4770 illa
643 4709 875 4770 quatuor
903 4715 1031 4753 mss.
1072 4700 1229 4752 Deest
1265 4701 1523 4756 articulus
1567 4703 1617 4754 in
1639 4703 1816 4758 editis.
1851 4705 1906 4758 In

329 4769 447 4823 aliis
481 4769 649 4841 tribus
680 4784 809 4841 mss.
842 4769 1038 4841 legitur
1071 4772 1163 4822 καὶ
1186 4773 1213 4824 6
1262 4770 1472 4824 Ἰακώϐ.
1503 4771 1659 4825 Colb.
1703 4776 1908 4841 primus

330 4842 422 4894 καὶ
447 4841 474 4891 6
504 4836 644 4890 Ἰώϐ.
673 4837 786 4910 Nec
813 4840 1125 4910 aliterrlegit
1151 4843 1484 4905 Eustathius,
1515 4845 1603 4910 qui
1635 4836 1714 4898 sic
1745 4847 1910 4898 inter-

330 4919 618 4982 pretatur:
655 4907 1166 4982 Justusuihiihabet
1186 4912 1380 4982 [icuth
1404 4907 1543 4965 sicut
1559 4911 1685 4965 Job.
1722 4915 1912 4982 Respi-

329 4977 402 5033 ttit
425 4977 652 5051 Basilius
679 4978 744 5031 ad
768 4979 923 5051 illud,
967 4980 1160 5033 Ἰακὼϐ
1184 4981 1262 5041 δὲ,
1296 4980 1579 5051 ἄνθρωπος
1605 4977 1907 5047 ἄπλαστος,

326 5048 490 5102 οἰκῶν
516 5047 709 5118 οἰκίαν,
749 5048 913 5100 Jacob
962 5066 1135 5102 autem
1188 5057 1340 5103 homo
1382 5047 1621 5118 simplex,
1655 5055 1902 5106 habitans

328 5124 540 5172 domum
565 5117 864 5183 (Gen.xxv,
890 5119 1002 5186 27).
1039 5119 1307 5172 Partienla
1335 5119 1448 5183 καί,
1488 5137 1628 5188 qme,
1657 5131 1712 5174 ut
1751 5135 1903 5176 nota-

331 5190 529 5251 vimus,
557 5191 606 5240 in
638 5189 842 5255 aliquot
881 5205 1009 5242 mss.
1057 5191 1342 5258 reperitur,
1378 5191 1490 5243 fere
1541 5190 1672 5244 facit
1716 5203 1774 5246 ut
1823 5193 1902 5246 le-

328 5260 557 5328 gendum
588 5259 829 5326 suspicer
851 5258 1034 5321 ὁποῖος
1064 5263 1092 5311 ὁ
1140 5259 1333 5312 ’ἰακὼὸ
1358 5260 1450 5312 καὶ
1473 5262 1501 5314 6
1542 5261 1681 5315 Ἰώὸ.

403 5326 643 5400 (1)00”).
676 5332 942 5400 secundus
962 5329 1069 5382 τῶν
1096 5331 1350 5383 τοιούτων
1375 5328 1592 5400 ἰχθύων.
1626 5331 1746 5386 Mox
1771 5332 1911 5386 idem

333 5413 432 5451 ms.
461 5397 561 5450 καὶ
597 5397 902 5468 μιμεῖσθαι.

404 5470 480 5537 (2)
519 5471 610 5520 Sic
645 5479 879 5536 quatuor
909 5484 1035 5521 mss.
1085 5468 1219 5521 Editi
1249 5485 1370 5523 cum
1411 5471 1617 5525 duobus
1651 5488 1781 5526 mss.
1837 5473 1906 5526 τά

332 5536 389 5589 δέ
413 5536 530 5588 τινα
563 5539 650 5609 τά.
672 5541 865 5590 Statim
898 5541 1024 5590 editi
1057 5539 1236 5608 ἄπορα
1271 5541 1398 5609 παρ’
1439 5541 1686 5603 ὲκείνοιςέ
1723 5545 1786 5596 At
1810 5558 1905 5596 sex

339 5623 466 5658 mss.
512 5608 637 5676 παρ’
663 5610 887 5675 ἑτέροις.
921 5608 1117 5660 Ibidem
1154 5612 1316 5663 editio
1345 5608 1504 5660 Basil.
1530 5626 1650 5662 cum
1673 5613 1819 5663 Bodl.
1849 5623 1905 5664 et

338 5691 460 5754 ςιιιιι
487 5689 686 5743 septem
725 5679 842 5730 aliis
871 5693 998 5732 mss.
1035 5679 1184 5731 οὐδὲν
1219 5681 1362 5749 ὅρος.
1391 5681 1562 5735 Εέίὶιίο
1590 5681 1760 5737 Paris.
1781 5682 1901 5735 οὐδὲ

335 5755 487 5809 ορος.

1699 4590 1744 4621 ⁸⁵
1772 4591 1929 4647 Prov.
1959 4610 2096 4657 χχιι,
2116 4593 2207 4649 ἳ8.

2088 4706 2166 4775 (5)
2205 4705 2346 4778 Editi
2377 4722 2497 4778 eum
2523 4708 2654 4778 Reg.
2689 4707 2848 4764 tertio
2871 4721 3062 4763 etcum
3083 4708 3239 4763 Colh.
3276 4708 3454 4776 primo
3475 4711 3594 4766 ἑκά-

2019 4793 2164 4837 στοις
2191 4777 2540 4848 ἀποκληρῶν.
2569 4777 2749 4832 (Iudex
2780 4779 3025 4835 Combet'.
3060 4795 3181 4833 cum
3213 4779 3335 4832 aliis
3362 4792 3593 4848 quatuor

2021 4862 2148 4918 mss.
2174 4847 2390 4918 ἀποπλη
2402 4847 2530 4918 ρῶν.

2092 4917 2170 4980 (4)
2197 4917 2362 4970 Natat
2390 4921 2614 4971 ltucmus
2636 4917 2735 4986 legi
2769 4919 2820 4971 in
2852 4919 3088 4972 editione
3113 4917 3398 4973 Basiliensi
3425 4929 3596 4986 poste-

2023 4985 2149 5058 riori
2183 4988 2593 5058 παραπείνομεν
2615 5029 2632 5054 ,
2666 4985 2848 5058 aitque
2878 4989 3200 5058 Cornarium
3232 4990 3371 5042 male
3418 4985 3596 5043 euien-

2019 5056 2195 5130 dasse,
2220 5056 2340 5110 eum
2372 5073 2436 5110 ex
2491 5056 2900 5130 παραπείνομεν
2941 5057 3142 5130 (Ξίΐοςίι⁸
3171 5059 3591 5130 παρατείνομεν,

2013 5129 2335 5198 ampliaatus
2383 5126 2600 5181 terreni.
2653 5126 2920 5198 Caeterum
2947 5126 3145 5198 _l)uca:i
3181 5126 3408 5184 Codices
3442 5126 3591 5198 aeque

2011 5207 2074 5246 ac
2093 5196 2278 5268 nostri
2299 5199 2521 5268 habent
2543 5196 3028 5268 παρατεμνόμεθα,
3053 5214 3308 5268 secamus.

2083 5265 2160 5341 (ὅ)
2193 5266 2427 5341 (lodices
2461 5265 2685 5341 _aliqubt
2755 5265 2898 5341 cuni
2934 5269 3183 5341 editione
3226 5267 3392 5323 Basil.
3455 5287 3592 5341 παρ-

2019 5335 2216 5458 αἰιὲαις.
2253 5337 2427 5391 Edilio
2459 5337 2627 5392 Paris.
2656 5353 2780 5391 eum
2811 5337 2931 5392 aliis
2956 5338 3277 5406 quibusdam
3295 5354 3421 5394 mss.
3449 5335 3589 5412 παρ-

2019 5422 2053 5458 α
2109 5424 2208 5458 οιε.

2017 5422 2208 5468 αλιοις.

2092 5478 2168 5546 (6)
2202 5476 2571 5550 EditioBasil.
2601 5479 2793 5549 καιρὸς
2825 5477 2924 5549 τῆς
2951 5480 3244 5550 κινήσεως,
3276 5489 3328 5532 et
3357 5480 3430 5532 ita
3459 5480 3590 5550 legit

2017 5545 2330 5618 Cornarius.
2371 5547 2474 5601 Sed
2534 5549 2662 5602 Duc.
2697 5545 2926 5617 uterque
2983 5561 3037 5601 et
3065 5545 3289 5618 ‘Augltci
3347 5565 3481 5604 mss.
3519 5545 3590 5604 ἐι

2017 5617 2260 5690 Gotubef.
2285 5632 2406 5670 cum
2455 5634 2548 5671 sex
2582 5621 2782 5690 nostris
2808 5618 3002 5690 καιρὸς
3051 5620 3150 5690 τῆς
3173 5617 3445 5690 κυήσεως.
3484 5619 3588 5676 Nec

2022 5687 2176 5740 aliter
2203 5687 2446 5756 legerunt
2473 5689 2788 5745 Ambrosius
2813 5700 2868 5745 et
2902 5687 3238 5745 Eustathius.
