3850 6218
263 305 368 360 157

1371 302 1660 360 HOMILIA
1700 302 1794 358 Vl]
1833 304 1899 358 IN
1941 302 2436 358 llEXAEMERON.

3439 307 3542 362 158

259 433 384 479 νους
418 413 516 484 (7),
548 413 642 467 καὶ
671 413 760 466 διὰ
790 412 890 484 τῆς
933 415 1292 486 Προποντίδος
1330 416 1424 468 ἐπὶ
1463 415 1554 468 τὸν
1595 414 1835 481 Εὕξεινοι

1953 413 2148 482 Ecquis
2178 427 2358 470 movet
2381 417 2404 468 ?
2427 415 2698 484 quodnam
2721 423 2807 472 est
2835 418 2976 486 regis
3009 419 3335 490 imperiunm?
3361 427 3542 495 qualia

261 508 502 580 ῥέοντας.
545 505 642 568 Τίς
679 505 707 556 ὁ
739 505 940 570 κινῶν;
975 509 1124 560 ποῖον
1171 507 1500 578 πρόσταγμα
1546 507 1842 578 βασιλέως;

259 603 389 654 ποῖα
420 599 815 670 διαγράμματα
847 598 970 652 κατ’
1004 600 1213 672 ἀγορὰν
1243 599 1545 670 ήπλωμένα
1575 599 1675 669 τὴν
1718 617 1847 670 προ-

257 691 488 761 θεσμίαν
541 689 729 760 δηλοῖ;
786 691 835 742 οἱ
895 689 1249 760 ξεναγοῦντες
1302 690 1484 755 τίνες;
1528 690 1692 761 Ὁρᾷς
1747 688 1844 759 τὴν

255 785 409 840 θείαν
454 783 698 849 διάταξιν
744 783 922 838 πάντα
956 785 1294 856 πληροῦσαν,
1343 785 1438 840 καὶ
1485 785 1574 839 διὰ
1614 785 1722 838 τῶν
1760 803 1846 856 μι-

257 875 540 946 κροτάτων
574 874 888 946 διήκουσαν.
952 875 1126 945 Ἰχθὺς
1193 877 1294 930 οὐκ
1357 876 1628 945 ἀντιλέγει
1692 877 1843 946 νόμῳ

255 967 416 1032 Θεοῦ,
449 969 546 1022 καὶ
579 967 856 1039 ἄνθρωποι
889 967 1172 1038 σωτηρίων
1210 969 1557 1040 διδαγμάτων
1603 971 1705 1022 οὐκ
1753 972 1846 1024 ἀν·

254 1061 514 1132 εχόμεθα.
553 1059 644 1130 Μὴ
676 1061 1011 1131 καταφρόνει
1037 1061 1146 1114 τῶν
1175 1062 1396 1132 ἰχθύων,
1424 1061 1610 1134 ἐπειδὴ
1657 1064 1845 1130 ἄφωνα

256 1153 352 1206 καὶ
395 1151 567 1222 ἄλογα
613 1151 921 1216 παντελῶς·
977 1153 1114 1206 ἀλλά
1163 1153 1330 1222 φοϐοῦ
1382 1154 1457 1225 μὴ
1499 1154 1593 1208 καὶ
1641 1155 1844 1208 τούτων

255 1245 596 1316 ἀλογώτερος
623 1241 708 1317 ᾗς,
749 1247 816 1315 τῇ
849 1245 1076 1318 διαταγῇ
1122 1245 1216 1301 τοῦ
1257 1247 1544 1310 κτίσαντος
1587 1247 1843 1300 ἀνθιστά-

259 1356 440 1408 μενος.
469 1340 668 1392 Ἃκουε
704 1338 811 1390 τῶν
856 1337 1054 1408 ἰχθύων
1120 1340 1402 1409 μονονουχὶ
1443 1339 1626 1409 φωνὴν
1657 1340 1846 1407 ἀφιέν-

254 1447 366 1484 των
397 1431 463 1483 δι’
504 1424 578 1484 ὧν
627 1431 894 1494 ποιοῦσιν,
946 1431 1049 1484 ὅτι⁹
1095 1429 1190 1494 Ei;
1238 1431 1496 1501 διαμονὴν
1531 1431 1624 1482 τοῦ
1655 1431 1846 1498 γένους

253 1523 354 1594 τὴν
423 1521 640 1593 μακρὰν
691 1521 897 1592 ταύτην
950 1521 1261 1592 ἀποδημίαν
1315 1520 1668 1592 στελλόμεθα.
1723 1521 1838 1574 Οὐκ

255 1615 472 1685 ἔχουσιν
505 1614 632 1666 ίδιον
665 1613 822 1681 λόγον
843 1630 856 1642 ·
907 1613 1092 1683 ἔχουσι
1133 1613 1191 1666 δὲ
1233 1611 1326 1666 τὸν
1357 1613 1456 1682 τῆς
1507 1613 1722 1682 φύσεως
1753 1613 1844 1666 νό-

1948 506 2128 560 cdicta
2171 507 2222 560 iu
2273 507 2389 562 foro
2424 507 2692 577 exposita,
2753 511 3076 580 praefinitum
3139 522 3352 584 tempus
3403 519 3544 572 indi-

1947 598 2115 652 eant?
2167 599 2258 668 qui
2312 608 2438 652 sunt
2475 599 2741 666 hospitum
2777 604 3216 674 advenarumque
3247 609 3546 666 ductores?

1949 690 2113 744 Vides
2166 691 2404 744 divinam
2440 691 2838 748 ordinationem
2909 706 3100 750 cuncta
3153 699 3540 768 complentem,

1947 793 2110 852 atque
2144 799 2240 852 per
2269 785 2632 840 minutissima
2687 787 3094 856 pervadentem.
3140 790 3312 846 Piscis
3343 793 3545 850 divinae

1949 874 2053 944 legi
2085 889 2190 928 non
2230 876 2570 944 adversatur,
2603 894 2698 934 nos
2741 895 2868 935 vero
2897 881 3226 938 salutaribus
3256 891 3542 956 praeceptis

1949 985 2053 1024 non
2084 971 2456 1039 obsequimur.
2489 972 2632 1028 Cave
2663 977 2838 1044 pisces
2869 978 3202 1052 asperneris,
3225 980 3370 1048 quod
3405 980 3541 1034 muti

1947 1073 2092 1127 sunt,
2116 1073 2168 1118 ct
2197 1065 2416 1119 omnino
2457 1067 2682 1121 rationis
2713 1067 2822 1137 67
2855 1079 3142 1136 expertes:
3171 1071 3266 1124 sed
3291 1071 3440 1134 time,
3473 1087 3541 1126 ne

1945 1151 2110 1204 etiam
2139 1151 2222 1206 his
2251 1153 2478 1208 inferior
2511 1156 2588 1208 sis
2615 1159 2840 1220 ratione,
2884 1156 3212 1212 ordinationi
3240 1159 3542 1216 conditoris

1946 1245 2232 1301 obsistens.
2265 1246 2398 1299 Audi
2427 1247 2626 1314 pisces,
2663 1249 2752 1316 qui
2785 1263 2879 1317 per
2904 1264 2966 1303 ea
2997 1265 3116 1318 quae
3146 1250 3370 1314 faciunt,
3421 1260 3543 1305 tan-

1950 1348 2064 1392 tnm
2101 1353 2206 1392 non
2237 1339 2492 1392 entittunt
2521 1339 2662 1394 hanc
2687 1355 2872 1395 vocem
2913 1357 2926 1394 :
2985 1340 3096 1396 Nos
3127 1342 3194 1397 ad
3223 1353 3539 1412 perpetuam

1948 1432 2161 1502 generis
2212 1433 2684 1488 conservationem
2725 1433 2777 1486 in
2815 1432 3165 1502 longinquam
3217 1434 3358 1488 hanc
3387 1448 3543 1502 pere-

1947 1527 2310 1594 grinationem
2345 1525 2632 1578 mittimur.
2659 1523 2774 1579 Non
2797 1525 2927 1594 ipsis
2947 1526 3084 1579 inest
3109 1526 3328 1594 propria
3359 1526 3538 1594 ratio;

1949 1615 2042 1670 sed
2074 1627 2279 1670 natura:
2311 1615 2484 1686 legem
2534 1614 2734 1669 habent
2771 1617 2872 1670 sibi
2925 1615 3131 1670 fortiter
3187 1616 3536 1682 insidentem,

259 1722 362 1774 μον
393 1701 627 1775 ίσχυρῶς
662 1703 1032 1774 ἐνιδρυμένον,
1073 1705 1168 1755 καὶ
1213 1702 1276 1755 τὸ
1307 1703 1578 1774 πρακτέον
1627 1704 1835 1756 ὑποδει-

1949 1718 2003 1762 et
2025 1709 2165 1777 quod
2194 1709 2461 1776 agendum
2477 1717 2562 1761 est
2587 1717 2986 1778 supgerentem.
3011 1708 3234 1773 Eamus,
3259 1708 3538 1776 inquiunt,

255 1795 477 1850 κνύντα.
535 1795 871 1866 Βαδίσωμεν,
917 1797 1114 1865 φασιν,
1172 1797 1266 1849 ἐπὶ
1317 1797 1380 1849 τὸ
1427 1796 1636 1867 βόρειον
1676 1796 1841 1849 πέλα-

253 1903 352 1954 γος
384 1885 482 1957 (8).
516 1885 852 1958 Γλυκύτερον
883 1886 992 1959 γὰρ
1021 1888 1120 1958 τῆς
1147 1887 1338 1958 λοιπῆς
1367 1887 1644 1960 Θαλάσσης
1669 1891 1844 1944 ἐκεῖνο

253 1979 316 2032 τὸ
371 1979 536 2051 ὕδωρ,
588 1980 720 2033 διότι
777 1981 864 2032 ἐπ’
905 1980 1086 2048 ὀλίγον
1138 1982 1276 2052 αὐτῇ
1335 1981 1767 2053 προσδιατρίὸων
1815 1985 1844 2036 ὁ

251 2071 436 2142 ἥλιος,
487 2073 587 2124 οὐκ
635 2071 820 2140 ἐξάγει
857 2071 1028 2142 αὐτῆς
1072 2071 1192 2124 ὄλον
1240 2072 1328 2126 διά
1375 2073 1478 2144 τῆς
1527 2074 1744 2137 ἀκτῖνος
1783 2073 1844 2127 τὸ

253 2165 508 2234 πότιμον.
549 2163 744 2235 Χαίρει
777 2163 834 2216 δὲ
859 2165 974 2226 τοῖς
1011 2163 1236 2232 γλυκέσι
1291 2164 1386 2217 καὶ
1425 2165 1494 2219 τὰ
1539 2165 1838 2220 θαλάσσια·

251 2257 376 2310 ὅθεν
407 2256 502 2308 καὶ
533 2256 628 2308 ἐπὶ
677 2258 802 2319 τοὺς
853 2257 1136 2326 ποταμοὺς
1181 2257 1512 2329 ἁνανήχεται
1560 2259 1842 2324 πολλάκις,

253 2349 352 2402 καὶ
385 2349 576 2422 nepam
618 2349 897 2421 Θαλάσσης
934 2351 1181 2424 φέρεται.
1224 2353 1320 2405 Ἐκ
1357 2352 1548 2406 τούτου
1582 2355 1844 2425 προτιμό-

249 2457 412 2510 τερος
450 2442 634 2505 αὐτοῖς
668 2445 694 2496 ό
723 2443 927 2506 Πόντος
957 2443 1066 2496 τῶν
1104 2443 1306 2496 λοιπῶν
1335 2445 1452 2497 ἐστι
1498 2445 1735 2510 κόλπων,
1766 2445 1842 2510 ὡς

251 2533 561 2605 ἐπιτήδειος
613 2536 986 2606 ἐναποκυῆσαι
1037 2535 1132 2588 καὶ
1187 2536 1450 2610 ἐκθρέψαι
1505 2537 1572 2590 τὰ
1619 2537 1842 2606 ἔκγονα.

266 2623 515 2678 Ἐπειδὰν
573 2623 632 2677 δὲ
677 2624 740 2677 τὸ
789 2624 1221 2696 σπουδαζόμενον
1267 2627 1579 2698 ἀρκούντως
1635 2628 1844 2700 ἐκπλη-

253 2715 442 2788 ρωθῇ,
483 2715 644 2770 πάλιν
698 2717 974 2789 πανδημεὶ
1029 2719 1231 2784 πάντες
1278 2721 1714 2790 ὑποστρέφουσιν
1765 2721 1844 2776 οἴ-

253 2809 406 2863 καδε.
437 2809 548 2862 Καὶ
601 2809 684 2871 τίς
725 2811 754 2862 ό
799 2809 978 2878 λόγος,
1025 2811 1352 2882 ἀκούσωμεν
1407 2811 1559 2884 παρά
1613 2813 1688 2882 (9)
1735 2813 1842 2866 τῶν

253 2901 604 2956 σιωπώντων.
645 2903 1014 2970 Ἑπιπόλαιος,
1047 2895 1289 2976 (pacti/,1]
1326 2904 1538 2976 βορεινὴ
1573 2905 1839 2972 θάλασσα,

250 2995 349 3048 καὶ
384 2994 552 3047 ὑπτία
585 2995 922 3066 προκειμένη
957 2995 1066 3049 τῶν
1099 2997 1318 3066 ἀνέμων
1351 2999 1471 3061 ταῖς
1518 2996 1662 3068 βίαις
1682 3037 1696 3060 ,
1733 2997 1842 3051 ὀλί-

1946 1798 2012 1850 ad
2065 1797 2382 1864 aquilonare
2438 1795 2682 1864 pelagus.
2715 1796 2933 1850 Dulcior
2965 1807 3046 1850 est
3097 1797 3240 1850 enim
3271 1796 3360 1850 illa
3396 1813 3536 1866 aqua

1945 1903 2105 1955 quam
2139 1886 2404 1954 reliquum
2435 1900 2604 1949 mare,
2637 1897 2918 1954 propterea
2947 1887 3088 1954 quod
3121 1886 3200 1940 sol
3225 1887 3374 1942 brevi
3399 1895 3530 1942 tem-

1943 1993 2074 2045 pore
2106 1977 2158 2030 in
2195 1992 2260 2030 eo
2310 1991 2678 2042 commorans,
2729 1995 2836 2032 non
2863 1993 2928 2030 ex
2963 1994 3026 2033 eo
3075 1995 3169 2047 per
3193 1994 3318 2034 suos
3357 1980 3540 2036 radios

1942 2068 2120 2123 educit
2145 2067 2404 2136 quidquid
2433 2067 2577 2135 potui
2609 2079 2791 2136 aptum
2821 2077 2922 2122 cst.
2957 2067 3208 2124 Gaudent
3245 2081 3302 2124 et
3329 2073 3540 2128 marina

1943 2165 2100 2228 aquis
2134 2157 2418 2211 dulcibus:
2451 2157 2594 2210 unde
2627 2166 2681 2211 et
2713 2158 2779 2210 ad
2833 2157 3054 2210 ﬂumina
3089 2173 3232 2226 saepe
3291 2167 3536 2223 enatant,

1943 2250 2238 2318 proculque
2271 2264 2300 2302 a
2332 2248 2466 2302 mari
2500 2247 2802 2302 discedunt.
2853 2247 2965 2302 Hac
2999 2249 3064 2302 de
3117 2263 3286 2302 causa
3323 2249 3536 2304 ca’teris

1943 2345 2152 2398 sinibus
2187 2343 2256 2396 ab
2305 2342 2435 2411 ipsis
2489 2341 2780 2410 praefertur
2811 2341 3034 2406 Pontus,
3097 2340 3241 2394 velut
3287 2340 3353 2394 ad
3391 2339 3538 2396 fetus

1943 2435 2178 2489 edendos
2214 2443 2374 2502 atque
2397 2433 2754 2486 enutriendos
2781 2431 3370 2502 ldOIletIS..POSlquam
3401 2446 3535 2486 vero

1943 2525 1994 2579 id
2027 2525 2166 2594 quod
2193 2525 2243 2578 in
2279 2525 2416 2578 votis
2442 2532 2581 2586 erat,
2617 2523 2891 2592 expletum
2925 2523 3140 2578 abunde
3173 2521 3308 2589 fuit;
3346 2535 3535 2576 rursus

1942 2632 2134 2672 omnes
2182 2615 2498 2670 catervatim
2527 2615 2596 2670 ad
2635 2614 2852 2684 propria
2901 2623 3270 2668 revertuntur.
3319 2612 3378 2666 Et
3415 2627 3535 2681 qua-

1943 2709 2014 2764 sit
2063 2707 2320 2762 redeundi
2352 2707 2510 2772 ratio,
2549 2721 2578 2760 a
2633 2707 2798 2760 mutis
2853 2704 3158 2760 audiamus.
3197 2701 3536 2772 Aquilonare

1941 2815 2147 2870 aequor,
2183 2799 2452 2869 inquiunt,
2513 2797 2838 2866 profundum
2887 2813 2993 2850 non
3031 2805 3137 2860 est,
3171 2811 3405 2866 cumque
3438 2809 3534 2850 su-

1945 2893 2128 2961 pinum
2179 2892 2284 2959 sit,
2343 2890 2592 2945 violentis
2641 2889 2818 2944 ventis
2873 2887 3184 2958 exponitur,
3237 2903 3301 2942 ac
3350 2887 3535 2942 littora

1943 2992 2198 3053 pauca-et
2234 2997 2438 3052 paucos
2471 2997 2719 3038 recessus
2773 2980 2954 3036 habet.
2990 2979 3330 3050 Quapropter
3363 2981 3530 3034 etiam

251 3105 360 3158 γας
405 3087 577 3151 ἀκτὰς
610 3087 704 3140 καὶ
747 3087 1059 3160 ὑποδρομάς
1093 3088 1204 3160 (10)
1245 3089 1463 3160 ἔχουσα.
1511 3090 1601 3143 Διὸ
1647 3091 1742 3144 καὶ
1775 3094 1835 3144 ἐκ

1944 3073 2011 3128 ab
2043 3072 2152 3128 imo
2187 3073 2302 3128 solo
2357 3073 2532 3142 ipsum
2565 3070 2720 3126 facile
2751 3069 3068 3125 concutiunt
3114 3073 3284 3134 venti,
3310 3071 3444 3126 adeo
3477 3079 3534 3124 ut

251 3180 532 3252 πυθμένος
568 3182 618 3233 οἱ
665 3181 854 3252 ἄνεμοι
914 3181 1116 3254 ῥᾳδίως
1172 3182 1340 3254 αὐτὴν
1387 3183 1837 3254 ἀναστρέφουσιν,

251 3273 329 3335 ὡς
365 3273 460 3326 καλ⁵
483 3273 583 3343 τὴν
625 3273 814 3342 βυθίαν
857 3273 1082 3345 ψάμμον
1113 3277 1225 3338 τοῖς
1269 3273 1509 3346 κύμασιν
1540 3277 1842 3347 ἀναμίγνυ-

251 3363 400 3416 σθαι.
439 3362 600 3416 Ἀλλά
639 3363 732 3415 καὶ
764 3361 948 3434 ψυχρὰ
981 3363 1249 3434 χειμῶνος
1289 3363 1442 3436 ὥρᾳ,
1489 3365 1594 3417 ὑπὸ
1628 3365 1840 3418 πολλῶν

249 3455 349 3507 καὶ
385 3454 634 3525 μεγάλων
683 3455 947 3526 ποταμῶν
999 3455 1376 3528 πληρουμένη.
1405 3455 1506 3509 Διά
1543 3455 1704 3510 τοῦτο
1751 3459 1840 3526 ἐφ’

247 3547 376 3601 ὅσον
421 3548 642 3618 μέτριον
683 3547 1087 3612 ἀπολαύσαντες
1128 3549 1299 3618 αὐτῆς
1338 3551 1396 3602 ἐν
1427 3548 1504 3620 τῷ
1537 3549 1707 3622 θέρει,
1741 3549 1842 3604 πά-

249 3639 336 3694 λιν
364 3641 630 3712 χειμῶνος
661 3642 754 3694 ἐπὶ.
786 3641 884 3714 τὴν
916 3643 974 3696 ἐν
999 3639 1076 3712 τῷ
1107 3639 1254 3712 βυθῷ
1292 3640 1456 3694 ἀλέαν
1494 3642 1606 3712 (il)
1639 3645 1734 3696 καὶ
1772 3643 1842 3697 τὰ

247 3731 522 3804 προσ-ήλια
551 3733 662 3787 τῶν
692 3735 906 3805 χωρίων
947 3733 1291 3803 ἐπείγονται,
1335 3734 1428 3787 καὶ
1470 3733 1735 3802 φυγόντες
1779 3734 1841 3787 τὸ

245 3825 554 3896 δυσήνεμον
578 3825 688 3878 τῶν
714 3823 999 3896 ἀρκτῴων,
1023 3829 1135 3890 τοῖς
1159 3826 1247 3878 ἐπ’
1274 3823 1494 3880 ἔλαττον
1517 3825 1840 3897 τινασσομέ-

249 3933 368 3980 νοις
395 3916 620 3980 κόλποις
653 3915 1166 3989 ἐγκαθορμίζονται.

319 4007 376 4062 5.
415 4005 570 4062 Εἶδον
613 4009 788 4063 ταῦτα
831 4008 960 4078 ἐγὼ,
1000 4011 1096 4062 καὶ
1145 4009 1243 4082 τὴν
1275 4010 1334 4063 ἐν
1366 4011 1500 4064 πᾶσι
1548 4007 1642 4064 τοῦ
1699 4008 1836 4064 Θεοῦ

247 4100 442 4170 σοφίαν
477 4100 784 4172 ἐθαύμασα.
827 4103 892 4155 Et
926 4101 994 4156 τὰ
1034 4102 1205 4170 ἄλογα
1243 4101 1566 4171 ἐπινοητικά
1596 4102 1693 4156 καὶ
1737 4119 1838 4171 φυ-

243 4189 484 4244 λακτικά
523 4191 624 4262 τῆς
657 4191 793 4256 ιδίας
829 4191 1008 4246 αὐτῶν
1039 4193 1336 4264 σωτηρίας,
1372 4193 1468 4247 καὶ
1501 4188 1610 4246 οἵδε
1657 4192 1719 4246 τὺ
1748 4195 1834 4245 αἱ-

247 4281 403 4355 ρετὸν
445 4282 594 4354 αὑτῷ
647 4285 742 4338 καὶ
790 4286 850 4338 τὸ
901 4285 1136 4355 φευκτὸν
1181 4287 1210 4339 ὁ
1257 4285 1438 4356 ιχθύς·
1486 4283 1541 4338 τί
1599 4285 1836 4357 ἐροῦμεν

241 4375 408 4444 ἡμεῖς
457 4375 508 4428 οἱ
540 4375 684 4447 λόγῳ
733 4377 1108 4449 τετιμημένοι,
1143 4379 1236 4431 καὶ
1267 4377 1418 4449 νόμῳ
1465 4377 1835 4447 πεπαιδευμέ-

1943 3179 2105 3218 arena
2142 3179 2262 3234 qua:
2313 3167 2366 3217 in
2420 3161 2586 3216 fundo
2645 3161 2987 3228 subsidebat,
3048 3159 3298 3215 [luctibus
3329 3161 3530 3230 permi-

1943 3265 2180 3310 sceatur.
2207 3254 2346 3321 Quin
2372 3263 2424 3307 et
2449 3251 2704 3322 frigidum
2717 3261 2801 3305 est
2825 3250 3020 3306 hiemis
3045 3259 3310 3319 tempore,
3331 3249 3532 3318 quippe

1943 3347 2086 3418 quod
2111 3363 2138 3398 a
2171 3345 2355 3400 multis
2373 3343 2692 3414 magnisque
2719 3339 2894 3396 ﬂuviis
2923 3343 3214 3410 repleatur.
3237 3339 3531 3411 Propterea

1944 3438 2060 3508 ipso
2085 3439 2136 3491 in
2164 3445 2354 3490 testate
2398 3435 2676 3488 moderate
2727 3433 2906 3501 potiti,
2933 3447 3122 3486 rursus
3148 3431 3324 3486 hieme
3353 3445 3413 3484 ut
3462 3431 3532 3485 ad

1947 3533 2186 3594 teporem
2214 3522 2265 3575 in
2296 3521 2560 3592 profundo
2591 3529 2998 3586 conservatum,
3058 3519 3130 3574 ita
3169 3529 3224 3574 et
3251 3521 3318 3573 ad
3349 3521 3531 3590 aprica

1943 3613 2057 3668 loca
2086 3619 2408 3681 properant,
2449 3619 2613 3679 atque
2638 3609 3086 3678 septentrionales
3122 3619 3310 3664 ventos
3341 3626 3534 3680 graves

1942 3714 1994 3760 et
2025 3702 2253 3758 infestos
2287 3701 2574 3772 fugientes,
2608 3702 2660 3755 in
2689 3703 2840 3758 sinus
2871 3701 3052 3757 minus
3080 3703 3382 3774 exagitatos
3421 3701 3532 3756 vel-

1943 3806 2002 3852 ut
2027 3799 2081 3854 in
2113 3806 2302 3868 portus
2323 3811 2446 3853 sese
2476 3795 2768 3866 recipiunt.

2010 4005 2068 4062 5.
2106 4003 2230 4060 Vidi
2265 4003 2454 4059 isthmc
2483 4017 2586 4075 ego
2639 4003 2776 4074 ipse,
2829 4012 2883 4059 et
2915 4001 3008 4059 Dei
3057 4004 3112 4060 in
3161 4003 3414 4060 omnibus
3443 4020 3532 4060 sa-

1940 4097 2198 4170 pientiam
2226 4095 2524 4151 admiratus
2553 4110 2693 4150 sum.
2745 4093 2908 4148 Bruta
2941 4095 2988 4150 si
3036 4094 3376 4164 prospiciunt
3399 4095 3526 4160 sibi,

1937 4205 2003 4245 ac
2029 4187 2298 4261 propriam
2337 4203 2490 4242 suam
2522 4187 2751 4240 salutem
2787 4195 3027 4251 servant,
3065 4186 3114 4241 si
3167 4188 3317 4242 novit
3361 4187 3530 4257 piscis

1938 4285 2067 4353 quid
2101 4282 2202 4338 sibi
2229 4281 2534 4352 eligendum
2581 4279 2652 4334 sit
2696 4287 2790 4332 aut
2834 4277 3236 4348 eﬂugiendum:
3267 4279 3394 4348 quid
3427 4295 3528 4334 nos

1939 4391 2128 4432 sumus
2164 4374 2392 4439 dicturi,
2422 4371 2513 4442 qui
2535 4373 2743 4428 ratione
2763 4373 3128 4436 coliouestati,
3155 4371 3272 4441 lege
3299 4371 3522 4437 eruditi,

241 4482 348 4530 νοι,
387 4467 742 4536 ἐπαγγελίαις
771 4471 1195 4542 προτραπέντες,
1231 4471 1514 4542 Πνεύματι
1551 4469 1834 4540 σοφισθέν-

1944 4465 2422 4539 pollicitationibus
2478 4465 2706 4528 invitati,
2737 4475 2791 4518 et
2832 4465 3036 4534 Spiritu
3089 4463 3290 4530 edocti,
3343 4463 3522 4518 adhuc

239 4577 356 4626 τες,
387 4557 508 4615 εἶτα
539 4559 647 4614 τῶν
703 4560 900 4631 ἰχθύων
933 4559 1274 4634 ἀλογώτερον
1319 4563 1389 4616 τά
1435 4563 1557 4618 καθ’
1599 4563 1830 4627 ἑαυτοὺς

239 4653 640 4724 διατιθέμενοι;
671 4653 832 4725 εἴπερ
861 4655 911 4708 οι
945 4655 1042 4726 μὲν
1079 4655 1226 4708 ῐσασι
1255 4655 1348 4708 τοῦ
1389 4655 1676 4726 μέλλοντός
1711 4673 1830 4708 τινα

239 4747 514 4800 ποιεῖσθαι
551 4747 825 4814 πρόνοιαν,
859 4751 1022 4820 ἡμεῖς
1049 4749 1105 4802 δὲ
1133 4749 1198 4802 ἐκ
1225 4749 1328 4819 τῆς
1357 4749 1496 4821 πρὸς
1528 4749 1592 4802 τὺ
1635 4749 1827 4820 μέλλον

239 4839 592 4903 ἀνελπιστίας
617 4841 682 4894 δι’
709 4841 903 4912 ἡδονῆς
930 4839 1390 4911 βοσκηματώδους
1411 4841 1509 4913 τὴν
1537 4839 1682 4912 ζωὴν
1711 4839 1825 4912 (12)

239 4931 626 5003 ἀναλίσκομεν.
665 4933 838 5004 ’ἰχθὺς
870 4933 1108 4986 τοσαῦτα
1131 4933 1404 5004 διαμείϐει
1436 4933 1648 5004 πελάγη
1677 4933 1818 5004 ὑπὲρ

238 5024 334 5077 τοῦ
363 5024 626 5096 εὕρασθαί
651 5043 773 5080 τινα
805 5027 1072 5096 ὠφέλειαν
1091 5043 1104 5057 ·
1137 5027 1190 5080 τί
1221 5029 1367 5099 ἐρεῖς
1396 5028 1460 5080 σὺ
1492 5029 1520 5080 ό
1547 5029 1615 5098 τῇ
1652 5027 1825 5098 ἀργίᾳ

241 5115 454 5180 sugunt;
499 5117 692 5190 Ἀργία
716 5117 772 5170 δὲ
801 5119 1137 5192 κακουργίας
1166 5121 1328 5190 ἀρχή.
1359 5119 1568 5190 Μηδεὶς
1594 5119 1818 5188 ἄγνοιαν

213 5191 680 5322 ἱπροφασιζέσθω.
729 5191 1164 5278 Φυσικὺςλόγος
1211 5210 1486 5262 οἰκείωσιν
1541 5209 1674 5281 ἡμῖν
1725 5209 1820 5262 τοῦ

308 5433 386 5512 ςῖ)
437 5431 662 5487 Codices
727 5441 964 5503 quatuor
1028 5431 1156 5492 τοὺς
1222 5426 1434 5498 ἰχθύας.
1493 5425 1634 5480 Editi
1691 5427 1820 5490 τοὺς

239 5501 414 5572 ἰχθῦς.
746 5501 759 5503 ⁷
1005 5515 1008 5518 '
1775 5568 1786 5578 _

306 5573 384 5640 (8)
411 5571 561 5628 Colb.
589 5574 797 5642 primus
824 5571 1003 5626 ἐπὶ.τδ
1051 5571 1260 5642 βόρειον
1299 5569 1464 5639 μέρος
1489 5607 1525 5642 ._
1554 5568 1622 5620 ad
1663 5584 1818 5642 nqui-

231 5637 470 5696 tortorem
499 5637 717 5709 partem.
745 5642 886 5696 Infra
925 5637 1209 5696 duo—mss.
1245 5637 1424 5710 χαίρει
1467 5637 1576 5708 γὰρ
1613 5641 1742 5700 τοῖς.

307 5713 382 5780 (9)
411 5715 592 5766 Codex
617 5713 866 5768 Combei.
897 5711 1128 5765 ἄκουσον
1161 5712 1334 5780 παρά.

308 5779 422 5852 (10)
447 5783 588 5838 Edili
633 5799 754 5838 cum
785 5783 916 5854 Reg.
967 5785 1126 5838 tertio
1168 5779 1526 5852 ὑποδρόμους.
1575 5779 1678 5834 Alii
1721 5795 1812 5834 scx

1941 4571 2119 4614 tamen
2156 4573 2246 4612 res
2301 4567 2518 4613 nostras
2544 4557 2780 4624 ineptius
2808 4573 2970 4626 quam
3005 4559 3182 4626 pisces
3214 4557 3312 4625 ipsi
3343 4556 3518 4625 dispo-

1939 4650 2150 4705 nimus?
2185 4649 2262 4704 llli
2289 4647 2432 4704 enim
2459 4650 2636 4702 futura
2671 4649 3070 4718 quodammodo
3114 4650 3404 4718 providere
3428 4665 3526 4702 no-

1935 4753 2096 4799 runt:
2124 4757 2224 4798 nos
2254 4753 2432 4796 autem
2469 4757 2566 4811 spe
2599 4741 2763 4795 futuri
2794 4742 3002 4810 abiecta
3031 4741 3082 4794 in
3139 4742 3394 4796 belluinis
3427 4759 3522 4795 vo-

1934 4835 2232 4907 luptatibus
2276 4835 2444 4889 vitam
2504 4843 2740 4888 nostram
2802 4835 3156 4890 absumimus.
3219 4835 3391 4890 Piscis
3441 4844 3522 4888 tot

1935 4941 2106 4986 mutat
2137 4930 2330 4994 maria,
2369 4939 2426 4982 ut
2459 4929 2660 4998 aliquid
2689 4929 2932 4984 inveniat
2965 4930 3314 4984 emolumenti
3341 4946 3356 4993 ;
3387 4931 3523 5001 quid

1935 5034 1990 5079 tu
2023 5025 2265 5078 dicturus
2311 5038 2392 5087 es,
2437 5022 2530 5092 qui
2561 5023 2612 5075 in
2639 5021 2750 5076 otio
2798 5037 2862 5075 ac
2898 5021 3100 5076 desidia
3131 5023 3296 5076 vitam
3323 5023 3468 5092 degis
3495 5021 3522 5075 τ

1933 5116 2114 5171 Otium
2149 5124 2354 5182 autem,
2417 5115 2542 5167 mali
2577 5112 2809 5168 faciendi
2835 5115 3010 5184 origo.
3062 5113 3232 5168 Nemo
3258 5114 3522 5184 ignorati-

1933 5202 2062 5256 tiam
2091 5211 2372 5271 praetexat.
2403 5201 2566 5256 Insita
2605 5211 2690 5256 est
2727 5201 2882 5258 nobis
2917 5203 3181 5258 naturalis
3215 5207 3376 5268 ratio,
3395 5219 3521 5274 quae

1920 5427 2592 5504 mssrt'irroopopdgsputo
2623 5439 2808 5504 autem
2841 5445 2974 5486 voce
3015 5431 3298 5504 ὖποδρομή
3336 5432 3512 5502 signi-

1919 5499 2068 5553 ﬁcari
2099 5501 2188 5552 hic
2216 5499 2539 5568 profundum
2578 5499 2809 5568 ntiquom
2844 5517 3124 5562 recessum.

1991 5570 2104 5638 (Η)
2135 5571 2206 5622 Ita
2245 5569 2396 5636 Regii
2437 5570 2664 5641 primus,
2692 5572 2905 5636 tertius,
2945 5575 3190 5641 quintus.
3227 5585 3418 5630 sextus
3456 5585 3514 5631 et

1915 5649 2164 5702 octavus,
2201 5655 2354 5708 atque
2401 5655 2462 5692 ac
2496 5639 2650 5694 Colb.
2685 5639 2978 5696 secundus
3007 5660 3131 5698 cum
3169 5643 3414 5700 (Σηιηινει,
3443 5651 3512 5698 At

1915 5711 2084 5764 editio
2123 5721 2351 5778 utraque
2383 5711 2442 5762 ἐν
2463 5709 2539 5780 τῷ
2562 5709 2724 5780 ’βυθῷ
2747 5712 2965 5778 ἁλαίαν,
3001 5717 3285 5771 mendose.

1987 5781 2098 5850 (l2)
2125 5777 2277 5836 Colb.
2305 5777 2521 5850 primus
2535 5777 2898 5852 ζωὴνὴμῶν.
