3850 6218
357 298 462 354 159

1703 302 1760 356 S.
1805 299 2049 355 DASILII
2093 292 2312 351 MAGNI

3535 293 3636 348 160

358 416 498 469 bona
560 415 714 470 nobis
749 415 1069 469 vindicanda
1117 429 1256 479 esse,
1314 417 1472 469 noxia
1526 431 1653 474 vero
1696 419 1940 487 fugienda

2058 413 2246 477 καλοῦ,
2297 411 2387 464 καὶ
2437 410 2790 481 ἀλλοτρίωσιν
2842 411 2952 464 ἀπὸ
2989 412 3096 465 τῶν
3167 409 3447 483 βλαϐερῶν
3500 412 3624 464 ὑπο-

357 510 668 564 suhmonet.
705 509 743 562 A
780 509 1003 562 marinis
1024 509 1287 578 exemplis
1319 525 1654 578 nequaquam
1698 513 1944 568 discedo:

356 599 575 667 quando
609 600 825 668 quidem
858 601 1047 653 isthmc
1073 600 1228 654 nobis
1253 602 1605 670 expendenda
1635 617 1947 674 preponun-

358 697 465 741 tur.
494 689 688 742 Audivi
725 705 754 740 a
777 691 1011 757 quodam
1045 693 1337 756 maritimo,
1365 693 1617 746 echinum
1650 696 1942 759 marinum,

356 794 581 848 parvum
612 796 833 848 prorsus
856 793 910 835 et
942 785 1286 851 aspernabile
1306 785 1527 847 animal,
1568 802 1944 857 swpenumero

357 873 776 941 tranquillitatis
810 883 864 928 et
894 877 1231 944 tempestatis
1277 878 1685 947 navigatorihus
1711 881 1946 934 monito-

356 977 470 1016 rem
509 965 648 1020 iieri.
694 967 796 1032 Qui
847 982 969 1020 cum
1003 976 1284 1023 ventorum
1318 972 1666 1037 przesenserit
1695 986 1942 1027 commo-

357 1055 580 1119 tionem,
608 1057 844 1111 validum
871 1057 1103 1126 aliquem
1129 1058 1396 1113 calculum
1428 1059 1593 1126 subit,
1630 1069 1686 1114 et
1727 1059 1781 1113 in
1829 1061 1942 1128 ipso

356 1157 611 1216 tanquam
638 1149 689 1202 in
726 1149 965 1203 anchora
999 1149 1228 1204 ﬁrmiter
1275 1149 1523 1214 ﬂuctuat,
1565 1151 1790 1219 ejusque
1813 1166 1947 1220 pon-

352 1233 481 1290 dere
509 1236 796 1303 detinetur,
833 1253 898 1291 nc
926 1237 1084 1294 facile
1107 1255 1134 1292 a
1159 1238 1416 1294 ﬂuctibus
1446 1241 1814 1296 abstrahatur.
1832 1241 1944 1296 lloc

351 1328 564 1397 signum
614 1331 703 1384 ubi
754 1331 988 1385 viderint
1038 1332 1258 1393 nautici,
1312 1332 1604 1386 violentam
1658 1346 1943 1388 ventorum

352 1425 704 1492 agitationem
734 1427 1020 1482 imminere
1043 1429 1240 1482 sciunt.
1265 1429 1380 1500 68
1406 1430 1718 1499 Astrologus
1741 1431 1941 1496 nullus,

353 1517 532 1572 nullus
559 1518 865 1584 Chaldaeus,
899 1533 966 1574 ex
1017 1530 1286 1574 astrormn
1328 1533 1450 1575 ortu
1490 1523 1631 1575 aeris
1672 1523 1942 1578 turbatio-

353 1623 450 1662 nes
495 1609 833 1678 conjectans,
866 1611 1056 1666 isthaec
1098 1612 1350 1666 echinum
1394 1612 1613 1667 docuit:
1650 1615 1743 1668 sed
1779 1614 1943 1668 maris

350 1709 406 1754 ct
430 1712 713 1755 ventorum
737 1701 997 1757 Dominus
1044 1703 1126 1757 vel
1160 1719 1328 1773 parvo
1368 1705 1588 1758 animali
1643 1705 1864 1759 evidens
1887 1714 1942 1760 et

352 1805 603 1859 apertum
639 1809 849 1863 magna:
878 1810 989 1848 sua:
1018 1796 1299 1863 sapientia:
1327 1797 1612 1865 vestigium
1647 1797 1936 1866 impressit.

352 1885 716 1955 Improvidum
743 1886 897 1950 nihil,
930 1888 1062 1940 nihil
1089 1903 1116 1940 a
1149 1889 1255 1942 Deo
1285 1887 1386 1940 iuit
1447 1890 1772 1956 neglectum.
1805 1888 1942 1958 Spe-

351 1976 563 2030 culatur
594 1979 777 2031 omnia
815 1978 1004 2032 oculus
1041 1978 1130 2031 ille
1163 1979 1449 2046 insopitus.
1473 1978 1739 2033 Omnibus
1765 1979 1937 2045 adest,

352 2069 641 2138 unicuique
665 2069 854 2124 salutis
899 2071 1293 2137 consequentia:
1328 2068 1638 2123 facultatem
1682 2070 1936 2139 largiens.

351 2161 494 2215 Deus
527 2161 572 2216 si
607 2162 862 2216 echinum
917 2175 946 2214 a
992 2177 1088 2214 sua
1143 2161 1480 2230 providentia
1542 2177 1646 2214 non
1678 2163 1937 2229 excludit,

351 2253 514 2306 rebus
559 2252 665 2305 tuis
714 2268 817 2307 non
880 2251 1177 2320 prospicit?
1232 2250 1364 2316 Viri,
1411 2252 1612 2322 diligite
1649 2271 1838 2309 uxores
1869 2255 1935 2309 ".

349 2341 610 2408 Quamvis
639 2343 850 2398 externi
886 2343 1146 2396 inter‘vos
1200 2344 1340 2410 sitis,
1375 2355 1550 2398 tamen
1597 2345 1647 2397 in
1701 2345 1936 2415 conjugii

351 2437 674 2490 societatem
710 2436 1059 2490 coavenistis.
1094 2435 1206 2489 lloc
1256 2445 1463 2489 natura:
1521 2436 1813 2500 vinculum,
1841 2441 1940 2490 hoc

346 2526 534 2597 iugum
558 2541 654 2596 per
683 2527 1113 2581 benedictionem
1164 2527 1496 2595 impositum,
1525 2529 1838 2582 distantium
1870 2531 1941 2584 sit

351 2618 683 2687 conjunctio.
708 2615 902 2688 Vipera
925 2618 1194 2686 reptilium
1221 2619 1602 2674 exitiosissima
1628 2622 1693 2673 ad
1718 2623 1940 2674 marinae

354 2723 608 2762 mttrmna:
641 2709 854 2777 nuptias
877 2711 1147 2764 accurrit:
1175 2719 1230 2764 et
1260 2712 1347 2763 ubi
1403 2711 1560 2764 sibilo
1603 2729 1753 2766 suam
1801 2729 1937 2782 prae-

353 2802 583 2854 sentiam
608 2801 980 2864 denuntiavit,
1028 2802 1195 2870 ipsam
1233 2818 1261 2854 a
1295 2801 1461 2856 fundo
1524 2805 1590 2855 ad
1643 2805 1936 2872 miptialem

351 2891 694 2959 complexum
745 2903 955 2946 evocat.
997 2893 1086 2945 llla
1117 2901 1296 2946 autem
1333 2895 1694 2962 obtemperat,
1727 2904 1780 2950 et
1816 2912 1935 2949 cum

353 2993 616 3039 venenata
643 2985 812 3038 bestia
847 2984 1148 3054 copulatur.
1183 2983 1318 3049 Quid
1340 2985 1440 3039 sibi
1474 2985 1584 3038 vult
1609 2986 1694 3040 hic
1724 2989 1938 3042 sermo?

352 3074 616 3128 Nimirum
648 3090 874 3129 necesse
903 3090 1048 3140 esse,
1089 3084 1147 3128 ut
1179 3075 1372 3144 conjux
1396 3077 1645 3130 maritum
1678 3077 1933 3146 perierat,
1965 3111 2008 3169 ο

358 3169 482 3223 licet
509 3183 787 3237 asperum,
823 3169 949 3222 licet
1002 3169 1244 3223 moribus
1301 3167 1498 3233 ferum,
1533 3187 1633 3225 nec
1675 3173 1744 3226 ob
1775 3172 1936 3226 ullam

354 3276 570 3315 causam
634 3260 1073 3327 conjunctionem
1137 3261 1395 3315 dirimere
1443 3263 1592 3316 velit.
1647 3261 1941 3320 Percussor

351 3353 489 3408 est?
542 3352 648 3406 Sed
712 3355 795 3406 vir
850 3364 972 3407 tuus
1042 3339 1144 3408 es't.
1199 3353 1664 3409 Temulentusne?
1720 3360 1791 3411 At
1843 3359 1938 3414 tibi

353 3455 437 3501 est
487 3455 681 3501 natura
733 3445 1074 3515 coniunctus.
1107 3446 1355 3502 Durusne
1385 3457 1439 3501 et
1469 3448 1827 3518 implacidus?
1868 3455 1937 3508 At

355 3537 655 3590 membrum
683 3535 793 3605 jam
823 3546 975 3591 tuum
1013 3546 1120 3602 est,
1149 3547 1206 3592 et
1257 3539 1626 3594 membrorum
1675 3553 1936 3610 praestan-

355 3627 470 3682 lissi
481 3644 646 3682 mum.

424 3719 476 3772 6.
500 3721 694 3773 Audiat
717 3730 895 3775 autem
924 3729 978 3774 et
1007 3720 1084 3775 vit
1132 3721 1541 3776 convenientem
1573 3722 1672 3778 sibi
1698 3723 1940 3777 admoni-

356 3811 576 3865 tionem.
608 3809 798 3880 Vipera
850 3811 1062 3879 nuptias
1136 3813 1393 3877 reverita,
1434 3814 1583 3867 virtts
1612 3814 1846 3868 evomit:
1886 3823 1938 3868 tu

355 3903 519 3957 animi
571 3903 827 3958 duritiam
875 3913 932 3959 et
979 3905 1427 3959 inhumanitalem
1455 3905 1525 3960 ob
1550 3907 1942 3975 eonjunctionis

357 3994 718 4048 reverentiam
779 4009 884 4046 non
923 3994 1202 4061 depones?
1250 3995 1358 4046 Aut
1407 3992 1655 4046 fortassis
1679 3993 1833 4047 nobis
1886 4001 1942 4046 et

354 4086 464 4141 alio
505 4087 663 4140 modo
698 4086 937 4155 proderit
965 4086 1162 4155 viperae
1185 4083 1490 4152 exemplum
1517 4099 1532 4139 :
1563 4083 1708 4152 quod
1737 4091 1942 4138 natura:

357 4178 680 4232 adulterium
713 4178 982 4247 quoddam
1027 4187 1110 4230 est
1156 4176 1242 4230 hic
1269 4176 1358 4228 ille
1392 4176 1588 4242 vipera:
1611 4185 1664 4228 et
1689 4189 1943 4228 muraenae

355 4269 690 4337 complexus.
754 4267 975 4323 Discant
1026 4268 1190 4338 igitur
1232 4268 1323 4336 qui
1384 4267 1575 4321 alienis
1621 4267 1944 4321 insidiantur

358 4359 581 4428 nuptiis,
612 4358 762 4427 quali
794 4358 967 4427 reptili
1001 4358 1110 4410 sint
1143 4357 1472 4410 consimiles.
1495 4356 1795 4411 Ecclesiam
1839 4372 1941 4411 un-

2054 507 2272 568 δεικνὺς
2300 505 2768 575 ἐγκατέσπαρται.
2796 504 2910 556 υύκ
2942 505 3247 575 ἀφίσταμαι
3291 505 3398 558 τῶν
3430 504 3636 558 θαλασ-

2050 597 2179 649 σίων
2231 597 2669 666 ὑποδειγμάτων,
2721 596 2910 667 ἐπειδὴ
2959 597 3134 650 ταῦτα
3182 599 3310 667 ἡμῖν
3346 597 3638 666 πρόκειται

2048 691 2129 752 εἰς
2167 688 2414 752 ἐξέτασιν
2459 689 2592 757 (15).
2642 690 2888 742 Ἤκουσα
2927 689 3039 757 ἐγὼ
3070 689 3181 742 τῶν
3227 689 3517 760 παραλίων
3555 707 3611 740 τι

2047 783 2156 845 νὸς,
2190 784 2271 836 ὅτι
2306 785 2334 835 ὁ
2363 781 2654 845 θαλάσσιος
2686 785 2881 852 ἐχῖνος,
2909 783 2970 836 τὸ
3003 784 3199 854 μικρὸν
3231 782 3513 846 παντελῶς
3541 783 3639 835 καὶ

2045 875 2518 945 εὐκαταφρόνητον
2549 874 2705 938 ζῶον,
2732 875 3052 940 διδάσκαλος
3090 877 3348 941 πολλάκις
3389 878 3638 948 γαλήνης

2046 966 2140 1018 καὶ
2175 965 2442 1029 κλύδωνος
2471 969 2584 1030 τοῖς
2611 967 2832 1020 πλέουσι
2872 970 3101 1037 γίνεται.
3135 973 3250 1035 Ὃς,
3279 972 3406 1024 ὅταν
3437 972 3640 1042 προῖδη

2045 1056 2288 1127 ταραχὴν
2317 1057 2376 1127 ἐξ
2406 1057 2646 1128 ἀνέμων,
2686 1058 2894 1130 ψηφῖδά
2921 1078 3040 1112 τινα
3071 1061 3315 1115 ὑπελθὼν
3353 1064 3637 1132 γενναίαν,

2044 1149 2132 1201 ἐπ’
2169 1149 2363 1219 αὐτῆς,
2417 1148 2605 1222 ὥσπερ
2655 1151 2741 1202 ἐπ’
2782 1152 3057 1223 ἀγκύρας,
3110 1153 3342 1223 βεϐαίως
3376 1155 3492 1225 (14)
3536 1174 3639 1208 σα-

2045 1241 2211 1305 λεύει,
2242 1242 2605 1312 κατεχόμενος
2641 1242 2717 1312 τῷ
2745 1243 2900 1314 βάρει
2927 1245 3064 1314 πρὸς
3091 1247 3152 1298 τὸ
3181 1247 3253 1316 μὴ
3297 1247 3496 1316 ῥαδίως
3521 1250 3641 1310 tot;

2047 1333 2292 1404 κύμασιν
2327 1333 2716 1405 ὑποσύρεσθαι.
2749 1335 2920 1388 Τοῦτο
2948 1338 3075 1390 ὅταν
3105 1338 3284 1390 ἴδωσιν
3312 1341 3360 1391 οἱ
3386 1343 3641 1392 ναυτικοὶ

2047 1426 2106 1478 τὸ
2135 1429 2378 1496 σημεῖον,
2413 1426 2558 1479 ίσασι
2588 1427 2684 1496 τὴν
2720 1429 3174 1498 προσδοκωμένην
3201 1429 3381 1499 βιαίαν
3415 1430 3640 1502 κίνησιν

2043 1517 2152 1570 τῶν
2208 1519 2446 1588 ἀνέμων.
2499 1518 2688 1583 Ούδεὶς
2722 1521 3074 1590 ἀστρολόγος,
3125 1522 3296 1585 οὐδεὶς
3342 1523 3634 1586 Χαλδαῖος,

2045 1614 2166 1674 ταῖς
2201 1611 2480 1674 ἐπιτολαϊς
2511 1610 2620 1664 τῶν
2650 1613 2866 1683 ἄστρων
2897 1613 2996 1676 τὰς
3035 1615 3143 1667 τῶν
3173 1616 3352 1685 ἀέρων
3384 1617 3639 1686 ταραχὰς

2045 1699 2508 1770 τεκμαιρόμενος,
2558 1701 2727 1753 ταῦτα
2780 1701 2873 1753 τὸν
2915 1702 3090 1770 ἐχῖνον
3139 1702 3395 1767 ἐδίδαξεν,
3445 1704 3562 1756 ἀλλ’
3608 1707 3640 1756 6

2045 1793 2319 1862 Θαλάσσης
2352 1794 2445 1845 καὶ
2495 1794 2712 1864 ἀνέμων
2763 1793 2967 1863 Κύριος
3015 1796 3110 1848 καὶ
3148 1794 3224 1865 τῷ
3277 1796 3458 1867 μικρῷ
3505 1795 3636 1867 ζώω

2043 1884 2140 1953 τῆς
2176 1884 2420 1955 μεγάλης
2446 1884 2641 1938 ἑαυτοῦ
2681 1885 2872 1953 σοφίας
2910 1886 3136 1956 ἐναργὲς
3171 1886 3313 1956 [χνος
3350 1888 3631 1957 ἐνέθηκεν.

2043 1973 2209 2025 Οὐδὲν
2232 1975 2588 2044 ἀπρονόητον,
2611 1975 2760 2028 οὐδὲν
2786 1975 3128 2045 ἠμελημένον
3162 1977 3312 2046 παρά
3331 1977 3466 2029 Θεοῦ
3494 1978 3630 2046 (15).

2044 2066 2229 2119 Πάντα
2277 2067 2533 2120 σκοπεύει
2561 2070 2590 2120 6
2623 2068 2924 2138 ἀκοίμητος
2963 2066 3260 2137 ὀφθαλμός.
3300 2069 3438 2120 llic:
3490 2071 3638 2140 πάρ-

2044 2174 2211 2223 εστιν,
2243 2159 2551 2230 ἐκπορίζων
2592 2159 2806 2228 ἑκάστῳ
2856 2160 2953 2229 τὴν
3004 2161 3296 2231 σωτηρίαν.
3343 2161 3404 2212 Εἰ
3454 2163 3637 2229 ἐχῖνον

2043 2250 2147 2315 ἔξω
2193 2252 2295 2321 τῆς
2342 2251 2535 2305 ἑαυτοῦ
2571 2252 2879 2322 ἐπισκοπῆς
2919 2255 2946 2305 6
2999 2253 3132 2315 Θεὸς
3175 2253 3271 2305 οὐκ
3322 2253 3527 2322 ἀφῆκε,
3562 2255 3634 2308 τὰ

2045 2344 2112 2396 σὰ
2144 2344 2243 2397 οὐκ
2281 2345 2605 2408 ἐπισκοπεῖ;
2645 2347 2710 2397 Ol
2741 2344 2980 2411 ἄνδρες.
3005 2343 3273 2413 ἀγαπᾶτε
3300 2344 3405 2410 τὰς
3421 2346 3631 2414 γυναῖ-

2043 2455 2174 2501 κας,
2212 2437 2313 2490 κᾶν
2344 2437 2622 2508 ύπερόριοι
2652 2436 2898 2506 ἀλλήλοις
2943 2437 3079 2507 πρὸς
3126 2437 3406 2489 κοινωνίαν
3446 2438 3633 2507 γάμου

2044 2528 2352 2599 συνέλθητε.
2393 2529 2449 2578 '0
2488 2528 2584 2598 τῆς
2634 2529 2848 2597 φύσεως
2880 2529 3097 2598 δεσμὸς,
3143 2530 3172 2580 6
3204 2527 3293 2580 διὰ
3325 2528 3426 2596 τῆς
3475 2529 3632 2580 εύλο-

2041 2620 2160 2688 γίας
2201 2621 2396 2688 ζυγὸς,
2441 2621 2634 2683 ἐνωσις
2679 2620 2819 2672 ἕσσω
2864 2620 2976 2672 τῶν
3019 2618 3339 2672 διεστώτων.
3375 2620 3630 2690 Ἔχιδνα,

2040 2712 2102 2763 τὸ
2147 2711 2528 2780 χαλεπώτατον
2565 2712 2673 2764 τῶν
2713 2711 2976 2782 ἑρπετῶν,
3020 2711 3156 2783 πρὸς
3194 2713 3370 2780 γάμον
3414 2713 3633 2782 ἀπαντᾷ

2041 2803 2140 2871 τῆς
2186 2803 2484 2866 θαλασσίας
2537 2805 2809 2874 μυραίνης
2862 2804 3006 2871 (16),
3061 2804 3156 2858 καὶ
3219 2803 3475 2873 συριγμῷ
3530 2805 3636 2875 ’τὴν

2043 2896 2344 2966 παρουσίαν
2388 2897 2675 2966 σημήνασα
2723 2896 3035 2948 ἐκκαλεῖται
3082 2894 3251 2965 αὐτὴν
3283 2896 3346 2947 ἐκ
3385 2895 3497 2947 τῶν
3540 2894 3635 2964 βυ-

2043 2973 2150 3040 θῶν
2201 2988 2334 3059 πρὸς
2367 2987 2610 3058 γαμικὴν
2643 2987 2980 3058 συμπλοκήν.
3019 2987 3084 3040 Ἦ
3118 2987 3174 3039 δὲ
3208 2987 3492 3049 ὑπακούει,
3537 2990 3635 3040 καὶ

2042 3078 2255 3131 ἑνοῦται
2281 3079 2360 3148 τῷ
2393 3078 2599 3146 ἰοϐὁλῳ.
2633 3079 2697 3131 Τί
2726 3079 2972 3148 βούλεταί
3011 3095 3100 3148 μοι
3139 3080 3168 3132 6
3196 3079 3385 3146 λόγος;
3416 3080 3499 3132 ὅτι
3528 3079 3634 3133 κᾶν

2042 3170 2245 3241 τραχὺς
2276 3166 2334 3244 ᾖ,
2367 3171 2468 3223 κᾶν
2515 3172 2704 3240 ἄγριος
2751 3171 2813 3225 τὸ
2849 3167 2980 3240 ἦθος
3022 3171 3050 3222 6
3086 3170 3361 3232 σύνοικος,
3412 3171 3632 3240 ἀνάγκη

2044 3264 2230 3334 φέρειν
2259 3265 2356 3334 τὴν
2380 3263 2643 3333 ὁμόζυγα,
2666 3263 2760 3316 καὶ
2782 3265 2846 3315 ἐκ
2871 3263 3141 3333 μηδεμιᾶς
3169 3264 3495 3332 προφάσεως
3518 3264 3632 3332 (l7)

2043 3356 2440 3426 καταδέχεσθαι
2488 3355 2585 3426 τὴν
2615 3355 2810 3408 ἐνωσιν
2860 3355 3119 3425 διασπᾴν.
3160 3355 3448 3424 Πλήκτηςς
3489 3355 3632 3406 Ἀλλ’

2043 3449 2202 3520 ἀνήρ.
2251 3429 2547 3519 Πάροινοςς
2613 3448 2750 3500 Ἀλλ’
2794 3447 3074 3518 ἡνωμένος
3123 3445 3264 3501 κατά
3310 3447 3410 3516 τὴν
3442 3446 3631 3514 φύσιν.

2043 3539 2259 3610 Τραχυς
2294 3540 2389 3591 καὶ
2424 3537 2790 3608 δυσάρεστος;
2834 3536 2993 3590 Ἀλλά
3031 3537 3191 3606 μέλος
3224 3535 3324 3606 ήδη
3378 3535 3490 3598 σὺν,
3537 3539 3636 3589 καὶ

2045 3629 2222 3699 μελῶν
2257 3629 2318 3680 τὸ
2345 3627 2689 3698 τιμιώτατον.

2113 3721 2163 3773 6.
2211 3720 2478 3773 Ἀκουέτω
2501 3719 2557 3771 δὲ
2594 3719 2688 3771 καὶ
2721 3720 2749 3770 6
2777 3718 2916 3788 ἀνὴρ
2946 3717 3044 3787 τῆς
3072 3717 3453 3788 προσηκούσης
3481 3717 3637 3787 αὐτῷ

2043 3810 2434 3881 παραινέσεως.
2489 3811 2550 3861 Ἦ
2599 3809 2781 3880 ἔχιδνα
2826 3809 2918 3861 τὸν
2968 3809 3042 3862 ἰὸν
3083 3809 3300 3878 ἐξεμεῖ,
3337 3808 3635 3880 αἰδουμένη

2042 3901 2134 3954 τὸν
2168 3902 2376 3971 γάμον’
2415 3901 2479 3953 σὺ
2510 3900 2570 3952 τὸ
2595 3901 2693 3971 τῆς
2727 3901 2906 3970 ψυχῆς
2953 3901 3158 3969 ἀπηνὲς
3201 3901 3295 3952 καὶ
3330 3899 3634 3970 ἀπάνθρωο

2044 4009 2144 4045 πον
2176 3993 2276 4045 οὐκ
2305 3992 2625 4046 ἀποτίθεσαι
2671 3993 2811 4045 αἰδοῖ
2839 3992 2937 4060 τῆς
2979 3990 3262 4054 ἐνώσεως;
3297 3993 3371 4044 “ll
3403 3992 3544 4062 τάχα
3570 3991 3636 4044 τὸ

2042 4085 2140 4153 τῆς
2194 4083 2405 4154 ἐχίδνης
2469 4084 2772 4154 ὑπόδειγμα
2827 4085 2922 4136 καὶ
2978 4083 3180 4154 ἐτέρως
3243 4084 3375 4153 ἡμῖν
3435 4100 3634 4154 χρησι-

2047 4174 2236 4244 μεύσει
2270 4175 2403 4245 (18),
2440 4175 2520 4228 ὅτι
2566 4175 2779 4245 μοιχεία
2806 4175 2890 4238 τίς
2924 4175 3039 4226 ἐστι
3086 4175 3185 4245 τῆς
3215 4174 3431 4242 φύσεως
3463 4176 3497 4244 ἡ
3534 4175 3635 4244 τῆς

2044 4267 2258 4336 ἐχίδνης
2304 4268 2398 4320 καὶ
2433 4268 2530 4337 τῆς
2568 4268 2837 4338 μυραίνης
2880 4266 3170 4337 ἐπιπλοκὴ.
3215 4267 3636 4338 Διδαχθήτωσο.ν

2044 4353 2136 4411 οὖν
2173 4360 2287 4422 τοῖς
2330 4358 2632 4430 ἀλλοτρίοις
2665 4359 3109 4424 ἐπιϐουλεύοντες
3141 4359 3366 4429 γάμοις,
3402 4361 3636 4430 ποταπῴ

359 4452 556 4506 delibet
596 4452 864 4505 aediﬁcare
912 4464 1053 4503 unus
1105 4449 1235 4502 milii
1271 4463 1468 4516 scopus
1525 4459 1630 4502 est.
1675 4447 1940 4502 Sedentur

2051 4451 2188 4503 εἰσιν
2219 4450 2438 4522 ἐρπετῷ
2480 4451 2871 4522 παραπλήσιοι.
2906 4448 3002 4515 Εἷς
3047 4469 3136 4522 μοι
3174 4452 3397 4514 σκοπὸς,
3429 4469 3636 4507 παντα-

361 4541 810 4596 incontinentium
842 4540 1114 4601 libidines,
1149 4549 1259 4592 tum
1299 4538 1529 4592 terrenis
1559 4550 1670 4592 tum
1718 4538 1944 4593 marinis

363 4631 583 4686 frenatae
617 4630 898 4698 exemplis.
929 4629 1027 4683 Hic
1059 4640 1114 4685 et
1141 4631 1388 4696 corporis
1416 4631 1704 4684 inlirmitas
1725 4643 1780 4684 et
1803 4639 1943 4684 tem—

362 4739 462 4794 pus
515 4726 966 4793 advesperascens
1007 4722 1165 4777 linem
1198 4723 1450 4792 loquendi
1505 4723 1682 4778 facere
1714 4739 1798 4779 me
1846 4741 1940 4779 co-

361 4823 527 4886 gunt,
564 4816 661 4868 etsi
688 4815 876 4883 bisqui
909 4814 1136 4870 libenter
1163 4815 1407 4878 audiunt,
1432 4816 1707 4886 complura
1743 4816 1938 4884 adhuc,

432 4930 480 4962 ⁸⁸
512 4929 706 4984 thcs.
732 4945 787 4993 v,
811 4929 901 4982 25.

433 5062 547 5134 (1'5)
577 5063 666 5116 Sic
693 5078 827 5117 mss.
861 5065 928 5117 At
967 5063 1094 5116 editi
1142 5066 1218 5126 εἰς
1255 5063 1351 5135 τὴν
1396 5062 1476 5127 ἐξ.
1509 5061 1620 5116 Nec
1653 5063 1728 5116 ita
1779 5063 1943 5118 multo

365 5145 484 5204 post
515 5136 620 5187 duo
655 5150 786 5186 mss.
817 5134 878 5185 τὸ
915 5135 1267 5204 μικρότατον.

437 5205 551 5272 (1-1)
601 5204 674 5256 Ita
711 5204 877 5258 editio
911 5198 1075 5256 Basil.
1128 5220 1248 5257 cum
1299 5203 1538 5272 quinque
1587 5217 1716 5272 mss.
1761 5198 1941 5255 Editio

365 5269 542 5329 Paris.
568 5291 690 5328 cum
719 5275 848 5344 Ileg.
875 5284 1070 5328 octavo
1102 5269 1352 5344 ἀγκύρας
1382 5269 1643 5344 βεϐαίαςζ
1663 5271 1941 5344 Tanquam

364 5350 417 5398 in
447 5345 678 5397 anrhora
709 5343 886 5410 ﬁrma.
920 5341 1214 5411 Aliquanto
1244 5341 1365 5411 post
1385 5341 1563 5396 editio
1613 5341 1788 5394 Paris.
1815 5356 1942 5393 cum

365 5416 569 5485 aliquot
593 5430 722 5485 mss.
757 5414 1152 5485 ύποσύρεσθαι.
1193 5415 1299 5468 Alii
1339 5414 1558 5480 quidam
1625 5427 1759 5465 mss.
1817 5425 1942 5464 cum

365 5484 516 5537 Bodl.
542 5483 947 5554 ἀποσύρεσθαι.
1228 5541 1232 5545 ,

363 5556 550 5674 Θρὸ)
604 5551 738 5623 Rng
789 5557 1060 5610 secundus
1121 5569 1242 5610 cum
1296 5552 1450 5608 Coll).
1501 5552 1741 5606 secundo
1793 5551 1946 5620 παρὰ

411 5640 501 5674 εω.

411 5640 501 5675 εω.

438 5677 548 5765 (⁸16)
581 5693 758 5765 codex
807 5694 1048 5749 Comlwl'.
1110 5698 1174 5765 τῇ
1229 5693 1489 5764 θαλαττίᾳ
1523 5689 1782 5765 μυραίνῃ.
1823 5690 1943 5765 Mox

367 5761 514 5816 Coll).
574 5764 778 5831 primus
836 5761 1171 5832 σημαίνοιτῶ
1201 5761 1566 5831 ἐγκαλεῖσθαι.
1605 5761 1812 5816 ίΜυιίιυι
1863 5763 1944 5813 vir

2049 4544 2204 4614 χόθεν
2281 4543 2676 4613 οἰκοδομεῖσθαι
2731 4543 2830 4614 τὴν
2891 4543 3239 4612 Ἐκκλησίαν.
3314 4545 3636 4598 Καταστελ-

2050 4634 2224 4687 λέσθω
2262 4634 2375 4704 (19)
2425 4634 2492 4687 τά
2526 4633 2674 4703 πάθη
2719 4633 2828 4686 τῶν
2871 4634 3212 4699 ἀκολάστων,
3254 4637 3347 4688 καὶ
3394 4636 3638 4703 ἐγγείοις

2051 4729 2144 4780 καὶ
2183 4727 2485 4790 θαλαττίοις
2521 4720 2881 4796 ὑποδείγμασι
2927 4728 3316 4798 παιδευόμενα.
3369 4730 3639 4783 Ἐνταῦθά

2054 4836 2120 4889 με
2167 4818 2356 4889 στῆναι
2409 4817 2504 4871 τοῦ
2553 4818 2710 4886 λόγου
2764 4821 2798 4890 ἤ
2846 4837 2906 4873 τε
2956 4818 3049 4871 τοῦ
3105 4817 3353 4888 σώματος
3371 4837 3648 4890 καταντία-

2053 5074 2402 5116 uoctrssunus
2433 5063 2678 5126 Ducmus,
2705 5073 2848 5134 quod
2879 5079 2966 5117 n.e
2997 5077 3062 5115 ue
3103 5061 3371 5134 muraenis
3406 5060 3632 5134 dicitur,

2055 5133 2106 5202 id
2153 5134 2373 5200 quidem
2437 5149 2464 5184 a
2499 5131 2822 5202 quibusdam
2855 5133 3218 5202 scriptoribus
3242 5131 3502 5183 allirmari
3531 5169 3545 5191 ,
3573 5134 3642 5180 ab

2052 5201 2176 5255 aliis
2204 5218 2331 5256 vero
2366 5201 2574 5271 negari.

2125 5268 2732 5344 (717)Co|b.'secundus
2769 5270 3210 5344 :ﬁv76po;u~(ov,
3249 5269 3344 5323 καὶ
3399 5268 3536 5339 μηδέ
3576 5269 3642 5344 ἐκ

2056 5343 2184 5410 μιᾶς
2219 5339 2582 5412 προφάσεως.
2627 5343 2758 5411 Reg.
2818 5339 3022 5408 prinius
3062 5343 3494 5412 habetquuqtte
3538 5339 3640 5409 τὴν

2052 5411 2342 5482 ὁμόζυγον.
2371 5415 2473 5466 Alii
2509 5429 2639 5466 mss.
2673 5428 2793 5465 cum
2817 5413 2976 5466 editis
3009 5412 3106 5482 τὴν
3127 5411 3384 5482 γρμόζυγα
3410 5450 3425 5472 ,
3454 5421 3567 5482 etc.

2127 5484 2234 5552 (18)
2262 5482 2486 5536 Codices
2521 5499 2613 5554 sex
2670 5479 3074 5554 χρησιμεύσει.’
3115 5479 3260 5534 Editi
3316 5497 3438 5535 cum
3500 5479 3640 5548 Heg.

2053 5555 2241 5622 quinto
2263 5553 2606 5622 χρησιμεύει.

2127 5621 2237 5691 (l9)
2265 5618 2443 5676 ἰᾷυὶιιξ
2471 5624 2739 5676 secundus
2798 5620 3373 5677 καταστελλέσθωσαν.
3438 5618 3640 5674 Statim

2055 5692 2196 5746 idem
2223 5708 2322 5748 ms.
2354 5693 2739 5763 παιδευόμενα.
