3850 6218
221 280 318 334 Ilii

1319 287 1600 344 HOMILH
1643 293 1730 348 Vli
1771 293 1836 348 IN
1877 295 2373 356 IIEXAEMERON.

3379 316 3485 370 162

212 395 378 460 κάζει
408 394 704 465 ιάσθένεια,
746 399 839 452 καὶ
888 400 950 454 τὸ
991 401 1088 472 τῆς
1121 402 1268 474 ὥρας
1301 405 1402 474 ὀψέ
1425 425 1437 436 ·
1475 409 1597 462 ἐπεὶ
1633 410 1791 464 πολλᾶ

1905 429 2077 484 eaque
2100 417 2454 472 admiratione
2488 417 2672 486 digna,
2700 423 2766 476 de
2797 423 2956 478 rebus
2996 426 3048 480 in
3087 427 3220 483 mari
3249 445 3482 488 nascen-

217 487 299 542 ἔτι
345 487 660 560 προσθεῖναι
695 485 838 560 εἶχον
871 495 984 558 τοῖς
1022 495 1300 566 φιληκόοις
1351 499 1627 570 θαύματος
1675 503 1800 569 ἄξια

213 579 349 649 περὶ
389 578 498 633 τῶν
531 581 816 652 φυομένων
859 586 918 638 ὲν
949 588 1016 656 τῇ
1047 585 1317 661 θαλάσσῃ·
1355 592 1482 661 περὶ
1525 592 1802 664 θαλάσσης

214 671 410 740 αὐτῆς,
453 672 572 736 πῶς
611 675 691 737 είς
721 673 856 738 ἃλας
889 675 948 728 τὸ
982 676 1125 749 ὕδωρ
1159 681 1460 750 πήγνυται·
1498 683 1614 746 πῶς
1640 687 1668 737 ὁ
1705 701 1802 738 1:0-

213 762 510 832 λυτίμητος
554 761 700 825 λίθος
743 764 804 818 τὸ
835 767 1144 837 κουράλιον,
1165 770 1294 842 χλόη
1333 771 1431 842 μέν
1467 775 1613 826 ἐστιν
1635 776 1691 827 ὲν
1732 777 1798 846 τῇ

213 854 490 928 θαλάσσῃ,
534 855 755 910 ἐπειδὰν
793 858 850 910 δὲ
894 861 975 922 εἰς
1016 860 1106 914 τὸν
1145 863 1284 934 ἀέρα
1328 864 1616 936 ἐξενεχθῇ,
1663 869 1801 938 πρὸς

211 945 366 1000 λίθου
419 949 754 1021 στερρότητα
807 955 1258 1025 μεταπήγνυται·
1315 958 1479 1014 πόθεν
1522 959 1602 1031 τῷ
1645 962 1800 1016 εὐτε-

211 1039 459 1112 λεστάτῳ
500 1041 626 1114 ζώῳ
673 1043 752 1114 τῷ
794 1047 1003 1118 ὀστρέῳ
1047 1049 1137 1102 τὸν
1183 1049 1482 1123 βαρύτιμον
1527 1056 1800 1127 μαργαρί-

211 1151 318 1205 την
353 1135 466 1204 (20)
499 1137 532 1207 ἠ
577 1137 740 1205 φύσις
770 1139 1060 1210 ἐνέθηκεν
1100 1141 1136 1195 δι
1187 1142 1295 1213 γὰρ
1329 1145 1655 1216 ἐπιθυμοῦσι
1705 1149 1800 1220 θη-

217 1229 410 1299 σαυροὶ
461 1229 746 1299 βασιλέων,
783 1232 955 1286 ταῦτα
992 1234 1118 1304 περὶ
1161 1235 1446 1304 αἰγιαλοὺς
1491 1240 1584 1292 καὶ
1627 1240 1800 1304 ἀκτὰς

211 1321 313 1374 καὶ
349 1323 608 1393 τραχείας
655 1323 863 1396 πέτρας
904 1325 1233 1398 διέρῤιπται,
1261 1331 1375 1391 τοῖς
1404 1329 1647 1401 ἐλύτροις
1689 1333 1798 1387 τῶν
1845 1361 1848 1364 ν

211 1413 456 1485 ὀστρέων
483 1415 809 1486 ὲγκείμενα·
845 1417 1008 1470 πόθεν
1039 1419 1100 1472 τὸ
1127 1422 1360 1490 χρυσοῦν
1395 1422 1538 1494 ἔριον
1581 1427 1635 1478 αἱ
1681 1425 1800 1478 πίν-

213 1523 305 1558 ναι
359 1507 669 1578 τρέφουσιν,
716 1508 852 1580 ὅπερ
887 1511 1065 1574 οὐδεὶς
1115 1514 1224 1565 τῶν
1277 1515 1598 1585 ὰνθοϐάφων
1635 1517 1798 1590 μέχρι

213 1596 313 1650 νῦν
345 1597 457 1668 (21)
503 1600 845 1671 ἐμιμήσατο·
878 1603 1040 1656 πόθεν
1071 1607 1128 1657 αἱ
1159 1606 1337 1676 κόχλοι
1369 1611 1480 1672 τοῖς
1519 1611 1798 1681 βασιλεῦσι

211 1689 314 1752 τὰς
343 1690 666 1762 ἁλουργίδας
693 1691 1026 1765 χαρίζονται,
1055 1697 1110 1749 αἳ
1142 1701 1236 1752 καὶ
1279 1700 1348 1753 τὰ
1381 1702 1514 1774 ἄνθη
1550 1705 1658 1760 τῶν
1700 1707 1800 1760 λει-

215 1782 412 1852 μώνων
463 1786 530 1854 τῇ
601 1785 824 1857 εὐχροίᾳ
891 1789 1263 1862 παρέδραμον.
1304 1793 1666 1866 Ἐξαγαγέτω
1723 1800 1796 1854 τὰ
1831 1784 1870 1838 Ῑ¹

211 1875 404 1928 ὕδατα
437 1877 571 1947 (22).
611 1879 720 1931 Καὶ
753 1880 805 1931 τί
839 1881 900 1932 οὐ
946 1881 1137 1950 γέγονε
1185 1884 1294 1938 τῶν
1341 1887 1692 1955 ἁναγκαίωνς
1742 1891 1794 1942 τί

209 1969 270 2020 δὲ
303 1969 421 2038 οὐχὶ
452 1969 560 2023 τῶν
595 1970 903 2025 πολυτελῶν
953 1975 1218 2047 ἐχαρίσθη
1263 1976 1340 2047 τῷ
1392 1978 1526 2049 βίῳ;
1577 1981 1646 2035 τὰ
1698 1985 1796 2052 μὲν

211 2063 296 2124 είς
339 2063 642 2133 ὑπηρεσίαν
696 2063 1020 2134 ἀνθρώπων,
1066 2067 1136 2120 τὰ
1182 2067 1238 2120 δὲ
1283 2071 1362 2133 εἰς
1415 2070 1648 2143 θεωρίαν
1669 2079 1686 2114 ί
1699 2073 1793 2127 τοῦ

209 2159 342 2229 περὶ
369 2157 466 2228 τὴν
499 2159 678 2212 κτίσιν
722 2159 1019 2230 θαύματος.
1049 2163 1218 2216 Ἂλλα
1251 2164 1480 2238 φοϐερὰ,
1523 2169 1798 2238 παιδαγω-

207 2249 414 2318 γοῦντα
457 2250 616 2322 ἡμῶν
648 2253 709 2305 τὸ
749 2253 990 2324 ῥᾴθυμον
1043 2255 1177 2326 (25).
1225 2257 1540 2325 Ἐποίησεν·
1573 2265 1606 2314 d
1653 2260 1796 2328 Θεὸς

207 2345 286 2399 τὰ
341 2344 493 2413 κήτη
557 2347 630 2400 τὰ
683 2347 939 2416 μεγάλα.
989 2350 1104 2404 Οὐκ
1163 2351 1351 2423 ἐπειδὴ
1429 2354 1646 2427 καρίδος
1703 2357 1796 2409 καὶ

209 2437 458 2508 μαινίδος
510 2440 752 2509 μείζονα,
793 2440 883 2493 διὰ
921 2441 1082 2494 τοῦτο
1132 2443 1344 2514 μεγάλα
1389 2445 1638 2517 εἴρηται·
1680 2448 1795 2501 ἀλλ’

207 2528 400 2600 ἐπειδὴ
447 2532 556 2593 τοῖς
591 2532 867 2601 μεγίστοις
905 2532 1056 2604 ὄρεσι
1088 2535 1166 2605 τῷ
1205 2536 1354 2608 ὄγκῳ
1399 2537 1495 2591 τοῦ
1545 2539 1798 2610 σώματος

206 2620 607 2691 παρισάζεται-
643 2623 679 2677 ἆ
726 2641 790 2693 γε
836 2624 930 2678 καὶ
973 2627 1152 2697 νήσων
1203 2630 1463 2696 πολλάκις
1496 2633 1798 2702 φαντασίαν

207 2714 544 2784 παρέχεται,
593 2717 812 2771 ἐπειδάν
879 2735 1010 2772 ποτε
1066 2720 1159 2773 ἐπὶ
1205 2723 1304 2792 τὴν
1347 2723 1520 2795 ἄκραν
1595 2727 1795 2796 ἐπιφάι-

209 2823 364 2860 νειαν
413 2807 506 2861 τοῦ
549 2807 739 2873 ὓδατος
779 2811 1130 2882 ἀνανήξηται.
1183 2815 1368 2869 Ταῦτα
1425 2816 1607 2886 μέντοι
1647 2819 1797 2890 τηλι-

207 2900 390 2954 καῦτα
441 2900 566 2954 ὅντα
619 2904 682 2955 ού
737 2904 867 2974 περ)⁴
919 2904 1122 2968 ἀκτάς,
1160 2906 1280 2958 οὐδὲ
1339 2908 1618 2976 αἰγιαλοὺς
1668 2909 1794 2981 (24)

206 2991 508 3062 διατρίϐει,
555 2995 690 3048 ἀλλὰ
729 2997 792 3048 τὸ
839 2997 1179 3050 Ἀτλαντικὸν
1221 2998 1512 3071 λεγόμενον
1561 3004 1796 3073 πέλαγος

207 3086 430 3138 ἐνοικεῖ.
463 3086 700 3142 Τοιαῦτά
741 3091 856 3141 ἐστι
899 3089 969 3142 τὰ
1018 3089 1153 3160 πρὸς
1211 3091 1375 3158 φόϐον
1409 3093 1503 3147 καὶ
1533 3092 1794 3164 ἔκπληξιν

205 3178 487 3250 ἡμετέραν
541 3181 1012 3251 δημιουργηθέντα
1052 3182 1184 3246 ζῶα.
1235 3182 1360 3236 Ἐὰν
1406 3185 1464 3237 δὲ
1516 3185 1789 3258 ἀκούσῃς,

206 3268 293 3322 ὅτι
325 3271 394 3323 τὰ
427 3271 663 3340 μέγιστα
697 3273 807 3325 τῶν
863 3273 1062 3328 πλοίων
1109 3275 1448 3346 ήπλωμένοις
1503 3278 1690 3341 ἱστίοις
1733 3280 1792 3348 ἐξ

205 3362 401 3432 οὐρίας
439 3365 712 3434 φερόμενα
739 3365 800 3418 τὸ
853 3365 1180 3438 μικρότατον
1243 3367 1474 3438 ἰχθύδιον
1501 3371 1534 3439 ἡ
1578 3371 1794 3441 ἐχενηῒς

204 3453 353 3508 οὕτω
393 3456 589 3528 ῥᾳδίως
630 3457 862 3528 ἵστησιν,
894 3457 1034 3511 ὥστε
1091 3459 1346 3530 ἀκίνητον
1401 3462 1494 3514 ἐπὶ
1544 3459 1793 3516 πλεῖστον

207 3547 506 3617 φυλάσσειν
557 3549 654 3620 τὴν
702 3549 835 3604 ναῦν
881 3549 1072 3622 ὥσπερ
1125 3551 1626 3624 καταῤῥιζωθεῖσαν
1679 3553 1790 3626 (25)

205 3644 267 3697 ὲν
301 3644 450 3714 αὐτῷ
471 3644 548 3714 τῷ
576 3645 820 3714 πελάγει,
851 3643 939 3718 ἆρ’
965 3648 1084 3717 οὐχὶ
1106 3649 1199 3700 καὶ
1226 3650 1282 3701 ὲν
1309 3649 1386 3720 τῷ
1415 3649 1595 3720 μικρῷ
1619 3649 1794 3720 τούτῳ

205 3735 308 3806 τὴν
353 3735 524 3808 αὐτὴν
583 3738 684 3808 τῆς
719 3737 812 3791 τοῦ
847 3739 1130 3802 κτίσαντος
1161 3739 1444 3811 δυνάμεως
1493 3741 1792 3811 λαμϐάνεις

206 3827 486 3893 ἀπόδειξιν
506 3845 519 3894 ;
539 3829 611 3881 Οὐ
639 3829 748 3902 γὰρ
778 3829 926 3901 μόνοι
945 3831 1056 3901 (Ξϐ)
1087 3831 1282 3900 ξιφίαι,
1313 3834 1407 3886 καὶ
1433 3833 1672 3904 πρίονες,
1697 3835 1793 3887 καὶ

208 3915 394 3981 κύνες,
425 3921 520 3972 καὶ
551 3919 808 3988 φάλαιναι
839 3923 932 3974 καὶ
965 3921 1237 3990 ζύγαιναι,
1269 3923 1495 3995 φοϐερὰ,
1532 3923 1668 3977 ἀλλὰ
1697 3924 1793 3978 καὶ

205 4011 470 4084 τρυγόνος
501 4013 724 4083 κέντρον
745 4014 845 4084 τῆς
877 4013 1194 4080 θαλασσίας,
1215 4017 1309 4068 καὶ
1333 4015 1537 4086 ταύτης
1568 4017 1788 4086 νεκρᾶς,

211 4103 306 4156 καὶ
330 4102 542 4170 λαγωὸς
567 4103 596 4154 ὁ
620 4103 929 4168 θαλάσσιος,
967 4107 1068 4176 οὐχ·
1097 4101 1256 4177 ἧττόν
1289 4108 1404 4158 ἐστι
1437 4105 1662 4177 φοϐερὰ,
1693 4123 1791 4159 τα-

209 4193 363 4262 χεῖαν
379 4193 472 4246 καὶ
495 4194 864 4266 ἀπαραίτητον
901 4193 998 4266 τὴν
1027 4195 1229 4266 φθορὰν
1259 4195 1605 4266 ἐπιφέροντα.
1638 4194 1792 4248 Οὕτω

209 4299 270 4336 σε
307 4283 396 4337 διὰ
449 4291 662 4340 πάντων
694 4288 1054 4359 ἐγρηγορέναι
1083 4291 1112 4341 ὁ
1151 4288 1376 4360 κτίστης
1427 4288 1696 4358 βούλεται,
1724 4288 1790 4340 ἵν’

207 4377 268 4428 ὲν
299 4379 364 4447 τῇ
400 4377 536 4448 πρὸς
559 4378 690 4434 Θεὸν
721 4379 894 4432 ἐλπίδι
919 4379 1016 4443 τὰς
1058 4381 1152 4433 ἀπ’
1192 4379 1371 4433 αὐτῶν
1405 4379 1608 4450 βλάϐας
1657 4381 1792 4432 ἁπο-

1905 509 2046 562 libus
2091 523 2364 579 apponere
2409 521 2673 581 poteram.
2731 515 2996 572 Nimirum
3037 521 3104 575 de
3147 521 3266 591 ipso
3304 527 3482 582 mari:

1904 604 2172 668 quomodo
2212 604 2264 656 in
2289 604 2454 660 salem
2483 612 2786 664 concrescit
2833 626 2972 681 aqua
3003 631 3014 664 :
3047 619 3318 684 quomodo
3357 635 3484 690 pre-

1905 693 2228 749 tiosissimus
2272 694 2405 765 lapis
2465 699 2771 766 corallium,
2801 704 2852 757 in
2880 707 3018 760 mari
3059 709 3274 776 quidem
3315 714 3482 769 herba

1901 792 2008 848 est,
2033 793 2320 853 postquam
2363 804 2492 844 vero
2517 791 2570 844 in
2601 808 2781 848 aerem
2832 799 3058 854 eductus
3090 800 3274 868 fuerit,
3309 806 3364 860 in
3403 809 3486 865 ia-
3520 840 3526 846 -

1903 872 2041 938 pidis
2076 874 2400 932 soliditatem
2458 883 2823 956 compingitur
2869 904 2884 942 :
2944 894 3086 948 unde
3137 894 3188 949 in
3220 897 3482 960 vilissima

1905 964 2074 1020 bestia
2111 979 2290 1026 ostrea
2345 978 2694 1044 margaritam
2759 996 3019 1053 perquam
3061 992 3352 1058 pretiosam
3383 1013 3484 1053 na-

1905 1067 2022 1112 tura
2057 1060 2296 1116 inclusit.
2329 1065 2460 1132 Quae
2501 1069 2645 1122 enim
2693 1077 3084 1146 concupiscunt
3135 1100 3322 1156 regum
3365 1093 3484 1146 tite-

1903 1153 2070 1220 saltri,
2126 1168 2188 1208 ea
2217 1157 2360 1211 circa
2411 1157 2588 1214 littora
2639 1162 2890 1236 ripasque
2939 1179 2994 1226 et
3029 1153 3250 1243 asperas
3297 1193 3484 1250 petras

1903 1244 2126 1314 disjecta
2153 1257 2298 1315 sunt,
2333 1251 2385 1304 in
2443 1261 2747 1310 ostreorum
2787 1263 2939 1318 testis
2981 1271 3258 1324 recondita
3283 1244 3311 1339 ς’
3343 1278 3484 1332 unde

1901 1337 2077 1405 pinnae
2117 1355 2336 1396 auream
2391 1345 2568 1400 lanam
2607 1353 2892 1419 nutriunt,
2943 1375 3105 1427 quam
3157 1337 3482 1427 inferiorum

1903 1431 2080 1488 nullus
2109 1434 2370 1492 hactenus
2400 1450 2484 1494 est
2517 1442 2790 1512 imitatus;
2829 1451 2970 1506 unde
2995 1455 3229 1512 cochleae
3263 1463 3484 1530 regibus

1902 1520 2206 1590 largiuntur
2260 1543 2574 1598 purpuram,
2613 1550 2733 1604 qum
2793 1550 3072 1607 pratorum
3121 1550 3284 1604 etiam
3319 1520 3484 1610 liores

1901 1614 2098 1670 coloris
2129 1623 2437 1686 praestantia
2491 1637 2768 1694 superant.
2811 1630 3122 1691 Producant
3177 1657 3347 1712 aqum.
3383 1647 3485 1702 Ec-

1903 1709 2028 1777 quid
2061 1715 2487 1770 necessariorum
2513 1717 2714 1774 factum
2758 1738 2860 1776 non
2911 1729 3034 1781 est?
3069 1733 3194 1801 quid
3219 1709 3485 1802 pretioso-

1903 1815 2018 1853 rum
2050 1803 2230 1857 datum
2261 1821 2365 1860 non
2393 1818 2478 1862 est
2505 1810 2661 1865 vitae?
2707 1813 2831 1870 lla‘c
2873 1821 3087 1889 quidem
3112 1827 3178 1879 ad
3205 1827 3481 1888 hmninunt

1901 1893 2298 1959 ministerium,
2353 1899 2440 1952 illa
2481 1915 2608 1958 vero
2655 1905 2721 1959 ad
2773 1913 3323 1980 contemplationem:
3375 1939 3482 1994 qua

1900 1985 2192 2040 creationis
2247 1989 2570 2047 miraculum
2639 2003 3090 2070 contemplamur.
3166 2010 3284 2066 Alia
3354 1985 3482 2074 sunt

1899 2073 2203 2140 horribilia,
2223 2079 2482 2136 desidiam
2505 2097 2744 2141 nostram
2763 2095 3088 2151 erudientia.
3113 2099 3320 2159 Creavit
3339 2073 3482 2165 Deus

1898 2174 2006 2218 cete
2032 2169 2256 2236 grandia
2274 2170 2340 2224 ⁸⁷.
2381 2171 2496 2227 Νοη
2531 2177 2654 2243 quia
2680 2180 2884 2249 majora
2937 2197 3246 2259 suntquam
3289 2179 3482 2267 sqttiiia

1898 2265 1954 2310 et
1984 2259 2402 2318 maena.idcirco
2430 2269 2653 2332 grandia
2679 2271 2820 2325 dicta
2849 2286 3002 2330 sunt:
3039 2282 3130 2335 sed
3159 2286 3284 2352 quia
3311 2259 3482 2345 maxi-

1898 2350 2001 2404 mis
2020 2353 2293 2410 montibus
2312 2357 2452 2411 mole
2471 2363 2712 2428 corporis
2730 2365 3080 2436 aquuantur
3099 2390 3112 2428 :
3132 2350 3251 2444 qua:
3274 2394 3420 2436 certe
3437 2385 3484 2438 si

1901 2456 2136 2509 unquam
2156 2447 2222 2498 ad
2240 2461 2506 2503 summam
2526 2467 2678 2520 aqua:
2691 2459 3032 2526 superﬁciem
3053 2466 3166 2537 69
3185 2483 3340 2526 enata
3353 2475 3480 2541 rint,

1899 2545 2268 2599 saepenumero
2303 2540 2537 2606 speciem
2571 2543 2814 2602 referunt
2841 2548 3163 2610 insularum.
3197 2558 3321 2614 Haec
3363 2540 3485 2633 qui-

1899 2623 2020 2677 dem
2047 2635 2218 2692 certe,
2265 2638 2454 2698 utpote
2481 2641 2772 2700 tanta,non
2803 2641 2945 2696 circa
2973 2646 3118 2714 ripas
3141 2665 3314 2720 neque
3335 2623 3482 2710 circa

1899 2715 2084 2773 littora
2112 2720 2492 2781 diversantur:
2530 2730 2624 2783 sed
2659 2729 2710 2783 in
2737 2746 2801 2786 eo
2827 2736 2962 2789 mari
2981 2741 3124 2808 quod
3151 2715 3481 2804 Atlanticum

1899 2821 2144 2880 vocatur,
2182 2815 2506 2876 inhabitant.
2543 2821 2692 2878 Talia
2725 2837 2852 2882 sunt
2905 2831 3222 2901 animantia,
3255 2853 3378 2909 quae
3411 2843 3480 2897 ad

1900 2913 2164 2961 terrorem
2201 2909 2606 2982 istuporemque
2657 2916 2809 2972 nobis
2871 2919 3241 2982 incutiendum
3296 2945 3480 2989 creata

1898 3005 2044 3054 sunt.
2078 2997 2148 3052 At
2180 2999 2222 3053 si
2249 3001 2564 3070 pisciculum
2607 3007 2911 3074 minimmn,
2945 3027 3216 3070 remoram
3250 3021 3477 3087 scilicet,

1899 3091 2131 3145 maxima
2161 3093 2396 3163 navigia,
2423 3099 2666 3165 expassis
2705 3099 2835 3154 velis
2873 3113 3034 3158 vento
3057 3111 3296 3163 secundo
3321 3121 3480 3170 uten-

1901 3181 1995 3244 tia,
2022 3181 2180 3238 facile
2214 3183 2404 3240 sistere
2435 3188 2704 3256 audieris;
2741 3191 2814 3244 ita
2865 3205 2924 3248 ut
2961 3195 3140 3250 navim
3173 3197 3482 3258 diutissime

1902 3274 2137 3330 detineat
2185 3278 2498 3345 immotam,
2567 3285 2720 3351 quasi
2781 3285 2833 3338 in
2903 3289 3020 3355 ipso
3079 3292 3214 3346 mari
3267 3294 3482 3352 radices

1901 3366 2140 3434 egisset,
2193 3384 2372 3424 nonne
2411 3372 2576 3426 etiam
2615 3374 2668 3428 in
2725 3375 2826 3431 hoc
2875 3380 3070 3450 exiguo
3114 3385 3260 3452 pisce
3292 3389 3481 3442 eadem

1900 3455 2177 3514 Creatoris
2225 3463 2462 3530 potentia
2501 3465 2594 3519 tibi
2633 3467 2967 3536 signiﬁcatur
3021 3489 3086 3529 ac
3133 3480 3485 3537 oStenditur?

1902 3547 2016 3603 Non
2052 3551 2197 3606 enim
2245 3553 2417 3607 solum
2452 3555 2646 3625 gladii,
2700 3572 2900 3628 serrze,
2939 3577 3138 3634 canes,
3174 3567 3396 3625 balteum
3429 3583 3486 3627 et

1901 3657 2136 3712 zygaante
2168 3641 2506 3701 formidanda
2539 3659 2700 3716 sunt;
2738 3655 2830 3706 sed
2858 3665 2912 3707 et
2941 3657 3161 3714 aculeus
3191 3664 3485 3730 pastinaca:

1901 3737 2148 3802 marinae,
2191 3737 2418 3807 ejusque
2441 3751 2690 3806 mortuze,
2719 3753 2773 3798 et
2799 3744 2951 3814 lepus
2979 3751 3223 3806 marinus
3257 3769 3359 3808 non
3385 3757 3485 3810 mi-

1902 3843 2004 3882 nus
2044 3839 2169 3883 sunt
2211 3831 2511 3897 metuendi,
2561 3849 2683 3888 cum
2732 3836 2962 3891 celerem
3010 3842 3484 3916 inevitabilemqne

1903 3916 2183 3972 interitum
2229 3919 2480 3975 ali'erant.
2518 3923 2592 3976 Ita
2645 3934 2696 3978 te
2741 3940 2837 3993 per
2882 3931 3062 3984 omnia
3104 3933 3325 4002 vigilare
3368 3937 3484 3992 vult

1900 4007 2180 4076 Conditor,
2203 4019 2280 4079 ut,
2311 4016 2542 4082 reposita
2573 4016 2626 4068 in
2653 4016 2760 4070 Deo
2777 4033 2890 4088 spe,
2910 4019 3232 4079 detrimenta
3258 4027 3326 4080 ab
3349 4028 3482 4096 ipsis

1901 4102 2268 4172 impendentia
2299 4107 2564 4162 declines.
2604 4107 2708 4162 Sed
2750 4112 2894 4164 enim
2929 4113 2996 4167 ab
3025 4114 3146 4169 imis
3177 4119 3480 4188 gurgitibus

1901 4207 2229 4262 remeantes,
2263 4198 2330 4252 ad
2367 4199 2734 4254 continentem
2767 4204 3072 4260 redeamus.
3104 4205 3238 4261 Nam
3273 4211 3478 4276 opiiicii

1901 4287 2157 4342 miracula
2189 4287 2292 4343 alia
2317 4305 2382 4343 ex
2413 4291 2535 4345 aliis
2566 4293 2722 4346 nobis
2751 4297 3090 4350 occurrentia
3113 4338 3128 4362 ,
3169 4302 3313 4354 velut
3344 4305 3472 4371 qui-

1899 4380 2021 4434 dam
2053 4379 2278 4450 ﬂuctus,
2307 4383 2518 4437 crebris
2560 4383 2894 4456 alternisque
2924 4389 3335 4447 excursionibus
3383 4409 3482 4448 no-

206 4466 522 4543 διδράσκῃς.
563 4471 724 4524 Ἀλλά
757 4471 866 4544 γὰρ
908 4473 1310 4543 ἀναδραμόντες
1345 4473 1410 4525 ὲκ
1445 4471 1554 4524 τῶν
1591 4471 1788 4541 βυθῶν,

1900 4483 2070 4527 strum
2111 4475 2454 4530 submersere
2500 4491 2829 4531 sermonem.
2882 4479 3204 4551 Quanquam
3247 4483 3301 4538 id
3345 4487 3478 4540 mihi

207 4559 303 4612 ἐπὶ
326 4561 428 4631 τὴν
471 4563 700 4632 ἤπειρον
750 4561 1174 4634 καταφύγωμεν.
1220 4563 1330 4616 Καὶ
1360 4563 1470 4634 γάρ
1503 4580 1621 4626 πως
1661 4563 1796 4618 ἄλλα
1832 4627 1846 4640 _

271 4677 318 4711 ⁸⁷
349 4677 486 4735 Gen.
511 4695 550 4741 ι,
571 4679 662 4733 21.

285 4793 404 4864 (9.0)
461 4793 716 4850 Nonnulli
781 4811 914 4852 mss.
973 4795 1066 4849 τὸν
1121 4794 1420 4866 πολύτιμον
1503 4795 1778 4868 μαργαρί-

197 4881 324 4918 την.

233 4883 390 5007 ηἷέι)
423 4935 516 5008 Sic
541 4950 674 5008 mss.
706 4947 933 5007 septem.
971 4936 1145 4992 Voces
1200 4936 1364 5008 μέχρι
1411 4935 1506 4990 νῦν
1557 4935 1778 4991 deside-

201 5015 403 5060 rantur
429 5007 772 5075 inrvuigatis.

276 5075 389 5148 (2‘2)
411 5074 566 5129 Coib.
582 5074 799 5148 primus
838 5077 1115 5148 aliquanto
1144 5074 1338 5148 fusius,
1370 5075 1692 5146 ὲξαγαγέτω
1712 5077 1782 5132 τὰ

199 5145 606 5218 ὕδάταέρπετὰ
633 5145 820 5218 ψυχῶν
863 5147 1076 5212 ζωσῶν,
1120 5147 1410 5215 producant
1439 5145 1590 5218 aqua:
1618 5150 1782 5216 repti-

197 5219 275 5274 lt'a
300 5217 602 5269 animarum
629 5217 904 5271 viventium

271 5287 384 5358 (25)
411 5285 620 5358 ﬂursus
643 5287 798 5342 Colb.
829 5288 1050 5358 primus,
1076 5283 1234 5358 ἡμῶν
1263 5286 1364 5358 τὴν
1394 5285 1705 5358 ρᾳθυμίαν.

271 5355 388 5427 (24)
416 5355 639 5427 Codices
662 5366 804 5423 octo,
825 5355 948 5410 οὐδὲ
973 5355 1272 5426 αἰγιαλούς.
1307 5355 1600 5427 Editi'cuin
1623 5358 1774 5414 Colb.

197 5425 441 5498 secundo
458 5425 591 5498 οὐδὲ
623 5427 752 5498 περ).
787 5425 1090 5498 αἰγιαλούς.
1139 5427 1355 5498 ibidem,
1391 5425 1546 5480 Coib.
1583 5443 1780 5482 secun-

197 5496 400 5580 dus;qu
423 5495 765 5580 ξᾼτλαντικῷ-
785 5497 1060 5568 λεγομένῳ
1081 5495 1306 5580 πελάγει
1341 5497 1558 5580 ἐνοικεῖ.
1654 5575 1664 5580 _
1712 5568 1747 5580 Α

272 5567 391 5637 (‘25)
423 5565 646 5622 Variant
691 5565 834 5622 inter
860 5565 925 5622 se
952 5565 1161 5622 veteres
1189 5575 1300 5637 tutu
1333 5567 1768 5637 calamo_notati,

199 5648 314 5690 [tam
349 5634 490 5707 typis
514 5637 771 5709 descripti
795 5637 938 5692 libri.
958 5637 1156 5709 ~Editio
1182 5635 1350 5709 Basil.
1379 5651 1500 5690 cum
1535 5634 1696 5709 Bodl.
1717 5649 1773 5691 et

194 5721 324 5764 cum
354 5709 474 5766 aliis
498 5707 846 5764 multis'mss.
884 5707 1178 5777 φυλάσσειν
1205 5707 1394 5780 ὥσπερ
1427 5707 1772 5779 καταρῥιζω-

515 5801 790 5861 ΡΑτιιοι..
837 5801 958 5862 (in.
1011 5801 1245 5866 ΧΧΙΧ.

1903 4563 2088 4633 utique
2119 4563 2283 4620 fuerit
2320 4565 2708 4633 admirationi,
2743 4567 2789 4622 si
2840 4583 2992 4625 mens
3043 4583 3226 4628 nostra
3251 4614 3266 4638 ,
3313 4577 3480 4632 admi-

1888 4795 1980 4849 θὲν
2003 4795 2082 4856 ὲν,
2108 4791 2467 4872 ilenricianus
2498 4793 2664 4848 codex
2694 4795 2944 4872 e_t_C_ois_l._
2981 4799 3250 4855 secundus
3274 4801 3478 4872 cpular-

1889 4885 2003 4920 σειν
2038 4867 2137 4936 τὴν
2181 4863 2538 4938 ναύνιῶσπερ-
2565 4865 3001 4937 καταρῤιζωθέν,
3051 4863 3306 4938 tauquam
3342 4875 3386 4926 si
3421 4874 3476 4929 id

1887 4940 1952 4990 ad
1987 4933 2170 4990 voc-sm
2191 4933 2427 5003 ἰχθύδιον
2455 4933 2792 5010 querendum
2814 4939 2903 4990 sit.
2935 4933 3472 5010 Dietlirzeusﬁomlx,

1887 5007 2039 5060 Coll).
2069 5007 2420 5082 secundus-ent
2461 5003 2592 5082 [ξος.
2629 5017 2856 5082 octavus
2887 5008 3314 5082 φυλάσσεινγτὴν
3344 5003 3476 5068 ναῦν

1885 5076 2076 5148 ὥσπερ
2126 5073 2838 5148 Ακίιταῤῥιζωθεῖσανοηοιιί
2899 5073 3121 5133 lectioni
3189 5073 3372 5136 fav'ent
3421 5093 3478 5138 et

1883 5143 2207 5200 Ambrosius
2249 5143 2305 5198 et
2334 5143 2675 5201 Eustathius.
2711 5144 2910 5202 Nostra
2942 5151 3110 5205 editio
3147 5149 3324 5207 Paris.
3370 5170 3476 5208 κα-

1883 5215 2286 5288 ταρῤωθείσαν.

1959 5285 2086 5364 (itii
2121 5287 2346 5364 (lodices
2374 5285 2612 5364 quinque
2637 5285 2697 5338 οὐ
2724 5285 2834 5358 γὰρ
2861 5289 3032 5364 μόνοι.
3055 5289 3194 5346 Editi
3221 5289 3283 5344 οὐ
3313 5290 3478 5364 μόνον

1882 5357 2012 5428 γάρ.
2039 5355 2160 5410 Mox
2179 5355 2536 5428 editio¥BasiL
2566 5371 2687 5428 cum
2724 5355 2828 5412 ms;
2854 5355 3101 5417 Combei‘.
3122 5371 3176 5414 et
3203 5355 3326 5415 cuni
3353 5363 3477 5416 aliis

1887 5425 2079 5502 norem
2111 5435 2306 5493 praeter
2338 5425 2490 5482 Bodl.
2541 5425 2790 5502 φοϐεραί.
2844 5430 3022 5486 Editio
3071 5431 3258 5502 Paris.
3315 5431 3478 5502 φοϐε-

1889 5497 1999 5566 ραί.
2033 5496 2262 5566 Zygasua
2296 5507 2472 5570 autem
2502 5496 2796 5570 piscis’est,
2826 5515 2986 5570 quem
3039 5501 3286 5556 nonnulli
3326 5496 3477 5557 libel-

1883 5570 1992 5620 lam
2046 5577 2262 5624 vocant.
2317 5566 2468 5622 lianc
2505 5566 2726 5638 piscem
2779 5566 2941 5628 vocat
3003 5572 3326 5628 Tilmannus
3381 5588 3474 5628 or-

1881 5653 2016 5692 cam.

3105 5804 3152 5863 .6
