3850 6218
432 287 537 343 165

1773 294 1829 350 S.
1873 291 2118 352 BASILII
2161 295 2375 351 MAGNI

3614 296 3716 349 1ϋῶ

432 403 685 458 rabiliora
710 419 760 458 In
787 403 978 459 tellure
1005 413 1184 469 nacta,
1215 421 1402 459 rursus
1441 409 1497 462 in
1534 411 1701 464 'mare
1748 410 1815 464 ad
1858 409 1989 464 Joua

2115 411 2203 463 ἐπ’
2251 409 2434 472 ἄλλοις
2491 409 2867 462 καταλαόόντα
2906 410 3053 480 ἡμᾶς
3090 410 3189 480 τῆς
3242 409 3610 480 δημιουργιας
3648 413 3715 463 τὰ

427 494 732 564 exemplum
775 511 883 549 non
925 497 1186 566 aufugiat.
1225 495 1450 553 Videtur
1486 509 1670 553 autem
1716 502 1848 554 mihi
1880 516 2011 553 ora-

430 588 505 642 tio
524 587 743 657 delapsa
767 588 819 642 in
854 589 1132 643 innumera
1162 588 1447 653 miracula,
1483 590 1626 646 modi
1659 592 1829 647 oblita
1865 606 2008 653 esse,

425 688 482 733 et
528 681 668 735 idem
715 694 969 750 perpessa
1017 680 1185 736 fuisse
1228 683 1370 752 quod
1413 683 1451 738 ii
1504 685 1596 754 qui
1648 686 1905 756 navigant
1957 685 2010 738 in

424 770 644 841 pelago,
688 772 781 840 qui
827 786 895 827 ex
941 772 1089 828 nullo
1131 774 1364 829 termino
1409 775 1520 830 lixo
1568 787 1773 831 motum
1831 774 2012 845 conje-

425 873 668 929 ctantes,
735 864 934 933 sat-pius
995 876 1262 935 quantum
1302 867 1371 921 ab
1418 867 1550 936 ipsis
1595 869 1666 924 sit
1721 871 2009 925 decursum

423 954 581 1023 spatii
643 953 912 1024 ignorant.
957 954 1110 1022 Quod
1161 971 1295 1012 sane
1354 958 1510 1012 nobis
1569 959 1732 1013 etiam
1794 959 2011 1015 videtur

423 1044 728 1109 accidisse,
798 1048 994 1117 quippe
1070 1064 1320 1105 sermone
1392 1058 1701 1105 creaturam
1787 1067 2008 1122 percur-

422 1144 613 1198 rente,
663 1149 851 1189 eormn
912 1150 1033 1205 qua:
1080 1137 1249 1191 relata
1295 1147 1422 1192 sunt
1467 1139 1676 1207 copiam
1724 1155 1831 1194 non
1879 1156 2006 1209 per-

420 1226 681 1296 cepimus.
719 1223 916 1280 Verum
958 1227 1084 1282 licet
1112 1230 1424 1285 venerabile
1457 1230 1588 1284 illml
1625 1231 1895 1286 theatrum
1941 1234 2006 1287 li-

419 1320 613 1374 benter
640 1320 857 1385 audiat,
886 1330 939 1376 et
968 1321 1348 1378 miraculorum
1380 1323 1631 1378 herilium
1660 1327 1905 1381 narratio
1931 1328 2006 1383 sit

417 1426 697 1466 servorum
736 1412 957 1469 auribus
996 1411 1231 1481 iucunda
1273 1433 1288 1470 :
1337 1416 1426 1471 hic
1472 1425 1652 1472 tamen
1698 1420 2001 1474 orationem

416 1504 704 1567 sistentes.
736 1504 878 1559 diem
914 1506 982 1559 ad
1010 1519 1071 1559 ea
1106 1521 1228 1575 qua:
1270 1508 1470 1562 desunt
1500 1508 1831 1563 absolvenda
1855 1551 1870 1577 ,
1906 1525 2003 1565 ex-

414 1605 742 1667 spectemus.
778 1594 980 1652 Omnes
1026 1598 1189 1666 igitur
1218 1611 1575 1669 exsurgentes
1621 1615 1719 1670 pro
1762 1601 1849 1656 his
1881 1617 2001 1672 quae

415 1697 843 1740 commemorata
878 1695 1026 1751 sunt,
1066 1688 1272 1757 gratias
1309 1704 1576 1758 agamus;
1613 1699 1668 1745 et
1703 1699 1763 1745 ut
1787 1705 1850 1746 ea
1878 1707 1999 1762 quae

2117 502 2394 572 θαύματα,
2419 494 2532 554 οἷόν
2562 518 2684 555 τινα
2708 501 2950 572 κύματα,
2984 504 3105 565 ταῖς
3140 501 3389 571 συνεχέσι
3414 501 3513 554 καὶ
3539 501 3713 554 ἐπαλο

2115 592 2296 664 λήλοις
2334 593 2656 665 ἐπιδρομαῖς
2687 594 3016 664 ὑποϐρύχιον
3039 595 3072 664 ή
3082 593 3199 665 μῶν
3221 593 3312 646 τὸν
3339 593 3500 662 λόγον
3533 595 3712 664 ήγαγε

2115 684 2251 755 (27).
2274 684 2463 738 Καίτοι
2498 684 2841 755 θαυμάσαιμι
2878 685 2965 750 ἂν,
2991 687 3041 738 εἰ
3074 685 3171 756 μὴ,
3206 684 3416 756 μείζοσι
3438 689 3556 750 τοῖς
3587 688 3710 739 κατ’

2114 776 2346 847 ήπειρον
2377 775 2703 845 παραδόξοις
2750 777 2782 846 ή
2816 775 3024 829 διάνοια
3056 774 3216 846 ήμῶν
3249 774 3570 846 ἐντυχοῦσα,
3600 776 3712 829 πά-

2112 866 2197 919 λιν
2240 866 2382 920 κατὰ
2410 867 2502 919 τὸν
2538 867 2724 919 Ἰωνᾶν
2746 867 2838 919 ἐπὶ
2869 866 2969 937 τὴν
2999 866 3276 921 Θάλασσαν
3323 867 3705 938 δραπετεύσει.

2115 958 2301 1011 Ἔοικε
2328 957 2387 1011 δέ
2443 974 2534 1027 μοι
2569 959 2599 1010 ό
2648 957 2806 1024 λόγος
2837 954 3097 1027 ἐμπεσὼν
3155 959 3236 1021 είς
3269 956 3338 1010 τὰ
3373 958 3546 1029 μυρία
3576 958 3708 1009 θαύ-

2111 1067 2254 1120 ματα
2301 1047 2653 1120 ἐπιλελῆσθαι
2691 1048 2793 1118 τῆς
2828 1049 3205 1120 συμμετρίας,
3241 1049 3337 1103 καὶ
3402 1050 3576 1102 ταυτὺ
3612 1066 3706 1102 πε-

2108 1141 2362 1196 πονθέναι
2394 1144 2507 1205 τοῖς
2548 1141 2606 1194 ἐν
2641 1141 2869 1209 πελάγει
2918 1140 3378 1211 ναυτιλλομένοις,
3420 1140 3472 1193 οῖ
3498 1181 3514 1203 ,
3568 1140 3707 1211 πρὸς

2112 1232 2280 1303 μηδὲν
2336 1231 2583 1301 πεπηγὸς
2634 1231 2745 1301 (28)
2804 1229 2905 1301 τὴν
2955 1230 3171 1301 κίνησιν
3231 1230 3662 1302 τεκμαιρόμενοι
3686 1268 3702 1292 ,

2105 1322 2354 1391 ἀγνοοῦσι
2399 1323 2657 1386 πολλάκις
2712 1323 2835 1375 ὅσον
2873 1321 3183 1393 διέδραμον.
3214 1323 3279 1374 '0
3327 1321 3393 1392 δὴ
3433 1322 3533 1374 καὶ
3567 1322 3701 1392 περὶ

2101 1414 2251 1483 ἡμᾶς
2278 1412 2421 1466 ἔοικε
2449 1412 2781 1482 γεγενῆσθαι
2803 1455 2818 1479 ,
2850 1413 3136 1484 τρέχοντος
3167 1410 3260 1465 τοῦ
3294 1412 3452 1480 λόγου
3485 1410 3579 1465 διὰ⁷
3603 1413 3705 1482 τῆς

2102 1507 2355 1570 κτίσεως,
2396 1506 2472 1576 μὴ
2505 1504 2689 1557 λαϐεῖν
2714 1504 2809 1557 τοῦ
2852 1504 3090 1574 πλήθους
3116 1504 3225 1558 τῶν
3259 1503 3569 1575 εἰρημένων
3601 1504 3703 1573 τὴν

2100 1597 2372 1669 αἴσθησιν.
2433 1596 2574 1650 Ἀλλ’
2627 1599 2679 1650 εἰ
2726 1598 2824 1651 καὶ
2870 1597 3131 1668 φιλήκοον
3186 1596 3249 1650 τὸ
3293 1597 3493 1668 σεμνὸν
3537 1594 3705 1649 τοῦτο

2101 1689 2351 1761 θέατρον,
2404 1690 2500 1744 καὶ
2550 1689 2779 1758 γλυκεῖα
2837 1688 3043 1743 δούλων
3099 1690 3291 1753 ἀκοαῖς
3357 1687 3707 1743 δεσποτικῶ

414 1790 710 1848 supersunt
735 1778 1129 1849 compleantur,
1166 1781 1520 1849 postulemus.
1554 1781 1775 1838 Utinam
1814 1794 1989 1839 autem

2101 1782 2395 1853 θαυμάτων
2447 1782 2725 1851 διήγησις,
2766 1782 3000 1836 ἐνταῦθα
3038 1780 3131 1835 τὸν
3161 1781 3319 1850 λόγον
3342 1782 3699 1853 ὁρμίσαντες,

412 1880 468 1925 et
502 1874 643 1926 inter
688 1872 980 1927 sumendos
1009 1872 1162 1928 cibos
1206 1874 1318 1929 sint
1344 1875 1497 1929 vobis
1526 1875 1577 1928 in
1622 1891 1832 1940 mensa,
1877 1875 1989 1931 loco

2106 1875 2379 1946 μείνωμεν
2440 1874 2539 1946 τὴν
2586 1875 2803 1947 ἡμέραν
2866 1875 3005 1946 πρὸς
3041 1884 3142 1947 τὴν
3191 1874 3299 1928 τῶν
3355 1873 3702 1945 λειπομένων

412 1963 689 2033 colloquii,
720 1979 781 2020 ea
811 1980 931 2035 qua:
958 1963 1369 2020 tum'matutina
1400 1975 1510 2019 tum
1540 1967 1845 2035 vespertina
1869 1983 1989 2023 ora-

2101 1967 2377 2021 ἀπόδοσιν.
2439 1968 2800 2032 Ἀναστάντες
2851 1968 2909 2022 δέ
2950 1969 3151 2032 πάντες
3202 1966 3697 2039 εὐχαριστήσωμεν

411 2057 556 2109 tione
584 2054 881 2125 explicavi:
911 2054 1118 2110 utinam
1146 2056 1310 2110 etiam
1341 2055 1534 2110 harum
1567 2070 1746 2111 rerum
1783 2057 1989 2127 cogita-

2103 2058 2245 2130 ὑπὲρ
2270 2059 2379 2114 τῶν
2412 2059 2743 2131 εἰρημένων,
2781 2062 2876 2114 καὶ
2928 2062 3242 2131 αἰτήσωμεν
3281 2058 3391 2112 τῶν
3435 2058 3699 2131 λειπομέ-

411 2146 649 2202 tionibus
692 2161 787 2216 per
830 2162 1081 2202 somnum
1119 2147 1393 2215 occupati,
1437 2147 1621 2202 laetitia
1667 2148 1862 2203 diurna
1910 2148 1989 2204 vel

2101 2167 2205 2203 νων
2258 2149 2356 2221 τήν
2396 2150 2675 2220 πλήρωσιν
2705 2149 2839 2220 (‘29).
2871 2149 3088 2202 Γένοιτο
3119 2148 3176 2202 δέ
3216 2149 3343 2218 ὑμῖν
3388 2146 3483 2200 καὶ
3515 2148 3575 2199 ἐν
3626 2149 3693 2217 τῇ

409 2240 740 2294 dormientes
765 2238 1040 2304 iruamini,
1072 2250 1131 2293 ut
1149 2239 1333 2294 dicere
1356 2238 1579 2309 possitis
1604 2256 1617 2292 :
1637 2236 1748 2307 Ego
1761 2240 1989 2305 dormio,

2102 2239 2404 2311 μεταλήψει
2440 2240 2541 2311 τῆς
2583 2240 2793 2312 τροφῆς
2824 2238 3193 2312 ἐπιτραπέζια
3221 2238 3558 2309 διηγήματα,
3590 2238 3696 2290 ὅσα

407 2341 455 2384 et
500 2348 592 2385 cor
632 2347 804 2386 meum
835 2331 1015 2401 vigilat
1048 2332 1153 2397 "‘,
1185 2340 1369 2401 utpote
1409 2331 1553 2398 quod
1597 2340 1755 2385 nocte
1802 2332 1989 2400 dieque

2101 2347 2157 2383 τε
2189 2330 2357 2385 ἕωθεν
2388 2332 2538 2403 ὑμῖν,
2567 2332 2663 2386 καὶ
2688 2331 2786 2384 ὅσα
2815 2331 2955 2384 κατὰ
2981 2329 3080 2402 τήν
3108 2329 3345 2401 ἑσπέραν
3397 2327 3633 2396 ἐπῆλθεν
3662 2329 3696 2381 ὁ

408 2424 580 2493 legem
621 2424 828 2478 Domini
868 2423 1178 2488 meditetur,
1211 2424 1297 2479 cui
1337 2422 1508 2494 gloria
1534 2429 1590 2477 et
1618 2422 1905 2493 imperium
1935 2424 1989 2478 in

2101 2422 2253 2493 λόγος
2273 2441 2286 2454 ·
2318 2424 2414 2477 καὶ
2450 2426 2571 2487 ταῖς
2603 2424 2731 2495 περ)⁸
2761 2422 2968 2476 τούτων
2997 2422 3230 2486 ἐννοίαις
3261 2421 3367 2475 ὑπὸ
3393 2420 3488 2473 τοῦ
3518 2420 3687 2473 ὕπνου

409 2515 605 2569 saecula
639 2515 982 2569 saeculorum.
1016 2516 1213 2571 Amen.

2101 2516 2568 2587 καταληφθέντες,
2602 2519 2700 2587 τῆς
2760 2514 3133 2587 μεθημερινῆς
3188 2513 3531 2586 εὐφροσύνης
3592 2512 3687 2567 καὶ

407 2606 758 2671 καθεύδοντες
783 2606 1163 2671 ἀπολαύσοιτε,
1201 2608 1287 2661 ἵνα
1314 2606 1408 2679 ἐξῇ
1435 2610 1566 2680 ὑμῖν
1625 2608 1840 2677 λέγειν·
1885 2605 2033 2676 Ἐγὼ
2071 2608 2363 2673 καθεύδω,
2430 2608 2530 2662 καὶ
2565 2610 2603 2677 ή
2645 2607 2758 2679 ('50)
2798 2608 3011 2677 καρδία
3034 2625 3154 2677 μου
3186 2604 3497 2675 ἀγρυπνεῖ,
3530 2606 3687 2676 μελε-

408 2699 561 2753 τῶσα
582 2699 773 2762 νυκτὸς
805 2701 897 2753 καὶ
916 2699 1130 2769 ἡμέρας
1157 2702 1215 2753 ὲν
1242 2699 1320 2771 τῷ
1342 2700 1494 2771 νόμῳ
1534 2701 1764 2772 Κυρίου,
1793 2692 1839 2769 ᾧ
1867 2702 1900 2771 ή
1934 2697 2061 2765 δόξα
2089 2701 2185 2754 καὶ
2208 2700 2269 2753 τὸ
2302 2700 2503 2772 κράτος
2526 2701 2608 2765 εἰς
2635 2701 2763 2763 τοὺς
2799 2698 3003 2763 αἰῶνας
3027 2699 3138 2754 τῶν
3153 2698 3387 2754 αἰώνων.
3406 2700 3604 2770 Ἀμήν.

962 2954 1241 3011 llOllllLiA
1287 2954 1418 3011 Vill.

2709 2950 2952 3005 OMIAIA
2989 2949 3073 3005 H'.

794 3047 867 3102 De
898 3047 1200 3101 volatilibus
1227 3055 1275 3102 et
1305 3047 1587 3118 aquaticis.

476 3142 583 3213 7o
606 3141 656 3199 l.
677 3141 741 3196 Et
765 3141 902 3194 dixit
925 3139 1065 3193 Deus
1085 3156 1104 3194 :
1129 3138 1391 3193 Praducat
1411 3151 1550 3195 terra
1565 3140 1797 3193 animam
1814 3140 1985 3194 viven-

403 3245 507 3291 tem
525 3236 688 3306 thta
716 3250 877 3304 genus
899 3274 915 3297 ,
958 3231 1344 3300 quadrupedia,
1384 3239 1432 3285 et
1464 3230 1676 3299 reptilia
1704 3244 1756 3285 et
1788 3229 1983 3283 bestias

396 3328 553 3398 juxta
589 3342 770 3396 genus.
811 3322 877 3376 Et
919 3322 1117 3390 factum
1144 3333 1217 3377 est
1247 3325 1322 3376 sic
1356 3321 1424 3376 ⁹⁸.
1458 3320 1619 3377 Venit
1650 3331 1982 3392 praceptum

400 3420 590 3474 ordine
618 3417 935 3487 procedens.
972 3426 1027 3470 et
1054 3424 1196 3469 terra
1226 3429 1437 3485 quoque
1464 3415 1741 3484 proprium
1768 3415 1984 3483 accepit

398 3518 669 3567 ornatum.
714 3506 850 3573 illic,
895 3506 1201 3562 Producant
1232 3523 1383 3577 aquw
1422 3507 1632 3576 reptilia
1672 3507 1978 3577 animarum

397 3603 678 3658 viventium
705 3602 750 3635 ”
780 3619 794 3655 :
823 3601 930 3665 hic,
961 3598 1232 3653 Producat
1260 3611 1402 3652 terra
1430 3599 1668 3653 animam
1704 3599 1979 3653 viventem.

397 3692 651 3762 Nunquid
698 3694 935 3746 animata
984 3700 1067 3745 est
1114 3690 1292 3746 terra?
1335 3688 1528 3744 iamne
1560 3689 1737 3743 locum
1783 3690 1986 3744 habent

399 3784 725 3852 desipientes
775 3782 1081 3846 Manichaai,
1123 3781 1215 3851 qui
1262 3791 1423 3836 terrae
1457 3779 1651 3835 indunt
1694 3780 1983 3834 animam?

399 3876 515 3932 Non
547 3876 673 3945 quia
710 3875 846 3929 dixit
893 3893 906 3928 :
956 3872 1250 3935 Producat,
1280 3873 1332 3926 id
1374 3874 1518 3941 quod
1556 3874 1609 3926 in
1658 3873 1773 3941 ipsa
1818 3872 1981 3925 situm

399 3977 539 4033 erat,
567 3966 791 4037 protulit
821 3984 835 4020 :
867 3966 960 4020 sed
991 3966 1082 4031 qui
1111 3974 1439 4035 praeceptum
1467 3964 1635 4026 dedit,
1668 3964 1833 4018 etiam
1872 3963 1982 4016 vim

395 4072 453 4116 et
497 4060 809 4115 facultatem
852 4058 1183 4127 producendi
1233 4057 1282 4112 ei
1327 4055 1575 4111 contulit.
1613 4054 1800 4124 Neque
1838 4055 1983 4109 enim

398 4168 524 4208 cum
561 4150 766 4206 audivit
799 4159 965 4213 terra,
1003 4146 1268 4202 Germinet
1308 4146 1525 4200 herbam
1555 4145 1664 4215 feni
1696 4155 1744 4199 et
1782 4144 1982 4214 lignum

397 4242 735 4317 fructiferum
764 4242 806 4307 ⁸,
838 4240 1020 4295 fenum
1064 4239 1206 4308 quod
1248 4237 1301 4291 in
1330 4253 1387 4292 se
1431 4238 1768 4292 reconditum
1817 4237 1984 4290 habe-

2390 3045 2531 3115 Περί
2570 3044 2815 3114 πτηνῶν
2843 3046 2941 3099 καί
2966 3046 3233 3115 ὲνύδρω
3260 3047 3393 3117 (51).

2160 3139 2211 3193 1.
2247 3139 2355 3195 Kal
2385 3136 2558 3194 εἷπεν
2604 3143 2636 3195 ό
2673 3139 2817 3205 Θεός
2841 3155 2855 3169 ⁸
2894 3138 3265 3208 Ἐξαγαγέτω
3294 3141 3332 3207 ἠ
3357 3138 3436 3207 γῆ
3468 3131 3689 3207 ψυχὴν

2089 3231 2286 3294 ζῶσαν
2334 3232 2488 3286 κατὰ
2547 3231 2744 3301 γένος,
2792 3231 3125 3300 τετράποδα
3177 3230 3275 3285 καί
3325 3231 3547 3300 ἑρπετὰ
3580 3232 3683 3284 καὶ

2087 3324 2265 3393 θηρία
2325 3322 2475 3378 κατὰ
2529 3321 2723 3393 γένος.
2753 3324 2861 3377 Kal
2899 3321 3137 3394 ἐγένετο
3170 3322 3379 3388 οὕτως.
3417 3318 3591 3375 Ἦλθε
3622 3324 3686 3376 τὺ

2087 3416 2421 3488 πρόσταγμα
2451 3414 2556 3486 όδῷ
2589 3415 2826 3486 βαδίζον,
2858 3415 2952 3467 καὶ
2996 3412 3238 3467 ἀπέλαϐε
3267 3413 3363 3465 καὶ
3402 3413 3437 3483 ή
3478 3411 3553 3482 γῆ
3588 3413 3687 3466 τὸν

2087 3505 2215 3560 ῐδιον
2244 3506 2467 3576 κόσμον.
2512 3505 2680 3569 Ἐκεῖ,
2720 3502 3085 3573 Ἐξαγαγέτω
3116 3502 3189 3556 τὰ
3232 3502 3421 3556 ὕδατα
3462 3502 3686 3570 ἑρπετὰ

2084 3595 2306 3667 ψυχῶν
2357 3593 2590 3657 ζωσῶν·
2629 3589 2731 3649 ὧδε
2764 3636 2778 3660 ,
2817 3595 3187 3667 Ἐξαγαγέτω
3244 3597 3282 3663 vi
3335 3595 3413 3666 τῆ
3463 3598 3688 3668 ψυχὴν

2085 3688 2301 3750 ζῶσαν.
2324 3689 2607 3761 Ἔμψυχος
2650 3690 2757 3761 ἄρα
2800 3690 2835 3761 ἡ
2879 3689 2986 3760 γῆ;
3030 3691 3128 3743 καὶ
3154 3687 3339 3760 χώραν
3371 3688 3590 3760 ἔχουσιν
3632 3692 3683 3743 οἱ

2088 3782 2485 3854 ματαιόφρονες
2518 3783 2833 3852 Μανιχαῖοι,
2886 3780 3065 3852 ψυχὴν
3116 3780 3418 3843 ἐντιθέντες
3449 3782 3519 3851 τῇ
3561 3784 3678 3852 γῇς

2084 3874 2200 3927 Οὐκ
2249 3872 2437 3944 ἐπειδὴ
2482 3868 2657 3938 εἶπεν,
2704 3873 3093 3943 Ἐξαγαγέτω,
3143 3872 3203 3925 τὺ
3250 3872 3684 3944 ἐναποκείμενον

2084 3965 2222 4037 αὐτῇ
2272 3966 2645 4037 προήνεγκενο
2698 3965 2813 4019 ἀλλ’
2858 3969 2885 4019 ὁ
2926 3965 3049 4028 δοὺς
3092 3964 3154 4017 τὸ
3199 3964 3532 4036 πρόσταγμα
3585 3967 3680 4019 καὶ

2082 4057 2183 4127 τὴν
2216 4055 2311 4109 τοῦ
2367 4057 2657 4126 ἐξαγαγεῖν
2711 4058 2847 4129 αὐτῇ
2901 4056 3128 4127 δύναμιν
3179 4056 3490 4128 ἐχαρίσατο.
3539 4056 3679 4111 Οὔτε

2083 4148 2191 4221 γὰρ
2221 4149 2310 4203 ὅτε
2338 4150 2570 4221 ἤκουσεν
2604 4151 2638 4221 ή
2683 4150 2777 4222 γῆ,
2808 4148 3227 4217 Βλαστησὰτω
3247 4149 3530 4218 βοτάνην
3566 4152 3677 4219 ('52)

2082 4242 2302 4309 χόρτου
2325 4241 2423 4294 καὶ
2464 4241 2656 4305 ξύλον
2684 4239 2983 4310 κάρπιμον
3004 4281 3019 4305 ,
3060 4240 3442 4312 κεκρυμμένον
3473 4239 3679 4310 ἔχουσα

396 4340 511 4401 bat,
537 4335 793 4404 protulit;
828 4347 1004 4402 neque
1040 4332 1295 4401 palmam.
1329 4339 1421 4386 aut
1449 4344 1731 4398 quercum,
1760 4338 1853 4383 aut
1877 4344 1975 4384 cu-

2101 4334 2169 4389 :bv
2198 4335 2391 4407 χόρτον
2421 4335 2712 4406 ἐξήνεγκεν
2731 4351 2747 4365 σ
2768 4334 2889 4387 οὐδὲ
2915 4333 3007 4387 τὸν
3049 4333 3287 4403 φοίνικα,
3315 4334 3348 4405 ἢ
3388 4333 3489 4406 τὴν
3518 4335 3675 4407 δρῦν,

395 4444 667 4501 pressum,
702 4427 758 4482 in
792 4427 902 4481 ima
931 4426 1186 4495 quapiam
1217 4424 1301 4480 sui
1328 4425 1464 4478 uteri
1497 4430 1653 4493 parte
1678 4421 1975 4487 occultata,

2076 4428 2110 4499 ἢ
2145 4427 2245 4500 τὴν
2280 4427 2623 4500 κυπάρισσον
2673 4427 2824 4481 κάτω
2864 4444 2965 4479 που
3013 4428 3072 4478 ἐν
3120 4428 3239 4490 ταῖς
3284 4424 3510 4494 λαγόσιν
3548 4427 3675 4479 ἐαυ-

400 4534 554 4579 extra
579 4518 923 4592 superﬁciem
947 4517 1133 4573 eduxit
1158 4534 1172 4571 :
1199 4521 1295 4571 sed
1324 4515 1538 4570 divinus
1564 4527 1763 4578 sermo,
1790 4527 1977 4567 eorum

2101 4518 2174 4590 ’ἧς
2211 4517 2681 4590 ἀποκεκρυμμένα
2744 4517 2915 4589 ἀνῆκε
2968 4518 3106 4587 πρὸς
3151 4516 3251 4588 τὴν
3307 4517 3674 4586 ἐπιφάνειαν

396 4633 517 4688 quae
537 4616 669 4670 ﬁunt
685 4623 877 4668 natura
899 4620 1001 4667 est.
1017 4608 1279 4665 Cerminet
1304 4618 1479 4673 terra;
1504 4623 1608 4663 non
1629 4606 1773 4677 quod
1798 4606 1978 4671 habet,

2101 4609 2189 4661 ιλλ’
2230 4612 2260 4663 ὁ
2307 4609 2449 4673 θεῖος
2495 4609 2652 4677 λόγος
2680 4607 2842 4679 φύσις
2887 4608 3004 4661 ἐστὶ
3048 4608 3157 4662 τῶν
3211 4610 3518 4679 γινομένων
3536 4611 3671 4681 (55).

394 4712 559 4766 edat:
593 4708 687 4763 sed
710 4705 855 4775 quod
894 4719 1000 4760 non
1033 4703 1215 4767 habet,
1247 4701 1516 4770 acquirat,
1541 4698 1980 4769 quandoquidem

397 4801 539 4854 Deus
572 4795 765 4868 agendi
790 4804 845 4849 et
871 4792 1198 4865 producendi
1222 4791 1329 4844 vim
1350 4790 1401 4845 ei
1429 4788 1677 4859 largitur.
1707 4786 1798 4841 Sic
1817 4787 1980 4840 etiam

394 4908 557 4956 nunc,
584 4889 852 4944 Producat
875 4896 1018 4940 terra
1042 4886 1299 4949 animam,
1324 4898 1429 4937 non
1452 4896 1571 4936 eam
1586 4894 1707 4948 quae
1731 4878 1908 4933 inerat
1927 4877 1983 4931 in

394 4984 510 5054 ipsa
534 5001 549 5037 :
573 4982 670 5038 sed
696 4992 975 5047 eam,quze
996 4976 1044 5032 ei
1066 4991 1164 5045 per
1184 4982 1510 5046 praeceptum
1535 4987 1563 5025 a
1593 4972 1702 5025 Deo
1731 4970 1853 5024 data
1880 4980 1982 5025 est.

2077 4699 2487 4767 Βλαστησὰτω
2511 4702 2549 4769 ἠ
2573 4699 2649 4769 τῆ
2669 4717 2685 4731 ο
2719 4701 2817 4770 οὐχ
2839 4700 2975 4771 ὅπερ
3003 4699 3114 4771 ἔχει
3143 4699 3523 4771 προϐαλλέτω,
3552 4703 3668 4756 ἀλλ’

2077 4788 2106 4841 ὃ
2144 4790 2219 4860 μὴ
2254 4788 2368 4859 ἔχει
2401 4789 2713 4862 κτησάσθω,
2737 4788 2873 4843 Θεοῦ
2894 4790 3236 4861 δωρουμένου
3268 4790 3370 4859 τῆς
3388 4791 3671 4864 ἐνεργείας

2079 4879 2180 4950 τὴν
2248 4880 2501 4951 δύναμιν.
2563 4881 2719 4935 Οὕτω
2779 4881 2873 4933 καὶ
2910 4880 3050 4944 ανῦν,
3095 4880 3460 4951 Ἐξαγτῑτέτω
3512 4887 3554 4953 ἡ
3594 4884 3670 4955 τῆ

2080 4971 2297 5041 ψυχὴν
2333 4973 2468 5042 (51),
2493 4974 2555 5026 οὐ
2580 4973 2677 5053 τήν
2707 4974 3162 5045 ἐναποκειμένην,
3198 4974 3336 5028 ἀλλὰ
3377 4975 3478 5046 τὴν
3535 4976 3670 5031 δεδο-

469 5075 535 5109 ⁹⁷’
572 5073 730 5129 Cant.
763 5086 818 5137 v,
861 5070 921 5124 ‘2.
996 5069 1043 5102 ⁸⁸
1080 5068 1218 5125 Gen.
1253 5083 1293 5121 l.
1324 5066 1415 5120 24.
1491 5066 1536 5098 ⁹⁹
1577 5064 1709 5119 ibid.
1746 5062 1837 5131 20,
1878 5063 1972 5117 21.

2109 5065 2247 5120 ibid.
2282 5066 2370 5122 11.

465 5165 575 5233 (2'7)
602 5166 735 5233 Reg.
768 5172 951 5218 sextus
982 5162 1074 5215 τὸν
1097 5161 1255 5233 λόγον
1282 5160 1614 5233 κατήγαγεν.

465 5166 554 5226 (27
602 5166 735 5233 Reg.
768 5172 951 5218 sextus
982 5166 1074 5215 τὸν
1097 5166 1255 5231 λόγον
1282 5166 1614 5227 κατήγαγεν.

465 5166 575 5307 (28)
622 5234 1072 5307 ϐοηλβοομηιιιιε
1126 5230 1260 5307 μηδὲ
1295 5228 1489 5301 μικρὸν
1522 5229 1788 5300 πεπηγός.
1835 5227 1970 5298 Reg.

392 5303 663 5364 secundus
689 5303 853 5376 μηδὲν
887 5303 1230 5376 ἐμπεπηγός.

484 5377 576 5445 29)
612 5369 762 5445 ηυξ]
777 5369 963 5429 sextus
990 5369 1326 5444 λειπομένων
1346 5369 1733 5445 τῂν-δήλωσιν.

462 5378 576 5518 (ἳ9)
612 5378 745 5445 Reg.
777 5383 963 5429 sextus
990 5378 1326 5444 λειπομένων
1353 5378 1452 5494 τὶν
1480 5378 1733 5423 δῠλωσιν.
1928 5444 1931 5447 Α

390 5514 443 5570 in
468 5446 691 5570 83325.1(:
723 5446 875 5500 multi
904 5459 1037 5499 mss.
1067 5457 1219 5513 aeque
1254 5457 1317 5496 ac
1344 5440 1384 5495 L
1438 5439 1505 5494 X.
1533 5412 1694 5496 beest
1713 5435 1972 5494 articulus

390 5533 443 5571 111
468 5528 646 5570 εαιιιδ.

463 5587 574 5655 (51)
635 5584 1036 5655 Colbaprimus
1092 5580 1509 5655 huneprtefert
1553 5578 1788 5642 titulum,
1843 5577 1970 5655 περ).

391 5647 635 5722 ἑρπετῶν
668 5656 763 5707 κα).
794 5647 997 5723 θηρίων
1025 5647 1587 5723 ὁμιλίανὸγδόηεῐὶεᾳ.
1628 5647 1969 5723 οοΑιιινιιδᾼτοῦ

391 5720 555 5844 ξιῖρτοῦ
602 5726 697 5795 εἰς,
722 5723 820 5794 τήν
844 5720 1271 5793 Γένεσινὸμιλία
1296 5727 1363 5792 η’.
1406 5720 1572 5777 Coisl.
1625 5720 1829 5791 primus
1846 5721 1971 5788 ὁμι-

416 5809 485 5844 .ια
499 5798 574 5844 η’-

416 5798 485 5845 tta.
499 5798 574 5855 η’,

2148 5158 2291 5233 (32)Δ
2327 5159 2559 5233 Codices
2618 5161 2822 5233 aliquot
2894 5162 3260 5233 Βλαστησάτω
3317 5163 3351 5233 ή
3408 5162 3484 5232 γῆ
3546 5163 3659 5233 βοτ.

2076 5228 2394 5369 ξηιὲεῐζυο.
2430 5230 2555 5284 οὔτε
2590 5228 2827 5304 γὰρ”ὃτε
2861 5228 3492 5303 ἤκουσε,’Βλαστησάτω
3512 5228 3559 5305 ﬂ
3592 5236 3663 5303 γῆ

2109 5317 2169 5352 οτ
2208 5316 2273 5369 νη
2313 5340 2326 5353 .

2109 5315 2326 5353 οτανην.

2148 5316 2468 5443 (ἕέῗνέόίιίρ
2495 5369 2665 5443 Basil.
2696 5386 2820 5443 cum
2857 5374 3061 5443 aliquot
3081 5387 3212 5429 mss.
3238 5372 3400 5442 φύσις
3416 5372 3537 5426 ἐστὶ
3556 5372 3663 5427 τῶν

2075 5440 2601 5514 γινομένωνλΕιΙίιίο
2635 5440 2809 5514 Paris.
2853 5440 3178 5514 γενομένων.
3215 5440 3415 5497 Ibidem
3444 5444 3660 5514 codices

2075 5525 2181 5583 non
2205 5509 2364 5583 pauci
2391 5509 2759 5583 Βλαστησόιτω
2781 5512 2815 5582 ή
2838 5513 2935 5583 γῆ,
2969 5509 3089 5583 οὐχ.
3122 5514 3193 5568 At
3214 5514 3344 5568 editi
3375 5528 3498 5567 cum
3522 5511 3657 5582 Reg.

2076 5580 2265 5651 quinto
2293 5578 2669 5651 βλαστησάτω,
2694 5578 2812 5651 οὐχ.

2149 5649 2261 5724 (sl)
2294 5650 2457 5724 οοιιιἑ
2473 5649 2679 5718 primus
2702 5649 2808 5724 cui
2830 5651 3010 5724 ψυχὴν
3039 5652 3240 5724 ζῶσαν.
3277 5652 3481 5724 ibidem
3511 5653 3657 5724 idem

2073 5722 2259 5844 ξολιεέ
2284 5734 2404 5774 cum
2425 5720 2558 5792 Reg.
2585 5731 2741 5779 sexto
2759 5720 2820 5775 οὐ
2847 5720 2946 5794 τήν
2966 5720 3364 5795 ’ἀποκειμένην,
3394 5721 3535 5779 ἀλλὰ
3561 5723 3659 5793 τὴν

2112 5807 2230 5844 soon.
2264 5806 2381 5844 νην.

2112 5806 2381 5856 ιοομενην.
