3850 6218
373 307 477 365 ιϐἴ

1689 297 1745 353 S.
1791 296 2038 354 BASILII
2079 293 2297 351 MAGNI

3545 284 3652 338 £68

369 425 571 481 discas.
608 419 889 487 Quomodo
925 416 1158 473 hominis
1188 414 1367 469 anima
1398 413 1627 469 formata
1667 415 1760 480 sit,
1794 415 1947 484 paulo

2061 433 2147 487 σῃ,
2183 413 2302 476 πῶς
2350 425 2383 481 η
2442 410 2588 479 ψυχὴ
2640 406 2734 459 τοῦ
2775 403 3061 477 ἀνθρώπου
3128 400 3388 470 συνέστη·
3445 399 3545 453 νῦν
3593 401 3651 453 δὲ

369 525 494 585 post
528 514 717 568 scies:
767 526 909 564 nunc
955 523 1087 562 vero
1133 508 1203 562 de
1249 507 1530 559 brutorum
1574 506 1754 559 anima
1802 505 1950 558 audi.

366 604 501 661 Cum
525 602 678 673 juxta
718 602 770 656 id
801 600 942 669 quod
978 600 1244 668 scriptum
1282 608 1365 653 cst
1397 597 1441 661 ³,
1476 596 1727 651 animalis
1760 596 1950 665 cujus-

370 708 476 762 que
515 692 696 745 anima
732 689 956 759 sanguis
992 688 1162 757 ipsius
1211 686 1303 751 sit,
1332 687 1552 757 sanguis
1594 696 1775 741 autem
1820 700 1952 740 con-

370 792 551 834 cretus
579 780 749 835 soleat
768 780 821 833 in
852 794 1073 833 carnem
1112 778 1491 841 transmutari,
1515 792 1644 832 caro
1668 792 1797 833 vero
1828 794 1951 835 cor-

369 884 524 942 rupta
564 873 615 927 in
679 883 876 927 terram
920 872 1225 927 resolvatur
1268 889 1283 925 :
1323 871 1449 940 jure
1505 885 1569 926 ac
1617 871 1812 927 merito
1863 884 1949 929 est

367 968 496 1036 quid
536 977 805 1020 terrenum
857 966 1037 1020 anima
1091 965 1395 1019 brutorum.
1456 960 1726 1017 Producat
1784 963 1949 1033 igitur

365 1066 507 1112 terra
536 1059 769 1111 animam
794 1058 1069 1112 viventem.
1097 1055 1303 1109 Animae
1332 1055 1453 1109 vide
1480 1053 1793 1110 afﬁnitatem
1824 1072 1947 1111 cum

365 1149 649 1219 sanguine,
674 1148 957 1217 sanguinis
983 1162 1104 1202 cum
1130 1160 1318 1212 carne,
1344 1147 1528 1201 carnis
1554 1162 1676 1201 cum
1704 1148 1899 1203 tellure
1928 1166 1941 1201 :

364 1252 420 1296 et
464 1256 651 1297 rursus
699 1242 891 1296 ordine
933 1242 1152 1295 inverso
1202 1255 1297 1309 per
1347 1240 1536 1293 eadem
1592 1240 1878 1308 regredere
1916 1254 1946 1293 a

369 1345 510 1390 terra
531 1336 597 1389 ad
627 1350 866 1402 carnem,
908 1350 936 1387 a
969 1349 1132 1388 carne
1158 1333 1222 1387 ad
1250 1332 1594 1401 sanguinem,
1622 1347 1650 1385 a
1681 1332 1946 1399 sanguine

364 1429 431 1483 ad
459 1428 731 1495 animam;
762 1437 816 1482 et
846 1440 1100 1496 pecorum
1133 1426 1371 1479 animam
1403 1432 1608 1479 terram
1649 1437 1769 1477 esse
1796 1438 1944 1476 com—

363 1521 564 1589 peries.
592 1520 737 1574 Cave
768 1520 1049 1573 existimes
1088 1518 1326 1572 animam
1363 1532 1484 1573 esse
1515 1516 1762 1584 corporis
1794 1515 1943 1584 ipso-

366 1624 486 1661 rum
546 1608 931 1663 constitutione
990 1606 1383 1671 vetustiorem,
1443 1614 1539 1659 aut
1595 1606 1766 1675 ipsam
1826 1614 1945 1672 post

366 1701 550 1754 carnis
587 1700 996 1755 dissolutionem
1031 1713 1378 1769 permanere.
1406 1698 1794 1767 Arrogantium
1824 1696 1969 1767 phi--

2054 507 2217 560 ἄκουε
2250 503 2493 573 περὶτῆς
2527 501 2637 553 τῶν
2668 499 2878 565 ἀλόγων
2922 495 3123 567 ψυχῆς.
3167 493 3384 563 Ἐπειδὴ
3412 493 3558 545 κατά
3590 493 3652 545 τὸ

2053 596 2435 669 γεγραμμένον
2491 592 2689 655 παντὸς
2738 590 2877 655 ζώου
2909 591 2942 659 ὴ
2982 587 3129 658 ψυχὴ
3164 586 3223 638 τὸ
3275 580 3415 654 αἷμα
3470 584 3640 637 αὑτοῦ

2055 690 2203 741 ἐστιν
2236 686 2346 758 (59)
2372 702 2386 716 ·
2420 678 2561 755 αἷμα
2593 684 2651 736 δὲ
2685 683 2857 750 παγὲν
2888 682 2966 742 εἰς
3000 678 3179 749 σάρκα
3210 677 3423 745 πέφυκε
3477 693 3647 745 μετα-

2052 779 2301 833 ϐάλλεινο
2345 779 2378 849 ή
2404 777 2459 830 δὲ
2490 774 2625 845 σὰρξ
2646 774 2754 844 (40)
2788 772 3059 843 φθαρεῖσα
3078 772 3156 833 είς
3192 769 3294 838 γῆν
3326 766 3643 820 ἀναλύεται·

2051 870 2230 941 γεηρά
2262 868 2343 932 τίς
2375 869 2523 920 ἐστιν
2551 866 2777 927 εἰκότως
2807 866 2841 933 ἡ
2881 862 3029 933 ψυχὴ
3076 861 3184 914 τῶν
3232 858 3467 929 κτηνῶν.
3517 858 3648 920 Ἐξ-

2049 958 2313 1030 αγαγέτω
2332 954 2423 1011 οὖν
2454 959 2490 1025 ἡ
2514 956 2589 1026 γῆ
2630 954 2842 1025 ψυχὴν
2869 951 3083 1014 ζῶσαν.
3123 952 3263 1021 Ὅρα
3292 950 3388 1020 τὴν
3420 948 3648 1001 ἀκολου-

2050 1055 2171 1109 θίαν
2201 1054 2377 1125 ψυχῆς
2407 1054 2543 1124 πρὸς
2574 1047 2736 1122 αἷμα,
2766 1050 2997 1120 αἵματος
3026 1047 3162 1118 πρὸς
3191 1047 3367 1116 σάρκα
3386 1085 3399 1109 ,
3442 1042 3647 1113 σαρκὸς

2048 1150 2185 1220 πρὸς
2232 1148 2331 1218 τὴν
2361 1148 2463 1217 γῆν
2484 1163 2497 1175 ο
2556 1145 2651 1198 καὶ
2685 1142 2849 1197 πάλιν
2877 1140 3148 1202 ἀναλύσας
3178 1140 3267 1192 διὰ
3297 1138 3405 1190 τῶν
3460 1136 3645 1189 αὑτῶν

2047 1239 2370 1294 άναπὸδισον
2405 1237 2513 1290 ἀπὸ
2530 1237 2634 1306 γῆς
2668 1238 2747 1298 εἰς
2781 1235 2980 1305 σάρκα,
3004 1233 3111 1286 ἀπὸ
3142 1229 3344 1300 σαρκὸς
3364 1232 3443 1294 εἰς
3478 1223 3644 1297 αἷμα,

2046 1332 2154 1386 ἀπὸ
2188 1333 2417 1401 αἵματος
2450 1332 2528 1393 εἰς
2575 1329 2780 1399 ψυχήνδ
2827 1327 2920 1380 καὶ
2963 1326 3237 1397 εὑρήσεις,
3288 1323 3369 1375 ὅτι
3416 1322 3489 1390 γῆ
3525 1323 3646 1371 ἐστι

2043 1428 2153 1481 τῶν
2180 1424 2396 1495 κτηνῶν
2429 1426 2462 1494 ἡ
2496 1422 2663 1492 ψυχή.
2694 1420 2785 1491 Μὴ
2847 1417 3034 1487 νόμιζε
3086 1413 3467 1486 πρεσϐυτέραν
3499 1408 3647 1463 εἶναι

2042 1520 2142 1590 τῆς
2186 1517 2280 1571 τοῦ
2321 1516 2571 1587 σώματος
2621 1514 2802 1567 αὑτῶν
2834 1511 3180 1572 ὑποστάσεως
3204 1550 3218 1573 ,
3253 1507 3384 1578 μηδὲ
3417 1505 3636 1559 ἐπιδια-

2047 1613 2313 1684 μένουσαν
2358 1609 2498 1680 μετά
2531 1608 2629 1679 τὴν
2657 1606 2757 1676 τῆς
2793 1604 2992 1676 σαρκὸς
3018 1603 3256 1657 διάλυσιν
3289 1601 3419 1671 (lii).
3447 1600 3627 1667 Φεῦγε

2046 1705 2355 1776 φληνάφους
2404 1702 2510 1753 τῶν
2561 1697 2810 1769 σοϐαρῶν
2873 1696 3198 1767 φιλοσόφων,
3232 1694 3281 1746 οἶ
3315 1694 3413 1745 οὑκ
3440 1692 3644 1761 αἰσχύ-

369 1792 719 1859 losopborum
745 1792 869 1861 fuge
899 1792 1279 1857 deliramenta,
1310 1805 1448 1858 quos
1476 1805 1582 1845 non
1628 1790 1791 1857 pudet
1818 1804 1946 1841 suas

2055 1814 2226 1850 νονται
2255 1794 2354 1859 τὰς
2397 1792 2606 1847 ἑαυτῶν
2632 1791 2811 1861 ψυχὰς
2862 1790 2956 1843 xa‘t
2983 1790 3083 1853 τὰς
3117 1788 3335 1850 κυνείας
3372 1786 3645 1855 ὁμοειδεῖς

368 1884 611 1951 ip.~0rum
658 1884 871 1938 animas
915 1892 969 1939 et
1016 1898 1214 1937 canum
1269 1882 1509 1951 ejusdem
1550 1880 1691 1934 inter
1735 1894 1793 1935 se
1823 1893 1945 1948 spe-

366 1976 467 2032 ciei
494 1992 615 2031 esse
646 1987 905 2043 statuere,
933 1994 1052 2032 cum
1088 1994 1146 2033 se
1180 1979 1329 2047 ipsos
1356 1977 1649 2045 aliquando
1672 1985 1727 2030 et
1752 1976 1947 2029 mulie-

368 2081 454 2122 res
498 2078 555 2124 et
592 2068 818 2123 frutices
849 2079 904 2123 et
951 2071 1130 2140 pisces
1155 2083 1437 2138 aequoreos
1483 2068 1647 2137 fuisse
1692 2068 1940 2121 doceant.

373 2162 487 2231 Ego
526 2162 801 2231 equidem,
835 2179 901 2215 an
932 2178 1165 2231 unquam
1207 2161 1409 2215 fuerint
1449 2161 1647 2229 pisces,
1679 2172 1810 2213 sane
1840 2172 1946 2212 non

370 2256 596 2309 dixerim
622 2274 635 2309 :
667 2256 761 2310 sed
788 2269 903 2317 eos,
933 2255 1060 2308 dum
1087 2256 1201 2309 haec
1229 2254 1554 2318 scriberent,
1583 2254 1809 2306 rationis
1838 2267 1947 2305 ma-

368 2348 454 2417 gis
492 2346 659 2402 fuisse
695 2357 945 2416 expertes
977 2362 1138 2415 quam
1166 2345 1344 2414 pisces
1375 2345 1461 2399 vel
1506 2344 1946 2399 constantiSsime

370 2438 706 2494 aﬂirtuarim.
757 2435 1025 2489 Producat
1077 2446 1218 2489 terra
1257 2436 1490 2487 animant
1532 2435 1801 2487 viventem.
1848 2431 1946 2485 Mi-

369 2539 561 2586 rantur
586 2528 834 2583 fortassis
860 2528 1012 2582 multi
1039 2544 1135 2582 cur
1161 2541 1412 2581 sermone
1437 2525 1639 2580 affatim
1669 2534 1942 2589 currente,

370 2631 614 2692 tempore
651 2636 754 2676 non
785 2620 999 2675 modico
1029 2620 1383 2674 conticuerim
1415 2633 1429 2671 :
1462 2617 1560 2672 sed
1592 2618 1946 2672 studiosiores

370 2716 646 2769 auditores
691 2713 891 2767 silentii
936 2728 1156 2767 causam
1208 2694 1432 2765 minime
1478 2712 1746 2779 ignorant.
1798 2711 1943 2775 Quo-

372 2806 531 2860 modo
571 2805 761 2858 enim?
812 2804 902 2873 qui
951 2804 1161 2859 scilicet
1206 2820 1301 2872 per
1348 2813 1566 2859 mutuos
1606 2802 1836 2856 intuitus
1881 2816 1944 2856 ac

372 2914 533 2957 nutus
567 2916 654 2955 me
683 2901 751 2955 ad
790 2915 849 2955 se
876 2900 1022 2970 ipsos
1066 2897 1456 2964 converterint,
1496 2905 1551 2951 et
1578 2911 1639 2951 ea
1672 2910 1794 2964 quas
1830 2894 1946 2950 fue-

372 3006 493 3049 rant
544 2995 931 3064 przctermissa,
983 2994 1036 3045 in
1086 3001 1319 3046 mentem
1375 2990 1767 3045 revocaverint.
1809 2984 1946 3039 Nam

373 3087 581 3155 integra
625 3094 893 3139 creatura:
928 3084 1167 3152 Species,
1210 3095 1382 3150 eaque
1413 3094 1517 3135 non
1547 3079 1773 3131 minima
1796 3121 1809 3143 ,
1850 3092 1946 3131 nos

373 3177 655 3245 praeteriit,
695 3186 858 3245 atque
889 3175 1000 3230 fere
1044 3175 1220 3228 oratio
1272 3183 1460 3229 nostra
1501 3174 1671 3241 ipsam
1723 3170 1946 3224 omnino

372 3270 766 3339 iuexploratam
799 3268 1038 3337 reliquit.
1078 3265 1385 3320 Producant
1418 3266 1564 3320 enim
1596 3279 1746 3332 aqua:
1783 3262 1947 3329 repti-

372 3362 443 3415 lia
462 3362 758 3414 animarum
779 3359 1049 3411 viventium
1065 3360 1223 3428 juxta
1239 3373 1420 3425 genus,
1439 3364 1486 3409 et
1506 3355 1740 3407 volatilia
1763 3353 1948 3407 volan-

372 3455 447 3508 tia
466 3469 620 3522 super
637 3462 825 3505 terram
840 3451 1123 3503 secundum
1146 3449 1528 3517 ﬁrmamentum
1548 3446 1681 3498 caeli.
1704 3446 1774 3498 De
1793 3452 1950 3497 nata-

375 3546 578 3608 tilibus,
600 3550 857 3611 quantum
896 3555 991 3609 per
1018 3548 1225 3608 tempus
1250 3538 1617 3607 vespertinum
1647 3537 1751 3606 72
1778 3536 1945 3597 licuit,

373 3635 768 3691 disseruimus:
803 3631 961 3685 hodie
1003 3629 1070 3683 ad
1107 3630 1447 3682 terrestrium
1488 3642 1716 3681 examen
1774 3636 1951 3681 trans-

378 3727 597 3782 ivimus.
661 3722 889 3777 Volatile
935 3722 987 3775 in
1038 3721 1210 3773 media
1241 3720 1545 3773 narratione
1592 3734 1692 3773 nos
1738 3718 1946 3788 effugit.

374 3818 607 3874 Necesse
647 3825 731 3871 est
766 3817 957 3882 itaque
991 3814 1161 3869 instar
1201 3812 1591 3866 obliviosorum
1638 3812 1907 3863 viatorum
1933 3849 1947 3875 ,

372 3915 464 3983 qui
495 3926 617 3966 cum
652 3924 764 3963 rem
798 3905 1028 3973 alicujus
1061 3903 1317 3958 momenti
1361 3902 1699 3981 reliquerint,
1732 3902 1947 3955 etiamsi

374 4006 602 4060 multum
641 4000 976 4056 confecerint
1016 3997 1247 4063 itineris,
1289 3997 1488 4051 lterum
1531 3998 1723 4051 eodem
1764 4010 1950 4049 rever-

379 4107 586 4161 tuntur,
616 4095 832 4165 dignam
865 4090 1071 4147 desidia
1099 4105 1195 4144 sua
1232 4104 1448 4159 poenam
1470 4129 1485 4155 ,
1521 4089 1760 4144 laborem
1789 4090 1947 4144 itine-

376 4194 455 4245 ris
477 4200 639 4259 atque
662 4186 962 4242 molestiam
992 4182 1327 4254 perferentes
1351 4200 1365 4237 :
1394 4183 1473 4237 sic
1498 4184 1685 4253 utique
1712 4192 1764 4238 ct
1794 4183 1950 4237 nobis

376 4279 517 4334 idem
548 4279 655 4332 iter
689 4277 1034 4347 rclegendum
1065 4282 1167 4328 est.
1198 4272 1382 4343 Neque
1424 4274 1567 4328 enim
1607 4275 1947 4345 aspernabile

375 4368 617 4439 estquod
646 4366 890 4422 relictum
913 4377 996 4421 est
1021 4384 1035 4421 :
1065 4367 1159 4421 sed
1185 4366 1343 4421 tertia
1362 4380 1427 4419 ex
1454 4366 1778 4421 animalibus
1806 4381 1953 4420 crea-

2046 1890 2304 1960 ἀλλὴλαις
2332 1886 2607 1957 τιθέμενοι
2635 1901 2650 1916 ο
2695 1886 2743 1936 οἱ
2776 1882 3025 1951 λέγοντες
3052 1882 3282 1951 ,ἑαυτοὺς
3312 1876 3645 1949 γεγενῆσθαί

2049 1999 2179 2035 ποτε
2207 1982 2301 2035 καὶ
2351 1982 2617 2049 γυναῖκας
2652 1977 2748 2030 καὶ
2797 1975 3034 2045 Θάμνους
3068 1974 3160 2026 καὶ
3216 1971 3403 2043 ἰχθύας
3434 1971 3643 2024 θαλασ-

2049 2074 2219 2136 σίους.
2265 2070 2406 2141 Ἐγὼ
2436 2070 2491 2123 δὲ
2521 2071 2569 2122 εἰ
2630 2068 2727 2139 μὲν
2764 2066 3009 2135 ἐγένοντό
3045 2059 3176 2117 ποτε
3212 2062 3363 2134 ἰχθῦς
3422 2063 3523 2113 οὐκ
3572 2062 3641 2113 ἂν

2046 2169 2287 2237 εἴποιμ’
2343 2166 2425 2217 ὅτι
2478 2163 2534 2215 δὲ
2589 2163 2646 2214 ὲν
2787 2159 2959 2211 ταῦτα
3011 2158 3246 2228 ἔγραφον
3286 2155 3394 2207 τῶν
3438 2152 3641 2223 ἰχθύων

2046 2256 2187 2331 ἦσαν
2237 2258 2589 2327 ἀλογώτεροι,
2627 2254 2721 2307 καὶ
2774 2253 2919 2306 πάνυ
2959 2251 3192 2312 εὐτόνως
3237 2247 3638 2315 διατειναίμην.

2060 2350 2431 2421 Ἐξαγαγέτω
2467 2349 2505 2416 ή
2536 2345 2610 2416 γῆ
2636 2346 2849 2414 ψυχὴν
2873 2343 3088 2406 ζῶσαν.
3122 2343 3279 2405 Τίνος
3305 2341 3513 2402 ἕνεκεν,
3540 2338 3639 2392 τοῦ

2046 2445 2205 2514 λόγου
2247 2444 2533 2515 τρέχοντος
2598 2440 2832 2510 ἀθρόως,
2886 2436 3252 2505 ἀπεσιώπησα
3305 2434 3496 2505 χρόνον
3534 2434 3639 2485 οὐκ

2046 2537 2247 2606 ὀλίγον,
2276 2536 2403 2600 ἴσως
2433 2534 2804 2605 θαυμάζουσιν
2840 2532 2890 2584 οἱ
2938 2528 3162 2582 πολλοί·
3196 2526 3309 2580 ἀλλ’
3345 2526 3467 2593 οὐχὶ
3520 2524 3635 2590 οἶγε

2049 2627 2467 2701 φιλοπονώτεροι
2496 2628 2604 2679 τῶν
2630 2624 2915 2698 ἀκροατῶν
2930 2620 3180 2692 ἀγνοοῦσι
3208 2620 3305 2691 τὴν
3329 2619 3510 2673 αἰτίαν
3536 2616 3639 2687 τῆς

2049 2721 2312 2791 ἀφασίας.
2340 2720 2466 2781 Πῶς
2519 2719 2660 2788 γάρ;
2689 2719 2737 2770 oi
2770 2716 2857 2769 διὰ
2889 2714 2983 2768 τοῦ
3038 2713 3174 2784 πρὸς
3208 2710 3468 2781 ἀλλήλους
3503 2710 3638 2779 ὁρᾷν

2048 2816 2142 2868 καὶ
2168 2813 2399 2867 ὲννεὺειν
2432 2810 2857 2881 ἐπιστρέψαντες
2899 2825 2964 2878 με
3001 2808 3138 2877 πρὸς
3160 2804 3403 2869 ἑαυτοὺς,
3432 2803 3528 2855 καὶ
3556 2806 3639 2864 είς

2048 2906 2255 2959 ἔννοιαν
2285 2903 2584 2973 ἀγαγόντες
2624 2901 2732 2955 τῶν
2767 2899 3133 2971 παρεθέντων.
3189 2891 3342 2958 Εἶδος
3376 2893 3487 2964 γάρ
3515 2894 3640 2946 ὅλον

2048 3000 2145 3069 τῆς
2185 2998 2449 3062 κτίσεως,
2478 2996 2573 3049 καὶ
2619 2996 2718 3047 οὑκ
2777 2993 3053 3063 ἐλάχιστον
3105 2990 3281 3052 τοῦτο,
3330 2987 3640 3056 παρέλαθεν

2048 3091 2217 3160 ἡμᾶς,
2272 3090 2366 3144 καὶ
2414 3087 2612 3159 μικροῦ
2660 3084 2835 3139 ἀπιὼν
2889 3084 3082 3154 ᾤχετο,
3119 3081 3469 3146 ἀνεξέταστον
3498 3095 3638 3130 παν-

2048 3182 2217 3245 τελῶς
2248 3181 2447 3249 ὁλόγος
2478 3177 2812 3233 καταλιπών.
2846 3176 3214 3246 Ἐξαγαγέτω
3247 3173 3354 3244 γὰρ
3396 3172 3467 3225 τὰ
3498 3170 3641 3224 ὕδα-

2049 3292 2122 3328 τα
2156 3274 2374 3343 ἑρπετὰ
2404 3271 2620 3341 ψυχῶν
2644 3269 2846 3331 ζωσῶν
2868 3270 3017 3323 κατὰ
3049 3267 3243 3339 γένος,
3274 3266 3371 3318 καὶ
3394 3264 3641 3317 πετεινά

2050 3366 2346 3433 πετόμενα
2397 3362 2494 3413 ἐπὶ
2538 3360 2648 3429 τῆς
2708 3357 2821 3427 γῆς
2871 3356 3021 3410 κατὰ
3078 3357 3143 3407 τὸ
3190 3350 3497 3419 στερέωμα
3530 3349 3640 3403 τοῦ

2050 3454 2330 3524 οὐρανοῦ.
2364 3454 2611 3523 Εἴπαμεν
2628 3453 2695 3505 τὰ
2730 3468 2795 3503 πε
2806 3452 2857 3522 ρὶ
2879 3449 2987 3501 τῶν
3016 3447 3247 3519 νηκτῶν,
3270 3446 3366 3497 ὅσα
3388 3446 3415 3495 ὁ
3444 3442 3641 3511 καιρὸς

2050 3549 2279 3603 ἐνεδίδου
2305 3548 2542 3616 ἑσπέρας
2568 3563 2579 3575 ⁸
2620 3546 2860 3615 σήμερον
2909 3541 3216 3612 μετέϐημεν
3249 3540 3342 3591 ἐπὶ
3365 3537 3463 3606 τὴν
3525 3536 3639 3587 τῶν

2051 3643 2319 3713 χερσαίων
2355 3641 2621 3706 ἐξέτασιν.
2658 3639 2921 3706 Διέιρυγεν
2954 3635 3101 3705 ἡμᾶς
3126 3634 3187 3686 τὸ
3218 3632 3420 3702 πτηνὸν
3462 3632 3521 3683 ὲν
3557 3630 3641 3699 τῷ

2054 3734 2221 3803 μέσῳ.
2291 3733 2526 3801 Ἀνάγκη
2590 3728 2808 3793 τοίνυν,
2878 3726 3019 3779 κατὰ
3084 3728 3209 3787 τοὺς
3262 3724 3641 3793 ἐπιλήσμονας

2049 3822 2157 3875 τῶν
2212 3823 2525 3893 ὁδοιπόρων,
2549 3822 2631 3883 οἳ,
2690 3818 2908 3871 ἐπειδάν
2959 3836 3009 3871 τι
3053 3816 3161 3870 τῶν
3212 3816 3441 3885 καιρίων
3475 3830 3643 3866 κατα-

2049 3914 2247 3967 λίπωσι
2315 3913 2448 3983 (42),
2504 3913 2607 3966 κᾶν
2668 3911 2896 3964 ἐπιπολὺ
2940 3911 3038 3981 τῆς
3099 3908 3219 3962 ὁδοῦ
3280 3906 3640 3978 προέλθωσι,

2051 4008 2214 4060 πάλιν
2263 4007 2361 4077 τὴν
2415 4006 2585 4076 αὐτὴν
2624 4005 3053 4075 ὑποστρέφουσιν
3089 4044 3103 4068 ,
3156 4003 3313 4066 ἀξίαν
3383 4002 3485 4070 τῆς
3534 4002 3639 4071 ρᾳ-

2052 4098 2246 4169 θυμίας
2292 4098 2446 4168 δίκην
2494 4099 2587 4151 τὸν
2652 4100 2715 4150 ὲκ
2781 4098 2880 4168 τῆς
2934 4096 3241 4166 ὁδοιπορίας
3305 4094 3477 4148 κόπον
3538 4092 3643 4145 ὑπ-

2051 4193 2297 4263 έχοντες,
2358 4192 2500 4244 οὑτω
2565 4191 2659 4245 καί¹
2718 4194 2885 4262 ἡμῖν,
2943 4192 3019 4254 ὡς
3077 4192 3219 4243 ἔοικε
3248 4228 3263 4251 ,
3317 4188 3417 4259 τὴν
3466 4186 3642 4257 αὐτὴν

2052 4283 2213 4336 πάλιν
2277 4282 2571 4352 βαδιστέον.
2634 4284 2743 4335 Καὶ
2795 4283 2905 4353 γὰρ
2973 4283 3095 4335 οὐδὲ
3154 4280 3643 4351 εὐκαταφρόνητόν

2053 4377 2167 4428 ἐστι
2226 4376 2286 4428 τὸ
2338 4376 2593 4448 παρεθὲν,
2646 4376 2781 4428 ἀλλὰ
2810 4377 2872 4428 τὸ
2920 4376 3101 4447 τρίτον
3131 4375 3305 4427 ἔοικεν
3332 4372 3469 4426 εἶναι
3530 4373 3637 4443 τῆς

380 4460 450 4515 tis
470 4475 597 4530 pars
620 4475 739 4515 esse
765 4460 999 4514 videtur.
1031 4458 1159 4514 Tria
1188 4460 1453 4529 siquidem
1477 4469 1605 4512 sunt
1629 4459 1943 4513 animalium

2055 4465 2109 4516 ὲν
2137 4466 2249 4527 τοῖς
2281 4462 2439 4527 ζώοις
2476 4465 2725 4531 κτίσεως,
2760 4465 2918 4537 εἴπερ
2950 4466 3077 4535 τρία
3109 4464 3261 4528 ζώων
3316 4465 3435 4516 ἐστὶ
3478 4463 3637 4532 γένη,

376 4567 598 4625 genera,
629 4562 918 4620 terrestre,
950 4551 1189 4616 volatile,
1218 4552 1473 4621 aquatile.
1510 4550 1834 4617 Producant,
1873 4552 1953 4604 in-

379 4646 516 4713 quit,
541 4661 691 4715 aquae
723 4646 927 4714 reptilia
959 4646 1260 4700 animarum
1284 4645 1560 4699 viventium
1579 4644 1737 4713 juxta
1768 4660 1950 4714 genus,

377 4748 427 4791 et
479 4736 719 4791 volatilia
770 4737 1002 4791 volantia
1040 4753 1196 4806 super
1245 4746 1440 4791 terram
1482 4734 1576 4790 sub
1622 4735 1951 4803 ﬁrmamento

380 4830 492 4883 caeli
509 4831 668 4900 juxta
694 4846 874 4900 genus.
912 4828 1019 4884 Cur
1054 4829 1218 4884 etiam
1252 4827 1556 4883 volatilibus
1576 4840 1643 4882 ex
1675 4826 1830 4895 aquis
1863 4842 1955 4881 or-

455 4945 475 4976 '
506 4944 680 5000 Levit.
710 4961 847 5011 xvn,
883 4943 975 4999 ll.

381 5103 406 5156 ι
455 5031 567 5101 (59)
617 5032 769 5088 Colb.
822 5032 1029 5104 primus
1080 5030 1220 5096 ξώου
1261 5031 1320 5085 τὸ
1361 5024 1502 5102 αἷμα
1544 5032 1578 5103 ἡ
1616 5031 1761 5102 ψυχὴ
1788 5027 1951 5083 αὑτοῦ

412 5119 549 5156 στιν.

412 5119 549 5156 στιν.

455 5172 566 5244 (40)
594 5170 744 5226 Colb.
773 5172 1110 5244 secundusal
1135 5172 1189 5225 δὲ
1211 5171 1365 5244 σάρξ.
1399 5170 1765 5244 S‘tatimuediti
1784 5170 1953 5244 νεκρά

382 5240 474 5308 τίς
515 5240 684 5312 ἐστιν,
720 5251 795 5295 est
846 5243 1045 5312 aliquid
1078 5240 1363 5295 mortuum.
1413 5240 1536 5312 Nec
1564 5242 1720 5294 aliter
1757 5240 1952 5309 legisse

384 5315 598 5368 videtur
624 5309 957 5375 Eustathius,
982 5314 1070 5380 qui
1111 5313 1189 5367 sic
1228 5322 1437 5365 vertat:
1480 5309 1672 5364 Merito
1702 5326 1823 5380 ergo
1870 5322 1951 5363 ta-

387 5385 509 5436 bida
559 5393 633 5436 est
683 5382 861 5435 anima
896 5381 1265 5449 iumentorum.
1298 5382 1549 5435 Attamen
1599 5384 1765 5435 codex
1790 5381 1920 5434 Com

386 5452 494 5506 bc’f.
543 5468 664 5506 cum
697 5453 815 5505 aliis
850 5464 974 5507 octo
1024 5469 1152 5522 mss.
1183 5455 1342 5506 habet
1365 5450 1541 5522 γεηρά
1567 5468 1671 5514 τις,
1702 5452 1952 5522 estquid-

388 5524 511 5574 dam
543 5533 820 5574 terrenum.
847 5523 1014 5587 Quam
1046 5521 1327 5575 lectionem
1360 5521 1517 5589 paulo
1535 5521 1958 5587 pOStconlirmat

388 5589 617 5663 Basilius
634 5590 865 5663 _ip_se,bis
888 5592 1065 5663 verbis
1091 5608 1104 5643 :
1130 5592 1223 5644 καὶ
1243 5592 1600 5663 εὑρήσεις,ὅτι
1623 5590 1695 5659 γῆ
1717 5591 1833 5643 ἐστι
1851 5590 1958 5643 τῶν

389 5658 655 5739 κτηνῶνςὴ
676 5659 842 5730 ψυχή,
871 5659 1034 5729 Atque
1071 5658 1319 5728 pecorum
1352 5662 1585 5716 animam
1612 5658 1802 5716 terram
1849 5677 1960 5717 esse

388 5743 687 5792 wmperm.

2048 4555 2118 4619 ,τό
2170 4574 2228 4608 τε
2275 4559 2527 4627 χερσαῖον
2596 4558 2690 4609 καὶ
2732 4557 2794 4609 τὸ
2842 4557 3082 4628 πτηνὸν,
3139 4558 3231 4609 καὶ
3274 4556 3334 4608 τὸ
3392 4555 3638 4625 ἔνυδρον.

2070 4646 2454 4716 Ἐξαγαγέτω,
2472 4650 2623 4719 φησὶ,
2639 4649 2710 4702 τὰ
2734 4649 2924 4704 ὕδατα
2950 4648 3166 4717 ἑρπετὰ
3190 4646 3409 4717 ψυχῶν
3435 4646 3643 4707 ζ’ωσῶτ⁸

2058 4737 2208 4791 κατὰ
2261 4740 2455 4809 γένος,
2486 4742 2583 4797 καὶ
2612 4742 2851 4796 πετεινὰ
2879 4744 3177 4810 πετόμενα
3228 4741 3327 4794 ἐπὶ
3373 4739 3483 4809 τῆς
3524 4740 3643 4810 γῆς

2059 4830 2213 4885 κατὰ
2240 4833 2305 4884 τὸ
2334 4833 2638 4903 στερέωμα
2670 4835 2786 4904 (45)
2816 4835 2922 4888 τοῦ
2969 4834 3232 4902 οὐρανοῦ
3257 4834 3407 4886 κατὰ
3436 4832 3638 4902 γένος.

2134 5030 2244 5101 (Η)
2292 5028 2422 5099 Reg.
2452 5033 2656 5100 primus
2681 5032 2957 5086 ἀνάλυσιν.
2996 5033 3131 5102 Reg.
3164 5042 3347 5087 sextus
3370 5033 3638 5101 διάλυσιν,

2060 5099 2545 5171 φύγεζΑΙίιιυδιιιο
2581 5114 2701 5171 post
2743 5106 2913 5158 codex
2954 5099 3198 5160 Combef.
3233 5102 3385 5175 ἰχθῦς
3433 5099 3640 5161 θαλάσὲ

2059 5189 2239 5311 σηῗέὲ)
2265 5241 2381 5295 Duo
2405 5256 2531 5296 mss.
2572 5243 2957 5296 καταλείπωσι.
3542 5202 3561 5221 .

2135 5313 2246 5385 (45)
2310 5312 2468 5385 Κατά
2526 5315 2831 5384 στερέωμα,
2891 5332 3175 5369 secunaum
3221 5317 3638 5385 ﬁrmamentum.

2062 5381 2264 5448 Malim,
2317 5384 2491 5450 inquit
2550 5381 2925 5447 Co'tttbelisius,
2975 5401 3095 5438 cum
3151 5381 3338 5441 Atitbr.
3384 5389 3465 5442 vel
3514 5407 3637 5443 cum

2065 5453 2222 5527 _ang.
2245 5462 2302 5527 et
2325 5454 2577 5527 A_t_t_gust.,
2605 5455 3082 5527 subj/irritamento.
3106 5458 3369 5527 ‘Attamen
3414 5460 3639 5527 legimus

2061 5523 2327 5593 inAmbr.
2360 5522 2452 5575 lib.
2479 5539 2667 5592 v,cap.
2695 5525 2745 5589 1,
2774 5528 3057 5578 secundum
3081 5522 3498 5593 ﬁrmamentum:
3528 5531 3640 5586 lino

2060 5592 2224 5645 etiam
2258 5593 2359 5647 hoc
2389 5595 2504 5667 ipso
2542 5595 2593 5646 in
2648 5594 2787 5667 libro
2817 5612 2937 5667 cap.
2973 5595 3059 5660 η,
3084 5592 3307 5665 legitur,
3357 5615 3508 5651 secus
3538 5601 3639 5667 ﬁr-

2062 5673 2402 5735 mamentum,
2452 5665 2502 5717 id
2543 5666 2685 5731 quod
2721 5666 2912 5735 repetit
2943 5680 3061 5733 cap.
3104 5669 3169 5721 l4
3200 5668 3318 5721 libri
3364 5665 3638 5735 ejusdem.

2064 5732 2133 5785 At
2161 5747 2289 5788 vero
2316 5743 2535 5791 sanctus
2566 5732 2896 5805 Augustinus
2913 5732 3141 5806 utraque
3162 5732 3413 5807 loquendi
3436 5755 3641 5808 genere
