3850 6218
227 336 336 391 ιω

1339 339 1630 396 HOMILIA
1673 341 1790 398 Vlll
1826 339 1893 395 ΙΝ
1933 335 2435 396 HEXAEMERON.

3405 339 3507 396 1ῗο

217 449 326 504 Διὰ
349 450 405 503 τί
453 449 514 514 ἐξ
547 449 754 504 ὑδάτων
787 451 882 504 καὶ
919 451 1034 516 τοῖς
1062 456 1284 525 πτηνοῖς
1310 447 1408 526 τὴν
1431 457 1647 526 γένεσιν
1683 455 1801 509 ἔδω-

1919 467 2029 512 tum
2078 457 2280 512 dedit?
2324 455 2460 523 Quia
2512 453 2750 509 volatilia
2796 453 2938 507 inter
2983 461 3037 508 et
3075 454 3320 507 natattlia
3360 471 3508 521 quaa-

223 558 356 607 ‘ttev;
389 543 512 596 ὐτι
547 543 736 614 ὥσπερ
771 543 1177 614 συγγένειάτίς
1207 549 1321 600 ἐστι
1347 551 1462 613 τοῖς
1491 549 1808 618 πετομένοις

221 635 362 706 πρὸς
392 635 460 688 τὰ
516 635 712 706 νηκτὰ.
749 635 860 690 Καὶ
893 635 1002 706 γὰρ
1055 637 1244 711 ὥσπερ
1287 642 1336 692 οἱ
1395 641 1544 712 ἰχθῦς
1578 639 1639 694 τὸ
1667 641 1808 712 ὕδωρ

217 728 499 798 τέμνουσι,
533 730 600 798 τῇ
642 727 741 798 μὲν
785 730 999 800 κινήσει
1041 731 1152 784 τῶν
1183 733 1472 804 πτερύγων
1502 733 1612 806 (44)
1639 736 1719 798 είς
1748 733 1809 787 τὸ

221 820 412 891 πρόσω
441 819 767 891 χωροῦντες,
797 825 864 894 τῇ
896 822 954 876 δὲ
1007 823 1101 877 τοῦ
1131 825 1352 897 οὐραίου
1391 827 1660 898 μεταϐολῇ
1707 828 1807 891 τάς

216 929 280 964 τε
306 914 678 986 περιστροφάς
703 917 799 968 καὶ
830 915 930 980 τὰς
965 917 1178 980 εὐθείας
1201 919 1376 989 ὁρμὰς
1397 921 1609 983 ἑαυτοῖς
1632 919 1808 972 οἰακί-

191 1001 406 1067 ,ζοντες
427 1021 442 1034 ο
479 1003 622 1057 οὕτω
649 1005 746 1059 καὶ
775 1007 868 1061 ἐπὶ
895 1007 1004 1061 τῶν
1039 1007 1256 1079 πτηνῶν
1279 1009 1428 1063 ἐστιν
1456 1009 1604 1072 ἰδεῖν,
1629 1009 1808 1080 διανη-

215 1096 464 1166 χομένων
491 1097 584 1150 τὸν
617 1099 756 1170 ἀέρα
781 1103 894 1162 τοῖς
926 1103 1147 1172 πτεροῖς
1187 1101 1328 1154 κατὰ
1355 1101 1445 1156 τὸν
1465 1104 1651 1174 ὅμοιον
1679 1104 1804 1174 τρό-

217 1207 342 1242 πον.
380 1189 564 1254 Ὥστε,
617 1191 806 1262 ἐπειδὴ
847 1191 904 1245 ἓν
940 1193 1136 1262 ἰδίωμα
1159 1195 1216 1246 ἐν
1247 1193 1529 1266 ἑκατέροις
1554 1195 1613 1248 τὸ
1647 1197 1805 1267 νήχε-

217 1281 368 1348 σθαι,
400 1283 497 1353 μία
525 1301 610 1346 τις
637 1284 822 1348 αὐτοῖς
854 1286 887 1356 ἡ
915 1284 1200 1354 συγγένεια
1232 1287 1296 1338 ἐκ
1325 1285 1424 1356 τῆς
1449 1286 1557 1340 τῶν
1597 1287 1806 1340 ὑδάτων

213 1375 486 1444 γενέσεως
511 1377 848 1447 παρεσχέθη.
903 1377 1050 1449 Πλήν
1084 1393 1148 1446 γε
1187 1379 1270 1431 ὅτι
1304 1378 1454 1432 οὐδὲν
1504 1377 1612 1432 τῶν
1668 1396 1806 1450 πτη-

215 1465 327 1520 νῶν
357 1468 550 1535 ἄπουν,
594 1467 685 1521 διὰ
729 1470 791 1522 τὸ
823 1470 962 1522 πᾶσι
1013 1470 1110 1540 τὴν
1143 1469 1353 1523 δίαιταν
1397 1472 1506 1524 ἀπὸ
1552 1471 1654 1542 τῆς
1700 1473 1804 1542 γῆς

218 1559 510 1631 ὑπάρχειν,
579 1562 672 1614 καὶ
717 1561 894 1614 πάντα
936 1562 1252 1630 ἀναγκαίως
1303 1563 1402 1633 τῆς
1453 1562 1561 1616 τῶν
1628 1562 1804 1616 ποδῶν

214 1653 522 1723 ὑπουργίας
558 1653 928 1725 προσδεῖσθαι.
986 1656 1112 1718 Τοῖς
1164 1656 1260 1726 μὲν
1308 1655 1416 1726 γὰρ
1445 1656 1804 1726 ἁρπακτικοῖς

216 1742 358 1810 πρὸς
380 1739 480 1813 τὴν
502 1742 678 1814 ἄγραν
721 1744 777 1795 αί
824 1742 933 1796 τῶν
967 1743 1172 1814 ὀνύχων
1197 1743 1405 1814 ἀκμαί·
1445 1747 1557 1807 τοῖς
1600 1743 1656 1796 δέ
1694 1743 1805 1797 λοι-

1916 551 2037 605 dam
2068 561 2153 605 εει
2183 549 2347 604 veluti
2367 548 2639 616 cognatio.
2659 545 3122 615 Quemadmodum
3154 547 3295 601 enim
3329 547 3506 614 pisces

1915 655 2108 710 aquam
2140 641 2427 706 secattt,ad
2458 638 2714 693 ulteriora
2763 649 2908 692 motu
2957 636 3242 708 pinnarum
3277 653 3503 708 progre-

1915 733 2144 800 dientes,
2171 739 2226 786 et
2266 732 2449 784 candte
2496 730 2792 783 mutatione
2841 737 2954 782 tum
2991 727 3337 782 circuitioues
3393 740 3500 780 tum

1916 832 2091 877 rectos
2129 829 2306 876 motus
2350 819 2450 874 sibi
2489 820 2620 889 ipsis
2651 819 2981 887 dirigentes:
3017 820 3095 872 sic
3120 827 3174 872 et
3218 818 3269 871 in
3307 818 3500 872 volati-

1913 915 2054 970 libus
2083 916 2264 968 videre
2294 923 2396 978 est,
2435 909 2874 982 quandoquidem
2898 909 2998 964 alis
3019 909 3182 964 simili
3209 907 3366 963 modo
3409 923 3499 963 ae-

1914 1021 2026 1062 rem
2073 1005 2369 1074 trajiciuut.
2427 1005 2608 1070 Quare
2656 1017 2776 1057 cum
2830 1002 3050 1056 natandi
3109 1001 3413 1071 proprietas
3444 1000 3500 1054 in

1913 1094 2160 1163 utrisque
2211 1094 2281 1148 sit
2328 1110 2454 1158 una,
2504 1107 2607 1146 una
2655 1094 2902 1160 quaedam
2953 1091 3086 1160 ipsis
3141 1089 3370 1145 aﬂiuitas
3401 1103 3500 1156 per

1911 1199 2174 1255 aquarum
2207 1183 2616 1254 generationem
2666 1183 2860 1236 collata
2903 1190 3005 1236 est.
3049 1181 3155 1236 Sed
3193 1190 3372 1234 tamen
3404 1193 3492 1233 vo-

1912 1277 2060 1332 latile
2091 1276 2295 1332 nullum
2331 1276 2554 1347 pedibus
2579 1276 2912 1344 cat'et,qnod
2947 1273 3144 1328 victum
3189 1273 3502 1343 suppeditat

1912 1381 2056 1426 terra
2079 1370 2350 1434 omnibus,
2385 1383 2440 1423 et
2472 1369 2654 1423 omnia
2690 1367 2884 1438 pedum
2913 1366 3216 1420 ministerio
3249 1379 3500 1419 necessa-

1913 1465 1993 1518 rie
2049 1463 2308 1533 indigent.
2355 1461 2660 1530 Rapaeibus
2685 1461 2899 1528 quidem
2953 1457 3096 1512 acies
3137 1457 3392 1526 unguium
3428 1456 3498 1510 ad

1910 1555 2224 1624 capiendam
2277 1553 2553 1622 praedam,
2612 1551 2832 1620 reliquis
2895 1563 3024 1604 vero
3065 1548 3136 1602 ob
3182 1547 3496 1601 alimentum

1912 1646 2332 1715 comparandum
2379 1653 2434 1700 et
2468 1645 2534 1697 ad
2569 1643 2828 1712 reliquam
2882 1643 3048 1694 vitam
3095 1639 3497 1708 transigendam

1913 1739 2106 1810 pedum
2145 1753 2274 1793 usus
2309 1737 2618 1792 necessario
2656 1749 2949 1790 concessus
2983 1743 3083 1788 est.
3123 1732 3288 1786 Porro
3312 1745 3498 1800 paucae

214 1837 340 1898 ποῖς
371 1833 458 1888 διά
481 1852 538 1887 τε
566 1831 660 1887 τὸν
688 1835 956 1906 πορισμὸν
983 1834 1082 1905 τῆς
1107 1836 1313 1906 τροφῆς
1348 1836 1442 1888 καὶ
1468 1835 1555 1889 διὰ
1574 1835 1672 1906 τὴν
1700 1835 1801 1889 λοι-

1911 1842 2037 1888 sunt
2062 1831 2329 1896 volucres,
2360 1845 2478 1898 qua:
2525 1831 2696 1882 malos
2745 1829 2982 1882 habeant
3032 1827 3216 1894 pedes,
3269 1837 3497 1893 qumque

213 1925 326 1995 πὴν
355 1927 451 1979 τοῦ
504 1927 621 1997 βίου
678 1911 1018 2000 διεξαγωγῆν
1069 1927 1341 1996 ἀναγκαία
1383 1928 1492 1982 τῶν
1547 1928 1725 1982 ποδῶν
1766 1931 1799 2000 ἡ

214 2014 494 2086 ὑπηρεσία
516 2015 840 2088 δεδώρηται.
883 2016 1083 2086 Ὀλίγοι
1113 2017 1170 2070 δὲ
1225 2017 1332 2072 τῶν
1377 2017 1604 2088 ὀρνίθων
1635 2017 1803 2071 κακό-

212 2107 379 2170 ποδές
401 2109 559 2172 εἰσιν,
583 2107 709 2161 οὔτε
761 2106 997 2178 βαδίζειν
1043 2107 1166 2162 οὔτε
1218 2109 1476 2180 ἀγρεύειν
1503 2113 1614 2174 τοῖς
1646 2111 1804 2164 ποσὶν

211 2197 544 2268 ἐπιτήδειον
583 2199 660 2263 ὡς
690 2200 750 2253 αῖ
793 2218 853 2253 τε
914 2199 1182 2270 χελιδόνες
1209 2202 1318 2254 εἰσὶ
1345 2201 1479 2272 (45),
1507 2200 1630 2254 οὔτε
1653 2202 1802 2272 βαδί-

209 2287 331 2353 ζειν
359 2287 484 2342 οὕτε
515 2290 772 2360 ἀγρεύειν
799 2291 1116 2364 δυνάμεναι,
1155 2293 1249 2345 καὶ
1277 2293 1333 2345 αί
1376 2292 1692 2364 δρεπανίδες
1717 2293 1806 2347 λε-

206 2377 468 2448 γόμεναι,
501 2373 582 2442 οἷς
631 2381 663 2450 ἡ
693 2381 869 2451 τροφὴ
920 2381 1030 2434 ἀπὸ
1071 2380 1180 2434 τῶν
1209 2384 1266 2434 ἐν
1300 2381 1380 2453 τῷ
1417 2383 1539 2454 ἀέρι
1566 2385 1804 2455 ἐμφερο-

213 2469 396 2538 μένων
413 2471 776 2542 ἐπινενόηται.
795 2472 1040 2526 Χελιδὸνι
1061 2473 1116 2526 δέ
1145 2475 1206 2526 τὸ
1225 2477 1324 2545 τῆς
1353 2475 1608 2545 πτήσεως
1639 2475 1806 2546 πρόσ-

211 2576 368 2628 γειον
397 2563 520 2614 ἀντὶ
551 2562 652 2632 τῆς
683 2563 791 2616 τῶν
815 2563 991 2618 ποδῶν
1020 2565 1326 2637 ὑπηρεσίας
1356 2565 1521 2622 ἐστίν.

288 2653 344 2708 5.
381 2655 504 2707 Elei
537 2655 720 2726 μέντοι
753 2655 925 2724 γενῶν
969 2657 1225 2728 διαφοραὶ
1253 2660 1443 2731 μυρίαι
1473 2661 1568 2714 καὶ
1601 2661 1658 2714 ἐν
1690 2663 1804 2725 τοῖς

211 2744 444 2816 δρνισιν,
468 2745 533 2810 ἃς
562 2747 658 2800 ἐάν
689 2763 772 2810 τις
806 2747 948 2801 κατά
980 2749 1072 2802 τὸν
1101 2751 1262 2805 αὑτὸν
1289 2752 1491 2823 τρόπον
1517 2753 1646 2826 ἐπίῃ
1679 2752 1802 2807 καθ’

210 2833 274 2886 ὃν
306 2835 365 2887 ἐν
397 2836 552 2916 μέρει
599 2837 696 2890 καὶ
735 2837 836 2908 τῆς
868 2838 980 2891 τῶν
1019 2839 1220 2910 ἰχθύων
1264 2841 1562 2907 ἐξετάσεως
1589 2843 1802 2915 ἐφηψά-

213 2924 380 2995 μεθα,
406 2929 630 2999 εὑρήσει
675 2929 734 2983 ἓν
773 2931 872 3001 μὲν
927 2930 1100 3003 ὄνομα
1136 2933 1244 2987 τῶν
1293 2935 1573 3000 πετεινῶν,
1603 2937 1804 3008 μυρίας

211 3019 270 3072 δὲ
301 3020 360 3072 ἐν
383 3019 592 3084 τούτοις
610 3021 875 3095 διαφεράς
898 3023 955 3078 ἔν
979 3042 1038 3077 τε
1067 3029 1181 3089 τοῖς
1205 3027 1457 3097 μεγέθεσι
1491 3028 1584 3080 καὶ
1611 3029 1668 3082 ἐν
1690 3032 1803 3092 τοῖς

213 3112 466 3181 σχήμασι
495 3113 590 3166 καὶ
619 3115 678 3167 ἐν
707 3119 827 3180 ταῖς
865 3117 1058 3188 χρόαις
1078 3134 1091 3147 -
1151 3119 1246 3172 καὶ
1291 3118 1435 3172 κατὰ
1465 3121 1592 3184 τοὺς
1631 3119 1798 3190 βίους,

1907 1923 2024 1978 sive
2049 1926 2112 1977 ad
2139 1922 2550 1984 ambulandum,
2581 1923 2692 1975 sive
2729 1920 2796 1974 ad
2829 1917 3130 1972 venandum
3155 1916 3364 1972 idoneae
3389 1931 3493 1970 non

1907 2017 2016 2072 sint
2045 2015 2290 2087 pedibus,
2314 2029 2414 2070 cett
2465 2015 2806 2076 hirundines,
2835 2027 2953 2082 qua:
2991 2025 3163 2078 neque
3193 2009 3490 2075 ambulare,

1905 2121 2080 2176 neque
2135 2105 2325 2160 venari
2377 2115 2624 2175 possunt,
2674 2113 2728 2158 et
2759 2118 2890 2157 aves
2933 2101 3150 2155 nomine
3187 2101 3491 2170 drepanes,

1905 2201 2103 2269 quibus
2139 2198 2394 2253 alimonia
2414 2213 2480 2251 ex
2508 2197 2571 2250 iis
2604 2211 2722 2265 quae
2749 2195 2992 2249 feruntur
3017 2195 3068 2248 in
3101 2207 3250 2260 aere,
3277 2192 3492 2261 provisa

1904 2290 2293 2346 est.(‘.teternm
2315 2289 2542 2343 ivolatus
2577 2299 2738 2343 terra;
2767 2287 2974 2342 vicinus
3003 2287 3056 2341 itt
3081 2285 3371 2340 hirundine
3395 2298 3491 2354 pe-

1903 2385 2029 2440 dum
2057 2384 2239 2455 explet
2265 2381 2516 2438 ofﬁcium.

1973 2665 2026 2721 3.
2071 2663 2211 2720 Sunt
2254 2671 2434 2718 autem
2497 2662 2796 2716 innumerae
2861 2673 3117 2730 generum
3179 2657 3495 2714 differentia

1904 2757 2068 2813 etiam
2096 2756 2147 2810 in
2175 2754 2512 2810 volucribus:
2541 2767 2674 2823 quas
2698 2753 2740 2806 si
2769 2753 2891 2821 quis
2915 2759 3194 2821 percurrat
3223 2763 3286 2804 eo
3308 2749 3492 2812 modo,

1905 2864 2012 2918 quo
2039 2847 2234 2918 partim
2267 2846 2494 2916 piscium
2535 2859 2762 2898 examen
2813 2843 3127 2912 attigimus;
3159 2855 3323 2896 unum
3367 2840 3492 2909 qui-

1904 2941 2027 2996 dem
2065 2939 2345 2994 volucrnm
2388 2951 2619 3003 nomen,
2667 2937 2759 2990 sed
2811 2935 3050 2989 inﬁnitas
3105 2934 3493 3004 magnitudinis

1908 3034 2312 3103 ﬁgurarumque
2339 3041 2393 3086 et
2419 3030 2664 3086 colorum
2696 3027 3032 3084 dili‘ereutias
3081 3028 3132 3081 in
3189 3028 3272 3081 his
3307 3042 3492 3097 reper-

1909 3137 2060 3181 turus
2083 3136 2184 3180 cst.
2213 3125 2292 3178 Ad
2323 3125 2486 3178 vitam
2516 3125 2702 3190 etiam,
2731 3134 2786 3177 et
2817 3123 2882 3176 ad
2926 3122 3168 3176 actiones
3202 3137 3494 3188 moresque

211 3203 310 3254 καὶ
337 3203 440 3264 τὰς
470 3203 720 3274 πράξεις,
745 3207 840 3259 καὶ
863 3207 928 3260 τὰ
957 3207 1086 3277 ἤθη,
1121 3209 1400 3280 ἀμύθητον
1423 3207 1590 3262 οὖσαν
1619 3211 1801 3274 αὐτοῖς

1909 3221 2045 3289 quod
2083 3227 2322 3289 spectat,
2359 3219 2772 3274 iuenarrahilem
2817 3217 3106 3286 quamdam
3155 3215 3297 3270 inter
3344 3215 3491 3285 ipsas

210 3293 313 3365 τὴν
339 3295 480 3366 πρὸς
521 3296 726 3368 ἄλληλα
777 3301 1159 3372 παραλλαγήν.
1189 3303 1330 3374 Ἤδη
1375 3303 1476 3373 μέν
1526 3299 1619 3357 οὖν
1659 3321 1804 3369 τινες

211 3387 590 3461 ἐπειράθησαν
652 3391 746 3444 καὶ¹
812 3392 1256 3462 ὀνοματοποιίαις
1313 3395 1639 3466 χρήσασθαι,
1711 3396 1801 3461 ἵν’,

209 3476 404 3550 ὥσπερ
440 3480 528 3534 διὰ
561 3484 852 3554 καυτήρων
886 3485 1046 3538 τινῶν
1079 3487 1178 3556 τῆς
1235 3488 1539 3558 ἀσυνήθους
1588 3490 1683 3543 καὶ
1709 3489 1804 3555 ¹ξέ-

211 3585 315 3640 νης
343 3572 658 3642 ὀνομασίας,
693 3575 754 3628 τὸ
803 3575 1000 3647 ἰδίωμα
1046 3578 1276 3632 ἑκάστου
1316 3581 1506 3650 γένους
1545 3580 1804 3650 ἐπιγινώ-

213 3677 436 3732 σκηται.
473 3666 582 3718 Καὶ
626 3667 696 3720 τὰ
735 3669 835 3738 μὲν
869 3669 1160 3740 ὠνόμασαν
1183 3671 1514 3744 σχιζόπτερα
1540 3673 1674 3745 (46),
1728 3673 1804 3738 ὡς

210 3755 344 3818 τοὺς
369 3757 588 3821 ἀετούς·
624 3757 694 3812 τὰ
720 3760 777 3813 δέ
821 3761 1191 3836 δερμόπτερα,
1216 3765 1292 3828 ὡς
1317 3765 1415 3828 τὰς
1443 3764 1760 3836 νυκτερίδας
1785 3782 1797 3796 ·

213 3949 350 4005 usus
365 3944 468 3994 est.
498 3936 779 3989 secundum
799 3937 1211 4005 ﬁrmamentum,
1240 3949 1292 3992 et
1324 3941 1417 3992 sub
1448 3939 1800 4000 ﬁrmamento.

213 4004 364 4074 Lege
398 4005 690 4060 Nobilium.
720 4005 1091 4060 Tertulliauns
1120 4011 1248 4062 Adv.
1287 4009 1670 4078 Hermog.,per
1703 4008 1802 4076 [ir-

214 4088 542 4146 mamentnm
565 4089 583 4146 .'
605 4093 724 4144 quae
749 4078 1124 4146 interpretatio
1156 4082 1390 4132 maxime
1408 4079 1658 4133 convenit
1676 4093 1798 4132 cum

216 4157 402 4199 tuente
437 4143 640 4218 Basilii.
672 4147 821 4218 Cum
843 4143 1181 4218 enituiPater
1208 4150 1564 4218 gravissimus
1589 4163 1684 4217 per
1707 4163 1800 4218 v05

213 4231 335 4288 cem
370 4215 657 4286 στερέωμα
695 4217 826 4270 nihil
872 4217 1012 4270 aliud
1045 4215 1308 4288 intelligat
1337 4221 1440 4274 nisi
1489 4215 1692 4286 aerem,
1721 4217 1798 4271 uti

215 4286 418 4358 legitur
443 4287 545 4358 sub
566 4291 740 4340 .tinem
780 4288 1004 4355 hujusce
1033 4286 1321 4350 orationis,
1353 4291 1597 4358 sequitur
1627 4291 1670 4342 si
1699 4301 1796 4341 vo-

215 4357 386 4411 latilia
417 4355 594 4478 illoiellt
617 4371 713 4426 per
733 4371 938 4422 aerem,
969 4359 1079 4425 ipsa
1108 4375 1202 4428 per
1235 4355 1632 4414 ﬁrmamentum
1661 4373 1798 4427 quo-

215 4443 324 4478 nue
359 4441 422 4478 vo
445 4441 558 4478 are.

256 4443 324 4480 ne
359 4441 558 4479 vmare.

212 4443 324 4498 que
359 4443 558 4479 votare.

288 4495 404 4570 (44)
435 4495 656 4570 Aliquot
687 4511 818 4552 mss.
865 4496 974 4570 τῶν
1008 4499 1336 4570 πτερυγίων.
1385 4499 1580 4555 Statim
1641 4499 1796 4556 Colb.

213 4567 428 4640 primus
450 4567 632 4640 τάςτε
657 4569 1016 4640 περιτροπάς.

293 4636 406 4707 (45)
447 4637 522 4689 Ita
563 4636 966 4706 Regiipriiuus,
1001 4640 1242 4708 quintus,
1267 4651 1455 4694 sextus
1489 4648 1542 4692 et
1574 4651 1798 4696 octavus

214 4725 342 4764 cum
366 4709 584 4778 duobus
621 4708 773 4764 Coll).
810 4709 946 4762 Editi
995 4725 1121 4763 vero
1155 4710 1421 4778 χελιδόνες
1457 4713 1562 4764 εἰσὶ
1597 4713 1690 4765 καὶ
1717 4714 1795 4778 αἱ,

217 4777 428 4832 mutile.
473 4779 674 4833 Ibidem
717 4780 813 4832 καὶ
845 4782 901 4832 ai
939 4777 1274 4850 δρεπανίδες,
1317 4793 1363 4835 et
1397 4781 1670 4850 drepanes.
1707 4785 1800 4836 Sic

214 4850 398 4920 visum
432 4859 516 4902 est
553 4859 762 4920 vertere
789 4864 912 4920 cum
965 4850 1160 4912 Plinio,
1216 4853 1306 4920 qni
1357 4853 1458 4906 hac
1509 4854 1622 4912 ipsa
1667 4867 1799 4905 voce

216 4918 319 4974 lib.
345 4931 578 4992 att._cap.
603 4919 694 4982 47,
722 4919 798 4992 uti
828 4935 932 4974 nou
957 4921 1184 4992 dubitat.
1215 4918 1344 4992 Ejus
1372 4923 1486 4976 haec
1519 4931 1644 4976 sunt
1678 4937 1798 4976 ver-

215 4992 318 5043 ba:
341 4987 445 5052 Qui
458 5001 643 5056 negant
665 4989 923 5042 volucrem
955 4989 1115 5042 ullam
1133 4987 1486 5054 sine'pedibus
1503 5008 1636 5054 esse,
1668 5008 1796 5044 con—

213 5060 434 5130 ﬁrmant
469 5071 514 5111 et
540 5060 738 5125 aperias
764 5059 1054 5130 habere,“
1082 5075 1226 5125 oten,
1257 5071 1305 5114 et
1339 5061 1618 5129 drepanin,
1645 5063 1700 5114 in
1721 5062 1796 5114 eis

214 5143 340 5200 qua:
363 5131 630 5200 ranssime
670 5140 946 5197 apparent.
981 5129 1307 5197 lnterpretes
1351 5143 1583 5194 veteres,
1625 5131 1690 5184 Et
1723 5147 1799 5184 ea:

212 5197 338 5266 qua:
334 5197 576 5270 lalculte
594 5212 984 5266 nuncupantur,
1005 5209 1096 5254 aut
1121 5202 1355 5270 ripariat.
1396 5202 1505 5257 llas
1543 5217 1670 5256 aves
1705 5217 1798 5256 vo-

216 5279 308 5325 cat
333 5267 649 5324 Eustathius
672 5285 928 5338 meropes.

294 5339 408 5409 (46)
437 5339 636 5402 Libuit,
677 5341 819 5408 quod
857 5357 963 5394 non
1002 5349 1348 5410 suppeterent
1389 5341 1549 5395 verba
1581 5342 1794 5406 Latina,

217 5409 303 5465 sic
337 5419 549 5481 vertere
577 5411 953 5476 schizopteras,
982 5409 1088 5464 etc.
1118 5413 1260 5464 Aves
1283 5421 1461 5466 autem
1493 5413 1797 5481 schizopte-

221 5495 321 5541 rae.
368 5493 447 5532 ea:
494 5480 768 5545 dicuntur,
822 5497 941 5550 qua:
975 5483 1176 5536 habent
1222 5495 1452 5548 pennam
1482 5480 1794 5548 discretam,

220 5551 343 5604 alas
387 5551 565 5604 ﬁssas.
599 5550 980 5620 Dernmpteras
1004 5567 1097 5606 eas
1131 5567 1403 5614 vocamus,
1428 5553 1626 5620 quibus
1657 5553 1798 5606 cutis

221 5635 326 5690 pro
351 5621 541 5688 pennis
573 5635 678 5676 est.
722 5621 932 5690 Ptilota:
959 5637 1038 5676 ea;
1069 5623 1464 5690 intelliguntur,
1495 5637 1615 5690 qua:
1653 5623 1794 5675 sicca

223 5689 543 5760 membrana
593 5691 793 5746 volant.
843 5689 1086 5760 Denique
1144 5689 1481 5760 coleOpteras
1514 5689 1796 5760 appellare

221 5759 404 5816 solent
429 5775 522 5817 eas
553 5777 784 5832 quarum
809 5759 1009 5833 pcnnte
1029 5763 1218 5833 vagina
1255 5759 1618 5820 centincntu’r’.
1645 5763 1798 5829 Quod

1907 3313 2274 3383 deprehendet
2303 3311 2644 3366 varietatem.
2674 3309 2792 3364 Jam
2831 3325 2961 3364 vero
2983 3309 3161 3364 conati
3193 3315 3320 3362 sunt
3356 3325 3491 3362 non-

1907 3405 2038 3459 nulli
2083 3405 2331 3460 confictis
2381 3403 2691 3458 nominibus
2723 3403 2920 3467 uti,ut,
2967 3401 3125 3456 veluti
3156 3417 3250 3468 per
3281 3401 3491 3454 inustas

1906 3497 2166 3566 quasdam
2191 3495 2420 3550 insolitae
2456 3504 2508 3549 et
2545 3495 2843 3564 peregrina:
2887 3493 3264 3562 appellationis
3307 3501 3489 3556 notas,

1911 3587 2198 3656 cujuslibet
2226 3587 2442 3658 generis
2474 3585 2779 3656 proprietas
2831 3595 3213 3654 cognoscatur.
3245 3583 3309 3639 Et
3357 3583 3492 3636 alias

1909 3681 2123 3750 quidem
2156 3693 2284 3732 aves
2324 3678 2670 3731 nominarunt
2699 3677 3068 3744 schizopteras
3089 3717 3104 3739 ,
3136 3677 3210 3729 ιιιί
3239 3675 3446 3746 aquilas
3472 3691 3490 3732 :

1907 3769 2041 3824 alias
2098 3781 2228 3824 vero
2278 3767 2683 3837 dermopteras,
2743 3777 2802 3821 ut
2852 3767 3266 3838 vespertiliones
3303 3781 3318 3821 :
3356 3765 3490 3819 alias

1915 3933 2002 3988 hic
2035 3934 2294 4001 scriptum
2327 3934 2634 3988 invenimus
2662 3935 2727 3986 de
2766 3931 3110 3999 coleomeris,
3148 3931 3200 3986 id
3225 3947 3328 3986 non
3362 3947 3490 4000 pro-

1911 4007 2070 4059 batur
2097 4005 2259 4061 Petro
2287 4003 2485 4059 Petito.
2517 4003 2684 4073 Igitur
2713 4002 2806 4056 lib.
2833 4018 2886 4056 tv
2919 4002 3385 4057 Miscellanearum
3407 4012 3492 4056 ot.-

1905 4077 2280 4138 servationum,
2325 4091 2444 4144 cap.
2485 4073 2574 4135 16,
2635 4073 2874 4142 loquitur
2927 4073 3230 4144 ltncntodo
3263 4091 3276 4126 :
3313 4074 3490 4140 Hujus

1904 4145 2084 4214 itaque
2114 4142 2406 4198 volatiliuni
2435 4145 2722 4197 secundum
2755 4146 2964 4196 alarum
2994 4142 3326 4214 differentias
3356 4145 3490 4196 divi-

1906 4213 2094 4280 sionis,
2125 4225 2313 4268 σωτειά
2332 4215 2541 4284 quidem
2561 4215 2704 4276 bene,
2730 4225 2776 4284 et
2802 4230 2865 4266 ex
2883 4213 3182 4266 Aristotelis
3207 4215 3486 4278 sententia,

1907 4286 2046 4338 unde
2077 4285 2274 4351 accepit
2310 4283 2414 4338 :iin
2433 4301 2553 4339 voce
2583 4283 2952 4354 κουλεόπτερα
3001 4299 3108 4336 non
3159 4284 3489 4354 mediocriter

1907 4354 2262 4434 hallucinatus
2285 4356 2505 4434 videtur,
2533 4371 2650 4408 cum
2679 4365 2826 4422 putat
2863 4353 3148 4434 signiﬁcari
3182 4353 3279 4432 ltoc
3320 4357 3489 4434 nomi-

1833 4444 1885 4504 Β
1911 4440 1972 4504 ne
2008 4427 2328 4478 insectorum
2371 4425 2502 4504 illud
2550 4439 2733 4504 genus,
2789 4423 3228 4504 quminvolucris
3269 4423 3486 4504 quibus-

1908 4495 2028 4546 dam
2060 4507 2308 4563 concepta
2336 4505 2383 4548 et
2409 4495 2519 4563 fota
2561 4497 2630 4546 ad
2655 4497 2870 4565 aliquod
2899 4503 3127 4565 tempus,
3152 4495 3484 4565 postmodum

1900 4567 2170 4632 putamine
2211 4562 2449 4633 disrupta
2501 4562 2751 4619 evolant.‘
2797 4575 2854 4618 ut
2885 4567 2950 4617 de
2978 4564 3175 4616 cicadis
3209 4562 3486 4618 Lucretius

1901 4647 2150 4687 memorat
2173 4635 2265 4690 lib.
2305 4651 2337 4690 v
2366 4654 2379 4689 :

1974 4703 2264 4758 Folliculos
2290 4717 2348 4759 ut
2375 4719 2515 4757 nunc
2540 4713 2741 4758 teretes
2778 4713 2965 4759 testate
2997 4703 3200 4757 cicadae

1975 4775 2250 4842 Linquunt
2275 4783 2465 4844 sponte
2499 4789 2616 4844 sua,
2650 4775 2846 4828 victum
2880 4777 3153 4840 vitamque
3181 4781 3442 4844 petentes.

1901 4843 2070 4898 Plane
2096 4845 2150 4896 id
2183 4843 2330 4912 verba
2374 4845 2484 4898 haec
2523 4843 2716 4915 Basilii
2757 4856 2946 4898 sonant
2973 4860 2992 4896 :
3039 4845 3162 4915 ὅσα
3186 4845 3244 4896 ἐν
3289 4843 3486 4915 θήκαις

1899 4916 2011 4968 τισὶ
2038 4915 2131 4968 καὶ
2153 4915 2468 4986 περιϐολαῖς
2499 4913 2828 4986 γεννηθέντα
2863 4913 3313 4986 περιρραγέντος,
3343 4913 3480 4978 εις..

1899 4987 2108 5056 quibus,
2138 4985 2254 5054 qua:
2277 4987 2488 5054 praprie
2521 4985 2889 5056 κουλεόπτερα
2932 4985 3199 5050 dicantur,
3230 4986 3478 5056 explicat.

1901 5059 1965 5108 At
1992 5055 2130 5124 falso
2151 5066 2196 5108 et
2220 5067 2410 5123 prwter
2433 5068 2651 5109 utentem
2680 5055 2997 5120 Aristotelis,
3027 5057 3116 5125 qui
3137 5057 3286 5124 longe
3313 5055 3484 5108 diver-

1899 5143 1958 5178 so
1991 5141 2144 5178 sensu
2198 5127 2252 5178 id
2291 5142 2478 5180 nomen
2516 5136 2754 5194 usurpat.
2805 5125 2930 5180 Non
2967 5127 3104 5178 enim
3135 5127 3198 5177 ab
3243 5127 3310 5178 iis
3335 5125 3482 5194 folli-

1900 5197 2035 5248 culis
2074 5195 2445 5266 κουλεόπτερα
2467 5197 2572 5250 vult
2595 5198 2720 5261 dici,
2749 5197 2838 5250 sed
2865 5197 2934 5266 alt
2945 5195 3223 5266 ἐλύτροις,
3255 5197 3480 5265 vaginis,

1897 5267 2086 5333 quibus
2142 5268 2242 5320 ala:
2293 5263 2472 5320 eorum
2525 5269 2853 5319 muniuntur.
2907 5263 3050 5319 Nam
3088 5263 3483 5320 'ercis‘uou-

1898 5334 2021 5389 λεόν
2052 5337 2244 5402 vagina
2273 5346 2370 5390 est.
2403 5335 2552 5390 Unde
2577 5337 2880 5390 Theodorus
2907 5353 2998 5390 eas
3024 5337 3256 5391 volucres
3275 5339 3485 5400 vagini-

1899 5421 2102 5473 peunes
2121 5405 2306 5459 Latine
2331 5407 2500 5460 uertit.
2527 5403 2612 5459 Ita
2627 5409 2764 5460 enim
2781 5407 3023 5461 ercum
3046 5422 3231 5460 nomen
3261 5407 3482 5459 κουλεό-

1900 5493 2100 5547 πτερον
2121 5493 2249 5529 sane
2267 5493 2370 5530 non
2400 5475 2677 5544 infeliciter
2691 5479 2966 5546 expressit.
2993 5479 3213 5530 Alarum
3259 5481 3482 5546 proinde

1898 5549 2008 5599 hare
2040 5547 2338 5614 differentia
2371 5557 2442 5598 est
2475 5557 2522 5598 et
2549 5549 2864 5614 proprietas,
2908 5563 3014 5600 non
3056 5548 3156 5600 loci
3205 5549 3258 5599 in
3284 5563 3386 5614 quo
3419 5550 3476 5613 ﬁt

1897 5619 2185 5684 generatio.
2208 5615 2358 5680 Quod
2386 5617 2500 5683 ipsa
2515 5618 2704 5669 divisio
2727 5619 3019 5672 Aristotelis
3061 5617 3281 5680 indicat,
3297 5635 3400 5686 qua
3417 5633 3482 5670 ex
3567 5643 3570 5648 -

1898 5687 2458 5812 alarumsdi/ferentiis
2485 5687 2749 5742 volucrum
2768 5689 3090 5758 differentias
3115 5702 3351 5756 venatur,
3387 5689 3474 5742 ιιι».

1898 5767 1934 5812 t.
1963 5773 2077 5812 cat).
2154 5774 2168 5812 :
2200 5766 2302 5812 etc.
2469 5778 2472 5780 ·

1897 5767 1934 5824 t,
1963 5773 2077 5827 cap.
2107 5767 2168 5825 5;
2200 5767 2302 5813 etc.
2469 5778 2472 5780 ·
