3850 6218
344 304 445 367 171

1659 309 1717 364 S.
1754 306 2003 364 BASILII
2044 307 2264 363 MAGNI

3513 317 3625 371 172

344 430 395 489 pl
407 416 582 481 ilotas,
602 424 659 470 ut
675 429 864 484 vespas
890 432 902 469 :
923 414 1055 472 alias
1073 431 1260 474 rursus
1273 418 1738 494 coleopteras,73
1755 434 1938 478 utsca-

2045 421 2104 475 τὰ
2131 424 2187 476 δὲ
2217 425 2480 491 πτιλωτὰ,
2512 425 2589 490 ὡς
2619 426 2746 489 τοὺς
2774 426 3018 497 σφῆκας·
3058 445 3132 483 τα
3166 427 3223 482 δέ
3252 428 3620 502 κολεόπτερια,

344 510 558 571 rubeos,
586 520 641 563 et
669 523 1000 578 quaecunque
1030 509 1082 562 in
1104 510 1277 567 thecis
1301 513 1617 582 quibusdam
1646 523 1701 570 et
1728 516 1933 569 amicu-

343 599 411 657 lis
431 612 721 668 generatae,
750 610 934 655 crusta
964 602 1032 657 ab
1069 603 1201 672 ipsis
1240 604 1524 673 distracta,
1548 608 1616 662 ad
1644 608 1933 664 velandum

348 695 611 763 expeditae
654 695 908 747 evadunt.
968 696 1163 750 Verum
1200 696 1474 755 sufﬁciens
1515 701 1671 755 nobis
1704 710 1827 755 nota
1852 710 1935 756 est

344 788 411 847 ad
443 802 698 857 generum
735 786 1124 857 proprietatem
1183 792 1592 859 assignandam,
1625 794 1935 851 communis

343 894 494 943 usus,
522 887 577 934 et
600 878 775 934 allatae
800 896 830 933 a
865 880 1144 950 Scriptura
1178 883 1243 938 de
1276 884 1490 938 mundis
1532 893 1586 938 et
1640 885 1935 942 immundis

344 971 741 1035 distinctiones,
808 974 969 1027 Aliud
1040 976 1224 1045 itaque
1283 978 1698 1032 carnivorarum
1763 995 1934 1048 genus

340 1075 427 1120 ost
454 1105 469 1128 ,
505 1066 718 1136 aliaque
774 1068 1109 1132 constitutio,
1148 1070 1214 1122 ad
1271 1071 1491 1125 modum
1542 1086 1650 1140 quo
1681 1072 1809 1140 ipsae
1838 1088 1931 1126 ve-

343 1168 590 1225 scuntur,
642 1163 1046 1216 accommodata
1084 1178 1099 1226 ;
1137 1163 1391 1226 unguium
1420 1164 1583 1231 acies,
1612 1173 1666 1219 et
1701 1173 1931 1219 rostrum

343 1252 649 1316 incurvum,
683 1261 739 1306 et
796 1268 969 1322 penna
1022 1254 1210 1315 velox,
1256 1264 1313 1307 ut
1349 1263 1403 1308 et
1448 1254 1603 1309 facile
1645 1256 1936 1323 arripiatur

342 1346 546 1414 praeda,
577 1356 629 1400 et
654 1346 911 1400 dilaniata
953 1345 1268 1401 alimentum
1315 1346 1408 1401 ﬁat
1442 1347 1771 1416 prmdatrici.
1814 1346 1931 1402 Alia

344 1454 532 1492 earum
561 1439 878 1493 constitutio
909 1447 1014 1502 est,
1060 1454 1182 1507 qua:
1230 1440 1439 1494 semina
1497 1438 1757 1506 colligunt
1787 1454 1801 1491 :
1826 1438 1930 1492 alia

343 1542 554 1591 earum,
606 1545 727 1596 quae
770 1529 917 1583 omni
961 1546 1019 1585 re
1053 1531 1211 1585 obvia
1245 1532 1582 1586 nutriuntur.
1632 1531 1697 1585 Et
1753 1531 1806 1584 in
1847 1531 1933 1586 his

344 1620 589 1689 plurimae
621 1620 957 1677 diﬂ'erentiae.
984 1623 1229 1691 Ipsarum
1259 1624 1403 1678 extim
1443 1623 1710 1692 quaedam,
1743 1636 1933 1692 grega-

346 1711 428 1764 les
468 1722 597 1766 sunt
635 1729 648 1767 :
691 1715 934 1782 exceptis
979 1716 1303 1784 rapacibus,
1351 1715 1493 1769 inter
1534 1729 1670 1785 quas
1702 1715 1932 1769 societas

349 1803 498 1857 nulla
544 1812 628 1858 est
673 1815 871 1875 praeter
898 1806 1236 1876 conjugalem
1288 1805 1743 1874 conjunctioncm.
1794 1807 1931 1860 Sunt

346 1910 478 1955 vero
503 1896 624 1951 alia:
655 1897 972 1960 innumerae,
1004 1914 1125 1967 quae
1162 1899 1500 1953 collectivam
1534 1898 1932 1966 amplectuntur

348 1989 537 2050 vitam,
565 1999 624 2043 ut
652 1990 939 2052 columbae,
963 2006 1145 2056 grues,
1165 1992 1361 2053 sturni,
1393 1989 1619 2059 graculi.
1645 1988 1853 2043 Rursus
1876 1989 1929 2043 in

349 2081 433 2143 his
462 2081 582 2135 aliae
616 2082 812 2136 nullius
853 2084 1158 2137 subduntur
1207 2084 1457 2150 imperio,
1480 2090 1536 2135 et
1586 2089 1714 2136 sunt
1767 2080 1930 2134 veluti

349 2174 431 2227 sui
487 2173 673 2240 juris;
721 2173 841 2228 alias
892 2174 1015 2228 duci
1073 2174 1268 2245 subjici
1321 2189 1429 2228 non
1475 2180 1752 2238 recusant,
1784 2173 1934 2228 velut

346 2280 528 2335 grues.
561 2264 680 2319 Jam
712 2278 840 2318 vero
869 2264 1034 2318 etiam
1077 2264 1182 2318 alia
1217 2263 1465 2333 quaedam
1499 2273 1581 2317 est
1625 2263 1679 2317 in
1716 2265 1799 2318 his
1829 2262 1932 2317 dil-

348 2356 601 2418 ferentia,
625 2357 779 2425 juxta
810 2371 970 2426 quam
1011 2356 1128 2410 aliae
1166 2372 1441 2426 nunquam
1471 2357 1656 2410 sedem
1700 2364 1929 2423 mutant,

348 2459 580 2518 suntque
611 2450 875 2520 indigenae
899 2465 913 2501 :
943 2448 1064 2503 aliae
1092 2448 1271 2503 solent
1297 2448 1612 2517 longissime
1630 2447 1929 2510 discedere,

348 2553 405 2598 et
433 2545 610 2599 hieme
644 2543 1110 2612 appropinquante
1143 2551 1203 2595 ut
1231 2541 1521 2609 plurimum
1558 2541 1612 2593 in
1653 2539 1815 2592 alium
1853 2537 1932 2591 lo-

348 2650 471 2691 oum
494 2650 612 2691 sese
636 2636 893 2705 recipere,
917 2635 1056 2703 Quin
1082 2646 1136 2689 et
1160 2634 1464 2701 complures
1489 2648 1637 2697 aves,
1660 2633 1786 2693 dum
1809 2632 1935 2685 odu-

349 2736 561 2788 cantur,
608 2735 991 2780 mansuescunt
1022 2725 1469 2793 eicuranturque,
1490 2734 1689 2792 praeter
1725 2722 1932 2777 debiles

352 2834 418 2875 ac
449 2820 716 2882 inlirmas,
763 2832 883 2886 qua
920 2818 991 2872 ob
1024 2818 1249 2871 nimiam
1292 2816 1630 2870 timiditatem
1658 2830 1722 2868 ac
1750 2813 1937 2867 formi—

354 2910 555 2975 dinem,
577 2911 848 2963 assiduam
875 2909 1176 2963 molestiam
1200 2909 1300 2961 sibi
1329 2923 1486 2961 manu
1505 2908 1804 2962 exltibitam
1827 2921 1931 2961 non

351 3003 650 3071 patiuntur.
687 2999 794 3054 Sed
848 3010 900 3054 et
938 3000 1175 3054 humana
1231 2999 1627 3053 consuetudine
1684 2997 1935 3051 volucres

2034 516 2110 578 ὼς
2142 518 2268 580 τοὺς
2298 517 2624 590 κανθάρους,
2660 519 2754 572 καὶ
2787 520 2907 586 ὅσα,
2933 522 2992 573 ἐν
3019 520 3214 591 θήκαις
3246 523 3357 575 τισὶ
3388 524 3486 576 καὶ
3514 542 3623 577 πε-

2035 606 2274 677 ριϐολαῖς
2296 609 2643 681 γεννηθέντα,
2680 612 3107 683 περιρραγέντος
3151 615 3336 679 αὑτοῖς
3362 615 3457 670 τοῦ
3489 617 3624 671 ἐλύ-

2031 716 2184 770 τρου,
2213 700 2348 771 πρὸς
2374 700 2474 772 τὴν
2506 702 2704 772 πτῆσιν
2743 704 3112 778 ἠλευθερώθη.
3162 707 3300 760 Ἀλλ’
3346 711 3478 779 ⁴ἡμῖν
3514 710 3624 780 ἀρ-

2034 790 2205 844 κοῦσα
2263 793 2563 863 σημείωσις
2601 794 2739 867 πρὸς
2785 796 2883 868 τὴν
2932 796 3040 850 τῶν
3091 798 3263 867 γενῶν
3294 799 3546 868 ἰδιότητα
3586 803 3620 870 ἡ

2033 886 2186 956 κοινὴ
2218 886 2434 957 χρῆσις,
2461 886 2555 940 καὶ
2587 889 2635 940 οἱ
2658 887 2806 958 παρὰ
2836 888 2936 958 τῆς
2958 889 3181 960 Γραφῆς
3206 891 3333 960 περί
3358 909 3419 944 τε
3440 892 3628 945 καθα-

2035 975 2143 1047 ρῶν
2176 977 2270 1028 καὶ
2309 975 2635 1048 ἀκαθάρτων
2676 977 2966 1049 διορισμοί.
3000 979 3164 1032 ’Δλλο
3209 981 3307 1051 μὲν
3333 977 3429 1034 οὖν
3456 984 3624 1051 γένος

2031 1066 2093 1118 τὸ
2123 1065 2231 1118 τῶν
2262 1066 2645 1137 σαρκοφάγων,
2677 1068 2772 1121 καὶ
2804 1067 2937 1140 άλλη
2975 1071 3284 1142 κατασκευὴ
3324 1072 3626 1142 πρέπουσα

2031 1157 2110 1229 τῷ
2141 1160 2327 1230 τρόπῳ
2354 1160 2452 1231 τῆς
2507 1160 2717 1230 διαίτης
2765 1161 2964 1225 αὐτῶν,
3017 1162 3224 1233 ὀνύχων
3269 1164 3467 1233 ἀκμαὶ,
3520 1167 3625 1218 καὶ

2033 1250 2210 1320 χεῖλος
2238 1250 2491 1318 ἀγκύλον,
2526 1251 2621 1305 καὶ
2647 1252 2848 1323 πτερὸν
2872 1252 2988 1319 ὀξὺ,
3019 1253 3159 1306 ὥστε
3184 1255 3279 1308 καὶ
3306 1255 3625 1328 συλληφθῆ-

2032 1359 2120 1393 ναι
2150 1341 2349 1411 ῥᾳδίως
2370 1343 2432 1395 τὸ
2457 1342 2702 1414 θήραμα,
2732 1345 2828 1398 καὶ
2860 1344 3230 1418 διασπαραγὲν
3262 1348 3371 1418 (47)
3403 1351 3623 1421 τροφὴν

2031 1433 2110 1503 τῷ
2130 1433 2302 1485 ἑλόντι
2353 1433 2627 1502 γενέσθαι.
2658 1435 2833 1506 Ἀλλη
2859 1436 2968 1489 τῶν
3020 1438 3405 1509 σπερμολόγων
3441 1458 3624 1495 κατα-

2035 1526 2204 1595 σκευή
2227 1543 2239 1555 ·
2278 1526 2411 1597 ἄλλη
2446 1527 2555 1580 τῶν
2583 1530 2647 1581 ἐκ
2676 1529 2877 1593 παντὸς
2909 1532 3258 1602 τρεφομένων
3295 1533 3387 1586 τοῦ
3421 1552 3623 1588 συντυ-

2032 1618 2236 1688 χόντος.
2298 1620 2406 1673 Καὶ
2433 1620 2492 1672 ἐν
2524 1619 2734 1684 τούτοις
2770 1620 3018 1677 πλεῖσται
3069 1624 3340 1696 διαφοραί.
3372 1626 3455 1679 Τά

2033 1710 2141 1779 γὰρ
2177 1710 2357 1762 αὐτῶν
2395 1713 2541 1763 ἐστιν
2575 1711 2684 1781 (48)
2731 1712 2981 1780 άγελικὰ,
3019 1714 3159 1786 πλὴν
3188 1716 3296 1769 τῶν
3337 1718 3620 1789 ἁρπακτι-

2034 1799 2144 1853 κῶν
2162 1816 2173 1828 ο
2209 1799 2414 1852 τούτων
2438 1800 2496 1857 δὲ
2528 1800 2681 1855 οὐδὲν
2710 1805 3024 1856 κοινωνικὸν
3045 1806 3201 1869 ἐκτὸς
3217 1806 3308 1859 τοῦ
3342 1809 3481 1861 κατὰ
3512 1809 3621 1875 τὰς

2033 1890 2292 1960 συζυγίας
2316 1892 2677 1963 συνδυασμοῦ.
2710 1895 2903 1965 Μυρίά
2927 1895 2983 1947 δὲ
3023 1895 3156 1950 ἄλλα
3189 1892 3622 1971 τὸν“άθροισμα-

2029 1988 2181 2041 τικδν
2213 1987 2415 2058 ᾕρηται
2461 1989 2593 2059 βίον,
2620 1989 2696 2053 ὡς
2728 1990 3047 2062 περιστεραὶ
3078 1992 3211 2062 (49),
3242 1992 3336 2046 καί
3367 1994 3617 2066 γέρανοι,

2031 2079 2124 2132 καί
2181 2079 2376 2151 ψῆρες,
2434 2080 2529 2161 καί
2574 2082 2789 2138 κολοιοί.
2847 2083 3016 2136 Πάλιν
3046 2084 3105 2136 ἐν
3135 2085 3344 2149 τούτοις
3386 2086 3457 2139 τὰ
3513 2088 3622 2157 μὲν

2030 2171 2243 2242 ἄναρχά
2271 2174 2387 2225 ἐστι
2435 2174 2529 2227 καὶ
2584 2168 2694 2226 οἷον
2726 2174 3001 2246 αὐτόνομα
3022 2193 3035 2208 ε
3072 2175 3139 2229 τὰ
3178 2177 3237 2229 δέ
3269 2178 3359 2247 ὑφ’
3385 2180 3621 2248 ἡγεμόνι

2033 2265 2288 2335 τετάχθαι
2320 2266 2750 2337 καταδεχόμενα,
2779 2268 2855 2331 ὡς
2886 2270 2943 2321 αἱ
2983 2268 3223 2341 γέρανοι.
3255 2271 3391 2341 Ἤδη
3427 2271 3485 2324 δέ
3529 2288 3621 2335 τις

2033 2357 2124 2411 καί
2157 2359 2320 2429 ἑτέρα
2360 2360 2417 2411 ἐν
2445 2358 2656 2422 τούτοις
2702 2360 2819 2412 ἐστ).
2844 2359 3097 2431 διαφορὰ,
3143 2361 3267 2414 καθ’
3295 2362 3362 2431 ἥν
3397 2362 3468 2416 τὰ
3516 2364 3621 2432 μὲν

2032 2450 2406 2522 ἐπιδημητικά
2431 2451 2492 2504 τέ
2523 2453 2641 2503 ἐστι
2687 2451 2782 2504 καὶ
2825 2451 3087 2524 ἐγχώρια,
3125 2452 3195 2505 τὰ
3247 2453 3303 2506 δὲ
3355 2454 3624 2523 ἀπαίρειν

2033 2542 2243 2610 πέφυκε
2277 2543 2636 2615 πορρωτάτω,
2670 2545 2763 2597 καὶ
2804 2544 3070 2613 χειμῶνος
3104 2543 3413 2612 ἐγγίζοντος
3459 2546 3621 2598 ἐκτο-

2034 2633 2213 2697 πίζειν
2252 2633 2328 2696 ὡς
2359 2633 2430 2686 τὰ
2463 2633 2654 2688 πολλά.
2699 2635 2971 2705 Χειροήθη
3024 2634 3081 2687 δὲ
3130 2635 3223 2688 καὶ
3267 2634 3497 2688 τιθασσά
3546 2635 3624 2688 τὰ

2035 2725 2222 2789 πολλὰ,
2247 2725 2354 2777 τῶν
2379 2727 2583 2798 ὀρνέων
2622 2727 2998 2797 ἐκτρεφόμενα
3029 2726 3257 2795 γίνεται,
3283 2727 3424 2795 πλήν
3456 2744 3520 2796 γε
3554 2727 3623 2798 δὴ

2034 2818 2143 2871 τῶν
2166 2816 2431 2880 ἀσθενῶν,
2453 2817 2488 2871 ἃ
2522 2817 2590 2869 δι’
2617 2818 2719 2870 ὑπε
2730 2817 3066 2888 ρόάλλουσαν
3093 2818 3295 2871 δειλίαν
3330 2816 3423 2871 καὶ
3452 2820 3624 2872 ἀναν-

2037 2908 2193 2980 δρίαν
2236 2909 2337 2978 τὴν
2385 2906 2580 2977 συνεχῆ
2605 2906 2705 2976 τῆς
2741 2906 2924 2977 χειρὸς
2946 2907 3228 2977 ἐνόχλησιν
3256 2907 3355 2976 οὐχ
3390 2907 3627 2974 ΰφίστα-

2038 3017 2127 3053 ται
2163 3000 2297 3071 (50).
2346 2998 2507 3057 Ἀλλὰ
2535 2999 2628 3051 καὶ
2682 2997 3207 3070 συνανθρωπιστικοί
3232 3015 3375 3060 τινες
3396 2997 3507 3050 τῶν
3529 2999 3617 3069 ὀρ.

353 3095 595 3163 ψιαιάοηι
617 3095 871 3161 gaudent,
900 3099 955 3146 et
1000 3091 1215 3145 easdem
1264 3101 1425 3158 atque
1456 3104 1553 3143 nos
1593 3087 1693 3157 ipsi
1728 3088 1937 3141 habita-

2045 3090 2200 3143 νίθων
2229 3090 2355 3151 sici,
2384 3088 2484 3152 τὰς
2518 3087 2689 3151 αὑτάς
2716 3090 2849 3158 ἡμῖν
2887 3090 3132 3160 οἰκήσεις
3159 3088 3587 3158 καταδεχόμενοι
3607 3105 3623 3119 ·

355 3185 533 3240 tiones
558 3183 860 3252 recipiunt:
891 3182 1010 3236 alia:
1036 3181 1276 3236 incolunt
1306 3190 1538 3242 montes,
1557 3194 1621 3234 ac
1649 3179 1938 3233 solitudine

356 3277 718 3332 delectantur.
768 3275 860 3333 Illa
918 3275 1341 3341 uniuscujusque
1388 3269 1692 3342 proprietas
1718 3285 1837 3339 quae
1870 3270 1938 3325 ad

355 3382 546 3425 Vocem
574 3369 832 3436 pertinet,
870 3367 1165 3419 maximum
1207 3365 1372 3418 etiam
1414 3362 1705 3417 discrimen
1754 3360 1935 3417 elﬁcit.

358 3459 495 3517 Alias
519 3458 663 3514 enim
697 3457 947 3512 volucres
981 3457 1236 3526 loquaces
1274 3462 1399 3510 sunt
1427 3464 1482 3508 et
1513 3452 1742 3524 garrulae
1772 3470 1789 3517 ;
1820 3452 1940 3507 aliae

360 3552 661 3613 taciturum.
698 3548 791 3607 Hae
820 3549 1035 3619 quidem
1059 3555 1362 3611 canorae.et
1393 3546 1619 3603 multum
1656 3545 1934 3610 clamosa);

360 3643 466 3705 illae
481 3644 705 3698 omnino
721 3641 1103 3697 modulationis
1119 3656 1183 3699 ac
1195 3650 1385 3696 cantus
1399 3648 1668 3708 expertes.
1687 3637 1939 3704 Quaedam

360 3742 489 3795 sunt
518 3731 859 3794 imitatrices,
878 3731 1274 3785 aemulationem
1304 3730 1451 3785 illam
1478 3728 1560 3782 vel
1585 3744 1613 3781 a
1648 3737 1837 3783 natura
1860 3726 1942 3779 vel

361 3824 432 3879 ab
446 3825 707 3879 exercitio
726 3823 1056 3892 accipientes
1083 3840 1097 3876 :
1118 3822 1363 3891 quaedam
1381 3820 1625 3875 eamdem
1644 3833 1857 3889 semper
1879 3832 1944 3873 ac

364 3915 755 3972 immutabilem
778 3927 964 3969 vocem
998 3914 1276 3968 emittunt.
1310 3910 1589 3981 Superbus
1620 3919 1704 3966 est
1730 3910 1940 3980 gallus:

360 4017 587 4065 ornatus
638 4016 694 4062 et
726 4007 1009 4076 elegantiae
1043 4016 1253 4060 amator
1288 4014 1374 4060 est
1422 4020 1557 4075 pavo
1596 4023 1609 4058 :
1645 4004 1947 4059 libidinosae

364 4100 648 4165 columbae,
695 4100 921 4171 perinde
970 4107 1130 4168 atque
1185 4098 1394 4168 gallinae
1454 4096 1797 4160 domesticae,
1828 4110 1947 4166 quae

363 4192 514 4255 nullo
537 4206 642 4246 non
680 4199 922 4260 tempore
951 4189 1160 4245 libidini
1198 4187 1496 4257 indulgent.
1544 4185 1740 4241 Dolosa
1771 4197 1826 4242 et
1851 4202 1945 4242 ze-

364 4281 545 4351 lotypa
590 4279 782 4348 perdix
824 4288 929 4344 est,
964 4276 1312 4333 venatoribus
1344 4277 1410 4330 ad
1457 4279 1692 4345 praedam
1725 4278 1946 4347 capien-

365 4378 488 4438 dam
522 4378 788 4431 malitiose
810 4391 963 4431 suam
996 4389 1217 4445 operam
1248 4383 1535 4443 praestans.

2043 3182 2191 3236 ἄλλοι
2223 3181 2279 3233 δὲ
2311 3181 2479 3250 ὄρειοι
2515 3180 2610 3232 καὶ
2652 3180 2962 3251 φιλέρημοι.
2990 3180 3239 3250 Μεγίστη
3287 3179 3344 3233 δὲ
3386 3178 3627 3250 διαφορὰ

2044 3274 2138 3327 καὶ
2173 3275 2205 3343 ἠ
2242 3274 2372 3343 περὶ
2404 3272 2505 3342 τὴν
2539 3270 2722 3342 φωνὴν
2762 3271 2961 3343 ἰδιότης
3000 3272 3251 3326 ἑκάστου.
3284 3273 3346 3324 Οί
3381 3272 3481 3342 μὲν
3515 3272 3629 3342 γὰρ

2046 3366 2265 3420 κωτίλοι
2295 3365 2388 3418 κα).
2418 3363 2568 3417 λάλοι
2589 3364 2697 3416 τῶν
2728 3363 2958 3435 ὀρνίθων
3006 3365 3145 3417 εἰσίν
3165 3382 3177 3394 ·
3219 3366 3267 3417 oi
3300 3364 3358 3417 δὲ
3390 3363 3624 3434 σιγηλοί.

2046 3461 2156 3513 Καὶ
2201 3458 2267 3512 τὰ
2331 3459 2430 3529 μὲν
2469 3457 2643 3530 ᾠδικά
2676 3456 2770 3511 καὶ
2814 3457 3138 3527 πολύφωνα·
3180 3456 3249 3510 τὰ
3302 3457 3360 3509 δὲ
3409 3457 3631 3525 ἄμουσα

2049 3553 2325 3616 παντελῶς
2375 3554 2469 3609 καὶ
2496 3553 2641 3624 ᾠδῆς
2674 3552 2898 3625 ἄμοιρα.
2936 3551 3048 3605 Καὶ
3092 3551 3163 3604 τὰ
3193 3551 3291 3621 μὲν
3324 3549 3557 3621 μιμηλὰ,
3593 3549 3629 3619 ἢ

2048 3647 2111 3698 ἐκ
2162 3645 2376 3714 φύσεως
2428 3644 2619 3714 ἔχοντα
2662 3643 2725 3697 τὸ
2774 3643 3082 3714 μιμεῖσθαι,
3130 3643 3163 3711 ἢ
3220 3641 3279 3708 ἐξ
3340 3642 3631 3711 ἀσκήσεως

2048 3735 2427 3807 προσλαϐόντα
2454 3733 2585 3804 (51)·
2622 3733 2691 3786 τὰ
2717 3733 2774 3786 δὲ
2820 3732 3151 3803 μονότροπον
3180 3732 3274 3785 καὶ
3313 3729 3630 3800 ἀμετάϐλη-

2046 3842 2139 3878 τον
2168 3825 2265 3896 τὴν
2292 3824 2476 3895 φωνὴν
2504 3823 2750 3891 ἀφιέντα.
2783 3820 2992 3892 Γαῦρον
3019 3824 3048 3874 6
3079 3818 3393 3890 ἀλεκτρυών
3413 3836 3426 3847 ·
3480 3819 3633 3887 (91.3.6-

2048 3916 2213 3974 καλον
2241 3919 2271 3969 6
2309 3914 2455 3978 ταώς
2475 3931 2488 3947 ·
2537 3915 2747 3983 λάγνιοι
2785 3917 2841 3968 αἱ
2878 3912 3198 3985 περιστεραὶ
3232 3912 3327 3965 καὶ
3360 3912 3416 3965 αἱ
3442 3927 3631 3964 κατοι-

2050 4008 2210 4061 κίδιοι
2267 4007 2466 4079 ὄρνεις,
2501 4006 2593 4058 ἐπὶ
2625 4002 2828 4066 παντὸς
2858 4003 3052 4073 καιροῦ
3087 4002 3149 4054 τὸ
3187 4000 3632 4054 συνουσιαπικόν

2051 4099 2291 4170 ἔχουσαι.
2351 4096 2575 4169 Δολερόν
2627 4098 2655 4150 6
2725 4095 2838 4166 (52)
2896 4093 3086 4165 πέρδιξ
3145 4093 3241 4148 καὶ
3303 4093 3630 4164 ζηλότυπον,

2052 4192 2376 4264 κακούργως
2440 4189 2808 4261 συμπράττων
2869 4189 2985 4250 τοῖς
3031 4186 3294 4259 θηραταῖς
3344 4185 3483 4257 πρὸς
3533 4186 3635 4255 τὴν

2053 4283 2248 4354 ἄγραν.

438 4467 495 4523 4.
535 4467 821 4521 lnnumera
872 4474 1018 4534 sunt,
1082 4477 1142 4519 ut
1200 4466 1463 4531 diximus,
1494 4473 1551 4518 et
1591 4465 1862 4519 actionum
1892 4472 1939 4518 el

2120 4466 2173 4521 4.
2202 4466 2433 4537 Μυρίαι,
2472 4465 2548 4528 ὡς
2581 4463 2817 4534 ἔφαμεν,
2849 4463 2943 4517 καὶ
2961 4462 3071 4516 τῶν
3107 4461 3360 4533 πράξεων
3399 4458 3495 4514 καὶ
3528 4460 3638 4514 τῶν

364 4558 492 4612 vitae
535 4558 867 4617 discrimina.
910 4556 1079 4612 Porro
1104 4557 1348 4625 quaedam
1385 4571 1450 4610 ex
1486 4556 1571 4610 his
1616 4556 1790 4611 brutis
1826 4558 1950 4611 ani-

368 4649 643 4709 mantibus
671 4659 798 4704 sunt
823 4664 1039 4723 quoque
1067 4648 1297 4719 politicm
1327 4665 1338 4699 :
1365 4647 1628 4716 siquidem
1658 4647 1831 4702 civilis
1862 4649 1952 4702 ad-

367 4741 787 4805 ministrationis
822 4740 1097 4810 proprium
1140 4751 1244 4803 est,
1277 4749 1335 4794 ut
1365 4740 1431 4793 ad
1480 4754 1645 4792 unum
1697 4755 1952 4795 commu-

370 4848 492 4891 nem
525 4835 684 4887 linem
713 4832 1045 4901 singulorum
1074 4831 1312 4886 actiones
1347 4840 1695 4896 concurrant,
1727 4842 1786 4885 ut
1807 4831 1955 4900 quis-

369 4940 478 4997 que
519 4927 572 4980 in
610 4927 802 4995 apibus
835 4924 1034 4980 intueri
1086 4932 1281 4993 potest.
1328 4921 1423 4976 His
1470 4921 1616 4975 enim
1649 4924 1952 4978 communis

447 5064 559 5135 (4⁸1)
577 5063 713 5134 Reg.
741 5064 947 5134 primus
971 5078 1093 5118 cum
1124 5060 1277 5115 Colb.
1314 5060 1498 5114 itidem
1531 5058 1704 5128 primo
1726 5057 1960 5113 διασπα-

377 5135 738 5300 Ραῖιῗέἶξὶοιὺ.
768 5205 974 5277 primus
998 5202 1177 5257 αὐτῶν
1197 5202 1355 5255 είσιν.
1380 5199 1500 5255 Mox
1530 5201 1668 5255 idem
1690 5214 1793 5253 ms.
1820 5199 1961 5254 κατὰ

379 5294 662 5346 συςυγιαν.
1245 5343 1253 5346 _
1318 5344 1325 5346 γ
1404 5343 1415 5346 _
1493 5341 1505 5346 _
1611 5342 1623 5346 _
1760 5340 1772 5346 _

452 5340 562 5419 (49)
585 5347 732 5403 Editi
751 5348 826 5419 ὡς
854 5347 911 5400 al,
936 5343 1281 5419 περιστεραίἒ
1304 5341 1573 5419 articulus
1593 5342 1742 5395 deest
1760 5340 1811 5393 in
1830 5355 1959 5395 mss.

377 5412 621 5474 Subinde
659 5418 809 5472 multi
841 5432 970 5471 mss.
1011 5412 1205 5486 ψῆρες.
1243 5414 1381 5486 Editi
1412 5412 1608 5486 ψάρες.

460 5488 570 5560 (50)
603 5488 733 5556 Reg.
767 5497 952 5542 sextus
971 5477 1315 5555 ὑφίστανται.
1347 5477 1961 5537 lbideinCod.Combef.

381 5558 578 5629 συνανθ
588 5560 835 5629 ρ-ωπικοί.

480 5628 567 5694 51)
588 5623 825 5682 Ὁοιίίεεε
855 5628 961 5681 duo
994 5623 1526 5696 προσλαμϐάνοντας..

480 5632 567 5694 5|)
596 5632 825 5682 Codices
855 5632 961 5681 duo
994 5632 1526 5696 προσλαμὸάνονται.

456 5632 570 5774 ὶὸᾷ)
624 5698 774 5763 Regii
796 5766 807 5774 _
830 5698 1059 5774 primus,
1098 5698 1290 5774 lenitis
1322 5704 1387 5774 et.
1414 5693 1636 5774 quintus
1665 5691 1882 5774 δολερρς
1912 5692 1959 5743 6.

389 5761 529 5833 Editi
552 5761 676 5823 cum
702 5761 882 5823 multis
912 5766 1030 5828 aliis
1052 5761 1184 5821 mss.
1216 5762 1432 5843 δολερὸν
1453 5763 1500 5816 ὁ.
1539 5761 1721 5820 Potest
1747 5761 1961 5833 quidem

2059 4560 2187 4631 βίων
2215 4557 2488 4628 διαφοραί.
2530 4558 2685 4610 ’Ἐστι
2709 4556 2767 4608 δέ
2795 4572 2917 4608 τινα
2950 4556 3044 4608 καὶ
3082 4553 3339 4607 πολιτικὰ
3370 4553 3482 4607 τῶν
3519 4553 3641 4605 ὰ.λὸ-

2056 4669 2188 4721 γων,
2220 4649 2379 4720 εἴπερ
2409 4648 2686 4710 πολιτείας
2715 4648 2866 4711 ἴδιον,
2897 4648 2958 4700 τὸ
2986 4647 3122 4718 πρὸς
3155 4645 3212 4697 ἐν
3245 4644 3423 4713 πέρας
3461 4644 3638 4697 κοινὸν

2060 4742 2336 4797 συννεύειν
2382 4742 2481 4812 τὴν
2532 4741 2815 4812 ἐνέργειαν
2860 4740 2968 4794 τῶν
2999 4737 3120 4793 καθ’
3146 4738 3400 4802 ἕκαστον,
3438 4736 3517 4798 ὡς
3548 4737 3641 4788 ἐπὶ

2058 4834 2166 4887 τῶν
2201 4832 2470 4903 μελισσῶν
2493 4833 2559 4886 ἄν
2588 4849 2673 4894 τις
2708 4830 2826 4885 ἴδοι.
2848 4830 2958 4884 Καὶ
2977 4830 3087 4901 γὰρ
3107 4830 3330 4883 ἐκείνων
3358 4828 3513 4899 κοινὴ
3546 4830 3643 4899 μὲν

2059 4927 2093 4996 ἡ
2126 4924 2361 4996 οἴκησις,
2396 4925 2551 4996 κοινὴ
2573 4923 2680 4994 δέή
2710 4923 2929 4993 πτῆσις,
2948 4921 3176 4994 ἐργασία
3211 4920 3269 4974 δέ
3299 4919 3640 4990 πάντων(ὥ)

2064 5065 2221 5117 lectio
2253 5071 2481 5130 utraque
2517 5060 2729 5113 admitti
2757 5059 2885 5114 :scd
2914 5074 3038 5112 cum
3063 5063 3379 5130 constanter
3393 5055 3508 5130 hoc
3532 5056 3644 5124 ipso

2064 5135 2116 5188 in
2184 5134 2299 5191 loco
2360 5125 2659 5198 reperiatur
2720 5131 2771 5183 in
2832 5130 3085 5182 omnibus
3138 5143 3283 5198 mss._
3321 5125 3642 5198 ζηλότυπον,

2064 5204 2287 5258 dubium
2320 5195 2432 5255 non—
2469 5202 2643 5254 habeo
2676 5201 2805 5267 quin
2851 5199 3137 5267 legendum
3167 5198 3238 5250 sit
3264 5195 3506 5266 δολερόν.

2137 5272 2249 5344 (5'5)
2283 5272 2578 5344 Editicum
2604 5269 2785 5323 multis
2812 5283 2950 5344 mss.
2991 5268 3233 5344 πάντων.
3266 5267 3422 5321 Colb.
3457 5280 3648 5344 secun-

2065 5336 2166 5397 dus
2201 5336 2410 5394 πασῶν.
2440 5339 2610 5394 Nemo
2639 5355 2743 5394 non
2777 5339 3326 5391 videteorrectionem
3355 5350 3476 5388 esse
3501 5336 3647 5403 igna-

2066 5414 2110 5466 ri
2168 5413 2397 5474 librarii,
2431 5412 2519 5478 qui
2560 5410 2702 5476 quod
2755 5423 2855 5460 vox
2908 5407 3138 5478 μέλισσα
3159 5406 3407 5478 feminini
3435 5405 3646 5472 generis

2071 5485 2162 5545 sit,
2194 5483 2264 5536 ita
2293 5474 2689 5535 emendandum
2721 5493 2841 5532 esse
2878 5474 3107 5545 putavit.
3140 5477 3244 5528 Sed
3277 5474 3405 5545 nihil
3432 5489 3650 5529 necesse

2074 5553 2193 5606 fuit.
2222 5550 2355 5604 Nam
2391 5560 2450 5603 ut
2485 5550 2619 5602 alias
2646 5564 2807 5617 saepe,
2828 5544 2901 5600 ita
2930 5549 3015 5617 hic
3036 5546 3288 5617 generale
3313 5544 3530 5612 aliquod
3558 5561 3649 5617 no—

2074 5621 2570 5699 ltt:‘_n_sub:tutlilur,
2611 5615 2734 5699 puta
2754 5617 2912 5682 ζῶον.
2944 5615 3141 5672 Statim
3177 5616 3317 5671 idem
3355 5617 3528 5671 codex
3560 5615 3651 5669 καὶ

2070 5692 2357 5770 ταξιάρχῃ.
