3850 6218
198 324 235 374 1
247 322 316 373 75

1316 314 1601 372 HOMILlA
1641 313 1756 371 VIII
1792 314 1860 369 IN
1903 315 2405 373 HEXAEMERON.

3384 315 3487 370 1⁵74

205 434 342 507 μία·
370 436 465 487 και
486 430 550 486 τὸ
587 430 865 503 μέγιστον,
900 431 983 484 ὅτι
1016 430 1121 484 ὑπὸ
1156 430 1369 501 βασιλεῖ
1397 433 1493 485 καὶ
1521 429 1800 502 ταξιάρχῳ

1911 444 1989 489 ρει
2020 434 2304 498 habitatio,
2329 433 2632 488 communis
2668 430 2898 495 volatus,
2943 446 3157 502 unaque
3209 442 3265 486 et
3295 434 3486 487 eadem

201 526 316 582 τι.νὶ
334 526 443 579 τῶν
482 524 660 596 ἔργων
684 522 968 587 ἅπτονται,
997 524 1058 576 οὐ
1085 523 1347 595 πρότερον
1371 523 1797 593 καταδεχόμεναι

202 620 303 674 ἐπὶ
326 618 454 681 τοὺς
481 614 755 689 λειμῶνας
784 616 981 682 ἐλθεῖν,
1008 616 1139 686 πρὶν
1175 613 1240 668 ἂν
1273 615 1424 669 ἴδωσι
1450 613 1798 686 κατάρξαντα

207 710 301 764 τὸν
324 709 549 780 βασιλέα
574 710 675 781 τῆς
699 709 976 780 πτήσεως.
1001 708 1109 761 Καὶ
1139 706 1285 761 ἔστιν
1309 708 1499 769 αὐταῖς
1528 706 1589 758 οὺ
1622 721 1799 776 χειρο-

206 803 431 872 τονητὸς
454 804 483 856 ὁ
515 801 770 873 βασιλεὺς
793 800 1075 871 (πολλάκις
1104 798 1213 871 γὰρ
1242 798 1470 871 ἀκρισία
1489 799 1664 869 δήμου
1688 796 1799 867 (54)

206 894 300 947 τὸν
332 893 608 965 χείριστον
640 895 720 956 είς
753 892 929 963 ἀρχὴν
973 893 1393 963 προεστήσατο),
1425 892 1547 944 οὐδὲ
1588 890 1801 961 κληρω-

204 985 306 1057 τὴν
330 987 472 1057 έχων
498 984 599 1055 τὴν
628 984 880 1052 ἐξουσίαν
911 984 1117 1054 (ἄλογοι
1142 985 1250 1055 γὰρ
1276 986 1332 1038 αἱ
1378 983 1659 1054 συντυχίαι
1690 983 1800 1036 τῶν

64 1114 89 1119 —
203 1079 431 1151 κλήρων
453 1078 548 1131 ἐπὶ
583 1078 677 1131 τὸν
709 1078 926 1131 πάντων
958 1077 1185 1147 ἔσχατον
1233 1076 1494 1141 πολλάκις
1515 1077 1575 1129 τὸ
1601 1076 1800 1146 κράτος

204 1169 660 1240 φέρουσαι),ούδὲ
694 1172 761 1224 ἐκ
795 1169 1068 1239 πατρικῆς
1089 1167 1340 1240 διαδοχῆς
1365 1171 1479 1232 τοῖς
1506 1167 1801 1237 βασιλείοις

205 1260 646 1333 ἐγκαθεζόμενος
680 1261 798 1332 (καὶ
855 1260 963 1332 γὰρ
997 1262 1092 1314 καὶ
1141 1256 1287 1314 οὗτοι
1332 1261 1649 1315 ἀπαίδευτοι
1707 1260 1800 1313 καὶ

207 1353 448 1426 ἀμαθεῖς
477 1355 660 1425 πάσης
695 1352 896 1424 ἀρετῆς
920 1351 1009 1405 διά
1039 1352 1251 1424 τρυφὴν
1280 1353 1376 1406 καὶ
1411 1351 1702 1405 κολακείαν
1725 1351 1802 1415 ὡς

205 1443 282 1496 τὰ
313 1444 483 1498 πολλά
515 1443 801 1513 γίνονται),
862 1442 977 1496 ἀλλ’
1021 1445 1086 1497 ὲκ
1117 1443 1332 1512 φύσεως
1369 1443 1509 1513 έχων
1554 1443 1616 1496 τὸ
1660 1442 1802 1496 κατὰ

207 1537 432 1590 πάντων
461 1538 749 1607 πρωτεῖον,
776 1536 871 1588 καὶ
900 1534 1122 1605 μεγέθει
1142 1535 1413 1608 διαφέρων
1435 1536 1529 1589 καὶ
1564 1536 1801 1607 σχήματι

206 1627 309 1681 καὶ
344 1630 411 1699 τῇ
444 1625 541 1681 τοῦ
572 1626 738 1698 ήθους
782 1627 1072 1699 πραότητι.
1119 1628 1276 1681 Ἔστι
1309 1628 1409 1697 μὲν
1442 1626 1552 1698 γὰρ
1578 1627 1802 1698 κέντρον

205 1718 290 1789 τῷ
320 1719 551 1790 βασιλεῖ,
582 1718 697 1773 ἀλλ’
732 1719 794 1772 ού
831 1719 1032 1790 χρῆται
1059 1717 1236 1789 τούτῳ
1261 1718 1398 1790 πρὸς
1423 1719 1657 1791 ἄμυναν.
1693 1718 1801 1771 Νό-

1906 526 2146 581 omnium
2178 526 2320 581 actio
2348 542 2362 579 :
2405 534 2456 580 et
2507 527 2650 595 quod
2704 525 3033 595 praecipuum
3068 534 3181 587 est,
3215 526 3313 580 sub
3341 540 3485 590 rege,

1904 628 1962 672 et
1991 616 2090 671 sub
2114 615 2346 685 quodam
2378 615 2634 685 praefecto
2671 629 2891 682 operam
2917 615 3344 685 aggrediuntur;
3381 628 3485 667 non

1906 709 2055 779 prius
2088 709 2153 764 ad
2186 716 2336 778 prata
2377 707 2644 779 proﬁcisci
2681 707 2789 779 74
2818 723 2983 772 ausae,
3010 723 3172 777 quam
3200 722 3378 776 regem
3410 710 3493 761 vi-

1907 801 2085 857 derint
2127 801 2330 856 volatui
2378 809 2733 870 praeeuntem.
2766 801 2882 855 Rex
2944 808 3122 855 autem
3176 805 3316 869 apud
3347 802 3495 869 ipsas

1909 891 2181 962 suﬁ'ragiis
2235 906 2343 946 non
2387 900 2625 958 creatur,
2682 892 2873 962 vulgus
2909 906 3142 961 namque
3174 891 3363 960 judicii
3403 892 3488 945 in-

1907 983 2028 1052 opia
2057 983 2348 1054 pessimum
2379 997 2747 1053 saepenumero
2775 984 2841 1037 ad
2871 984 3231 1054 principatum
3271 989 3485 1042 evexit:

1908 1091 2086 1146 neque
2123 1085 2269 1131 sorte
2299 1083 2619 1147 potestatem
2646 1078 2971 1146 assequitur,
3024 1079 3292 1133 temerarii
3343 1080 3487 1134 enim

1909 1168 2136 1223 sortium
2182 1182 2341 1222 casus
2387 1166 2674 1236 imperium
2706 1181 2848 1236 saepe
2882 1168 2935 1220 in
2969 1169 3210 1223 omnium
3256 1170 3486 1226 deterri-

1909 1276 2055 1314 mum
2089 1259 2375 1317 conferunt
2406 1276 2420 1311 :
2454 1274 2552 1315 nec
2574 1274 2638 1315 ex
2676 1268 2898 1329 paterna
2942 1264 3288 1319 successione
3321 1265 3374 1319 in
3405 1280 3487 1320 re-

1908 1354 2010 1424 gali
2043 1353 2239 1410 throno
2267 1351 2579 1417 collocatur,
2618 1369 2740 1408 nam
2775 1364 2830 1407 et
2857 1355 2891 1408 ii
2924 1354 3087 1410 rudes
3129 1366 3489 1425 expertesque

1910 1449 2125 1502 virtutis
2155 1447 2352 1512 omnis,
2387 1447 2457 1502 ob
2489 1446 2711 1502 delicias
2738 1455 2794 1502 et
2822 1448 3221 1503 assentationes
3247 1448 3485 1518 plerum-

1910 1555 2016 1610 que
2045 1540 2210 1606 ﬁunt;
2237 1540 2330 1595 sed
2362 1553 2391 1593 a
2427 1548 2622 1594 natura
2658 1539 2711 1594 in
2742 1555 2934 1595 omnes
2961 1540 3173 1595 obtinet
3212 1540 3488 1609 principa-

1912 1641 2023 1686 tum
2054 1648 2069 1686 :
2094 1632 2291 1701 quippe
2326 1639 2381 1687 et
2410 1631 2780 1700 magnitudine
2811 1642 2867 1687 et
2887 1631 3062 1687 forma
3083 1642 3138 1688 et
3164 1648 3378 1689 morum
3408 1633 3488 1688 le-

1912 1725 2082 1779 nitate
2108 1724 2400 1779 antecellit.
2426 1724 2571 1778 lnest
2603 1724 2819 1793 quidem
2848 1724 2962 1795 regi
2999 1726 3220 1781 aculeus
3254 1744 3269 1781 :
3303 1726 3398 1781 sed
3422 1742 3489 1782 eo

211 1826 305 1880 μοι
337 1809 481 1874 τινές
513 1810 652 1864 εἰσιν
703 1804 851 1864 οὗτοι
898 1810 997 1881 τῆς
1053 1809 1266 1878 φύσεως
1300 1809 1560 1880 ἄγραφοι,
1601 1809 1800 1881 ἀργοὺς

1911 1829 2012 1870 non
2042 1814 2211 1868 utitur
2243 1816 2311 1868 ad
2356 1812 2638 1868 ultionem.
2697 1811 2791 1868 Ila:
2819 1822 2947 1867 sunt
3000 1812 3246 1883 quaedam
3281 1821 3490 1868 naturae

210 1895 352 1953 εἶναι
390 1901 526 1973 πρὸς
552 1903 828 1972 τιμωρίαν
861 1902 989 1964 τοὺς
1020 1900 1130 1955 τῶν
1175 1901 1448 1972 μεγίστων
1475 1900 1803 1956 δυναστειῶν

207 1992 613 2057 ἐπιϐαίνοντας.
648 1993 811 2047 Ἀλλά
842 1994 937 2047 καὶ
970 1997 1090 2058 ταῖς
1137 1993 1441 2065 μελίσσαις,
1476 1995 1595 2047 ὅσαι
1628 1993 1695 2047 ἄν
1726 1993 1803 2065 μὴ

207 2085 625 2157 ἁκολουθήσωσι
655 2085 734 2156 τῷ
776 2087 1146 2157 ὑποδείγματι
1188 2085 1284 2139 τοῦ
1341 2085 1626 2157 βασιλέως,
1663 2088 1801 2157 ταχὺ

209 2179 511 2252 μεταμέλει
562 2180 665 2251 τῆς
714 2180 997 2247 ἀϐουλίας,
1025 2181 1199 2252 ὅτιτῇ
1233 2179 1416 2252 πληγῇ
1446 2179 1538 2233 τοῦ
1575 2180 1801 2252 κέντρου

205 2272 731 2346 ὲπαποθνήσκουσιν
947 2272 1323 2326 Ἀκουέτωσαν
1349 2271 1687 2343 Χριστιανοὶ,
1720 2267 1802 2335 οἷς

206 2367 547 2439 πρόσταγμά
593 2370 712 2421 εστι
767 2367 960 2438 μηδενὶ
998 2368 1168 2420 κακὸν
1202 2367 1323 2420 ἀντὶ
1355 2364 1526 2420 κακοῦ
1553 2365 1802 2420 ἀποδιδὸ-

204 2476 323 2523 ναι,
354 2459 492 2513 ἀλλά
512 2461 668 2531 νικᾷν
708 2463 767 2514 ἐν
792 2458 869 2530 τῷ
896 2459 1087 2531 ἀγαθῷ
1116 2459 1178 2513 τὸ
1206 2458 1397 2513 κακόν.
1425 2458 1679 2529 Μίμησαι
1703 2460 1804 2529 τῆς

210 2551 481 2622 μελίσσης
517 2552 577 2605 τὸ
632 2552 957 2624 ἰδιότροπον,
1021 2552 1125 2615 ὅτι,
1170 2551 1348 2605 οὐδενὶ
1404 2550 1798 2622 λυμαινομένη,

204 2646 335 2701 οὐδὲ
355 2647 568 2718 καρπὸν
597 2646 879 2718 ἀλλότριον
907 2645 1322 2717 διαφθείρουσα,
1348 2643 1419 2698 τὰ
1460 2643 1630 2716 κηρία
1658 2660 1800 2714 συμ-

207 2737 503 2807 πήγνυται.
542 2737 645 2790 Τὸν
687 2739 786 2809 μὲν
814 2737 926 2809 γάρ
953 2735 1124 2808 κηρὸν
1153 2736 1261 2789 ἀπὸ
1284 2734 1394 2789 τῶν
1424 2734 1603 2789 ἀνθῶν
1636 2751 1802 2804 φανε-

207 2827 325 2899 ρῶς
352 2830 667 2901 συναγείρει
702 2830 835 2900 (56),
870 2829 1008 2883 τὸδὲ
1046 2829 1188 2899 μέλι,
1215 2828 1316 2898 τὴν
1351 2826 1671 2899 δροσοειδῶς
1713 2829 1801 2880 ὲν-

206 2921 571 2992 εσπαρμένην
616 2921 797 2975 νοτίδα
843 2923 957 2984 τοῖς
987 2920 1228 2980 ἄνθεσιν.
1275 2908 1698 2989 ἐπισπασαμένη
1724 2917 1803 2989 τῷ

208 3011 466 3081 στόματι,
498 3013 704 3084 ταύτην
733 3015 855 3076 ταῖς
879 3012 1155 3082 κοιλότησι
1177 3011 1285 3065 τῶν
1321 3011 1530 3083 κηρίων
1571 3010 1798 3081 ἐνίησιν.

208 3100 381 3157 Ὅθεν
415 3106 507 3159 καὶ
534 3105 701 3177 ὑγρὸν
744 3104 898 3176 παρά
950 3103 1048 3174 τὴν
1084 3101 1310 3175 πρώτην
1342 3102 1489 3155 ἐστίν
1512 3118 1525 3133 ο
1557 3097 1677 3154 εἶτα
1724 3100 1802 3172 τῷ

207 3199 390 3271 χρόνῳ
438 3195 774 3268 συμπεφθὲν,
817 3196 956 3267 πρὸς
1007 3195 1105 3267 τὴν
1136 3194 1343 3248 οἰκείαν
1395 3193 1653 3247 σύστασιν
1708 3193 1802 3246 καὶ

209 3289 408 3361 ἡδονὴν
472 3287 855 3359 ἐπανέρχεται.
890 3285 1117 3341 »Καλῶν
1157 3286 1253 3338 καὶ
1296 3284 1616 3356 πρεπόντων
1662 3283 1801 3352 αὔτη

206 3382 322 3435 τῶν
368 3381 608 3435 ἐπαίνων
659 3378 814 3451 παρὰ
867 3378 971 3447 τῆς
1017 3377 1326 3450 Παροιμίας
1366 3375 1478 3447 (57)
1510 3375 1799 3446 τετύχηκε,
1837 3448 1841 3452 ἡ

212 3471 358 3543 σοφὴ
385 3472 480 3524 καὶ
504 3471 726 3543 ἐργάτις
767 3467 1159 3539 ὀνομασθεῖσα·
1197 3466 1340 3520 οὕτω
1375 3465 1475 3537 μὲν
1501 3463 1804 3534 φιλοπόνως

210 3565 315 3635 τὴν
343 3564 556 3636 τροφὴν
586 3561 983 3633 συναγείρουσα
1012 3556 1107 3631 (ἧς
1153 3558 1297 3625 τοὺς
1349 3560 1599 3623 πόνους,
1646 3555 1801 3627 φησι,

206 3655 499 3722 ,βασιλεῖς
524 3653 621 3708 καὶ
651 3652 873 3708 ἰδιῶται
903 3652 1054 3721 πρὸς
1080 3652 1291 3721 ὑγείαν
1313 3645 1800 3719 προσφέρονται),

208 3748 359 3804 οὕτω
400 3748 459 3801 δὲ
491 3747 671 3817 σοφῶς
714 3743 1105 3816 φιλοτεχνοῦσα
1137 3743 1238 3809 τὰς
1270 3744 1558 3816 ἀποθήκας
1578 3741 1672 3796 τοῦ
1708 3742 1806 3812 μέ-

210 3841 361 3904 λιτος
394 3842 497 3909 (εἰς
541 3838 738 3892 λεπτὸν
778 3838 888 3909 γὰρ
928 3837 1104 3908 ὑμένα
1143 3837 1237 3890 τὸν
1263 3835 1432 3907 κηρὸν
1469 3833 1799 3899 διατείνασα,

213 3934 429 3998 πυκνὰς
456 3933 550 3988 καὶ
578 3934 823 4004 συνεχεῖς
853 3931 1117 4003 ἀλλήλαις
1146 3929 1520 3999 συνοικοδομεῖ
1554 3928 1653 3991 τάς
1691 3944 1805 3979 κοι-

208 4026 486 4099 λότητας),
537 4027 614 4089 ὡς
644 4025 706 4079 τὸ
742 4024 945 4078 πυκνὸν
978 4025 1078 4095 τῆς
1119 4024 1231 4077 τῶν
1275 4021 1622 4094 μικροτάτων
1666 4019 1803 4091 πρὸς

209 4118 422 4190 ἄλληλα
445 4118 646 4181 δέσεως
683 4116 917 4189 ἔρεισμα
955 4115 1203 4184 γίνεσθαι
1232 4113 1312 4186 τῷ
1341 4113 1523 4167 παντί.
1568 4111 1802 4183 Ἐκάστη

210 4210 324 4282 γὰρ
354 4211 584 4281 φρεατία
609 4207 719 4279 (58)
754 4207 853 4278 τῆς
878 4206 1072 4278 ἐτέρας
1104 4206 1309 4277 ἔχεται,
1337 4203 1519 4274 λεπτῷ
1548 4203 1685 4275 πρὸς
1710 4203 1805 4256 αύ-

208 4300 312 4373 τὴν
339 4298 685 4371 διειργομὲνη
704 4315 764 4351 τε
797 4297 933 4369 ὁμοῦ
959 4299 1055 4350 καὶ
1079 4296 1460 4367 συναπτομένη
1486 4293 1563 4364 τῷ
1578 4292 1808 4362 διαφρά⁹

211 4410 406 4464 γματι.
438 4392 670 4445 Ἔπειτα
697 4388 951 4462 διώροφοι
983 4389 1077 4444 καὶ
1117 4388 1415 4461 τριώροφοι
1447 4390 1504 4441 αἱ
1539 4387 1805 4457 σύριγγες

1907 1905 2052 1976 leges
2099 1906 2323 1961 minime
2355 1905 2592 1976 scriptae,
2626 1913 2687 1960 ut
2732 1905 2872 1960 tardi
2923 1905 3035 1960 sint
3066 1906 3131 1961 ad
3171 1905 3487 1970 vindictam,

1904 1997 1995 2067 qui
2069 1998 2137 2053 ad
2210 1998 2505 2052 maximam
2550 1998 2849 2067 potentiam
2893 2007 3023 2052 sunt
3058 1996 3254 2052 evecti.
3298 1997 3404 2053 Sed
3436 2006 3493 2051 et

1904 2102 2242 2159 quaecunque
2294 2103 2424 2157 apes
2479 2087 2621 2158 regis
2668 2102 2773 2143 non
2824 2100 3126 2157 sequuntur
3157 2087 3487 2156 exemplum,

1905 2191 2000 2233 eas
2039 2178 2221 2233 statim
2248 2178 2572 2234 temeritatis
2594 2193 2706 2233 sua;
2735 2179 2961 2248 poenitet
2989 2195 3004 2242 ;
3029 2185 3315 2249 propterea
3347 2178 3490 2248 quod

1905 2268 2078 2324 aculei
2107 2269 2214 2323 ictu
2269 2269 2562 2324 intereunt.
2612 2270 2850 2325 Audiant
2892 2268 3208 2335 Christiani,
3237 2269 3328 2337 qui
3358 2269 3488 2324 nulli

1905 2362 2104 2418 malum
2139 2378 2236 2433 pro
2282 2362 2426 2418 malo
2471 2364 2714 2427 reddere,
2750 2365 2844 2419 sed
2873 2363 2926 2417 in
2958 2362 3101 2418 bono
3140 2362 3340 2417 malum
3372 2363 3491 2416 vin-

1904 2469 2030 2510 cere
2052 2455 2310 2526 jubentur
2330 2454 2610 2510 ⁵.1ηιίιιιι’θ
2649 2455 2922 2527 propriam
2952 2453 3068 2525 apis
3098 2453 3492 2524 indolem,qute

1904 2548 2034 2604 nulli
2069 2546 2327 2612 oﬂiciens,
2361 2562 2533 2617 neque
2560 2547 2796 2604 fructum
2827 2548 3062 2603 alienum
3110 2560 3487 2616 corrumpens,

1903 2637 2057 2693 favos
2086 2636 2356 2692 construit
2385 2651 2449 2691 ac
2469 2636 2783 2708 compingit.
2819 2635 2954 2691 Nam
2995 2644 3055 2691 ut
3087 2651 3271 2692 ceram
3296 2651 3361 2689 ex
3390 2635 3490 2690 ﬁo-

1904 2729 2055 2784 ribus
2104 2738 2292 2798 aperte
2340 2727 2545 2798 colligit
2596 2748 2610 2783 :
2649 2728 2723 2783 ita
2770 2727 2914 2793 mel,
2958 2728 3239 2783 humorem
3286 2729 3492 2784 scilicet

1906 2824 2046 2877 roris
2075 2821 2248 2876 instar
2283 2819 2507 2876 ﬁoribus
2542 2822 2879 2890 inspersum,
2910 2836 3006 2875 ore
3049 2822 3291 2886 attrahit,
3328 2832 3493 2891 atque

1904 2916 1958 2969 in
1982 2913 2225 2970 favorum
2256 2929 2387 2968 cava
2434 2913 2698 2968 immittit.
2720 2913 2875 2969 Unde
2906 2913 3069 2967 etiam
3117 2914 3293 2983 primo
3330 2913 3492 2983 liqui-

1903 3004 2028 3059 dum
2055 3012 2138 3059 est
2170 3022 2186 3059 :
2220 3004 2415 3060 deinde
2466 3006 2726 3072 temporis
2755 3018 3009 3074 processu
3048 3013 3393 3070 concoctum,
3421 3005 3490 3059 ad

1906 3096 2178 3165 propriam
2205 3095 2605 3151 concretionem
2627 3095 3057 3165 suavitatemque
3077 3096 3341 3165 pervenit.
3362 3096 3493 3165 Apis

1909 3188 2197 3257 praeclaras
2236 3196 2292 3243 et
2331 3188 2714 3244 convenientes
2751 3188 2938 3243 laudes
2962 3204 2993 3242 a
3036 3186 3331 3243 Proverbio
3356 3202 3491 3244 con-

1909 3290 2095 3337 secuta
2127 3288 2229 3348 est,
2260 3297 2382 3351 qua:
2407 3281 2615 3337 scilicet
2651 3280 2948 3349 appelletnr
2988 3281 3205 3350 sapiens
3246 3288 3302 3334 et
3345 3280 3495 3335 labo-

1910 3373 2077 3428 riosa.
2106 3372 2219 3428 Hoc
2249 3373 2427 3441 modo,
2459 3381 2516 3426 ut
2544 3373 2829 3443 diligenter
2852 3372 2968 3442 apis
3012 3371 3265 3443 pabulum
3299 3387 3497 3442 conge-

1911 3465 1981 3519 rit
2007 3464 2182 3535 (cuju:
2210 3465 2414 3519 labores
2436 3505 2450 3530 ,
2493 3466 2690 3535 inquit,
2731 3481 2877 3535 reges
2904 3473 2953 3519 et
2976 3465 3169 3535 privati
3195 3466 3264 3519 ad
3287 3465 3491 3519 sanita-

1910 3564 2011 3608 tem
2046 3565 2318 3608 assumunt
2339 3554 2406 3622 ⁸),
2442 3556 2512 3609 ita
2562 3554 2835 3623 sapienter
2884 3564 2941 3610 et
2991 3556 3286 3613 artiﬁciose
3320 3557 3495 3615 mellis

1909 3646 2132 3702 cellulas
2157 3646 2409 3701 exstruit.
2441 3644 2669 3702 Extenta
2708 3647 2854 3702 enim
2891 3648 2945 3702 in
2975 3657 3193 3703 tenuem
3224 3648 3496 3703 membra-

1912 3753 2037 3792 nam
2083 3752 2230 3804 cera,
2267 3739 2458 3793 crebra
2509 3747 2563 3793 et
2622 3739 2765 3793 inter
2810 3753 2871 3793 se
2914 3739 3168 3793 continua
3221 3752 3492 3793 cavacon-

1912 3829 2091 3895 struit,
2117 3840 2177 3884 ut
2206 3828 2508 3899 frequentia
2544 3830 2633 3884 illa
2662 3841 2828 3899 atque
2850 3830 3120 3896 densitas,
3153 3846 3256 3900 qua
3314 3830 3494 3885 minu-

1912 3907 2119 3978 tissima
2169 3937 2398 3993 quaeque
2440 3937 2621 3978 secum
2673 3923 2902 3977 invicem
2950 3922 3308 3994 colligantur,
3344 3924 3495 3993 aperi

1914 4016 2008 4070 toti
2040 4014 2270 4070 fulcrum
2304 4017 2375 4069 sit
2417 4024 2471 4070 et
2503 4015 2924 4071 ﬁrmamentum.
2953 4015 3089 4071 Nam
3123 4016 3314 4071 cellula
3346 4032 3495 4086 quae-

1911 4104 2044 4160 libet
2070 4105 2225 4160 alteri
2277 4106 2540 4170 adhaeret,
2584 4106 2729 4160 tenui
2758 4116 2912 4176 septo
2951 4107 3018 4161 ab
3045 4121 3107 4162 ea
3146 4108 3410 4175 sejuncta,
3438 4116 3495 4162 et

1912 4199 2084 4253 eidem
2115 4197 2281 4253 simul
2321 4197 2631 4269 conjuncta.
2671 4199 2871 4254 Deinde
2907 4198 3099 4255 ﬁstula:
3149 4200 3231 4254 lue
3256 4199 3374 4254 alia:
3397 4216 3490 4254 su-

1912 4304 2010 4359 per
2041 4288 2176 4344 alias
2218 4289 2523 4355 aediﬁcatae,
2553 4289 2689 4344 duas
2738 4299 2919 4345 tresve
2965 4291 3166 4345 habent
3204 4291 3490 4359 contigna-

1913 4381 2105 4434 tiones.
2142 4379 2310 4435 Cavet
2339 4382 2481 4435 enim
2521 4381 2833 4435 continuam
2879 4396 3038 4435 unam
3067 4379 3277 4436 eﬁicere
3303 4396 3492 4437 caver-

209 4479 375 4540 αὗται
411 4483 671 4555 ἀλλήλαις
698 4482 1168 4554 ὲπῳκοδόμηνται.
1208 4479 1544 4550 Ἐφυλάξατο
1560 4478 1669 4550 γὰρ
1692 4479 1800 4572 (59)

1914 4471 2118 4534 nulam,
2153 4485 2220 4527 ne
2252 4471 2445 4526 humor
2471 4471 2619 4528 foras
2649 4481 2869 4542 propter
2900 4473 3218 4541 gravitatem
3263 4469 3487 4528 diﬁluat.

213 4575 346 4648 μίαν
383 4574 607 4644 ποιῆσαι
636 4571 940 4644 διαμπερὲς
992 4571 1092 4641 τὴν
1146 4569 1458 4641 κοιλότητα,
1495 4569 1582 4621 ἵνα
1623 4566 1800 4639 μήτῷ

1911 4565 2066 4620 Disce
2125 4566 2399 4633 quomodo
2441 4566 2755 4635 geometriae
2806 4567 3022 4622 inventa
3080 4566 3324 4622 accessio
3381 4565 3492 4621 sint

212 4666 375 4739 βάρει
397 4667 460 4718 τὸ
493 4665 662 4736 ὑγρὸν
704 4663 843 4735 πρὸς
879 4664 941 4717 τὸ
961 4663 1119 4727 ἐκτὸς
1142 4662 1462 4735 διεκπίπτῃ.
1499 4659 1805 4731 Κατάμαθε

211 4757 332 4823 πῶς
360 4756 431 4810 τά
460 4756 560 4827 τῆς
587 4755 931 4827 γεωμετρίας
956 4755 1236 4826 εὐρέματα
1276 4754 1531 4825 πάρεργά
1560 4753 1677 4805 ἐστι
1706 4752 1805 4824 τῆς

211 4848 535 4918 σοφωτάτης
564 4845 846 4919 μελίσσης.
885 4846 1180 4915 Ἐξάγωνοι
1215 4846 1324 4917 γὰρ
1360 4847 1533 4900 πᾶσαι
1566 4843 1659 4898 καὶ
1693 4845 1802 4897 ἰσό-

209 4940 438 5010 πλευροι
470 4938 579 4991 τῶν
622 4937 832 5010 κηρίων
873 4939 930 4992 αἱ
981 4938 1262 5010 σύριγγες,
1297 4938 1397 4991 οὐκ
1447 4937 1534 4991 ἐπ’
1580 4935 1798 5000 εὐθείας

292 5117 487 5172 ‘Rom.
521 5130 621 5182 xu,
673 5116 760 5181 l7,
791 5114 882 5171 2i.
959 5117 979 5147 ⁸
1011 5115 1171 5170 Prov.
1212 5131 1289 5178 vr,
1315 5113 1368 5179 6,
1405 5131 1510 5172 sec.
1556 5112 1725 5168 LXX.

281 5280 396 5353 (54)
432 5278 583 5349 Regii
619 5279 835 5353 tertius,
891 5280 1117 5353 quintus
1154 5290 1222 5353 et
1255 5289 1446 5353 sestus
1470 5292 1594 5353 cum
1624 5275 1791 5353 Coisl.

206 5346 390 5425 primo
440 5346 639 5425 etcum
661 5349 829 5425 Colb:
863 5346 1104 5425 secundo
1141 5349 1383 5425 ἀκρασία
1424 5348 1619 5425 δήμου,
1655 5346 1798 5425 vulgi

204 5417 525 5490 petulantia.
543 5421 766 5490 Editiet
791 5420 957 5477 Coisl.
983 5417 1256 5475 secundus
1282 5435 1405 5476 cum
1423 5417 1606 5489 Regiis
1623 5417 1799 5487 primo

207 5489 267 5549 ot
292 5503 484 5563 octavo
509 5489 736 5563 ἀκρισία
763 5490 958 5563 δήμου.
988 5490 1227 5545 Rectius.

430 5560 699 5634 Duoirnss.
729 5560 1247 5634 ἐναποθνήσκουσιν,

286 5631 416 5704 (56)*
452 5631 677 5704 Codices
743 5629 998 5698 quatuor'
1030 5632 1281 5704 φανερῶς
1344 5631 1585 5699 συνάγει.
1659 5629 1800 5704 Editi

209 5718 339 5757 cum
381 5701 532 5761 Colb.
577 5704 818 5759 secundo
869 5711 921 5759 et
972 5719 1093 5759 cum
1141 5701 1276 5774 Reg.
1334 5704 1495 5757 tertio
1550 5701 1797 5768 συναγεί-

210 5788 321 5846 ρει.

1905 4672 2084 4728 operae
2111 4672 2173 4712 ac
2203 4657 2569 4726 laboris‘ejus,
2596 4671 2756 4726 quem
2788 4658 2907 4728 apis
2929 4658 3332 4727 sapientissime
3362 4672 3488 4715 sus.-

1907 4749 2057 4817 cipit.
2099 4748 2300 4805 Omnes
2341 4750 2487 4805 enim
2525 4748 2771 4805 favorum
2805 4750 3111 4807 cavernqu
3145 4759 3271 4805 sunt
3294 4763 3494 4805 sexan-

1908 4842 2068 4914 gulaa,
2103 4851 2159 4898 et
2188 4843 2417 4913 mqualia
2444 4842 2616 4898 latera
2656 4844 2857 4899 habent
2893 4862 2905 4897 :
2959 4859 3062 4898 non
3105 4842 3226 4897 aliae
3255 4841 3374 4897 aliis
3406 4841 3492 4896 d3-

1907 4945 2057 4991 recto
2080 4935 2424 5001 incumbunt,
2440 4949 2508 4989 ne
2537 4935 2688 4990 fundi
2713 4935 3008 4992 intervallis
3041 4935 3230 4991 vacuis
3255 4935 3493 5005 adjuncti

1973 5273 2086 5345 (57)
2114 5272 2402 5345 Παρᾲ-ζῇς
2414 5272 2757 5345 ῌαροιμίας.
2785 5271 2965 5328 Locus
2983 5279 3062 5345 est
3084 5267 3389 5345 Prov._cap.
3416 5286 3493 5334 vr,

1900 5361 1954 5399 ν.
1983 5340 2039 5407 6.
2069 5340 2213 5412 apud
2233 5342 2395 5397 LXX.
2426 5340 2530 5397 Sed
2552 5340 2667 5398 haec
2693 5344 2890 5399 absunt
2923 5345 2990 5398 ab
3018 5340 3299 5396 Hebraicis
3315 5356 3493 5394 exem-

1901 5415 2164 5485 plaribus.
2197 5412 2354 5485 Lege
2371 5414 2644 5467 Ducaaum.

1979 5480 2452 5555 (58)_lta_codices
2479 5498 2574 5555 sex
2628 5498 2660 5538 ο
2692 5484 2895 5555 nostris
2928 5480 3411 5555 ipraeterpomhel‘.
3439 5490 3492 5534 et

1905 5552 2058 5635 Bodl.
2091 5553 2228 5635 E_.di.ti
2262 5552 2466 5635 {adorn
2493 5552 2607 5635 γὰρ
2643 5554 2887 5635 φρεαῇς.
2921 5554 3114 5608 Statim
3146 5552 3275 5622 Heg.
3309 5564 3493 5606 sexuis

1982 5695 2096 5761 (59)
2133 5692 2285 5748 Coll).
2333 5692 2607 5763 secundus
2646 5692 2980 5761 ἐφυλάξαντο
3026 5693 3153 5763 γάρ.
3204 5692 3493 5762 Aliquanto

1814 5808 1818 5811 -
1907 5774 2024 5835 post
2059 5763 2188 5834 Reg.
2215 5774 2399 5820 sextus
2430 5762 2723 5832 διαπίπτῃ.
2796 5830 2799 5835 γ
