3850 6218
411 317 512 370 175

1723 324 1780 380 S.
1824 319 2076 378 BASILII
2116 321 2332 380 MAGNI

3587 325 3694 379 ιτα

403 429 665 489 fatiscant
704 450 720 488 :
752 436 846 492 sed
883 443 1300 509 sexangularum
1339 441 1655 498 inferiorum
1681 440 1972 496 cavernula

2097 437 2362 509 ἀλλήλαις
2408 437 2882 508 κατεπικείμεναι,
2920 438 3007 491 ἴνα
3046 436 3122 509 μὴ
3161 438 3441 508 κάμνωσιν
3482 440 3536 490 oi
3580 458 3688 492 πυ-

404 538 524 577 rum
556 528 734 596 anguli
778 530 922 586 basis
957 541 1082 588 sunt
1112 548 1177 589 ac
1202 534 1574 589 fulcimentum
1625 535 1988 606 superiorum,

404 625 464 668 ut
513 625 626 673 tuto
671 634 832 690 supra
889 637 948 678 se
992 639 1158 679 onera
1203 627 1472 691 attollant,
1513 635 1568 680 et
1600 626 1894 694 separatim
1937 626 1989 680 in

405 722 732 781 unoquoque
755 727 995 772 concavo
1028 718 1224 775 humor
1253 721 1619 776 contineatur.

479 981 533 1035 5.
567 982 848 1050 Quomodo
879 999 1105 1046 cunctas
1134 993 1490 1062 proprietates
1512 997 1577 1050 ad
1600 997 1878 1052 volucrum
1906 1000 1986 1053 vi-

403 1081 513 1127 tam
568 1079 902 1144 pertinentes
949 1094 1204 1140 accurate
1261 1086 1354 1140 tibi
1414 1091 1989 1160 recenseregpossim?

405 1163 476 1220 Ut
519 1181 680 1236 grues
715 1171 951 1226 vicissim
986 1177 1324 1232 constituunt
1351 1181 1637 1246 excubias;
1673 1192 1725 1237 et
1768 1185 1985 1252 quidem

401 1255 520 1310 aliae
551 1259 827 1316 dormiunt
859 1283 872 1318 :
911 1264 1029 1319 aliae
1059 1283 1184 1322 vero
1215 1270 1638 1337 circumeuntes,
1669 1289 1883 1328 omnem
1917 1275 1986 1343 ip-

402 1347 478 1401 sis
507 1351 854 1408 seruritatem
891 1371 986 1423 per
1012 1372 1261 1413 somnum
1296 1361 1586 1429 exhibent;
1625 1363 1818 1418 deinde
1853 1373 1987 1418 tem-

402 1453 532 1505 pore
565 1442 865 1512 vigiliarum
898 1459 1136 1515 peracto,
1174 1452 1288 1506 haec
1310 1455 1526 1522 quidem
1561 1455 1815 1525 clangore
1841 1457 1986 1511 edito

401 1530 468 1582 ad
518 1546 763 1586 somnum
798 1541 1133 1596 convertitur
1165 1560 1178 1596 :
1218 1543 1305 1596 illa
1344 1560 1469 1598 vero
1513 1545 1620 1616 '75
1669 1549 1982 1616 succedens,

399 1624 748 1680 securitatem
792 1642 952 1697 quam
1003 1624 1230 1701 accepit,
1273 1650 1367 1688 sua
1405 1639 1523 1691 vice
1560 1639 1755 1694 reddit.
1785 1637 1986 1695 Obser-

399 1713 554 1768 vabis
599 1724 653 1769 et
703 1717 845 1772 hunc
900 1722 1144 1776 ordinem
1195 1724 1248 1778 in
1292 1726 1406 1794 ipso
1437 1728 1636 1783 volatu.
1675 1729 1792 1782 Alia
1838 1731 1982 1785 enim

400 1804 672 1860 interdum
710 1808 921 1864 itineris
943 1812 1049 1865 dux
1084 1822 1199 1878 est;
1233 1818 1324 1869 sed
1357 1818 1444 1870 ubi
1483 1832 1577 1886 per
1605 1819 1820 1887 aliquod
1851 1829 1984 1874 tem-

398 1909 498 1961 pus
543 1907 804 1954 statutum
848 1903 1051 1959 volatui
1091 1907 1323 1974 praefuit,
1385 1919 1530 1962 retro
1591 1925 1650 1964 se
1693 1912 1981 1980 recipiens,

398 1987 498 2040 viae
539 1990 792 2045 ducatum
851 1994 1154 2064 insequenti
1203 2000 1384 2053 tradit.
1425 2000 1690 2055 Caeterum
1740 2003 1983 2057 ciconia-

399 2093 519 2132 rum
572 2083 764 2151 agendi
819 2089 1032 2150 modus,
1065 2102 1169 2141 non
1207 2091 1392 2156 procul
1426 2109 1453 2145 a
1492 2094 1739 2148 rationali
1785 2096 1983 2150 intelli-

394 2173 576 2240 gentia
612 2173 784 2228 abcst.
818 2173 888 2229 Ut
917 2177 1060 2230 enim
1087 2193 1278 2233 omnes
1310 2197 1415 2235 uno
1441 2193 1497 2237 et
1523 2185 1710 2239 eodem
1743 2197 1982 2258 tempore

395 2263 462 2313 ad
493 2261 590 2316 has
619 2263 866 2332 regiones
891 2267 1156 2321 accedunt
1185 2289 1199 2324 :
1237 2271 1304 2323 ita
1333 2271 1434 2325 sub
1469 2291 1576 2328 uno
1605 2278 1763 2345 signo
1793 2295 1982 2337 omnes

395 2351 700 2407 discedunt.
738 2354 956 2424 Stipant
1004 2369 1183 2413 autem
1228 2362 1375 2430 ipsas
1403 2367 1650 2422 cornices
1685 2383 1978 2438 nostrates,

392 2457 593 2512 easque
644 2461 759 2499 mea
798 2449 1012 2516 quidem
1043 2455 1309 2508 sententia
1340 2457 1634 2522 deducunt,
1669 2471 1723 2516 et
1783 2468 1980 2520 nonni-

391 2535 466 2588 hil
523 2541 786 2593 adversus
836 2541 1059 2596 hostiles
1097 2561 1223 2601 aves
1255 2558 1515 2616 praestant
1555 2553 1802 2610 subsidii.
1846 2558 1976 2613 lllud

390 2626 568 2696 primo
611 2629 728 2698 ejus
773 2633 844 2685 rei
891 2648 1264 2705 argumentum
1309 2652 1409 2708 est,
1453 2648 1594 2714 quod
1634 2663 1698 2702 eo
1739 2659 1979 2719 tempore

391 2721 534 2775 nulla
583 2739 802 2792 prorsus
833 2729 1020 2782 cornix
1065 2743 1320 2801 appareat
1361 2754 1373 2790 :
1410 2738 1604 2794 deinde
1638 2757 1758 2796 cum
1791 2748 1977 2800 vulne-

391 2813 541 2867 ribus
597 2817 905 2885 redeuntes,
953 2826 1360 2887 aperta-tutelae
1411 2839 1461 2884 et
1512 2835 1746 2900 praesidii
1793 2837 1973 2892 collati

389 2904 585 2959 indicia
627 2909 884 2963 referunt.
918 2912 1049 2978 Quis
1080 2919 1218 2984 apud
1249 2919 1394 2986 ipsas
1429 2925 1760 2994 praescripsit
1792 2927 1975 2998 hospi-

391 2998 615 3055 talitatis
641 2999 806 3068 jura?
836 3007 957 3074 quis
997 3008 1126 3077 ipsis
1167 3013 1490 3070 desertionis
1532 3017 1779 3075 militaris
1813 3037 1973 3077 accu-

2093 529 2298 600 θμένες
2332 533 2444 596 τοῖς
2475 531 2747 594 διακένοις
2778 531 3216 601 ἐφηρμοσμένοι·
3254 531 3369 584 ἀλλ’
3397 533 3455 583 αἱ
3485 533 3686 600 γωνίαι

2091 619 2201 673 τῶν
2233 620 2478 674 κάτωθεν
2534 621 2846 690 ἐξαγώνων,
2911 621 3109 692 βάθρον
3157 621 3250 673 καί⁵
3294 620 3528 692 ἔρεισμα
3576 624 3686 678 τῶν

2091 713 2503 784 ὑπερκειμένων
2532 715 2691 777 εἰσὶν,
2721 714 2797 776 ὡς
2838 713 3095 782 ἀσφαλῶς
3140 712 3279 783 ὑπὲρ
3324 714 3537 766 ἑαυτῶν
3587 733 3684 785 με-

2088 807 2374 878 τεωρίζειν
2399 807 2468 860 τὰ
2496 806 2661 879 βάρη,
2697 808 2792 860 καὶ
2823 806 3138 870 ἰδιαζόντως
3174 808 3376 878 ἐκάστη
3404 807 3683 878 κοιλότητι

2089 899 2150 953 τὸ
2181 900 2349 972 ὑγρὸν
2377 901 2642 971 ἐγκατὲχε
2651 900 2794 954 σθαι.

2161 995 2222 1048 5.
2259 994 2382 1057 Πῶς
2415 995 2480 1048 ἄν
2516 1011 2598 1047 σοι
2627 995 2805 1048 πάντα
2832 994 2898 1047 δι’
2931 993 3216 1065 ἀκριϐείας
3232 993 3521 1064 ἐπέλθοιμι
3538 994 3613 1047 τὰ
3628 997 3684 1048 ἐν

2089 1089 2202 1150 τοῖς
2227 1087 2364 1157 βίοις
2394 1087 2502 1140 τῶν
2542 1087 2771 1158 ὀρνίθων
2803 1085 3101 1156 ίδιώματα;
3135 1086 3252 1150 πῶς
3291 1086 3388 1156 μὲν
3422 1090 3479 1139 αἱ
3506 1088 3682 1158 γέρα-

2088 1196 2170 1233 νοι
2205 1178 2304 1241 τὰς
2334 1179 2392 1230 ἐν
2431 1181 2497 1249 τῇ
2531 1179 2688 1231 νυκτὶ
2718 1176 3076 1250 προφυλακάς
3105 1176 3215 1245 (60)
3244 1178 3308 1230 ἐκ
3336 1178 3681 1248 περιτροπῆς

2089 1270 2477 1340 ὑποδέχονται·
2514 1271 2607 1323 καὶ
2644 1273 2697 1323 αἱ
2733 1271 2831 1340 μὲν
2873 1269 3247 1332 καθεύδουσιν,
3285 1271 3340 1322 αἱ
3369 1271 3450 1332 δὲ,
3490 1270 3683 1339 κύκλῳ

2088 1361 2418 1432 περιιοῦσαι,
2466 1363 2646 1414 πᾶσαν
2695 1362 2884 1425 αὑταῖς
2918 1363 2974 1414 ἐν
3021 1362 3099 1431 τῷ
3142 1361 3294 1432 ὕπνῳ
3343 1363 3682 1433 παρέχονται

2087 1455 2186 1525 τὴν
2217 1455 2516 1523 ἀσφάλειαν
2541 1470 2554 1483 ·
2599 1450 2740 1517 εἶτα,
2771 1454 2865 1508 τοῦ
2907 1455 3099 1526 καιροῦ
3131 1456 3231 1524 τῆς
3262 1455 3510 1523 φυλακῆς
3535 1455 3680 1525 πλη-

2046 1611 2061 1626 .
2089 1547 2378 1619 ρουμὲνου,
2413 1549 2445 1617 ή
2476 1547 2574 1617 μὲν
2607 1546 2848 1618 βοήσασα
2871 1547 3006 1619 πρὸς
3036 1548 3200 1600 ὕπνον
3234 1548 3504 1617 ἐτράπετο
3540 1548 3679 1619 (61),

2087 1639 2227 1709 ἡδὲ,
2277 1638 2374 1710 τὴν
2417 1639 2667 1709 διαδοχὴν
2715 1639 3112 1708 ὑποδεξαμένη,
3149 1637 3216 1712 ἧς
3257 1640 3446 1710 ἔτυχεν
3498 1640 3684 1709 ἀσφα-

2093 1729 2243 1793 λείας
2294 1730 2594 1782 ἀντέδωκεν
2647 1732 2705 1784 ἐν
2756 1730 2834 1800 τῷ
2887 1731 3066 1801 μέρει.
3122 1729 3337 1803 Ταύτην
3368 1731 3464 1784 καὶ
3504 1733 3567 1785 ἐν
3609 1735 3678 1803 τῇ

2095 1822 2290 1891 πτήσει
2318 1819 2414 1890 τὴν
2440 1819 2694 1882 εὐταξίαν
2721 1819 2968 1888 κατόψει.
3007 1820 3230 1874 Ἀλλοτε
3260 1822 3368 1892 γὰρ
3405 1822 3540 1893 άλλη
3579 1822 3683 1891 τὴν

2085 1912 2308 1983 ὸδηγίαν
2348 1913 2662 1982 ἐκδέχεται,
2700 1916 2794 1967 καὶ
2829 1916 3028 1969 τακτόν
3067 1933 3190 1968 τινα
3232 1916 3422 1986 χρόνον
3462 1933 3680 1984 προκα-

2085 2006 2442 2078 θηγησαμένη
2470 2010 2571 2076 τῆς
2601 2008 2871 2078 πτήσεως,
2903 2010 2983 2072 εἰς
3015 2008 3077 2061 τὸ
3106 2009 3334 2062 κατόπιν
3360 2008 3680 2079 περιελθοῦ-

2087 2117 2176 2164 σα,
2207 2103 2272 2170 τῇ
2306 2099 2425 2169 μεθ’
2465 2100 2667 2170 ἐαυτὴν
2697 2100 2795 2170 τὴν
2835 2100 3132 2170 ἡγεμονίαν
3162 2101 3261 2171 τῆς
3290 2099 3410 2153 ὁδοῦ
3447 2102 3680 2171 παραδί-

2082 2191 2233 2245 δωσι.
2267 2193 2339 2244 Τὸ
2365 2192 2420 2245 δὲ
2448 2192 2554 2245 τῶν
2585 2193 2874 2264 πελαργῶν
2894 2193 3015 2246 οὐδὲ
3048 2194 3235 2264 πόρρω
3259 2193 3377 2246 ἐστὶ
3404 2194 3680 2257 συνέσεως

2082 2284 2307 2354 λογικῆς
2334 2301 2347 2314 '
2374 2283 2516 2337 οὕτω
2553 2285 2651 2353 μὲν
2681 2284 2823 2338 κατὰ
2846 2286 2934 2337 τὸν
2958 2285 3054 2336 ἕνα
3084 2285 3272 2355 καιρὸν
3311 2285 3519 2348 πάντας
3555 2288 3679 2337 ἐπι-

2080 2378 2272 2447 δημεῖν
2304 2379 2417 2439 τοῖς
2453 2377 2578 2447 τῇδε
2609 2375 2829 2446 χωρίοις
2849 2392 2862 2404 ·
2890 2375 3032 2428 οὕτω
3062 2376 3118 2428 δὲ
3139 2377 3228 2444 ὑφ’
3255 2376 3334 2428 ἐνὶ
3365 2375 3676 2445 συνθήματι

2082 2469 2290 2532 πάντας
2337 2469 2612 2539 ἀπαίρειν.
2659 2468 3027 2540 Δορυφοροῦσι
3081 2467 3138 2520 δὲ
3183 2469 3379 2530 αὐτοὺς
3421 2470 3477 2520 αἱ
3535 2471 3676 2539 παρ’

2078 2563 2212 2632 ἡμῖν
2241 2560 2500 2631 κορῶναι,
2531 2560 2628 2613 καὶ
2659 2561 3146 2632 παραπέμπουσιν,
3189 2561 3311 2630 ἐμοὶ
3344 2561 3543 2622 δοκεῖν,
3580 2563 3675 2615 καὶ

2081 2653 2401 2723 συμμαχίαν
2451 2653 2574 2706 τινὰ
2621 2654 2993 2723 παρεχόμεναι
3045 2653 3182 2722 πρὸς
3228 2653 3450 2723 ὄρνιθας
3506 2654 3673 2706 πολε-

2081 2745 2256 2815 μίους.
2287 2746 2520 2816 Σημεῖόν
2553 2745 2609 2796 δὲ
2640 2745 2856 2816 πρῶτον
2889 2745 2988 2815 μὲν
3019 2744 3078 2797 τὸ
3108 2745 3182 2815 μὴ
3227 2744 3511 2812 φαίνεσθαι
3564 2745 3675 2798 ὑπὸ

2077 2837 2166 2889 τὸν
2212 2837 2403 2908 καιρὸν
2448 2838 2654 2888 ἐκεῖνον
2697 2835 2944 2908 κορώνην
2977 2836 3343 2898 παντάπασιν,
3385 2836 3561 2888 ἔπειθ’
3589 2839 3673 2889 ὅτι

2079 2928 2216 2999 μετά
2248 2929 2575 3000 τραυμάτων
2601 2928 3027 2999 ἐπανερχόμεναι
3051 2928 3258 3000 ἐναργῆ
3280 2928 3372 2981 τοῦ
3395 2945 3670 2981 συνασπι-

2078 3021 2216 3092 σμοῦ
2249 3022 2471 3091 καὶτῆς
2511 3023 2811 3091 ἐπιμαχίας
2856 3022 2926 3074 τὰ
2971 3025 3172 3091 σημεῖα
3214 3020 3524 3092 κομίζουσι.
3570 3021 3672 3084 Τίς

387 3091 649 3146 sationem
703 3096 938 3154 minatus
976 3110 1078 3166 est,
1112 3104 1247 3158 adeo
1288 3117 1344 3160 ut
1386 3108 1529 3162 nulla
1561 3126 1588 3163 a
1622 3114 1880 3168 comitatu
1913 3131 1970 3170 se

2080 3115 2205 3184 παρ’
2228 3115 2415 3177 αὑταῖς
2446 3115 2688 3184 τοὺςτῆς
2723 3114 3028 3183 φιλοξενίας
3059 3112 3276 3185 διώρισε
3303 3115 3502 3184 νόμους
3530 3115 3668 3182 (6'2);

385 3183 708 3240 subtrahat?
735 3187 971 3245 Audiant
1000 3193 1035 3245 ii
1065 3195 1155 3262 qui
1196 3211 1322 3266 erga
1354 3199 1594 3269 hospites
1627 3205 1742 3258 duri
1771 3216 1896 3260 sunt
1920 3219 1975 3263 et

388 3275 690 3342 iuolliciosi,
719 3277 972 3350 foresque
1001 3285 1313 3352 occludunt,
1349 3300 1404 3342 et
1440 3306 1508 3345 ne
1544 3292 1720 3347 hieme
1754 3297 1971 3366 quidem

387 3376 480 3419 aut
508 3376 668 3421 noctu
693 3368 930 3424 advenas
962 3380 1106 3426 tecto
1137 3376 1420 3445 recipiunt.
1447 3378 1617 3434 Porro
1645 3397 1774 3436 cura
1807 3401 1970 3453 quam

385 3459 608 3514 ciconia:
641 3461 795 3515 senio
821 3463 1082 3519 confectis
1113 3468 1392 3533 exhibent,
1425 3471 1624 3528 liberos
1660 3487 1890 3541 nostros,
1925 3480 1969 3534 si

385 3550 665 3604 attendere
695 3550 908 3617 vellent,
937 3554 1002 3606 ad
1036 3567 1319 3624 parentum
1361 3577 1602 3617 amorem
1642 3566 1774 3620 satis
1819 3569 1969 3622 exci-

383 3649 544 3693 taret.
576 3640 746 3698 Nemo
778 3644 920 3698 enim
960 3647 1122 3700 homo
1145 3659 1245 3713 est,
1283 3653 1371 3720 qui
1419 3653 1491 3709 ita
1534 3671 1756 3724 prorsus
1789 3670 1968 3715 mente

384 3733 734 3798 destituatur,
761 3746 819 3788 ut
852 3738 1056 3806 pudore
1083 3740 1300 3808 dignum
1327 3759 1431 3797 non
1456 3746 1662 3813 judicet
1691 3765 1836 3815 eum,
1874 3752 1966 3819 qui

382 3822 574 3877 avibus
617 3840 876 3894 perquam
926 3828 1098 3882 brutis
1140 3831 1340 3887 virtute
1389 3835 1613 3892 inferior
1653 3840 1812 3896 foret.
1860 3841 1966 3897 llltn

381 3913 677 3980 genitorem
705 3930 813 3984 prae
839 3919 990 3972 senio
1022 3934 1318 3987 pennarum
1349 3924 1594 3982 defluviis
1632 3929 1964 3986 laborantem

380 4006 814 4067 circumstantes,
858 4009 1084 4063 suismet
1133 4013 1322 4080 pennis
1372 4017 1717 4084 calefaciunt,
1770 4037 1966 4093 suppe-

380 4097 658 4164 ditantque
708 4099 920 4153 abunde
969 4100 1280 4158 alimentum
1318 4125 1330 4160 :
1372 4110 1502 4176 quin
1545 4111 1842 4167 subsidium
1890 4117 1962 4181 ei,

290 4204 294 4208 λ
379 4189 557 4258 quoad
605 4190 720 4243 fieri
769 4201 967 4268 potest,
1015 4193 1066 4245 in
1107 4195 1220 4262 ipso
1255 4198 1432 4251 volatu
1475 4212 1752 4269 przestant,
1791 4208 1964 4261 utriu-

377 4296 484 4351 que
537 4281 635 4336 alis
688 4283 803 4338 suis
850 4283 1044 4339 leniter
1095 4289 1458 4345 sublevantes.
1516 4293 1693 4362 Atque
1738 4297 1838 4352 hoc
1888 4299 1962 4352 ita

376 4376 517 4440 apud
545 4389 736 4429 omnes
771 4377 1112 4432 decantatum
1150 4391 1252 4442 est,
1285 4382 1470 4452 utjam
1507 4387 1723 4455 quidam
1755 4391 1961 4445 benefi-

2076 3207 2159 3271 τίς
2189 3208 2381 3270 αὑταῖς
2414 3207 2682 3276 ἠπείλησε
2716 3206 3131 3277 λειποστρατίου
3161 3206 3381 3276 γραφὴν
3433 3208 3510 3268 ὠς
3561 3225 3671 3276 μη-

2075 3300 2266 3370 δεμίαν
2293 3297 2686 3352 ἀπολείπεσθαι
2734 3298 2836 3367 τῆς
2867 3298 3244 3368 προπομπῆς;
3288 3298 3670 3351 Ἀκουέτωσαν

2074 3396 2121 3446 οἱ
2162 3392 2466 3457 κακόξενοι,
2503 3393 2720 3455 καὶτὰς
2749 3392 2858 3460 (65)
2885 3391 3056 3461 θύρας
3086 3391 3377 3454 κλείοντες,
3404 3390 3502 3442 καὶ
3531 3390 3670 3460 μηδὲ

2076 3487 2274 3556 στέγης
2303 3487 2360 3537 ἐν
2389 3485 2618 3555 χειμῶνι
2659 3485 2753 3538 καὶ
2786 3485 2942 3538 νυκτὶ
2970 3487 3082 3547 τοῖς
3122 3483 3452 3554 ἐπιδημοῦσι
3500 3501 3671 3552 μετα-

2070 3575 2324 3638 διδόντες.
2357 3576 2419 3626 Ἡ
2449 3575 2508 3626 δὲ
2537 3575 2666 3647 περὶ
2699 3575 2826 3638 τοὺς
2853 3592 2923 3644 γη
2933 3575 3206 3644 ράσαντας
3232 3573 3340 3624 τῶν
3369 3572 3667 3641 πελαργῶν

2074 3669 2298 3738 πρόνοια
2353 3667 2573 3738 ἐξήρκει
2627 3669 2752 3729 τοὺς
2792 3667 2988 3729 παῖδας
3041 3665 3231 3736 ἡμῶν,
3275 3665 3323 3716 εἰ
3370 3663 3666 3735 προσέχειν

2071 3759 2374 3823 ἐϐούλοντο,
2436 3759 2810 3829 φιλοπάτορας
2865 3756 3228 3826 καταστῆσαι.
3290 3755 3518 3816 Πάντως
3553 3754 3665 3824 γάρ

2069 3853 2243 3916 οὐδεὶς
2279 3850 2452 3915 οὕτως
2486 3851 2750 3904 ἐλλείπων
2784 3850 2928 3905 κατά
2988 3849 3089 3919 τὴν
3139 3848 3422 3918 φρόνησιν,
3478 3847 3555 3908 ὡς
3590 3846 3664 3916 μὴ

2068 3943 2331 4012 αἰσχύνης
2381 3941 2533 4008 ἄξιον
2591 3942 2797 4013 κρίνειν
2845 3942 2954 3994 τῶν
3016 3939 3376 4008 ἀλογωτάτων
3427 3935 3664 4007 ὀρνίθων

2068 4030 2375 4101 ὑστερίζειν
2409 4032 2529 4083 κατ’
2562 4031 2783 4100 ἀρετήν.
2822 4031 3046 4083 Ἐκεῖνοι
3068 4029 3158 4081 τὸν
3191 4027 3404 4098 πατέρα
3433 4027 3537 4078 ὑπὸ
3563 4024 3662 4078 τοῦ

2066 4123 2254 4192 γήρως
2301 4124 2787 4193 πτερορρυήσαντα
2819 4123 3178 4191 περιστάντες
3217 4123 3274 4173 ἐν
3317 4119 3504 4189 κύκλῳ
3545 4121 3662 4180 τοῖς

2065 4215 2287 4277 οἰκείοις
2315 4217 2536 4284 πτεροῖς
2564 4215 2947 4274 διαθάλπουσι,
2999 4215 3092 4266 καὶ
3125 4213 3224 4275 τὰς
3254 4212 3463 4283 τροφὰς
3492 4212 3662 4279 ἀφθό-

2065 4323 2172 4368 νως
2203 4306 2734 4377 παρασκευάζοντες,
2770 4306 2870 4376 τὴν
2903 4305 3132 4376 δυνατὴν
3158 4306 3252 4358 καὶ
3283 4307 3340 4358 ἐν
3372 4308 3436 4374 τῇ
3461 4308 3660 4375 πτήσει

2065 4399 2399 4469 παρέχονται
2436 4398 2545 4468 (61)
2582 4397 2864 4468 βοήθειαν,
2900 4398 3081 4470 ἠρέμα
3120 4398 3198 4469 τῷ
3243 4397 3426 4468 πτερῷ
3462 4400 3661 4466 κουφί-

374 4466 586 4521 ciorum
633 4472 1126 4525 remunerationem
1179 4475 1610 4545 antipelargasim
1666 4482 1955 4550 appellent.

2080 4492 2250 4554 ζοντες
2275 4490 2635 4560 ἑκατέρωθεν.
2674 4493 2785 4544 Καὶ
2815 4491 2959 4544 οὕτω
2997 4491 3156 4544 τοῦτο
3185 4490 3336 4562 παρὰ
3361 4492 3496 4544 πᾶσι
3536 4490 3660 4542 δια-

375 4558 547 4614 Nemo
591 4561 656 4614 de
696 4572 1014 4629 paupertate
1057 4564 1234 4618 doleat
1267 4583 1281 4619 :
1319 4582 1493 4636 neque
1529 4570 1575 4624 is
1605 4571 1674 4625 de
1712 4590 1807 4627 sua
1853 4579 1963 4632 vita

374 4651 645 4717 desperet,
676 4651 762 4704 cui
800 4651 962 4707 nulla:
1012 4653 1157 4708 domi
1207 4668 1499 4726 supersunt
1533 4677 1686 4730 opes,
1725 4666 1813 4720 ttbi
1850 4669 1965 4735 ipse

373 4747 675 4812 respexerit
720 4749 787 4800 ad
829 4748 1132 4805 hirundinis
1181 4753 1523 4808 industriam.
1566 4757 1654 4811 llla
1696 4763 1838 4816 enim
1881 4765 1963 4818 ni-

370 4840 500 4892 dum
541 4849 883 4908 c0nstruens,
935 4842 1170 4899 festucas
1211 4847 1428 4916 quidem
1475 4865 1570 4905 ore
1611 4853 1786 4908 defert
1821 4874 1834 4910 :
1881 4857 1960 4910 lu-

372 4939 484 4985 tum
517 4946 644 4986 vero
681 4933 934 5002 colligere
969 4937 1194 5004 pedibus
1227 4954 1347 4992 cum
1387 4956 1490 4995 non
1530 4955 1706 5012 queat,
1753 4963 1955 5015 penna-

372 5038 490 5077 rum
537 5024 912 5080 extremitates
963 5043 1102 5097 aqua
1156 5031 1540 5102 madefaciens,
1591 5038 1821 5094 subinde
1871 5050 1953 5096 te-

371 5113 634 5169 nuissimo
669 5115 887 5186 pulvere
913 5133 1034 5174 sese
1063 5121 1376 5189 obvolvens,
1412 5125 1491 5181 sic
1538 5129 1634 5183 luti
1669 5146 1822 5186 usum
1857 5149 1951 5189 ex-

579 5318 654 5400 lta
676 5333 783 5400 sex
811 5337 940 5400 mss.
969 5323 1107 5400 Editi
1147 5325 1464 5400 simpliciter
1503 5330 1774 5400 φυλακάς.

442 5388 552 5474 ibi)
577 5388 806 5474 (Iudices
834 5396 940 5474 duo
965 5388 1416 5474 ecpénegoflieg.
1450 5388 1636 5458 scitus
1668 5388 1950 5474 τρέπεται.

365 5463 518 5536 Qolb.
543 5461 814 5536 secundus
856 5461 1092 5536 ἐτράπη.
1155 5468 1268 5522 Duo
1305 5461 1394 5522 alii
1440 5487 1568 5526 mss.
1629 5461 1751 5527 cuin
1795 5476 1956 5530 editis

365 5527 797 5613 tcpéneco._Nec
839 5527 1124 5613 _rla'_i_uul'to
1159 5548 1282 5613 post
1317 5557 1448 5613 mss.
1496 5542 1742 5613 plerique
1763 5527 1952 5601 omnes

364 5600 490 5724 2:"...
547 5600 782 5656 editione
835 5607 1000 5662 Basil.
1055 5600 1304 5678 κατόψει.
1365 5600 1542 5670 Εύίιίὀ
1583 5600 1758 5671 Paris.
1817 5600 1950 5670 κατέ

436 5690 534 5724 εις.

436 5690 534 5735 εις.

401 5673 552 5806 ᾧῖίίῖ)
579 5745 711 5817 Reg.
747 5759 932 5804 sextus
953 5747 1169 5820 διώρισε
1196 5751 1449 5823 θεσμούς,

2063 4581 2344 4652 ϐεϐόηται,
2397 4581 2538 4634 ὥστε
2576 4582 2676 4652 ήδη
2721 4582 2868 4646 τινὲς
2905 4583 3008 4654 τὴν
3043 4582 3154 4636 τῶν
3194 4583 3661 4654 εὐεργετημάτων

2062 4673 2331 4727 ἀντίδοσιν
2351 4674 2874 4744 ἀιτιπελάργωσιν
2910 4674 3020 4745 (65)
3057 4673 3402 4745 ὀνομάζουσι.
3450 4676 3661 4746 Μηδεὶς

2061 4765 2252 4819 πενίαν
2287 4765 2598 4837 ὀδυρέτθωο
2658 4766 2793 4836 μηδὲ
2852 4767 3278 4836 άπογινωσκέτω
3307 4769 3504 4820 ἐαυτοῦ
3557 4769 3659 4840 τὴν

2060 4857 2206 4929 ζωὴν
2238 4861 2267 4911 ό
2306 4858 2580 4928 μηδεμίαν
2611 4857 2753 4911 οἴκοι
2797 4860 3123 4926 περιουσίαν
3146 4859 3485 4925 καταλιπὼν,
3515 4863 3658 4934 πρὸς

2062 4950 2124 5002 τὸ
2147 4949 2249 5020 τῆς
2271 4949 2536 5019 χελιδόνος
2559 4950 2867 5021 εὐμήχανον
2895 4951 3239 5006 ἀποϐλέπων.
3279 4953 3494 5024 Ἐκείνη
3521 4954 3652 5026 γάρ,

2060 5041 2159 5112 τὴν
2193 5040 2388 5094 καλιὰν
2445 5043 2791 5114 πηγνυμένη,
2848 5043 2917 5096 τὰ
2949 5044 3047 5114 μὲν
3090 5045 3276 5116 κάρφη
3311 5044 3389 5115 τῷ
3423 5046 3655 5116 στόματι

2058 5132 2399 5204 διακομίζει·
2439 5133 2607 5204 πηλὸν
2643 5133 2701 5187 δὲ
2743 5136 2855 5198 τοῖς
2881 5136 3040 5189 ποσὶν
3059 5130 3190 5207 ἆραι
3226 5135 3302 5207 μὴ
3349 5137 3652 5208 δυναμένη,

2134 5334 2248 5404 (65)
2279 5335 2413 5404 Reg.
2453 5347 2638 5391 sextus
2669 5336 2955 5404 κακόξενοι
2977 5339 3025 5390 οἱ
3065 5337 3163 5399 τάς

2133 5406 2244 5479 (ϐξι)
2265 5407 2428 5479 _ldetn
2452 5407 2584 5479 Reg,
2615 5419 2801 5461 sextus
2823 5411 3021 5479 πτήσει
3047 5409 3397 5479 παρέχοντες.

2131 5476 2245 5543 (65)
2263 5476 2821 5547 Ἀντιπελάργωσιν,
2837 5479 2888 5532 id
2908 5476 3011 5544 est,
3029 5476 3260 5546 beneﬁcii
3273 5490 3469 5546 accepti
3485 5497 3653 5534 rem»

2061 5549 2407 5619 iterationem.
2431 5547 2638 5619 Idcirco
2653 5558 2834 5603 autem
2853 5549 2993 5619 grati
3015 5551 3184 5619 animi
3213 5550 3541 5617 significatio
3557 5553 3655 5605 ἀν-

2058 5617 2464 5687 τιπελάργωσις
2479 5618 2782 5690 dicebatur,
2809 5617 2952 5687 ιιι)οὰ
2976 5618 3270 5690 πελαργὸς,
3301 5622 3530 5682 ciconia,
3557 5623 3652 5678 be-

2062 5691 2381 5745 neliciormn
2405 5704 2432 5742 a
2466 5689 2782 5757 parentibus
2811 5689 3155 5758 acceptorum
3199 5699 3405 5745 memor
3441 5692 3538 5746 sit.
