3850 6218
225 329 328 382 177

1334 333 1622 391 ΗΟΜΙΙΛΔ
1661 336 1776 391 γιιι
1815 336 1882 392 IN
1922 338 2422 397 llEXAEMERON.

3386 345 3492 402 ira
3590 302 3593 305 Ἴ

218 444 290 499 τὰ
318 441 466 511 ἂκρα
500 442 610 495 τῶν
640 440 860 512 πτερῶν
900 440 1051 495 ῦδατι
1093 436 1480 516 καταὸρέξασα
1525 447 1659 520 (66),
1692 445 1794 503 εἶτα

1911 458 2145 522 cogitat;
2178 468 2341 526 atque
2383 458 2643 527 pautatim
2675 455 2910 512 festucas
2941 457 3084 513 inter
3114 473 3176 514 se
3206 459 3319 516 luto
3347 463 3493 520 velut

214 539 284 607 τῇ
335 535 643 608 λεπτοτάτῃ
683 534 831 588 κόνει
875 534 1235 604 ἐνειληθεῖσα,
1265 538 1435 603 οὕτως
1475 541 1682 595 ἐπινοεῖ
1708 541 1805 596 τοῦ

216 626 391 695 πηλοῦ
440 629 541 696 τὴν
587 624 808 696 χρείαν·
858 626 955 679 καὶ
1009 627 1150 680 κατὰ
1197 629 1393 700 μικρὸν
1438 630 1714 703 ἀλλήλοις.
1738 634 1807 688 τὰ

216 718 402 789 κάρφη
426 711 539 771 οἷον
561 717 727 789 κόλλῃ
754 718 862 771 τινὶ
892 717 971 789 τῷ
1002 719 1160 791 πηλῷ
1196 723 1529 793 συνδήσασα,
1566 727 1624 778 ἐν
1665 726 1802 798 αὐτῇ

213 810 342 871 τοὺς
385 810 635 871 νεοττοὺς
679 807 972 879 ἐκτρέφεισ
1015 804 1091 864 ὦν
1139 811 1233 864 ἐάν
1276 829 1361 876 τις
1395 816 1695 888 ἐκκεντήσῃ
1735 801 1806 870 ³τά

212 901 460 972 ὄμματα,
502 899 616 972 ἔχει
661 901 782 955 τινὰ
809 901 961 974 παρὰ
990 903 1088 974 τῆς
1125 903 1339 972 φύσεως
1385 907 1635 979 ἰατρικὴν
1665 908 1800 979 (67),

209 995 281 1048 δι’
301 988 372 1066 ἦς
398 994 537 1067 πρὸς
571 995 763 1064 ὑγείαν
789 996 1056 1064 ἐπανάγει
1098 996 1207 1050 τῶν
1244 999 1483 1066 ἐκγόνων
1505 999 1604 1063 τὰς
1629 1000 1799 1070 ἃᾲεις.

210 1086 404 1141 Ταῦτά
428 1104 489 1141 σε
515 1086 833 1140 νουθετείτω
865 1088 939 1160 μὴ
973 1088 1061 1141 διὰ
1090 1088 1281 1142 πενίαν
1300 1089 1436 1161 πρὸς
1465 1093 1802 1163 κακουργίαν

208 1178 549 1252 τρέπεσθαι*
587 1178 723 1249 μηδέ
768 1181 826 1232 ἐν
857 1182 973 1243 τοῖς
1002 1180 1410 1249 χαλεπωτάτοις
1444 1182 1662 1247 πάθεσι,
1698 1187 1802 1239 πᾶ-

211 1286 315 1323 σαν
369 1269 563 1323 ἐλπίδα
618 1268 870 1340 ῥίψαντα,
929 1270 1212 1342 ἄπρακτον
1254 1272 1469 1325 κεῖσθαι
1509 1274 1602 1327 καὶ
1646 1276 1801 1329 ἀνεν-

211 1364 477 1434 έργητον·
513 1361 628 1415 ἀλλ’
661 1361 756 1415 ἐπὶ
783 1360 917 1415 Θεὸν
944 1360 1333 1431 καταφεύγειν,
1369 1363 1451 1429 ὃς,
1494 1366 1543 1418 εἰ
1568 1365 1799 1436 χελιδόνι

215 1456 278 1509 ςά
311 1453 615 1527 τηλικαῦτα
648 1453 939 1525 χαρίζεται
974 1453 1121 1526 (68),
1169 1456 1323 1526 πόσῳ
1368 1454 1590 1528 μείζονα
1637 1456 1799 1512 δώσει

215 1551 321 1612 τοῖς
354 1549 415 1613 ἐξ
454 1547 585 1619 ὅλης
623 1547 853 1619 καρδίας
879 1547 1275 1618 ἐπιϐοωμένοις
1309 1548 1509 1616 αὐτόν;
1557 1549 1799 1605 Ἀλκυὼν

210 1638 328 1694 ἐστι
347 1640 633 1696 θαλάττιον
648 1640 855 1713 όρνεον.
870 1639 1017 1711 Αὕτη
1035 1659 1112 1695 πα
1122 1643 1168 1713 ρ’
1182 1642 1666 1705 αύτοὺςνοσσεύειν
1685 1644 1796 1716 (69)
1817 1625 1835 1644 ’

213 1732 334 1797 τοὺς
361 1733 642 1802 αἰγιαλοὺς
669 1732 933 1802 πέφυκεν,
952 1733 1039 1786 ἐπ’
1060 1734 1232 1805 αὐτῆς
1252 1734 1320 1788 τὰ
1337 1733 1422 1789 tbi
1446 1736 1547 1806 τῆς
1564 1735 1794 1807 ψάμμου

207 1823 591 1896 καταθεμένη·
656 1824 753 1877 καὶ
814 1825 1063 1878 νοσσεύει
1124 1825 1267 1880 κατά
1334 1825 1500 1897 μέσον
1555 1845 1659 1881 που
1707 1828 1799 1883 τὸν
1834 1810 1873 1864 Β

207 1918 475 1989 χειμῶνα,
509 1918 600 1972 ὅτε
633 1919 969 1987 πολλοῖςτκαὶ
999 1917 1194 1989 βιαίοις
1220 1919 1446 1989 ἀνέμοις
1480 1921 1513 1990 ἡ
1549 1919 1797 1975 θάλασσα

210 2013 273 2083 τῇ
306 2012 376 2082 γῇ
427 2010 897 2082 προσαράσσεται.
942 2011 1081 2064 Ἀλλ’
1124 2012 1275 2081 ὅμως
1320 2011 1662 2082 κοιμίζονται
1698 2013 1796 2084 μὲν

209 2103 409 2167 πάντες
459 2103 672 2174 ἄνεμοι,
723 2104 987 2174 ἡσυχάζει
1026 2104 1083 2157 δὲ
1127 2103 1279 2174 κῦμα
1310 2104 1623 2171 θαλάσσιον,
1665 2106 1795 2160 ὅταν

200 2193 421 2248 ἁλκυὼν
448 2194 674 2266 ἐπωάζῃ
698 2194 795 2259 τὰς
818 2194 960 2248 ἐπτά
979 2195 1212 2266 ἡμέρας.
1253 2196 1343 2248 Ἐν
1371 2195 1662 2258 τοσαύταις
1686 2195 1795 2267 γὰρ

203 2286 398 2357 μόναις
429 2284 707 2350 ἐκλεπίζει
737 2286 866 2349 τοὺς
888 2285 1159 2350 νεοττούς.
1199 2286 1352 2339 Ἐπεὶ
1374 2285 1430 2339 δὲ
1459 2285 1555 2338 καὶ
1586 2285 1798 2357 τροφῆς

197 2379 388 2442 αὐτοῖς
417 2377 597 2449 χρεία,
631 2378 797 2443 ἄλλας
817 2377 956 2431 ἐπτά
983 2377 1095 2449 (70)
1133 2379 1269 2449 πρὸς
1297 2378 1396 2449 τὴν
1423 2377 1532 2431 τῶν
1565 2376 1796 2430 νεοττῶν

198 2467 430 2541 αὔξησιν
455 2470 484 2523 ό
502 2468 877 2540 μεγαλόδωρος
890 2468 1023 2531 Θεὸς
1041 2468 1120 2539 τῷ
1156 2468 1469 2540 μικροτάτῳ
1494 2466 1619 2538 ζώῳ
1654 2483 1793 2537 παρ-

198 2561 414 2630 έσχετο.
451 2559 615 2614 Ὥστε
654 2560 749 2614 καὶ
786 2561 1032 2614 ναυτικοὶ
1078 2560 1281 2624 πάντες
1326 2561 1474 2614 ἴσασι
1503 2560 1660 2613 τοῦτο
1701 2560 1793 2612 καὶ

197 2652 524 2715 ἀλκυονίδας
554 2651 652 2716 τὰς
687 2653 799 2724 (71)
826 2652 1039 2724 ἡμέρας
1070 2653 1283 2716 ἐκείνας
1300 2651 1788 2725 προσαγορεύουσι.

197 2745 395 2801 Ταῦτά
418 2762 500 2800 σοι
534 2748 617 2811 εἰς
641 2745 959 2818 προτροπὴν
1002 2743 1095 2799 τοῦ
1148 2746 1327 2799 αἰτεῖν
1378 2744 1531 2815 παρά
1554 2742 1691 2797 Θεοῦ
1721 2742 1791 2796 τὰ

198 2835 342 2905 πρὸς
376 2834 652 2906 σωτηρίαν
676 2834 766 2889 διά
798 2834 900 2905 τῆς
928 2834 1057 2905 περὶ
1080 2833 1149 2887 τὰ
1171 2834 1341 2901 ἄλογα
1365 2833 1459 2886 τοῦ
1485 2832 1620 2886 Θεοῦ
1655 2849 1786 2905 προ-

199 2928 354 2993 νοίας
394 2927 836 2999 νενομοθέτηται.
891 2928 957 2981 Τί
995 2928 1096 2981 οὐκ
1127 2927 1195 2981 ἂν
1221 2928 1435 2995 γένοιτο
1477 2925 1584 2979 τῶν
1617 2943 1795 2997 παρα-

197 3021 372 3088 δόξων
401 3022 587 3075 ἐνεκεν
617 3022 734 3085 σοῦ,
770 3021 830 3084 ὃς
864 3022 985 3075 κατ’
1013 3021 1198 3074 εἰκόνα
1227 3020 1457 3089 γέγονας
1508 3018 1602 3071 τοῦ
1636 3017 1794 3084 Θεοῦ,

1908 544 2114 615 glutine
2150 548 2384 616 quodam
2429 546 2711 618 colligatis,
2748 548 2918 618 pullos
2954 549 3006 602 in
3046 548 3162 619 ipso
3200 550 3326 605 nido
3358 566 3486 607 enu-

1908 640 2005 692 trit
2048 656 2064 694 :
2110 654 2340 710 quorum
2398 641 2441 695 si
2489 642 2615 710 quis
2657 640 2844 696 oculos
2883 651 3177 712 expunget,
3219 658 3249 698 a
3297 655 3489 701 natura

1907 734 2168 788 medicam
2207 735 2497 802 quamdam
2542 742 2718 787 artem
2766 732 2997 801 accepit,
3037 748 3133 801 per
3172 748 3332 801 quam
3379 750 3492 789 suae

1906 825 2073 895 prolis
2098 824 2269 878 visum
2304 824 2371 877 ad
2405 823 2690 878 sanitatem
2730 824 2959 880 reducit.
2998 823 3122 878 llaec
3166 834 3218 879 te
3246 840 3490 880 commo-

1905 925 2090 981 neant,
2125 925 2182 970 ut
2219 930 2286 971 ne
2325 915 2391 968 ad
2434 915 2697 968 maleﬁcia
2736 924 3061 969 convertare
3098 924 3320 984 pr0pter
3358 931 3492 984 pau-

1904 1019 2203 1078 pertatem;
2243 1023 2379 1062 neve
2418 1009 2471 1061 in
2520 1006 2856 1075 gravissimis
2887 1006 3310 1072 calamitatibus,
3341 1009 3487 1061 oiniii

1902 1114 1998 1170 spe
2027 1100 2258 1170 abjecta,
2291 1104 2498 1155 otiosus
2526 1114 2590 1153 ac
2622 1099 2769 1152 iners
2799 1115 3019 1153 maneas
3048 1117 3061 1154 :
3098 1105 3191 1155 sed
3224 1102 3289 1154 ad
3324 1102 3488 1156 Deum

1903 1193 2210 1263 confugias,
2261 1195 2351 1262 qui
2405 1193 2448 1248 si
2498 1192 2775 1246 liirundini
2826 1200 2973 1245 tanta
3006 1191 3253 1261 largitur,
3284 1201 3490 1262 quanto

1904 1286 2110 1354 majora
2142 1287 2207 1340 iis
2233 1287 2324 1355 qui
2357 1286 2530 1354 ipsum
2564 1293 2677 1339 toto
2702 1284 2862 1338 corde
2894 1284 3173 1346 invocant,
3200 1299 3493 1339 concessu-

1905 1395 1997 1433 rus
2024 1378 2153 1433 est?
2191 1377 2429 1447 Ilalcyon
2463 1377 2578 1431 avis
2606 1377 2813 1430 marina
2844 1384 2945 1429 est.
2981 1374 3107 1429 llaec
3147 1375 3405 1443 depositis
3437 1377 3488 1428 in

1901 1469 2011 1537 ipsa
2040 1482 2200 1522 arena
2233 1469 2370 1533 ovis,
2400 1467 2693 1521 secundum
2727 1467 2841 1535 ipsa
2881 1466 3061 1521 littora
3093 1465 3352 1522 fetiiicare
3395 1483 3488 1523 so—

1902 1559 1975 1613 lel
2008 1575 2025 1616 :
2057 1569 2113 1613 et
2141 1560 2287 1614 circa
2329 1559 2562 1613 mediam
2611 1558 2727 1612 fere
2771 1558 3002 1612 hiemem
3048 1558 3220 1627 pullos
3252 1558 3488 1613 excludit

1901 1662 2034 1717 tum,
2067 1667 2191 1705 cum
2224 1667 2372 1706 mare
2409 1650 2593 1704 multis
2617 1660 2671 1704 et
2699 1650 2950 1704 violentis
2982 1650 3158 1704 ventis
3182 1650 3248 1703 ad
3285 1658 3488 1703 terram

1902 1743 2164 1798 alliditur.
2192 1745 2444 1799 Attamen
2483 1744 2877 1812 consopiuntur
2915 1743 3060 1797 venti
3094 1756 3306 1806 omnes,
3337 1742 3492 1811 quie-

1904 1846 2065 1891 scunt
2100 1837 2333 1906 aequorei
2370 1835 2566 1889 ﬂuctus
2603 1850 2698 1903 per
2735 1845 2941 1905 septem
2970 1836 3106 1895 dies,
3140 1834 3334 1903 quibus
3375 1833 3491 1887 Ital-

1902 1942 2042 2000 cyon
2083 1928 2202 1983 ovis
2233 1928 2474 1982 incubat.
2506 1926 2640 1980 Nam
2678 1927 2900 1981 totidem
2943 1926 3132 1980 diebus
3159 1924 3333 1977 solum
3373 1924 3492 1992 pul-

1904 2020 1984 2075 los
2029 2020 2289 2075 excludit.
2338 2020 2471 2075 Cum
2519 2028 2697 2073 autem
2752 2026 2808 2072 et
2830 2019 2973 2072 victu
3032 2017 3164 2086 ipsis
3196 2031 3332 2086 opus
3384 2024 3487 2075 est.

1902 2110 2040 2165 alios
2083 2119 2290 2179 septem
2337 2110 2453 2163 dies
2497 2110 2564 2162 ad
2616 2109 2882 2177 pullorum
2916 2110 3311 2160 iucrementmn
3351 2103 3491 2158 Deus

1902 2200 2440 2255 munilicentissiinus
2491 2201 2718 2254 minimo
2765 2198 2891 2252 huic
2945 2196 3168 2250 animali
3215 2194 3487 2264 praestitit.

1902 2293 2013 2364 76
2043 2293 2408 2359 Quamobrem
2446 2302 2502 2349 et
2537 2308 2726 2347 omnes
2763 2303 2943 2345 nantre
2978 2292 3084 2344 hoc
3117 2292 3316 2354 scium,
3346 2287 3492 2341 dies-

1900 2398 2007 2453 que
2053 2384 2173 2438 illos
2203 2384 2473 2453 appellant
2518 2383 2866 2453 baleyoueos.
2918 2382 3028 2434 lies
3060 2379 3164 2434 illa:
3191 2393 3285 2444 per
3314 2377 3406 2432 Dei
3433 2376 3490 2431 in

1900 2476 2057 2531 bruta
2091 2476 2485 2545 providentiam
2516 2478 2740 2531 sancitae
2769 2485 2896 2531 sunt
2926 2484 2981 2528 et
3012 2474 3300 2536 ordinatae,
3335 2479 3399 2525 ut
3431 2479 3487 2525 ιιι

1900 2568 1984 2621 his
2013 2568 2288 2633 incitatus,
2325 2583 2386 2622 ea
2424 2584 2544 2637 qua:
2581 2569 2646 2622 ad
2682 2577 2827 2621 tuam
2859 2567 3088 2622 salutem
3130 2564 3419 2633 pertinent.
3457 2577 3487 2615 a

1901 2657 2012 2711 Deo
2045 2673 2329 2726 exposcas.
2360 2657 2498 2725 Quid
2527 2668 2614 2711 tua
2645 2672 2834 2721 causa,
2860 2656 2952 2725 qui
2985 2655 3161 2709 factus
3187 2669 3248 2709 es
3285 2654 3351 2707 ad
3393 2653 3486 2708 Dei

1899 2747 2214 2817 imaginem,
2257 2748 2419 2801 etiam
2468 2755 2666 2816 printer
2712 2746 3180 2814 exspectationem
3223 2744 3339 2799 ﬁeri
3382 2759 3488 2797 non

1899 2837 2107 2906 possit,
2160 2851 2282 2890 cum
2330 2836 2554 2890 avicula:
2601 2836 2737 2890 adeo
2784 2836 2992 2905 exiguae
3040 2835 3235 2905 gratia,
3274 2843 3488 2887 vastum

1899 2937 1953 2982 et
1985 2929 2313 2983 horrendum
2354 2943 2504 2981 mare
2538 2929 2589 2981 in
2627 2929 2801 2983 media
2842 2930 3021 2983 hieme
3060 2928 3345 2998 quiescere
3371 2925 3491 2995 jus-

1902 3035 2042 3085 sum,
2075 3019 2381 3074 detineatur
2412 3034 2474 3072 ac
2510 3018 2784 3072 frenetur?

196 3115 402 3183 ὄπουγε
429 3114 569 3185 ὑπὲρ
591 3112 806 3184 ὄρνιθος
843 3113 989 3168 οὕτω
1041 3115 1247 3185 μικρᾶς
1311 3113 1345 3184 ἡ
1403 3111 1617 3183 μεγάλη
1676 3112 1772 3166 καὶ
1810 3112 2019 3185 φοϐερὰ
2081 3112 2376 3182 κατέχεται
2408 3111 2673 3177 θάλασσα,
2711 3112 2769 3164 ἐν
2805 3112 2955 3184 μέσῳ
2985 3112 3214 3184 χειμῶνι
3248 3110 3492 3181 γαλήνην

197 3209 358 3279 ἄγειν
385 3206 497 3279 (72)
523 3207 909 3278 ὲπιταχθεῖσας

272 3301 329 3358 6.
349 3302 462 3374 Τὴν
482 3301 726 3374 τρυγόνα
756 3303 912 3371 φασὶ,
943 3299 1356 3370 διαζευχθεῖσάν
1375 3317 1505 3353 ποτε
1533 3300 1624 3353 τοῦ
1653 3300 1786 3371 ὁμό-

1961 3298 2015 3353 6.
2057 3297 2261 3353 Ferunt
2297 3306 2564 3353 turturem
2609 3313 2638 3351 a
2684 3297 2911 3368 conjuge
2962 3309 3289 3365 separatam,
3354 3315 3494 3353 nun-

198 3393 390 3463 ζυγός,
424 3393 623 3464 μηκέτι
656 3394 755 3465 τὴν
794 3394 931 3465 πρὸς
958 3393 1146 3464 ἕτερον
1173 3391 1569 3462 καταδέχεσθαι
1595 3409 1791 3446 κοινωα

197 3486 346 3551 νίαν,
372 3484 533 3539 ’ἀλλά
589 3485 771 3556 μένειν
820 3485 1207 3548 άσυνδύαστον,
1265 3486 1456 3557 μνήμῃ
1510 3483 1604 3537 τοῦ
1663 3484 1794 3537 ποτὲ

201 3577 594 3648 συζευχθέντος
636 3577 736 3649 τὴν
771 3577 910 3649 πρὸς
952 3577 1142 3648 ἕτερον
1177 3577 1465 3631 κοινωνίαν
1513 3577 1794 3647 ἀπαρνου-

204 3670 397 3741 μένην.
445 3669 818 3723 ’Δκουέτωσαν
847 3672 904 3723 αἰ
931 3672 1207 3739 γυναῖκες,
1227 3669 1375 3731 ὅπως
1388 3668 1450 3721 τὸ
1479 3667 1674 3738 σεμνὸν
1694 3667 1796 3737 τῆς

200 3757 434 3829 χηρείας
461 3760 556 3812 καὶ
603 3759 757 3829 παρά
788 3761 903 3821 τοῖς
940 3758 1157 3827 ἀλόγοις
1182 3758 1277 3811 τοῦ
1313 3758 1372 3810 ἐν
1405 3759 1527 3821 ταῖς
1556 3756 1797 3824 πολυγα-

206 3851 363 3922 μίαις
396 3849 680 3922 ἀπρεποῦς
707 3850 1123 3922 προτιμότερον.
1154 3848 1514 3912 Ἀδικώτατος
1544 3849 1672 3920 περὶ
1696 3848 1797 3918 τὴν

142 3990 147 3993 .
201 3944 316 3998 τῶν
341 3943 582 4012 ἐκγόνων
612 3941 886 4015 ἐκτροφὴν
918 3942 1028 4012 (75)
1061 3943 1090 3994 ὁ
1112 3942 1288 4005 ἀετός.
1322 3941 1427 3994 Δύο
1448 3940 1557 4012 γὰρ
1593 3939 1797 4009 ἐξαγα-

202 4035 319 4105 γὼν
354 4037 631 4098 νεοσσοὺς,
670 4034 763 4089 τὸν
791 4035 981 4106 ἕτερον
1022 4033 1203 4088 αὐτῶν
1246 4036 1329 4098 εἰς
1374 4033 1478 4103 γῆν
1519 4034 1798 4106 καταρρή-

201 4142 388 4194 γνυσι,
418 4128 540 4190 ταῖς
578 4125 819 4197 πληγαῖς
859 4126 968 4178 τῶν
998 4124 1215 4195 πτερῶν
1252 4123 1671 4195 ἀπωθούμενος¹
1705 4123 1805 4193 ring

201 4218 262 4272 δὲ
307 4217 500 4290 ἓτερον
546 4217 708 4288 μόνον
747 4216 1056 4282 ἀναλαϐὼν,
1100 4216 1422 4282 οἰκειοῦται,
1473 4215 1563 4270 διὰ
1592 4216 1655 4269 τὸ
1696 4216 1797 4287 τῆς

201 4308 414 4380 τροφῆς
445 4306 703 4361 ἐπίπονον
731 4306 1167 4378 ἀποποιούμενος
1214 4306 1327 4378 (74)
1380 4307 1439 4360 ὃν
1482 4307 1792 4376 ἐγέννησεν.

215 4399 361 4453 Ἀλλ’
389 4400 490 4454 οὐκ
517 4401 582 4472 ἐᾷ
603 4398 816 4463 τοῦτον,
845 4399 923 4463 ὣς
961 4416 1116 4469 φασι,
1150 4399 1522 4473 διαφθαρῆναι
1550 4401 1584 4470 ἡ
1613 4400 1757 4470 φήνη
1778 4415 1792 4429 ⁸

201 4484 323 4539 ἀλλ’
351 4485 702 4541 ὑπολαϐοῦσα
733 4487 898 4541 αὐτὸν
920 4491 1035 4552 τοῖς
1060 4487 1283 4552 οἰκείοις
1317 4488 1519 4559 ἐαυτῆς
1556 4489 1797 4551 νεοσσοῖς

204 4576 585 4649 συνεκτρέφει.
618 4576 861 4632 Τοιοῦτοι
889 4578 1001 4632 τῶν
1028 4578 1234 4648 γονέων
1259 4580 1310 4632 οἱ
1362 4579 1475 4650 (75)
1517 4578 1612 4633 ἐπὶ
1651 4594 1795 4649 προ-

1894 3405 2057 3460 quam
2088 3407 2210 3446 cum
2239 3391 2346 3446 alio
2368 3393 2506 3447 inire
2532 3394 2869 3455 societatem,
2900 3392 2992 3445 sed
3024 3393 3238 3445 viduam
3279 3408 3492 3458 perma-

1895 3499 2025 3537 nere
2054 3501 2068 3537 :
2099 3494 2282 3553 utpote
2314 3500 2455 3553 quae,
2485 3485 2553 3538 ob
2594 3485 2789 3553 prioris
2846 3484 3092 3554 conjugis
3148 3486 3488 3553 memoriam,

1894 3572 2122 3628 alterius
2147 3573 2453 3641 coniugium
2486 3572 2710 3628 abnuat.
2747 3572 2985 3625 Audiant
3022 3575 3298 3637 mulieres,
3354 3590 3492 3644 quo-

1898 3666 2061 3720 modo
2084 3667 2167 3718 vel
2195 3667 2335 3734 apud
2367 3664 2521 3719 bruta
2555 3664 2838 3726 animalia,
2873 3665 3235 3733 frequentium
3271 3668 3487 3735 nuptiao

1896 3772 2017 3811 rum
2062 3757 2314 3812 dedecori
2364 3765 2729 3825 anteponatur
2774 3756 3057 3811 viduitatis
3102 3758 3359 3826 pudicitia
3392 3760 3492 3812 bo-

1899 3858 2212 3917 nestasqne.
2259 3848 2451 3916 Aquila
2502 3850 2553 3901 in
2606 3849 2888 3903 educanda
2942 3848 3093 3917 prole
3148 3849 3487 3918 iniquissima

1896 3953 1999 3994 est.
2038 3939 2254 3993 Etenim
2291 3940 2379 3994 tibi
2416 3940 2591 4009 pullos
2630 3943 2765 3995 duos
2806 3940 3061 4005 exclusit,
3116 3941 3307 3993 horum
3352 3941 3489 3996 alte-

1899 4047 2018 4086 rum
2071 4031 2255 4101 dejicit
2308 4032 2359 4085 in
2417 4042 2641 4094 terram.
2695 4029 3111 4103 ac'pennarnm
3166 4034 3489 4087 verberibus

1897 4125 2172 4193 protrudit
2225 4141 2239 4177 :
2300 4123 2529 4178 altermn
2585 4136 2769 4180 autem
2829 4126 3094 4179 duntaxat
3148 4135 3485 4194 assumptum

1899 4230 1997 4284 pro
2041 4231 2139 4271 suo
2189 4216 2378 4281 habet;
2416 4226 2579 4286 atque
2610 4233 2770 4285 quem
2805 4218 3013 4288 genuit,
3058 4227 3279 4284 propter
3313 4217 3487 4272 victos

1897 4302 2247 4371 comparandi
2296 4302 2667 4356 diﬁicultatem
2719 4304 2959 4357 abdicat.
3017 4303 3148 4367 Sed,
3200 4312 3259 4356 ut
3310 4304 3482 4365 aiunt,

1898 4394 2077 4461 perire
2100 4395 2260 4451 ,liunc
2294 4409 2402 4447 non
2432 4395 2560 4447 sinit
2589 4395 2853 4463 ossifraga
2891 4408 2906 4449 :
2945 4396 3054 4448 imo
3084 4395 3260 4461 ipsum
3300 4410 3484 4447 susce-

1897 4495 2046 4553 ptum
2096 4500 2200 4539 una
2248 4499 2372 4539 cum
2422 4486 2654 4554 propriis
2702 4486 2814 4539 suis
2860 4485 3018 4555 pullis
3061 4487 3277 4540 etlIICuI.
3325 4484 3483 4538 Tales

1898 4585 2026 4632 sunt
2073 4589 2325 4648 parentes
2364 4577 2463 4642 illi,
2493 4578 2585 4647 qui
2630 4580 2963 4648 paupertatis
2996 4591 3261 4648 pisatextu
3306 4579 3481 4632 inlan-

280 4809 394 4883 (6_6)
425 4808 519 4866 Sic
539 4811 792 4883 quinque
845 4825 1043 4883 mss.ie
1067 4811 1289 4883 nostris
1320 4822 1515 4881 praeter
1543 4811 1789 4883 Combel.
1823 4816 1869 4871 D
1896 4813 2038 4874 loco.
2070 4827 2179 4883 quo
2194 4814 2515 4869 Ambrosius
2530 4814 2596 4869 de
2617 4814 2718 4869 hac
2744 4814 2859 4882 ipsa
2894 4829 2994 4867 ave
3014 4813 3272 4880 loquitur,
3308 4811 3476 4867 levem

202 4881 346 4965 Fditi
371 4881 809 4965 ιςειυβρέξασα³
845 4882 999 4949 Quod
1031 4881 1309 4964 aliquanto
1352 4894 1478 4937 ante
1509 4884 1595 4964 ait.
1634 4881 1789 4937 Basi-

203 4951 583 5011 lins.ciconiis
636 4951 883 5023 ceruices
910 4951 1407 5023 peregrinationum
1452 4953 1685 5023 comites
1734 4963 1790 5007 et

205 5032 467 5091 tanquam
511 5023 771 5077 satellites
797 5021 1135 5091 adjungi{de
1154 5037 1232 5091 eo
1258 5022 1416 5076 aliter
1438 5022 1641 5076 sentire
1669 5023 1792 5076 Ari-

203 5091 457 5162 stotelem
480 5091 637 5162 docet
668 5092 808 5147 idem
837 5092 923 5146 ille
963 5090 1125 5162 quem
1142 5090 1256 5159 jam
1289 5092 1560 5146 nominavi
1595 5092 1790 5147 Petrus

204 5161 435 5284 {‘7etitus.
475 5160 648 5232 Legas
695 5162 854 5216 velim
905 5160 1022 5233 ejus
1060 5167 1379 5232 opusculum
1415 5163 1510 5218 lib.
1554 5178 1628 5229 iv,
1665 5178 1785 5232 cap.

280 5299 394 5369 (67)
444 5299 599 5373 Coll).
645 5303 914 5358 secundus
952 5301 1169 5373 φύσεως
1196 5301 1459 5373 ἰατρείαν.
1493 5302 1615 5359 Mox
1652 5301 1787 5372 Reg.

201 5381 392 5444 sextus
419 5372 500 5444 εἰς
532 5388 760 5444 κακουρ.

424 5441 563 5517 lies.
585 5439 846 5517 sextussl
878 5439 1309 5517 χελιδόνι-ταῦτα
1343 5443 1645 5517 χαρίζεται.

283 5511 397 5581 (69)
430 5510 604 5567 Editio
657 5512 820 5567 Basil.
853 5510 974 5567 cum
1024 5513 1204 5566 multis
1257 5510 1386 5568 lnS—S‘.
1416 5510 1783 5569 ’νοσσεύεινω

199 5581 473 5634 νοσσεύει.
506 5582 868 5649 ΕιιίιίοιΡκτίε.
904 5583 1278 5637 νεοσσεύειν...
1307 5583 1604 5638 νεοσσεύει.
1641 5584 1786 5640 Infra

204 5651 360 5722 Bodl.
398 5652 591 5722 μόναις
612 5652 833 5705 ἐκλέπει
859 5654 1008 5716 τούς.

278 5721 638 5795 (70)Codi--e_s
660 5724 764 5776 duo
793 5723 955 5787 ἄλλας
982 5723 1121 5795 ἑπτὰ
1150 5724 1381 5795 ἡμέρας.
1418 5724 1644 5791 Quando
1673 5741 1785 5778 scr-

206 5807 296 5848 tno
319 5803 403 5849 est
429 5794 495 5848 de
526 5792 811 5863 ltalcyone,
844 5794 1107 5850 maculam
1148 5792 1333 5851 tollere
1366 5798 1601 5853 conabor
1626 5813 1691 5851 ex
1720 5814 1784 5852 eo

1895 4882 2114 4952 quidem
2152 4884 2320 4948 illam,
2354 4887 2446 4939 sed
2470 4900 2590 4953 quae
2626 4894 2802 4937 tamen
2837 4885 3034 4951 negotii
3064 4884 3274 4953 aliquid
3303 4882 3478 4935 iaces-

1893 4969 2017 5023 sere
2049 4955 2219 5022 possit
2251 4952 2580 5009 rudioribus.
2639 4954 2734 5008 Ubi
2791 4969 2922 5020 ergo
2965 4954 3191 5023 legimus
3224 4952 3318 5007 lib.
3358 4968 3386 5005 ν
3421 4954 3480 5007 iit

1894 5022 2154 5078 llexaem.
2197 5040 2317 5094 cap.
2373 5024 2461 5087 15,
2506 5040 2651 5078 num.
2678 5024 2794 5094 740,
2844 5023 3123 5076 Placidum
3168 5023 3328 5076 ventis
3374 5033 3478 5076 stat

1893 5110 2061 5156 mare,
2097 5093 2375 5148 donec’ow
2395 5097 2561 5162 foveat
2593 5093 2846 5163 ltalcyone
2874 5111 2992 5154 sua,
3023 5094 3305 5163 legendum
3342 5107 3476 5145 cen-

1891 5177 2004 5233 seo.
2041 5165 2205 5233 donec
2221 5180 2314 5218 ova
2344 5163 2515 5233 foveat
2546 5165 2770 5233 halcyon
2793 5182 2913 5218 sua.
2948 5163 3076 5233 Illud
3110 5163 3314 5233 Basilii,
3346 5164 3477 5233 ἡσυτ

1890 5231 2046 5302 χάζει
2077 5232 2135 5286 δὲ
2167 5234 2318 5305 κῦμα
2345 5231 2652 5287 θαλάσσιον
2672 5231 2817 5287 ήόταν
2853 5232 3068 5288 ἀλκυὼν
3115 5231 3376 5303 ἐπωάζῃ,
3407 5232 3477 5286 ad

1896 5307 2140 5364 verbum,
2166 5318 2225 5357 nt
2263 5306 2446 5359 vident
2479 5321 2692 5369 omnes,
2730 5306 2998 5372 expressit
3026 5305 3365 5357 Ambrosius.

1966 5374 2077 5443 (71)
2098 5373 2344 5428 Nonnulli
2379 5390 2511 5428 mss.
2541 5374 2913 5438 ἀλκυονίτιδας
2950 5375 3070 5437 τάς.

1961 5444 2073 5516 (72)
2097 5445 2249 5516 Colb.
2281 5447 2551 5499 secundus
2573 5445 2831 5516 γαλήνην
2849 5445 3014 5515 ἔχειν.

1964 5511 2076 5585 (75)
2131 5514 2515 5587 Codicesdnon
2578 5511 2735 5583 pauci
2772 5511 3017 5584 ἐξάγων.
3079 5511 3279 5569 Ibidem
3336 5512 3471 5587 Reg.

1890 5586 2328 5656 quintusﬁtspov
2353 5585 2501 5652 ἄγων
2530 5587 2630 5648 εἰς.

1958 5654 2070 5725 (74)
2100 5653 2246 5725 Reg;
2273 5655 2496 5725 quintus
2529 5655 3006 5725 ἁποσπασάμενος.

1962 5723 2075 5796 (75)
2101 5724 2236 5778 Editi
2265 5740 2385 5796 cum
2411 5724 2562 5796 Colb.
2607 5723 2843 5779 secundo
2888 5725 3090 5793 γονέων
3125 5726 3174 5777 οἰ
3224 5723 3468 5794 σκληραί,

1893 5793 1986 5852 sed
2022 5796 2171 5863 illtId,
2205 5797 2253 5848 οἱ
2283 5793 2528 5866 σκληροί,
2556 5797 2706 5852 deest
2738 5798 2788 5851 in
2815 5807 3020 5865 septem
3060 5812 3215 5861 mss.,
3244 5814 3341 5850 nec:
3371 5797 3481 5848 du-
