3850 6218
340 294 448 352 179

1659 298 1720 355 S.
1763 297 1845 353 BA
1854 296 2010 353 SlLll
2053 296 2275 353 MAGNI

344 425 431 468 trs
460 418 759 478 exponunt,
800 417 893 464 aut
922 409 1087 464 etiam
1122 409 1173 463 in
1200 409 1529 480 patrimonio
1558 410 1933 466 distribuendo

2074 409 2201 462 πάσει
2236 426 2426 473 πενιας
2472 406 2808 480 ἐκτιθέμενοι
2854 409 2920 464 τά
2965 412 3159 483 νήπια·
3217 411 3251 483 ἢ
3298 412 3394 466 καὶ
3440 414 3507 467 ὲν
3564 417 3642 486 τῇ

345 499 668 569 miquissimi
705 509 831 554 sunt
867 514 994 569 erga
1030 499 1246 553 liberos.
1279 500 1742 566 Quemadmodum
1782 499 1929 555 enim

342 594 558 663 cuique,
599 601 845 658 ut-esset,
875 609 939 647 ex
974 610 1130 661 aequo
1159 594 1417 658 tribuere,
1472 595 1547 649 ita
1579 608 1792 663 aequum
1824 602 1930 657 est,

344 695 404 739 ut
440 686 519 740 eis
560 687 682 739 vita:
721 687 945 756 agendae
987 686 1296 741 facultatem
1335 688 1451 757 pari
1496 687 1800 756 aequalique
1839 700 1930 739 ra-

349 784 494 837 tione
528 779 889 846 suppeditent.
933 778 1076 834 Cave
1114 780 1347 834 innitaris
1376 794 1564 834 earum
1595 780 1776 833 avium
1806 779 1932 847 qui-

349 867 451 923 bus
502 855 709 937 ungues
760 869 954 923 adunci
1012 882 1159 934 sunt,
1216 870 1641 926 crudelitatem:
1683 885 1804 938 qua:
1841 870 1932 924 ubi

350 957 586 1011 viderint
634 972 764 1013 suos
817 958 957 1014 fetus
996 958 1223 1031 jamjam
1276 960 1475 1015 volatui
1523 969 1782 1023 maturos,
1834 960 1934 1013 alis

349 1065 445 1105 eos
472 1051 840 1113 verberantes,
869 1068 932 1107 ac
957 1054 1308 1124 expellenles,
1340 1069 1404 1108 ex
1442 1054 1568 1107 nido
1598 1054 1839 1123 ejiciuut,
1872 1066 1937 1106 ac

353 1145 610 1212 deinceps
641 1144 842 1199 nullam
877 1160 1063 1201 eorum
1105 1162 1292 1201 curam
1331 1147 1649 1216 suscipiunt.
1686 1144 1938 1199 Laudan-

352 1240 453 1292 dus
480 1250 565 1292 est
596 1238 831 1293 cornicis
863 1239 913 1292 in
946 1255 1074 1295 suos
1108 1240 1285 1308 pullos
1313 1255 1485 1302 amor,
1517 1255 1636 1309 qua:
1662 1240 1805 1307 ipsos
1822 1237 1935 1305 jam

356 1332 606 1387 volantes
659 1332 971 1395 comitatur,
1023 1332 1445 1401 alimoniamque
1494 1331 1934 1395 subministrans,

356 1423 476 1479 illos
509 1422 815 1479 diutissime
842 1426 1063 1478 enutrit.
1106 1423 1285 1479 Multis
1325 1424 1507 1478 avium
1543 1423 1832 1492 generibus
1870 1421 1938 1476 ad

355 1525 679 1583 conceptum
722 1515 856 1570 nihil
898 1531 1034 1585 opus
1072 1528 1156 1571 est
1199 1517 1388 1585 copula
1438 1516 1668 1569 marium
1706 1533 1718 1569 :
1758 1514 1850 1568 sed
1883 1513 1939 1567 in

357 1609 479 1663 aliis
527 1608 817 1678 generibus
866 1608 1011 1662 edita
1056 1608 1191 1662 citra
1241 1609 1440 1662 coitum
1488 1622 1612 1670 ova,
1656 1604 1939 1661 infecunda

360 1708 505 1754 sunt.
538 1698 740 1754 Ferunt
770 1708 950 1754 autem
991 1700 1108 1755 sine
1140 1700 1284 1754 coitu
1324 1710 1384 1753 ut
1419 1699 1710 1769 plurimum
1751 1709 1941 1765 parere

2036 500 2265 572 διανομῇ
2297 499 2393 553 τοῦ
2451 501 2653 571 κλήρου
2708 500 3032 557 ἀνισώτατοι
3083 503 3220 574 πρὸς
3272 504 3341 558 τά
3392 505 3642 574 ἔκγονα.

2037 593 2255 646 Δίκαιον
2288 594 2417 667 γὰρ,
2468 593 2656 664 ὥσπερ
2685 595 2744 659 ἐξ
2777 596 2892 649 [σου
2926 595 3365 667 μεταδεδώκασιν
3398 599 3645 669 ἑκάστῳ

2037 682 2132 735 τοῦ
2161 679 2323 749 εἶναι,
2357 684 2501 738 οὕτω
2539 686 2634 739 κα)⁸
2661 686 2760 750 τὰς
2793 686 2929 758 πρὸς
2962 686 3025 740 τὸ
3071 686 3169 759 ζῇν
3194 689 3460 759 ἀφορμάς
3498 690 3647 753 ἴσως

2039 773 2225 837 αὐτοῖς
2269 775 2363 829 καὶ
2415 776 2692 846 ὀμοτίμως
2754 778 3038 848 παρέχειν.
3092 779 3183 849 Μὴ
3240 781 3462 852 μιμήσῃ
3524 781 3647 835 τῶν

2039 862 2425 933 γαμψωνύχων
2452 864 2682 935 ὀρνίθων
2728 867 2790 920 τὸ
2830 868 3073 936 ἀπηνές⁸
3100 868 3170 934 οἳ,
3207 870 3430 923 ἐπειδὰν
3476 870 3647 925 ῐδωσι

2039 956 2167 1017 τοὺς
2228 955 2437 1008 ἑαυτῶν
2486 959 2735 1021 νεοττοὺς
2769 961 3224 1031 κατατολμῶντας
3272 961 3467 1015 λοιπὸν
3533 962 3649 1033 τῆς

2041 1047 2314 1116 πτήσεως,
2371 1047 2689 1103 ἐκϐάλλουσι
2736 1051 2838 1122 τῆς
2891 1053 3105 1117 καλιᾶς,
3164 1054 3469 1117 τύπτοντες
3522 1058 3650 1118 τοῖς

2044 1142 2263 1211 πτεροῖς
2327 1141 2420 1194 καὶ
2469 1141 2767 1207 ὠθοῦντες,
2824 1145 2921 1198 καὶ
2980 1146 3236 1218 οὐδεμίαν
3299 1148 3651 1218 ἐπιμέλειαν

2045 1230 2326 1284 ποιοῦνται
2362 1232 2499 1304 πρὸς
2520 1233 2581 1286 τὸ
2599 1233 2801 1289 λοιπόν.
2843 1237 3155 1291 Ἐπαινετδν
3169 1239 3267 1310 τῆς
3294 1239 3560 1311 κορώνης
3580 1239 3654 1293 τὺ

2045 1324 2392 1394 φιλότεκνον·
2437 1327 2471 1396 ἢ
2507 1329 2602 1381 καὶ
2644 1332 2964 1399 πετομένοις
3011 1331 3120 1401 (76)
3151 1332 3250 1403 ἤδη
3286 1333 3647 1404 παρέπεται,

2046 1417 2325 1482 σιτίζουσα
2362 1419 2559 1482 αὐτοὺς
2607 1420 2702 1473 καὶ
2751 1421 3090 1491 ἐκτρέφουσα
3138 1422 3299 1492 μέγρι
3343 1423 3646 1477 πλείστου.

2045 1509 2223 1563 Πολλὰ
2278 1510 2385 1564 τῶν
2435 1510 2665 1583 ὀρνίθων
2715 1512 2847 1583 γένη
2902 1513 3056 1567 οὐδὲν
3108 1514 3244 1584 πρὸς
3291 1514 3391 1586 τὴν
3428 1515 3651 1584 κύησιν

2014 1589 2025 1601 ’
2043 1603 2214 1657 δεῖται
2245 1603 2343 1674 τῆς
2358 1603 2466 1658 τῶν
2496 1604 2744 1676 ἀρρένων
2773 1604 3078 1675 ἐπιπλοκῆς
3098 1623 3111 1635 ·
3142 1605 3257 1659 ἀλλ’
3281 1608 3338 1659 ὲν
3389 1607 3494 1676 μὲν
3524 1609 3649 1669 τοῖς

2046 1696 2228 1760 ἄλλοις
2254 1697 2427 1766 ἄγονὰ
2449 1700 2563 1750 ἐστι
2591 1696 2661 1750 τά
2687 1698 2987 1769 ὑπηνέμια,
3010 1700 3136 1762 τοὺς
3163 1699 3220 1751 δὲ
3247 1698 3429 1767 γῦπάς
3462 1715 3651 1768 φασιν

361 1794 623 1854 vultures,
670 1791 797 1846 licet
842 1792 1075 1846 maxime
1124 1791 1396 1861 longaevos
1424 1768 1455 1846 7:
1506 1790 1702 1859 quippe
1744 1789 1941 1859 quibus

2074 1790 2424 1853 ,συνδυάστως
2450 1790 2656 1843 τίκτειν
2676 1790 2753 1853 ὼς
2783 1768 2852 1843 τὰ
2875 1789 3066 1854 πολλὰ,
3094 1791 3187 1842 καὶ
3215 1790 3389 1844 ταῦτα
3421 1807 3651 1860 μακρο-

360 1885 470 1939 vita
499 1886 566 1939 ad
590 1891 804 1938 centum
834 1900 1004 1952 usque
1025 1898 1198 1937 annos
1224 1885 1540 1952 plerumque
1567 1882 1939 1951 protendatur.

358 1973 414 2028 Id
442 1975 600 2030 velim
631 1984 873 2030 notatum
901 1985 957 2029 et
982 1975 1328 2029 observatum
1359 1989 1428 2028 ex
1456 1972 1644 2027 alitum
1676 1971 1899 2025 historia
1924 1985 1940 2023 :

362 2076 423 2119 ut
451 2068 496 2121 si
532 2067 743 2135 quando
773 2066 1061 2122 nonnullos
1092 2067 1294 2121 videris
1332 2066 1646 2138 mysterium
1698 2073 1942 2117 nostrum

371 2157 623 2221 irridere,
660 2158 815 2227 quasi
858 2157 972 2211 fieri
1014 2164 1271 2225 nequeat,
1303 2167 1355 2209 et
1388 2155 1543 2225 quasi
1575 2155 1648 2208 sit
1685 2169 1715 2207 a
1753 2163 1943 2207 natura

367 2247 627 2311 alienum,
665 2258 723 2301 ut
750 2247 923 2317 virgo,
964 2246 1276 2316 virginitate
1318 2244 1437 2313 ejus
1471 2244 1791 2299 intemerata
1821 2256 1944 2311 per-

363 2352 640 2405 manente,
676 2343 969 2412 pepererit,
1003 2341 1185 2395 veniat
1231 2341 1283 2393 in
1325 2347 1558 2394 mentem
1598 2336 1716 2400 tibi,
1757 2336 1944 2397 Deum,

363 2435 449 2489 cui
502 2449 599 2503 per
643 2432 1043 2502 praedicationis
1091 2431 1378 2485 stultitiam
1432 2429 1715 2484 credentes
1771 2425 1949 2479 salvos

365 2524 546 2580 facere
588 2525 805 2590 libuit“,
850 2525 1132 2578 innumera
1184 2524 1558 2584 incitamenta,
1605 2519 1673 2573 ab
1704 2519 1818 2587 ipsa
1852 2532 1949 2570 na-

366 2628 484 2672 tura
510 2619 818 2686 desumpta,
853 2619 918 2670 ad
950 2618 1108 2670 tidem
1145 2616 1308 2669 rebus
1340 2614 1621 2683 stupendis
1650 2610 1949 2667 concilian-

365 2710 489 2763 dam
520 2708 571 2761 in
606 2717 944 2762 antecessum
976 2707 1345 2777 praposuisse.

441 2799 492 2852 7.
540 2796 841 2853 Producant
879 2815 1029 2868 aqua:
1060 2799 1268 2868 reptilia
1307 2788 1610 2850 animarum
1646 2795 1753 2865 77
1783 2794 1952 2847 viven-

367 2894 523 2957 tium,
565 2902 616 2948 et
655 2893 894 2947 volatilia
931 2894 1162 2948 uolantia
1207 2909 1362 2962 super
1406 2902 1625 2957 terram,
1667 2891 1952 2945 secundum

366 2986 755 3057 ﬁrmamentum
789 2986 923 3040 caeli.
950 2985 1105 3041 Jussa
1141 2995 1268 3040 sunt
1295 3000 1459 3055 super
1497 2994 1699 3039 terram
1729 2982 1948 3051 quidem

2044 1880 2338 1944 ϐιωτάτους
2366 1881 2530 1943 ὂντας
2549 1897 2564 1910 ·
2596 1875 2678 1945 οἷς
2706 1899 2770 1950 γε
2804 1882 2997 1953 μέχρις
3037 1882 3230 1935 ἑκατὸν
3257 1882 3395 1935 ὲτῶν
3434 1881 3520 1943 ὡς
3572 1881 3649 1935 τὰ

2045 1966 2216 2020 πολλὰ
2253 1968 2641 2038 παρατείνεται
2678 1970 2791 2041 (77)
2828 1971 3022 2041 ήςωή.
3059 1970 3229 2023 Τοῦτό
3267 1988 3359 2041 μοι
3404 1970 3502 2041 ἔχε
3534 1988 3647 2024 πα-

2049 2062 2561 2132 ρασεσημειωμένον
2591 2066 2655 2118 ὲκ
2674 2064 2777 2133 τῆς
2811 2065 2940 2137 περὶ
2964 2067 3091 2128 τοὺς
3117 2065 3336 2137 ὄρνιθας
3365 2066 3644 2133 ἱστορίας,

2048 2153 2136 2217 ἵν’,
2193 2154 2414 2207 ἐπειδάν
2438 2171 2569 2208 ποτε
2598 2156 2714 2226 ἴδῃς
2742 2156 3018 2226 γελῶντάς
3062 2175 3214 2220 τινας
3239 2158 3302 2210 τὸ
3330 2159 3648 2229 μυστήριον

2048 2245 2223 2315 ἡμῶν,
2249 2246 2326 2308 ὼς
2357 2246 2622 2301 ἀδυνάτου
2650 2248 2803 2313 ὄντος
2821 2250 2915 2302 καὶ
2952 2249 3057 2316 ἔξω
3085 2250 3185 2320 τῆς
3227 2249 3464 2319 φύσεως,
3493 2268 3648 2321 παρη

2049 2338 2200 2392 θένον
2237 2340 2451 2404 τεκεῖν,
2501 2341 2603 2411 τῆς
2667 2341 2962 2412 παρθενίας
3008 2343 3177 2413 αὐτῆς
3222 2343 3646 2414 φυλαττομένης

2048 2429 2344 2499 άχράντου,
2374 2430 2709 2504 ὲνθυμηθῇς,
2741 2434 2823 2486 ὃτι
2855 2436 2884 2487 ὀ
2914 2434 3214 2503 εὐδοκήσας
3260 2437 3317 2487 ὲν
3349 2437 3418 2505 τῇ
3453 2435 3645 2506 μωρία

2049 2520 2145 2574 τοῦ
2170 2521 2526 2592 κηρύγματος
2566 2524 2737 2577 σῶσαι
2762 2525 2889 2586 τοὺς
2925 2526 3301 2589 πιστεύοντας,
3337 2527 3544 2597 μυρίας
3578 2528 3645 2578 ὲκ

2051 2613 2151 2682 τῆς
2179 2614 2394 2683 φύσεως
2417 2616 2671 2689 ἀφορμάς
2696 2618 2833 2690 πρὸς
2859 2618 2959 2689 τὴν
2983 2620 3165 2673 πίστιν
3189 2620 3297 2673 τῶν
3318 2619 3647 2687 παραδόξων

2053 2706 2344 2776 προλαϐὼν
2374 2708 2704 2761 κατεϐάλετο
2739 2708 2871 2779 (78).

2131 2797 2183 2850 7.
2222 2798 2588 2869 Ἐξαγαγέτω
2608 2798 2681 2853 τὰ
2708 2799 2897 2853 ὕδατα
2931 2799 3147 2867 ἑρπετὰ
3173 2798 3390 2868 ψυχῶν
3413 2797 3645 2863 ζ’ωσῶν,

2054 2889 2152 2943 καὶ
2183 2890 2425 2943 πετεινὰ
2460 2892 2756 2960 πετόμενα
2782 2890 2881 2944 ἐπὶ
2910 2889 3017 2959 τῆς
3056 2889 3188 2960 γῆς,
3225 2890 3377 2946 κατὰ
3401 2890 3471 2943 τὸ
3511 2907 3648 2945 ars-

2049 2980 2253 3050 ρέωμα
2280 2982 2386 3035 τοῦ
2414 2982 2699 3049 οὐρανοῦ.
2741 2983 2864 3036 Ἐπὶ
2913 2984 3011 3053 μὲν
3060 2985 3161 3054 τῆς
3194 2983 3299 3052 γῆς
3342 2982 3647 3054 ἐκελεύσθη

370 3076 578 3139 volare,
635 3084 922 3145 prOpterea
968 3076 1110 3143 quod
1151 3074 1406 3129 onmibus
1449 3074 1767 3127 alimentum
1809 3082 1952 3127 terra

2074 3070 2350 3135 τετάσθαι,
2383 3072 2470 3125 διὰ
2494 3072 2555 3124 τὸ
2584 3074 2719 3126 πᾶσι
2736 3073 2831 3143 τὴν
2846 3075 3053 3146 τροφὴν
3070 3074 3179 3128 ἀπὸ
3203 3074 3306 3145 τῆς
3330 3076 3436 3145 γῆς
3467 3074 3650 3146 ὑπάρ-

369 3167 746 3222 subministret
778 3185 791 3221 :
827 3166 1132 3222 Secundum
1163 3167 1553 3233 ﬁrmamentum
1596 3175 1775 3219 autem
1817 3164 1951 3229 σωίὲ,

368 3264 655 3325 propterea
724 3257 889 3323 quod,
947 3263 1005 3309 ut
1050 3267 1176 3309 ante
1248 3255 1505 3318 diximus.
1557 3269 1651 3307 aer
1689 3254 1792 3309 hoc
1836 3254 1957 3308 loco

371 3347 669 3415 appelletur
715 3348 937 3412 ctelum,
986 3363 1083 3402 ceu
1124 3348 1379 3419 οὐρανός,
1423 3348 1671 3402 videlicet
1709 3363 1739 3400 a
1793 3350 1958 3403 verbo

371 3439 625 3512 ὁρᾶσθαι,
655 3440 799 3510 quod
844 3451 929 3494 est
960 3441 1143 3495 uideri.
1178 3440 1317 3506 Quin
1353 3450 1408 3495 et
1442 3438 1839 3494 ﬁrmamentum
1875 3441 1958 3495 di-

374 3531 540 3596 citur,
572 3529 692 3583 ideo
718 3530 862 3599 quod
891 3544 987 3583 aer
1020 3530 1131 3593 ille,
1160 3531 1252 3599 qui
1289 3537 1474 3584 nostro
1503 3530 1664 3597 capiti
1693 3530 1958 3595 imminet,

373 3622 615 3676 aathereo
647 3623 862 3691 corpori
907 3632 1275 3690 comparatus,
1310 3623 1707 3690 quodammodo
1738 3622 1959 3677 densio-

378 3714 457 3769 ris
513 3714 587 3767 sit
639 3714 965 3783 coagmenti,
1024 3714 1307 3783 magisque
1351 3714 1420 3767 ob
1469 3713 1841 3769 exhalationes
1894 3714 1961 3769 ab

377 3805 502 3859 imis
533 3804 667 3858 locis
713 3805 1071 3859 ascendentes
1109 3805 1535 3874 constringatur.
1583 3804 1761 3859 Habes
1799 3805 1963 3874 igitur

375 3895 577 3951 etelum
626 3904 970 3959 exornatum,
1017 3904 1218 3949 terram
1262 3896 1594 3959 decoratam,
1646 3911 1794 3949 mare
1839 3910 1964 3964 pro-

378 3989 515 4058 priis
568 3987 767 4044 fetibus
816 3989 1143 4051 exuberans,
1195 4001 1376 4040 aerem
1435 3986 1625 4041 avibus
1676 3985 1957 4051 refertum,

381 4081 554 4149 iisque
599 4082 775 4150 ipsum
828 4079 1257 4150 pervolantibus.
1306 4079 1433 4133 Hrec
1475 4078 1657 4133 omnia
1707 4094 1828 4149 qua!
1869 4079 1964 4133 Dei

380 4182 651 4244 praecepto
696 4189 727 4229 e
764 4173 931 4228 nihilo
980 4174 1031 4226 in
1077 4172 1250 4228 lucem
1298 4173 1439 4226 edita
1487 4181 1634 4234 sunt,
1667 4182 1719 4225 et
1758 4172 1964 4240 reliqua

382 4283 503 4337 quae
556 4277 742 4322 nostra
780 4267 955 4321 oratio
987 4281 1128 4320 nunc
1162 4265 1531 4335 praetermisit,
1570 4263 1963 4318 diuturniorem

384 4363 441 4416 in
495 4361 580 4416 his
626 4376 831 4416 moram
878 4360 1179 4423 declinans,
1221 4366 1279 4412 ut
1322 4372 1389 4412 ne
1434 4359 1652 4413 modum
1701 4355 1967 4410 excedere

2058 3180 2175 3233 χειν
2198 3180 2211 3194 ο
2249 3163 2413 3217 Κατὰ
2446 3163 2503 3216 δὲ
2538 3163 2605 3217 τὸ
2636 3164 2940 3233 στερέωμα
2960 3166 3065 3219 τοῦ
3093 3166 3376 3231 οὐρανοῦ,
3400 3165 3477 3229 ὡς
3511 3183 3648 3236 προ-

2058 3254 2312 3319 λαϐόντες
2339 3255 2760 3326 ἀποδεδώκαμεν
2783 3256 2917 3327 (79),
2957 3256 3190 3328 οὐρανοῦ
3228 3257 3468 3312 ἐνταῦθα
3497 3258 3651 3328 παρὰ

2059 3348 2120 3400 τὸ
2155 3347 2387 3419 ὁρᾶσθαι
2415 3348 2511 3401 τοῦ
2555 3349 2717 3420 ἀέρος
2753 3350 3218 3420 προσειρημένου·
3265 3348 3651 3420 στερεώματος

2059 3438 2138 3501 δὲ,
2196 3439 2286 3492 διά
2343 3439 2406 3491 τὸ
2461 3439 2796 3510 πυκνότερόν
2849 3456 2967 3502 πως
3018 3435 3180 3504 εἶναι,
3233 3439 3521 3509 συγκρίσει
3553 3438 3650 3492 τοῦ

2060 3532 2306 3604 αἰθερίου
2375 3531 2648 3603 σώματος,
2711 3534 2806 3586 καὶ
2859 3533 3060 3603 μᾶλλον
3106 3532 3474 3603 πεπιλημένον
3528 3535 3650 3596 ταῖς

2062 3624 2307 3678 κάτωθεν
2350 3625 2648 3697 ἀναφοραῖς
2686 3624 2779 3677 τὸν
2814 3625 2954 3697 ὑπὲρ
2997 3624 3241 3694 κεφαλῆς
3289 3623 3447 3694 ήμῶν
3485 3622 3621 3692 ἀέρα

2066 3718 2251 3787 Ἔχεις
2280 3712 2374 3771 οὖν
2407 3715 2635 3787 οὐρανὸν
2664 3716 3171 3786 διακεκοσμημένον
3190 3755 3204 3777 ,
3235 3715 3341 3784 γῆν
3375 3714 3648 3768 κεκαλλω-

2063 3809 2354 3879 πισμένην,
2390 3809 2664 3863 θάλασσαν
2692 3808 3096 3879 εὐθηνουμένην
3126 3810 3239 3871 τοῖς
3276 3805 3496 3869 οἰκείοις
3526 3823 3648 3873 γεν-

2062 3903 2321 3971 νήμασιν,
2362 3901 2500 3973 άέρα
2542 3900 2723 3973 πλήρη
2758 3899 2864 3953 τῶν
2891 3900 3256 3971 διιπταμένων
3307 3899 3470 3953 αὐτὸν
3505 3897 3647 3966 ὀρνί-

2065 3992 2193 4045 θων.
2229 3994 2415 4046 Πάντα
2455 3994 2837 4065 προστάγματι
2879 3991 3015 4045 Θεοῦ
3051 3994 3116 4046 ὲκ
3147 3991 3240 4044 τοῦ
3275 3990 3350 4062 μὴ
3385 3990 3538 4051 ὄντος
3567 3990 3647 4051 εἰς

2060 4082 2125 4151 τὸ
2167 4076 2308 4135 εἶναι
2350 4081 2723 4152 παραχθέντα,
2768 4083 2863 4135 καὶ
2890 4082 2992 4135 ὅσα
3016 4084 3045 4135 ὁ
3072 4082 3230 4151 λόγος
3280 4083 3493 4151 παρῆκε
3530 4078 3641 4140 νῦν,

2066 4174 2164 4245 τὴν
2190 4175 2283 4226 ἐπὶ
2322 4174 2507 4227 πλεῖον
2532 4175 2590 4227 ὲν
2627 4173 2838 4236 τούτοις
2865 4173 3152 4246 διατριϐὴν
3174 4173 3457 4237 ἐκκλίνων,
3486 4172 3561 4234 ὡς
3580 4171 3646 4224 ἂν

2071 4265 2147 4335 μὴ
2178 4263 2306 4337 δόξῃ
2331 4264 2765 4335 ὑπερεκπῖπτειν
2790 4264 2901 4335 (80)
2934 4264 3027 4317 τοῦ
3054 4263 3275 4334 μέτρου,
3299 4261 3441 4316 κατά
3486 4277 3647 4313 σεαυ-

2070 4356 2160 4408 τὸν
2189 4354 2669 4426 συλλογισάμενος,
2695 4355 2789 4422 ὅγε
2820 4354 3127 4422 φιλόπονος,
3148 4353 3246 4424 τὴν
3274 4354 3334 4405 ὲν
3361 4353 3531 4405 ἅπασι
3556 4348 3645 4402 τοῦ

388 4454 654 4518 videatur,
692 4461 749 4507 tu
800 4462 1000 4518 tecum,
1047 4461 1233 4521 utpote
1267 4450 1563 4512 studiosus,
1597 4457 1876 4517 reputans,
1906 4455 1953 4499 et

2074 4446 2197 4500 Θεοῦ
2244 4447 2435 4517 σοφίαν
2467 4446 2917 4517 καταμανθάνων,
2958 4447 3031 4517 μὴ
3055 4443 3222 4515 λήξῃς
3249 4443 3377 4496 ποτὲ
3401 4440 3493 4494 τοῦ
3517 4440 3647 4494 θαὺο

388 4545 484 4600 Dei
539 4545 592 4598 in
632 4546 889 4600 omnibus
933 4543 1256 4614 sapientiam
1292 4541 1602 4605 addiscens,
1635 4553 1704 4594 ne
1726 4532 2013 4609 unquamE-

459 4656 481 4687 ⁶
520 4654 539 4709 l
577 4655 702 4711 Cor.
735 4671 776 4722 ι,
806 4655 897 4710 2!.

389 4792 504 4848 bito
530 4792 657 4861 quin
690 4791 883 4845 melius
927 4791 1088 4851 ahsit,
1134 4802 1256 4861 c_um
1294 4788 1346 4841 id
1380 4801 1486 4841 non
1538 4784 1820 4861 agnoverit
1860 4782 1970 4835 Eu-

395 4854 652 4925 stathius,
673 4864 764 4930 qui
792 4862 870 4915 sic
900 4862 1061 4915 vertit
1089 4879 1102 4913 :
1138 4857 1287 4912 Tales
1316 4866 1438 4930 sunt
1472 4854 1710 4909 nonnulli
1732 4861 1973 4920 parentes

401 4935 669 4987 hominum
693 4928 785 5003 qui
815 4940 1169 5003 paupertatem
1197 4928 1422 5003 causali,
1461 4936 1568 4981 etc.

420 5016 433 5025 ‘
471 5004 583 5075 (76)
610 4991 746 5057 Ειίἰίἰ
785 4991 887 5075 καὶΔ
922 4991 1264 5070 πετομένοις.
1297 4999 1367 5052 At
1409 5011 1541 5052 mss.
1574 5004 1697 5052 octo
1743 4991 1974 5075 πετομέ-

393 5065 520 5128 νων.
564 5065 789 5143 Magnus
834 5072 924 5143 ille
949 5065 1194 5143 cgdi'cum
1248 5084 1378 5122 mss.
1424 5082 1721 5143 consensus
1749 5065 1859 5118 fere
1887 5076 1971 5143 me

395 5146 615 5199 a-lducit
645 5132 701 5196 ιῖι
726 5141 942 5197 credam
969 5140 1224 5215 Basilium
1247 5139 1583 5215 πετομένων,
1611 5151 1717 5190 non
1737 5132 1973 5215 πετομέτ

394 5232 506 5279 νοις
541 5215 846 5283 scripsisse,
875 5223 1036 5283 atque
1065 5211 1167 5263 hoc
1198 5210 1315 5283 loco
1337 5205 1653 5283 coiitigisse,
1678 5206 1819 5273 quod
1843 5205 1972 5283 alibi

400 5273 562 5354 saepe,
605 5273 666 5338 ut'
698 5273 1038 5354 typograp'hi,
1073 5280 1214 5354 quod
1239 5273 1526 5354 “mendum
1563 5278 1783 5354 subesse
1829 5273 1974 5354 arbi-

406 5344 699 5418 trarentur,
718 5344 906 5408 casum
926 5344 1169 5405 imum-in
1205 5348 1367 5402 alium
1393 5345 1822 5403 transmutarint.
1841 5344 1973 5397 Dum

407 5426 569 5493 igitur
618 5426 864 5479 viderent
919 5422 1162 5493 verbum
1192 5420 1511 5491 παρέπομαι
1563 5418 1975 5493 dativumhnon

405 5483 697 5561 gvenitivum
726 5508 929 5562 regere,
962 5483 1749 5562 πετομένοιςρι-οῘπετο-μένων
1811 5483 1979 5562 Marte

404 5554 621 5634 proprio
642 5554 825 5618 contra
855 5564 1010 5634 [idem
1047 5554 1174 5634 mEss.
1203 5554 1448 5634 fortassis
1472 5554 1709 5613 scribere
1741 5554 1977 5634 nonndu-

407 5624 665 5687 hilarum.
698 5635 802 5688 Sed
838 5633 881 5687 si
907 5630 1221 5705 τετομένῳν
1260 5631 1525 5705 scriptura
1554 5643 1679 5705 vera
1710 5626 1804 5705 sit:
1826 5624 1987 5705 dicas

409 5717 631 5759 necesse
652 5712 734 5757 est
765 5716 947 5758 casum
978 5694 1095 5757 esse
1125 5694 1449 5766 absolutum,
1475 5714 1536 5753 ac
1568 5701 1609 5752 si
1635 5696 1755 5764 quis
1785 5694 1977 5750 Latine

2018 4540 2036 4599 ,’
2077 4555 2267 4609 ματος,
2295 4538 2429 4609 μηδὲ
2460 4537 2556 4591 τοῦ
2589 4536 2679 4591 διά
2702 4537 2881 4608 πάσης
2901 4536 3003 4607 τῆς
3035 4537 3265 4597 κτίσεως
3287 4532 3529 4600 δοξάζειν
3558 4531 3648 4585 τὸν

2081 4783 2306 4845 diceret,
2341 4778 2565 4834 Consule
2594 4777 2863 4839 Cicerone,
2880 4780 2928 4831 ei
2953 4778 3310 4832 adulabantur
3335 4794 3529 4833 omnes.
3557 4777 3640 4846 lgi-

2083 4863 2171 4905 tur
2191 4852 2348 4903 modo
2374 4865 2478 4905 non
2503 4848 2747 4904 dissimili
2774 4849 2936 4902 verba
2955 4848 3167 4914 Graca,
3191 4850 3235 4902 si
3252 4863 3543 4917 pronomen
3558 4851 3647 4903 αὐ-

2080 4923 2197 4985 τοῖς
2224 4921 2589 4989 suppleamus,
2622 4927 2876 4985 poterunt
2903 4920 3142 4989 construi
3179 4920 3281 4973 hoc
3309 4920 3471 4989 modo
3503 4937 3516 4973 :
3550 4938 3643 4973 πε-

2080 4992 2323 5062 τομένων
2351 4989 2578 5062 τέκνων,
2601 4988 3130 5062 αὑτοῖςᾼπαρέπεται,
3156 4988 3452 5043 volantibus
3477 4992 3647 5059 pullis,

2077 5058 2164 5116 eos
2191 5062 2490 5113 comitatur.
2526 5058 2671 5127 Lege
2700 5068 2758 5111 ut
2787 5058 2992 5114 libebit.

2151 5130 2266 5202 (77)
2299 5131 2429 5197 Reg.
2460 5140 2648 5183 sextus
2675 5129 3111 5202 παρεκτείνεται.
3141 5128 3263 5182 Mox
3284 5127 3650 5202 _codices_octo

2081 5198 2170 5271 ἔχε
2204 5198 2821 5271 παρασεσημειωμένον.
2857 5198 3000 5254 Editi
3040 5200 3130 5270 ἔχε
3157 5198 3309 5271 παρὰ
3331 5200 3538 5271 σεαυτῷ
3565 5219 3642 5255 σε.

2197 5272 2478 5325 ειωαένον.

2081 5289 2478 5394 σημειωὸενον.

2123 5412 2136 5415 Α
2156 5341 2295 5415 (78)_
2321 5357 2407 5415 _uo
2437 5354 2569 5394 mss.
2591 5337 2990 5415 negantem.
3022 5338 3167 5393 Infra
3199 5353 3329 5415 mss:
3363 5350 3474 5396 tres
3505 5342 3625 5395 πέτε

2081 5409 2225 5466 σθαι.
2253 5409 2398 5466 Editi
2421 5426 2542 5465 cum
2573 5410 2783 5466 duobus
2806 5409 2927 5463 aliis
2958 5425 3087 5464 mss.
3124 5410 3417 5465 πετᾶσθαι.

2149 5483 2262 5555 (79)
2296 5482 2428 5551 Reg.
2458 5491 2642 5536 sextus
2666 5480 3031 5555 rrpo}.a6_owsg
3051 5478 3434 5555 ἀπεδώκαμεν.
3458 5480 3563 5536 Nec
3584 5482 3649 5537 ita

2080 5550 2252 5609 multo
2276 5550 2395 5620 post
2422 5567 2551 5605 mss.
2586 5561 2695 5605 tres
2717 5551 2806 5604 διὰ
2836 5550 2899 5603 τὸ
2930 5550 3155 5605 πυκνόν.

2152 5619 2526 5693 (80)(3οι1ἱοεε
2560 5621 2800 5693 quinque
2817 5620 3204 5693 ὑπερπίπτειν.
3236 5619 3358 5677 Mox
3387 5620 3537 5677 Colb.
3572 5635 3647 5678 se-

2081 5689 2287 5750 cundus
2311 5693 2368 5745 ὲν
2402 5692 2534 5746 πᾶσι
2559 5689 2675 5744 τοῦ.
