3850 6218
182 323 286 382 181

1311 324 1601 383 HOMILIA
1640 328 1755 384 Vlll
1796 328 1863 383 IN
1903 329 2402 386 HEXAEMERON.

3349 326 3452 382 132

182 441 441 514 ποιητήν.
480 442 666 513 Ἔχεις
695 443 754 496 ἐν
782 442 860 515 τῷ
915 444 1095 499 σκότει
1147 444 1215 498 τά
1267 447 1590 518 νυκτερόὸια
1642 448 1772 517 γένη

1885 451 2092 505 desinas
2121 450 2329 512 mirari,
2359 461 2531 517 neque
2569 446 2794 517 gloriam
2825 461 2891 502 ex
2919 444 3161 516 qualibet
3202 438 3450 498 creatura

178 535 294 588 τῶν
319 533 547 604 ὀρνίθων
568 551 582 567 ·
620 537 678 587 ὲν
698 535 777 606 τῷ
799 538 939 605 φωτὶ
960 537 1029 591 τὰ
1061 538 1415 609 ἡμερόφοιτα.
1442 539 1772 611 Νυκτερίδες

184 625 291 696 μὲν
308 625 446 697 γάρ,·
472 626 573 680 καὶ
592 626 850 695 γλαῦκες,
875 630 971 683 καὶ
998 630 1421 701 νυκτοκόρακες,
1449 630 1558 684 τῶν
1585 647 1770 684 νυκτι-

182 721 368 790 νόμων
397 719 556 774 εἰσίν.
604 720 768 773 Ὥστε
799 720 882 773 σοί
921 739 1053 775 ποτε
1081 724 1139 776 ὲν
1180 722 1355 793 καιρῷ
1397 722 1471 793 μὴ
1506 722 1772 794 παρόντος

184 811 283 865 τοῦ
329 811 497 865 ὕπνου
528 811 781 881 ἐξαρκεῖν
800 813 896 866 καὶ
916 814 1015 885 τὴν
1049 816 1105 867 ὲν
1124 814 1334 878 τούτοις
1357 814 1660 886 διατριϐὴν,
1680 816 1773 869 καὶ

182 904 284 974 τὴν
310 902 419 957 τῶν
436 905 792 976 ὑπαρχόντων
812 897 994 969 αὐτοῖς
1016 906 1319 977 ἰδιωμάτων
1343 906 1612 971 ἐξέτασιν,
1634 906 1771 978 πρὸς

182 994 493 1065 δοξολογίαν
513 996 609 1049 τοῦ
638 979 887 1067 ποιητοῦ.
918 999 1044 1061 Πῶς
1069 997 1345 1070 ἄγρυπνον
1372 1001 1405 1069 ἡ
1424 997 1623 1069 ἀηδὼν,
1642 999 1771 1051 ὅταν

185 1088 438 1159 emam,
467 1086 555 1140 διὰ
580 1086 763 1157 πάσης
790 1081 986 1151 νυκτὸς
1016 1090 1115 1159 τῆς
1152 1088 1419 1159 μελῳδίας
1453 1088 1528 1159 μὴ
1561 1087 1772 1160 ἀπολή-

176 1196 384 1248 γουσα.
416 1179 543 1243 Πῶς
565 1179 873 1252 τετράπουν
907 1181 968 1234 τὸ
990 1181 1122 1233 αὑτὸ
1149 1182 1244 1235 καὶ
1276 1180 1479 1247 πτηνὸν
1514 1183 1548 1250 ἡ
1585 1197 1774 1234 νυκτε-

191 1266 299 1340 ρίς.
333 1268 458 1332 Πῶς
502 1268 638 1339 μόνη
680 1269 789 1322 τῶν
830 1270 1061 1341 ὀρνίθων
1099 1271 1278 1325 ὀδοῦσι
1324 1270 1630 1342 κέχρηται,
1677 1272 1774 1324 καὶ

188 1356 449 1427 ζωογονεῖ
477 1358 587 1428 (81)
621 1359 720 1429 μὲν
752 1359 827 1423 ὡς
846 1358 915 1412 τὰ
929 1360 1256 1431 τετράποδα,
1282 1361 1600 1426 ἐπιπολάζει
1615 1361 1671 1414 δὲ
1696 1359 1775 1431 τῷ

187 1449 337 1522 ἀέρι,
371 1449 495 1520 οὐχὶ
528 1450 714 1522 πτερῷ
751 1450 1144 1522 κουφιζομένη,
1180 1451 1296 1505 ἁλλ’
1329 1452 1489 1523 ὑμένι
1518 1453 1626 1506 τινὶ
1655 1452 1776 1523 δερ-

190 1539 424 1611 ματίνῳ.
445 1539 568 1603 Πῶς
601 1541 782 1611 μέντοι
806 1539 1076 1594 καὶτοῦτο
1090 1540 1203 1611 ἕχει
1224 1542 1286 1595 τὸ
1318 1542 1428 1613 (82)
1453 1541 1775 1613 φιλάλληλον

188 1632 249 1685 ὲν
271 1634 336 1703 τῇ
367 1630 547 1700 φύσει,
568 1631 662 1685 καὶ
691 1631 880 1705 ὥσπερ
900 1633 1160 1704 ὁρμαθὸς,
1177 1633 1421 1705 ἀλλήλων
1446 1635 1505 1687 αί
1530 1634 1777 1705 νυκτερί-

186 1725 280 1789 δες
314 1725 549 1795 ἔχονται,
587 1726 681 1779 καὶ
711 1726 811 1796 μία
848 1726 947 1797 τῆς
997 1728 1127 1797 μιᾶς
1172 1728 1474 1798 ἤρτηνται·
1510 1728 1648 1797 ὅπερ
1687 1727 1773 1797 ἐφ’

188 1816 348 1888 ἡμῶν
368 1816 474 1870 τῶν
501 1815 807 1888 ἀνθρώπων
832 1818 893 1870 οὑ
919 1817 1097 1888 ῥᾴδιον
1118 1817 1547 1889 κατορθωθῆναι.
1573 1817 1646 1871 Τὸ
1665 1816 1775 1889 γάρ

186 1909 594 1979 ἀπεσχισμένον
636 1910 729 1963 καὶ
779 1908 979 1974 ἰδιάζον
1011 1909 1106 1962 τοῦ
1154 1910 1473 1965 κοινωνικοῦ
1504 1911 1597 1965 καὶ
1629 1913 1774 1981 ἡνω-

190 1999 355 2069 μένου
389 2002 502 2064 τοῖς
536 1999 753 2063 πολλοῖς
815 2002 1231 2073 προτιμότερον.
1260 2001 1384 2065 Πῶς
1415 2001 1628 2054 ἐοίκασι
1661 2004 1775 2065 τοῖς

185 2091 403 2161 ὅμμασι
454 2092 553 2163 τῆς
600 2091 836 2160 γλαυκὸς
881 2094 928 2145 οἱ
975 2092 1105 2163 περὶ
1153 2092 1251 2163 τὴν
1303 2092 1534 2162 ματαίαν
1578 2092 1773 2160 σοφίαν

187 2180 566 2251 ἐσχολακότες.
610 2182 719 2235 Καὶ
767 2181 876 2252 γὰρ
915 2181 1133 2253 ἐκείνης
1181 2184 1215 2253 ἡ
1261 2182 1382 2251 ὄψις
1433 2183 1626 2245 νυκτὸς
1675 2183 1773 2252 μὲν

185 2272 446 2342 ερρωται,
479 2272 633 2343 ἡλίου
664 2274 721 2326 δὲ
752 2273 1067 2344 λάμψαντος
1104 2273 1465 2345 ἀμαυροῦται.
1502 2275 1613 2329 Καὶ
1644 2275 1773 2328 τοὺ-

182 2377 297 2414 των
334 2362 433 2432 μὲν
464 2362 575 2433 (85)
611 2364 643 2433 ἡ
688 2361 893 2416 διάνοια
941 2360 1174 2432 ὀξυτάτη
1223 2362 1320 2433 μέν
1371 2364 1485 2415 ἐστι
1512 2362 1647 2433 πρὸς
1674 2362 1773 2432 τὴν

183 2454 289 2517 τῆς
314 2454 671 2525 ματαιότητος
708 2453 963 2526 θεωρίαν,
1001 2455 1137 2526 πρὸς
1173 2455 1229 2508 δὲ
1260 2455 1360 2526 τὴν
1390 2454 1485 2508 τοῦ
1519 2453 1773 2525 ἀληθινοῦ

186 2544 371 2612 φωτὸς
395 2547 719 2616 κατανόησιν
744 2546 1149 2618 ὲξημαὺρωται.
1182 2547 1269 2599 Ἐν
1289 2546 1474 2616 ἡμέρα
1492 2545 1550 2599 δέ
1573 2562 1654 2598 σοι
1680 2544 1773 2599 καὶ

189 2637 337 2691 πάνυ
369 2637 548 2709 ῥᾴδιον
575 2638 911 2708 πανταχόθεν
942 2638 1196 2707 συνάγειν
1226 2637 1337 2708 (84)
1367 2638 1427 2689 τὸ
1469 2636 1653 2708 θαῦμα
1678 2636 1772 2691 τοῦ

187 2724 500 2793 κτίσαντος.
544 2728 665 2792 Πῶς
691 2729 789 2799 μὲν
817 2731 904 2781 ἐπ’
930 2728 1070 2800 ἔργα
1104 2745 1164 2781 σε
1191 2728 1447 2799 διεγείρει
1471 2730 1499 2781 ὀ
1530 2728 1775 2792 σύνοικος

186 2819 362 2892 ὖρνις,
395 2819 545 2891 ὀξείᾳ
568 2821 636 2891 τῇ
668 2823 819 2891 φωνῇ
860 2820 1075 2891 ὲμὸοῶν
1112 2821 1206 2874 καὶ
1242 2820 1609 2891 καταμηνύων
1644 2824 1776 2893 πόρ-

190 2911 371 2982 ῥωθεν
402 2911 485 2964 ἔτι
520 2911 612 2964 τὸν
644 2912 795 2982 ἥλιον
828 2911 1282 2984 προσελαιλνοντα,
1321 2905 1622 2983 ὁδοιπόροις
1654 2929 1777 2967 συν-

184 3003 533 3074 διορθρίζων,
564 3004 841 3074 γεωργοὺς
871 3003 926 3056 δὲ
950 3003 1157 3071 ἐξάγων
1201 3002 1338 3075 πρὸς
1382 3003 1612 3074 ἀμητόν.
1652 3003 1776 3067 Πῶς

189 3096 473 3167 ἄγρυπνον
503 3095 563 3148 τὸ
609 3094 719 3147 τῶν
759 3095 939 3166 χηνῶν
991 3094 1168 3163 γένος,
1212 3094 1307 3147 καὶ
1356 3095 1493 3165 πρὸς
1531 3096 1628 3165 τὴν
1667 3093 1776 3148 τῶν

188 3188 564 3247 λανθανόντων
598 3188 847 3258 αἴσθησιν
875 3187 1151 3253 ὀξύτατον,
1193 3188 1245 3240 οἵ
1273 3186 1337 3256 γέ
1384 3204 1515 3241 ποτε
1554 3188 1648 3240 καὶ
1679 3186 1778 3258 τὴν

191 3281 444 3352 βασιλίδα
478 3280 632 3334 πόλιν
653 3278 1075 3353 περιεσώσαντο,
1121 3279 1413 3350 πολεμίους
1459 3279 1636 3343 τινὰς,
1674 3280 1780 3332 ὑπὸ

190 3375 300 3445 γῆς
332 3374 400 3426 δι’
442 3374 729 3444 ὑπονόμων
776 3373 887 3440 (85)
934 3371 1155 3440 ἀφανῶν
1206 3372 1305 3443 ἤδη
1355 3371 1645 3443 μέλλοντας
1682 3371 1781 3443 τὴν

190 3463 373 3533 ἄκραν
406 3462 506 3533 τῆς
545 3462 760 3533 Ῥώμης
781 3461 1237 3531 καταλαμϐάνειν,
1268 3460 1773 3531 καταμηνύσαντες.

206 3556 299 3608 Ἔν
335 3554 472 3625 ποίῳ
517 3553 664 3622 γένει
722 3551 830 3605 τῶν
870 3552 1098 3624 ὀρνίθων
1148 3552 1249 3603 οὑκ
1292 3550 1420 3604 ἴδιόν
1450 3567 1505 3603 τι
1539 3549 1778 3621 θαῦμαή

194 3647 362 3716 φύσις
384 3646 660 3710 δείκνυσι;
691 3643 787 3708 Τίς
823 3646 851 3698 ὁ
884 3644 993 3712 (86)
1015 3646 1126 3706 τοῖς
1154 3641 1288 3712 γυψὶ
1319 3643 1783 3714 προαπαγγέλλων

192 3737 305 3794 τῶν
338 3736 640 3808 ἀνθρώπων
666 3736 758 3789 τὸν
784 3735 1032 3800 θάνατον,
1072 3735 1201 3788 ὅταν
1242 3734 1361 3788 κατ’
1385 3732 1628 3805 ἀλλήλων
1666 3735 1784 3785 ἐπι-

195 3826 640 3899 στρατεύσωσιν;
676 3826 835 3888 Ίδοις
865 3824 974 3896 γὰρ
1018 3824 1084 3878 ἂν
1123 3824 1323 3895 μυρίας
1362 3824 1561 3889 ἀγέλας
1593 3824 1784 3892 γυπῶν

193 3922 309 3984 τοῖς
342 3918 724 3991 στρατοπέδοις
762 3916 1172 3989 παρεπομένας,
1200 3918 1265 3969 ὲκ
1311 3918 1409 3987 τῆς
1454 3916 1562 3969 τῶν
1604 3916 1783 3969 ὃπλων

196 4012 554 4083 παρασκευῆς
600 4009 1051 4081 τεκμαιρομένων
1104 4007 1203 4079 τὴν
1241 4007 1483 4063 ἔκϐασιν.
1532 4006 1700 4060 Τοῦτο
1726 4007 1785 4059 δὲ

195 4106 258 4159 οὑ
286 4105 505 4177 μακράν
540 4103 652 4175 (87)
681 4106 798 4156 ἐστι
832 4101 1110 4172 λογισμῶν
1146 4100 1518 4173 ἀνθρωπίνων.
1549 4099 1674 4163 Πῶς
1700 4117 1783 4153 σοι

194 4197 298 4262 τάς
330 4196 567 4267 φοϐερὰς
599 4196 988 4267 ἐπιστρατείας
1033 4195 1132 4263 τῆς
1170 4193 1388 4264 ἀκρίδος
1430 4193 1778 4264 διηγήσομαι·

197 4292 259 4361 ἢ,
283 4292 374 4361 ὑφ’
416 4291 498 4344 ὲν).
537 4289 838 4360 συνθήματι
889 4289 1038 4341 πᾶσα
1082 4285 1311 4358 ἀρθεῖσα
1343 4286 1439 4338 κα)⁸
1487 4300 1785 4355 στρατοπε⁴

1873 541 2141 596 conditori
2168 542 2315 596 dare.
2346 538 2524 595 [labes
2555 541 2606 594 in
2635 538 2872 593 tenebris
2895 538 3139 606 quaedam
3172 536 3450 590 volucrum

1872 645 2094 702 genera,
2118 645 2239 699 quae
2266 631 2433 683 vitam
2462 639 2777 684 nocturnam
2808 629 3010 682 ducunt
3043 647 3056 683 :
3091 628 3145 680 in
3175 627 3293 682 luce
3322 628 3449 693 alia,

1872 735 1991 789 quae
2014 719 2245 775 interdiu
2271 727 2557 788 vagantur.
2587 718 3008 788 Vespertiliones
3030 719 3197 782 enim,
3220 727 3449 783 noctuae,

1873 813 2130 880 corvique
2172 811 2448 874 nocturni,
2505 820 2667 864 noctu
2723 820 3040 879 pascuntur.
3095 810 3275 876 Quare
3326 826 3450 864 cum

1873 902 2164 971 aliquando
2199 917 2293 971 per
2324 901 2539 970 aliquod
2571 912 2781 971 tempus
2822 902 2918 955 tibi
2967 917 3074 955 non
3104 902 3274 955 aderit
3299 917 3452 957 som-

1874 1008 1994 1055 nus,
2037 993 2085 1047 si
2134 992 2185 1045 in
2234 992 2320 1045 his
2362 991 2690 1057 immoraris,
2733 1001 2784 1045 et
2825 1006 3012 1045 eorum
3044 991 3300 1059 expendis
3330 1005 3449 1061 pro-

1871 1085 2151 1156 prietates,
2186 1099 2249 1140 ea
2293 1083 2367 1145 ad
2408 1083 2745 1138 conditorem
2781 1081 2951 1152 gloria
2980 1080 3318 1137 afﬁciendum
3355 1082 3451 1137 tibi

1872 1176 2139 1233 sufﬁcient
2184 1194 2196 1230 :
2249 1174 2522 1245 quomodo
2564 1175 2693 1243 vigil
2749 1176 2820 1229 sit
2864 1174 3114 1240 luscinia,
3171 1190 3293 1229 cum
3332 1175 3454 1228 ovis

1874 1270 2095 1324 incubat
2128 1287 2142 1322 :
2170 1268 2610 1338 quandoquidem
2641 1282 2739 1338 per
2770 1276 2935 1323 totam
2965 1275 3176 1321 noctem
3217 1281 3247 1319 a
3287 1275 3450 1320 cantu

1874 1375 1979 1415 non
2021 1360 2267 1426 desisut;
2300 1360 2569 1428 quomodo
2601 1361 2739 1414 idem
2776 1359 3085 1429 quadrupes
3119 1358 3190 1411 sit
3225 1364 3282 1411 et
3309 1355 3455 1409 vola-

1877 1451 1990 1517 tile,
2017 1451 2360 1519 vespertilio;
2389 1453 2660 1520 quomodo
2693 1450 2806 1504 sola
2844 1464 2909 1503 ex
2942 1448 3252 1502 volucribus
3277 1447 3454 1501 denti-

1874 1542 1977 1597 bus
2002 1551 2207 1607 utatur,
2250 1553 2319 1596 -et
2354 1543 2526 1611 pariat
2555 1542 2773 1611 quidem
2804 1539 3011 1595 catulos
3040 1538 3188 1594 velut
3212 1539 3454 1606 quadru-

1877 1635 2055 1703 pedia,
2085 1644 2310 1704 vagetur
2348 1650 2474 1689 vero
2514 1634 2567 1688 in
2614 1648 2762 1701 aere,
2800 1648 2906 1686 non
2944 1631 3136 1700 pennis
3166 1630 3329 1697 elata,
3360 1629 3456 1685 sed

1879 1727 2193 1781 membrana
2220 1727 2452 1795 quadam
2486 1725 2760 1779 coriacea.
2796 1724 3076 1791 Quomodo
3112 1731 3169 1777 et
3202 1722 3304 1776 hoc
3339 1736 3456 1776 mu-

1806 1804 1848 1858 Β
1883 1826 2031 1871 tuum
2066 1831 2303 1870 amorem
2340 1826 2531 1870 natura
2566 1816 2785 1871 insitum
2827 1817 3041 1880 habeat,
3080 1814 3291 1882 sibique
3317 1812 3458 1866 invi-

1880 1923 1996 1963 cem
2032 1908 2437 1977 vespertitiones
2486 1909 2538 1961 in
2574 1910 2791 1962 modum
2824 1916 3028 1962 catena:
3060 1907 3454 1969 adhzerescant,
3531 1922 3549 1937 ε

1880 2008 1935 2051 et
1980 2011 2086 2051 una
2134 1999 2204 2051 ab
2243 1997 2411 2051 altera
2462 1998 2692 2064 pendeat
2738 2015 2754 2051 :
2793 1996 2934 2066 quod
2976 2011 3082 2050 non
3128 1995 3288 2050 facile
3336 1994 3455 2048 ﬁeri

1880 2087 2021 2141 inter
2055 2102 2154 2142 nos
2187 2088 2435 2142 homines
2472 2087 2632 2143 solet.
2677 2085 2810 2140 Nam
2860 2087 3103 2155 sejuncta
3149 2095 3203 2140 et
3253 2086 3457 2155 privata
3530 2128 3533 2131 .

1880 2181 1990 2233 vita
2050 2194 2079 2232 a
2134 2179 2411 2248 plerisque
2467 2178 2710 2232 societati
2758 2177 3065 2247 praefertur,
3113 2188 3276 2246 atque
3322 2191 3459 2233 con-

1874 2268 2168 2339 junctioni.
2215 2270 2287 2325 Ut
2336 2270 2411 2323 illi
2444 2269 2537 2338 qui
2565 2284 2717 2322 vanae
2743 2269 3026 2337 sapientiae
3057 2271 3297 2333 student,
3354 2284 3457 2325 no-
3484 2276 3489 2293 λ

1886 2371 2029 2416 ctute
2061 2359 2233 2415 oculis
2282 2370 2410 2415 sunt
2452 2358 2688 2414 similes!
2742 2357 2876 2412 Nam
2917 2368 2975 2411 ut
3022 2358 3162 2412 illius
3210 2367 3459 2427 aspectus

1882 2461 2042 2507 noctu
2088 2453 2303 2517 quidem
2351 2452 2518 2516 valet,
2565 2451 2678 2506 sole
2704 2466 2832 2506 vero
2854 2451 3193 2505 illucescente
3226 2452 3459 2506 infusca-

1884 2552 1970 2596 tur
2015 2559 2030 2596 :
2089 2541 2165 2595 ita
2228 2543 2457 2595 istorum
2512 2556 2667 2596 mens
2720 2541 3184 2611 perspicacissima
3241 2541 3458 2610 quidem

1881 2642 1966 2686 est
2028 2634 2095 2685 ad
2154 2630 2622 2700 contemplandam
2677 2632 2995 2699 vanitatem,
3041 2630 3287 2684 hebescit
3330 2644 3461 2684 vero
3538 2688 3543 2699 ,

1882 2725 1948 2777 ad
1982 2738 2167 2777 veram
2205 2726 2378 2777 lucem
2414 2722 2834 2792 intelligendam.
2880 2722 3019 2788 Quin
3063 2732 3118 2776 et
3159 2723 3253 2777 tibi
3294 2721 3462 2776 inter-

1880 2814 1970 2871 diu
2038 2814 2196 2869 facile
2251 2814 2539 2869 admodum
2604 2813 2767 2867 fuerit
2822 2814 3100 2867 undelibet
3154 2823 3457 2868 creatorem

1883 2908 2163 2962 admirari.
2205 2905 2277 2962 Ut
2303 2908 2370 2961 ad
2413 2921 2607 2975 operas
2649 2906 2855 2960 excitat
2902 2916 2952 2960 te
2991 2906 3105 2960 avis
3140 2905 3458 2971 domestica.

1882 3007 2002 3061 quae
2042 3008 2171 3047 voce
2195 3003 2355 3047 acuta
2401 2992 2762 3060 inclamitans,
2794 3001 2850 3047 et
2874 2993 3040 3047 solem
3072 2993 3249 3048 adhuc
3279 3008 3310 3049 e
3349 2993 3465 3048 lon-

1884 3088 2085 3155 ginquo
2135 3087 2480 3141 accedentem
2525 3086 2921 3155 prrenuntians,
2974 3085 3158 3156 vigilat
3200 3101 3305 3140 una
3334 3102 3458 3141 cum

1881 3178 2198 3245 viatoribus,
2230 3188 2391 3246 atque
2422 3177 2689 3246 agricolas
2736 3177 2804 3232 ad
2853 3193 3087 3232 messem
3136 3177 3336 3234 educit.
3391 3176 3461 3233 Ut

1882 3269 2106 3339 pervigil
2144 3277 2227 3323 est
2253 3285 2507 3323 anserum
2554 3284 2758 3339 genus;
2801 3279 2965 3338 atque
3008 3268 3063 3322 id
3109 3269 3253 3338 quod
3302 3268 3458 3334 latct,

1883 3352 2197 3413 acutissime
2222 3359 2409 3413 sentit.
2447 3357 2512 3411 lli
2561 3358 2811 3412 videlicet
2852 3359 3053 3429 regiam
3102 3360 3289 3413 urbem
3333 3358 3460 3413 olim

1883 3461 2292 3518 conservarunt,
2330 3452 2452 3503 dum
2488 3449 2599 3519 78
2635 3451 2817 3503 hostes
2868 3448 3127 3518 quosdam
3177 3449 3277 3502 sub
3320 3456 3462 3503 terra

1883 3555 1978 3610 per
2012 3540 2242 3595 latentes
2276 3540 2556 3595 cuniculos
2584 3539 2807 3609 jamjam
2842 3542 2895 3593 in
2942 3540 3091 3594 urbis
3136 3538 3322 3595 Romae
3372 3555 3463 3591 ar—

1885 3649 2001 3690 cem
2052 3647 2412 3705 occupaturos
2460 3636 2833 3704 prodiderunt.
2888 3633 2944 3689 In
2997 3649 3231 3704 quonam
3282 3635 3462 3688 avium

1884 3742 2081 3798 genere
2122 3743 2234 3783 rem
2269 3728 2558 3797 quamdam
2589 3726 2919 3796 singularem
2972 3726 3332 3781 admiratione
3380 3728 3461 3783 di—

1884 3833 2046 3889 gnam
2083 3831 2275 3874 natura
2317 3835 2423 3873 non
2460 3820 2731 3873 ostendit?
2757 3818 2889 3885 Quis
2923 3820 3245 3888 praenuntiat
3290 3819 3466 3873 vultu-

1886 3914 2035 3969 ribus
2093 3913 2369 3966 hominum
2437 3904 2664 3966 morlem
2723 3921 2859 3977 tum,
2909 3927 3035 3966 cum
3081 3912 3182 3966 sibi
3232 3910 3461 3965 invicem

1885 4007 2121 4061 inferunt
2178 4004 2413 4059 bellum?
2451 4003 2649 4058 Videas
2703 4005 2848 4059 enim
2906 4004 3216 4058 innumeros
3273 4017 3464 4073 greges

1882 4095 2161 4150 vulturum
2209 4094 2483 4148 exercitus
2534 4104 2844 4164 sequentes,
2876 4104 2931 4148 et
2964 4109 3027 4148 ex
3059 4108 3333 4149 armorum
3366 4109 3465 4164 ap-

1886 4197 2078 4258 paratu
2104 4187 2311 4242 exitum
2346 4187 2738 4257 conjectanles.
2773 4187 2884 4241 Hoc
2908 4196 3084 4240 autem
3128 4202 3233 4242 non
3277 4187 3462 4256 procul

1886 4298 1915 4336 a
1945 4279 2452 4335 ratiocinationibus
2479 4280 2735 4334 humanis
2782 4279 2958 4334 abest.
3016 4280 3265 4345 Quonam
3304 4290 3463 4347 pacto

195 4382 504 4454 δευσαμένη
536 4381 680 4436 κατὰ
710 4381 771 4433 τὸ
802 4380 1003 4442 πλάτος
1040 4379 1139 4449 τῆς
1178 4377 1383 4449 χώρας,
1420 4376 1480 4428 οὑ
1520 4376 1776 4446 πρότερον

1891 4372 2165 4431 terribiles
2231 4372 2455 4428 locustae
2515 4372 2884 4441 expeditiones
2949 4371 3043 4426 tibi
3104 4387 3461 4439 enarravero,

197 4473 431 4526 ἅπτεται
459 4471 566 4524 τῶν
609 4470 857 4542 καρπῶν,
894 4469 1025 4539 πρὶν
1069 4466 1347 4536 ὲνδοθῆναι
1392 4466 1530 4536 αὑτῇ
1560 4464 1619 4517 τὸ
1643 4464 1776 4517 θεῖον

1887 4483 2007 4538 qua:
2033 4467 2284 4521 universa
2325 4466 2427 4520 sub
2456 4479 2565 4519 uno
2592 4465 2747 4533 signo
2776 4464 2939 4527 elata,
2971 4472 3135 4534 atque
3165 4468 3460 4519 secundum

198 4563 566 4634 πρόσταγμα;
628 4561 753 4626 Πῶς
804 4564 836 4632 ἡ
900 4559 1145 4622 σελευκὶς
1190 4557 1450 4633 ἐφέπεται
1496 4556 1630 4626 ἴαμα
1684 4556 1776 4624 τῆς

1889 4559 2130 4630 regionis
2159 4558 2497 4612 latitudinem
2532 4567 2946 4621 castrametans,
2999 4573 3104 4610 non
3153 4558 3300 4626 prius
3348 4558 3461 4610 lru-

196 4655 437 4727 πληγῆς,
476 4654 782 4726 ἀπέραντον
814 4652 1012 4723 ἔχουσα
1034 4649 1126 4703 τοῦ
1158 4649 1357 4702 ἐσθίειν
1402 4648 1501 4717 τὴν
1534 4646 1776 4718 δύναμιν,

1888 4662 2009 4707 ctus
2064 4650 2304 4719 attingit,
2351 4662 2512 4716 quam
2541 4648 2781 4701 divinum
2822 4656 3145 4716 prazceptum
3181 4646 3249 4702 sit
3279 4649 3328 4713 ei
3364 4647 3463 4701 da—

197 4748 295 4803 τοῦ
338 4746 725 4819 φιλανθρώπου
766 4745 900 4800 Θεοῦ
934 4745 1227 4815 ἀκόρεστον
1267 4741 1440 4810 αὑτῆς
1479 4741 1577 4811 τὴν
1624 4743 1776 4810 φύσιν

1885 4742 2049 4798 tum?
2088 4741 2366 4807 Quomodo
2415 4739 2676 4795 locustam
2728 4738 3033 4806 insequitur
3085 4739 3315 4794 seleueis
3345 4739 3462 4794 avis

196 4843 288 4896 ἐπ’
317 4840 610 4912 εὐεργεσίᾳ
637 4840 743 4894 τῶν
764 4838 1065 4911 ἀνθρώπων
1089 4834 1600 4897 κατασκευάσαντος
1631 4834 1740 4905 (88)
1767 4851 1783 4900 ;

271 5036 385 5108 (81)
412 5034 517 5090 Sex
544 5050 677 5090 mss.
707 5033 987 5108 ζωογονεῖ.
1022 5035 1464 5108 Ειιίιὶίζωοτοκεί.

272 5102 387 5178 (82)
417 5108 509 5162 Sic
535 5116 769 5178 quatuor
798 5102 929 5161 mss.
963 5106 1464 5178 Atediticum_uno
1488 5102 1783 5178 autaltero

197 5173 306 5247 nis.
336 5173 449 5247 ἔχει
481 5173 565 5230 τι.
615 5176 910 5247 Aliquanto
945 5185 1070 5247 post
1106 5173 1487 5247 ed_itioAParisr.
1519 5175 1632 5247 και
1671 5173 1781 5246 γὰρ

195 5243 413 5319 ὥσπερ.
469 5248 627 5302 Deest
651 5245 762 5317 γάρ
790 5246 840 5298 in
871 5245 1110 5301 editione
1154 5243 1319 5301 Basil.
1363 5253 1418 5299 et
1460 5246 1510 5297 in
1544 5243 1781 5314 quinque

195 5330 333 5375 “15S.

275 5387 391 5459 (85)
430 5385 510 5459 ita
544 5394 780 5459 quatuor
810 5400 941 5459 mss.
978 5384 1145 5459 Deest
1184 5383 1365 5459 pév‘in
1395 5383 1628 5437 excusis.

272 5454 387 5529 (84)
420 5458 602 5529 Codex
630 5454 881 5529 Combel‘.
905 5470 1027 5510 cum
1059 5455 1181 5529 aliis
1213 5454 1450 5523 quinque
1485 5470 1775 5529 ψει-συντ

196 5524 379 5600 άγέιν.
425 5526 565 5600 Editi
608 5541 729 5579 cum
768 5524 924 5600 ροιι).
968 5527 1206 5600 secundo
1240 5527 1587 5600 σὺναγαγεῖν.
1627 5524 1776 5600 Haud

201 5594 366 5669 longe
413 5597 544 5652 editi
594 5611 717 5651 cum
770 5594 923 5669 ἷξες-..Α
961 5595 1121 5650 tertio
1179 5594 1618 5668 συνδιορθρίζων.
1668 5596 1773 5649 Alii

199 5663 437 5742 quatuor
469 5681 604 5720 mss.
636 5663 1022 5742 συνορθρίςων.

276 5737 391 5807 (85)
419 5736 496 5792 Ita
529 5751 658 5796 mss.
694 5734 847 5792 octo.
876 5737 1013 5792 Editi
1049 5735 1340 5811 πολεμίους
1373 5735 1524 5798 τινὰς
1553 5734 1777 5804 ἀφανεῖς

1887 4851 2009 4907 quae
2033 4834 2204 4904 plagae
2250 4831 2469 4887 inﬂictae
2516 4831 2811 4887 remedium
2858 4842 2981 4885 est:
3029 4830 3463 4902 quandoquidem

1891 5035 1959 5109 δι’
1989 5037 2296 5109 ὑπονόμων.
2331 5035 2386 5091 ld
2422 5035 2581 5091 aliter
2618 5036 2687 5092 ab
2717 5034 2841 5090 aliis
2873 5035 3143 5091 historicis
3185 5044 3458 5090 narratur.

1890 5106 2033 5172 Lege
2059 5106 2332 5164 Dircaeum.

1961 5178 2074 5249 (86)
2116 5177 2193 5248 Ita
2236 5194 2329 5233 sex
2357 5191 2506 5249 intss.
2548 5176 2709 5249 Deest
2747 5177 2778 5229 ὀ
2816 5178 2870 5230 in
2902 5176 3082 5249 editis.
3124 5175 3322 5229 Ibidem
3356 5176 3463 5228 duo

2055 5247 2518 5321 ’προσαγγέλλων.
2558 5248 2701 5302 Editi
2754 5263 2875 5302 cum
2923 5247 3046 5302 aliis
3079 5262 3211 5300 mss.
3250 5261 3461 5317 προαγ-

1889 5333 1920 5371 γ
2013 5336 2109 5371 ων.

1885 5333 2109 5385 γεΑΑων.

1955 5389 2065 5457 (87)
2107 5388 2198 5442 Sic
2227 5387 2377 5441 multi
2410 5402 2539 5443 mss.
2572 5388 2788 5442 Atediti
2808 5387 2968 5441 τοῦτο
2987 5386 3044 5440 δὲ
3065 5385 3184 5439 οὐδὲ
3222 5385 3459 5456 μακράν.

1956 5459 2069 5529 (88)
2102 5457 2328 5512 Codices
2375 5468 2611 5529 quatuor
2638 5475 2668 5513 e
2699 5462 2898 5512 nostris
2935 5468 3127 5528 praeter
3159 5458 3291 5529 duos
3329 5460 3459 5509 Duc.

1884 5526 2430 5600 παρασκευάσαντος.
2458 5528 2622 5600 (Ειιίιί
2675 5545 2796 5583 cum
2854 5526 2960 5581 uno
3009 5537 3102 5600 aut
3151 5526 3321 5600 altero
3357 5541 3460 5600 ms.

1884 5592 2412 5663 κατασκευάσαντος.
2454 5599 2570 5654 Mox
2602 5615 2696 5654 sex
2730 5613 2859 5655 mss.
2887 5601 2983 5652 ml.
3012 5596 3146 5661 πῶς.
3183 5595 3340 5652 Deest
3365 5592 3464 5652 κΐιί

1886 5672 1938 5724 i'n
1976 5671 2156 5726 editis.
