3850 6218
377 306 482 360 183

1694 310 1751 365 s.
1796 278 2042 362 Bastut
2083 307 2299 363 MAGNI

3550 306 3669 362 184

372 424 465 480 illa
512 434 827 495 perpetuam
890 425 1053 483 habet
1102 428 1298 483 edendi
1348 429 1685 496 facultatem,
1733 429 1962 499 benigno

2069 426 2165 489 Ti;
2185 427 2214 478 ό
2243 426 2441 497 τρόπος
2466 426 2566 494 τῆς
2596 422 2862 495 μελῳδίας
2890 421 2984 475 τοῦ
3017 423 3295 491 τέττιγος;
3317 436 3426 476 λαι
3449 424 3579 488 πῶς
3602 427 3669 477 ἐν

373 516 487 573 Deo
523 518 890 573 insatiabilem
919 529 1168 575 naturam
1207 523 1483 577 hominum
1513 524 1685 594 gratia
1713 524 1762 577 ei
1789 539 1959 593 appao

376 607 572 663 rente?
617 610 748 674 Quae
797 609 868 663 sit
911 611 1221 665 modulandi
1250 613 1389 666 ratio
1419 614 1660 668 cicada)?
1692 614 1961 683 quomodo

376 700 430 754 in
480 702 706 756 meridie
751 702 915 757 solito
969 703 1142 773 magis
1195 718 1411 760 canorae
1452 716 1600 767 sunt,
1645 707 1770 761 dum
1818 707 1961 760 aeris

374 790 718 857 attractione,
761 806 881 859 quae
934 792 987 846 iu
1036 793 1274 849 thoracis
1317 796 1643 850 distentione
1676 795 1757 858 lit,
1782 796 1963 850 editur

378 882 586 936 sonus?
618 882 689 935 At
714 884 861 936 enim
897 884 1027 937 mihi
1061 884 1250 938 videor
1275 886 1450 954 magis
1478 890 1655 954 impar
1684 900 1806 941 esse
1845 900 1961 941 ser-

379 986 540 1025 mone
571 972 622 1025 in
651 972 992 1038 explicandis
1017 973 1318 1028 volatilium
1369 975 1664 1038 miraculis,
1702 990 1865 1044 quam
1914 976 1959 1030 si

375 1062 604 1132 pedibus
629 1078 863 1117 conarer
892 1063 1238 1118 velocitatem
1267 1064 1507 1133 ipsorum
1548 1066 1784 1135 assequi.
1823 1065 1958 1120 Cum

377 1156 578 1208 videris
605 1171 666 1210 ea
705 1156 944 1211 volatilia
983 1172 1104 1226 qua:
1146 1158 1352 1212 insecta
1402 1168 1685 1223 vocantur,
1726 1167 1785 1213 ut
1832 1173 1963 1228 apes

376 1254 430 1299 et
487 1260 716 1323 vespas:
773 1248 855 1302 sic
907 1248 1051 1301 enim
1102 1247 1217 1316 ipsa
1266 1246 1626 1316 appellarunt,
1673 1258 1959 1319 propterea

375 1337 518 1405 quod
571 1339 834 1406 quasdam
879 1337 1118 1407 undique
1163 1339 1431 1393 incisurae
1472 1355 1581 1404 pra:
1628 1354 1687 1395 se
1733 1342 1956 1395 ferunt:

374 1428 559 1483 veniat
589 1429 684 1482 tibi
718 1429 770 1481 in
806 1439 1066 1489 mentem.
1103 1429 1521 1499 respirationem
1560 1438 1721 1500 atque
1749 1431 1961 1500 pulmo-

375 1535 501 1576 nem
530 1522 584 1576 in
613 1522 680 1575 iis
709 1536 814 1575 non
849 1522 1076 1592 reperiri
1104 1539 1116 1577 :
1142 1526 1236 1576 sed
1282 1532 1391 1578 tota
1435 1523 1654 1577 omnino
1689 1538 1813 1577 aere
1854 1539 1957 1578 nu-

379 1614 524 1668 triri.
556 1611 897 1683 Quapropter
936 1613 1056 1669 oleo
1101 1613 1426 1679 madefacta,
1476 1616 1713 1671 occlusis
1770 1618 1959 1671 meati-

377 1707 500 1768 bus,
548 1715 812 1775 pereunt;
863 1721 989 1759 cum
1037 1722 1165 1761 vero
1194 1710 1377 1762 statim
1407 1718 1617 1762 acetum
1642 1707 1955 1774 aﬂ'unditur,

2064 520 2130 589 τῇ
2170 517 2488 589 μεσημϐρίᾳ
2510 515 2722 570 ἐαυτῶν
2750 517 2887 569 εἰσιν
2915 512 3263 586 ᾠδικώτεροι,
3293 517 3359 585 τῇ
3390 516 3530 587 ὁλκῇ
3563 516 3667 570 τοῦ

2062 611 2248 681 ἀέρος,
2284 612 2351 680 ῆν
2380 611 2440 665 ἐν
2485 611 2551 680 τῇ
2609 607 2861 678 διαστολῇ
2913 605 3192 659 ποιοῦνται
3239 605 3335 660 τοῦ
3377 605 3661 677 θώρακος,

2063 703 2407 773 ἐκδιδομένου
2457 701 2554 756 τοῦ
2605 701 2877 771 φθόγγους
2913 698 3074 752 Ἀλλὰ
3117 699 3227 769 γὰρ
3271 696 3424 751 ἔοικα
3467 698 3666 752 uisio-tr

2061 795 2455 850 ἀπολείπεσθαι
2479 794 2556 866 τῷ
2588 794 2733 864 λόγῳ
2760 792 2853 846 τοῦ
2895 791 3171 862 θαύματος
3212 790 3319 844 τῶν
3346 791 3596 862 πτηνῶν,
3622 793 3660 862 ἦ

2062 891 2113 942 εἰ
2167 890 2283 951 τοῖς
2340 887 2500 942 ποσὶν
2551 886 2733 941 αὐτῶν
2791 880 3110 955 ἐπειρώμην
3171 881 3517 952 ἐφικνεῖσθαι
3563 884 3665 936 τοῦ

2062 982 2280 1051 τάχους.
2311 981 2478 1035 Ὅταν
2506 979 2622 1052 ἴδῃς
2655 978 2723 1032 τὰ
2754 978 2952 1049 ἔντομα
2981 977 3248 1047 λεγόμενα
3272 975 3382 1029 τῶν
3407 973 3661 1045 πτηνῶν,

2061 1067 2175 1127 οἷον
2207 1072 2468 1144 μελίσσας
2492 1073 2585 1126 καὶ
2617 1072 2832 1140 σφῆκας
2858 1069 3021 1141 (οὕτω
3048 1068 3157 1140 γὰρ
3182 1068 3320 1122 αὐτὰ
3351 1067 3665 1139 προσειρὴ⁴

2064 1181 2213 1228 κασι,
2256 1162 2344 1217 διὰ
2393 1162 2453 1216 τὸ
2501 1161 2837 1233 πανταχόθεν
2894 1159 3127 1230 ἐντομάς
3184 1176 3335 1222 τινας
3380 1159 3665 1227 φαίνειν),

2063 1257 2321 1328 ἐνθυμοῦ,
2350 1257 2433 1309 ὄτι
2467 1254 2678 1318 τούτοις
2717 1251 2961 1324 ἀναπνοὴ
3005 1252 3105 1305 οὐκ
3137 1250 3307 1315 ἔστιν,
3335 1251 3457 1304 οὐδὲ
3490 1251 3667 1303 πνεύ-

2067 1364 2202 1419 μων,
2230 1346 2344 1401 ἀλλ’
2369 1345 2466 1399 ὅλα
2500 1346 2566 1399 δι’
2600 1345 2737 1399 ὅλων
2773 1344 3033 1415 τρέφεται
3055 1343 3134 1413 τῷ
3159 1342 3302 1412 ἀέρι.
3329 1342 3535 1412 Διόπερ
3564 1341 3666 1395 καὶ

2063 1439 2229 1509 ἐλαίῳ
2259 1436 2675 1509 καταϐραχέντα
2710 1434 3014 1506 φθείρεται,
3043 1434 3154 1486 τῶν
3186 1434 3367 1505 πόρων
3401 1434 3669 1504 ἀποφρα-

2061 1531 2270 1599 γέντων
2290 1547 2303 1561 ο
2333 1529 2489 1595 ὄξους
2520 1530 2577 1582 δὲ
2602 1528 2764 1592 εὐθὺς
2811 1525 3196 1596 ἐπιῶηθέντος
3233 1525 3393 1580 πάλιν
3420 1525 3667 1577 ἀναϐιώ-

2063 1638 2274 1678 σκεται.
2314 1620 2421 1674 τῶν
2447 1618 2694 1684 διεξόδων
2717 1617 3105 1689 ἀνοιγομένων.
3136 1616 3302 1669 Οὐδὲν
3335 1616 3667 1686 περιττότεο

2066 1730 2157 1784 ρον
2201 1712 2301 1781 τῆς
2341 1712 2548 1782 χρείας,
2599 1707 2725 1762 οὔτε
2779 1709 2883 1780 μὴν
2943 1707 3185 1761 ἐλλεῖπόν
3230 1722 3333 1759 τινι
3378 1704 3487 1758 τῶν
3526 1707 3669 1758 ἀνα-

377 1797 603 1852 reclusis
656 1797 1011 1853 foraminibus
1062 1814 1252 1853 rursus
1298 1800 1657 1856 reviviscunt.
1704 1801 1851 1857 Inter
1893 1815 1956 1855 ea

2068 1803 2271 1871 γκαίων
2302 1804 2331 1855 ό
2354 1802 2488 1865 Θεὸς
2524 1800 2685 1872 ἡμῶν
2717 1799 2919 1854 ἔκτισε.
2974 1798 3145 1851 Πάλιν
3176 1796 3245 1849 τὰ
3278 1795 3515 1866 φίλυδρα
3546 1795 3668 1849 τῶν

375 1906 497 1959 qua:
526 1889 669 1944 Deus
696 1901 882 1945 noster
909 1892 1137 1955 creavit,
1186 1893 1319 1947 nihil
1367 1902 1451 1948 est
1484 1895 1620 1948 citra
1665 1896 1959 1950 necessita-

378 1992 508 2045 tem,
536 1982 668 2036 nihil
700 1984 852 2037 deest
900 1985 1354 2038 necessariorum.
1402 1983 1610 2039 Rursus
1662 1986 1707 2039 si
1752 1986 1961 2040 anima-

376 2074 448 2127 lia
485 2088 639 2142 aqua:
670 2073 908 2127 amantia
944 2075 1337 2140 considerabis,
1368 2076 1530 2129 aliam
1572 2077 1623 2129 in
1655 2077 1788 2145 ipsis
1818 2085 1963 2130 stru-

375 2174 584 2218 cturam
620 2165 957 2231 comperies:
1015 2167 1182 2233 pedes
1227 2165 1477 2221 videlicet
1526 2167 1749 2222 minime
1796 2167 1965 2223 dillis-

374 2271 489 2321 eos,
519 2256 661 2311 velut
691 2256 966 2311 cornicis:
1004 2273 1109 2311 non
1151 2258 1410 2323 aduncos,
1457 2259 1601 2311 velut
1640 2260 1961 2314 carnivoro-

356 2340 534 2401 rum:
578 2350 673 2402 sed
710 2348 848 2403 latos
888 2364 952 2402 ac
995 2349 1463 2417 membranaceos,
1505 2360 1565 2404 ut
1604 2350 1758 2407 facile
1807 2353 1964 2408 undis

378 2443 650 2505 innatent,
695 2441 892 2510 pedum
946 2442 1279 2496 metnbranis
1320 2443 1465 2496 velut
1510 2443 1833 2512 quibusdam
1879 2459 1965 2499 re-

377 2533 483 2587 mis
536 2547 732 2602 aquam
797 2534 1153 2603 impellentes.
1208 2534 1359 2600 Quod
1391 2534 1434 2588 si
1476 2535 1963 2600 animadverteris,

376 2625 831 2694 quemadmolum
874 2640 1078 2696 cycnus
1120 2627 1262 2681 collo
1309 2629 1363 2680 in
1412 2627 1733 2698 profundam
1765 2645 1960 2697 aquam

376 2716 642 2782 immisso,
672 2718 739 2772 ab
770 2717 878 2771 imo
907 2717 1087 2771 cibum
1126 2719 1230 2773 sibi
1271 2718 1496 2773 eﬂ'erat:
1548 2729 1674 2774 tunc
1728 2719 1821 2774 Dei
1867 2720 1963 2774 de-

380 2810 751 2879 prehensurus
772 2823 832 2863 es
859 2810 1203 2880 sapientiam,
1231 2812 1321 2879 qui
1352 2812 1553 2867 scilicet
1584 2812 1778 2866 collum
1807 2813 1963 2882 pedi-

381 2901 482 2954 bus
510 2901 723 2971 longius
749 2902 869 2956 ideo
908 2903 1119 2968 tribuit,
1172 2913 1230 2957 ut
1278 2904 1404 2958 illud
1448 2905 1592 2959 velut
1638 2904 1833 2958 lineam
1885 2904 1966 2973 pi-

381 2995 669 3048 Beatoriam
723 2996 1033 3060 tlemittens,
1081 3009 1262 3050 escam
1310 2996 1364 3050 in
1413 2996 1523 3052 imo
1559 2996 1963 3055 delitescentem

380 3088 628 3156 exquirat
658 3101 722 3141 ac
745 3088 1015 3142 extrahat.

2063 1894 2221 1959 ζώων
2273 1893 2638 1964 καταμαθὼν,
2690 1893 2887 1964 ἑτέραν
2947 1892 3004 1943 ἐν
3066 1890 3249 1952 αὐτοῖς
3310 1890 3667 1958 κατασκευὴν

2062 1989 2317 2059 εὑρήσεις
2342 2004 2355 2017 -
2404 1986 2573 2049 πόδας
2610 1985 2734 2039 οὔτε
2777 1982 3221 2054 διεσχισμένους,
3266 1979 3343 2043 ὡς
3382 1980 3512 2043 τοὺς
3559 1981 3667 2050 τῆς

2062 2079 2332 2150 κορώνης,
2361 2078 2484 2131 οὔτε
2522 2077 2814 2147 ἀγκύλους,
2842 2076 2919 2139 ὡς
2946 2075 3076 2137 τοὺς
3107 2072 3215 2127 τῶν
3249 2071 3623 2143 σαρκοφάγων
3642 2087 3660 2101 ·

2062 2172 2201 2226 ἀλλὰ
2225 2171 2444 2236 πλατεῖς
2480 2172 2576 2225 καὶ
2604 2169 2918 2241 ὑμενώδεις,
2947 2168 3033 2222 ἵνα
3061 2165 3258 2239 ῥᾳδίως
3288 2165 3665 2234 ἑπινὴχωνται

2061 2261 2141 2334 τῷ
2179 2261 2352 2326 ὕδατι,
2389 2263 2552 2315 οἱονεὶ
2585 2260 2801 2324 κώπαις
2832 2261 2944 2314 τισὶ
2978 2261 3091 2322 τοῖς
3137 2255 3246 2311 τῶν
3278 2255 3457 2309 ποδῶν
3492 2255 3665 2325 ὑμέσι

2061 2357 2123 2409 τὸ
2157 2354 2323 2425 ὑγρὸν
2375 2353 2749 2424 διωθούμενοι.
2796 2352 2923 2406 Ἐὰν
2968 2352 3027 2405 δὲ
3073 2349 3427 2421 καταμάθῃς,
3470 2350 3660 2411 ὅπως,

2063 2448 2142 2510 είς
2190 2446 2353 2516 βάθος
2398 2448 2427 2500 ό
2473 2445 2673 2509 κύκνος
2733 2444 2946 2507 καθιεὶς
2984 2443 3078 2497 τὸν
3129 2441 3364 2512 αὐχένα,
3411 2440 3664 2494 κάτωθεν

2066 2537 2245 2607 ἐαυτῷ
2271 2536 2369 2608 τὴν
2414 2536 2623 2608 τροφὴν
2670 2535 2959 2605 ἀναφέρει,
2992 2534 3113 2587 τότε
3156 2533 3409 2604 εὑρήσεις
3434 2532 3539 2603 τὴν
3570 2549 3661 2584 σο-

2067 2630 2197 2700 φίαν
2232 2628 2327 2682 τοῦ
2373 2630 2681 2691 κτίσαντος,
2713 2628 2795 2681 ὅτι
2840 2626 2930 2679 διὰ
2966 2625 3126 2679 τοῦτο
3176 2625 3512 2697 μακρότερον
3552 2623 3665 2677 τῶν

2066 2719 2245 2775 ποδῶν
2264 2719 2356 2773 τὸν
2372 2718 2576 2790 αὐχένα
2593 2717 2954 2790 προσέθηκεν,
2979 2717 3086 2776 ἵνα,
3109 2715 3259 2769 ὥσπε
3266 2732 3298 2786 ρ
3313 2714 3437 2768 τινα
3455 2715 3664 2785 ὁρμιὰν

2068 2812 2346 2880 κατάγων,
2402 2812 2500 2883 τὴν
2553 2814 2613 2865 ἐν
2670 2809 2749 2881 τῷ
2804 2809 2957 2880 βάθει
3013 2806 3406 2881 κεκρυμμένην
3450 2807 3665 2880 τροφὴν

2068 2906 2431 2977 ἐκπορίζηται

453 3145 509 3232 έ.
546 3176 717 3232 Verba
752 3178 1050 3245 Scriptura:
1072 3177 1119 3231 si
1149 3177 1465 3247 simpliciter
1490 3179 1758 3248 legantur,
1785 3195 1962 3249 parva:

2139 3183 2191 3238 8.
2235 3181 2448 3246 Ἀπλῶς
2481 3179 2962 3250 ἀναγινωσκόμενα
2994 3177 3062 3232 τὰ
3108 3178 3329 3249 ῥήματα
3372 3175 3473 3246 τῆς
3508 3175 3659 3246 Γρα-

381 3271 626 3337 quaedam
670 3277 797 3323 sunt
842 3270 1102 3335 syllabae:
1158 3268 1467 3324 Producant
1522 3288 1676 3340 aqua:
1729 3272 1966 3329 volatilia

382 3360 614 3414 volantia
650 3377 807 3429 super
835 3371 1032 3415 terram
1068 3363 1355 3416 secundum
1381 3362 1777 3430 ﬁrmamentum
1809 3366 1922 3418 caeli
1946 3381 1966 3419 :

381 3451 479 3505 sed
532 3466 654 3503 cum
713 3453 1001 3505 verborum
1061 3453 1452 3523 pervcstigatur
1500 3454 1789 3518 sententia,
1842 3465 1967 3509 tunc

384 3557 638 3611 magnum
684 3544 967 3613 sapientiae
1017 3546 1314 3599 conditoris
1359 3545 1681 3599 miraculum
1719 3559 1961 3615 apparet.

383 3636 527 3701 Quot
585 3635 882 3690 volatilium
960 3636 1207 3706 prtevidit
1274 3637 1636 3691 discrimina?
1698 3640 1966 3706 quomodo

380 3727 490 3780 alia
522 3726 591 3779 ab
641 3727 763 3779 aliis
806 3727 954 3794 iuxta
1002 3742 1173 3796 genus
1216 3726 1490 3794 seiunxit?
1529 3730 1800 3796 quomodo
1849 3732 1963 3783 sin-

386 3816 509 3886 gula
569 3816 846 3870 distinctis
904 3818 1328 3886 proprielatibus
1394 3819 1717 3886 insignivit?
1779 3820 1968 3876 Dellcit

384 3923 474 3962 me
510 3910 627 3963 dies
672 3911 816 3962 aeria
842 3910 999 3965 vobis
1030 3910 1294 3964 miracula
1336 3922 1723 3979 exponentem.
1776 3913 1967 3969 Invitat

384 4014 488 4056 nos
519 4002 631 4069 ipsa
677 4001 966 4054 continens
1007 4003 1072 4055 ad
1119 4000 1263 4055 feras
1307 4001 1628 4071 reptiliaquc
1667 4013 1722 4057 et
1768 4020 1966 4073 pecora

385 4092 443 4147 in
470 4092 709 4146 medium
739 4091 1064 4161 proferenda
1091 4110 1105 4145 :
1130 4094 1567 4162 quandoquidem
1595 4094 1799 4164 aliquid
1826 4097 1967 4166 quod

384 4184 590 4253 plantis
616 4192 671 4237 et
700 4183 1011 4237 natatilium
1064 4184 1251 4252 generi
1292 4193 1348 4237 et
1398 4186 1609 4239 cunctis
1660 4186 1969 4244 volatilibus

385 4276 561 4344 impar
591 4290 697 4330 non
731 4275 823 4338 sit,
855 4276 1096 4329 vicissim
1140 4270 1402 4331 exhibere
1449 4288 1637 4346 parata
1682 4288 1782 4333 est.
1831 4278 1968 4334 Pro-

382 4369 540 4451 dttcat
566 4376 709 4421 terra
741 4367 974 4419 animam
1002 4368 1254 4420 viventem
1297 4384 1547 4436 pecorum
1586 4379 1632 4423 et
1679 4371 1965 4426 bestiarum

2068 3274 2193 3347 φῆς,
2226 3272 2487 3327 συλλαϐαί
2526 3272 2672 3336 τινές
2713 3273 2819 3324 είσι
2870 3270 3062 3342 μικραί
3101 3268 3247 3341 (89)’
3288 3267 3664 3336 Ἕξαγαγέτω

2067 3368 2141 3418 τὰ
2164 3364 2351 3418 ὕδατα
2375 3363 2614 3417 πετεινὰ
2652 3363 2947 3431 πετόμενα
2974 3362 3073 3414 ἐπὶ
3123 3358 3233 3426 τῆς
3263 3357 3378 3427 γῆς
3407 3359 3564 3411 κατά
3592 3357 3662 3410 τὸ

2068 3455 2372 3524 στερέωμα
2397 3454 2504 3508 τοῦ
2530 3454 2791 3523 οὐρανοῦ
2815 3470 2829 3484 ο
2861 3452 3238 3524 ἐρευνωμένης
3261 3450 3320 3503 δὲ
3345 3452 3449 3521 τῆς
3467 3452 3524 3503 ἐν
3545 3452 3664 3513 τοῖς

2071 3547 2278 3619 ῥήμασι
2321 3544 2579 3608 διανοίας,
2623 3544 2746 3597 τότε
2796 3544 3115 3612 ἐκφαίνεται
3164 3542 3228 3595 τὸ
3283 3540 3662 3619 μέγαῗθαῦμα

2068 3638 2165 3710 τῆς
2188 3637 2379 3705 σοφίας
2411 3636 2504 3690 τοῦ
2535 3636 2839 3699 κτίσαντος.
2875 3636 3055 3699 Πόσας
3086 3633 3367 3705 προείδετο
3392 3618 3658 3705 διάφορὲς

2070 3728 2322 3799 πτηνῶν;
2357 3729 2505 3790 ὅπως
2538 3725 2675 3779 αὐτὰ
2711 3725 2854 3779 κατὰ
2894 3724 3050 3794 γένος
3095 3724 3378 3793 διέστησεν
3428 3724 3524 3775 ἀπ’
3564 3723 3660 3776 ἀλ⁹

2069 3819 2287 3892 ληλων;
2321 3819 2440 3882 πῶς
2485 3818 2715 3871 ἕκαστον
2758 3814 3184 3888 κεχωρισμένοις
3226 3815 3659 3886 ἐχαρακτήρισεν

2073 3909 2390 3980 ίδιώμασιν;
2441 3906 2742 3960 Ἐπιλείπει
2774 3906 2882 3976 (9υ)
2938 3921 3006 3975 με
3033 3906 3066 3974 ἡ
3095 3905 3296 3974 ἡμέρα,
3334 3904 3404 3956 τὰ
3438 3904 3660 3974 ἐναέρια

2070 4001 2197 4071 ὑμῖν
2229 3998 2481 4069 θαύματα
2496 3995 2872 4067 διηγούμενον.
2902 3995 3075 4048 Καλεῖ
3097 3996 3246 4065 ἡμᾶς
3265 3995 3507 4066 ήχέρσος
3521 3996 3661 4068 πρὸς

2067 4089 2298 4164 τὴντῶν
2334 4090 2539 4161 θηρίων
2572 4089 2667 4144 καὶ
2710 4088 2955 4159 ἑρπετῶν
2994 4088 3089 4141 καὶ
3137 4087 3502 4157 βοσκημάτων
3534 4088 3658 4141 ἐπί-

2067 4182 2253 4249 δειξιν,
2289 4182 2522 4252 ἑτοίμως
2565 4180 2763 4251 ἔχουσα
2798 4181 3036 4251 ὁμότιμα
3072 4182 3188 4242 τοῖς
3229 4182 3420 4248 φυτοῖς
3461 4180 3555 4233 καὶ
3584 4178 3662 4250 τῷ

2070 4274 2266 4345 πλωτῷ
2293 4274 2440 4342 γένει
2470 4272 2565 4325 καὶ
2580 4275 2695 4335 τοῖς
2723 4273 2949 4340 πτηνοῖς
2973 4271 3141 4323 πᾶσιν
3166 4268 3660 4333 ἀντεπιδείξασθαι.

2082 4366 2449 4437 Ἐξαγαγέτω
2492 4367 2530 4434 ἡ
2573 4364 2649 4435 Tn"
2690 4362 2906 4433 ψυχὴν
2934 4362 3131 4423 ζῶσαν
3157 4361 3397 4431 κτηνῶν
3422 4361 3527 4415 καὶ
3552 4364 3661 4429 θη-

380 4469 431 4512 et
458 4458 720 4525 reptilium
746 4459 909 4527 juxta
941 4474 1123 4527 genus.
1157 4458 1296 4524 Quid
1331 4459 1510 4513 dicitis
1544 4475 1638 4515 vos
1667 4463 1757 4530 qni
1800 4463 1957 4516 lldem

2068 4461 2212 4529 ρίων
2244 4459 2341 4512 καὶ
2377 4456 2642 4525 ἑρπετῶν
2678 4455 2829 4509 κατὰ
2884 4453 3077 4525 γένος.
3118 4454 3185 4507 Τί
3218 4470 3377 4523 φατε,
3433 4454 3485 4506 οἱ
3532 4454 3663 4507 ἀπι-

383 4568 490 4605 non
529 4550 742 4606 habetis
769 4550 957 4611 Paulo,
996 4552 1143 4604 circa
1181 4566 1299 4604 eam
1329 4565 1450 4619 quae
1476 4552 1527 4604 in
1565 4554 1962 4608 resurrectione

2068 4551 2319 4613 στοῦντες
2351 4549 2426 4620 τῷ
2468 4548 2667 4617 Παύλῳ
2702 4548 2828 4618 περὶ
2871 4546 2973 4617 τῆς
3024 4545 3167 4599 κατὰ
3209 4546 3309 4615 τὴν
3359 4545 3662 4600 ἀνάστασιν

383 4645 478 4698 [iet
519 4643 901 4709 mutationem,
959 4659 1082 4696 cum
1132 4642 1300 4696 multa
1362 4643 1508 4697 aeria
1560 4643 1764 4697 fortnas
1814 4660 1965 4699 com-

382 4737 650 4789 mutantia
692 4736 965 4790 videatis?
1004 4735 1193 4802 Qualia
1242 4736 1406 4790 etiam
1455 4738 1521 4791 de
1562 4736 1745 4792 Iudico
1780 4754 1965 4793 verme

379 4827 667 4896 cornigero
717 4834 1028 4889 narrantur,
1077 4825 1186 4896 79
1232 4827 1321 4896 qui
1352 4828 1584 4895 primum
1634 4828 1686 4881 iu
1742 4844 1962 4882 erucatn

381 4926 804 4980 transmutatus,
832 4917 1027 4971 deinde
1060 4917 1321 4985 temporis
1353 4932 1636 4986 progressu
1663 4917 1966 4988 bombylius

383 5012 485 5066 lit:
520 5024 621 5065 nec
651 5010 703 5062 in
751 5009 855 5063 hac
896 5008 1067 5061 l'orma
1117 5019 1324 5073 manet,
1372 5009 1468 5063 sed
1515 5009 1668 5064 laxas
1716 5020 1773 5063 et
1826 5011 1963 5066 latas

382 5105 630 5157 hracteas
661 5116 759 5171 pro
805 5101 906 5154 alis
953 5099 1202 5169 suscipit.
1246 5099 1380 5154 Cum
1427 5101 1595 5170 igitur
1628 5117 1724 5156 vos
1767 5102 1962 5157 mulie-

384 5209 473 5249 res
498 5194 720 5255 sedetis,
748 5192 942 5246 horum
991 5207 1156 5260 opera
1200 5201 1412 5255 nentes,
1458 5193 1541 5246 tila
1588 5194 1797 5247 scilicet
1838 5193 1962 5248 dico

379 5299 502 5357 qua:
548 5286 616 5340 ad
658 5300 755 5340 vos
797 5284 1174 5339 transmittunt
1224 5286 1387 5339 Seres
1427 5285 1495 5339 ad
1540 5286 1730 5341 molles
1783 5297 1962 5340 vestes

452 5472 567 5545 (89)
596 5471 694 5545 Sic
722 5470 897 5545 codex
948 5468 1193 5545 Combel‘.
1244 5483 1368 5523 cum
1415 5468 1538 5524 aliis
1568 5478 1799 5538 quatuor
1832 5484 1966 5525 mss.

381 5540 605 5599 At'etliti
638 5544 744 5595 εἰσὶ
783 5540 1011 5612 μακραί.

454 5613 566 5681 (90)
604 5612 753 5666 Unus
785 5609 1209 5679 “ιιιε.’ὲπι).είι>ει.
1241 5609 1528 5676 Aliquanto
1559 5620 1674 5675 post
1707 5626 1837 5664 mss.
1870 5626 1961 5664 sex

383 5683 718 5753 multiiugi:
748 5684 780 5750 ἡ
814 5683 1025 5753 χέρσος.
1068 5682 1206 5733 Editi
1237 5681 1385 5748 ἡμᾶς
1412 5682 1445 5749 ή
1478 5681 1721 5749 ἦπειρος.

462 5698 538 5734 aet.
568 5698 780 5802 ημαςη
814 5698 1025 5762 χερσος.
1068 5698 1206 5761 mnu
1237 5698 1385 5748 ημας
1412 5698 1445 5749 η
1478 5698 1721 5749 ηπειρος.
1830 5751 1846 5765 Ἴ

462 5750 570 5822 (Sil)
634 5752 767 5820 legit
808 5761 1023 5813 tcrttus,
1064 5760 1284 5821 quintus
1316 5760 1368 5805 et
1399 5760 1620 5805 octavus
1657 5767 1776 5804 cum
1809 5750 1959 5805 (.olb.

2061 4639 2420 4702 ἀλλοιώσεως,
2455 4636 2691 4708 ὁρῶντες
2737 4636 2910 4690 πολλὰ
2936 4636 3047 4689 τῶν
3077 4636 3282 4707 ἀερίων
3314 4636 3416 4699 τὰς
3443 4636 3661 4706 μορφὰς

2065 4731 2503 4805 μεταϐάλλοντα;
2550 4730 2742 4782 Ὀποῖα
2801 4730 2896 4783 καὶ
2954 4730 3081 4799 περὶ
3128 4728 3222 4780 τοῦ
3281 4727 3510 4781 Ἰνδικοῦ
3544 4729 3659 4799 (91)

2064 4825 2345 4895 σκώληκος
2376 4825 2666 4894 ἱστορεῖται
2690 4822 2785 4876 τοῦ
2817 4822 3189 4894 κερασφόρου·
3212 4821 3293 4885 Bc;
3320 4822 3403 4885 είς
3425 4822 3661 4893 κάμπην

2064 4914 2133 4968 τὰ
2158 4915 2354 4985 πρῶτα
2376 4915 2714 4986 μεταϐαλὼν,
2734 4911 2854 4969 εἶτα
2884 4914 3087 4987 προῖὼν
3111 4912 3402 4985 βομϐυλιὸς
3426 4913 3655 4981 γίνεται·

2066 5010 2160 5063 καὶ
2190 5010 2309 5063 οὐδὲ
2335 5010 2428 5062 ἐπὶ
2453 5008 2657 5078 ταύτης
2687 5008 2904 5061 ἵσταται
2939 5006 3041 5078 τῆς
3083 5006 3317 5078 μορφῆς.
3354 5005 3496 5058 ἀλλὰ
3523 5006 3658 5077 χαύ-

2066 5120 2177 5166 νοις
2206 5104 2302 5156 καὶ
2330 5101 2558 5154 πλατέσι
2611 5100 2865 5164 πετάλοις
2908 5098 3332 5171 ὑποπτεροῦται.
3372 5099 3545 5152 Ὅταν
3566 5095 3659 5152 οὖν

2065 5194 2370 5266 καθέζησθε
2403 5195 2500 5265 τὴν
2529 5193 2734 5247 τούτων
2770 5192 3036 5262 ἐργασίαν
3073 5191 3567 5262 άναπηνιζόμεναι,
3602 5193 3657 5245 αξ

2063 5290 2339 5357 γυναῖκες,
2369 5287 2437 5340 τά
2464 5288 2679 5359 νήματα
2708 5284 2819 5357 (92)
2849 5285 3014 5354 λέγω,
3040 5284 3077 5339 ἃ
3107 5285 3417 5355 πέμπουσιν
3449 5285 3582 5356 ὑμῖν
3606 5286 3659 5338 οἱ

2077 5470 2316 5525 secundo
2350 5471 2444 5524 τοῦ
2489 5468 2731 5527 Ἰνδικοῦ.
2768 5469 2911 5526 Editi
2942 5489 3064 5527 cum
3096 5486 3204 5523 uno
3236 5480 3329 5524 aut
3349 5471 3526 5524 altero
3554 5487 3655 5525 ms.

2072 5541 2165 5595 τοῦ
2194 5542 2379 5596 Ἰνδοῦ.
2405 5543 2534 5607 Quae
2568 5543 2817 5610 leguntur
2836 5544 2903 5597 de
2927 5558 3111 5596 verme
3142 5541 3233 5593 illo
3260 5546 3398 5609 ame
3421 5542 3659 5610 Ambro-

2074 5614 2211 5665 sium
2246 5626 2301 5667 et
2334 5613 2472 5679 apud
2512 5607 2877 5678 Eusiathium,
2906 5614 3117 5669 mendis
3142 5627 3246 5665 non
3278 5607 3490 5667 carent.
3514 5607 3657 5682 Lege

2072 5681 2231 5737 l’ra-l'.
2265 5699 2411 5735 num.
2444 5682 2534 5735 9.8.

2145 5753 2254 5822 (9'2;
2295 5751 2370 5806 Ita
2406 5767 2499 5807 sex
2544 5765 2671 5808 mss.
2713 5752 2851 5808 litliti
2891 5751 2960 5806 τὰ
2989 5752 3205 5822 νήματα
3242 5749 3296 5804 ἆ.
