3850 6218
177 331 286 386 185

1277 328 1574 384 HOMILIA
1611 326 1727 382 Vill
1768 327 1834 381 IN
1881 323 2382 380 llEXAEM-ERON.

3359 323 3460 380 H36

173 447 352 517 Σῆρες
403 445 540 516 πρὸς
597 447 696 518 τὴν
747 447 858 500 τῶν
913 445 1172 517 μαλακῶν
1235 446 1548 516 ἐνδυμάτων
1609 462 1746 498 κατα

1881 443 2309 504 concinnamlas,
2343 451 2454 494 tum
2500 436 2749 494 animalis
2804 438 2964 508 hujus
3005 439 3358 492 mutationem
3405 441 3458 493 in

175 539 400 608 σκευὴν,
439 539 786 610 μεμνημέναι
819 539 920 609 τῆς
963 538 1106 591 κατὰ
1137 539 1198 592 τὸ
1247 537 1385 602 ζῶον
1414 537 1573 590 τοῦτο
1607 555 1775 606 μετα-

171 629 364 698 ϐολῆς,
411 631 616 702 ἐναργῆ
657 632 964 702 λαμϐάνετε
1010 632 1109 702 τῆς
1155 631 1502 692 ἀναστάσεως
1545 629 1774 691 ἔννοιαν,

173 722 372 794 καὶμὴ
409 724 693 776 ἀπιστεῖτε
728 723 838 794 (95)
879 725 946 794 τῇ
981 723 1190 794 ἀλλαγῇ
1231 722 1296 792 ἣν
1337 720 1550 784 Παῦλος
1603 723 1776 774 ἅπασι

174 815 700 885 κατεπαγγέλλεται.
747 816 908 870 Ἀλλὰ
955 818 1064 887 γὰρ
1105 815 1434 885 αἰσθάνομαι
1473 813 1570 866 τοῦ
1613 813 1774 881 λόγου

172 907 276 980 τὴν
322 907 668 980 συμμετρίαν
705 908 1067 972 ἐκδαίνοντος.
1099 909 1267 961 Ὅταν
1323 907 1422 978 μὲν
1467 901 1560 959 οὖν
1599 904 1776 958 ἀπίδω

173 997 316 1067 πρὸς
351 997 412 1050 τὸ
449 997 654 1070 πλῆθος
698 997 806 1051 τῶν
850 997 1177 1068 εἰρημένων,
1227 995 1332 1062 έξω
1381 997 1616 1066 ἐμαυτὸν
1662 993 1775 1063 ὁρῶ

170 1089 272 1142 τοῦ
321 1090 520 1160 μέτρου
557 1091 892 1162 φερόμενον
934 1091 1062 1142 ὅταν
1093 1089 1150 1143 δὲ
1187 1089 1349 1142 πάλιν
1389 1090 1522 1159 πρὸς
1559 1088 1618 1140 τὺ
1653 1103 1772 1140 ποι-

173 1181 328 1234 κίλον
355 1182 452 1253 τῆς
485 1181 543 1234 ὲν
571 1183 684 1244 τοῖς
727 1181 1175 1252 δημιουργήμασι
1217 1179 1409 1248 σοφίας
1457 1177 1771 1248 ἀποϐλέψω,

172 1271 298 1324 οὑδὲ
326 1267 526 1342 ἧρχθαι
560 1271 766 1341 νομίζω
809 1272 908 1342 τῆς
956 1271 1282 1342 διηγήσεως.
1317 1271 1470 1340 ’Ἅμα
1503 1269 1559 1321 δέ
1587 1269 1681 1321 καὶ
1712 1269 1773 1321 τὸ

175 1364 581 1434 παρακατέχειν
611 1364 756 1433 ὑμᾶς
785 1363 876 1416 ἐπί
903 1363 1084 1415 πλεῖον
1111 1363 1211 1414 οὐκ
1240 1362 1532 1432 ἄχρηστον.
1564 1359 1628 1411 Τί
1663 1359 1772 1430 γὰρ

172 1455 242 1508 ἄν
271 1472 356 1517 τις
403 1455 500 1508 καὶ
541 1457 685 1508 ποιοῖ
726 1455 818 1508 τὸν
877 1455 1040 1525 μέχρι
1097 1454 1195 1523 τῆς
1247 1453 1488 1523 ἑσπέρας
1534 1451 1769 1521 χρόνονς

171 1547 288 1599 Οὐκ
315 1546 626 1614 ἐπείγουσιν
672 1545 818 1616 ὑμᾶς
865 1546 915 1598 oi
959 1545 1276 1614 ἑστιάτορες
1302 1560 1316 1574 ’
1361 1544 1463 1595 οὑκ
1510 1541 1770 1613 ἀναμένει

171 1637 320 1708 ὑμᾶς
362 1637 431 1690 τὰ
480 1638 780 1708 συμπόσια.
814 1636 1000 1700 Ὅθεν,
1053 1638 1102 1689 εί
1139 1636 1320 1698 δοκεῖ,
1357 1637 1424 1705 τῇ
1478 1635 1766 1704 σωματικῇ

169 1729 400 1799 νηστεία
433 1729 514 1792 είς
546 1729 644 1799 τὴν
669 1727 776 1782 τῶν
817 1727 1004 1797 ψυχῶν
1049 1725 1390 1797 εὐφροσύνην
1441 1723 1770 1795 ἀποχρησὼ-

174 1820 338 1891 μεθα.
387 1820 658 1884 Πολλάκις
709 1821 1065 1890 ὑπηρετήσας
1115 1821 1181 1889 τῇ
1240 1818 1404 1890 σαρκὶ⁸
1455 1819 1592 1888 πρὸς
1637 1818 1744 1871 ἀπό

1874 1819 1996 1871 visti
2067 1819 2222 1872 carni
2298 1818 2364 1871 ad
2451 1818 2785 1888 voluptatem
2847 1819 3225 1887 capiendam:

168 1911 386 1976 λαυσιν,
417 1913 656 1984 σήμερον
681 1915 766 1983 τῇ,
785 1912 1032 1983 διακονίᾳ
1067 1912 1404 1982 παράμεινον
1438 1911 1537 1980 τῆς
1565 1911 1762 1981 ψυχῆς.

167 2005 651 2072 Κατατρύφησον
685 2003 792 2056 τοῦ
822 2006 1064 2072 Kuplov,
1095 2003 1194 2054 καὶ
1226 2001 1404 2055 δώσει
1438 2002 1545 2072 (94)
1573 2017 1670 2055 σοι
1694 2003 1766 2056 τὰ

168 2094 467 2163 αἰτήματα
495 2093 606 2162 τῆς
631 2093 876 2162 καρδίας
899 2109 1036 2146 σου.
1067 2094 1128 2145 Εἰ
1155 2091 1506 2161 φιλόπλουτος
1534 2088 1602 2156 εἷ,
1622 2092 1778 2161 ἔχεις¹

166 2185 403 2239 πλοῦτον
441 2187 834 2256 πνευματικόν·
877 2187 954 2238 Τὰ
984 2185 1239 2253 κρίματα
1263 2184 1485 2251 Κτιρὶου
1521 2183 1592 2236 τὰ
1618 2184 1765 2249 ἁλη-

163 2278 325 2342 θινὰ,
380 2279 454 2332 τὰ
495 2277 922 2347 δεδικαιωμέινα
966 2275 1282 2330 ἐπιτοαυτό
1302 2315 1316 2339 ,
1352 2275 1426 2329 τὰ
1479 2275 1765 2343 ἐπιθυμη-

163 2367 241 2422 τὰ
278 2367 392 2438 (95)
421 2367 575 2436 ὑπὲρ
597 2369 859 2438 χρυσίον
889 2368 986 2421 καὶ
1021 2369 1193 2422 λίθον
1219 2366 1414 2435 τίμιον
1437 2367 1655 2418 πολύν.
1697 2351 1770 2418 Et

163 2458 569 2523 ἀπολαυστικὸς
598 2461 692 2513 καὶ
723 2460 1022 2531 φιλήδονος,
1047 2458 1192 2530 ἔχεις
1215 2459 1282 2512 τὰ
1311 2459 1468 2527 λόγια
1499 2458 1592 2511 τοῦ
1627 2458 1760 2512 Θεοῦ

161 2549 246 2620 τῷ
271 2549 371 2621 τὴν
402 2549 775 2621 πνευματικὴν
805 2549 1059 2620 αἴσθησιν
1093 2549 1390 2620 ἐρρωμένῳ
1427 2550 1764 2618 γλυκύτερα

166 2639 320 2693 ὄντα
343 2639 496 2708 ὑπὲρ
524 2641 664 2710 μέλι
707 2643 804 2696 καὶ
837 2643 1068 2708 κηρίον.
1104 2642 1227 2694 Ἐὰν
1265 2642 1408 2711 ὑμᾶς
1439 2639 1637 2706 διαφῶ,
1668 2639 1788 2698 καὶ,

164 2731 407 2784 διαλύσω
429 2732 520 2784 τὸν
553 2732 830 2801 σύλλογον,
867 2735 914 2785 oi
953 2733 1052 2802 μὲν
1101 2733 1194 2786 ἐπὶ
1231 2733 1358 2795 τοὺς
1399 2731 1600 2793 κύϐους
1631 2730 1762 2800 δρα-

167 2821 398 2892 μοῦνται
435 2822 564 2892 (96).
593 2823 784 2893 ὐρκοι
817 2825 954 2886 ἐκεῖ,
1001 2823 1096 2875 καὶ
1152 2820 1474 2890 φιλονεικίαι
1503 2818 1757 2889 χαλεπαὶ,

163 2914 265 2966 καὶ
309 2914 747 2985 φιλοχρηματίας
797 2915 1004 2977 ὠδῖνες.
1031 2913 1251 2983 Δαίμων
1305 2911 1642 2982 παρέστηκε,
1674 2911 1762 2965 διὰ

163 3005 277 3058 τῶν
317 3007 758 3077 κατεστιγμένων
779 3007 982 3060 ὀστέων
1009 3006 1107 3076 τὴν
1139 3004 1336 3076 μανίαν
1363 3003 1634 3067 ἐξάπτων,
1665 3005 1761 3058 καὶ

161 3095 234 3148 τὰ
266 3096 408 3148 αὐτὰ
453 3098 714 3168 χρήματα
750 3097 885 3167 πρὸς
917 3097 1176 3178 ἑκάτερον
1216 3095 1380 3166 μέρος
1425 3093 1755 3165 μετατιθεὶς,

1880 535 2201 589 memoriam
2275 542 2616 596 revocantes,
2691 531 3054 586 manifestam"
3094 531 3460 586 resurrectio-

1879 625 1964 680 nis
1998 627 2272 678 notionem
2321 623 2624 692 accipiatis,
2659 637 2834 692 neque
2873 624 3032 678 ﬁdem
3075 623 3126 676 ei
3168 621 3458 678 mutationi

1879 732 2040 784 quam
2109 715 2306 770 Paulus
2361 715 2616 770 omnibus
2661 717 2968 778 amnmtiat,
3022 715 3324 798 denegatis.
3365 717 3461 768 At-

1878 809 1968 876 qui
2025 809 2329 862 orationem
2385 822 2559 862 meam
2613 808 2832 862 modum
2883 807 3147 863 excedere
3207 808 3457 862 adverto.

1879 900 2012 954 Cum
2049 901 2212 970 igitur
2233 901 2298 954 ad
2334 915 2522 955 eorum
2552 915 2674 969 qute
2713 899 2852 954 dicta
2903 909 3028 954 sunt
3073 900 3282 968 copiam
3333 915 3460 955 ocu-

1876 991 1958 1044 los
1989 991 2241 1058 conjicio,
2275 990 2412 1044 ultra
2447 991 2580 1045 lines
2629 998 2686 1046 et
2724 992 2940 1044 modum
2966 991 3094 1044 ferri
3139 1006 3224 1046 me
3264 991 3455 1048 video:

1877 1096 2000 1135 cum
2040 1090 2220 1136 autem
2260 1081 2457 1135 iterum
2499 1081 2564 1134 ad
2596 1080 2878 1149 sapientia:
2917 1081 2970 1133 in
3002 1081 3234 1149 opiticiis
3272 1081 3454 1150 splen—-

1876 1174 2148 1228 descentis
2204 1173 2528 1227 varietatem
2577 1171 2831 1240 respicio,
2887 1185 2954 1225 ne
3005 1172 3294 1242 incmpisse
3335 1173 3458 1243 qui-

1875 1267 1994 1317 dem
2047 1265 2418 1318 narrationem
2471 1262 2734 1316 arbitror.
2796 1263 2976 1331 Atque
3033 1263 3194 1317 etiam
3255 1263 3459 1318 diutius

1873 1355 2117 1409 detinere
2173 1370 2268 1410 vos
2327 1371 2432 1410 non
2481 1355 2646 1409 fuerit
2690 1354 2901 1408 inutile.
2951 1353 3088 1420 Quid
3139 1355 3282 1409 enim
3336 1357 3460 1424 quis

1873 1448 1939 1500 ab
1971 1448 2074 1502 hoc
2105 1458 2346 1517 tempore
2375 1450 2442 1502 ad
2481 1462 2656 1518 usque
2691 1461 2978 1516 vesperam
3018 1447 3199 1503 facere
3245 1449 3460 1515 possit?

1873 1538 1982 1593 Vos
2023 1555 2130 1592 non
2187 1549 2381 1609 urgent
2419 1541 2825 1602 convivatores,
2881 1555 2984 1592 non
3031 1555 3126 1593 vos
3183 1549 3459 1609 compota-

1875 1633 2051 1686 tiones
2079 1642 2419 1700 exspectant.
2452 1633 2629 1698 Unde,
2661 1632 2710 1686 si
2741 1632 2970 1692 videtur,
3009 1631 3276 1701 corporali
3313 1633 3456 1702 jeju-

1871 1727 1964 1780 nio
2006 1726 2073 1779 ad
2113 1725 2500 1780 exhilarandas
2547 1725 2759 1779 animas
2803 1735 3040 1780 utemur.
3087 1725 3240 1795 Saepe
3294 1727 3458 1782 inser-

3297 1820 3460 1874 hodie

1868 1906 2064 1960 animae
2097 1907 2306 1961 servire
2339 1922 2648 1977 persevera.
2699 1907 2966 1962 Delectare
3011 1911 3064 1964 in
3111 1909 3361 1974 Domino,
3407 1919 3457 1964 et

1866 1998 2010 2050 dabit
2047 1999 2137 2050 tibi
2179 1987 2454 2068 petitiones
2499 2001 2673 2052 cordis
2702 2000 2777 2052 tui
2810 2001 2852 2053 ⁷.
2889 2000 2944 2054 Si
2995 2002 3308 2056 divitiarum
3344 2012 3457 2056 stu-

1869 2090 2055 2145 diosus
2098 2106 2184 2154 es,
2239 2091 2408 2146 habes
2460 2091 2680 2146 divitias
2709 2092 3059 2160 spirituales:
3091 2093 3309 2148 Judicia
3345 2093 3458 2148 Do-

1869 2182 2004 2234 mini
2028 2197 2170 2245 vera,
2196 2182 2498 2250 justiﬁcata
2525 2182 2582 2234 in
2627 2182 2856 2250 idipsum
2881 2199 2900 2237 ε
2945 2185 3322 2238 desiderabilia
3365 2202 3456 2239 su-

1863 2287 1961 2338 per
1995 2289 2187 2326 aurum
2230 2285 2276 2327 et
2321 2275 2551 2342 lapidem
2588 2275 2874 2342 pretiosum
2903 2277 3128 2329 nrultum
3156 2278 3198 2333 ⁸.
3235 2278 3290 2333 Si
3321 2279 3456 2334 deli-

1869 2363 1975 2417 ciis
2020 2367 2231 2420 deditus
2275 2381 2354 2429 es,
2402 2376 2458 2420 et
2499 2366 2796 2436 voluptatis
2836 2382 3025 2421 amans
3061 2383 3074 2420 :
3117 2368 3210 2422 tibi
3257 2381 3456 2438 praesto

1870 2465 1997 2508 sunt
2030 2456 2119 2510 Dei
2161 2459 2400 2525 eloquia,
2447 2473 2568 2526 qua:
2615 2461 2730 2512 viro
2773 2460 3085 2525 spirituales
3127 2475 3320 2515 sensus
3362 2477 3453 2518 sa-

1864 2560 1962 2600 nos
2014 2546 2234 2600 habenti
2291 2547 2533 2600 dulciora
2604 2557 2730 2601 sunt
2777 2565 2933 2616 super
2977 2549 3080 2603 mel
3118 2558 3168 2604 et
3203 2551 3379 2619 favum
3409 2553 3454 2608 ’.

1864 2638 1922 2692 Si
1979 2639 2236 2692 dimisero
2289 2655 2409 2702 vos,
2461 2653 2525 2692 ac
2581 2640 2898 2694 concionem
2956 2642 3278 2708 dissolvero,
3331 2655 3456 2700 sunt

1861 2729 1952 2798 qui
1980 2730 2046 2784 ad
2073 2739 2310 2784 tesseras
2343 2738 2586 2785 current.
2613 2730 2930 2786 Juramenta
2973 2741 3098 2787 sunt
3139 2734 3272 2798 illic,
3326 2752 3452 2805 gra-

1860 2837 2062 2891 vesque
2115 2824 2515 2887 contentiones,
2573 2833 2628 2878 et
2688 2825 2932 2879 avaritias
2992 2827 3218 2880 stimuli.
3295 2830 3453 2882 Astat

1862 2913 2069 2969 daemon
2125 2930 2222 2984 per
2279 2931 2403 2972 ossa
2455 2928 2780 2986 compuncta
2833 2917 3074 2974 furorem
3121 2923 3448 2986 accendens,

1859 3009 1922 3059 'et
1955 3008 2172 3061 easdem
2207 3007 2468 3077 pecunias
2511 3010 2578 3062 ad
2627 3019 2922 3078 utramque
2967 3019 3174 3080 partem
3215 3013 3450 3068 transfe-

1861 3113 2008 3153 rens.
2039 3099 2197 3153 Modo
2243 3100 2400 3154 eﬂ‘ert
2445 3101 2590 3154 hunc
2644 3101 2898 3166 victoria,
2947 3103 3106 3158 modo
3155 3103 3228 3157 illi
3281 3105 3452 3160 tristi-

160 3187 262 3241 νῦν
309 3187 500 3241 τοῦτον
552 3188 793 3258 ἐπαίρων
839 3191 904 3259 τῇ
954 3174 1109 3261 νίκῃ,
1169 3187 1404 3256 κάκείνῳ
1455 3187 1746 3257 κατήφειαι

1865 3191 1991 3245 tiam
2019 3202 2168 3247 creat
2193 3209 2208 3256 ;
2245 3207 2436 3246 rursus
2461 3203 2640 3246 autem
2671 3193 2820 3246 illum
2851 3196 3279 3263 superbientem,
3304 3198 3448 3254 hunc

163 3280 434 3352 ἐμποιῶν,
465 3280 628 3334 πάλιν
678 3280 734 3332 δὲ
781 3282 986 3333 ἐκεῖνον
1035 3279 1345 3349 γαυριῶντα
1385 3277 1622 3341 δεικνὺς,
1665 3279 1759 3330 καὶ

161 3369 354 3423 τοῦτον
389 3369 844 3442 κατῃσχυμμένον
873 3369 1004 3440 (97).
1039 3369 1104 3420 Τί
1135 3368 1327 3437 ὅφελος
1367 3367 1648 3438 νηστεύειν
1679 3366 1758 3438 τῷ

163 3461 404 3532 σώματι,
433 3461 530 3533 τὴν
563 3461 620 3514 δὲ
655 3460 831 3531 ψυχὴν
865 3461 1072 3532 μυρίων
1109 3458 1293 3512 κακῶν
1333 3457 1755 3528 ἐμπεπλῆσθαι;

177 3553 234 3605 ιο
265 3555 342 3624 μὴ
369 3553 637 3616 κυϐεύων,
669 3553 864 3624 σχολὴν
892 3553 947 3606 δὲ
979 3551 1152 3615 ἄλλως
1189 3551 1358 3618 ἄγων,
1395 3549 1448 3602 τί
1484 3551 1545 3603 ού
1595 3549 1758 3619 φθέγ-

161 3661 320 3711 γεται
363 3645 472 3697 τῶν
508 3645 790 3714 ματαίων;
838 3643 892 3695 τί
931 3643 1032 3695 οὐκ
1085 3640 1274 3695 ἀκούει
1323 3641 1433 3693 τῶν
1495 3640 1712 3692 ἀτόπων
1739 3657 1784 3704 ;›

161 3737 338 3807 Σχολὴ
359 3737 468 3809 γὰρ
496 3739 624 3792 ἄνευ
647 3736 810 3806 φόϐου
841 3735 975 3788 Θεοῦ
1005 3735 1269 3806 πονηρίας
1297 3733 1615 3796 διδάσκαλος
1643 3736 1755 3797 τοῖς

160 3829 586 3899 ἀκαιρουμένοις
623 3828 761 3880 ἐστὶ.
798 3827 952 3898 Τάχα
1003 3826 1102 3896 μὲν
1143 3822 1234 3878 οὖν
1263 3843 1316 3878 τι
1347 3825 1443 3878 καὶ
1479 3824 1667 3894 ὄφελος
1697 3827 1756 3878 ὲν

157 3922 274 3982 τοῖς
307 3919 622 3989 λεγομένοις
649 3919 940 3991 εὑρήσεται
969 3919 1110 3990 (98)·
1140 3919 1186 3971 εί
1213 3919 1270 3972 δὲ
1308 3917 1403 3989 μὴ,
1432 3919 1568 3971 ἀλλὰ
1599 3917 1661 3972 τό
1689 3935 1754 3987 γε

162 4011 240 4082 μὴ
286 4011 622 4082 ἁμαρτάνειν
671 4012 736 4064 ἐκ
781 4010 880 4080 τῆς
925 4009 1160 4062 ἐνταῦθα
1201 4009 1330 4079 ὑμῖν
1377 4008 1631 4078 ἀσχολίας
1659 4025 1755 4060 πε-

161 4103 388 4174 ρίεστιν.
417 4103 582 4155 Ὥστε
611 4102 674 4154 τὸ
701 4102 794 4154 ἐπὶ
811 4103 975 4154 πλέον
998 4102 1272 4172 κατέχειν,
1298 4102 1391 4153 ἐπὶ
1419 4101 1580 4154 πλέον
1606 4101 1753 4153 ἐστὶν

159 4194 307 4264 ὑμᾶς
327 4195 434 4248 τῶν
458 4194 642 4247 κακῶν
667 4193 978 4262 ὑπεξάγειν.
1020 4194 1202 4246 Ἱκανὰ
1226 4193 1367 4266 [καὶ]
1398 4193 1465 4246 τὰ
1485 4195 1754 4265 εἰρημένα

157 4283 464 4356 εὐγνώμονι
493 4287 675 4356 κριτῇ,
711 4285 806 4338 ἐὰν
853 4285 925 4356 μή
966 4301 1051 4348 τις
1100 4285 1236 4355 πρὸς
1267 4284 1360 4336 τὸν
1399 4283 1624 4337 πλοῦτον
1652 4284 1752 4354 τῆς

155 4375 391 4438 κτίσεως
413 4377 716 4448 ἀποϐλέπῃ,
740 4376 877 4428 ἀλλὰ
905 4375 1042 4446 πρὸς
1069 4376 1130 4428 τὸ
1164 4376 1260 4446 τῆς
1289 4375 1566 4446 ἡμετέρας
1592 4376 1752 4429 δυνά-

157 4485 308 4539 μεως
340 4467 584 4530 ἀσθενὲς,
622 4469 716 4520 καὶ
749 4466 883 4538 πρὸς
911 4466 972 4518 τὸ
1003 4464 1277 4534 αὔταρκες
1306 4467 1386 4527 εἰς
1407 4466 1748 4536 εὐφροσύνην

150 4557 266 4612 τῶν
299 4559 754 4630 συνεληλυθότων.
799 4559 863 4612 Ἠ
903 4558 976 4627 γῆ
1025 4558 1170 4627 ὑμᾶς
1209 4559 1331 4618 ταῖς
1362 4557 1588 4619 οἰκείαις
1620 4556 1748 4626 βλά-

153 4665 313 4713 σταις
349 4651 459 4722 (99)
503 4650 858 4715 ἐδεξιώσατο’
915 4652 949 4720 ἡ
1007 4649 1250 4702 θάλασσα
1304 4651 1416 4711 τοῖς
1461 4648 1687 4718 ἰχθύσιν,
1719 4653 1747 4702 ὁ

150 4745 266 4816 ἀὴρ
291 4747 402 4808 τοῖς
432 4747 672 4816 πτηνοῖς.
713 4743 936 4814 Ἐτοίμη
972 4743 1006 4812 ἡ
1035 4742 1228 4812 χέρσος
1271 4740 1510 4811 ὁμότιμα
1537 4740 1744 4804 τούτοις

147 4835 648 4904 ἀντεπιδείξασθαι.
693 4835 854 4889 Ἀλλὰ
886 4833 1044 4886 τοῦτο
1079 4833 1276 4904 μέτρον
1306 4831 1446 4884 ἔστω
1466 4832 1563 4902 τῆς
1589 4833 1744 4886 ἑωθι-

229 4948 252 4980 ⁷
276 4946 420 5001 Psal.
449 4961 638 5010 xxxvr,
670 4945 724 4999 4.
799 4943 821 4976 ⁸
849 4941 990 4998 Psal.
1022 4955 1178 5006 xvm,
1209 4942 1297 4996 10.
1372 4943 1393 4974 ⁸
1435 4940 1568 4997 ibid.
1611 4943 1694 4999 ll.

223 5060 334 5132 (95)
376 5061 622 5132 Quatuor
653 5077 788 5116 mss.
833 5061 928 5113 καὶ
955 5059 1056 5132 *μὴ
1110 5059 1401 5132 ἀπιστῆτε.
1441 5059 1582 5114 Editi
1615 5077 1739 5115 cum

147 5129 264 5185 uno
297 5129 391 5202 aut
413 5131 604 5202 pallere
649 5147 750 5185 ms.
781 5132 876 5184 καὶ
908 5129 992 5202 μὴί
1012 5129 1741 5202 ἀπιστεῖτε.λΜοιηίιιιιιιυοι·

147 5215 288 5256 mss.
318 5200 532 5264 Παῦλος
563 5203 719 5254 πᾶσι.
755 5199 1052 5256 Ειιίιίίουιιι
1087 5201 1218 5264 Reg.
1251 5199 1442 5268 quinto
1469 5200 1658 5254 ἅπασι.

222 5269 352 5393 (94)
375 5273 448 5323 Ita
486 5272 649 5354 Regii
673 5273 881 5341 primus
907 5281 962 5324 et
984 5280 1180 5351 sextus
1201 5278 1254 5324 et
1285 5270 1434 5352 Colb.
1467 5273 1737 5327 secundus

223 5357 276 5393 m
355 5339 474 5393 XX.
508 5340 650 5393 Edrtt
701 5357 829 5393 vero
873 5357 995 5393 cum
1031 5340 1212 5393 Remis
1243 5345 1406 5393 tertto
1442 5353 1498 5393 et
1547 5351 1737 5393 octavo

144 5357 276 5396 eum
315 5339 474 5394 LXX.
508 5339 650 5394 Editi
676 5339 829 5394 rvero
873 5357 995 5396 cum
1031 5339 1212 5408 Regiis
1243 5341 1406 5394 tertio
1442 5353 1498 5393 et
1547 5351 1738 5396 octavo

141 5413 248 5496 κα).
279 5409 389 5496 δῴη
429 5427 532 5464 σοι.
565 5411 698 5482 Reg.
728 5413 949 5481 quintus
972 5411 1392 5481 κατατρύφησον
1411 5409 1491 5482 τῷ
1520 5411 1732 5483 Κυρίῳ,

143 5483 246 5538 καὶ
278 5483 438 5534 δώσει
473 5498 588 5536 σου.

223 5551 336 5620 (95)
374 5551 464 5604 Sic
497 5553 658 5605 ambo
691 5552 822 5606 Duc.
851 5560 906 5606 et
935 5550 1022 5604 alii
1051 5559 1286 5620 quatuor
1308 5565 1430 5603 cum
1463 5549 1628 5606 LXX.
1662 5552 1735 5620 At

143 5623 280 5675 editi
321 5618 720 5691 ἐπιθυμητικά.
765 5621 891 5676 Mox
938 5618 1084 5676 editi
1116 5619 1515 5684 ἀπολαυστικός
1567 5638 1651 5684 τις
1683 5618 1735 5674 εἴ

145 5692 268 5748 καί.
303 5691 418 5750 Illa.
448 5687 531 5754 τις
561 5687 632 5758 εἷ,
661 5693 934 5746 desuntin
972 5706 1064 5745 sex
1103 5705 1236 5745 mss.

222 5761 336 5832 (96)
381 5761 472 5817 Sic
515 5766 752 5832 quinque
785 5777 914 5818 mss.
963 5759 1106 5816 Editi
1140 5775 1262 5816 cum
1305 5759 1458 5817 Colb.
1492 5761 1732 5818 secundo

1859 3299 1993 3339 vero
2044 3285 2456 3338 erubescentem
2511 3285 2708 3338 reddit.
2765 3286 2902 3351 Quid
2952 3289 3192 3356 prodest,
3242 3303 3447 3358 quaeso,

1861 3390 2090 3442 corpore
2136 3375 2404 3444 jejunare,
2449 3378 2686 3430 animam
2745 3391 2875 3432 vero
2923 3379 3227 3434 innumeris
3287 3381 3448 3435 malis

1863 3467 2116 3520 refertam
2161 3467 2324 3521 esse?
2365 3469 2465 3532 Qui
2509 3483 2639 3523 vero
2688 3469 2906 3524 tesseris
2951 3484 3056 3523 non
3101 3469 3256 3532 ludit,
3307 3471 3444 3524 alias

1859 3543 2038 3610 autem
2083 3559 2251 3610 otium
2292 3559 2421 3626 agit,
2473 3560 2600 3626 quid
2650 3575 2756 3614 non
2809 3560 3052 3630 loquitur
3097 3563 3268 3616 vani?
3313 3564 3444 3631 quid

1860 3649 2080 3703 absurdi
2151 3665 2256 3704 non
2316 3653 2626 3706 auscultat?
2680 3652 2816 3706 Nam
2869 3655 3064 3718 otium,
3111 3654 3206 3708 Dei
3247 3656 3446 3710 timore

1857 3739 2197 3804 destitutum,
2223 3741 2312 3804 iis,
2359 3744 2450 3810 qui
2494 3752 2736 3811 tempore
2773 3744 2850 3796 uti
2900 3759 3006 3797 non
3055 3755 3274 3812 norunt,
3328 3761 3442 3798 ma-

1857 3831 2026 3899 gister
2054 3843 2139 3884 est
2167 3833 2474 3899 pravitatis.
2513 3833 2787 3886 Fortassis
2838 3833 3004 3902 igitur
3051 3834 3228 3900 aliqua
3275 3836 3439 3888 etiam

1859 3922 2071 3976 utilitas
2109 3938 2176 3976 cx
2209 3923 2276 3978 iis
2310 3940 2428 3992 quae
2455 3925 2732 3989 dicuntur,
2763 3925 3108 3994 percipienda
3135 3925 3287 3978 vobis
3315 3937 3397 3978 est
3423 3945 3438 3979 :

1858 4013 1940 4066 sin
1973 4012 2172 4078 minus,
2203 4012 2395 4068 saltem
2429 4012 2557 4068 licet
2591 4015 2747 4067 vobis
2781 4029 2877 4081 per
2912 4024 3234 4080 praesentem
3279 4031 3440 4067 occu-

1855 4102 2125 4171 pationem
2156 4117 2259 4157 non
2301 4119 2550 4171 peccare.
2589 4104 2768 4170 Quare
2801 4105 3006 4158 diutius
3033 4119 3128 4158 vos
3172 4106 3436 4166 detinere,

1853 4203 1940 4248 est
1963 4195 2166 4248 diutius
2199 4209 2290 4249 vos
2341 4211 2372 4248 a
2425 4197 2638 4251 delictis
2682 4213 2956 4252 amovere.
3007 4199 3266 4250 Attamen
3317 4211 3437 4265 qua:

1856 4298 2154 4341 memorata
2213 4297 2361 4352 sunt,
2424 4290 2558 4344 satis
2614 4300 2739 4344 sunt
2785 4305 2941 4358 aequo
2997 4291 3333 4350 mstimatori,
3391 4291 3436 4342 si

1857 4379 2022 4432 modo
2055 4393 2163 4432 non
2197 4380 2456 4448 respiciat
2485 4381 2608 4449 quis
2635 4383 2701 4434 ad
2733 4381 2953 4435 divitias
2977 4382 3288 4446 creationis,
3341 4383 3434 4434 sed

1853 4467 1918 4519 ad
1961 4479 2272 4522 nostrarum
2323 4470 2522 4522 virium
2561 4469 3010 4530 imbecillitatem,
3041 4480 3096 4524 et
3128 4470 3194 4522 ad
3221 4486 3282 4524 ea
3315 4486 3436 4538 quae

1856 4557 2150 4626 voluptatis
2207 4575 2340 4630 ergo
2401 4559 2848 4614 convenientibus
2892 4560 3140 4614 suﬂicere
3187 4571 3431 4629 [.iossunt.

1853 4647 2079 4717 Excepit
2127 4665 2226 4706 vos
2265 4652 2554 4706 continens
2593 4653 2828 4720 prepriis
2880 4652 3234 4721 germinibus,
3280 4669 3432 4708 mare

1851 4741 2112 4806 piscibus,
2143 4757 2238 4796 aer
2266 4743 2596 4797 volatilibus.
2643 4743 2842 4797 Parata
2870 4751 2954 4796 est
2989 4751 3134 4796 terra
3173 4758 3270 4798 sua
3313 4745 3432 4798 vice

1851 4833 1920 4889 iis
1949 4850 2052 4889 non
2084 4835 2312 4903 imparia
2353 4836 2633 4892 exhibere.
2678 4837 2788 4891 Sed
2831 4836 2922 4891 hic
2965 4834 3090 4890 ﬁnis
3131 4837 3432 4907 modusque

1839 5061 2289 5136 διαδραμοῢνται.
2323 5065 2442 5119 Mox
2476 5065 2646 5136 editio
2690 5065 2854 5121 Basil.
2906 5075 2963 5119 et
3015 5067 3253 5136 quinque
3293 5083 3425 5124 mss.

1838 5133 2222 5208 δαίμωνίπαρ.
2261 5137 2442 5208 Editip
2473 5135 2647 5208 Paris.
2679 5137 2888 5208 δαίμων
2914 5155 2998 5192 τε.

1912 5197 2022 5273 (97)
2064 5197 2204 5258 Ediii
2237 5221 2358 5258 cum
2391 5205 2548 5260 Colb.
2587 5197 2826 5262 secundo
2855 5219 2910 5260 et
2941 5223 3064 5262 cum
3097 5206 3231 5275 Reg.
3261 5210 3422 5263 tertio
3465 5197 3474 5206 ’

1838 5273 2074 5347 δεικνὺς,
2111 5277 2359 5347 κάκεῖνον
2380 5293 2542 5347 κατῃ.
2583 5278 2684 5330 Alii
2717 5289 2828 5331 tres
2859 5293 2987 5330 mss.
3025 5273 3263 5332 melioris
3288 5289 3427 5333 nota:

1835 5343 2048 5409 δεικνὺς
2083 5349 2178 5400 καὶ
2213 5346 2418 5399 τοῦτον.
2458 5343 2650 5399 Statim
2683 5350 2854 5402 codex
2875 5348 3118 5402 Cornbef.
3145 5363 3268 5401 cum
3289 5348 3421 5417 Reg.

1833 5427 2026 5468 octavo
2055 5417 2244 5470 κακῶν
2277 5417 2674 5486 ἐμπίπλασθαι.

1909 5487 2020 5556 (98)
2055 5487 2186 5556 Reg.
2222 5485 2440 5557 quintus
2485 5488 2771 5558 εὑρήσετε.
2818 5485 2974 5542 Colb.
3017 5489 3290 5544 secundus
3327 5488 3422 5544 εὑ-

1838 5557 2107 5629 ρίσκεται.

1909 5627 2034 5710 (99)·
2066 5627 2194 5710 Reg.
2219 5627 2427 5710 primus
2457 5621 3106 5710 coig'oixeiotg‘phdtc-tom.
3131 5629 3422 5701 Aliquanto

1835 5711 1957 5766 post
1995 5699 2148 5754 Colb.
2183 5700 2453 5754 secundus
2487 5697 2698 5761 τούτοις
2727 5697 2850 5752 τινὰ
2879 5700 3070 5752 ἁντεπ.
