3850 6218
429 323 533 379 187

1755 330 1811 384 S.
1862 328 2101 384 BASILII
2147 325 2360 384 MAGNI

3618 331 3719 385 188

425 453 546 497 esto
573 446 822 498 matutini
857 443 1014 498 istius
1061 443 1319 506 convivii,
1364 455 1423 500 ut
1473 461 1538 500 ne
1577 448 1803 503 satietas
1842 449 2006 503 nimia

2132 451 2210 520 νῆς
2247 451 2564 511 ἑστιάσεως,
2593 451 2678 500 ἵνα
2717 445 2789 519 μὴ
2836 450 2864 501 ό
2904 446 3257 519 ὑπερϐάλλων
3295 446 3458 519 κόρος
3495 447 3707 518 ἀμϐλυ-

428 532 734 588 hebetiores
771 549 864 588 vos
894 535 960 587 ad
995 538 1332 604 vespertinas
1359 539 1547 607 epulas
1583 539 1695 610 80
1721 547 2012 598 sumendas

429 624 648 678 eﬂiciat.
677 625 846 680 Porro
874 628 966 696 qtti
1003 644 1099 681 sua
1143 630 1422 683 creatione
1471 633 1650 685 omnia
1699 634 2010 703 complevit,

431 717 680 784 atquein
728 719 983 772 omnibus
1024 719 1308 788 perspicua
1350 722 1738 777 miraculorum
1787 739 2008 779 suorum

428 819 785 863 monumenta
841 812 998 864 nobis
1048 811 1305 880 reliquit,
1365 813 1572 882 repleat
1621 817 1784 870 corda
1833 828 2012 872 vestra

426 914 572 965 omni
608 912 791 965 lit-tilia
821 913 1073 981 spiritali,
1113 915 1165 967 in
1198 913 1417 968 Christo
1469 909 1598 965 Jesu
1640 913 1868 966 Domino
1907 925 2010 964 no-

428 1012 565 1066 stro,
598 1005 680 1057 cui
716 1005 883 1074 gloria
914 1015 971 1061 et
1000 1006 1284 1076 imperium
1315 1006 1369 1060 in
1401 1004 1598 1060 saacula
1666 1002 2006 1058 saeculorum.

428 1100 621 1154 Amen.

1020 1339 1297 1394 IlOMlLlA
1342 1338 1432 1392 IX.

991 1431 1064 1484 De
1097 1433 1457 1485 terrestribus.

509 1522 554 1574 l.
587 1521 775 1586 Qualis
811 1522 962 1577 vobis
1006 1525 1269 1600 matutina
1312 1538 1623 1577 sermonum
1680 1537 1864 1577 mensa
1903 1523 2019 1576 visa

433 1613 556 1665 est?
619 1611 748 1665 Mihi
805 1613 1058 1681 equidem
1116 1615 1263 1667 venit
1322 1615 1373 1667 in
1429 1624 1662 1667 mentem
1717 1613 2018 1666 orationem

434 1717 609 1754 meam
643 1719 763 1755 cum
805 1704 1056 1770 pauperis
1106 1702 1386 1770 cujusdam
1435 1703 1803 1758 convivatoris
1852 1703 2020 1758 bene-

435 1793 668 1848 volentia
701 1809 1020 1863 comparare
1051 1813 1062 1848 :
1098 1796 1188 1865 qui
1235 1796 1360 1848 dum
1411 1796 1553 1848 inter
1590 1811 1684 1850 eos
1727 1795 1819 1864 qui
1867 1811 2018 1848 men-
2051 1829 2093 1882 Β

433 1898 523 1937 sas
552 1885 776 1954 Opipare
821 1893 1133 1948 exstruunt,
1189 1886 1463 1939 numerari
1511 1888 1677 1954 cupit.
1717 1885 1788 1938 ob
1835 1900 2014 1939 rerum

433 1985 868 2043 sumptuosarum
917 1977 1196 2044 penuriam
1245 1993 1480 2031 maerore
1522 1977 1686 2031 allicit
1711 1979 2012 2032 convivas:

434 2075 655 2133 propter
723 2081 785 2119 ea
849 2068 991 2136 quod
1057 2083 1257 2121 mensa:
1337 2080 1657 2135 apparatum
1725 2083 2016 2136 pauperem

434 2157 717 2213 allluenter
773 2159 959 2223 infert,
1020 2161 1154 2212 adeo
1201 2171 1258 2213 nt
1309 2163 1359 2214 in
1410 2162 1622 2229 ineptire
1670 2161 1926 2228 probrum
1969 2161 2018 2215 ei

433 2251 551 2318 ejus
578 2251 804 2304 ambitio
829 2251 1004 2304 cedat.
1034 2253 1187 2305 Esset
1215 2263 1364 2306 certe
1391 2251 1497 2306 tale
1531 2251 1735 2320 aliquid
1778 2251 1892 2304 lucc
1932 2267 2020 2304 no—

436 2350 549 2394 stra
581 2342 772 2410 agendi
805 2342 960 2407 ratio,
987 2342 1087 2395 nisi
1116 2357 1212 2397 vos
1229 2343 1357 2411 quid
1413 2343 1558 2396 aliud
1591 2343 1793 2399 dicitis.
1822 2342 2016 2396 Verum

435 2435 832 2506 qualiacunque
873 2437 1090 2490 tandem
1139 2439 1248 2491 sint
1306 2438 1439 2501 hanc,
1495 2437 1814 2506 neutiquam
1866 2436 2019 2491 vobis

434 2537 562 2580 sunt
623 2528 947 2598 spernenda.
1010 2528 1192 2598 Neque
1237 2531 1380 2583 enim
1426 2531 1676 2584 Elisaaum
1721 2541 1779 2583 ut
1819 2532 2018 2583 malum

434 2620 846 2673 cenvivatorem
871 2621 1263 2674 aversabantur
1282 2622 1356 2674 illi
1376 2623 1697 2690 quibuscum
1719 2621 1951 2684 vivebat,
1968 2630 2023 2674 et

437 2720 617 2766 tamen
643 2711 884 2767 oleribus
917 2713 1253 2769 silvestribus
1279 2716 1589 2783 excipiebat
1624 2715 1849 2769 amicos.
1884 2713 2018 2768 Novi

438 2803 584 2872 leges
609 2803 904 2871 allegoriae,
927 2805 1140 2859 etiamsi
1165 2822 1258 2860 eas
1279 2822 1382 2860 non
1407 2824 1474 2860 ex
1504 2823 1588 2860 me
1613 2807 1727 2875 ipso
1747 2806 2021 2875 excogita-

437 2896 564 2960 rim,
592 2896 685 2949 sed
737 2896 788 2949 itt
832 2897 1060 2950 aliorum
1112 2899 1391 2951 inciderint
1428 2899 1660 2952 labores.
1691 2897 1837 2963 Quas
1871 2897 2021 2951 Scri-

435 2999 718 3058 pturarum
752 3005 1077 3044 communes
1129 2993 1376 3044 notiones
1410 2990 1503 3059 qui
1550 3006 1653 3044 non
1696 2991 2022 3060 suscipiunt,

437 3096 633 3148 aquam
679 3096 784 3133 non
831 3095 1025 3148 aquam
1057 3081 1264 3146 dicunt,
1289 3083 1381 3135 sed
1417 3081 1578 3134 aliam
1613 3081 1902 3149 quamdam
1936 3097 2025 3134 na-

2118 537 2308 605 τέρους
2343 539 2487 608 ὑμᾶς
2514 540 2649 610 πρὸς
2679 539 2775 610 τὴν
2803 539 2911 593 τῶν
2939 539 3240 611 ἐσπερινῶν
3272 539 3584 592 ἀπόλαυσιν
3617 556 3716 590 κα-

2119 635 2384 706 ταστήσῃ.
2441 635 2497 685 ’0
2551 634 2606 687 δὲ
2659 635 2728 688 τά
2781 635 2957 689 πάντα
3010 632 3304 704 πληρώσας
3349 634 3452 703 τῆς
3515 632 3717 686 tau-:05

2120 726 2369 790 κτίσεως,
2406 727 2499 778 καὶ
2533 729 2591 778 ἐν
2620 727 2784 779 πᾶσιν
2828 728 2959 798 ἡμῖν
3005 726 3113 778 τῶν
3160 726 3377 778 οἰκείων
3410 725 3717 794 θαυμάτων

2118 816 2322 888 ἐναργῆ
2379 817 2446 870 τά
2499 818 2868 888 ὑπομνήματα
2923 815 3258 880 καταλιπὼν,
3305 815 3604 885 πληρούτω
3640 815 3716 882 il)

2120 907 2274 977 ὑμῶν
2311 907 2410 971 τάς
2453 909 2676 979 καρδίας
2714 909 2896 980 πάσης
2941 908 3280 979 εὐφροσύνης
3325 907 3718 978 πνευματικῆς

2119 1002 2176 1054 ἐν
2210 1001 2428 1071 Χριστῷ
2470 1002 2644 1073 Ἰησοῦ
2675 1003 2753 1073 τῷ
2784 1004 2973 1075 Κυρίῳ
3002 1002 3180 1073 ἡμῶν,
3214 995 3257 1070 ᾧ
3290 1004 3322 1072 ὴ
3365 1001 3498 1066 δόξα
3537 1002 3638 1056 καὶ
3659 1002 3718 1054 τὺ

2125 1095 2326 1165 κράτος
2358 1097 2438 1158 εἰς
2463 1097 2590 1159 τοὺς
2614 1097 2814 1158 αίῶνας
2836 1095 2942 1148 τῶν
2968 1094 3198 1149 αἰώνων.
3240 1096 3432 1166 Ἀμήν.

2753 1335 2997 1388 OMlAlA
3027 1335 3104 1388 8'.

2621 1430 2758 1497 Περὶ
2785 1431 3082 1498 χερσαίων
3110 1431 3206 1498 (‘2).

2193 1523 2243 1575 l.
2284 1521 2407 1585 Πῶς
2443 1522 2568 1592 ὑμῖν
2608 1523 2640 1592 ἡ
2675 1523 2870 1592 ἑωθινὴ
2907 1523 3015 1574 τῶν
3069 1524 3240 1592 λόγων
3278 1523 3536 1594 τράπεζα
3584 1541 3719 1578 κατ-

2119 1615 2294 1683 εφάνη
2322 1631 2336 1677 ;
2382 1615 2534 1684 Ἐμοὶ
2567 1615 2664 1684 μὲν
2697 1613 2805 1684 γὰρ
2850 1613 3084 1685 ἐπῆλθεν
3126 1617 3341 1670 εἰκάσαι
3371 1616 3716 1687 τὰὲἐμαυτοῦ

2121 1707 2351 1777 πένητός
2380 1723 2522 1770 τινος
2563 1706 2874 1778 ἑστιάτορος
2907 1706 3294 1779 φιλοφροσύνῃ·
3340 1709 3421 1772 ὃς,
3458 1709 3578 1760 τῶν
3627 1709 3722 1760 εὑ-

2121 1799 2408 1870 τραπέλων
2463 1815 2545 1861 τις
2603 1794 2742 1852 εἶναι
2799 1797 3280 1870 φιλοτιμούμενος,
3339 1800 3552 1872 ἀπορία
3604 1799 3718 1852 τῶν

2124 1891 2594 1962 πολυτελεστέρων
2655 1891 2940 1944 ἀποκναίει
3008 1893 3133 1954 τοὺς
3189 1891 3562 1962 δαιτυμόνας,
3619 1893 3720 1961 τὴν

2124 1982 2386 2052 πενιχρὰν
2444 1983 2799 2053 παρασκευὴν
2852 1982 3089 2052 δαψιλῶς
3141 1984 3416 2054 ἐπιφέρων
3458 1987 3528 2054 τῇ
3579 2000 3718 2054 τρα-

2125 2075 2263 2148 πέζῃ
2292 2091 2304 2103 ·
2352 2075 2492 2127 ὥστε
2540 2075 2922 2147 περιίστασθαι
2981 2075 3129 2146 αὑτῷ
3191 2077 3268 2140 είς
3320 2076 3719 2147 ἀπειροκαλίας

2122 2166 2322 2229 όνειδος
2353 2166 2412 2219 τὸ
2447 2167 2749 2236 φιλότιμον.
2786 2166 3038 2220 Τοιοῦτον
3069 2168 3132 2238 δή
3182 2185 3234 2220 τι
3271 2168 3367 2220 καὶ
3408 2169 3468 2220 τὸ
3516 2167 3718 2238 ἡμέτε-

2125 2278 2238 2332 ρον,
2275 2262 2322 2312 εί
2361 2262 2433 2330 μή
2472 2278 2525 2312 τι
2572 2261 2730 2330 ὑμεῖς
2773 2260 2900 2314 ἀλλο
2937 2260 3144 2328 λέγετε.
3199 2260 3346 2330 Πλὴν
3386 2261 3554 2313 ὁποῖά
3598 2259 3716 2311 ποτ’

2122 2351 2188 2404 ἂν
2272 2352 2370 2420 (5),
2395 2353 2494 2404 οὐκ
2525 2350 2905 2414 ἐξουδενωτέον
2927 2352 2954 2404 ὑ
2965 2354 3076 2422 μῖν.
3103 2351 3236 2404 Οὑδέ
3261 2349 3369 2421 γὰρ
3409 2351 3722 2403 Ἐλισσαῖον

2123 2443 2198 2506 ὡς
2235 2443 2436 2512 φαῦλον
2467 2443 2755 2514 ἑστιάτορα
2784 2442 3126 2517 παρῃτοῦντο
3158 2443 3207 2494 οἱ
3231 2442 3374 2506 τότε,
3413 2443 3512 2494 καὶ
3546 2441 3721 2493 ταῦτα

2123 2533 2375 2603 λαχάνοις
2420 2535 2631 2604 ἀγρίοις
2688 2534 2951 2587 ἑστιῶντα
3007 2535 3131 2597 τοὺς
3185 2532 3393 2602 φίλους.
3451 2528 3588 2585 Οἶδα
3632 2533 3716 2583 νό-

2127 2641 2260 2693 μους
2292 2623 2640 2694 ἀλληγορίας,
2668 2625 2716 2675 εί
2763 2625 2856 2676 καὶ
2901 2624 2974 2695 μὴ
3012 2623 3086 2694 (4)
3132 2623 3259 2694 παρ’
3291 2621 3539 2692 ἐμαυτοῦ
3564 2622 3715 2686 ἐξευ-

2129 2715 2256 2787 ρὼν,
2297 2716 2433 2769 ἀλλά
2477 2720 2588 2779 τοῖς
2623 2715 2750 2786 παρ’
2791 2717 2992 2785 ἐτέρων
3034 2714 3435 2783 πεπονημένοις
3483 2729 3716 2785 περιτυ-

2125 2807 2256 2878 χών.
2294 2810 2390 2871 “Ag
2408 2811 2455 2861 οἱ
2484 2810 2556 2879 μὴ
2575 2808 2997 2878 καταδεχόμενοι
3012 2808 3110 2870 τὰς
3131 2806 3315 2869 κοινάς
3335 2807 3447 2859 τῶν
3468 2824 3718 2878 γεγραμ⁴

2129 2902 2302 2972 μένων
2339 2901 2543 2963 ἐννοίας
2570 2900 2631 2952 τὸ
2657 2899 2797 2971 ὓδωρ
2829 2901 2927 2970 οὑχ
2956 2899 3102 2971 ὕδωρ
3129 2899 3398 2967 λέγουσιν·
3434 2899 3581 2952 ἀλλά
3603 2915 3722 2954 τινα

2125 2992 2289 3061 ἄλλην
2319 2990 2477 3059 φύσιν
2513 2991 2610 3059 (5),
2649 2991 2742 3043 καὶ
2775 2990 2941 3058 φυτὸν
2989 2990 3084 3043 καὶ
3122 2989 3272 3060 ἰχθὺν
3315 2990 3455 3060 πρὸς
3493 2991 3560 3042 τὸ
3589 2991 3716 3043 ἐαυ-

2126 3083 2236 3144 τοῖς
2289 3081 2477 3134 δοκοῦν
2518 3079 2901 3152 ἐρμηνεύουσι,
2943 3080 3036 3132 καὶ
3083 3078 3328 3149 ἐρπετῶν
3373 3079 3600 3146 γένεσιν
3627 3080 3719 3132 καὶ

441 3183 639 3236 turam,
681 3184 738 3227 et
767 3172 1004 3240 plantam
1039 3183 1093 3227 et
1123 3175 1325 3242 piscem
1371 3173 1665 3227 secundum
1700 3189 1852 3226 suam
1885 3174 2019 3242 ipso:

2132 3175 2334 3246 θηρίων
2369 3175 2463 3226 ἐπὶ
2489 3174 2586 3237 τάς
2621 3173 2828 3236 οἰκείας
2857 3171 3111 3235 ὑπονοίας
3140 3171 3603 3243 παρατρέψαντες
3635 3171 3718 3236 ἐξ-

441 3282 560 3320 rutn
615 3267 946 3320 sententiain
995 3267 1444 3336 interpretantur.
1471 3267 1609 3333 Quin
1652 3266 1817 3319 etiam
1862 3269 2026 3334 repti-

438 3353 568 3408 lium
621 3364 673 3408 et
726 3371 984 3425 pecorum
1036 3356 1438 3425 generationem
1482 3359 1548 3408 ad
1583 3370 1708 3408 suas
1741 3355 2027 3425 allegorias

441 3451 714 3501 detortam
755 3449 980 3516 perinde
1011 3458 1309 3516 exponunt,
1340 3458 1398 3501 ut
1437 3449 1656 3517 quidam
1690 3461 1873 3502 rerum
1905 3462 2026 3501 sese

441 3539 815 3608 imaginationi
848 3555 945 3610 per
976 3556 1227 3593 somnum
1263 3541 1640 3605 objicieutium
1679 3540 2023 3609 interpretes,

441 3632 535 3699 qui
568 3646 692 3686 suas
727 3631 1208 3701 interpretationes
1257 3633 1321 3685 ad
1365 3633 1646 3700 proprium
1681 3648 1904 3702 scopum
1936 3649 2027 3687 ac-

440 3725 810 3779 commodant.
864 3724 974 3796 Ego
1025 3740 1156 3778 vero
1207 3740 1328 3778 cum
1382 3724 1564 3778 fenum
1619 3727 1800 3789 audio,
1845 3724 2024 3779 fenum

441 3815 718 3885 intelligo;
763 3824 818 3868 et
843 3815 1104 3884 plantam,
1141 3825 1194 3868 et
1227 3817 1450 3883 piscem,
1489 3824 1542 3869 et
1581 3815 1808 3869 bestiam
1847 3824 1900 3868 et
1942 3829 2030 3882 pe-

439 3923 564 3970 cus,
607 3910 790 3962 omnia
833 3908 908 3960 uti
957 3910 1098 3961 dicta
1145 3918 1293 3971 sunt,
1328 3908 1407 3962 sic
1451 3907 1678 3974 recipio.
1727 3906 1849 3960 Non
1887 3909 2026 3960 enim

437 3999 687 4053 erubesco
726 3998 1071 4066 Evangelium
1101 3999 1166 4052 ¹⁰.
1201 3997 1388 4066 Neque
1422 3999 1678 4066 quoniam
1715 3999 1810 4066 qui
1844 4013 1930 4051 res
1960 3998 2026 4051 ad

442 4089 702 4142 mundum
739 4089 1074 4156 pertinentes
1115 4089 1511 4157 conscripsere,
1547 4088 1713 4140 multa
1754 4091 1820 4141 de
1869 4097 2026 4140 terra:

443 4181 631 4249 liguris
685 4180 1084 4244 disseruerunt,
1127 4192 1308 4234 utrum
1362 4192 1504 4234 terra
1560 4181 1770 4248 sphaera
1827 4180 1919 4244 sit,
1958 4195 2025 4232 an

440 4272 743 4341 eylindrus,
776 4283 956 4325 utrum
987 4273 1057 4326 sit
1086 4273 1240 4327 disco
1270 4273 1464 4327 similis
1497 4283 1552 4326 et
1578 4288 1645 4327 ex
1673 4287 1829 4341 atquo
1857 4274 2027 4326 unde—

442 4361 573 4416 libet
615 4372 853 4426 tornata,
886 4379 952 4416 an
996 4365 1231 4432 speciem
1283 4365 1481 4418 habeat.
1532 4365 1719 4427 vanni,
1757 4367 1932 4432 sitque
1974 4365 2026 4419 in

441 4455 621 4508 medio
659 4471 892 4509 concava
928 4457 1206 4526 (nimirum
1241 4457 1307 4510 ad
1349 4458 1444 4511 has
1489 4472 1681 4511 omnes
1730 4457 2026 4510 sententias

2129 3267 2412 3338 ηγοῦνται,
2456 3266 2645 3338 ὥσπερ
2685 3268 2734 3319 οἱ
2779 3268 3143 3336 όνειροκρῖται
3189 3264 3297 3317 τῶν
3337 3265 3626 3332 φανέντων
3665 3267 3717 3316 ἐν

2127 3359 2249 3418 ταῖς
2281 3355 2400 3409 καθ’
2429 3354 2595 3409 ῦπνον
2633 3355 2950 3424 φαντασίαις
2982 3355 3117 3424 πρὸς
3153 3355 3244 3407 τὸν
3277 3356 3480 3408 οἰκεῖον
3518 3357 3720 3409 σκοπὸν

2128 3447 2225 3510 τὰς
2249 3447 2535 3517 ἐξηγήσεις
2564 3446 2896 3516 ποιούμενοι.
2941 3444 3082 3512 Ἐγὼ
3113 3445 3191 3510 δὲ,
3226 3445 3424 3515 χόρτον
3452 3445 3716 3507 ἀκούσας,

2129 3539 2319 3609 χόρτον
2363 3539 2488 3599 νοῶ,
2529 3538 2622 3590 καὶ
2667 3537 2850 3605 φυτὸν,
2899 3536 2992 3590 καὶ
3039 3535 3211 3605 ἰχθὺν,
3248 3537 3342 3588 καὶ
3369 3535 3590 3606 θηρίον,
3628 3537 3717 3590 καὶ

2129 3630 2346 3699 κτῆνος,
2403 3630 2576 3682 πάντα
2616 3629 2728 3698 (6),
2775 3627 2850 3690 ὡς
2891 3627 3127 3698 εἴρηται,
3170 3626 3344 3688 οὑτως
3395 3626 3713 3696 ἐκδέχομαι.

2128 3723 2238 3775 Καὶ
2271 3721 2379 3790 γὰρ
2417 3724 2527 3775 οὐκ
2557 3721 2996 3788 ἐπαισχύνομαι
3042 3718 3107 3770 τὸ
3137 3716 3539 3787 Εὐαιγγέυιιον.
3587 3717 3719 3771 Οὐδὲ

2131 3816 2314 3885 ἐπειδὴ
2370 3817 2419 3868 οἱ
2459 3814 2528 3867 τά
2587 3813 2717 3884 περὶ
2764 3813 2970 3882 κόσμου
3013 3811 3323 3881 γράψαντες
3366 3809 3544 3862 πολλά
3594 3810 3719 3880 περὶ

2131 3911 2425 3978 σχημάτων
2458 3909 2560 3978 γῆς
2593 3906 2966 3976 διελέχθησαν,
3004 3907 3113 3958 εἴτε
3147 3906 3354 3976 σφαῖρά
3394 3905 3570 3967 ἐστιν,
3609 3906 3716 3956 εἴτε

2129 4001 2430 4072 κύλινδρος,
2474 4001 2582 4052 εἴτε
2617 3999 2711 4051 καὶ
2747 3998 2916 4067 δίσκῳ
2956 3998 3104 4052 ἐστὶν
3147 3995 3396 4068 ἐμφερὴς
3428 3998 3462 4067 ἠ
3494 3996 3594 4064 γῆ,
3626 3995 3718 4049 καὶ

2129 4091 2306 4157 ἐξίσου
2368 4090 2630 4144 πάντοθεν
2677 4091 2755 4160 (7)
2801 4090 3276 4160 ἀποτετόρνευται,
3336 4089 3369 4160 ἢ
3411 4089 3718 4157 λικνοειδής

2129 4183 2265 4247 ἐστι,
2296 4184 2388 4236 καὶ
2423 4181 2734 4252 μεσόκοιλος
2777 4183 2936 4251 (πρὸς
2979 4181 3159 4242 πάσας
3204 4179 3314 4250 γὰρ
3367 4179 3576 4242 ταύτας
3618 4180 3718 4242 τὰς

2130 4275 2384 4338 ὑπονοίας
2437 4276 2485 4327 οί
2535 4273 2604 4325 τὰ
2631 4274 2706 4342 (8)
2737 4274 2866 4343 περὶ
2902 4270 2995 4325 τοῦ
3027 4271 3231 4342 κόσμου
3263 4271 3582 4342 γράψαντες
3615 4273 3722 4324 ὑπ-

2129 4367 2324 4438 ηνέχθη
2335 4385 2451 4430 σαν,
2478 4367 2545 4419 τὰ
2575 4365 2816 4438 ἀλλήλων
2842 4366 3070 4428 ἕκαστος
3096 4364 3498 4432 καταλύοντες),
3525 4365 3589 4417 οὑ
3615 4382 3720 4418 πα-

2133 4457 2199 4527 ρά
2221 4457 2377 4510 τοῦτο
2411 4456 2826 4527 προαχθήσομαι
2866 4456 3198 4525 ἀτιμοτέραν
3230 4456 3402 4506 εἰπεῖν
3451 4452 3550 4523 τὴν
3577 4455 3720 4524 ἡμε-

440 4546 494 4600 hi
525 4547 614 4615 qui
650 4547 717 4601 de
749 4549 951 4602 mumlo
995 4549 1286 4617 scripsere,
1317 4549 1519 4618 delapsi
1562 4558 1706 4613 sunt,
1744 4549 1831 4602 alii
1883 4551 2019 4604 alio-

2132 4551 2291 4621 τέραν
2321 4549 2700 4621 κοσμοποιίαν,
2751 4549 2936 4618 ἐπειδὴ
2973 4547 3126 4600 οὐδὲν
3167 4547 3296 4617 περὶ
3335 4546 3635 4616 σχημάτων
3688 4547 3719 4598 ό

441 4653 560 4691 rum
613 4639 808 4708 placita
843 4641 1247 4712 dissolveutes),
1281 4642 1484 4696 idcirco
1535 4641 1773 4695 adducar
1822 4651 1880 4695 ut
1928 4658 2023 4697 no-

515 4747 558 4778 ¹⁶
582 4747 740 4801 Rom.
774 4764 812 4813 ι,
841 4749 928 4802 16.

515 4837 589 4914 (l)
627 4838 854 4914 Codices
887 4856 979 4894 sex
1015 4840 1322 4914 πληρώσαι,
1372 4853 1466 4895 aut
1507 4840 1817 4914 πληρῷσαι.
1846 4844 2022 4898 Editio

442 4909 613 4991 Paris.
665 4909 954 4982 πληρώτω.
1021 4909 1151 4983 Rch
1214 4918 1434 4983 quintus
1481 4909 1826 4966 καταλείπων
1884 4916 2020 4985 πλη-

441 4996 624 5050 ρωσει.

505 5049 915 5130 (ﬁdit-Regiis
952 5063 1106 5130 Sesto
1151 5063 1207 5107 et
1248 5063 1445 5130 _0cl_a_vo
1481 5057 1626 5130 inest
1674 5057 1765 5111 hic
1809 5055 2019 5130 titulus,

436 5121 532 5194 τοῦ
561 5121 728 5194 (αὑτοῦ
760 5124 838 5194 εἰς
867 5124 964 5194 τὴν
996 5124 1215 5177 Γένεσιν
1237 5125 1444 5194 ὁμιλία.
1481 5127 1692 5182 Titulus
1733 5125 1910 5179 nullus
1938 5139 2022 5179 est

437 5192 492 5245 in
520 5192 997 5267 aliisqnibusdam
1030 5211 1159 5247 mss.
1184 5192 1350 5267 COlSL
1385 5197 1590 5267 primus
1616 5196 1801 5267 ὁμιλία
1831 5195 2015 5266 ἐνάτη.

509 5263 585 5331 (5)
626 5260 1045 5338 Quatunr_tttss.
1089 5266 1250 5318 ὁποῖά
1295 5265 1413 5318 ποτ’
1463 5265 1528 5318 ἂν
1575 5260 1681 5338 εἴη.
1720 5269 1856 5338 Editi
1897 5260 2019 5338 curn

438 5330 579 5409 Reg.
605 5330 934 5409 sexto
969 5336 1166 5388 Ibidem
1199 5347 1434 5409 quatuor
1462 5352 1589 5409 mss.
1621 5330 2018 5406 ὲξουδενητέον.

437 5403 580 5458 Editi
618 5419 739 5456 eum
771 5403 922 5458 Coll}.
956 5409 1195 5459 secundo
1217 5403 1633 5471 ἐξουδενωτὲον.

509 5474 585 5545 (4)
603 5475 674 5526 Ita
704 5476 871 5545 editio
894 5475 1058 5529 Basil.
1079 5493 1200 5530 cum
1230 5479 1469 5545 quinque
1493 5493 1620 5532 mss.
1652 5478 1825 5532 Editio
1842 5475 2016 5530 Paris.

437 5543 597 5626 sip-ii
630 5543 744 5598 καί.
785 5547 979 5602 Statim
1011 5547 1162 5601 Colb.
1201 5543 1469 5602 secundus
1496 5548 1682 5619 κοινᾲς
1703 5548 1810 5602 τῶν
1836 5563 2019 5617 γραμ-

441 5627 645 5680 ματων.

511 5682 588 5760 (ᾗ)
627 5683 716 5760 Sic
754 5702 880 5739 mss.
936 5702 1078 5760 cum,
1105 5687 1342 5760 editione
1372 5687 1579 5760 _Basil._
1607 5688 1787 5742 Editio
1839 5689 2017 5743 Paris.

440 5753 726 5805 oscitantia
767 5758 1084 5826 typograplii
1128 5758 1293 5828 ἀλλην
1321 5757 1496 5828 χύσιν.
1536 5758 1655 5814 Mox
1691 5775 1820 5816 mss.
1855 5760 2016 5814 Gom-

2123 4640 2218 4694 τοῦ
2247 4640 2380 4693 Θεοῦ
2421 4639 2674 4710 θεράπων
2719 4638 2958 4708 Μωῦσῆς
2997 4638 3071 4707 (9)
3113 4636 3379 4706 διελέχθη,
3422 4634 3546 4687 οὐδὲ
3590 4631 3717 4688 εἷπε

2127 4843 2236 4896 hel‘.
2287 4858 2409 4897 cum
2459 4842 2611 4897 Colh.
2659 4841 2896 4897 secundo
2937 4849 2992 4896 et
3035 4856 3158 4896 cum
3208 4841 3343 4911 Reg.
3387 4853 3586 4898 octavo
3615 4845 3715 4899 καὶ

2127 4915 2290 4982 φυτὸν
2339 4915 2431 4966 καὶ
2481 4913 2651 4984 ἰχθύν.
2702 4912 2864 4968 Deest
2909 4912 3076 4982 φυτόν
3110 4914 3164 4967 itt
3197 4915 3356 4968 editis
3390 4923 3446 4968 et
3489 4915 3542 4968 in
3585 4920 3712 4984 qui—

2127 4989 2350 5038 busdam
2389 5001 2515 5038 mss.

2199 5056 2274 5122 (ϐ)
2316 5055 2467 5108 Colb.
2513 5054 2779 5109 secundus
2816 5052 2912 5108 καὶ
2955 5053 3157 5108 πάντα.
3191 5051 3391 5108 Ibidem
3420 5063 3534 5110 tres
3573 5071 3709 5114 mss.

2125 5124 2314 5196 ὥσπερ
2353 5125 2587 5195 εἴρηται.

2197 5194 2292 5264 (7t
2317 5194 2428 5249 Duo
2461 5194 2590 5250 mss.
2621 5194 2978 5265 πανταχόθεν.

2195 5263 2270 5337 (8)
2314 5266 2388 5318 Ita
2410 5282 2553 5337 mss.
2603 5263 2847 5334 plerique
2875 5278 3085 5320 omnes.
3134 5263 3294 5318 Deest
3333 5267 3400 5319 τά
3437 5265 3490 5319 in
3523 5267 3701 5322 editis.

2121 5336 2274 5390 Haud
2314 5336 2483 5391 multo
2518 5349 2639 5404 post
2675 5337 2920 5390 nonnulli
2955 5352 3090 5390 mss.
3116 5338 3598 5407 προσαχθήσομαι.

2191 5407 2264 5473 t9)
2302 5407 2455 5461 Colb.
2508 5408 2776 5460 secumlus
2804 5422 2955 5478 ﬁcum
3019 5408 3177 5473 Reg-
3213 5418 3400 5478 octavo
3453 5409 3704 5478 θεράπων

2117 5478 2377 5548 Μωῦσῆς.
2421 5478 2572 5539 Illud,
2623 5477 3347 5548 Μωῦσῆς,(1ιιθ›ιὶιιθιιίιὶε
3393 5488 3450 5530 et
3493 5477 3545 5530 in
3588 5485 3704 5534 alus

2122 5564 2250 5619 mss.
2287 5549 2452 5602 Paulo
2487 5557 2606 5617 post
2640 5548 2774 5617 Reg.
2814 5558 3001 5602 sextus
3027 5547 3256 5600 σταδίων
3285 5548 3382 5618 τὴν
3415 5549 3706 5619 διάμετρον

2119 5617 2280 5686 ἔχειν.
2317 5621 2439 5692 iDuo
2487 5634 2616 5692 tnss.
2660 5619 2758 5689 τὴν
2807 5619 3160 5692 περίμετρον.
3195 5617 3706 5676 Εάίιιίρυιιιινὼυε

2119 5704 2250 5746 mss.
2280 5691 2341 5743 τὸ
2370 5689 2724 5761 περίμετρον.
