3850 6218
212 315 320 372 189

1313 321 1601 379 HOMlLlA
1641 323 1708 377 IX
1756 324 1819 377 IN
1860 324 2359 384 ΙΙΕΧΑΕΜΕΒΟΝ.

3395 330 3494 385 1ου

206 438 347 493 δέκα
374 443 468 493 καὶ
496 438 640 493 ὀκτὼ
665 440 932 512 μυριάδας
962 443 1190 497 σταδίων
1222 443 1282 496 τὸ
1304 445 1638 516 περίμετρον
1662 444 1774 515 ἔχει

1912 459 2080 500 Strant
2116 447 2182 501 de
2222 446 2405 502 mundt
2447 455 2719 502 structura
2759 447 3128 503 narrationem
3180 447 3490 504 inferiorem

203 531 311 601 τῆς
345 531 450 601 γῆς
474 549 489 564 ο
532 533 628 587 καὶ
659 534 722 586 τὸ
758 536 854 588 ἀπ’
880 536 1051 605 αὐτῆς
1087 536 1332 607 σκίασμα
1377 539 1437 591 ἐν
1471 540 1538 608 τῇ
1573 539 1678 591 ὑπὸ
1704 540 1806 608 γῆν

204 622 306 675 τοῦ
329 621 482 693 ήλίου
510 625 723 696 κινήσει
759 627 854 679 ἐπὶ
897 627 1063 680 πόσον
1091 630 1263 698 χωρεῖ
1306 628 1401 681 τοῦ
1438 628 1599 699 ἀέρος
1636 629 1697 680 οὐ
1731 629 1808 681 δι-

206 715 488 786 εμέτρησε
506 733 522 747 ο
557 718 651 771 καὶ
685 716 802 781 πῶς
820 718 979 771 τοῦτο
1001 721 1070 791 τῇ
1098 719 1296 792 σελήνῃ
1319 719 1681 791 προσενεχθὲν
1705 720 1805 783 τὰς

206 807 485 878 ἐκλείψεις
535 810 700 863 ποιεῖ.
761 808 978 879 Ἐπειδὴ
1030 808 1102 862 τά
1152 810 1320 881 μηδὲν
1370 810 1507 882 πρὸς
1550 812 1698 882 ήμᾶς
1729 811 1806 874 ὡς

206 898 463 971 ἄχρηστα
494 903 627 971 ἡμῖν
652 901 1071 974 ἀπεσιώπησεν·
1115 898 1225 972 ἆρα
1248 902 1440 956 τούτου
1475 902 1587 973 (10)
1618 902 1803 955 ἕνεκεν

205 994 516 1065 ἀτιμότερα
543 996 821 1067 ἡγήσομαι
856 996 954 1066 τῆς
991 997 1370 1069 μωρανθείσης
1405 998 1597 1068 σοφίας
1615 999 1683 1052 τὰ
1706 997 1800 1051 τοῦ

204 1086 527 1157 Πνεύματος
549 1087 743 1155 λόγια;
786 1088 820 1158 ἢ
862 1088 1063 1159 μᾶλλον
1096 1089 1303 1154 δοξάσω
1342 1089 1431 1143 τὸν
1464 1089 1539 1160 μὴ
1568 1090 1803 1159 άπασχο-

204 1176 450 1248 λήσαντα
487 1179 577 1233 τὸν
606 1178 730 1232 νοῦν
768 1179 924 1251 ἡμῶν
953 1181 1048 1233 ἐπὶ
1081 1179 1149 1232 τὰ
1178 1180 1402 1251 μάταια,
1450 1178 1590 1233 ἀλλά
1621 1178 1800 1233 πάντα

205 1271 290 1333 είς
347 1270 634 1343 οἰκοδομήν
678 1272 772 1326 καὶ
826 1272 1201 1345 καταρτισμὸν
1249 1271 1359 1326 τῶν
1408 1272 1598 1343 ψυχῶν
1636 1271 1797 1344 ήμῶν

204 1362 486 1433 γραφῆναι
525 1364 997 1435 οἰκονομήσαντα;
1039 1365 1108 1418 Ὃ
1153 1382 1245 1435 μοι
1282 1350 1501 1419 δοκοῦσι
1553 1362 1628 1434 μὴ
1665 1380 1796 1417 συν-

204 1453 412 1518 ειδότες
472 1455 638 1519 τινὲς,
697 1458 1056 1525 παραγωγαῖς
1113 1473 1223 1510 τισι
1272 1457 1368 1509 καὶ
1410 1454 1796 1527 τροπολογίαις

204 1545 519 1616 σεμνότητά
579 1563 701 1600 τινα
762 1550 826 1600 ἐκ
891 1547 993 1618 τῆς
1054 1547 1257 1613 οἰκείας
1328 1546 1507 1600 αὐτῶν
1554 1546 1792 1608 διανοίας

202 1636 571 1709 ἐπεχείρησαν
619 1637 731 1711 (11)
793 1642 906 1704 τοῖς
968 1640 1381 1713 γεγραμμένοις
1433 1639 1788 1709 ἐπιφημίσαι.

216 1729 381 1782 Ἀλλά
407 1730 567 1785 τοῦτό
605 1732 753 1785 ἐστιν
799 1733 993 1786 ἑαυτὸν
1032 1733 1337 1804 σοφώτερον
1376 1748 1656 1795 ποιουντος
1682 1731 1791 1784 τῶν

1909 554 2032 595 esse
2059 541 2261 605 dicam,
2290 540 2415 609 quia
2456 540 2659 594 nullum
2690 542 2757 596 de
2786 542 2971 612 ﬁguris
2995 543 3220 597 verbum
3250 543 3343 597 Dei
3371 558 3491 597 ser-

1907 644 2007 685 vus
2040 630 2251 702 Moyses
2289 631 2416 685 fecit
2449 649 2463 685 :
2495 641 2587 684 aut
2615 633 2743 700 quia
2778 649 2880 687 non
2919 635 3054 688 dixit
3093 642 3251 689 terra:
3289 636 3490 690 circui-

1909 733 2021 777 tum
2049 735 2268 778 centum
2312 733 2368 777 et
2409 725 2681 793 octoginta
2708 724 3010 779 stadiorum
3042 725 3205 779 millia
3239 727 3442 781 habere
3470 745 3485 781 :

1904 825 2000 869 aut
2037 816 2161 884 quia
2194 830 2299 869 non
2335 816 2614 870 dimensus
2646 825 2729 870 est
2774 816 2828 870 in
2860 826 3121 886 quantum
3170 821 3312 873 aeris
3357 834 3485 889 spa-

1905 908 2036 962 tium
2082 909 2341 977 procedat
2382 907 2501 976 ejus
2537 911 2726 961 umbra
2781 918 2891 962 tum
2934 924 3055 963 eum
3097 908 3174 964 sol
3211 910 3309 964 sub
3340 918 3488 965 terra

1903 1010 2154 1055 movetur
2187 1017 2201 1053 :
2235 1012 2327 1053 aut
2360 1000 2631 1069 quomodo
2679 1000 2867 1054 eadem
2919 1000 3059 1056 luna:
3103 1001 3314 1068 objecta
3360 1016 3488 1071 pro-

1907 1099 2058 1145 creet
2093 1089 2353 1158 deliquia,
2388 1089 2690 1156 praesertim
2722 1104 2846 1142 cum
2884 1105 2945 1143 ea
2974 1106 3093 1159 quae
3127 1092 3195 1145 ad
3227 1107 3326 1146 nos
3353 1090 3487 1145 nihil

1901 1181 2157 1244 attinent,
2194 1193 2452 1250 tauquam
2494 1180 2652 1234 nobis
2702 1180 2908 1235 inutilia
2946 1182 3053 1252 81
3097 1183 3314 1238 silentio
3345 1199 3486 1254 pra:-

1901 1273 2195 1327 termiserit
2227 1291 2240 1327 :
2273 1288 2400 1325 num
2438 1272 2584 1336 ideo,
2620 1287 2821 1340 quzeso,
2868 1273 3105 1343 Spiritus
3151 1277 3326 1332 sancti
3368 1278 3484 1332 elo-

1900 1364 2028 1431 quia
2096 1378 2361 1419 censuere
2434 1363 2698 1418 infatuata
2757 1365 3019 1435 sapientia
3078 1382 3199 1422 esse
3253 1368 3484 1424 viliora?

1899 1453 2092 1508 Nonne
2137 1456 2316 1524 petius
2360 1456 2406 1509 ei
2453 1454 2652 1509 dedero
2698 1454 2948 1524 gloriam,
2980 1457 3070 1526 qui
3109 1468 3344 1513 mentem
3384 1473 3482 1513 no-

1899 1558 2069 1601 stram
2103 1546 2154 1599 in
2186 1561 2365 1600 rerum
2407 1560 2666 1599 vanarum
2702 1549 3058 1616 occupatione
3087 1564 3192 1604 non
3225 1549 3478 1617 detinuit,

1897 1639 1991 1693 sed
2013 1638 2193 1693 omnia
2226 1637 2290 1690 ad
2321 1637 2734 1692 aedificationem
2769 1649 2822 1694 et
2850 1640 3237 1708 perfectionem
3273 1642 3482 1696 anima-

1896 1746 2014 1785 rum
2047 1741 2355 1785 nostrarum
2402 1733 2668 1786 conscribi
2717 1734 2934 1787 sanxit?
2978 1733 3036 1788 ld
3077 1735 3219 1806 quod
3255 1736 3477 1805 quidam

201 1821 401 1890 λογίων
446 1823 541 1877 τοῦ
577 1825 915 1896 Πνεύματος,
963 1825 1060 1879 καὶ
1098 1827 1156 1878 ἐν
1199 1826 1559 1897 προσποιήσει
1598 1823 1779 1894 ἐξηγή-

1899 1825 2030 1891 mihi
2091 1824 2340 1880 videntur
2393 1839 2496 1879 non
2553 1824 2890 1881 intellexisse
2932 1845 2945 1881 :
2988 1827 3078 1897 qui
3134 1827 3477 1896 captionibus

114 1934 123 1941 ’
204 1930 345 1978 σεως
387 1914 457 1969 τά
492 1916 688 1970 ἑαυτοῦ
729 1917 1180 1990 παρεισάγοντος.
1220 1916 1465 1973 Νοείσθω
1500 1916 1679 1970 τοίνυν
1716 1916 1792 1978 ὡς

200 2005 534 2076 γέγραπται.

1901 1915 2221 1984 quibusdam
2259 1926 2425 1984 atque
2462 1917 2773 1987 tropologiis
2804 1934 2869 1970 ex
2902 1932 2999 1972 suo
3047 1918 3284 1987 ipsorum
3327 1917 3479 1985 inge-

1916 2006 1990 2060 tio
2023 2004 2224 2074 aliquid
2267 2004 2565 2077 Scripturis
2607 2009 2877 2063 asciscere
2911 2008 3252 2063 auctoritatis
3292 2009 3475 2063 conati

201 2106 351 2151 sunt.
379 2095 577 2151 Verum
611 2097 664 2152 id
689 2099 740 2153 ei
806 2100 1087 2169 competit,
1150 2101 1242 2170 qui
1292 2116 1350 2155 se
1402 2101 1577 2170 ipsum
1622 2100 1858 2170 Spiritus
1897 2097 2067 2151 sancti
2113 2095 2347 2150 oraculis
2391 2099 2674 2151 constituit
2720 2099 3129 2167 sapientiorem,
3155 2100 3357 2170 quique
3387 2102 3475 2155 iu-

198 2193 612 2261 terpretationis
639 2202 900 2262 praetextu
930 2206 1235 2250 commenta
1274 2212 1368 2251 sua
1400 2197 1628 2254 inducit.
1668 2196 1793 2251 Haec
1829 2194 2032 2261 itaque,
2062 2202 2121 2244 ut
2149 2191 2348 2260 scripta
2375 2200 2522 2252 sunt.
2557 2191 2946 2260 intelligantur.

273 2283 329 2338 2.
382 2284 751 2355 Ἐξαγαγέτω
795 2289 835 2356 ἡ
892 2287 971 2357 γῆ
1029 2287 1245 2358 ψυχὴν
1304 2287 1502 2350 ζῶσαν
1552 2286 1788 2357 κτηνῶν

194 2376 301 2431 καὶ
338 2377 557 2445 θηρίων
607 2378 706 2432 καὶ
747 2377 1032 2446 ἑρπετῶν.
1085 2381 1298 2451 Νόησον
1329 2382 1480 2451 ῥῆμα
1511 2380 1646 2434 Θεοῦ
1697 2379 1786 2434 διά

194 2467 298 2538 τῆς
326 2468 558 2531 κτίσεως
582 2468 797 2540 τρέχον,
841 2470 935 2522 καὶ
973 2470 1095 2523 τότε
1124 2469 1452 2542 ἀρξάμενον,
1493 2471 1589 2524 καὶ
1621 2470 1785 2542 μέχρι

194 2557 295 2612 νῦν
328 2559 604 2629 ἐνεργοῦν,
640 2560 734 2613 καὶ
762 2563 841 2624 εἰς
872 2560 1022 2625 τέλος
1054 2561 1246 2627 δεξιὸν,
1291 2563 1395 2625 ἕως
1431 2561 1498 2617 ἂν
1528 2563 1556 2614 ὁ
1581 2562 1786 2629 κόσμος

198 2651 598 2723 ωμπληρωθῇ.
636 2653 722 2717 Ὠς
750 2654 859 2725 γὰρ
903 2655 937 2724 ή
973 2656 1197 2726 σφαῖρα,
1244 2655 1467 2708 ἐπειδὰν
1507 2653 1611 2707 ὑπό
1640 2670 1786 2716 τινος

193 2745 427 2816 ἀπωσθῇ
473 2745 607 2815 (12),
661 2742 781 2799 εἷτα
826 2747 1065 2818 πρανοῦς
1111 2764 1256 2811 τινος
1303 2746 1554 2817 λάϐηται,
1591 2746 1695 2799 ὑπό
1726 2764 1784 2799 τε

192 2835 299 2905 τῆς
328 2836 535 2900 οἰκείας
562 2839 910 2908 κατασκευῆς
958 2838 1055 2891 καὶ
1094 2838 1192 2909 τῆς
1225 2838 1662 2910 ἐπιτηδειότητος
1690 2838 1784 2894 τοῦ

194 2928 397 3000 χωρίου
423 2929 647 3001 φέρεται
674 2930 811 3000 πρὸς
835 2930 897 2983 τὸ
931 2930 1216 2995 κάταντες,
1251 2932 1313 2985 οὐ
1335 2931 1600 3003 πρότερον
1630 2933 1783 2986 ἱστα-

196 3006 337 3092 μένη
388 3022 517 3092 πρὶν
563 3021 630 3075 ἄν
675 3040 729 3074 τι
768 3021 879 3075 τῶν
915 3022 1175 3077 ίσοπέδων
1211 3023 1381 3095 αὐτὴν
1423 3022 1780 3094 ὑποδέξηται’

1960 2283 2015 2336 2.
2059 2280 2329 2337 Producat
2378 2290 2521 2336 terra
2573 2283 2804 2336 animam
2848 2285 3103 2338 viventem
3144 2301 3388 2352 pecorum
3426 2296 3476 2340 et

1890 2372 2173 2425 bestiarum
2223 2383 2269 2425 et
2316 2372 2583 2439 reptilium
2613 2373 2679 2428 “.
2709 2373 3001 2428 Considera
3036 2374 3127 2430 Dei
3164 2390 3349 2430 vocem
3381 2393 3477 2447 per

1889 2478 1976 2517 res
2022 2470 2236 2517 creatas
2283 2467 2687 2529 pervadentem,
2720 2480 2839 2533 quae
2897 2474 2954 2520 et
2996 2474 3125 2521 tunc
3167 2468 3389 2538 incepit,
3420 2479 3476 2525 et

1892 2571 2064 2625 usque
2095 2557 2268 2611 adhuc
2302 2555 2488 2611 elIicax
2519 2566 2624 2621 est,
2654 2573 2718 2613 ac
2748 2560 2800 2612 in
2833 2559 2993 2614 ﬁnem
3033 2562 3324 2616 transitura
3368 2574 3471 2627 est,

1890 2649 2068 2719 quoad
2102 2658 2508 2703 consummatus
2544 2648 2706 2703 fuerit
2734 2655 2987 2706 mundus.
3011 2652 3472 2718 Quemadmodum

1891 2740 2037 2794 enim
2062 2738 2279 2808 globus,
2307 2754 2428 2794 cum
2461 2754 2491 2793 a
2519 2741 2768 2810 quopiam
2801 2741 2963 2796 fuerit
2990 2753 3190 2809 motus,
3223 2760 3287 2799 ac
3316 2746 3474 2800 dein-

1890 2845 2021 2900 ceps
2049 2831 2308 2885 declivem
2361 2830 2596 2899 aliquem
2638 2831 2813 2884 locum
2862 2841 3056 2887 nactus
3097 2832 3278 2898 fuerit,
3313 2841 3368 2886 et
3403 2848 3472 2887 ex

1889 2923 2106 2992 propria
2168 2932 2462 2989 structura,
2493 2930 2549 2976 et
2590 2936 2655 2976 ex
2708 2922 2811 2977 loci
2857 2924 3262 2992 opportunitate
3310 2925 3471 2980 deor-

1891 3029 2011 3069 sum
2054 3013 2246 3075 fertur,
2276 3029 2379 3068 nec
2424 3014 2576 3082 prius
2616 3015 2871 3082 quiescit,
2898 3030 3060 3084 quam
3092 3015 3345 3085 planities
3375 2997 3472 3070 ali-

191 3111 339 3165 οὖτω
366 3114 399 3183 ἡ
429 3112 589 3182 φύσις
620 3113 729 3167 τῶν
749 3113 940 3177 ὄντων,
972 3115 1054 3169 ἐν).
1088 3115 1472 3187 προστάγματι
1497 3116 1605 3186 (15)
1639 3133 1779 3186 κινη-

1892 3121 1994 3175 qua
2036 3105 2210 3175 ipsum
2249 3105 2525 3173 exceperit
2556 3121 2569 3170 ;
2600 3105 2673 3158 ita
2715 3118 2893 3159 rerum
2945 3116 3136 3160 natura
3184 3121 3290 3160 uno
3328 3123 3467 3177 pra:-

193 3202 374 3267 θεῖσα,
405 3204 503 3273 τὴν
549 3207 606 3257 ἐν
647 3207 713 3276 τῇ
753 3206 967 3274 γενέσει
999 3206 1094 3260 κα)⁹
1129 3205 1305 3278 φθορᾷ
1344 3205 1523 3259 κτίσιν
1565 3205 1787 3275 ὁμαλῶς

187 3291 552 3365 διεξέρχεται,
578 3294 677 3358 τὰς
703 3295 811 3349 τῶν
839 3294 1013 3364 γενῶν
1037 3296 1358 3360 ἀκολουθίας
1382 3296 1449 3349 δι’
1469 3297 1786 3368 ὁμοιότητος

190 3384 579 3449 ἀποσώζουσα,
611 3385 718 3449 ἕως
749 3387 815 3441 ἂν
851 3388 987 3459 πρὸς
1012 3389 1145 3442 αὐτὸ
1173 3391 1488 3462 καταντήσῃ
1520 3389 1580 3442 τὸ
1606 3388 1779 3454 τέλος.

191 3474 391 3528 Ἵππον
437 3474 536 3546 μὲν
577 3477 687 3549 γὰρ
717 3478 885 3531 ἵππου
914 3483 1145 3533 ποιεῖται
1167 3481 1432 3550 διάδοχον,
1467 3480 1564 3534 καί
1594 3480 1785 3534 λέοντα

189 3565 427 3629 λέοντος,
458 3565 555 3619 καὶ
580 3566 737 3620 ἀετὸν
763 3568 922 3621 ἀετοῦ
944 3586 957 3599 ο
989 3572 1083 3623 καὶ
1102 3570 1332 3623 ἕκαστον
1351 3569 1460 3623 τῶν
1484 3569 1637 3634 ζώων
1663 3574 1781 3635 ταῖς

190 3656 388 3728 ἐφεξῆς
408 3657 676 3728 διαδοχαῖς
705 3660 1137 3732 συντηρούμενον
1164 3663 1326 3732 μέχρι
1348 3661 1448 3731 τῆς
1471 3662 1781 3725 συντελείας

186 3748 282 3802 τοῦ
315 3749 516 3814 παντὸς
544 3752 928 3822 παραπέμπει.
962 3752 1152 3817 Οὐδεὶς
1185 3754 1375 3825 χρόνος
1404 3753 1778 3825 διεφθαρμένα

184 3837 220 3910 ἢ
239 3839 622 3910 ἐξίτηλαποιεῖ
638 3842 749 3911 (14)
764 3841 871 3895 τῶν
890 3840 1044 3905 ζώων
1064 3843 1133 3896 τὰ
1151 3842 1439 3913 ἰδιώματα,
1458 3840 1573 3896 ἀλλ’
1590 3841 1780 3912 ῶσπερ

184 3932 311 4000 ἄρτι
336 3931 708 4002 καθισταμένη
746 3935 779 4004 ή
815 3933 973 4003 φύσις
1001 3934 1088 3986 ἀεὶ
1115 3934 1286 4005 νεαρά
1317 3932 1396 4004 τῷ
1423 3933 1600 4003 χρόνῳ
1642 3949 1781 4001 συμ-

186 4024 544 4095 παρατρέχει.
588 4023 950 4095 Ἐξαγατέτω
983 4027 1022 4094 ἡ
1055 4024 1131 4095 γῆ
1158 4024 1374 4093 ψυχὴν
1394 4023 1609 4084 ζῶσαν.
1641 4022 1769 4075 Τοῦ-

184 4134 247 4170 το
276 4117 602 4186 ἐναπέμεινε
634 4120 702 4188 τῇ
725 4119 796 4187 γῇ
827 4116 1176 4188 πρόσταγμα,
1217 4117 1313 4168 καὶ
1335 4117 1393 4168 οὑ
1425 4114 1658 4170 παύεται
1688 4114 1776 4181 ἐξ·

188 4206 605 4278 υπηρετουμένη
643 4206 722 4278 τῷ
752 4207 996 4260 κτίσαντι
1021 4206 1156 4277 (15).
1189 4206 1271 4258 Τὰ
1306 4206 1404 4276 μὲν
1437 4205 1547 4276 γάρ
1580 4207 1644 4257 ἐκ
1675 4203 1777 4273 τῆς

183 4298 438 4370 διαδοχῆς
478 4298 587 4353 τῶν
620 4299 1082 4371 προϋπαρχόντων
1112 4298 1452 4370 παράγεται·
1487 4295 1555 4348 τὰ
1602 4295 1660 4348 δὲ
1696 4294 1775 4348 έτι

184 4391 281 4443 καὶ
318 4391 414 4445 νῦν
463 4390 523 4456 ἐξ
554 4392 725 4463 αὐτῆς
756 4391 855 4463 τῆς
885 4391 991 4462 γῆς
1024 4390 1435 4460 ζωογονούμενα
1476 4388 1771 4441 δείκνυται.

1887 3208 2046 3266 cepto
2094 3198 2340 3261 incitata,
2378 3211 2466 3251 res
2512 3197 2761 3253 conditas
2795 3197 3132 3267 aequabiliter
3161 3198 3213 3252 in
3242 3214 3471 3269 genera-

1886 3288 2033 3343 tione
2061 3298 2113 3343 et
2149 3288 2203 3342 in
2238 3289 2587 3358 corruptione
2634 3299 2903 3359 penetrat,
2933 3301 3221 3361 servatque
3260 3308 3355 3361 per
3391 3296 3470 3348 si-

1885 3379 2247 3434 militudinem
2276 3381 2651 3435 successiones
2676 3396 2960 3451 generum,
2990 3382 3161 3437 donec
3191 3383 3258 3437 ad
3291 3384 3466 3454 ipsum

1884 3471 2195 3540 pervenerit
2250 3471 2435 3528 ﬁnem.
2471 3471 2606 3526 Nam
2660 3488 2859 3542 equum
2914 3474 3038 3543 equi
3092 3489 3467 3530 successorem

1884 3563 2037 3628 facit,
2073 3563 2287 3618 leonem
2333 3564 2527 3629 leonis,
2556 3564 2794 3628 aquilam
2831 3564 3026 3634 aquilae
3057 3588 3069 3620 :
3108 3565 3217 3619 imo
3258 3567 3465 3635 singula

1883 3654 2139 3708 animalia
2169 3657 2624 3724 consequentibus
2654 3657 3091 3712 successionibus
3117 3669 3463 3723 conservata,

1883 3758 2057 3811 usque
2117 3744 2185 3797 ad
2247 3744 2485 3798 universi
2544 3745 3068 3799 consummationem
3127 3747 3460 3803 transmittit.

1881 3832 2116 3909 Tempus
2159 3834 2362 3889 nullum
2407 3834 2640 3889 destruit
2685 3835 2999 3889 animalium
3047 3838 3402 3905 proprietates
3442 3883 3454 3895 .

1880 3924 1973 3978 sed
2018 3934 2275 3993 tanquam
2322 3940 2493 3993 nuper
2537 3926 2835 3980 constituta
2880 3938 3071 3981 natura
3113 3927 3205 3993 sit,
3246 3944 3461 3995 semper

1880 4029 2074 4068 recens
2119 4030 2223 4068 una
2270 4029 2392 4068 cum
2436 4023 2679 4083 tempore
2707 4016 2966 4070 excurrit.
3006 4015 3274 4070 Producat
3317 4027 3462 4072 terra

1879 4108 2109 4160 animam
2158 4108 2427 4163 viventem.
2472 4106 2585 4161 Hoc
2633 4115 2957 4176 praeceptum
3009 4116 3169 4162 terra:
3218 4110 3458 4174 inhaesit,

1878 4214 1981 4254 nec
2045 4214 2111 4253 ea
2161 4200 2405 4254 Creatori
2456 4198 2656 4254 desinit
2708 4198 2981 4252 famulari.
3033 4199 3153 4254 Alia
3200 4201 3343 4254 enim
3392 4215 3460 4256 ex

1879 4291 2229 4347 successione
2269 4306 2457 4346 eorum
2497 4305 2616 4360 qua:
2650 4292 2799 4360 prius
2832 4290 3115 4355 exstitere,
3148 4292 3459 4362 producun.

1880 4393 1967 4438 tur
1998 4402 2012 4439 :
2047 4384 2155 4438 alia
2180 4399 2311 4439 vero
2344 4399 2408 4439 ex
2448 4384 2558 4453 ipsa
2605 4392 2746 4437 terra
2776 4382 2940 4437 etiam
2977 4399 3121 4439 nunc
3159 4386 3336 4440 adhuc
3376 4388 3459 4439 vi-

183 4483 260 4535 υύ
289 4482 398 4554 γὰρ
429 4484 588 4553 μόνον
617 4483 870 4552 τέττιγας
919 4481 976 4537 ἓν
1016 4482 1344 4555 ἐπομϐρίαις
1378 4482 1612 4551 ἀνίησιν,
1653 4480 1773 4535 οὐδὲ

1892 4486 1989 4532 tam
2024 4477 2272 4547 accipere
2302 4488 2638 4546 compertum
2672 4487 2774 4532 est.
2804 4477 2921 4531 Non
2951 4478 3096 4532 enim
3132 4477 3306 4532 solum
3336 4477 3455 4548 plu-

180 4572 321 4628 ἄλλα
356 4575 525 4645 μυρία
550 4575 682 4646 γένη
706 4574 814 4629 τῶν
845 4575 1234 4647 ἐμφερομένων
1268 4573 1345 4645 τῷ
1372 4573 1493 4645 ἀέρι
1525 4572 1765 4645 πτηνῶν,

179 4662 259 4723 ὧν
283 4668 700 4739 ἀκατονόμαστά
723 4668 927 4721 ἐστιτὰ
946 4668 1173 4722 πλεῖστα
1195 4668 1284 4721 διὰ
1301 4667 1627 4738 λεπτότητα,
1652 4666 1767 4720 ἀλλ’

178 4760 286 4831 ἤδη
323 4760 419 4814 καὶ
453 4760 558 4830 μῦς
603 4761 698 4814 καὶ
731 4761 1037 4833 βατράχους
1088 4758 1148 4826 ἐξ
1197 4762 1368 4832 αὐτῆς
1406 4760 1723 4814 ἀναδίδωσιν
1747 4777 1762 4792 ο

177 4852 315 4906 ὅπου
338 4870 403 4922 γε
442 4852 573 4924 περὶ
597 4852 782 4925 Θήϐας
806 4853 906 4917 τὰς
930 4854 1254 4923 Αἰγυπτίας,
1281 4852 1498 4907 ἐπειδὰν
1531 4851 1633 4923 ὕσῃ
1667 4851 1764 4905 λά-

177 4943 328 5015 ϐρως
360 4945 420 4998 ἐν
451 4943 747 5015 καύμασιν,
799 4944 962 5009 εὐθὺς
1005 4945 1315 5018 ἀρουραίων
1358 4943 1510 5015 μυῶν
1543 4945 1576 5013 ή
1609 4941 1763 5012 χώρα

174 5036 647 5108 καταπληροῦται.
708 5037 821 5103 Τὰς
869 5039 926 5093 δὲ
968 5038 1210 5109 ἐγχέλεις
1261 5036 1372 5110 (16)
1420 5035 1541 5089 οὐδὲ
1591 5033 1766 5097 ἄλλως

239 5196 279 5229 ¹¹
302 5197 438 5253 Gen.
469 5214 513 5265 ι,
536 5198 627 5253 24.

275 5315 363 5391 κῃ
385 5317 537 5391 _Tres
566 5334 698 5375 mss.
734 5314 844 5391 ἆρα
865 5319 1057 5374 τούτου
1078 5337 1163 5390 γε.
1183 5318 1318 5391 Reg.
1350 5326 1536 5391 sextus
1558 5316 1749 5371 τούτου

315 5386 461 5459 Editi
498 5404 620 5443 cum
648 5386 971 5459 quibusdam
1008 5386 1141 5445 mss.
1176 5386 1367 5442 τούτου
1399 5388 1605 5459 ἕνεκεν.

245 5455 507 5579 (ίίέςὸθι
560 5455 694 5515 mss.
736 5476 864 5515 cum
913 5476 1017 5517 ms.
1068 5461 1310 5517 Combef.
1361 5458 1746 5530 ἐπεχείρησαν.

245 5527 314 5579 liti
369 5528 889 5579 mveto'iiaatmtale.

169 5527 327 5600 Editi
338 5527 709 5600 ἐπιχειρῆσαι,
726 5532 889 5586 male.

241 5596 358 5670 (12)
389 5596 482 5670 §ic
506 5596 637 5655 mss.
674 5601 847 5656 multi.
881 5600 1059 5656 Editio
1080 5599 1256 5655 Paris.
1291 5600 1508 5670 ἀπωθῇ.

238 5667 354 5737 (15.)
392 5666 523 5744 Reg.
551 5680 735 5744 sextus
757 5671 933 5744 ὄντων
949 5673 1006 5726 ἐν
1039 5672 1442 5744 προστάγματι.
1459 5666 1598 5729 "Mox
1626 5670 1745 5741 p‘lu-

167 5750 259 5793 res
292 5753 424 5795 mss.
454 5739 553 5811 τήν
582 5743 640 5796 ἐν
665 5744 732 5812 τῇ
759 5760 872 5813 γεν.
903 5740 1065 5801 Deest
1084 5739 1164 5814 ’τῇ
1201 5744 1252 5799 in
1281 5739 1459 5802 editis.

1879 4571 1969 4626 vio
2005 4580 2247 4641 tempore
2275 4572 2389 4626 edit
2418 4572 2654 4638 cicadas,
2682 4581 2775 4625 aut
2807 4572 2910 4625 alia
2951 4572 3231 4627 innumera
3257 4572 3456 4626 volati-

1876 4661 2007 4716 lium
2060 4663 2113 4715 in
2163 4677 2288 4717 aere
2333 4664 2645 4732 vagantium
2694 4677 2913 4732 genera,
2948 4678 3176 4732 quorum
3221 4663 3453 4734 plurima

1873 4764 2094 4825 propter
2149 4756 2466 4810 tenuitatem
2527 4766 2654 4810 sunt
2710 4770 2978 4826 auouyma
3036 4774 3052 4810 :
3114 4755 3208 4810 sed
3269 4770 3454 4810 mures

1870 4846 2034 4901 etiam
2066 4854 2119 4899 et
2153 4861 2313 4901 ranas
2343 4863 2410 4902 ex
2457 4862 2516 4902 se
2553 4848 2668 4916 ipsa
2703 4847 2932 4916 profert.
2959 4846 3096 4903 Nam
3134 4847 3282 4902 circa
3309 4846 3454 4900 The-

1875 4938 1971 4992 bas
2008 4936 2316 5008 }Egyptias,
2346 4939 2438 4992 ubi
2494 4939 2548 4993 in
2600 4940 2820 4994 aestibus
2881 4939 3028 5007 large
3070 4938 3230 5010 pluit,
3264 4939 3450 4995 statim

1873 5028 2267 5099 campestribus
2304 5030 2546 5086 muribus
2576 5033 2723 5103 regio
2762 5033 3083 5102 completur.
3117 5031 3258 5098 Quin
3284 5031 3449 5086 etiam

1932 5331 2046 5405 (14)
2085 5329 2163 5387 Ita
2194 5333 2365 5389 codex
2410 5333 2655 5390 Combef.
2704 5351 2826 5390 cum
2868 5335 3004 5405 Reg.
3052 5347 3266 5394 octavo.
3297 5334 3445 5393 Editi

1855 5418 2140 5478 vero__ctyn
2177 5405 2388 5459 caeteris
2424 5420 2552 5478 russ.
2592 5406 2783 5477 χρόνος
2808 5405 3031 5478 ἐξίτηλα
3064 5409 3227 5461 ποιεῖ.

1927 5472 2040 5549 (15)
2065 5473 2202 5549 Reg.
2231 5484 2417 5549 sextus
2450 5472 3029 5549 ἐξυπηρετουμένητῷ
3056 5478 3441 5549 προστάγματι

1853 5542 1958 5626 τοῦ,
1988 5544 2293 5609 κτίσαντος,
2333 5542 2444 5598 Nec
2478 5542 2749 5601 Creatoris
2775 5542 3012 5618 imperio'
3034 5542 3224 5604 deiint't
3257 5542 3439 5619 fa'mu-

1852 5613 2035 5755 larati)
2073 5682 2185 5741 Duo
2216 5699 2348 5742 mss.
2383 5684 2482 5752 τὰς
2510 5685 2567 5741 δὲ
2597 5686 2843 5757 ὲγχέλυς.
