3850 6218
383 329 481 384 191

1700 314 1755 369 S.
1801 310 2047 367 BASILII
2080 308 2295 364 MAGNI

3553 294 3661 350 193

379 449 646 522 anguillas
686 447 917 502 vidimus
953 458 1057 498 non
1098 441 1259 496 aliter
1286 456 1449 510 quam
1487 454 1552 492 ex
1588 438 1718 491 limo
1757 437 1963 492 consti-

2099 434 2279 505 ρῶμεν
2311 430 2344 500 ἢ
2381 432 2442 482 ἐκ
2472 429 2568 498 τῆς
2616 425 2756 487 ἰλύος
2799 422 3225 492 συνιπαμένας³
3261 415 3340 473 ων
3378 418 3512 471 οὔτε
3553 417 3660 470 ὠὸν

382 544 494 608 tui,
546 556 610 596 ac
661 537 907 611 generari
963 555 976 590 :
1034 549 1263 603 quarum
1329 532 1732 587 successionem
1789 545 1962 597 neque

380 648 563 694 ovum,
597 645 771 698 neque
816 627 958 701 ullus
1001 626 1136 680 alius
1180 625 1370 678 modus
1423 621 1664 684 conﬁcit,
1695 621 1788 674 sed
1836 621 1965 687 ipsa:

381 741 450 779 ex
503 734 642 777 terra
690 729 875 775 ortum
926 719 1147 772 habent.
1197 714 1465 768 Producat
1517 723 1658 766 terra
1709 711 1960 764 animum.

385 816 585 870 Pecora
619 823 747 868 sunt
780 810 1080 871 terrestria,
1110 817 1165 863 et
1211 821 1401 862 versus
1433 815 1633 860 terram
1665 805 1917 858 inclinata
1948 820 1962 856 :

386 907 547 960 homo
579 918 707 957 vero
735 903 824 972 qui
855 901 1038 970 planta
1065 897 1304 953 cmleStis
1331 904 1436 959 est,
1460 905 1662 963 quanto
1695 907 1969 962 corporeae

383 994 838 1053 conformationis
883 990 1076 1055 forma,
1125 997 1273 1040 tanto
1323 985 1486 1039 etiam
1538 983 1734 1036 anima:
1789 982 1966 1051 digni-

385 1099 498 1144 tate
523 1092 760 1158 praestat.
788 1081 973 1150 Qualis
998 1088 1080 1133 est
1105 1077 1514 1147 quadrupedum
1550 1072 1766 1126 forma?
1796 1074 1970 1140 Caput

384 1180 626 1251 ipsorum
680 1177 733 1231 iu
786 1185 986 1228 terram
1042 1184 1272 1240 pronum
1319 1177 1423 1231 est,
1456 1165 1679 1236 respicit
1730 1165 1796 1219 ad
1839 1179 1970 1218 ven-

389 1285 552 1334 trem,
587 1269 813 1336 ejusque
860 1264 1270 1318 delectationem
1330 1259 1643 1313 omnimodo
1689 1257 1970 1326 prosequi-

390 1378 498 1419 tur.
534 1363 784 1416 Ercctum
818 1365 899 1410 est
929 1356 992 1408 ad
1025 1355 1222 1408 coelum
1275 1361 1437 1420 caput
1479 1358 1626 1404 tuum
1662 1367 1676 1402 :
1705 1348 1844 1403 oculi
1892 1347 1966 1402 tui

388 1469 620 1526 superna
673 1453 970 1504 intuentur.
1003 1445 1157 1513 Quod
1213 1445 1256 1498 si
1311 1458 1547 1511 unquam
1591 1451 1645 1496 et
1689 1450 1743 1495 tu
1789 1440 1971 1494 carnis

393 1545 769 1601 affectionibus
806 1553 857 1595 te
889 1542 1000 1610 ipse
1035 1537 1474 1599 dedecoraveris,
1505 1534 1790 1602 ventrique
1823 1541 1878 1586 et
1907 1533 1972 1587 iis

390 1653 511 1706 quas
557 1635 656 1690 sub
713 1643 902 1688 ventre
953 1640 1100 1693 sunt,
1141 1628 1398 1683 servieris
1444 1645 1459 1682 :
1506 1625 1855 1694 Comparatus
1912 1640 1972 1680 es

389 1728 638 1800 iumentis
691 1723 1079 1792 insipientibus,
1126 1731 1173 1776 et
1215 1720 1406 1774 similis
1454 1719 1627 1788 [actus
1669 1732 1727 1772 es
1771 1716 1966 1773 illis".

2065 524 2186 578 οὒτε
2214 541 2296 586 τις
2327 521 2484 582 ἄλλος
2510 519 2710 590 τρόπος
2753 515 2850 586 τὴν
2877 513 3125 583 διαδοχὴν
3159 512 3504 581 συνίστησιν,
3541 509 3658 562 ἀλλ’

2065 617 2131 668 ἐκ
2163 616 2260 684 τῆς
2291 615 2395 684 γῆς
2424 615 2570 664 ἐστιν
2603 610 2786 671 αὐτοῖς
2815 609 2847 677 ἡ
2878 607 3090 674 γένεσις
3113 604 3248 673 (l7).
3287 601 3660 672 Ἐξαγαγέτω

2066 711 2104 772 ’ἠ
2138 708 2212 778 γῆ
2241 705 2470 775 ψυχήν.
2500 702 2580 757 Τὰ
2612 701 2782 771 κτήνη
2803 701 2968 770 γήινα
2997 697 3246 768 καὶπρὸς
3267 697 3373 766 γῆν
3403 694 3660 746 νενευκό-

2065 817 2132 852 τα
2152 815 2166 830 ο
2198 797 2333 852 ἀλλὰ
2353 796 2412 849 τὸ
2435 796 2686 866 οὐράνιον
2718 792 2880 862 φυτὸν
2905 793 2932 843 6
2954 790 3242 860 ἄνθρωπος
3267 789 3394 840 ὅσον
3417 786 3501 856 τῷ
3529 788 3657 855 σχή-

2071 909 2199 963 ματι
2245 891 2341 960 τῆς
2387 887 2701 959 σωματικῆς
2747 884 3110 944 διαπλάσεως,
3146 879 3399 934 τοσοῦτον
3451 879 3550 930 καὶ
3586 879 3662 947 τῷ

2066 981 2339 1053 ἀξιώματι
2373 982 2472 1051 τῆς
2511 981 2690 1049 ψυχῆς
2729 977 3022 1047 διενήνοχε.
3057 973 3176 1026 Τῶν
3213 971 3568 1043 τετραπόδων
3601 973 3660 1023 το

2070 1075 2256 1144 σχῆμα
2291 1070 2568 1134 ποταπόν;
2611 1069 2675 1120 Ἦ
2704 1065 2914 1135 κεφαλὴ
2949 1063 3126 1118 αὐτῶν
3165 1062 3257 1114 ἐπὶ
3289 1061 3396 1128 γῆν
3427 1059 3663 1130 προσνέ-

2065 1183 2258 1220 νευκεν
2283 1165 2416 1234 (18),
2447 1162 2539 1216 ἐπὶ
2565 1160 2806 1230 γαστέρα
2835 1157 3044 1228 βλέπει,
3078 1155 3171 1208 καὶ
3208 1154 3273 1206 τὸ
3313 1152 3528 1220 ταύτης
3563 1151 3662 1219 ἡδὶ)

2069 1261 2133 1312 ἐκ
2156 1257 2356 1319 παντὸς
2380 1254 2582 1326 τρόπου
2605 1251 2809 1305 διώκει.
2845 1250 2907 1302 Ἦ
2940 1249 3007 1319 σὴ
3031 1246 3238 1314 κεφαλὴ
3268 1243 3406 1315 πρὸς
3428 1244 3494 1295 ού
3506 1243 3665 1311 ραν-δν

2069 1349 2418 1419 διανέστηκεν
2439 1363 2451 1376 ·
2485 1345 2534 1398 οἱ
2557 1342 2824 1413 ὀφθαλμοί
2847 1357 2938 1392 σου
2969 1339 3036 1392 τα
3066 1340 3176 1392 ἄνω
3203 1336 3500 1404 βλέπουσιν
3526 1332 3666 1402 (19)·

2068 1443 2164 1508 ὡς,
2199 1442 2294 1496 ἐάν
2330 1456 2459 1492 ποτε
2495 1439 2588 1492 καὶ
2624 1438 2686 1490 συ
2717 1438 2828 1497 τοῖς
2857 1432 3051 1486 πάθεσι
3097 1429 3198 1498 τῆς
3235 1428 3439 1499 σαρκὸς
3469 1424 3669 1478 ἑαυτὸν

2071 1535 2365 1605 ἀτιμάσῃς,
2400 1531 2600 1602 γαστρὶ
2646 1526 2911 1581 δουλεύων
2972 1525 3066 1578 καὶ
3111 1525 3222 1584 τοῖς
3259 1519 3364 1573 ὑπὸ
3391 1520 3669 1589 γαστέρα,

2071 1623 2620 1695 Παρασυνεϐλήθης
2651 1619 2774 1685 τοῖς
2808 1617 3055 1682 κτήνεσι
3079 1614 3201 1678 τοῖς
3223 1611 3532 1677 ἀνοήτοις,
3564 1612 3672 1664 καὶ

2071 1717 2375 1789 ὡμοιώθης
2397 1714 2620 1779 αὐτοῖς.
2647 1711 2816 1780 Ἀλλη
2856 1727 2936 1763 σοι
2985 1707 3224 1779 μέριμνα
3257 1705 3573 1776 πρέπουσα,
3597 1702 3678 1756 τὰ

394 1825 556 1876 Decet
588 1830 639 1873 te
673 1819 776 1871 alia
806 1832 958 1882 cura,
986 1828 1230 1883 qualrere
1265 1812 1521 1866 nimirum
1573 1824 1636 1863 ea
1678 1809 1810 1874 Quir
1854 1823 1974 1861 sur-

2093 1810 2196 1863 ’ίνω
2244 1807 2446 1878 ζητεῖν,
2480 1801 2551 1860 οὗ
2582 1804 2691 1873 (20)
2715 1806 2746 1856 ό
2781 1801 3032 1870 Χριστός
3064 1800 3253 1862 ἐστιν,
3283 1796 3424 1866 ὺπέρ
3449 1794 3521 1848 τὰ
3545 1797 3681 1865 γήι-

392 1928 507 1966 sum
539 1920 681 1972 sunt,
721 1909 806 1961 ubi
838 1907 1080 1960 Christus
1107 1915 1181 1958 est
1214 1904 1278 1966 ¹³,
1309 1917 1373 1956 ac
1401 1908 1634 1954 mentem
1667 1913 1829 1966 super
1863 1908 1974 1951 ter-

395 2005 584 2058 restria
641 2001 934 2069 surrigcre.
975 1996 1045 2051 Ut
1093 1994 1466 2050 conformatus
1525 2005 1619 2054 es,
1683 1990 1756 2043 ita
1813 1989 1975 2042 etiam

393 2099 617 2165 dispone
650 2106 799 2150 tuam
848 2091 1017 2162 ipsius
1061 2090 1253 2142 vitam.
1289 2083 1646 2140 Conversatio
1683 2091 1772 2134 tua
1813 2080 1884 2134 sit
1925 2079 1978 2132 in

393 2189 546 2244 caelis
579 2189 622 2218 ”
659 2206 671 2240 :
703 2201 828 2239 vera
881 2193 967 2237 tua
1009 2181 1183 2251 patria
1239 2186 1324 2233 est
1363 2189 1594 2244 superna
1640 2170 1973 2232 Jerusalem;

392 2283 542 2336 cives
578 2289 633 2332 et
685 2276 930 2340 tribules,
968 2269 1313 2342 primogeniti
1367 2267 1465 2336 ipsi
1502 2284 1514 2320 :
1556 2263 1660 2329 Qui
1699 2258 1980 2326 conscripti

394 2385 515 2430 sunt
548 2375 600 2426 in
626 2371 766 2426 aclis
804 2370 869 2424 ".

468 2468 579 2538 82
609 2467 662 2520 5.
696 2463 961 2515 Producat
994 2469 1132 2512 terra
1162 2455 1392 2508 animam
1420 2453 1692 2504 viventem.
1716 2445 1845 2510 Quae
1877 2443 1980 2513 igi-

403 2571 488 2613 tur
519 2561 800 2612 brutormn
851 2552 1028 2605 anima
1073 2547 1321 2608 emersit,
1355 2559 1417 2598 ea
1464 2558 1566 2595 non
1597 2549 1715 2594 erat
1751 2540 1802 2591 in
1837 2546 1980 2590 terra

403 2647 705 2710 recondita;
742 2645 834 2697 sed
868 2640 1028 2695 simul
1075 2653 1196 2692 cum
1245 2643 1513 2703 praecepto
1559 2639 1738 2684 ortum
1775 2627 1977 2681 habuit.

407 2742 519 2795 lina
550 2751 728 2792 autem
766 2744 850 2788 est
889 2735 1169 2787 brutorum
1205 2729 1424 2790 anima;
1456 2721 1720 2790 siquidem
1757 2717 1984 2771 rationis

400 2832 651 2902 privatio,
685 2829 828 2882 illius
857 2827 1145 2879 character
1171 2831 1256 2875 est
1283 2837 1296 2872 :
1324 2817 1555 2871 diversis
1582 2827 1710 2865 vero
1740 2808 1983 2878 proprie-

404 2899 602 2978 tatibus
651 2919 857 2989 singula
913 2916 1319 2983 distinguuntur
1366 2905 1644 2961 animalia.
1697 2903 1790 2955 Est
1837 2899 1981 2953 enim

404 3015 501 3068 bos
529 3021 784 3067 constans
815 3017 869 3063 et
905 3006 1115 3068 ﬁrmus,
1147 3004 1334 3057 asinus
1366 3000 1536 3069 piger,
1571 2996 1769 3048 ardens
1813 3005 1984 3059 equus

403 3107 470 3158 ad
526 3101 880 3172 appetendam
931 3097 1220 3157 fetutinatn,
1280 3091 1467 3160 nequit
1515 3088 1744 3141 cicurari
1796 3082 1982 3150 lupus,

403 3194 589 3247 dolosa
615 3202 696 3244 cst
720 3189 926 3256 vulpes,
952 3186 1173 3239 timidus
1202 3196 1413 3242 cervus,
1439 3177 1659 3232 lormica
1692 3172 1981 3237 laboriosa,
2013 3156 2054 3211 C

402 3288 556 3341 canis
587 3293 775 3353 gratus
805 3290 908 3344 est,
941 3293 994 3334 et
1035 3277 1286 3330 amicitiae
1331 3286 1561 3328 memor.
1594 3268 1882 3323 Enimvero
1912 3263 1987 3316 si-

408 3379 683 3446 mulatque
732 3373 1010 3443 quodlibet
1057 3369 1256 3424 animal
1312 3374 1550 3421 creatum
1599 3369 1719 3426 est,
1771 3358 1987 3412 inducta

407 3481 490 3523 est
521 3470 568 3522 ei
604 3478 811 3521 naturae
839 3481 949 3518 sua:
972 3469 1297 3532 proprietas.
1323 3460 1588 3514 Producta
1619 3464 1701 3510 est
1727 3469 1832 3508 una
1865 3468 1987 3508 cum

416 3560 569 3612 leone
605 3555 944 3610 vehementia
978 3553 1167 3615 animi,
1193 3549 1406 3604 vivendi
1443 3547 1577 3600 ratio
1611 3543 1873 3606 solitaria,
1904 3542 1987 3594 in-

413 3650 564 3704 doles
589 3649 834 3717 quwdam
859 3661 980 3700 cum
1009 3646 1122 3698 suis
1153 3642 1440 3697 tribulibus
1471 3635 1824 3693 insociabilis.
1856 3631 1988 3686 Nam

415 3743 563 3796 velut
615 3742 831 3810 quidam
884 3741 1164 3793 brutarum
1219 3737 1570 3789 animantium
1614 3741 1895 3801 tyrannus,
1923 3725 1992 3779 ob

425 3843 630 3886 naturze
664 3831 993 3899 superbiam,
1030 3828 1228 3881 multos
1257 3826 1356 3878 sibi
1390 3836 1548 3893 pares
1575 3834 1692 3874 esse
1720 3826 1772 3872 et
1806 3830 1991 3884 aequa-

420 3924 500 3978 lcs
529 3939 632 3977 non
664 3923 811 3977 sinit.
841 3920 940 3988 Qui
973 3934 1104 3973 sane
1133 3931 1303 3984 neque
1338 3916 1649 3967 hesternum
1679 3910 1991 3964 alimentum

412 4017 669 4078 admittit,
707 4029 880 4082 neque
924 4013 988 4066 ad
1025 4027 1136 4065 sum
1165 4010 1358 4079 praeda:
1404 4005 1659 4074 reliquias
1692 4003 1834 4057 redit
1863 4021 1874 4055 :
1907 3999 1991 4053 cui

411 4109 577 4160 etiam
621 4115 768 4159 tanta
817 4105 964 4158 vocis
1008 4117 1211 4172 organa
1263 4099 1454 4153 indidit
1496 4104 1709 4159 natura,
1743 4103 1800 4147 ttt
1841 4091 1991 4162 plura

412 4198 666 4251 animalia
703 4197 858 4265 longe
890 4196 1006 4264 ipso
1035 4194 1328 4250 velociora,
1357 4191 1473 4244 solo
1514 4203 1656 4256 saepe
1704 4185 1879 4254 rugitu
1909 4197 1994 4237 ca-

411 4293 648 4360 piantur.
683 4287 985 4342 Vehemens
1019 4298 1102 4340 εει
1141 4285 1426 4353 panthera,
1458 4292 1514 4335 et
1541 4283 1606 4334 ad
1644 4280 1878 4347 impetus
1910 4290 1993 4328 re-

413 4381 662 4446 pentinos
703 4378 950 4446 expedita
985 4396 998 4431 :
1036 4391 1232 4443 corpus
1273 4373 1503 4444 agilitati
1551 4380 1607 4426 et
1647 4369 1851 4423 levitati
1888 4368 1996 4420 ido-

2078 1920 2144 1955 να
2173 1896 2311 1954 εἶναι
2358 1901 2423 1970 τῇ
2453 1896 2678 1966 διανοίᾳ.
2717 1895 2803 1957 Ὠς
2839 1891 3318 1962 διεσχηματίσθης,
3361 1888 3513 1940 οὕτω
3553 1887 3679 1938 διὰ-

2081 1993 2172 2046 θου
2203 1990 2429 2045 σεαυτοῦ
2462 1989 2554 2042 καὶ
2574 1987 2663 2040 τὸν
2692 1985 2826 2056 βίον.
2858 1982 2930 2036 Τὸ
2962 1981 3261 2050 πολίτευμα
3287 1979 3377 2048 ἔχε
3407 1980 3466 2030 ἐν
3507 1978 3680 2047 ούρα-

2081 2091 2208 2151 νοῐς.
2249 2085 2497 2156 Ἀληθινή
2537 2100 2628 2136 σου
2660 2079 2914 2150 πατρὶςὴ
2949 2077 3062 2131 ἄνω
3104 2071 3488 2145 Ἰερουσαλὴμ,
3523 2071 3680 2124 πολῖ-

2079 2197 2170 2232 ται
2195 2179 2288 2232 καὶ
2311 2175 2650 2248 συμφυλέται
2675 2175 2723 2226 οἱ
2755 2170 3106 2242 πρωτότοκοι,
3130 2171 3194 2222 Οἱ
3217 2163 3681 2235 ἀπογεγραμμέ-

2080 2290 2173 2326 νοι
2204 2273 2273 2326 ἐν
2302 2269 2598 2338 οὐρανοῖς.

2153 2455 2204 2508 5.
2255 2450 2614 2521 Ἐξαγαγέτω
2664 2451 2702 2518 ἡ
2748 2447 2823 2519 γῆ
2858 2446 3072 2517 ψυχὴν
3101 2445 3314 2506 ζῶσαν.
3369 2444 3457 2496 Οὐ·
3493 2444 3682 2496 τοίνυν

2084 2545 2480 2614 ἐναποκειμένη
2524 2546 2590 2613 τῇ
2621 2545 2691 2613 γῇ
2741 2543 2775 2613 ἡ
2824 2540 2970 2611 ψυχὴ
3010 2538 3120 2592 τῶν
3154 2538 3361 2605 ἀλόγων
3398 2536 3678 2606 ἐξεφάνη·

2083 2636 2196 2689 ἀλλ’
2219 2633 2352 2705 ὁμοῦ
2386 2632 2463 2702 τῷ
2495 2632 2881 2704 προστάγματι
2911 2629 3236 2698 συνυπέστη.
3281 2627 3397 2679 Μία
3438 2625 3499 2677 δὲ
3531 2625 3684 2694 ψυχὴ

2084 2727 2191 2778 τῶν
2221 2725 2450 2794 ἀλόγων.
2491 2725 2586 2775 Ἓν
2619 2722 2728 2792 γὰρ
2754 2720 2922 2791 αὐτὴν
2969 2717 3030 2771 τὸ
3061 2715 3468 2788 χαρακτηρίζον
3505 2716 3684 2774 ἐστὶν,

2084 2820 2116 2888 ὴ
2154 2817 2364 2885 ἀλογία.
2411 2814 2684 2884 Ἰδιώμασι
2719 2812 2773 2865 δὲ
2799 2810 3074 2881 διαφόροις
3110 2809 3336 2862 ἕκαστον
3373 2807 3487 2859 τῶν
3519 2806 3684 2870 ζώων

2087 2911 2335 2981 κέκριται
2372 2909 2502 2979 (21).
2537 2905 2819 2976 Εύσταθὴς
2852 2905 2950 2976 μὲν
2982 2903 3090 2974 γὰρ
3114 2901 3142 2952 6
3174 2900 3321 2972 βοῦς,
3354 2900 3540 2969 νωθὴς
3568 2900 3626 2952 δὲ
3658 2901 3687 2951 ὁ

2085 3005 2224 3066 ὖνος,
2275 3001 2474 3074 θερμὸς
2518 2999 2576 3053 δὲ
2614 3001 2642 3052 6
2697 2999 2862 3060 ἵππος
2909 2995 3046 3066 πρὸς
3098 2994 3394 3063 ἐπιθυμίαν
3439 2992 3539 3044 τοῦ
3581 2991 3688 3063 θῆ-

2086 3095 2205 3158 λεος
2230 3094 2363 3164 (22),
2395 3091 2781 3152 ἁτιθάσσευτος
2819 3091 2847 3142 6
2875 3087 3060 3150 λύκος,
3095 3086 3190 3139 κα)⁵
3215 3083 3432 3154 δολερὸν
3461 3085 3498 3154 ἡ
3539 3082 3690 3136 ἀλώ-

2088 3187 2218 3258 πηξ,
2253 3185 2423 3240 δειλὸν
2452 3187 2480 3238 6
2513 3184 2729 3253 ἔλαφος,
2768 3181 2797 3232 6
2841 3178 3063 3250 μύρμηξ
3111 3178 3414 3247 φιλόπονος,
3454 3176 3692 3245 εὐχάρι-

2091 3298 2213 3333 στον
2243 3282 2270 3332 6
2303 3279 2448 3332 κύων
2492 3278 2587 3330 καὶ
2618 3276 2756 3347 πρὸς
2789 3273 2968 3343 φιλίαν
3001 3269 3354 3342 μνημονικόν.
3395 3269 3571 3339 ’Θμοῦ
3613 3285 3684 3321 τε

2088 3370 2196 3440 γὰρ
2233 3369 2456 3438 ἐκτίσθη
2485 3367 2736 3429 ἕκαστον,
2770 3363 2865 3416 καὶ
2894 3359 3305 3431 συνεπηγάγετο
3335 3356 3448 3428 (-25)
3498 3356 3692 3426 ἑαυτῷ

2087 3463 2187 3532 τῆς
2216 3463 2432 3532 φύσεως
2476 3461 2536 3513 τὺ
2562 3459 2776 3528 ἰδίωμα.
2821 3453 3270 3524 Συναπεγεννήθη
3321 3454 3348 3503 6
3392 3448 3570 3519 θυμὸς
3600 3449 3689 3517 τῷ

2089 3555 2285 3616 λέοντι,
2321 3555 2381 3608 τὸ
2418 3552 2740 3624 μοναστικὸν
2775 3548 2938 3602 αὐτοῦ
2963 3548 3063 3616 τῆς
3089 3546 3252 3616 ζωῆς,
3280 3544 3341 3596 τὸ
3368 3541 3689 3610 ἀκοινώνη-

2089 3663 2180 3698 τον
2229 3646 2365 3715 πρὸς
2415 3643 2475 3696 τὸ
2512 3640 2802 3712 ὁμόφυλον,
2843 3634 2968 3691 Οἷον
3006 3637 3116 3708 γάρ
3148 3653 3233 3698 τις
3268 3634 3534 3704 τύραννος
3572 3633 3691 3684 τῶν

2091 3738 2328 3805 ἀλόγων,
2361 3735 2448 3790 διὰ
2475 3735 2573 3804 τὴν
2601 3736 2666 3787 ἐκ
2685 3732 2898 3802 φύσεως
2925 3729 3226 3799 ὑπεροψίαν
3257 3727 3353 3796 τὴν
3390 3725 3530 3795 πρὸς
3554 3725 3691 3788 τοῦς

2093 3829 2318 3891 πολλοὺς
2341 3826 2630 3897 ὁμοτιμίαν
2669 3826 2730 3878 οὐ
2762 3821 3136 3890 καταδέχεται.
3178 3819 3278 3879 "0;
3305 3834 3368 3886 γε
3401 3816 3523 3869 οὐδὲ
3566 3816 3691 3886 χθι-

2093 3923 2190 3993 ζὴν
2218 3921 2423 3992 τροφὴν
2452 3933 2756 3989 προσιεται,
2783 3914 2893 3968 οὐδ’
2925 3911 3084 3986 διν-τὰ
3111 3911 3337 3980 λείψανα
3362 3911 3461 3978 τῆς
3482 3906 3690 3959 ἑαυτοῦ

2093 4015 2266 4086 Θήρας
2289 4013 2532 4066 ἐπέλθοι·
2634 4011 2727 4063 καὶ
2747 4007 3050 4080 τηλικαῦτα
3074 4005 3173 4074 τῆς
3202 4003 3387 4071 φωνῆς
3411 4000 3478 4052 τὰ
3511 3999 3692 4069 ὅρτα-

2092 4126 2159 4161 να
2204 4109 2236 4178 ἡ
2273 4106 2436 4175 φύσις
2465 4104 2743 4172 ἐνέθηκεν,
2778 4100 2941 4162 ὥστε,
2977 4097 3149 4164 πολλὰ
3185 4094 3294 4147 τῶν
3323 4093 3475 4157 ζώων
3505 4092 3691 4161 ὑπερ-

2093 4198 2357 4253 ϐάλλοντα
2386 4201 2450 4268 τῇ
2477 4196 2758 4266 ταχύτητι,
2813 4193 2960 4263 μόνῳ
3009 4190 3270 4251 πολλάκις
3296 4184 3576 4240 ἁλίκεσθαι
3609 4183 3696 4253 τῷ

2051 4286 2054 4288 ’
2096 4288 2428 4360 βρυχήματι.
2469 4285 2752 4353 Ῥαγδαῖον
2801 4285 2834 4353 ἡ
2887 4280 3173 4353 πάρδαλις,
3230 4277 3326 4331 καὶ
3378 4275 3696 4346 ὀξύρροπον

2093 4381 2211 4441 ταῖς
2240 4378 2471 4448 ὁρμαῖς
2520 4374 2826 4443 ἐπιτήδειον
2857 4373 2994 4441 αὐτῇ
3032 4369 3093 4422 τὸ
3134 4367 3293 4438 σῶμα
3327 4365 3695 4427 συνέζευκται

413 4489 598 4537 neum,
629 4471 882 4540 quodque
923 4471 1116 4523 animm
1168 4470 1401 4521 motibus
1452 4466 1721 4527 convenit,
1759 4463 1807 4515 ei
1855 4476 1981 4514 con-

2094 4473 2157 4540 τῇ
2187 4469 2442 4538 ὑγρότητι
2474 4467 2568 4520 καί¹
2604 4465 2682 4535 τῷ
2710 4463 2919 4533 κούφῳ,
2947 4463 3058 4524 τοῖς
3089 4461 3185 4530 τῆς
3213 4457 3389 4527 ψυχῆς
3419 4457 3696 4526 κινήμασι

407 4563 650 4632 junctum
678 4573 778 4616 est.
804 4561 962 4629 Pigra
993 4570 1075 4616 est
1108 4574 1246 4612 ursae
1279 4567 1494 4621 natura,
1521 4553 1729 4607 indoles
1761 4549 1990 4620 peculia-

412 4657 508 4721 ris,
547 4671 726 4710 mores
773 4653 1002 4716 subdoli,
1033 4663 1087 4707 ει
1133 4652 1240 4704 alte
1279 4649 1428 4703 tecti.
1468 4647 1654 4701 Induta
1701 4655 1785 4700 est
1826 4649 1988 4698 etiam

498 4852 537 4885 ⁸³
554 4853 694 4908 Psal-
719 4869 904 4917 xavm,
933 4853 1016 4906 15.
1052 4852 1094 4882 ¹³
1115 4850 1320 4904 Coloss.
1363 4864 1443 4912 ut,
1486 4847 1537 4900 1.

495 4994 796 5070 (l7)_R_eg.__
825 4993 1046 5070 quintus
1090 4991 1273 5070 αὐτοῖς
1321 4991 1352 5058 ἡ
1398 4986 1670 5070 γέννησις.
1706 4984 1996 5070 Aliquanto

415 5053 535 5137 post
564 5053 751 5118 editio"
767 5053 926 5137 [ιειᾷιι.
959 5063 1283 5137 cmn_uu_tltts
1307 5053 1436 5111 mss.
1457 5061 1484 5110 6
1503 5053 1808 5127 ἅνθρωπος.
1836 5053 1999 5106 Deest

417 5131 679 5192 articulus
711 5137 763 5187 in
795 5135 1031 5186 editione
1066 5131 1242 5184 Paris.

487 5207 597 5278 (l8)
639 5205 818 5258 tiodex
851 5201 1103 5278 Cadmei.
1129 5198 1602 5278 cItttt_quihttsdam
1643 5209 1771 5247 mss.
1807 5194 1990 5278 γένεος-

415 5264 530 5330 κεν.
564 5264 699 5329 Ιίὲᾱὶιί
729 5292 850 5328 cum
877 5273 1196 5341 quilmsdam
1228 5264 1347 5321 aliis
1371 5266 1786 5341 npogrvévspusv.
1807 5264 1990 5336 [Contl

417 5349 688 5402 lrlclo'tium
726 5347 776 5398 in
819 5335 1058 5397 Crameri
1095 5341 1350 5393 Anecdot.
1392 5335 1426 5391 ιζ
1451 5338 1533 5393 ΙΙΙ,
1560 5335 1708 5405 ρ.7.]

492 5418 600 5485 (19)
633 5417 852 5469 Veteres
881 5414 1120 5485 quinque
1157 5411 1272 5463 libri
1313 5408 1618 5485 βλέπουσιν.
1648 5407 1779 5473 Reg.
1810 5413 1995 5456 sextus

418 5479 710 5541 σκοποῦσιν
743 5487 847 5547 ἓως
881 5479 966 5537 ἄν.
1008 5484 1144 5535 Editi
1190 5479 1570 5532 σκοπεύουσιν.

493 5559 602 5626 ('20)
641 5558 795 5610 Coll).
829 5543 1097 5626 secundus
1151 5551 1332 5626 ζητεῖν
1364 5551 1497 5601 ὅπου
1545 5549 1593 5600 ὁ.
1626 5545 1819 5601 Statim
1861 5543 1994 5612 Reg.

420 5621 639 5694 quintus
670 5626 840 5687 οὕτως
868 5623 1048 5675 διὰθου
1083 5621 1328 5694 σεαυτόν.

495 5695 601 5763 (⁸21)
635 5696 784 5747 Colb.
826 5695 1092 5747 secundus
1128 5691 1281 5754 ζώων
1310 5689 1677 5763 διακέκριται,

496 5753 608 5831 (22)
651 5765 825 5818 Editio
873 5763 1031 5815 Basil.
1088 5753 1208 5816 cum
1253 5777 1343 5814 εει
1375 5753 1525 5814 ιιιεε.’
1556 5756 1848 5826 ἐπιθυμίαν
1904 5753 1996 5806 τού

1617 4845 1661 4877 ¹⁸
1695 4843 1922 4913 Philipp.
1967 4858 2051 4910 ιιι,
2081 4841 2171 4896 20.

2099 4559 2487 4630 συνεπόμενον.
2512 4556 2715 4627 Νωθρὰ
2742 4557 2774 4626 ἡ
2802 4555 2962 4623 φύσις
2993 4553 3092 4622 τῆς
3123 4553 3348 4622 ἄρκτου,
3384 4547 3697 4616 ίδιότροπον

2097 4652 2193 4704 καὶ
2220 4650 2281 4703 τὸ
2311 4646 2464 4719 ἦθος,
2495 4647 2746 4711 ὕπουλον,
2791 4644 2928 4716 βαθὺ
2965 4641 3246 4705 ἐνδεδυκός
3284 4638 3419 4710 (21).
3457 4637 3697 4707 Ὅμοιον

2251 4844 2294 4874 ⁸³⁵
2325 4841 2492 4897 Ilebr.
2528 4858 2630 4907 xu,
2656 4842 2750 4907 22,
2779 4841 2851 4895 25

2105 4983 2315 5052 θήλεος.
2359 4983 2464 5034 Sed
2508 4981 2826 5050 typographi
2860 4977 3217 5052 Parisienses,
3251 4973 3392 5044 quod
3429 4973 3693 5052 huncin-

2105 5044 2227 5106 cum
2268 5044 2675 5106 vitiosum'ésse
2721 5044 2995 5117 putarent,
3041 5044 3558 5117 scripsertiitt_g;i;;
3590 5044 3692 5117 θή-

2104 5122 2246 5186 λεος,
2281 5126 2373 5175 sed
2405 5095 3293 5190 perperam.[Grzecienimgdijtuul
3319 5116 3348 5166 6
3379 5095 3555 5182 θῆλυέξ
3575 5095 3694 5167 ἐλέ-

2101 5211 2229 5261 φας,
2288 5185 2480 5260 [ρηιῖηίι
2504 5185 2515 5190 ’
2535 5192 2744 5261 elephas
2771 5205 2788 5261 ς
2815 5192 2842 5261 6
2877 5188 3041 5258 θῆλυς
3095 5187 3283 5261 ἵππος,
3335 5185 3693 5261 eqrtaxlgitur

2101 5255 2223 5389 post
2255 5255 2347 5315 has
2391 5277 2568 5324 Voces,
2617 5255 2715 5312 τοῦ
2761 5255 2973 5330 θήλεος,
3005 5259 3256 5323 suppleas
3290 5256 3452 5307 velim
3497 5255 3688 5308 ἵππου.

2129 5336 2300 5386 bidem
2332 5332 2481 5389 Regii
2513 5341 2698 5384 sextus
2725 5341 2780 5382 ct
2813 5342 3040 5382 octavus
3085 5326 3505 5378 ἀτιθάσσευτον.
3552 5325 3688 5378 Editi

2129 5336 2300 5386 bidem
2332 5332 2481 5400 Regii
2513 5341 2698 5400 sextus
2725 5341 2780 5382 ct
2813 5325 3040 5400 octavus
3064 5326 3505 5400 ﬁrmassentov.
3552 5325 3692 5378 Editi

2104 5420 2226 5457 cum
2251 5404 2370 5454 aliis
2403 5395 2529 5455 mss.
2554 5399 2963 5461 ἁτιθὰσσευτος.
2995 5397 3137 5450 Nihil
3172 5398 3337 5449 refert
3373 5397 3475 5448 hoc
3500 5413 3570 5448 an
3604 5395 3693 5448 illo

2110 5473 2266 5525 modo
2314 5473 2480 5538 legas.
2534 5472 2732 5524 Ibidem
2771 5471 2922 5522 multi
2962 5484 3094 5521 mss.
3133 5468 3228 5538 καὶ
3261 5465 3502 5538 δολερόν.
3534 5465 3693 5520 Deest

2107 5542 2200 5596 καί
2238 5545 2286 5591 iu
2327 5534 2504 5593 editis.
2555 5539 2672 5593 Mox
2713 5541 2847 5607 Reg.
2886 5546 3070 5593 sextus
3115 5534 3342 5608 μύρμηξ
3375 5534 3687 5605 φιλόπονον.

2181 5613 2290 5682 (‘25)
2323 5610 2454 5682 Reg.
2498 5623 2694 5682 sextus;
2718 5608 3155 5676 συναπηγὰγετο.

2179 5674 2292 5750 (21)
2338 5674 2434 5733 Μελ
2467 5679 2711 5734 (ὶιιιιιΙη-ί.
2755 5696 2876 5733 cum
2921 5674 3280 5750 lteg.ioctavo
3310 5675 3450 5744 βαθὺ
3485 5674 3584 5730 καὶ
3609 5675 3694 5731 tv-

2109 5749 2347 5814 δεδυκὸς.
2386 5754 2471 5804 [ιε.
2494 5763 2537 5805 ει
2572 5751 2666 5802 καί
2704 5755 2755 5804 in
2787 5750 2947 5804 editis
2976 5759 3028 5802 ει
3061 5749 3114 5802 in
3146 5749 3266 5802 aliis
3297 5762 3427 5801 mss.
