3850 6218
397 324 496 385 195

1692 319 1751 376 S.
1794 317 2034 373 BASILII
2070 313 2287 371 MAGNI

3535 302 3640 357 £96

396 446 663 499 minantes
701 440 804 496 sibi
848 440 914 494 ad
960 438 1349 493 nutrimentum
1386 436 1602 492 inutiles
1637 436 1954 491 reddantur.

2076 430 2319 501 ρώμενος.
2372 428 2660 483 Διακόπτει
2718 426 2824 497 γὰρ
2852 426 2997 511 ’ταῖς
3043 421 3235 476 ἑαυτοῦ
3282 420 3477 491 χηλαῖς
3530 420 3671 507 τῶνγ

397 533 623 589 Eosdem
653 532 815 585 etiam
844 529 1100 594 exsiccat,
1136 536 1267 594 tum,
1296 543 1419 583 cum
1451 541 1546 583 eos
1574 529 1738 582 sentit
1783 525 1961 579 made-

396 624 569 679 factos
603 641 615 676 :
647 635 745 676 nec
785 621 929 675 omni
983 627 1222 689 tempore
1260 633 1354 674 eos
1392 618 1677 688 expromit,
1713 607 1803 671 sed
1840 630 1962 670 cum

398 729 577 769 aerem
610 713 661 765 in
698 718 1058 766 serenostatu
1090 724 1402 766 mansurum
1435 724 1557 765 esse
1598 706 1958 778 praesenserit.

400 804 518 859 Non
551 802 735 871 utique
766 801 953 856 videas
982 801 1210 855 imbrem
1251 815 1318 856 ex
1361 800 1590 856 nubibus
1620 798 1960 865 defluentem,

399 904 599 964 quanto
650 901 893 963 tempore
941 905 972 945 a
1017 890 1256 947 formicis
1288 892 1593 963 expositum
1632 892 1961 947 frumentum

398 994 500 1041 est.
538 984 670 1051 Quis
717 998 896 1040 sermo
948 985 1060 1040 haec
1111 986 1281 1053 possit
1336 984 1587 1054 assequi?
1619 985 1739 1053 quis
1789 983 1965 1052 capiet

398 1076 655 1131 auditus?
694 1075 965 1147 quodnam
1009 1085 1215 1145 tempus
1246 1077 1377 1130 satis
1405 1075 1509 1129 erit
1537 1076 1775 1130 dicendis
1804 1088 1963 1129 enar-

401 1168 694 1238 randisque
737 1168 945 1237 opificis
988 1168 1260 1224 miraculis
1300 1170 1586 1224 omnibus?
1618 1168 1869 1223 Dicamus
1908 1177 1966 1223 et

400 1273 499 1313 nos
542 1272 665 1314 cum
712 1256 979 1327 Propheta
1012 1278 1024 1312 :
1056 1258 1227 1325 Quam
1274 1260 1606 1328 magniﬁcam
1645 1269 1763 1314 sunt
1807 1276 1964 1325 opera

399 1360 511 1416 tua,
550 1348 815 1403 Domine!
850 1351 1019 1404 omnia
1070 1352 1125 1404 in
1166 1351 1420 1419 sapientia
1465 1352 1633 1420 fecisti
1662 1353 1727 1406 ¹⁶.
1782 1350 1965 1420 Itaque

402 1440 546 1495 haud
578 1440 823 1497 excusari
854 1443 1168 1511 poterimus,
1193 1444 1334 1511 quod
1364 1457 1425 1498 ea
1454 1458 1573 1513 quze
1604 1441 1961 1498 conducibilia

402 1541 549 1596 sunt,
577 1530 769 1587 litteris
816 1546 918 1585 non
970 1546 1153 1587 sumus
1198 1534 1372 1588 edocti
1403 1552 1417 1588 :
1448 1534 1881 1604 quandoquidem
1912 1535 1964 1588 id

404 1619 545 1687 quod
590 1620 719 1675 utile
764 1630 866 1686 est,
902 1637 998 1694 per
1036 1624 1204 1694 legem
1251 1634 1456 1679 naturae
1485 1626 1620 1681 citra
1661 1626 1962 1681 doctrinam

405 1710 560 1766 nobis
590 1712 788 1779 eligere
814 1712 959 1768 licet.
995 1715 1114 1770 Scis
1143 1715 1269 1785 quid
1307 1730 1337 1769 a
1370 1725 1421 1771 te
1443 1716 1568 1772 boni
1599 1717 1961 1787 praestandum

2073 521 2297 589 καρπῶν
2341 520 2401 573 τὸ
2440 520 2781 590 μεσαίτατον,
2815 516 2889 579 ὡς
2925 517 2991 570 ἂν
3027 516 3102 585 μὴ
3145 513 3436 582 ἐκφυέντες
3474 511 3667 595 ἇχρηέ

2073 629 2185 665 στοι
2218 612 2352 683 πρὸς
2383 612 2585 683 τροφὴν
2618 609 2765 680 αὑτῷ
2800 608 3058 677 γένοιντο.
3105 606 3213 660 Καὶ
3238 603 3493 673 διαψύχει
3522 601 3675 685 τού-ἐ

2069 723 2213 771 τους,
2267 706 2392 758 ὅταν
2437 703 2688 775 αἴσθηται
2720 701 2897 756 αὐτῶν
2938 699 3269 769 διαϐρόχων’
3318 697 3414 749 καὶ
3445 696 3555 748 οὐκ
3587 696 3674 769 ἐνί

2070 796 2234 851 παντὶ
2267 794 2556 867 προϐάλλει
2591 792 2784 866 καιρῷ,
2823 791 2935 846 ἀλλ’
2976 790 3105 843 ὅταν
3140 785 3509 859 προαίσθηται
3548 776 3675 837 τοῦῖ

2069 888 2228 958 ἀέρος
2283 888 2340 940 ἐν
2404 885 2581 957 εὑδινῇ
2643 884 2755 955 (54)
2815 882 3145 937 καταστάσει
3207 877 3641 949 φυλαττομένου.

2082 978 2297 1049 Ἀμέλει
2344 979 2443 1030 οὑκ
2481 978 2547 1031 ἂν
2582 976 2708 1039 ῐδοις
2739 974 2941 1046 ὄμϐρον
2987 975 3052 1027 ἐκ
3092 972 3266 1041 νεφῶν
3307 968 3645 1041 ἐπιρῤυέντα

2070 1072 2201 1141 παρ’
2226 1071 2347 1124 ὅσον
2376 1069 2564 1140 χρόνον
2605 1068 2671 1120 ἐκ
2707 1066 2812 1119 τῶν
2850 1067 3152 1137 μυρμήκων
3196 1065 3224 1116 ὁ
3264 1064 3408 1125 σῖτος
3440 1059 3645 1131 προϐέ-

2071 1161 2281 1233 ϐληται.
2341 1160 2437 1224 Τίς
2484 1160 2739 1229 ἐφίκηται
2785 1157 2897 1228 (55)
2945 1157 3135 1224 λόγος;
3202 1154 3328 1207 ποία
3397 1153 3644 1223 χωρήσει

2070 1253 2205 1324 ἀκοή
2228 1269 2241 1317 ;
2266 1252 2349 1315 τίς
2384 1252 2667 1323 ἐξαρκέσει
2703 1249 2892 1321 χρόνος
2921 1248 3097 1303 πάντα
3124 1249 3295 1300 εἰπεῖν
3328 1246 3423 1299 καὶ
3450 1245 3650 1316 διηγή-

2071 1344 2262 1397 σασθαι
2289 1343 2382 1397 τοῦ
2397 1345 2638 1414 τεχνίτου
2659 1343 2728 1396 τά
2756 1342 3042 1413 θαύματα;
3070 1339 3325 1410 Εῐπωμεν
3352 1340 3447 1393 καὶ
3479 1341 3647 1408 ἡμεῖς

2074 1434 2212 1505 μετὰ
2240 1434 2333 1489 τοῦ
2367 1436 2646 1506 προφήτου
2666 1450 2680 1464 ο
2723 1434 2815 1499 Ὡς
2839 1433 3211 1503 ἐμεγαλύνθη
3237 1431 3309 1484 τὰ
3330 1430 3477 1498 ἔργα
3504 1446 3644 1494 σου,

2069 1528 2274 1595 Κύριε·
2308 1526 2503 1579 πάντα
2525 1526 2594 1579 ἐν
2632 1524 2819 1593 σοφίᾳ
2850 1524 3158 1591 ἐποίησας.
3196 1521 3271 1574 Οὑ
3320 1519 3506 1573 τοίνυν
3532 1518 3644 1588 (36)

2071 1619 2201 1688 ἡμῖν
2228 1617 2363 1687 πρὸς
2390 1617 2683 1685 ἀπολογίαν
2723 1614 2994 1686 αὔταρκες
3035 1614 3095 1668 τὸ
3127 1612 3201 1684 μὴ
3229 1612 3523 1683 γράμμασι
3566 1611 3647 1663 δι-

2071 1708 2331 1779 δαχθῆναι
2383 1708 2452 1761 τὰ
2514 1708 2880 1779 συμφέροντα,
2933 1705 3009 1777 τῷ
3060 1704 3326 1774 ἀδιδάκτῳ
3375 1704 3475 1774 τῆς
3542 1701 3648 1771 φύ-

403 1802 473 1856 sit
523 1804 805 1871 proximo?
855 1803 1006 1871 Quod
1056 1806 1150 1860 tibi
1204 1806 1303 1875 ipsi
1353 1807 1421 1863 ab
1473 1808 1643 1863 altero
1688 1808 1769 1863 vis
1822 1808 1959 1863 fieri.

2076 1816 2203 1863 ςεως
2249 1801 2397 1871 νόμῳ
2444 1800 2543 1871 τὴν
2588 1799 2681 1853 τοῦ
2716 1797 3115 1861 λυσιτελοῦντος
3156 1797 3365 1868 αἵρεσιν
3411 1793 3647 1863 δεξαμέο

402 1890 556 1945 Νοειί
584 1891 711 1960 quid
748 1893 818 1947 sit
849 1894 1083 1948 malum?
1114 1895 1265 1961 Quod
1290 1896 1403 1965 ipse
1431 1896 1568 1951 nolis
1600 1896 1668 1952 ab
1700 1896 1806 1951 alio
1835 1898 1963 1966 pati.

404 1981 557 2037 Nulla
591 1984 944 2039 secandarum
997 1986 1237 2040 radicum
1287 2003 1399 2053 ars,
1438 1988 1642 2042 nullum
1676 1987 1965 2042 herbarum

403 2072 835 2141 experimentum
882 2074 1055 2128 brutis
1100 2076 1426 2131 animalibus
1459 2077 1668 2131 utilium
1712 2078 1968 2146 cognitio-

407 2178 529 2216 nem
557 2164 785 2219 contulit
810 2182 824 2218 :
854 2166 947 2220 sed
977 2166 1292 2221 naturaliter
1320 2168 1739 2238 unumquodque
1770 2170 1971 2224 animal

407 2255 595 2310 salutis
641 2256 1015 2326 comparanda:
1062 2259 1325 2314 rationem
1379 2260 1650 2330 cognovit,
1696 2260 1967 2330 habetque

406 2343 822 2401 inenarrabilem
867 2347 1153 2413 quamdam
1203 2361 1324 2402 cum
1372 2360 1437 2404 eo
1486 2350 1627 2419 quod
1675 2350 1967 2407 secundum

402 2442 653 2491 naturam
682 2444 766 2490 est
794 2436 1263 2492 necessitudinem.

476 2707 530 2763 4.
571 2705 810 2763 Insident
854 2714 1032 2761 autem
1081 2714 1138 2762 et
1188 2706 1343 2763 nobis
1395 2708 1623 2764 virtutes
1673 2709 1966 2767 secundum

407 2804 674 2864 naturam,
698 2811 820 2852 cum
844 2797 1037 2867 quibus
1062 2798 1202 2853 inest
1224 2799 1417 2854 animas
1455 2799 1687 2855 afﬁnitas
1715 2802 1964 2871 quaedam

408 2903 519 2945 non
565 2903 633 2944 ex
676 2887 922 2945 doctrina
970 2889 1286 2958 hominum,
1336 2892 1430 2947 sed
1478 2907 1544 2948 ex
1589 2892 1703 2961 ipsa
1754 2902 1964 2948 natura.

407 2981 867 3049 Quemadmodum
916 2982 1059 3036 enim
1117 2983 1265 3037 nulla
1309 2983 1591 3052 disciplina
1635 3000 1735 3040 nos
1781 2987 1970 3041 edocet

407 3073 658 3127 morbum
705 3072 905 3140 odisse,
940 3072 1034 3127 sed
1079 3089 1145 3129 ex
1187 3075 1586 3146 nobismetipsis
1616 3092 1678 3132 ea
1709 3094 1833 3148 quae
1862 3095 1968 3135 mo-

408 3163 617 3218 lestiam
668 3172 884 3229 creant,
938 3179 1251 3219 aversamur
1280 3182 1295 3219 :
1328 3167 1400 3220 ita
1449 3177 1505 3222 et
1553 3170 1732 3223 anima
1765 3186 1793 3223 a
1828 3172 1968 3225 malo

408 3253 642 3308 declinat
666 3252 800 3308 citra
832 3254 1156 3309 doctrinam.
1183 3253 1355 3310 Omne
1385 3264 1562 3311 autem
1596 3259 1784 3313 vitium
1811 3262 1968 3331 aegri-

408 3342 536 3396 tudo
558 3350 645 3396 est
669 3342 862 3397 anima:
892 3359 907 3396 :
942 3343 1111 3400 virtus
1134 3357 1262 3399 vero
1291 3345 1554 3401 rationem
1585 3348 1791 3403 obtinet
1830 3350 1969 3404 sani-

409 3432 553 3488 tatis.
585 3432 810 3498 Quidam
841 3433 983 3488 enim
1009 3434 1097 3503 qui
1129 3436 1414 3491 sanitatem
1449 3446 1592 3494 recte
1622 3439 1962 3503 definierunt,

411 3524 598 3578 dixere
620 3536 737 3577 eam
767 3538 887 3578 esse
919 3525 1187 3580 actionum
1225 3527 1548 3583 naturalium
1594 3530 1788 3585 bonam
1816 3532 1969 3585 habi-

413 3614 671 3668 tudinem.
704 3612 857 3681 Quod
886 3616 1025 3669 idem
1048 3617 1093 3670 si
1119 3617 1241 3685 quis
1269 3632 1484 3687 quoque
1516 3620 1582 3675 de
1608 3620 1747 3676 bono
1776 3622 1969 3676 animae

412 3706 601 3761 habitu
633 3706 854 3773 dixerit,
894 3722 925 3761 a
959 3707 1153 3761 decoro
1187 3722 1291 3762 non
1323 3710 1615 3766 aberrabit.
1648 3710 1825 3778 Quare
1849 3714 1968 3767 ani-

411 3812 496 3850 ma
548 3797 683 3851 citra
739 3796 1041 3851 doetrinam
1088 3798 1142 3850 id
1198 3800 1339 3867 quod
1391 3801 1493 3855 sibi
1539 3803 1811 3871 proprium
1863 3816 1967 3867 est,

409 3887 659 3956 quodque
688 3887 788 3942 sibi
819 3895 1011 3942 natura
1041 3890 1308 3955 convenit,
1338 3893 1558 3960 appetit.
1596 3892 1731 3949 Hinc
1762 3904 1967 3964 tempe-

407 3978 581 4032 rantia
626 3978 694 4032 ab
730 3979 980 4035 omnibus
1031 3979 1294 4047 laudatur,
1340 3985 1667 4053 approbatur
1706 3986 1917 4056 justitia
1952 4007 1965 4042 :

408 4068 669 4124 fortitudo
701 4079 784 4125 est
817 4071 1158 4126 admirationi
1188 4091 1203 4127 :
1234 4076 1515 4144 prudentia
1547 4078 1702 4133 valde
1741 4089 1967 4149 exopta-

409 4170 515 4215 tur.
565 4161 695 4228 Quae
738 4161 965 4217 virtutes
1006 4165 1175 4233 magis
1222 4166 1436 4235 proprie
1468 4167 1579 4239 84
1622 4170 1688 4222 ad
1732 4172 1967 4225 animam

407 4254 701 4323 pertinent,
730 4268 889 4322 quam
932 4256 997 4309 ad
1042 4270 1237 4325 corpus
1280 4259 1502 4315 sanitas.
1540 4261 1806 4334 Vos‘filii,
1844 4265 1967 4318 dili-

412 4342 521 4411 gite
564 4352 832 4410 parentes.
874 4341 976 4395 Vos
1013 4352 1273 4411 parentes,
1312 4344 1467 4400 nolite
1521 4347 1589 4401 ad
1636 4348 1966 4403 iracundiam

2070 1908 2197 1954 νοις.
2258 1886 2417 1954 Οἶδας
2482 1890 2532 1944 τί
2594 1892 2837 1962 ποιήσεις
2895 1889 2974 1961 τῷ
3030 1888 3255 1959 πλησίον
3318 1887 3521 1950 καλὸν;
3574 1889 3644 1939 Ὅ

2072 1982 2279 2053 σεαυτῷ
2338 1981 2514 2052 βούλει
2569 1985 2695 2053 παρ’
2750 1982 2935 2054 ἐτέρου
2983 1980 3253 2049 γενέσθαι.
3307 1975 3468 2043 Οἶδας
3510 1980 3541 2032 ὃ
3588 1977 3648 2032 τι

2070 2074 2202 2128 ποτέ
2267 2076 2382 2127 ἐστι
2447 2075 2507 2127 τὸ
2559 2074 2775 2139 κακόν;
2831 2075 2894 2127 Ὃ
2945 2073 3044 2126 οὐκ
3100 2071 3167 2125 ἂν
3219 2072 3381 2135 αὐτὸς
3446 2072 3647 2123 παθεῖν

2069 2166 2209 2220 ἕλοιο
2235 2166 2362 2238 παρ’
2395 2166 2601 2237 ἐτέρου.
2653 2166 2887 2236 Οὐδεμία
2931 2164 3246 2235 ριζοτομικὴ
3287 2162 3473 2234 τέχνη,
3522 2163 3646 2215 οὑδὲ

2069 2258 2330 2329 ἐμπειρία
2390 2256 2644 2329 βοτανικὴ
2708 2257 2817 2310 τῶν
2887 2256 3177 2327 ὠφελίμων
3242 2258 3355 2317 τοῖς
3424 2254 3645 2323 ἀλόγοις

2068 2348 2165 2419 τὴν
2196 2347 2536 2403 διδασκαλίαν
2563 2347 2778 2419 ἐξεῦρεν
2800 2366 2813 2378 ·
2849 2348 2985 2403 ἀλλὰ
3009 2346 3250 2417 φυσικῶς
3279 2348 3512 2400 ἕκαστον
3537 2346 3645 2398 τῶν

2071 2439 2225 2503 ζώων
2252 2442 2351 2511 τῆς
2377 2441 2584 2504 οἰκείας
2612 2441 2728 2494 ἐστὶ
2759 2440 3029 2511 σωτηρίας
3058 2440 3392 2511 ποριστικὸν,
3420 2440 3518 2491 καὶ
3546 2439 3646 2509 ἁρ-

2072 2532 2235 2602 ρητόν
2280 2548 2400 2585 τινα
2442 2532 2701 2602 κέκτηται
2738 2532 2835 2601 τὴν
2879 2532 3012 2603 πρὸς
3062 2532 3122 2584 τὸ
3162 2528 3302 2583 κατὰ
3345 2529 3513 2597 φύσιν
3566 2530 3647 2581 οἰ-
3700 2544 3707 2551 ·

2070 2624 2311 2679 κείωσιν.

2137 2714 2198 2771 4.
2226 2714 2346 2767 Εἰσί
2384 2715 2442 2768 δὲ
2487 2715 2579 2768 καὶ
2614 2714 2744 2785 παρ’
2778 2717 2909 2786 ήμῖν
2947 2716 3002 2769 αἰ
3048 2713 3238 2786 ἀρεταὶ
3272 2711 3415 2766 κατὰ
3456 2710 3641 2780 φύσιν,

2069 2806 2206 2878 πρὸς
2238 2806 2304 2870 ἃς
2338 2808 2371 2877 ή
2400 2806 2669 2869 οἰκείωσις
2696 2806 2795 2876 τῆς
2819 2806 2995 2878 ψυχῆς
3024 2806 3135 2878 (57)
3163 2807 3260 2859 οὐκ
3290 2806 3353 2857 ἐκ
3380 2803 3644 2855 διδασκα-

2070 2897 2189 2960 λίας
2212 2896 2532 2968 ἀνθρώπων,
2569 2896 2682 2952 ἀλλ’
2717 2895 2776 2961 ἐξ
2809 2898 2977 2968 αὐτῆς
3011 2898 3111 2967 τῆς
3148 2898 3381 2966 φύσεως
3404 2896 3647 2967 ἐνυπάρ-

2072 3006 2176 3059 χει.
2225 2987 2311 3051 Ὦς
2353 2986 2461 3057 γὰρ
2494 2986 2668 3050 οὐδεὶς
2716 2988 2862 3057 ἡμᾶς
2897 2987 3051 3056 λόγος
3088 2987 3325 3041 διδάσκει
3357 2987 3459 3058 τὴν
3488 2987 3650 3039 νόσον

2076 3081 2271 3150 μισεῖν,
2306 3078 2418 3131 ἀλλ’
2447 3078 2749 3148 αὐτόματον
2773 3078 2966 3149 ἔχομεν
2994 3079 3093 3149 τὴν
3120 3079 3253 3148 πρὸς
3280 3078 3346 3130 τὰ
3369 3077 3649 3130 λυποῦντα

2069 3172 2336 3243 διαϐολήνο
2369 3170 2509 3224 οὕτω
2549 3172 2643 3224 καὶ
2671 3174 2737 3241 τῇ
2769 3170 2913 3242 ψυχῇ
2953 3171 3065 3241 (58)
3106 3171 3217 3223 ἔστι
3254 3187 3339 3233 τις
3358 3169 3650 3232 ἀδίδακτος

2070 3264 2307 3326 ἔκκλισις
2333 3263 2426 3316 τοῦ
2456 3262 2644 3316 κακοῦ.
2674 3262 2857 3316 Κακδν
2893 3263 2950 3316 δὲ
2981 3264 3089 3316 πᾶν
3118 3261 3396 3333 ἀρρωστία
3423 3260 3607 3331 ψυχῆς
3626 3277 3642 3291 ·

2068 3356 2101 3424 ή
2128 3353 2185 3407 δὲ
2216 3353 2384 3425 ἀρετὴ
2432 3352 2587 3421 λόγον
2626 3353 2833 3422 ὑγιείας
2875 3354 3079 3424 ἐπέχει.
3129 3352 3325 3416 Καλῶς
3352 3353 3463 3424 γὰρ
3507 3352 3645 3423 ὡρί-

2073 3446 2229 3499 σαντό
2257 3462 2398 3509 τινες
2434 3444 2641 3513 ὑγίειαν
2676 3441 2814 3499 εἶναι
2863 3446 2961 3517 τὴν
3004 3445 3323 3499 εὐστάθειαν
3361 3446 3472 3499 τῶν
3500 3444 3649 3499 κατὰ

2071 3538 2230 3607 φύσιν
2263 3536 2570 3607 ἐνεργειῶν.
2611 3538 2675 3589 Ὃ
2698 3538 2790 3591 καὶ
2816 3539 2907 3590 ἐπί
2929 3538 3029 3607 τῆς
3054 3537 3194 3591 κατὰ
3222 3537 3399 3607 ψυχὴν
3426 3535 3648 3602 εὐεξίας

2070 3625 2257 3689 εἰπὼν,
2291 3626 2388 3696 οὐχ
2416 3628 2717 3698 ἁμαρτήσει
2751 3627 2843 3680 τοῦ
2874 3628 3194 3699 πρέποντος.
3231 3628 3393 3680 Ὅθεν
3425 3628 3647 3697 ὀρεκτι-

2070 3716 2141 3785 κὴ
2177 3716 2267 3769 τοῦ
2302 3718 2500 3771 οἰκείου
2540 3719 2632 3770 καὶ
2663 3718 2802 3771 κατὰ
2829 3718 2987 3787 φύσιν
3030 3720 3165 3790 αὑτῇ
3197 3717 3308 3790 (59)
3340 3718 3647 3782 ἀδιδάκτως

2071 3807 2219 3860 ἐστὶν
2240 3810 2273 3877 ἡ
2303 3807 2467 3880 ψυχή.
2504 3810 2595 3861 Διὸ
2620 3810 2875 3880 ἐπαινετὴ
2904 3812 3065 3864 πᾶσιν
3095 3814 3127 3881 ή
3156 3813 3475 3883 σωφροσύνη
3496 3829 3512 3844 ⁸
3548 3813 3645 3865 καὶ

2070 3899 2338 3971 ἀποδεκτὴ
2392 3902 2424 3971 ὴ
2479 3901 2823 3971 δικαιοσύνη·
2871 3902 2965 3955 καὶ
3004 3901 3285 3973 θαυμαστὴ
3325 3903 3638 3973 ἡάνδρεία·

2071 3992 2165 4044 καὶ
2203 3994 2236 4062 ή
2267 3993 2525 4064 φρόνησις
2556 3995 3035 4064 περισπούδαστος.
3085 3994 3151 4046 Ἃ
3179 3994 3482 4065 οἰκειότερά
3522 3996 3641 4047 ἐστι

2072 4082 2305 4152 τῇψυχῇ
2338 4082 2537 4152 μᾶλλον
2588 4083 2619 4154 ἢ
2666 4084 2741 4155 τῷ
2792 4084 2999 4155 σώματι
3048 4088 3081 4157 ή
3128 4086 3303 4154 ὑγεία.
3338 4084 3421 4138 Τὰ
3452 4084 3637 4149 τέκνα,

2072 4172 2318 4238 ἀγαπᾶτε
2334 4173 2459 4234 τοὺς
2489 4172 2728 4244 πατέρας
2750 4174 2880 4244 (40).
2919 4178 2983 4227 Οἱ
3014 4174 3229 4244 γονεῖς,
3251 4173 3339 4243 μὴ
3369 4175 3644 4243 παροργί-

2071 4262 2193 4322 ζετε
2219 4262 2290 4316 τὰ
2316 4263 2514 4316 τέκνα.
2544 4265 2635 4334 Μὴ
2667 4267 2812 4334 καὶὴ
2846 4264 3004 4333 φύσις
3031 4263 3203 4318 ταῦτα
3229 4265 3288 4317 οὑ
3322 4264 3507 4333 λέγει;
3535 4265 3643 4317 Οὑ-

2071 4358 2157 4411 δὲν
2196 4358 2377 4411 καινὸν
2398 4359 2655 4427 παραινεῖ
2682 4355 2911 4418 Παύλος,
2940 4355 3076 4409 ἀλλὰ
3105 4355 3171 4408 τὰ
3201 4355 3374 4426 δεσμὰ
3403 4356 3506 4425 τῆς
3540 4355 3644 4425 φύ-

409 4448 687 4501 prorocare
719 4432 855 4500 ﬁlios
890 4433 954 4487 ".
988 4431 1237 4503 Nunquid
1295 4436 1409 4492 haec
1456 4451 1563 4492 non
1609 4439 1738 4493 dicit
1772 4450 1827 4495 et
1870 4456 1963 4496 na-

2076 4464 2210 4510 σεως
2265 4447 2599 4515 ἐπισφίγγει.
2649 4446 2711 4498 Εἰ
2755 4446 2789 4515 ή
2836 4445 3017 4497 λέαινα
3067 4433 3282 4515 στέργει
3333 4445 3399 4497 τά
3442 4444 3503 4509 ἐξ
3548 4446 3642 4499 αὑ-

404 4531 528 4578 tura
565 4524 714 4592 ipsa?
752 4521 894 4578 Nihil
943 4525 1067 4579 novi
1120 4535 1301 4581 monet
1340 4526 1584 4584 Paulus:
1622 4531 1714 4585 sed
1763 4541 1963 4587 naturae

2076 4536 2172 4606 τῆς
2197 4535 2329 4606 (4i),
2365 4536 2457 4589 καὶ
2502 4536 2662 4598 λύκος
2700 4535 2838 4605 ὑπὲρ
2868 4535 3151 4590 σκυλάκων
3183 4537 3434 4607 μάχεται,
3467 4536 3522 4588 τί
3560 4536 3639 4588 εί-

405 4615 619 4670 vincula
656 4614 992 4686 constringit.
1037 4614 1095 4671 Si
1141 4616 1305 4673 leaena
1346 4628 1493 4675 amat
1540 4620 1679 4678 fetus
1732 4638 1881 4683 suos.
1915 4635 1968 4679 et

493 4731 536 4762 ¹⁶
565 4731 707 4785 Psal.
739 4746 855 4797 CIII,
886 4731 977 4786 24.
1054 4731 1094 4763 "’
1128 4731 1323 4802 Eph'es.
1358 4742 1430 4797 vi,
1462 4736 1514 4788 4.

478 4847 875 4922 (5_4)-Non_nulli
910 4866 1038 4922 mss.
1066 4852 1138 4922 ἐν
1165 4852 1414 4922 εὐδιεινῇ.
1452 4853 1573 4909 Mox
1606 4871 1700 4911 sex
1728 4872 1855 4913 mss.
1895 4861 1959 4913 ἐκ

403 4917 581 4992 νεφῶν
602 4918 945 4992 ἐπιιρρυέντα.
985 4920 1122 4975 Editi
1152 4917 1513 4992 ἀπορρυέντα.

479 4984 590 5058 (55)
811 4998 1033 5066 octavus
1068 5006 1187 5066 cum
1238 4984 1672 5066 Golbasecundo
1724 4996 1806 5059 τίς
1858 4999 1957 5066 ἐφ-

414 5056 603 5133 ίκοιτηο.
627 5056 772 5133 Editi
811 5072 932 5133 curn
959 5059 1225 5133 aliquibus
1246 5076 1375 5117 mss.
1405 5062 1678 5133 ἐφίκηται.

478 5125 587 5196 (56)
624 5125 775 5199 Regii
822 5125 1060 5196 primus,
1107 5130 1315 5192 tertius,
1346 5125 1565 5198 quintus
1612 5143 1664 5185 et
1715 5146 1956 5199 octavus,

408 5195 642 5268 itemque
668 5195 1121 5268 Colb.;secundus
1151 5195 1441 5268 ἐποίησας·
1477 5202 1538 5253 οὐ
1573 5203 1772 5257 τοίνυν.
1814 5195 1955 5258 Editi

404 5265 714 5341 ἐποίησας’-
740 5264 843 5318 ποῦ
881 5267 1079 5341 τοίνυν.
1120 5264 1409 5341 Aliquanto
1445 5282 1563 5339 post
1604 5271 1735 5341 Reg.
1773 5283 1958 5327 sextus

406 5333 637 5408 φύσεως-
655 5334 797 5405 λόγῳ
827 5336 966 5408 :sed
994 5333 1239 5408 genuina
1252 5338 1409 5393 lectio
1447 5333 1658 5408 'legitur
1686 5333 1749 5395 in
1811 5360 1956 5396 mar~

406 5405 552 5475 gitte,
572 5404 785 5473 φύσεως
814 5405 981 5475 νόμῳ.

477 5471 1047 5547 (5Ἱ)ΑΜυΙιῑμηιεε.’τῆς
1091 5476 1290 5546 ψυχῆς.
1324 5476 1464 5532 Editi
1494 5494 1623 5534 vero
1645 5496 1766 5534 cum
1804 5481 1956 5536 Colb.

407 5545 642 5615 secunde
668 5545 733 5611 τῇ
761 5543 929 5615 ψυχῇ-

479 5611 701 5680 (38).ltn
743 5611 1007 5692 se.x:'_tnss.
1061 5615 1200 5692 Editi
1252 5616 1393 5692 οὕτω
1444 5618 1781 5692 καὶιψυχῆς.
1839 5620 1961 5676 Mox

408 5675 541 5749 Reg.
570 5675 758 5737 Sextus
786 5682 1120 5754 ἀρρώστημα
1155 5684 1353 5756 ψυχῆς.

2076 4646 2150 4699 πῃ
2181 4628 2290 4699 (42)
2321 4628 2603 4700 ἄνθρωπος
2652 4629 2745 4681 κα)⁸
2792 4629 2894 4698 τῆς
2935 4629 3152 4700 ἐντολῆς
3180 4629 3506 4701 παρακούων
3544 4630 3644 4684 καὶ

2139 4860 2249 4929 (59)
2282 4859 2380 4914 Ms.
2402 4859 2641 4932 Combef.
2668 4875 2789 4932 cum
2824 4860 3008 4932 Regiis
3031 4862 3228 4929 primo.
3252 4864 3462 4932 quinto,
3480 4876 3646 4920 sexto

2064 4938 2119 4983 et
2144 4928 2335 4983 Octavo
2372 4928 2513 4982 κατὰ
2536 4929 2696 4997 φύσιν
2730 4930 2890 5001 αὐτή.
2912 4928 3069 4986 Editi
3106 4947 3235 4987 vero
3269 4928 3393 4987 cum
3423 4935 3643 4989 duobus

2067 5014 2200 5051 mss.
2225 5001 2387 5051 αὐτῆ.

2136 5002 2489 5141 (Ξοθῗῖτεῗέςῖιιη
2535 5069 2731 5141 Ephes.
2765 5084 2835 5135 Vt,
2869 5070 2919 5136 1,
2957 5071 3257 5125 ὑπακούετε
3301 5075 3413 5136 τοῖς
3446 5074 3642 5141 γονεῦ-

2066 5154 2140 5193 σι.
2179 5137 2377 5190 obedite
2414 5140 2736 5205 parentibus.

2135 5205 2575 5281 (ί1)ΕιΙὶιίᾲρυηι
2611 5208 2757 5281 Reg.
2814 5209 2970 5281 tertio
2999 5210 3066 5262 τὰ
3111 5210 3169 5277 ἐξ
3228 5212 3397 5281 αὐτῆς
3441 5212 3635 5267 τέκνα.

2065 5276 2213 5329 Colb.
2251 5278 2517 5347 secundus
2566 5277 2635 5329 τὰ
2681 5278 2878 5347 ἑαυτῆς
2922 5281 3109 5333 τέκνα.
3157 5276 3261 5335 Sed
3308 5276 3405 5333 vox
3466 5282 3639 5336 τέκνα.

2071 5347 2220 5397 deest
2252 5346 2303 5398 in
2335 5345 2483 5398 Bodl.
2513 5355 2565 5399 et
2608 5349 2658 5397 in
2694 5345 2969 5403 codicibus
3022 5351 3262 5404 melioris
3310 5360 3468 5404 noue.
3522 5351 3639 5407 Nec

2069 5415 2238 5491 v_a_lde_
2262 5415 2548 5491 admodum
2581 5416 2765 5491 dubito
2795 5420 3137 5491 quinmelius
3162 5422 3321 5482 absit,
3354 5431 3466 5473 tum
3487 5424 3637 5491 quod

2067 5484 2271 5550 ellipsis
2304 5486 2405 5536 hoc
2432 5484 2563 5555 loco
2581 5485 2864 5553 elegantiae
2888 5487 3088 5555 aliquid
3126 5490 3325 5543 habere
3350 5484 3635 5553 viden-tur,

2068 5562 2179 5630 tum
2210 5555 2351 5622 quod
2375 5568 2475 5607 vox
2508 5552 2687 5605 τέκνα
2710 5570 2740 5608 a
2778 5552 3015 5621 quolibet
3044 5558 3203 5612 facile
3243 5560 3479 5628 suppleri
3507 5552 3639 5630 pos?

2069 5623 2157 5676 sit.

2146 5690 2251 5759 (i2)
2285 5690 2503 5749 Codices
2546 5696 2781 5764 quinque
2805 5694 2953 5766 εἴπῃ.
2986 5696 3126 5753 Editi
3154 5698 3321 5753 εἴποι.
