3850 6218
193 265 298 326 197

1287 259 1568 322 HOMILIA
1613 263 1678 319 IX
1722 263 1790 319 IN
1833 263 2333 326 llEXAEMERON.

3355 269 3459 325 198

193 386 297 460 τὴν
328 386 490 456 φύσιν
518 387 982 460 παραχαράσσων,
1015 389 1140 442 ὅταν
1176 388 1208 459 ἢ
1237 393 1366 452 παῖς
1404 388 1647 462 ἀτιμάζῃ
1679 391 1776 459 γῆν

1883 390 2038 460 lupus
2093 407 2191 460 pro
2242 391 2356 447 suis
2403 391 2595 447 catulis
2651 398 2889 460 pugnat,
2942 390 3200 461 quidnam
3261 389 3461 445 dixerit

199 495 303 554 ρας
331 478 556 551 πατρὸς,
594 478 627 549 ἢ
659 479 843 552 πατὴρ
870 478 959 533 διὰ
987 479 1254 551 δευτέρων
1286 481 1479 551 γάμων
1509 479 1616 533 τῶν
1650 498 1780 550 προ-

194 570 371 642 τέρων
418 571 621 626 παίδων
661 571 1125 642 ἐπιλανθάνηται;
1190 572 1495 642 Ἀμήχανός
1544 573 1692 624 ἐστιν
1743 574 1778 641 ἡ

199 661 402 733 στοργὴ
426 663 542 724 τοῖς
571 661 786 731 ἀλόγοις
809 662 1014 717 τέκνων
1043 663 1137 717 καὶ
1170 663 1374 731 γονέων
1397 663 1534 734 πρὸς
1557 663 1778 734 ἄλληλα,

195 749 332 804 διότι
358 753 388 804 ὁ
411 751 821 823 δημιουργήσας
844 753 983 807 αὐτά
1011 752 1144 816 Θεὸς
1168 753 1268 825 τὴν
1297 753 1390 806 τοῦ
1419 753 1578 822 λόγου
1609 753 1782 807 ἔλλει-

194 838 288 909 ψιν
324 840 412 894 διὰ
439 843 535 912 τῆς
564 841 672 894 τῶν
707 841 1076 913 αἰσθητηρίων
1103 844 1420 914 περιουσίας
1461 844 1783 916 παρεμυθή-

198 948 350 985 σατο.
393 931 563 985 Πόθεν
595 932 704 1004 γὰρ
746 935 804 986 ἐν
852 934 1064 1004 μυρίοις
1103 934 1396 1006 προϐάτοις
1432 936 1646 1008 ἀρνειὸς
1673 936 1781 990 τῶν

195 1023 382 1094 σηκῶν
415 1022 766 1095 ἐξαλλόμενος
789 1021 896 1079 οἶδε
923 1026 1022 1097 μὲν
1042 1027 1140 1097 τὴν
1161 1027 1349 1098 χροιὰν
1372 1027 1542 1100 αὐτὴν
1565 1030 1659 1082 καὶ
1682 1029 1780 1101 τὴν

195 1117 384 1186 φωνὴν
418 1117 527 1188 (45)
551 1119 650 1189 τῆς
680 1119 903 1190 μητρὸς,
948 1120 1042 1173 καὶ
1084 1121 1220 1192 πρὸς
1258 1122 1431 1192 αὐτὴν
1474 1123 1778 1191 ἐπείγεται,

195 1206 449 1279 ἐπιζητεῖ
488 1208 544 1261 δὲ
598 1209 698 1272 τὰς
742 1210 945 1272 οἰκείας
977 1210 1160 1280 πηγὰς
1200 1210 1293 1263 τοῦ
1322 1211 1630 1279 γάλακτος;
1661 1211 1780 1266 Κᾶν

197 1300 482 1368 πενιχραῖς
510 1301 630 1362 ταῖς
653 1299 937 1371 μητρῲαις
971 1301 1238 1374 περιτύχῃ
1261 1303 1374 1374 (44)
1406 1303 1614 1373 θηλαῖς,
1638 1304 1782 1357 ἐκεί-

195 1405 318 1451 ναις
338 1389 609 1458 ἀρκεῖται,
640 1391 809 1445 πολλὰ
842 1392 1216 1464 παραδραμὼν
1250 1392 1452 1447 οῠθατα
1477 1394 1780 1466 βαρυνόμε-

195 1496 284 1534 νοι.
316 1480 426 1532 Καὶ
451 1483 482 1551 ἡ
512 1481 692 1554 μήτηρ
731 1483 787 1534 ἐν
821 1484 1036 1554 μυρίοις
1067 1485 1294 1556 ἀρνάσιν
1329 1486 1685 1554 ἐπιγινώσκει
1719 1487 1781 1541 τὸ

197 1568 356 1637 τδιον;
386 1574 540 1644 Φωνὴ
576 1574 695 1644 μία,
731 1576 868 1645 χρόα
911 1577 944 1646 ἡ
989 1576 1148 1648 αὐτὴ,
1179 1577 1324 1649 ὀσμὴ
1372 1578 1523 1650 παρὰ
1563 1580 1780 1634 πάντων

192 1663 378 1732 ὁμοία,
424 1664 546 1717 ὅσον
576 1668 642 1736 τῇ
678 1666 922 1737 ἡμετέρᾳ
963 1667 1226 1739 ὀσφρήσει
1259 1669 1628 1740 παρίσταται·
1664 1671 1778 1724 ἀλλ’

194 1753 346 1824 ὅμως
393 1755 510 1809 ἔστι
541 1775 627 1820 τις
669 1758 852 1823 αὐτοῖς
884 1759 1137 1830 αἴσθησις
1172 1762 1273 1832 τῆς
1307 1763 1583 1835 ἡμετέρας
1612 1782 1776 1818 κατα-

194 1845 410 1916 λήψεως
461 1846 707 1920 ὀξυτέρα,
757 1851 878 1904 καθ’
928 1851 994 1922 ἢν
1046 1853 1261 1923 ἑκάστῳ
1299 1855 1564 1925 πάρεστιν
1609 1857 1642 1927 ἡ
1685 1856 1778 1910 τοῦ

193 1939 396 1992 οἰκείου
428 1940 716 2008 διάγνωσις
745 1942 878 2013 (45).
907 1942 1073 1998 Οὔπω
1103 1947 1152 1998 οἰ
1184 1945 1394 2010 ὀδόντες
1424 1945 1502 2017 τῷ
1526 1947 1776 2010 σκύλακι,

193 2031 290 2083 καὶ
337 2031 487 2102 ὅμως
531 2031 623 2086 διὰ
672 2032 767 2086 τοῦ
825 2034 1092 2105 στόματος
1144 2035 1412 2106 ἀμύνεται
1461 2038 1555 2091 τὸν
1603 2038 1778 2108 λυπή-

195 2139 387 2178 σαντα.
443 2121 609 2180 Οὔπω
651 2124 722 2179 τὰ
781 2124 988 2196 κέρατα
1031 2126 1108 2198 τῷ
1145 2128 1352 2200 μόσχῳ,
1391 2129 1486 2182 καὶ
1523 2125 1630 2183 οἶδε
1676 2131 1778 2184 ποῦ

189 2215 263 2269 τὰ
303 2217 448 2270 ὅπλα
491 2217 640 2288 αὐτῷ
691 2220 1053 2291 ὲμφυήσεται.
1111 2220 1310 2291 Ταῦτα,
1345 2222 1623 2289 ἀπόδειξιν
1667 2223 1779 2294 ἔχει

187 2305 288 2360 τοῦ
321 2306 632 2371 ἀδιδάκτους
663 2304 803 2362 εῖναι
829 2309 926 2374 τάς
953 2309 1144 2379 φύσεις
1167 2311 1449 2375 ἀπάντων,
1481 2313 1576 2366 καὶ
1613 2314 1779 2384 μηδὲν

189 2395 333 2454 εῖναι
382 2397 614 2453 ἄτακτον
659 2400 794 2474 μηδὲ
846 2401 1097 2473 ἀόριστον
1145 2404 1204 2455 ἐν
1256 2406 1367 2468 τοῖς
1418 2400 1588 2469 οὖσιν,
1644 2405 1778 2458 ἀλλά

191 2491 376 2545 πάντα
427 2491 546 2562 ῐχνη
603 2492 792 2564 φέρειν
829 2494 928 2565 τῆς
967 2494 1062 2547 τοῦ
1098 2495 1424 2566 ποιήσαντος
1459 2498 1669 2567 σοφίας,
1721 2502 1779 2554 ἐν

189 2579 408 2644 ἑαυτοῖς
452 2580 756 2649 δεικνύντα,
806 2582 889 2635 ὅτι
923 2583 1319 2653 ὲμπαράσκευα
1365 2582 1502 2654 πρὸς
1540 2585 1639 2655 τὴν
1682 2603 1782 2654 φυ-

188 2674 369 2746 λακὴν
413 2675 512 2746 τῆς
548 2675 756 2739 οἰκείας
795 2675 974 2730 αὐτῶν
1035 2677 1309 2748 σωτηρίας
1350 2677 1631 2750 παρήχθη.
1677 2679 1779 2732 Ade

189 2782 293 2834 γου
326 2764 426 2836 μὲν
455 2765 680 2837 ἄμοιρος
706 2766 736 2818 ὁ
767 2765 935 2833 κύων,
980 2765 1402 2838 ίσοδυναμοῦσαν
1441 2767 1499 2820 δὲ
1527 2768 1677 2839 ὅμως
1702 2767 1780 2840 τῷ

190 2859 340 2930 λόγῳ
361 2858 461 2930 τὴν
483 2858 735 2930 αἴσθησιν
768 2859 903 2930 ἔχει.
933 2861 1001 2913 "A
1040 2860 1147 2932 γὰρ
1191 2860 1241 2912 οἰ
1263 2858 1406 2914 κατά
1428 2859 1626 2931 πολλὴν
1658 2878 1780 2931 σχο-

188 2946 292 3020 λὴν
325 2948 420 3002 τοῦ
467 2948 582 3020 βίου
622 2949 977 3020 καθεζόμενοι
1011 2950 1165 3021 μόλις
1202 2950 1425 3022 ἐξεῦρον
1475 2953 1523 3004 οί
1553 2951 1646 3004 τοῦ
1682 2953 1777 3006 κό-

195 3059 335 3139 σμου
361 3042 534 3112 σοφοὶ,
550 3043 650 3106 τὰς
671 3045 780 3097 τῶν
803 3045 1176 3117 συλλογισμῶν
1199 3046 1340 3115 λέγω
1355 3045 1579 3113 πλοκὰς,
1605 3047 1778 3101 ταῦτα
1805 3081 1847 3139 C

191 3130 470 3186 δείκνυται
517 3135 670 3206 παρά
711 3136 812 3206 τῆς
841 3137 1057 3206 φύσεως
1083 3139 1110 3190 ὁ
1147 3136 1293 3192 κύων
1325 3139 1772 3210 πεπαιδευμένος.

193 3224 271 3278 Τὸ
298 3225 406 3298 γὰρ
444 3226 590 3296 ἴχνος
620 3227 716 3281 τοῦ
745 3228 933 3300 θηρίου
962 3229 1400 3301 διερευνώμενος,
1434 3229 1656 3284 ὲπειδάν
1687 3230 1778 3284 εὖ-

196 3332 268 3387 ρῃ
293 3315 406 3387 (46)
433 3316 566 3369 αὐτὸ
591 3317 946 3389 πολυτρόπως
969 3319 1303 3390 σχιζόμενον,
1340 3320 1437 3384 τὰς
1474 3321 1775 3392 ἑκασταχοῦ

194 3406 469 3480 φερούσας
499 3408 771 3478 ἐκτροπὰς
800 3409 1064 3475 ἐπελθὼν,
1093 3412 1374 3483 μονονουχὶ
1402 3413 1502 3485 τὴν
1535 3413 1777 3484 συλλογιο

199 3498 389 3568 στικὴν
416 3498 596 3570 φωνὴν
629 3500 820 3570 ἀφίησι
853 3501 919 3554 δι’
953 3496 1028 3555 ὧν
1069 3502 1336 3572 πράσσειο
1368 3505 1440 3558 Ἦ
1468 3505 1645 3575 τήνδε,
1675 3522 1779 3578 φη-

198 3595 305 3657 σὶν,
338 3593 552 3666 ἐτράπη
582 3595 643 3647 τὸ
675 3595 883 3666 θηρίον,
909 3595 1141 3668 ἢτήνδε,
1176 3596 1209 3667 ἢ
1232 3597 1326 3650 ἐπὶ
1349 3597 1542 3650 τόδετὸ
1573 3598 1740 3670 μέρος
1759 3616 1775 3631 ο

195 3685 335 3739 ἀλλά
385 3686 494 3758 μὴν
537 3685 660 3739 οὔτε
693 3687 871 3758 τήνδε,
929 3687 1053 3741 οὔτε
1093 3689 1270 3761 τήνδε,
1304 3689 1622 3760 λειπόμενόν
1662 3694 1779 3745 ἐστι

196 3777 323 3848 τῇδε
367 3776 657 3851 ὡρμῆσθαι
686 3779 794 3850 (47)
826 3780 992 3833 αὑτόο
1052 3781 1148 3834 καὶ
1185 3780 1357 3844 οὕτως
1394 3785 1459 3853 τῇ
1502 3783 1779 3854 ἀναιρέσει

195 3868 306 3922 τῶν
326 3869 538 3940 ψευδῶν
556 3871 797 3943 εὑρίσκει
818 3872 878 3925 τὸ
898 3873 1188 3943 ἀληθέςεΤί
1205 3875 1588 3947 περισσότερον
1607 3874 1782 3930 ποιοῦ-

199 3977 285 4016 σιν
316 3961 367 4014 οἰ
400 3962 493 4015 ἐπὶ
531 3961 637 4016 τῶν
667 3963 1098 4036 διαγραμμάτων
1143 3965 1356 4036 σεμνῶς
1399 3966 1776 4038 καθεζόμενοι,

198 4055 295 4108 καὶ
325 4053 425 4124 τὴν
477 4053 624 4110 κόνιν
659 4056 1189 4128 καταχαράσσοντες,
1230 4057 1397 4129 τριῶν
1464 4058 1778 4129 προτάσεων

199 4146 554 4218 ἀναιροῦντες
606 4147 706 4211 τὰς
731 4148 842 4219 (48)
877 4147 992 4212 δύο,
1040 4149 1136 4202 καὶ
1178 4151 1236 4202 ἐν
1273 4152 1338 4219 τῇ
1373 4149 1672 4223 λειπομένη
1719 4151 1781 4205 τὸ

199 4237 398 4308 ἀληθὲς
420 4237 824 4308 ἐξευρίσκοντες
845 4254 860 4304 ;
896 4239 970 4291 Τὸ
995 4238 1051 4291 δὲ
1081 4239 1414 4310 μνημονικὸν
1435 4239 1532 4310 τῆς
1555 4240 1779 4311 χάριτος

199 4328 294 4382 τοῦ
312 4328 452 4402 ςώου
469 4329 589 4383 τίνα
609 4329 717 4382 τῶν
751 4329 1062 4402 ἀχαρίστων
1083 4330 1219 4402 πρὸς
1248 4330 1541 4402 εὐεργέτας
1569 4332 1629 4384 οὐ
1656 4349 1782 4385 κατ-

1883 481 2071 548 homo,
2103 483 2192 550 qui
2239 491 2294 539 et
2337 493 2606 552 praecepto
2654 499 2762 539 non
2792 484 3153 553 obtemperat,
3183 495 3239 537 et
3284 482 3458 551 ipsam

1885 574 2156 628 adulterat
2191 583 2461 640 naturam,
2491 591 2611 630 cum
2645 584 2738 630 aut
2773 575 2914 631 ﬁlius
2946 575 3255 630 inbonestat
3285 573 3459 645 patris

1883 674 2240 731 senectutem,
2295 675 2388 721 aut
2447 677 2600 738 pater
2650 677 2870 737 propter
2924 669 3192 722 secundas
3240 666 3458 735 nuptias

1883 755 2122 824 priorum
2150 757 2382 812 ﬁliorum
2430 758 2808 814 obliviscitur?
2849 758 3104 814 Summus
3130 766 3213 813 est
3243 758 3296 811 in
3331 758 3460 812 bru-

1886 849 1953 902 tis
1987 849 2352 904 animantibus
2385 849 2583 904 sobolis
2619 865 2683 904 ac
2715 859 3000 918 parentum
3027 850 3167 904 inter
3195 863 3254 904 se
3280 849 3464 914 amor,’

1889 938 2031 1006 quod
2065 937 2206 993 Deus
2244 939 2485 1007 ipsorum
2518 938 2722 1008 opifex,
2757 939 2985 994 rationis
3029 936 3298 992 defectum
3333 951 3457 991 cum

1886 1027 2092 1095 majore
2120 1029 2387 1084 sentiendi
2420 1028 2677 1084 facultate
2714 1028 3104 1099 compensavit.
3131 1027 3284 1082 Unde
3311 1026 3458 1081 enim

1884 1118 2024 1172 inter
2073 1119 2387 1174 innumeras
2436 1134 2566 1174 oves
2622 1134 2790 1190 agnus
2841 1133 2872 1173 e
2919 1117 3147 1173 stabulis
3200 1115 3458 1172 exsiliens

1883 1208 2059 1276 ipsum
2091 1209 2282 1266 matris
2313 1209 2548 1265 colorem
2581 1223 2876 1280 vocemque
2911 1209 3078 1273 novit,
3103 1220 3158 1263 et
3185 1209 3251 1264 ad
3282 1208 3456 1277 ipsam

1883 1296 2124 1365 festinat,
2159 1307 2212 1353 et
2244 1300 2492 1369 proprios
2530 1299 2688 1354 lactis
2735 1298 2910 1353 fontes
2946 1298 3210 1368 inquirit?
3259 1297 3372 1352 lmo
3409 1295 3458 1352 si

1883 1390 1936 1444 in
1968 1404 2168 1459 egenas
2198 1392 2388 1446 matris
2428 1405 2692 1446 mammas
2721 1390 2996 1456 inciderit,
3028 1399 3206 1445 tamen
3238 1397 3322 1443 est
3351 1388 3458 1444 illis

1883 1489 2190 1548 contentus,
2230 1481 2398 1536 multa
2427 1481 2584 1550 plena
2615 1493 2670 1537 et
2697 1481 2883 1552 gravia
2915 1481 3082 1537 ubera
3111 1486 3457 1551 prtetergreso

1883 1587 1994 1627 sus.
2036 1571 2190 1629 Unde
2220 1573 2404 1628 itidem
2439 1584 2613 1629 mater
2640 1576 2781 1629 inter
2810 1589 2977 1644 agnos
3003 1587 3165 1643 quam
3197 1571 3457 1640 plurimos

1884 1665 2159 1736 proprium
2217 1667 2497 1738 agnoscit?
2548 1668 2656 1722 Vox
2705 1682 2831 1735 una,
2881 1667 3024 1723 idem
3059 1665 3229 1730 color,
3261 1663 3459 1720 similis

1883 1761 2124 1814 omnium
2153 1763 2310 1826 odor,
2351 1771 2613 1831 quantum
2647 1761 2892 1817 odoratui
2931 1769 3118 1816 nostro
3149 1759 3405 1830 obiicitur
3439 1777 3454 1812 ι

1880 1852 1975 1905 sed
2027 1861 2208 1908 tamen
2261 1853 2480 1922 quidam
2543 1855 2684 1909 inest
2727 1854 2780 1908 in
2832 1854 2964 1924 ipsis
3013 1867 3226 1917 sensus,
3269 1857 3459 1906 nostra

1880 1944 2368 2012 comprehensione
2413 1946 2644 2011 acutior,
2697 1960 2804 2016 quo
2855 1947 3048 2014 cuique
3101 1942 3246 2014 quod
3297 1956 3459 1998 suum

1879 2043 1962 2088 est
1991 2036 2310 2104 dignoscere
2337 2036 2487 2092 licet.
2511 2036 2759 2093 Nondum
2791 2045 2918 2092 sunt
2946 2037 3138 2092 dentes
3168 2034 3367 2103 catulo,
3402 2041 3460 2090 et

1881 2133 2059 2181 tamen
2105 2129 2368 2184 adversus
2417 2144 2512 2184 eos
2557 2130 2648 2198 qui
2700 2128 3003 2184 molestiam
3047 2127 3152 2184 sibi
3203 2125 3456 2192 aﬁ‘erunt,

1879 2233 1998 2274 sese
2037 2235 2136 2290 per
2175 2234 2238 2277 os
2291 2232 2492 2278 tuetur.
2545 2223 2794 2280 Nondum
2828 2236 3031 2277 cornua
3073 2228 3201 2276 sunt
3235 2219 3400 2277 vitulo
3440 2236 3454 2274 ε

1881 2323 2059 2368 tamen
2105 2315 2254 2372 novit
2299 2317 2389 2372 ubi
2447 2317 2548 2372 sibi
2597 2332 2746 2371 arma
2790 2324 3132 2372 enascentur.
3167 2314 3247 2369 Ex
3280 2315 3365 2371 his
3394 2314 3460 2369 li-

1882 2413 2034 2478 quet,
2066 2421 2172 2476 quo
2204 2408 2257 2462 in
2286 2408 2539 2464 omnibus
2569 2409 2712 2465 inest
2738 2418 2956 2475 natura,
2988 2409 3042 2464 id
3070 2409 3314 2464 doctrina
3349 2421 3459 2464 non

1881 2501 2209 2567 comparari,
2239 2500 2483 2570 nihilque
2510 2501 2562 2556 in
2594 2501 2756 2557 rebus
2784 2517 2908 2558 esse
2937 2509 3031 2556 aut
3064 2501 3456 2568 inordinatum,

1879 2596 1972 2643 aut
2017 2589 2424 2659 improvidum:
2467 2591 2564 2647 sed
2616 2606 2703 2647 res
2756 2606 2947 2648 omnes
2999 2592 3281 2662 sapientiae
3328 2605 3461 2650 (ιοιιέ

1878 2678 2071 2735 ditoris
2099 2680 2181 2735 sui
2209 2681 2438 2751 vestigia
2472 2697 2582 2750 pra:
2613 2697 2674 2738 se
2703 2681 2846 2738 ferre
2873 2699 2888 2748 ;
2915 2698 3036 2738 cum
3059 2697 3120 2739 se
3155 2683 3228 2739 lta
3253 2683 3458 2754 produ-

1879 2781 1994 2831 ctas
2026 2788 2147 2830 esse
2169 2775 2465 2840 declarent,
2495 2785 2554 2830 ut
2582 2776 2693 2830 sint
2718 2785 2922 2845 paratae
2949 2775 3019 2831 ad
3045 2790 3201 2832 suam
3221 2775 3456 2832 salutem

1877 2867 2218 2923 servandam.
2253 2866 2322 2921 Et
2368 2868 2584 2936 quidem
2631 2868 2783 2923 canis
2818 2883 3012 2938 expers
3057 2869 3285 2923 rationis
3328 2878 3456 2924 est:

1879 2965 2116 3012 attamen
2159 2970 2377 3011 sensum
2416 2955 2611 3012 rationi
2635 2957 2776 3012 haud
2814 2957 3079 3028 imparem
3109 2955 3295 3014 habet.
3325 2957 3459 3026 Quae

1877 3048 2022 3104 enim
2059 3046 2242 3102 mundi
2272 3046 2541 3116 sapientes
2568 3061 2664 3117 per
2687 3046 2914 3103 multum
2942 3047 3068 3104 vitae
3105 3048 3276 3102 otium
3313 3048 3460 3104 desi-s

1880 3137 2068 3193 dentes
2126 3138 2217 3193 vix
2282 3137 2647 3204 invenerunt,
2686 3137 2936 3193 videlicet
2983 3137 3459 3194 ratiocinationum

1877 3227 2154 3297 ambages,
2179 3227 2296 3282 haec
2333 3227 2402 3282 ab
2440 3227 2558 3298 ipsa
2593 3236 2793 3283 natura
2825 3228 3050 3284 edoctus
3085 3227 3237 3285 canis
3277 3228 3463 3297 perbi-

1875 3318 2055 3376 betur.
2083 3318 2217 3375 Cum
2248 3318 2391 3374 enim
2425 3319 2556 3375 ferae
2587 3320 2803 3389 indagat
2827 3319 3136 3390 vestigium,
3159 3318 3250 3375 ubi
3280 3318 3461 3390 ipsum

1879 3410 2248 3480 multipliciter
2297 3410 2482 3467 ﬁssum
2539 3413 2838 3482 repererit,
2879 3411 3198 3469 diverticula
3241 3426 3462 3482 quoquo

1878 3517 2096 3557 versum
2139 3501 2367 3557 ferentia
2432 3503 2679 3568 rimatus,
2719 3513 2928 3557 tantum
2976 3517 3083 3560 non
3123 3503 3463 3560 ratiocinati-

1877 3609 2002 3648 vam
2030 3608 2218 3648 vocem
2247 3608 2342 3663 per
2379 3607 2440 3648 ea
2469 3609 2589 3664 qua:
2618 3594 2748 3666 agit,
2780 3593 2980 3649 emittit
3005 3610 3018 3646 :
3059 3594 3220 3660 Fcra,
3261 3595 3460 3666 inquit,

1879 3692 1972 3740 aut
2023 3686 2146 3753 hac,
2202 3693 2296 3738 aut
2351 3684 2472 3739 illac
2509 3685 2751 3750 divertit,
2785 3694 2881 3740 aut
2923 3685 2979 3740 in
3009 3685 3151 3742 hanc
3196 3696 3406 3758 partem
3441 3705 3458 3743 :

1879 3777 2028 3846 atqui
2064 3791 2239 3846 neque
2294 3775 2419 3841 hac,
2446 3791 2620 3846 neque
2658 3775 2784 3831 illac
2821 3793 2837 3830 :
2876 3777 3144 3849 reliquum
3173 3787 3277 3845 est,
3308 3789 3369 3834 ut
3394 3794 3462 3836 ea

1880 3867 2016 3922 istac
2046 3867 2287 3935 digressa
2319 3866 2483 3921 fuerit
2509 3883 2522 3919 :
2564 3877 2730 3936 atque
2752 3867 2848 3937 ita,
2883 3866 3037 3924 falsis
3063 3868 3334 3934 rescissis,
3367 3883 3462 3925 νεα

1882 3973 2001 4012 rum
2036 3957 2260 4012 invenit.
2287 3955 2429 4022 Quid
2478 3956 2707 4026 amplius
2736 3957 2965 4025 faciunt,
3001 3958 3112 4028 “qui
3145 3957 3200 4012 in
3238 3958 3460 4014 theore-

1882 4049 2117 4105 matibus
2151 4049 2589 4104 demonstrandis
2621 4064 2742 4105 cum
2763 4051 3027 4121 gravitate
3049 4049 3315 4116 desident,
3338 4051 3461 4121 quia

1882 4154 1988 4208 que
2023 4138 2180 4193 lineis
2222 4138 2429 4209 pulveri
2461 4138 2767 4207 insculptis,
2799 4153 2867 4194 ex
2918 4140 3092 4198 tribus
3131 4141 3460 4212 propositio-

1881 4230 2041 4286 nibus
2073 4230 2206 4285 duas
2231 4230 2554 4300 rejicientes,
2582 4229 2634 4284 in
2661 4243 2725 4285 ea
2757 4244 2876 4298 qua;
2901 4228 3108 4301 reliqua
3136 4243 3238 4298 est,
3269 4247 3461 4290 verum

1883 4323 2164 4377 inveniunt
2191 4321 2214 4376 ?
2241 4321 2410 4377 Porro
2432 4321 2678 4377 beneﬁcii
2709 4323 2967 4378 memoria
3000 4323 3069 4379 ab
3096 4322 3199 4379 hoc
3233 4324 3461 4379 animali

198 4420 481 4490 αισχύνει;
539 4421 674 4474 ὅπου
718 4438 782 4489 γε
845 4422 938 4474 καὶ
988 4421 1291 4489 φονευθεῖσι
1331 4422 1616 4485 δεσπόταις
1661 4421 1778 4476 κατ’

1886 4423 2228 4481 conservata,
2259 4415 2345 4468 cui
2379 4414 2494 4468 viro
2546 4414 2600 4468 in
2638 4415 2909 4471 beneﬁcos
2961 4415 3172 4486 ingrato
3197 4417 3461 4485 pudorem

199 4513 439 4584 ἐρημίαν
495 4511 680 4564 πολλοὶ
721 4511 827 4565 τῶν
870 4511 1049 4564 κυνῶν
1099 4510 1538 4575 ἐπαποθανόντες
1575 4529 1781 4582 μνημο-

200 4605 618 4675 νεύονται.”Ηδη
633 4605 689 4657 δέ
706 4622 851 4667 τινες
868 4604 961 4657 ἐπὶ
982 4603 1170 4676 θερμῷ
1188 4603 1267 4675 τῷ
1294 4603 1453 4656 πάθει
1481 4605 1575 4658 καὶ
1595 4605 1780 4675 ὁδηγοὶ

198 4702 314 4762 τοῖς
339 4696 628 4766 ἐκζητοῦσι
673 4697 798 4760 τοὺς
843 4695 1040 4765 φονέας
1086 4695 1353 4764 ἐγένοντο,
1402 4697 1494 4749 καὶ
1528 4697 1632 4748 ὑπὸ
1681 4697 1781 4767 τὴν

198 4791 359 4860 δίκην
385 4789 616 4860 ἀχθῆναι
636 4789 760 4852 τοὺς
786 4788 1127 4860 κακούργους
1149 4787 1432 4858 ἐποίησαν.
1465 4787 1529 4840 Τί
1555 4787 1782 4841 εἴπωσιν

201 4883 250 4934 οἱ
278 4879 373 4933 τὸν
395 4881 695 4951 ποιήσαντα
722 4880 917 4942 αὐτοὺς
945 4879 1038 4932 καὶ
1064 4877 1330 4949 τρέφοντα
1352 4877 1556 4949 Κύριον
1584 4879 1643 4930 οὐ
1682 4877 1781 4946 μό-

207 4990 290 5028 νον
320 4974 422 5027 οὐκ
455 4971 777 5042 ἀγαπῶντες
807 4971 938 5042 (49),
969 4969 1104 5023 ἀλλά
1127 4970 1220 5022 καὶ
1254 4969 1426 5038 φίλοις
1453 4968 1782 5041 κεχρημένοι

276 5238 524 5312 (ιὸὶδίο
549 5231 1130 5312 mss._’§om_bet‘._cum
1177 5228 1312 5312 iteg.
1369 5238 1582 5284 octavo.
1640 5229 1784 5284 Editi

198 5301 330 5370 cuin
351 5301 472 5364 aliis
500 5323 629 5362 mss.
665 5301 778 5359 οἶδε
806 5304 904 5374 μὲν
939 5303 1037 5373 τὴν
1059 5303 1260 5374 φωνήν.

277 5381 392 5452 (ιιι
431 5369 968 5452 lta_sex__mss.'Editi
994 5369 1303 5442 περιτύχοι.
1346 5369 1470 5426 Mox
1505 5369 1657 5424 Colb.
1698 5383 1784 5424 se-

202 5443 419 5510 cundus
441 5448 613 5502 πολλὰ
634 5447 690 5500 δὲ
713 5443 914 5516 παραδ.

279 5519 392 5590 (45)
446 5519 575 5574 Mss.
624 5507 866 5590 quinque
913 5512 1222 5583 διάγνωσις.
1275 5510 1422 5566 Editi
1469 5507 1783 5577 ἐπίγνωσις.

203 5587 564 5663 Βεεηεθξιιυε
592 5587 815 5663 γνῶσις.
863 5654 910 5663 μ
1018 5652 1041 5663 _
1173 5652 1214 5663 Ἦ

195 5667 202 5700 ξ
279 5650 394 5742 (is
429 5661 537 5742 §ex
572 5650 1317 5742 ess-ﬁmeﬁzéit’n‘ﬁﬁiﬁ
1357 5650 1526 5742 εἱρρξ-

301 5663 394 5727 46)
429 5663 537 5716 Sex
572 5673 698 5714 mss.
734 5663 954 5709 ἐπειδὰν
987 5663 1317 5742 553911.350“:
1357 5663 1526 5722 εῡροι.
1705 5721 1716 5730 υ

279 5663 395 5806 ξω)
428 5732 562 5800 Reg.
611 5739 794 5787 sextus
828 5725 983 5797 τήνδε
1031 5721 1340 5797 ωρμησθαι.
1397 5721 1531 5792 Reg.
1594 5729 1787 5777 tertius

1886 4523 1995 4563 non
2026 4507 2264 4562 incutit?
2296 4505 2572 4575 Siquidem
2615 4521 2777 4563 canes
2813 4507 2987 4573 multi,
3018 4507 3250 4562 dominis
3281 4508 3334 4562 in
3361 4508 3458 4562 de-

1885 4609 2033 4660 serto
2071 4599 2187 4654 loco
2232 4599 2550 4672 interiectis,
2578 4607 2632 4654 et
2657 4600 2760 4669 ipsi
2809 4600 3082 4655 immortui
3138 4599 3306 4656 fuisse
3347 4611 3462 4654 mea

1887 4701 2186 4748 morantur.
2223 4688 2362 4756 Quin
2389 4673 2552 4770 etiam
2600 4704 2765 4744 canes
2813 4689 3080 4757 nonnulli,
3111 4692 3239 4745 dum
3267 4705 3464 4749 recens

1884 4792 2033 4840 esset
2084 4782 2292 4848 caedes,
2329 4781 2397 4836 iis
2419 4779 2542 4870 ᾖ(ιυί
2589 4780 2888 4838 homicidas
2934 4781 3312 4851 inquirebant,
3361 4787 3465 4840 via:
3539 4847 3543 4850 ,

1885 4876 2048 4930 etiam
2083 4877 2248 4928 duces
2273 4873 2619 4938 exstiterunt,
2649 4873 2759 4945 85
2796 4873 3042 4942 atquein
3092 4888 3258 4929 causa
3285 4874 3460 4942 fuere,

1886 4984 1984 5025 cur
2029 4968 2097 5024 ad
2140 4975 2357 5037 pmnam
2406 4965 2637 5022 maleﬁci
2687 4976 3025 5023 raperentur.
3073 4964 3213 5034 Quid
3264 4967 3464 5024 dicturi

1887 5227 2042 5299 τήνδε
2070 5224 2364 5299 ὁρμᾶσθαι.
2395 5225 2518 5280 Mox
2556 5223 2689 5299 Reg.
2726 5225 2754 5281 1
2811 5224 2903 5278 ἐπὶ
2942 5223 3057 5299 τῶν
3097 5226 3460 5299 γραμμάτων.

1959 5244 2042 5280 νοε
2070 5244 2364 5349 οῇμασυαι.
2396 5244 2518 5280 mox
2556 5244 2689 5296 ηδε.
2726 5244 2754 5281 ι
2811 5244 2903 5278 επι
2942 5244 3053 5278 των
3097 5244 3460 5298 γραμμάτων.

1959 5299 2070 5368 (48)
2158 5311 2240 5378 eg.
2275 5304 2461 5378 sextus
2485 5294 2842 5378 καθεζόμενοι
2855 5295 2966 5374 ,καὶ
2990 5294 3094 5378 γῆν
3113 5296 3465 5378 καταχαράσ-

1890 5365 2073 5430 σοντες
2094 5365 2262 5436 τριῶν
2293 5365 2612 5435 προτάσεων
2657 5365 2944 5436 ἀναιροῦσι
2999 5365 3119 5432 τὰς,
3155 5365 3351 5420 terram
3384 5367 3463 5421 si-

1922 5450 2124 5491 nantes.

1887 5455 2371 5577 θηξιῖθῗδὲίοβοεὶἰ
2406 5515 2590 5577 sextus
2623 5513 2692 5577 et,
2723 5511 2968 5577 octavus,
3007 5504 3300 5577 Editicum
3340 5505 3467 5577 aliis

1893 5573 2024 5632 mss.
2054 5573 2380 5643 simpliciter
2410 5573 2616 5645 Κύριον
2643 5576 2744 5628 οὐκ
2770 5575 3116 5645 ἀγαπῶντες.
3149 5575 3272 5630 Mox
3310 5575 3464 5630 multi

1894 5662 2024 5724 mss.
2053 5645 2157 5715 τῆς
2183 5645 2352 5724 αὐτῇς
2378 5644 2562 5724 αυτοῖς
2591 5644 2901 5718 τραπέζης·
2935 5660 3058 5716 quae
3094 5647 3256 5703 verba
3305 5645 3463 5703 aliter

1896 5719 2258 5788 disponuntur
2289 5715 2344 5771 in
2370 5715 2560 5772 editis.
