3850 6218
422 326 525 383 199
1724 318 1782 373 S.
1825 317 2069 375 BASILII
2107 317 2324 374 MAGNI
3568 310 3678 367 200

417 454 565 511 sunt,
592 444 682 514 qui
716 442 996 499 Dominum
1025 440 1356 496 conditorem
1386 453 1449 494 ac
1482 440 1801 493 nutritorem
1836 453 1970 493 suun

2090 440 2201 501 τοῖς
2237 435 2460 491 λαλοῦσι
2488 433 2635 489 κατά
2672 434 2767 489 τοῦ
2809 433 2944 488 Θεοῦ
2977 434 3212 499 ἀδικίαν,
3254 432 3347 486 καὶ
3373 432 3471 502 τῆς
3498 431 3677 501 αὐτῆς

417 550 523 590 non
556 535 727 590 solum
772 547 876 588 non
916 531 1163 599 diligunt,
1190 530 1286 585 sed
1334 529 1523 585 amicis
1566 530 1731 585 etiam
1764 539 1970 585 utuntul

2090 527 2274 589 αὐτοῖς
2304 524 2581 597 τραπέζης
2640 525 2974 596 μετέχοντες,
3006 525 3102 577 καὶ
3150 525 3279 595 παρ’
3330 523 3500 593 αὐτὴν
3572 522 3676 593 τὴν

416 627 503 691 iis,
530 625 620 695 qui
643 624 900 678 adversus
930 621 1100 677 Deum
1126 620 1422 691 loquuntur
1443 618 1803 689 iniquitatem,
1829 630 1970 689 atqui

2087 616 2294 689 τροφὴν
2321 617 2429 670 τῶν
2454 615 2597 670 κατὰ
2634 616 2730 669 τοῦ
2770 616 3063 678 τρέφοντος
3094 614 3449 685 βλασφημιῶν
3478 614 3676 683 ἀνεχό-

412 718 653 788 ejusdem
678 730 801 771 cum
836 715 967 785 ipsis
1022 727 1220 768 mensa:
1254 711 1546 782 participes
1589 719 1737 778 sunt,
1761 726 1823 766 ac
1849 711 1989 765 inter

411 810 587 879 ipsum
620 808 942 862 sumendum
968 805 1147 859 cibum
1186 802 1350 874 impia
1402 813 1456 858 et
1500 802 1888 857 contumeliosa
1932 801 1986 855 in

396 892 732 955 'nntritorem
758 898 925 953 verba
953 895 1227 951 tolerant?

481 992 532 1047 5.
569 992 639 1048 Αι
690 1006 818 1047 vero
851 990 918 1043 ad
970 1002 1151 1044 rerum
1196 992 1504 1041 creatarum
1549 984 1833 1040 redeamus
1859 997 1987 1039 COD-

411 1085 835 1154 templationem.
896 1081 1161 1136 Animalia
1216 1091 1338 1148 qua:
1396 1076 1609 1133 facilius
1663 1075 1981 1146 capiuntur,

410 1187 537 1232 sunt
566 1174 902 1231 fecundiora.
935 1173 1197 1241 Quocirca
1219 1173 1429 1243 lepores
1457 1178 1513 1225 et
1537 1180 1775 1240 agrestes
1808 1180 1985 1237 caprae

410 1266 609 1322 multos
634 1274 924 1336 procreant
950 1263 1091 1320 fetus
1109 1306 1125 1333 ,
1152 1277 1388 1335 ovesque
1430 1261 1709 1317 silvestres
1740 1259 1984 1330 geminos

408 1366 597 1428 partus
620 1358 805 1421 edunt,
835 1365 893 1411 ut
918 1370 986 1411 ne
1017 1371 1187 1427 genus
1225 1355 1293 1411 ab
1320 1353 1646 1409 animalibus
1668 1352 1831 1408 cruda
1862 1366 1985 1406 car-

408 1464 478 1504 ne
506 1449 846 1505 vescentibus
894 1456 1273 1517 consumptum
1295 1486 1310 1513 ,
1350 1445 1588 1501 deticiat.
1619 1443 1725 1498 Sed
1750 1458 1826 1498 eas
1856 1442 1983 1498 fera:

409 1556 529 1610 quas
563 1549 786 1596 caeteras
833 1547 1048 1604 vorant,
1085 1552 1275 1608 parum
1311 1546 1437 1593 sunt
1490 1534 1755 1590 fecunda.
1802 1534 1982 1601 Quare

408 1625 575 1682 leaena
618 1626 708 1681 vix
756 1627 917 1682 unius
954 1625 1126 1682 leonis
1190 1634 1366 1680 mater
1419 1623 1669 1680 elIicitur.
1710 1622 1872 1688 Nam,
1925 1630 1984 1677 ut

409 1716 581 1781 aiunt,
610 1716 845 1772 lacerato
875 1716 1132 1787 unguium
1169 1715 1288 1771 acie
1322 1722 1497 1780 utero,
1525 1714 1705 1783 prodit
1741 1729 1754 1765 :
1784 1713 1981 1781 vipera:

2092 724 2240 778 μενοι
2262 723 2276 771 ;

2157 976 2207 1030 5.
2259 974 2397 1027 Ἀλλ’
2433 976 2523 1027 ἐπὶ
2554 975 2655 1045 τὴν
2687 973 2920 1045 Θεωρίαν
2939 972 3038 1044 τῆς
3066 972 3295 1033 κτίσεως
3320 970 3667 1040 ἐπανεωμεν.

2086 1066 2167 1118 Τά
2200 1065 2573 1136 εὐαλωτότερα
2600 1065 2707 1118 τῶν
2743 1064 2895 1127 ζώων
2919 1060 3347 1131 πολυγονώτερα.
3386 1060 3487 1113 Διὰ
3508 1060 3672 1113 τοῦτο

2085 1157 2369 1211 πολυτόκοι
2397 1157 2620 1225 λαγωοὶ,
2665 1158 2760 1209 καὶ
2814 1152 2966 1223 αἶγες
3023 1154 3231 1225 ἄγριαι,
3278 1152 3373 1207 καὶ
3410 1152 3670 1224 πρόϐατα

2084 1250 2251 1319 ἄγρια
2280 1249 2625 1319 διδυμοτόκα,
2663 1249 2750 1302 ἵνα
2783 1249 2856 1319 μὴ
2882 1246 3136 1318 ἐπιλείπῃ
3157 1246 3215 1298 τὸ
3243 1246 3399 1314 γένος
3422 1246 3531 1297 ὑπὸ
3559 1246 3671 1298 τῶν

2083 1341 2377 1413 ὡμοόόρων
2401 1342 2511 1411 (50)
2544 1341 3013 1411 ἐκδαπανὼμενον.
3054 1340 3133 1392 Τά
3164 1339 3219 1391 δὲ
3249 1337 3528 1409 φθαρτικὰ
3562 1338 3671 1390 τῶν

2083 1433 2283 1499 ἄλλων,
2322 1433 2629 1501 ὀλιγοτόκα.
2655 1432 2817 1485 Ὅθεν
2844 1431 3052 1492 λέοντος
3082 1430 3197 1491 ἐνὸς
3224 1429 3381 1501 μόλις
3412 1430 3445 1498 ἡ
3474 1428 3671 1480 λέαινα

2086 1526 2269 1596 μήτηρ
2306 1524 2532 1594 γίνεται.
2579 1524 2712 1586 Ταῖς
2748 1523 2857 1594 γὰρ
2907 1523 3111 1593 ἀκμαῖς
3144 1522 3249 1573 τῶν
3294 1520 3505 1589 ὀνύχων
3552 1521 3672 1573 δια-

2083 1615 2365 1687 σπαράξας
2392 1617 2492 1687 τὴν
2524 1617 2757 1687 μήτραν,
2791 1614 2932 1668 οὕτω
2974 1614 3233 1685 πρόεισιν,
3258 1613 3331 1675 ὥς
3361 1629 3494 1681 φασι
3523 1629 3539 1641 ·
3577 1613 3673 1665 καὶ

2080 1709 2285 1779 ἔχιδναι
2330 1709 2429 1772 τὰς
2471 1710 2684 1780 μήτρας
2718 1708 3052 1778 ἐκφαγοῦσαι
3094 1707 3472 1777 προέρχονται,
3536 1705 3671 1776 πρέ-

405 1823 640 1879 quoque,
668 1824 825 1866 eroso
851 1819 1028 1879 utero,
1052 1816 1367 1875 nascuntur,
1397 1809 1646 1863 meritam
1673 1807 1970 1861 mercedem

2082 1819 2279 1865 ποντας
2324 1804 2389 1872 τῇ
2436 1802 2815 1875 γεννησαμένη
2859 1802 2984 1864 τοὺς
3022 1800 3244 1871 μισθοὺς
3285 1798 3668 1851 ὲκτιννύουσαι

403 1902 614 1973 parenti
664 1901 1036 1972 rependentes.
1083 1902 1234 1957 Adeo
1278 1899 1414 1955 nihil
1446 1913 1555 1955 non
1600 1898 1885 1968 providum
1920 1897 1973 1951 in

404 1996 569 2051 rebus
588 2004 690 2058 est,
720 1993 852 2048 nihil
882 2002 969 2048 est
1016 2007 1161 2048 curae
1216 1992 1297 2048 eis
1336 1990 1533 2047 debitae
1577 2002 1793 2060 expers.
1824 1988 1976 2055 Quod

402 2087 447 2141 si
480 2086 591 2155 ipsa
616 2085 930 2141 animalium
966 2084 1209 2139 membra
1244 2081 1695 2148 consideraveris,
1718 2080 1852 2135 nihil
1882 2094 1974 2135 su-

402 2174 662 2245 perﬂuum
693 2191 721 2229 a
752 2174 1046 2229 Conditore
1089 2172 1379 2242 adjectum,
1432 2171 1569 2226 nihil
1610 2170 1974 2227 necessarium

400 2268 703 2321 detractum
734 2265 899 2321 fuisse
944 2263 1265 2335 comperies.
1304 2262 1621 2319 Carnivoris
1654 2262 1976 2317 animalibus

402 2365 593 2413 acutos
627 2356 838 2426 aptavit
884 2355 1074 2411 dentes
1112 2372 1128 2410 :
1161 2353 1356 2409 talibus
1402 2353 1547 2407 enim
1592 2367 1727 2423 opus
1752 2360 1869 2407 erat
1905 2352 1975 2407 ob

401 2443 645 2501 alimenti
669 2443 923 2515 speciem.
949 2442 1082 2512 Quae
1103 2456 1233 2498 vero
1260 2441 1483 2497 dimidia
1514 2456 1581 2495 ex
1614 2449 1769 2511 parte
1798 2440 1973 2495 denti-

401 2536 501 2592 bus
521 2543 730 2590 armata
780 2544 926 2600 sunt,
968 2548 1033 2590 ea
1081 2533 1264 2589 multis
1298 2541 1352 2588 et
1398 2533 1565 2587 variis
1597 2532 1973 2586 alimentorum

400 2626 757 2697 receptaculis
785 2625 1059 2682 instruxit.
1092 2623 1227 2680 Nam
1257 2625 1381 2695 quia
1416 2624 1589 2693 prima
1617 2622 1731 2677 vice
1759 2638 1860 2676 non
1889 2638 1975 2677 sar

398 2718 471 2775 tis
492 2717 562 2774 ab
596 2716 728 2788 ipsis
759 2716 1145 2773 comminuitur
1179 2715 1516 2780 alimentum,
1553 2716 1632 2769 eis
1654 2716 1777 2769 data
1800 2714 1973 2768 facul-

401 2817 484 2866 tas
504 2818 590 2866 est
619 2809 798 2866 cibum
832 2808 1147 2879 deglutitum
1198 2808 1391 2863 iterum
1436 2807 1748 2874 revocandi,
1776 2815 1835 2861 ut
1879 2822 1971 2861 ru-

401 2900 700 2958 minatione
739 2902 1026 2968 contritus,
1056 2899 1107 2956 ei
1140 2900 1283 2969 quod
1325 2898 1488 2954 alitur
1536 2898 1972 2954 accommodatus

400 2993 488 3051 sit.
528 2992 733 3061 Quibus
760 2992 1085 3049 animalibus
1107 2992 1267 3063 gula,
1295 3005 1504 3059 omasa,
1532 2991 1756 3046 reticula
1781 3000 1835 3045 et
1861 3005 1973 3044 ma-

2080 1894 2215 1964 (51).
2254 1893 2442 1956 Οὕτως
2486 1894 2637 1947 οὐδὲν
2675 1893 3007 1965 ἀπρονόητον
3058 1895 3115 1946 ἐν
3161 1893 3271 1954 τοῖς
3309 1887 3479 1952 οὖσιν,
3542 1890 3668 1943 οὐδὲ

2076 1985 2177 2055 τῆς
2199 1985 2563 2057 ἐπιϐαλούσης
2590 1986 2770 2049 αὐτοῖς
2806 1984 3119 2055 ἐπιμελείας
3141 1984 3342 2056 ἄμοιρα
3372 1984 3505 2055 (52).
3540 1984 3667 2036 Κᾶν

2077 2076 2217 2131 αὐτά
2254 2077 2323 2129 τὰ
2360 2078 2495 2147 μέλη
2527 2076 2635 2129 τῶν
2682 2076 2835 2140 ζώων
2878 2075 3217 2146 καταμάθῃς,
3255 2075 3529 2145 εὑρήσεις,
3582 2073 3667 2124 ὅτι

2076 2170 2201 2224 οὗτε
2227 2170 2478 2242 περιττόν
2506 2186 2557 2221 τι
2590 2171 2617 2222 ὁ
2659 2169 2851 2231 κτίσας
2899 2166 3257 2237 προσέθηκεν,
3298 2164 3422 2219 οὔτε
3469 2164 3664 2232 ἀφεῖλε

2074 2262 2182 2318 τῶν
2212 2264 2320 2333 (55)
2366 2262 2696 2332 ἀναγκαίων.
2748 2263 2872 2324 Τοῖς
2920 2261 3287 2331 σαρκοφάγοις
3322 2258 3484 2323 ζώοις
3516 2259 3665 2324 ὀξεῖς

2072 2358 2199 2419 τοὺς
2228 2356 2445 2418 ὀδόντας
2476 2356 2744 2426 ἐνήρμοσε
2764 2371 2777 2383 ·
2821 2352 3075 2405 τοιούτων
3099 2351 3206 2421 γάρ
3238 2347 3305 2421 ἦν
3338 2351 3499 2421 χρεία
3524 2351 3665 2421 πρὸς

2074 2446 2135 2500 τὸ
2195 2448 2294 2517 τῆς
2340 2446 2547 2518 τροφῆς
2602 2443 2862 2521 εἶδος.σ⁶¹Α
2906 2444 2962 2496 δὲ
2997 2442 3057 2507 ἐξ
3100 2444 3355 2514 ἡμισείας
3388 2442 3667 2495 ὥπλισται

2074 2542 2186 2602 τοῖς
2236 2536 2438 2604 ὀδοῦσι,
2497 2537 2719 2599 πολλαῖς
2758 2537 2849 2589 καὶ
2891 2536 3162 2599 ποικίλαις
3203 2534 3509 2604 ἀποθήκαις
3553 2534 3666 2586 τῶν

2076 2630 2188 2702 (54)
2212 2630 2425 2701 τροφῶν
2448 2629 2844 2701 παρεσκεύασε.
2870 2629 2968 2681 Διά
2992 2627 3098 2700 γάρ
3120 2628 3180 2680 τὸ
3202 2626 3348 2698 παρὰ
3377 2627 3479 2695 τὴν
3512 2626 3668 2697 πρώ-

2073 2739 2173 2793 την
2226 2723 2302 2794 μὴ
2352 2722 2664 2793 ἀρκούντως
2718 2720 3223 2775 καταλεπτύνεσθαι
3270 2720 3369 2790 τὴν
3425 2719 3663 2790 τροφὴν,

2074 2816 2272 2869 ἔδωκεν
2314 2816 2497 2878 αὐτοῖς
2522 2815 2582 2867 τὸ
2615 2814 2921 2867 καταποθὲν
2951 2812 3111 2865 πάλιν
3139 2811 3663 2882 ἀναπεμπάζεσθαι,

2073 2905 2215 2959 ὥστε
2245 2906 2612 2960 καταλεανθέν
2647 2906 2756 2977 (55)
2802 2904 2879 2974 τῷ
2910 2904 3242 2976 μηρυκισμῷ
3275 2902 3662 2975 προσοικειοῦ-

2076 2996 2198 3049 σθαι
2224 2997 2301 3067 τῷ
2316 2997 2651 3067 τρεφομένῳ.
2684 2996 2975 3066 Στόμαχοι,
3004 2996 3097 3048 κα)¹
3118 2997 3301 3064 ἐχῖνοι,
3331 2995 3423 3046 καὶ
3459 2993 3666 3064 κεκρύο

400 3101 504 3158 gna
531 3086 787 3143 intestina
813 3086 1017 3153 insunt,
1044 3099 1109 3141 ea
1139 3085 1194 3140 in
1231 3085 1423 3140 iisdem
1454 3099 1560 3139 non
1594 3083 1859 3139 inutiliter
1889 3097 1970 3136 re-

2082 3088 2251 3157 ραλοι,
2288 3090 2383 3141 καὶ
2419 3088 2674 3160 ἐνύστρα,
2715 3089 2815 3140 οὐκ
2868 3087 3054 3159 ἀργῶς
3099 3086 3342 3154 ἔγκειται
3385 3085 3500 3155 (56)
3550 3085 3663 3138 τῶν

400 3177 706 3233 conduntur
734 3190 749 3229 :
777 3176 872 3231 sed
910 3175 1335 3246 unumquodque
1367 3189 1520 3231 usum
1550 3189 1615 3229 ac
1655 3189 1849 3228 munus
1872 3189 1971 3228 ne-

398 3269 695 3325 cessarium
718 3267 914 3338 explet.
941 3266 1183 3337 Longum
1207 3274 1289 3321 est
1307 3265 1495 3321 cameli
1524 3264 1746 3330 collum,
1789 3275 1846 3318 ut
1874 3279 1972 3334 par

399 3360 473 3418 sit
501 3361 750 3429 pedibus,
778 3368 831 3416 et
873 3374 993 3416 eam
1039 3373 1144 3429 qua
1189 3359 1425 3415 vescitur
1468 3358 1688 3412 herbam
1719 3359 1969 3426 attingat.

400 3453 575 3520 Ursae,
594 3452 788 3519 leonis,
804 3453 1010 3524 tigridis
1025 3460 1077 3509 et
1102 3460 1417 3507 eaeterarum
1437 3450 1593 3518 hujus
1618 3451 1829 3521 generis
1853 3451 1970 3503 ani-

399 3546 618 3601 malium
652 3544 846 3601 collum
879 3546 1040 3601 breve
1069 3554 1171 3611 est,
1200 3552 1255 3600 et
1284 3544 1523 3599 humeris
1556 3544 1773 3599 insitum
1801 3561 1816 3597 ι
1848 3558 1972 3612 pro-

399 3646 580 3709 pterea
616 3638 756 3707 quod
805 3638 969 3693 herba
1018 3637 1151 3707 ipsis
1204 3636 1522 3693 alimentum
1577 3650 1687 3690 non
1736 3645 1838 3701 est,
1871 3649 1971 3689 nec

400 3744 623 3785 necesse
649 3728 882 3785 habeant
907 3728 1168 3785 inclinare
1213 3743 1270 3784 se
1305 3730 1371 3784 ad
1403 3738 1623 3792 terram,
1650 3743 1771 3783 cum
1800 3728 1972 3782 carni-

398 3834 529 3876 vora
555 3820 689 3887 sint,
714 3835 778 3876 ac
813 3834 935 3877 sese
978 3834 1045 3875 ex
1081 3820 1395 3874 animalium
1429 3819 1606 3890 praeda
1644 3830 1966 3874 sustentem.

396 3911 534 3979 Quid
560 3912 663 3969 sibi
694 3912 808 3968 vult
835 3912 1116 3984 proboscis
1147 3912 1198 3967 in
1226 3911 1559 3981 elephanto?
1590 3911 1728 3979 Quia
1770 3911 1968 3965 animal

399 4016 672 4072 magnum,
702 4010 757 4058 et
782 4003 1120 4059 terrestrium
1164 4003 1485 4068 maximum,
1509 4003 1576 4057 ad
1613 4002 1963 4071 injiciendum

398 4094 810 4150 occurrentibus
834 4104 1093 4150 terrorem
1117 4096 1436 4165 productum
1452 4134 1467 4161 ,
1492 4094 1705 4149 carnosi
1736 4103 1790 4149 et
1815 4094 1965 4148 obesi

398 4186 639 4255 corporis
683 4199 803 4242 esse
845 4188 1147 4256 oportebat.
1196 4186 1332 4241 Huic
1373 4188 1419 4242 si
1454 4186 1653 4241 collum
1691 4202 1965 4255 magnum,

398 4286 453 4333 et
477 4278 701 4348 pedibus
731 4293 831 4346 par
864 4279 1122 4332 tributum
1152 4278 1361 4343 fuisset,
1389 4277 1477 4331 vix
1511 4287 1696 4348 posset
1719 4280 1963 4344 tractari,

398 4378 580 4439 utpote
605 4369 745 4439 quod
775 4368 845 4424 ob
866 4368 1087 4423 nimiam
1119 4370 1438 4439 gravitatem
1465 4383 1678 4438 semper
1712 4369 1959 4424 deorsum

2078 3179 2231 3245 ζώων
2259 3184 2369 3244 τοῖς
2418 3180 2649 3250 ἔχουσιν,
2690 3180 2803 3233 ἀλλ’
2837 3179 3150 3248 ἀναγκαίων
3182 3178 3369 3249 χρείαν
3427 3178 3663 3232 ἕκαστον

2077 3274 2359 3344 ἐκπληροῖ.
2395 3272 2613 3343 Μακρὸς
2641 3274 2668 3325 ὁ
2697 3272 2965 3343 τράχηλος
2992 3272 3093 3342 τῆς
3123 3271 3392 3341 καμήλου,
3423 3271 3511 3323 ἵνα
3546 3274 3661 3335 tot;

2078 3366 2234 3417 ποσὶν
2266 3363 2579 3435 ἐξισάζηται
2610 3363 2701 3416 καὶ
2732 3363 3017 3434 ἐφικνῆται
3194 3363 3291 3431 τῆς
3332 3361 3564 3432 βοτάνης
3600 3362 3659 3429 ἐξ

2074 3450 2142 3526 ἧς
2167 3457 2364 3527 ἀποζῇ.
2414 3456 2630 3526 Βραχὺς
2660 3456 2754 3508 xui.
2786 3458 2895 3518 τοῖς
2927 3453 3097 3525 ὤμοις
3130 3453 3424 3516 ἐνδεδυκὼς
3456 3456 3485 3506 ὁ
3516 3454 3656 3524 τρά-

2069 3548 2232 3619 χηλος
2257 3548 2358 3617 τῆς
2389 3547 2593 3619 ἄρκτου
2615 3565 2628 3578 ·
2664 3547 2760 3601 καὶ
2793 3548 3006 3609 λέοντος
3041 3547 3119 3613 δὲ,
3148 3547 3242 3599 καὶ
3272 3544 3531 3617 τίγριδος,
3558 3548 3658 3599 καὶ

2067 3640 2174 3691 τῶν
2208 3637 2429 3703 λοιπῶν,
2464 3639 2578 3704 ,ὅσα
2606 3638 2795 3691 τούτου
2825 3638 2920 3690 τοῦ
2947 3637 3169 3706 γένους*
3208 3638 3289 3689 ὅτι
3322 3639 3423 3689 οὐκ
3454 3638 3519 3689 ἐκ
3552 3636 3655 3707 τῆς

2067 3730 2202 3794 πόας
2230 3732 2415 3795 αὐτοῖς
2442 3734 2474 3803 ἠ
2502 3732 2697 3803 τροφὴ,
2731 3732 2851 3784 οὐδὲ
2879 3732 3089 3802 ἀνάγκη
3126 3730 3260 3801 πρὸς
3291 3729 3391 3800 τὴν
3421 3732 3524 3800 γῆν
3557 3748 3657 3783 κα-

2064 3822 2379 3888 τακόπτειν,
2424 3824 2791 3895 σαρκοφάγοις
2820 3818 2960 3887 οὖσι,
2995 3822 3089 3875 καὶ
3120 3824 3183 3875 ἐκ
3212 3823 3310 3892 τῆς
3331 3821 3509 3891 ἄγρας
3540 3822 3653 3873 τῶν

2073 3912 2225 3978 ζώων
2258 3915 2684 3987 διαρκουμένοις.
2742 3917 2807 3969 Τί
2865 3915 3174 3985 βούλεταιὴ
3220 3913 3525 3985 προνομαία
3574 3912 3651 3984 τῷ

2067 4007 2349 4075 ἐλέφαντι;
2391 4008 2512 4061 ’Ότι
2549 4009 2693 4079 μέγα
2721 4008 2782 4061 τὸ
2819 4007 2977 4072 ζῶον,
3020 4007 3112 4060 καὶ
3143 4006 3250 4058 τῶν
3295 4006 3564 4075 χερσαίων
3590 4004 3652 4056 τὺ

2069 4099 2340 4168 μέγιστον,
2368 4100 2447 4163 είς
2478 4099 2576 4169 τὴν
2606 4099 2713 4155 τῶν
2742 4100 3177 4169 ἐντυγχανόντων
3208 4098 3473 4167 ἔκπληξιν
3501 4115 3647 4169 παρ-

2066 4189 2248 4258 αχθὲν,
2294 4188 2632 4259 πολύσαρκον
2682 4189 2847 4259 ἐχρῆν
2897 4185 3035 4241 εἶναι
3089 4190 3182 4242 καὶ
3218 4187 3649 4260 συμπεφορημέ-

2069 4296 2158 4331 νον
2183 4280 2243 4332 τὸ
2268 4279 2444 4351 σῶμα.
2478 4281 2663 4352 Τούτῳ
2694 4283 2741 4333 εί
2770 4280 2943 4350 μέγας
2975 4282 3069 4334 καὶ
3099 4281 3373 4349 ἀναλογῶν
3410 4284 3523 4343 τοῖς
3548 4298 3649 4333 πο-

2072 4370 2154 4422 σὶν
2194 4370 2222 4422 ὁ
2246 4371 2513 4442 τράχηλος
2553 4373 2874 4444 προσετέθη,
2904 4374 3413 4445 δυσμεταχείριστος
3446 4373 3513 4427 ἂν
3550 4368 3644 4444 ἦν,

472 4550 586 4622 (50)
644 4550 796 4620 Regii
851 4551 1045 4623 tertius
1088 4558 1366 4623 etsextus
1418 4549 1522 4603 ὑπὸ
1584 4551 1693 4605 τῶν
1738 4551 1965 4622 αίμοϐό-

2082 4553 2218 4617 εντα,
2245 4551 2389 4605 nullo
2413 4554 2627 4620 negotio
2659 4562 2826 4621 possrt
2845 4552 3099 4621 suppleri.
3124 4553 3294 4623 [.egas
3318 4554 3478 4605 velim
3505 4570 3641 4606 con-

437 4620 531 4688 ων,
558 4620 619 4675 ab
643 4622 955 4674 animalibus
984 4620 1286 4689 sanguinem
1306 4631 1611 4673 ca’terorum
1638 4620 1960 4689 sugeniibus.

426 4693 601 4745 bidem
632 4692 761 4760 Reg.
791 4700 977 4761 sextus
1006 4688 1151 4743 τὰδὲ
1177 4689 1450 4761 φθαρτικὰ
1484 4688 1591 4761 τῶν
1638 4688 1791 4755 ζώων
1819 4692 1957 4761 ὀλιγ.

400 4762 552 4817 Colb.
582 4759 845 4815 secundus
869 4760 1143 4831 φθαρτικά
1162 4760 1268 4831 τῶν
1291 4759 1465 4814 ἄλλων
1491 4759 1665 4824 ζώων.
1699 4762 1799 4814 Alii
1827 4759 1957 4817 mss.

398 4841 455 4886 et
490 4831 621 4886 editi
648 4841 706 4885 ut
742 4832 794 4883 in
829 4830 1104 4885 contextu.
1132 4830 1247 4885 Non
1292 4840 1376 4883 est
1403 4832 1545 4899 quod
1590 4833 1960 4900 scrupulosius

397 4902 486 4956 his
524 4902 776 4955 omnibus
812 4901 968 4955 ﬁdem
993 4901 1367 4964 adhibeamus,
1399 4916 1521 4955 cum
1552 4916 1659 4955 non
1688 4917 1854 4969 pauca
1892 4918 1957 4956 ex

399 4971 545 5044 vulgi
589 4971 843 5039 opinione
877 4982 1191 5044 narrentur.
1230 4970 1637 5044 _Neque.tamen
1690 4984 1960 5040 repertum

400 5043 464 5095 iri
500 5040 630 5112 puto
668 5055 994 5109 quemquam
1018 5050 1141 5112 tam
1170 5040 1554 5112 iniquum,'qni
1588 5043 1702 5094 haec
1743 5050 1836 5095 aut
1886 5044 1962 5095 si-

402 5111 545 5165 milia
579 5124 792 5234 stimmo
812 5112 930 5164 viro
952 5111 1113 5166 rebus
1144 5111 1486 5182 gravioribus
1525 5112 1734 5166 intento
1759 5115 1962 5166 conde»

402 5196 531 5234 nare
551 5198 621 5234 no
647 5190 706 5234 ιι.

398 5196 531 5236 nare
551 5190 706 5236 llOlil.

471 5252 583 5323 (51)
604 5251 786 5323 {iudex
815 5248 1067 5323 ComAbel'.
1087 5264 1211 5304 cum
1245 5249 1427 5323 multis
1468 5250 1591 5306 aliis
1615 5266 1745 5306 mss.
1785 5250 1964 5323 ἐκτιν-

397 5318 579 5377 νῦσαιζ
610 5321 747 5375 Editi
777 5337 898 5375 enm
928 5320 1090 5376 Coisl.
1138 5322 1372 5373 secundo
1403 5322 1796 5378 ἐκτιννύουσαι.
1842 5322 1960 5375 Sta-

401 5395 493 5447 tim
523 5395 629 5446 duo
656 5408 785 5445 mss.
819 5391 938 5444 οὐδὲ
967 5390 1064 5460 τῆς
1098 5388 1511 5461 ἐπιϐαλλούσης.

471 5464 583 5531 (52)
620 5464 843 5515 Codices
877 5459 1078 5527 septem
1122 5459 1344 5531 ἄμοιρα.
1400 5459 1540 5515 Editi
1569 5472 1624 5516 et
1654 5461 1820 5517 Coisl.
1854 5462 1966 5529 pri-

403 5529 522 5603 ωας
552 5533 798 5603 ἄμοιρον.
832 5531 898 5585 Ει
930 5532 1019 5603 hic
1047 5543 1261 5603 quoque
1295 5529 1503 5584 librarii
1545 5535 1613 5587 oh
1648 5548 1841 5585 vanum
1878 5548 1965 5585 so-

402 5597 633 5673 loecismi
672 5597 1406 5673 ιίιειιιιῐιίνίᾱεηιυι·-ᾄμοιρον
1457 5617 1551 5669 pro
1588 5603 1793 5673 ἄμοιρα
1826 5603 1964 5673 scri-_

402 5671 601 5743 psisse,
633 5686 697 5725 eo
737 5669 1280 5743 videlicet_consilto,
1330 5678 1387 5721 ut
1428 5686 1527 5724 vox
1580 5669 1807 5743 ἄμοιρον
1838 5671 1964 5743 voci

401 5738 556 5794 οὐδέν
597 5741 967 5808 responderet.
995 5739 1099 5795 Sed
1130 5739 1263 5793 nihil
1289 5753 1532 5808 necesse,
1559 5738 1681 5798 eum
1718 5738 1871 5809 illud,
1897 5740 1966 5794 τὰ

2072 4635 2302 4677 textum.
2364 4624 2557 4675 Statim
2620 4623 2767 4691 Regii
2810 4626 3036 4687 primus,
3085 4627 3276 4676 tertius
3323 4633 3377 4677 et
3416 4634 3645 4678 octavus

2068 4709 2189 4748 cum
2216 4692 2365 4746 Colb.
2390 4695 2625 4748 secundo
2648 4694 2716 4746 τά
2744 4693 2900 4764 μέλη.
2932 4693 3205 4747 Editieutn
3231 4709 3337 4746 uno
3355 4704 3449 4747 aut
3472 4697 3645 4749 altero

2068 4779 2169 4815 ms.
2199 4761 2268 4815 τὰ
2306 4762 2468 4815 μέρη.

2066 4779 2169 4817 ms.
2199 4779 2268 4815 τα
2305 4779 2468 4833 μερη.

2138 4834 2251 4903 (55)
2284 4832 2465 4903 Codex
2518 4832 2762 4903 Combef.
2805 4848 2927 4888 cum
2981 4832 3103 4887 aliis
3145 4833 3386 4903 quinque
3438 4832 3636 4901 ἀφεῖλε

2064 4902 2193 4957 τῶν.
2232 4903 2369 4957 Editi
2399 4902 2648 4970 ἀφείλετο
2676 4904 2803 4960 τῶν.

2135 4972 2818 5045 (54)-Οοάεκβοιιιιιρῒηει
2846 4973 2981 5045 Reg.
3002 4983 3241 5045 Hoctavus
3274 4971 3487 5036 τούτοις
3523 4974 3646 5027 πολ-

2062 5042 2161 5106 λάς
2191 5042 2286 5114 καὶ
2328 5042 2578 5106 ποικίλας
2626 5042 2913 5112 ἀποθήκας
2935 5042 3086 5107 ἡτῶν,
3120 5053 3226 5098 etc.
3276 5045 3412 5114 Reg.
3450 5057 3642 5098 sextus

2064 5113 2321 5185 ποικίλας
2331 5114 2458 5185 ταῖς
2480 5116 2707 5183 τροφαῖς
2740 5114 3171 5185 παρεσκεύασεν.

2136 5183 2250 5253 (55)
2307 5183 2533 5253 (lodices
2611 5183 2845 5250 quatuor
2914 5196 3112 5253 praeter
3192 5183 3438 5238 Combef.
3498 5183 3640 5236 ὥστε

2065 5251 2431 5323 καταλεανθέν
2461 5251 2559 5322 τῷ.
2596 5254 2749 5308 Colb.
2790 5251 3058 5308 secundus
3080 5270 3198 5309 cum
3241 5255 3373 5323 Reg.
3406 5265 3563 5307 sexto
3588 5265 3641 5308 et

2061 5340 2186 5445 ἔξω]
2210 5321 2363 5378 Bodl.
2390 5321 2531 5376 ὥστε
2564 5323 2997 5378 καταλεανθέντα
3022 5324 3119 5397 τῷ.
3154 5325 3293 5379 Editi
3314 5321 3645 5380 καταλειαν-

2124 5410 2238 5445 ντα.

2124 5410 2238 5445 ντα.

2134 5464 2261 5535 (56)
2282 5463 2506 5535 Codices
2534 5465 2773 5535 quinque
2806 5464 3069 5534 ἔγκειται.
3107 5465 3248 5520 Editi
3300 5480 3426 5519 cum
3477 5464 3638 5523 Coll).

2061 5534 2303 5587 secundo
2331 5533 2627 5602 ἕγκεινται.

2136 5603 2245 5674 (57)
2262 5604 2419 5678 _Colb.
2453 5607 2721 5678 secundus
2751 5607 2851 5660 οὐκ
2886 5607 3161 5678 ἐφίκηται.
3198 5606 3486 5678 Aliquanto
3513 5612 3639 5674 post

2062 5688 2194 5729 mss.
2225 5674 2429 5742 aliquot
2458 5676 2543 5728 ὅτι
2573 5677 2692 5747 οὐχ).
2739 5679 2805 5731 ἐκ
2849 5674 2970 5748 τῆς.
3009 5674 3151 5734 Editi
3194 5693 3316 5733 cum
3345 5675 3502 5731 Colb.
3547 5691 3637 5731 se-

2062 5745 2239 5797 cundo
2267 5745 2345 5797 ὅτι
2376 5745 2495 5797 οὐκ.

2062 5758 2239 5799 CUIIUO
2267 5762 2345 5797 οτι
2376 5758 2495 5799 ουκ.
