3850 6218
212 363 316 418 201
1309 370 1596 428 HOMILIA
1629 373 1702 428 IX
1739 373 1794 429 ID

1898 373 2338 432 EXAEMERON.

210 479 294 553 τῷ
315 481 704 552 ὗπερὸάλλοντι
734 483 888 558 βάρει
916 490 1278 562 καταρρέπων
1311 493 1398 546 ἀεὶ
1435 495 1572 564 πρὸς
1607 495 1669 547 τὸ
1697 493 1794 548 κά-

1900 507 2170 566 vergeret.
2215 495 2369 553 Nunc
2420 509 2598 554 autem
2655 507 2818 570 caput
2864 501 3081 571 quidem
3139 515 3235 571 per
3275 516 3476 572 paucas

209 588 312 625 τω.
347 572 542 664 Νῦν
573 576 605 640 ἡ
653 574 750 644 μὲν
803 577 1014 650 κεφαλὴ
1062 579 1129 632 δι’
1150 579 1345 650 ὀλίγων
1378 583 1484 636 τῶν
1507 583 1601 636 τοῦ
1633 583 1794 655 αὐχέ-

1898 587 2127 643 cervicis
2177 601 2462 659 compages
2506 603 2630 644 cum
2683 590 2830 648 dorsi
2875 592 3028 663 spina
3074 594 3420 664 coniungitur
3453 611 3471 648 :

210 679 304 726 νος
350 663 653 732 σφονδύλων
679 667 814 738 πρὸς
852 668 951 738 τὴν
991 671 1147 741 ῥάχιν
1174 674 1508 728 συνάπτεται
1529 692 1542 704 ·
1577 675 1688 746 ἔχει
1739 675 1794 728 δέ

1898 677 2060 733 habet
2091 694 2218 733 vero
2251 681 2786 750 proboscidem,colli
2819 681 2993 740 oﬂicio
3017 698 3083 740 ac
3103 663 3327 741 munere
3353 687 3476 742 fun-

209 752 311 848 τὴν
351 754 709 848 προνομαίαν,
751 757 850 828 τὴν
874 758 968 812 τοῦ
1003 763 1280 833 τραχήλου
1321 765 1510 835 χρείαν
1545 765 1794 836 ἀποπλη-

1898 779 2247 841 gentem,per
2271 786 2431 840 quam
2455 783 2511 830 et
2552 773 2866 830 alimentum
2913 777 3161 840 assumit,
3199 786 3254 832 et
3287 787 3472 848 potum

3368 384 3550 442 202·

212 843 438 912 ρούσαν,
481 844 548 898 δι’
578 841 646 917 ἧς
674 847 768 900 καὶ
819 849 918 920 τὴν
958 855 1167 924 τροφῂν
1214 867 1570 927 προσάγεται,
1610 858 1704 910 καὶ
1737 857 1798 911 τὸ

211 936 376 990 ποτὸν
399 937 678 1008 ἀνιμᾶται.
725 939 888 994 Ἀλλὰ
919 944 1014 996 καὶ
1059 944 1419 1018 ἁδιάρθρωτοι
1449 948 1598 1020 αὑτῷ
1623 951 1671 1002 οἰ
1701 949 1795 1001 πό-

207 1025 322 1090 δες,
351 1028 514 1082 οἱονεὶ
551 1029 728 1095 κίονες
772 1033 1060 1104 ήνωμένοι,
1096 1037 1157 1089 τὸ
1207 1037 1372 1109 βάρος
1404 1040 1797 1110 ὑποστηρίζου-

211 1134 321 1172 σιν.
363 1121 426 1172 El
453 1120 562 1193 γὰρ
589 1121 763 1191 χαῦνα.
791 1125 939 1196 αὑτῷ
965 1129 1059 1180 καὶ
1091 1128 1286 1200 δίυγρα
1320 1131 1558 1202 ὑπετέθη
1591 1132 1702 1202 (58)
1724 1133 1794 1186 τὰ

210 1209 384 1274 κῶλα,
409 1215 648 1281 συνεχεῖς
682 1213 747 1268 ἂν
773 1216 1011 1284 ἐγίνοντο
1037 1217 1147 1272 τῶν
1171 1220 1390 1290 ἄρθρων
1409 1223 1466 1274 αἱ
1508 1223 1792 1291 ἐκτροπαὶ,

211 1303 640 1369 συνοκλάζοντος
667 1307 763 1360 καὶ
799 1309 1206 1382 διανισταμένου
1239 1313 1518 1384 κουφίζειν
1537 1315 1598 1368 τὸ
1629 1316 1796 1388 βάρος

213 1393 290 1466 μὴ
309 1393 678 1466 ἐξαρκούντων
698 1398 829 1471 (59).
861 1400 976 1456 Νῦν
996 1403 1052 1455 δὲ
1071 1404 1276 1474 βραχὺς
1303 1405 1643 1476 ἀστράγαλος
1665 1407 1798 1459 ὑπό-

210 1500 391 1537 κειται
413 1484 489 1555 τῷ
517 1487 638 1540 ποδὶ
663 1487 758 1540 τοῦ
792 1488 1082 1557 ἐλέφαντος
1109 1507 1123 1521 ·
1155 1489 1279 1545 οὕτε
1311 1492 1496 1563 μέντοι
1521 1494 1600 1557 είς
1626 1492 1796 1561 ἀγκύ-

209 1573 315 1642 λην
347 1574 468 1628 οὔτε
499 1577 579 1640 είς
611 1577 740 1644 γόνυ
771 1577 1124 1651 διήρθρωται.
1162 1581 1237 1634 Οὐ
1267 1581 1376 1654 γὰρ
1417 1581 1482 1636 ἂν
1517 1583 1794 1654 ὑπήνεγκε

207 1665 274 1719 τὸ
303 1667 410 1718 τῶν
439 1667 658 1738 ἄρθρων
684 1669 970 1742 ὀλισθηρὸν
1002 1671 1100 1743 τὴν
1128 1673 1500 1746 πολυσαρκίαν
1520 1673 1612 1727 τοῦ
1654 1673 1794 1738 ζὼου

211 1757 414 1828 πολλὴν
482 1757 632 1830 αὐτῷ
691 1763 1132 1835 περικεχυμένην
1191 1765 1286 1819 καὶ
1335 1767 1790 1838 περιτρέμουσαν.

215 1851 380 1905 Ὅθεν
409 1851 568 1923 χρεία
594 1851 783 1922 γέγονε
822 1853 916 1907 τοῦ
959 1856 1233 1926 μυκτῆρος
1261 1857 1468 1910 ἐκείνου
1503 1859 1662 1930 μέχρι
1698 1877 1788 1912 πο·
1825 1845 1866 1898 Β

209 1940 318 1994 δῶν
345 1943 691 2013 καθιεμένου.
733 1945 845 2014 Οὐχ
877 1947 1006 2016 δρᾷς
1037 1948 1094 1998 ἐν
1131 1950 1244 2011 τοῖς
1276 1948 1553 2019 πολέμοις,
1602 1952 1684 2003 ὅτι
1715 1951 1794 2003 oi-

211 2034 332 2087 ονεὶ
353 2035 552 2106 πύργοι
575 2036 720 2099 τινὲς
737 2035 966 2108 ἐμψυχοι
984 2038 1080 2108 τῆς
1101 2039 1376 2109 φάλαγγος
1393 2041 1756 2114 προηγοῦνται
1777 2060 1790 2110 ;

209 2124 246 2197 ἢ
281 2125 459 2195 βουνοί
478 2145 622 2191 τινες
656 2127 923 2199 σάρκινοι,
955 2129 1324 2184 ἀνυπόστατον
1347 2131 1562 2202 ἔχοντες
1589 2133 1688 2204 τὴν
1707 2135 1797 2203 ὀρ-

213 2231 348 2287 μην,
381 2217 490 2270 τῶν
537 2217 796 2270 ἐναντίων
835 2217 926 2272 τὸν
966 2221 1339 2292 συνασπισμὸν
1372 2222 1791 2289 διακόπτουσιν;

209 2300 312 2368 Οἷς
338 2309 388 2361 εί
422 2308 497 2379 μὴ
536 2304 603 2380 ἦν
633 2309 1000 2379 ἀναλογοῦντα
1027 2309 1094 2365 τὰ
1119 2312 1290 2378 κάτω,
1333 2312 1471 2386 πρὸς
1512 2315 1700 2368 οὐδένα
1729 2315 1795 2369 ἂν

209 2401 408 2474 χρόνον
439 2403 502 2456 τὸ
533 2402 669 2467 ζῶον
699 2404 972 2476 διήρκεσε.
1005 2406 1118 2461 Νῦν
1149 2407 1205 2460 δέ
1239 2408 1338 2481 ’ήδη
1360 2411 1502 2474 τινὲς
1526 2411 1795 2482 ἱστοροῦσι

209 2493 311 2548 καὶ
339 2495 626 2566 τριακόσια
663 2496 759 2566 ἐτη
793 2497 887 2549 καὶ
922 2496 1091 2551 πλείω
1125 2499 1328 2554 τούτων
1359 2501 1505 2572 βιοῦν
1543 2503 1633 2556 τὸν
1682 2504 1797 2556 ἐλέ-

211 2603 393 2657 φαντα
416 2603 430 2617 ο
461 2587 548 2641 διὰ
574 2587 732 2641 τοῦτο
772 2590 1133 2662 συμπεπηγὸς
1163 2590 1274 2664 (60)
1304 2593 1398 2646 καὶ
1435 2593 1496 2646 οὐ
1525 2594 1793 2666 διηρθρω-

213 2680 379 2750 μένον
408 2679 478 2733 τὰ
504 2679 673 2734 κῶλα.
703 2681 815 2752 Τὴν
866 2682 923 2735 δέ
971 2683 1198 2754 τροφὴν,
1256 2683 1446 2756 ὥσπερ
1489 2685 1721 2756 ἔφαμεν,
1759 2689 1792 2758 ή

211 2771 524 2844 προνομαία
550 2772 788 2844 χαμόθεν
819 2774 910 2826 ἐπὶ
937 2773 998 2826 τὸ
1031 2774 1162 2844 ὕψος
1196 2775 1522 2846 διακομίζει,
1559 2777 1794 2850 όφιώδης

211 2882 300 2928 τις
324 2861 458 2918 οὖσα
490 2867 584 2918 καὶ
626 2865 894 2937 ὑγροτέρα
943 2867 1042 2936 τὴν
1097 2866 1277 2936 φύσιν.
1324 2867 1508 2931 Οὕτως
1539 2869 1742 2941 ἀληθὴς
1767 2871 1796 2922 ὁ

209 2955 392 3023 λόγος,
427 2955 510 3008 ὅτι
537 2954 692 3008 οὐδὲν
725 2956 978 3027 περιττὸν
1011 2956 1129 3008 οὐδὲ
1166 2955 1409 3010 ἐλλεῖπον
1435 2959 1494 3010 ἐν
1525 2961 1637 3021 τοῖς
1678 2976 1796 3012 κτι-

212 3045 390 3100 σθεῖσι
420 3045 649 3100 δυνατὸν
682 3047 994 3118 εὑρεθῆναι.
1029 3047 1198 3100 Τοῦτο
1243 3049 1423 3120 μέντοι
1455 3050 1706 3104 τοσοῦτον
1735 3049 1794 3104 ὃν

1894 862 2163 917 exhaurit.
2209 861 2316 918 Sed
2357 871 2412 918 et
2437 864 2601 934 pedes
2629 865 2798 934 ipsius
2844 865 3086 923 articulis
3111 868 3334 924 minime
3361 869 3474 923 dis-

1897 953 2070 1018 tincti,
2126 953 2274 1010 velut
2318 955 2580 1012 columnae
2617 957 2935 1028 conjunctae,
2968 973 3106 1014 onus
3136 959 3471 1016 suﬂulciunt.

1895 1043 2108 1098 Etenim
2139 1046 2185 1101 si
2215 1046 2320 1101 laxi
2348 1055 2403 1104 et
2437 1045 2700 1104 ﬂexibiles
2725 1048 2891 1118 pedes
2913 1049 2964 1103 ei
3011 1048 3242 1104 fuissent
3269 1064 3467 1119 suppo-

1892 1137 1980 1191 siti
2005 1177 2020 1202 ,
2039 1137 2243 1193 crebrae
2269 1138 2424 1193 factae
2449 1139 2675 1195 fuissent
2691 1139 3042 1198 articulorum
3061 1155 3092 1197 e
3112 1141 3225 1198 suis
3250 1142 3472 1197 sedibus

1893 1229 2160 1284 motiones
2196 1249 2209 1284 :
2247 1230 2682 1301 quandoquidem
2709 1232 2838 1288 dum
2879 1231 3034 1289 ﬂexis
3071 1234 3296 1305 genibus
3331 1248 3468 1290 con-

1893 1321 2112 1392 sideret,
2142 1331 2235 1376 aut
2287 1331 2621 1392 exsurgeret,
2656 1323 2879 1380 ferendo
2919 1323 3144 1393 ponderi
3171 1338 3328 1394 pares
3357 1339 3467 1378 non

1895 1425 2096 1469 essent.
2128 1414 2280 1472 Nunc
2307 1432 2437 1473 vero
2456 1431 2652 1486 parvus
2685 1416 2825 1473 talus
2857 1415 3142 1487 subjicitur
3165 1418 3470 1486 elephantis

1893 1505 2012 1575 pedi
2045 1524 2058 1560 τ
2094 1507 2206 1578 86
2239 1522 2414 1579 neque
2459 1518 2636 1562 tamen
2665 1509 2733 1564 ad
2775 1518 3143 1576 curvaturam,
3186 1523 3363 1579 neque
3403 1510 3472 1565 ad

1895 1612 2032 1666 genu
2062 1610 2375 1668 compactus
2419 1599 2662 1656 articulis
2697 1609 2801 1656 est.
2829 1599 2964 1654 Nam
2995 1600 3349 1656 articulorum
3383 1601 3470 1656 in-

1896 1689 2195 1754 constantia
2218 1704 2281 1743 ac
2316 1689 2586 1744 mobilitas
2612 1689 2835 1745 multam
2892 1690 3144 1746 animalis
3190 1691 3472 1760 corpulen-

1898 1779 2046 1844 tiam,
2080 1780 2180 1849 ipsi
2216 1779 2600 1835 circumfusam
2633 1795 2698 1838 ac
2729 1782 3072 1849 titubantem,
3092 1780 3236 1836 ferre
3266 1797 3471 1851 nequa-

1894 1885 2054 1938 quam
2101 1871 2382 1941 potuisset.
2424 1870 2576 1928 Unde
2621 1887 2787 1930 nasus
2837 1873 2928 1930 ille
2978 1874 3045 1930 ad
3089 1872 3253 1943 pedes
3299 1887 3472 1942 usque

1895 1962 2181 2028 demissus,
2232 1962 2334 2017 fuit
2361 1963 2720 2020 necessarius.
2761 1963 2950 2022 Nonne
2994 1964 3145 2020 vides
3187 1964 3241 2018 in
3290 1963 3467 2032 bellis,

1895 2051 2038 2121 quod
2077 2052 2225 2106 velut
2259 2051 2513 2106 animatae
2545 2054 2792 2123 quaedam
2843 2062 3023 2110 turres
3057 2053 3232 2109 aciem
3267 2069 3471 2124 praece-

1896 2143 2022 2196 dant
2051 2143 2186 2197 laut
2217 2143 2361 2212 quod
2411 2143 2557 2198 velut
2592 2145 2776 2200 carnei
2810 2145 3028 2214 quidam
3057 2145 3244 2213 colles,
3271 2144 3469 2202 intole-

1895 2235 2271 2306 rabiliimpetu
2303 2235 2538 2307 impulsi,
2572 2238 2796 2294 densata
2821 2238 3056 2294 hostium
3093 2239 3309 2310 agmina
3341 2253 3470 2308 per-

1897 2335 2151 2395 rumpant
2178 2326 2201 2380 ?
2232 2326 2440 2393 Quibus
2465 2329 2568 2384 nisi
2597 2339 2777 2400 partes
2801 2329 3025 2386 inferna:
3057 2330 3468 2400 responderent,

1896 2426 2138 2488 tempore
2173 2417 2281 2474 ullo
2307 2420 2599 2488 persistere
2629 2420 2828 2476 animal
2857 2419 2986 2476 illud
3011 2421 3233 2478 minime
3266 2430 3470 2492 posset.

1893 2507 2048 2564 Nunc
2103 2516 2283 2564 autem
2318 2509 2564 2566 referunt
2619 2511 2864 2567 nonnulli
2917 2513 3174 2570 trecentis
3214 2513 3372 2568 armis
3419 2521 3474 2568 et

1895 2599 2124 2668 amplius
2166 2601 2350 2656 vivere
2392 2600 2778 2670 elephantem:
2825 2611 3112 2674 propterea
3150 2604 3314 2676 pedes
3355 2602 3473 2671 ejus

1897 2691 2161 2764 compacti
2195 2699 2340 2759 sunt,
2394 2707 2495 2749 nec
2531 2693 2656 2750 ullis
2701 2694 2946 2750 articulis
2993 2695 3320 2752 dividuntur.
3356 2695 3473 2752 Cte-

1897 2793 2094 2848 terum,
2129 2784 2205 2838 uti
2235 2784 2489 2848 diximus,
2520 2786 2800 2856 proboscis
2822 2801 2854 2841 e
2887 2795 3030 2842 terra
3056 2802 3268 2842 sursum
3316 2787 3472 2844 effert

1896 2877 2208 2932 alimentum
2242 2895 2256 2930 :
2288 2869 2350 2932 ea
2375 2891 2566 2944 nempe
2605 2877 2873 2947 serpentis
2907 2879 3070 2934 habet
3093 2879 3351 2948 speciem,
3383 2889 3467 2934 at—

1894 2981 2000 3037 que
2028 2983 2092 3022 ex
2123 2981 2220 3042 sua
2253 2976 2444 3022 natura
2478 2966 2690 3021 facilius
2734 2966 2985 3022 ﬂectitur.
3025 2968 3173 3024 Adeo
3216 2982 3342 3023 vera
3379 2967 3470 3024 illa

1897 3058 2163 3112 sententia
2191 3065 2298 3124 est,
2327 3055 2458 3110 nihil
2484 3056 2628 3124 quod
2657 3065 2751 3110 aut
2785 3056 3065 3122 redundet,
3101 3065 3193 3110 aut
3229 3055 3465 3122 deficiat,

209 3137 294 3209 τῷ
353 3137 596 3209 μεγέθει,
637 3138 948 3210 ὑποχείριον
1005 3142 1139 3210 ἡμῖν
1199 3140 1532 3210 κατέστησεν
1579 3143 1608 3194 ὁ
1661 3141 1794 3207 Θεὸς

1898 3152 1951 3204 in
2003 3149 2165 3204 rebus
2203 3147 2401 3204 creatis
2431 3147 2661 3202 inveniri
2711 3160 2888 3215 posse.
2931 3147 3096 3217 Atqui
3141 3147 3273 3203 illud
3305 3157 3470 3203 tantae

211 3227 380 3300 (ὥστε
433 3231 529 3284 καὶ
571 3230 955 3301 διδασκόμενον
1007 3231 1266 3296 συνιέναι,
1319 3233 1412 3286 καὶ
1457 3234 1791 3304 τυπτόμενον

211 3320 648 3394 καταδέχεσθαι),
679 3323 924 3394 ἐναργῶς
949 3325 1098 3394 ἡμᾶς
1125 3325 1476 3390 ἐκδιδάσκων,
1504 3327 1585 3380 ὃτι
1613 3328 1792 3382 πάντα

211 3412 482 3480 ὑπέταξεν
513 3415 666 3486 ἡμῖν,
700 3416 788 3469 διὰ
814 3415 877 3468 τὸ
905 3418 1024 3469 κατ’
1052 3417 1235 3470 είκόνα
1278 3419 1428 3488 ἡμᾶς
1463 3419 1792 3490 πεποιῆσθαι

211 3503 330 3576 (61)
357 3505 452 3559 τοῦ
478 3507 782 3571 κτίσαντος.
816 3508 890 3561 Οὐ
916 3507 1074 3578 μόνον
1098 3508 1154 3560 δέ
1189 3509 1246 3562 ἐν
1271 3513 1382 3574 τοῖς
1402 3511 1656 3580 μεγάλοις
1685 3511 1792 3564 τῶν

211 3595 372 3663 ζώων
393 3597 490 3669 τὴν
524 3598 924 3670 ἀνεξιχνίαστον
952 3599 1142 3668 σοφίαν
1167 3599 1343 3666 ἔξεστι
1372 3602 1628 3666 κατιδεῖν,
1658 3585 1792 3656 ἀλλᾶ

211 3688 312 3742 καὶ
339 3691 396 3742 ἐν
424 3693 538 3754 τοῖς
567 3689 913 3762 μικροτάτοις
945 3690 1096 3744 οὐδὲν
1130 3691 1344 3744 ἔλαττον
1375 3695 1692 3764 συναγεῖραι
1732 3693 1793 3746 τὸ

213 3779 422 3851 θαῦμα.
457 3783 668 3852 ’Ὠσπερ
704 3781 814 3853 γὰρ
855 3783 916 3836 οὐ
960 3783 1157 3854 μᾶλλον
1193 3782 1456 3854 θαυμάζω
1492 3785 1590 3848 τάς
1626 3785 1795 3856 μεγά-

212 3871 316 3938 λας
342 3874 451 3927 τῶν
472 3871 613 3944 ὀρῶν
646 3874 911 3946 κορυφὰς,
951 3875 1007 3928 αἳ
1037 3873 1115 3945 τῷ
1153 3876 1380 3947 πλησίον
1401 3872 1672 3930 εἶναιτῶν
1705 3895 1792 3930 νε·-

213 3967 334 4039 φῶν
363 3969 428 4038 τῇ
459 3970 671 4038 συνεχεῖ
695 3966 986 4039 περιπνοίᾳ
1021 3966 1344 4032 διασώζουσι
1385 3967 1447 4020 τὸ
1493 3969 1791 4040 χειμέριον,

211 4057 250 4131 ἢ
275 4059 376 4130 τὴν
411 4061 469 4111 ἐν
500 4061 622 4122 ταῖς
661 4059 899 4130 φάραγξι
936 4059 1242 4129 κοιλότητα,
1267 4060 1325 4112 οὐ
1351 4059 1509 4130 μόνον
1535 4059 1595 4112 τὸ
1628 4059 1792 4130 δυσή-

213 4165 380 4219 νεμον
413 4148 521 4201 τῶν
551 4149 770 4221 ὑψηλῶν
800 4149 1212 4219 διαφεύγουσαν,
1245 4149 1381 4203 ἀλλὰ
1430 4151 1523 4203 καὶ
1555 4149 1795 4204 ἀλεεινὸν

214 4237 304 4290 ἀεὶ
359 4237 450 4290 τὸν
493 4239 631 4310 ἀέρα
667 4241 1024 4310 συνέχουσαν·
1077 4239 1248 4304 οὕτως
1292 4241 1385 4294 καὶ
1429 4242 1486 4293 ἐν
1533 4243 1650 4303 ταῖς
1687 4241 1796 4294 τῶν

215 4328 372 4395 ζώων
415 4333 782 4396 κατασκευαῖς
811 4333 870 4384 οὐ
911 4333 1110 4404 μᾶλλον
1155 4331 1365 4400 ἄγαμαι
1403 4331 1495 4384 τὸν
1532 4331 1796 4398 ἐλέφαντα

212 4421 310 4475 τοῦ
346 4422 604 4493 μεγέθους
628 4423 660 4493 ἢ
684 4423 774 4476 τὸν
809 4423 933 4494 μῦν,
965 4425 1045 4477 ὅτι
1079 4422 1306 4493 φοϐερός
1330 4421 1544 4492 ἐστιτῷ
1575 4422 1796 4488 ἐλέφαν-

1897 3239 2280 3310 magnitudinis
2311 3239 2514 3294 animal
2553 3239 2708 3294 nobis
2759 3239 2899 3294 Deus
2943 3239 3218 3294 subdidit:
3249 3239 3384 3294 adeo
3411 3248 3472 3294 ut

1894 3333 1938 3386 si
1966 3333 2246 3396 doceatur,
2276 3329 2576 3400 intelligat;
2603 3329 2648 3383 si
2688 3328 3055 3398 percutiatur,
3081 3327 3340 3399 perferat.
3375 3329 3470 3384 Ni-

1894 3423 2092 3477 mirum
2121 3421 2266 3476 clare
2301 3436 2400 3476 nos
2451 3422 2642 3475 edocet
2668 3421 2810 3490 quod
2851 3421 2918 3474 ad
2949 3418 3224 3476 Creatoris
3269 3419 3465 3490 imagi-

1893 3529 2016 3566 nem
2073 3511 2272 3567 conditi
2329 3511 2555 3572 sumus,
2589 3509 2659 3564 ob
2719 3509 2772 3562 id
2809 3508 2966 3564 nobis
3017 3506 3185 3562 fuisse
3229 3507 3468 3574 subjecta

1892 3604 2092 3660 omnia.
2127 3601 2242 3656 Non
2266 3601 2439 3656 solum
2479 3609 2657 3656 autem
2683 3603 2737 3654 in
2770 3600 2980 3670 magnis
3006 3599 3330 3654 animalibus
3370 3601 3472 3654 im-

1893 3691 2362 3764 pervestigabilem
2391 3692 2711 3761 sapientiam
2743 3691 2930 3745 videre
2962 3699 3080 3754 est,
3107 3690 3200 3744 sed
3223 3691 3386 3744 etiam
3415 3690 3472 3744 in

1894 3785 2133 3840 minimis
2197 3783 2368 3838 nihilo
2420 3783 2625 3836 minora
2681 3781 2942 3836 miracula
3011 3781 3268 3850 colligere
3319 3781 3468 3836 licet.

1893 3876 2350 3943 Quemadmodum
2405 3873 2546 3928 enim
2599 3885 2796 3940 magna
2845 3871 3106 3926 montium
3159 3871 3467 3938 cacumina,

1894 3985 2012 4038 quae
2046 3968 2114 4023 ob
2146 3965 2368 4020 nubium
2400 3965 2732 4019 vicinitatem
2764 3979 2860 4033 per
2881 3965 3166 4020 continuos
3200 3961 3361 4017 ﬂatus
3383 3962 3468 4016 hi-

1893 4061 2118 4114 hernum
2148 4057 2319 4128 frigus
2350 4064 2693 4121 conservant,
2728 4069 2830 4109 non
2874 4055 3042 4110 miror
3070 4054 3277 4124 magis,
3306 4068 3470 4123 quam

1895 4152 2113 4206 vallium
2157 4164 2420 4214 concava,
2457 4161 2574 4217 quae
2602 4162 2707 4202 non
2755 4145 2929 4201 solum
2967 4154 3254 4200 ventorum
3304 4145 3472 4199 subli-

1895 4244 2060 4296 tniutn
2081 4240 2341 4296 saevitiem
2375 4237 2665 4302 declinant,
2697 4237 2792 4290 sed
2829 4234 2992 4290 etiam
3024 4235 3261 4304 tepidum
3287 4247 3470 4289 aerem

1895 4345 2106 4398 semper
2134 4329 2374 4384 retinent
2409 4343 2428 4381 :
2464 4326 2543 4382 sic
2571 4325 2734 4379 etiam
2769 4323 2834 4384 in.
2865 4322 3178 4378 animalium
3207 4324 3471 4379 constitu-

1899 4424 2067 4486 tione,
2105 4436 2210 4474 non
2251 4417 2423 4488 magis
2476 4416 2716 4471 admiror
2768 4413 3106 4484 elephantem
3143 4413 3213 4470 ob
3260 4413 3474 4483 magni-

212 4527 270 4566 τι
290 4529 304 4542 ·
333 4512 448 4582 ἢτὸ
473 4511 798 4568 λεπτότατον
827 4513 919 4567 τοῦ
949 4515 1210 4586 σκορπίου
1239 4513 1483 4584 κέντρον,
1509 4513 1626 4576 πῶς
1655 4514 1794 4566 ἐκοί-

1903 4501 2160 4578 tudinem,
2190 4527 2352 4581 quam
2384 4524 2611 4574 murem,
2644 4511 2734 4579 qui
2764 4508 3086 4563 metuendus
3114 4515 3198 4562 est
3224 4505 3475 4577 elephan-

211 4599 376 4658 λανεν
409 4601 594 4674 ὥσπερ
627 4604 788 4657 αὐλὸν
836 4605 864 4656 ὁ
922 4605 1192 4674 τεχνίτης,
1241 4603 1380 4655 ὥστε
1409 4603 1473 4656 δι’
1509 4601 1672 4656 αὑτοῦ
1702 4603 1792 4656 τὸν

215 4693 299 4752 Iov
340 4697 454 4757 τοῖς
479 4694 767 4767 τρωθείσιν
811 4695 1068 4749 ἐνίεσθαι.
1123 4696 1235 4750 Καὶ
1267 4695 1452 4766 μηδεὶς
1493 4695 1794 4762 ἐγκαλείτω

211 4785 410 4841 τούτου
435 4786 618 4840 ἕνεκεν
646 4786 724 4858 τῷ
757 4789 975 4857 ποιητῇ,
1011 4788 1092 4840 ὅτι
1130 4787 1310 4840 ίοϐόλα
1337 4786 1451 4852 ζῶα
1491 4787 1584 4839 καὶ
1622 4786 1794 4858 φθαρ-

209 4879 344 4935 τικὰ
369 4879 462 4932 καὶ
490 4878 722 4950 πολέμια
747 4881 816 4950 τῇ
845 4879 957 4952 ζωῇ
985 4879 1142 4952 ἡμῶν
1172 4880 1534 4950 ἐπεισήγαγεν
1557 4895 1569 4907 ·
1595 4877 1627 4949 ἢ
1650 4877 1792 4932 οὕτω

277 5127 404 5250 ἕξεί)
434 5127 568 5199 Reg.
631 5126 842 5197 primus
883 5125 1136 5197 ἐπετέθη.
1193 5125 1325 5195 Reg.
1381 5134 1569 5180 sextus
1622 5139 1796 5195 προσ-

341 5215 398 5250 η.

211 5215 398 5252 creua.

431 5267 586 5336 Regii
620 5266 846 5336 primus,
876 5265 1100 5332 quintus
1145 5273 1202 5318 et
1239 5271 1467 5336 octavus
1505 5264 1803 5336 ἐξαρκοῦν-

210 5354 310 5392 τα.
339 5339 484 5390 Etliti
515 5335 636 5391 cum
676 5336 797 5407 aliis
819 5350 950 5389 mss.
981 5351 1088 5388 non
1117 5335 1306 5407 paucis
1337 5335 1740 5407 ἐξαρκούντων.

288 5407 400 5477 (60)
427 5407 539 5471 Illa,
576 5407 665 5460 διὰ
695 5403 856 5458 τοῦτο
878 5405 1274 5477 συμπεπηγός,
1314 5403 1452 5477 etc.,'
1483 5407 1554 5459 ita
1591 5407 1804 5477 reddita

211 5475 346 5531 sunt
377 5475 405 5530 a
429 5479 597 5532 veteri
631 5478 952 5542 interprete,
972 5486 1030 5527 ut
1051 5475 1202 5528 dicas
1229 5476 1570 5540 elephantem
1597 5475 1808 5530 idcirco

215 5557 302 5602 tot
323 5561 589 5601 annorum
629 5545 808 5616 spatio
833 5547 1038 5616 vivere,
1061 5545 1209 5616 quod
1233 5546 1396 5616 pedes
1423 5545 1618 5600 habeat
1655 5559 1808 5599 com-

213 5626 429 5687 pactos,
464 5633 563 5671 nee
589 5613 835 5687 articulis
870 5613 1323 5687 ullis_dis_linetos.
1347 5613 1454 5668 Sed
1493 5628 1689 5687 canon
1721 5621 1806 5668 est

213 5683 512 5740 Verborum
541 5686 728 5741 Basilii
769 5685 1062 5738 sententia.
1101 5683 1218 5738 Hoc
1252 5695 1434 5738 autem
1474 5685 1629 5748 dicit,
1678 5684 1805 5737 inde

216 5765 480 5836 constare
529 5754 1057 5836 pedes_el_ephantis
1109 5755 1406 5836 compingi,
1441 5765 1498 5808 et
1547 5754 1802 5836 articulis

219 5826 464 5897 destitui,
489 5827 636 5885 uuod
678 5825 900 5896 elephas
940 5833 1088 5882 tanto
1122 5824 1386 5896 temporis
1421 5824 1598 5897 spatio
1625 5824 1790 5880 vivat.

1901 4617 1957 4661 to
1983 4623 1996 4660 :
2023 4605 2129 4670 vel,
2165 4619 2330 4675 quam
2379 4601 2748 4658 tenuissimum
2798 4599 2996 4668 scorpii
3031 4598 3296 4664 aculeum,
3338 4611 3474 4668 quo-

1900 4697 2059 4752 modo
2079 4712 2200 4751 eum
2229 4694 2424 4750 artifex
2465 4694 2580 4762 ipse
2625 4703 2877 4761 tanquam
2921 4689 3108 4746 tibiam
3155 4689 3390 4756 cavavit,
3415 4699 3474 4746 ut

1897 4803 1996 4860 per
2019 4787 2164 4843 illum
2209 4786 2359 4841 virus
2387 4784 2646 4839 sauciatis
2675 4783 3016 4838 immittatur.
3046 4779 3157 4836 Nec
3188 4781 3475 4852 quisquam

1887 4877 2110 4932 vincuset
2136 4875 2504 4940 Conditorem,
2530 4875 2671 4944 quod
2707 4873 2958 4928 animalia
2994 4881 3257 4928 venenata
3285 4871 3478 4928 exitio-

1916 5120 2150 5175 Putabat
2178 5119 2320 5174 enim
2365 5118 2606 5174 futurum
2639 5117 2826 5184 fuisse,
2861 5127 2920 5172 ut
2951 5127 3119 5175 tanta:
3157 5119 3314 5175 molis
3356 5119 3478 5173 ani-

1916 5191 2024 5245 mal
2065 5205 2170 5243 non
2211 5189 2476 5258 potuisset
2513 5199 2660 5244 stare
2696 5198 2750 5244 et
2785 5189 3106 5258 consistere,
3156 5190 3262 5243 nisi
3313 5190 3476 5256 pedes

1915 5261 2032 5328 ejus
2061 5257 2308 5314 articulis
2331 5260 2633 5314 caruissent
2667 5273 2682 5312 :
2711 5257 2806 5314 sed
2835 5259 3018 5313 statim
3033 5273 3131 5312 suo
3158 5259 3326 5328 ipsius
3343 5274 3478 5326 pon-

1912 5333 2042 5385 dere
2081 5331 2370 5384 ruiturum.
2413 5329 2488 5383 lta
2518 5331 2734 5399 quidem
2767 5329 3005 5382 sensisse
3035 5329 3302 5399 Basilium,
3324 5329 3476 5382 arbi-

1907 5409 2022 5454 tror
2051 5416 2063 5451 :
2095 5415 2272 5469 neque
2295 5411 2471 5469 tamen
2508 5398 2767 5454 continuo
2797 5399 2955 5453 velim
2998 5400 3137 5469 hanc
3162 5398 3476 5469 Opinionem

1903 5485 2005 5538 pro
2027 5485 2156 5524 vera
2184 5467 2408 5539 haberi.
2432 5467 2609 5524 Probe
2637 5470 2782 5539 enim
2815 5469 2929 5522 scio
2959 5468 3339 5539 gravissimum
3369 5467 3472 5522 Pa-

1905 5537 2067 5605 trem,
2105 5539 2194 5594 cui
2249 5553 2336 5593 res
2364 5537 2628 5604 ejusmodi
2675 5537 2982 5608 diligenter'
3009 5538 3322 5608 expendere
3361 5553 3471 5593 non

1903 5611 2156 5672 vacabat,
2183 5623 2276 5662 eas
2299 5624 2420 5675 quae
2447 5621 2548 5661 sua
2570 5617 2732 5662 aetate
2765 5607 3018 5675 vigebant
3037 5607 3324 5674 opiniones
3360 5624 3471 5663 non

1902 5695 2028 5734 raro
2063 5680 2114 5732 in
2149 5679 2234 5732 his
2265 5679 2419 5732 libris
2454 5677 2726 5730 incautius
2752 5686 2996 5730 secutum
3026 5691 3170 5731 esse.

1973 5748 2085 5818 (lii)
2123 5747 2256 5815 Reg.
2287 5749 2496 5818 primus
2531 5748 2681 5818 ἡμᾶς
2701 5747 2992 5818 ποιεῖσθαι.
3015 5747 3168 5801 Colh.
3203 5748 3476 5804 secundus

1901 5815 1992 5874 διὰ
2013 5815 2075 5873 τὸ
2107 5819 2230 5872 κατ’
2255 5817 2440 5874 εἰκόνα
2477 5815 2731 5888 γενέσθαι
2759 5815 2853 5872 τοῦ
2886 5817 3188 5880 κτίσαντος.
