3850 6218
365 293 470 355 205
1669 299 1726 354 8.
1773 299 1885 358 ΒΑΕ

2146 301 2269 357 ΕΝΙ
3531 305 3666 359 ΞΜ

363 421 534 479 saque
564 423 626 464 ac
648 410 770 464 vitae
794 419 989 467 nostra:
1015 412 1358 480 adversantia
1385 414 1635 484 produxit
1661 435 1675 471 :
1699 431 1788 473 aut
1819 436 1880 490 pa

2145 422 2206 475 ἄν
2253 421 2366 492 (62)
2406 438 2488 482 τις
2537 421 2629 474 καὶ
2687 421 3018 491 παιδαγωγῷ
3067 419 3322 491 ἐγκαλοίη
3354 420 3449 482 εἰς
3483 421 3665 487 τάξιν

366 501 578 555 ratione
597 503 767 570 possit
796 503 918 572 quis
945 504 1251 574 vituperare
1279 508 1647 578 paedagogum,
1677 511 1766 579 qui
1803 527 1886 580 put

2146 529 2226 564 ντι
2269 512 2366 580 τὴν
2395 511 2645 564 εὐκολίαν
2690 512 2790 581 τῆς
2838 512 3107 581 νεότητος,
3140 513 3234 565 καὶ
3261 511 3526 581 πληγαῖς
3551 513 3666 565 καὶ

367 607 548 644 rorum
590 593 859 647 levitatem
890 595 1416 667 inconstantiamqne
1438 599 1489 652 in
1519 601 1762 654 ordinem
1797 603 1886 656 red

1585 601 1762 654 dinem
1797 603 1935 656 redi-
2043 602 2262 672 μάστιξι
2297 602 2355 654 τὸ
2379 602 2674 655 ἀκόλαστον
2705 604 3105 674 σωφρονίζοντι.

367 695 536 752 geret,
562 685 759 754 quique
785 687 957 757 plagis
994 702 1056 742 ac
1085 688 1308 759 ﬂagellis
1335 705 1518 745 eorum
1563 693 1838 748 lasciviam
1874 710 1937 749 ac

367 776 774 841 protervitatem
802 777 1119 846 castigaret.

440 864 493 918 6.
532 865 677 920 Fidei
707 881 1081 938 argumentum
1110 880 1236 926 sunt
1273 873 1476 927 bestia.
1507 873 1736 928 Domino
1776 876 1941 929 conli-

2135 874 2162 926 ἰ.
2206 872 2445 936 Πίστεως
2486 876 2633 926 ἐστιν
2672 872 2942 938 ἀπόδειξις
2985 872 3053 924 τὰ
3109 871 3292 942 Θηρία.
3344 870 3655 933 Πέποιθαυς

370 955 454 1010 dis
484 956 507 1008 ?
532 955 704 1025 Super
726 961 957 1027 aspidem
985 969 1034 1014 et
1061 961 1362 1020 basiliscum
1388 964 1701 1031 ambulabis,
1732 976 1780 1020 et
1815 983 1890 1021 cor

2131 1006 2137 1018 .
2166 966 2405 1038 Κύριον;
2450 966 2574 1018 Ἐπὶ
2615 963 2843 1018 ἀσπίδα
2869 965 2966 1016 καὶ
2996 964 3377 1027 βασιλίσκω·
3411 963 3651 1027 ἐπιϐή-

373 1048 600 1103 oulcabis
656 1050 854 1104 leonem
905 1062 952 1105 et
1004 1054 1281 1106 draconem
1316 1054 1376 1108 ¹³.
1423 1057 1598 1125 Atque
1659 1073 1752 1126 per
1781 1059 1893 1113 ﬁdei

2135 1099 2147 1119 ,
2183 1059 2279 1111 καὶ
2306 1055 2744 1124 καταπατήσας
2778 1057 2992 1112 λέοντα
3034 1057 3128 1109 καὶ
3161 1055 3496 1123 δράκοντα.
3531 1057 3654 1108 Καὶ

371 1149 692 1208 potestatem
756 1141 923 1196 habes
978 1144 1282 1197 ambulandi
1342 1159 1505 1213 super
1555 1157 1835 1216 serpentes
1880 1165 1891 1202 :

2139 1167 2186 1212 ις
2217 1149 2314 1219 τὴν
2353 1147 2440 1201 διὰ
2493 1148 2728 1210 πίστεως
2757 1147 3002 1213 ἐξουσίαν
3053 1148 3240 1202 πατεῖν
3286 1145 3400 1217 (65)
3444 1145 3654 1198 ἐπάνω

373 1233 633 1301 scorpios.
681 1234 764 1287 An
820 1249 922 1288 non
981 1235 1150 1296 vides,
1181 1235 1420 1303 viperam
1466 1236 1628 1291 Paulo
1671 1253 1893 1295 sarmen‘

2132 1259 2221 1294 :wv
2260 1241 2355 1295 καὶ
2401 1239 2693 1310 σκορπίων.
2729 1241 2796 1291 Ἣ
2841 1240 2938 1308 οὐχ
2978 1241 3128 1309 ὁρᾷς,
3166 1240 3247 1291 ὅτι
3290 1238 3652 1309 φρυγανιζο-

375 1323 652 1394 colligenti
699 1325 1082 1390 adhzerentem,
1133 1327 1444 1394 nullumque
1474 1329 1523 1382 ei
1562 1330 1886 1385 detrimentu

2133 1353 2195 1404 up
2228 1333 2305 1403 τῷ
2342 1334 2539 1404 Παύλῳ
2575 1333 2778 1401 ἐνάψας
2818 1332 2847 1383 6
2889 1331 3003 1401 ἔχις
3041 1331 3292 1400 οὐδεμίαν
3332 1330 3653 1402 προσετρί-

375 1415 694 1470 inferentem
744 1417 806 1482 “,
832 1419 973 1486 quod
1021 1419 1108 1473 ille
1151 1429 1370 1474 sanctus
1409 1423 1655 1474 inventus
1711 1431 1792 1476 est
1845 1422 1895 1475 lit

2129 1445 2184 1479 το
2230 1427 2452 1497 βλάϐην,
2490 1427 2576 1479 διὰ
2624 1426 2686 1478 τὸ
2710 1425 2888 1496 πλήρη
2922 1425 3154 1487 πίστεως
3179 1424 3481 1496 εὑρεθῆναι
3518 1424 3649 1493 (64)

375 1507 784 1576 plenus?Quod
821 1511 864 1565 si
898 1513 999 1566 ltde
1048 1526 1225 1580 cares,
1270 1526 1374 1566 non
1428 1515 1598 1584 magis
1637 1514 1824 1568 timeas
1852 1515 1895 1567 lu

2133 1535 2137 1558 ν
2167 1517 2354 1584 ἆγιον;
2393 1519 2456 1570 Εἰ
2482 1517 2538 1569 δέ
2569 1517 2793 1578 ἄπιστος
2820 1511 2889 1580 εἷ,
2919 1516 3082 1585 φοὸοὖ
3113 1516 3188 1587 μὴ
3219 1516 3416 1587 μᾶλλον
3444 1515 3512 1568 τὸ
3537 1516 3653 1587 Θη-

377 1599 559 1662 stiam,
608 1615 767 1670 quam
821 1611 965 1656 tnam
1014 1603 1179 1671 ipsius
1236 1605 1699 1669 incredulitatem,
1735 1621 1840 1676 qua

2137 1625 2164 1659 ν
2213 1607 2244 1677 ἢ
2298 1607 2394 1676 τὴν
2448 1605 2676 1659 σεαυτοῦ
2724 1605 2999 1670 ἀπιστίαν,
3045 1606 3112 1658 δι’
3145 1601 3210 1676 ἧς
3255 1605 3406 1676 πάσῃ
3447 1605 3654 1675 φθορᾷ

378 1689 552 1756 ipsum
603 1689 751 1744 omni
804 1693 1135 1762 corruptioni
1186 1695 1479 1749 obnoxium
1501 1694 1749 1754 ell‘ecisti.
1785 1695 1898 1764 Atql

2131 1700 2275 1752 ιυτὸν
2322 1699 2588 1752 εὐάλωτον
2629 1699 3054 1762 κατεσκεύασας.
3101 1698 3259 1750 Ἀλλὰ
3289 1698 3398 1768 γὰρ
3430 1697 3651 1751 αἰσθά-

373 1778 689 1848 jamdudum
727 1781 954 1837 adverto
991 1801 1019 1836 a
1054 1799 1141 1838 me
1194 1787 1520 1854 expostulari
1583 1790 1893 1856 generation

2129 1808 2207 1842 ιαι
2237 1789 2404 1843 πάλαι
2441 1791 2508 1844 τὰ
2551 1791 2661 1860 (65)
2702 1790 2830 1861 περὶ
2861 1790 2958 1860 τῆς
2989 1789 3084 1842 τοῦ
3129 1788 3414 1860 ἀνθρώπου
3469 1788 3649 1857 γενέ-

379 1871 614 1928 hominis
654 1875 1108 1944 explanationem,
1137 1885 1193 1932 et
1222 1879 1352 1932 mihi
1385 1879 1570 1932 videor
1601 1890 1804 1932 tantum
1842 1896 1899 1933 no

2127 1896 2185 1942 υς
2213 1879 2630 1948 ἀπαιτούμενος,
2676 1879 2770 1932 καὶ
2806 1880 3085 1949 μονονουχὶ
3119 1879 3332 1933 ἀκούειν
3363 1878 3512 1931 δοκῶ
3536 1897 3647 1948 μοι

377 1961 566 2016 audire
619 1965 894 2020 auditores
941 1967 994 2019 in
1048 1968 1299 2022 cordibus
1350 1968 1646 2025 clamantes
1693 1990 1706 2025 :
1753 1971 1897 2026 NOSll

2127 1989 2154 2024 ν
2184 1971 2471 2043 ἀκροατῶν
2497 1973 2554 2025 ἐν
2578 1973 2699 2034 ταῖς
2726 1971 2974 2040 καρδίαις
2998 1971 3402 2035 καταϐοώντων,
3428 1972 3517 2024 ὅτι
3547 1972 3647 2024 τὰ

377 2050 593 2120 quidem
632 2053 810 2121 qualia
851 2070 919 2110 ex
953 2071 1049 2111 sua
1100 2065 1289 2112 natura
1337 2059 1448 2114 sint
1499 2061 1811 2128 edocemur,
1845 2077 1897 2117 nt

2120 2081 2148 2115 ν
2181 2063 2428 2133 ἡμέτερα
2457 2064 2616 2120 ὁποῖά
2642 2065 2765 2116 τινά
2785 2063 3023 2133 ἐστιτήν
3053 2063 3210 2132 φύσιν
3241 2062 3639 2132 διδασκόμεθα..

376 2158 508 2200 vero
547 2146 692 2217 ipsos
719 2149 1052 2219 ignoramus.
1080 2152 1313 2210 Necesse
1349 2156 1459 2226 87
1491 2169 1574 2212 est
1604 2159 1785 2229 igitur,
1817 2175 1896 2214 CUI

2119 2153 2195 2216 ,ἃς
2233 2153 2291 2206 δὲ
2318 2153 2514 2215 αὐτοὺς
2560 2153 2880 2224 ἀγνοοῦμεν.
2923 2153 3156 2224 Ἀνάγκη
3188 2149 3278 2206 οὖν
3312 2155 3515 2218 εἰπεῖν,
3541 2153 3639 2208 τὸν

377 2235 611 2292 ctatione
625 2239 772 2293 omni
798 2254 901 2308 qua
920 2241 1310 2311 detinebamnr,
1338 2246 1572 2313 repulsa,
1591 2248 1756 2302 dehis
1779 2249 1897 2303 dissi

2122 2243 2347 2314 τέχοντα
2389 2247 2535 2316 ἡμᾶς
2568 2246 2725 2299 ὄκνον
2762 2247 3212 2317 παρωσαμένους.
3258 2245 3347 2316 Τῷ
3381 2247 3498 2298 ὄντι
3523 2246 3641 2317 γὰρ

378 2341 521 2381 rere.
553 2328 619 2384 Et
643 2344 772 2385 vero
795 2346 854 2386 se
885 2333 1055 2402 ipsum
1082 2348 1434 2406 cognoscere,
1465 2337 1679 2392 videtur
1706 2353 1828 2393 esse
1863 2354 1898 2392 r4

2112 2356 2192 2392 ικε
2224 2339 2439 2393 πάντων
2470 2339 2608 2394 εἶναι
2650 2341 3030 2410 χαλεπώτατον
3073 2339 3262 2392 ἐαυτὸν
3304 2339 3632 2406 ἐπιγνῶναι.

379 2420 624 2474 οιηηίυω
647 2421 984 2479 dilllcillima.
1009 2423 1124 2480 Non
1154 2427 1296 2482 enim
1321 2429 1495 2484 solum
1531 2429 1717 2484 oculus
1752 2431 1899 2484 extril

2117 2448 2125 2478 ι
2153 2428 2260 2499 γὰρ
2291 2428 2448 2498 μόνον
2481 2430 2586 2500 (66)
2619 2430 2893 2500 ὀφθαλμὸς
2918 2430 2986 2486 τὰ
3025 2429 3127 2495 ἔξω
3157 2429 3366 2498 βλέπων
3399 2430 3483 2496 ἐφ’
3506 2429 3637 2480 ἐαυ-

379 2525 505 2566 seca
534 2517 894 2584 prospiciens,
924 2519 991 2572 ad
1018 2529 1189 2574 semet
1223 2521 1664 2590 conspiciendum
1705 2521 1819 2576 visu
1845 2536 1899 2576 nt

2116 2535 2142 2571 ν
2177 2519 2236 2571 οὐ
2271 2519 2533 2590 κέχρηται
2565 2518 2643 2589 τῷ
2685 2521 2837 2590 δρᾷν,
2882 2519 3015 2572 ἀλλὰ
3069 2519 3161 2571 καὶ
3210 2517 3370 2580 αὐτὸς
3417 2518 3578 2587 ἡμῶν
3605 2521 3636 2571 ὁ

379 2604 601 2658 utitur:
648 2608 742 2662 sed
773 2618 828 2663 et
874 2610 987 2679 ipsa
1036 2624 1189 2665 mens
1225 2622 1432 2677 nostra,
1477 2619 1633 2667 acute
1661 2613 1892 2680 'peccatu

2115 2609 2196 2674 ῦς,
2254 2607 2420 2674 ὀξέως
2476 2609 2534 2661 τὸ
2584 2610 2861 2681 ἀλλότριον
2896 2610 3194 2680 audiri-must
3246 2607 3631 2672 καταόλέπων,

385 2694 619 2751 alienum
648 2698 884 2768 intuens,
914 2703 980 2756 ad
1006 2703 1222 2772 pr0pria
1257 2704 1593 2772 agnoscenda
1623 2703 1815 2758 delicta
1844 2714 1905 2757 ta?

2114 2700 2254 2763 ιαδύς
2305 2703 2419 2753 ἐστι
2487 2701 2623 2771 πρὸς
2669 2700 2765 2770 τὴν
2802 2701 2910 2752 τῶν
2977 2702 3188 2757 οἰκείων
3233 2698 3634 2768 ἐλαττωμάτων

383 2783 448 2837 da
475 2794 575 2842 est.
614 2787 818 2844 Idcirco
864 2800 918 2844 et
963 2807 1106 2846 nunc
1152 2791 1331 2846 oratio
1378 2796 1585 2857 nostra,
1622 2793 1745 2848 licet
1776 2792 1903 2847 alie:

2114 2794 2368 2861 τίγνωσιν.
2401 2792 2498 2846 Διὰ
2531 2791 2686 2845 τοῦτο
2706 2793 2796 2846 καὶ
2819 2791 2913 2845 νῦν
2939 2795 2967 2845 6
2993 2792 3166 2860 λόγος,
3191 2792 3355 2857 ὀξέως
3387 2789 3634 2842 ἐπελθὼν

384 2873 668 2945 diligenter
703 2883 1050 2951 transegerit,
1074 2883 1138 2936 ad
1171 2897 1232 2936 ea
1275 2897 1394 2950 qua:
1428 2884 1494 2938 ad
1529 2899 1626 2938 nos
1659 2884 1904 2952 pertinen

2115 2903 2122 2942 ι
2162 2884 2439 2954 ἀλλότρια,
2497 2883 2703 2955 νωθρός
2738 2885 2852 2936 ἐστι
2914 2883 3009 2935 καὶ
3053 2884 3210 2934 ὄκνου
3245 2881 3454 2951 πλήρης
3497 2879 3635 2950 πρὸς

387 2965 783 3036 investiganda,
816 2973 994 3042 segnis
1021 2983 1125 3037 est,
1170 2983 1224 3028 et
1266 2973 1518 3028 tarditate
1559 2974 1711 3042 plena
1741 2990 1755 3027 :
1781 2988 1907 3042 quat

2115 2997 2153 3044 ιν
2181 2978 2289 3033 τῶν
2310 2976 2524 3031 οἰκείων
2551 2975 2794 3041 ἐξέτασιν
2817 2993 2829 3006 ο
2856 2975 3030 3028 καίτοι
3054 2976 3114 3030 οὺ
3153 2973 3346 3044 μᾶλλον
3380 2972 3436 3038 ἐξ
3463 2971 3635 3042 οὐρα-

386 3079 547 3134 quam
607 3080 714 3121 non
775 3066 901 3122 licet
962 3072 1132 3139 magis
1188 3087 1250 3128 ex
1301 3070 1438 3125 coelo
1477 3081 1530 3126 et
1577 3081 1740 3135 terra,
1795 3086 1899 3141 qua

2114 3070 2150 3123 ιῦ
2189 3070 2280 3126 καὶ
2307 3070 2408 3140 γῆς
2438 3069 2528 3121 τὸν
2569 3068 2700 3120 Θεὸν
2737 3067 2880 3122 ἐστιν
2910 3066 3231 3134 ἐπιγνῶναι,
3267 3065 3300 3135 ἣ
3327 3066 3421 3118 καὶ
3447 3065 3514 3115 ἐκ
3538 3063 3634 3132 τῆς

2189 3159 2201 3170 .
2327 3160 2339 3170 .
2407 3157 2431 3169 ..
2805 3159 2831 3170 ..
2954 3157 2967 3170 .
3333 3153 3358 3165 .-
3444 3154 3458 3170 .
3577 3152 3592 3170 ς

387 3167 454 3220 ex
480 3166 663 3212 nostra
703 3160 919 3235 propria
946 3162 1330 3218 constitutione
1384 3161 1550 3216 Deum
1592 3176 1907 3230 cognoscere

2116 3159 2269 3223 κείας
2316 3157 2473 3228 ήμῶν
2524 3159 2868 3228 κατασκευῆς
2909 3157 3000 3209 τόν
3047 3173 3111 3224 γε
3167 3153 3400 3217 συνετῶς
3441 3152 3633 3206 ἑαυτὸν

389 3249 440 3307 ei
490 3260 668 3316 certe,
707 3251 798 3321 qui
848 3254 1023 3322 seipse
1069 3254 1362 3321 prudenter
1423 3263 1695 3308 scrutatus
1761 3253 1909 3308 fuerit

2109 3249 2413 3316 ξετάσαντα,
2449 3247 2524 3312 ῶς
2557 3266 2721 3320 φησιν
2745 3249 2774 3299 6
2813 3249 3124 3319 προφήτης·
3172 3243 3629 3314 Ἐθαυμαστὼθη

389 3341 468 3398 uti
523 3343 599 3396 ait
635 3342 897 3413 Propheta
940 3365 954 3399 :
992 3345 1251 3400 Mirabilis
1292 3345 1435 3414 facta
1479 3355 1555 3400 est
1603 3346 1823 3400 scientia
1871 3355 1909 3398 tt

2134 3339 2357 3411 γνῶσίς
2393 3355 2508 3393 σου
2559 3339 2628 3403 ἐξ
2666 3338 2808 3409 ἐμοῦ
2829 3357 2841 3369 ·
2872 3339 3169 3402 τουτέστιν,
3200 3335 3431 3408 ἐμαυτὸν
3461 3352 3631 3387 κατα-

389 3447 457 3486 ea:
507 3449 587 3485 me
633 3434 678 3464 ὀ
712 3451 726 3486 :
766 3435 866 3489 hoc
907 3444 1017 3506 est,
1051 3435 1138 3489 ubi
1189 3451 1273 3490 me
1327 3435 1440 3504 ipse
1492 3436 1661 3500 novi,
1704 3445 1909 3503 praestat

2110 3431 2273 3495 αθὼν,
2313 3432 2374 3484 τὸ
2425 3431 2761 3502 ὑπερϐάλλον
2803 3431 2902 3502 τῆς
2941 3433 2998 3483 ἐν
3048 3431 3128 3483 σο).
3175 3430 3361 3498 σοφίας
3396 3427 3630 3491 ἐξεδιδάη

391 3525 660 3580 tissimam
723 3537 866 3581 tnam
927 3528 1245 3598 sapientiam
1300 3530 1412 3600 ipse
1470 3527 1655 3583 didici.
1707 3527 1774 3581 Et
1829 3527 1911 3580 dia

2108 3523 2220 3594 θην.
2261 3523 2369 3577 Καὶ
2411 3519 2581 3576 εἶπεν
2619 3527 2651 3576 ὀ
2690 3523 2862 3589 Θεός·
2907 3522 3253 3589 Ποιήσωμεν
3301 3520 3628 3587 ἄνθρωπον.

397 3617 532 3680 Deus
581 3633 601 3670 :
640 3615 921 3672 Faciamus
964 3621 1221 3674 hominem
1243 3621 1308 3674 ἰ.
1338 3619 1473 3687 Ubi,
1519 3634 1720 3690 quasso,
1750 3617 1917 3673 Judaei

2115 3614 2174 3666 οὖ
2213 3631 2302 3683 μοι
2329 3615 2358 3666 6
2406 3614 2670 3675 Ἰουδαῖος,
2709 3613 2768 3675 ὃς
2801 3615 2858 3666 ἐν
2893 3615 3004 3674 τοῖς
3042 3613 3288 3675 κατόπιν,
3332 3610 3519 3680 ὥσπερ
3547 3608 3631 3663 διὰ

394 3716 516 3771 est,
553 3709 645 3778 qui
699 3711 751 3763 in
813 3711 1212 3779 superioribus,
1257 3711 1382 3765 dum
1444 3710 1726 3781 theologiae
1783 3710 1914 3763 lume

2110 3705 2293 3775 )ρίδων
2348 3703 2511 3757 τινῶν
2552 3703 2644 3756 τοῦ
2698 3703 2796 3772 τῆς
2850 3701 3124 3769 Θεολογίας
3177 3700 3352 3769 φωτὸς
3406 3698 3630 3768 διαλάμ-

393 3800 542 3854 velut
594 3816 688 3870 per
732 3801 995 3857 feltestras
1047 3803 1306 3872 quasdam
1367 3803 1723 3865 illucesceret,
1769 3815 1831 3853 ac
1876 3817 1913 3856 St

2110 3813 2276 3859 οντος,
2313 3797 2405 3848 καὶ
2435 3795 2686 3865 δευτέρου
2751 3792 3042 3865 προσώπου
3096 3795 3188 3846 τοῦ
3245 3790 3630 3860 ὑποδεικνυμέ-

396 3891 572 3946 eunda
625 3892 838 3962 quidem
901 3907 1130 3962 persona
1188 3893 1411 3962 mystice
1461 3893 1916 3947 demonstraretur

2108 3904 2157 3938 au
2192 3886 2302 3956 (67)
2354 3886 2453 3958 μὲν
2484 3883 2789 3955 μυστικῶς,
2817 3883 2969 3937 οὔπω
3009 3884 3066 3936 δὲ
3095 3883 3340 3954 ἐναργῶς
3379 3881 3628 3951 ἐκφανένς

399 3982 627 4037 necdum
684 3995 860 4037 tamen
902 3983 1045 4039 clare
1101 3982 1409 4052 eﬂ‘ulgerct,
1458 3983 1726 4053 pugnabat
1773 3982 1919 4037 advel

2112 3995 2176 4042 >ς,
2212 3976 2347 4047 πρὸς
2374 3977 2473 4047 τὴν
2497 3976 2752 4045 ἀλήθειαν
2783 3977 3114 4045 ἀπεμάχετο,
3149 3975 3309 4028 αὑτὸν
3342 3973 3518 4043 ἑαυτῷ
3548 3973 3632 4025 λέ-

400 4091 492 4141 sus
537 4076 848 4138 veritatem,
877 4085 1038 4145 atque
1081 4076 1253 4145 ipsum
1290 4076 1454 4130 Deum
1500 4079 1564 4129 ad
1608 4077 1842 4146 seipsum
1898 4075 1920 4126 ll

2110 4085 2178 4119 ων
2207 4067 2298 4119 τὸν
2347 4065 2480 4118 Θεὸν
2522 4065 2896 4133 διαλέγεσθαι;
2945 4065 3114 4126 Αὐτὸς
3150 4065 3257 4136 γὰρ
3303 4059 3455 4125 εἶπε,
3483 4063 3630 4132 φησὶ,

400 4171 490 4238 qui
535 4169 834 4232 alllrmabat
869 4170 888 4224 ?
924 4170 1039 4238 Ipse
1083 4169 1223 4223 enim
1249 4208 1262 4232 ,
1297 4169 1504 4236 inquit,
1541 4167 1718 4233 dixit,
1752 4176 1807 4220 et
1855 4166 1920 4234 ips

2113 4160 2164 4212 αἱ
2195 4159 2354 4220 αὐτὸς
2405 4157 2648 4228 ἐποίησε.
2692 4155 3007 4222 Γενηθήτω
3067 4155 3227 4228 φῶς,
3264 4155 3359 4208 καὶ
3403 4155 3633 4222 ἐγένετο

401 4241 549 4317 fecit.
578 4260 700 4314 Fiat
740 4261 833 4318 lux
857 4302 873 4328 ,
905 4273 950 4315 et
988 4262 1130 4331 [acta
1180 4269 1257 4315 est
1293 4260 1385 4313 lux
1417 4259 1484 4310 ”.
1547 4257 1678 4311 Erat
1723 4255 1885 4327 igitur
1916 4278 1921 4304 ι

2114 4249 2212 4315 ῶς.
2239 4244 2347 4301 Ἦν
2376 4248 2473 4320 μὲν
2513 4243 2604 4299 οὖν
2643 4248 2735 4300 καὶ
2778 4247 2894 4298 τότε
2937 4246 3224 4318 πρόχειρος
3263 4247 3320 4296 ἐν
3358 4247 3470 4307 τοῖς
3508 4243 3632 4314 παρ’

406 4363 534 4406 tunc
574 4353 627 4407 in
659 4353 895 4422 ipsorum
921 4351 1104 4406 verbis
1142 4351 1298 4405 obvia
1323 4349 1717 4416 manifestaque
1745 4346 1926 4415 inepti:

2113 4339 2249 4392 ὺτῶν
2271 4337 2580 4406 λεγομένοις
2612 4338 2644 4410 ἡ
2674 4335 2889 4388 ἀτοπία.
2918 4335 3012 4397 Τίς
3052 4334 3160 4404 γὰρ
3196 4333 3430 4404 χαλκεὺς
3449 4375 3463 4398 ,
3556 4332 3633 4386 τὲ-

402 4443 536 4523 Quis
570 4420 712 4498 enim
749 4442 899 4497 laber
939 4441 1234 4508 ferrarius,
1270 4450 1362 4496 ant
1394 4439 1689 4509 lignarius,
1724 4447 1817 4492 aut
1851 4452 1920 4506 qu

2114 4445 2215 4481 των
2240 4468 2253 4491 ,
2281 4427 2312 4496 ἦ
2339 4425 2664 4494 σκυτοτόμος
2689 4463 2702 4486 ,
2747 4424 2837 4474 ἐπὶ
2865 4422 2972 4481 τῶν
3023 4423 3269 4493 ὁργάνων
3311 4421 3412 4489 τῆς
3450 4420 3634 4490 τέχνης

404 4513 574 4600 sutor,
617 4535 764 4592 solus
810 4535 948 4589 inter
981 4535 1114 4590 artis
1151 4534 1506 4588 instrumenta
1556 4531 1784 4594 sedens,
1817 4529 1924 4598 adjt

2113 4521 2237 4582 ,όνος
2282 4518 2587 4587 καθήμενος
2633 4516 2765 4585 (68),
2798 4516 3009 4578 οὐδενὸς
3053 4514 3200 4584 αὑτῷ
3234 4513 3633 4582 συνεργοῦντος,

405 4634 568 4697 vante
616 4627 790 4695 ipsum
850 4628 1097 4688 neruine,
1139 4625 1282 4678 dicat
1318 4625 1434 4693 ipse
1489 4622 1637 4690 sibi;
1687 4621 1925 4675 Faciamt

2114 4612 2218 4680 ἐγει
2249 4609 2408 4671 αὐτὸς
2432 4607 2623 4676 ἐαυτῴο
2659 4608 2978 4677 Ποιήσωμεν
2997 4606 3091 4678 τὴν
3122 4607 3412 4676 μάχαιραν,
3509 4621 3634 4673 συμ-

408 4717 665 4803 gladium,
703 4726 796 4772 aut
830 4727 1068 4771 aratrum
1108 4716 1518 4787 compingamus
1540 4755 1556 4780 ,
1595 4720 1691 4767 aut
1716 4711 1928 4766 conﬁci:

2109 4701 2336 4773 ;ήξωμεν
2362 4700 2422 4753 τὸ
2443 4699 2671 4769 ἄροτρον
2690 4738 2704 4761 ,
2732 4697 2764 4768 ἢ
2790 4696 3232 4768 ἀπεργασώμεθα
3259 4694 3318 4748 τὸ
3351 4694 3596 4762 ὑπόδημα
3618 4711 3629 4722 ·

2251 4795 2318 4803 ..
2509 4793 2533 4803 ..
2606 4791 2616 4803 .
2695 4793 2707 4803 .
2789 4788 2904 4803 ...η
3105 4787 3183 4803 ..
3399 4785 3628 4803 ιρις-.-

409 4785 531 4880 inus
563 4811 1031 4880 calceamentumﬁ
1062 4812 1145 4862 An
1172 4824 1277 4864 non
1316 4807 1496 4877 potius
1517 4805 1662 4877 quod
1709 4804 1810 4860 sibi
1846 4818 1929 4857 cor

2113 4795 2190 4847 λλ’
2212 4795 2331 4862 οὐχὶ
2363 4793 2538 4862 σιωπῇ
2567 4791 2665 4860 τὴν
2693 4788 3081 4842 ἐπιϐάλλουσαν
3102 4787 3379 4858 ἐνέργειαν
3396 4785 3630 4848 ἐκτελεῐ;

409 4877 557 4954 venit
583 4914 717 4970 Opus
737 4916 857 4955 cum
881 4877 1096 4956 silentio
1117 4898 1379 4954 absolvit?
1403 4896 1540 4951 Sunt
1567 4896 1707 4950 enim
1730 4893 1929 4964 profect

2112 4887 2317 4956 ιλυαρίοι
2345 4885 2454 4955 γὰρ
2485 4883 2561 4953 τῷ
2596 4883 2709 4936 ὄντι
2728 4882 2895 4952 δεινὴ,
2911 4881 3145 4952 ἄρχοντά
3175 4897 3296 4933 τινα
3327 4877 3517 4932 ἐαυτοῦ
3547 4877 3632 4928 καὶ

411 5005 566 5062 nugae
585 4969 847 5061 insignes,
878 4992 924 5046 si
953 4989 1074 5060 quis
1106 4989 1324 5051 sedeat,
1355 4988 1719 5055 imperetque,
1752 4991 1805 5036 et
1835 4996 1931 5052 pra

2111 4977 2371 5046 πιστὰτην
2395 4974 2686 5046 καθῆσθαι,
2709 4974 3036 5038 δεσποτικῶς
3064 4971 3253 5026 ἑαυτοῦ
3286 4971 3381 5024 καὶ
3403 4969 3631 5039 σφοδρῶς

485 5155 528 5187 ¹⁸
547 5152 692 5211 Psal.
716 5165 804 5218 xc,
839 5150 925 5206 l5.
1013 5147 1058 5179 ¹⁹
1080 5147 1414 5209 Act.xxvm,
1452 5141 1572 5204 3-6.
1648 5140 1693 5170 ὀ
1719 5139 1859 5193 Psal.
1894 5132 2216 5201 cxxxvnt,6.
2291 5132 2335 5164 ¹¹
2359 5131 2494 5187 Gen.
2518 5147 2558 5197 ι,
2584 5130 2671 5185 26.
2750 5130 2794 5161 ³³
2828 5125 2968 5182 Gen.
3005 5126 3134 5190 1,3.

509 5299 597 5370 62)
621 5295 697 5348 Ita
727 5295 963 5362 quinque
984 5302 1112 5342 mss.
1144 5284 1288 5339 Editi
1316 5296 1443 5335 vero
1466 5281 1607 5332 οὓτω
1632 5278 1682 5368 γέ
1710 5277 1796 5330 ἂν.
1863 5347 1874 5357 ⁸
1905 5346 1915 5357 .

511 5371 598 5443 63)
612 5365 754 5443 Beg.
785 5373 970 5443 sextus
992 5356 1238 5443 ἐξρυσίαν
1275 5352 1613 5443 περιπατεῖν.
1643 5347 1762 5401 Mox
1792 5347 1917 5400 editi
1942 5345 1974 5414 ἢ

2105 5286 2202 5324 tum
2233 5268 2353 5323 aliis
2382 5267 2700 5336 quibusdam
2728 5279 2854 5317 mss.
2889 5262 3066 5332 μόνον.

2157 5339 2270 5408 (67)
2297 5339 2473 5391 Editio
2507 5335 2673 5388 Basil.
2693 5335 3064 5400 cnmqninque
3102 5345 3229 5383 mss.
3269 5337 3462 5399 prmter
3489 5327 3625 5410 del.

2105 5408 2180 5443 -Λῗὶ
2227 5406 2680 5443 ιἰηψῆλεινυιηιέυηη
2767 5405 2919 5443 nt-AMI
2985 5401 3244 5443 articulus
3304 5400 3358 5443 in
3411 5400 3625 5443 mlitmnn

453 5401 754 5464 ,κνοω-νδ·
786 5401 970 5442 οων-ιτ
992 5401 1232 5424 ’ν’-’ν
1578 5401 1581 5402 ί

415 5437 875 5534 ουᾉρὸιῆᾳὲλξζῗῖῗι
895 5429 1424 5534 ᾒιιιίιὲὶῗὲἷξὲὒῗνῗηῐὲἓῖὶξ
1476 5489 1782 5534 ρύοεῦἧναῐ..
1838 5484 1935 5534 Edl

2109 5401 2180 5463 τοῦ
2227 5401 2702 5476 ὑποδεικνυμένου.
2765 5405 2926 5456 Deest
2985 5401 3244 5455 articulus
3304 5401 3358 5452 in
3411 5401 3629 5453 editione

2109 5479 2259 5534 ’aris.

469 5485 1133 5612 'fli'lTéonicesquinque
1186 5495 1424 5554 πίστεως
1476 5489 1782 5560 εὑρεθῆναι.
1838 5485 1981 5546 Editi

469 5583 652 5616 imam.»
675 5594 696 5616 ι
725 5590 833 5616 ναι-

2107 5485 2140 5511 ,Ι
2195 5485 2207 5490 -

2297 5548 2538 5614 Quatuor
2563 5559 2695 5616 mss.
2725 5542 2883 5612 μόνος
2922 5540 3302 5610 καθεζόμενος.
3359 5538 3498 5595 Editi
3519 5553 3627 5594 cum

420 5590 652 5641 πίστεως
674 5590 833 5631 ειναι.
1715 5627 1725 5640 '

490 5651 602 5710 (65)
643 5646 794 5699 Colb.
822 5639 1088 5710 secundus
1117 5633 1446 5710 αἰσθάνομαι
1477 5630 1638 5710 πᾲλιν
1669 5645 1754 5710 τα.
1844 5692 1882 5710 ﬁ
1907 5690 1936 5710 ν

1315 5649 1446 5702 ομαι
1477 5630 1638 5682 πάλιν
1669 5627 1754 5710 τά.
1844 5692 1882 5710 ﬁ
1907 5690 1936 5710 ν
1970 5691 1981 5701 ⁸
2093 5590 2458 5676 όυδὺιίδκωεθ.
2514 5590 2835 5684 καθήμενος.

515 5658 602 5710 65)
643 5658 794 5699 Uolo.
822 5658 1088 5696 sccunuus
1117 5658 1446 5702 αισυανυμαι
1477 5658 1638 5682 aut.”
1669 5658 1754 5678 tu.
1928 5691 1936 5701 _
1970 5691 1981 5701 ο

490 5658 608 5782 )66)
643 5716 773 5774 'l‘res
805 5726 933 5766 mss.
963 5709 1175 5778 optimae
1217 5713 1356 5764 uota:
1385 5701 1444 5754 οὐ
1484 5700 1592 5774 γὰρ
1633 5698 1812 5769 μόνος.
1843 5690 1986 5750 Editi
