3850 6218
279 317 392 375 805

1406 318 1687 374 HOMILIA
1730 319 1795 372 ΙΧ
1838 317 1904 373 IN
1943 315 2433 374 HEXAEMERON.

3414 312 3520 370 206

282 429 744 486 κατασπεύδοντα.
788 432 926 484 Ἀλλ’
956 433 1103 503 ὅμως
1141 436 1192 487 oi
1230 435 1390 488 αὐτὸν
1426 435 1514 488 τὸν
1541 437 1740 506 Κύριον
1773 455 1842 488 συι

1969 437 2040 490 sit
2068 437 2192 502 sibi,
2238 443 2399 505 atque
2455 431 2655 488 domini
2707 445 2859 486 more
2905 430 3250 486 vehementer
3299 445 3358 486 se
3409 433 3524 502 ipse

240 524 243 526 ’
280 518 617 588 κοφαντῆσαι
643 519 716 589 μὴ
745 521 1200 592 κατοκνήσαντες,
1233 522 1287 575 τί
1314 524 1413 578 οὐκ
1438 525 1503 578 ἂν
1537 525 1737 578 εῐποιεν
1759 542 1853 593 γε-

280 607 669 678 γυμνασμένην
707 609 844 680 πρὸς
867 610 928 664 τὸ
958 611 1154 680 ψεῦδος
1202 613 1298 685 τὴν
1332 615 1579 684 γλῶσσαν
1609 616 1852 687 ἔχοντες

292 697 358 748 Ἢ
387 696 568 767 μέντοι
598 698 848 769 παροῦσα
877 700 1028 770 φωνὴ
1061 700 1338 766 παντελῶς
1364 703 1541 757 αὐτῶν
1582 706 1857 776 ἀποφράσ-

279 799 366 840 σει
404 787 463 841 τὸ
499 789 693 859 στόμα·
728 791 840 845 Καὶ
876 788 1046 846 εἶπεν
1086 796 1119 848 ό
1150 797 1324 861 Θεόςο
1365 796 1712 866 Ποιήσωμεν
1748 797 1852 850 ἄν-

278 880 534 946 θρωπον.
555 879 646 951 Μὴ
675 881 769 934 καὶ
798 880 914 946 νῦν,
945 883 1066 936 εἰπέ
1095 901 1205 955 μοι,
1229 887 1612 958 μεμονωμένον
1649 887 1764 940 ἐστὶ
1797 888 1854 940 τὸ

279 969 606 1040 πρόσωπον;
629 972 704 1024 Οὐ
735 972 840 1044 γὰρ
865 974 1204 1046 γέγραπται·
1233 977 1519 1048 Γενηθήτω
1547 978 1850 1050 ἄνθρωπος,

280 1056 439 1123 ἀλλὰ,
465 1059 814 1130 Ποιήσωμεν
837 1061 1167 1132 ἄνθρωπον.
1192 1065 1334 1130 Ἕως
1366 1065 1519 1120 οὔπω
1548 1069 1577 1121 6
1607 1067 1852 1122 διδασκό-

280 1165 442 1218 μενος
475 1151 862 1220 παρεφαίνετο,
893 1155 952 1206 ὲν
985 1153 1137 1224 βάθει
1177 1156 1518 1210 ὲκεκάλυπτο
1543 1161 1641 1229 τῆς
1674 1157 1851 1212 θεολο-

277 1238 406 1308 γίας
433 1240 492 1293 τὸ
515 1240 624 1312 (69)
654 1243 946 1314 κήρυγμα·
980 1245 1069 1298 ὅτε
1103 1245 1286 1300 λοιπὸν
1319 1247 1604 1318 ἀνθρώπου
1638 1249 1851 1318 γένεσις

275 1331 660 1401 προσδοκᾶται,
681 1351 897 1405 παραγυ
906 1336 1132 1408 μνοῦται
1153 1339 1185 1408 ἡ
1203 1337 1402 1403 πίστις,
1423 1339 1850 1411 καὶτρανότερον

276 1435 357 1473 πα
365 1422 681 1493 ραδηλοῦται
701 1425 801 1497 τῆς
815 1428 1070 1499 ἀληθείας
1085 1429 1144 1482 τὸ
1163 1429 1357 1500 δόγμα.
1372 1429 1721 1500 Ποιήσωμεν
1749 1432 1851 1485 ἇν-

275 1515 533 1580 θρωπον.
551 1517 812 1582 Ἀκούεις,
834 1513 1258 1592 ὧΧριστομάχε,
1283 1521 1457 1592 ὅτιτῷ
1478 1524 1718 1594 κοινωνῷ
1737 1524 1848 1594 (70)

274 1605 377 1677 τῆς
393 1607 748 1680 δημιουργίας
773 1611 1238 1682 προσδιαλέγεται,
1257 1613 1334 1666 Δι’
1353 1609 1423 1669 οὗ
1441 1615 1537 1668 καὶ
1562 1614 1703 1680 τοὺς
1718 1615 1850 1669 αἰῶ-

273 1711 389 1761 νας
417 1696 704 1766 ἐποίησεν
723 1717 736 1729 ο
769 1699 836 1765 ὃς
861 1699 1027 1770 φέρει
1066 1702 1139 1755 τὰ
1169 1703 1491 1771 σύμπαντα
1521 1702 1601 1769 τῷ
1630 1705 1849 1773 ῥήματι

1962 535 2171 595 urgeat.
2216 526 2600 580 Verumtamen
2635 521 2727 592 qui
2766 523 2940 592 ipsum
2985 522 3266 578 Dominum
3319 522 3524 580 calum-
3560 542 3567 585 ξ

1961 617 2100 670 uiari
2129 615 2285 670 veriti
2312 629 2418 668 non
2449 623 2594 678 sunt,
2623 612 2750 680 quid
2789 610 2968 666 dicere
3010 625 3119 666 non
3147 610 3388 680 possint,
3420 611 3525 667 lin-

1959 722 2116 778 guam
2173 706 2436 761 habentes
2501 705 2564 758 ad
2618 703 2959 759 mendacium
3015 699 3407 759 exercitatam?
3453 703 3524 758 At

1960 812 2193 866 praesens
2221 813 2323 852 vox
2355 796 2577 851 omnino
2624 809 2686 850 os
2739 795 2976 864 ipsorum
3021 792 3242 863 oppilat.
3293 792 3360 847 Et
3387 794 3522 848 dixit

1957 891 2096 946 Deus
2127 906 2144 944 :
2167 889 2456 944 Faciamus
2483 888 2762 943 hominem.
2787 885 2936 940 Nunc
2946 885 3080 956 jam,
3104 885 3191 940 dic
3215 884 3368 956 mihi,
3389 899 3521 940 nun-

1957 981 2085 1051 quid
2127 981 2280 1036 unica
2327 987 2409 1035 est
2455 978 2718 1048 persona?
2749 976 2865 1032 Non
2905 976 3050 1031 enim
3096 976 3358 1046 scrimm
3389 984 3515 1032 est:

1956 1073 2075 1128 Fiat
2138 1073 2341 1136 homo,
2403 1069 2537 1134 sed,
2593 1067 2880 1121 Faciamus
2949 1066 3234 1120 hominem.
3270 1065 3522 1132 Quandiu

1957 1165 2188 1218 nondum
2214 1162 2505 1233 apparebat
2542 1159 2634 1229 qui
2664 1159 2970 1219 doceretur.
3019 1157 3078 1210 in
3126 1157 3398 1226 profundo
3425 1171 3520 1212 oc-

1955 1251 2095 1305 culta
2139 1258 2258 1304 erat
2303 1247 2582 1317 theologia:
2631 1246 2944 1317 praedicatio
2981 1264 2994 1300 :
3039 1260 3162 1303 cum
3212 1256 3390 1300 autem
3424 1247 3520 1300 h'o-

1953 1342 2114 1396 minis
2131 1323 2470 1410 exspectatur
2483 1338 2777 1408 generatio,
2796 1338 3094 1392 denudatur
3113 1337 3265 1401 ﬁdes,
3287 1336 3518 1392 clarius-

1952 1445 2054 1500 que
2092 1430 2358 1503 revelatur
2389 1427 2634 1483 veritatis
2669 1429 2884 1499 dogma.
2906 1425 3195 1483 Faciamus
3233 1427 3516 1482 hominem.

1951 1522 2142 1586 Audis,
2185 1537 2218 1576 ο
2250 1519 2452 1576 Christi
2501 1528 2861 1590 oppugnator,
2905 1518 3082 1588 ipsum
3131 1519 3200 1578 ad
3235 1517 3394 1574 oiiicii
3427 1533 3518 1573 so-

1951 1615 2092 1669 cium
2130 1613 2273 1682 loqui
2306 1629 2320 1666 :
2354 1609 2460 1667 Per
2501 1627 2651 1682 quem
2700 1610 2823 1679 fecit
2859 1619 2909 1664 et
2943 1609 3174 1676 amula;
3215 1611 3306 1680 qui
3345 1621 3516 1679 portat

1950 1701 2124 1761 omnia
2165 1705 2314 1759 verba
2350 1705 2552 1758 virtutis
2590 1719 2702 1758 sua:
2740 1702 2806 1753 ”.
2845 1700 2953 1758 Sed
2999 1717 3106 1757 non
3147 1702 3310 1758 tacite
3354 1701 3516 1758 verba

272 1787 388 1858 τῆς
419 1788 723 1860 δυνάμεως
749 1793 956 1849 αὑτοῦ.
1003 1794 1144 1847 Ἀλλ’
1177 1795 1236 1848 ού
1263 1795 1371 1866 γὰρ
1397 1797 1574 1868 ἡσυχῆ
1608 1797 1842 1869 παραδέ-

1952 1799 2153 1868 excipit
2191 1796 2408 1865 pietatis
2436 1814 2448 1850 :
2479 1807 2538 1851 at
2566 1793 3016 1865 quemadmodum
3058 1793 3244 1851 bestiae
3272 1805 3392 1862 qua:
3419 1795 3518 1850 ho-

270 1896 428 1950 χεται
448 1880 538 1933 τὸν
565 1880 720 1950 λόγον
741 1883 837 1952 τῆς
867 1883 1144 1946 εὐσεϐείας
1165 1900 1177 1913 ⁸
1211 1882 1399 1955 ὥσπερ
1427 1885 1485 1938 δὲ
1510 1884 1616 1938 τῶν
1647 1885 1850 1956 Θηρίων

270 1968 343 2023 τά
387 1969 909 2041 μισανθρωπότατα,
959 1972 1178 2034 ἐπειδὰν
1221 1977 1333 2037 τοῖς
1374 1973 1606 2042 ζώγροις
1657 1977 1851 2028 ἐναπο-

270 2054 517 2129 κλεισθῇ,
565 2059 956 2130 περιϐρύχεται
993 2060 1106 2131 (71)
1150 2064 1259 2126 τοῖς
1304 2061 1621 2134 κυλίνδροις,
1651 2063 1712 2116 τὸ
1751 2063 1850 2134 μὲν

269 2147 472 2219 πικρὸν
501 2150 593 2202 καὶ
618 2151 892 2222 ἀνήμερον
934 2151 1034 2222 τῆς
1073 2151 1286 2221 φύσεως
1320 2153 1721 2225 ἐνδεικνύμενα,
1755 2155 1848 2207 ὲκ-

269 2237 561 2311 πληρῶσαι
611 2240 668 2294 δὲ
706 2243 804 2313 τὴν
851 2242 1050 2312 μανίαν
1089 2245 1190 2296 οὑκ
1234 2243 1456 2313 ἔχοντα·
1498 2243 1641 2297 οὕτω
1678 2245 1769 2297 καὶ
1789 2245 1850 2297 τὸ

270 2329 465 2402 ἐχθρὸν
493 2331 592 2401 τῆς
612 2330 870 2402 ἀληθείας
899 2332 1055 2402 γένος
1085 2335 1133 2386 οἱ
1171 2333 1434 2398 Ἰουδαῖοι,
1484 2334 1848 2405 στενοχωρού-

269 2439 425 2495 μενοι
459 2422 591 2494 (79.),
627 2423 822 2490 Πολλὰ,
848 2425 1032 2494 φασὶν,
1066 2425 1181 2478 ἐστι
1205 2425 1271 2478 τά
1298 2425 1563 2497 πρόσωπα
1590 2425 1726 2496 πρὸς
1755 2425 1848 2489 οὒς

265 2514 298 2567 6
345 2513 502 2582 λόγος
556 2514 746 2584 γέγονε
784 2516 879 2570 τοῦ
911 2514 1066 2570 Θεοῦ.
1111 2518 1234 2580 Τοῖς
1271 2516 1522 2585 ἀγγέλοις
1553 2516 1661 2587 γὰρ
1702 2516 1846 2584 λέγει

264 2605 382 2666 τοῖς
406 2604 747 2675 παρεστῶσιν
774 2605 922 2677 αὐτῷ
940 2623 954 2636 ⁸
984 2605 1335 2676 Ποιήσωμεν
1356 2605 1686 2676 ἄνθρωπον.
1717 2606 1848 2660 Ἰου-

264 2694 455 2750 δαϊκὸν
484 2696 544 2749 τὸ
570 2696 816 2768 πλάσμα,
846 2698 946 2769 τῆς
978 2698 1186 2752 ἐκεῖθεν
1231 2698 1479 2762 εὐκολίας
1521 2699 1581 2752 τὸ
1623 2699 1848 2770 μυθολό-

264 2804 442 2858 γημα·
501 2787 587 2841 ἴνα
613 2788 702 2843 τὸν
732 2790 847 2860 (75)
895 2789 992 2844 ἕνα
1037 2789 1111 2861 μὴ
1140 2789 1573 2862 παραδέξωνται,
1614 2790 1845 2860 μυρίους

267 2877 569 2946 εἰσάγουσι.
602 2879 712 2932 Καὶ
748 2879 839 2933 τὸν
870 2880 998 2933 Υίὺν
1031 2879 1368 2944 ἀθετοῦντες,
1403 2880 1640 2943 οἰκέταις
1664 2881 1724 2933 τὸ
1747 2882 1846 2952 τῆς

267 2965 600 3036 συμϐουλίας
617 2968 832 3039 ἀξίωμα
849 2969 1210 3041 περιάπτουσι
1230 2987 1243 3000 ο
1269 2970 1362 3023 καὶ
1381 2971 1506 3032 τοὺς
1525 2970 1845 3040 ὁμοδούλους

265 3055 426 3127 ἡμῶν
467 3059 688 3130 κυρίους
736 3059 952 3114 ποιοῦσι
997 3061 1096 3131 τῆς
1144 3060 1417 3132 ἡμετέρας
1465 3061 1841 3132 δημιουργίας.

1956 1890 2087 1944 mini
2112 1898 2239 1944 sunt
2268 1887 2665 1952 infensissimae,
2699 1901 2820 1942 cum
2852 1886 2904 1940 in
2937 1886 3116 1941 caveis
3147 1885 3512 1950 includuntur,

1952 1983 2157 2036 circum
2215 1979 2510 2049 sepimenta
2559 1976 2830 2042 frendent,
2893 1986 3055 2047 atque
3102 1977 3514 2032 amaritudinem

1951 2071 2168 2140 quidem
2201 2085 2266 2124 ac
2296 2069 2564 2124 feritatem
2596 2077 2802 2124 natura:
2839 2069 3162 2132 ostendunt,
3202 2082 3302 2124 nec
3333 2077 3516 2122 tamen

1953 2161 2187 2216 furorem
2211 2174 2366 2216 suum
2395 2167 2621 2229 possunt
2645 2157 2863 2228 explere
2893 2176 2907 2212 :
2938 2158 3011 2212 ita
3041 2166 3096 2212 et
3117 2171 3248 2228 gens
3269 2157 3516 2214 veritatis

1952 2249 2200 2312 inimica,
2233 2247 2399 2302 Judaei
2443 2249 2508 2302 ad
2553 2249 2828 2317 angustias
2866 2247 3098 2313 redacti,
3126 2247 3322 2301 multas
3362 2247 3516 2305 aiunt

1948 2353 2068 2394 esse
2119 2351 2409 2407 personas,
2462 2336 2530 2391 ad
2580 2350 2715 2405 quas
2754 2335 2846 2390 Dei
2892 2349 3071 2390 sermo
3123 2336 3358 2390 directus
3409 2343 3513 2389 est.

1949 2424 2088 2480 Dicit
2129 2425 2271 2480 enim
2320 2423 2621 2479 astantibus
2670 2423 2771 2478 sibi
2799 2423 3034 2494 angelis:
3072 2421 3358 2478 Faciamus
3409 2423 3509 2478 ho-

1946 2517 2136 2569 minem
2153 2515 2217 2567 ²δ.
2235 2514 2528 2580 Judaicum
2544 2522 2905 2570 commentum
2944 2523 3027 2568 est
3048 2554 3061 2579 ,
3085 2523 3246 2584 atque
3273 2514 3510 2572 levitatis

1947 2607 2072 2662 inde
2117 2605 2372 2674 profecta:
2417 2606 2731 2662 inventum:
2770 2614 2829 2660 ut
2858 2619 2928 2660 ne
2967 2621 3132 2660 unum
3176 2605 3510 2675 suscipiant,

1947 2699 2257 2752 innumeros
2288 2697 2570 2752 inducunt.
2592 2696 2659 2751 Et
2682 2695 2876 2751 Filium
2907 2698 3276 2767 reprobantes,
3299 2696 3514 2754 famulis

1947 2785 2260 2852 dignitatem
2284 2785 2585 2840 attribuunt
2616 2785 2846 2850 consilii,
2875 2793 2929 2839 et
2957 2799 3246 2841 conservos
3282 2793 3500 2840 nostros

1945 2875 2181 2930 cilicium
2213 2874 2503 2930 creationis
2553 2883 2751 2930 nostra:
2783 2874 3047 2930 dominos.
3097 2873 3271 2933 Homo
3329 2877 3512 2946 perfe-

1947 2976 2067 3020 ctus
2101 2966 2168 3021 ad
2202 2965 2514 3044 angelorum
2552 2964 2800 3021 evehitur
2829 2965 3161 3035 dignitatem.
3195 2966 3367 3032 Quale
3416 2982 3512 3023 au-

1951 3065 2056 3110 tem
2083 3055 2357 3125 opiﬁcium
2398 3069 2494 3124 par
2521 3068 2643 3109 esse
2676 3063 2854 3124 potest
2883 3055 2997 3125 88
3025 3056 3324 3111 conditori?
3365 3057 3512 3114 Con-

265 3148 657 3221 Τελειούμενος
685 3152 969 3225 ἄνθρωπος
997 3153 1133 3224 πρὸς
1167 3153 1266 3224 τὴν
1293 3152 1399 3206 τῶν
1422 3153 1667 3222 ἀγγέλων
1691 3153 1842 3221 ἀξίαν

1949 3149 2127 3202 sidera
2153 3155 2330 3201 autem
2364 3155 2417 3200 et
2442 3161 2561 3216 qua:
2605 3152 2940 3214 sequuntur:
2977 3146 3057 3200 Ad
3097 3148 3375 3216 imaginem
3416 3165 3510 3203 no-

265 3238 548 3308 ἀνάγεται.
585 3243 742 3295 Ποῖον
785 3242 842 3295 δὲ
878 3242 1270 3314 δημιούργημα
1313 3245 1424 3297 ἴσον
1451 3244 1671 3298 δύναται
1701 3241 1840 3300 εἶναι

261 3328 348 3400 τῷ
393 3331 675 3398 κτίσαντι;
716 3332 912 3386 Σκόπει
954 3333 1011 3386 δὲ
1068 3333 1254 3388 καὶτὰ
1291 3333 1402 3406 (74)
1441 3336 1673 3406 ἐφεξῆς⁸
1701 3339 1841 3392 Κατ’

264 3422 472 3480 εικόνα
501 3424 814 3494 ἡμετέραν.
847 3426 911 3478 Τί
941 3425 1118 3495 λέγεις
1151 3427 1286 3498 πρὸς
1303 3428 1494 3493 τοῦτο;
1523 3428 1614 3498 Μὴ
1646 3429 1740 3482 καὶ
1767 3430 1844 3481 εί-

264 3513 382 3572 κὼν
412 3515 509 3587 μία
554 3517 690 3570 θεοῦ
726 3518 820 3570 καὶ
858 3518 1142 3587 ἀγγέλων;
1179 3511 1310 3572 Υἰοῦ
1345 3520 1442 3591 μὲν
1479 3520 1585 3591 γὰρ
1615 3521 1706 3574 καὶ
1739 3521 1843 3573 Πα-

262 3603 396 3676 τρὸς
429 3607 580 3658 πᾶσα
611 3606 822 3677 ἀνάγκη
847 3607 946 3677 τὴν
973 3606 1142 3678 αὐτὴν
1164 3604 1302 3662 εἴναι
1345 3609 1559 3680 μορφήν
1579 3627 1592 3640 ·
1626 3609 1843 3680 θεοπρε-

264 3697 388 3761 πῶς
412 3697 653 3768 δηλονότι
679 3698 778 3770 τῆς
809 3699 1019 3770 μορφῆς
1053 3700 1367 3772 νοουμένης,
1398 3700 1497 3753 οὐκ
1525 3703 1582 3753 ὲν
1605 3703 1841 3771 σχήματι

265 3788 588 3860 σωματικῷ,
620 3789 736 3842 ἀλλ’
761 3791 818 3843 ὲν
849 3790 928 3861 τῷ
963 3789 1212 3861 ἰδιώματι
1241 3791 1342 3859 τῆς
1364 3791 1841 3862 θεότητος.”Ακουε

262 3881 362 3935 καὶ
395 3880 460 3933 σὺ
490 3881 518 3933 6
555 3880 620 3933 ἐκ
646 3880 745 3951 τῆς
776 3881 899 3944 νέας
948 3882 1260 3952 κατατομῆς
1307 3881 1450 3952 (75),
1501 3884 1529 3934 ό
1571 3881 1662 3935 τὸν
1709 3884 1838 3935 Ἰου-

260 3968 493 4041 δαῖσμὸν
526 3971 842 4043 πρεσϐεύων
891 3973 950 4024 ὲν
983 3972 1411 4043 Χριστιανισμοῦ
1459 3974 1835 4044 προσποιήσει.

261 4061 382 4113 Τίνι
411 4061 575 4131 λέγει·
627 4061 767 4118 Κατ’
790 4064 996 4116 εἰκόνα
1024 4063 1346 4132 ἡμετέραν;
1380 4063 1496 4116 Τίνι
1530 4063 1672 4133 ἄλλῳ
1713 4080 1776 4132 γε
1803 4063 1835 4134 ἢ

261 4149 341 4219 τῷ
369 4151 762 4222 ἀπαυγάσματι
790 4152 890 4221 τῆς
910 4151 1085 4223 δόξης,
1119 4154 1212 4206 καὶ
1233 4154 1539 4224 χαρακτῆρι
1573 4153 1673 4224 τῆς
1703 4154 1838 4206 ὐπο-

263 4241 509 4306 στάσεως
553 4243 718 4297 αὑτοῦ
771 4243 908 4316 (76),
943 4245 1001 4308 ὅς
1052 4247 1200 4300 ἐστιν
1246 4245 1408 4299 εἰκὼν
1449 4245 1539 4298 τοῦ
1573 4246 1706 4298 Θεοῦ
1744 4245 1837 4298 τοῦ

257 4332 532 4405 ἁοράτους
563 4335 640 4406 Τῇ
672 4334 778 4406 ἰδίᾳ
816 4338 993 4390 τοίνυν
1028 4338 1198 4391 εἰκόνι
1231 4340 1297 4408 τῇ
1331 4335 1512 4411 ζώσῃ,
1548 4340 1611 4408 τῇ
1653 4338 1837 4390 εἰπού-

331 4531 379 4564 ¹³
409 4531 574 4588 Hebr.
609 4549 652 4599 ι,
681 4534 736 4599 2,
765 4534 821 4588 '5.
897 4536 945 4567 “
982 4535 1114 4591 Cen.
1159 4551 1196 4601 ι,
1230 4531 1320 4587 26.

334 4684 446 4756 (69)
468 4684 706 4769 itanmss.
755 4696 983 4769 septem.
1013 4687 1157 4769 Editi
1197 4687 1478 4769 cu_mmaliis_
1502 4687 1821 4769 quibusdam
1857 4699 1900 4752 ι)

259 4755 404 4828 mss.
415 4755 728 4828 κεκάλυπτο
751 4757 849 4828 τῆς
871 4757 1198 4825 θεογνωσίας
1211 4758 1293 4810 τό.
1315 4755 1618 4825 Theologim
1646 4768 1822 4812 autem

257 4826 700 4896 praedicationem
741 4826 866 4896 dieit
898 4828 1196 4880 doctrinam
1251 4841 1392 4890 eam,
1431 4841 1536 4894 qua
1579 4840 1824 4896 persona:

257 4895 926 4978 sancti‘ssi‘mazr'i‘rinitatis
956 4907 1139 4965 aperte
1162 4897 1541 4978 praedicantur.

334 4963 450 5085 (70)
502 4963 593 5019 Sic
626 4963 774 5035 Regii
814 4963 1037 5032 primus,
1085 4963 1273 5019 tertius
1327 4975 1383 5019 et
1439 4966 1660 5034 quintus
1698 4980 1819 5018 cum

255 5031 336 5087 Co
360 5034 414 5106 b_.
476 5035 733 5106 secundo.
774 5034 914 5088 Editi
965 5051 1087 5089 cum
1129 5045 1352 5106 utioaut
1404 5035 1821 5106 alter-omenti»

255 5101 442 5189 κοινῷ.
476 5102 620 5158 infra
651 5102 784 5174 Reg.
810 5113 992 5159 sextus
1021 5106 1166 5160 solus
1207 5104 1361 5172 λόγον
1401 5104 1502 5175 τῆς
1542 5101 1816 5175 ἀληθείας·

254 5189 470 5226 ωσπερ.

331 5189 614 5316 r(#:3623911.
641 5243 844 5316 primus
870 5243 1100 5316 ζώγροις
1129 5243 1528 5314 ὲναποσκιασθῇ
1556 5243 1826 5316 ⁸ιιτιιεᾲριόρύι»

293 5329 434 5384 εται.
465 5312 642 5384 Εόίιὶο
672 5313 831 5367 Basil.
871 5312 1002 5367 cum
1051 5323 1192 5369 sext.
1241 5329 1372 5369 mss.
1412 5312 1821 5384 περιϐρύχεται.

305 5383 438 5456 ditio
466 5382 637 5456 Raris.
673 5385 1092 5456 περιϐρυχᾷται.

329 5451 448 5538 (ζῖ)
479 5451 615 5538 Reg.
672 5451 878 5538 primus
910 5451 1064 5538 οὕτω
1093 5455 1186 5507 καὶ
1232 5454 1291 5508 τὺ
1339 5452 1449 5538 τῶν
1487 5453 1823 5538 ἐχθρῶνῇτῆς

252 5519 540 5595 ἀληθείας-
565 5519 833 5595 Ἰουδαίων
895 5524 1070 5595 γένος,
1121 5519 1822 5595 στενοχωρούμενοίη-Βιξέ.

258 5591 453 5665 tertius
484 5591 626 5645 οὓτω
654 5593 746 5646 καὶ
782 5593 841 5665 τὸ
890 5594 1082 5665 ἐχθρὸν
1130 5595 1229 5664 τῆς
1276 5591 1534 5664 ἀληθείας
1560 5591 1825 5646 Ἰουδαίων

255 5660 434 5728 γένος,
468 5660 1144 5737 στενοχωρούμενοὶ.“Ειιίιί
1167 5660 1288 5720 eum
1323 5660 1496 5721 tribus
1525 5679 1658 5720 mss.
1690 5673 1747 5718 ut
1773 5665 1823 5718 in

257 5740 535 5786 contextu.

1432 4534 1477 4564 ³⁸
1510 4531 1664 4587 Joan.
1697 4548 1761 4598 ι,
1788 4532 1878 4586 50.

1942 3248 2126 3293 stram.
2178 3236 2312 3304 Quid
2361 3237 2495 3291 dicis
2539 3237 2606 3290 ad
2652 3237 2785 3291 hoc?
2833 3235 2970 3291 Num
2994 3245 3049 3292 et
3077 3236 3169 3292 Dei
3205 3247 3260 3309 et
3291 3240 3511 3308 angelo~

1942 3345 2062 3384 rum
2092 3344 2196 3383 una
2234 3338 2318 3383 est
2340 3327 2557 3398 imago?
2585 3327 2706 3382 Filii
2735 3328 2951 3396 quidem
2977 3336 3032 3382 et
3062 3326 3239 3384 Patris
3265 3329 3508 3385 eamdem

1941 3435 2061 3476 esse
2097 3420 2322 3474 formam
2361 3419 2580 3474 omnino
2623 3433 2848 3474 necesse
2874 3427 2991 3486 est;
3025 3417 3196 3474 forma
3237 3420 3509 3488 videlicet,

1943 3511 2018 3566 uti
2051 3511 2217 3566 Deum
2245 3511 2420 3578 decet,
2449 3509 2743 3577 intellecta,
2787 3525 2897 3566 non
2932 3509 2988 3566 in
3024 3525 3284 3580 corporea
3311 3511 3506 3582 ﬁgura,

1941 3601 2035 3657 sed
2059 3602 2114 3656 in
2144 3601 2444 3656 divinitatis
2471 3602 2818 3670 proprietate.
2839 3601 2980 3657 Audi
3001 3610 3059 3658 et
3083 3609 3141 3657 tu
3163 3603 3254 3673 qui
3275 3617 3340 3658 ex
3371 3618 3506 3661 nova

1940 3695 2248 3751 concisione
2279 3707 2362 3758 es,
2387 3695 2480 3764 qui
2522 3694 2920 3752 Christianismi
2963 3697 3182 3753 nomine
3225 3707 3387 3768 atque
3431 3701 3506 3755 si-

1941 3786 2237 3843 mulatione
2274 3787 2484 3842 stabilis
2518 3786 2873 3843 Judaismum.
2911 3787 3008 3844 Cui
3041 3789 3170 3844 dicit
3209 3808 3221 3844 :
3258 3791 3340 3844 Ad
3373 3791 3506 3846 ima~

1941 3881 2112 3951 ginem
2161 3881 2435 3935 nostram?
2481 3879 2598 3944 Cui,
2638 3893 2854 3948 quaeso,
2909 3879 3073 3934 alteri
3115 3894 3280 3949 quam
3323 3882 3506 3948 gloriae

1942 3971 2251 4042 splendori,
2283 3979 2340 4025 et
2385 3971 2701 4027 substantiae
2730 3971 2898 4042 ipsius
2924 3971 3226 4026 characteri
3252 4010 3267 4036 ,
3304 3971 3394 4040 qui
3420 3982 3505 4027 est

1945 4062 2039 4116 Dei
2065 4060 2350 4115 invisibilis
2394 4059 2614 4130 imago?
2651 4059 2836 4128 itaque
2877 4059 3100 4129 imagini
3137 4074 3249 4114 sua:
3277 4061 3501 4126 viventi,

1941 4167 2060 4222 quae
2093 4153 2228 4206 dixit
2259 4170 2271 4206 :
2307 4149 2420 4222 Ego
2473 4162 2520 4206 et
2559 4151 2723 4206 Pater
2761 4167 2922 4204 unum
2959 4167 3138 4206 sumus
3166 4152 3211 4183 ’⁵
3233 4169 3248 4217 ;
3273 4161 3362 4207 et:
3396 4150 3502 4217 Qui

1941 4259 2020 4296 me
2064 4243 2216 4306 vidit,
2269 4243 2396 4296 vidit
2433 4241 2645 4297 Patrem
2677 4243 2755 4306 ¹⁸;
2813 4246 2936 4299 huic
2986 4245 3160 4300 dicit:
3217 4244 3500 4300 Faciamus

1942 4334 2206 4388 hominem
2233 4333 2300 4386 ad
2331 4334 2612 4404 imaginem
2635 4345 2887 4390 nostram.
2924 4336 3025 4393 Ubi
3061 4346 3144 4392 est
3170 4337 3345 4407 imago
3367 4352 3495 4404 una,

1955 4534 2001 4563 ¹⁶
2036 4533 2190 4588 Joan.
2226 4549 2334 4592 xiv.
2363 4533 2412 4587 9.

2001 4687 2113 4761 (75)
2145 4687 2295 4761 quib.
2331 4690 2600 4761 secundus
2651 4689 2736 4743 ἵνα
2757 4689 2864 4761 γὰρ
2909 4691 3020 4744 τόν.
3077 4689 3227 4745 Bodl.
3276 4691 3363 4744 ἴνα
3403 4692 3496 4748 τὸν

1931 4757 2029 4840 ξνα
2054 4757 2128 4828 μὴ
2156 4757 2432 4840 δέξωνταιἔ
2468 4759 2658 4840 Statim
2708 4757 2848 4814 idem
2885 4774 3010 4840 mss.
3064 4761 3307 4840 μυρίουςΔ
3323 4763 3497 4840 ἐπᾳσ-

1932 4827 2178 4904 ἀγουσιν.
2225 4827 2463 4882 Subinde
2500 4837 2732 4904 quatuor
2772 4843 2902 4904 mss.
2934 4828 3002 4904 τδ
3036 4827 3491 4904 τῆςσρμβουλῆς.

1931 4897 2083 4970 Editi
2096 4913 2220 4970 cum
2249 4913 2354 4970 uno
2377 4907 2470 4970 aut
2492 4899 2662 4953 altero
2697 4913 2825 4952 mss.
2850 4898 2911 4970 τὸ
2940 4897 3416 4970 τμῆςέςῦμὸουλίας.

2001 4966 2112 5038 (74)
2138 4965 2264 5020 Mss.
2299 4967 2544 5038 plerique
2564 4982 2766 5038 omnes
2799 4967 2892 5038 καὶ
2917 4965 3006 5038 τάξ
3039 4965 3182 5038 Εάῖιί
3223 4971 3315 5023 καὶ
3340 4972 3422 5026 τά

1999 5036 2111 5108 (75)
2138 5036 2515 5106 Κατατομῆξ.
2557 5037 2670 5108 V_ox
2719 5045 2802 5091 est
2842 5036 3011 5102 Pauli,
3039 5037 3272 5108 Philipp.
3308 5055 3392 5107 ιιι,
3435 5042 3491 5108 2,

1929 5105 2154 5177 βλέπετε
2203 5105 2534 5177 κατατομήν,
2568 5105 2753 5177 Cavete
2782 5108 3146 5161 concisionem.
3180 5105 3273 5162 Sic
3306 5105 3490 5163 autem

1927 5176 2216 5246 Apostolus
2243 5176 2703 5246 vocabat’Judaeos
2729 5190 2824 5244 per
2853 5185 3240 5245 contemptum,
3275 5188 3491 5232 eorum-

1927 5245 2031 5315 que
2059 5245 2422 5300 concisionem
2461 5247 2512 5300 in
2564 5261 2728 5300 carne
2780 5246 3010 5314 positam
3063 5255 3227 5300 totam
3290 5259 3491 5302 nostra:

1929 5316 2328 5385 circumcisioni
2356 5315 2513 5385 plane
2537 5315 2805 5385 spirituali
2836 5315 3164 5384 Opponebat.

2023 5384 2111 5452 76)
2143 5384 2282 5438 Editi
2307 5383 2800 5454 etMCoisl.’primus
2833 5383 2888 5438 et
2908 5383 3065 5454 ’Reg.
3088 5393 3318 5454 octavus
3357 5385 3492 5438 ὑπο-

1930 5452 2195 5524 στάσεως
2226 5452 2410 5507 αὐτοῦ.
2474 5452 2607 5508 Nec'
2635 5454 2791 5508 aliter
2843 5452 3036 5523 legitur
3084 5453 3138 5524 in
3197 5453 3368 5524 Epist.
3419 5454 3490 5510 ad

1929 5525 2092 5578 Hebr.
2121 5539 2160 5594 ι,
2185 5523 2238 5576 5.
2270 5525 2346 5594 ,At
2376 5526 2526 5577 deest
2552 5523 2715 5576 αὑτοῦ
2749 5525 2802 5577 in
2827 5538 2921 5578 sex
2943 5538 3069 5577 mss.
3096 5523 3489 5594 Quagsequun-

1930 5605 2018 5647 tur
2050 5593 2234 5657 verba,
2264 5593 2320 5655 ὃς
2356 5594 2520 5659 ἐστιν,
2549 5602 2678 5660 etc.,
2714 5594 3056 5661 reperiuntur
3107 5595 3160 5648 in
3200 5589 3369 5662 Epist.
3417 5594 3489 5650 ad

1928 5663 2129 5720 Coloss.
2157 5679 2194 5730 t,
2227 5662 2309 5716 15.
