3850 6218
332 304 435 361 207

1649 306 1706 364 Β.
1748 305 1995 363 BASlLll
2034 307 2174 365 MAG
2183 308 2247 364 NI

3479 303 3595 365 903

328 416 602 489 quomodo
650 413 813 471 fuerit
861 415 1279 473 dissimilitudo?
1324 416 1390 472 Et
1430 419 1553 489 fecit
1605 419 1744 475 Deus
1802 421 1898 474 ho-

2010 438 2077 496 σῃ
2096 422 2208 491 (77)
2223 438 2238 453 ο
2256 419 2396 489 Ἐγὼ
2409 418 2506 473 καί
2528 422 2561 473 ὁ
2576 415 2777 487 Πατὴρ
2793 416 2861 471 ἕν
2879 416 3085 484 ἐσμεν,
3100 415 3213 479 καὶ,
3230 415 3292 468 '0
3308 414 3591 484 ἑωρακὼς

325 514 519 567 minem
570 511 636 564 ’7.
684 508 829 573 Non,
884 508 1168 565 Fecerunt.
1216 511 1414 566 Vitavit
1456 514 1559 567 hoc
1609 514 1728 567 loco
1776 529 1900 583 per-

327 616 584 659 sonarum
646 600 1063 656 multitudinem.
1113 601 1404 672 Postquam
1457 613 1639 658 autem
1684 618 1782 673 per
1814 604 1901 658 illa

326 692 846 757 erudivitJudteum,
882 707 978 761 per
1021 693 1135 748 hazc
1180 709 1307 749 vero
1355 709 1595 750 errorem
1625 696 1901 767 gentilium

327 783 597 848 exclusit,
655 792 771 837 tuto
828 786 1062 838 recurrit
1103 785 1170 838 ad
1219 786 1505 852 unitatem,
1537 796 1595 840 ut
1621 797 1678 842 ct
1708 787 1901 842 Filium

330 886 452 926 cum
477 870 637 924 Patre
661 871 952 941 intelligas,
978 882 1033 926 et
1056 874 1354 941 periculum
1384 876 1740 932 multitudinis
1778 878 1905 933 deo-

327 981 447 1019 rum
471 963 719 1034 eﬂ'ugias.
756 962 824 1017 In
859 966 1084 1033 imagine
1124 964 1217 1019 Dei
1255 967 1369 1035 fecit
1394 969 1567 1034 ipsum
1602 969 1666 1023 ³⁸.
1693 968 1903 1025 Rursus

326 1069 616 1126 personam
642 1056 761 1122 ejus
800 1054 890 1125 qui
918 1071 1100 1111 secum
1146 1058 1307 1112 simul
1352 1060 1701 1127 operabatur,
1733 1061 1903 1117 intro-

324 1143 503 1201 duxit.
540 1142 656 1197 Non
689 1142 831 1198 enim
870 1144 1004 1198 dixit
1037 1165 1049 1199 :
1082 1143 1139 1199 in
1173 1146 1408 1215 imagine
1438 1148 1519 1200 sui
1549 1147 1749 1215 ipsius;
1784 1149 1899 1215 sed,

325 1235 394 1291 In
425 1235 521 1290 Dei
557 1236 806 1306 imagine.
841 1234 898 1289 ln
942 1250 1048 1305 quo
1083 1245 1261 1291 autem
1306 1238 1562 1306 pra-ferat
1594 1239 1685 1294 Dei
1715 1238 1902 1309 imagi-

330 1344 458 1385 nem
488 1329 650 1383 homo
672 1368 688 1393 ,
732 1336 787 1385 ct
812 1343 921 1398 quo
954 1339 1112 1396 pacto
1138 1330 1509 1386 similitudinis
1535 1330 1649 1400 ejus
1681 1332 1753 1387 sit
1780 1347 1901 1401 par-

333 1419 524 1487 ticeps,
549 1418 601 1472 in
635 1418 1003 1486 sequentibus,
1033 1419 1142 1474 Deo
1164 1422 1347 1482 dante,
1374 1434 1725 1490 exponemus.
1750 1421 1901 1477 Nunc

326 1520 505 1564 autem
546 1509 599 1563 id
628 1508 800 1563 solum
826 1508 1058 1575 dicatur,
1090 1510 1135 1565 si
1170 1526 1273 1565 una
1304 1520 1387 1566 est
1411 1513 1611 1581 imago,
1643 1514 1783 1568 unde
1804 1513 1900 1568 tibi

324 1602 381 1658 in
418 1610 653 1657 mentem
684 1601 833 1655 venit
862 1602 1192 1671 impietatem
1220 1611 1327 1658 tam
1358 1603 1749 1660 intolerandam
1776 1620 1903 1675 pro-

325 1695 491 1759 literi,
520 1703 578 1748 ut
609 1693 806 1749 Filium
842 1693 989 1749 Patri
1017 1695 1330 1751 dissimilem
1358 1696 1543 1753 dicas?
1562 1695 1606 1753 0
1631 1696 1898 1767 ingratum

2003 512 2127 582 ἐμὲ,
2164 511 2380 581 ἑώρακε
2408 509 2515 563 τὸν
2545 508 2775 576 Πατέρα
2793 526 2806 539 ·
2835 507 3008 578 ταύτῃ
3026 504 3194 573 λέγει’
3231 505 3591 575 Ποιήσωμεν

2003 602 2314 669 ἄνθρωπον
2336 606 2461 655 κατ’
2490 601 2691 654 εἰκόνα
2718 597 3026 668 ἡμετέραν.
3058 598 3230 650 Ὅπου
3268 597 3363 666 μία
3393 597 3585 663 sine»,

2005 694 2107 746 ποῦ
2137 695 2195 747 τὸ
2226 694 2509 764 ἀνόμοιον;
2536 696 2639 746 Καὶ
2669 692 2959 757 ἐποίησεν
2984 692 3017 742 ό
3051 688 3192 753 Θεὸς
3224 689 3331 740 τὸν
3357 689 3589 757 ἀνθρω-

2004 801 2141 842 πον.
2195 786 2359 855 Οὐχὶ,
2407 784 2717 855 Ἐποίησαν.
2758 783 2995 850 Ἐφυγεν
3040 779 3272 832 ἐνταῦθα
3317 780 3407 832 τὸν
3441 780 3586 852 πλη-

2004 876 2211 946 θυσμὸν
2237 877 2345 928 τῶν
2378 873 2702 946 προσώπων.
2727 874 2803 925 Δι’
2838 872 3060 924 ἐκείνων
3088 872 3181 941 μὲν
3218 872 3307 923 τὸν
3326 871 3589 924 Ἰουδαῖον

2004 968 2290 1032 παιδεύων,
2316 967 2405 1021 διὰ
2430 967 2633 1020 τούτων
2663 966 2719 1019 δὲ
2747 964 2837 1017 τόν
2872 962 3220 1033 Ἑλληνισμὸν
3253 964 3587 1030 ἀποκλείων,

2006 1058 2263 1127 ἀσφαλῶς
2306 1059 2613 1129 ἀνέδραμεν
2658 1057 2749 1109 ἐπὶ
2787 1056 2885 1127 τὴν
2928 1055 3158 1125 μονάδα,
3194 1055 3278 1108 ἵνα
3328 1056 3422 1107 καὶ
3460 1056 3592 1107 Υἱὸν

2002 1152 2129 1218 νοῇς
2163 1148 2303 1218 μετά
2347 1148 2579 1218 Πατρὸς,
2606 1147 2702 1199 καὶ
2745 1147 2843 1216 τῆς
2897 1145 3180 1207 πολυθεῒας
3229 1145 3483 1216 ἐκφύγῃς
3530 1145 3595 1199 τὸ

2002 1240 2359 1293 ἐπικίνδυνον.
2422 1239 2523 1293 Ἐν
2565 1238 2752 1291 εἰκόνι
2792 1237 2939 1291 Θεοῦ
2982 1237 3094 1307 (78)
3136 1236 3426 1300 ἐποίησεν
3479 1239 3593 1290 αὺ-

2002 1334 2127 1385 τόν.
2157 1331 2325 1385 Πάλιν
2350 1328 2442 1382 τοῦ
2468 1329 2729 1400 συνεργοῦ
2750 1328 2810 1382 τὸ
2835 1328 3122 1398 πρόσωπον
3155 1328 3588 1399 παρεισήγαγεν.

2003 1423 2079 1475 Ut)
2100 1423 2206 1493 γάρ
2228 1418 2398 1487 εἶπεν,
2412 1422 2501 1474 Ἐν
2526 1421 2690 1475 εἰκόνι
2705 1419 2919 1483 ἑαυτοῦ,
2944 1419 3080 1485 ἀλλ’,
3098 1420 3151 1470 Ἐ
3156 1437 3193 1471 ν
3210 1422 3395 1473 εἰκόνι
3413 1420 3589 1473 Θεοῦ.

2016 1514 2103 1566 Ἐν
2123 1514 2228 1566 τίνι
2272 1514 2371 1583 μὲν
2400 1506 2491 1565 οὖν
2536 1512 2647 1583 ἔχει
2690 1512 2751 1564 τὸ
2783 1513 2901 1564 κατ’
2938 1511 3119 1563 εἰκόνα
3150 1509 3282 1562 Θεοῦ
3319 1511 3349 1561 6
3378 1510 3597 1581 ἄνθρω-

2005 1624 2124 1670 πος,
2166 1608 2260 1660 καὶ
2304 1605 2421 1669 πῶς
2468 1603 2872 1676 μεταλαμϐάνει
2909 1602 3003 1657 τοῦ
3032 1601 3153 1655 καθ’
3197 1602 3482 1671 ὁμοίωσιν,
3537 1602 3597 1655 ὲν

2003 1701 2114 1762 τοῖς
2139 1698 2357 1767 ἐφεξῆς,
2388 1696 2525 1750 θεοῦ
2554 1696 2806 1759 διδόντος,
2836 1696 3144 1767 εἰρήσεται·
3183 1693 3278 1746 νῦν
3301 1693 3358 1746 δὲ
3392 1693 3594 1747 τοσοῦ-

326 1786 605 1842 animuml
640 1785 1077 1856 quandoquidem
1112 1787 1520 1843 similitudinem
1566 1804 1709 1855 eam,
1745 1788 1898 1859 cujus

2010 1802 2090 1839 εον
2117 1785 2375 1853 λεγέσθω,
2411 1787 2491 1839 ὅτι
2547 1786 2595 1837 εἰ
2656 1785 2757 1855 μία
2792 1783 2990 1849 εἰκὼν,
3043 1784 3206 1836 πόθεν
3239 1801 3319 1837 σοι
3352 1783 3599 1855 ἐπῆλθεν

324 1874 503 1934 factus
529 1890 588 1932 es
612 1876 882 1945 particeps
905 1914 920 1938 .
950 1875 1198 1931 beneﬁcii
1229 1879 1434 1932 auctori
1480 1893 1587 1932 non
1626 1878 1899 1948 rependis,

322 1979 379 2027 et
404 1984 468 2025 ea
498 1984 616 2038 qua:
639 1968 779 2024 dono
804 1982 1060 2023 concessa
1093 1978 1242 2035 sunt,
1275 1971 1369 2025 tibi
1405 1971 1503 2039 ipsi
1534 1972 1751 2038 quidem
1775 1987 1901 2041 pro-

321 2060 442 2131 pria
495 2073 716 2114 manere
762 2069 919 2129 putas
944 2099 960 2127 ,
1009 2061 1103 2115 sed
1154 2076 1257 2114 non
1295 2062 1430 2117 sinis
1464 2064 1665 2118 habere
1704 2064 1898 2119 Filium

328 2169 453 2207 cum
500 2154 745 2222 genitore
792 2160 1071 2220 acceptam
1127 2167 1157 2206 a
1219 2163 1409 2208 natura
1470 2154 1897 2211 similitudinem.

325 2242 524 2298 Verum
572 2242 727 2297 nobis
770 2242 1045 2298 silentium
1096 2245 1285 2299 indicit
1324 2255 1534 2314 tempus
1579 2245 1902 2315 advespera-

322 2349 508 2401 scens,
533 2335 731 2404 quippe
756 2336 900 2405 quod
927 2335 1249 2405 jamdudum
1292 2336 1459 2391 solem
1480 2337 1546 2391 ad
1569 2338 1901 2393 occidentem

324 2428 621 2483 demiserit.
660 2428 759 2482 ilic
794 2428 958 2499 igitur
998 2437 1053 2483 et
1081 2443 1179 2483 nos
1207 2428 1367 2483 dictis
1402 2430 1681 2493 contenti,
1703 2430 1903 2484 oratio-

330 2532 456 2573 nem
509 2519 908 2588 consopiamus.
950 2517 1106 2575 Nunc
1149 2521 1367 2590 quidem
1415 2532 1677 2590 quantum
1723 2523 1903 2578 studio

325 2618 512 2665 vestro
557 2610 849 2664 excitando
881 2613 1014 2666 satis
1058 2611 1194 2679 fuit,
1244 2625 1548 2667 sermonem
1582 2613 1897 2683 attigimus:

325 2701 422 2757 sed
452 2702 834 2772 perfectiorem
866 2718 1044 2758 rerum
1076 2704 1470 2774 propositarum
1497 2704 1900 2773 inquisitionem

326 2792 384 2849 in
411 2794 888 2864 consequentibus,
928 2794 1129 2863 Spiritu
1170 2804 1359 2850 sancto
1392 2795 1712 2862 adjuvante,
1745 2797 1901 2851 adhi-

326 2884 597 2940 bebimus.
626 2885 786 2940 Abite
826 2888 1194 2953 exsultantes,
1228 2901 1419 2941 amans
1445 2887 1643 2942 Christi
1675 2888 1901 2955 concio,

324 2985 381 3031 et
405 2976 584 3033 omnis
610 2976 823 3033 obsonii
861 2978 1161 3048 sumptuosi
1189 2988 1243 3032 et
1267 2976 1541 3031 variorum
1590 2977 1904 3034 condimen-

326 3076 505 3123 torum
536 3069 675 3136 loco,
709 3084 897 3130 eorum
933 3084 1051 3137 qua:
1079 3069 1314 3124 diximus
1350 3067 1610 3121 memoria
1650 3069 1902 3125 honestas

328 3170 543 3217 vestras
568 3175 788 3217 mensas
832 3161 1101 3216 instruite.
1134 3159 1511 3214 Confundatur
1543 3160 1634 3227 qui
1665 3159 1901 3215 dissimi—

328 3250 611 3308 litudinem
641 3250 887 3306 inducit:
923 3251 1126 3321 pudere
1158 3248 1424 3304 amciatur
1460 3248 1716 3305 Judzeus:
1765 3267 1901 3322 gau-

329 3342 453 3397 deat
478 3342 600 3412 pius
648 3342 988 3412 dogmatibus
1017 3339 1262 3415 veritatis
1298 3358 1312 3397 :
1344 3340 1674 3409 gloriﬁcetur
1718 3340 1899 3397 Domi-

327 3447 435 3490 nus
458 3472 474 3498 ,
510 3433 595 3488 cui
635 3432 802 3503 gloria
835 3445 889 3488 et
924 3434 1205 3503 imperium
1242 3432 1295 3487 in
1330 3432 1526 3487 saacula
1557 3434 1879 3490 saeculorum

327 3524 369 3583 Α
381 3539 523 3580 men.

2001 1881 2251 1951 ἀφόρητα
2293 1879 2594 1943 δυσσεϐεῖν,
2646 1879 2898 1949 ἀνόμοιον
2945 1878 3156 1947 λέγοντι
3198 1876 3287 1930 τὸν
3337 1877 3467 1930 Υἱὸν
3513 1877 3596 1947 τῷ

2001 1972 2207 2042 Πατρί;
2241 1972 2303 2023 Ὢ
2326 1972 2423 2041 τῆς
2446 1971 2769 2041 ἀχαριστίας
2792 1971 2803 2023 ι
2832 1965 2899 2041 ἦς
2923 1966 3214 2040 μετέλαϐες
3244 1970 3595 2037 ὁμοιότητος,

2001 2061 2203 2134 ταύτης
2226 2064 2287 2114 οὺ
2338 2061 2631 2132 μεταδίδως
2662 2060 2740 2131 τῷ
2781 2060 3077 2134 εὐεργέτῃ;
3120 2060 3213 2113 καὶ
3261 2058 3443 2129 σαυτῷ
3492 2060 3596 2130 μὲν

2002 2155 2166 2227 κύρια
2201 2156 2383 2227 μένειν
2414 2154 2480 2207 τὰ
2514 2156 2578 2207 ὲκ
2610 2153 2711 2223 τῆς
2755 2153 2978 2224 χάριτος
3025 2151 3443 2225 παραηεθέντα
3478 2152 3595 2222 (79)

2001 2242 2263 2315 νομίζεις,
2289 2242 2367 2313 τῷ
2398 2242 2455 2296 δὲ
2492 2242 2607 2313 Υἰῷ
2640 2242 2737 2313 τὴν
2774 2244 2839 2295 ὲκ
2865 2242 3081 2311 φύσεως
3122 2241 3420 2311 ὁμοιότητα
3454 2242 3597 2311 πρὸς

2002 2336 2092 2390 τὸν
2120 2337 2459 2406 γεννήσαντα
2484 2335 2629 2405 ἔχειν
2662 2335 2760 2387 οὐκ
2785 2336 3134 2405 ἐπιτρέπεις;
3179 2335 3339 2388 Ἀλλὰ
3377 2334 3595 2405 σιωπὴν

2002 2429 2112 2501 γὰρ
2138 2430 2267 2500 ἡμῖν
2301 2430 2583 2481 ἐπιτάσσει
2613 2426 2799 2480 λοιπὸν
2828 2430 2859 2497 ἡ
2891 2428 3100 2497 ἑσπέρα
3126 2426 3294 2480 πάλαι
3328 2427 3469 2497 πρὸς
3500 2426 3598 2478 δυ-

2005 2518 2149 2589 σμὰς
2177 2519 2268 2571 τὸν
2292 2518 2444 2589 ¹ἥλιον
2485 2516 2923 2588 παραπέμψασα.
2964 2516 3225 2570 Ἐνταῦθα
3268 2516 3331 2586 δὴ
3363 2512 3458 2567 οὖν
3498 2515 3599 2567 τὸν

2003 2609 2160 2679 λόγον
2218 2611 2311 2664 καὶ
2357 2611 2520 2681 ἡμεῖς
2568 2610 2988 2679 κατευνὰσωμεν
3042 2608 3176 2680 (80),
3227 2608 3601 2679 ἀρκεσθέντες

2003 2707 2113 2768 τοῖς
2142 2703 2473 2775 εἰρημένοις.
2499 2702 2611 2755 Νῦν
2638 2702 2733 2773 μὲν
2761 2697 2853 2754 οῦν
2878 2702 2999 2755 ὅσον
3022 2701 3281 2772 διεγεῖραι
3314 2700 3469 2771 ὑμῶν
3500 2700 3602 2753 τὸν

2006 2792 2169 2863 ζῆλον
2204 2790 2298 2844 τοῦ
2356 2792 2515 2859 λόγου
2560 2788 2953 2861 παρηψάμεθα·
2986 2790 3085 2861 τὴν
3138 2790 3195 2842 δὲ
3247 2790 3601 2858 τελειοτέραν

2007 2883 2135 2954 περί
2166 2882 2273 2936 τῶν
2304 2882 2682 2954 προκειμένων
2719 2881 2964 2945 ἐξέτασιν
2992 2882 3048 2934 ὲν
3087 2883 3197 2943 τοῖς
3224 2882 3347 2951 ἑξῆς
3378 2880 3600 2933 ἀποδώ-

2007 2992 2171 3046 σομεν
2203 2979 2267 3046 τῇ
2306 2975 2567 3045 συνεργίᾳ
2598 2973 2692 3027 τοῦ
2734 2975 3071 3047 Πνεύματος.
3108 2974 3301 3027 Ἀπιτέ
3341 2974 3452 3043 (Si)
3499 2992 3601 3044 μοι

2005 3066 2306 3138 χαίροντες,
2332 3069 2365 3139 ἡ
2404 3066 2743 3137 φιλόχριστος
2774 3066 3057 3135 ἐκκλησία,
3084 3068 3201 3120 ἀντὶ
3230 3067 3431 3129 παντὸς
3450 3068 3597 3136 ἧιξιου

2009 3158 2333 3223 πολυτελοῦς
2359 3160 2453 3213 καὶ
2474 3177 2583 3211 των
2615 3159 2875 3212 ποικίλων
2904 3160 3335 3229 καρυκευμάτων
3357 3163 3425 3230 τῇ
3454 3160 3598 3230 μνή-

2004 3267 2077 3321 μῃ
2107 3250 2215 3303 τῶν
2248 3250 2550 3321 εἰρημένων
2601 3250 2700 3313 τὰς
2744 3250 2947 3319 σεμνὰς
2989 3250 3142 3318 ὑμῶν
3174 3248 3595 3318 κατακοσμοῦν-

2000 3359 2090 3406 τες
2114 3342 2410 3414 τραπέζας.
2458 3342 2918 3411 Καταισχυνέσθω
2962 3342 2989 3393 6
3023 3336 3301 3409 ἀνόμοιος,
3335 3340 3597 3413 ὲντρεπέ..

2002 3434 2114 3487 σθω
2144 3436 2172 3487 6
2224 3431 2492 3497 Ἰουδαῖος,
2531 3433 2849 3502 ἀγαλλέσθω
2877 3435 2989 3496 τοῖς
3037 3432 3267 3502 δόγμασι
3308 3432 3411 3501 τῆς
3457 3432 3597 3501 ἀλη-

2003 3525 2152 3589 θείας
2177 3528 2203 3578 6
2236 3524 2348 3595 (82)
2379 3524 2628 3596 εὐσεϐὴς,
2662 3516 2969 3589 δοξαζέσθω
3001 3527 3028 3578 6
3064 3508 3287 3594 Κύριος,
3319 3518 3363 3593 ᾧ
3406 3527 3440 3594 ἡ
3468 3522 3598 3588 δόξα.

2010 3618 2103 3670 καὶ
2128 3618 2187 3669 τὸ
2220 3617 2419 3688 κράτος
2445 3618 2524 3680 εἰς
2549 3617 2674 3682 τοὺς
2710 3617 2914 3681 αἰῶνας
2936 3616 3045 3670 τῶν
3081 3615 3310 3671 αἰώνων.
3355 3617 3552 3687 ’Δμήν.

2178 3832 2613 3841 Μὴ.

336 3824 376 3859 ι
2808 3831 3589 3843 ...--.-------

1625 4018 2243 4113 MONITUM.

1910 4248 1982 4265 -ι-

402 4456 517 4528 89
552 4456 738 4513 Basilii
792 4457 850 4512 in
884 4455 1128 4511 Psalmos
1176 4456 1453 4511 orationes
1505 4466 1632 4526 post
1672 4457 1823 4529 Opus
1856 4475 1951 4514 sex
1998 4460 2206 4514 dierum
2256 4458 2492 4514 edendas
2530 4474 2651 4515 esse
2690 4460 3075 4530 judicavimus.
3108 4458 3290 4512 Visum
3321 4465 3404 4512 est
3449 4456 3597 4509 enim

338 4550 676 4622 Scripturam
714 4565 743 4605 a
776 4549 1057 4620 Scriptura
1084 4564 1189 4604 non
1222 4564 1497 4619 separare.
1524 4550 1678 4618 Quod
1711 4551 1758 4608 si
1782 4561 2041 4622 utrasque
2072 4552 2346 4607 orationes
2379 4554 2510 4606 etin
2539 4552 2905 4609 Hexaemeron
2926 4556 3051 4609 etin
3088 4548 3329 4604 Psalmos
3366 4549 3506 4601 inter
3536 4563 3599 4602 se

342 4657 664 4713 comparare
705 4643 956 4698 volumus
980 4682 996 4707 ,
1034 4658 1139 4699 non
1174 4642 1382 4712 negabo
1415 4643 1631 4714 quidem
1675 4646 1888 4715 priores
1919 4645 2314 4716 posterioribus
2346 4644 2505 4715 longe
2546 4649 2688 4717 apud
2721 4648 2977 4715 antiquos
3016 4646 3185 4701 fuisse
3215 4643 3543 4699 celebriores
3576 4659 3592 4694 :

343 4734 436 4789 sed
469 4749 576 4789 non
616 4733 773 4790 facile
817 4734 1113 4790 concedam
1155 4735 1401 4790 utiliores
1440 4750 1582 4792 esse.
1606 4735 1675 4795 Et
1706 4748 1769 4792 ut
1811 4738 1977 4793 semel
2015 4739 2189 4792 dicam
2229 4736 2372 4807 quod
2424 4739 2635 4805 sentio,
2668 4738 2976 4809 eloquentia
3020 4737 3065 4792 si
3108 4742 3387 4808 spectetur
3433 4743 3599 4802 atque

341 4826 584 4882 varietas
609 4826 933 4896 argumenti,
966 4829 1144 4895 patiar
1172 4812 1537 4882 Hexaemeron
1560 4829 1813 4896 anteponi
1837 4845 1852 4894 ;
1882 4829 1926 4883 si
1968 4826 2176 4884 fructus
2202 4839 2362 4899 atque
2387 4830 2611 4894 utilitas,
2645 4846 2750 4884 non
2784 4832 2937 4885 item.

406 4918 654 4974 Psnlmos
688 4934 889 4987 paucos
914 4920 1302 4988 interpretatus
1323 4930 1406 4975 est
1426 4918 1680 4987 Basilius,
1707 4929 1802 4975 aut
1826 4929 1975 4976 certe
1999 4936 2295 4990 paucorum
2324 4922 2827 4991 interpretationem
2854 4923 2919 4976 ad
2949 4938 3046 4977 nos
3079 4935 3249 4991 usque
3272 4914 3602 4996 perveniss6

406 5076 452 5108 ’⁷
480 5073 617 5133 Gen.
637 5091 676 5143 l,
709 5072 799 5133 27,
841 5073 885 5105 ³⁸
922 5075 1051 5130 ibid.

409 5237 520 5309 (77)
549 5235 641 5293 Sic
683 5235 900 5309 codices
927 5245 1053 5290 tres.
1073 5234 1237 5309 _Etllll
1268 5234 1415 5306 ζώσῃ
1446 5252 1502 5288 τε
1530 5236 1624 5289 καὶ
1657 5236 1911 5309 εἰπούσῃ’

352 5305 585 5377 Ἐγώσε
618 5307 713 5360 καὶ
739 5305 788 5358 6.
830 5306 1111 5377 Consentit
1150 5305 1508 5377 textussacer
1530 5322 1649 5359 cum
1681 5323 1810 5360 mss.

2031 5236 2351 5306 παύσωμεν.
2382 5234 2521 5289 Editi
2548 5250 2667 5290 cum
2697 5234 2962 5304 aliquibus
2990 5251 3116 5290 mss.
3147 5237 3282 5290 utin
3317 5247 3489 5294 textu.

2097 5307 2210 5378 (81)
2248 5308 2385 5378 Editi
2415 5306 2573 5378 ἄπιτε
2622 5306 2774 5378 γοῦν.
2811 5306 2966 5362 Deest
2995 5307 3126 5375 γοῦν
3163 5307 3213 5359 in
3250 5310 3452 5378 nostris
3499 5323 3591 5362 sex

409 5375 522 5448 (78)
589 5379 677 5430 Ἐν
721 5376 905 5448 εἰκόνι
953 5376 1114 5433 Θεοῦ·
1177 5377 1265 5430 ubi
1323 5375 1469 5431 LXX
1523 5377 1898 5445 signiticantitn

2024 5375 2157 5431 mss.
2184 5375 2235 5428 ct
2263 5378 2312 5430 in
2354 5377 2504 5429 Bodl.
2544 5378 2617 5448 Et
2650 5376 2864 5444 quidem
2896 5378 3157 5445 particula
3179 5376 3310 5443 γοῦν
3332 5395 3396 5430 eo
3422 5382 3595 5441 magk

336 5449 458 5505 κατ’
492 5446 679 5503 εἰκόνα
706 5446 865 5501 Θεοῦ.

2023 5456 2271 5513 suspecta
2319 5448 2488 5502 videri
2526 5447 2711 5511 debet,
2742 5448 2881 5514 quod
2915 5448 3114 5501 Basilio
3146 5463 3488 5516 nequaquam
3516 5448 3596 5500 fa-

406 5520 519 5588 (79)
544 5519 721 5589 chg.
760 5518 983 5589 quintus
1039 5534 1122 5570 σοι
1170 5516 1608 5589 παρασχεοένᾲτα.
1647 5516 1898 5589 βιῴίηιίι

2022 5518 2267 5589 miliaris
2282 5518 2370 5589 sit.

335 5589 465 5658 editi
497 5587 576 5657 τῷ
600 5587 656 5640 δὲ
682 5587 872 5657 Κυρίῳ
902 5589 1025 5657 τήν.
1066 5589 1136 5641 At
1166 5587 1263 5642 sex
1292 5604 1424 5646 mss.
1456 5587 1533 5658 τῷ
1563 5587 1620 5642 δὲ
1646 5587 1760 5657 Υὶῷ
1793 5589 1912 5658 τήν.

334 5657 477 5716 Infra
518 5657 647 5723 Beg.
674 5659 879 5725 primus
912 5660 992 5719 εἰς
1013 5658 1242 5726 δυσμάς.

408 5727 520 5799 (80)
549 5724 683 5795 Reg;
713 5727 932 5796 quintus
963 5724 1465 5798 καταπαυσώμεθα.
1499 5726 1633 5801 Reg.
1676 5728 1710 5783 3
1739 5745 1907 5785 κατα-

2095 5587 2209 5658 (82)
2239 5586 2390 5641 Colit.
2428 5585 2965 5658 SCClllltlllS_5’5‘;’{.LaUt
3014 5586 3116 5656 τῆς
3159 5584 3491 5658 Ἐκκλησίας
3542 5586 3592 5639 6.

2025 5656 2217 5743 Statim
2255 5659 2396 5714 idem
2425 5657 2591 5714 codex
2621 5656 2841 5729 κράτος,
2873 5658 2905 5725 ἡ
2942 5657 3077 5728 τιμὴ
3104 5658 3197 5710 καὶ
3226 5656 3598 5727 προσκύνησις

2018 5744 2118 5793 εις.
