3850 6218
178 325 300 382 9.09
1404 323 1691 381 HOMILIA

1927 325 2172 382 ALMUM
2210 325 2252 383 1.
3339 317 3447 373 210

180 447 426 495 constat.
468 437 596 493 Mihi
630 438 847 508 quidem
873 439 1098 495 dubium
1131 455 1240 496 non
1269 447 1374 505 est,
1411 441 1540 509 quin
1573 440 1927 510 gravissimus
1969 439 2130 495 Pater
2151 451 2207 496 et
2236 441 2373 496 alios
2402 439 2640 510 psalmos
2667 439 3054 507 interpretatus
3077 436 3175 500 sit,
3199 448 3324 488 cum
3357 433 3446 486 vix

184 538 369 606 possit
401 533 582 590 afferri
613 535 774 602 ratio,
805 550 904 590 cur
945 537 1043 591 bos
1064 550 1204 606 quos
1234 535 1498 590 habemus
1526 536 1870 604 exposuisset
1897 550 2036 592 unos
2066 553 2080 588 :
2123 537 2219 592 sed
2251 546 2430 591 tamen
2462 536 2529 591 iis
2556 537 2805 590 assentiri
2831 550 2938 588 non
2970 547 3131 602 queo,
3165 530 3256 600 qui
3281 543 3444 599 argu-

185 642 441 687 mentum
465 625 832 687 certissimum
863 640 1026 702 atque
1054 631 1519 687 evidentissimum
1550 647 1616 687 ex
1648 633 2100 700 interpretatione
2133 631 2324 701 psalmi
2354 631 2570 701 septimi
2601 639 2655 683 et
2684 625 2943 682 tricesitni
2977 624 3084 692 peti
3117 635 3278 692 posse
3301 617 3449 673 arbi-

185 733 426 782 trantur.
452 725 602 793 Quod
631 726 775 780 enim
792 725 1094 796 aiunt(85),
1124 727 1281 781 citari
1307 727 1358 780 in
1388 727 1492 782 hac
1516 727 1962 794 interpretatione
1991 727 2424 796 explanationem
2447 726 2638 797 psalmi
2659 723 2820 786 sexti,
2849 735 2950 776 nec
2999 730 3177 774 tamen
3204 731 3322 771 eam
3356 730 3449 770 us-

191 831 363 886 quam
395 832 735 888 comparere,
769 819 820 874 id
853 818 1008 874 futile
1034 829 1119 874 est
1149 821 1372 876 omnino
1397 830 1448 874 et
1474 820 1654 875 inane.
1682 820 1778 874 llla
1803 822 1948 876 enim
1975 823 2168 890 psalmi
2196 823 2456 876 tricesimi
2493 820 2708 890 septimi
2738 813 3134 884 interpretatio,
3160 812 3238 867 uti
3265 818 3452 865 osten-

183 911 402 975 demus,
439 911 660 966 Eusebii
709 912 851 968 fetus
882 923 966 967 est
987 953 1002 978 ,
1033 928 1142 969 non
1173 912 1385 966 Basilii.
1412 911 1616 968 Przeter
1649 913 1750 968 hos
1781 928 1918 983 quos
1953 915 2218 970 habemus
2246 914 2518 985 psalmos,
2551 911 2706 968 citari
2747 918 2802 962 et
2832 907 2969 962 alios
3012 921 3040 958 a
3073 903 3448 971 Metaphrasta

183 1003 337 1059 haud
367 1004 678 1075 ignoramus
708 1023 722 1058 :
756 1006 852 1060 sed
887 1005 1266 1077 Metaphrastze
1293 1007 1346 1061 in
1375 1007 1573 1064 litteris
1603 1010 1903 1064 auctoritas
1925 1024 1987 1063 ea
2025 1025 2132 1065 non
2158 1020 2264 1078 est,
2299 1026 2460 1080 quam
2496 1025 2639 1064 caeco
2675 1009 2878 1078 impetu
2916 1003 3068 1073 sequi
3098 1015 3376 1071 cogamur.

259 1096 732 1152 Circumferuntur
757 1097 974 1150 nomine
1000 1096 1182 1151 Basilii
1213 1097 1396 1152 decem
1431 1106 1486 1152 et
1521 1105 1729 1167 septem
1763 1096 2043 1153 Orationes
2075 1099 2131 1152 in
2162 1097 2426 1156 Psalmos.
2465 1098 2571 1152 Sed
2611 1097 2724 1152 fere
2758 1093 3010 1151 convenit
3044 1093 3184 1147 inter
3226 1093 3447 1157 doctos,

186 1197 422 1252 alteram
463 1195 518 1250 in
546 1193 862 1249 vicesimum
909 1205 1158 1248 octavum
1196 1194 1464 1264 psalmum
1495 1194 1775 1249 bomiliam
1807 1194 1870 1248 ad
1897 1209 2020 1249 eum
2060 1194 2284 1250 minime
2327 1196 2601 1264 pertinere
2645 1213 2659 1250 :
2695 1193 2788 1249 sed
2833 1205 2969 1261 opus
3006 1204 3129 1244 esse
3159 1188 3404 1259 plagiarii
3429 1226 3446 1253 ,

185 1291 278 1344 vel
309 1289 490 1358 potius
515 1286 747 1342 studiosi
794 1283 1124 1356 cujuspiam,
1160 1284 1250 1354 qui
1281 1299 1340 1341 se
1377 1299 1635 1340 exercere
1662 1325 1678 1351 ,
1713 1293 1770 1340 et
1795 1283 2054 1339 Basilium
2086 1285 2285 1340 imitari
2324 1285 2577 1342 voluerit.
2617 1286 2804 1343 Oratio
2832 1300 3047 1358 quoque
3077 1287 3129 1341 in
3160 1285 3447 1356 septimum

184 1391 246 1438 et
276 1381 610 1437 tricesimum
655 1379 925 1451 psalmum
955 1389 1206 1450 suspecta
1243 1378 1460 1448 quidem
1489 1378 1605 1434 visa
1645 1386 1731 1435 est
1753 1377 2122 1434 Combelisio:
2161 1379 2256 1434 sed
2317 1379 2486 1434 noluit
2540 1381 2834 1451 quidquam
2889 1389 3153 1441 statuere,
3185 1389 3278 1432 aut
3326 1393 3451 1448 pro-

187 1478 466 1533 nuntiare.
493 1476 763 1532 Potuisset
793 1483 996 1542 tamen,
1031 1489 1154 1530 cum
1186 1473 1362 1530 oratio
1393 1473 1503 1542 illa,
1539 1486 1597 1530 ut
1629 1475 1971 1538 monuimus,
2005 1481 2283 1528 auctorem
2315 1474 2510 1530 habeat
2547 1491 2652 1530 non
2687 1473 2946 1529 Basilium
2974 1516 2989 1538 ,
3017 1473 3109 1527 sed
3138 1471 3447 1525 Eusebium.

185 1569 269 1624 De
301 1570 384 1623 his
407 1569 581 1624 fusius
601 1569 652 1622 in
675 1553 1022 1624 Prmfatione.

262 1657 504 1727 Reliqua:
526 1659 835 1728 quindecim
868 1660 1144 1715 orationes
1171 1674 1271 1729 pro
1298 1661 1534 1730 genuino
1569 1659 1757 1715 Basilii
1791 1661 1899 1716 fetu
1937 1660 2210 1714 habentur
2235 1659 2303 1713 ab
2329 1659 2602 1714 omnibus.
2642 1657 2725 1713 Me
2763 1659 2980 1727 quidem
3018 1670 3344 1725 magnopere
3373 1663 3452 1708 tot

185 1749 525 1804 eruditorum
556 1749 798 1804 virorum
821 1761 1130 1805 commovet
1159 1753 1454 1806 auctoritas
1479 1769 1492 1805 :
1529 1751 1625 1806 sed
1649 1768 1715 1807 ne
1742 1752 1796 1806 in
1819 1763 2006 1807 eorum
2037 1749 2361 1804 sententiam
2390 1750 2708 1814 concedam,
2738 1749 3030 1818 prohibent
3065 1747 3253 1812 multa,
3281 1760 3454 1815 eaque

188 1841 540 1913 gravissima.
577 1841 684 1896 Res
711 1853 890 1898 autem
931 1842 1339 1913 inquisitionem
1381 1842 1677 1914 longiorem
1716 1844 2225 1916 diligentioremque
2268 1857 2388 1897 cum
2421 1841 2691 1910 postulet,
2741 1841 2792 1894 id
2823 1841 3160 1895 commodius
3192 1839 3361 1892 multo
3394 1839 3449 1892 in

197 1933 519 2004 praefatione
545 1934 780 2004 generali
805 1935 1199 2003 praestabimus.
1229 1935 1413 1991 Dicam
1440 1937 1636 2001 obiter,
1669 1936 1971 2002 orationes,
1995 1952 2114 2008 qua:
2148 1949 2273 1989 vere
2297 1933 2478 1987 Basilii
2512 1942 2660 1998 sunt,
2686 1934 2752 1987 ad
2786 1933 3041 2003 populum
3067 1933 3276 1986 habitas
3302 1945 3446 1984 esse:

188 2015 353 2093 inque
377 2034 646 2080 conventu
679 2024 895 2094 publico
923 2029 1325 2096 pronuntialas,
1364 2040 1420 2085 et
1457 2045 1794 2100 quaecunque
1825 2031 1965 2084 hanc
2003 2037 2184 2083 nolam
2222 2042 2330 2096 pra:
2361 2041 2419 2080 se
2450 2041 2553 2079 non
2587 2023 2710 2089 fert,
2740 2041 2859 2080 eam
2889 2029 2958 2080 ob
2989 2025 3038 2078 id
3072 2024 3241 2078 solum
3271 2035 3454 2091 suspe-

185 2129 333 2174 ctam
359 2119 530 2174 videri
561 2119 776 2174 debere.

261 2209 480 2281 Legenti
508 2212 635 2266 mihi
672 2213 724 2266 id
746 2227 901 2284 opus,
943 2213 1084 2282 quod
1127 2211 1393 2267 edendum
1436 2214 1645 2267 curavit
1673 2212 1755 2266 vir
1791 2212 2136 2268 doctissimus
2177 2208 2457 2264 Baltliasar
2497 2208 2822 2274 Corderius,
2885 2211 3124 2263 occurrit
3165 2209 3452 2264 dillieultas

186 2303 334 2361 haud
366 2304 582 2373 exigua.
616 2303 749 2358 Nam
776 2305 1069 2358 maximam
1106 2314 1313 2373 partem
1338 2319 1524 2358 eorum
1559 2319 1677 2374 quae
1700 2305 1754 2358 in
1779 2303 2196 2359 Commentario
2227 2301 2494 2356 Theodori
2531 2299 2865 2356 Ileracleotae
2889 2301 3128 2371 legebam
3149 2346 3163 2369 ,
3212 2307 3452 2372 comperi

188 2400 327 2454 nihil
348 2399 490 2454 aliud
521 2414 642 2456 esse
666 2443 680 2466 ,
722 2401 822 2455 nisi
855 2401 1024 2466 ipsam
1062 2399 1242 2454 Basilii
1280 2402 1335 2453 in
1370 2396 1614 2454 Psalmos
1660 2399 2098 2469 explanationem
2121 2439 2137 2466 ,
2169 2398 2331 2467 idque
2362 2397 2428 2450 ad
2469 2396 2716 2451 verbum.
2747 2393 2990 2451 Verebar
3017 2412 3118 2450 una
3157 2410 3222 2449 ex
3259 2405 3449 2465 parte,

191 2495 657 2551 Cemmeutarium
694 2497 841 2551 illum
869 2496 1152 2552 Theodoro
1182 2498 1442 2557 adimere.
1474 2498 1542 2552 ob
1574 2508 1814 2553 veterum
1844 2497 2107 2552 librorum
2133 2497 2538 2561 auctoritatem,
2570 2497 2636 2551 ad
2663 2511 2892 2566 quorum
2921 2494 3081 2550 fidem
3108 2495 3210 2550 hoc
3237 2495 3285 2550 ei
3316 2509 3453 2566 opus

192 2591 454 2645 tributum
491 2603 573 2646 est
600 2611 613 2647 :
648 2609 713 2647 cx
741 2592 933 2659 altera,
968 2604 1245 2648 oratorum
1276 2594 1540 2663 optimum
1566 2593 1824 2648 Basilium
1850 2593 1976 2647 furti
2003 2592 2268 2647 dedecore
2297 2599 2459 2661 atque
2487 2590 2707 2644 infamia
2737 2605 3026 2660 aspergere
3054 2607 3160 2645 non
3185 2601 3447 2660 poteram.

193 2683 306 2738 Sed
340 2699 445 2739 non
477 2687 563 2740 diu
594 2703 888 2757 suspensus
920 2688 992 2742 fui
1021 2697 1074 2743 et
1113 2689 1373 2744 incertus.
1404 2687 1539 2742 Nam
1565 2690 1748 2743 statim
1776 2689 1972 2759 agnovi
1999 2687 2458 2744 Commentarium
2492 2703 2612 2742 eum
2644 2689 2734 2757 qui
2781 2689 3002 2743 nomine
3046 2687 3314 2743 Theodori
3346 2688 3452 2740 cir-

193 2777 517 2844 cumlertur,
542 2778 812 2834 Theodori
851 2782 1009 2834 unius
1036 2797 1171 2850 opus
1211 2797 1316 2836 non
1344 2798 1486 2847 esse,
1519 2783 1612 2836 sed
1641 2782 1956 2848 multorum,
1987 2781 2257 2852 Origenis,
2286 2781 2523 2846 Eusebii,
2558 2780 2743 2836 Basilii
2780 2782 2969 2850 ipsius,
3001 2782 3253 2851 Didymi,
3285 2779 3450 2834 Joan-

189 2867 278 2921 nis
307 2867 700 2939 Chrysostmni,
735 2870 1084 2936 Theodoreti,
1119 2881 1226 2927 etc.
1253 2871 1372 2928 Uno
1395 2873 1580 2938 verbo,
1613 2873 1886 2928 constabit
1909 2888 1972 2926 ex
1997 2873 2314 2942 praefatione
2335 2913 2350 2937 ,
2385 2871 2849 2926 Cornmeutarium
2877 2871 3139 2925 hactenus
3166 2870 3452 2924 Theodoro

189 2954 527 3012 Ileracleotae
557 2960 874 3016 attributum
904 2962 956 3015 in
979 2959 1303 3018 Catenarum
1329 2977 1554 3018 numero
1581 2965 1765 3033 reponi
1794 2964 1986 3020 merito
2014 2980 2190 3033 posse.
2217 2965 2296 3019 Ex
2320 2981 2429 3036 quo
2464 2965 2542 3031 fit,
2581 2974 2640 3019 ut
2665 2949 2898 3019 Basilius
2927 2975 3110 3019 uoster
3137 2964 3450 3036 longissime

188 3045 261 3100 ab
288 3049 432 3102 omni
459 3050 800 3118 espilationis
827 3053 1066 3122 furtique
1091 3054 1400 3123 suspicione
1425 3055 1616 3110 abesse
1638 3056 1849 3111 debeat.

262 3136 381 3190 Jam
414 3140 457 3192 si
489 3140 754 3209 quispiam
786 3153 1014 3218 quaerat,
1039 3159 1145 3212 quo
1170 3151 1433 3213 tempore,
1466 3159 1574 3214 quo
1600 3145 1719 3200 loco
1743 3147 1938 3200 habita:
1964 3147 2073 3202 sint
2099 3147 2201 3202 illa:
2233 3146 2416 3201 Basilii
2445 3149 2496 3201 iu
2529 3147 2772 3202 Psalmos
2802 3160 3087 3213 orationes,
3121 3157 3449 3218 respondere

190 3239 500 3299 promptum
531 3247 637 3286 non
673 3233 798 3286 erit.
833 3215 930 3288 vni
963 3235 1105 3289 enim
1137 3250 1199 3290 ea
1226 3235 1292 3290 de
1322 3250 1382 3290 re
1403 3236 1540 3290 certi
1571 3237 1868 3307 quidquam
1900 3239 2064 3292 statui
2109 3253 2269 3310 posse
2299 3239 2654 3294 arbitramur.
2680 3238 2948 3293 Malumus
2973 3248 3152 3292 autem
3187 3215 3254 3293 de
3288 3241 3450 3297 rebus

188 3322 376 3387 silere,
409 3337 568 3392 quam
596 3324 790 3379 falsum
826 3325 1028 3394 aliquid
1057 3337 1149 3380 aut
1178 3327 1444 3383 incertum
1477 3331 1852 3397 pronuntiare.

265 3415 438 3471 Nemo
475 3419 636 3488 paulo
668 3420 952 3476 humanior
979 3422 1174 3488 nescit,
1212 3422 1576 3488 Ambrosium,
1603 3439 1725 3478 cum
1751 3440 1879 3479 suos
1904 3425 1958 3477 in
1986 3423 2356 3479 Hexaemeron
2401 3425 2570 3481 libros
2600 3426 2898 3490 scriberet,
2941 3425 3206 3495 permulta
3237 3426 3303 3481 ad
3331 3440 3450 3481 ver.

191 3509 319 3564 bum
353 3524 384 3565 e
407 3510 607 3567 Basilio
631 3514 950 3581 sumpsisse.
983 3513 1091 3570 Sed
1122 3530 1226 3570 non
1252 3516 1324 3570 ita
1359 3524 1545 3570 uotum
1576 3527 1680 3581 est,
1712 3533 1834 3572 eum
1863 3517 1963 3571 hoc
1987 3517 2126 3571 idem
2156 3517 2368 3586 fecisse,
2401 3534 2524 3573 cum
2549 3517 2789 3588 psalmos
2823 3520 3087 3588 quosdam
3122 3521 3451 3591 interpreta-

192 3613 363 3658 retur.
396 3602 503 3657 Nec
535 3605 784 3675 cuiquam
812 3607 863 3661 id
897 3607 1088 3660 mirum
1123 3607 1290 3662 videri
1317 3606 1497 3673 debet,
1531 3623 1655 3663 cum
1683 3609 2002 3663 Ambrosius
2032 3610 2082 3663 in
2111 3609 2466 3679 explanandis
2495 3609 2726 3664 Psalmis
2748 3627 2856 3666 non
2891 3611 3058 3666 multa
3090 3613 3378 3667 admodum
3417 3630 3449 3669 a

192 3699 397 3754 Basilio
424 3709 698 3756 mutuatus
735 3702 823 3757 sit.
866 3703 1132 3768 Quoniam
1177 3713 1352 3758 tamen
1384 3719 1493 3760 non
1517 3706 1710 3760 desunt
1749 3705 1945 3774 quibus
1983 3706 2282 3773 jucundum
2331 3707 2402 3760 sit
2442 3716 2495 3760 et
2530 3716 2742 3773 gratum
2776 3718 3104 3771 cognoscere
3143 3705 3270 3771 quid
3304 3704 3446 3762 alius

191 3793 426 3860 scriptor
450 3793 518 3847 ab
547 3793 656 3848 alio
686 3796 996 3864 sumpserit,
1029 3795 1117 3850 illa
1152 3796 1424 3852 Ambrosii
1458 3797 1600 3861 loca,
1637 3797 2112 3865 quantulacunque
2141 3809 2288 3862 sunt,
2323 3814 2421 3853 suo
2454 3798 2572 3852 loco
2602 3798 2866 3851 adnotare
2896 3810 3004 3850 non
3039 3795 3263 3866 pigebit.

267 3881 465 3939 Videre
493 3894 576 3940 est
598 3885 649 3938 in
681 3885 889 3940 Latinis
912 3887 1242 3942 editionibus
1278 3889 1521 3959 quaedam
1549 3893 1604 3943 in
1635 3887 1874 3944 Psalmos
1912 3890 2126 3945 Scholia
2145 3930 2160 3955 ,
2191 3908 2310 3961 quae
2347 3893 2544 3948 Basilio
2572 3892 2912 3956 tribuuntur;
2941 3890 3035 3945 sed
3059 3891 3126 3945 de
3148 3891 3216 3945 iis
3243 3891 3451 3962 longius

193 3973 470 4031 disserere
499 3991 717 4031 necesse
743 3994 850 4032 non
879 3979 1110 4034 videtur.
1144 3978 1340 4034 Notum
1368 3990 1454 4036 est
1482 3981 1627 4036 enim
1663 3995 1727 4036 ea
1759 3981 2032 4044 epitomen
2065 3997 2186 4038 esse
2221 4001 2251 4038 e
2277 3983 2648 4056 Chrysostomi
2683 3994 2739 4038 et
2767 3983 3091 4038 Theodoreti
3119 3983 3274 4038 libris
3305 3983 3449 4038 male

192 4069 650 4127 consarcinatam.
679 4071 811 4126 Cum
841 4090 970 4145 ergo
999 4091 1064 4131 ea
1095 4076 1315 4132 Scholia
1349 4077 1402 4132 in
1445 4078 1646 4147 spuriis
1672 4087 1836 4146 atque
1874 4079 2192 4136 adulterinis
2224 4082 2348 4150 poni
2375 4091 2628 4150 Oportere
2659 4079 2933 4135 fateantur
2965 4093 3178 4144 omnes,
3203 4079 3254 4133 id
3284 4077 3450 4134 semel

189 4166 412 4214 notasse
433 4162 566 4216 satis
599 4163 942 4232 habebimus,
973 4182 1073 4222 nec
1114 4184 1338 4238 usquam
1376 4168 1607 4237 amplius
1637 4168 1702 4223 de
1725 4167 1792 4222 iis
1818 4171 2145 4227 mentionem
2187 4173 2350 4227 ullam
2381 4171 2660 4228 faciemus.
2694 4171 2827 4227 Nam
2867 4173 2921 4228 in
2965 4175 3126 4229 rebus
3148 4173 3450 4245 perspicuis

194 4258 437 4321 tempore
465 4253 791 4311 abutendum
825 4266 880 4312 et
903 4261 1236 4328 argumentis
1269 4275 1372 4314 non
1409 4270 1658 4330 putamus
1690 4257 1825 4332 (84).

630 4526 720 4580 EN

2541 4535 2793 4595 PATRIS
2829 4536 3079 4596 NOSTRI

666 4717 1277 4820 ,

2456 4736 2875 4830 BASILII,

1207 4930 1622 4997 ,

2125 4938 2385 4997 Caesareae
2409 4941 2763 5014 Cappadocia:
2790 4943 3205 5014 archiepiscopi,

1196 5093 1654 5162 ).
2951 5101 3271 5162 PRIMUM.

253 5221 310 5276 l.
1329 5221 1622 5294 ,

1938 5211 2049 5300 9O
2082 5231 2135 5286 l.
2174 5230 2364 5287 Omnis
2408 5231 2688 5304 Scriptura
2727 5244 2811 5290 est
2855 5235 3110 5292 divinitus
3143 5239 3403 5309 inspirata

1087 5313 1424 5384 ,
1459 5316 1546 5382 ,

1915 5328 2030 5387 ique
2061 5319 2206 5374 utilis
2235 5321 2304 5385 ,
2337 5321 2460 5376 ideo
2485 5336 2515 5376 a
2548 5321 2752 5392 Spiritu
2787 5333 2976 5380 sancto
3003 5329 3309 5397 conscripta
3338 5369 3352 5388 .
3382 5347 3435 5384 ut

871 5405 1111 5478 ,

1919 5412 2016 5465 :lut
2048 5411 2102 5466 in
2150 5412 2425 5466 communi
2463 5413 2766 5467 animarum
2802 5415 3166 5471 curandarum
3201 5415 3439 5484 officina,

179 5497 328 5567 [
1175 5495 1549 5569 .
1585 5499 1699 5571 "la;

1915 5516 1966 5555 us
2015 5515 2206 5557 omnes
2258 5511 2522 5572 quotquot
2564 5517 2752 5558 sumus
2798 5503 3045 5562 homines
3081 5505 3148 5561 ad
3189 5515 3435 5565 nostrum

330 5609 374 5663 ll
407 5609 548 5665 Tim.
669 5651 686 5676 ,
714 5611 802 5667 l6.

255 5703 372 5849 {83)
398 5705 611 5762 Tillem.
642 5721 766 5777 pag.
792 5707 920 5764 290.

283 5776 376 5848 84)
402 5774 486 5834 Cf.
515 5790 635 5834 can.
787 5776 917 5837 Viue
947 5777 1006 5835 8.
1042 5776 1234 5836 Basilii
1271 5787 1400 5837 tom.
1430 5777 1470 5835 l.
1517 5778 1676 5839 Eon.

1916 5709 2171 5849 lglfgSic
2207 5727 2338 5770 mss.
2365 5709 2593 5786 Atediti
3215 5729 3436 5787 patron

283 5776 376 5848 84)
402 5774 486 5834 Cf.
515 5774 738 5834 eam
787 5776 917 5837 Vilis
947 5777 1006 5835 8.
1042 5776 1234 5836 Basilii
1271 5787 1400 5837 tom.
1430 5777 1470 5835 l.
1517 5778 1676 5839 Eon.

787 5776 917 5837 Viue
947 5777 1006 5835 8.
1042 5776 1234 5836 Basilii
1271 5787 1400 5837 tom.
1430 5777 1470 5835 l.
1517 5778 1676 5839 Eon.
1861 5779 2096 5854 .
