3850 6218
444 295 545 352 2η

1754 308 1811 364 S.
1856 311 2097 366 BASlLll
2139 312 2351 367 MAGNI

446 419 693 473 morbum
746 422 1041 476 sanandum
1105 425 1367 479 medelam
1440 429 1671 492 seligere
1727 433 1991 499 possimus

2121 435 2248 500 γὰρ,
2281 435 2434 504 φησὶ,
2474 435 2846 488 καταπαύσει
2879 436 3162 505 ἁμαρτίας
3194 436 3487 506 μεγάλας.
3528 436 3714 491 Ἕλλα

447 508 713 564 Medicina
761 513 933 574 enim,
970 515 1146 583 inquit
1196 515 1477 587 Scriptura
1503 560 1517 583 ,
1552 521 1751 573 sedabit
1801 536 2009 588 peccata

444 617 635 670 magna
670 602 735 656 '°.
771 604 927 658 Aliud
968 605 1129 675 igitur
1166 609 1436 678 propheta:
1473 612 1695 671 docent.
1744 612 1883 666 aliud
1916 614 1996 666 hi-

442 692 654 756 storici,
687 694 831 747 aliud
863 695 944 750 lex
968 738 983 759 ,
1022 698 1165 751 aliud
1192 702 1398 767 species
1423 702 1538 769 ejus
1561 719 1679 771 qua:
1713 705 1763 757 in
1795 705 2013 759 Prover-

443 782 547 835 biis
573 782 844 838 invenitur
870 789 1281 845 exhortationis.
1312 793 1381 844 At
1422 794 1679 863 quidquid
1711 796 1762 848 in
1798 798 2009 850 caeteris

445 876 575 928 utile
607 885 685 929 est
709 915 725 941 ,
758 878 848 931 hic
894 896 1029 935 unus
1061 881 1396 937 Psalmorum
1436 886 1573 940 liber
1616 886 2009 956 complectitur.

444 964 781 1024 Vaticinatur
810 970 1010 1037 futura,
1044 976 1253 1030 animos
1283 988 1502 1031 revocat
1543 979 1607 1032 ad
1638 981 1875 1034 historia:
1900 996 2011 1034 mc-

442 1060 669 1115 moriam
693 1102 707 1126 ,
744 1066 1047 1131 prwscribit
1079 1067 1202 1121 vine
1238 1069 1579 1124 instituenda
1606 1072 1820 1125 modum
1850 1091 1863 1126 :
1891 1086 2011 1139 qua:

441 1162 566 1204 sunt
599 1155 803 1223 agenda
852 1162 1111 1227 suggerit.
1142 1161 1209 1215 Et
1238 1178 1345 1217 uno
1370 1164 1557 1229 verbo,
1584 1166 1717 1220 liber
1749 1168 1833 1220 hic
1861 1183 2007 1221 com-

445 1256 606 1298 mune
632 1247 901 1315 quoddam
937 1260 1019 1303 est
1058 1255 1209 1305 bona:
1242 1255 1498 1309 doctrina:
1538 1259 1961 1325 promptuarium
1993 1276 2008 1312 :

442 1336 534 1403 qui
561 1335 819 1406 quidquid
858 1342 1077 1395 cuilibet
1111 1344 1448 1411 profuturum
1480 1348 1582 1413 sit,
1617 1349 1901 1419 diligenter
1924 1351 2008 1404 of-

441 1422 563 1476 fert.
591 1423 723 1477 Nam
764 1429 1003 1496 antiquis
1035 1433 1340 1488 animarum
1369 1437 1682 1492 vulneribus
1714 1441 1954 1495 medetur
1992 1460 2004 1495 :

438 1522 741 1579 promptam
784 1532 951 1584 nuper
980 1521 1256 1577 vulnerato
1291 1526 1579 1580 sanitatem
1613 1530 1790 1582 reddit
1826 1548 1838 1584 :
1867 1532 2008 1599 quod

440 1614 641 1669 aegrum
674 1615 757 1658 est
785 1606 958 1672 fovet,
991 1613 1131 1679 quod
1178 1630 1306 1668 vero
1339 1616 1606 1671 incolume
1629 1628 1682 1671 et
1709 1619 2000 1689 integrum,

440 1705 744 1747 conservat.
774 1698 839 1751 Et
863 1701 1076 1755 tandem
1108 1704 1195 1757 hic
1225 1705 1377 1769 liber,
1414 1711 1588 1775 quoad
1621 1709 1735 1776 ejus
1766 1711 1879 1764 fleri
1906 1726 2005 1781 po-

440 1790 587 1845 test,
621 1800 815 1853 pravos
848 1802 1058 1845 coercet
1090 1793 1333 1859 allectus,
1370 1798 1460 1866 qui
1494 1814 1588 1867 per
1615 1800 1887 1854 hominum
1926 1802 2005 1854 vi-

440 1881 547 1926 tam
587 1875 637 1928 in
669 1879 877 1933 animos
907 1882 1053 1936 varie
1088 1896 1437 1951 grassantur:
1468 1897 1628 1957 atque
1659 1890 1709 1943 id
1733 1906 1853 1943 cum
1878 1905 2007 1945 cou-

436 1962 592 2015 cinna
636 1970 863 2032 quadam
906 1972 1172 2027 suavitate
1211 1985 1373 2044 atque
1421 1977 1697 2047 voluptate
1724 2019 1737 2042 ,
1769 1994 1889 2049 qua:
1918 1982 2007 2035 ho-

437 2064 619 2107 nestas
655 2057 935 2123 ingenerat
983 2064 1357 2131 cogitationes.
1399 2066 1610 2121 Etenim
1649 2070 1735 2122 ubi
1774 2068 2006 2139 Spiritus

437 2152 655 2199 Sanctus
702 2165 869 2217 genus
910 2151 1185 2207 hominum
1232 2158 1503 2226 perspexit
1544 2158 1607 2211 ad
1652 2160 2001 2215 excolendam

435 2233 685 2290 virtutem
711 2241 899 2294 adduci
928 2244 1013 2295 vix
1052 2260 1229 2311 posse,
1262 2258 1312 2302 et
1334 2266 1362 2301 a
1401 2251 1556 2305 nobis
1590 2252 1660 2305 ob
1684 2261 1921 2306 nostram
1949 2254 2002 2308 in

441 2326 770 2396 voluptatem
818 2336 1231 2401 pr0pensionem
1276 2339 1414 2393 viam
1461 2353 1666 2396 rectam
1695 2344 2000 2410 contemni,

436 2418 565 2483 quid
607 2420 753 2488 agit?
780 2422 1053 2493 Dogmatis
1099 2428 1394 2486 immiscuit
1434 2433 1728 2491 liarmonite
1772 2438 2002 2493 dulcedi-

436 2520 584 2569 nem,
631 2519 688 2563 ut
725 2526 905 2567 rerum
941 2518 1243 2572 auditarum
1268 2520 1601 2587 jucunditate
1632 2540 1695 2580 ac
1722 2528 2000 2583 dulcedine

432 2597 765 2669 eloquiorum
820 2607 1103 2663 utilitatem
1171 2614 1474 2670 nescientes
1543 2620 1995 2689 perciperemus:

432 2689 576 2745 haud
602 2692 760 2750 aliter
802 2706 963 2768 atque
1007 2701 1278 2769 sapientes
1315 2706 1545 2774 medici,
1576 2709 1669 2778 qui
1737 2725 2000 2767 nausean-

430 2784 574 2839 tibus
604 2788 875 2855 potionem
913 2795 1231 2849 amariorem
1275 2797 1484 2865 daturi,
1524 2802 1721 2870 amplus
1768 2804 1995 2860 calicem

431 2877 591 2933 melle
622 2880 1052 2941 circumliniunt.
1083 2887 1208 2941 Ideo
1250 2890 1503 2947 concinni
1541 2893 1616 2946 illi
1664 2895 1995 2963 psalmorum

430 2979 729 3028 concentus
777 2975 1069 3045 exeogitati
1122 2979 1278 3034 nobis
1320 2991 1476 3047 sunt,
1509 2992 1567 3037 ut
1611 2984 1649 3039 ii
1703 2986 1794 3054 qui
1843 2988 1995 3055 pueri

427 3072 555 3114 sunt
576 3071 750 3128 aetate,
781 3076 874 3119 aut
899 3069 1060 3120 etiam
1083 3071 1302 3124 omnino
1335 3072 1576 3127 moribus
1602 3078 1990 3144 suntjuvenes,
2020 3097 2062 3154 ί]

429 3151 556 3206 dum
588 3154 640 3207 in
662 3156 896 3223 speciem
937 3159 1153 3226 quidem
1178 3170 1429 3227 cantant,
1462 3165 1633 3233 reipsa
1666 3174 1841 3220 tamen
1874 3170 1989 3222 ani-

434 3259 551 3298 mas
579 3246 833 3301 erudiant
864 3262 1009 3303 suas.
1046 3248 1145 3303 Vix
1183 3252 1329 3305 enim
1365 3268 1598 3321 unquam
1633 3272 1768 3312 unus
1804 3259 1996 3328 aliquis

426 3349 457 3388 e
486 3336 666 3390 multis
702 3348 756 3391 et
804 3353 869 3393 ex
911 3340 1187 3396 desidibus
1235 3342 1513 3411 discessit,
1549 3347 1637 3415 qui
1672 3358 1993 3419 prazceptum

429 3430 786 3496 apostolicum
819 3441 912 3485 aut
940 3434 1309 3502 propheticum
1342 3440 1599 3493 memoria
1636 3440 1866 3495 retineat
1895 3460 1908 3495 :
1940 3453 1997 3497 at

425 3521 756 3588 psalmorum
780 3523 994 3577 oracula
1021 3536 1073 3579 et
1106 3526 1248 3579 domi
1279 3528 1637 3593 modulantur,
1668 3541 1723 3586 et
1746 3531 1799 3586 in
1819 3531 1992 3587 forum

427 3613 840 3669 circumferunt.
870 3615 935 3669 Et
956 3616 1168 3670 etiamsi
1199 3618 1319 3686 quis
1354 3619 1405 3671 in
1440 3620 1565 3675 fera:
1600 3623 1817 3677 modum
1839 3623 1994 3679 valde

428 3713 644 3770 mstuet,
680 3705 768 3759 ubi
801 3705 1020 3775 psalmis
1051 3707 1342 3763 demulceri
1375 3712 1621 3779 coeperit,
1654 3715 1834 3769 statim
1860 3730 1989 3770 con-

422 3796 596 3864 sepita
620 3808 715 3862 per
742 3794 1022 3850 melodiam
1047 3796 1209 3851 animi
1236 3798 1448 3853 feritate
1473 3800 1607 3855 abit.

492 3886 547 3940 2.
589 3886 836 3941 Psalmus
889 3886 1248 3955 tranquillitas
1312 3902 1394 3942 cst
1442 3892 1782 3957 animarum,
1840 3895 1991 3964 pacis

423 3978 649 4041 arbiter,
720 3977 1074 4031 tumultuosas
1142 3979 1585 4049 turbulentasque
1637 3984 1991 4053 cogitationes

420 4069 739 4139 compescit.
793 4068 859 4125 Ut
886 4073 1132 4141 reprimit
1172 4074 1676 4128 excandescentiam
1719 4087 1773 4130 et
1824 4078 1987 4131 animi

422 4161 862 4225 concitationem,
922 4162 993 4215 ita
1057 4163 1334 4217 lasciviam
1406 4163 1661 4221 refrenat.
1709 4165 1989 4223 Amicitias

422 4254 675 4309 conciliat
706 4254 975 4322 psalmus:
1018 4256 1291 4310 consociat
1325 4256 1647 4310 dissidentes
1673 4296 1688 4320 ,
1722 4257 1862 4311 inter
1890 4260 1989 4312 ini-

423 4346 593 4401 micos
647 4347 876 4417 gratiam
938 4346 1233 4416 componit.
1264 4346 1395 4412 Quis
1449 4347 1589 4399 enim
1634 4347 1808 4403 adhuc
1863 4365 1984 4403 eum

423 4453 653 4508 quocum
690 4453 851 4491 unam
885 4437 952 4492 ad
987 4437 1152 4493 Deum
1188 4453 1372 4491 vocem
1404 4439 1604 4501 emisit,
1631 4438 1747 4494 loco
1785 4441 1987 4494 inimici

422 4533 623 4586 habere
652 4530 854 4599 possit?
880 4529 1064 4598 Itaque
1095 4539 1148 4583 et
1188 4529 1450 4584 bonorum
1485 4531 1774 4584 maximum
1816 4533 1988 4586 chari-

423 4632 588 4678 tatem
629 4620 881 4674 conciliat
910 4619 1236 4687 psalmorqu
1273 4629 1464 4675 cantus
1487 4661 1502 4686 ,
1545 4620 1636 4689 qui
1666 4633 1984 4677 concentum

426 4728 527 4769 ceu
553 4710 816 4780 quoddam
859 4710 963 4780 91
992 4710 1265 4764 vinculum
1299 4711 1364 4764 ad
1412 4712 1751 4766 concordiam
1802 4714 1985 4768 ineun-

417 4806 542 4860 dam
573 4802 841 4858 adinvenit
867 4842 882 4867 ,
930 4801 1292 4871 populumque
1322 4802 1397 4877 ad
1439 4802 1587 4857 chori
1635 4803 1793 4857 unius
1837 4819 1981 4875 sym-

416 4896 675 4968 phoniam
709 4904 1018 4965 congregat.
1077 4893 1357 4949 Daemones
1408 4894 1645 4962 psalmus
1681 4895 1850 4965 fugat,
1889 4913 1979 4952 ac-

419 4985 588 5042 cersit
655 4983 966 5052 angelorum
1039 4982 1425 5050 patrocinium;
1490 4981 1760 5035 ministrat
1829 4996 1979 5036 arma

415 5085 608 5134 contra
636 5083 931 5130 nocturnos
976 5072 1226 5136 timores,
1274 5072 1585 5126 diurnorum
1638 5073 1873 5128 laborum
1900 5086 1982 5130 est

417 5165 679 5233 requies:
730 5161 1015 5215 infantium
1069 5161 1351 5227 securitas,
1402 5172 1778 5216 ornamentum
1825 5162 1980 5232 juve-

475 5299 715 5355 “Eccle.
744 5314 777 5352 x
795 5338 810 5364 ,
838 5298 893 5352 ι.

489 5434 602 5507 (86)
637 5434 770 5507 Reg.
802 5435 1079 5507 secundus
1107 5436 1388 5507 ἐπανάγει.
1421 5435 1618 5507 Ibidem
1661 5435 1978 5507 in‘utraque

421 5504 659 5561 editione
694 5505 858 5559 Basil.
884 5516 938 5558 et
979 5505 1148 5558 Paris.
1202 5508 1269 5557 ita
1319 5506 1530 5572 legitur,
1576 5504 1970 5574 ἐπανόρθωσιν·

418 5577 517 5631 καὶ
541 5574 601 5628 τὸ
620 5576 905 5644 νενοσηκὸς
928 5578 1306 5652 περιποιεῖται.
1350 5575 1590 5652 Sed_illa,
1623 5575 1714 5652 καὶ
1735 5573 1814 5652 τό,
1846 5586 1979 5652 ete.,

425 5645 481 5700 in
510 5646 711 5722 nostris
736 5661 872 5722 mss.
896 5660 1000 5698 non
1049 5648 1404 5722 reperiuntur.
1436 5644 1662 5722 Unde-si
1703 5646 1785 5722 cui
1834 5645 1982 5695 vide-

428 5721 618 5770 rentur
647 5714 1009 5771 additamenta
1039 5730 1157 5770 esse
1203 5715 1566 5779 librariorum,
1602 5715 1653 5768 in
1700 5714 1814 5780 ejus
1854 5728 1981 5769 sen-

2119 527 2217 594 μὲν
2246 522 2337 579 οὖν
2375 528 2647 595 προφῆται
2710 526 3038 591 παιδεύουσι,
3083 529 3175 581 καὶ
3217 529 3349 584 ἄλλα
3403 531 3711 599 ἱστορικοὶ,

2117 618 2209 668 καὶ
2240 620 2268 669 ό
2296 618 2458 686 νόμος
2490 620 2673 688 ἕτερα,
2706 620 2799 672 καὶ
2832 619 2966 673 ἄλλα.
2992 621 3053 673 τὸ
3087 616 3224 684 εἶδος
3252 622 3350 692 τῆς
3394 640 3713 692 amputata-

2116 708 2217 775 κῆς
2242 708 2632 779 παραινέσεως.
2689 711 2753 762 Ἦ
2785 710 2840 762 δὲ
2871 710 2978 763 τῶν
3022 711 3261 781 Ψαλμῶν
3304 712 3492 781 βίϐλος
3534 713 3609 764 τὸ
3653 714 3710 765 ὲκ

2115 798 2332 852 πάντων
2382 800 2655 869 ὠφέλιμον
2695 802 3033 872 περιείληφε.
3079 803 3415 873 Προφητεύει
3464 803 3537 856 τά
3577 804 3710 872 μέλε

2114 891 2307 943 λοντα·
2345 892 2583 960 ἱστορίας
2618 893 3053 962 ὑπομιμνήσκει·
3104 892 3379 963 νομοθετεῖ
3426 892 3511 963 τῷ
3566 894 3705 963 βξφ-

2115 982 2423 1035 ὑποτίθεται
2457 984 2524 1036 τά
2556 984 2803 1052 πρακτέα
2826 1000 2839 1013 ·
2878 985 2973 1037 καὶ
3021 983 3354 1049 ἁπαξαπλῶς
3390 986 3586 1038 κοινὸν
3616 1004 3711 1038 τα-

2116 1073 2286 1142 μιεῖόν
2321 1077 2466 1127 ἐστιν
2488 1074 2707 1142 ἀγαθῶν
2730 1075 3072 1145 διδαγμάτων
3090 1115 3105 1139 ,
3126 1076 3184 1129 τὸ
3212 1077 3429 1147 ἑκάστῳ
3462 1078 3573 1147 πρέ
3585 1095 3710 1145 σφο-

2114 1182 2205 1236 ρον
2251 1165 2393 1218 κατά
2441 1166 2538 1236 τὴν
2568 1168 2883 1236 ἐπιμέλειαν
2913 1167 3317 1239 ἐξευρίσκουσα.
3350 1169 3435 1220 Τά
3478 1185 3541 1220 τε
3596 1168 3709 1238 γὰρ

2114 1255 2318 1309 παλαιά
2351 1256 2635 1327 τραύματα
2684 1258 2791 1311 τῶν
2833 1259 3017 1328 ψυχῶν
3050 1259 3285 1324 ὲξιᾶται,
3334 1259 3431 1312 καὶ
3467 1259 3550 1329 τῷ
3588 1276 3705 1311 νεο-

2112 1345 2303 1417 τρώτῳ
2327 1349 2547 1417 ταχεῖαν
2572 1350 2765 1417 ἐπάγει
2798 1350 2906 1419 (86)
2937 1350 3033 1421 τὴν
3060 1351 3432 1421 ἐπανόρθωσιν
3455 1393 3472 1416 ,
3506 1352 3614 1404 καὶ
3646 1353 3709 1403 τὸ

2112 1438 2396 1506 νενοσηκὸς
2439 1443 2833 1509 περιποιεῖται,
2884 1442 2977 1493 καὶ
3022 1441 3082 1493 τὸ
3113 1442 3368 1512 ἀκέραιον
3399 1442 3699 1505 διασώζει’

2111 1528 2202 1579 καὶ
2232 1528 2367 1592 ὅλως
2395 1528 2603 1599 ἐξαιρεῖ
2628 1531 2696 1584 τὰ
2725 1531 2891 1602 πάθη,
2919 1532 3037 1585 καθ’
3065 1534 3186 1585 ὅσον
3218 1528 3329 1586 οἷόν
3366 1551 3453 1596 τε,
3485 1534 3562 1587 τὰ
3590 1552 3709 1588 ποι-

2108 1618 2276 1682 κίλως
2299 1624 2417 1683 ταῖς
2440 1622 2639 1691 ψυχαῖς
2668 1624 2724 1675 ἐν
2752 1624 2827 1693 τῷ
2864 1622 2962 1695 βίῳ
2994 1624 3100 1678 τῶν
3135 1624 3438 1695 ἀνθρώπιον
3468 1626 3703 1681 ἐνδυνα-

2112 1710 2371 1763 στεύοντα
2399 1729 2410 1741 ·
2440 1713 2535 1765 καὶ
2566 1712 2723 1767 τοῦτο
2769 1713 2907 1784 μετά
2937 1732 3081 1776 τινος
3106 1716 3467 1784 ψυχαγωγίας
3513 1719 3703 1787 ἐμμε-

2108 1800 2233 1864 λοῦς
2288 1803 2379 1855 καὶ
2440 1804 2632 1875 ἡδονῆς
2696 1805 2948 1877 σώφρονα
3008 1806 3262 1876 λογισμὸν
3326 1806 3699 1876 ἐμποιούσης.

2121 1892 2338 1963 Ἐπειδὴ
2396 1893 2504 1965 γὰρ
2554 1891 2659 1947 εἶδε
2707 1896 2768 1949 τὸ
2817 1895 3039 1966 Πνεῦμα
3076 1896 3134 1948 τὸ
3175 1896 3325 1964 ἆγιον
3365 1896 3700 1963 δυσάγωγον

2107 1980 2242 2050 πρὸς
2263 1982 2463 2053 ἀρετὴν
2491 1982 2552 2035 τὸ
2578 1983 2731 2052 γένος
2757 1984 2861 2038 τῶν
2888 1985 3208 2058 ἀνθρώπων,
3228 1987 3321 2039 καὶ
3348 1985 3438 2038 διὰ
3463 1986 3527 2038 τὸ
3550 1986 3701 2057 πρὸς

2106 2071 2296 2143 ἡδονὴν
2356 2075 2654 2145 ὲπιῤῥεπὲς
2706 2076 2798 2129 τοῦ
2849 2075 3009 2147 ὀρθοῦ
3072 2077 3185 2146 βίου
3240 2076 3697 2149 καταμελοῦντας

2105 2165 2285 2234 ἡμᾶς’
2348 2166 2399 2217 τί
2432 2169 2606 2232 ποιεῖ;
2642 2167 2714 2220 Τὸ
2764 2170 2829 2221 ὲκ
2863 2170 2961 2240 τῆς
2989 2169 3252 2240 μελῳδίας
3294 2170 3535 2239 τερπνὸν
3581 2171 3696 2231 τοῖς

2102 2252 2364 2324 δόγμασιν
2401 2256 2774 2326 ἐγκατέμιξεν,
2811 2258 2897 2311 ἵνα
2921 2257 2997 2328 τῷ
3027 2259 3284 2329 προσηνεῖ
3311 2259 3405 2312 καὶ
3434 2258 3569 2327 λείῳ
3591 2261 3695 2327 τῆς

2102 2345 2271 2415 ἀκοῆς
2298 2346 2357 2399 τὸ
2386 2348 2448 2400 ὲκ
2477 2347 2585 2401 τῶν
2618 2349 2791 2417 λόγων
2827 2349 3096 2420 ὠφέλιμον
3137 2349 3511 2412 λανθανόντως
3550 2350 3689 2401 ὑπο-

2100 2434 2377 2505 δεξώμεθα
2396 2453 2407 2465 ·
2432 2438 2571 2491 κατὰ
2593 2440 2718 2502 τοὺς
2742 2440 2936 2508 σοφοὺς
2956 2441 3065 2493 τῶν
3088 2440 3301 2511 ἰατρῶν,
3323 2441 3394 2501 οἳ,
3416 2439 3533 2492 τῶν
3554 2455 3691 2510 φαρ-

2104 2528 2290 2595 μάκων
2313 2528 2382 2581 τά
2416 2530 2791 2600 αὐστηρότερα
2825 2532 2996 2583 πίνειν
3030 2532 3260 2595 διδόντες
3298 2534 3410 2594 τοῖς
3450 2531 3687 2584 κακοσί-

2098 2631 2232 2677 τοις,
2265 2616 2439 2686 μέλιτι
2486 2618 2744 2682 πολλάκις
2793 2618 2890 2689 τὴν
2932 2619 3127 2673 κύλικα
3166 2620 3534 2690 περιχρίουσι.
3588 2617 3687 2670 Διά

2096 2703 2255 2756 τοῦτο
2282 2705 2349 2757 τὰ
2388 2707 2683 2777 ὲναρμόνια
2723 2708 2895 2762 ταῦτα
2949 2709 3083 2779 μέλη
3116 2710 3225 2762 τῶν
3272 2709 3507 2779 ψαλμῶν
3553 2710 3687 2779 ἡμῖν

2097 2793 2458 2865 ἐπινενόηται,
2489 2797 2575 2849 ἵνα
2620 2799 2669 2849 οἱ
2719 2798 2829 2869 (87)
2878 2799 3064 2862 παῖδες
3096 2799 3193 2869 τὴν
3220 2800 3469 2869 ἠλικίαν,
3508 2801 3543 2871 ἢ
3593 2802 3686 2852 καὶ

2096 2883 2232 2947 ὅλως
2271 2888 2319 2937 οί
2346 2889 2527 2957 νεαροὶ
2554 2889 2612 2941 τὸ
2639 2885 2788 2959 ἦθος,
2810 2889 2888 2959 τῷ
2921 2890 3019 2960 μὲν
3051 2890 3224 2943 δοκεῖν
3261 2890 3583 2960 μελῳδῶσι,
3617 2894 3682 2959 τῇ

2094 2974 2152 3029 δὲ
2177 2976 2403 3047 ἀληθεία
2423 2978 2520 3040 τὰς
2549 2979 2724 3049 ψυχὰς
2750 2979 3193 3034 ὲκπαιδεύωνται.
3224 2979 3365 3036 Οὔτε
3402 2979 3520 3051 γὰρ
3544 2982 3683 3033 ἀπο-

2099 3067 2340 3121 στολικὸν
2362 3087 2443 3133 τις
2473 3070 2594 3123 οὗτε
2622 3072 2955 3142 προφητικὸν
2995 3072 3363 3143 παράγγελμα
3391 3073 3505 3125 τῶν
3548 3074 3679 3125 πολ-

2099 3155 2205 3209 λῶν
2261 3158 2355 3210 καὶ
2408 3158 2666 3229 ῥᾳθύμων
2721 3160 2917 3229 ῥᾳδίως
2968 3161 3097 3214 ποτὲ
3150 3165 3214 3231 τῇ
3266 3164 3456 3234 μνήμῃ
3505 3180 3681 3216 κατα-

2098 3245 2240 3315 σχὼν
2286 3246 2395 3316 (88)
2456 3248 2696 3317 ἀπῆλθε
2744 3250 2812 3303 τά
2854 3249 2911 3302 δὲ
2959 3250 3067 3303 τῶν
3103 3251 3330 3321 ψαλμῶν
3384 3252 3545 3319 λόγια
3587 3252 3680 3303 καὶ

2095 3340 2215 3389 κατ’
2249 3334 2395 3392 οἶκον
2429 3339 2743 3409 μελῳδοῦσι,
2799 3342 2894 3394 κα.)¹
2927 3342 3019 3395 ἐπὶ
3050 3342 3150 3412 τῆς
3190 3343 3396 3415 ἀγορᾶς
3442 3342 3680 3414 περιφέ-

2096 3445 2250 3498 ρουσι
2269 3445 2282 3458 ·
2321 3429 2414 3481 καί
2438 3430 2538 3481 πού
2570 3448 2651 3494 τις
2681 3431 2788 3484 τῶν
2824 3432 3027 3502 σφόδρα
3054 3432 3548 3503 ἐκτεθηριωμὲνων
3577 3428 3680 3485 ὑπὸ

2094 3520 2288 3590 θυμοῦ,
2325 3522 2540 3575 ὲπειδάν
2585 3522 2814 3593 ἄρξηται
2868 3523 2950 3593 τῷ
2989 3523 3188 3595 ψαλμῷ
3242 3523 3679 3595 κατεπᾴδεσθαι,

2093 3612 2332 3683 ἀπῆλθεν
2384 3613 2569 3677 εὐθὺς,
2598 3616 2658 3666 τὸ
2690 3616 2937 3685 ἀγριαῖον
2981 3616 3082 3685 τῆς
3119 3616 3295 3687 ψυχῆς
3330 3619 3397 3688 τῇ
3435 3615 3680 3687 μελῳδίᾳ

2094 3703 2491 3775 κατακοιμίσας
2520 3704 2649 3776 (89).

2160 3886 2214 3940 Ξ.
2243 3886 2474 3957 Ψαλμὸς
2506 3885 2713 3959 γαλήνη
2746 3887 2960 3958 ψυχῶν,
2991 3887 3291 3960 βραδευτὴς
3332 3890 3588 3961 εἰρήνης,
3619 3892 3677 3944 τὸ

2091 3979 2352 4049 θορυϐοῦν
2378 3982 2470 4033 καὶ
2516 3984 2777 4051 κυμαῖνον
2810 3981 2916 4035 τῶν
2956 3980 3227 4052 λογισμῶν
3266 3983 3673 4039 καταστέλλων.

2089 4069 2373 4123 Μαλάσσει
2410 4070 2508 4141 μὲν
2554 4071 2663 4141 γὰρ
2689 4070 2788 4140 τῆς
2814 4070 2988 4141 ψυχῆς
3030 4072 3089 4123 τὸ
3118 4071 3459 4142 θυμούμενον
3477 4114 3493 4139 ,
3528 4076 3593 4127 τὸ
3620 4074 3676 4127 δὲ

2088 4160 2384 4215 ἀκόλαστον
2425 4162 2763 4231 σωφρονίζει.
2808 4162 3037 4233 Ψαλμὸς
3093 4162 3273 4231 φιλίας
3330 4166 3673 4234 συναγωγὸς,

2088 4252 2279 4315 ’ἐνωσις
2318 4253 2640 4318 διεστώτων,
2676 4253 3067 4324 ὲχθραινόντων
3110 4253 3544 4325 διαλλακτήριον.
3579 4258 3674 4319 Τίς

2089 4342 2200 4412 γὰρ
2226 4341 2305 4395 ἔτι
2331 4342 2522 4413 ἐχθρὸν
2544 4342 2793 4413 ἡγεῖσθαι
2825 4342 3047 4395 δύναται
3083 4342 3199 4412 μεθ’
3228 4336 3290 4395 οὗ
3323 4344 3452 4413 μίαν
3482 4346 3670 4414 ἀφῆκε

2025 4432 2065 4485 D
2094 4432 2229 4505 πρὸς
2251 4434 2382 4487 Θεὸν
2414 4434 2511 4505 τὴν
2552 4438 2772 4506 φωνήν;
2824 4437 2984 4488 Ὥστε
3019 4437 3111 4488 καὶ
3154 4436 3215 4488 τὸ
3266 4438 3532 4506 μέγιστον
3564 4439 3670 4490 τῶν

2094 4523 2313 4591 ἀγαθῶν
2359 4525 2457 4595 τὴν
2489 4526 2709 4597 ἀγάπην
2741 4528 2773 4596 ἡ
2805 4525 3095 4597 ψαλμῳδία
3142 4527 3460 4598 παρέχεται,
3505 4531 3671 4582 οἱονεὶ

2094 4614 2386 4685 σύνδεσμόν
2433 4633 2551 4669 τινα
2580 4617 2715 4689 πρὸς
2753 4618 2849 4687 τὴν
2882 4618 3071 4670 ἕνωσιν
3108 4619 3205 4688 τὴν
3242 4619 3503 4689 συνῳδίαν
3548 4624 3665 4674 ἑπι-

2090 4707 2347 4776 νοήσασα,
2409 4708 2501 4760 κα)¹
2555 4710 2634 4771 είς
2682 4708 2798 4772 ἐνὸς
2830 4709 2990 4780 χοροῦ
3042 4709 3354 4778 συμφωνίαν
3403 4711 3496 4764 τὸν
3540 4712 3667 4766 λαὸν

2092 4796 2524 4866 συναρμόζουσα.
2572 4798 2801 4868 Ψαλμὸς
2860 4800 3125 4871 δαιμόνων
3196 4801 3662 4873 φυγαδευτήριον,

2084 4887 2183 4957 τῆς
2212 4887 2319 4939 τῶν
2351 4888 2595 4957 ἀγγέλων
2618 4890 2865 4960 βοηθείας
2888 4894 3147 4961 ἐπαγωγή
3165 4907 3178 4920 ⁸
3201 4892 3362 4945 ὅπλον
3390 4895 3448 4946 ἐν
3478 4897 3662 4964 φόϐοις

2088 4982 2440 5048 νυκτερινοῖς,
2489 4980 2793 5045 ἀνάπαυσις
2846 4983 3028 5035 κόπων
3076 4986 3384 5055 ἡμερινῶν·
3446 4990 3660 5058 νηπίοις

2086 5072 2351 5141 ἀσφάλεια
2372 5114 2389 5141 ,
2415 5076 2753 5145 ἀκμάζουσιν
2779 5077 3204 5148 ὲγκαλλώπισμα
3222 5120 3238 5145 ,
3264 5080 3657 5153 πρεσϐυτέροις

2088 5165 2424 5235 παρηγορία,
2458 5168 2670 5235 γυναιξὶ
2691 5168 2891 5239 κόσμος
2919 5169 3338 5239 ἀρμοδιώτατος.
3385 5171 3500 5235 Τὰς
3532 5175 3657 5243 ἐρη-

2087 5435 2306 5490 tentiam
2335 5433 2489 5487 facile
2515 5431 2887 5485 concederem.

2159 5504 2270 5572 (87)
2301 5503 2523 5555 Codices
2547 5504 2660 5572 duo
2684 5500 2759 5562 ὡς
2786 5500 2857 5572 οἱ.

2158 5569 2268 5644 (88)
2307 5572 2455 5644 Unus
2475 5587 2505 5624 e
2531 5570 2855 5624 Colbertinis
2904 5569 3365 5644 παρακατασχὼν.

2160 5643 2271 5715 (89)
2307 5642 2487 5697 Codex
2516 5657 2652 5696 unus
2675 5641 3097 5711 κατακοιμήσας.

3608 316 3716 372 eis
3804 280 3805 293 Ν
