3850 6218
206 315 336 374 215

1446 317 1734 374 ιιοιιιιιΑ
1769 317 1837 372 IN
1878 304 2210 382 PSALMmi
2241 327 2283 382 ι.

3372 322 3478 377 214

211 432 362 503 μίας
407 431 622 496 οἰκίζει,
685 430 786 495 τὰς
841 414 1466 505 ἀγοράς-σωφρονίζει·
1524 434 1796 506 εἰσαγομέ-

1916 455 2068 508 ηιιιη,
2099 457 2287 498 senum
2315 442 2614 498 consolatio
2634 483 2649 509 ,
2680 442 3248 498 convenientissimum
3282 441 3477 496 mulie-

209 541 340 587 νοις
361 523 471 595 (90)
494 524 847 594 στοιχείωσις,
871 525 1287 594 προκοπτόντων
1307 526 1553 598 αὔξησις,
1578 528 1809 581 τελειου-

215 616 406 686 μένων
429 616 723 685 στήριγμα,
741 613 1065 686 Ἐκκλησίας
1093 617 1262 686 φωνή.
1295 611 1464 682 Οῦτος
1493 618 1590 682 τὰς
1619 617 1810 690 ἑορτὰς

214 705 508 778 φαιδρύνει
533 746 548 771 ,
574 701 728 768 οὗτος
763 706 882 778 τὴν,
904 706 1046 759 κατὰ
1083 707 1214 760 Θεὸν
1255 708 1429 779 λύπην
1468 709 1806 781 δημιουργεῖ.

211 799 456 869 Ψαλμὸς
483 798 592 871 γὰρ
624 800 718 852 καὶ
742 802 806 853 ἐκ
827 798 1035 869 λιθίνης
1068 800 1177 871 (9i)
1205 801 1435 872 καρδίας
1463 801 1695 873 δάκρυον
1720 804 1811 855 ἐκ-

220 891 504 944 καλεῖται·
537 891 757 962 ψαλμὸς
795 891 854 944 τὸ
897 891 1005 945 τῶν
1051 893 1298 962 ἀγγέλων
1329 893 1508 965 ἔργον,
1552 895 1613 947 τὸ
1641 895 1809 966 οὐρά-

215 999 341 1038 νιον
370 981 708 1052 πολίτευμα,
742 983 804 1036 τὸ
852 985 1220 1054 πνευματικὸν
1250 985 1539 1057 θυμίαμα.
1601 987 1664 1038 Ὢ
1710 986 1811 1057 τῆς

219 1074 403 1144 σοφῆς
430 1074 671 1138 ἐπινοίας
702 1074 796 1128 τοῦ
829 1074 1171 1141 διδασκάλου,
1205 1076 1340 1147 ὁμοῦ
1369 1094 1429 1130 τε
1477 1076 1625 1148 ᾄδειν
1659 1079 1809 1148 ἡμᾶς

220 1166 326 1221 καὶ
370 1167 440 1220 τὰ
464 1166 714 1238 λυσιτελῆ
759 1168 1048 1238 μανθάνειν
1081 1168 1507 1238 μηχανωμένουί
1555 1169 1675 1222 ὅθεν
1716 1170 1808 1223 καὶ

224 1256 432 1328 μᾶλλόν
456 1275 568 1320 πως
590 1255 910 1312 ἐντυποῦται
927 1257 1036 1329 (92)
1049 1261 1169 1322 ταῖς
1190 1259 1464 1330 ψυχαῖςτά
1480 1260 1802 1330 διδάγματα.

220 1347 414 1403 Βίαιον
458 1349 555 1420 μὲν
613 1349 722 1420 γὰρ
771 1350 1001 1421 μάθημα
1049 1351 1111 1404 ού
1168 1351 1378 1421 πέφυκε
1442 1354 1802 1425 παραμένειν,

221 1441 295 1496 τά
323 1442 379 1494 δέ
410 1442 547 1513 μετὰ
575 1443 819 1516 τέρψεως
846 1445 941 1498 καὶ
983 1445 1202 1516 χάριτος
1230 1445 1548 1516 εἰσδυόμενα
1580 1447 1688 1517 (95)
1717 1464 1808 1518 μο-

219 1532 528 1604 νιμώτερόν
566 1551 685 1598 πως
719 1537 840 1598 ταῖς
871 1534 1070 1604 ψυχαῖς
1115 1535 1272 1607 ἡμῶν
1316 1536 1568 1602 ὲνιζάνει.
1605 1538 1669 1590 Τί
1699 1539 1807 1610 γάρ

218 1625 324 1676 οὐκ
369 1623 436 1676 ἂν
486 1624 678 1694 μάθοις
742 1625 1018 1692 ἐντεῦθεν;
1075 1627 1136 1678 οὐ
1188 1627 1288 1698 τῆς
1340 1627 1560 1699 ἀνδρίας
1604 1627 1665 1680 τὸ
1708 1645 1807 1697 με-

218 1715 598 1786 γαλοπρεπές;
648 1717 709 1769 οὐ
747 1716 848 1788 τῆς
908 1717 1252 1788 δικαιοσύνης
1314 1717 1376 1772 τὺ
1443 1719 1703 1790 ἀκριϐές;
1741 1721 1796 1772 ού

1913 1737 2018 1778 non
2111 1723 2316 1793 queas?
2387 1737 2566 1778 nonne
2647 1721 2986 1777 fortitudinis

1911 549 2028 588 rum
2059 536 2242 600 decus,
2281 534 2590 604 frequentat
2613 535 2964 601 solitudines,
3000 533 3172 588 forum
3206 533 3475 588 emendat.

1912 621 2160 679 Psalmus
2207 625 2591 694 incipientibus
2636 625 2847 679 initium
2905 632 3024 690 est,
3087 625 3477 678 incrementum

1912 715 2342 786 proﬁcientibus,
2381 717 2636 786 perfectis
2659 717 3057 771 ﬁrmamentum
3088 733 3103 781 ;
3140 731 3244 772 vox
3268 725 3350 770 est
3379 714 3481 767 Ec-

1910 808 2090 887 clesia;
2123 827 2138 862 :
2173 809 2408 864 laetiﬁcat
2453 809 2568 864 dies
2599 807 2765 864 festos
2795 826 2810 862 :
2855 823 2975 864 eam
3013 823 3136 878 quae
3185 807 3478 863 secundum

1909 899 2076 955 Deum
2096 910 2198 967 est,
2216 900 2488 956 tristitiam
2505 910 2674 955 creat.
2698 901 2992 955 Enimvero
3012 899 3252 969 psalmus
3271 913 3302 953 c
3317 899 3482 954 cordo

1910 992 2121 1061 lapideo
2144 994 2252 1048 ciet
2284 993 2568 1064 lacrymas.
2600 993 2842 1048 Psalmus
2870 992 3180 1062 angelorum
3209 1004 3344 1058 opus
3371 998 3477 1052 est,

1913 1083 2154 1137 caelestis
2179 1084 2544 1147 conversatio,
2569 1083 2850 1152 spirituale
2873 1082 3188 1152 thymiama.
3205 1079 3482 1150 Osapiens

1915 1175 2156 1245 magistri
2185 1177 2489 1242 inventum,
2519 1177 2608 1244 qui
2633 1185 2805 1230 artem
2830 1190 2937 1246 qua
2958 1174 3117 1229 simul
3140 1187 3480 1237 caneremus,

1907 1275 1961 1321 et
2006 1267 2154 1321 utilia
2193 1267 2548 1332 disceremus,
2603 1267 2962 1336 excogitavit;
3022 1266 3162 1320 unde
3211 1273 3266 1318 et
3311 1261 3482 1334 magis

1905 1360 2303 1429 quodammodo
2357 1359 2553 1415 animis
2604 1369 2869 1429 praecepta
2923 1359 3326 1428 imprimuntur.
3377 1354 3481 1411 Vix

1910 1450 2056 1504 enim
2090 1449 2288 1503 durare
2313 1448 2448 1504 solet
2471 1449 2613 1518 quod
2644 1448 2841 1502 invitus
2869 1446 3126 1502 didiceris
3160 1464 3173 1500 :
3216 1445 3359 1514 quod
3385 1460 3482 1499 au-

1909 1546 2014 1595 tem
2049 1539 2286 1610 jucunde
2315 1539 2659 1609 suaviterque
2691 1547 2972 1608 acceptum
3000 1547 3116 1602 est,
3163 1537 3403 1591 tenacius
3425 1537 3480 1590 in

1910 1631 2105 1687 animis
2158 1633 2360 1687 nostris
2409 1630 2625 1686 insidet.
2683 1629 2824 1696 Quid
2884 1629 3061 1684 enim‘
3097 1630 3224 1684 inde
3271 1627 3482 1682 discere

3067 1718 3483 1774 claritudinem?

219 1783 582 1879 ἀωφρο-σύνης
626 1807 688 1860 τὸ
747 1783 974 1879 σε’μνόν;
1029 1810 1091 1863 οὺ
1132 1783 1219 1862 τὸ-
1247 1809 1346 1880 τῆς
1387 1783 1699 1880 φρονῆσεως
1715 1810 1796 1862 τέ-

1907 1783 2319 1885 nonnejustitiaa
2340 1799 2724 1884 integritatem,
2746 1816 3064 1886 gravitatem
3084 1813 3477 1883 temperantia,

217 1895 400 1964 λειον;
435 1900 494 1953 ού
542 1901 828 1971 μετανοίας
870 1901 1099 1974 τρόπους
1140 1903 1238 1973 οὐχ
1278 1902 1556 1973 ὑπομονῆς
1597 1903 1800 1974 μέτρα;

219 1991 324 2062 οὐχ
375 1992 403 2045 ὅ
430 2009 483 2044 τι
517 1992 584 2046 ἂν
614 1992 787 2057 εἴποις
811 1993 919 2064 (94)
950 1993 1060 2047 τῶν
1105 1994 1361 2063 ἀγαθῶν;
1410 1995 1675 2049 Ἐνταῦθα
1725 1996 1802 2051 ένι

224 2080 477 2150 θεολογία
507 2083 709 2151 τελεία,
744 2083 1048 2155 πρόρρησις
1089 2083 1191 2153 τῆς
1232 2083 1322 2137 διὰ
1366 2084 1570 2156 σαρκὸς
1613 2085 1800 2158 ἐπιδη-

223 2173 358 2249 μίας
396 2173 654 2245 Χριστοῦ,
699 2175 893 2247 ἀπειλὴ
935 2175 1187 2247 κρίσεως,
1233 2176 1581 2240 ἀναστάσεως
1623 2175 1798 2241 ἐλπὶς,

219 2267 389 2338 φόϐος
420 2265 714 2333 κολάσεως,
746 2267 1068 2336 ἐπαγγελίαι
1099 2267 1278 2339 δόξης,
1315 2268 1628 2342 μυστηρίων
1661 2269 1800 2323 ἀπο-

219 2357 518 2427 καλύψεις·
557 2356 756 2422 πάντα,
789 2356 978 2430 ῶσπερ
1006 2359 1063 2411 ἐν
1099 2359 1320 2430 μεγάλῳ
1351 2359 1460 2412 τινὶ
1507 2360 1599 2412 καὶ
1638 2359 1801 2430 κοινῴ

217 2449 474 2520 ταμιείῳ,
509 2452 574 2521 τῇ
613 2449 778 2521 βίϐλῳ
811 2448 918 2503 τῶν
953 2448 1200 2520 Ψαλμῶν
1227 2449 1674 2523 τεθησαύρισται,
1708 2452 1798 2522 ἢν,

219 2539 435 2596 πολλῶν
475 2539 641 2594 ὄντων
673 2541 918 2611 ὀργάνων
953 2541 1250 2612 μουσικῶν,
1299 2542 1438 2614 πρὸς
1469 2542 1531 2595 τὸ
1573 2542 1800 2612 λεγόμε-

218 2651 312 2691 νον
353 2633 646 2705 ψαλτήριον
687 2634 930 2705 ἥρμοσεν
978 2636 1006 2688 ὁ
1052 2637 1340 2708 προφήτης
1364 2676 1379 2700 ,
1422 2635 1526 2708 τὴν
1569 2636 1796 2699 ἄνωθεν,

218 2727 346 2796 ἐμοὶ
385 2725 562 2778 δοκεῖν
591 2724 725 2795 (95),
769 2724 1068 2797 ἐνηχοῦσαν
1124 2725 1274 2798 αύτῷ
1309 2726 1470 2799 χάριν
1512 2726 1665 2798 παρὰ
1703 2727 1796 2780 τοῦ

217 2816 536 2888 Πνεύματος
585 2816 1017 2888 ἐνδεικνύμενος,
1075 2817 1208 2872 διότι
1261 2818 1419 2873 τοῦτο
1473 2819 1635 2890 μόνον
1687 2819 1798 2874 τῶν

223 2907 498 2980 μουσικῶν
526 2906 772 2979 ὀργάνων
803 2908 900 2979 τὴν
931 2908 1113 2966 αἰτίαν
1144 2909 1253 2965 τῶν
1283 2910 1533 2979 φθόγγων
1576 2913 1642 2965 ἐκ
1688 2912 1796 2966 τῶν

218 2996 426 3054 ἄνωθεν
455 2995 589 3066 ἔχει.
617 2995 695 3068 Τῇ
728 2997 931 3070 κιθάρᾳ
959 3000 1057 3070 μὲν
1085 3001 1194 3072 γάρ
1225 3000 1319 3055 καὶ
1349 3003 1416 3072 τῇ
1444 3000 1583 3073 λύρᾳ
1615 3003 1795 3057 κάτω-

1903 1906 2204 1975 prudentize
2226 1905 2610 1974 perfectionem
2632 1905 2656 1958 ?
2684 1918 2860 1959 nonne
2883 1904 3214 1974 paenitentiae
3235 1902 3479 1967 modum,

1904 2007 2000 2051 aut
2058 1997 2328 2067 patientiae
2387 1997 2735 2052 mensuram?
2791 2011 2968 2051 nonne
3025 1997 3240 2050 tandem
3296 1993 3482 2049 omnia

1906 2103 2238 2159 quaecunque
2291 2087 2520 2158 proferri
2579 2097 2803 2156 possunt
2855 2087 3038 2142 bona?
3093 2085 3191 2141 Hic
3241 2084 3479 2155 perfecta

1901 2180 2191 2251 theologia,
2220 2180 2310 2235 hic
2340 2179 2404 2234 de
2435 2178 2637 2234 Christi
2669 2179 2724 2235 in
2763 2193 2984 2234 carnem
3027 2177 3260 2232 adventu
3289 2175 3481 2230 vatici-

1902 2273 2075 2339 nium,
2109 2273 2200 2327 hic
2236 2270 2585 2326 comminatio
2618 2270 2828 2342 judicii,
2871 2269 3289 2326 resurrectionis
3328 2283 3475 2338 spes,

1903 2365 2067 2419 timor
2103 2362 2377 2433 supplicii,
2418 2361 2601 2431 gloriae
2644 2361 3052 2430 promissiones,
3093 2359 3478 2431 mysteriorum

1901 2455 2194 2518 revelatio;
2237 2455 2417 2508 omnia
2462 2455 2514 2508 in
2547 2452 2882 2508 Psalmorum
2920 2452 3060 2507 libro
3088 2451 3233 2506 velut
3269 2452 3319 2505 in
3361 2465 3480 2505 ma-

1900 2562 2004 2618 gno
2029 2546 2261 2616 quodam
2288 2555 2342 2600 et
2369 2544 2641 2600 communi
2682 2545 3054 2614 promptuario
3091 2544 3475 2599 reconduntur.

1899 2638 2070 2705 Quem
2119 2637 2338 2705 librum,
2393 2637 2607 2692 tametsi
2663 2637 2874 2691 diversa
2938 2644 3065 2691 sunt
3123 2635 3480 2690 instrumenta

1899 2731 2137 2794 musica,
2195 2729 2262 2783 ad
2321 2729 2668 2797 psalterium,
2722 2729 2866 2798 quod
2923 2735 3146 2787 vocant,
3209 2726 3479 2795 Propheta

1899 2821 2120 2892 aptavit.
2172 2819 2379 2889 Quippe
2433 2818 2686 2888 gratiam,
2740 2828 2800 2872 ut
2847 2817 2974 2870 mihi
3031 2817 3268 2880 videtur,
3318 2817 3370 2870 in
3413 2829 3482 2872 eo

1899 2916 2133 2984 desuper
2177 2926 2207 2966 a
2260 2919 2448 2966 sancto
2489 2908 2693 2978 Spiritu
2744 2922 3000 2963 resonare
3049 2908 3303 2972 ostendit,
3354 2921 3480 2976 pro—

1897 3015 2082 3075 pterea
2135 3005 2277 3073 quod
2336 3002 2439 3057 hoc
2482 3000 2654 3056 solum
2708 3015 2772 3053 ex
2827 2998 3050 3052 musicis
3104 2996 3479 3052 instrumentis

220 3087 313 3142 θεν
343 3091 370 3142 6
404 3089 604 3159 χαλκὸς
642 3090 845 3160 ὑπηχεῖ
877 3091 1012 3162 πρὸς
1043 3091 1105 3144 τὸ
1138 3091 1413 3164 πλῆκτρον
1433 3111 1446 3124 ·
1483 3093 1544 3147 τὸ
1587 3093 1792 3166 ψαλτή-

1905 3098 2027 3154 editi
2069 3097 2186 3152 soni
2228 3107 2446 3149 causam
2500 3095 2568 3145 ab
2614 3090 2806 3144 altiore
2842 3089 2961 3144 loco
3004 3089 3186 3145 habet.
3230 3088 3365 3142 Nam
3398 3090 3476 3143 ci-

224 3197 336 3253 ριον
380 3181 436 3234 δὲ
474 3180 633 3234 τοῦτο
668 3181 776 3236 τῶν
815 3183 1128 3253 ἁρμονικῶν
1163 3183 1387 3255 ῥυθμῶν
1428 3185 1632 3242 ἄνωθεν
1680 3186 1795 3258 ἔχει

218 3273 320 3338 τὰς
350 3273 603 3345 ἀφορμάς
623 3290 636 3304 ο
674 3275 759 3327 ἵνα
788 3275 882 3328 καὶ
915 3276 1078 3347 ἡμεῖς
1104 3275 1172 3329 τὰ
1199 3275 1311 3330 ἄνω
1342 3274 1526 3349 ζητεῖν
1560 3278 1796 3350 μελετῶ-

222 3382 345 3443 μεν,
380 3367 474 3419 καὶ
506 3365 579 3437 μὴ
611 3369 678 3436 τῇ
710 3367 871 3437 ἡδονῇ
903 3365 995 3419 τοῦ
1030 3366 1223 3438 μέλους
1247 3368 1339 3420 ἐπὶ
1371 3369 1440 3422 τά
1464 3369 1564 3440 τῆς
1594 3371 1796 3442 σαρκὸς

219 3459 368 3530 πάθη
396 3459 853 3530 καταφερώμεθα.
896 3461 1132 3514 Κάκεῖνο
1157 3461 1214 3514 δὲ
1251 3457 1403 3530 οἴμαι
1448 3463 1538 3515 τὸν
1580 3481 1795 3537 προφη-

220 3551 369 3607 τικὸν
394 3553 551 3621 λόγον
585 3552 793 3622 βαθέως
822 3553 951 3622 ⁴ἡμῖν
977 3553 1070 3605 καὶ
1087 3551 1265 3622 σοφῶς
1284 3552 1372 3606 διὰ
1387 3553 1484 3624 τῆς
1505 3554 1598 3607 τοῦ
1625 3557 1794 3628 ὀργά..

219 3665 313 3703 νου
330 3645 676 3715 κατασκευῆς
713 3644 1057 3715 ἐνδεδεῖχθαι,
1078 3645 1160 3698 ὄτι
1190 3647 1238 3698 oi
1274 3646 1534 3716 ἐμμελεῖς
1576 3649 1671 3701 καὶ
1700 3649 1794 3701 εύ-

221 3740 482 3812 άρμοστοι
499 3738 781 3808 τάςψυχάς
803 3737 990 3809 ῥᾳδίαν
1009 3737 1191 3808 έχουσι
1218 3737 1328 3808 (96)
1362 3739 1459 3810 τὴν
1487 3742 1566 3804 είς
1595 3741 1664 3794 τὰ
1683 3743 1795 3810 ἄνω

219 3832 465 3905 πορείαν.
477 3831 703 3902 Ἴδωμεν
716 3830 772 3883 δὲ
787 3817 973 3883 λοιπὸν
990 3831 1082 3883 καὶ
1094 3830 1192 3902 τὴν
1210 3829 1384 3901 ἀρχὴν
1399 3831 1508 3886 τῶν
1523 3833 1792 3904 Ψαλμῶν.

1902 3191 2072 3245 ιιιιιιιε
2130 3203 2194 3243 ac
2233 3186 2361 3256 lyrae
2398 3199 2472 3239 aes
2509 3199 2576 3238 ex
2621 3182 2865 3237 inferiori
2914 3192 3070 3252 parte
3099 3182 3332 3235 sonitum
3367 3181 3478 3236 edit

1901 3283 1968 3336 ad
2025 3280 2318 3351 plectrum;
2373 3277 2687 3347 psalterium
2745 3289 2878 3329 vero
2927 3289 2955 3327 a
3008 3283 3160 3343 parte
3209 3274 3476 3343 superiori

1900 3373 2182 3428 concinnae
2225 3384 2337 3424 suae
2377 3365 2761 3422 modulationis
2799 3364 3061 3432 originem
3097 3364 3238 3419 ducit
3273 3381 3288 3419 :
3329 3374 3389 3418 ut
3421 3372 3478 3419 et

1900 3479 2001 3520 nos
2047 3477 2165 3532 quae
2207 3474 2420 3515 sursum
2457 3467 2582 3512 sunt
2625 3471 2866 3526 quaerere
2907 3456 3239 3517 studeamns,
3271 3464 3327 3509 et
3371 3469 3476 3508 nun

1901 3564 2199 3614 concentus
2239 3552 2522 3608 dulcedine
2571 3551 2638 3605 ad
2678 3549 2857 3604 carnis
2895 3548 3186 3619 spurcitias
3232 3548 3478 3603 devolva—

1901 3665 2041 3704 mur.
2095 3647 2236 3713 Quin
2303 3654 2356 3698 et
2409 3643 2721 3713 prophetica
2774 3641 2936 3700 verba
2987 3653 3082 3708 per
3133 3638 3475 3693 instrumenti

1902 3741 2061 3810 hujus
2091 3745 2424 3793 structuram
2460 3734 2568 3786 alta
2606 3731 2840 3800 quadam
2886 3740 2940 3783 et
2987 3729 3220 3797 sapienti
3264 3729 3478 3783 ratione

1902 3832 2057 3897 illud,
2091 3830 2304 3899 opinor,
2347 3826 2503 3881 nobis
2541 3823 2853 3889 ostendunt,
2885 3821 3053 3890 quod,
3091 3835 3318 3889 quorum
3359 3820 3475 3873 ani-

220 3942 341 3989 mus
377 3927 664 3997 aequabilis
701 3935 806 3990 est,
866 3926 1110 3995 beneque
1154 3926 1507 3996 compositus,
1570 3929 1638 3984 iis
1694 3931 2005 4002 expeditum
2054 3926 2157 3981 iter
2211 3922 2278 3978 ad
2331 3919 2614 3990 superiora
2670 3924 2872 3988 pateat.
2925 3914 3196 3971 Caeterum
3259 3914 3473 3968 initium

221 4019 558 4079 Psalmorum
600 4018 902 4073 videamus.

292 4113 343 4165 5.
375 4111 675 4180 Μακάριος
716 4111 891 4180 ἀνὴρ,
939 4111 1009 4177 ὃς
1034 4114 1144 4166 οὐκ
1181 4113 1472 4183 ἐπορεύθη
1505 4115 1576 4170 ἐν
1595 4113 1799 4186 ,βουλῄ

219 4203 471 4264 ἀσεϐῶν.
505 4203 791 4274 Οίκοδόμοι
823 4203 921 4274 μὲν
948 4199 1042 4257 οὖν
1088 4204 1294 4276 μεγέθη
1341 4207 1803 4278 κατασκευασμά-

218 4313 326 4347 των
371 4297 450 4358 είς
488 4294 620 4365 ῦψος
666 4296 929 4364 αἴροντες,
960 4295 1357 4364 ἀναλογοῦντας
1385 4298 1464 4368 τῷ
1511 4297 1635 4369 ῦψει
1667 4300 1798 4364 τοὺς

1967 4113 2024 4168 ⁸5.
2074 4113 2234 4167 Vens.
2267 4111 2318 4164 1.
2359 4108 2556 4163 Beatus
2587 4106 2685 4171 vir,
2717 4105 2807 4176 qui
2851 4119 2954 4158 non
2992 4103 3122 4156 abiit
3165 4103 3221 4156 in
3254 4098 3473 4174 consilio

1895 4209 2199 4278 impiorum.
2255 4203 2398 4257 Sane
2448 4199 2729 4255 architecti
2781 4212 2901 4252 cum
2951 4196 3003 4250 in
3050 4195 3216 4249 altum
3261 4193 3475 4264 erigunt

1894 4299 2089 4354 molem
2141 4295 2514 4357 aediﬁciorum,
2564 4292 2911 4346 fundamenta
2955 4285 3227 4341 altitudini
3275 4299 3473 4339 conve-

220 4384 498 4456 θεμελίους
541 4386 966 4440 ὑποϐάλλονται⁶
997 4387 1090 4440 καὶ
1133 4391 1424 4459 ναυπηγοὶ,
1463 4393 1790 4465 μυριοφόρον

1905 4390 2097 4445 nientia
2155 4387 2404 4456 jaciunt;
2467 4384 2705 4472 itemque
2768 4381 2985 4435 navium
3049 4378 3286 4434 artiﬁces
3345 4394 3470 4433 cum

222 4479 635 4550 συμπηγνύντες
666 4479 887 4544 ὁλκάδα,
925 4479 1327 4550 συμϐαίνουσαν
1361 4480 1440 4552 τῷ
1485 4481 1638 4553 βάρει
1682 4483 1790 4536 τῶν

220 4572 514 4642 ἀγωγίμων
553 4571 648 4644 τὴν
679 4571 872 4642 τρόπιν
904 4573 1226 4643 πήγνυνται.
1258 4572 1369 4627 Καὶ
1399 4573 1456 4625 ἐν
1487 4576 1552 4644 τῇ
1582 4574 1792 4642 γενέσει

218 4663 326 4715 τῶν
352 4661 506 4727 ζώων
539 4664 571 4734 ἠ
601 4663 796 4734 καρδία
829 4663 1017 4735 πρώτη
1055 4663 1455 4735 καταϐληθεῖσα
1497 4665 1648 4736 παρὰ
1693 4667 1792 4736 τῆς

221 4753 453 4821 φύσεως,
483 4752 853 4821 ἀναλογοῦσαν
885 4751 962 4823 τῷ
1009 4752 1251 4823 μέλλοντι
1296 4753 1644 4808 συνίστασθαι
1670 4753 1792 4826 ζώῳ

217 4845 314 4917 τὴν
353 4845 505 4916 παρά
554 4845 652 4914 τῆς
697 4839 910 4913 φύσεως
952 4843 1216 4914 λαμϐάνει
1269 4843 1598 4915 καταϐολήψ
1654 4845 1790 4898 διότι

220 4937 546 5008 συμμέτρως
563 4939 682 5000 ταῖς
701 4936 930 5000 οἰκείαις
958 4937 1154 5007 ἀρχαῖς
1186 4937 1674 5008 περιυφαινομένου
1696 4938 1790 4992 τοῦ

218 5027 486 5098 σώματος,
521 5029 577 5080 αί
625 5027 769 5081 κατὰ
816 5028 886 5082 τὰ
936 5027 1140 5098 μεγέθη
1181 5028 1436 5101 διαφοραὶ
1479 5030 1588 5083 τῶν
1639 5030 1791 5094 ζώων

217 5119 622 5174 ἀποτελοῦνται.
659 5120 836 5190 Ὅπερ
866 5115 961 5173 οὖν
991 5120 1103 5190 (97)
1132 5119 1378 5191 θεμέλιος
1417 5123 1473 5174 ἐν
1505 5123 1657 5192 οἴκῳ,
1695 5123 1788 5174 καὶ

288 5297 413 5373 (90),
432 5298 570 5352 Editi
601 5306 656 5373 ει
685 5297 922 5367 quinque
960 5311 1093 5352 mss.
1127 5294 1520 5366 εἰσαγομένοις.
1547 5297 1650 5352 Alii
1674 5298 1780 5351 duo

219 5367 344 5426 mss.
370 5367 758 5438 εἰσαγομένων.

287 5441 396 5508 (91)
426 5436 650 5494 Codices
675 5439 780 5493 duo
808 5438 915 5491 ἀπὸ
947 5436 1176 5506 λιθίνης.

285 5505 396 5581 (92)
413 5509 514 5581 Alii
539 5523 666 5581 mss.
685 5523 803 5562 cum
818 5513 904 5564 ed.
924 5507 1264 5581 ἐντυποῦται.
1282 5507 1384 5581 Alii
1405 5505 1778 5562 ἐντυποῦνται.

289 5579 400 5648 (93⁷)
431 5579 522 5634 Sic
567 5579 736 5644 major
760 5594 886 5645 pars
938 5593 1066 5633 mss.
1110 5579 1329 5632 ΑΙ.εαὶιὶ
1367 5588 1422 5634 ει
1465 5594 1595 5632 mss.
1643 5594 1779 5630 non-

221 5652 344 5707 nulli
376 5650 437 5701 τὸ
467 5649 590 5702 δὲ...
622 5649 984 5720 εἰσδυόμενοι).

291 5720 397 5794 (οι)
438 5721 590 5774 (Iuli).
616 5736 750 5773 unus
778 5717 953 5798 εἴπῃς.
991 5718 1095 5774 Nec
1134 5725 1203 5774 ila
1258 5719 1422 5776 multo
1471 5727 1588 5790 post
1641 5717 1774 5786 Reg.

1897 4479 2268 4552 praegrandem
2305 4485 2359 4531 et
2389 4471 2697 4531 onerariam
2732 4487 2922 4528 navem
2953 4479 3294 4536 construunt,
3330 4471 3470 4526 cari-

1898 4571 2021 4625 nam
2051 4586 2172 4640 qua:
2204 4568 2572 4624 vehendarum
2612 4566 2871 4621 mercium
2911 4564 3060 4618 oneri
3106 4579 3204 4632 par
3236 4563 3306 4617 sit
3337 4577 3468 4632 sup-

1895 4669 2122 4731 ponunt.
2184 4659 2324 4726 Quin
2369 4667 2425 4712 et
2476 4658 2527 4711 in
2578 4656 2931 4712 animantium
2988 4656 3336 4725 generatione
3372 4668 3470 4709 cor

1896 4751 2039 4822 quod
2097 4751 2329 4820 primum
2391 4748 2714 4803 naturaliter
2779 4746 3075 4809 formatur,
3137 4754 3464 4800 structuram

1895 4839 2114 4898 animali
2161 4842 2442 4914 ﬁgurando
2482 4842 2729 4895 idoneam
2765 4855 2794 4894 a
2838 4847 3026 4893 natura
3069 4838 3281 4906 accipit.
3323 4837 3468 4904 Qua-

1894 4943 2114 5006 propter
2137 4951 2258 4992 cum
2283 4949 2484 5006 corpus
2517 4933 2906 4990 convenienter
2930 4932 3164 5001 propriis
3189 4930 3468 5000 principiis

1893 5027 2246 5082 constitutum
2278 5035 2382 5092 est,
2412 5035 2524 5081 tum
2562 5024 2876 5080 animalium
2915 5022 3226 5092 magnitudo
3251 5020 3464 5075 diversa

1890 5121 2139 5178 efﬁcitur.
2169 5117 2287 5188 Quo
2311 5120 2474 5190 igitur
2503 5117 2664 5173 modo
2694 5117 2762 5172 ad
2789 5114 3007 5171 domum
3045 5128 3105 5170 se
3137 5113 3299 5170 habet
3337 5111 3462 5167 fun-

1887 5297 2156 5352 secundus
2187 5296 2545 5366 ἀποκάλυψις.

1960 5367 2070 5437 (95)
2102 5366 2244 5437 Editi
2265 5375 2320 5420 et
2350 5359 2482 5422 mss.
2506 5365 2710 5434 aliquot
2735 5361 2858 5432 ἐμοὶ
2881 5361 3077 5415 δοκεῖν.
3107 5360 3210 5414 Alii
3242 5359 3461 5429 quidam

1888 5435 2019 5491 mss.
2053 5435 2179 5506 spot
2205 5435 2371 5490 δοκεῖ.

1959 5506 2072 5577 (96)
2089 5500 2244 5577 'Editi
2273 5521 2394 5560 cum
2426 5505 2601 5577 tribus
2647 5516 2780 5558 mss.
2809 5502 2890 5556 ὅτι
2923 5501 3044 5557 οἱ...
3096 5500 3300 5571 έχουσι.
3354 5500 3458 5554 Alii

1890 5586 1999 5631 tres
2029 5575 2158 5628 mss.
2193 5576 2279 5627 ἵνα
2303 5577 2422 5629 οἱ...
2454 5575 2638 5644 ἔχωσι.

1895 5717 1915 5730 η
1960 5644 2072 5712 (97)
2102 5645 2241 5732 ἰξόίιί
2293 5656 2344 5700 ει
2402 5637 2635 5714 quatuor
2692 5660 2818 5699 mss.
2870 5645 3004 5711 ὅπερ
3063 5637 3174 5694 οὖν.
3212 5640 3317 5696 Alii
3353 5642 3458 5695 duo

1885 5733 2071 5788 ωσπερ
2097 5733 2205 5769 ουν.
