3850 6218
341 289 448 346 ειδ
1645 287 1704 343 s.
1743 282 1987 358 essu."
2029 280 2244 338 MAGNI
3497 278 3654 334 εις

341 413 675 474 damentmn,
703 416 758 463 et
795 406 860 462 ad
897 406 1076 461 navim
1107 408 1314 474 carina,
1339 415 1395 464 et
1419 408 1482 464 ad
1516 408 1768 464 animalis
1790 422 1855 463 eo

2133 401 2276 473 πλοίῳ
2303 401 2516 474 τρόπις,
2551 397 2645 452 καὶ
2692 401 2751 451 ὲν
2793 397 3004 468 σώματι
3039 395 3175 461 ζώου
3211 399 3435 470 καρδία,
3473 398 3653 452 ταὺ-

342 518 442 572 pus
479 515 592 566 cor,
634 501 821 554 eodem
861 499 928 552 ad
961 498 1300 553 Psalmorum
1343 498 1594 569 generale
1622 513 1862 570 argumel

2151 511 2240 565 μοι
2280 495 2428 547 δοκεῖ
2458 492 2556 561 τὴν
2583 491 2811 561 δύναμιν
2840 490 2983 561 ἔχειν
3012 489 3147 562 πρὸς
3183 489 3278 562 τὴν
3313 491 3449 562 ὃλην
3496 491 3655 544 τῶν

257 594 260 597 ’
344 603 455 646 tum
480 606 538 646 se
565 590 723 644 habet
746 590 906 644 etiam
937 589 1046 660 92
1070 591 1232 644 breve
1255 589 1384 644 illud
1408 591 1753 658 proemium.

2129 585 2264 656 ty.th
2315 584 2658 655 κατασκευὴν
2687 581 2825 654 [καὶ]
2879 582 2941 634 τὸ
2989 580 3160 652 βραχῦ
3210 581 3372 634 τοῦτο
3410 582 3649 653 προοίς-

345 699 467 738 cum
516 682 680 736 David
725 681 791 735 ad
843 681 1031 745 multa,
1078 695 1252 752 eaque
1295 682 1484 747 ardua,
1529 692 1584 736 et
1623 682 1865 736 innumer

2133 696 2164 732 ι.
2215 676 2432 747 Ἐπειδὴ
2482 675 2590 746 γὰρ
2633 673 2801 727 πολλά
2845 673 2940 726 καὶ
2986 675 3216 727 ἐπίπονα
3256 674 3355 728 καὶ
3392 675 3653 744 μυρίων

346 771 637 834 sudoribus
684 785 748 824 ac
799 771 1072 825 laboribus
1127 769 1324 824 referta
1377 770 1429 824 in
1473 771 1616 824 serie
1657 769 1866 824 oration

2131 769 2262 821 ὺτων
2283 769 2374 821 καὶ
2397 767 2574 821 πόνων
2594 767 2829 837 γέμοντα
2851 768 3136 836 παραινεῖν
3163 765 3369 836 μέλλει,
3389 765 3651 836 προῖόν-

346 873 490 917 esset
536 863 942 925 exhortaturus,
995 859 1048 912 in
1098 868 1437 915 antecessum
1494 858 1656 912 ﬁnem
1705 859 1866 913 beatu

2144 858 2240 912 τοῦ
2271 859 2454 924 λόγου,
2500 860 2614 920 τοῖς
2642 857 2743 927 τῆς
2785 856 3066 920 εὐσεϐείας
3094 857 3430 924 ἀγωνισταῖς
3469 872 3647 927 προ-

346 953 563 1022 pietatis
596 949 1083 1021 pr0pugnatoribus
1117 952 1600 1016 commonstravit;
1645 957 1702 1004 ut
1747 951 1866 1004 boni

2129 950 2201 1004 ὼν
2233 950 2478 1016 ὑπέδειξε
2502 950 2562 1002 τὸ
2585 949 2853 1021 μακάριον
2879 947 3054 1012 τέλος,
3081 948 3168 1001 ἶνα
3192 950 3257 1020 τῇ
3286 947 3473 1000 ἐλπίδι
3500 945 3649 999 τῶν

347 1055 467 1093 rum
519 1039 674 1093 nobis
712 1038 1074 1108 repositorum
1121 1055 1216 1108 spe
1260 1039 1535 1094 molestias
1576 1040 1700 1094 vitae
1743 1040 1867 1093 anin

2137 1041 2398 1112 κειμένων
2449 1040 2668 1110 ἀγαθῶν
2719 1039 2939 1103 ἀλύπως
2980 1037 3075 1092 τοῦ
3117 1039 3232 1110 βίου
3275 1039 3349 1091 τὰ
3381 1037 3652 1107 ἀλγεινὰ

345 1145 503 1199 aequo
532 1129 981 1198 perferamus.Sic
1005 1131 1166 1185 etiam
1192 1146 1440 1200 asperum
1465 1145 1530 1185 ac
1552 1130 1865 1185 diﬁicillimu

2134 1137 2368 1207 ρέρωμεν
2395 1135 2526 1206 (98).
2553 1133 2740 1196 Οῦτως
2764 1135 2857 1186 καὶ
2885 1133 3181 1203 ὁδοιπόροις
3201 1134 3468 1202 τραχεῖαν
3495 1130 3654 1183 ὁδὸν

353 1225 457 1278 iter
493 1222 817 1278 facientibus
859 1223 925 1275 ad
969 1223 1320 1277 sustinendos
1367 1221 1579 1278 labores
1623 1225 1866 1278 levamen

2138 1227 2412 1298 ευομένοις
2445 1227 2537 1280 καὶ
2570 1225 2830 1279 δύσϐατον
2858 1225 3102 1293 κουφίζει
3135 1225 3225 1277 τὸν
3258 1223 3462 1295 μόχθον
3496 1226 3656 1276 ἔπι-

349 1325 435 1369 est
483 1314 827 1369 commodum
887 1323 1271 1382 speratumque
1327 1311 1719 1377 diversorium;
1766 1319 1869 1380 atq:

2138 1338 2236 1373 ειον
2278 1321 2464 1384 αὑτοῖς
2501 1317 2870 1390 προσδοκηθὲν
2901 1316 3243 1385 καταγώγιον
3263 1333 3277 1346 ·
3311 1317 3413 1370 καὶ
3443 1313 3658 1388 έμπὸ-

353 1405 744 1460 mercatoribus
795 1407 861 1458 ad
912 1405 1304 1474 peragrandum
1352 1417 1503 1457 mare
1547 1403 1755 1456 animos
1803 1401 1873 1456 fat

2133 1425 2159 1470 ς
2188 1409 2331 1460 ποιεῖ
2355 1407 2452 1478 τῆς
2477 1406 2752 1476 Θαλάσσης
2772 1407 3117 1476 κατατολμᾷν
3148 1409 3181 1477 ἡ
3210 1405 3484 1475 ἐπιθυμία
3508 1405 3653 1458 τῶν

353 1496 719 1565 parandarum
753 1496 1011 1550 mercium
1041 1494 1366 1549 desiderium
1394 1512 1408 1548 :
1437 1491 1567 1563 quin
1595 1501 1649 1548 et
1677 1491 1873 1563 agricol

2138 1498 2361 1568 ›γίμων·
2401 1498 2493 1551 καὶ⁸
2538 1497 2800 1568 γεωργῶν
2847 1495 3298 1566 ὑποκλέπτει(99)
3335 1496 3468 1558 τοὺς
3517 1493 3658 1548 πό-

355 1589 600 1641 Ι.ιι›οι·ιιιη
640 1603 857 1642 sensmn
899 1587 1296 1656 quodammodo
1332 1600 1458 1656 spes
1491 1586 1683 1640 messis
1721 1585 1875 1639 adimi

2133 1609 2156 1655 ;
2203 1594 2235 1663 ἡ
2277 1592 2377 1662 τῆς
2425 1589 2759 1661 ἐπικαρπίας
2793 1587 2964 1652 ἐλπίς.
3007 1589 3098 1641 Διὸ
3137 1592 3228 1641 καὶ
3253 1589 3280 1640 6
3306 1589 3491 1652 κοινὸς
3523 1586 3653 1641 τοῦ

355 1678 717 1744 Quamobrem
754 1689 809 1731 et
852 1677 1158 1731 communis
1202 1677 1323 1731 vitae
1367 1677 1705 1742 emendator,
1745 1675 1875 1729 docti

2142 1702 2151 1734 ι
2183 1683 2494 1754 διορθωτὴς,
2530 1684 2559 1735 6
2593 1681 2766 1753 μέγας
2801 1681 3137 1745 διδάσκαλος,
3169 1681 3227 1733 τὸ
3264 1680 3487 1751 πνεῦμα
3523 1681 3662 1750 τῆς

357 1786 604 1842 magnus,
636 1771 857 1839 spiritus
883 1771 1151 1837 veritatis,
1181 1771 1455 1840 sapienter
1486 1787 1549 1826 ac
1582 1771 1721 1826 scite
1753 1771 1876 1825 stati

2136 1775 2312 1846 ιθείας,
2355 1775 2532 1845 σοφῶς
2559 1775 2654 1828 καὶ
2682 1773 2945 1844 ἐντέχνως
2972 1774 3098 1834 τοὺς
3130 1773 3355 1844 μισθοὺς
3381 1773 3656 1843 προεδά-

358 1868 427 1919 ab
468 1865 621 1919 initio
658 1865 956 1920 mercedem
1003 1864 1304 1933 proposuit,
1343 1872 1399 1916 ut
1437 1878 1596 1933 supra
1643 1870 1874 1932 present

2132 1885 2158 1920 0
2191 1868 2288 1938 (1),
2331 1868 2439 1932 ἵνα,
2472 1867 2909 1938 ὑπερκύπτοντες
2953 1867 3077 1929 τοὺς
3111 1869 3167 1918 ὲν
3193 1867 3349 1938 χερσὶ
3397 1866 3652 1929 πόνους,

359 1954 571 2008 labores
596 1953 791 2018 evecti,
819 1953 1002 2006 animo
1035 1955 1100 2005 ad
1137 1959 1466 2006 :eternorum
1506 1953 1767 2005 bonorum
1809 1966 1871 2020 ga

2150 1959 2356 2031 διανοίᾳ
2398 1959 2534 2028 πρὸς
2574 1959 2673 2028 τὴν
2717 1958 3018 2011 ἀπόλαυσιν
3062 1957 3170 2010 τῶν
3202 1957 3440 2010 αἰωνίων
3483 1958 3653 2025 ἀγα-

359 2046 447 2100 dia
486 2061 854 2116 properemus.
890 2043 1083 2097 Beatus
1118 2044 1214 2109 vir,
1245 2044 1335 2112 qui
1375 2060 1478 2096 non
1517 2043 1646 2095 abiit
1679 2044 1733 2094 in
1763 2058 1879 2095 com

2131 2071 2148 2105 ν
2178 2051 2252 2121 (Ξ)
2285 2049 2653 2120 ἐπειγώμεθα.
2694 2049 2999 2116 Μακάριος
3027 2048 3201 2116 ἀνὴρ,
3241 2047 3310 2114 ὃς
3338 2051 3453 2102 οὐκ
3478 2049 3651 2103 ἐπο-

361 2138 433 2190 lio
471 2137 772 2205 impiorum.
808 2136 961 2202 Quod
997 2151 1128 2203 ergo
1161 2150 1282 2188 vere
1323 2134 1522 2186 bonum
1571 2133 1804 2198 exsistit,
1842 2134 1875 2185 ἰι

2131 2148 2218 2214 ῑθη
2251 2146 2320 2198 ἐν
2343 2144 2548 2213 βουλῇ
2570 2142 2823 2200 ἀσεϐῶν.
2862 2144 3018 2196 Ἔστι
3054 2145 3150 2214 μὲν
3183 2139 3275 2197 οὖν
3316 2143 3379 2196 τὸ
3419 2145 3651 2215 κυρίως

361 2230 552 2301 primis
579 2245 641 2282 ac
664 2228 932 2298 pracipue
978 2227 1193 2280 beatum
1242 2225 1640 2295 prmdicandum
1681 2235 1783 2278 est.
1827 2225 1881 2278 ΙΙι

2131 2278 2136 2290 .
2167 2237 2398 2309 πρώτως
2433 2237 2788 2308 μακαριστὸν,
2819 2234 2880 2289 τδ
2912 2233 3179 2306 ἀληθινῶς
3205 2235 3430 2304 ἀγαθόν.
3455 2235 3651 2288 Τοῦτο

362 2331 540 2375 autem
573 2321 712 2373 Deus
755 2327 856 2372 est.
900 2315 1048 2371 Unde
1076 2326 1130 2369 et
1179 2315 1377 2368 Paulus
1419 2314 1486 2366 de
1515 2313 1731 2367 Christo
1779 2328 1882 2366 mel

2128 2333 2274 2383 ἐστιν
2305 2334 2334 2384 6
2383 2330 2534 2393 Θεός.
2583 2329 2746 2382 Ὅθεν
2793 2328 2887 2381 καὶ
2935 2327 3165 2390 Παῦλος,
3211 2327 3525 2397 ὑπόμνησιν
3550 2327 3642 2396 (3)

365 2414 564 2465 tionem
615 2408 884 2470 facturus,
936 2407 1060 2460 ait;
1115 2404 1415 2458 Secundum
1466 2403 1885 2471 ntanifestatione

2124 2423 2254 2475 λλων
2288 2422 2556 2475 ποιεῖσθαι
2605 2419 2864 2494 Χριστοῦ,
2909 2421 3068 2475 Κατὰ
3103 2419 3217 2486 τὴν
3244 2420 3644 2488 ἐπιφάνειαν,

370 2502 506 2556 beati
541 2503 657 2566 Dei,
693 2511 738 2554 et
773 2498 1065 2554 Saluatoris
1105 2498 1271 2550 nostri
1319 2497 1448 2550 Jesu
1481 2494 1678 2549 Christi
1702 2497 1769 2551 “.
1805 2497 1890 2551 Be:

2128 2514 2200 2574 τι,
2230 2513 2336 2566 τοῦ
2354 2513 2649 2581 μακαρίου
2683 2511 2851 2577 Θεοῦ,
2881 2511 2979 2564 καὶ
3006 2511 3277 2580 Σωτῆρος
3313 2509 3489 2577 ἡμῶν
3527 2512 3646 2578 Ἰη-

367 2608 481 2648 ιιιιιι
510 2593 654 2650 enim
686 2606 810 2646 vere
831 2598 932 2656 est,
965 2591 1107 2660 quod
1138 2605 1234 2659 per
1261 2604 1318 2644 se
1340 2593 1538 2644 bonum
1573 2598 1680 2655 est,
1707 2589 1774 2643 ad
1802 2604 1887 2658 qui

2124 2605 2163 2657 νῦ
2195 2605 2471 2671 Χριστοῦ.
2508 2605 2795 2675 Μακάριον
2825 2603 2934 2676 γὰρ
2963 2603 3041 2674 τῷ
3073 2603 3183 2656 δντι
3215 2602 3274 2655 τὺ
3304 2602 3644 2663 αὑτόκαλον,

370 2686 664 2753 respiciunt
691 2683 894 2747 omnia,
923 2683 1064 2752 quod
1101 2683 1353 2736 universa
1377 2680 1714 2745 desiderant,
1747 2690 1890 2733 natul

2131 2695 2186 2758 ὸς
2205 2695 2232 2748 ὃ
2258 2695 2434 2749 πάντα
2463 2693 2781 2757 ἀποϐλέπει,
2807 2686 2868 2746 οῦ
2899 2695 3075 2747 πάντα
3100 2693 3332 2762 ἐφίεται,
3378 2696 3413 2765 ἡ
3477 2694 3651 2764 ἀτρε-

369 2778 744 2841 immutabilis,
770 2776 953 2830 berilis
974 2776 1224 2844 dignitas,
1252 2775 1359 2829 vita
1398 2773 1792 2844 perturbationi
1819 2789 1889 2826 nu

2126 2804 2183 2849 ος
2214 2785 2396 2856 φύσις,
2424 2787 2485 2838 τὸ
2513 2787 2830 2840 δεσποτικὸν
2858 2785 3095 2856 ἀξίωμα,
3143 2787 3176 2856 ἡ
3204 2785 3472 2857 ἀόχλητος
3500 2785 3645 2855 ζωὴ,

368 2873 620 2933 obnoxia,
647 2869 839 2924 hilaris
857 2869 1067 2923 vivendi
1093 2867 1254 2935 ratio,
1269 2867 1622 2937 quaealterari
1651 2877 1742 2920 aut
1768 2867 1888 2920 imm

2125 2880 2315 2942 ἱλυπος
2354 2878 2677 2951 διεξαγωγὴ,
2725 2878 2854 2947 περ)¹
2884 2878 2951 2948 ἣν
2983 2879 3082 2931 οὑκ
3128 2878 3270 2930 ἔστιν
3301 2878 3600 2941 ἀλλοίωσις
3628 2915 3645 2940 ,

373 2962 474 3016 tari
495 2963 696 3030 nequit,
713 2959 833 3014 fons
851 2961 1176 3024 scaturiens,
1195 2960 1463 3013 uberrima
1483 2959 1678 3026 gratia,
1699 2957 1893 3012 inexha

2156 2969 2252 3040 οὑχ
2276 2968 2505 3022 ἆπτετειι
2533 2967 2799 3040 μεταϐολή
2820 2985 2834 2998 ⁸
2859 2969 2892 3039 ἡ
2927 2967 3165 3038 βρύουσα
3198 2969 3371 3038 πηγὴ,
3400 2970 3437 3038 ἡ
3471 2969 3647 3038 ἀφθοο

375 3067 494 3110 stus
534 3058 839 3109 thesaurus.
899 3053 1060 3122 Atqui
1109 3052 1354 3107 homines
1395 3050 1569 3120 ignari
1603 3089 1619 3116 ,
1661 3050 1895 3118 mundiqi

2129 3078 2146 3123 ;
2203 3060 2381 3130 χάρις,
2439 3060 2468 3112 6
2525 3059 2866 3130 ἀδαπάνητος
2917 3059 3208 3130 θησαυρός.
3269 3058 3536 3129 Ἀμαθεῖς
3585 3058 3649 3111 δὲ

373 3145 754 3215 ainantes,qui
777 3145 900 3199 boni
931 3145 1098 3214 ipsius
1129 3143 1377 3212 ignorant
1403 3149 1675 3206 naturam,
1701 3156 1786 3193 res
1803 3140 1892 3193 nib

2129 3151 2153 3200 0
2163 3168 2332 3222 ρωποι
2355 3151 2808 3220 καιφιλόκοσμοι,
2841 3150 3160 3219 ἀγνοοῦντες
3187 3148 3353 3203 αὑτοῦ
3380 3150 3478 3202 τοῦ
3505 3151 3649 3219 ἀγά-

373 3239 569 3309 εαιρίιιε
593 3238 886 3303 aestimant,
919 3236 1157 3300 divitias,
1195 3235 1501 3300 sanitatem,
1529 3233 1651 3287 vita:
1703 3234 1889 3302 splcnd

2129 3243 2151 3294 ὖ
2206 3243 2303 3314 τὴν
2357 3243 2537 3310 φύσιν,
2595 3243 2957 3315 μακαρίζουσι
3001 3242 3261 3305 πολλάκις
3305 3240 3375 3293 τὰ
3411 3242 3649 3312 μηδενὸς

377 3347 526 3388 rem:
557 3347 783 3402 quarum
812 3345 989 3385 rerum
1029 3331 1161 3384 nihil
1190 3338 1273 3384 est
1300 3344 1394 3384 sua
1430 3329 1596 3398 ipsius
1628 3338 1819 3382 natura
1852 3329 1897 3382 ι›‹

2130 3352 2200 3396 ια,
2252 3333 2498 3400 πλοῦτον,
2548 3335 2778 3404 ὑγίειαν,
2812 3335 3164 3407 περιφάνειαν
3197 3334 3312 3405 βίου
3334 3351 3348 3363 ·
3380 3326 3460 3387 ὧν
3489 3333 3648 3388 οὐδέν

377 3440 506 3478 num
536 3439 552 3486 ;
582 3436 685 3475 non
722 3419 894 3474 solum
926 3421 1068 3489 quod
1096 3418 1252 3472 facile
1284 3433 1334 3472 ιιι
1361 3416 1634 3471 contraria
1659 3424 1897 3469 mutentu

2131 3444 2204 3478 τιν
2233 3425 2435 3493 ἀγαθὸν
2469 3428 2533 3497 τῇ
2571 3425 2764 3480 ἑαυτοῦ
2801 3426 2995 3496 φύσεν
3029 3427 3090 3480 οὑ
3126 3427 3285 3496 μόνον
3323 3424 3522 3479 καθότι
3549 3429 3651 3496 ῥα-

379 3517 473 3570 sed
503 3515 647 3585 quod
678 3530 744 3570 ne
793 3515 961 3569 bonos
987 3514 1198 3582 quidem
1235 3511 1445 3566 valeant
1473 3525 1812 3580 possessores
1833 3525 1899 3563 sui

2129 3536 2176 3570 ιν
2219 3518 2328 3588 ἔχει
2358 3517 2456 3589 τὴν
2487 3520 2623 3590 πρὸς
2653 3520 2721 3574 τά
2769 3521 2984 3574 έναντία
3018 3519 3376 3591 περιτροπὴν,
3416 3519 3538 3572 ἀλλ’
3567 3519 3649 3571 ὅτι

379 3609 624 3663 reddere.
661 3606 794 3672 Quis
821 3607 963 3661 enim
986 3605 1056 3659 ob
1085 3605 1303 3660 divitias
1327 3603 1551 3672 justus?
1582 3602 1706 3673 quis
1736 3610 1899 3671 proptr

2127 3609 2195 3679 λδὲ
2227 3608 2461 3677 ἀγαθοὺς
2493 3609 2716 3664 δύναται
2765 3613 2892 3676 τοὺς
2935 3612 3304 3682 κεκτημένους
3335 3610 3647 3664 ἀποτελεῖν.

379 3699 666 3752 sanitatem
722 3696 1068 3766 temperans?
1123 3695 1234 3749 lmo
1264 3710 1394 3750 sane
1434 3696 1549 3750 haec
1577 3695 1758 3748 omnia
1819 3708 1899 3747 ma

2130 3721 2155 3766 ς
2209 3701 2318 3774 γὰρ
2379 3703 2584 3766 δίκαιος
2635 3703 2724 3756 διὰ
2772 3705 3066 3774 χρήματας
3124 3704 3208 3766 τίς
3266 3700 3504 3772 σώφρων
3560 3701 3647 3754 διὰ

382 3789 658 3843 utentibus
701 3789 767 3841 ad
810 3787 1139 3855 peccandum
1189 3800 1334 3854 sape
1366 3784 1694 3838 inserviunt.
1761 3783 1902 3838 Beati

2137 3795 2300 3856 ίειαν;
2331 3797 2650 3849 Τοὺναντίον
2694 3795 2790 3866 μὲν
2819 3792 2932 3860 οὖν,
2967 3796 3060 3848 καὶ
3082 3793 3352 3864 ὑπηρεσία
3381 3793 3650 3854 πολλάκις

383 3881 549 3950 igitur
608 3881 716 3947 ille,
775 3880 868 3950 qui
926 3894 989 3933 ea
1047 3895 1168 3949 quas
1229 3877 1447 3946 plurimi
1505 3887 1634 3933 sunt
1692 3877 1902 3931 babend

2127 3886 2199 3949 >6;
2228 3887 2503 3957 ἁμαρτίαν
2540 3890 2654 3950 τοῖς
2686 3885 2872 3948 κακῶς
2913 3885 3217 3956 χρωμένοις
3255 3884 3462 3936 τούτων
3517 3885 3647 3937 ’ἐκα-

383 3973 642 4043 possidet,
669 3972 872 4041 quique
899 3985 1110 4033 eorum,
1141 3986 1261 4039 quae
1296 3979 1569 4039 nequeunt
1615 3969 1838 4032 auferri,
1867 3970 1899 4023 b

2132 3997 2188 4031 ον
2207 3980 2432 4048 γίνεται.
2458 3981 2744 4051 Μακάριος
2760 3976 2851 4033 οὖν
2877 3979 2987 4033 ὁτά
3014 3978 3266 4031 πλείστου
3295 3979 3418 4042 ἀξια
3444 3994 3651 4046 κεκτη-

384 4079 576 4118 norum
631 4063 900 4133 particeps
948 4072 1050 4117 est.
1085 4062 1190 4117 Sed
1222 4078 1329 4132 quo
1362 4071 1522 4132 pacto
1572 4063 1718 4118 hunc
1769 4075 1904 4132 cogn

2131 4088 2245 4133 νος,
2280 4073 2308 4123 6
2335 4071 2442 4125 τῶν
2487 4071 2864 4143 ἀναφαιρέτων
2897 4070 3118 4140 ἀγαθῶν
3155 4070 3398 4140 μέτοχος.
3442 4069 3651 4122 Τοῦτον

383 4155 637 4211 aremus?
697 4154 802 4220 Qui
837 4171 939 4208 non
1008 4155 1137 4208 abiit
1200 4154 1258 4206 in
1314 4153 1531 4208 consilio
1565 4151 1903 4223 impiorum]

2153 4163 2265 4226 πῶς
2291 4163 2735 4234 έπιγνωσόμεθα;
2769 4166 2875 4228 ’ος
2902 4165 3012 4217 οὐκ
3040 4162 3331 4229 ἐπορεύθη
3359 4156 3650 4225 ὲνβουλῇ

386 4247 697 4317 priusquam
729 4261 992 4313 exponam
1017 4245 1156 4314 .quid
1186 4248 1260 4298 sit
1287 4261 1390 4298 non
1421 4246 1623 4300 abiisse
1650 4246 1705 4299 in
1735 4243 1903 4299 consil

2127 4255 2318 4309 γεϐῶν.
2354 4257 2464 4310 Καὶ
2506 4257 2635 4328 πρίν
2681 4273 2744 4325 γε
2783 4257 2976 4320 εἰπεῖν,
3007 4256 3060 4308 τί
3103 4255 3162 4307 τὸ
3195 4254 3267 4325 μὴ
3310 4253 3647 4323 πορευθῆναι

388 4339 702 4409 impiorum,
721 4337 824 4394 loci
851 4337 1011 4406 hujus
1035 4337 1386 4407 quaestionem
1410 4337 1564 4391 vobis
1587 4337 1797 4392 solvere
1819 4338 1908 4392 vol

2153 4345 2312 4417 βουλῇ
2350 4346 2585 4410 ἀσεϐῶν,
2619 4347 2875 4418 βούλομαι
2911 4348 3038 4416 ὑμῖν
3065 4345 3126 4398 τὸ
3169 4346 3226 4396 έν
3256 4343 3333 4414 τῷ
3365 4343 3522 4413 τόπῳ
3555 4343 3647 4410 ξη-

389 4431 500 4484 Cur
546 4429 835 4500 Propheta,
896 4429 1097 4499 inquis,
1139 4432 1309 4483 solum
1361 4427 1632 4482 hominem
1688 4428 1855 4498 eligit,
1895 4445 1909 4480 ι

2132 4437 2326 4506 ύμενον
2369 4437 2637 4491 διαλῦσαι.
2684 4439 2784 4491 Διά
2826 4439 2902 4500 τί,
2935 4437 3121 4508 φησιν,
3164 4437 3192 4489 ὁ
3240 4435 3530 4505 προφήτης
3564 4433 3649 4484 τὸν

391 4521 650 4592 praedicat
704 4521 987 4587 ibeatum?
1052 4537 1179 4575 num
1235 4520 1488 4574 mulieres
1540 4534 1570 4572 a
1631 4520 1907 4574 beatitudit

2126 4529 2236 4599 ’δρα
2287 4529 2447 4599 μόνον
2500 4529 2860 4599 ἐκλεξάμενος
2903 4526 3232 4598 μακαρίζεις
3277 4522 3385 4596 ἆρα
3438 4524 3514 4593 μὴ
3560 4519 3646 4574 τοῦ

391 4613 663 4669 exclusit?
695 4615 850 4669 Absit
876 4615 890 4670 ί
915 4614 1204 4668 Enimvero
1234 4613 1334 4667 viri
1368 4623 1422 4667 et
1476 4611 1718 4666 mulieris
1748 4628 1852 4666 una
1880 4629 1910 4666 e

2125 4621 2423 4691 ικαρισμοῦ
2465 4621 2564 4683 τάς
2603 4623 2868 4689 γυναῖκας
2918 4617 3239 4680 ἀπέκλεισε;
3279 4613 3368 4683 Μὴ
3405 4611 3645 4680 γένοιτοὶ

394 4707 567 4761 virtus
591 4719 607 4758 :
634 4705 1071 4776 quandoquidem
1101 4708 1381 4773 utriusque
1407 4705 1616 4759 creatio
1639 4704 1842 4759 honore
1868 4721 1914 4773 p:

2132 4714 2184 4766 ία
2228 4715 2334 4784 γὰρ
2366 4715 2536 4786 ἀρετὴ
2581 4714 2772 4784 ἀνδρὸς
2804 4713 2898 4766 καὶ⁸
2935 4711 3213 4780 γυναικὸς,
3255 4707 3444 4777 ἐπειδὴ
3489 4706 3643 4774 καὶὴ

393 4811 500 4864 est,
531 4816 594 4856 ac
617 4802 842 4871 proinde
869 4801 1152 4870 utriusque
1179 4816 1394 4870 quoque
1421 4815 1626 4854 merces
1641 4809 1726 4854 est
1749 4799 1913 4854 eaden

2127 4803 2244 4866 τίσις
2273 4804 2603 4875 ἀμφοτέροις
2629 4803 2912 4873 ὁμότιμος,
2939 4802 3078 4853 ὥστε
3106 4801 3198 4852 καὶ
3226 4800 3253 4850 ὁ
3279 4795 3470 4868 μισθὸς
3499 4799 3528 4848 6
3559 4795 3647 4846 αύο

393 4893 532 4949 Audi
576 4891 868 4948 Genesim:
910 4891 1054 4947 Fecit
1108 4893 1247 4948 Deus
1296 4891 1594 4956 hominem,
1650 4891 1858 4961 inquit;
1895 4907 1913 4942 ι

2123 4911 2158 4955 ις
2195 4893 2543 4964 ἀμφοτέροις.
2596 4893 2798 4946 Ἀκουε
2849 4893 2947 4963 τῆς
2989 4891 3278 4952 Γενέσεως·
3342 4888 3643 4953 Ἐποίησε,

467 5051 510 5084 ³¹
537 5051 643 5108 Tit.
671 5067 732 5115 ιι,
764 5052 850 5108 15.

355 5207 374 5240 Α
473 5188 584 5256 (98)
616 5188 955 5241 Colbertinus
985 5202 1122 5238 unus
1150 5185 1570 5256 bnopépwpsv.“
1614 5254 1621 5256 _
1756 5251 1768 5256 Δ
1854 5252 1865 5256 _

2080 5184 2432 5256 plicarentur.
2477 5250 2488 5256 _
2955 5243 2968 5256 ,
3035 5241 3047 5256 ,
3301 5239 3314 5256 .
3392 5239 3403 5251 .

610 5238 710 5311 ﬁr‘o
734 5238 1063 5310 ὑποκλέπτει
1099 5238 1358 5312 si-riliiiiii'
1396 5238 1713 5323 simpliciter
1756 5251 1809 5306 in
1836 5252 1972 5306 duo-

2153 5253 2230 5323 (3)
2268 5250 2577 5323 ln__duolms
2625 5263 2755 5323 mss.
2803 5258 2900 5323 pro
2947 5241 3253 5312 ὑπόμνησιν
3301 5239 3503 5306 legitur
3537 5238 3643 5320 ἐπί-

404 5315 506 5386 bus
537 5315 664 5382 mss.
696 5329 938 5381 κλέπτει.
1163 5395 1167 5396 ν
1502 5315 1515 5323 ’

2115 5315 2300 5392 ,νησικὴ
2338 5321 2434 5374 llic
2464 5322 2632 5382 locus,
2664 5318 2714 5369 id
2749 5315 2890 5384 quod
2923 5326 3303 5396 I'I‘Otillllllqllillll
3346 5324 3440 5362 usu
3478 5315 3635 5366 venit,

472 5398 548 5470 (1)
579 5398 756 5470 ροιιθχ
783 5415 926 5470 imus
950 5395 1331 5470 προεϐάλλετο.
1367 5464 1378 5470 _
1530 5464 1542 5470 _
1634 5462 1697 5470 η
1807 5467 1813 5470 _

2121 5382 2346 5470 oui-[latius
2533 5406 2612 5470 ex_
2653 5382 2881 5470 (ιιιοίιιιε.
2916 5382 3292 5470 frilpa‘pa‘r’s
3333 5388 3542 5470 sumpta

365 5465 376 5520 ἑ
474 5447 556 5533 ‘62,)
1116 5447 1488 5536 ἀποκειμένων
1520 5462 1758 5536 ἀγαθῶν,
1793 5467 1861 5516 At

2122 5466 2252 5536 Inist.
2281 5461 2298 5512 I
2323 5462 2387 5536 ad
2419 5459 2658 5536 Timoth.
2689 5473 2727 5536 I',
2768 5455 2828 5534 1-1
2871 5470 2883 5504 :
2916 5450 3075 5536 Ῑςατά
3102 5447 3176 5536 τδ
3203 5447 3533 5536 Εὐαγγὲλιεον

407 5517 555 5593 γῑεῖπί
582 5538 700 5590 libri
728 5554 889 5591 manu
923 5537 1150 5597 exarati,
1177 5517 1403 5592 unttriun
1431 5537 1480 5586 in
1514 5517 1632 5586 aliis
1660 5533 1927 5599 logiturtd

2121 5517 2236 5603 ίξης
2263 5529 2355 5584 τοῦ
2382 5528 2647 5599 μακαρίου
2689 5524 2848 5603 Θεοῦ”
2904 5524 3072 5576 altera
3087 5535 3233 5603 :ero
3277 5535 3342 5571 ex
3370 5517 3641 5603 'Ep_ist._ail

412 5607 789 5676 ἀποκειμένων
815 5608 1046 5660 αἰωνίων
1069 5589 1316 5676 ἀγαθῶνή
1375 5605 1427 5657 in
1472 5605 1589 5676 aliis
1616 5589 1931 5676 VCI‘iiiSll-ilpi

2123 5589 2264 5676 ’iiiiiu
2298 5589 2456 5676 11..Ιῇ
2490 5616 2504 5652 :
2536 5589 2645 5654 Καὶ
2669 5595 3060 5666 ἐπιφάνειαν...
3087 5591 3336 5662 Σωτῆρος
3359 5589 3516 5659 ἡμῶν
3553 5589 3643 5658 ’1η⁹

415 5680 531 5729 cius
562 5669 667 5728 τῶν
692 5678 923 5730 αἰωνίων
947 5669 1184 5743 ἀγαθῶν
1231 5686 1283 5728 et
1308 5675 1377 5727 ita
1415 5675 1696 5739 scripsisse
1725 5672 1935 5743 Basilio:

947 5669 1184 5743 ἀγαθῶν
1231 5686 1283 5728 et
1308 5675 1377 5727 ita
1415 5675 1696 5739 scripsisse
1725 5672 1980 5743 Basilium
2089 5673 2181 5728 σοῦ
2209 5669 2463 5743 Χριστοῦ.

415 5757 688 5816 putamus,
728 5762 794 5801 ue
819 5760 974 5801 voces
997 5740 1069 5800 ‘in
1094 5761 1170 5798 ων
1203 5744 1511 5800 desinentes
1542 5745 1742 5799 lrustra
1795 5740 1977 5797 multi-
