3850 6218
181 321 297 380 217

1395 319 1683 378 HOMILIA
1715 319 1784 376 IN
1823 315 2154 374 PSALMUM
2193 317 2236 372 ι.

3335 327 3443 389 218

182 437 344 511 φησὶ,
363 445 370 458 ⁸
389 437 424 490 ό
457 415 604 501 Θεδς
651 435 762 490 τὸν
808 435 1142 506 ἄνθρωπον⁸
1193 435 1320 488 κατ’
1378 435 1585 488 είκόνα
1619 433 1760 499 Θεοῦ

1871 431 2152 502 imaginem
2185 430 2284 484 Dei
2305 429 2432 500 fecit
2459 430 2609 486 illum
2627 447 2650 498 ς
2671 433 2966 490 masculum
2995 445 3044 492 et
3069 437 3322 508 feminam
3363 446 3444 515 fe-

180 525 475 593 ἐποίησεν
516 525 736 578 αὐτόν·
781 525 970 595 ἄρσεν
1003 525 1102 579 καὶ
1141 524 1298 596 θῆλυ
1341 524 1630 592 ἐποίησεν
1659 527 1764 578 αὺ-

181 618 350 680 τούς.
385 610 484 668 Ὧν
510 617 568 670 δὲ
595 618 629 682 ἡ
671 617 832 686 φύσις
875 618 995 690 μία,
1034 618 1240 672 τούτων
1276 619 1372 672 καὶ
1409 619 1680 688 ἐνέργειαι
1707 619 1763 670 αἱ

181 708 350 764 αὐταί
365 707 465 780 (4)-
497 703 572 762 ὧν
593 708 650 762 δὲ
677 709 738 762 τὸ
769 709 927 782 ἔργον
962 712 1095 772 ἴσον,
1119 711 1318 763 τούτων
1347 709 1437 762 καί
1465 712 1492 762 6
1521 707 1710 780 μισθὸς
1737 709 1766 762 6

179 803 368 864 αὐτός.
408 800 507 854 Διὰ
553 801 609 854 τί
658 797 772 866 οὖν,
827 802 1018 872 ἀνδρὸς
1067 801 1346 873 μνησθεὶς,
1397 801 1498 871 τὴν
1533 803 1767 868 γυναῖκα

179 891 606 964 ἁπεσιὼπησεν;
651 895 772 947 Ὅτι
801 894 990 966 ἀρκεῖν
1019 895 1284 966 ἡγήσατο,
1322 894 1450 963 μιᾶς
1477 891 1643 964 οὔσης
1666 893 1764 964 τῆς

182 983 423 1053 φύσεως,
451 985 514 1036 ἐκ
537 981 632 1036 τοῦ
673 985 1144 1055 ἡγεμονικωτέρου
1171 985 1233 1036 τὺ
1261 984 1381 1037 ὅλον
1410 983 1762 1048 ἐνδείξασθαι.

179 1073 488 1142 Μακάριος
498 1069 610 1128 οὖν
620 1074 796 1142 ἀνὴρ,
813 1073 879 1140 ὃς
891 1077 1000 1130 οὐκ
1018 1076 1312 1143 ἐπορεύθη
1328 1076 1397 1128 ἐν
1405 1074 1613 1144 ,ϐουλῇ
1624 1077 1766 1130 ἀσε-

182 1165 326 1220 ϐῶν.
347 1167 544 1220 Σκόπει
563 1166 672 1220 τῶν
702 1169 961 1239 ῥημάτων
981 1167 1040 1220 τὸ
1066 1168 1289 1240 ἀκριϐὲς
1307 1169 1403 1239 (5),
1422 1168 1538 1231 πῶς
1558 1169 1762 1240 ἑκάστη

183 1257 334 1324 λέξις
371 1257 654 1328 δογμάτων
695 1259 1068 1330 πεπλήρωται.
1100 1261 1212 1314 Οὺκ
1237 1255 1411 1326 εἶπεν,
1453 1261 1549 1324 Ὃς
1578 1261 1638 1314 οὐ
1670 1277 1766 1313 πο-

187 1351 406 1422 ρεύεται
438 1351 495 1404 ἐν
525 1350 684 1422 βουλῇ
713 1350 946 1416 ἀσεϐῶν,
991 1351 1128 1418 ἀλλ’,
1173 1354 1271 1418 Ὃς
1311 1355 1420 1406 οὐκ
1451 1351 1760 1420 ἐπορεύθη.

197 1437 260 1493 Ὃ
296 1441 394 1510 μὲν
423 1441 532 1511 γὰρ
577 1443 634 1494 ἐν
671 1440 750 1512 τῷ
794 1441 891 1511 βίῳ
917 1443 1198 1513 τυγχάνων
1228 1441 1380 1497 οὔπω
1408 1445 1761 1514 μακαριστός,

181 1532 277 1586 διὰ
307 1531 370 1586 τὸ
409 1533 601 1604 ἄδηλον
628 1535 726 1605 τῆς
769 1533 1072 1599 ἐκϐάσεως·
1103 1537 1132 1588 ό
1169 1536 1226 1588 δὲ
1261 1535 1668 1608 συμπληρώσας
1696 1537 1764 1590 τὰ

181 1624 560 1690 ἐπιϐάλλοντα,
589 1627 683 1680 καὶ
721 1628 1097 1699 ἀναντιρῤήτῳ
1128 1628 1270 1681 τέλει
1293 1629 1390 1700 τὴν
1423 1627 1566 1700 ζωὴν
1590 1646 1762 1682 κατα-

178 1716 426 1780 κλείσας,
455 1709 610 1780 οὗτος
645 1718 742 1790 ἤδη
773 1717 1030 1786 ἀσφαλῶς
1062 1718 1442 1791 μακαρίζεται.
1471 1721 1568 1774 Διὰ
1591 1721 1644 1774 τί
1671 1717 1763 1776 οὖν

1867 525 1940 578 cit
1997 523 2169 576 eos".
2209 519 2448 588 Quorum
2507 534 2686 580 autem
2741 535 2937 582 natura
2989 531 3340 598 una,horum
3385 547 3442 591 et

1866 613 2110 670 actiones
2135 615 2334 668 eaedem
2363 631 2378 681 ;
2407 629 2637 684 quorum
2675 627 2759 672 est
2788 621 2996 689 aequale
3043 637 3202 693 opus,
3247 629 3440 682 horum

1865 712 1922 757 et
1949 717 2158 758 merces
2181 705 2393 759 eadem.
2425 707 2604 772 Quare
2629 721 2782 778 ergo,
2811 710 2911 764 viri
2947 711 3088 767 facta
3139 717 3438 782 mentione,

1867 795 2148 850 mulierem
2197 797 2696 862 tacuitiQuoniam
2733 802 2868 856 satis
2919 817 3040 858 esse
3085 807 3438 873 existimavit,

1867 902 1987 942 cum
2007 902 2110 942 una
2133 889 2204 944 sit
2227 897 2422 944 natura
2439 888 2742 953 amborum,
2773 905 2870 960 per
2893 894 3214 964 praecipuam
3231 909 3439 964 partem

1867 988 2036 1034 totum
2064 980 2390 1048 signiﬁca-re.
2415 980 2608 1035 Beatus
2631 981 2738 1052 93
2763 984 2924 1052 igitur
2953 985 3047 1048 vir,
3071 988 3160 1056 qui
3187 1003 3288 1041 non
3313 990 3442 1044 abiit

1863 1073 1920 1127 in
1945 1073 2168 1128 concilio
2213 1073 2518 1142 impiorum.
2558 1073 2849 1130 Considera
2886 1077 3174 1133 verborum
3215 1093 3440 1135 accura-

1867 1165 2069 1220 tionem
2105 1183 2120 1222 :
2159 1165 2426 1234 quomodo
2450 1165 2702 1234 quaelibet
2731 1165 2898 1223 dictio
2922 1170 3207 1225 sententiis
3235 1171 3437 1227 referta

1865 1256 1958 1312 sit.
1992 1255 2109 1312 Non
2135 1256 2291 1323 dixit,
2323 1255 2426 1322 Qui
2462 1271 2568 1310 non
2603 1258 2718 1312 abit
2763 1258 2818 1312 in
2849 1259 3076 1314 consilio
3105 1261 3390 1330 impiorum
3421 1283 3438 1333 ;

1866 1351 1986 1414 sed,
2022 1348 2126 1414 Qui
2155 1365 2260 1403 non
2289 1350 2442 1403 abiit.
2489 1349 2590 1416 Qui
2623 1350 2764 1404 enim
2795 1351 2848 1406 in
2891 1352 2995 1408 hac
3021 1353 3130 1408 vita
3169 1367 3440 1422 versatur,

1867 1440 2102 1494 nondum
2134 1449 2356 1510 propter
2387 1443 2652 1494 incertum
2697 1442 2902 1496 exitum
2945 1444 3133 1499 beatus
3165 1455 3250 1500 est
3293 1461 3435 1516 pra:-

1867 1531 2168 1586 dicandus:
2201 1531 2290 1600 qui
2318 1545 2446 1586 vero
2473 1546 2626 1586 suum
2651 1533 3220 1602 expleveritoﬂicium,
3248 1539 3442 1593 vitam-

1864 1638 1970 1693 que
1998 1634 2148 1678 certo
2187 1623 2294 1678 line
2323 1623 2602 1690 clauserit,
2635 1626 2679 1680 is
2719 1625 2830 1694 jam
2859 1627 3047 1682 beatus
3083 1639 3195 1683 tuto
3219 1631 3439 1686 dicitur.

1865 1713 1977 1770 Cur
2005 1716 2171 1786 igitur
2201 1715 2344 1770 beati
2383 1715 2472 1784 qui
2497 1716 2776 1771 ambulant
2805 1718 2855 1772 in
2888 1719 3005 1788 lege
3035 1719 3294 1774 Domini?
3333 1737 3438 1776 non

183 1805 446 1876 μακάριοι
494 1807 542 1858 oi
587 1806 943 1878 πορευόμενοι
987 1809 1044 1862 ἐν
1076 1807 1224 1879 νόμῳ
1275 1808 1512 1879 Κυρίου;
1561 1811 1620 1863 οὺ
1653 1811 1760 1884 γὰρ

1870 1807 2005 1860 etaim
2035 1807 2122 1861 hic
2173 1805 2452 1876 Scriptura
2487 1821 2582 1862 eos
2609 1810 2700 1876 qui
2743 1809 3177 1877 ambulaverunt,
3210 1814 3304 1866 sed
3345 1827 3442 1868 eos

178 1897 312 1960 τοὺς
341 1898 706 1969 πορευθέντας
748 1900 883 1962 ἐκεῖ,
916 1899 1058 1953 ἀλλὰ
1081 1901 1208 1963 τοὺς
1246 1899 1326 1953 ἔτι
1366 1903 1762 1973 πορευομένους

181 1991 556 2060 μακαριστοὺς
606 1992 634 2043 ό
677 1991 831 2059 λόγος
864 1991 1114 2044 τίθεται·
1148 1992 1230 2044 ὅτι
1264 1995 1312 2045 ol
1341 1994 1402 2046 τὸ
1439 1994 1639 2062 ἀγαθὸν
1673 1995 1764 2066 ἐρ-

177 2082 496 2153 γαζόμενοι,
525 2085 582 2138 ὲν
629 2084 776 2155 αὐτῷ
807 2083 884 2155 τῷ
919 2083 1066 2156 ἔργῳ
1099 2085 1160 2138 τὸ
1197 2085 1490 2139 ἀπόδεκτον
1514 2086 1726 2156 ἔχουσιν
1745 2105 1760 2118 ·

177 2175 234 2227 οἱ
259 2175 320 2226 δὲ
352 2173 412 2227 τὸ
439 2176 608 2230 κακὸν
637 2175 928 2246 φεύγοντες
953 2176 1075 2240 οὐκ,
1103 2175 1196 2229 ἐὰν
1221 2176 1368 2243 ἅπαξ
1399 2194 1500 2230 που
1529 2178 1561 2248 ἢ
1585 2177 1764 2230 δεύτε-

183 2285 279 2340 ρον
311 2267 598 2321 ἐκκλίνωσι
644 2269 746 2340 τὴν
798 2269 1094 2340 ἁμαρτίαν,
1147 2270 1441 2336 ἐπαινετοὶ,
1501 2269 1614 2323 ἀλλ’
1667 2269 1762 2322 ἐὰν

173 2357 450 2430 δυνηθῶσι
477 2359 570 2412 τοῦ
600 2359 771 2412 κακοῦ
800 2361 900 2431 τὴν
929 2363 1122 2431 πεῖραν
1154 2362 1236 2424 είς
1261 2360 1322 2412 τὸ
1351 2361 1612 2424 παντελὲς
1635 2361 1755 2414 δια-

173 2453 395 2525 δρᾶναι.
437 2453 532 2506 Ἐκ
559 2453 614 2506 δὲ
641 2453 737 2524 τῆς
752 2453 846 2506 τοῦ
870 2453 1028 2522 λόγου
1079 2453 1395 2517 ἀκολουθίας
1445 2455 1540 2508 καὶ
1580 2455 1762 2524 ἕτερον

175 2551 214 2618 ἡ
227 2549 334 2620 μίνκ
347 2547 550 2618 ἄπορον
573 2547 814 2616 ἀνεφάνη
831 2547 931 2618 (6).
947 2547 1044 2600 Διὰ
1063 2547 1116 2598 τί
1136 2547 1256 2616 οὐχὶ
1269 2546 1360 2601 τὸν
1399 2547 1764 2617 κατορθοῦντα

177 2639 282 2710 τὴν
314 2639 514 2710 ἀρετὴν
542 2639 858 2710 μακαρίζει,
883 2639 1021 2692 ἀλλὰ
1045 2640 1134 2692 τὸν
1173 2641 1247 2711 μὴ
1274 2638 1610 2709 πεποιηκότα
1665 2638 1762 2708 τὴν

176 2731 494 2802 ἀμαρτίαν;
529 2729 714 2794 Οὕτως
739 2729 848 2800 γὰρ
871 2730 964 2783 καὶ
995 2731 1180 2796 ἵππος,
1211 2731 1303 2783 καὶ
1325 2727 1471 2799 βοῦς,
1501 2728 1594 2780 καὶ
1619 2726 1764 2790 λίθος

179 2823 676 2896 μακαρισθήσεται.
694 2823 850 2876 Ποῖον
874 2823 980 2895 γὰρ
1003 2823 1208 2892 ἄψυχον
1226 2821 1354 2891 ἔστη
1379 2823 1436 2874 ἐν
1457 2820 1562 2890 ὁδῷ
1586 2822 1762 2892 ἁμαρ-

171 2915 368 2968 τωλῶν
392 2936 406 2981 ί
423 2917 622 2986 ἢ-ποίον
635 2915 826 2982 ἄλογον
841 2915 930 2967 ἐπὶ
946 2914 1182 2985 καθέδρᾳ
1197 2914 1271 2984 (7)
1291 2913 1368 2966 λοι
1377 2911 1492 2983 μῶν
1511 2913 1730 2965 ἐκάθισε
1744 2929 1758 2978 ;

173 3009 394 3078 Μικρὸν
427 3007 523 3078 μὲν
552 3003 643 3060 οὖν
691 3005 986 3076 ἀναμείνας
1009 3049 1020 3064 ,
1069 3006 1320 3076 εὑρήσεις
1355 3005 1411 3057 τὸ
1441 3005 1595 3074 ίάμα.
1642 3005 1764 3054 Ἐπ-

175 3099 306 3167 άγει
335 3099 460 3170 γάρ’
480 3097 632 3152 Ἀλλ’
651 3097 687 3166 ἣ
714 3099 783 3151 ἐν
806 3097 880 3168 (8)
901 3095 978 3161 τῷ
1011 3095 1172 3164 νόμῳ
1199 3095 1420 3163 Κυρίου
1447 3096 1511 3147 τὸ
1535 3093 1762 3163 θέλημα

1865 1895 1956 1966 qui
1983 1897 2160 1976 adhuc
2186 1895 2485 1958 ambulant,
2513 1895 2768 1962 praedicat
2797 1897 2984 1952 beatos
3018 1915 3032 1952 :
3066 1899 3320 1967 quoniam
3345 1901 3441 1969 qui

1867 1989 2068 2045 faciunt
2097 1991 2316 2056 bonum,
2346 1990 2400 2042 in
2427 1989 2540 2057 ipsa
2571 1990 2782 2044 actione
2813 2003 3220 2060 consequuntur
3247 2007 3443 2063 appro-

1863 2082 2179 2144 bationem;
2215 2079 2314 2134 sed
2383 2078 2476 2148 Qui
2531 2079 2704 2132 vitant
2755 2081 2974 2144 malum,
3031 2082 3284 2138 laudandi
3333 2101 3440 2140 non

1864 2182 2008 2236 sunt,
2039 2173 2082 2228 si
2118 2172 2259 2227 forte
2275 2171 2442 2226 semel
2463 2183 2556 2226 aut
2581 2174 2776 2228 iterum
2799 2183 3076 2242 peccaturo
3095 2177 3440 2243 evitaverint,

1863 2265 1956 2320 sed
1989 2265 2033 2320 si
2061 2265 2283 2319 omnino
2317 2265 2444 2318 mali
2473 2265 2866 2332 experientiam
2895 2267 3170 2322 declinare
3209 2270 3438 2336 possint.

1862 2350 2040 2419 Atque
2069 2351 2230 2404 etiam
2255 2349 2424 2404 altera
2459 2350 2748 2405 dillicultas
2770 2366 2834 2406 ex
2860 2353 3121 2406 orationis
3147 2357 3288 2409 serie
3319 2369 3442 2410 sese

1863 2442 2022 2496 nobis
2069 2441 2316 2496 obtulit:
2354 2441 2463 2496 Cur
2508 2457 2631 2496 eum
2679 2443 2768 2512 qui
2821 2443 2952 2498 colit
3003 2444 3282 2510 virtutem,
3333 2461 3440 2500 non

1867 2530 2011 2584 dicat
2039 2530 2280 2596 beatum,
2307 2532 2404 2586 sed
2445 2546 2589 2596 eum,
2631 2533 2722 2602 qui
2751 2543 3029 2596 peccatum
3069 2549 3177 2588 non
3203 2535 3438 2592 admisit.

1862 2618 1976 2674 Hac
2006 2622 2148 2674 enim
2175 2625 2388 2678 ratione
2407 2637 2598 2692 equus,
2619 2625 2714 2678 bos
2741 2633 2796 2678 et
2829 2623 2962 2694 lapis
2987 2624 3167 2680 felices
3191 2635 3442 2696 poterunt

1862 2713 2142 2782 appellari.
2192 2715 2322 2782 Quae
2373 2716 2518 2770 enim
2569 2730 2656 2770 res
2708 2716 3002 2770 inauintata
3055 2719 3206 2772 stetit
3255 2718 3308 2770 in
3353 2719 3441 2772 via

1861 2807 2246 2876 peccatorum?
2267 2815 2360 2862 aut
2377 2823 2498 2874 quae
2521 2821 2609 2862 res
2635 2809 2860 2861 rationis
2883 2823 3078 2878 expers
3101 2809 3154 2861 in
3181 2810 3439 2864 cathedra

1861 2901 2179 2970 pestilentia:
2204 2901 2384 2956 sedit?
2417 2899 2666 2956 Profecto
2689 2901 2732 2954 si
2769 2900 3043 2969 paululum
3081 2911 3444 2968 exspectave-

1863 2991 1958 3056 ris,
1993 2991 2288 3045 remedium
2314 2989 2576 3044 invenies.
2611 2987 2780 3043 Infert
2811 2989 2956 3043 enim
2990 2989 3184 3059 (Vl-IRS.
3211 2989 3300 3058 2):
3331 2989 3438 3044 Sed

1862 3080 1918 3134 in
1974 3081 2084 3150 lege
2140 3080 2358 3134 Domini
2411 3080 2656 3136 voluntas
2701 3079 2834 3149 ejus.
2885 3078 3054 3134 Porro
3082 3080 3278 3134 divinae
3305 3080 3440 3149 legis

174 3163 390 3246 autat).
407 3163 561 3244 θείου
576 3191 632 3244 δὲ
646 3163 824 3262 νόμου.
831 3163 1025 3261 μελέτη
1043 3163 1136 3240 ἐπὶ
1165 3187 1256 3240 τόν
1280 3188 1494 3254 λογικὸν
1514 3187 1668 3257 μόνον
1688 3187 1760 3258 (9)

1870 3171 2146 3226 meditatio
2169 3172 2218 3226 ei
2247 3171 2372 3236 soli,
2415 3172 2506 3241 qui
2535 3171 2804 3241 particeps
2829 3169 3056 3224 rationis
3087 3179 3193 3236 est,
3232 3183 3434 3223 conve-

176 3284 394 3339 πίπτει.
419 3283 608 3354 Ἡμεῖς
631 3283 688 3336 δὲ
711 3285 928 3337 κάκεῖνο
948 3281 1056 3354 (ιθ)
1079 3282 1326 3351 λέγομεν,
1358 3281 1438 3332 ὅτι
1472 3278 1612 3350 ἀρχὴ
1631 3279 1764 3349 πρὸς

173 3373 278 3445 τὴν
319 3373 582 3444 ἀνάληψιν
611 3376 718 3426 τῶν
748 3373 946 3438 καλῶν,
987 3375 1019 3443 ἡ
1055 3371 1398 3441 ἀναχώρησις
1423 3369 1532 3422 τῶν
1557 3369 1760 3422 κακῶν.

179 3469 515 3521 Ἐκκλινον
547 3467 677 3540 γὰρ,
714 3469 902 3540 φησιν,
942 3467 1062 3522 ἀπὸ
1113 3465 1325 3529 κακοῦ,
1361 3465 1462 3520 καί
1502 3466 1765 3533 ποίησον·

175 3559 430 3628 ἀγαθόν.

253 3645 306 3699 4.
327 3647 510 3715 Σοφῶς
526 3643 618 3700 οὖν
643 3647 736 3700 καὶ
767 3647 1028 3719 ἐντέχνως
1048 3649 1340 3718 προσάγων
1369 3649 1514 3719 ἡμᾶς
1546 3649 1626 3710 εἰς
1651 3647 1762 3718 (ll)

173 3737 403 3808 ἀρετὴν,
433 3739 530 3810 τὴν
556 3737 903 3811 ἀναχώρησιν
926 3742 1024 3810 τῆς
1049 3741 1249 3803 κακίας
1273 3741 1447 3812 ἀρχὴν
1469 3741 1764 3809 ἐποιήσατο

179 3826 290 3880 τῶν
341 3825 538 3880 καλῶν.
583 3829 647 3879 El
676 3827 784 3898 γὰρ
822 3825 983 3890 εὐθὺς
1035 3827 1304 3898 προέϐαλέ
1340 3843 1422 3878 σοι
1459 3825 1527 3877 τὰ
1559 3824 1760 3890 τέλεια,

169 3919 516 3990 ἀπώκνησας
555 3919 621 3973 ἂν
647 3919 783 3990 πρὸς
826 3917 924 3990 τὴν
954 3920 1294 3990 ἐγχείρησιν⁸
1333 3917 1426 3970 νῦν
1453 3915 1510 3968 δὲ
1539 3918 1652 3978 τοῖς
1680 3915 1766 3968 εὑ-

175 4009 532 4080 ληπτοτέροις
586 4027 644 4062 σε
683 4009 1014 4080 προσεθίζει,
1062 4011 1148 4062 ἵνα
1193 4007 1612 4079 κατατολμήσῃς
1653 4005 1764 4058 τῶν

169 4097 398 4169 ἑφεξῆς.
433 4101 676 4170 Κλίμακι
715 4100 824 4170 γὰρ
872 4099 1250 4172 προσεοικέναι
1282 4099 1447 4168 φαίην
1479 4097 1545 4152 ἂν
1589 4097 1762 4164 ἔγωγε

171 4201 280 4272 τῆς
307 4199 588 4264 εὐσεϐείας
627 4207 726 4272 την
754 4200 986 4270 ἄσκησιν
1010 4215 1023 4229 ’
1074 4199 1302 4269 κλίμακι
1327 4193 1532 4268 ἐκείνῃ,
1557 4193 1624 4264 ἢν
1649 4191 1758 4246 εἶδέ

183 4325 313 4361 ποτε
346 4309 374 4358 6
403 4307 668 4378 μακάριος
709 4303 923 4366 Ἰακὼϐ,
951 4299 1020 4374 ἦς
1046 4302 1115 4356 τὰ
1156 4302 1254 4373 μὲν
1303 4295 1370 4371 ἦν
1395 4295 1665 4370 πρόσγεια
1702 4313 1761 4349 τε

175 4411 280 4465 καὶ
311 4409 420 4480 (12)
455 4409 788 4480 χαμαίζηλα,
814 4409 880 4462 τὰ
913 4409 970 4462 δὲ
999 4407 1143 4478 ὑπὲρ
1172 4404 1334 4458 αὐτὸν
1357 4403 1458 4472 ήδη
1493 4402 1586 4456 τὸν
1608 4401 1764 4454 οὐοα-

171 4509 270 4564 νὺν
301 4510 538 4562 ἁνετείνε

173 4611 304 4665 κατ’
343 4609 542 4682 ἀρετὴν
569 4609 682 4679 βίον
712 4611 825 4672 τοῖς
853 4605 1092 4680 πρώτοις
1119 4605 1347 4678 βαθμοῖς
1375 4601 1685 4657 ἐπιϐάλλειν
1703 4601 1767 4653 τὸ

175 4719 352 4788 τχνος,
381 4715 638 4771 κάκεῖθεν
663 4715 752 4769 ἀεὶ
783 4713 892 4768 τῶν
933 4712 1131 4784 ἐφεξῆς
1174 4711 1498 4773 ἐπιϐαίνειν,
1549 4707 1654 4772 ἕως
1695 4707 1762 4760 ἂν

175 4827 324 4900 πρὸς
349 4825 410 4880 1:6
447 4825 668 4898 ἐφικτὸν
699 4823 832 4894 ὕψος
869 4825 938 4894 τῇ
981 4819 1294 4893 ἀνθρωπίνῃ
1341 4817 1500 4888 φύσει
1543 4814 1630 4868 διὰ
1661 4814 1760 4884 τῆς

1865 3262 1966 3316 ιιίι.
1989 3261 2096 3316 Nos
2129 3271 2310 3316 autem
2343 3271 2398 3316 et
2427 3261 2556 3314 illud
2609 3261 2858 3325 dicimus,
2895 3260 3218 3328 principium
3261 3260 3436 3314 bono-

1865 3369 1983 3407 rum
2014 3355 2488 3422 acquirendorum,
2519 3367 2790 3406 recessum
2821 3366 2944 3408 esse
2969 3367 3000 3406 a
3027 3352 3189 3406 malo.
3219 3351 3438 3406 Declina

1863 3463 1896 3500 α
1928 3445 2092 3512 malo,
2125 3446 2315 3516 inquit,
2347 3457 2394 3500 et
2423 3446 2508 3516 [ac
2537 3447 2728 3499 bonum
2748 3445 2812 3496 ³³.

1933 3641 1988 3696 4.
2023 3641 2208 3712 Itaque
2249 3657 2372 3697 cum
2425 3644 2494 3698 ad
2548 3643 2802 3698 virtutem
2837 3657 2934 3698 nos
2987 3643 3287 3706 induceret,
3344 3657 3435 3697 sa-

1863 3732 2079 3803 pienter
2103 3749 2166 3788 ac
2199 3733 2334 3788 scite
2359 3733 2615 3787 vitiorum
2665 3731 2868 3802 fugam,
2903 3734 3166 3786 bonorum
3213 3733 3424 3785 initium

1864 3825 2024 3880 fecit.
2057 3825 2270 3879 Etenim
2306 3825 2352 3879 si
2383 3826 2562 3880 statim
2611 3839 2672 3881 ea
2717 3837 2839 3893 quae
2885 3831 3008 3878 sunt
3051 3821 3308 3891 perfecta,
3339 3821 3434 3876 tibi

1861 3918 2248 3988 proposuisset,
2299 3917 2368 3972 ad
2394 3931 2457 3972 ea
2511 3917 2763 3972 tentanda
2821 3915 3015 3969 fuisses
3051 3912 3448 3978 cunctantior;.

1863 4025 2006 4064 nunc
2031 4023 2160 4064 vero
2197 4008 2265 4063 ad
2289 4023 2352 4063 ea
2379 4023 2500 4078 quae
2527 4017 2684 4078 captu
2717 4007 2956 4061 faciliora
2986 4013 3129 4068 sunt,
3165 4014 3216 4060 te
3249 4019 3436 4059 assue-

1863 4099 2012 4166 facit,
2043 4107 2102 4155 ut
2121 4115 2186 4155 ea
2201 4115 2318 4170 quae
2335 4105 2652 4168 sequuntur,
2679 4097 3016 4168 aggrediare.
3047 4095 3160 4164 Ego
3183 4095 3434 4165 equidem

1865 4191 2082 4262 pietatis
2107 4191 2558 4246 exercitationem
2590 4189 2752 4244 scala:
2783 4187 3120 4244 consimilem
3149 4199 3270 4241 esse
3309 4199 3434 4240 cre-

1863 4284 2116 4349 diderim,
2157 4283 2406 4338 videlicet
2427 4284 2584 4338 scalae
2607 4282 2702 4346 illi,
2733 4295 2896 4350 quam
2915 4279 3102 4334 beatus
3117 4277 3284 4336 Iacob
3303 4277 3432 4332 olim

1863 4375 2017 4444 vidit,
2070 4376 2225 4447 cujus
2269 4375 2485 4445 quidem
2536 4389 2662 4443 pars
2705 4385 2910 4427 terram
2969 4372 3243 4440 tangebat,
3294 4377 3438 4422 erat-

541 4467 622 4564 πο.
651 4461 814 4561 "iter:
837 4507 917 4560 δεῖ
941 4509 1066 4570 τοὺς
1095 4461 1480 4575 εἰσαγομένους
1511 4501 1648 4574 πρὸς
1669 4501 1760 4555 τὸν

1870 4483 1972 4538 que
2025 4467 2172 4522 humi
2206 4469 2484 4536 depressa,
2539 4480 2666 4534 pars
2696 4478 2826 4519 vero
2865 4463 3035 4516 altera
3073 4461 3213 4516 ultra
3257 4461 3434 4528 ipsum

1863 4559 2057 4614 ctelum
2087 4559 2482 4628 porrigebatur.
2519 4555 2698 4623 Quare
2729 4569 2950 4610 necesse
2989 4561 3096 4618 est,
3145 4560 3206 4606 ut
3259 4551 3296 4606 ii
3338 4548 3434 4618 qui

1862 4658 1990 4703 sunt
2057 4649 2123 4702 ad
2177 4649 2433 4703 virtutem
2497 4645 2862 4712 instituendi,
2917 4645 3110 4714 primis
3175 4642 3436 4712 gradibus

1859 4741 2184 4796 admoveant
2211 4740 2524 4811 vestigium,
2549 4739 2782 4808 indeque
2803 4740 2870 4794 ad
2919 4745 3210 4807 sequentes
3236 4735 3434 4805 gradus

1857 4847 2072 4901 semper
2093 4835 2386 4902 progressi,
2413 4835 2628 4888 tandem
2655 4831 2910 4901 paulatim
2931 4830 3342 4901 progrediendo,
3365 4827 3432 4882 ad

173 4934 302 4989 κατ’
334 4933 512 5002 ὀλίγον
537 4931 822 5004 προκοπῆς
851 4927 1144 4983 ἀναϐῶσιν.
1181 4927 1392 4997 Ὥσπερ
1417 4919 1511 4977 οὖν
1539 4921 1632 4974 ἐπὶ
1661 4919 1760 4988 τῆς

1870 4919 2194 4977 tltitudinem
2234 4922 2486 4977 humana:
2529 4933 2736 4976 natura:
2783 4935 2888 4976 non
2933 4921 3192 4990 imparem
3241 4932 3430 4988 perve-

251 5071 298 5101 ”
338 5067 531 5124 Cenes.
567 5084 609 5134 ι,
633 5067 724 5122 27.
799 5067 845 5098 ³³
881 5063 1028 5121 Psal.
1059 5075 1253 5128 xxxvr,
1284 5059 1376 5114 27.

257 5209 336 5282 (ξ)
365 5209 458 5282 §ic
485 5223 616 5282 mss.
640 5206 902 5282 plerique.
929 5204 1092 5282 Abest
1127 5199 1389 5282 articulus
1420 5197 1487 5282 a‘b
1505 5196 1748 5282 excusis;

255 5267 336 5344 (5)
363 5279 540 5332 Etlitio
568 5267 740 5332 Paris.
772 5267 962 5329 σκόπει
985 5269 1380 5344 τῶνίρημάτων
1411 5267 1471 5320 τὸ
1501 5267 1746 5344 ᾁκριϐὲς,

171 5339 376 5405 σκόπει
403 5347 544 5413 πῶς,
590 5359 696 5402 etc.
745 5345 848 5400 Sed
879 5361 980 5398 vox
1021 5339 1210 5413 σκόπεξ
1261 5339 1458 5413 primo
1487 5341 1750 5413 duntaxat

169 5420 300 5476 loco
331 5419 384 5472 in
415 5407 542 5473 nise:
577 5417 794 5485 legitur,
811 5429 910 5469 nec
937 5413 1133 5468 mirum
1159 5411 1210 5466 id
1233 5407 1402 5464 videri
1428 5407 1606 5472 debet,
1626 5419 1747 5458 cum

167 5489 420 5548 secundo
449 5491 568 5542 loco
597 5485 1131 5557 prorsusredundet.

251 5557 546 5630 (9)90dex
579 5553 945 5630 linusévéwt-

247 5613 328 5710 5‘73
359 5627 496 5681 eam
529 5637 586 5682 et
623 5613 756 5684 mss.
785 5613 991 5694 aliquot
1021 5615 1422 5692 καθέδρα.Αιίἱ,
1455 5613 1743 5685 καθέδρας.

167 5697 306 5758 Alta,
337 5697 627 5758 καθέδραν.
1330 5755 1368 5758 _
1414 5755 1423 5758 _
1458 5755 1467 5758 Α
1613 5753 1622 5758 _
1666 5755 1677 5758 _

247 5697 306 5760 ii,
337 5697 627 5760 καθέδραν.

247 5715 306 5760 tt,
337 5715 627 5770 καυεοραν.
1413 5755 1424 5767 .
1457 5755 1468 5768 .

245 5767 328 5842 (8)
356 5769 447 5826 Sic
473 5783 631 5838 mss.,
661 5764 854 5840 quibus
881 5761 1066 5822 favent
1101 5759 1292 5818 Biblia.
1330 5755 1472 5814 Edttt
1501 5753 1638 5810 ἀλλὰ
1663 5755 1742 5811 ἐν.

1925 5193 2002 5262 (9)
2029 5192 2162 5259 Reg.
2191 5190 2595 5262 secundusent
2639 5189 2748 5244 τῶν
2777 5187 3014 5257 λογικῶν
3063 5188 3243 5258 μόνον.
3277 5185 3426 5242 Colb.

1855 5261 2062 5336 primus
2075 5261 2186 5336 *ἐπὶ
2213 5261 2275 5314 τὺ
2301 5261 2536 5336 λογικόν.

1928 5331 2040 5404 (10)
2071 5331 2198 5388 Post
2230 5326 2413 5386 vocem
2449 5333 2672 5385 κάκεῖνο
2715 5329 2767 5384 in
2811 5329 2984 5385 tribus
3033 5342 3164 5382 mss.
3213 5326 3432 5380 additur

1861 5403 2042 5475 pdvov.

1928 5471 2342 5542 (inscriptum
2389 5469 2663 5542 invenitur
2713 5469 2768 5542 in
2815 5468 2989 5542 tribus
3023 5481 3154 5521 mss.
3192 5465 3432 5542 sledmov

1855 5535 2002 5614 ἡμᾶς
2023 5535 2414 5614 πρός-Ἰὺὶάοιῃ
2441 5539 2571 5614 Reg.
2603 5540 2796 5614 tertius
2819 5535 3165 5614 ᾁναχῶρησιν
3192 5535 3302 5588 τῶν
3329 5551 3432 5590 καο

1855 5609 1968 5668 κῶν
1991 5609 2348 5682 ποιούμενος,
2373 5609 2546 5680 ἀρχὴν
2566 5609 2676 5682 τῶν

2705 5608 2885 5664 καλῶν
2915 5607 3130 5678 εὕρατο.

1923 5681 2034 5753 (12)
2056 5671 2196 5740 Ειιίίὶ
2223 5671 2488 5752 πρόσγεια
2504 5671 2706 5739 καί.Αι
2735 5695 2866 5738 mss.
2891 5671 3132 5735 nonnulli
3163 5671 3432 5748 πρόσγειά

1853 5770 1912 5807 τε
1943 5753 2054 5806 καί.
