3850 6218
419 289 523 348 219

1722 294 1780 350 S.
1823 292 2068 349 BASILII
2100 293 2319 351 MAGNI

3579 297 3689 354 310

421 408 594 462 niant.
625 404 1091 473 Quemadmodum
1117 408 1351 479 igiturin
1370 409 1515 466 scala
1550 411 1756 481 primus
1776 414 1993 483 gradus,

2101 412 2362 483 κλίμακος
2396 412 2585 484 πρώτη
2639 410 2969 481 ἀνάϐασιςή
3014 410 3113 481 τῆς
3156 410 3259 482 γῆς
3305 409 3688 484 ἀναχώρησις,

415 511 665 553 recessus
715 497 783 551 ab
818 498 983 551 humo
1030 506 1115 554 est
1146 517 1158 552 :
1205 500 1278 554 ita
1329 500 1382 554 in
1419 502 1542 555 vita:
1572 501 1818 557 instituto
1848 504 1989 571 quod

416 588 711 644 secundum
741 588 907 643 Deum
939 589 1032 655 sit,
1060 590 1337 659 profectus
1389 592 1627 656 initium,
1660 593 1933 649 discessus
1960 608 1989 647 a

420 678 561 733 malo
583 686 688 732 est.
721 677 952 734 Prorsus
982 690 1164 735 autem
1196 680 1411 736 facilius
1437 692 1520 737 est
1550 685 1774 739 omnino
1804 685 1989 750 otiari,

417 780 576 834 quam
594 766 819 835 quodvis
844 783 979 836 opus
994 768 1198 824 facere:
1223 772 1370 826 verbi
1390 773 1593 841 gratia:
1620 772 1737 826 Non
1751 774 1991 839 occides;

419 873 523 910 non
565 858 935 923 mmchaberis;
973 877 1073 913 non
1104 861 1361 926 furaberis
1387 865 1450 918 ".
1486 864 1685 919 llorum
1718 866 1996 935 quodlibet

418 961 623 1002 meram
673 949 904 1003 actionis
944 959 997 1002 et
1034 959 1211 1005 motus
1256 953 1612 1021 privationem
1645 956 1896 1025 postulat.
1929 956 1995 1009 ll-

419 1037 509 1091 lud
538 1053 685 1102 vero,
703 1039 903 1109 Diliges
932 1042 1227 1111 proximum
1256 1054 1403 1096 tuum
1431 1046 1562 1098 sicut
1592 1048 1882 1115 leipsum”;
1908 1056 1989 1101 et:

429 1126 605 1185 Vende
633 1148 749 1201 qua:
770 1134 951 1198 habes,
984 1144 1031 1188 et
1061 1136 1127 1186 da
1153 1136 1549 1203 pauperibus";
1582 1148 1635 1191 et
1662 1156 1675 1191 :
1699 1138 1760 1191 Si
1792 1139 1911 1208 quis
1946 1148 1993 1192 te

418 1224 768 1291 angariaverit
803 1226 946 1279 mille
966 1244 1174 1295 passus,
1202 1231 1329 1283 vade
1356 1246 1473 1283 cum
1503 1228 1592 1282 illo
1620 1231 1723 1283 duo
1741 1230 1805 1295 ",
1834 1230 1991 1297 digna

420 1313 637 1368 athletis
680 1330 843 1384 opera
887 1328 1047 1382 sunt,
1094 1320 1289 1388 quibus
1343 1323 1619 1391 patrandis
1678 1323 1991 1393 animojam

422 1404 545 1458 forti
585 1417 639 1461 et
670 1418 889 1464 strenuo
919 1425 1053 1480 Opus
1082 1421 1184 1466 est.
1216 1413 1397 1478 Quare
1449 1414 1594 1468 illius
1650 1415 1848 1469 mirare
1901 1431 1993 1470 sa-

422 1497 701 1564 pientiam,
732 1502 822 1569 qui
872 1517 965 1571 per
1020 1519 1082 1556 ea
1124 1520 1243 1573 qua:
1275 1503 1521 1558 faciliora
1574 1516 1627 1559 et
1660 1507 1995 1575 expeditiora

422 1598 570 1653 sunt,
602 1590 667 1643 ad
696 1591 1078 1659 perfectionem
1125 1610 1222 1649 nos
1258 1595 1497 1650 deducit.
1533 1595 1658 1650 Tria
1692 1608 1874 1652 autem
1900 1614 1996 1653 no-

420 1688 506 1743 bis
542 1692 821 1758 proposuit
845 1694 1039 1749 merito
1067 1695 1329 1762 cavenda,
1364 1712 1432 1751 ne
1466 1696 1715 1752 videlicet
1740 1698 1995 1756 abeamus

419 1780 474 1834 in
509 1782 733 1836 consilio
757 1782 1067 1852 impiorum,
1095 1800 1161 1840 ne
1183 1796 1387 1843 stemus
1413 1788 1467 1842 in
1505 1789 1587 1843 via
1619 1802 1989 1857 peccatorum,
2028 1772 2069 1827 Β

419 1886 491 1926 ne
514 1872 566 1927 in
600 1874 856 1930 cathedra
892 1876 1215 1945 pestilentia:
1248 1882 1556 1935 sedeamus.
1597 1880 1800 1936 Rerum
1838 1894 1995 1939 natu-

420 1978 538 2017 ram
566 1974 804 2029 secutus,
821 1965 1096 2038 94verba
1122 1970 1222 2025 hoc
1242 1972 1430 2026 ordine
1452 1972 1735 2041 disposuit.
1756 1974 1991 2030 Primum

418 2056 563 2111 enim
590 2056 986 2126 deliberamus;
1010 2060 1203 2115 deinde
1225 2062 1667 2117 deliberationem
1690 2065 1991 2134 ﬁrmamus;

418 2156 694 2216 postremo
724 2149 883 2204 rebus
924 2150 1237 2206 deliberatis
1267 2152 1593 2209 insistimus.
1619 2155 1761 2211 Ante
1808 2158 1991 2210 omnia

420 2238 588 2308 igitur
614 2242 809 2296 mentis
828 2253 1023 2296 nostra:
1041 2243 1303 2297 munditia
1329 2244 1653 2300 declaranda
1677 2262 1794 2303 erat
1813 2249 1992 2314 beata,

420 2331 675 2398 quoniam
745 2334 947 2393 [cordis
1003 2337 1357 2403 ipmpositum
1440 2338 1715 2393 actionum
1800 2355 1994 2408 corpo-

421 2434 639 2475 rearum
727 2424 879 2477 radix
972 2426 1204 2481 exsistit.
1280 2426 1622 2483 Adulterium
1713 2432 1858 2486 enim
1940 2432 1992 2485 in

418 2511 720 2581 voluptuosi
788 2514 964 2567 anima
1034 2516 1209 2585 primo
1290 2517 1569 2573 incensum
1627 2559 1644 2586 ,
1722 2522 1797 2574 ita
1874 2536 1994 2576 eam

419 2606 823 2673 corruptionem
890 2623 1009 2677 quae
1082 2624 1178 2679 per
1228 2625 1426 2680 corpus
1510 2612 1607 2677 fit,
1662 2615 1821 2683 parit.
1882 2614 1994 2669 Un-

314 2736 327 2751 κ
422 2692 489 2747 de
545 2702 601 2747 et
649 2694 907 2749 Dominus
960 2696 1103 2751 intus
1152 2714 1274 2753 esse
1330 2700 1406 2753 ait
1465 2716 1585 2769 quae
1646 2704 1997 2772 coinquinant

424 2782 697 2838 hominem
725 2784 790 2840 ³⁸.
836 2785 1098 2851 Quoniam
1160 2800 1339 2843 autem
1388 2790 1681 2846 admissum
1738 2792 1788 2846 in
1830 2794 1995 2848 Deum

422 2886 737 2944 peccatum,
790 2876 1037 2946 impietas
1078 2880 1295 2947 proprie
1340 2880 1560 2946 dicitur,
1598 2883 1740 2935 absit
1789 2880 1849 2936 ut
1897 2900 1999 2937 un-

423 2981 585 3037 quam
626 2969 693 3023 de
740 2969 850 3025 Deo
894 2985 991 3037 per
1034 2970 1460 3026 incredulitatem
1503 2974 1843 3030 dubitemus!
1883 2976 1997 3031 lloc

2092 502 2261 566 οὕτως
2281 503 2372 555 ἐπὶ
2397 502 2496 573 τῆς
2525 502 2666 556 κατά
2695 502 2826 556 Θεὸν
2853 500 3147 569 πολιτείας,
3173 500 3316 572 ἀρχὴ
3335 503 3448 571 (15)
3478 520 3690 573 προκο-

2092 594 2213 665 πῆς.
2232 596 2261 647 6
2285 595 2561 665 χωρισμὸς
2589 595 2683 647 τοῦ
2714 594 2907 648 κακοῦ.
2935 594 3112 658 Ὂλως
3139 593 3195 645 δὲ
3221 595 3368 648 πᾶσα
3386 595 3567 666 ἀργία
3595 600 3691 652 καὶ

2092 687 2191 757 τῆς
2219 688 2488 759 τυχούσης
2516 687 2770 759 πράξεώς
2798 689 2945 739 ἐστιν
2968 686 3349 757 εὐμαρεστέρα
3367 702 3382 716 ο
3424 682 3567 753 οἷον,
3603 691 3686 741 Οὐ

2092 780 2438 848 φονεύσεις·
2467 782 2539 833 οὺ
2572 780 2947 849 μοιχεύσειςο
3000 780 3073 832 οὐ
3130 778 3398 846 κλέψεις.
3462 779 3689 849 ’Δργίας

2092 870 2293 922 τούτων
2311 870 2536 923 ἕκαστον
2558 870 2653 923 καλ⁵
2670 871 2959 941 ἀκινησίας
2978 868 3169 924 δεῖται.
3199 869 3561 939 Ἀγαπήσεις
3576 872 3687 941 (14)

2093 964 2199 1015 τάν
2231 964 2498 1031 πλησίον
2531 979 2647 1017 σου
2673 964 2756 1030 ὡς
2783 964 3044 1016 σεαυτόν
3072 980 3085 991 ·
3111 962 3223 1029 καὶ,
3242 962 3549 1031 Πὼλησόν
3572 980 3689 1018 σου

2094 1056 2165 1109 τὰ
2194 1054 2560 1123 ὑπάρχοντα,
2610 1056 2709 1110 καὶ
2773 1055 2876 1121 δὸς
2926 1055 3217 1125 πτωχοῖς·
3253 1055 3366 1122 καὶ,
3419 1057 3563 1109 Ἐάν
3598 1058 3689 1123 τίς

2095 1163 2168 1199 σε
2197 1148 2563 1215 ἀγγαριεύσῃ
2590 1148 2797 1216 μίλιον
2835 1147 2923 1213 ἓν,
2948 1149 3137 1217 ὕπαγε
3173 1150 3298 1216 μετ’
3327 1150 3521 1202 αὐτοῦ
3556 1149 3689 1213 δύο,

2096 1236 2443 1307 ἐνεργήματά
2468 1238 2613 1290 ἐστιν
2644 1236 2903 1307 ἀθληταῖς
2931 1238 3227 1309 πρέποντα,
3254 1238 3349 1291 καὶ
3376 1238 3566 1309 ψυχῆς
3589 1241 3688 1311 ἢδη

2096 1328 2353 1397 νεανικῆς
2379 1327 2610 1397 δεόμενα
2647 1328 2784 1397 πρὸς
2809 1328 3164 1399 κατόρθωσιν.
3206 1329 3366 1380 Ὥστε
3400 1328 3692 1398 θαύμασον

2094 1422 2193 1492 τὴν
2224 1421 2415 1490 σοφίαν
2442 1422 2535 1474 τοῦ
2587 1423 2675 1475 διὰ
2709 1421 2816 1475 τῶν
2844 1422 3265 1494 εύμαρεστέρων
3294 1423 3387 1475 καί⁵
3418 1422 3687 1493 εὐλήπτο-

2096 1511 2153 1564 τέ
2163 1529 2268 1582 ρων
2280 1512 2563 1579 ἐνάγοντος
2577 1515 2608 1582 ή
2620 1514 2724 1583 μᾶς
2742 1512 2875 1583 πρὸς
2893 1512 2987 1583 τὴν
2999 1512 3443 1583 τελείωσιν.ΤρΞα
3470 1512 3529 1565 δὲ
3566 1530 3692 1583 προ-

2097 1602 2285 1655 έϐαλεν
2305 1604 2435 1673 ἡμῖν
2451 1604 2519 1657 τὰ
2542 1603 2788 1674 φυλακῆς
2806 1604 2949 1669 ἀξια,
2976 1604 3050 1675 μὴ
3075 1604 3404 1676 πορευθῆναι
3432 1607 3492 1657 ἐν
3520 1604 3691 1675 βουλῇ

2096 1694 2328 1757 ἀσεϐῶν,
2362 1696 2435 1767 μή
2469 1698 2659 1767 στῆναι
2704 1698 2763 1748 ἐν
2790 1695 2894 1765 ὁδῶ
2921 1695 3277 1766 ἁμαρτωλῶν,
3318 1696 3392 1765 μή
3420 1696 3695 1764 καθεσθῆ-

2097 1803 2185 1840 ναι
2223 1788 2315 1839 ἐπὶ
2359 1786 2622 1858 καθέδρας
2658 1787 2769 1857 (15)
2804 1787 3026 1857 λοιμῶν.
3074 1788 3151 1857 Τῇ
3198 1786 3357 1855 φύσει
3396 1788 3512 1839 τῶν
3554 1805 3695 1857 πρα-

2097 1878 2322 1947 γμάτων
2344 1878 2629 1949 ἑπόμενος,
2674 1878 2773 1948 τὴν
2802 1878 2954 1943 τάξιν
2986 1877 3185 1947 ταύτην
3216 1879 3324 1939 τοῖς
3368 1878 3692 1947 εἰρημένοις

2096 1970 2383 2040 ἐπέθηκεν.
2420 1968 2791 2040 Βουλευόμεθα
2820 1969 2926 2041 γὰρ
2968 1969 3259 2040 πρότερον,
3294 1963 3413 2021 εἶτα
3446 1969 3691 2037 ἱστῶμεν

2098 2064 2157 2115 τὸ
2191 2064 2461 2133 βούλευμα
2483 2104 2497 2126 ,
2530 2060 2647 2116 εἶτα
2695 2066 2807 2125 τοῖς
2848 2061 3208 2131 βουλευθεῖσιν
3244 2061 3685 2132 ἐναπομένομεν.

2100 2154 2338 2225 Πρώτως
2368 2151 2461 2207 οὖν
2504 2154 2839 2225 μακαριστὸν
2873 2154 2933 2206 τὸ
2963 2156 3020 2205 ἐν
3066 2156 3129 2223 τῇ
3159 2153 3369 2224 διανοίᾳ.
3398 2156 3433 2223 ἡ
3445 2152 3565 2223 μῶν
3595 2170 3690 2205 καί

2100 2245 2283 2317 θαρὸν,
2314 2246 2501 2315 ἐπειδὴ
2536 2246 2660 2315 ῥίζα
2698 2245 2807 2297 τῶν
2846 2244 2933 2297 διὰ
2964 2244 3057 2297 τοῦ
3094 2244 3344 2315 σώματος
3385 2246 3687 2315 ἐνεργειῶν

2099 2339 2159 2389 τὸ
2183 2340 2239 2390 ἐν
2278 2337 2473 2407 καρδίᾳ
2505 2337 2795 2407 βούλευμα.
2842 2337 2903 2388 Ἡ
2935 2337 3043 2406 γὰρ
3072 2336 3304 2406 μοιχεία,
3350 2338 3407 2388 ἐν
3433 2340 3504 2407 τῇ
3536 2338 3683 2407 ψυχῇ

2098 2428 2191 2482 τοῦ
2217 2428 2323 2499 (16)
2363 2429 2642 2499 φιληδόνου
2679 2426 2893 2499 πρῶτον
2939 2427 3353 2498 ἀναφλεχθεῖσα,
3394 2428 3543 2481 οὕτω
3587 2429 3685 2499 τὴν

2100 2518 2185 2571 διὰ
2225 2518 2318 2571 τοῦ
2356 2518 2605 2589 σώματος
2650 2518 2857 2588 φθορὰν
2897 2519 3287 2589 ἀπεργάζεται.
3323 2520 3494 2572 Ὅθεν
3531 2522 3628 2572 καὶ
3657 2522 3684 2572 6

2102 2610 2301 2681 Κύριός
2321 2627 2483 2681 φησιν
2504 2610 2711 2663 ἔνδοθεν
2732 2605 2953 2663 εἶναιτὰ
2971 2612 3249 2664 κοινοῦντα
3264 2612 3352 2663 τὸν
3371 2611 3679 2682 ἄνθρωπον.

2113 2702 2327 2773 Ἐπειδὴ
2352 2703 2408 2755 δὲ
2429 2702 2653 2757 ἀσέϐεια
2668 2702 2870 2774 κυρίως
2888 2702 3101 2771 λέγεται
3119 2705 3151 2774 ή
3173 2705 3251 2766 εἰς
3264 2702 3395 2755 Θεὸν
3411 2705 3684 2775 ἁμαρτία,

2105 2796 2179 2865 μὴ
2198 2794 2406 2863 γένοιτο
2420 2794 2675 2861 δέξασθαι
2692 2797 2840 2867 ἡμᾶς
2859 2795 2918 2860 ἐξ
2935 2792 3189 2859 ἀπιστίας
3206 2795 3334 2848 ποτὲ
3349 2797 3684 2866 ἀμφιϐολίαν

2104 2886 2234 2957 περὶ
2264 2886 2398 2939 Θεοῦ
2426 2888 2437 2939 !
2469 2886 2639 2939 Τοῦτο
2662 2888 2769 2958 γάρ
2792 2888 2907 2941 ἐστι
2927 2888 2986 2940 τὸ
3012 2886 3371 2955 πορευθῆναι
3392 2888 3687 2955 ἐνβουλῇ

2102 2976 2357 3041 ἀσεϐῶν,
2397 2976 2493 3031 ἐὰν
2541 2979 2701 3051 εἴπῃς
2750 2979 2808 3029 ἐν
2860 2980 2925 3048 τῇ
2972 2978 3170 3049 καρδία
3200 2995 3328 3031 σου·
3370 2974 3529 3049 τΑρειι
3572 2980 3687 3032 ἔστι

427 3074 662 3129 namque
695 3072 779 3117 est
825 3063 1016 3117 abiisse
1056 3065 1111 3117 in
1150 3066 1367 3118 consilio
1404 3066 1704 3133 impiorum,
1745 3068 1787 3121 si
1822 3069 1871 3121 in
1906 3078 1993 3123 tuo

2102 3068 2233 3132 Θεὸς
2264 3069 2542 3140 κυϐερνῶν
2574 3070 2643 3123 τὰ
2678 3070 3006 3141 σύμπαντα;
3037 3067 3147 3140 ἆρα
3179 3070 3293 3123 ἔστι
3320 3069 3459 3134 Θεὸς
3506 3073 3565 3123 ἐν
3607 3072 3687 3123 ού-

426 3155 594 3207 corde
618 3153 817 3208 dixeris
843 3172 856 3207 :
883 3154 1017 3208 Num
1052 3156 1189 3209 Deus
1210 3166 1314 3222 est,
1342 3155 1431 3223 qui
1468 3158 1717 3212 universa
1755 3159 1993 3214 modere-

2102 3129 2267 3231 ρανῶ,
2282 3129 2576 3232 οἰκονομῶν
2592 3162 2659 3216 τὰ
2674 3129 2785 3233 (11)
2800 3163 2922 3216 καθ’
2936 3129 3161 3215 ἕκαστον
3178 3179 3192 3227 ;
3214 3158 3323 3233 ἆρα
3341 3129 3556 3233 κρίσιςς
3580 3160 3687 3235 ἆρα

428 3251 520 3299 tur
545 3254 600 3299 et
627 3244 924 3315 gubernet?
950 3244 1087 3300 Num
1113 3247 1252 3301 Deus
1278 3250 1331 3301 in
1356 3247 1507 3303 ctelis
1534 3258 1636 3313 est,
1661 3250 1752 3319 qui
1782 3250 1999 3319 dispen-

430 3344 515 3391 set
544 3335 790 3405 singula?
813 3344 967 3391 estne
1000 3335 1300 3405 judicium?
1327 3338 1464 3391 Num
1494 3340 1784 3410 unicuique
1806 3356 1999 3396 secun-

427 3427 556 3481 dum
589 3442 753 3495 opera
801 3443 895 3482 sua
944 3430 1287 3483 retribuenda
1321 3439 1404 3485 est
1442 3433 1689 3486 merces?
1721 3434 1830 3486 Cur
1858 3448 1991 3503 ergo

422 3515 552 3585 justi
593 3525 771 3585 egent,
821 3526 1134 3585 peccatores
1180 3535 1308 3575 vero
1363 3520 1642 3575 abundant
1684 3523 1912 3591 opibus?
1942 3524 1996 3577 bi

425 3621 589 3676 aegra,
624 3607 697 3660 illi
739 3606 894 3661 ﬂrma
935 3619 1079 3662 sunt.
1096 3608 1443 3665 valetudine?
1472 3612 1525 3665 hi
1559 3611 1885 3678 inhonorati,
1923 3613 1997 3667 illi

425 3706 552 3752 sunt
578 3700 812 3753 maximo
838 3700 891 3753 in
912 3700 1148 3755 honore?
1170 3699 1418 3769 Nunquid
1452 3701 1673 3757 fortuito
1710 3703 1882 3757 fertur
1909 3704 1999 3759 hic

425 3791 680 3855 mundus,
717 3801 772 3846 et
804 3793 1081 3848 temerarii
1116 3793 1332 3861 quidam
1378 3808 1537 3849 casus
1577 3796 1998 3866 uniuscujusque

425 3884 595 3938 vitam
626 3894 827 3938 temere
851 3885 1191 3953 partiuntur?
1223 3888 1347 3941 llaec
1368 3886 1414 3940 si
1436 3888 1784 3957 cogitaveris,
1813 3889 1997 3943 abiisti

425 3974 481 4031 in
514 3977 745 4031 consilio
796 3978 1105 4047 impiorum.
1158 3979 1355 4034 Beatus
1395 3980 1583 4049 igitur,
1624 3981 1713 4049 qui
1766 3982 1833 4035 de
1887 3980 1996 4036 Deo

428 4066 566 4121 nihil
596 4067 782 4121 habuit
805 4069 1177 4135 dubitationis,
1205 4070 1295 4138 qui
1320 4070 1462 4123 circa
1486 4070 1772 4139 praesentia
1803 4070 1997 4139 pusillo

425 4178 531 4218 non
563 4173 646 4219 est
670 4164 871 4227 animo,
907 4165 999 4219 sed
1029 4175 1311 4234 exspectat
1356 4166 1572 4231 futura;
1604 4167 1690 4221 cui
1722 4166 1997 4223 incredula

424 4254 493 4309 de
521 4269 606 4321 eo,
626 4256 715 4323 qui
749 4271 848 4308 nos
872 4256 1102 4319 creavit,
1131 4256 1369 4324 suspicio
1408 4272 1513 4311 non
1552 4256 1768 4311 insedit.
1799 4257 1995 4313 Beatus

425 4355 604 4399 autem
638 4357 693 4400 et
729 4346 836 4412 ille,
861 4348 948 4415 qui
986 4350 1038 4400 in
1065 4348 1147 4401 via
1172 4358 1516 4417 peccatorum
1545 4364 1649 4406 non
1679 4348 1845 4403 stetit.
1876 4349 1993 4404 Vita

2099 3250 2455 3313 ἁνταπὸδοσις
2490 3251 2704 3322 ἑκάστῳ
2725 3252 2866 3305 κατὰ
2898 3252 2957 3304 τὸ
2978 3252 3135 3322 ἔργον
3159 3251 3360 3317 αὑτοῦ;
3390 3255 3494 3305 Διὰ
3520 3254 3574 3305 τί
3596 3249 3686 3306 οὖν

2103 3340 2303 3394 δίκαιοι
2339 3343 2612 3409 πένονται,
2660 3345 2753 3396 καὶ
2808 3344 3123 3414 ἁμαρτωλοὶ
3153 3343 3512 3408 πλουτοῦσιν;
3542 3340 3686 3399 οὗτοι

2099 3428 2659 3491 ἀσθενοῦσι,κάκεῖνοι
2691 3430 2956 3503 ἔρρωνται
2982 3448 2995 3496 ;
3032 3427 3173 3486 οὗτοι
3205 3432 3409 3503 ἄτιμοι,
3437 3434 3685 3487 κάκεῖνοι

2099 3519 2333 3584 ἔνδοξοι;
2368 3523 2595 3591 Μήποτε
2622 3523 2943 3593 αὐτομάτως
2968 3524 2996 3574 6
3036 3524 3240 3594 κόσμος
3288 3525 3546 3595 φέρεται,
3592 3526 3685 3578 καὶ

2104 3611 2383 3680 συντυχίαι
2434 3612 2581 3675 τινὲς
2637 3613 2821 3682 ἄλογοι
2874 3614 3123 3677 ἀτάκτως
3170 3615 3386 3685 ἑκάστῳ
3437 3616 3687 3687 ἀποκλη-

2101 3702 2254 3775 ρούσι
2300 3705 2410 3775 (18)
2455 3706 2583 3768 τοὺς
2617 3704 2794 3775 βίους;
2831 3706 2957 3759 Ἐὰν
2990 3704 3161 3759 ταῦτα
3203 3705 3523 3777 διανοηθῇς,
3559 3711 3685 3762 ἐπο-

2103 3794 2298 3864 ρεύθης
2328 3797 2385 3847 ἐν
2418 3794 2577 3866 βουλῇ
2602 3795 2834 3849 ἀσεϐῶν.
2868 3795 3154 3867 Μακάριος
3186 3792 3278 3849 οὖν
3309 3796 3370 3859 ὃς
3388 3798 3495 3851 οὐκ
3526 3799 3684 3853 ἔλαϐε

2100 3886 2228 3956 περὶ
2281 3886 2415 3938 Θεοῦ
2450 3886 2767 3957 δισταγμὸν,
2808 3888 2836 3939 6
2871 3887 2947 3959 μὴ
2980 3886 3397 3958 μικροψυχήσας
3432 3891 3575 3959 περὶ
3615 3890 3683 3945 τὰ

2100 3977 2361 4047 παρόντα,
2395 3977 2509 4030 ἀλλ’
2542 3978 2828 4049 ἀναμένων
2856 3978 2925 4031 τὰ
2956 3979 3417 4051 προσδοκώμενα·
3470 3982 3536 4045 ὃς
3584 3984 3683 4037 οὐκ

2099 4070 2223 4139 ἔσχε
2279 4072 2407 4141 περὶ
2456 4070 2548 4123 τοῦ
2598 4071 2881 4134 κτίσαντος
2914 4072 3061 4143 ἡμᾶς
3108 4072 3374 4143 ὑπόληψιν
3422 4073 3680 4129 ἄπιστον.

2098 4162 2384 4233 Μακάριος
2416 4162 2471 4215 δὲ
2510 4162 2783 4225 κάκεῖνος,
2838 4162 2897 4226 ὃς
2932 4164 2989 4217 ἐν
3042 4162 3145 4233 ὁδῷ
3190 4164 3537 4235 ἁμαρτωλῶν
3582 4167 3683 4220 οὐκ

2098 4252 2249 4324 ἔστη.
2299 4253 2446 4316 Ὁδὸς
2471 4253 2569 4323 μὲν
2602 4249 2693 4307 οὖν
2726 4257 2754 4308 6
2786 4254 2900 4324 βίος
2948 4254 3162 4326 εἴρηται
3196 4256 3282 4308 διὰ
3310 4257 3413 4327 τὴν
3447 4260 3592 4328 πρὸς
3622 4259 3681 4311 τὸ

2095 4345 2247 4408 τέλος
2269 4346 2497 4398 ἑκάστου
2526 4344 2632 4399 τῶν
2672 4345 3039 4415 γεννηθέντων
3059 4345 3285 4411 ἕπειξιν.
3319 4348 3541 4420 Ὥσπερ
3572 4350 3682 4421 γὰρ

424 4438 614 4509 utique
658 4439 851 4492 dicitur
890 4440 999 4504 via,
1032 4440 1175 4508 quod
1213 4439 1441 4508 quilibet
1478 4440 1531 4493 in
1567 4439 1727 4492 vitam
1782 4439 1989 4504 ingres-

2101 4437 2144 4488 οἱ
2190 4439 2246 4488 ἐν
2290 4438 2401 4500 τοῖς
2434 4435 2638 4499 πλοίοις
2679 4436 3029 4501 καθεύδοντες
3071 4438 3395 4509 αὐτομάτως
3428 4441 3540 4493 ὑπὸ
3585 4439 3678 4494 τοῦ

424 4545 540 4597 sus,
586 4531 651 4584 ad
691 4532 850 4585 linem
892 4540 1160 4599 properet.
1205 4530 1667 4597 Quemadmodum
1713 4532 1857 4583 enim
1901 4530 1994 4597 qui

426 4624 481 4680 in
510 4625 738 4695 navigiis
767 4625 1060 4691 dormiunt,
1089 4633 1281 4693 sponte
1306 4638 1335 4677 a
1372 4632 1534 4678 vento
1578 4624 1631 4676 in
1681 4632 1870 4691 portus
1901 4622 1994 4675 de-

424 4718 714 4783 ducuntur,
775 4724 832 4771 et
878 4716 1128 4785 quamvis
1182 4716 1281 4786 ipsi
1330 4731 1669 4785 nequaquam
1730 4716 1991 4780 sentiant,

422 4825 614 4865 cursus
664 4818 840 4864 tamen
883 4823 976 4864 eos
1023 4810 1089 4864 ad
1130 4808 1417 4863 terminum
1466 4817 1665 4876 urget:
1691 4808 1770 4863 sic
1808 4816 1865 4861 et
1892 4822 1993 4862 nos

424 4900 697 4958 diﬁluente
725 4902 849 4955 vitae
872 4912 1071 4955 nostrae
1100 4908 1359 4969 tempore,
1402 4898 1702 4953 insensibili
1741 4899 1866 4952 vita:
1892 4912 1987 4952 no-

426 5005 554 5053 stra:
599 5009 759 5049 cursu
810 4994 958 5048 velut
1009 4992 1268 5047 continuo
1311 4990 1542 5060 quodam
1597 5000 1651 5046 et
1693 4990 1989 5061 irrequieto

434 5099 582 5145 motu
632 5087 997 5157 unusquisque
1037 5086 1105 5141 ad
1148 5084 1426 5156 proprium
1454 5083 1615 5138 ﬁnem
1650 5083 1987 5140 festinamus.

2099 4529 2512 4600 πνεύματοςὲπὶ
2544 4528 2768 4599 λιμένας
2801 4530 3042 4598 ἄγονται,
3079 4530 3183 4585 κάν
3208 4533 3362 4585 αὐτοὶ
3387 4533 3462 4602 μὴ
3491 4533 3680 4586 αίσθά-

2098 4642 2315 4688 νωνται,
2343 4622 2458 4676 ἀλλ’
2480 4625 2509 4676 6
2544 4621 2743 4694 δρόμος
2769 4624 2967 4685 αὐτοὺς
2990 4624 3127 4695 πρὸς
3148 4623 3209 4676 τὸ
3232 4624 3385 4686 τέλος
3420 4625 3636 4693 ἐπείγει
3660 4643 3673 4655 ·

2097 4717 2237 4771 οὕτω
2273 4716 2366 4769 καὶ
2393 4717 2573 4785 ἡμεῖς,
2596 4715 2692 4769 τοῦ
2720 4716 2913 4787 χρόνου
2942 4716 3042 4785 τῆς
3076 4715 3222 4785 ζωῆς
3262 4716 3424 4787 ἡμῶν
3454 4722 3677 4789 παραρ-

2100 4808 2331 4878 ῥέοντος,
2350 4805 2458 4859 οἶόν
2509 4824 2613 4859 τινι
2641 4807 2853 4876 κινήσει
2884 4808 3097 4876 συνεχεῖ
3127 4806 3220 4859 καὶ
3242 4805 3511 4877 ἀπαύστῳ
3540 4808 3676 4878 πρὸς

2098 4900 2158 4952 τὸ
2202 4902 2398 4952 οἰκεῖον
2425 4898 2653 4961 ἕκαστος
2695 4897 2869 4967 πέρας
2904 4896 2983 4968 τῷ
3018 4897 3333 4952 λανθάνοντι
3363 4898 3555 4969 δρόμῳ
3578 4900 3673 4968 τῆς

2097 4990 2240 5059 ζωῆς
2276 4989 2432 5060 ήμῶν
2472 4988 2930 5058 κατεπειγόμεθα.
2971 4982 3126 5053 Οἷον,
3164 4987 3471 5051 καθεύδεις,
3519 4990 3613 5041 καὶ
3645 4986 3671 5040 6

2098 5085 2286 5153 χρόνος
2318 5098 2377 5134 σε
2411 5079 2741 5152 παρατρέχει
2768 5097 2782 5111 ο
2836 5082 3174 5152 ἐγρήγορας,
3226 5081 3321 5133 καὶ⁸
3362 5080 3596 5150 ἄσχολος
3626 5075 3675 5132 εἶ

499 5251 544 5283 ³⁸
583 5249 753 5306 Exod.
788 5266 856 5304 xx
887 5289 902 5315 ,
958 5250 1027 5305 15
1053 5277 1080 5291 ο
1114 5246 1201 5302 15.
1279 5248 1323 5279 ³⁵
1373 5245 1560 5301 Matth.
1595 5261 1682 5299 ιιι
1717 5286 1732 5314 ,
1782 5245 1870 5300 19.
1946 5244 1991 5278 ³⁵

2101 5245 2161 5300 id.
2185 5245 2274 5299 21.
2351 5243 2394 5274 ³⁷
2418 5241 2608 5296 Matth.
2634 5257 2686 5309 ν,
2710 5242 2798 5296 41.
2841 5242 2885 5275 ³⁸
2913 5240 3105 5297 Matth.
3130 5241 3312 5307 xv,l8.

497 5393 614 5465 (15)
642 5394 774 5465 Beg.
796 5392 1063 5465 secundus
1099 5390 1342 5465 atram].

499 5459 611 5533 (M)
810 5463 1077 5517 secundus
1099 5461 1158 5533 τὸ
1182 5459 1260 5533 δέ,
1297 5459 1648 5530 Ἀγαπήσεις.

524 5527 609 5596 15)
648 5527 829 5586 ΕιἸιὶο
860 5547 1074 5600 quoque
1104 5532 1160 5584 in
1197 5531 1464 5599 aliquibus
1498 5527 1636 5583 ιιιδε.
1666 5527 1862 5600 legitur
1892 5528 1986 5600 ἐπὶ

425 5598 712 5670 καθέδραν.
744 5601 851 5654 Nec
880 5598 957 5655 ita
989 5598 1155 5654 inulto
1183 5598 1303 5667 post
1356 5614 1486 5653 mss.
1532 5599 1772 5670 nonnulli
1807 5598 1986 5667 βουλό-

429 5669 633 5741 μεθα...
670 5670 1373 5741 βούλημα...βουληθεῖσιν.
1400 5669 1638 5725 Subinde
1691 5669 1822 5738 Reg.
1872 5679 1984 5725 ter-

427 5743 533 5794 tius
562 5740 623 5791 τὸ
655 5740 934 5811 ἐγκάρδιον
969 5740 1234 5810 βούλημα.

2158 5384 2270 5455 (16)
2303 5382 2653 5455 Cod_ex_unus
2685 5383 2743 5455 ὲν
2781 5381 2848 5451 τῇ
2895 5379 3092 5451 καρδίᾳ
3141 5375 3258 5431 τοῦ.
3302 5374 3448 5431 Infra
3497 5377 3665 5431 codex

2085 5451 2743 5540 “"l'.s.?‘t*f?‘§9“°‘3’ff¥4"

2158 5525 2267 5595 (Π)
2291 5514 2470 5595 Ὀου).
2539 5531 2724 5595 sextus
2862 5518 3162 5595 οἰκονομῶν
3196 5517 3277 5571 τό.
3312 5514 3511 5570 Statim
3534 5527 3663 5595 _uuo

2086 5583 2213 5649 mss.
2250 5583 2539 5655 ἀντίδοσις.
2594 5590 2835 5646 Subinde
2869 5594 2973 5646 duo
3004 5583 3187 5645 itidem
3243 5601 3373 5642 mss.
3412 5583 3560 5637 κατὰ
3594 5583 3661 5636 τὰ

2086 5666 2222 5735 ἔργα
2246 5662 2431 5735 αύτού.

2157 5724 2267 5807 (l8)
2294 5734 2425 5805 Reg.
2465 5731 2730 5791 secundus
2778 5740 2831 5788 et
2863 5730 3018 5788 Colb.
3060 5739 3244 5787 sextus
3286 5724 3656 5798 διακληροῦσι.
