3850 6218
127 335 236 393 221

1333 336 1614 392 HOMILIA
1655 336 1718 392 IN
1758 334 2086 392 PSALMUM
2118 336 2156 390 1.

3275 331 3387 390 222

125 452 236 523 τὴν
266 450 504 504 διάνοιαν
525 465 538 480 °
571 449 683 504 ἀλλ’
731 450 879 520 ὅμως
909 450 943 520 ἡ
985 449 1098 520 ζωὴ
1133 446 1456 511 δαπανᾶται,
1489 449 1592 502 κᾶν
1615 449 1713 519 τὴν

1825 448 2060 518 Exempli
2108 461 2293 510 causa,
2339 447 2567 514 dormis,
2611 456 2820 515 tempus
2857 456 2909 501 te
2959 446 3130 517 fugit;
3172 447 3385 516 vigilas,

131 540 397 612 αἴσθησιν
420 540 578 610 ἡμῶν
627 539 914 610 διαφεύγῃ.
951 539 1162 611 Δρόμον
1185 535 1276 592 οὖν
1302 557 1420 592 τινα
1447 540 1715 612 τρέχομεν

134 633 347 696 πάντες
397 633 673 704 ἄνθρωποι
712 670 727 696 ,
757 631 893 704 πρὸς
950 630 1012 684 τὸ
1069 633 1264 685 οἰκεῖον
1308 632 1460 694 τέλος
1489 631 1716 695 ἕκαστος

134 723 486 794 ἐπειγόμενοι
534 722 678 794 (19)·
710 722 799 775 διὰ
834 722 992 775 τοῦτο
1025 722 1226 787 πάντες
1280 723 1446 793 ἐσμὲν
1487 725 1543 774 ὲν
1589 722 1712 792 ὁδῷ.

135 816 249 869 Καὶ
262 814 404 868 οὕτω
418 815 461 868 δ’
475 814 540 868 ἂν
559 814 743 878 λάϐοις
764 814 862 886 τῆς
891 813 1013 868 ὁδοῦ
1031 815 1128 884 τὴν
1145 814 1371 868 ἔννοιαν.
1408 814 1716 886 Ὀδοιπόρος

129 907 448 978 ἐφέστηκας
463 906 541 977 τῷ
559 906 656 977 βίῳ
673 909 844 978 τούτῳ
862 924 878 937 ·
901 907 1079 962 πάντα
1099 907 1368 979 παρέρχῃ,
1388 907 1567 960 πάντα
1594 925 1718 960 κατ·

133 997 369 1050 όπινσου
400 999 626 1066 γίνεται.
666 993 818 1061 Εἶδες
845 998 936 1050 ἐπὶ
959 998 1056 1068 τῆς
1082 997 1200 1051 ὁδοῦ
1231 997 1416 1066 φυτὸν,
1449 997 1480 1069 ἢ
1510 999 1647 1051 πόαν
1678 997 1712 1068 ἣ

137 1088 311 1159 ὕδωρ,
325 1089 358 1162 ἦ
371 1090 461 1142 ὅτι
479 1089 544 1142 ἂν
558 1088 694 1161 τύχῃ
706 1089 811 1142 τῶν
828 1088 1014 1158 ἀξίων)
1028 1088 1316 1159 θεάματος·
1342 1087 1535 1160 μικρὸν
1561 1090 1714 1161 ἐτέρ-

141 1179 313 1250 φθης,
349 1176 468 1233 εἷτα
520 1180 884 1251 παρέδραμες.
916 1180 1084 1234 Πάλιν
1115 1181 1362 1252 ἐνέτυχες
1397 1182 1582 1249 λίθοις,
1623 1183 1717 1236 καὶ

139 1272 406 1342 φάραγξι,
435 1272 529 1324 καὶ
557 1273 840 1342 κρημνοῖς,
864 1273 957 1325 καὶ
987 1272 1295 1338 σκοπέλοις,
1323 1274 1416 1326 καὶ
1442 1274 1714 1344 σκόλοψιν,

137 1362 257 1432 (20)
289 1363 324 1433 ἦ
341 1380 441 1415 που
466 1363 558 1416 καὶ
573 1361 802 1434 θηρίοις,
820 1364 914 1416 καὶ
935 1364 1203 1434 ἑρπετοῖς,
1225 1365 1316 1418 καὶ
1329 1365 1607 1429 ἀκάνθαις,
1623 1366 1716 1419 καί

136 1470 287 1506 τισιν
302 1454 478 1516 ἄλλοις
491 1453 600 1507 τῶν
613 1453 740 1525 ὀχλη
748 1453 876 1524 ρῶνο
897 1455 1090 1526 μικρὸν
1109 1455 1302 1526 ἠνιάθη
1310 1473 1356 1520 ς,
1374 1452 1490 1509 εἶτα
1506 1456 1717 1510 κατέλι-

141 1563 266 1608 πες.
297 1546 548 1611 Τοιοῦτος
588 1549 617 1600 6
660 1546 804 1618 βίος,
842 1546 966 1600 οὔτε
1003 1546 1072 1601 τὰ
1094 1549 1301 1620 τερπνὰ
1346 1548 1715 1619 μόνιμα,·οΰτε

138 1638 213 1690 τὰ
251 1638 472 1710 λυπηρὰ
523 1639 722 1712 διαρκῆ
770 1639 1126 1712 κεκτημένος.
1172 1640 1236 1692 Ἦ
1285 1641 1402 1704 ὁδὸς
1449 1641 1548 1693 οὐκ
1600 1640 1715 1693 ἐστι

141 1729 235 1801 σὴ,
281 1729 395 1783 ἀλλ’
432 1730 552 1784 οὐδὲ
597 1731 666 1785 τά
705 1733 949 1804 παρόντα
981 1732 1070 1789 σά.
1117 1731 1239 1785 Ἐπὶ
1272 1730 1380 1784 τῶν
1401 1731 1711 1799 ὁδευόντων,

1817 549 1870 594 et
1905 540 2078 609 agitas
2116 538 2317 608 aliquid
2374 547 2585 604 mente;
2631 538 2984 593 nihilominus
3034 548 3210 592 tamen
3255 540 3381 610 vita,

1817 630 2027 684 etiamsi
2075 645 2179 684 non
2222 630 2538 698 sentiamus,
2584 630 2908 685 absumitur.
2935 629 3134 685 Omnes
3163 645 3292 700 ergo
3316 628 3382 682 ad

1816 722 2092 793 propriam
2156 722 2384 792 quisque
2451 732 2649 778 metam
2719 731 3101 792 properantes,
3165 737 3382 776 cursum

1816 815 2102 883 quemdam
2133 814 2426 880 currimus,
2458 816 2814 884 quamobrem
2841 830 3025 868 sumus
3064 814 3114 866 in
3147 813 3233 868 via
3271 829 3379 867 om-

1819 921 1934 962 nes.
1969 905 2083 960 Hoc
2107 906 2271 960 etiam
2300 906 2458 960 modo
2487 907 2626 959 viam
2660 906 2958 976 intelligere
2988 906 3182 976 possis.
3206 906 3261 960 In
3286 906 3389 960 hac

1818 997 1926 1049 vita
1955 997 2136 1050 viator
2161 1011 2252 1063 es;
2285 997 2462 1049 omnia
2503 1006 2805 1063 transeunt,
2834 1007 2956 1066 post
2996 1007 3204 1067 tergum
3237 1006 3384 1052 tuum

1822 1085 2199 1153 relinquuntur
2225 1084 2428 1139 omnia.
2459 1083 2723 1150 Plantam,
2758 1086 3004 1151 herbam,
3041 1101 3258 1155 aquam,
3295 1095 3389 1140 aut

1818 1177 2032 1246 quidvis
2069 1177 2212 1231 aliud
2263 1185 2478 1247 aspectu
2531 1177 2749 1248 dignum
2790 1178 2843 1231 in
2879 1178 2962 1230 via
2998 1177 3176 1231 vidisti
3209 1195 3221 1230 :
3253 1192 3388 1247 pau-

1821 1267 1932 1320 lum
1973 1266 2292 1331 ohlectatus,
2344 1279 2470 1318 mox
2523 1267 2790 1335 praeteris.
2829 1266 3037 1319 Rursus
3079 1265 3129 1317 in
3159 1263 3383 1331 lapides,

1819 1357 2121 1422 convalles,
2161 1357 2479 1427 prmeipitia,
2511 1357 2759 1426 scopulos
2785 1367 2839 1413 et
2873 1357 3043 1426 palos,
3079 1365 3170 1410 aut
3221 1356 3386 1411 etiam

1818 1449 1872 1503 in
1902 1447 2072 1513 feras,
2095 1448 2146 1500 in
2188 1448 2442 1502 animalia
2473 1449 2736 1517 repentia,
2769 1450 2821 1502 in
2851 1449 3052 1518 spinas,
3084 1457 3140 1503 et
3166 1447 3218 1502 in
3241 1446 3388 1500 aliud

1817 1540 2044 1609 quodvis
2083 1539 2439 1594 infortunium
2492 1541 2726 1595 incidisti
2755 1556 2768 1593 :
2795 1554 3076 1610 postquam
3104 1555 3163 1596 es
3199 1540 3391 1609 paulu-

1817 1631 1926 1686 lum
1957 1631 2210 1698 alllictus,
2239 1647 2364 1686 mox
2395 1633 2496 1687 ista
2522 1632 2808 1704 reliquisti.
2835 1632 2958 1688 Vita
2980 1643 3062 1688 est
3085 1629 3343 1701 ejusmodi
3369 1643 3385 1683 :

1821 1739 1996 1794 neque
2032 1724 2148 1794 ejus
2182 1725 2387 1780 deliciae
2415 1739 2591 1794 neque
2625 1725 2882 1781 molestiae
2929 1734 3240 1781 constanter
3263 1738 3390 1794 pet"

139 1799 282 1893 ὁμοῦ
311 1840 369 1874 τε
392 1823 420 1874 6
446 1821 660 1894 πρῶτος
687 1823 748 1876 τὺ
777 1799 919 1894 έχνος
943 1823 1182 1894 ἐκίνησε,
1214 1822 1309 1877 καὶ
1349 1822 1511 1887 εὐθὺς
1538 1826 1566 1877 6
1596 1827 1713 1895 μετ’

1825 1824 2087 1871 severant.
2120 1814 2232 1870 Tua
2261 1831 2370 1870 non
2404 1825 2488 1872 est
2512 1817 2626 1872 haec
2654 1816 2760 1880 via,
2799 1830 2974 1886 neque
3018 1824 3120 1871 tuae
3145 1826 3274 1871 sunt
3301 1832 3388 1873 res

143 1914 311 1966 αὑτὸν
351 1917 448 1987 τὴν
490 1915 646 1985 βάσιν
683 1916 901 1986 ἤνεγκε,
936 1917 1031 1970 καὶ
1077 1915 1194 1988 μετ’
1218 1917 1424 1970 ἐκεῖνον
1459 1917 1488 1970 6
1517 1917 1714 1986 ἐφεπό-

145 2019 325 2075 μενος.

218 2183 272 2238 5.
303 2183 498 2237 Σκόπει
539 2183 596 2236 δὲ
629 2185 720 2237 καὶ
759 2183 827 2237 τὰ
865 2183 958 2237 τοῦ
998 2185 1113 2256 βίου
1147 2185 1195 2237 εί
1230 2185 1304 2258 μὴ
1342 2183 1713 2257 παραπλήσια.

140 2273 395 2346 Σήμερον
422 2273 520 2344 τὴν
548 2275 652 2345 γῆν
685 2275 748 2327 σὺ
774 2274 1144 2346 ὲγεώργησας,
1185 2276 1278 2328 καὶ
1317 2273 1502 2346 αὔριον
1537 2275 1713 2341 ἄλλος,

143 2367 244 2419 καὶ
272 2366 392 2436 μετ’
418 2367 622 2419 ἐκεῖνον
651 2365 856 2438 ἔτερος.
899 2367 1060 2438 Ὁρᾷς
1098 2367 1224 2430 τοὺς
1265 2368 1465 2438 ἀγροὺς
1497 2365 1717 2432 τούτους

143 2460 242 2511 καὶ
286 2459 384 2523 τὰς
427 2458 734 2523 πολυτελεῖς
766 2460 970 2525 οἰκίας;
1021 2461 1170 2513 Πόσα
1202 2460 1300 2532 ἤδη
1345 2460 1578 2532 ὀνόματα
1624 2463 1716 2531 ἀφ’

140 2542 210 2604 οὗ
256 2551 447 2620 γέγονε
484 2552 687 2606 τούτων
713 2552 822 2623 (21)
860 2553 1088 2607 ἕκαστον
1129 2553 1365 2625 ἡμειψεί
1403 2553 1508 2607 Τοῦ
1548 2554 1719 2619 δεῖνος

143 2644 370 2712 ἐλέγετο
389 2685 405 2709 ,
455 2638 572 2698 εἶτα
615 2643 1006 2715 μετωνομάσθη
1041 2645 1177 2715 πρὸς
1215 2645 1400 2716 ἕτερον
1423 2661 1438 2676 ’
1469 2645 1606 2716 πρὸς
1627 2645 1718 2699 τὸν

140 2736 297 2788 δεῖνα
326 2735 607 2806 μετῆλθεν,
639 2731 758 2789 εἷτα
785 2735 880 2788 νῦν
913 2734 1071 2788 ἄλλου
1098 2735 1334 2804 λέγεται.
1353 2731 1583 2807 τΑρόὗν
1606 2736 1717 2808 (9‘2)

142 2827 249 2896 οὐχ
278 2825 394 2889 ὁδὸς
440 2825 595 2896 ἡμῶν
633 2826 662 2878 6
692 2824 826 2896 βίος,
852 2824 1038 2880 ἄλλοτε
1071 2825 1250 2880 ἄλλον
1267 2826 1716 2898 μεταλαμϐάνων,

143 2918 246 2972 καὶ
269 2918 474 2981 πάντας
508 2917 644 2988 ἔχων
672 2917 921 2988 ἀλλήλοις
959 2918 1368 2989 ὲφεπομένους,
1415 2916 1719 2986 Μακάριος

142 3004 244 3062 οὖν
293 3007 362 3075 ὃς
401 3008 498 3062 ἐπὶ
531 3007 638 3077 τῆς
675 3008 818 3064 ὀδοῦ
847 3007 968 3062 τῶν
996 3008 1356 3078 ἁμαρτωλῶν
1392 3013 1502 3063 οὐκ
1544 3010 1715 3079 ἔστη.

143 3101 226 3153 Τὸ
257 3100 336 3165 δὲ,
378 3102 498 3153 Οὐκ
525 3099 697 3168 ἔστη,
726 3101 779 3153 τί
826 3102 1013 3165 estw;
1062 3101 1180 3153 Ἔτι
1215 3101 1306 3153 ἐπὶ
1350 3101 1449 3171 τῆς
1496 3099 1719 3172 πρώτης
1746 3131 1791 3190 C

144 3191 367 3262 ἡλικίας
394 3191 544 3254 ὄντες
573 3193 622 3244 οἱ
652 3190 948 3262 ἄνθρωποι,
980 3190 1102 3244 οὔτε
1131 3192 1188 3243 ὲν
1212 3192 1380 3263 κακίᾳ
1396 3192 1580 3262 ἐσμὲν,
1598 3191 1719 3245 οὒτε

143 3286 211 3338 ὲν
245 3285 412 3354 ἀρετῇ
443 3283 812 3354 (ἁνεπίδεκτος
846 3283 956 3354 γὰρ
989 3284 1021 3353 ἡ
1055 3283 1238 3354 ἡλικία
1270 3283 1369 3352 τῆς
1394 3283 1558 3347 ἕξεως
1591 3284 1721 3336 ἑκα-

143 3372 336 3445 τέρας)
363 3389 377 3404 ·
407 3373 626 3426 ἐπειδὰν
672 3373 728 3425 δὲ
757 3375 786 3426 ὁ
819 3372 974 3442 λόγος
994 3373 1152 3443 ἡμῶν
1179 3373 1572 3445 συμπληρωθῇ,
1602 3373 1720 3426 τότε

141 3463 360 3533 γίνεται
386 3463 445 3516 τὸ
473 3462 853 3537 γεγραμμένον
874 3479 888 3493 ο
946 3464 1276 3530 Ἐλθούσης
1301 3461 1370 3515 δὲ
1411 3463 1521 3532 τῆς
1564 3464 1724 3518 ἐντο-

141 3555 304 3625 λῆς,
360 3557 398 3624 η
445 3556 699 3625 ἁμαρτία
749 3556 1070 3624 ἀνέζησεν,
1119 3556 1234 3626 ἐγὼ
1280 3553 1350 3608 δὲ
1396 3555 1717 3611 ἀπέθανον.

158 3645 613 3700 Ἐπανατέλλουσι
640 3647 748 3718 γὰρ
763 3647 1013 3718 λογισμοὶ
1037 3646 1286 3716 πονηροὶ,
1306 3646 1369 3699 ἐκ
1389 3646 1496 3699 τῶν
1535 3647 1722 3702 παθῶν

141 3739 248 3809 τῆς
281 3737 480 3809 σαρκὸς
510 3741 628 3803 ταῖς
648 3739 847 3809 ψυχαῖς
871 3737 1027 3809 ἡμῶν
1065 3737 1450 3808 ὲντικτόμενοι.
1495 3737 1586 3810 Τῷ
1607 3737 1721 3792 ὄντι

142 3831 259 3901 γὰρ
303 3828 530 3883 ἐλθοῦσα
559 3831 591 3900 ἡ
620 3829 828 3901 ἐντολὴ,
882 3828 1158 3882 τουτέστιν
1201 3832 1234 3899 ὴ
1283 3828 1582 3896 διάγνωσις
1611 3828 1722 3883 τῶν

145 3921 355 3987 καλῶν,
391 3921 488 3974 ἐὰν
519 3920 593 3992 μὴ
622 3922 1013 3993 κατακρατήσῃ
1044 3919 1137 3972 τοῦ
1173 3919 1412 3990 χείρονος
1438 3918 1720 3990 λογισμοῦ,

145 4012 290 4066 ἀλλὰ
324 4013 654 4083 συγχωρήσῃ
689 4012 792 4064 ὑπὸ
818 4011 926 4064 τῶν
959 4010 1146 4064 παθῶν
1169 4010 1722 4082 ἐξανδραποδισθῆναι

144 4105 242 4157 τὸν
268 4104 526 4174 λογισμόν
545 4119 558 4133 ο
584 4103 814 4175 ἀνέζησε
850 4104 949 4174 μὲν
983 4106 1016 4175 ἠ
1059 4102 1322 4174 ἁμαρτία,
1347 4103 1582 4157 ἀπέθανε
1611 4104 1666 4157 δὲ
1694 4106 1723 4158 ό

144 4188 297 4254 νοῦς,
325 4191 515 4259 νεκρὸς
549 4192 835 4260 γενόμενος
860 4194 972 4254 τοῖς
994 4193 1418 4264 παραπτώμασι.
1440 4194 1724 4264 Μακάριος

144 4278 244 4334 οὖν
267 4283 295 4334 6
322 4281 395 4351 μὴ
424 4282 741 4354 ἐγχρονίσας
764 4285 830 4353 τῇ
852 4281 956 4352 ὁδῷ
982 4282 1089 4335 τῶν
1135 4284 1556 4354 ἁμαρτανόντων
1587 4284 1720 4356 (9.3),

144 4374 289 4429 ἀλλὰ
324 4374 567 4445 λογισμῷ
607 4374 835 4446 βελτίονι
891 4375 1028 4445 πρὸς
1074 4374 1170 4446 τὴν
1209 4375 1406 4446 εὐσεϐῆ
1448 4375 1722 4429 πολιτείαν

1816 1917 2132 1977 praesentes.
2180 1906 2326 1962 Inter
2363 1908 2619 1976 viatores,
2659 1908 2822 1964 simul
2853 1917 2913 1963 ut
2961 1909 3168 1979 primus
3196 1909 3386 1979 pedem

1816 2002 2004 2063 movit,
2038 2001 2161 2054 huic
2211 2001 2486 2070 proximus
2517 2000 2680 2055 infert
2710 2000 2957 2070 gradum,
2986 2007 3038 2054 et
3084 2010 3207 2069 post
3242 2002 3386 2056 hunc

1817 2087 1954 2141 alter
1978 2089 2067 2156 qui
2103 2089 2364 2157 sequitur.

1886 2179 1940 2233 5.
1983 2180 2156 2234 Velim
2197 2189 2375 2234 autem
2407 2181 2677 2245 attendas,
2712 2196 2839 2234 num
2887 2181 3051 2235 etiam
3079 2181 3201 2235 vita:
3230 2193 3389 2236 casus

1823 2269 1934 2324 sint
1959 2269 2247 2324 assimiles.
2286 2267 2459 2324 Hodie
2489 2278 2543 2324 tu
2567 2270 2777 2325 coluisti
2810 2279 3031 2339 terram,
3071 2287 3193 2327 cras
3228 2273 3386 2336 alter,

1816 2368 1938 2430 post
1967 2360 2107 2414 hunc
2133 2359 2275 2416 colet
2303 2369 2358 2415 et
2391 2361 2551 2416 alius.
2593 2363 2755 2417 Vides
2799 2377 2961 2431 agros
2990 2363 3088 2419 hos
3116 2373 3170 2419 et
3201 2363 3391 2418 domos

1818 2451 2195 2520 sumptuosas?
2248 2451 2472 2518 Quoties
2523 2453 2755 2522 singula,
2816 2469 2885 2509 ex
2939 2471 3045 2526 quo
3099 2456 3389 2520 exsistunt,

1818 2556 2013 2596 nomen
2053 2541 2164 2611 jam
2201 2543 2503 2599 mutavere!
2538 2543 2866 2600 Dicebantur
2893 2544 3050 2615 hujus
3079 2562 3218 2612 esse,
3242 2555 3393 2616 post-

1817 2645 1882 2685 ea
1922 2632 2056 2700 ipsis
2117 2632 2424 2701 impositum
2469 2642 2554 2697 est
2597 2649 2795 2690 nomen
2848 2635 3091 2705 alterius,
3129 2640 3195 2693 ad
3224 2639 3391 2693 alium

1821 2728 2194 2794 transierunt,
2229 2737 2342 2783 tum
2381 2729 2594 2783 demum
2662 2728 2886 2786 alterius
2935 2746 3056 2787 esse
3113 2732 3388 2789 dicuntur.

1821 2818 2009 2875 Nonne
2043 2835 2172 2890 ergo
2203 2820 2308 2874 vita
2352 2828 2533 2876 nostra
2561 2821 2648 2876 via
2676 2831 2783 2888 est,
2813 2822 2919 2879 alio
2959 2832 3199 2893 tempore
3225 2825 3391 2881 alium

1819 2912 2117 2981 excipiens,
2147 2921 2203 2967 et
2231 2913 2282 2965 in
2313 2927 2415 2981 qua
2446 2911 2546 2966 sibi
2577 2912 2805 2967 invicem
2834 2915 3132 2967 succedunt
3163 2915 3393 2971 omnes?

1821 3000 2016 3056 Beatus
2052 3004 2227 3072 itaque
2260 3002 2351 3070 qui
2378 3001 2436 3054 in
2467 3000 2548 3055 via
2578 3009 2914 3069 peccatorum
2939 2999 3047 3070 95
3083 3017 3186 3054 non
3221 3003 3388 3055 stetit.

1823 3093 1956 3147 Illud
2003 3104 2205 3157 autem,
2250 3092 2374 3147 Non
2431 3093 2593 3159 stetit,
2645 3093 2774 3162 quid
2831 3092 2934 3147 sibi
2985 3091 3139 3146 vult?
3169 3091 3304 3147 Dum
3334 3092 3392 3148 in

1822 3185 1992 3255 prima
2025 3186 2200 3239 adhuc
2234 3185 2579 3240 consistimus
2628 3193 2808 3249 actate,
2845 3197 2946 3238 nec
2991 3183 3244 3253 improbi,
3291 3197 3392 3240 nec

1823 3276 2022 3329 virtute
2054 3275 2262 3344 praediti
2297 3291 2483 3330 sumus
2513 3273 2598 3347 (ea
2622 3275 2766 3328 enim
2798 3284 2929 3329 atas
2959 3274 3176 3328 habitus
3195 3274 3395 3329 utrius-

1822 3383 1928 3438 que
1964 3382 2134 3437 capax
2179 3383 2286 3422 non
2325 3369 2463 3439 est);
2495 3366 2587 3423 sed
2622 3376 2974 3438 posteaquam
3023 3369 3160 3422 ratio
3203 3379 3390 3422 nostra

1822 3460 2058 3528 perfecta
2085 3467 2169 3515 est
2188 3467 2350 3528 atque
2380 3459 2670 3524 cumulata,
2702 3472 2832 3514 tunc
2865 3458 2926 3513 ﬁt
2958 3459 3101 3528 quod
3130 3462 3393 3530 scriptum

1825 3561 1910 3606 est
1937 3564 1952 3604 :
1977 3550 2044 3602 At
2081 3565 2197 3603 cum
2231 3548 2450 3602 venisset
2492 3548 2817 3614 mandatum,
2871 3558 3140 3617 peccatum
3187 3548 3394 3616 revixit,

1823 3660 1918 3713 ego
1967 3651 2142 3695 autem
2170 3651 2408 3694 mortuus
2442 3655 2558 3694 sum
2580 3639 2646 3694 ³⁸.
2671 3638 2932 3694 Oriuntur
2951 3640 3092 3694 enim
3129 3639 3283 3695 malae
3304 3655 3398 3696 co-

1823 3735 2126 3806 gitationes,
2167 3748 2285 3803 qua:
2325 3747 2392 3788 ex
2437 3733 2619 3788 carnis
2649 3730 3040 3802 cupiditatibus
3092 3731 3146 3785 in
3190 3730 3392 3786 animis

1824 3825 2022 3880 nostris
2057 3833 2405 3892 generantur.
2446 3822 2579 3876 Nam
2626 3823 2808 3890 reipsa
2855 3821 2944 3876 ubi
2978 3823 3125 3876 venit
3172 3821 3396 3875 manda-

1824 3926 1960 3981 tum,
1989 3917 2095 3972 hoc
2127 3923 2230 3979 est,
2265 3913 2390 3969 boni
2430 3913 2750 3983 honestique
2784 3911 3068 3980 judicium,
3101 3912 3144 3966 si
3187 3913 3396 3982 cogita-

1825 4009 2025 4063 tionem
2060 4007 2299 4076 pejorem
2331 4019 2434 4060 non
2477 4004 2693 4072 vicerit,
2727 4003 2821 4059 sed
2852 4017 2881 4056 a
2906 4001 3086 4072 pravis
3119 4000 3400 4057 aﬂectibus

1823 4102 2059 4155 animum
2105 4099 2158 4152 in
2193 4098 2506 4154 servitutem
2540 4095 2710 4167 redigi
2755 4096 2988 4150 siverit:
3030 4096 3225 4150 revixit
3267 4095 3396 4164 qui-

1822 4193 1940 4248 dem
1967 4199 2271 4262 peccatum,
2305 4203 2456 4244 mens
2497 4203 2626 4243 vero
2655 4187 2888 4258 peccatis
2924 4186 3245 4256 interempta
3278 4201 3397 4241 mo-

1825 4287 1982 4339 ritur.
2019 4284 2216 4339 Beatus
2251 4282 2436 4352 igitur,
2485 4281 2575 4351 qui
2629 4280 2683 4334 in
2735 4279 2826 4334 via
2887 4287 3233 4349 peccatorum
3287 4293 3394 4334 non

1824 4376 2142 4431 immoratus
2181 4382 2288 4440 est,
2330 4375 2423 4429 sed
2466 4371 2683 4427 saniore
2726 4369 2953 4427 consilio
2983 4370 3052 4423 ad
3082 4370 3226 4440 piam
3261 4385 3396 4424 con-

147 4466 562 4538 μεταπηδήσας.
599 4465 702 4518 Δύο
723 4467 832 4536 γάρ
864 4467 1002 4520 είσιν
1026 4465 1135 4519 ὁδοὶ
1175 4468 1414 4521 ἐναντίαι
1447 4465 1717 4539 ἀλλήλαις·

1827 4467 2188 4522 versationem
2220 4478 2280 4520 se
2326 4464 2549 4533 recepit.
2583 4462 2711 4516 Duae
2757 4475 2992 4530 namque
3029 4469 3156 4515 sunt
3191 4459 3294 4516 viae
3321 4460 3400 4518 in-

142 4557 181 4628 ἡ
223 4557 322 4627 μὲν
354 4556 582 4611 πλατεῖα
595 4559 688 4610 καὶ
707 4557 1037 4630 εὐρύχωρος,
1069 4559 1103 4629 ή
1124 4557 1180 4610 δὲ
1203 4558 1363 4628 στενὴ
1393 4559 1487 4611 καὶ
1506 4557 1717 4629 τεθλιμ-

1829 4567 1911 4614 ter
1951 4571 2010 4613 se
2053 4557 2379 4614 contrariae:
2411 4569 2514 4610 una
2545 4554 2653 4609 lata
2702 4562 2758 4610 et
2803 4553 3060 4624 spatiosa,
3093 4551 3263 4608 altera
3300 4566 3398 4607 an-

146 4650 315 4721 μένη.
360 4651 472 4703 Καὶ
510 4648 601 4702 δύο
641 4651 844 4722 ὁδηγοὶ,
881 4649 1139 4720 ἑκάτερος
1185 4649 1321 4720 πρὸς
1371 4648 1561 4702 ἑαυτὸν
1598 4651 1717 4701 επι-

1827 4661 1981 4721 gusta
2005 4659 2061 4705 et
2087 4657 2380 4704 eoarctata.
2423 4649 2537 4703 Duo
2583 4647 2746 4702 etiam
2778 4655 2906 4702 sunt
2927 4647 3026 4701 viae
3055 4647 3240 4711 duces,
3259 4657 3398 4716 quo-

147 4743 408 4814 στρέφειν
441 4742 553 4813 (24)
586 4743 898 4814 ἐπιχειρῶν.
929 4743 1079 4813 Ἔχει
1121 4737 1214 4795 οὖν
1246 4745 1278 4813 ἡ
1318 4741 1416 4812 μὲν
1457 4741 1575 4796 λεία
1605 4741 1717 4804 ὁδὸς

1830 4755 1950 4794 rum
2003 4748 2233 4809 uterque
2280 4739 2544 4792 viatorem
2601 4737 2668 4791 ad
2730 4749 2788 4790 se
2833 4735 3108 4790 attrahere
3145 4743 3392 4789 conatur.

143 4837 245 4890 καὶ
276 4834 490 4906 πρανὴς
523 4834 635 4907 (25)
665 4835 856 4906 ὁδηγὸν
885 4834 1180 4906 ἀπατηλὸν,
1208 4833 1436 4904 δαίμονα
1463 4833 1716 4904 πονηρὸν,

1830 4831 1993 4886 Plana
2026 4831 2240 4901 quidem
2259 4840 2314 4885 et
2337 4828 2558 4886 declivis
2587 4829 2675 4882 via
2707 4829 2872 4883 habet
2899 4826 3143 4881 fallacem
3177 4826 3396 4891 ducem,

140 4928 215 4979 δι’
248 4926 446 4997 ἡδονῆς
479 4926 616 4997 πρὸς
644 4925 742 4998 τὴν
784 4925 1058 4980 ἀπώλειαν
1098 4924 1225 4988 τοὺς
1272 4924 1571 4994 ἑπομένους
1601 4923 1717 4976 ἐπι-

1825 4920 2025 4975 malum
2071 4919 2369 4975 daemonem
2400 4919 2490 4988 qui
2524 4932 2618 4972 eos
2655 4917 2745 4986 qui
2784 4932 2843 4972 se
2871 4926 3193 4986 sequuntur,
3221 4917 3274 4970 in
3311 4916 3398 4970 in-

143 5018 476 5089 συρόμενον·
509 5019 544 5088 ἡ
573 5018 630 5072 δὲ
661 5021 890 5089 τραχεῖα
928 5017 1025 5071 καὶ
1065 5016 1299 5087 ἀνάντης
1327 5015 1557 5084 ἄγγελον
1584 5016 1717 5083 ἀγα-

1825 5012 2042 5066 teritum
2080 5025 2178 5080 per
2223 5010 2550 5080 voluptatem
2603 5009 2810 5063 trahit:
2840 5023 3028 5079 aspera
3063 5023 3190 5064 vero
3221 5017 3277 5064 et
3307 5024 3392 5062 ar-

143 5110 260 5168 θὸν.
290 5110 379 5164 διὰ
397 5109 506 5164 τῶν
536 5110 806 5166 ἐπιπόνων
837 5111 936 5181 τῆς
967 5108 1171 5180 ἀρετῆς
1199 5107 1335 5178 πρὸς
1367 5107 1426 5160 τὸ
1451 5106 1717 5177 μακάριον

1827 5103 1928 5158 dua
1953 5103 2064 5166 via,
2099 5102 2297 5158 bonum
2328 5101 2599 5171 angelum,
2627 5102 2719 5172 qui
2741 5115 3005 5171 sequaces
3031 5116 3157 5156 suos
3187 5115 3283 5170 per
3317 5099 3398 5156 la-

222 5257 267 5288 ³⁹
300 5255 460 5311 Rom.
485 5271 582 5322 vit,
617 5255 671 5311 9.

1906 5422 1996 5495 22)
2029 5421 2119 5495 §ic
2144 5437 2272 5477 mss.
2304 5421 2720 5495 plurimiLDeest
2751 5419 2925 5495 obvia
2957 5421 3189 5475 editione
3219 5419 3392 5476 Paris.

1907 5490 2000 5561 '25)
2031 5492 2166 5562 Reg.
2195 5490 2465 5546 secundus
2490 5490 2600 5562 τῶν
2623 5491 2985 5562 ἁμαρτωλῶν.

1905 5560 2242 5633 24)ίΝοειι”ει
2301 5562 2466 5616 editio
2503 5560 2676 5616 Paris.
2731 5560 3068 5630 ἐπιτρέψειν.
3133 5560 3200 5613 At
3260 5577 3389 5615 mss.

1812 5632 2184 5719 ἐπιπρέςρειν.
2605 5701 2616 5713 ,
2893 5701 2904 5712 '
3305 5688 3309 5690 γ

1885 5703 1997 5774 (25)
2026 5702 2207 5774 Ldttto
2232 5706 2463 5774 utraque
2486 5698 2663 5774 _Bas|l.
2693 5710 2747 5756 ct
2780 5701 2956 5774 Paris.
2979 5699 3094 5774 666;
3125 5699 3220 5774 καὶ
3249 5701 3391 5755 atla-

1809 5767 1931 5830 τεῖα
1954 5767 2047 5828 καὶ
2076 5771 2306 5840 πρανής.
2343 5767 2570 5828 Brevius
2605 5787 2732 5830 mss.
2762 5771 2878 5835 ὁδὸς
2908 5772 3001 5826 καὶ
3028 5772 3261 5841 πρανὴς.

219 5434 338 5505 (19)
373 5433 512 5488 Editi
538 5431 906 5503 ἐπειγόμενοι.
939 5426 1010 5485 At
1056 5443 1188 5485 mss.
1223 5437 1458 5498 quatuor
1501 5423 1717 5492 ἐπειγό-

148 5521 341 5654 μείξδ)
377 5571 467 5654 Sic
486 5569 840 5654 editioBasil.
875 5569 1200 5654 cumitribits
1245 5564 1539 5654 {ussllllud
1562 5605 1578 5632 ,
1620 5562 1714 5617 καὶ

147 5638 428 5714 σκόλοψιν,
451 5643 506 5697 in
535 5643 768 5698 editione
796 5640 969 5696 Paris.
997 5638 1429 5714 desiderabatur.

218 5703 341 5799 teli
364 5703 455 5769 Sic
515 5727 647 5770 mss.
693 5720 946 5784 quatuor.
1003 5709 1177 5766 Editio
1233 5705 1406 5764 Paris.
1454 5703 1713 5776 ὀνόματα,

146 5801 372 5846 βουτων.
