3850 6218
466 301 576 359 2‘33

1776 297 1834 355 S.
1876 297 2124 354 BASlLll
2167 296 2386 353 MAGNI

465 414 682 470 boriosa
712 411 928 465 virtutis
964 407 1224 477 exercitia
1273 410 1340 464 ad
1395 408 1609 463 beatum
1647 409 1805 464 linem
1841 413 2026 480 perdu-

2138 410 2290 473 τέλος
2324 409 2451 472 τοὺς
2493 409 2790 480 ἐπομένους
2831 409 3056 478 ἄγοντα.
3086 409 3230 472 Ἕως
3264 408 3360 479 μὲν
3391 405 3490 464 οὖν
3521 411 3722 483 νήπιός

459 505 558 561 cit.
585 507 717 560 Dum
753 503 918 572 igitur
953 503 1180 572 quisque
1214 511 1461 555 nostrum
1497 516 1630 570 puer
1657 512 1761 564 est,
1795 517 2033 572 praasen-

461 605 544 652 tes
577 595 919 664 persequitur
946 594 1268 663 voluptates,
1305 608 1481 662 neque
1509 593 1672 646 habet
1701 593 1864 646 ullam
1896 603 2034 648 tem-

460 687 609 755 poris
648 683 812 738 futuri
858 685 1168 750 rationem,
1209 698 1386 751 neque
1433 696 1617 736 curam
1654 684 1803 752 :jam
1852 692 2035 736 autem

464 779 548 832 vir
583 777 780 843 factus,
805 778 1134 847 postjudicii
1181 778 1590 846 perfectionem,
1618 778 1797 831 videre
1824 778 1923 832 sibi
1957 777 2036 830 vi-

459 871 617 924 detur
651 870 814 923 vitam
854 871 905 923 in
939 873 1195 924 virtutem
1239 880 1294 923 et
1340 870 1528 923 vitium
1575 869 1836 932 divisam;
1868 879 2035 937 atque

457 960 630 1015 oculis
665 961 830 1013 animi
871 961 920 1013 in
956 970 1251 1030 utrumque
1289 975 1430 1028 same
1472 959 1753 1027 conjectis,
1787 961 2033 1030 proprie-

461 1059 600 1104 tates
652 1049 934 1116 utriusque
996 1048 1139 1102 inter
1177 1064 1236 1102 se
1293 1049 1579 1117 aequaliter
1625 1050 1870 1104 diversas
1915 1063 2035 1104 esse

453 1138 680 1206 iudicat.
716 1139 781 1193 Et
823 1140 1041 1208 quidem
1077 1149 1423 1210 peccatorum
1475 1141 1582 1194 vita
1623 1141 1860 1194 ostendit
1895 1155 2033 1195 eun-

457 1239 577 1283 ctas
627 1231 910 1299 praesentis
961 1229 1142 1283 saeculi
1203 1229 1504 1300 voluptates
1551 1230 1859 1300 :justorum
1907 1246 2034 1286 vero

457 1323 594 1385 vita,
635 1321 748 1376 sola
795 1321 960 1374 futuri
1014 1321 1112 1376 a:vi
1150 1323 1288 1376 bona
1334 1333 1743 1378 commonstrat.
1780 1322 1846 1376 Et
1888 1333 2034 1378 certe

458 1415 837 1469 salvandorum
886 1416 969 1468 via
1019 1425 1224 1483 quanto
1281 1415 1588 1484 pulchriora
1636 1417 1923 1487 pollicetur
1949 1419 2033 1470 fu-

461 1515 600 1568 tura,
639 1513 787 1558 tanto
837 1504 1188 1559 laboriosiora
1236 1506 1459 1560 exhibet
1519 1508 1804 1574 praesentia
1836 1525 1849 1561 :
1884 1507 2034 1561 volu-

454 1596 631 1664 ptaria
661 1604 838 1648 autem
866 1606 919 1648 et
950 1595 1157 1664 impura
1188 1596 1293 1649 vita
1331 1612 1436 1650 non
1458 1598 1509 1650 in
1545 1608 1819 1666 posterum
1848 1613 2036 1667 exspe-

457 1687 706 1751 ctandas,
738 1687 831 1740 sed
876 1687 987 1753 jam
1022 1697 1314 1754 praesentes
1366 1688 1587 1743 delicias
1621 1690 1892 1758 proponit.
1930 1689 2036 1744 lta-

2137 501 2284 552 ἐστιν
2315 499 2546 561 ἕκαστος
2585 497 2760 569 ἡμῶν,
2795 497 2858 550 τὸ
2888 500 2946 552 ἐν
2978 499 3057 568 τῷ
3081 499 3307 570 παρόντι
3334 499 3435 570 ἡδὺ
3476 499 3717 564 διώκων,

2136 589 2392 658 οὐδεμίαν
2433 588 2528 641 τοῦ
2575 588 2860 658 μέλλοντος
2897 588 3221 658 κηδεμονίαν
3261 591 3540 642 ποιεῖται·
3585 591 3720 660 ἀνὴρ

2135 679 2192 731 δέ
2213 679 2312 750 ήδη
2344 677 2654 748 γενόμενος,
2681 678 2819 750 μετά
2841 677 2930 731 τὸν
2955 677 3299 748 ἀπαρτισμὸν
3326 679 3436 732 τῶν
3467 681 3715 741 ἐννοιῶν,

2135 765 2247 822 οἷον
2283 770 2414 840 ὁρᾷν
2457 769 2604 822 δοκεῖ
2627 771 2716 823 τὸν
2747 770 2861 840 βίον
2887 768 3034 840 αὐτῷ
3066 771 3378 841 σχιζόμενον
3409 772 3555 841 πρὸς
3595 772 3717 841 ἀρε-

2134 859 2233 931 τὴν
2277 861 2370 915 καὶ
2414 861 2635 927 κακίαν,
2681 862 2774 916 καὶ
2808 863 2988 917 πυκνά
3019 862 3131 933 (‘26)
3184 863 3313 934 πρὸς
3355 865 3630 935 ἑκάτερον
3661 865 3715 915 τὸ

2135 950 2290 1021 ὖμμα
2322 953 2419 1022 τῆς
2445 951 2623 1023 ψυχῆς
2656 954 3064 1025 μεταστρέφων,
3100 954 3418 1024 παράλληλα
3450 956 3632 1021 κρίνει
3651 956 3715 1008 τὰ

2137 1043 2385 1114 ἐκατέρῳ
2419 1045 2711 1114 προσόντα.
2757 1046 2864 1098 Καὶ
2900 1049 2928 1100 ὁ
2965 1047 3064 1117 μὲν
3086 1046 3194 1099 τῶν
3231 1048 3580 1118 ἁμαρτωλῶν
3609 1049 3713 1118 βίος

2137 1135 2313 1188 πάντα
2338 1135 2573 1188 δείκνυσι
2595 1136 2664 1189 τὰ
2684 1136 2778 1190 τοῦ
2806 1139 3068 1207 παρόντος
3102 1139 3288 1202 αἰῶνος
3327 1140 3572 1208 τερπνά·
3605 1143 3634 1192 ὁ
3661 1139 3712 1191 δὲ

2133 1224 2242 1277 τῶν
2256 1224 2500 1294 δικαίων,
2542 1227 2679 1296 μόνα
2701 1227 3065 1296 ὑποφαίνειτά
3086 1228 3175 1282 τοῦ
3208 1229 3496 1300 μέλλοντος
3512 1229 3708 1297 ἀγαθά.

2135 1316 2244 1369 Καὶ
2278 1319 2311 1387 ἡ
2349 1317 2448 1388 μὲν
2473 1317 2582 1370 τῶν
2624 1318 2942 1388 σωζομένων
2967 1319 3082 1381 ὁδὸς
3107 1320 3227 1371 ὅσον
3259 1319 3400 1371 καλά
3431 1319 3714 1389 ὑπισχνεῖο

2133 1409 2322 1460 ταιτά
2371 1407 2654 1478 μέλλοντα,
2701 1408 2954 1463 τοσοῦτον
3003 1410 3233 1464 ἐπίπονα
3289 1410 3599 1480 παρέχεται
3649 1410 3713 1462 τά

2133 1500 2378 1573 παρόντα
2399 1517 2411 1529 ’
2447 1503 2476 1553 ὁ
2499 1501 2554 1553 δὲ
2577 1502 2705 1571 ἡδὺς
2737 1502 2830 1555 καὶ
2861 1503 3154 1565 ἀκόλαστος
3190 1502 3301 1571 βίος
3330 1502 3456 1571 οὐχὶ
3490 1502 3716 1570 προσδο-

2134 1592 2390 1662 κωμένην
2433 1593 2514 1655 εἰς
2551 1592 2800 1663 ὕστερον,
2837 1593 2952 1646 ἀλλ’
2983 1593 3082 1664 ἤδη
3127 1593 3404 1664 παροῦσαν
3433 1593 3718 1664 προτείνε-

2132 1701 2221 1736 ται
2247 1684 2358 1754 (27)
2386 1683 2484 1753 τὴν
2511 1683 2832 1737 ἀπόλαυσιν.
2877 1685 3102 1756 Ἰλιγγιᾷ
3128 1681 3217 1738 οὖν
3243 1686 3392 1738 πᾶσα
3420 1685 3596 1755 ψυχὴ,
3623 1685 3716 1737 καὶ

458 1791 564 1845 que
585 1777 845 1846 vertigine
875 1777 1084 1831 laborat
1117 1779 1296 1830 anima
1324 1779 1523 1843 omnis,
1561 1789 1726 1847 atque
1759 1779 2026 1834 titubanti-

2137 1776 2459 1845 μετοκλάζει
2505 1779 2619 1840 τοῖς
2663 1776 2963 1848 λογισμοῖς,
3015 1778 3141 1830 ὅταν
3175 1778 3272 1848 μὲν
3315 1778 3606 1847 ἐνθυμηθῇ
3649 1778 3715 1829 τά

457 1868 560 1923 bus
613 1869 1031 1938 cogitationibus
1093 1870 1516 1938 agitaturzcum
1577 1870 1792 1939 quidem
1848 1886 2029 1925 secum

460 1961 688 2015 revolvit
722 1970 943 2025 aeterna,
991 1963 1140 2029 eligit
1183 1964 1458 2026 virtutem,
1500 1979 1622 2016 cum
1652 1979 1778 2017 vero
1811 1965 2031 2032 respicit

457 2053 524 2106 ad
547 2055 853 2123 praesentia,
895 2054 1222 2122 voluptatem
1260 2053 1500 2121 praefert.
1531 2055 1627 2109 llic
1669 2057 1863 2110 bonam
1898 2072 2024 2110 cor-

459 2147 605 2215 poris
638 2145 1004 2200 hahitudinem
1033 2148 1318 2216 conspicit,
1352 2147 1425 2202 ibi
1448 2150 1630 2204 carnis
1666 2152 1978 2206 servitutem
2011 2171 2024 2207 :

458 2238 547 2293 hic
567 2238 910 2302 ebrietatem,
951 2238 1021 2292 ibi
1052 2239 1315 2307 jejunium
1352 2255 1365 2290 :
1397 2239 1487 2293 hic
1510 2242 1807 2297 cachinnos
1836 2243 2030 2297 immo-

456 2327 628 2394 dicos,
651 2328 717 2382 ibi
747 2329 1011 2396 plurimas
1046 2329 1314 2399 lacrymas
1340 2347 1355 2383 :
1385 2331 1474 2385 hic
1521 2331 1886 2400 saltationem,
1920 2335 2029 2390 illic

459 2421 870 2486 precationem:
901 2420 992 2474 hic
1034 2421 1217 2487 tibias,
1260 2421 1369 2476 illic
1412 2425 1644 2492 gemitus
1671 2445 1684 2478 :
1711 2425 1800 2480 hic
1823 2438 2028 2482 scorta-

459 2511 684 2575 tionem,
717 2510 828 2564 illic.
852 2511 1235 2582 virginitatem.
1267 2511 1531 2578 Quoniam
1560 2516 1721 2584 igitur
1737 2518 1879 2586 quod
1905 2532 2028 2571 vere

456 2599 655 2655 bonum
688 2611 790 2661 est,
835 2601 887 2654 id
933 2603 1194 2656 duntaxat
1226 2607 1437 2658 ratione
1465 2621 1562 2674 per
1591 2607 1747 2660 tidem
1780 2622 2028 2675 compre-

457 2691 618 2744 hendi
672 2699 847 2760 potest
895 2691 1074 2760 (longe
1100 2692 1242 2746 enim
1287 2695 1460 2757 abest,
1497 2709 1597 2748 nec
1648 2694 1782 2748 vidit
1814 2696 2026 2760 oculus,

457 2795 557 2834 nec
603 2783 753 2834 auris
788 2779 1098 2851 audivit“),
1126 2785 1330 2850 peccati
1380 2797 1508 2837 vero
1560 2784 1799 2838 suavitas
1847 2800 2029 2853 prom-

459 2877 629 2935 ptam,
656 2879 710 2920 et
739 2884 832 2937 per
855 2883 1046 2923 omnes
1081 2884 1272 2923 sensus
1303 2870 1550 2924 ﬂuentem
1579 2873 1899 2942 voluptatem
1931 2875 2028 2929 Ita-

456 2959 578 3023 bet;
622 2959 826 3013 idcirco
872 2961 1097 3025 beatus,
1132 2961 1222 3030 qui
1275 2974 1492 3030 propter
1523 2965 1807 3032 voluptatis
1848 2966 2028 3020 illece-

457 3049 582 3104 bras
611 3066 714 3104 non
745 3051 1006 3106 deductus
1032 3061 1115 3106 est
1141 3052 1209 3106 ad
1253 3053 1553 3120 interitmn,
1588 3057 1683 3110 sed
1713 3071 1863 3126 Spem
1891 3059 2027 3111 salu-

2133 1867 2347 1934 αἰώνια,
2382 1868 2480 1939 τὴν
2513 1870 2715 1939 ἀρετὴν
2767 1869 3083 1940 αἱρουμένη,
3136 1871 3263 1922 ὅταν
3309 1869 3366 1922 δὲ
3423 1870 3712 1940 ἀποϐλέψῃ

2133 1961 2267 2029 πρὸς
2294 1961 2362 2014 τὰ
2392 1963 2658 2033 παρόντα,
2691 1961 2786 2032 τὴν
2813 1963 3006 2033 ἡδονὴν
3037 1961 3374 2031 προτιμῶσα.
3402 1957 3537 2013 Ὧδε
3587 1961 3713 2030 βλέ-

2131 2069 2223 2104 πει
2278 2054 2480 2124 σαρκὺς
2531 2054 2848 2118 εὐπάθειαν,
2898 2055 3014 2107 ἐκεῖ
3063 2053 3435 2120 δουλαγωγίαν
3471 2061 3706 2124 σαρκός·

2127 2137 2230 2196 ὦδε
2279 2145 2470 2214 μέθην,
2518 2147 2634 2198 ἐκεῖ
2666 2146 2950 2215 νηστείαν·
2987 2140 3089 2199 ὦδε
3135 2146 3374 2212 γέλωτας
3416 2147 3703 2216 ἀκρατεῖς,

2127 2235 2246 2286 ἐκεῖ
2273 2235 2506 2306 δάκρυον
2539 2235 2755 2304 δαψιλές
2781 2255 2795 2267 ο
2825 2235 3056 2289 ἐνταῦθα
3084 2236 3326 2306 ὄρχησιν,
3363 2237 3531 2288 κάκεῖ
3552 2253 3709 2307 προσ-

2129 2328 2326 2398 ευχήν·
2371 2327 2567 2391 αὐλοὺς
2615 2321 2736 2390 ὧδε,
2793 2329 2954 2381 κάκεῖ
3005 2328 3374 2397 στεναγμούς·
3426 2321 3535 2381 ὧδε
3569 2346 3704 2400 πορ-

2128 2419 2296 2483 νείαν,
2333 2421 2495 2472 κάκεῖ
2532 2421 2848 2491 παρθενίαν.
2893 2420 3044 2473 Ἐπεὶ
3078 2417 3168 2473 οὖν
3204 2420 3264 2472 τὸ
3300 2421 3399 2490 μὲν
3435 2419 3706 2490 ἀληθινῶς

2127 2511 2329 2579 ἀγαθὸν
2375 2511 2618 2582 λογισμῷ
2659 2511 2862 2582 ληπτόν
2902 2514 3018 2565 ἐστι
3049 2513 3135 2566 διὰ
3181 2512 3417 2575 πίστεως
3459 2513 3703 2582 (μακρὰν

2127 2601 2234 2672 γὰρ
2267 2601 2598 2672 ἀπῴκισται,
2631 2604 2722 2657 καὶ
2757 2603 3031 2674 ὀφθαλμὸς
3074 2604 3173 2656 οὐκ
3202 2599 3329 2668 εἶδε,
3352 2604 3450 2656 καὶ
3483 2601 3576 2667 οὖς
3608 2605 3706 2656 οὐκ

2125 2693 2370 2764 ἢκουσε),
2396 2696 2456 2748 τὸ
2485 2697 2541 2748 δὲ
2573 2695 2672 2766 τῆς
2701 2695 2973 2766 ἁμαρτίας
3011 2695 3107 2766 ἡδὺ
3143 2696 3431 2766 πρόχειρον
3472 2695 3589 2766 ἔχει
3614 2694 3706 2747 καὶ

2125 2783 2215 2836 διὰ
2243 2785 2421 2856 πάσης
2452 2786 2756 2856 αἰσθήσεως
2787 2787 3013 2857 ῥέουσαν
3037 2788 3136 2859 τὴν
3156 2786 3489 2839 ἀπόλαυσιν·
3530 2787 3705 2857 μεικά-

2129 2893 2241 2946 ριος
2275 2879 2303 2930 ὁ
2341 2879 2418 2948 μὴ
2459 2880 2820 2950 περιτραπεὶς
2853 2881 2917 2933 ἐκ
2973 2879 3083 2950 (98)
3114 2878 3220 2932 τῶν
3254 2879 3354 2950 τῆς
3395 2879 3598 2949 ἡδονῆς
3622 2879 3704 2932 δε-

2125 2967 2448 3037 λεασμάτων
2480 2969 2617 3040 πρὸς
2663 2971 2763 3042 τὴν
2796 2969 3095 3030 ἀπώλειαν,
3147 2969 3283 3023 ἀλλά
3325 2970 3391 3023 δι’
3427 2971 3706 3041 ὑπομονῆς

2125 3057 2222 3127 τὴν
2256 3058 2445 3112 ἐλπίδα
2482 3061 2580 3130 τῆς
2609 3060 2880 3131 σωτηρίας
2922 3060 3378 3130 ἀπεκδεχόμενος,
3412 3063 3515 3114 καὶ
3553 3064 3609 3114 ἐν
3640 3065 3703 3131 τῇ

461 3141 532 3196 tis
558 3153 833 3212 exspectat
861 3159 954 3211 per
988 3143 1321 3212 patientiam,
1357 3161 1420 3198 ac
1481 3147 1532 3199 in
1572 3159 1800 3217 utraque
1826 3149 1910 3202 via
1943 3165 2025 3204 se-

2130 3150 2323 3221 ἐκλογῇ
2356 3149 2464 3202 τῶν
2497 3151 2628 3204 ὁδῶν
2645 3151 2920 3223 ἑκατέρων
2943 3152 3018 3224 μὴ
3044 3151 3238 3214 ἐπιϐὰς
3261 3155 3362 3223 τῆς
3387 3151 3514 3205 ὁδοῦ
3549 3152 3707 3221 ἀγού-

453 3235 724 3288 cernenda
753 3235 894 3287 viam
919 3235 984 3287 ad
1020 3235 1285 3288 deteriora
1325 3236 1609 3291 ducentem
1642 3254 1745 3292 non
1788 3242 1950 3310 capit.

529 3325 582 3378 6.
631 3323 794 3378 Vens.
834 3327 883 3379 l.
914 3325 983 3379 Et
1013 3327 1067 3379 in
1094 3326 1346 3380 cathedra
1377 3330 1687 3394 pestilentia!
1719 3347 1822 3385 non
1868 3335 2022 3387 sedit.

455 3414 593 3472 Num
625 3419 743 3474 illas
772 3421 899 3474 dicit
929 3421 1237 3487 cathedras,
1268 3421 1319 3474 in
1350 3424 1546 3491 quibus
1583 3435 1767 3479 nostra
1795 3441 2023 3496 corpora

456 3507 622 3576 quieti
664 3508 887 3562 damus?
922 3509 1100 3577 Ecqua
1140 3518 1223 3563 est
1263 3509 1388 3578 ligni
1421 3525 1544 3564 cum
1587 3521 1811 3579 peccato
1860 3514 2028 3569 socie-

459 3605 562 3661 tas,
595 3605 652 3650 ut
692 3597 1005 3651 cathedram
1045 3613 1073 3651 a
1111 3607 1401 3667 peccatore
1453 3612 1878 3671 pmoccupatam
1908 3613 2026 3658 tan-

455 3703 616 3758 quam
645 3689 916 3744 exitialem
966 3689 1153 3758 lugere
1198 3692 1462 3747 debeam?
1495 3691 1689 3748 Nonne
1720 3695 1930 3750 ﬁrmam
1961 3710 2026 3751 ac

455 3778 705 3834 stabilem
731 3779 783 3834 in
807 3781 919 3833 vitii
942 3781 1336 3850 approbatione
1361 3784 1691 3856 moram96
1711 3785 2022 3840 cathedram

456 3871 562 3926 dici
604 3871 758 3926 nobis
783 3875 1078 3940 putandum
1113 3873 1240 3929 est?
1271 3873 1423 3940 Quod
1450 3887 1742 3931 caveamus
1785 3887 2021 3945 oportet,

457 3973 743 4034 propterea
781 3965 924 4034 quod
967 3966 1205 4021 studiosa
1238 3967 1292 4022 in
1329 3969 1565 4037 peccatis
1601 3985 1752 4025 mora
1782 3970 2024 4026 habitum

457 4057 742 4126 quemdam
777 4057 868 4126 qui
904 4057 992 4112 vix
1035 4059 1216 4112 excuti
1260 4069 1455 4128 potest,
1483 4061 1534 4116 in
1575 4063 1774 4117 animis
1810 4063 2027 4134 ingene-

456 4160 560 4203 rat.
592 4147 691 4202 Vix
746 4149 886 4203 enim
921 4160 1143 4204 sanatur
1175 4151 1507 4207 inveteratus
1549 4155 1717 4208 animi
1782 4156 2022 4220 morbus,

455 4241 690 4309 malique
721 4241 1040 4297 exercitatio
1076 4252 1316 4314 tempore
1374 4247 1691 4300 confirmata
1719 4261 1735 4299 :
1761 4247 1868 4302 imo
1899 4262 2025 4302 vero

454 4333 637 4390 sanari
693 4333 916 4388 omnino
946 4347 1052 4387 non
1102 4343 1302 4404 potest,
1336 4334 1379 4390 si
1417 4336 1750 4390 consuetudo
1782 4335 1835 4390 in
1870 4346 2023 4390 natu-

2127 3257 2225 3311 σης
2259 3242 2351 3294 ἐπὶ
2379 3241 2446 3294 τά
2469 3241 2705 3313 χείρονα.

2195 3332 2247 3385 6.
2274 3332 2384 3386 Καὶ
2415 3332 2512 3385 ἐπὶ
2531 3333 2819 3402 καθέδρας
2841 3333 3068 3398 λοιμῶν
3095 3337 3205 3389 οὐκ
3233 3333 3545 3390 ἐκάθισεν.
3567 3331 3708 3406 *Αρα

2123 3425 2325 3488 ταύτας
2387 3425 2533 3494 λέγει
2588 3426 2688 3489 τὰς
2741 3427 3046 3498 καθέδρας,
3097 3428 3180 3496 ἐφ’
3227 3423 3301 3480 ὧν
3351 3429 3708 3498 ἀναπαύομεν

2123 3518 2156 3585 ή
2167 3515 2280 3585 μῶν
2299 3516 2368 3568 τὰ
2398 3516 2655 3587 σώματας
2681 3517 2787 3571 Καὶ
2818 3519 2902 3581 τίς
2927 3521 2959 3590 ἡ
2983 3516 3090 3572 ἀπὸ
3120 3518 3213 3572 τοῦ
3245 3518 3402 3583 ξύλου
3433 3520 3551 3589 (9.9)
3577 3521 3707 3590 πρὸς

2126 3607 2400 3678 ἁμαρτίαν
2430 3609 2738 3678 μετάδοσις,
2768 3608 2912 3662 ὥστε
2943 3627 3008 3681 με
3041 3612 3140 3681 τὴν
3171 3611 3276 3664 ὑπὸ
3306 3610 3401 3664 τοῦ
3443 3613 3708 3683 ἀμαρτω-

2123 3694 2217 3748 λοῦ
2258 3698 2803 3770 προκαταληφθεῖσαν
2845 3699 3112 3773 καθέδραν
3142 3701 3217 3764 ὡς
3251 3701 3529 3773 βλαϐερὰν
3577 3706 3709 3758 ἀπο-

2125 3787 2347 3856 φεύγειν
2374 3805 2389 3854 ;
2421 3789 2492 3842 Ἢ
2532 3790 2772 3860 νομίζειν
2818 3791 2966 3861 ἡμᾶς
3007 3792 3112 3862 χρὴ
3147 3793 3415 3864 καθέδραν
3451 3793 3707 3864 λέγεσθαι

2123 3876 2223 3949 τὴν
2267 3878 2485 3950 ἑδραίαν
2532 3881 2628 3934 καὶ
2674 3880 2901 3951 μόνιμον
2933 3883 2990 3934 ἐν
3024 3885 3090 3953 τῇ
3139 3883 3316 3953 κρίσει
3373 3883 3476 3954 τῆς
3515 3885 3708 3947 κακίας

2123 3969 2437 4042 διατριϐήν;
2481 3972 2544 4025 Ὃ
2591 3972 2892 4040 φυλακτέον
2931 3974 3082 4044 ἡμῖν,
3112 3973 3244 4026 διότι
3288 3973 3350 4026 τὸ
3403 3975 3709 4042 φιλοπόνως

2125 4061 2560 4133 προσδιατρίϐειν
2592 4065 2713 4127 ταῖς
2755 4065 3051 4135 ἁμαρτίαις
3082 4064 3192 4128 ’έξιν
3225 4065 3346 4118 τινὰ
3387 4066 3708 4138 δυσκίνητον

2121 4157 2243 4218 ταῖς
2273 4154 2472 4225 ψυχαῖς
2515 4156 2753 4226 ἐμποιεῖ.
2803 4155 3116 4210 Παλαιωθὲν
3146 4155 3255 4228 γὰρ
3291 4157 3472 4221 πάθος
3505 4159 3706 4231 ψυχῆς,

2123 4247 2220 4300 καὶ
2233 4245 2405 4300 κακοῦ
2433 4247 2632 4318 μελέτη
2663 4247 2839 4319 χρόνῳ
2864 4247 3220 4318 βεϐαιωθεῖσα
3247 4249 3505 4314 δυσίατος
3529 4253 3700 4312 ἐστιν.

2122 4338 2156 4407 ἦ
2192 4339 2286 4392 καὶ
2313 4339 2531 4403 ἀνίατος
2553 4339 2854 4405 παντελῶς,
2885 4343 2964 4404 είς
2988 4339 3170 4409 φύσιν,
3196 4340 3356 4404 ὠςτά
3390 4343 3592 4409 πολλὰ,
3617 4343 3708 4396 τοῦ

452 4439 571 4481 ram
598 4434 859 4488 transeat,
887 4425 938 4480 id
971 4426 1114 4494 quod
1139 4425 1455 4496 plerumque
1487 4427 1688 4482 evenit.
1714 4427 2019 4498 Optandum

2130 4428 2279 4494 ἔθους
2333 4432 2747 4501 μεθισταμένου.
2783 4432 2960 4502 Εύχῆς
2995 4433 3092 4502 μὲν
3120 4427 3211 4486 οὖν
3238 4432 3386 4499 ἄξιον
3421 4435 3501 4505 μὴ
3539 4451 3707 4506 προσ-

455 4514 619 4588 igitur
654 4515 839 4582 luerit,
871 4526 930 4572 ut
955 4532 1024 4574 ne
1051 4519 1380 4586 attingamus
1405 4518 1625 4572 malum.
1649 4518 1904 4574 Attamen
1936 4534 2021 4575 se-

453 4608 627 4665 cunda
676 4619 922 4678 superest
963 4610 1258 4679 navigatio,
1288 4619 1346 4664 ut
1371 4609 1554 4664 statim
1586 4620 1707 4680 post
1735 4612 2024 4680 experien-

457 4700 586 4755 tiam
611 4700 759 4756 'illud
794 4709 1047 4770 tanquam
1074 4701 1262 4757 bestiae
1299 4712 1578 4756 venenatae
1621 4701 1830 4771 plagam
1855 4701 2021 4755 decli-

454 4807 667 4858 nemus,
699 4795 995 4847 secundum
1026 4793 1372 4848 Salomonem
1409 4793 1476 4847 de
1520 4793 1759 4861 improba
1795 4791 2021 4845 muliere

455 4883 779 4940 scribentem
807 4900 822 4938 :
858 4882 941 4938 Ne
970 4885 1177 4952 injicias
1214 4883 1426 4938 oculum
1459 4894 1607 4938 tuum
1655 4885 1709 4937 in
1759 4900 1897 4947 eam,
1931 4884 2020 4938 sed

455 4974 634 5036 rasili;
661 4990 723 5028 ne
750 4973 1048 5028 moreris“.
1077 4974 1142 5028 Et
1167 4988 1295 5030 vero
1321 4973 1586 5044 quosdam
1623 4973 1771 5036 novi,
1804 4974 1894 5043 qui
1925 4986 2021 5043 per

528 5125 614 5182 ι(³1
642 5126 769 5184 Cor.
803 5142 868 5192 ll,
897 5125 952 5183 9.
1036 5126 1081 5160 “
1105 5127 1264 5183 Prov.
1295 5143 1375 5195 tx,
1400 5126 1491 5182 18.

455 5289 639 5414 κνὲῗϐ)
686 5288 794 5344 Pro
833 5288 1013 5342 πυκνά
1060 5288 1254 5358 18εἶιιιι·
1300 5289 1354 5344 in
1415 5288 1684 5358 aliquibus
1733 5305 1860 5344 mss.
1919 5307 2022 5343 πυ-

526 5431 639 5500 (‘27)
669 5429 808 5484 Edit.
845 5427 1134 5498 προτείνει.
1167 5429 1236 5482 At
1262 5443 1393 5484 mss.
1442 5443 1550 5483 non
1595 5429 1751 5498 pauci
1806 5430 2024 5501 προτεί-

453 5515 640 5640 νιῖἓὲ)
669 5568 760 5624 Sic
785 5584 916 5624 mss.
947 5567 1184 5638 plurimi.
1216 5565 1420 5624 Vocula
1450 5571 1514 5622 ἐκ
1542 5569 1594 5622 in
1621 5567 1781 5622 editis
1807 5568 2022 5622 deside-

456 5649 639 5777 rata?)
670 5707 810 5763 Edili
835 5708 944 5762 ἀπὸ
967 5707 1146 5764 ξύλου.
1170 5710 1238 5765 At
1269 5725 1402 5768 mss.
1430 5709 1538 5763 ἀπὸ
1571 5707 1664 5762 τοῦ
1698 5706 1874 5773 ξύλου.

2131 4519 2370 4589 ἅψασθαι
2419 4521 2512 4574 τοῦ
2554 4521 2745 4576 κακοῦ.
2785 4522 3046 4588 Δεύτερος
3074 4523 3130 4576 δὲ
3160 4522 3344 4587 πλοῦς,
3374 4524 3544 4588 εὐθὺς
3573 4525 3706 4596 μετά

2128 4603 2226 4678 τὴν
2254 4611 2448 4680 πεῖραν
2475 4609 2662 4682 ὥσπερ
2689 4611 2891 4664 ἱοδόλου
2929 4612 3143 4683 πληγὴν
3168 4613 3534 4682 ἀποφεύγειν,
3571 4617 3706 4670 κατά

2120 4699 2183 4753 τὸ
2210 4703 2592 4773 γεγραμμένον
2621 4705 2772 4776 παρά
2801 4704 2892 4758 τοῦ
2927 4705 3286 4775 Σολομῶντος,
3310 4708 3443 4778 περὶ
3472 4709 3577 4779 τῆς
3610 4726 3704 4777 γυ-

2121 4793 2308 4857 ναικὸς
2339 4795 2438 4864 τῆς
2469 4795 2699 4866 φαύλης,
2748 4798 2829 4850 ὅτι
2868 4796 2963 4866 Μὴ
3001 4797 3338 4867 ἐπιστήσῃς
3391 4799 3514 4854 σὸν
3552 4799 3703 4870 ὄμμα

2123 4885 2272 4952 πρὸς
2285 4887 2496 4956 αὐτὴν,
2510 4890 2644 4943 ἀλλ’
2660 4890 3078 4958 ἀποπήὸησον·
3090 4890 3176 4960 μὴ
3189 4892 3558 4960 ἐγχρονὶσῃς
3571 4893 3698 4964 (30).

2123 4976 2238 5031 Νῦν
2283 4978 2341 5032 δὲ
2385 4975 2503 5033 οἶδά
2544 4998 2698 5046 τινας
2736 4983 2794 5034 ἐν
2835 4983 3046 5054 νεότητι
3091 4982 3226 5054 πρὸς
3257 4982 3328 5036 τά
3357 4983 3459 5055 τῆς
3493 4985 3701 5056 ,σαρκὸς

2193 5288 2508 5365 (50)_Edit_io
2554 5291 2725 5365 Paris.
2763 5292 2837 5364 μὴ
2866 5294 3121 5363 χρονίσῃς
3158 5294 3217 5347 ἐν
3255 5293 3334 5364 τῷ
3363 5295 3542 5365 τόπῳ.
3595 5296 3695 5352 Sed

2121 5361 2366 5421 illttd,’év
2402 5361 2480 5432 τῷ
2507 5364 2678 5432 τόπῳ,
2715 5361 3036 5417 incdit—ioue
3064 5361 3235 5417 ’Basil.
3275 5361 3328 5417 et
3397 5368 3450 5418 in
3491 5361 3694 5419 nostris

2120 5446 2213 5501 sex
2245 5445 2380 5484 mss.
2413 5434 2581 5486 deest.
2627 5434 2702 5485 Ex
2753 5447 2860 5501 quo
2912 5436 2990 5496 tit,
3049 5443 3106 5487 ut
3141 5451 3206 5486 ex
3239 5434 3431 5490 Bibliis
3457 5437 3693 5489 additum

2121 5499 2287 5575 fuisse
2349 5501 2498 5575 credi
2543 5504 2753 5575 merito
2773 5499 2961 5575 possit.
2999 5503 3061 5556 Et
3096 5507 3198 5558 hoc
3251 5507 3579 5568 notandum,
3608 5520 3698 5575 pro

2121 5569 2374 5644 χρονίσης
2402 5570 2501 5639 legi
2543 5571 2596 5627 in
2626 5569 2862 5627 editiOne
2894 5571 3056 5629 Basil.
3113 5588 3166 5629 et
3214 5575 3267 5629 in
3310 5576 3514 5644 aliquot
3571 5569 3693 5632 uisa.

2120 5640 2462 5712 ὲγχρονίσῃς.

3619 294 3719 349 είι
3809 294 3811 370 ε
