3850 6218
423 250 528 304 ξὶῖἶ

1744 247 1801 302 S.
1845 247 2088 302 BASILII
2129 249 2343 303 MAGNI

3607 251 3703 306 238

421 383 529 430 tus.
563 372 632 428 Et
661 372 711 426 in
738 387 968 434 summa,
1004 370 1090 423 ubi
1117 369 1274 422 unius
1305 369 1482 423 scelus
1512 368 1652 438 plebi
1681 369 1855 422 visunt
1885 368 1986 424 fue-

2105 372 2222 432 ταῖς
2277 372 2460 423 πόλεσι
2519 370 2679 439 δῆμοι
2730 367 2945 438 ζηλοῦσι
2991 368 3120 431 τοὺς
3176 368 3234 422 ἐν
3283 367 3538 436 δυνάμει.
3602 369 3704 420 Καὶ

419 465 492 520 rit
527 464 830 520 imitatione
859 462 1116 532 dignum,
1155 462 1374 532 proprie
1402 471 1456 515 et
1490 473 1636 516 recte
1667 462 1846 530 aliqua
1876 464 1997 516 ani-

417 571 629 611 marum
654 555 818 624 pestis
842 555 894 608 in
923 555 1029 610 vita
1054 565 1275 610 exstare
1294 553 1524 609 dicetur.
1550 553 1832 609 Claritudo
1854 555 1996 609 enim

418 643 748 712 improbitati
773 643 984 712 juncta,
1020 643 1218 697 multos
1245 657 1432 696 eorum
1473 642 1562 711 qui
1611 642 1770 698 facile
1811 643 2001 698 labun-

419 746 527 800 tur,
565 737 630 790 ad
676 737 1134 791 simile'studium
1181 737 1371 791 trahit.
1409 737 1675 803 Quoniam
1713 737 1897 805 itaque
1931 738 1998 790 ab

417 831 524 884 alio
548 829 612 882 ad
645 829 877 883 alterum
915 830 1194 898 corruptio
1217 837 1421 893 manat,
1462 829 1645 883 talium
1687 831 1885 884 animae
1912 830 1997 883 di-

418 931 612 973 cantur
638 929 786 987 peste
813 918 1041 974 allectau
1071 919 1147 973 Ne
1180 921 1339 989 igitur
1370 922 1420 974 in
1453 920 1710 974 cathedra
1740 921 1998 990 pestileno

423 1014 622 1066 tiarum
654 1013 883 1074 sederis,
930 1028 1064 1067 neve
1098 1014 1285 1083 judicii
1320 1027 1697 1085 corruptorum
1740 1024 1795 1069 et
1830 1015 1998 1084 pesti-

422 1104 658 1158 ferorum
690 1104 787 1157 tias
817 1105 1107 1172 particeps,
1137 1119 1315 1174 neque
1346 1107 1397 1158 in
1425 1106 1581 1160 malis
1609 1105 1850 1158 consiliis
1882 1119 1997 1173 per.

419 1210 661 1251 maneas.
697 1197 858 1264 Atqui
889 1197 1064 1251 oratio
1099 1197 1151 1250 in
1189 1199 1319 1267 ipsis
1344 1198 1521 1252 adhuc
1560 1197 1844 1265 prooemiis
1870 1212 1994 1250 ver-

417 1298 593 1354 satur,
623 1297 679 1344 et
728 1298 905 1344 tamen
945 1289 1090 1342 illius
1121 1290 1332 1359 copiam
1365 1290 1584 1344 modum
1623 1291 1890 1345 excedere
1919 1291 1996 1343 vi-

418 1382 552 1446 deo;
577 1383 712 1435 adeo
738 1391 798 1435 ut
822 1396 994 1449 neque
1018 1383 1170 1436 vobis
1200 1381 1356 1436 facile
1381 1383 1452 1436 sit
1476 1382 1704 1451 plurima
1736 1381 1993 1442 retinere.

418 1489 594 1543 neque
642 1474 795 1538 mihi,
830 1474 1114 1528 deficiente
1159 1490 1243 1529 me
1275 1489 1428 1541 voce,
1462 1475 1531 1529 ob
1561 1483 1878 1529 consuetam
1913 1475 1994 1526 in-

418 1565 764 1627 firmitatem,
798 1566 1098 1618 orationem
1133 1566 1410 1636 prosequi.
1454 1565 1773 1634 Quanquam
1811 1574 1991 1620 autem

415 1668 478 1708 ea
519 1669 640 1724 quae
685 1654 954 1719 diximus,
999 1653 1313 1724 imperfecte
1345 1656 1488 1711 dicta
1531 1655 1676 1721 sint,
1709 1670 1832 1710 cum
1867 1655 1990 1708 mali

415 1745 634 1815 quidem
669 1744 790 1815 fuga
837 1749 1208 1800 demonstrata
1251 1748 1360 1813 sit,
1392 1745 1654 1815 perfectio
1701 1760 1832 1801 vero
1873 1760 1993 1814 quae

415 1839 577 1894 bonis
603 1838 857 1917 operibus
887 1839 1204 1909 acquiritur,
1254 1841 1455 1895 omissa
1488 1839 1562 1895 sit
1594 1861 1606 1894 :
1641 1839 1994 1895 nihilominus

417 1940 598 1984 tamen
643 1930 933 1999 praesentia
969 1929 1215 2002 benignis
1254 1931 1480 1986 auribus
1512 1932 1992 1994 commendantes,

416 2021 753 2093 pollicemur,
789 2021 899 2077 Deo
941 2021 1141 2088 dante,
1186 2022 1394 2094 reliqua
1421 2032 1586 2078 etiam
1631 2023 1994 2092 completuros

417 2128 537 2178 nos,
575 2112 620 2167 si
655 2113 816 2168 modo
851 2128 957 2166 non
985 2113 1206 2168 omnino
1235 2113 1286 2168 in
1321 2121 1596 2183 posterum
1624 2115 1689 2168 ad
1719 2113 1994 2169 silentium

415 2204 745 2273 redigamur.
786 2201 1014 2258 Tribuat
1057 2213 1236 2259 autem
1290 2204 1553 2259 Dominus
1603 2204 1762 2261 nobis
1805 2219 1991 2259 eorum

415 2311 535 2364 quae
565 2297 798 2351 diximus
829 2297 1160 2361 mercedem,
1195 2297 1346 2352 vobis
1371 2312 1498 2352 vero
1525 2311 1714 2352 eorum
1743 2312 1864 2367 quae
1894 2313 1992 2351 au-

416 2387 574 2440 distis
603 2384 873 2452 fructum,
907 2389 1078 2456 gratia
1117 2387 1320 2442 Christi
1364 2389 1531 2458 ipsius
1557 2428 1572 2454 ,
1603 2389 1689 2444 cui
1727 2388 1898 2458 gloria
1940 2398 1997 2444 et

417 2479 700 2545 imperium
728 2480 780 2532 in
815 2479 1006 2534 saecula
1042 2479 1381 2536 saeculorum.
1415 2484 1608 2536 Amen.

772 2794 1076 2849 EJUSllEM
1109 2795 1174 2849 IN
1213 2794 1541 2852 PSALMUM
1586 2795 1692 2852 νη.

421 2907 666 2969 Paulinus
699 2909 797 2975 ipsi
833 2907 1019 2979 David.
1043 2925 1192 2978 quem
1218 2911 1400 2962 cecinit
1434 2909 1678 2977 Domino,
1700 2925 1796 2979 pro
1824 2911 1987 2964 verbis

928 2978 1091 3032 Cltusi
1113 2979 1211 3047 ﬁlii
1234 2979 1460 3034 Jemeni.

492 3070 542 3124 l.
588 3069 872 3140 Inscriptio
924 3071 1138 3140 septimi
1187 3071 1379 3140 psalmi
1429 3072 1830 3141 quodammodo
1883 3074 1988 3131 Re-

417 3177 643 3231 gnorum
686 3163 924 3217 historiae
990 3162 1078 3216 ubi
1119 3162 1185 3216 de
1218 3161 1418 3216 Davide
1465 3173 1740 3227 narratur,
1775 3164 1988 3217 videtur

488 3323 600 3394 (58)
632 3321 808 3394 Editio
831 3321 1010 3394 Paris.
1032 3325 1110 3386 είς
1142 3323 1232 3376 τὸν
1257 3324 1440 3393 ὅμοιον
1470 3325 1629 3394 ζῆλον
1659 3325 1767 3378 τῶν
1809 3324 1983 3377 εὑολι-

417 3391 628 3462 σθήτων
659 3392 962 3461 ἐφέλκεται.
989 3393 1067 3446 ΑιΙ
1094 3391 1313 3446 verbum
1343 3391 1628 3462 interpres,
1665 3394 1862 3448 Multos
1917 3397 1984 3446 ad

417 3463 804 3516 aemulationem
840 3463 1064 3516 similem
1107 3479 1309 3525 eorum,
1354 3465 1442 3531 qui
1489 3466 1639 3530 proni
1692 3481 1752 3516 ac
1797 3465 1986 3518 lubrici

418 3542 540 3584 sunt
563 3533 629 3584 ad
661 3535 1003 3598 peccandum,
1039 3535 1223 3586 trahit.
1260 3534 1328 3586 At
1353 3534 1518 3587 nostri
1543 3550 1636 3588 sex
1669 3550 1823 3598 mss.,
1856 3544 1911 3587 ut
1936 3536 1986 3587 in

421 3612 595 3662 textu,
626 3618 730 3656 non
755 3603 985 3657 diversis
1011 3603 1225 3669 quidem
1255 3605 1458 3665 verbis,
1490 3605 1585 3657 sed
1614 3605 1719 3659 alio
1745 3605 1937 3658 ordine
1974 3621 1986 3655 :

418 3687 540 3738 quae
591 3673 804 3727 diversa
863 3673 1153 3728 verborum
1216 3673 1546 3736 collocatio,
1614 3674 1874 3744 quantula
1928 3690 1988 3726 ea

417 3757 630 3812 cunque
659 3753 764 3807 est,
811 3744 1130 3798 sententiam
1156 3753 1322 3797 totam
1355 3743 1676 3812 mutaverat,
1705 3743 1788 3797 vel
1814 3745 1992 3813 potius

417 3825 753 3880 corruperat.

493 3882 610 3963 (59)
641 3883 740 3963 δῖε).
768 3899 902 3963 mss.
935 3898 1051 3938 sex.
1074 3883 1142 3963 At
1157 3884 1287 3963 editi
1314 3899 1437 3963 cum
1466 3884 1676 3938 duobus
1700 3900 1830 3940 mss.
1862 3885 1992 3954 φθο-

419 3951 904 4026 ροποιῶνηιιξίιίθιη
939 3969 1068 4026 mss.
1101 3957 1204 4008 duo
1234 3951 1566 4026 λοιμεώνων.

489 4024 600 4096 (fill)
625 4023 1149 4096 Editiévampévng.
1180 4026 1258 4096 At
1275 4040 1402 4077 mss.
1426 4025 1810 4096 ἐναπομείνῃς.

489 4092 602 4162 (ιΗ)
643 4092 818 4146 Editio
854 4092 1094 4162 utraque
1121 4094 1282 4147 Basil.
1333 4104 1380 4147 et
1434 4092 1612 4148 Paris.
1658 4092 1990 4157 τελειώσεως

418 4163 768 4232 παρεθείσης.
798 4165 888 4232 At,
911 4161 1073 4217 Coisl.
1109 4176 1162 4216 et
1211 4179 1305 4216 sex
1342 4163 1434 4217 alii
1495 4178 1620 4217 mss.
1659 4164 1990 4226 τελειώσεως

418 4179 768 4283 παρευεισης.
798 4179 865 4213 Al.
911 4179 1073 4217 υοιδι.
1109 4179 1162 4216 et
1211 4179 1305 4216 sex
1342 4179 1434 4217 atn
1495 4179 1620 4217 mss.
1659 4179 1987 4226 τελειώσεως

417 4233 689 4304 παρατεθε
721 4231 944 4304 σηςᾙὺί
971 4237 1267 4304 notandum
1291 4243 1395 4298 est,
1415 4233 1514 4303 legi
1538 4235 1755 4302 quidem
1777 4236 1828 4288 in
1853 4234 1987 4302 Reg.

416 4302 611 4371 quarto
641 4302 977 4372 παραθείσης
1000 4303 1088 4372 (?),
1116 4306 1208 4356 sed
1240 4302 1555 4372 particulam
1583 4304 1656 4373 μή
1688 4305 1826 4357 inter
1859 4306 1992 4358 duas

415 4374 589 4426 lineas
619 4375 852 4426 additam
885 4387 1026 4428 esse.
1057 4373 1130 4426 Ex
1164 4389 1268 4442 quo
1309 4374 1388 4434 tit,
1413 4382 1471 4425 ut
1501 4387 1604 4425 non
1642 4374 1869 4428 multum
1917 4373 1990 4425 la-

414 4443 716 4497 borandum
743 4445 832 4508 sit,
867 4451 988 4496 utro
1014 4446 1170 4497 modo
1203 4444 1304 4512 legi
1337 4444 1548 4502 debeat,
1582 4458 1703 4496 cum
1731 4458 1798 4496 ex
1834 4452 1982 4495 utra-

415 4528 522 4582 que
549 4513 777 4566 lectione
802 4513 988 4566 eadem
1015 4513 1170 4580 plane
1193 4512 1456 4565 sententia
1503 4512 1788 4565 elliciatur.
1829 4515 1980 4578 Quod

415 4583 559 4637 enim
597 4583 898 4650 appositum
929 4599 1031 4636 non
1058 4591 1160 4644 est,
1196 4583 1245 4634 id
1273 4583 1534 4636 omissum
1572 4582 1739 4635 fuisse
1764 4598 1983 4636 necesse

415 4661 519 4706 est.
574 4653 795 4706 Constat
848 4653 1030 4719 igitur,
1078 4651 1221 4720 quod
1272 4652 1338 4703 ad
1390 4653 1712 4704 sententiam
1767 4653 1977 4717 attinet,

416 4721 549 4774 nihil
584 4724 787 4774 referre
817 4731 994 4773 utrum
1045 4722 1189 4790 legas
1221 4720 1576 4791 τελειώσεως
1628 4721 1978 4791 παρεθείσης,

414 4793 724 4858 perfectione
779 4792 990 4853 omissa,
1039 4805 1105 4844 an
1158 4789 1485 4853 τελειώσεως
1529 4791 1603 4860 μὴ
1659 4789 1982 4860 παρατεθείι

417 4876 537 4930 σης,
562 4861 874 4927 perfectione
914 4876 1014 4912 non
1042 4863 1275 4926 apposita
1321 4862 1538 4928 legeris.
1567 4862 1718 4926 Quod
1758 4865 1803 4915 si
1829 4863 1977 4929 quis—

416 4933 558 5000 piam
587 4930 697 4997 jam
746 4945 813 4982 ex
859 4944 942 5000 me
982 4939 1209 4997 quaerat,
1239 4941 1358 4982 utra
1393 4932 1814 5000 mihiscrtptura
1856 4946 1977 5000 vera

414 4998 536 5054 esse
572 5000 839 5061 videatur,
867 4999 1117 5053 libentius
1146 5001 1496 5068 posteriorem
1515 4998 1820 5052 defendant.
1846 4999 1978 5054 Cum

413 5074 558 5140 enim
600 5069 652 5140 in
701 5071 907 5140 nostris
946 5081 1148 5136 septem
1211 5085 1338 5140 mss.
1394 5081 1707 5140 constanter
1736 5086 1981 5140 παρατε-

414 5139 602 5206 θείσης
635 5137 862 5207 legalur,
898 5139 969 5190 ita
997 5139 1210 5207 quidem
1242 5139 1522 5207 scripsisse
1549 5139 1803 5192 Basilium
1822 5137 1981 5192 arbi-

416 5220 530 5262 tror
555 5225 570 5263 :
598 5210 691 5261 sed
722 5209 964 5260 voculam
999 5209 1072 5278 μή
1095 5223 1159 5260 ex
1189 5209 1318 5276 Reg.
1349 5218 1538 5276 quarto
1577 5210 1812 5262 additam
1837 5211 1978 5262 volo.

418 5279 486 5332 llt
510 5289 568 5330 ut
591 5279 706 5330 haec
738 5289 885 5338 sunt,
923 5283 1190 5346 vulgatam
1225 5279 1511 5332 lectionem
1547 5280 1804 5332 intactam
1856 5280 1981 5332 reli-

413 5349 649 5416 quimus,
676 5362 796 5401 cum
831 5350 962 5400 nihil
999 5349 1212 5401 intersit.
1236 5388 1249 5411 ,
1290 5359 1410 5401 utro
1453 5349 1610 5402 modo
1646 5349 1873 5416 legatur.

485 5418 595 5487 (42)
639 5419 768 5486 lteg.
812 5419 1000 5489 tertius
1025 5417 1207 5488 χάριτι
1231 5416 1322 5469 τοῦ
1352 5418 1553 5489 Κυρίου
1573 5415 1743 5489 -ήμῶν
1783 5415 1977 5486 Ἰησοῦ.

415 5483 690 5559 “luminat
722 5483 782 5540 τὸ
800 5483 1088 5559 κράτοςξθ
1102 5483 1292 5542 inultis
1322 5483 1450 5542 mss;
1483 5483 1810 5559 addidimus.

490 5556 598 5625 (45)
649 5559 819 5622 Quam
849 5556 1019 5611 'varie
1050 5560 1210 5626 apud
1252 5559 1428 5610 varios
1492 5558 1699 5624 positus
1743 5559 1812 5612 sit
1863 5559 1980 5624 ejus

417 5627 605 5692 psalmi
659 5628 862 5691 titulus,
892 5642 957 5680 ex
1016 5625 1267 5694 flexuplis
1328 5629 1579 5695 cognosci
1645 5637 1838 5693 potest.
1872 5630 1980 5682 Sed

421 5695 626 5762 Aquilae
679 5696 842 5752 solius
877 5698 1392 5765 interpretationem,
1425 5697 1569 5765 quod
1602 5699 1713 5753 sola
1768 5699 1832 5752 ad
1867 5713 1978 5753 rem

2102 463 2258 526 ὅλως,
2296 463 2516 516 ἐπειδὰν
2544 463 2604 515 τὸ
2630 460 2722 514 τοῦ
2751 459 2867 523 ἐνὸς
2892 460 3060 513 κακὸν
3089 462 3374 531 μιμήσεως
3401 460 3562 526 ἄξιον
3597 462 3702 523 τοῖς

2106 555 2315 619 πολλοῖς
2344 554 2572 626 νομισθῇ
2597 593 2611 617 ,
2648 553 2864 617 οἰκείως
2896 553 2990 606 καὶ
3021 553 3408 624 προσηκόντως
3439 551 3704 622 λεχθήσε-

2102 662 2188 697 ται
2223 645 2409 714 λοιμός
2437 663 2521 708 τις
2550 643 2738 714 ψυχῶν
2764 643 3114 706 ἐπιπολάζειν
3142 641 3221 713 τῷ
3247 642 3365 713 βίῳ.
3399 642 3476 695 Τὸ
3503 643 3624 713 γὰρ
3651 643 3701 694 ἐν

2103 738 2271 808 κακίᾳ
2319 737 2676 808 περίϐλεπτον
2705 734 2933 798 πολλοὺς
2971 735 3078 788 τῶν
3107 735 3470 805 εὐολισθήτων
3496 736 3584 797 είς
3616 734 3700 785 τὸν

2100 830 2282 898 ὅμοιον
2313 827 2473 898 ζῆλον
2507 828 2794 895 ἐφέλκεται
2834 827 2966 897 (58).
3016 827 3167 880 Ἐπεὶ
3199 822 3292 880 οὖν
3321 826 3484 889 ἄλλος
3514 826 3579 892 ἐξ
3612 825 3698 879 ἆλ-

2101 921 2191 972 λου
2222 921 2316 991 τῆς
2360 921 2564 991 φθορᾶς
2601 919 3058 990 ἀναπίμπλαται,
3103 917 3432 990 λοιμώσσειν
3468 919 3572 981 τὰς
3603 918 3697 985 ψυσ

2101 1012 2200 1080 xi;
2229 1015 2274 1064 oi
2303 1011 2532 1064 τοιοῦτοι
2566 1011 2931 1080 λεγέσθωσαν.
2984 1012 3074 1082 Μὴ
3114 1010 3290 1064 τοίνυν
3339 1009 3585 1082 καθίσῃς
3613 1010 3698 1061 ἐπὶ

2101 1103 2370 1174 καθέδρας
2401 1103 2606 1174 λοιμῶν
2629 1145 2641 1167 ,
2673 1105 2705 1174 ἢ
2744 1104 2818 1173 μὴ
2849 1102 3124 1173 μετάσχῃς
3163 1102 3444 1172 συνεδρίου
3483 1100 3694 1172 ἀνθρώ-

2100 1215 2215 1250 πων
2250 1197 2495 1268 φοορέων
2530 1197 2642 1265 (59)
2676 1197 2769 1250 καὶ
2809 1195 3123 1266 λυμεώνων,
3160 1197 3191 1266 ἢ
3225 1195 3298 1266 μὴ
3329 1194 3695 1266 ἐναπομείνῃς

2099 1292 2210 1362 (40)
2243 1294 2354 1354 τοῖς
2385 1291 2567 1355 κακῶς
2610 1290 2994 1360 βουλευθεῖσιν.
3043 1289 3179 1341 Ἀλλ’
3216 1291 3244 1342 ὁ
3285 1289 3384 1358 μὲν
3414 1288 3580 1357 λόγος
3618 1287 3695 1340 ἐτι

2098 1383 2156 1433 ἐν
2204 1379 2544 1450 προοιμίοις,
2584 1379 2644 1432 τὸ
2694 1379 2751 1432 δὲ
2796 1378 3000 1448 πλῆθος
3037 1377 3147 1448 ὁρῶ
3193 1376 3295 1447 τὴν
3345 1376 3694 1448 συμμετρίαν

2098 1470 2376 1540 ἐκϐαῖνονο
2425 1469 2500 1532 ώς
2541 1470 2675 1540 μήτε
2725 1469 2853 1539 ὑμῖν
2887 1467 3074 1538 ῥᾳδίαν
3110 1462 3249 1519 εἶναι
3282 1466 3391 1519 τῶν
3430 1467 3693 1519 πλειόνων

2097 1561 2192 1632 τὴν
2236 1561 2503 1632 φυλακὴν,
2559 1562 2694 1632 μήτε
2743 1559 2866 1630 ἐμοὶ
2917 1557 3014 1630 τὴν
3059 1559 3332 1611 διακονίαν
3375 1557 3474 1612 τοῦ
3509 1559 3690 1627 λόγου,

2095 1654 2183 1706 διὰ
2218 1653 2314 1724 τὴν
2349 1653 2646 1724 σύντροφον
2695 1651 2978 1705 ἀσθένειαν
3021 1651 3120 1720 τῆς
3165 1650 3351 1720 φωνῆς
3382 1653 3538 1722 ἡμᾶς
3577 1653 3694 1702 ἐπιο

2028 1727 2065 1780 Β
2096 1745 2406 1816 λειπούσης.
2465 1746 2525 1796 ΕΞ
2561 1745 2617 1797 δέ
2657 1746 2751 1798 καὶ
2779 1744 2984 1806 ἀτελῶς
3028 1742 3245 1813 εἴρηται
3287 1743 3357 1795 τὰ
3397 1744 3692 1814 εἰρημένα,

2094 1835 2188 1887 τοῦ
2221 1835 2319 1906 μὲν
2345 1833 2516 1888 κακοῦ
2551 1837 2648 1906 τῆς
2679 1836 2857 1906 φυγῆς
2886 1832 3294 1904 ὑποδειχθείσης
3315 1876 3330 1900 ,
3372 1834 3477 1904 τῆς
3503 1836 3563 1888 δὲ
3607 1835 3691 1888 διὰ

2095 1928 2202 1981 τῶν
2255 1929 2474 1996 ἀγαθῶν
2531 1928 2707 1998 ἔργων
2768 1927 3104 1992 τελειώσεως
3163 1926 3499 1998 παρεθείσης
3556 1928 3692 1997 (41),

2095 2021 2243 2090 ὅμως
2277 2019 2615 2090 εὐγνώμοσιν
2655 2021 2849 2083 ἀκοαῖς
2899 2019 3266 2090 παραθέμενοι
3308 2019 3376 2072 τὰ
3425 2020 3688 2090 παρόντα,
3728 2041 3735 2050 π

2095 2112 2568 2183 ἐπαγγελλόμεθα,
2607 2111 2742 2165 Θεοῦ
2770 2111 3020 2175 διδόντος,
3058 2110 3472 2184 ἀναπληρώσειν
3505 2115 3600 2165 καὶ
3626 2114 3690 2165 τὰ

2099 2204 2391 2275 λειπόμενα
2411 2243 2426 2267 ,
2473 2205 2567 2258 ἐὰν
2611 2220 2674 2272 γε
2708 2205 2783 2275 μὴ
2816 2204 2913 2274 τὴν
2963 2205 3201 2275 παντελῆ
3227 2204 3411 2257 λοιπὸν
3443 2205 3685 2257 ὑπέλθω-

2105 2313 2201 2365 μεν
2234 2297 2464 2366 σιωπήν.
2507 2295 2785 2366 Παράσχοι
2813 2295 2867 2348 δέ
2892 2297 2920 2348 ὀ
2948 2295 3151 2366 Κύριος
3189 2297 3282 2348 καὶ
3309 2298 3442 2366 ἡμῖν
3475 2297 3586 2348 τῶν
3611 2298 3685 2348 εί-

2105 2388 2356 2460 ρημένων
2393 2389 2582 2459 μισθὸν
2600 2430 2613 2453 ,
2643 2391 2735 2442 καὶ
2771 2390 2898 2459 ὑμῖν
2927 2389 3137 2459 καρπὸν
3163 2383 3239 2442 ὧν
3268 2389 3562 2458 ἠκούσατε,
3597 2389 3685 2458 χά-

2105 2499 2210 2553 ριτι
2237 2481 2331 2534 τοῦ
2365 2481 2600 2552 Χριστοῦ
2636 2479 2802 2534 αὑτοῦ
2833 2480 2965 2550 (42),
2995 2481 3078 2533 ὅτι
3106 2479 3309 2551 αὐτῷή
3343 2479 3474 2546 δόξα
3509 2478 3685 2533 καὶτὸ

2106 2575 2302 2644 κράτος
2336 2577 2414 2638 εἰς
2449 2576 2572 2638 τοὺς
2602 2575 2801 2638 αἰῶνας
2838 2575 2944 2626 τῶν
2975 2573 3204 2628 αἰώνων.
3251 2574 3445 2644 Ἀμήν.

2323 2799 2460 2850 ΤΟΥ
2483 2799 2716 2850 ΑΥΤΟΥ
2748 2799 2854 2851 ΕῐΣ
2883 2798 3021 2850 ΤΟΝ
3053 2796 3106 2851 Z'
3132 2796 3458 2852 ΨΔΛΜΟΝ.

2155 2909 2398 2978 ιιθίιλμδς
2424 2907 2501 2973 τῷ
2526 2908 2720 2970 Διιϐὶὸ,
2755 2908 2826 2960 ὃν
2853 2903 2970 2978 ᾖσε
3005 2907 3083 2973 τῷ
3106 2909 3300 2975 Κυρίῳ
3330 2905 3487 2974 ὑπὲρ
3517 2905 3634 2960 τῶν

2374 2981 2572 3048 λόγων
2597 2980 2782 3031 Χουσὶ
2812 2979 2945 3032 υἱοῦ
2979 2980 3210 3046 Ἰεμενεί
3245 2978 3381 3048 (45).

2163 3073 2214 3124 1.
2254 3074 2410 3124 Δοκεῖ
2437 3087 2555 3134 πως
2584 3071 2841 3134 ἐναντίως
2870 3071 3012 3141 ἔχειν
3052 3071 3186 3141 πρὸς
3209 3069 3308 3140 τὴν
3342 3071 3400 3124 ἐν
3426 3074 3553 3135 ταῖς
3583 3071 3680 3125 Βα-

2093 3165 2316 3227 σιλείαις
2347 3165 2607 3235 ἱστορίαν,
2643 3163 2770 3216 ἔνθα
2802 3163 2868 3216 τὰ
2896 3164 3025 3232 περὶ
3063 3162 3156 3215 τοῦ
3180 3163 3346 3216 Δαὸὶδ
3382 3164 3680 3235 ἀναγέγρα-

2094 3329 2280 3400 faciat,
2321 3343 2384 3381 ex
2427 3327 2537 3400 eis_
2569 3328 2975 3400 mutunbinmr._
3014 3323 3343 3400 Ejnsigitur
3382 3327 3505 3380 haec
3540 3334 3680 3400 sunt,

2100 3399 2343 3451 Psalmus
2377 3415 2470 3466 pro
2521 3398 2822 3466 ignorantia
2859 3397 2976 3466 ipsi
3027 3395 3244 3466 David",
3289 3412 3442 3466 quem
3501 3396 3680 3466 cecinit

2098 3469 2320 3522 Domino
2377 3464 2738 3534 super'verbis
2798 3465 3070 3531 ΛΞιΙιὶορὶε
3131 3464 3231 3530 ﬁlii
3286 3464 3519 3520 Gemini.
3580 3465 3680 3518 Nec

2099 3539 2257 3591 aliter
2293 3537 2676 3607 Hieronymus,
2707 3537 2796 3604 qui
2817 3552 2886 3607 ex
2919 3534 3142 3607 Heme
3190 3536 3270 3589 sic
3297 3537 3462 3607 Vertit
3488 3535 3684 3607 :ngno-

2101 3610 2234 3660 ratio
2263 3608 2453 3668 David,
2477 3605 2614 3675 quod
2639 3607 2822 3659 cecinit
2857 3605 3084 3658 Domino
3103 3620 3260 3670 super
3289 3606 3441 3658 verba
3472 3606 3682 3660 zEthio-

2100 3679 2179 3744 pia
2239 3678 2337 3745 ﬁlii
2383 3675 2613 3730 Gemini.
2655 3676 2780 3729 Haec
2811 3685 2990 3729 autem
3026 3689 3092 3729 eo
3152 3675 3330 3734 retuli,
3365 3683 3423 3727 ut
3463 3677 3677 3744 planum

2104 3747 2364 3808 facerem,
2393 3749 2720 3814 interpretes
2743 3746 3006 3814 quosdam
3048 3759 3145 3812 pro
3190 3745 3359 3796 Χουσί
3398 3747 3682 3814 scripsisse

2100 3817 2398 3879 Αἰθίοπος,
2449 3809 2552 3870 nec
2619 3809 2798 3883 inepte
2855 3809 3126 3881 {Ethiopis
3184 3815 3402 3867 ttotnine
3463 3809 3677 3869 saniem

2099 3886 2425 3954 IEthiopicis
2459 3885 2700 3939 moribus
2731 3885 3109 3954 praeditumah
3137 3885 3363 3938 eruditis
3405 3885 3548 3940 viris
3607 3885 3680 3937 in-

2102 3952 2303 4022 telligi,‘
2329 3957 2399 4010 ob
2437 3956 2598 4022 idque
2643 3954 2815 4008 videri
2864 3952 3122 4023 Basiliam
3182 3953 3310 4023 ejus
3363 3955 3563 4023 psalmi
3603 3956 3678 4007 in-

2100 4027 2448 4094 scriptionem
2509 4039 2633 4079 cum
2687 4025 2753 4079 iis
2777 4039 2895 4093 qua:
2927 4022 3256 4094 dicunturill
3288 4022 3421 4091 Reg.
3452 4040 3594 4088 xvn,
3627 4024 3676 4086 5,

2102 4093 2258 4162 longe
2287 4095 2498 4148 [acilius
2541 4095 2834 4147 conciliare
2890 4093 3149 4161 potuisse.
3190 4093 3324 4145 Nam
3364 4108 3395 4146 e
3429 4109 3490 4148 re
3524 4110 3678 4161 expe-

2100 4167 2274 4219 dierat
2307 4181 2387 4229 se,
2436 4165 2480 4217 si
2514 4165 2580 4216 de
2619 4165 2850 4226 duobus,
2897 4179 3004 4216 non
3059 4165 3125 4218 de
3178 4178 3284 4216 uno
3317 4163 3541 4217 homine
3569 4178 3681 4217 scr-

2101 4251 2313 4289 monem
2352 4235 2538 4287 haberi
2567 4233 2814 4295 dixisset,
2838 4231 2923 4285 hic
2954 4234 3021 4284 de
3050 4232 3235 4298 Saule,
3269 4231 3375 4286 illic
3399 4234 3468 4286 de
3519 4233 3677 4289 Clmsi

2103 4306 2210 4358 lilio
2245 4303 2464 4358 Arachi.
2499 4302 2876 4372 Parapltrasim
2914 4301 3439 4372 Chaldaicamlegas
3503 4305 3675 4364 velim,

2099 4385 2154 4427 et
2175 4374 2349 4427 Ducwi
2382 4383 2555 4426 notas.
2583 4371 2775 4424 Mirum
2805 4371 2977 4424 visum
3018 4381 3102 4425 est
3135 4371 3335 4425 homini
3359 4371 3677 4427 doctissimo

2025 4417 2066 4470 υ
2099 4417 2775 4510 ὗῖιῐῷὖῖ’‹ιὶίἷ›ῐ”ὺέὶξίίἷιὶξ
2817 4417 3678 4509 51553515.assuescas;

2090 4512 2281 4576 Chusi,
2323 4527 2496 4580 neque
2554 4513 2721 4564 alium
2752 4511 3172 4582 quemquam_in
3216 4511 3442 4582 historia
3474 4511 3674 4582 Regum

2087 4583 2260 4634 lilium
2328 4579 2540 4636 Gemini
2593 4581 2858 4648 reperiri,
2898 4579 3017 4633 cum
3070 4579 3250 4633 Semei
3293 4579 3606 4634 nominetur
3639 4581 3674 4632 ll

2087 4651 2224 4719 Reg.
2255 4668 2366 4713 χιιι.
2397 4651 2483 4713 16,
2512 4651 2624 4721 υίὸς
2651 4650 2824 4721 Γηρὰ,
2860 4649 2974 4702 υἱοῦ
3019 4649 3239 4721 Ίεμινεί
3266 4690 3282 4715 ,
3315 4649 3466 4717 ﬁlius
3522 4651 3671 4707 Cera,

2084 4721 2186 4788 [itii
2217 4721 2443 4774 Gemini.
2484 4720 2677 4773 Mirum
2713 4720 2846 4774 sane
2871 4721 2922 4773 id
2968 4721 3134 4774 videri
3187 4720 3369 4782 debet,
3402 4721 3670 4775 hominem

2089 4793 2500 4858 Scripturarum
2532 4789 2922 4858 peritissimum
2986 4789 3247 4844 Basiliutn
3301 4788 3358 4842 in
3405 4790 3670 4858 ejuSInodi

2087 4877 2330 4914 errorem
2378 4861 2678 4926 incidisse:
2723 4860 2815 4914 sed
2853 4875 3071 4914 monere
3118 4858 3274 4926 juvat
3316 4869 3492 4912 totum
3528 4859 3670 4918 illud,

2083 4931 2201 4982 ἐστὶ
2230 4931 2286 4982 δὲ
2310 4929 2437 4982 οὔτε
2473 4923 2627 4992 οὗτος
2653 4928 2776 4982 οὔτε
2808 4930 2965 4993 ἄλλος
2990 4947 3072 4993 τις
3101 4923 3212 4981 τῶν
3242 4930 3361 4981 ἐκεῖ
3413 4927 3668 4998 φαινομὲο

2083 5018 2188 5052 νων
2221 5001 2336 5062 υἱὸς
2379 4999 2622 5069 Ἰεμινεί,
2655 5001 2708 5053 in
2748 4999 3078 5070 ilolberlinis
3115 5011 3312 5070 quarto
3361 5009 3419 5053 et
3445 5010 3668 5070 septimo

2091 5087 2193 5122 non
2247 5066 2484 5124 exstare.
2535 5071 2695 5125 Unde
2741 5068 2992 5124 fortassis
3041 5066 3202 5125 alicui
3249 5066 3663 5138 suspicio’omi

2084 5142 2274 5206 possit,
2305 5143 2416 5193 haec
2454 5141 2638 5204 verba,
2672 5141 2724 5192 in
2751 5153 2846 5192 ora
2879 5140 3000 5194 libri
3028 5141 3262 5207 primum
3313 5141 3515 5206 posita,
3544 5151 3658 5207 prof

2082 5205 2270 5278 gressu
2329 5219 2628 5278 temporum
2688 5210 2742 5262 in
2788 5210 2961 5274 ipsum
2997 5205 3202 5263 textum
3234 5205 3662 5278 irrepsisse.Sed

2085 5277 2287 5344 (arinen,
2335 5287 2394 5332 ut
2442 5277 2644 5332 verum
2703 5281 2897 5342 fatear,
2956 5279 3028 5332 ita
3067 5277 3358 5347 scripsisse
3415 5277 3662 5331 Bas-ilium

2083 5358 2233 5418 puto,
2272 5351 2476 5418 necob
2516 5349 2674 5402 aliam
2708 5364 2929 5404 causam
2961 5349 3396 5417 praetermissum
3425 5350 3477 5401 id
3511 5348 3661 5400 fuisse

2085 5417 2482 5489 iutiolbertinis
2506 5419 2929 5488 exemplaribus,
2956 5435 3118 5487 quam
3174 5420 3316 5489 quod
3379 5421 3659 5489 continen-

2087 5500 2167 5540 ιρι·
2190 5491 2242 5542 in
2291 5491 2394 5558 line
2423 5484 3047 5558 duarum—periodorum
3105 5484 3366 5558 scriptum
3435 5491 3508 5541 sit
3562 5484 3659 5558 υἱὸς

2095 5557 2332 5628 Ἰεμινεί.
2365 5557 2576 5612 Norunt
2597 5555 2740 5612 cnim
2772 5559 2861 5625 qui
2892 5559 2972 5611 vel
3001 5555 3267 5612 tantillum
3299 5561 3348 5611 in
3401 5555 3656 5628 ejusmodi

2086 5631 2244 5682 rebus
2270 5629 2552 5682 exercitati
2578 5638 2722 5691 sunt,
2759 5643 2868 5680 non
2899 5643 3024 5681 raro
3049 5631 3365 5698 contingere
3393 5669 3408 5694 ,
3450 5640 3508 5682 ct
3543 5637 3657 5682 tunc

2085 5698 2289 5772 libratji
2316 5698 2595 5770 periodum
2623 5699 2854 5755 alterum
2887 5699 3157 5754 omittunt.
