3850 6218
341 297 437 360 251

1659 299 1712 351 S.
1763 299 2004 354 BASILII
2050 302 2092 353 Μ
2109 303 2269 354 ΛΟΜ

3521 308 3645 362 252

340 423 498 492 igitur
525 420 719 472 mirum
746 415 912 469 videri
944 415 1121 478 debet,
1154 415 1199 469 si
1234 428 1379 467 nunc
1411 428 1628 483 quoque
1659 429 1916 483 corpora-

2031 419 2155 482 γὰρ,
2199 432 2382 484 φησιν,
2414 416 2450 480 δή
2473 415 2657 482 σοφία
2685 414 2803 468 ἀπὸ
2836 413 2954 467 τῶν
2978 415 3206 469 τέκνων
3238 416 3436 484 αὐτῆς
3462 435 3475 447 ·
3514 420 3645 482 καὶ,

341 513 406 568 Iis
453 511 570 582 ejus
627 517 781 580 pater
830 516 1095 569 taceatur,
1149 506 1456 574 prmcipuus
1515 520 1647 560 vero
1709 505 1927 560 Davidis

341 604 549 656 amicus
573 599 889 655 vocatus'sit
913 601 1148 652 dexterze
1176 596 1342 666 illius,
1365 596 1566 666 quippe
1595 597 1686 666 qui
1713 613 1740 651 a
1767 597 1929 652 factis

340 694 440 748 sibi
470 707 768 762 congruum
811 704 1114 760 cognomen
1147 689 1486 759 acquisierit.

409 966 463 1020 2.
498 967 660 1020 Vens.
699 966 751 1019 2.
792 965 1011 1020 Domine
1043 963 1184 1018 Deus
1204 980 1371 1031 meus,
1400 965 1456 1019 in
1482 975 1531 1020 te
1557 981 1788 1035 speravi,
1816 966 1926 1019 sal-

2045 507 2184 560 Ἐὰν
2212 502 2270 577 ᾖ,
2298 507 2481 576 φησὶν,
2509 505 2637 558 ἐκεῖ
2656 507 2788 572 υίὸς
2815 507 3079 576 εἰρήνης.
3110 507 3274 560 Ούδὲν
3299 504 3392 562 οὖν
3425 509 3644 580 θαυμα-

2036 597 2158 648 στὸν
2205 597 2297 649 καὶ
2326 597 2419 649 νῦν
2463 595 2806 666 σιωπθῆναι
2843 597 2942 666 μὲν
2974 597 3139 651 αὐτοῦ
3173 598 3264 651 τὸν
3311 602 3639 670 σωματικὸν

2034 688 2275 758 πατέρα,
2321 687 2502 752 δεξιᾶς
2546 688 2602 741 δὲ
2646 689 2758 740 υἱὸν
2809 688 2900 740 τὸν
2943 688 3288 760 ἀρχιεταῖρον
3335 691 3432 742 τοῦ
3465 692 3641 744 Aetii-.6

2031 779 2434 848 ὀνομασθῆναι,
2471 778 2580 831 ἀπὸ
2615 779 2715 847 τῆς
2744 777 2994 848 πράξεως
3021 779 3297 850 πρέποντα
3325 781 3512 852 ἐαυτῷ
3539 781 3642 834 τὸν

2033 870 2420 941 χρηματισμὸν
2454 869 2705 923 λαϐόντα.

2101 963 2155 1016 2.
2194 965 2370 1031 Κύριε
2403 967 2435 1017 ὀ
2465 964 2608 1027 Θεός
2645 981 2799 1031 μου,
2834 963 2931 1016 ἐπὶ
2972 963 3071 1016 σοί
3111 963 3379 1033 ἤλπισα,
3415 965 3643 1020 σῶσόν

340 1089 455 1126 vum
489 1088 566 1125 me
590 1070 695 1139 fac.
721 1069 948 1124 Putatur
971 1068 1197 1138 simplex
1228 1069 1490 1138 quiddam
1524 1082 1667 1136 esse,
1703 1078 1759 1123 et
1786 1067 1916 1136 quod

2031 1070 2123 1122 με.
2169 1052 2540 1124 Νομιζόμενον
2573 1053 2776 1105 ἁπλοῦν
2806 1050 2945 1108 εἶναι
2976 1055 3070 1107 καὶ
3103 1055 3208 1107 ὑπὸ
3240 1055 3334 1108 τοῦ
3366 1057 3639 1126 τυχόντος

341 1188 368 1226 a
402 1173 592 1242 quovis
635 1183 781 1226 recte
811 1171 986 1240 possit
1019 1168 1277 1239 proferri,
1317 1168 1446 1224 illud
1478 1169 1730 1226 videlicet
1770 1189 1782 1224 :
1826 1169 1930 1223 Do-

341 1275 479 1326 mine
511 1272 649 1328 Deus
683 1289 848 1336 meus,
876 1273 931 1325 in
957 1281 1005 1326 te
1043 1274 1277 1340 speravi,
1306 1271 1510 1326 saluum
1541 1287 1624 1325 me
1652 1271 1758 1340 fac.
1793 1271 1928 1327 For-

345 1373 506 1428 tassis
538 1389 642 1428 non
676 1373 748 1427 ita
785 1387 842 1428 se
875 1387 961 1426 res
996 1372 1180 1426 habet.
1215 1370 1319 1438 Qui
1357 1384 1591 1441 namque
1627 1371 1678 1424 in
1710 1370 1930 1424 homine

343 1484 541 1545 sperat,
565 1485 658 1530 aut
686 1475 774 1544 qui
805 1473 874 1528 ob
906 1472 1108 1542 aliquid
1139 1472 1286 1526 aliud
1313 1471 1646 1527 mundanum
1680 1470 1926 1536 eiiertur,

342 1585 492 1645 puta,
524 1574 595 1630 ob
646 1584 1004 1644 potestatem,
1048 1574 1134 1629 vel
1181 1573 1250 1628 ob
1279 1573 1527 1638 divitias,
1558 1572 1644 1626 vel
1671 1573 1741 1627 ob
1773 1573 1927 1642 quid-

343 1676 486 1744 piam
514 1675 658 1730 aliud
685 1689 893 1737 eorum,
920 1689 1039 1744 quae
1065 1674 1207 1729 inter
1239 1689 1326 1729 res
1355 1674 1533 1728 claras
1560 1691 1590 1730 a
1619 1675 1812 1732 multis
1845 1693 1930 1731 re-

2034 1146 2200 1216 ὑγιῶς
2232 1145 2596 1215 ἀναφέρεσθαι
2625 1145 2970 1201 δύνασθαιτδ
2995 1184 3011 1211 ,
3039 1147 3219 1214 Κύριε
3247 1150 3278 1200 ὁ
3306 1148 3455 1212 Θεός
3480 1166 3632 1216 μου,

2031 1239 2127 1292 ἐπὶ
2146 1239 2245 1292 σοὶ
2274 1239 2528 1308 ἤλπισα,
2561 1237 2768 1290 σῶσόν
2788 1255 2886 1308 με,
2916 1238 3055 1308 τάχα
3086 1240 3147 1291 ού
3179 1238 3421 1292 τοιοῦτόν
3452 1241 3630 1292 ἐστιν.

2044 1331 2101 1383 '0
2130 1329 2236 1402 γὰρ
2284 1330 2369 1382 ἐπ’
2405 1327 2688 1400 ἄνθρωπον
2737 1328 3073 1399 ὲλπίζων,ῆ
3128 1328 3215 1380 ἐπ’
3245 1329 3372 1383 ἄλλο
3415 1347 3470 1382 τι
3521 1330 3639 1382 τῶν

2033 1422 2174 1476 κατά
2208 1422 2297 1475 τὸν
2332 1421 2445 1492 βίον
2477 1419 2970 1493 μετεωριζόμενος,
3017 1415 3129 1474 οἷον
3161 1421 3252 1474 ἐπὶ
3279 1421 3632 1487 δυναστείαν,

2031 1515 2064 1586 ἢ
2102 1515 2376 1586 χρήματα,
2401 1515 2434 1584 ἦ
2465 1531 2518 1566 τι
2545 1513 2652 1568 τῶν
2685 1512 2839 1583 παρά
2859 1517 2972 1576 τοῖς
3005 1514 3220 1577 πολλοῖς
3244 1512 3635 1585 νομιζομένων

2032 1603 2172 1661 εἶναι
2219 1607 2520 1678 λαμπρῶν,
2573 1608 2633 1659 οὺ
2680 1606 2901 1660 δύναται
2956 1609 3161 1660 εἰπεῖν·
3198 1609 3375 1676 Κύριε
3412 1611 3449 1661 o’
3479 1609 3636 1672 Θεός

2027 1719 2167 1769 μου,
2201 1701 2299 1753 ἐπὶ
2342 1701 2440 1754 σοὶ
2469 1699 2720 1768 ἤλπισα.
2775 1699 3150 1771 Παράγγελμα
3194 1700 3301 1770 γάρ
3351 1702 3471 1752 ἐστι
3497 1741 3512 1764 ,
3549 1699 3636 1770 μὴ

340 1788 619 1850 putantur,
655 1793 762 1833 non
800 1786 981 1848 potest
1019 1777 1203 1832 dicere
1247 1792 1260 1829 :
1298 1775 1522 1832 Domine
1568 1776 1708 1832 Deus
1753 1793 1916 1841 meus,

2031 1796 2266 1860 ἐλπίζειν
2291 1798 2376 1849 ἐπ’
2409 1795 2675 1866 ἄρχοντας
2697 1812 2709 1824 ⁸
2755 1793 2868 1860 καὶ,
2913 1793 3380 1862 Ἐπικατάρατος
3401 1792 3632 1859 ἄνθρω-

341 1883 396 1936 in
426 1891 475 1935 te
507 1882 710 1946 speravi
736 1880 803 1936 ".
835 1878 1172 1947 Praeceptum
1201 1878 1344 1934 enim
1381 1887 1487 1944 est,
1526 1893 1634 1932 non
1669 1889 1922 1947 oportere

341 1972 395 2026 in
429 1969 765 2040 principibus
793 1982 1017 2038 sperare
1045 1967 1122 2032 “;
1154 1975 1231 2030 et,
1268 1965 1585 2019 Maledicta:
1620 1965 1796 2028 homo,
1826 1965 1917 2032 qui

341 2060 559 2130 conﬁdit
607 2061 661 2114 in
693 2060 921 2114 homine.
967 2058 1430 2125 Quemadmodum
1481 2069 1581 2110 nec
1627 2055 1919 2124 quidquam

341 2151 484 2205 aliud
509 2158 723 2216 oportet
749 2158 943 2218 praeter
973 2148 1140 2202 Deum
1181 2147 1361 2202 colere
1391 2165 1403 2199 :
1440 2145 1519 2201 sic
1551 2160 1651 2201 nec
1697 2146 1751 2200 in
1783 2145 1914 2208 alio,

339 2255 501 2310 quam
529 2241 583 2293 in
615 2239 721 2295 Deo
751 2238 866 2310 99
891 2238 1134 2293 omnium
1175 2237 1406 2293 Domino
1449 2251 1600 2302 spem
1632 2251 1916 2306 reponere.

340 2334 468 2400 Spes
503 2332 636 2386 enim
672 2348 806 2396 mea,
840 2331 1032 2400 inquit,
1064 2339 1114 2385 et
1145 2331 1376 2384 cantatio
1415 2346 1531 2384 mea
1568 2329 1830 2383 Dominus
1849 2331 1916 2382 '°.

339 2424 446 2480 Sed
475 2423 745 2493 quomodo
775 2431 967 2492 rogat,
1007 2433 1065 2476 ut
1096 2423 1330 2493 primum
1373 2433 1621 2478 servetur
1656 2438 1686 2476 a
1731 2436 1917 2492 perse-

339 2514 630 2584 quentibus
653 2553 668 2578 ,
698 2512 892 2569 deinde
914 2551 930 2578 ,
973 2520 1032 2566 ut
1072 2511 1372 2568 liberetur?
1404 2511 1600 2568 Puncti
1641 2513 1920 2568 distinctio

339 2607 544 2663 claram
569 2606 758 2661 reddet
775 2605 1123 2660 sententiam.
1149 2604 1367 2659 Salvum
1385 2621 1466 2659 me
1492 2605 1576 2670 fac
1599 2623 1663 2660 ea:
1679 2607 1920 2661 omnibus

339 2700 766 2767 persequentibus
791 2713 872 2750 me
889 2735 904 2761 ,
930 2707 976 2751 et
1009 2696 1173 2750 libera
1195 2713 1298 2760 me,
1323 2695 1510 2767 (Vsus.
1540 2699 1596 2769 5)
1625 2716 1687 2752 ne
1713 2701 1921 2770 quando

339 2792 510 2859 rapiat
544 2800 600 2844 ut
633 2791 710 2845 leo
745 2792 977 2844 animam
1005 2805 1196 2844 meam.
1236 2788 1366 2856 Quae
1413 2791 1577 2861 igitur
1617 2791 1921 2848 diﬂ'erentia

341 2885 482 2939 inter
521 2885 727 2938 servari
769 2893 823 2936 et
871 2882 1131 2938 liberari?
1172 2881 1438 2936 Nimirum
1485 2885 1703 2954 proprie
1746 2885 1921 2940 salute

339 2991 476 3048 opus
506 2986 591 3032 est
618 2975 886 3032 debilibus
917 2993 931 3030 :
969 2975 1061 3045 qui
1094 2991 1224 3030 vero
1249 2975 1564 3031 detinentur
1597 2977 1650 3032 in
1694 2978 1921 3048 captivi-

342 3079 472 3135 tate,
499 3069 738 3140 indigent
763 3078 821 3124 ut
843 3067 1160 3125 liberentur.
1190 3069 1484 3139 Protulerea
1515 3070 1561 3126 is
1582 3070 1798 3140 quidem
1823 3071 1914 3141 qui

340 3176 436 3230 per
465 3176 524 3215 se
545 3159 738 3216 debilis
766 3167 870 3227 est,
903 3168 958 3214 et
989 3168 1167 3213 tamen
1203 3159 1256 3212 in
1285 3174 1343 3214 se
1373 3161 1571 3215 retinet
1602 3160 1788 3226 tidem,
1821 3175 1916 3229 per

341 3249 613 3319 propriam
677 3249 838 3304 [Idem
906 3249 974 3302 ad
1029 3249 1258 3303 salutem
1329 3259 1689 3319 praeparatur.
1751 3249 1916 3304 Fides

339 3342 509 3408 enim,
542 3341 747 3411 inquit,
793 3351 884 3395 tua
928 3349 976 3394 te
1018 3343 1219 3394 salvam
1250 3341 1373 3410 fecit
1407 3342 1488 3408 ⁵¹;
1517 3350 1591 3406 et,
1643 3340 1770 3396 Fiat
1823 3343 1916 3396 tibi

339 3433 472 3485 sicut
499 3429 765 3482 credidisti
790 3430 856 3482 ⁸³.
890 3427 991 3495 Qui
1028 3444 1157 3483 vero
1191 3429 1501 3486 liberandus
1551 3439 1653 3495 est.
1680 3433 1913 3502 pretium

341 3539 438 3592 pro
469 3536 527 3576 se
559 3520 774 3576 aliunde
817 3519 1228 3590 persolvendum
1273 3529 1572 3591 exspectat.
1607 3521 1796 3592 Itaque
1827 3525 1914 3577 cui

341 3613 585 3668 imminet
613 3622 670 3666 et
701 3611 978 3681 impendet
1007 3629 1173 3678 mors,
1208 3615 1252 3669 is
1285 3629 1408 3669 cum
1438 3615 1540 3671 sibi
1571 3615 1821 3670 conscius
1848 3617 1917 3669 sit

339 3705 665 3762 Salvatorem
698 3719 817 3760 esse
841 3721 1026 3770 unum,
1046 3715 1207 3775 atque
1229 3721 1390 3759 unum
1413 3706 1782 3770 liberatorem,
1803 3707 1913 3759 ait:

342 3795 408 3849 In
437 3804 485 3850 te
505 3797 728 3865 speravi,
757 3796 958 3850 salvum
990 3812 1069 3850 me
1097 3796 1183 3865 [ac
1205 3796 1272 3852 ab
1300 3797 1643 3863 inﬁrmitate,
1675 3808 1721 3850 et
1751 3797 1914 3850 libera

339 3904 420 3942 me
468 3901 499 3941 a
549 3888 883 3958 captivitate.
938 3888 1208 3942 Existimo
1263 3899 1465 3954 autem,
1515 3899 1768 3944 strenuos
1824 3889 1914 3943 Dei

340 3980 594 4046 athletas,
626 3982 718 4050 qui
754 3996 874 4034 cum
902 3981 1267 4036 invisibilibus
1299 3982 1534 4035 inimicis
1569 3997 1666 4052 per
1697 3996 1914 4036 omnem

340 4086 493 4127 suam
523 4073 689 4126 vitam
714 4072 883 4126 'valde
910 4072 1184 4126 colluctati
1217 4083 1362 4138 sunt,
1407 4082 1691 4142 postquam
1728 4087 1914 4126 eorum

339 4179 530 4219 omnes
578 4164 960 4219 insectationes
1011 4163 1330 4234 effugerint,
1386 4179 1551 4232 prope
1599 4163 1721 4217 vitae
1754 4163 1914 4217 ﬁnem

341 4257 684 4318 constitutos,
714 4270 742 4308 a
780 4254 958 4310 sasculi
994 4255 1235 4324 principe
1281 4255 1608 4316 examinari,
1649 4265 1706 4306 ut
1739 4255 1783 4307 si
1829 4269 1916 4306 re-

343 4347 621 4414 periantur
653 4354 747 4399 aut
785 4346 1008 4400 vulnera
1039 4361 1106 4399 ex
1138 4345 1559 4408 certaminibus,
1589 4355 1684 4398 aut
1709 4345 1918 4414 aliquas

2025 1900 2137 1950 πος
2159 1926 2173 1948 ,
2219 1884 2287 1949 ὃς
2332 1883 2447 1950 τὴν
2490 1882 2712 1936 ἐλπίδα
2744 1882 2871 1952 ἔχει
2907 1882 3001 1935 ἐπ’
3037 1883 3370 1951 ἄνθρωπον.
3402 1883 3632 1953 Ὠσπερ

2023 1977 2145 2028 οὐδὲ
2178 1976 2358 2028 σέϐειν
2388 1976 2514 2030 ἀλλο
2557 1991 2610 2027 τι
2643 1975 2793 2045 παρά
2825 1975 2914 2027 τὸν
2945 1974 3078 2028 Θεὸν
3109 1974 3406 2046 προσῆκεν,
3442 1971 3626 2038 οὕτως

2024 2067 2144 2121 οὐδὲ
2177 2069 2268 2121 ἐπὶ
2323 2067 2479 2122 ἀλλον
2543 2065 2782 2131 ἐλπίζειν
2834 2067 2867 2136 ἥ
2916 2068 3009 2118 ἐπὶ
3054 2067 3144 2119 τὸν
3177 2067 3307 2119 Θεὸν
3335 2065 3448 2120 τῶν
3477 2067 3625 2122 πάθ-

2023 2176 2130 2212 των
2162 2159 2385 2229 Κύριον.
2429 2158 2628 2225 Ἐλπίς
2668 2158 2777 2228 γάρ
2812 2175 2931 2226 μου
2954 2198 2968 2221 ,
3004 2157 3172 2228 φησὶ,
3204 2157 3303 2211 καί
3344 2157 3623 2226 ὕμνησίς

2017 2269 2137 2320 μου
2165 2252 2276 2321 (Si)
2312 2255 2344 2304 ὁ
2370 2252 2603 2320 Κύριος.
2644 2250 2769 2313 Πῶς
2793 2249 2848 2302 δὲ
2884 2249 3100 2320 πρῶτον
3134 2249 3371 2320 σωθῆναι
3395 2248 3622 2319 εὖχεττι

2023 2344 2088 2396 ὲκ
2114 2341 2221 2396 τῶν
2245 2342 2570 2406 διωκόντων,
2605 2336 2720 2393 εἶτα
2743 2340 3002 2411 ρυσθῆναι
3029 2356 3044 2404 ;
3084 2339 3144 2393 'H
3171 2340 3425 2409 διαστολὴ
3469 2342 3623 2410 σαφῆ

2024 2434 2239 2503 ποιήσει
2275 2433 2364 2487 τὸν
2396 2433 2572 2501 λόγον.
2609 2430 2821 2485 Σῶσον
2851 2433 2959 2502 γάρ
2995 2449 3073 2501 με
3115 2431 3183 2484 ἐκ
3223 2430 3470 2484 πάντων
3498 2430 3622 2483 τῶν

2022 2525 2357 2579 διωκόντων
2377 2541 2473 2592 με,
2499 2523 2595 2577 καὶ
2615 2525 2806 2593 ῥῦσαί
2825 2541 2934 2593 με,
2972 2523 3058 2593 μή
3093 2537 3235 2576 ποτε
3259 2522 3512 2592 ἁρπάσῃ
3538 2524 3622 2588 ὡς

2020 2617 2178 2670 λέων
2213 2615 2328 2685 τὴν
2351 2615 2562 2686 ψυχήν
2583 2634 2723 2685 μου.
2771 2616 2866 2679 Τίς
2900 2612 2993 2669 οὖν
3027 2617 3060 2685 ἡ
3097 2615 3328 2686 διαφορά
3376 2613 3473 2667 τοῦ
3513 2615 3620 2666 σώ-

2022 2708 2208 2772 ζεσθαι
2254 2710 2348 2763 καὶ
2390 2708 2483 2762 τοῦ
2540 2709 2764 2780 ῥύεσθαι
2822 2708 2967 2779 (52);
3018 2710 3138 2762 Ὅτι
3186 2709 3283 2778 τῆς
3331 2707 3618 2778 σωτηρίας

2025 2803 2122 2872 μὲν
2151 2800 2354 2872 κυρίως
2379 2803 2426 2853 οί
2455 2799 2808 2862 ἀσθενοῦντες
2833 2799 3114 2870 χρῄζουσι,
3141 2798 3234 2851 τοῦ
3262 2796 3536 2869 ρυσθῆναι
3558 2796 3615 2849 δὲ

2022 2893 2071 2947 οἱ
2108 2894 2165 2946 ὲν
2189 2895 2255 2964 τῇ
2288 2892 2634 2963 αἰχμαλωσίᾳ
2679 2893 3054 2962 κατεχόμενοι.
3105 2890 3204 2943 Διὰ
3248 2888 3406 2941 τοῦτο
3433 2889 3464 2939 ὁ
3516 2889 3617 2957 μὲν

2022 2985 2079 3038 ἐν
2119 2983 2295 3055 ἐαυτῷ
2342 2984 2480 3054 ἔχων
2517 2983 2614 3055 τὴν
2652 2984 2967 3055 ἀσθένειαν,
3026 2985 3084 3036 ὲν
3121 2979 3298 3051 ἑαυτῷ
3337 2979 3396 3031 δὲ
3429 2978 3617 3031 λαϐὰν

2022 3077 2119 3149 τὴν
2151 3079 2370 3140 πίστιν,
2419 3077 2523 3130 ὑπὸ
2563 3078 2663 3148 τῆς
2709 3053 2913 3140 οἰκείας
2963 3077 3198 3138 πίστεως
3243 3076 3618 3144 οἰκονομεῖται

2020 3169 2156 3240 πρὸς
2187 3169 2246 3221 τὸ
2274 3167 2529 3238 σωθῆναι.
2569 3168 2631 3224 Ἠ
2657 3169 2860 3234 πίστις
2880 3166 2992 3236 γάρ
3015 3183 3154 3231 σου,
3188 3165 3338 3235 φησὶ,
3371 3159 3617 3216 σέσωκέ

2017 3277 2122 3314 σε·
2177 3263 2303 3324 καὶ,
2351 3261 2670 3329 Γενηθήτω
2722 3277 2820 3314 σοι
2862 3261 2943 3325 ὡς
2999 3260 3390 3320 ἐπίστευσας.
3447 3254 3510 3306 Ὁ
3560 3253 3616 3306 δὲ

2017 3353 2246 3422 ὀφείλων
2272 3353 2383 3423 (55)
2421 3352 2684 3424 ρυσθῆναι
2713 3351 2876 3422 τιμὴν
2910 3350 3108 3416 ἔξωθεν
3141 3349 3280 3419 ὑπὲρ
3313 3345 3481 3399 αὑτοῦ
3517 3363 3618 3398 κα-

2017 3443 2307 3513 τατεθῆναι
2349 3426 2669 3511 ὀφείλουσαν
2713 3440 2997 3512 ἀναμένει.
3050 3439 3106 3491 Ὀ
3139 3437 3318 3491 τοίνυν
3363 3435 3472 3488 ὑπὸ
3524 3435 3620 3490 τὸν

2019 3534 2249 3588 θάνατον
2279 3532 2376 3596 ὣν,
2405 3533 2583 3599 εἰδὼς,
2619 3535 2702 3586 ὅτι
2732 3528 2812 3596 εἷς
2837 3535 2865 3586 ό
2899 3531 3107 3597 σώζων,
3140 3525 3219 3594 εἷς
3253 3532 3281 3583 ό
3306 3527 3619 3601 λυτρούμε-

2017 3644 2125 3690 νος,
2170 3625 2300 3679 Ἐπὶ
2333 3625 2432 3679 σοὶ
2455 3665 2467 3689 ,
2506 3625 2666 3696 φησὶν
2689 3666 2702 3688 ,
2732 3624 2968 3693 ἤλπισα
2988 3667 3001 3691 ,
3033 3623 3238 3677 σῶσόν
3269 3638 3347 3690 με
3380 3620 3490 3673 ἀπὸ
3516 3621 3621 3692 τῆς

2019 3719 2342 3781 ἀσθενείας,
2391 3718 2489 3772 καὶ
2539 3717 2729 3786 ῥῦσαί
2768 3735 2845 3786 με
2893 3719 3000 3770 ἀπὸ
3049 3718 3148 3788 τῆς
3210 3714 3618 3786 αἰχμαλωσίας,

2019 3806 2185 3880 Οἶμαι
2219 3810 2275 3862 δὲ
2299 3850 2314 3875 ,
2343 3811 2423 3864 ὅτι
2455 3812 2504 3863 οἱ
2535 3814 2768 3878 γενναῖοι
2799 3810 2892 3863 τοῦ
2920 3809 3054 3863 θεοῦ
3100 3808 3365 3879 ἀθληταὶ,
3412 3807 3618 3869 ἱκανῶς

2019 3902 2171 3971 παρὰ
2218 3902 2395 3955 πάντα
2426 3902 2516 3955 τὸν
2550 3901 2758 3954 ἑαυτῶν
2801 3902 2914 3971 βίον
2955 3904 3068 3965 τοῖς
3113 3901 3367 3971 ἀοράτοις
3396 3898 3619 3968 ἐχθροῖς
3669 3963 3673 3965 ἓ

2019 3990 2544 4062 προσπαλαίσαντες,
2571 3989 2792 4043 ἐπειδὰν
2820 3990 2998 4052 πάσας
3043 3988 3220 4042 αὐτῶν
3250 3985 3620 4055 ὑπεκφύγωσι

2017 4086 2115 4147 τὰς
2142 4083 2372 4147 διώξεις,
2401 4083 2536 4153 πρὸς
2575 4082 2652 4153 τῷ
2685 4082 2827 4135 τέλει
2853 4082 2946 4134 τού
2973 4081 3092 4152 βίου
3121 4081 3424 4151 γενόμενοι,
3462 4081 3620 4150 ἐρευ-

2018 4172 2215 4227 νῶνται
2251 4173 2355 4225 ὑπὸ
2389 4173 2480 4225 τοῦ
2518 4173 2778 4242 ἄρχοντος
2825 4172 2916 4225 τοῦ
2963 4173 3186 4236 αἰῶνος,
3231 4173 3352 4237 ἵνα,
3398 4170 3464 4223 ἂν
3516 4172 3621 4241 μὲν

2019 4265 2312 4335 εὑρεθῶσιν
2346 4265 2561 4334 ἔχοντες
2589 4265 2878 4336 τραύματα
2907 4264 3015 4318 ἀπὸ
3041 4265 3149 4317 τῶν
3189 4263 3616 4332 παλαισμάτων,

2019 4353 2052 4423 ἢ
2085 4353 2306 4417 σπίλους
2339 4355 2511 4418 τινὰς,
2549 4355 2643 4407 καὶ
2667 4355 2870 4418 τύπους
2893 4356 2991 4426 τῆς
3019 4355 3312 4426 ἁμαρτίας,
3343 4371 3621 4424 κατασχε-

342 4436 600 4501 maculas,
633 4447 726 4490 aut
764 4437 969 4505 peccati
1005 4435 1231 4504 vestigia
1266 4437 1560 4491 retinuisse
1588 4477 1602 4500 ,
1634 4437 1916 4491 detinean-

2031 4444 2187 4498 θῶσιν
2213 4463 2226 4476 ·
2266 4446 2361 4498 ἐὰν
2391 4446 2447 4499 δὲ
2495 4447 2729 4516 ἄτρωτοι
2783 4446 3047 4518 εὑρεθῶσι
3105 4447 3198 4499 καὶ
3239 4445 3480 4509 ἄσπιλοι,
3539 4445 3618 4508 ὡς

338 4537 468 4581 tur:
501 4528 582 4581 sin
618 4537 796 4580 autem
837 4528 1181 4582 inveniantur
1214 4526 1543 4582 invulnerati
1584 4537 1638 4582 et
1688 4529 1918 4582 inteme-

344 4617 472 4683 rati,
499 4633 528 4670 a
557 4617 774 4671 Christo
799 4628 1059 4686 tanquam
1093 4617 1278 4672 invicti
1315 4626 1368 4671 et
1395 4616 1548 4672 liberi
1587 4618 1640 4670 in
1671 4619 1913 4687 requiem

345 4709 760 4764 transferantur.
797 4707 930 4763 Orat
969 4708 1134 4777 igitur
1181 4723 1278 4777 pro
1305 4707 1410 4763 sita
1448 4712 1700 4780 praesenti
1733 4723 1788 4766 et
1832 4711 1916 4765 fu-

415 4866 460 4897 ⁸⁸
492 4866 686 4921 Psalm.
714 4880 879 4927 cun,
906 4865 957 4917 9.

418 5025 528 5098 (51)
555 5025 685 5098 Ϋοτ
704 5041 802 5095 μου
835 5023 1015 5098 addita
1044 5033 1125 5078 est
1154 5039 1218 5098 ex
1258 5024 1389 5098 lteg.
1418 5025 1658 5098 secunth
1681 5025 1913 5098 etHColh.

346 5093 519 5154 sexto.
577 5093 776 5149 lbidetn
829 5094 1093 5148 editiones
1155 5093 1440 5148 Parisfet
1484 5093 1646 5148 Basil.
1677 5096 1794 5159 πῶς
1836 5098 1913 5152 δέ.

349 5173 505 5222 llecst
533 5165 588 5219 δέ
621 5166 846 5236 inmss.
874 5163 1023 5236 Haud
1058 5163 1214 5236 longe
1245 5165 1358 5236 illa,
1395 5165 1469 5236 μὴ
1505 5165 1918 5236 ὄντοςίλυτρου-

347 5240 531 5309 μένου,
579 5235 713 5308 μηδὲ
779 5234 1088 5309 σώζοντος,
1152 5234 1426 5309 adduntur
1459 5234 1523 5288 'in
1591 5234 1916 5309 Collieriiiiis

345 5305 540 5378 quarto
574 5305 882 5374 et'septimo
911 5313 1031 5374 post
1069 5319 1228 5378 voces
1254 5305 1432 5376 ψυχήν
1466 5320 1566 5375 μου
1604 5321 1636 5378 ‘_
1666 5306 1758 5359 sed
1790 5321 1912 5360 cum

346 5374 522 5433 desint
555 5380 606 5431 in
630 5378 749 5430 aliis
781 5391 874 5430 sex
913 5390 1045 5429 mss.
1084 5374 1476 5443 videatiturque
1507 5391 1536 5429 e
1587 5374 1914 5444 glossemate

347 5450 586 5509 tinxisse,
630 5448 833 5501 idcirco
860 5448 1103 5498 inserere
1132 5459 1192 5498 ea
1226 5446 1502 5498 contextui
1539 5447 1830 5498 noluimus.

417 5518 530 5586 (5‘2)
560 5519 786 5572 Codices
809 5517 1016 5585 aliquot
1043 5513 1328 5586 ρυσθῆναι.
1363 5515 1603 5586 Subinde
1632 5517 1685 5586 in
1737 5517 1912 5570 tribus

348 5585 477 5641 mss.
502 5589 692 5656 legitur
730 5585 1112 5657 οἰκοδομεῖται.
1144 5585 1283 5657 Editi
1317 5595 1527 5657 veroet
1557 5585 1648 5657 alii
1693 5586 1908 5657 quidam

349 5669 477 5710 tn‘ss.
537 5653 922 5725 οἶκονομεῖταιξ
971 5655 1090 5708 Mox
1139 5654 1305 5725 editio
1350 5653 1524 5708 Paris.
1581 5653 1793 5725 Σέσωκέ
1827 5672 1906 5719 σε,

351 5726 579 5794 πορεύου
607 5728 685 5787 εἰς
717 5723 958 5796 εἰρήνην,
1001 5725 1094 5778 καὶ
1124 5724 1427 5794 γενηθήτω,
1468 5735 1574 5781 etc.
1611 5723 1709 5778 Ubi
1760 5736 1911 5780 nutat

1039 4861 1083 4894 "
1105 4862 1303 4917 Jerem.
1332 4877 1460 4928 xvii,
1487 4864 1539 4918 5.
1619 4865 1664 4896 ⁸ο
1695 4867 1833 4921 Psal.
1864 4887 1987 4936 LXX,

2023 4538 2320 4610 ἀκράτητοι
2358 4539 2530 4605 ὄντες,
2565 4539 2642 4602 ὡς
2669 4538 2943 4610 ἐλεύθεροι
2973 4539 3080 4592 ὑπὸ
3103 4537 3339 4610 Χριστοῦ
3366 4538 3617 4590 ἀναπαύ-

2025 4645 2243 4682 σωνται.
2284 4630 2515 4700 Εὖχεται
2550 4626 2645 4684 οὖν
2670 4631 2796 4702 περί
2831 4648 2891 4683 τε
2934 4633 3035 4702 τῆς
3068 4630 3300 4684 ἐνταῦθα
3336 4629 3484 4699 ζωῆς
3517 4629 3638 4680 καὶ·

2024 4721 2151 4790 περὶ
2189 4722 2284 4790 τῆς
2317 4722 2632 4794 μελλούσης.
2661 4723 2871 4778 Σῶσον
2898 4724 3006 4794 γάρ
3026 4740 3122 4792 με,
3157 4723 3342 4794 φησὶν,
3373 4720 3617 4775 ἐνταῦθα

2027 4875 2080 4938 5,
2113 4877 2163 4926 6.
2242 4877 2284 4906 δι
2330 4875 2458 4930 Luc.
2487 4891 2580 4943 vn,
2621 4876 2711 4931 50.
2787 4879 2835 4909 ⁸³
2877 4876 3066 4931 Matth.
3116 4891 3235 4941 vui,
3273 4875 3359 4928 15.

2026 5033 2108 5085 vir
2137 5033 2541 5104 eruditissimus
2568 5033 2795 5088 Ducteus
2828 5034 2942 5098 illa,
2976 5031 3210 5104 πορεύου
3236 5033 3316 5093 είς
3357 5032 3610 5104 εἰρήνην,

2023 5104 2206 5156 addita
2245 5103 2412 5158 l‘nisse
2463 5121 2527 5159 ex
2565 5104 2706 5158 Oliv.
2736 5113 2789 5158 et
2811 5103 3056 5172 Anglicis
3094 5119 3108 5154 :
3147 5117 3266 5171 qua:
3289 5104 3454 5172 verba
3499 5103 3611 5171 legi

2019 5187 2236 5243 quoque
2269 5176 2320 5227 in
2351 5176 2559 5228 duobus
2591 5173 2774 5243 Regiis
2816 5171 2948 5229 mss.
3003 5189 3108 5228 non
3171 5171 3606 5243 dissimulamus.

2022 5241 2128 5295 Sed
2153 5239 2368 5306 tamen,
2397 5259 2520 5297 cum
2569 5239 2879 5298 haic'verha
2920 5244 2976 5297 in
3007 5243 3244 5297 editione
3297 5239 3604 5295 Basileensi

2021 5313 2225 5378 desint,
2253 5323 2308 5367 et
2331 5315 2387 5367 in
2416 5313 2664 5381 plurimis
2688 5329 2844 5378 mss.,
2864 5329 3099 5380 cumque
3117 5321 3376 5381 praeterea
3400 5311 3608 5365 seriem

2021 5385 2284 5437 orationis
2344 5385 2745 5452 interrumpere
2783 5384 3091 5447 videantur,
3125 5382 3482 5451 cxpungenda
3536 5395 3608 5435 ea

2020 5467 2350 5508 εεηειιιηιυε.

2093 5521 2207 5593 (55)
2244 5524 2335 5577 Sic
2364 5531 2571 5591 septem
2608 5538 2736 5578 mss.
2769 5537 2925 5592 aeque
2948 5538 3011 5577 ae
3043 5522 3313 5593 editiones
3339 5519 3513 5593 Paris.
3545 5531 3605 5593 et

2020 5590 2196 5715 ἕζευ.
2227 5597 2294 5650 At
2333 5590 2485 5650 Colb.
2529 5605 2755 5661 quartus
2801 5590 2856 5650 ei
2884 5593 3088 5650 Catena
3119 5592 3451 5648 Corderiaua
3492 5592 3521 5644 ὁ
3547 5590 3605 5644 δὲ

2053 5681 2077 5715 ε
2102 5680 2209 5715 .ων.

2053 5680 2187 5717 ει.ων
2198 5706 2209 5718 .
