3850 6218
233 355 342 409 £35

1429 353 1716 412 IIOMILIA
1751 353 1816 410 IN
1857 355 2186 413 PSALMUM
2226 356 2336 414 VII.

3399 350 3505 406 254

229 465 357 522 ἀπὸ
395 463 511 519 τῶν
547 465 886 520 διωκόντων
920 466 1032 539 (54)
1053 485 1068 498 ·
1109 468 1298 536 ῥῦσαι
1335 467 1395 521 δέ
1425 485 1503 538 με
1527 469 1642 522 ἐκεῖ
1670 472 1726 522 ὲν
1751 470 1810 540 τᾷ

1937 480 2082 529 tura.
2116 472 2332 528 Salvum
2355 474 2524 539 enim,
2557 471 2752 542 inquit,
2781 487 2858 526 me
2883 471 2992 540 fac,
3029 467 3120 524 hic
3146 483 3177 522 a
3199 482 3506 538 persequen-

233 557 416 628 καιρῷ
449 557 548 628 τῆς
576 556 824 628 ἐρεύνης,
851 558 937 628 μή
968 575 1114 614 ποτε
1150 559 1396 630 ἁρπάσῃ
1429 561 1510 626 ὡς
1540 561 1696 615 λέων
1718 562 1810 631 τὴν

1937 565 2077 618 tibus
2104 581 2220 630 me;
2250 565 2416 620 libera
2451 581 2531 619 me
2563 579 2693 620 vero
2721 563 2832 619 illic
2858 575 3102 632 tempore
3126 560 3414 627 examinis,
3443 577 3507 616 ne

228 649 450 719 ψυχήν
471 667 612 718 μου.
649 651 760 704 Καὶ
786 651 961 704 ταῦτα
1005 651 1198 722 μάθοις
1229 651 1295 705 ἂν
1323 652 1380 717 ἐξ
1415 652 1579 705 αὐτοῦ
1606 652 1699 705 τοῦ
1722 655 1830 706 Κυ-

1935 659 2146 725 quando
2169 658 2338 725 rapiat
2371 666 2428 710 ut
2449 657 2530 713 leo
2569 657 2802 710 animam
2836 671 3029 710 meam.
3058 653 3126 708 Et
3150 653 3264 708 hare
3292 669 3358 708 ex
3390 654 3506 722 ipso

231 743 356 811 ρίου
393 742 646 810 λέγοντος
690 742 820 813 περὶ
851 743 944 796 τὸν
984 743 1174 814 καιρὸν
1218 741 1311 796 τοῦ
1354 743 1560 806 πάθους
1585 762 1596 774 ο
1636 743 1766 798 Νῦν
1797 765 1810 797 ‹

1935 748 2162 802 Domino
2209 748 2418 802 discere
2459 759 2634 818 potes,
2665 748 2812 802 circa
2849 760 2960 801 sua:
2991 744 3260 814 passionis
3295 734 3505 812 tempus

227 833 437 902 ἅρχων
476 834 583 888 τοῦ
612 835 844 903 κόσμου
876 835 1093 889 τούτου
1138 834 1372 904 ἔρχεται
1393 874 1406 897 ,
1460 835 1560 887 καὶ
1601 835 1670 888 ἐν
1701 835 1829 904 ἐμοὶ

223 924 357 987 ἕξει
405 923 604 978 οὐδέν.
671 925 811 978 Ἀλλ’
845 927 874 979 ὁ
931 927 1059 996 μὲν,
1118 926 1192 997 μὴ
1249 927 1481 996 ποιήσας
1531 927 1825 998 ἁμαρτίαν,

226 1016 422 1086 ἔλεγεν
445 1017 587 1088 ἔχειν
615 1017 770 1070 οὐδέν
793 1033 805 1046 ⁸
838 1015 1111 1088 ἀνθρώπῳ
1139 1017 1196 1070 δὲ
1230 1015 1501 1086 αὔταρκες
1526 1056 1540 1079 ,
1580 1018 1675 1071 ἐὰν
1704 1017 1827 1069 τολ-

230 1111 391 1182 μήσῃ
419 1113 592 1164 εἰπεῖν
617 1149 631 1173 ,
665 1111 746 1163 ὅτι
774 1109 1028 1181 Ἔρχεται
1059 1110 1088 1161 ὁ
1119 1109 1301 1179 ἄρχων
1328 1108 1440 1192 τοῦΙ
1461 1109 1666 1180 κόσμου
1707 1108 1828 1162 τού-

223 1220 353 1268 του,
385 1202 480 1256 καὶ
509 1203 567 1256 ὲν
609 1202 732 1273 ἐμοὶ
782 1200 892 1264 ἕξει
932 1201 1090 1270 ὀλίγα
1123 1201 1219 1253 καὶ
1263 1199 1456 1271 μικρά.
1482 1199 1740 1264 Κίνδυνος
1771 1200 1826 1254 δὲ

223 1294 409 1348 ταῦτα
443 1293 653 1357 παθεῖν,
686 1291 780 1345 ἐὰν
810 1293 885 1363 μὴ
907 1292 1120 1362 ἔχωμεν
1145 1291 1235 1345 τὸν
1267 1290 1630 1364 λυτρούμενον
1653 1292 1822 1363 ἡμᾶς,

229 1385 375 1458 μηδὲ
407 1386 498 1438 τὸν
530 1384 791 1448 σώζοντα.
843 1383 988 1452 Πρὸς
1018 1384 1086 1436 τὰ
1113 1383 1206 1436 δύο
1247 1383 1315 1436 τὰ
1357 1383 1691 1454 προκείμενα
1733 1383 1825 1435 δύο

225 1478 353 1529 ἐστὶ
382 1475 453 1528 τὰ
481 1475 828 1545 ὲπαγόμενα’
859 1473 1071 1527 Σῶσόν
1084 1490 1160 1542 με
1183 1473 1251 1526 ἐκ
1280 1472 1386 1526 τοῦ
1413 1471 1686 1540 πλήθους
1708 1472 1825 1525 τῶν⁴

225 1565 574 1619 διωκόντων
599 1581 697 1633 με,
729 1563 828 1616 καὶ
849 1563 1036 1631 ῥῦσαι
1068 1562 1182 1634 (55)
1207 1602 1222 1627 ,
1258 1563 1346 1615 ἵνα
1375 1562 1448 1632 μή
1479 1579 1610 1614 ποτε
1640 1563 1821 1631 ἁρπα-

227 1657 372 1721 σθῶ,
401 1655 476 1719 ὡς
502 1656 576 1727 μὴ
603 1655 754 1719 ὄντος
779 1655 1173 1726 λυτρουμένου.

303 1748 357 1801 5.
379 1748 554 1814 Κύριε
573 1750 606 1801 ό
630 1747 774 1812 Θεός
789 1764 929 1816 μου,
962 1748 1013 1801 εί
1044 1745 1307 1813 ἐποίησα
1341 1745 1536 1810 τοῦτο,
1563 1748 1616 1799 εὶ
1651 1746 1821 1800 ἐστιν

224 1837 436 1892 ἀδικία
465 1837 536 1891 ἐν
579 1839 754 1907 χερσί
789 1855 930 1907 μου,
961 1839 1016 1890 εί
1061 1836 1450 1891 ἀπαπέδωκα
1487 1837 1610 1902 τοῖς
1639 1839 1818 1892 ἀντα-

227 1928 558 1983 ποδιδοῦσί
583 1947 687 1999 μοι
743 1928 920 1994 κακὰ,
972 1925 1335 1998 ἀποπέσοιμι
1388 1929 1502 1997 ἄρα
1542 1929 1661 1984 ἀπὸ
1705 1929 1823 1983 τῶν

222 2018 463 2088 ἐχθρῶν
479 2037 600 2088 μου
645 2019 839 2085 κενός.
869 2016 1237 2081 Καταδιὼξαι
1271 2017 1387 2086 ἄρα
1416 2020 1448 2072 ὀ
1477 2018 1689 2087 ἐχθρὸς
1709 2019 1824 2088 τὴν

225 2109 448 2179 ψυχήν
466 2127 606 2180 μου,
641 2109 739 2164 καὶ
763 2107 1110 2164 καταλάϐοι.
1151 2107 1387 2179 ξύνηθες
1415 2111 1480 2179 τῇ
1531 2109 1718 2180 Γραφῇ
1762 2109 1823 2164 τὸ

223 2201 334 2271 τῆς
376 2203 785 2266 ἀνταποδόσεως
821 2201 992 2272 ὄνομα
1018 2200 1119 2254 οὐκ
1153 2201 1246 2253 ἐπὶ
1283 2199 1392 2254 τῶν
1425 2201 1818 2272 νομιζομένων,

222 2294 310 2356 ὡς
335 2293 682 2366 ὑπάρξαντός
705 2310 852 2356 τινος
881 2291 1088 2361 ἀγαθοῦ
1120 2292 1154 2362 ἢ
1184 2290 1380 2356 κακοῦ,
1425 2292 1584 2363 μόνον
1617 2293 1824 2364 λαμϐά-

220 2401 365 2449 νειν,
394 2385 532 2438 ἀλλὰ
577 2386 673 2440 καὶ
725 2385 820 2439 ἐπὶ
848 2383 958 2437 τῶν
1007 2383 1556 2458 προκαταρχομένων·
1607 2384 1682 2448 ὡς
1729 2386 1823 2438 ἐπὶ

219 2476 348 2541 τοῦ,
389 2476 744 2543 Ἂνταπόδος
767 2477 848 2543 τῷ
873 2477 1074 2544 δούλῳ
1095 2493 1232 2532 σου.
1275 2476 1422 2528 Ἀντ).
1466 2476 1576 2548 γὰρ
1611 2476 1705 2530 τοῦ
1740 2479 1821 2530 εί-

222 2569 378 2630 πεῖν,
412 2567 531 2630 Δὸς,
559 2566 798 2638 εἴρηται,
837 2567 1215 2632 ’Δνταπόδος.
1243 2566 1400 2630 Δόσις
1425 2568 1523 2637 μὲν
1543 2563 1637 2620 οὖν
1675 2570 1822 2622 ἐστιν

220 2658 262 2728 ἡ
300 2657 548 2728 καταρχὴ
591 2658 689 2728 τῆς
723 2658 991 2722 εὐποιίας,
1018 2657 1272 2721 ἀπόδοσις
1295 2657 1404 2728 δὲή
1431 2657 1528 2711 τοῦ
1571 2659 1685 2712 ίσου
1723 2660 1820 2713 άν-

220 2750 553 2822 τιμέτρησις
575 2749 727 2821 παρὰ
755 2748 849 2803 τοῦ
877 2744 936 2804 εὖ
959 2748 1287 2812 πεπονθότος
1310 2748 1440 2819 (56)·
1473 2750 1822 2814 ἀνταπόδοσις

220 2843 289 2898 δὲ
320 2842 552 2913 δευτέρα
578 2859 662 2906 τις
693 2841 837 2914 ἀρχὴ
871 2841 967 2895 κει)¹
995 2841 1244 2912 περίοδος
1277 2840 1384 2894 τῶν
1415 2841 1821 2913 καταϐαλλομέ-

221 2953 337 2990 νων
363 2936 443 2999 είς
469 2953 622 3000 τινας
656 2935 877 3004 ἀγαθῶν
909 2935 943 3006 ἦ
975 2933 1182 2988 κακῶν.
1228 2929 1392 3006 Οἶμαι
1432 2935 1511 2998 δὲ,
1543 2935 1670 2988 ὅταν
1701 2936 1822 2990 ἀντὶ

117 3025 140 3038 “
219 3026 328 3095 τῆς
352 3027 621 3097 αἰτήσεως
661 3027 826 3080 οἱονεὶ
851 3025 1149 3096 ἀπαίτησίν
1189 3043 1309 3079 τινα
1337 3024 1658 3096 ποιούμενος
1689 3028 1716 3078 ό
1743 3026 1823 3078 λό-

221 3137 324 3190 γος
346 3120 445 3191 τὴν
475 3121 831 3175 ἀνταπόδοσιν
848 3121 1102 3191 ὲπιζητῇ,
1130 3119 1366 3174 τοιοῦτόν
1385 3137 1507 3174 τινα
1529 3119 1654 3175 νοῦν
1674 3138 1817 3192 παρ-
1846 3159 1889 3217 C

225 3213 373 3284 ιστᾴο
405 3213 507 3278 ὅτι,
553 3214 625 3266 Τὸ
665 3214 818 3285 παρὰ
857 3215 958 3286 τῆς
997 3215 1211 3284 φύσεως
1263 3212 1575 3281 ἀναγκαίως
1608 3213 1820 3282 ὀφειλό-

228 3322 392 3374 μενον
425 3305 524 3376 τῆς
557 3306 871 3376 ἐπιμελείας
896 3307 1054 3378 χρέος
1086 3308 1200 3368 τοῖς
1232 3305 1476 3373 ἐγγόνοις
1510 3304 1660 3373 παρὰ
1710 3306 1818 3361 τῶν

223 3397 633 3466 γεννησάντων,
667 3398 828 3451 τοῦτό
857 3417 944 3469 μοι
984 3398 1289 3469 παράσχου.
1314 3397 1681 3468 Χρεωστεῖται
1709 3397 1817 3469 γὰρ

222 3493 438 3556 τέκνοις
467 3492 620 3563 παρὰ
653 3493 858 3564 πατρὸς
909 3492 1052 3546 κατὰ
1083 3493 1181 3562 τὴν
1225 3489 1460 3562 φυσικὴν
1514 3490 1745 3562 στοργὴν
1782 3493 1815 3562 ὴ

225 3582 358 3652 περὶ
403 3582 498 3635 τοῦ
528 3582 644 3652 βίου
701 3584 948 3655 πρόνοια.
996 3582 1300 3656 Ὀφείλουσι
1343 3581 1472 3654 γὰρ,
1536 3582 1719 3653 φησιν,
1767 3584 1816 3634 οἱ

224 3677 406 3744 γονεῖς
426 3676 540 3738 τοῖς
573 3674 786 3746 τέκνοις
818 3673 1191 3746 θησαυρίζειν,
1227 3675 1313 3727 ἵνα
1347 3673 1483 3746 πρὸς
1512 3673 1588 3743 τῷ
1612 3672 1710 3744 ζῇν
1736 3673 1816 3726 ἔτι

225 3766 323 3821 καὶ
349 3766 445 3830 τὰς
474 3765 617 3819 κατὰ
645 3765 882 3835 τὸν-βίον
906 3767 1089 3829 αὐτοῖς
1120 3765 1373 3837 ἀφορμὰς
1402 3764 1812 3836 παράσχωνται.

223 3855 480 3910 Τοιοῦτόν
515 3857 631 3910 ἐστι
663 3856 922 3918 πολλάκις
955 3855 1048 3909 ἐπὶ
1060 3855 1160 3925 τῆς
1188 3856 1412 3927 Γραφῆς
1442 3857 1500 3908 ὲν
1529 3858 1648 3918 ταῖς
1679 3873 1814 3927 προ-

223 3949 622 4016 ηταρκτικαίς
639 3946 942 4018 ἐνεργείαις
960 3946 1019 3999 τὸ
1045 3945 1347 4016 ἀπόδομαῆ
1378 3946 1439 4000 τὸ
1468 3947 1815 4019 ἀνταπόδομα

223 4038 816 4110 παραλαμϐανόμενον.
845 4039 958 4092 Νῦν
996 4039 1053 4092 δὲ
1085 4038 1228 4092 ἔοικε
1253 4038 1518 4111 θαρῤεϊνὸ
1549 4039 1721 4108 λέγων
1737 4040 1815 4112 τῷ

225 4131 303 4202 μὴ
339 4131 750 4184 άντιδεδωκέναι
792 4134 905 4194 τοῖς
940 4131 1352 4184 ἀνταποδιδοῦσι
1382 4129 1548 4198 κακὰ,
1580 4130 1654 4202 μὴ
1688 4134 1815 4186 άντ-

220 4222 621 4276 αποδεδωκέναι
642 4223 712 4276 τὰ
727 4224 988 4295 δμοια.Εὶ
1011 4219 1124 4277 οὖν
1153 4221 1413 4288 ἐποίησα
1441 4222 1816 4285 τοῦτο,καὶεί

219 4313 616 4368 ἀνταπέδωκα
640 4313 763 4379 τοῖς
778 4313 1254 4368 ἁνταποδιδοῦσί
1271 4331 1372 4382 μοι
1397 4313 1568 4379 κακὰ,
1591 4314 1816 4369 ἀποπέ-

219 4420 387 4474 σοιμι
420 4403 535 4473 ἄρα
564 4405 684 4459 ἀπὸ
706 4404 824 4458 τῶν
851 4404 1082 4474 ἐχθρῶν
1104 4421 1223 4473 μου
1247 4405 1442 4469 κενός.
1483 4405 1652 4468 Κενὸς
1679 4406 1815 4459 ἀποι-

203 4497 414 4558 ⁴πίπτει
469 4497 578 4550 άπὸ
608 4497 716 4550 τῶν
773 4496 984 4568 ἐχθρῶν
1032 4497 1060 4547 ὁ
1106 4495 1204 4566 τῆς
1246 4496 1464 4567 χάριτος
1498 4497 1598 4566 τῆς
1628 4499 1691 4550 ὲκ
1715 4498 1806 4551 τοῦ
1841 4527 1886 4585 D

222 4586 588 4658 πληρώματος
614 4587 708 4641 τοῦ
726 4589 966 4660 Χριστοῦ
1001 4587 1270 4643 ἐκπεσών.
1304 4587 1669 4652 Καταδιώξαι
1695 4587 1810 4656 ἄρα

221 4683 254 4733 ὁ
277 4680 492 4750 ἐχθρὸς
516 4681 632 4750 τὴν
657 4680 869 4750 ψυχήν
889 4699 1030 4751 μου,
1063 4681 1161 4735 καὶ
1188 4680 1534 4746 καταλάϐοι,
1568 4682 1668 4735 καὶ
1699 4699 1807 4734 κα-

219 4772 563 4839 ταπατῆσαι
594 4777 682 4838 είς
709 4773 826 4844 γῆν
850 4773 965 4842 τὴν
983 4772 1136 4839 ζωήν
1160 4791 1300 4842 μου.
1331 4773 1437 4826 Τοῦ
1471 4775 1567 4844 μὲν
1597 4773 1803 4827 δικαίου

219 4863 255 4932 ἡ
302 4862 472 4932 ψυχὴ,
531 4865 875 4936 χωριζομένη
921 4865 1022 4934 τῆς
1075 4865 1212 4935 πρὸς
1262 4866 1322 4919 τὸ
1380 4864 1538 4936 σῶμα
1585 4883 1805 4937 συμπα-

219 4951 370 5017 θείας
402 4954 539 5024 (57),
569 4956 666 5028 τὴν
691 4955 834 5026 ζωὴν
865 4954 978 5025 ἔχει
1021 4955 1412 5027 κεκρυμμένην
1445 4957 1541 5010 σὺν
1564 4956 1643 5028 τῷ
1669 4959 1805 5028 Χρι-

185 5037 200 5143 ξ
291 5068 339 5100 ⁸³
375 5066 531 5123 Joan.
579 5084 690 5137 xw,
731 5068 822 5122 50.
915 5068 964 5101 ⁵⁵
1002 5067 1144 5123 Psal.
1191 5084 1382 5134 cxvm,
1430 5071 1516 5124 Π.
1603 5071 1652 5103 ⁸⁸
1690 5071 1729 5126 ll
1762 5071 1884 5127 Cor.

190 5149 200 5164 “
294 5161 410 5229 (54)
435 5159 528 5215 Sic
554 5162 794 5230 quinque
825 5175 955 5215 mss.
985 5159 1116 5230 Reg.
1152 5175 1290 5214 unus
1333 5171 1387 5215 et
1429 5162 1581 5217 Colb.
1615 5174 1801 5217 sextus

217 5229 688 5284 καταδιωκόντων.
708 5229 996 5285 ’Editiones
1025 5229 1191 5283 Basil.
1225 5241 1279 5282 et
1301 5231 1474 5284 Paris.
1511 5243 1568 5286 et
1592 5233 1795 5288 Catena

1467 5319 1514 5364 ε,
1551 5303 1604 5356 in
1652 5303 1797 5356 nullo

1476 5387 1562 5443 eg.
1605 5374 1798 5427 tertius

217 5304 444 5356 (order.
479 5301 928 5354 καταδιωκόντων
963 5317 1030 5370 με
1061 5301 1189 5354 :sed
1227 5300 1380 5370 illud,

217 5385 324 5426 ms.
353 5375 637 5438 reperitur,
667 5372 771 5425 nisi
814 5369 1041 5425 fortein
1075 5385 1202 5423 uno.
1257 5369 1376 5426 Mox

217 5440 394 5511 habet
413 5441 656 5511 εὑρίσκει
688 5457 784 5510 pro
807 5441 942 5506 ἕξει.

292 5509 406 5578 (55)
468 5509 894 5582 (ἰθυκιῇυανιιιβ
946 5511 1284 5578 διωκόντων,
1331 5513 1424 5564 καὶ
1486 5511 1646 5582 ῥῦσαί
1707 5530 1795 5582 με.

216 5578 421 5650 Ιιιὶιιυιη
478 5578 747 5650 reperitur
792 5581 884 5633 τοῦ
947 5583 998 5634 in
1043 5583 1313 5650 aliquibus
1357 5578 1496 5636 mss;
1545 5596 1671 5637 ante
1701 5578 1794 5635 λυ-

215 5649 553 5721 τρουμένου(
578 5651 719 5703 Infra
763 5652 814 5721 in
853 5667 960 5721 uno
993 5668 1093 5705 ms.
1130 5649 1351 5721 perinde
1379 5669 1441 5705 ac
1478 5655 1528 5704 in
1591 5655 1796 5706 Catena

214 5719 440 5837 Utilitltll'.
511 5737 607 5790 pro
661 5719 1034 5791 νομιζομένων
1098 5719 1295 5792 legitur
1354 5722 1761 5791 ἁντιδιδομένων

218 5804 375 5837 mue.

218 5804 375 5841 Illillc.

1931 840 2145 893 dicente
2173 858 2186 894 :
2219 837 2378 892 Nunc
2407 839 2649 908 princeps
2677 838 2835 907 hujus
2869 838 3049 892 mundi
3074 838 3232 903 venit,
3263 846 3311 891 et
3343 837 3396 890 in
3423 853 3504 890 me

1938 947 2043 983 non
2063 930 2266 984 habebit
2284 930 2648 1001 quidquam".
2671 929 2960 983 Enimvero
2977 929 3064 997 qui
3089 937 3367 997 peccatum
3395 942 3501 982 non

1929 1022 2252 1088 admiserat,
2285 1023 2419 1077 nihil
2465 1022 2669 1076 habere
2699 1021 2948 1086 dicebat;
2979 1021 3110 1076 satis
3134 1028 3315 1092 autem
3339 1017 3502 1072 fuerit

1933 1112 2170 1177 homini,
2217 1113 2260 1166 si
2304 1113 2502 1167 audeat
2537 1113 2719 1167 dicere
2764 1131 2777 1166 :
2831 1112 2991 1167 Venit
3032 1112 3285 1180 princeps
3314 1112 3500 1165 mundi

1933 1202 2112 1271 hujus,
2149 1213 2202 1258 et
2231 1205 2282 1258 in
2316 1219 2402 1260 me
2433 1203 2651 1258 habebit
2694 1218 2863 1272 pauca
2897 1212 2952 1258 et
2977 1217 3159 1273 parva.
3192 1202 3258 1256 At
3289 1201 3500 1269 pericu-

1929 1295 2037 1348 lum
2075 1304 2159 1351 est
2182 1310 2250 1349 ne
2296 1295 2409 1349 haec
2441 1294 2718 1357 accidant,
2752 1294 2855 1350 nisi
2884 1295 3026 1349 adsit
3045 1293 3136 1364 qui
3165 1294 3414 1358 redimat,
3446 1299 3502 1344 et

1929 1385 2106 1440 salvos
2131 1401 2230 1442 nos
2260 1385 2442 1440 faciat.
2485 1384 2704 1439 Duobus
2728 1387 3016 1456 propositis
3039 1387 3141 1440 duo
3165 1385 3499 1454 subjungun-

1929 1487 2034 1530 tur.
2060 1475 2279 1531 Salvum
2301 1490 2382 1530 nte
2409 1477 2496 1547 fac
2521 1493 2588 1531 ex
2605 1478 2942 1531 multitudine
2965 1476 3378 1546 persequentium
3397 1490 3496 1538 me,

1926 1576 1978 1620 et
2010 1566 2175 1620 libera
2224 1583 2326 1630 me,
2374 1581 2441 1621 ne
2470 1571 2686 1626 ouando
2720 1569 2917 1639 rapiar,
2953 1569 3106 1636 quasi
3139 1566 3359 1622 non-sit
3405 1564 3498 1634 qui

1926 1659 2171 1713 redimat.

1994 1753 2048 1805 5.
2092 1750 2258 1807 Vens.
2287 1751 2402 1808 4-6.
2443 1751 2664 1808 Domine
2694 1752 2835 1807 Deus
2861 1768 3028 1816 mens,
3059 1754 3107 1805 si
3135 1750 3232 1820 feci
3270 1748 3497 1810 istud,si

1925 1855 1997 1897 est
2028 1844 2281 1913 iniquitas
2311 1846 2368 1899 in
2410 1845 2654 1899 manibus
2678 1845 2829 1912 meis,
2858 1844 2902 1899 si
2935 1844 3140 1898 reddidi
3165 1842 3499 1896 retribuenti-

1925 1936 2020 1990 bus
2045 1936 2174 1989 mihi
2205 1937 2370 2002 mala,
2395 1937 2631 1991 decidam
2655 1953 2776 2006 ergo
2804 1937 2867 1990 ab
2898 1936 3126 1989 inimicis
3149 1934 3274 1987 meis
3297 1933 3494 1987 inanis.

1931 2028 2282 2098 Persequatur
2327 2046 2448 2098 ergo
2478 2022 2726 2084 inimicus
2765 2030 2995 2083 animam
3036 2043 3236 2089 meam,
3270 2034 3316 2079 et
3351 2040 3496 2078 com-

1922 2121 2232 2189 prehendat.
2273 2119 2555 2190 Scriptura
2596 2135 2705 2175 non
2751 2119 2924 2175 solum
2972 2129 3190 2188 recepto
3219 2131 3368 2172 more
3406 2132 3495 2170 re-

1923 2212 2231 2267 tributionis
2255 2226 2452 2266 nomen
2477 2226 2741 2281 usurpare
2781 2211 2940 2275 solet,
2971 2225 3091 2263 cum
3126 2209 3373 2263 videlicet
3404 2206 3498 2261 bo-

1922 2317 2050 2356 num
2100 2302 2316 2371 aliquod
2353 2311 2448 2356 aut
2497 2301 2698 2355 malum
2739 2302 3050 2370 praecessit,
3101 2299 3194 2355 sed
3239 2301 3292 2352 in
3341 2297 3500 2354 initio

1922 2393 2083 2447 etiam
2129 2394 2438 2458 actionum;
2491 2401 2550 2446 ut
2584 2391 2638 2446 in
2683 2392 2788 2446 hoc
2831 2390 2950 2446 loco
2993 2408 3005 2444 :
3063 2387 3309 2442 Retribue
3349 2403 3498 2442 servo

1923 2496 2009 2538 tuo
2037 2484 2102 2539 “.
2135 2483 2270 2539 Cum
2297 2482 2439 2538 enim
2469 2482 2652 2538 dicere
2681 2481 2990 2548 debuisset,
3046 2480 3258 2550 tribue:
3293 2480 3496 2535 dictum

1921 2585 2022 2640 est,
2056 2575 2327 2630 Retribue.
2362 2575 2500 2629 Dare
2526 2575 2714 2646 igitur,
2737 2575 2953 2629 initium
2977 2584 3061 2630 est
3082 2573 3457 2629 benefaciendi
3480 2591 3495 2627 :

1923 2667 2146 2721 reddere
2171 2680 2320 2732 vero,
2347 2666 2489 2720 actio
2516 2665 2632 2735 ejus
2652 2665 2748 2734 qui
2786 2665 3104 2720 beneficium
3133 2663 3366 2732 accepit,
3399 2677 3500 2733 par

1921 2761 2035 2830 pari
2089 2759 2410 2824 referentis;
2448 2760 2735 2814 retributio
2775 2767 2953 2812 autem
2986 2755 3283 2812 secundum
3321 2755 3496 2824 quod-

1923 2856 2043 2908 dam
2091 2862 2175 2907 est
2221 2852 2568 2922 principium,
2613 2865 2679 2906 ac
2725 2849 3046 2904 vicissitudo
3093 2847 3358 2902 bonorum
3404 2854 3498 2901 aut

1922 2945 2184 2999 malorum
2225 2943 2385 3014 100
2414 2943 2466 2998 in
2491 2942 2752 3013 quosdam
2777 2941 3114 2996 collatorum.
3139 2939 3252 2994 Mea
3277 2939 3496 3008 quidem

1921 3035 2212 3100 sententia,
2246 3050 2370 3089 cum
2401 3048 2582 3088 sermo
2620 3048 2720 3103 pro
2753 3031 3016 3102 petitione
3048 3045 3246 3085 nomen
3272 3029 3496 3084 adhibet

1923 3126 2076 3191 quasi
2102 3123 2440 3194 repetitionis
2463 3123 2710 3193 alicujus,
2728 3133 2781 3178 et
2804 3123 3214 3178 retributionem
3243 3121 3492 3190 requirit,

1926 3215 2086 3270 talem
2113 3216 2400 3285 quemdam
2426 3230 2661 3282 ,sensum
2708 3217 2929 3286 praefert
2973 3231 2989 3268 :
3044 3211 3404 3268 Providentia:
3431 3225 3496 3265 ac

1921 3323 2067 3362 curae
2097 3307 2361 3374 debitum,
2393 3306 2536 3375 quod
2568 3314 2759 3360 natura
2793 3305 3102 3361 necessario
3122 3319 3150 3357 a
3175 3304 3495 3373 parentibus

1922 3399 2046 3452 filiis
2071 3397 2316 3464 debetur,
2341 3399 2442 3453 hoc
2468 3397 2598 3452 mihi
2627 3397 2845 3452 exhibe.
2877 3397 3086 3452 Liberis
3109 3397 3255 3452 enim
3281 3411 3311 3450 a
3342 3404 3497 3464 patre

1919 3490 2214 3544 secundum
2241 3489 2540 3544 naturalem
2573 3505 2816 3544 amorem
2844 3489 3068 3544 debetur
3094 3503 3274 3543 rerum
3306 3487 3375 3542 ad
3411 3486 3494 3540 vi-

1921 3593 2028 3634 tam
2049 3579 2433 3648 pertinentium
2462 3594 2614 3633 cura.
2646 3577 2851 3634 Debent
2876 3579 3042 3643 enim,
3074 3577 3272 3646 inquit,
3299 3590 3496 3646 paren-

1920 3680 2002 3725 tes
2035 3670 2160 3724 liliis
2204 3670 2573 3724 thesaurizare
2598 3671 2667 3735 ⁵⁸,
2697 3679 2756 3724 ιιι
2780 3679 2977 3739 praeter
3000 3669 3162 3722 vitam
3182 3708 3196 3731 ,
3226 3669 3402 3722 adhuc
3441 3675 3496 3722 et

1916 3763 2130 3818 vivendi
2161 3763 2400 3817 subsidia
2434 3763 2516 3818 eis
2547 3763 2985 3818 subministrent.
3016 3760 3073 3814 In
3107 3761 3293 3831 primis
3324 3761 3492 3814 actio-

1919 3856 2077 3910 nibus
2105 3870 2246 3924 saepe
2273 3855 2341 3909 ad
2373 3855 2517 3910 hunc
2543 3856 2762 3909 modum
2794 3853 2847 3909 in
2881 3852 3166 3924 Scriptura
3203 3861 3493 3921 usurpatur

1919 3944 2174 4010 redditio,
2204 3958 2297 4000 seu
2328 3944 2633 3999 retributio.
2667 3942 2820 3998 Nunc
2853 3953 3030 3997 autem
3059 3942 3318 4011 propheta
3348 3943 3398 3996 in
3426 3957 3491 3996 eo

1916 4037 2127 4091 videtur
2156 4035 2453 4103 confidere,
2487 4037 2632 4105 quod
2674 4051 2774 4090 nec
2815 4034 3111 4090 reddiderit
3141 4033 3492 4088 retribuenti-

1918 4130 2021 4183 bus
2057 4127 2228 4194 mala,
2279 4141 2378 4183 nec
2423 4128 2622 4182 similia
2664 4126 2978 4182 reddiderit.
3029 4125 3240 4195 Itaque,
3290 4123 3349 4178 Si
3390 4125 3491 4186 feci

1917 4221 2081 4284 istud,
2105 4231 2152 4275 et
2180 4222 2227 4274 si
2251 4221 2455 4275 reddidi
2477 4221 2882 4274 retribuentibus
2906 4221 3035 4273 mihi
3059 4220 3224 4284 mala,
3252 4219 3491 4273 decidant

1915 4329 2041 4383 ergo
2076 4314 2141 4367 ab
2176 4313 2410 4367 inimicis
2443 4315 2570 4368 meis
2602 4315 2799 4367 inanis.
2831 4312 3011 4366 Inanis
3042 4316 3108 4366 ab
3139 4310 3373 4366 inimicis
3399 4312 3492 4364 de-

1914 4405 2047 4459 cidit
2073 4406 2148 4470 is,
2183 4405 2273 4474 qui
2316 4419 2382 4459 ex
2416 4405 2613 4475 gratia,
2645 4420 2767 4475 qua:
2800 4419 2867 4460 ex
2915 4404 3252 4474 plenitudine
3282 4404 3489 4459 ChriSti

1915 4507 2028 4560 est,
2075 4497 2297 4551 excidit.
2355 4495 2713 4565 Persequatur
2764 4498 2927 4566 igitur
2959 4498 3204 4550 inimicus
3257 4499 3490 4550 animam

1917 4605 2108 4650 meam,
2147 4588 2628 4656 et'compreliendat
2671 4597 2721 4642 et
2761 4589 3026 4642 conculcet
3061 4591 3114 4642 in
3159 4600 3298 4642 terra
3329 4589 3491 4642 vitam

1917 4698 2108 4737 meam.
2141 4679 2278 4737 Justi
2309 4682 2529 4750 quidem
2557 4683 2736 4737 anima
2771 4682 2838 4736 ab
2874 4681 3157 4736 affectibus
3187 4691 3239 4734 et
3269 4695 3491 4735 consor-

1917 4777 1992 4829 tio
2031 4775 2280 4842 corporis
2315 4783 2524 4829 secreta
2548 4814 2562 4838 ,
2592 4774 2752 4827 vitam
2795 4773 3098 4828 habetcum
3129 4772 3345 4827 Christo
3369 4773 3492 4828 abs-

1913 4867 2188 4921 conditam
2239 4865 2291 4919 in
2329 4867 2474 4931 Deo,
2513 4875 2572 4919 ut
2609 4881 2730 4920 cum
2777 4864 3031 4933 Apostolo
3063 4866 3243 4920 dicere
3281 4873 3487 4933 queat:

1931 4955 2054 5010 Vivo
2080 4966 2256 5010 autem
2290 4956 2405 5026 jam
2429 4973 2531 5010 non
2554 4972 2667 5025 ego,
2692 4957 2814 5010 vivit
2843 4972 2962 5010 vero
2979 4955 3034 5008 in
3059 4971 3138 5010 me
3161 4954 3402 5010 Christus
3420 4955 3485 5020 '°;

1925 5088 2022 5136 xu,
2057 5071 2143 5125 Η.
2219 5071 2265 5102 ⁵⁸
2301 5071 2418 5125 Gal.
2453 5085 2511 5135 ll,
2542 5068 2630 5123 20.

1981 5162 2096 5233 (56)
2131 5162 2221 5216 Sic
2258 5161 2556 5217 Colbertini
2585 5171 2812 5230 quartus
2830 5170 2885 5216 et
2905 5163 3166 5230 septimus
3199 5178 3324 5233 cum
3353 5163 3483 5232 Reg.

1907 5232 2082 5288 Sexto.
2131 5234 2234 5286 Alii
2287 5242 2523 5299 quatuor
2578 5247 2705 5286 mss.
2759 5247 2881 5285 eum
2936 5233 3096 5286 editis
3131 5232 3484 5297 πεπονθότος.

1907 5302 2072 5355 Paulo
2104 5314 2225 5372 post
2258 5302 2410 5356 Colb.
2444 5313 2671 5370 quartus
2697 5300 2962 5370 ἐπιζητεῖ.
3001 5303 3197 5372 Ibidem
3223 5303 3272 5353 in
3297 5304 3484 5356 eodem

1907 5389 2008 5426 ms.
2041 5371 2240 5443 legitur
2271 5371 2626 5443 παριστάναι.
2661 5372 2783 5426 Mox
2820 5375 2924 5443 duo
2959 5371 3326 5443 fIlSS‘._’téXVti).
3372 5372 3485 5428 Hoc

1906 5443 2024 5511 ipso
2059 5440 2115 5494 iii
2141 5442 2254 5496 loco
2289 5440 2444 5496 Coll).
2477 5441 2740 5509 septimus
2772 5442 2900 5510 περὶ
2931 5442 3038 5493 τῶν
3060 5440 3197 5509 βίον.

1973 5513 2086 5580 (57)
2119 5512 2215 5566 Hic
2247 5513 2456 5564 variant
2490 5523 2702 5564 veteres
2735 5513 2854 5565 libri
2881 5520 3020 5581 inter
3051 5528 3129 5564 se.
3157 5512 3210 5564 In
3234 5511 3481 5581 hislegi-

1907 5579 1995 5634 tur
2025 5581 2358 5649 συναφείαςε
2418 5581 2470 5633 in
2506 5581 2628 5642 illis,
2663 5583 2737 5634 uti
2778 5584 2828 5632 in
2883 5580 3065 5641 editis,
3114 5579 3478 5650 συμπαθείας.

1910 5650 2110 5705 Ibidem
2155 5653 2322 5704 editio
2355 5650 2528 5704 Patris.
2588 5650 2699 5718 ἔχει
2733 5651 2831 5720 τήν
2874 5669 2886 5702 :
2932 5652 3024 5703 sui
3083 5651 3170 5703 illa
3233 5655 3482 5719 repetitio

1911 5722 2126 5773 articuli
2165 5737 2266 5772 non
2322 5722 2589 5788 reperitur
2646 5724 2696 5774 in
2745 5737 2875 5776 mss.
2927 5722 2983 5774 In
3031 5722 3298 5790 aliquibus
3347 5738 3476 5775 mss.

1912 5793 2109 5859 legitur
2146 5792 2240 5843 σὺν
2280 5791 2499 5861 Χριστῷ
