3850 6218
346 338 449 395 ἒῦΰ
1669 341 1725 395 S.
1775 340 2020 396 BASILII
2058 341 2272 397 MAGNI
3511 341 3631 394 136

345 461 430 518 et,
471 454 625 518 Quod
659 461 834 508 autem
869 470 1006 507 nunc
1037 454 1147 508 vivo
1181 455 1236 509 in
1266 472 1454 521 carne,
1485 457 1538 512 in
1578 458 1682 526 [ide
1716 459 1826 511 vivo
1857 458 1912 510 ⁵⁷.

2027 456 2136 527 στῷ
2167 458 2224 508 ἐν
2250 454 2328 526 τῷ
2347 454 2488 527 Θεῳέ
2517 456 2659 510 ὥστε
2673 455 2932 510 δύνασθαι
2964 455 3140 522 λέγειν
3172 453 3314 510 κατά
3350 456 3633 509 τδνἈτ-.ό-

346 544 659 600 l’eccatoris
694 553 895 608 autem,
934 554 990 601 et
1032 546 1186 616 ejus,
1227 549 1318 618 qui
1367 549 1664 604 secundum
1703 564 1912 604 carnem

2028 549 2230 613 στολον,
2263 550 2343 602 ὅτι
2372 549 2463 602 Ζῶ
2499 548 2568 601 δὲ
2604 549 2806 602 οὐκέτι
2835 549 2969 618 ἐγὼ,
2995 546 3061 616 ζῇ
3099 548 3167 601 δὲ
3199 550 3267 601 ἐν
3293 549 3422 618 ἐμοὶ
3477 551 3629 616 Χρει-

343 635 502 704 vivit,
535 636 924 706 corporeisque
954 635 1317 707 voluptatibus
1349 640 1680 710 inquinatur,
1716 641 1918 708 anima,

343 727 402 784 in
433 729 619 784 carnis
643 729 1036 799 cupiditatibus
1069 741 1325 801 tanquam
1359 734 1412 787 in
1456 733 1568 787 luto
1607 733 1917 788 volutatur:

343 833 505 888 quam
551 819 921 875 conculcatam
958 822 1130 893 magis
1158 837 1222 877 ac
1263 824 1436 892 magis
1475 824 1727 878 inimicus
1772 839 1922 879 com-

344 910 638 976 maculare,
674 919 730 966 et
760 911 924 966 veluti
959 912 1123 969 humo
1159 913 1364 982 ingesta
1395 916 1628 970 obruere
1665 925 1913 980 conatur,

344 1001 559 1058 irruens
596 1002 651 1056 in
675 1001 966 1072 jacentem,
998 1013 1051 1058 et
1081 1005 1195 1059 suis
1235 1005 1463 1072 pedibus
1508 1004 1659 1059 illum
1691 1006 1746 1060 in
1774 1015 1917 1061 terra

343 1103 651 1164 proterens,
676 1096 777 1150 hoc
801 1105 902 1159 est.
943 1096 996 1150 in
1029 1096 1145 1165 ipso
1169 1110 1396 1165 corpore
1426 1097 1752 1152 conculcans
1776 1098 1917 1167 ejus,

343 1184 436 1254 qui
462 1185 644 1254 lapsus
671 1195 775 1252 est,
807 1187 992 1242 vitam.
1023 1187 1088 1240 Et
1115 1186 1339 1257 gloriam
1379 1203 1546 1240 meam
1573 1187 1630 1241 in
1656 1187 1919 1255 pulverem

324 1277 590 1347 .deducat.
627 1275 949 1332 Sanctorum
977 1277 1122 1332 enim
1171 1281 1262 1348 qui
1304 1278 1356 1332 in
1397 1278 1552 1333 caelis
1587 1293 1917 1334 conversan-

346 1373 456 1433 tuI‘,
495 1377 552 1424 et
596 1368 701 1422 sibi
746 1368 798 1422 in
849 1369 1116 1424 thesauris
1159 1368 1504 1438 sempiternis
1546 1367 1686 1424 bona
1721 1384 1920 1438 conge-

316 1485 320 1489 -
346 1466 493 1526 runt,
519 1457 689 1528 gloria
713 1461 766 1514 in
793 1461 932 1514 caelo
953 1474 1072 1526 est;
1107 1473 1445 1516 terrenorum
1477 1478 1606 1517 vero
1634 1471 1688 1516 et
1721 1478 1918 1517 secun-

343 1548 472 1602 dum
499 1565 714 1605 carnem
761 1531 1054 1607 vivéutium
1098 1554 1269 1622 gloria
1296 1555 1348 1608 in
1386 1553 1606 1624 pulvere
1646 1554 1919 1611 demorari

344 1642 562 1696 dicitur.
605 1642 706 1709 Qui
754 1646 898 1699 enim
944 1645 996 1699 in
1033 1648 1227 1716 opibus
1275 1648 1506 1701 terrenis
1535 1646 1821 1718 gloriatur,
1866 1657 1923 1702 et

344 1735 624 1789 hominum
652 1735 912 1790 honorem
948 1737 1097 1792 brevi
1141 1747 1385 1806 tempore
1430 1738 1750 1792 duraturum
1793 1754 1920 1806 pro-

344 1826 612 1894 sequitur,
641 1840 707 1881 ac
744 1842 926 1882 rerum
959 1829 1319 1899 corporalium
1369 1830 1525 1899 copia
1570 1829 1829 1893 conﬁdit,
1870 1828 1919 1885 is
1949 1815 1996 1875 Β

343 1916 447 1973 sibi
481 1917 707 1987 gloriam
750 1919 1040 1988 conciliat,
1085 1937 1191 1975 non
1241 1921 1295 1976 in
1343 1921 1541 1978 etelum
1577 1923 1915 1984 tendentem,

341 2009 436 2068 aed
465 2009 518 2065 in
547 2011 768 2079 pulvere
796 2025 1223 2076 permanentem.

411 2288 580 2346 Vens.
618 2291 672 2344 7.
715 2291 979 2364 Exsurge,
1012 2293 1257 2358 Domine,
1289 2294 1346 2347 in
1389 2294 1472 2347 ira
1502 2304 1591 2348 tua
1627 2309 1646 2348 :
1681 2297 1918 2350 exaltare

340 2383 397 2437 in
423 2381 616 2452 ﬁnibus
645 2383 978 2439 inimicorum
1002 2402 1259 2442 meorum.
1307 2385 1620 2457 Mysterium
1667 2403 1918 2444 resurre-

338 2474 539 2530 ctionis
572 2473 684 2544 jam
712 2475 971 2546 compleri
1003 2485 1224 2548 exeptat
1264 2477 1554 2548 PrOpheta,
1596 2480 1661 2533 ad
1709 2480 1916 2547 peccati

337 2580 529 2621 eorum
555 2567 939 2635 abolitionem;
968 2581 1060 2622 aut
1086 2584 1202 2624 eam
1230 2571 1280 2623 in
1315 2586 1478 2626 cruce
1504 2571 1912 2640 exaltationem,

336 2673 459 2730 quas
488 2657 666 2715 futura
703 2669 855 2726 erat,
893 2671 1176 2731 postquam
1225 2662 1290 2714 ad
1334 2662 1579 2716 ultimum
1626 2665 1912 2719 terminum

336 2759 488 2805 esset
533 2750 874 2806 inimicorum
907 2753 1119 2818 malitia
1159 2765 1367 2809 evecta.
1404 2754 1510 2808 Aut
1534 2757 1698 2811 etiam
1735 2759 1916 2812 verbis

339 2838 468 2906 illis,
504 2838 758 2895 Exaltare
785 2843 841 2896 in
879 2841 1074 2909 ﬁnibus
1117 2845 1454 2898 inimicorum
1486 2862 1750 2914 meorum,
1793 2849 1916 2903 talis

335 2930 584 2999 quaedam
609 2932 852 3002 subjecta
882 2946 966 2989 est
989 2936 1138 2990 notio
1163 2955 1177 2990 :
1213 2937 1490 3002 nimirum,
1514 2939 1914 3007 quantumlibet

337 3022 644 3078 ascenderit
679 3024 904 3090 malitia,
938 3026 1154 3080 etiamsi
1190 3028 1254 3081 ad
1290 3027 1615 3083 immensum
1648 3046 1913 3100 pervenc-

339 3111 432 3177 rit,
463 3128 632 3184 seque
676 3115 729 3170 in
761 3117 1031 3174 infinitum
1059 3118 1333 3184 eﬂuderit,
1360 3137 1422 3176 ea
1458 3138 1562 3190 qua
1599 3124 1766 3192 polles
1799 3124 1908 3178 vir-
1941 3187 1978 3201 η

335 3205 468 3262 tutis
511 3207 840 3263 abundantia
863 3249 878 3273 ,
912 3222 1062 3280 potes
1094 3222 1148 3266 tu
1171 3252 1187 3277 ,
1230 3215 1686 3281 quemadmodum
1740 3217 1911 3272 bonus

335 3295 580 3352 medicus
620 3299 963 3365 depascentis
988 3302 1159 3354 morbi
1197 3303 1456 3358 terminos
1487 3320 1869 3374 praeoccupans
1894 3349 1908 3368 ,

333 3385 528 3442 sistere
574 3389 822 3443 morbum
869 3403 1204 3456 grassantem
1252 3409 1314 3446 ac
1350 3407 1679 3462 serpentem,
1704 3409 1756 3451 et
1791 3399 1910 3466 ejus

331 3476 745 3533 continuitatem
774 3479 945 3550 plagis
971 3482 1076 3535 tuis
1104 3481 1484 3552 obiurgatoriis
1512 3487 1853 3542 exscindere.

405 3567 461 3623 4.
503 3567 572 3623 Et
610 3585 868 3640 exsurge,
902 3571 1121 3626 Domine
1165 3573 1303 3628 Deus
1351 3591 1518 3641 meus,
1553 3578 1607 3631 in
1651 3592 1910 3647 prtvcepto

329 3663 471 3729 quod
502 3663 786 3716 mandasti.
832 3663 1010 3718 Potest
1058 3666 1143 3719 hic
1176 3681 1356 3720 sermo
1425 3680 1482 3723 et
1553 3671 1618 3724 ad
1666 3687 1909 3727 resurre-

332 3751 532 3807 ctionis
555 3755 871 3823 mysterium
899 3755 1118 3809 referri:
1144 3759 1278 3811 adeo
1300 3767 1358 3812 ut
1381 3758 1647 3827 Propheta
1668 3759 1906 3830 judicent

331 3845 670 3909 exhortetur,
695 3856 754 3901 ut
785 3859 1044 3917 exsurgat
1075 3849 1142 3902 ad
1184 3851 1554 3920 cujuscunque
1589 3857 1792 3922 peceati
1829 3858 1908 3910 ul-

335 3940 536 3994 tionem
561 3979 576 4004 ,
605 3947 660 3991 et
693 3939 758 3992 ad
787 3941 1035 3994 mandata
1070 3958 1188 4009 qua:
1229 3943 1381 3995 nobis
1420 3955 1546 3998 ante
1581 3947 1908 4016 praescripsit

331 4029 682 4098 perﬁcienda.
719 4030 872 4103 ιοι
902 4031 1086 4087 Potest
1120 4048 1335 4102 quoque
1370 4046 1424 4090 ct
1457 4036 1522 4089 de
1553 4047 1696 4092 statu
1727 4055 1906 4095 rerum

331 4118 638 4188 Prophetze,
665 4131 724 4173 ut
755 4130 880 4174 tunc
906 4130 1044 4186 erat,
1069 4123 1262 4191 accipi,
1287 4139 1351 4177 ac
1381 4125 1424 4178 si
1459 4125 1624 4179 Deum
1649 4139 1819 4199 roget,
1852 4140 1910 4184 ut

330 4212 398 4266 ad
429 4213 718 4268 vindictam
783 4214 1034 4283 przecepti
1080 4217 1220 4283 quod
1273 4219 1566 4283 mandavit,
1630 4232 1903 4291 exsurgat.

332 4303 666 4374 ιΡιθιλιιιεεριιιιιι
684 4315 862 4359 autem
894 4317 1059 4359 erata
1091 4307 1197 4360 Deo
1215 4306 1395 4360 datum
1423 4326 1436 4360 :
1467 4307 1683 4363 Honora
1706 4323 1907 4381 patrem

332 4405 482 4448 tuum
509 4407 559 4450 et
587 4407 808 4451 matrem
826 4397 894 4463 ⁵⁸;
922 4399 1062 4465 quod
1090 4399 1263 4466 ipsqu
1281 4398 1399 4466 ejus
1432 4399 1572 4454 ﬁlius
1597 4403 1706 4471 jam
1732 4403 1908 4459 fuerat

2026 641 2190 705 στός·
2229 641 2343 703 καὶ,
2404 641 2474 692 Ὃ
2505 639 2572 693 δὲ
2597 640 2714 695 νῦν
2744 639 2815 700 ζῶ
2836 641 2906 692 ἐν
2935 639 3140 707 σαρκὶ,
3179 640 3249 692 ἐν
3276 641 3482 692 πίστει
3521 639 3623 700 ζῶ.

2024 729 2130 782 Τοῦ
2151 729 2207 782 δὲ
2239 729 2567 802 ἀμαρτωλοῦ
2599 730 2693 782 καὶ
2727 729 2868 782 κατὰ
2914 729 3091 800 σάρκα
3122 727 3321 792 ζῶντος
3346 730 3444 782 καὶ
3475 747 3628 800 συμ-

2026 821 2374 891 πεφυρμένου
2399 823 2520 883 ταῖς
2541 820 2630 874 τοῦ
2655 820 2902 890 σώματος
2942 820 3155 890 ἡδοναῖς
3176 821 3208 890 ὴ
3241 819 3384 891 ψυχὴ
3411 814 3528 873 οἷον
3561 821 3627 873 ἐν

2027 911 2275 983 βορϐόρῳ
2330 915 2442 975 τοῖς
2479 912 2677 966 πάθεσι
2719 912 2820 982 τῆς
2865 912 3067 983 σαρκὸς
3101 911 3510 980 ἐγκεκύλισται·
3551 913 3625 981 ἣν

2025 1005 2118 1056 καὶ
2178 1003 2510 1056 καταπατῶν
2543 1005 2571 1055 ὁ
2610 1003 2802 1074 ἐχθρὸς
2835 1003 2926 1056 ἐπὶ
2962 1003 3124 1055 πλέον
3153 1003 3477 1072 ἐκμολῦνειν
3520 1005 3625 1056 καὶ

2021 1096 2187 1148 οἱονεὶ
2217 1095 2616 1165 καταχωννύειν
2646 1094 3265 1164 φιλονεικεῖ,ἐπι6αίνων
3288 1095 3365 1165 τῷ
3399 1113 3628 1148 πεπτω-

2021 1187 2158 1252 κότι,
2180 1189 2274 1241 καὶ
2300 1191 2409 1250 τοῖς
2440 1187 2631 1240 ἑαυτοῦ
2659 1187 2785 1239 ποσὶ
2821 1185 3148 1240 καταπατῶν
3172 1188 3250 1250 εἰς
3291 1185 3420 1256 γῆν,
3458 1204 3626 1239 τουτ-

2022 1281 2188 1341 έστιν,
2223 1281 2300 1344 είς
2328 1279 2389 1332 τὸ
2420 1279 2578 1349 σῶμα
2632 1277 2728 1348 τὴν
2761 1277 2905 1348 ζωὴν
2941 1277 3033 1332 τοῦ
3067 1277 3477 1347 ὀλισθήσαντος.
3501 1280 3620 1333 Καὶ

2021 1372 2136 1439 τὴν
2161 1372 2351 1435 δόξαν
2377 1389 2497 1440 μου
2527 1373 2614 1436 είς
2641 1371 2793 1438 χοῦν
2833 1369 3316 1437 κατασκηνὼσαι.
3352 1371 3481 1424 Τῶν
3515 1371 3626 1441 μὲν

2020 1462 2189 1531 ἁγίων
2217 1464 2276 1513 τὸ
2312 1461 2612 1531 πολίτευμα
2639 1460 2870 1530 ἐχόντων
2893 1461 2952 1512 ἐν
2985 1461 3250 1531 οὐρανοῖς,
3287 1462 3384 1514 καὶ
3415 1463 3626 1532 θησαυ-

2022 1552 2282 1625 ριζόντων
2317 1555 2532 1616 ἑαυτοῖς
2561 1553 2619 1607 ἐν
2641 1555 2752 1616 τοῖς
2785 1553 3024 1617 αἰωνίοις
3053 1553 3348 1625 θησαυροῖς
3377 1556 3449 1608 τά
3484 1557 3626 1624 ἀγα-

2021 1646 2110 1708 θά,
2139 1649 2170 1716 ὴ
2197 1645 2324 1734 δόξα
2344 1647 2489 1699 ἐστὶν
2521 1647 2577 1699 ἐν
2603 1648 2718 1709 τοῖς
2734 1646 3003 1718 οὐρανοῖς·
3059 1646 3166 1700 τῶν
3203 1646 3259 1699 δὲ
3287 1647 3492 1716 χοῖκῶν
3519 1648 3625 1700 καὶ

2021 1737 2162 1791 κατὰ
2192 1738 2369 1808 σάρκα
2406 1737 2642 1802 ζώντων,
2677 1739 2709 1808 ἡ
2749 1737 2876 1804 δόξα
2910 1739 3089 1792 αὐτῶν
3120 1738 3503 1807 κατασκηνοῦν
3534 1741 3623 1802 εἰς

2023 1829 2112 1881 τὸν
2147 1827 2272 1898 χοῦν
2294 1829 2530 1896 λέγεται.
2579 1828 2636 1880 Ὀ
2667 1828 2777 1899 γὰρ
2805 1830 2896 1882 ἐπὶ
2919 1829 2998 1899 τῷ
3023 1829 3189 1900 χοῖκῴ
3216 1828 3432 1898 πλούτῳ
3457 1829 3623 1896 δοξα-

2023 1921 2266 1991 ζόμενος,
2305 1923 2437 1975 καὶὸ
2465 1922 2563 1991 τὴν
2586 1921 2944 1992 ὀλιγοχρόνιον
2961 1922 3125 1992 τιμὴν
3162 1921 3270 1974 τῶν
3300 1921 3622 1991 ἀνθρώπων

2022 2014 2318 2086 περιέπων,
2355 2014 2449 2067 καὶ
2477 2015 2505 2066 6
2531 2013 2622 2066 ἐπὶ
2641 2016 2752 2077 τοῖς
2799 2017 3131 2084 σωματικοῖς
3169 2014 3618 2085 πλεονεκτήμασι

2024 2105 2319 2172 πεποιθὼς,
2369 2105 2528 2172 δόξαν
2581 2105 2761 2176 ἐαυτῷ
2795 2105 2928 2176 ἔχει,
2969 2105 3068 2158 οὐκ
3119 2104 3493 2158 ἀνανεύουσαν
3534 2107 3618 2168 εις

2020 2198 2266 2268 οὐρανὸν,
2292 2197 2406 2251 ἀλλ’
2432 2201 2513 2257 εἰς
2538 2199 2629 2252 τὸν
2661 2197 2790 2267 χοῦν
2824 2197 3280 2267 ἐναπομένουσαν.

2102 2290 2429 2359 Ἀνάστηθι,
2454 2292 2650 2358 Κύριε,
2691 2290 2760 2342 ἐν
2801 2287 2948 2357 ἀργῇ
2992 2305 3126 2342 σου·
3180 2287 3453 2356 ὑψώθητι
3496 2289 3616 2359 (58)

2019 2383 2088 2434 ἐν
2116 2381 2236 2446 τοῖς
2263 2382 2479 2449 πέρασι
2502 2381 2621 2434 τῶν
2645 2378 2877 2449 ἐχθρῶν
2899 2397 3038 2448 μου.
3072 2379 3146 2432 Τὸ
3187 2380 3492 2450 μυστήριον
3517 2381 3616 2448 τῆς

2019 2472 2369 2535 ἀναστάσεως
2392 2472 2492 2542 ἤδη
2534 2469 2873 2542 ἐνεργεῖσθαι
2905 2469 3120 2540 εὔχεται
3145 2472 3172 2522 ὁ
3205 2471 3507 2540 Προφήτης
3535 2471 3616 2532 εἰς

2019 2564 2274 2636 ἀθέτησιν
2301 2563 2402 2633 τῆς
2431 2562 2704 2633 ἁμαρτίας
2733 2560 2931 2614 αὐτῶνο
2961 2560 3109 2631 ἢτὴν
3134 2561 3227 2612 ἐπὶ
3246 2558 3341 2612 τοῦ
3369 2560 3614 2632 σταυροῦ

2020 2657 2247 2726 ὕψωσιν,
2277 2656 2397 2726 ἥτις
2425 2654 2752 2726 γενήσεσθαι
2774 2653 2966 2724 ἔμελλε
3001 2653 3136 2724 μετὰ
3153 2653 3211 2705 τὸ
3238 2653 3318 2714 εἰς
3333 2651 3426 2704 τὸν
3445 2652 3614 2722 ἐσχαο

2017 2766 2107 2802 τον
2137 2750 2261 2821 ὅρον
2289 2748 2385 2818 τὴν
2415 2747 2614 2802 κακίαν
2654 2747 2761 2800 τῶν
2804 2746 3015 2818 ἐχθρῶν
3061 2745 3366 2816 ὑψωθῆναι,
3402 2745 3477 2796 Ἦ
3517 2745 3614 2798 καὶ

2016 2841 2095 2906 τὸ,
2157 2839 2438 2908 Ὑψώθητι
2489 2840 2559 2894 ἐν
2608 2839 2734 2906 τοῖς
2779 2839 2996 2906 πέρασι
3043 2838 3159 2891 τῶν
3207 2835 3442 2906 ἐχθρῶν
3463 2856 3612 2905 μου,

2018 2932 2254 2986 τοιοῦτόν
2281 2949 2406 2986 τινα
2432 2931 2721 2986 ὑποϐάλλει
2747 2931 2892 2986 νοῦν·
2911 2932 2993 2984 ὅτι
3021 2931 3143 2983 ὅσον
3169 2930 3230 2982 ἂν
3250 2930 3552 3000 κορυερωθῇ
3573 2932 3606 3000 ἡ

2019 3025 2204 3088 κακία,
2231 3025 2326 3078 καὶ
2343 3024 2579 3096 προέλθῃ
2602 3024 2694 3077 ἐπὶ
2727 3023 2787 3077 τὺ
2812 3024 3047 3094 ἄμετρον
3082 3023 3175 3075 καὶ
3204 3021 3604 3091 ὰπεριόριστον

2018 3117 2262 3188 χυθεῖσαν
2297 3119 2362 3186 τῇ
2417 3115 2703 3186 περιουσίᾳ
2751 3115 2851 3184 τῆς
2885 3115 3165 3184 δυνάμεως
3210 3111 3441 3164 δύνασαι
3473 3111 3611 3180 (59),

2014 3209 2203 3279 ὥσπερ
2235 3209 2438 3276 ἀγαθὸς
2496 3207 2678 3279 ἰατρὸς
2711 3204 3140 3277 προκαταλαϐὼν
3172 3203 3272 3273 τῆς
3318 3204 3497 3274 νομῆς
3541 3203 3612 3256 τά

2015 3299 2249 3368 πέρατα,
2288 3299 2486 3368 στῆσαι
2507 3299 2604 3368 τὴν
2636 3297 2790 3349 νόσον
2831 3295 3139 3366 νεμομένην
3175 3295 3267 3346 καὶ
3299 3294 3610 3364 ἐρπουσαν,

2015 3393 2108 3444 καὶ
2146 3391 2400 3460 διακόψαι
2435 3391 2604 3461 αὐτῆς
2643 3391 2742 3461 τὴν
2771 3390 3052 3459 συνέχειαν
3088 3389 3207 3450 ταῖς
3231 3385 3613 3449 παιδευτικαῖς

2014 3502 2106 3536 σου
2137 3485 2392 3554 πληγαῖς.

2084 3575 2136 3628 4.
2173 3577 2282 3630 Καὶ
2313 3572 2677 3644 ἑξεγέρθητι,
2708 3575 2886 3640 Κύριε
2921 3576 2953 3627 o'
2979 3573 3122 3638 Θεός
3151 3589 3292 3640 μου,
3318 3571 3391 3624 ἐν
3407 3584 3612 3639 προσ-

2013 3667 2257 3738 τάγματι
2279 3660 2328 3732 ᾧ
2347 3667 2644 3721 ἐνετείλω.
2682 3666 2914 3718 Δύναται
2946 3665 3044 3735 μὲν
3071 3665 3166 3716 καὶ
3190 3663 3282 3714 ἐπὶ
3309 3662 3373 3714 τὸ
3397 3664 3615 3734 μυστήο

2014 3779 2127 3831 ριον
2152 3761 2254 3831 τῆς
2288 3759 2638 3821 ἀναστάσεως
2667 3761 2694 3811 ὁ
2728 3758 2884 3826 λόγος
2925 3753 3320 3826 ἀναφέρεσθαι,
3351 3772 3614 3824 παρακα-

2009 3855 2226 3916 λοῦντος
2255 3851 2346 3904 τοῦ
2381 3852 2667 3922 Προφήτου
2691 3849 3040 3920 ἐξεγερθῆναι
3066 3848 3157 3900 τὸν
3189 3847 3383 3917 κριτὴν
3409 3847 3491 3909 εἰς
3516 3848 3612 3899 ἐκ·

2011 3948 2224 4016 δίκῃσιν
2267 3945 2468 4008 παντὸς
2511 3944 2928 4014 ἁμαρτήματος,
2967 3942 3060 3994 καὶ
3115 3941 3212 4004 τὰς
3243 3939 3613 4012 προδιατετα-

2011 4039 2218 4108 γμένας
2243 4040 2375 4109 ἡμῖν
2421 4035 2642 4099 ἐντολὰς
2673 4034 3010 4105 τελεσθῆναι·
3041 4033 3265 4086 δύναται
3294 4033 3352 4085 δὲ
3385 4033 3485 4084 καὶ
3515 4033 3613 4085 ἐπὶ

2009 4132 2108 4200 τὴν
2136 4130 2257 4182 τότε
2285 4129 2618 4182 κατάστασιν
2664 4126 2773 4179 τῶν
2821 4127 3161 4198 πραγμάτων
3186 4123 3279 4176 τοῦ
3307 4124 3611 4194 Προφήτου

2012 4221 2402 4293 λαμϐάνεσθαι,
2455 4219 2901 4292 παρακαλοῦντος
2932 4219 3283 4289 ἐξεγερθῆναι
3321 4216 3416 4269 τὸν
3468 4217 3612 4270 Θεὸν

2011 4319 2092 4379 εἰς
2121 4315 2398 4386 ἐκδίκησιν
2419 4313 2513 4366 τοῦ
2543 4311 2966 4384 προστάγματος
2993 4307 3054 4364 οὗ
3078 4309 3403 4362 ἐνετείλατο.
3422 4309 3610 4379 Πρόσ-

2011 4424 2196 4477 ταγμα
2243 4407 2302 4459 δὲ
2332 4401 2421 4476 ἦν,
2459 4405 2601 4474 Τίμα
2631 4404 2740 4458 τὸν
2772 4402 3000 4471 πατέρα
3031 4419 3148 4455 σου
3171 4401 3270 4453 καὶ
3292 4400 3411 4466 τὴν
3431 4398 3614 4467 μητέ-

329 4496 723 4557 transgressus.
764 4488 887 4544 Ideo
922 4488 1089 4544 Deum
1134 4492 1474 4557 adhortatur,
1527 4503 1585 4547 ut
1627 4511 1730 4550 nou
1769 4513 1905 4552 cun-

2022 4517 2088 4562 ιιι
2114 4499 2250 4570 (60),
2282 4495 2432 4568 παρὰ
2471 4495 2607 4550 Θεοῦ
2657 4495 2961 4566 δεδομένον,
3005 4494 3143 4563 ὅπερ
3190 4491 3411 4563 παρέϐη
3440 4492 3610 4554 eum;

329 4589 543 4634 ctanter
586 4592 643 4635 et
697 4581 842 4634 illum
922 4584 1094 4651 ipsum
1154 4584 1410 4653 corrigat,
1460 4595 1515 4640 et
1560 4589 1758 4644 multos
1813 4605 1901 4645 re-

329 4672 558 4728 frenet:
588 4674 680 4728 sed
725 4686 984 4744 exsurgat
1039 4677 1091 4730 iu
1141 4677 1244 4743 ira,
1297 4689 1350 4731 et
1408 4695 1726 4750 exsurgens,
1785 4698 1913 4752 pro-

327 4765 505 4834 prium
554 4766 792 4821 vindicct
827 4774 1160 4824 mandatum.
1195 4769 1311 4824 Non
1360 4773 1528 4836 cutim,
1585 4775 1779 4843 inquit,
1823 4791 1910 4831 me

328 4857 640 4922 ulcisceris,
672 4859 768 4914 sed
813 4843 1136 4928 praeceptum
1176 4872 1324 4916 tuum
1371 4868 1678 4933 neglectum
1709 4904 1726 4930 ,
1765 4868 1909 4935 quod

328 4949 443 5015 ipse
505 4949 794 5003 mandasti.
838 4950 1001 5012 Vens.
1049 4952 1105 5005 8.
1160 4952 1231 5005 Et
1285 4971 1551 5024 synagoga
1602 4958 1910 5024 populorum

328 5040 679 5094 circumdabit
708 5051 775 5096 te.
813 5041 1038 5098 Constat
1061 5044 1206 5099 enim
1236 5046 1369 5111 fore,
1401 5057 1478 5110 ut,
1505 5051 1773 5118 castigato
1808 5048 1910 5102 im-

327 5133 499 5203 probo
516 5149 643 5202 uno,
677 5135 830 5190 multi
852 5146 1263 5192 convertantur.
1295 5139 1478 5207 Itaque
1505 5142 1622 5211 ejus
1646 5141 1906 5197 malitiam

403 5253 448 5285 "’
487 5251 608 5308 Gal.
645 5270 702 5318 ιι,
734 5254 824 5308 9.0.
900 5255 947 5286 ⁸⁸
981 5255 1150 5311 Exod.
1180 5273 1270 5318 xx,
1317 5257 1402 5312 12.

570 5372 665 5428 Sic
717 5372 1024 5454 Colbertini
1085 5384 1314 5455 quartus
1365 5384 1421 5428 et
1467 5375 1752 5460 septimus.
1799 5373 1916 5455 Illa,

405 5441 490 5494 ὠω
529 5461 641 5494 τιτι.
681 5454 813 5494 elc..
877 5443 1259 5494 dealdcranlur
1302 5461 1353 5494 In
1396 5444 1578 5494 editis.
1613 5443 1916 5494 Theodotto

341 5440 641 5525 ξΥιξὼθητι,
674 5454 813 5525 εις...
877 5440 1259 5525 desiderantur
1302 5446 1353 5525 iit
1396 5440 1578 5525 e’ditis.
1613 5443 1918 5525 Tlteodoiio

328 5515 387 5566 ἐν
413 5511 574 5582 θυμῷ
601 5513 695 5566 ἐπὶ
723 5514 850 5576 τοὺς
889 5512 1120 5583 ἐχθρούς
1157 5531 1278 5582 μου,
1306 5513 1372 5566 In
1413 5513 1590 5580 furore
1618 5531 1774 5581 super
1824 5516 1920 5567 ini-

328 5585 490 5637 micos
520 5583 849 5654 meosiﬂeg.
883 5596 1090 5654 sextus,
1117 5584 1225 5635 τῶν
1248 5585 1457 5654 ἐχθρῶν
1488 5602 1604 5637 σου.
1631 5585 1919 5652 Aliquanto

331 5661 452 5718 post
472 5653 648 5724 _e_di_tio
687 5653 864 5707 Paris.
891 5663 947 5724 et
975 5652 1109 5722 Reg.
1147 5652 1584 5724 sextuséxbpdw
1619 5671 1711 5705 σου
1743 5654 1918 5707 τοιοῦ-

329 5738 442 5772 τον.
472 5718 760 5787 Vulgata!"
793 5733 848 5775 et
879 5723 1014 5775 alios
1038 5718 1168 5774 mss.
1196 5723 1364 5775 secuti
1394 5718 1601 5778 sumus.

405 5788 516 5858 (κθ)
547 5783 642 5843 Hic
676 5790 826 5845 locus
859 5801 967 5845 tum
1009 5793 1057 5846 in
1090 5795 1269 5861 Mitis,
1300 5804 1410 5848 tum
1441 5795 1492 5849 in
1531 5799 1731 5851 Catena
1782 5797 1920 5852 Cor-

2013 4589 2197 4643 αὑτοῦ.
2228 4588 2318 4640 Διὸ
2353 4585 2660 4656 παρακαλεῖ
2699 4589 2777 4648 εἰς
2811 4584 2975 4638 αὑτοῦ
3007 4601 3067 4638 τε
3116 4584 3326 4636 ἐκείνου
3369 4585 3610 4653 ἐπανόρο

2017 4686 2183 4737 θωσιν
2217 4682 2312 4734 καὶ
2338 4680 2714 4751 σωφρονισμὸν
2740 4679 2849 4732 τῶν
2872 4678 3082 4730 πολλῶν
3118 4679 3192 4748 μὴ
3223 4677 3608 4747 μακροθυμεῖν

2006 4774 2098 4826 τὸν
2129 4773 2282 4834 Θεὸν,
2325 4771 2441 4825 ἀλλ’
2487 4772 2780 4843 ἐγερθῆναι
2826 4772 2884 4824 ἐν
2909 4772 3068 4840 ὀργῇ,
3115 4763 3210 4822 καὶ
3238 4768 3609 4822 διαναστάντα

2008 4864 2296 4934 ἐκδικῆσαι
2325 4863 2423 4933 τὴν
2453 4863 2590 4915 ἰδίαν
2619 4862 2858 4934 ἐντολήν.
2897 4863 2973 4915 Οὐ
3001 4861 3108 4931 γὰρ
3143 4861 3265 4931 ἐμὲ,
3295 4861 3488 4930 φησιν,
3513 4863 3604 4914 ἐκ·

2007 4957 2272 5028 δικήσεις,
2308 4955 2444 5008 ἀλλὰ
2471 4955 2534 5006 τὸ
2563 4954 2894 5026 πρόσταγμα
2931 4954 2993 5008 τὸ
3042 4953 3132 5006 σὺν
3166 4950 3604 5021 καταφρονηθὲν,

2009 5049 2037 5102 ὃ
2072 5049 2232 5111 αὐτὸς
2262 5048 2530 5102 ἐνετείλω.
2579 5045 2687 5100 Καὶ
2736 5044 3060 5116 συναγωγὴ
3092 5043 3260 5101 λαῶν
3295 5041 3603 5097 κυκλώσει

2009 5157 2102 5195 σε.
2141 5140 2310 5210 Δῆλον
2338 5139 2396 5193 δὲ
2432 5141 2536 5204 ὅτι,
2561 5140 2678 5202 ἐνὸς
2703 5138 2886 5194 ἀδίκου
2913 5136 3397 5208 σωφρονισθέντος,
3417 5134 3603 5187 πολλοὶ

2018 5375 2150 5445 det-ii
2198 5375 2337 5430 male
2381 5376 2807 5445 inlerpungitur.
2863 5371 2995 5426 Nam
3047 5373 3178 5436 illa,
3229 5371 3522 5442 δυνάμεως
3547 5382 3603 5426 et

2017 5443 2266 5509 δύνασαι,
2321 5443 2544 5514 virgula
2583 5460 2611 5498 a
2652 5443 2710 5499 Se
2766 5445 2996 5496 invicem
3029 5445 3598 5512 disjungunturzquze

2019 5525 2201 5568 tamen
2237 5517 2353 5568 sine
2405 5515 2512 5569 ulla
2543 5515 2749 5584 virgula
2800 5515 2943 5566 inter
2971 5529 3051 5584 se
3117 5515 3406 5583 conjuncta
3436 5528 3597 5582 opor—

2017 5595 2218 5638 tuerat.
2247 5585 2577 5638 Collocanda
2611 5583 2785 5637 fuerat
2811 5583 3017 5650 virgula
3063 5594 3186 5651 post
3237 5586 3468 5639 verbum
3501 5600 3594 5654 χυ-

2020 5654 2195 5708 θεῖσα.
2227 5656 2591 5724 lnterpunctio
2625 5656 2788 5722 mala,
2823 5656 2963 5722 quod
2995 5656 3075 5717 lit,
3099 5654 3294 5707 malam
3325 5656 3594 5722 interpre-

2021 5727 2281 5785 tationem
2317 5727 2548 5793 peperit.

2093 5794 2204 5865 (60)
2237 5795 2384 5852 Coll).
2431 5805 2652 5866 quartus
2683 5795 2889 5866 μητέρα
2937 5812 3048 5846 σου.
