3850 6218
177 356 291 411 237

1403 351 1693 409 HOMILIA
1733 350 2172 425 [NJ’SALMUM
2211 352 2322 406 VII.

3355 351 3463 409 258

179 467 594 539 ⁴ἔπιστρέψουσι.
623 467 736 538 Τὴν
763 460 857 521 οῦν
889 465 1080 520 τούτου
1115 467 1378 539 πονηρίαν
1413 466 1662 531 κόλασον,
1691 467 1763 520 ἵνα

1885 467 2037 536 puni,
2073 476 2133 522 ut
2167 467 2334 522 multa
2375 466 2696 538 populorum
2737 482 3032 543 synagoga.
3049 475 3103 524 te
3139 469 3460 529 circumdet.

183 561 356 632 πολλὴ
390 561 685 630 συναγωγὴ
713 560 858 613 λαῶν
892 559 1146 632 κυκλώσῃ
1178 577 1259 614 σε.
1305 561 1413 615 Καὶ
1450 561 1602 629 ὑπὲρ
1639 561 1777 614 ταύ-

180 672 292 722 της
314 657 401 719 είς
436 655 594 723 ὕψος
617 655 1013 723 ἐπίστρεψον.
1050 655 1223 725 ’Υπὲρ
1252 656 1351 724 τῆς
1380 655 1689 726 κυκλούσης
1716 671 1775 707 σε

183 745 534 816 συναγωγῆς,
573 747 639 817 ἣν
664 746 880 817 ἐκτήσω
901 745 990 798 διὰ
1017 747 1114 816 τῆς
1141 747 1282 800 κατὰ
1313 748 1473 820 χάριν
1502 765 1777 817 συγκατα-

181 837 400 900 ϐάσεως
433 837 526 890 καὶ
555 837 888 908 οἰκονομίας,
918 837 1245 908 ἐπίστρεψον
1280 841 1360 902 είς
1407 839 1468 892 τὸ
1514 840 1648 909 ὕψος
1677 840 1776 910 τῆς

178 927 364 999 δόξης,
386 929 452 1000 ἥν
484 924 628 1000 εἶχες
661 930 767 1001 πρὸ
793 929 888 983 τοῦ
914 932 1005 986 τὸν
1039 933 1238 1002 κόσμον
1270 931 1542 1001 γενέσθαι.
1562 934 1777 1001 Κύριος

181 1019 602 1088 κρινεῖλαούς.
629 1021 904 1093 Πολλαχοῦ
938 1024 1035 1093 τῆς
1067 1025 1288 1096 Γραφῆς
1318 1027 1346 1078 6
1381 1025 1508 1094 περὶ
1532 1025 1630 1095 τῆς
1657 1027 1776 1098 κρί-

184 1129 327 1176 σεως
386 1113 831 1184 ὲγκατέσπαρται
881 1114 1058 1184 λόγος,
1089 1117 1163 1179 ὡς
1211 1118 1638 1185 ἀναγκαιότατος
1684 1121 1776 1172 καὶ

183 1203 654 1268 συνεκτικώτατος
707 1207 787 1270 είς
819 1206 1170 1261 διδασκαλίαν
1215 1209 1499 1272 εὐσεϐείας
1539 1212 1649 1272 τοῖς
1697 1212 1775 1272 εἰς

178 1295 319 1348 Θεὸν
346 1295 433 1350 διὰ
475 1298 648 1368 Ἰησοῦ
682 1299 921 1370 Χριστοῦ
968 1302 1412 1355 πεπιστευκόσιν.
1473 1303 1688 1376 Ἐπειδὴ
1718 1303 1774 1356 δὲ

179 1387 542 1459 πολυτρόπως
567 1391 596 1442 6
629 1392 756 1461 περὶ
781 1391 882 1461 τῆς
906 1379 1146 1464 κρίσεως
1176 1394 1549 1465 ἐγγέγραπται
1596 1394 1771 1462 λόγος,

177 1479 324 1544 δόξει
377 1482 500 1534 τινὰ
552 1483 645 1535 καὶ
676 1482 938 1552 σύγχυσιν
969 1484 1114 1556 ἔχειν
1162 1489 1275 1550 τοῖς
1311 1487 1385 1557 μὴ
1425 1487 1668 1559 ἀκριϐῶς
1705 1490 1773 1544 τὰ

180 1571 565 1643 σημαινόμενα
601 1575 1023 1630 διαστέλλουσιν.
1091 1577 1154 1629 '0
1191 1579 1492 1632 πιστεύων
1543 1579 1650 1648 γὰρ
1686 1582 1774 1644 είς

175 1664 287 1731 ἐμὲ
313 1667 384 1717 οὐ
424 1667 706 1734 κρίνεται·
745 1671 778 1722 ὀ
815 1669 883 1722 δὲ
915 1668 1190 1722 ἀπιστῶν
1229 1669 1345 1738 ἤδη
1388 1670 1669 1739 κέκριται.
1709 1674 1771 1725 Εἰ

175 1754 238 1806 δὲ
267 1757 296 1808 6
344 1757 418 1828 μὴ
455 1759 728 1813 πιστεύων
757 1761 944 1831 ὅμοιός
996 1761 1108 1831 (fil)
1137 1763 1253 1815 ἐστι
1290 1762 1368 1833 τῷ
1415 1765 1621 1828 ἀσεϐεῖ,
1654 1766 1770 1830 πῶς

1891 557 1959 613 Et
2014 569 2225 629 propter
2272 560 2407 614 hanc
2468 562 2522 614 in
2557 562 2722 615 altum
2771 562 3058 631 regredere.
3084 560 3317 631 Propter
3349 567 3462 618 clr-

1883 653 2226 707 cumdantem
2265 663 2319 707 te
2351 667 2701 724 synagogam,
2738 667 2922 720 quam,
2959 653 3249 710 demittens
3279 664 3330 708 te
3364 669 3463 724 per

1882 744 2135 813 gratiam,
2159 753 2213 798 et
2236 759 2455 799 carnem
2478 745 2724 812 induens,
2762 744 3070 817 possedisti,
3101 747 3385 814 regredere
3403 746 3456 800 in

1880 837 2216 892 altitudinem
2249 837 2452 907 glorim,
2472 851 2632 906 quam
2651 846 2775 893 ante
2793 839 2974 893 mundi
2999 847 3176 892 ortum
3194 837 3454 893 habebas.

1888 927 2050 983 Vens.
2080 928 2134 983 9.
2153 928 2410 982 Dominus
2421 928 2680 999 judicabit
2707 929 2942 1000 populos.
2960 929 3137 985 Multis
3163 929 3458 998 Scriptum

1879 1021 2011 1076 locis
2070 1022 2135 1076 de
2173 1021 2378 1091 judicio
2402 1022 2679 1091 inspersus
2707 1031 2794 1078 est
2841 1038 3040 1088 sermo,
3077 1030 3335 1092 tanquam
3362 1021 3456 1092 qui

1881 1114 2114 1167 maxime
2139 1113 2481 1168 necessarius
2506 1114 2595 1179 sit,
2655 1125 2941 1185 servetque
2976 1115 3210 1170 maxime
3237 1115 3290 1168 in
3338 1115 3456 1185 pie-

1878 1203 2003 1257 tatis
2025 1203 2271 1258 doctrina
2299 1219 2414 1269 eos,
2450 1205 2540 1272 qui
2571 1204 2624 1257 in
2658 1205 2822 1258 Deum
2848 1216 2943 1274 per
2963 1204 3142 1260 Jesum
3177 1204 3452 1260 Christum

1875 1298 2242 1352 crediderunt.
2307 1299 2573 1365 Quoniam
2634 1309 2812 1353 autem
2858 1299 3070 1354 diverse
3129 1298 3196 1353 de
3247 1297 3453 1368 judicio

1877 1389 2113 1458 scriptus
2143 1399 2226 1444 est
2255 1403 2459 1455 sermo,
2490 1389 2858 1446 confusionem
2887 1391 3174 1460 quamdam
3207 1390 3273 1444 iis
3306 1389 3453 1443 vide-

1873 1481 2024 1535 bitur
2064 1496 2278 1550 parere,
2323 1482 2414 1550 qui
2457 1482 2634 1538 minus
2681 1493 2935 1539 accurate
2970 1484 3069 1540 has
3115 1483 3450 1553 distinguunt

1877 1570 2321 1640 significationes.
2351 1569 2605 1635 Quienim
2623 1573 2795 1638 credit
2813 1573 2866 1626 in
2894 1589 2993 1640 me,
3016 1572 3450 1642 non.judicatur:

1873 1662 1962 1729 qui
1993 1670 2169 1714 autem
2220 1677 2324 1714 non
2360 1661 2551 1727 credit,
2573 1662 2689 1732 jam
2705 1662 2982 1732 judicatus
3011 1663 3173 1718 est”.
3209 1661 3362 1729 Quod
3402 1663 3450 1716 si

1873 1753 1941 1818 is,
1977 1753 2069 1822 qui
2102 1766 2208 1808 nou
2243 1755 2435 1822 credit,
2473 1754 2666 1810 similis
2690 1763 2774 1810 est
2801 1755 2985 1825 impio,
3029 1755 3302 1825 quomodo
3330 1753 3449 1808 dic-

175 1846 397 1919 εἴρηται
419 1849 478 1902 τὸ
509 1851 584 1922 μὴ
622 1853 1025 1924 ἀναστήσεσθαι
1081 1855 1298 1917 ἀσεϐεῖς
1335 1832 1392 1908 ἐν
1419 1857 1628 1925 κρίσεις
1660 1859 1763 1912 Καὶ

1873 1850 1982 1896 tum
2017 1852 2101 1898 est
2140 1845 2332 1913 impios
2370 1846 2421 1899 in
2441 1844 2650 1913 judicio
2684 1860 2790 1900 non
2827 1860 2946 1902 esse
2971 1847 3450 1903 resurrecturos“?

176 1939 230 1990 εί
277 1940 327 1990 οἱ
354 1940 698 2005 πιστεύοντες
717 1943 823 1996 υίοὶ
845 1943 980 1996 Θεοῦ
1003 1944 1093 1996 διὰ
1109 1947 1208 2015 τῆς
1225 1945 1460 2008 πίστεως
1489 1947 1764 2014 γεγόνασι,

175 2030 276 2083 καὶ
289 2029 379 2083 διὰ
403 2032 562 2084 τοῦτο
605 2032 745 2097 ἄξιοί
772 2036 879 2086 εἰσι
919 2033 1014 2087 τοῦ
1045 2035 1138 2088 καὶ
1166 2036 1320 2088 αὐτοὶ
1357 2035 1471 2088 θεοὶ
1501 2038 1770 2107 χρηματί-

174 2121 316 2186 ζειν,
353 2122 472 2186 πῶς
496 2123 629 2188 Θεὸς
658 2125 787 2196 ἔστη
835 2126 894 2178 ὲν
942 2129 1230 2198 συναγωγῇ
1262 2127 1420 2194 θεῶν,
1451 2129 1507 2181 ἐν
1541 2130 1691 2201 μέσῳ
1713 2130 1769 2184 δὲ

173 2213 336 2279 θεοὺς
364 2215 664 2286 διακρινεῖ;
719 2217 859 2270 Ἀλλ’
893 2218 1035 2272 ἔοικε
1063 2219 1125 2272 τὸ
1177 2220 1454 2291 κρίνεσθαι
1492 2222 1622 2274 ποτὲ
1671 2223 1769 2293 μὲν

172 2306 273 2358 ἐπὶ
314 2307 410 2360 τοῦ
443 2308 554 2382 (62)
607 2309 1023 2379 δοκιμάζεσθαι
1069 2311 1174 2365 ὑπὸ
1215 2313 1314 2382 τῆς
1345 2313 1570 2383 Γραφῆς
1596 2331 1769 2385 παρα-

171 2398 573 2468 λαμϐάνεσθαι,
623 2403 752 2455 ποτὲ
777 2403 833 2455 δὲ
866 2403 960 2456 ἐπὶ
1005 2403 1100 2458 τοῦ
1155 2407 1631 2474 κατακρίνεσθαι·
1676 2409 1769 2462 ἐπὶ

177 2491 284 2558 μὲν
308 2489 404 2543 τοῦ
440 2490 876 2560 δοκιμάζεσθαι,
907 2493 982 2556 ὼς
1012 2493 1093 2556 τὸ,
1115 2493 1160 2545 Κ
1158 2493 1334 2562 ρῖνόν
1346 2511 1443 2563 με,
1467 2497 1660 2564 Κύριε,
1681 2496 1768 2549 ὅτι

171 2580 292 2650 ἐγὼ
323 2582 394 2634 ὲν
415 2583 631 2652 ἀκακία
666 2603 784 2653 μου
834 2585 1184 2654 ἐπορεύθην·
1237 2588 1430 2655 ἐπάγει
1473 2589 1580 2660 γάρ
1630 2590 1763 2642 ἐκεῖ·

171 2673 518 2742 Δοκίμασόν
527 2693 625 2743 με,
661 2678 858 2745 Κύριε,
890 2677 992 2731 καὶ
1026 2679 1318 2746 πείρασόν
1343 2696 1440 2750 με·
1473 2682 1567 2736 ἐπὶ
1597 2681 1653 2735 δὲ
1671 2681 1766 2736 τοῦ

171 2765 622 2836 κατακρίνεσθαι,
650 2767 725 2831 ὡς
758 2768 870 2838 (65)
899 2769 977 2834 τὸ,
1004 2771 1073 2823 El
1119 2771 1229 2840 γὰρ
1261 2772 1514 2840 ἑαυτοὺς
1539 2775 1767 2842 ἐκρίνο-

164 2873 308 2925 μεν,
339 2859 452 2912 οὐκ
471 2857 549 2912 ἂν
563 2859 933 2930 ἐκρινόμεθα·
963 2864 1011 2914 εἰ
1030 2862 1138 2934 γάρ
1163 2865 1387 2929 ἑαυτοὺς
1408 2866 1762 2938 ὲξητάξομεν,

171 2947 363 3016 φησὶν,
398 2949 499 3002 οὐκ
528 2949 594 3004 ἂν
639 2953 964 3024 κατακρίσει
1001 2954 1436 3026 ὑπεϐαλλόμεθα.
1493 2957 1662 3012 Πάλιν
1692 2962 1766 3013 εἴ-

174 3055 338 3108 ρηται
367 3039 722 3112 κριθήσεσθαι
739 3043 829 3096 τὸν
847 3044 1052 3115 Κύριον
1074 3046 1210 3116 πρὸς
1242 3049 1422 3102 πᾶσαν
1435 3048 1612 3120 σάρκα
1629 3051 1761 3120 (64)·

168 3128 474 3193 τουτέστιν,
510 3133 568 3185 ὲν
593 3133 670 3203 τῷ
709 3132 994 3206 ἐξετασμῷ
1017 3136 1125 3189 τῶν
1161 3137 1508 3209 βεϐιωμένων
1553 3142 1767 3212 ἑκάστῳ

170 3221 369 3275 ἑαυτὸν
415 3224 708 3279 ὑποϐάλλει
744 3230 811 3298 τῇ
840 3229 1042 3299 κρίσει,
1079 3231 1172 3283 καὶ
1202 3230 1270 3284 τὰ
1308 3231 1502 3285 ἑαυτοῦ
1531 3236 1762 3306 προστά-

169 3329 364 3384 γματα
416 3315 842 3388 άντιπαρεξὰγει
898 3322 1011 3382 τοῖς
1037 3322 1451 3392 πεπραγμένοις
1507 3324 1612 3377 ὑπὸ
1656 3326 1764 3379 τῶν

167 3407 596 3477 ἡμαρτηκότων,
638 3409 1075 3482 ἀπολογούμενος
1119 3413 1258 3482 μετὰ
1291 3414 1636 3480 ἀποδείξεων,
1680 3419 1762 3470 ὅτι

172 3496 354 3549 πάντα
375 3495 444 3550 τά
485 3499 567 3561 είς
598 3499 759 3552 αὐτὸν
790 3501 993 3571 ἥκοντα
1029 3503 1124 3557 ἐπὶ
1163 3505 1410 3574 σωτηρίᾳ
1438 3505 1546 3559 τῶν
1583 3525 1762 3578 κρινο-

174 3585 356 3658 μένων
379 3588 700 3658 πεποίηκεν,
728 3590 814 3644 ἵνα
839 3593 1152 3663 πειθόμενοι
1185 3596 1232 3646 οἱ
1259 3596 1640 3666 ἡμαρτηκότες
1688 3599 1764 3663 ὡς

172 3678 347 3749 ἔνοχοι
367 3682 480 3743 τοῖς
509 3681 926 3753 ἁμαρτήμασιν,
959 3685 1347 3755 ἀποδεχόμενοι
1379 3687 1476 3759 τὴν
1507 3689 1658 3744 θείαν
1683 3691 1762 3744 δί-

173 3787 300 3840 κην,
321 3771 538 3836 ἑκόντες
572 3774 884 3844 προσῶνται
911 3776 1022 3846 (65)
1046 3777 1104 3830 τὸ
1137 3778 1424 3833 ἐπιϐάλλον
1449 3781 1631 3846 αὐτοῖς
1653 3784 1764 3837 ἐπι-

172 3863 380 3933 τίμιον.

247 3954 299 4008 5.
329 3957 487 4010 Ἐστι
523 3957 580 4010 δὲ
632 3959 728 4012 καὶ
759 3959 888 4013 ἄλλο
937 3961 1336 4032 σημαινόμενον
1384 3965 1488 4016 ὑπὸ
1537 3967 1637 4036 τῆς
1667 3965 1758 4019 τοῦ

173 4045 457 4118 κρίνεσθαι
485 4049 692 4120 φωνῆς,
722 4050 866 4104 καθά
903 4068 1069 4122 φησιν
1099 4055 1126 4106 6
1158 4053 1382 4125 Κύριος·
1415 4057 1761 4110 Βασίλισσα

172 4144 356 4197 νότου
397 4143 779 4213 ἐγερθήσεται
823 4147 893 4200 ἐν
932 4145 1007 4214 τῇ
1043 4147 1255 4215 κρίσει,
1292 4147 1392 4200 καί
1428 4149 1768 4215 κατακρινεῖ

172 4234 293 4300 τὴν
318 4234 534 4303 γενεὰν
553 4239 798 4305 ταύτην.
831 4239 968 4302 Τοὺς
994 4240 1102 4310 γὰρ
1127 4240 1638 4312 ἀποστρεφομένους
1663 4243 1761 4314 τὴν

175 4322 328 4376 θείαν
378 4324 745 4390 διδασκαλίαν,
787 4329 884 4382 καὶ
929 4329 1308 4398 ἀφιλοκάλους,
1342 4331 1434 4384 καὶ
1483 4333 1760 4397 παντελῶς

173 4415 668 4488 ἀπεστραμμένους
703 4419 770 4473 τὰ
800 4421 1124 4475 παιδευτικὰ
1151 4423 1248 4494 τῆς
1275 4423 1466 4490 σοφίας
1490 4423 1755 4493 δόγματα,

1871 1936 1937 1990 Et
1976 1935 2021 1990 si
2059 1937 2363 2004 credentes,
2408 1949 2504 2007 per
2547 1935 2708 1992 ﬁdem
2749 1937 2877 1994 facti
2923 1951 3050 1995 sunt
3088 1939 3184 1993 ﬁlii
3220 1937 3345 2004 Dei,
3384 1954 3449 1995 ac

1871 2039 2156 2100 propterea
2184 2029 2329 2100 digni
2364 2030 2602 2100 suntqui
2643 2040 2697 2086 et
2734 2030 2834 2100 ipsi
2856 2041 3116 2087 vocentur
3150 2032 3252 2096 dii‘,
3307 2046 3448 2102 quo-

1871 2124 2030 2177 modo
2077 2121 2218 2177 Dens
2255 2123 2417 2178 stabit
2448 2123 2503 2177 in
2551 2137 2824 2194 synagoga
2877 2123 3126 2190 deorum,
3166 2123 3220 2178 in
3269 2123 3448 2178 medio

1871 2225 2052 2270 autem
2079 2214 2209 2270 deos
2229 2213 2547 2282 dijudicabit
2569 2215 2654 2269 “1’
2690 2213 2884 2269 Verum
2913 2214 3126 2270 videtur
3153 2213 3448 2285 aliquando

1865 2306 2108 2374 judicare
2142 2323 2239 2376 pro
2278 2308 2500 2377 probare
2529 2321 2558 2361 a
2593 2306 2872 2377 Scriptura
2918 2307 3089 2377 accipi
3116 2325 3130 2361 :
3156 2306 3446 2376 aliquando

1870 2410 2002 2450 vero
2031 2411 2130 2465 pro
2153 2396 2520 2451 condemnare.
2556 2395 2802 2452 Sumitur
2832 2397 3048 2468 quidem
3075 2413 3174 2468 pro
3200 2396 3445 2466 probare,

1869 2487 2026 2542 verbi
2060 2487 2255 2556 gratia,
2305 2489 2502 2542 Judica
2545 2505 2647 2555 mc,
2679 2488 2924 2555 Domine,
2955 2491 3206 2560 quoniam
3244 2505 3339 2560 ego
3391 2489 3447 2540 in

1870 2581 2170 2634 innocentia
2200 2596 2318 2634 mea
2353 2582 2620 2651 ingressus
2645 2598 2762 2636 sum
2781 2600 2799 2636 :
2843 2583 2914 2638 ibi
2942 2585 3088 2638 enim
3123 2583 3400 2653 subjungit
3429 2602 3443 2638 :

1871 2670 2052 2725 Proba
2085 2689 2186 2735 me,
2213 2671 2454 2738 Domine,
2491 2681 2542 2728 et
2566 2681 2707 2728 tenta
2720 2691 2808 2730 mc
2821 2677 2886 2729 θ’.
2921 2674 3167 2730 Sumitur
3192 2690 3322 2731 vero
3346 2689 3448 2746 pro

1869 2764 2234 2828 condemnare,
2264 2772 2322 2817 ut
2354 2765 2407 2818 in
2438 2758 2530 2820 iﬂo
2555 2784 2568 2820 :
2595 2765 2748 2832 Quod
2788 2767 2835 2820 si
2865 2769 3206 2837 nosmetipsos
3223 2769 3447 2838 judica-

1868 2871 2064 2921 remus,
2099 2871 2204 2909 non
2242 2857 2420 2926 utique
2448 2858 2902 2918 iudicaremur“:
2940 2860 2984 2914 si
3019 2861 3188 2925 enim,
3247 2861 3443 2930 inquit,

1869 2959 1968 3001 nos
1985 2946 2132 3015 ipsos
2148 2957 2630 3015 perscrutaremur,
2647 2949 3080 3004 condetnnatioui
3105 2965 3444 3019 nequaquam

1871 3036 2277 3106 subjiceremur.
2319 3037 2773 3099 Rursusadictum
2846 3049 2930 3095 est
2987 3039 3273 3094 Dominum
3320 3055 3444 3094 cum

1867 3128 2015 3182 omni
2048 3142 2213 3182 carne
2239 3127 2502 3198 judicium
2551 3129 2890 3196 subiturum;
2926 3129 2978 3183 id
3006 3138 3110 3196 est,
3159 3131 3214 3184 in
3248 3131 3444 3199 exqui-

1870 3219 2034 3274 renda
2062 3219 2278 3274 ratione
2301 3233 2488 3275 eorum
2516 3236 2634 3290 quae
2660 3221 2855 3291 cuique
2884 3221 3010 3275 dum
3062 3221 3290 3284 viveret,
3322 3231 3445 3275 acta

1865 3319 2010 3374 sunt,
2045 3309 2249 3380 judicio
2294 3325 2354 3367 se
2382 3311 2496 3380 ipse
2527 3311 2766 3382 subjicit,
2808 3321 2864 3367 et
2901 3326 2997 3368 sua
3025 3321 3294 3383 praecepta
3345 3325 3442 3380 op-

1866 3403 2015 3471 ponit
2047 3401 2203 3458 factis
2239 3412 2610 3472 peccatorum,
2643 3405 2977 3475 argumentis
3008 3421 3073 3462 ac
3104 3407 3445 3463 demonstra-

1867 3496 2101 3552 tionibus
2120 3511 2387 3552 excusans
2416 3513 2493 3563 se,
2519 3497 2662 3566 quod
2686 3498 2738 3551 in
2772 3497 3000 3553 salutem
3024 3497 3442 3567 iudicandorum

1863 3587 2042 3641 omnia
2069 3601 2189 3656 qua:
2217 3587 2286 3641 ad
2316 3602 2374 3642 se
2417 3587 2738 3652 attinebant,
2777 3587 2988 3653 fecerit,
3035 3596 3095 3642 ut
3132 3586 3170 3642 ii
3195 3587 3286 3657 qui
3315 3601 3442 3656 pec-

1865 3689 2146 3745 caverunt,
2185 3679 2270 3733 ubi
2300 3693 2615 3750 persuasum
2653 3678 2816 3732 fuerit
2853 3678 2957 3733 sibi
2987 3693 3048 3733 se
3078 3679 3322 3747 peccatis
3344 3677 3442 3733 ob-

1864 3772 2056 3827 noxios
2107 3786 2248 3832 esse,
2296 3771 2705 3825 convenientem
2745 3769 2845 3823 sibi
2874 3784 3110 3837 poenam,
3142 3770 3442 3838 approbato

1857 3865 2063 3936 judicio
2093 3863 2299 3928 divino,
2330 3862 2475 3916 haud
2506 3860 2660 3914 inviti
2686 3861 2979 3928 perferant.

1934 3958 1988 4011 5.
2031 3956 2145 4012 Vox
2202 3963 2384 4009 autem
2427 3954 2676 4021 judicare
2730 3952 2894 4007 habet
2938 3961 2994 4006 et
3027 3951 3186 4006 aliam
3223 3967 3440 4022 quoque

1862 4047 2348 4120 signiﬁcationem,
2402 4055 2461 4100 ut
2505 4062 2628 4100 cum
2678 4045 2809 4100 dicit
2880 4044 3181 4099 Dominus:
3241 4029 3438 4114 Regina

1862 4143 2031 4197 austri
2049 4148 2222 4207 surget
2259 4139 2313 4191 in
2333 4137 2562 4207 judicio,
2584 4148 2630 4192 et
2658 4136 3020 4191 condemnabit
3051 4136 3440 4205 generationem

1863 4229 2092 4286 istam“.
2122 4228 2223 4296 Qui
2255 4228 2396 4281 enim
2428 4228 2664 4281 divinam
2689 4235 3008 4281 aVersantur
3025 4226 3351 4291 doctrinam,
3382 4236 3440 4282 et

1863 4327 2118 4380 decorum
2154 4321 2552 4389 honestumque
2578 4319 2701 4375 odio
2731 4319 2950 4382 habent,
2973 4327 3027 4372 et
3046 4317 3325 4385 sapientiae
3341 4319 3440 4373 do-

1862 4423 2041 4486 gmata
2065 4413 2132 4467 ad
2161 4411 2464 4467 docendum
2500 4411 2696 4466 idonea
2732 4411 2891 4480 102
2913 4425 3136 4480 prorsus
3165 4410 3438 4465 detestan-

177 4507 462 4576 συγκρίσει
484 4511 576 4562 καὶ
605 4511 1029 4582 ἀντιπαραθέσει
1056 4512 1162 4567 τῶν
1196 4514 1337 4567 κατὰ
1365 4514 1461 4586 τὴν
1499 4515 1633 4569 ίδίαν
1665 4533 1757 4584 γε-

1871 4518 1973 4572 lur,
1998 4514 2280 4574 postquam
2325 4501 2505 4558 collati
2530 4501 2730 4558 fuerint
2757 4513 2812 4557 et
2841 4502 3138 4571 comparati
3169 4518 3293 4558 cum
3323 4503 3436 4558 suis

173 4597 300 4650 νεὰν
323 4599 417 4651 ἐπὶ
443 4603 509 4672 τῇ
546 4603 675 4673 περὶ
702 4603 771 4656 τά
811 4603 950 4657 καλὰ
1008 4605 1210 4675 σπουδῇ
1239 4605 1642 4674 διενεγκόντων,
1671 4608 1760 4678 βα-

175 4689 411 4760 ρυτέραν
443 4693 577 4764 φησὶ
622 4693 920 4782 λαμϐάνειν
945 4695 1042 4767 τὴν
1088 4696 1181 4749 ἐπὶ
1212 4699 1324 4762 τοῖς
1355 4697 1637 4768 παρεθείσι
1661 4717 1758 4752 κα-

247 4803 294 4835 ⁸⁹
319 4801 476 4874 ιίοίιη.
503 4808 696 4874 "1,18.
809 4810 854 4840 ⁶⁰
879 4809 1022 4864 Psal.
1058 4826 1097 4874 Ι.
1130 4811 1181 4864 5-

172 4889 270 4938 xtl,
291 4873 384 4928 42.

146 4991 160 5056 1
243 4985 357 5055 (6!)
381 4984 871 5057 Colb._hqnartus6
919 4986 1081 5049 αὑτός
1130 5001 1228 5055 pro
1273 4987 1478 5057 ὅμοιος.
1511 4987 1749 5043 Subinde

153 5053 323 5126 :ms's.
340 5053 587 5126 nonnulli
621 5055 906 5124 διακρίνει.

151 5124 162 5191 ξ
245 5124 360 5191 (62)
404 5124 518 5177 Non
572 5129 898 5179 conveniunt
942 5127 1083 5178 inter
1125 5141 1183 5179 se
1230 5142 1359 5179 mss.
1389 5127 1476 5180 hic
1499 5137 1553 5179 et
1582 5128 1743 5182 infra.

127 5177 506 5322 JAli‘ibabcnt
538 5195 631 5246 ἐπὶ
659 5177 740 5248 τόι
927 5197 1020 5248 ἐπὶ
1059 5177 1173 5265 τῷί
1194 5177 1748 5264 ΑΙὶίὟίίιῖιιιιιιιοηιέιιιιῖ

171 5265 335 5318 editis
388 5265 481 5317 ἐπὶ
517 5264 632 5318 τοῦ.
680 5265 882 5318 Ibidem
935 5267 1064 5318 editi
1112 5266 1538 5322 κατακρίνεσθαι
1589 5282 1603 5320 :
1656 5269 1748 5322 sed

171 5265 335 5318 editis
388 5265 481 5336 ἐπὶ
517 5264 632 5318 τοῦ.
680 5265 882 5318 Ibidem
935 5267 1064 5318 editi
1108 5264 1538 5336 κατακρίνεσθαι
1589 5282 1603 5320 :
1656 5269 1748 5322 scd

172 5351 332 5406 mss.,
362 5335 595 5406 simium
617 5336 879 5406 excipias,
916 5335 1289 5406 κατακρίνειν.

243 5405 359 5475 (65)
395 5403 486 5458 Sic
522 5403 690 5475 Δ(ΣυΙί).
732 5416 981 5474 quartus.
1031 5403 1190 5475 Deest
1215 5404 1295 5475 ib;
1335 5405 1577 5475 inmitis
1605 5416 1660 5460 ct
1697 5408 1747 5460 in

170 5473 294 5528 aliis
329 5473 459 5546 mss.
520 5473 687 5527 Paulo
743 5473 862 5541 post
898 5476 1064 5528 editio
1105 5474 1288 5546 Paris.
1310 5473 1697 5546 διεξητάζομεν
1735 5495 1745 5527 :

170 5547 266 5615 sed
306 5545 477 5612 major
516 5560 642 5612 pars
698 5561 825 5598 mss.
860 5561 966 5597 una
1001 5563 1120 5598 cum
1165 5545 1400 5598 editione
1435 5547 1599 5600 Basil.
1629 5546 1751 5615 ἑξη-

169 5613 425 5682 τάξομεν.

243 5684 360 5750 (64)
423 5683 600 5737 Monet
640 5685 1005 5755 peritissimus
1059 5687 1142 5738 vir
1199 5686 1424 5738 Πυθίους
1473 5684 1574 5751 logi
1607 5686 1745 5747 apud

168 5752 462 5824 Juretninm
511 5752 648 5814 sitv,
691 5756 750 5806 51
780 5797 793 5819 ,
865 5752 1106 5824 κρίνεται
1174 5756 1332 5816 αὐτὸς
1390 5755 1523 5824 πρὸς
1573 5757 1750 5806 πᾶσαν

174 5823 373 5890 σάρκα.
403 5823 537 5878 liinc
566 5825 836 5881 concludit
862 5826 945 5880 hic
989 5825 1215 5881 fortasse
1252 5823 1443 5880 melius
1496 5826 1593 5893 logi
1629 5825 1747 5891 κρί-

1289 4812 1328 4842 ⁶¹
1365 4810 1505 4865 Psal.
1546 4828 1730 4875 um,
1764 4814 1809 4866 l.

1859 4597 2183 4669 aequalibus,
2217 4595 2308 4666 qui
2338 4609 2518 4650 rerum
2543 4596 2806 4649 bonarum
2837 4595 3017 4650 studio
3055 4595 3432 4662 excellucrint,

1860 4693 1958 4745 hos
1995 4689 2129 4744 dicit
2158 4688 2227 4742 ob
2272 4701 2333 4741 ea
2380 4701 2498 4754 quae
2523 4686 2824 4742 omiserunt
2862 4701 3075 4756 poenam
3128 4687 3432 4757 graviorem

1919 4809 1962 4839 θ’
1985 4805 2126 4858 Psal.
2174 4818 2300 4866 xxv,
2336 4801 2386 4864 ί,
2418 4801 2472 4854 2.
2581 4801 2624 4830 ⁵³
2655 4799 2672 4853 1
2702 4800 2824 4855 Cor.
2869 4818 2944 4865 XI,
2974 4803 3061 4856 51.
3128 4809 3144 4831 ⁸
3170 4803 3214 4833 ⁸³⁸⁵
3243 4801 3429 4856 Matth.

1859 4987 2067 5040 νεςθαι.
2109 4986 2214 5038 Sed
2263 4987 2448 5053 religio
2493 4986 2648 5040 nobis
2692 4987 2790 5040 fuit
2835 4995 3036 5040 textum
3092 4994 3430 5042 commutare

1858 5068 2049 5127 mnqu
2071 5055 2226 5127 ﬁdem
2247 5057 2486 5109 omnium
2503 5071 2635 5111 mss.
2655 5058 2744 5124 qui
2764 5065 3077 5111 constanter
3092 5057 3293 5127 habent
3309 5073 3430 5127 κρι-

1859 5125 2140 5197 θήσεσθαι.
2172 5125 2442 5180 Fortassis
2476 5140 2580 5179 non
2621 5127 2800 5194 inepte
2828 5127 3050 5180 verbum
3070 5126 3277 5194 κρίνειν
3300 5125 3429 5195 pos-

1861 5200 1928 5251 sit
1959 5199 2058 5250 ilOC
2091 5197 2208 5250 loco
2263 5197 2406 5250 sumi
2433 5211 2531 5264 pro
2563 5211 2627 5250 eo
2668 5198 2809 5264 quod
2837 5206 2942 5257 est,
2970 5211 3300 5263 comparare,
3326 5197 3426 5249 hac.

1859 5266 2125 5320 sententia
2157 5285 2168 5320 :
2204 5266 2412 5318 Dictum
2437 5275 2511 5318 est
2531 5268 2718 5319 iterum
2754 5267 2866 5334 {ore
2910 5275 2966 5318 ut
3001 5265 3254 5318 Dominus
3285 5281 3424 5318 com-

1858 5349 2072 5403 paretur
2097 5337 2153 5388 in
2199 5335 2404 5404 judicio
2438 5351 2555 5388 cum
2586 5338 2728 5389 omni
2756 5333 2931 5390 carne.
2976 5335 3043 5388 Et
3073 5349 3202 5388 vero
3250 5333 3428 5388 Domi-

1860 5423 1962 5459 nus
1991 5408 2042 5458 in
2069 5406 2270 5471 judicio
2297 5421 2355 5460 se
2381 5406 2495 5473 ipse
2523 5405 2921 5473 quodammodo
2941 5407 3275 5471 comparabit
3299 5421 3420 5458 cum

1860 5477 2145 5528 creaturis.
2172 5474 2284 5529 Hoc
2308 5486 2392 5528 est
2421 5490 2434 5525 :
2477 5487 2742 5544 praecepta
2792 5491 2886 5528 sua
2915 5477 3251 5544 comparabit
3297 5490 3419 5527 eum

1861 5546 1926 5598 iis
1945 5561 2066 5613 qua:
2101 5546 2151 5596 in
2180 5560 2274 5597 sna
2300 5545 2530 5612 quisque
2547 5546 2665 5616 _\'ila
2691 5547 2940 5616 gesserit.

1929 5612 2042 5682 (65)
2091 5616 2177 5668 Sic
2215 5624 2322 5667 tres
2372 5629 2502 5668 mss.
2546 5612 2866 5668 Editi'vero
2913 5613 3215 5683 πρόσοιντο.
3265 5612 3416 5666 Colb.

1801 5693 1806 5698 “
1858 5696 2081 5751 quartus
2103 5684 2550 5753 npoo'rnatJicg.
2591 5695 2814 5750 quartus
2854 5684 3120 5753 πρόοιντο.
3169 5683 3280 5738 \"ox
3321 5684 3419 5735 αὑ-

1858 5757 1967 5816 τοῖς
1990 5757 2139 5807 dccst
2166 5758 2216 5806 in
2251 5754 2429 5817 editis,
2470 5757 2562 5807 sed
2597 5757 2862 5822 reperitur
2892 5759 2942 5805 in
2989 5754 3262 5820 mss.,_l\lox
3301 5770 3425 5806 vcr-

1858 5826 1921 5878 bn
1958 5824 2064 5891 illa,
2097 5827 2152 5878 ἐν
2188 5827 2251 5894 τῇ
2292 5824 2802 5893 xpisst,adje<'itntts
2830 5840 2892 5879 ex
2928 5824 3077 5879 Coll).
3105 5834 3327 5892 quarto-
