3850 6218
384 278 492 336 239

1709 275 1767 332 S.
1811 275 2058 330 BASILII
2091 276 2306 332 MAGNI

3559 272 3668 326 240

385 409 506 451 esse
538 393 783 450 daturos.
813 392 1066 449 Arbitror
1100 400 1281 448 autem
1305 407 1520 458 omnes,
1555 403 1821 464 quotquot
1853 395 1956 450 hoc

2072 395 2335 466 τάκρισιν.
2360 395 2525 463 Οιμαι
2553 394 2630 458 δὲ,
2672 395 2754 447 ὅτι
2789 392 2886 462 οὐχ
2909 391 3109 462 ὁμοίως
3141 391 3504 462 κριθήσονται
3529 392 3674 444 πάν-

387 493 651 541 terrestre
700 497 896 553 corpus
943 497 1220 551 recepere,
1265 484 1383 554 pari
1429 485 1586 538 modo
1609 487 1648 554 ζει
1685 487 1832 556 justo
1870 487 1960 541 illo

381 577 565 644 judice
606 589 712 628 non
757 589 878 630 csse
915 573 1263 642 iudicandos,
1306 575 1449 644 quod
1487 590 1607 644 qua:
1655 575 1958 631 forinsecus

387 665 680 732 unicuique
724 675 968 717 nostrum
1008 664 1282 728 accidunt,
1310 673 1491 732 utpote
1535 664 1691 730 longe
1718 665 1859 718 inter
1903 681 1961 718 se

384 757 633 818 diversa,
673 753 1099 824 uniuscujusque
1140 754 1406 824 judicium
1453 757 1662 809 varium
1701 755 1958 810 etliciant.

384 847 519 902 Nam
549 861 735 902 earum
782 862 961 903 rerum
1007 860 1326 911 concursus,
1371 863 1490 916 qua:
1533 849 1586 900 in
1632 859 1814 902 nostra
1855 863 1959 902 uoo

384 948 509 994 sunt
542 931 831 1006 potestate,
880 938 972 992 sed
1009 953 1108 993 nos
1139 939 1479 993 circumdant
1506 939 1589 994 vel
1626 941 1842 1005 invitos,
1871 950 1964 994 aut

384 1039 641 1100 aggravat
687 1038 906 1099 peccata
946 1040 1152 1093 nostra,
1198 1041 1290 1084 aut
1321 1030 1483 1086 ellicit
1521 1031 1744 1087 leviora.
1788 1031 1964 1086 Ponas

384 1121 527 1176 enim
574 1121 641 1176 de
681 1129 869 1191 stupro
909 1122 1038 1177 ferri
1069 1121 1350 1190 judicium.
1378 1124 1484 1178 Sed
1515 1125 1606 1191 qui
1658 1124 1706 1177 id
1749 1123 1966 1178 admisit

391 1213 621 1281 peccati,
660 1213 840 1282 pravis
882 1223 1000 1267 erat
1049 1213 1119 1267 ab
1155 1214 1308 1268 initio
1347 1215 1630 1269 institutus
1677 1215 1916 1269 moribus
1948 1233 1961 1268 :

389 1303 656 1374 siquidem
686 1319 752 1358 ex
781 1304 1072 1373 impudicis
1119 1305 1437 1374 parentibus
1489 1312 1650 1358 natus
1682 1301 1880 1366 fuerat,
1914 1317 1965 1358 et

387 1395 440 1449 in
457 1392 780 1465 ﬂagitiorum
803 1397 1190 1451 consuetudine
1208 1397 1495 1461 educatus,
1515 1396 1567 1448 in
1592 1395 1966 1460 ebrietatibus,

388 1486 439 1539 in
457 1487 962 1554 comessatiouibus,
999 1489 1049 1541 in
1077 1489 1327 1542 obscenis
1355 1489 1716 1543 sermonibus.
1741 1488 1964 1550 Contra,

389 1576 589 1646 aliquis
629 1578 768 1632 alius
814 1594 973 1647 quem
1012 1580 1243 1648 plurima
1295 1580 1360 1634 ad
1391 1579 1592 1648 optima
1625 1595 1854 1648 quaeque
1882 1593 1968 1633 se-

387 1671 582 1722 ctanda
630 1669 965 1736 invitabant,
1017 1671 1300 1736 educatio,
1355 1671 1620 1740 magistri,
1667 1671 1967 1726 diviniores

2059 500 2152 547 τες
2180 485 2230 536 οί
2264 485 2324 538 τὸ
2351 486 2538 554 γήῐνον
2576 484 2733 536 τοῦτο
2761 483 2919 554 σῶμα
2967 483 3322 544 ἀναλαϐόντες
3357 481 3521 549 παρά
3573 483 3668 535 τοῦ

2059 576 2269 629 δικαίου
2300 575 2510 647 κριτοῦ,
2541 576 2672 629 διότι
2699 575 2767 628 τά
2802 574 2998 639 ἔξωθεν
3025 574 3405 642 συμπίπτοντα
3441 573 3671 644 ἑκάστῳ

2061 668 2216 738 ἡμῶν
2250 669 2400 740 παρά
2430 667 2562 720 πολὺ
2590 667 2914 742 διαφέροντα
2942 666 3353 738 παραλλαγῆναι
3387 667 3546 716 ποιεῖ
3567 667 3667 733 τὴν

2063 760 2292 813 ἐκάστου
2317 759 2496 830 κρίσιν
2519 759 2648 829 (66).
2697 760 2766 811 ’Ἡ
2801 759 2908 829 γὰρ
2949 757 3168 828 βαρύνει
3201 759 3332 826 ἡμῖν
3366 755 3440 806 τὰ
3476 757 3669 825 ἀμαρ-

2063 852 2359 922 τήματα,ῆ
2398 852 2493 906 καὶ
2545 849 2792 919 κουφίζει
2849 853 2881 920 ἡ
2935 851 3043 902 τῶν
3091 849 3190 901 οὐκ
3225 849 3494 916 ἐφ’ἡμίν,
3550 847 3668 899 ἀλλ’

2064 943 2334 1005 ἀκουσίως
2360 943 2798 1014 περιϊσταμένων
2825 944 2968 1014 ἡμᾶς
2993 940 3280 1012 συνδρομή.
3311 938 3670 990 ’Υποκείσθω

2065 1035 2174 1105 γὰρ
2203 1036 2456 1106 πορνείαν
2515 1030 2654 1087 εἶναι
2700 1035 2760 1086 τὸ
2815 1034 3152 1104 κρινόμενον.
3203 1031 3360 1083 Ἀλλὰ
3399 1029 3614 1098 ταύτην
3643 1033 3670 1080 ο

2070 1129 2170 1197 μέν
2213 1146 2294 1190 τις
2346 1129 2586 1197 ἥμαρτε,
2643 1127 2903 1196 πονηροῖς
2935 1124 3091 1194 ἤθεσι
3116 1123 3175 1175 τὸ
3202 1121 3260 1186 ἐξ
3304 1122 3488 1192 ἀρχῆς
3517 1122 3670 1172 ἐντε-

2067 1219 2399 1289 θραμμένοςο
2443 1220 2536 1272 καὶ
2564 1219 2674 1289 γὰρ
2695 1218 2787 1270 καὶ
2827 1218 2930 1270 ὐπὸ
2956 1215 3156 1284 γονέων
3182 1214 3433 1281 ἀσελγῶν
3460 1215 3546 1274 είς
3576 1215 3670 1264 τὸν

2069 1308 2182 1377 βίον
2216 1308 2494 1379 παρήχθη,
2534 1308 2628 1360 καὶ
2664 1305 3040 1376 συνανετράφη
3079 1307 3145 1374 τῇ
3187 1305 3317 1373 περὶ
3351 1303 3426 1353 τὰ
3479 1301 3671 1368 φαῦλα

2072 1401 2344 1471 συνηθείᾳ,
2383 1401 2572 1470 μέθαις
2617 1400 2710 1452 καὶ
2735 1397 2942 1466 κώμοις
2990 1397 3083 1449 καὶ
3119 1397 3362 1465 αἰσχροῖς
3390 1393 3672 1461 διηγήμα-

2071 1508 2172 1544 σιν.
2220 1491 2412 1554 ’Λλλος
2463 1490 2520 1544 δέ
2553 1507 2656 1552 τις,
2713 1488 2884 1542 πολλά
2936 1488 3074 1556 ἔχων
3126 1485 3191 1538 τὰ
3233 1484 3672 1555 προκαλούμενα

2070 1581 2232 1633 αὐτὸν
2293 1581 2385 1632 ἐπὶ
2447 1579 2515 1632 τὰ
2562 1578 2843 1639 κάλλιστα,
2897 1575 3224 1646 ἀνατροφὴν,
3277 1573 3668 1634 διδασκάλους,

2073 1671 2335 1743 ἀκρόασιν
2358 1670 2528 1739 λόγων
2555 1671 2664 1741 (67)
2705 1669 3009 1738 θειοτέρων.
3054 1663 3458 1734 ἀναγνώσματα
3493 1666 3672 1732 σωτή-

387 1772 666 1813 sermones
708 1759 774 1812 ab
813 1774 878 1814 eo
911 1761 1104 1825 auditi,
1146 1761 1402 1815 lectiones
1434 1759 1721 1825 salutares,
1764 1761 1964 1816 monita

2075 1783 2185 1836 ρια,
2217 1765 2535 1833 νουθέτησιν
2582 1763 2798 1831 γονέων,
2843 1763 3154 1832 διηγήματα
3184 1760 3317 1830 πρὸς
3354 1759 3672 1828 σεμνότητα

387 1861 689 1919 parentum,
723 1851 990 1922 colloquia
1031 1856 1097 1906 ad
1127 1857 1448 1924 gravitatem
1481 1864 1534 1908 et
1561 1855 1627 1908 ad
1653 1855 1965 1924 pudicitiam

389 1941 759 2007 informantia,
798 1949 972 2000 victus
1019 1946 1330 2001 moderatus
1369 1964 1380 1999 :
1429 1946 1474 2000 is
1520 1946 1564 2000 si
1607 1946 1861 2014 deinceps
1903 1945 1957 1999 in

386 2034 563 2090 simile
606 2046 889 2106 peccatum
919 2046 1081 2106 atque
1133 2037 1272 2091 alius
1323 2037 1577 2107 delapsus
1628 2047 1732 2101 est,
1789 2051 1967 2090 n0nne

387 2127 510 2184 vita:
542 2139 774 2198 peractae
809 2130 1073 2184 rationem
1109 2129 1437 2193 redditurus,
1471 2143 1660 2196 paanas
1689 2128 1968 2197 graviores

386 2236 549 2291 quam
577 2222 713 2277 alter
735 2221 855 2292 jure
888 2222 1094 2290 optimo
1121 2220 1304 2275 dabit?
1339 2218 1430 2274 llle
1460 2221 1603 2274 enim
1635 2221 1700 2275 ob
1726 2222 1776 2273 id
1795 2219 1966 2273 solum

386 2315 752 2378 accusabitur,
779 2315 919 2382 quod
980 2313 1309 2366 salutaribus
1368 2312 1622 2366 subsidiis
1671 2313 1854 2364 animo
1885 2311 1968 2364 in-

386 2406 589 2474 spersis
624 2415 770 2461 recte
821 2420 954 2462 usus
990 2421 1096 2459 non
1133 2405 1206 2459 sit
1240 2422 1252 2456 :
1302 2405 1389 2458 hic
1421 2420 1547 2459 vero
1578 2416 1862 2473 praeterea,
1899 2405 1968 2457 ob

387 2497 441 2555 id
465 2497 652 2562 etiam,
685 2498 828 2567 quod
860 2497 1026 2553 multa
1058 2497 1122 2550 ad
1154 2496 1383 2552 salutem
1413 2497 1721 2565 adjumcuta
1751 2506 1963 2556 nactus,

387 2597 606 2659 propter
659 2588 1130 2656 intemperantiam
1196 2599 1253 2642 et
1318 2588 1576 2656 temporis
1655 2588 1966 2641 brevissimi

391 2679 655 2734 incuriam
683 2693 741 2733 se
769 2679 882 2746 ipse
924 2679 1242 2746 prodiderit.
1269 2677 1532 2733 Similiter
1564 2689 1744 2730 autem
1782 2690 1836 2731 et
1869 2679 1963 2746 qui

390 2771 458 2826 ab
519 2770 672 2824 initio
745 2771 796 2822 in
854 2771 1054 2838 pietate
1120 2769 1222 2822 luit
1290 2770 1588 2834 institutus,
1644 2785 1968 2838 omnemque

390 2862 441 2914 in
508 2859 602 2914 Dei
667 2861 936 2928 dogmatis
1014 2861 1206 2914 vitavit
1249 2861 1705 2929 perversitatem,
1776 2872 1829 2914 et
1873 2863 1966 2930 qui

387 2951 770 3008 enutritus-est
801 2951 852 3005 in
890 2949 980 3006 Dei
1008 2950 1143 3020 lege,
1177 2965 1479 3020 quaeomne
1523 2960 1741 3005 accusat
1771 2966 1964 3018 pecca-

391 3057 525 3110 tum,
570 3053 650 3097 et.
684 3043 750 3096 ad
810 3043 1078 3097 contraria
1131 3053 1390 3112 provocat
1419 3081 1434 3106 ,
1483 3042 1529 3097 is
1582 3059 1687 3097 non
1734 3043 1963 3098 similem

391 3137 607 3191 habebit
645 3136 965 3191 idololatriae
1003 3138 1432 3199 excusationem,
1461 3146 1623 3206 atque
1672 3136 1781 3202 ille,
1811 3139 1899 3204 qui
1933 3154 1961 3191 a

391 3228 703 3295 parentibus
754 3226 1038 3295 exlegibus
1071 3227 1333 3280 educatus
1387 3234 1492 3290 est,
1528 3237 1583 3279 et
1632 3242 1660 3278 a
1713 3229 1965 3295 gentibus

391 3318 749 3373 idololatriam
815 3319 883 3370 ab
953 3317 1180 3372 exordio
1241 3316 1343 3371 fuit
1409 3318 1656 3372 edoctus.
1711 3318 1965 3372 Dominus

383 3411 647 3480 judicabit
685 3411 926 3480 populos.
969 3409 1140 3463 Aliter
1180 3409 1448 3473 Judaaum,
1491 3411 1651 3464 aliter
1681 3410 1962 3483 Scytham.

392 3503 481 3557 Ille
512 3504 656 3557 enim
682 3504 736 3556 in
772 3503 887 3572 lege
921 3504 1217 3572 acquiescit
1255 3511 1310 3558 et
1349 3505 1400 3556 in
1430 3504 1538 3558 Deo
1576 3505 1864 3575 gloriatur,
1903 3520 1968 3559 ac

388 3595 583 3669 probat
608 3593 853 3649 meliora.
874 3593 1007 3649 Cum
1033 3595 1176 3649 enim
1209 3611 1275 3648 ex
1303 3595 1423 3664 lege
1453 3597 1525 3651 sit
1553 3596 1877 3659 instructus,
1905 3612 1968 3650 ac

402 3700 602 3760 praeter
633 3707 946 3746 communes
1000 3692 1245 3745 notiones
1294 3693 1609 3761 prophetica
1660 3702 1717 3748 et
1774 3693 1966 3763 legalia

396 3784 595 3852 scripta
656 3785 702 3837 ei
747 3798 961 3853 semper
1005 3795 1331 3849 cantentur,
1391 3786 1691 3855 eademque
1744 3787 1812 3840 ab
1847 3786 1968 3855 ipso

398 3874 736 3938 ediscantur,
765 3877 808 3929 si
841 3876 1113 3946 quidpiam
1155 3889 1350 3946 praeter
1374 3877 1462 3946 jus
1507 3878 1792 3934 admisisse
1820 3879 1968 3932 inve-

391 3969 593 4034 niatur,
659 3968 917 4036 imputata
967 3969 1069 4023 sibi
1125 3979 1346 4038 peccata
1404 3971 1749 4026 habebuntur
1813 3971 1968 4041 longe

393 4056 660 4126 graviora.
695 4056 768 4108 At
803 4054 1017 4126 Scytha:
1045 4056 1314 4113 Nomades
1357 4059 1659 4128 agrestibus
1708 4069 1764 4113 et
1820 4061 1969 4114 inhu-

392 4147 570 4200 manis
599 4147 811 4200 educati
838 4148 1097 4214 moribus,
1120 4150 1322 4219 rapinis
1337 4161 1390 4205 et
1412 4151 1756 4205 contumeliis
1772 4153 1970 4206 mutuis

392 4235 616 4300 assueti,
663 4235 757 4290 ira;
789 4237 1245 4306 impotentissimi,
1285 4251 1338 4294 et
1372 4240 1424 4294 in
1469 4257 1528 4296 se
1554 4241 1786 4296 invicem
1820 4242 1970 4296 facil-

393 4328 520 4382 lime
549 4328 828 4382 iracundia
858 4327 1291 4395 effervescentes,
1323 4332 1469 4387 soliti
1501 4347 1715 4388 omnem
1746 4344 1968 4388 centen-

2073 1859 2166 1911 καὶ
2202 1857 2554 1926 σωφροσύνην
2583 1856 2874 1918 τυποῦντα,
2934 1855 3140 1906 δίαιταν
3188 1851 3667 1920 κατεσταλμένην,

2070 1945 2186 2002 εἶτα
2223 1947 2540 2017 ὑπενεχθεὶς
2571 1949 2650 2010 εἰς
2679 1947 2776 2016 τὴν
2811 1947 3002 2016 ὁμοίαν
3035 1943 3309 2013 ἁμαρτίαν
3347 1942 3428 2010 τῷ
3468 1941 3669 2010 ἑτέρῳ,

2058 2036 2164 2093 ’καὶ
2191 2039 2365 2102 διδοὺς
2398 2040 2554 2106 λόγον
2580 2038 2688 2089 τῶν
2725 2037 3091 2107 βεϐιωμένων,
3132 2036 3250 2098 πῶς
3278 2036 3406 2103 οὐχὶ
3432 2032 3670 2104 βαρυτὲ-

2074 2149 2171 2201 ρας
2201 2129 2352 2202 παρᾶ
2398 2132 2489 2183 τὸν
2541 2131 2730 2201 ἕτερον
2763 2131 2790 2181 ό
2840 2129 3080 2191 τοιοῦτος
3129 2129 3349 2189 δικαίως
3388 2127 3668 2196 τιμωρίας

2070 2224 2464 2294 ἀξιωθήσεται;
2515 2223 2571 2276 '0
2619 2224 2714 2293 μὲν
2765 2222 2874 2290 γὰρ
2902 2221 3300 2290 ἐγκληθήσεται
3335 2219 3433 2271 ἐπὶ
3474 2221 3666 2287 μόναις

2069 2322 2185 2381 ταῖς
2218 2317 2768 2387 ὲγκατεσπαρμέναις
2807 2315 2946 2368 κατὰ
2973 2315 3071 2378 τάς
3107 2313 3314 2375 ἐννοίας
3369 2310 3668 2382 σωτηρίας

2069 2410 2363 2478 ἀφορμαῖς,
2396 2408 2471 2470 ὡς
2489 2408 2549 2459 οὐ
2576 2407 2920 2478 χρησάμενος
2946 2406 3136 2468 αὐταῖς
3165 2404 3354 2472 ὑγιῶς·
3381 2404 3410 2453 ὁ
3436 2403 3496 2455 δὲ
3532 2401 3665 2472 πρὸς

2068 2500 2242 2570 τούτῳ
2278 2501 2372 2552 καὶ
2419 2500 2494 2562 ὡς
2529 2499 2728 2566 πολλῆς
2754 2497 2930 2567 τυχὼν
2966 2499 3045 2560 είς
3093 2497 3152 2548 τὸ
3197 2494 3438 2563 σωθῆναι
3481 2511 3666 2562 συνερ-

2068 2591 2244 2658 γείας,
2284 2591 2378 2644 καὶ
2407 2591 2472 2643 δι’
2501 2589 2770 2660 ἀκρασίαν
2804 2591 2896 2641 καὶ
2912 2588 3009 2658 τὴν
3041 2589 3098 2639 ὲν
3132 2585 3461 2656 βραχυτάτῳ
3489 2582 3667 2652 καιρῷ

2069 2683 2396 2754 ἀπροσεξίαν
2426 2680 2775 2753 προδεδωκὼς
2806 2680 3016 2732 ἑαυτόν.
3050 2678 3277 2747 Ὁμοίως
3304 2677 3364 2728 δὲ
3402 2677 3504 2728 καὶ
3533 2679 3561 2728 ό
3591 2679 3668 2728 ὲν-

2066 2776 2396 2846 τρεφόμενος
2414 2774 2650 2844 ἀρχῆθεν
2683 2776 2749 2843 τῇ
2773 2772 3044 2842 εὐσεϐείᾳ,
3077 2771 3171 2823 καὶ
3200 2771 3382 2822 πᾶσαν
3410 2768 3667 2836 διαστρο-

2069 2865 2174 2934 φὴν
2208 2863 2461 2932 ἐκφυγὼν
2490 2865 2546 2914 ὲν
2581 2864 2695 2923 τοῖς
2736 2861 2863 2930 περὶ
2911 2861 3047 2912 Θεοῦ
3082 2859 3364 2928 δόγμασιν,
3403 2857 3666 2928 ἐντρεφό-

2073 2972 2233 3025 μενος
2264 2955 2319 3008 δὲ
2347 2955 2438 3006 καὶ
2463 2955 2611 3023 νόμῳ
2639 2952 2772 3004 Θεοῦ
2807 2951 3142 3009 διαϐάλλοντι
3174 2952 3353 3001 πᾶσαν
3382 2950 3666 3018 ἁμαρτίαν

2070 3048 2164 3100 καὶ
2190 3045 2617 3117 προκαλουμένῳ
2647 3046 2738 3097 ἐπὶ
2786 3045 2853 3097 τὰ
2886 3043 3123 3105 ὲναντία,
3174 3043 3271 3111 οὐχ
3309 3041 3512 3111 ὁμοίαν
3556 3042 3664 3104 ἕξει

2069 3139 2509 3209 είδωλολατρείας
2543 3136 2840 3203 ἀπολογίαν
2882 3135 2958 3205 τῷ
2997 3135 3106 3188 ἀπὸ
3143 3133 3395 3202 πατέρων
3442 3133 3664 3201 ἀνόμων

2069 3229 2559 3297 ἀνατεθραμμένῳ,
2595 3226 2690 3279 κα).
2727 3225 2894 3278 ἐθνῶν
2944 3223 3184 3294 ἀρχῆθεν
3224 3222 3335 3290 (68)
3373 3221 3665 3273 εἰδωλολα-

2069 3323 2216 3392 τρεῖν
2241 3319 2660 3389 δεδιδαγμένων.
2710 3319 2926 3384 Κύριος
2971 3314 3166 3382 κρινεῖ
3194 3316 3406 3378 λαούς.
3452 3313 3665 3375 Ἀλλως

2068 3412 2159 3464 τὸν
2223 3410 2492 3471 Ἰουδαῖον,
2529 3410 2623 3462 καὶ
2675 3407 2848 3470 ἄλλως
2884 3406 2974 3458 τὸν
3021 3404 3254 3474 Σκύθην.
3293 3405 3352 3455 ὐ
3391 3404 3495 3472 μὲν
3559 3403 3667 3472 γὰρ

2071 3500 2480 3555 ἐπαναπαύεται
2507 3501 2678 3570 νόμῳ,
2703 3499 2796 3550 καὶ
2830 3497 3098 3566 καυχᾶται
3132 3497 3188 3546 ἐν
3210 3494 3351 3563 Θεῷ,
3391 3494 3488 3546 καὶ
3522 3493 3667 3545 δοκι-

2075 3591 2234 3663 μάζει
2266 3593 2330 3645 τα
2364 3593 2707 3660 διαφέροντα.
2759 3590 3178 3658 Κατηχουμενος
3212 3588 3287 3638 ὢν
3323 3589 3390 3638 ὲκ
3426 3586 3527 3638 τοῦ
3576 3587 3664 3638 νό-

2075 3701 2198 3753 μου,
2231 3682 2325 3734 κα).
2357 3681 2492 3752 πρὸς
2517 3683 2633 3742 ταῖς
2669 3682 2870 3740 κοιναῖς
2900 3679 2986 3730 ἀεὶ
3016 3675 3244 3737 ἐννοίαις
3279 3674 3665 3742 κατεπᾳῶμε-

2071 3792 2178 3838 νος,
2233 3776 2326 3828 καὶ
2371 3772 2759 3842 παιδευόμενος
2809 3773 2876 3824 τὰ
2942 3768 3252 3839 προφητικά
3309 3767 3404 3819 καὶ
3460 3766 3668 3836 νομικὰ

2069 3869 2394 3939 γράμματα,
2427 3868 2521 3920 ἐὰν
2571 3865 2766 3937 εὐρεθῇ
2798 3866 3030 3927 πταίσας
3086 3861 3444 3933 παρανόμως,
3479 3859 3668 3928 πολλῴ

2074 3957 2348 4029 βαρύτερα
2379 3956 2487 4020 ἕξει
2516 3955 2872 4025 λελογισμένοι
2917 3955 2986 4006 τὰ
3023 3955 3415 4024 ἁμαρτήματα.
3453 3949 3668 4003 Σκύθαι

2071 4050 2124 4101 δὲ
2161 4048 2428 4117 Νομάδες,
2462 4046 2760 4116 ἀνημέροις
2786 4046 2880 4097 καὶ
2909 4041 3294 4112 ἀπανθρώποις
3325 4040 3668 4110 συντραφέν-

2069 4157 2159 4204 τες
2190 4139 2399 4210 ἡθεσιν,
2447 4140 2730 4211 ἁρπαγαῖς
2777 4138 2870 4190 καὶ
2903 4138 3043 4206 βίαις
3098 4138 3214 4198 ταῖς
3261 4134 3381 4186 κατ’
3414 4132 3668 4202 ἀλλήλων

2071 4231 2430 4301 ὲνειθισμένοι
2463 4230 2599 4299 (69),
2647 4228 2904 4299 ἀκρατῶς
2951 4229 3048 4298 μὲν
3081 4227 3295 4297 ἔχοντες
3329 4223 3536 4292 θυμοῦ,
3572 4224 3668 4276 καὶ

2071 4320 2304 4382 εὐκόλως
2325 4321 2402 4382 εἰς
2429 4321 2554 4382 τοὺς
2581 4321 2699 4371 κατ’
2733 4319 2976 4388 ἀλλήλων
3003 4317 3382 4387 παροξυσμοὺς
3413 4313 3667 4384 ἐρεθιζό-

394 4420 596 4474 tionem
627 4419 772 4476 ferro
805 4422 1082 4488 dirimere,
1135 4424 1504 4494 sanguineque
1560 4425 1747 4494 praelia
1808 4425 1964 4479 ﬁnire

2073 4429 2246 4481 μενοι,
2289 4413 2467 4463 πᾶσαν
2515 4411 2572 4463 δὲ
2600 4410 2934 4479 φιλονεικίαν
2985 4410 3192 4478 σιδήρῳ
3232 4407 3443 4477 κρίνειν
3489 4422 3664 4457 συνει-

389 4511 588 4576 edocti,
641 4514 684 4568 si
741 4529 903 4583 quam
956 4516 1342 4569 humanitatem
1395 4525 1488 4570 aut
1532 4517 1827 4570 bonitatem
1863 4517 1965 4569 sibi

398 4604 632 4660 invicem
687 4606 1064 4672 ostenderint,
1119 4622 1214 4674 per
1258 4608 1516 4676 praeclara
1567 4623 1664 4662 sua
1720 4608 1964 4663 facinora

388 4698 681 4757 vindictam
739 4699 1070 4754 acerbiorem
1127 4699 1281 4754 nobis
1335 4708 1550 4769 parant.
1600 4699 1798 4754 Judica
1851 4717 1963 4767 me,

393 4788 632 4855 Domine,
690 4791 976 4844 secundum
1041 4790 1309 4859 justitiam
1357 4807 1548 4854 meum,
1603 4803 1650 4844 et
1679 4792 1960 4844 secundum

389 4882 745 4934 innocentiam
812 4898 982 4934 meam
1047 4899 1201 4950 super
1251 4898 1353 4936 me.
1387 4881 1512 4936 lime
1553 4886 1716 4935 verba
1748 4883 1962 4949 superbi

391 4970 615 5040 aliquid.
646 4981 697 5026 et
721 4975 862 5041 quod
889 4973 1184 5042 precationi
1224 4972 1480 5027 Pharisaei
1505 4988 1623 5026 sese
1655 4973 1966 5027 cxtollentis

393 5063 628 5116 assimile
666 5062 758 5128 sit,
789 5063 1112 5118 videbuntur
1164 5065 1363 5118 habere
1400 5083 1411 5118 :
1447 5073 1680 5116 attamen
1737 5063 1966 5116 candide

394 5152 928 5222 intuenti,Pr0pheta
943 5156 1010 5208 ab
1042 5156 1143 5209 hoc
1165 5157 1344 5208 animo
1373 5155 1554 5222 procul
1590 5153 1745 5224 103
1777 5155 1965 5207 abesse

390 5245 740 5312 judicabitur.
790 5247 985 5298 Judica
1023 5262 1123 5316 me,
1163 5245 1401 5311 Domine,
1443 5247 1636 5313 inquit,
1678 5246 1961 5299 secundum

466 5407 576 5475 (66)
603 5407 737 5472 Reg.
769 5405 957 5477 tertius
986 5405 1146 5459 habet
1169 5405 1392 5477 γνώμην
1416 5421 1513 5473 pro
1529 5407 1729 5477 κρίσιν.
1760 5407 1962 5462 Ibidem

395 5477 446 5528 in
470 5479 656 5528 eodem
688 5478 874 5530 codice
906 5476 1097 5544 legitur
1123 5475 1281 5544 ἡμῶν
1306 5475 1393 5528 τά.

397 5546 576 5622 ..(67)
605 5544 734 5613 Reg.
757 5545 961 5622 .tertius
1005 5545 1270 5615 ἀκρόασιν
1307 5545 1522 5612 λογίων.
1565 5546 1756 5600 Statim
1790 5547 1957 5602 codex

396 5614 532 5665 idem
563 5613 859 5682 σωτηρίας.
1083 5613 1092 5615 ἡ

468 5683 578 5750 (68)
608 5682 754 5737 Colb.
783 5694 1006 5752 quartus
1044 5684 1212 5738 ἐθνῶν
1249 5684 1306 5749 ἐξ
1340 5685 1530 5755 ἀρχῆς.
1567 5686 1766 5742 l'bltiClll
1795 5686 1957 5740 ('tlitiu

2073 4501 2335 4571 θισμένοι,
2367 4501 2462 4552 καὶ
2504 4501 2697 4570 αἵματι
2744 4500 2844 4562 τὰς
2879 4499 3054 4570 μάχας
3091 4499 3234 4551 λύειν
3264 4498 3663 4570 δεδιδαγμένοι,

2073 4594 2166 4648 ἐάν
2198 4612 2248 4646 τι
2279 4592 2416 4662 πρὸς
2444 4593 2709 4662 ἀλλήλους
2736 4592 3118 4662 φιλάνθρωπον
3156 4591 3250 4644 καὶ
3277 4591 3519 4661 χρηστὸν
3553 4593 3660 4642 ἐπι-

2069 4685 2367 4750 δείξωνται,
2393 4687 2525 4756 ἡμῖν
2550 4684 2855 4754 βαρυτέραν
2885 4683 2972 4736 διὰ
2995 4682 3100 4736 τῶν
3127 4683 3268 4736 ἰδίων
3295 4682 3659 4752 κατορθωμά-

2071 4795 2176 4830 των
2204 4778 2302 4847 τὴν
2331 4777 2599 4846 τιμωρίαν
2641 4775 3137 4845 παρασκευάζουσι.
3178 4773 3400 4842 Κρῖνίν
3420 4790 3522 4841 με,
3557 4774 3652 4826 Kr}

2059 4885 2174 4934 ριε,
2208 4866 2355 4918 κατὰ
2396 4864 2510 4932 τὴν
2550 4865 2948 4929 δικαιοσύνην
2999 4881 3141 4930 μου,
3188 4863 3284 4916 καὶ
3335 4863 3488 4915 κατὰ
3547 4863 3655 4929 τὴν

2067 4959 2325 5012 ἀκακίαν
2352 4977 2472 5026 μου
2505 4959 2596 5010 ἐπ’
2645 4959 2794 5026 ἐμοί.
2830 4957 2980 5022 Δόξει
3022 4975 3072 5009 τι
3099 4961 3126 5010 ό
3152 4957 3305 5024 λόγος
3333 4957 3640 5019 ἀλαζονικὸ-

2072 5049 2215 5117 ἕχειν
2254 5048 2348 5099 καὶ
2375 5047 2754 5117 παραπλήσιον
2781 5049 2844 5116 τῇ
2877 5047 3008 5115 εὐχῇ
3044 5046 3136 5098 τοῦ
3168 5042 3430 5114 ὐψοῦντος
3465 5045 3636 5096 ἑαυτὸ·

2069 5138 2382 5210 Φαρισαίουο
2419 5139 2774 5208 εὐγνωμόνως
2813 5137 2870 5189 δὲ
2911 5137 3195 5190 σκοποῦντι
3238 5135 3456 5206 μακρὰν
3485 5137 3621 5203 γενή

2071 5247 2221 5285 σεται
2246 5233 2345 5301 τῆς
2371 5231 2626 5299 τοιαύτης
2677 5228 2967 5292 διαθέσεως
3019 5231 3047 5282 ὁ
3093 5232 3397 5300 προφήτης.
3435 5226 3635 5294 Ιψῖνόι

2073 5407 2243 5461 Paris.
2272 5405 2690 5473 δεδιδαγμένων.
2718 5405 2893 5456 Ειιίιίο
2917 5403 3080 5454 Basil.
3101 5419 3218 5455 cum
3245 5401 3431 5468 Regiis
3452 5402 3647 5470 primo,

2071 5479 2305 5531 secundo
2371 5485 2424 5529 et
2490 5486 2684 5538 quarto
2742 5473 3126 5542 δεδιδαγμένῳ.
3191 5473 3433 5542 Subinde
3516 5489 3646 5542 mss.

2069 5563 2255 5598 omnes
2293 5537 2700 5613 κατηχούμενος
2744 5543 2839 5596 ὧν.
2881 5537 3019 5594 Editi
3068 5537 3473 5613 κατηχούμενος
3525 5537 3644 5613 (οὖν.

2139 5616 2249 5680 ((59)
2301 5612 2476 5668 Etlitio
2529 5612 2698 5667 Paris.
2727 5613 3031 5683 ὴθισμένοι.
3082 5613 3256 5667 I‘Itlilio
3316 5612 3479 5665 Basil.
3518 5612 3645 5683 ἐνη-

2068 5685 2330 5758 θισμὲνοι.
2362 5685 2428 5743 At
2459 5701 2586 5740 mss.
2620 5695 2725 5738 tl'es
2753 5682 3131 5753 ἐνειθισμένοι.
