  <div class='ocr_page' id='page_1' title='image "/cluster/home/n/w/nwhite01/storage/ocr_20150623/29/nnc1.0046978755/576.png"; bbox 0 0 3850 6218; ppageno 0'>
   <div class='ocr_carea' id='block_1_1' title="bbox 167 305 284 364">
    <p class='ocr_par' dir='ltr' id='par_1_1' title="bbox 167 305 284 364">
     <span class='ocr_line' id='line_1_1' title="bbox 167 305 284 364; baseline 0.034 -3"><span class='ocrx_word' id='word_1_1' title='bbox 167 305 284 364; x_wconf 70' lang='lat' dir='ltr'><strong>2M</strong></span> 
     </span>
    </p>
   </div>
   <div class='ocr_carea' id='block_1_2' title="bbox 1400 309 2302 370">
    <p class='ocr_par' dir='ltr' id='par_1_2' title="bbox 1400 309 2302 370">
     <span class='ocr_line' id='line_1_2' title="bbox 1400 309 2302 370; baseline 0.008 -8"><span class='ocrx_word' id='word_1_2' title='bbox 1400 309 1688 366; x_wconf 80' lang='lat' dir='ltr'><strong>HOMILIA</strong></span> <span class='ocrx_word' id='word_1_3' title='bbox 1731 313 1798 368; x_wconf 87' lang='lat' dir='ltr'><strong>IN</strong></span> <span class='ocrx_word' id='word_1_4' title='bbox 1832 313 2164 370; x_wconf 83' lang='lat' dir='ltr'><strong>PSALMUM</strong></span> <span class='ocrx_word' id='word_1_5' title='bbox 2190 315 2302 370; x_wconf 84' lang='lat' dir='ltr'><strong>Vll.</strong></span> 
     </span>
    </p>
   </div>
   <div class='ocr_carea' id='block_1_3' title="bbox 3343 321 3444 380">
    <p class='ocr_par' dir='ltr' id='par_1_3' title="bbox 3343 321 3444 380">
     <span class='ocr_line' id='line_1_3' title="bbox 3343 321 3444 380; baseline 0.059 -7"><span class='ocrx_word' id='word_1_6' title='bbox 3343 321 3444 380; x_wconf 65' lang='lat'><strong>245&#39;</strong></span> 
     </span>
    </p>
   </div>
   <div class='ocr_carea' id='block_1_4' title="bbox 157 403 1746 502">
    <p class='ocr_par' dir='ltr' id='par_1_4' title="bbox 157 403 1744 492">
     <span class='ocr_line' id='line_1_4' title="bbox 157 403 1744 492; baseline 0.004 -20"><span class='ocrx_word' id='word_1_7' title='bbox 157 435 270 489; x_wconf 78' lang='grc' dir='ltr'><strong>με,</strong></span> <span class='ocrx_word' id='word_1_8' title='bbox 295 421 500 486; x_wconf 77' lang='grc' dir='ltr'>Κύριε,</span> <span class='ocrx_word' id='word_1_9' title='bbox 537 419 690 490; x_wconf 71' lang='grc' dir='ltr'>φησὶ,</span> <span class='ocrx_word' id='word_1_10' title='bbox 730 419 884 474; x_wconf 79' lang='grc' dir='ltr'><strong>κατά</strong></span> <span class='ocrx_word' id='word_1_11' title='bbox 911 419 1026 488; x_wconf 77' lang='grc' dir='ltr'><strong>τὴν</strong></span> <span class='ocrx_word' id='word_1_12' title='bbox 1072 423 1470 491; x_wconf 80' lang='grc' dir='ltr'>δικαιοσύνην</span> <span class='ocrx_word' id='word_1_13' title='bbox 1500 403 1641 492; x_wconf 78' lang='grc' dir='ltr'>μου.</span> <span class='ocrx_word' id='word_1_14' title='bbox 1667 426 1744 478; x_wconf 82' lang='lat' dir='ltr'><strong>Ilo</strong></span> 
     </span>
    </p>
   </div>
   <div class='ocr_carea' id='block_1_5' title="bbox 1862 403 3443 502">
    <p class='ocr_par' dir='ltr' id='par_1_5' title="bbox 1872 427 3443 502">
     <span class='ocr_line' id='line_1_5' title="bbox 1872 427 3443 502; baseline 0.008 -22"><span class='ocrx_word' id='word_1_15' title='bbox 1872 427 2143 498; x_wconf 77' lang='lat' dir='ltr'><strong>justitiam</strong></span> <span class='ocrx_word' id='word_1_16' title='bbox 2178 445 2365 482; x_wconf 80' lang='lat' dir='ltr'><strong>meam.</strong></span> <span class='ocrx_word' id='word_1_17' title='bbox 2404 428 2678 498; x_wconf 78' lang='lat' dir='ltr'><strong>Muitiplex</strong></span> <span class='ocrx_word' id='word_1_18' title='bbox 2731 437 2848 498; x_wconf 91' lang='lat' dir='ltr'><strong>est,</strong></span> <span class='ocrx_word' id='word_1_19' title='bbox 2903 431 3096 502; x_wconf 87' lang='lat' dir='ltr'><strong>inquit,</strong></span> <span class='ocrx_word' id='word_1_20' title='bbox 3135 433 3201 488; x_wconf 87' lang='lat' dir='ltr'><strong>de</strong></span> <span class='ocrx_word' id='word_1_21' title='bbox 3234 432 3443 502; x_wconf 86' lang='lat' dir='ltr'><strong>justitia</strong></span> 
     </span>
    </p>
   </div>
   <div class='ocr_carea' id='block_1_6' title="bbox 160 509 1774 586">
    <p class='ocr_par' dir='ltr' id='par_1_6' title="bbox 160 509 1774 586">
     <span class='ocr_line' id='line_1_6' title="bbox 160 509 1774 586; baseline 0.002 -22"><span class='ocrx_word' id='word_1_22' title='bbox 160 509 296 575; x_wconf 77' lang='grc' dir='ltr'>λὺς,</span> <span class='ocrx_word' id='word_1_23' title='bbox 326 512 510 582; x_wconf 76' lang='grc' dir='ltr'>φησὶν,</span> <span class='ocrx_word' id='word_1_24' title='bbox 537 512 684 564; x_wconf 76' lang='grc' dir='ltr'>ἐστὶν</span> <span class='ocrx_word' id='word_1_25' title='bbox 721 512 750 566; x_wconf 85' lang='grc' dir='ltr'>ὁ</span> <span class='ocrx_word' id='word_1_26' title='bbox 787 512 1034 584; x_wconf 70' lang='grc' dir='ltr'>περὶτῆς</span> <span class='ocrx_word' id='word_1_27' title='bbox 1067 513 1414 586; x_wconf 79' lang='grc' dir='ltr'><strong>δικαιοσύνης</strong></span> <span class='ocrx_word' id='word_1_28' title='bbox 1448 513 1625 582; x_wconf 84' lang='grc' dir='ltr'><strong>λόγος,</strong></span> <span class='ocrx_word' id='word_1_29' title='bbox 1679 517 1774 570; x_wconf 81' lang='grc' dir='ltr'><strong>καὶ</strong></span> 
     </span>
    </p>
   </div>
   <div class='ocr_carea' id='block_1_7' title="bbox 161 601 1772 674">
    <p class='ocr_par' dir='ltr' id='par_1_7' title="bbox 161 601 1772 674">
     <span class='ocr_line' id='line_1_7' title="bbox 161 601 1772 674; baseline 0.001 -18"><span class='ocrx_word' id='word_1_30' title='bbox 161 601 481 671; x_wconf 73' lang='grc' dir='ltr'><strong>δυσέφικτα</strong></span> <span class='ocrx_word' id='word_1_31' title='bbox 514 603 611 672; x_wconf 79' lang='grc' dir='ltr'><strong>τῆς</strong></span> <span class='ocrx_word' id='word_1_32' title='bbox 641 602 852 666; x_wconf 84' lang='grc' dir='ltr'><strong>τελείας</strong></span> <span class='ocrx_word' id='word_1_33' title='bbox 881 603 1224 674; x_wconf 77' lang='grc' dir='ltr'>δικαιοσύνης</span> <span class='ocrx_word' id='word_1_34' title='bbox 1254 605 1320 656; x_wconf 76' lang='grc' dir='ltr'>τὰ</span> <span class='ocrx_word' id='word_1_35' title='bbox 1351 605 1582 674; x_wconf 85' lang='grc' dir='ltr'>πέρατα.</span> <span class='ocrx_word' id='word_1_36' title='bbox 1615 606 1772 658; x_wconf 85' lang='grc' dir='ltr'>Ἔστι</span> 
     </span>
    </p>
   </div>
   <div class='ocr_carea' id='block_1_8' title="bbox 161 695 1770 778">
    <p class='ocr_par' dir='ltr' id='par_1_8' title="bbox 161 695 1770 778">
     <span class='ocr_line' id='line_1_8' title="bbox 161 695 1770 778; baseline 0.002 -31"><span class='ocrx_word' id='word_1_37' title='bbox 161 695 286 766; x_wconf 80' lang='grc' dir='ltr'>γάρ</span> <span class='ocrx_word' id='word_1_38' title='bbox 307 706 353 747; x_wconf 67' lang='grc' dir='ltr'><strong>τιε</strong></span> <span class='ocrx_word' id='word_1_39' title='bbox 369 729 390 758; x_wconf 80' lang='grc'>-,</span> <span class='ocrx_word' id='word_1_40' title='bbox 412 695 508 747; x_wconf 75' lang='grc' dir='ltr'>καὶ</span> <span class='ocrx_word' id='word_1_41' title='bbox 533 695 780 763; x_wconf 76' lang='grc' dir='ltr'>ἀγγέλων</span> <span class='ocrx_word' id='word_1_42' title='bbox 808 695 1120 767; x_wconf 82' lang='grc' dir='ltr'>δικαιοσύνη</span> <span class='ocrx_word' id='word_1_43' title='bbox 1139 697 1652 778; x_wconf 77' lang='grc' dir='ltr'>ύπεραναὸεϐηκυῖα</span> <span class='ocrx_word' id='word_1_44' title='bbox 1672 698 1770 768; x_wconf 82' lang='grc' dir='ltr'>τὴν</span> 
     </span>
    </p>
   </div>
   <div class='ocr_carea' id='block_1_9' title="bbox 163 787 1768 860">
    <p class='ocr_par' dir='ltr' id='par_1_9' title="bbox 163 787 1768 860">
     <span class='ocr_line' id='line_1_9' title="bbox 163 787 1768 860; baseline 0.001 -22"><span class='ocrx_word' id='word_1_45' title='bbox 163 787 286 838; x_wconf 85' lang='grc' dir='ltr'><strong>τῶν</strong></span> <span class='ocrx_word' id='word_1_46' title='bbox 323 787 651 858; x_wconf 80' lang='grc' dir='ltr'>ἀνθρώπων,</span> <span class='ocrx_word' id='word_1_47' title='bbox 709 789 804 841; x_wconf 68' lang='grc' dir='ltr'><strong>καὶ</strong></span> <span class='ocrx_word' id='word_1_48' title='bbox 846 789 1004 851; x_wconf 81' lang='grc' dir='ltr'>εἴτις</span> <span class='ocrx_word' id='word_1_49' title='bbox 1035 787 1174 860; x_wconf 78' lang='grc' dir='ltr'>ὑπὲρ</span> <span class='ocrx_word' id='word_1_50' title='bbox 1220 789 1489 856; x_wconf 80' lang='grc' dir='ltr'><strong>ἀγγέλους</strong></span> <span class='ocrx_word' id='word_1_51' title='bbox 1518 789 1768 859; x_wconf 89' lang='grc' dir='ltr'>δύναμις,</span> 
     </span>
    </p>
   </div>
   <div class='ocr_carea' id='block_1_10' title="bbox 160 878 1770 950">
    <p class='ocr_par' dir='ltr' id='par_1_10' title="bbox 160 878 1770 950">
     <span class='ocr_line' id='line_1_10' title="bbox 160 878 1770 950; baseline 0.001 -21"><span class='ocrx_word' id='word_1_52' title='bbox 160 878 553 946; x_wconf 76' lang='grc' dir='ltr'>ἀναλογοῦσαν</span> <span class='ocrx_word' id='word_1_53' title='bbox 583 878 694 948; x_wconf 75' lang='grc' dir='ltr'>ἔχει</span> <span class='ocrx_word' id='word_1_54' title='bbox 714 878 792 949; x_wconf 81' lang='grc' dir='ltr'>τῷ</span> <span class='ocrx_word' id='word_1_55' title='bbox 817 879 1034 950; x_wconf 78' lang='grc' dir='ltr'>μεγέθει</span> <span class='ocrx_word' id='word_1_56' title='bbox 1061 879 1157 931; x_wconf 75' lang='grc' dir='ltr'><strong>καὶ</strong></span> <span class='ocrx_word' id='word_1_57' title='bbox 1183 879 1281 950; x_wconf 83' lang='grc' dir='ltr'>τὴν</span> <span class='ocrx_word' id='word_1_58' title='bbox 1303 880 1399 949; x_wconf 78' lang='grc' dir='ltr'>τῆς</span> <span class='ocrx_word' id='word_1_59' title='bbox 1422 879 1770 950; x_wconf 83' lang='grc' dir='ltr'>δικαιοσύνης</span> 
     </span>
    </p>
   </div>
   <div class='ocr_carea' id='block_1_11' title="bbox 161 955 1752 1044">
    <p class='ocr_par' dir='ltr' id='par_1_11' title="bbox 161 969 1752 1044">
     <span class='ocr_line' id='line_1_11' title="bbox 161 969 1752 1044; baseline 0.002 -24"><span class='ocrx_word' id='word_1_60' title='bbox 161 969 472 1040; x_wconf 82' lang='grc' dir='ltr'>ὑπεροχήν·</span> <span class='ocrx_word' id='word_1_61' title='bbox 506 971 601 1022; x_wconf 75' lang='grc' dir='ltr'><strong>καὶ</strong></span> <span class='ocrx_word' id='word_1_62' title='bbox 626 969 788 1023; x_wconf 83' lang='grc' dir='ltr'>αὑτοῦ</span> <span class='ocrx_word' id='word_1_63' title='bbox 817 971 908 1023; x_wconf 87' lang='grc' dir='ltr'><strong>τοῦ</strong></span> <span class='ocrx_word' id='word_1_64' title='bbox 946 970 1080 1024; x_wconf 84' lang='grc' dir='ltr'>Θεοῦ</span> <span class='ocrx_word' id='word_1_65' title='bbox 1106 975 1138 1042; x_wconf 78' lang='grc' dir='ltr'>ἡ</span> <span class='ocrx_word' id='word_1_66' title='bbox 1169 971 1482 1042; x_wconf 81' lang='grc' dir='ltr'>δικαιοσύνη</span> <span class='ocrx_word' id='word_1_67' title='bbox 1517 975 1550 1042; x_wconf 80' lang='grc' dir='ltr'><strong>ἡ</strong></span> <span class='ocrx_word' id='word_1_68' title='bbox 1582 975 1752 1044; x_wconf 85' lang='grc' dir='ltr'>ὑπερ-</span> 
     </span>
    </p>
   </div>
   <div class='ocr_carea' id='block_1_12' title="bbox 157 1056 1760 1134">
    <p class='ocr_par' dir='ltr' id='par_1_12' title="bbox 157 1056 1760 1134">
     <span class='ocr_line' id='line_1_12' title="bbox 157 1056 1760 1134; baseline 0.002 -23"><span class='ocrx_word' id='word_1_69' title='bbox 157 1058 375 1129; x_wconf 84' lang='grc' dir='ltr'>έχουσα</span> <span class='ocrx_word' id='word_1_70' title='bbox 413 1061 591 1114; x_wconf 87' lang='grc' dir='ltr'>πάντα</span> <span class='ocrx_word' id='word_1_71' title='bbox 629 1061 776 1125; x_wconf 83' lang='grc' dir='ltr'>νοῦν,</span> <span class='ocrx_word' id='word_1_72' title='bbox 814 1062 1050 1132; x_wconf 79' lang='grc' dir='ltr'>ἄρρητος</span> <span class='ocrx_word' id='word_1_73' title='bbox 1081 1056 1213 1116; x_wconf 84' lang='grc' dir='ltr'>οῦσα</span> <span class='ocrx_word' id='word_1_74' title='bbox 1247 1063 1342 1116; x_wconf 71' lang='grc' dir='ltr'>καὶ</span> <span class='ocrx_word' id='word_1_75' title='bbox 1379 1063 1760 1134; x_wconf 77' lang='grc' dir='ltr'>ἀκατάληπτος</span> 
     </span>
    </p>
   </div>
   <div class='ocr_carea' id='block_1_13' title="bbox 157 1151 986 1223">
    <p class='ocr_par' dir='ltr' id='par_1_13' title="bbox 157 1151 986 1223">
     <span class='ocr_line' id='line_1_13' title="bbox 157 1151 986 1223; baseline 0.001 -19"><span class='ocrx_word' id='word_1_76' title='bbox 157 1153 322 1223; x_wconf 79' lang='grc' dir='ltr'>πάσῃ</span> <span class='ocrx_word' id='word_1_77' title='bbox 347 1155 412 1222; x_wconf 82' lang='grc' dir='ltr'>τῇ</span> <span class='ocrx_word' id='word_1_78' title='bbox 431 1155 632 1223; x_wconf 82' lang='grc' dir='ltr'>γενητῇ</span> <span class='ocrx_word' id='word_1_79' title='bbox 662 1152 772 1222; x_wconf 84' lang='lat'><strong>(70)</strong></span> <span class='ocrx_word' id='word_1_80' title='bbox 806 1151 986 1222; x_wconf 87' lang='grc' dir='ltr'>φύσει.</span> 
     </span>
    </p>
   </div>
   <div class='ocr_carea' id='block_1_14' title="bbox 237 1239 1758 1315">
    <p class='ocr_par' dir='ltr' id='par_1_14' title="bbox 237 1239 1758 1315">
     <span class='ocr_line' id='line_1_14' title="bbox 237 1239 1758 1315; baseline 0 -19"><span class='ocrx_word' id='word_1_81' title='bbox 237 1243 293 1296; x_wconf 81' lang='lat'><strong>6.</strong></span> <span class='ocrx_word' id='word_1_82' title='bbox 341 1243 472 1311; x_wconf 83' lang='grc' dir='ltr'><strong>Ἐμὲ</strong></span> <span class='ocrx_word' id='word_1_83' title='bbox 510 1239 622 1297; x_wconf 75' lang='grc' dir='ltr'><strong>οὖν</strong></span> <span class='ocrx_word' id='word_1_84' title='bbox 646 1244 872 1310; x_wconf 77' lang='grc' dir='ltr'>κρῖνον,</span> <span class='ocrx_word' id='word_1_85' title='bbox 909 1245 1109 1312; x_wconf 84' lang='grc' dir='ltr'>Κύριε,</span> <span class='ocrx_word' id='word_1_86' title='bbox 1148 1243 1299 1298; x_wconf 82' lang='grc' dir='ltr'>κατὰ</span> <span class='ocrx_word' id='word_1_87' title='bbox 1337 1243 1452 1312; x_wconf 80' lang='grc' dir='ltr'><strong>τὴν</strong></span> <span class='ocrx_word' id='word_1_88' title='bbox 1480 1244 1636 1315; x_wconf 75' lang='grc' dir='ltr'><strong>ἐμὴν</strong></span> <span class='ocrx_word' id='word_1_89' title='bbox 1671 1245 1758 1298; x_wconf 81' lang='grc' dir='ltr'>δι-</span> 
     </span>
    </p>
   </div>
   <div class='ocr_carea' id='block_1_15' title="bbox 158 1333 1756 1405">
    <p class='ocr_par' dir='ltr' id='par_1_15' title="bbox 158 1333 1756 1405">
     <span class='ocr_line' id='line_1_15' title="bbox 158 1333 1756 1405; baseline 0.001 -19"><span class='ocrx_word' id='word_1_90' title='bbox 158 1335 527 1400; x_wconf 75' lang='grc' dir='ltr'>καιοσύνην·</span> <span class='ocrx_word' id='word_1_91' title='bbox 573 1334 838 1398; x_wconf 77' lang='grc' dir='ltr'>τουτέστι,</span> <span class='ocrx_word' id='word_1_92' title='bbox 870 1333 969 1404; x_wconf 79' lang='grc' dir='ltr'><strong>τὴν</strong></span> <span class='ocrx_word' id='word_1_93' title='bbox 1009 1334 1237 1404; x_wconf 76' lang='grc' dir='ltr'>ἐφικτὴν</span> <span class='ocrx_word' id='word_1_94' title='bbox 1274 1337 1388 1397; x_wconf 86' lang='grc' dir='ltr'>τοῖς</span> <span class='ocrx_word' id='word_1_95' title='bbox 1431 1335 1756 1405; x_wconf 87' lang='grc' dir='ltr'>ἀνθρώποις,</span> 
     </span>
    </p>
   </div>
   <div class='ocr_carea' id='block_1_16' title="bbox 158 1425 1760 1498">
    <p class='ocr_par' dir='ltr' id='par_1_16' title="bbox 158 1425 1760 1498">
     <span class='ocr_line' id='line_1_16' title="bbox 158 1425 1760 1498; baseline 0.001 -20"><span class='ocrx_word' id='word_1_96' title='bbox 158 1427 260 1478; x_wconf 77' lang='grc' dir='ltr'><strong>καὶ</strong></span> <span class='ocrx_word' id='word_1_97' title='bbox 288 1426 521 1498; x_wconf 86' lang='grc' dir='ltr'>δυνατὴν</span> <span class='ocrx_word' id='word_1_98' title='bbox 549 1429 662 1489; x_wconf 86' lang='grc' dir='ltr'>τοῖς</span> <span class='ocrx_word' id='word_1_99' title='bbox 692 1427 750 1480; x_wconf 84' lang='grc' dir='ltr'>ὲν</span> <span class='ocrx_word' id='word_1_100' title='bbox 782 1427 946 1496; x_wconf 69' lang='grc' dir='ltr'>σαρκὶ</span> <span class='ocrx_word' id='word_1_101' title='bbox 977 1425 1130 1490; x_wconf 78' lang='grc' dir='ltr'>ζῶσι.</span> <span class='ocrx_word' id='word_1_102' title='bbox 1157 1425 1266 1480; x_wconf 78' lang='grc' dir='ltr'><strong>Καὶ</strong></span> <span class='ocrx_word' id='word_1_103' title='bbox 1295 1427 1445 1479; x_wconf 83' lang='grc' dir='ltr'>κατὰ</span> <span class='ocrx_word' id='word_1_104' title='bbox 1474 1426 1587 1494; x_wconf 75' lang='grc' dir='ltr'><strong>τὴν</strong></span> <span class='ocrx_word' id='word_1_105' title='bbox 1617 1428 1760 1481; x_wconf 83' lang='grc' dir='ltr'>ἀκα-</span> 
     </span>
    </p>
   </div>
   <div class='ocr_carea' id='block_1_17' title="bbox 157 1517 1754 1589">
    <p class='ocr_par' dir='ltr' id='par_1_17' title="bbox 157 1517 1754 1589">
     <span class='ocr_line' id='line_1_17' title="bbox 157 1517 1754 1589; baseline 0.001 -19"><span class='ocrx_word' id='word_1_106' title='bbox 157 1519 302 1570; x_wconf 75' lang='grc' dir='ltr'>κίαν</span> <span class='ocrx_word' id='word_1_107' title='bbox 333 1535 453 1586; x_wconf 84' lang='grc' dir='ltr'><strong>μου</strong></span> <span class='ocrx_word' id='word_1_108' title='bbox 481 1518 574 1570; x_wconf 80' lang='grc' dir='ltr'><strong>ἐπ’</strong></span> <span class='ocrx_word' id='word_1_109' title='bbox 603 1519 754 1587; x_wconf 87' lang='grc' dir='ltr'>ἐμοί.</span> <span class='ocrx_word' id='word_1_110' title='bbox 807 1517 964 1570; x_wconf 74' lang='grc' dir='ltr'>Οὕτω</span> <span class='ocrx_word' id='word_1_111' title='bbox 1005 1517 1112 1588; x_wconf 78' lang='grc' dir='ltr'>γὰρ</span> <span class='ocrx_word' id='word_1_112' title='bbox 1165 1517 1400 1589; x_wconf 85' lang='grc' dir='ltr'>μάλιστα</span> <span class='ocrx_word' id='word_1_113' title='bbox 1435 1519 1754 1572; x_wconf 75' lang='grc' dir='ltr'>συνίσταται</span> 
     </span>
    </p>
   </div>
   <div class='ocr_carea' id='block_1_18' title="bbox 155 1606 1759 1681">
    <p class='ocr_par' dir='ltr' id='par_1_18' title="bbox 155 1606 1759 1681">
     <span class='ocr_line' id='line_1_18' title="bbox 155 1606 1759 1681; baseline 0.002 -21"><span class='ocrx_word' id='word_1_114' title='bbox 155 1610 192 1676; x_wconf 88' lang='grc' dir='ltr'><strong>ἡ</strong></span> <span class='ocrx_word' id='word_1_115' title='bbox 228 1608 473 1670; x_wconf 84' lang='grc' dir='ltr'>διάθεσις</span> <span class='ocrx_word' id='word_1_116' title='bbox 509 1609 602 1661; x_wconf 88' lang='grc' dir='ltr'><strong>τοῦ</strong></span> <span class='ocrx_word' id='word_1_117' title='bbox 641 1609 891 1678; x_wconf 84' lang='grc' dir='ltr'>λέγοντος</span> <span class='ocrx_word' id='word_1_118' title='bbox 936 1610 1071 1662; x_wconf 84' lang='grc' dir='ltr'>πολὺ</span> <span class='ocrx_word' id='word_1_119' title='bbox 1123 1609 1340 1680; x_wconf 80' lang='grc' dir='ltr'>μακρὰν</span> <span class='ocrx_word' id='word_1_120' title='bbox 1376 1606 1510 1666; x_wconf 81' lang='grc' dir='ltr'>οὖσα</span> <span class='ocrx_word' id='word_1_121' title='bbox 1530 1612 1628 1681; x_wconf 76' lang='grc' dir='ltr'>τῆς</span> <span class='ocrx_word' id='word_1_122' title='bbox 1655 1627 1759 1680; x_wconf 81' lang='grc' dir='ltr'><strong>φα-</strong></span> 
     </span>
    </p>
   </div>
   <div class='ocr_carea' id='block_1_19' title="bbox 159 1700 1758 1774">
    <p class='ocr_par' dir='ltr' id='par_1_19' title="bbox 159 1700 1758 1774">
     <span class='ocr_line' id='line_1_19' title="bbox 159 1700 1758 1774; baseline 0.003 -23"><span class='ocrx_word' id='word_1_123' title='bbox 159 1700 429 1772; x_wconf 86' lang='grc' dir='ltr'>ρισαῖκῆς</span> <span class='ocrx_word' id='word_1_124' title='bbox 459 1700 857 1772; x_wconf 76' lang='grc' dir='ltr'>ὑπερηφανίας.</span> <span class='ocrx_word' id='word_1_125' title='bbox 899 1701 1159 1754; x_wconf 84' lang='grc' dir='ltr'>Ἀκακίαν</span> <span class='ocrx_word' id='word_1_126' title='bbox 1197 1701 1306 1772; x_wconf 81' lang='grc' dir='ltr'>γὰρ</span> <span class='ocrx_word' id='word_1_127' title='bbox 1337 1702 1530 1755; x_wconf 76' lang='grc' dir='ltr'>ἑαυτοῦ</span> <span class='ocrx_word' id='word_1_128' title='bbox 1561 1701 1758 1774; x_wconf 81' lang='grc' dir='ltr'>ὀνομά-</span> 
     </span>
    </p>
   </div>
   <div class='ocr_carea' id='block_1_20' title="bbox 155 1791 1758 1864">
    <p class='ocr_par' dir='ltr' id='par_1_20' title="bbox 155 1791 1758 1864">
     <span class='ocr_line' id='line_1_20' title="bbox 155 1791 1758 1864; baseline 0.001 -21"><span class='ocrx_word' id='word_1_129' title='bbox 155 1791 247 1854; x_wconf 75' lang='grc' dir='ltr'>ζει</span> <span class='ocrx_word' id='word_1_130' title='bbox 277 1791 376 1862; x_wconf 80' lang='grc' dir='ltr'>τὴν</span> <span class='ocrx_word' id='word_1_131' title='bbox 406 1792 568 1846; x_wconf 72' lang='grc' dir='ltr'>οἱονεὶ</span> <span class='ocrx_word' id='word_1_132' title='bbox 599 1791 967 1864; x_wconf 87' lang='grc' dir='ltr'>ἀκεραιότητα</span> <span class='ocrx_word' id='word_1_133' title='bbox 1019 1792 1113 1844; x_wconf 76' lang='grc' dir='ltr'>καὶ</span> <span class='ocrx_word' id='word_1_134' title='bbox 1136 1793 1392 1864; x_wconf 76' lang='grc' dir='ltr'>ἀπειρίαν</span> <span class='ocrx_word' id='word_1_135' title='bbox 1419 1792 1528 1850; x_wconf 84' lang='grc' dir='ltr'><strong>τῶν</strong></span> <span class='ocrx_word' id='word_1_136' title='bbox 1567 1792 1758 1862; x_wconf 85' lang='grc' dir='ltr'>χρησί-</span> 
     </span>
    </p>
   </div>
   <div class='ocr_carea' id='block_1_21' title="bbox 159 1883 1759 1958">
    <p class='ocr_par' dir='ltr' id='par_1_21' title="bbox 159 1883 1759 1958">
     <span class='ocr_line' id='line_1_21' title="bbox 159 1883 1759 1958; baseline 0.004 -24"><span class='ocrx_word' id='word_1_137' title='bbox 159 1901 286 1951; x_wconf 85' lang='grc' dir='ltr'><strong>μων</strong></span> <span class='ocrx_word' id='word_1_138' title='bbox 325 1885 405 1946; x_wconf 86' lang='grc' dir='ltr'><strong>είς</strong></span> <span class='ocrx_word' id='word_1_139' title='bbox 425 1883 649 1952; x_wconf 85' lang='grc' dir='ltr'>γνῶσιν,</span> <span class='ocrx_word' id='word_1_140' title='bbox 704 1885 846 1936; x_wconf 84' lang='grc' dir='ltr'><strong>κατά</strong></span> <span class='ocrx_word' id='word_1_141' title='bbox 893 1885 955 1936; x_wconf 83' lang='grc' dir='ltr'><strong>τὸ</strong></span> <span class='ocrx_word' id='word_1_142' title='bbox 992 1885 1282 1955; x_wconf 80' lang='grc' dir='ltr'>εἰρημένον</span> <span class='ocrx_word' id='word_1_143' title='bbox 1325 1887 1381 1940; x_wconf 80' lang='grc' dir='ltr'>ὲν</span> <span class='ocrx_word' id='word_1_144' title='bbox 1418 1889 1536 1950; x_wconf 86' lang='grc' dir='ltr'>ταῖς</span> <span class='ocrx_word' id='word_1_145' title='bbox 1559 1887 1759 1958; x_wconf 89' lang='grc' dir='ltr'>Παροι-</span> 
     </span>
    </p>
   </div>
   <div class='ocr_carea' id='block_1_22' title="bbox 157 1975 1796 2051">
    <p class='ocr_par' dir='ltr' id='par_1_22' title="bbox 157 1975 1796 2051">
     <span class='ocr_line' id='line_1_22' title="bbox 157 1975 1796 2051; baseline 0.005 -27"><span class='ocrx_word' id='word_1_146' title='bbox 157 1975 339 2043; x_wconf 80' lang='grc' dir='ltr'>μίαις,</span> <span class='ocrx_word' id='word_1_147' title='bbox 368 1976 448 2027; x_wconf 81' lang='grc' dir='ltr'>ὅτι</span> <span class='ocrx_word' id='word_1_148' title='bbox 487 1976 746 2040; x_wconf 77' lang='grc' dir='ltr'>Ἀκακος</span> <span class='ocrx_word' id='word_1_149' title='bbox 773 1978 1041 2030; x_wconf 82' lang='grc' dir='ltr'>πιστεύει</span> <span class='ocrx_word' id='word_1_150' title='bbox 1068 1978 1246 2031; x_wconf 77' lang='grc' dir='ltr'>παντὶ</span> <span class='ocrx_word' id='word_1_151' title='bbox 1273 1979 1450 2047; x_wconf 76' lang='grc' dir='ltr'>λόγῳ.</span> <span class='ocrx_word' id='word_1_152' title='bbox 1490 1979 1642 2032; x_wconf 75' lang='grc' dir='ltr'>Ἐπεὶ</span> <span class='ocrx_word' id='word_1_153' title='bbox 1663 1975 1754 2033; x_wconf 79' lang='grc' dir='ltr'><strong>οὖν</strong></span> <span class='ocrx_word' id='word_1_154' title='bbox 1785 2041 1796 2051; x_wconf 48' lang='grc'><em>,</em></span> 
     </span>
    </p>
   </div>
   <div class='ocr_carea' id='block_1_23' title="bbox 156 2067 1756 2142">
    <p class='ocr_par' dir='ltr' id='par_1_23' title="bbox 156 2067 1756 2142">
     <span class='ocr_line' id='line_1_23' title="bbox 156 2067 1756 2142; baseline 0.005 -24"><span class='ocrx_word' id='word_1_155' title='bbox 156 2067 385 2130; x_wconf 78' lang='grc' dir='ltr'>πολλοῖς</span> <span class='ocrx_word' id='word_1_156' title='bbox 411 2068 738 2136; x_wconf 70' lang='grc' dir='ltr'>ἀφυλάκτως</span> <span class='ocrx_word' id='word_1_157' title='bbox 772 2069 1176 2138; x_wconf 83' lang='grc' dir='ltr'>περιπίπτομεν</span> <span class='ocrx_word' id='word_1_158' title='bbox 1210 2070 1270 2136; x_wconf 78' lang='grc' dir='ltr'>ἐξ</span> <span class='ocrx_word' id='word_1_159' title='bbox 1297 2071 1552 2142; x_wconf 80' lang='grc' dir='ltr'>ἀπειρίας</span> <span class='ocrx_word' id='word_1_160' title='bbox 1577 2073 1626 2124; x_wconf 78' lang='lat' dir='ltr'><strong>oi</strong></span> <span class='ocrx_word' id='word_1_161' title='bbox 1665 2071 1756 2126; x_wconf 76' lang='grc' dir='ltr'><strong>ἄν·</strong></span> 
     </span>
    </p>
   </div>
   <div class='ocr_carea' id='block_1_24' title="bbox 155 2159 1754 2234">
    <p class='ocr_par' dir='ltr' id='par_1_24' title="bbox 155 2159 1754 2234">
     <span class='ocr_line' id='line_1_24' title="bbox 155 2159 1754 2234; baseline 0.003 -25"><span class='ocrx_word' id='word_1_162' title='bbox 155 2159 396 2228; x_wconf 84' lang='grc' dir='ltr'>θρωποι,</span> <span class='ocrx_word' id='word_1_163' title='bbox 431 2162 775 2228; x_wconf 82' lang='grc' dir='ltr'>παραιτεῖται</span> <span class='ocrx_word' id='word_1_164' title='bbox 821 2161 912 2212; x_wconf 74' lang='grc' dir='ltr'>τὸν</span> <span class='ocrx_word' id='word_1_165' title='bbox 961 2161 1094 2214; x_wconf 84' lang='grc' dir='ltr'>Θεὸν</span> <span class='ocrx_word' id='word_1_166' title='bbox 1125 2161 1218 2213; x_wconf 75' lang='grc' dir='ltr'><strong>καὶ</strong></span> <span class='ocrx_word' id='word_1_167' title='bbox 1253 2161 1395 2227; x_wconf 81' lang='grc' dir='ltr'>ἀξιοῖ</span> <span class='ocrx_word' id='word_1_168' title='bbox 1427 2161 1754 2234; x_wconf 82' lang='grc' dir='ltr'>συγγνώμης</span> 
     </span>
    </p>
   </div>
   <div class='ocr_carea' id='block_1_25' title="bbox 154 2249 1753 2322">
    <p class='ocr_par' dir='ltr' id='par_1_25' title="bbox 154 2249 1753 2322">
     <span class='ocr_line' id='line_1_25' title="bbox 154 2249 1753 2322; baseline 0.005 -23"><span class='ocrx_word' id='word_1_169' title='bbox 154 2251 348 2318; x_wconf 81' lang='grc' dir='ltr'>τυχεῖν</span> <span class='ocrx_word' id='word_1_170' title='bbox 382 2249 474 2302; x_wconf 75' lang='grc' dir='ltr'><strong>ἐπὶ</strong></span> <span class='ocrx_word' id='word_1_171' title='bbox 507 2252 571 2320; x_wconf 82' lang='grc' dir='ltr'>τῇ</span> <span class='ocrx_word' id='word_1_172' title='bbox 597 2249 819 2321; x_wconf 70' lang='grc' dir='ltr'>ἀκακία.</span> <span class='ocrx_word' id='word_1_173' title='bbox 863 2252 958 2304; x_wconf 87' lang='grc' dir='ltr'>Ἐκ</span> <span class='ocrx_word' id='word_1_174' title='bbox 979 2251 1035 2304; x_wconf 84' lang='grc' dir='ltr'>δὲ</span> <span class='ocrx_word' id='word_1_175' title='bbox 1063 2251 1254 2304; x_wconf 86' lang='grc' dir='ltr'>τούτου</span> <span class='ocrx_word' id='word_1_176' title='bbox 1284 2253 1440 2322; x_wconf 83' lang='grc' dir='ltr'>δῆλόν</span> <span class='ocrx_word' id='word_1_177' title='bbox 1475 2255 1622 2308; x_wconf 68' lang='grc' dir='ltr'>ἐστιν</span> <span class='ocrx_word' id='word_1_178' title='bbox 1671 2256 1753 2308; x_wconf 84' lang='grc' dir='ltr'>ὅτι</span> 
     </span>
    </p>
   </div>
   <div class='ocr_carea' id='block_1_26' title="bbox 155 2338 1752 2414">
    <p class='ocr_par' dir='ltr' id='par_1_26' title="bbox 155 2338 1752 2414">
     <span class='ocr_line' id='line_1_26' title="bbox 155 2338 1752 2414; baseline 0.003 -23"><span class='ocrx_word' id='word_1_179' title='bbox 155 2338 674 2410; x_wconf 78' lang='grc' dir='ltr'>ταπεινοφροσύνην</span> <span class='ocrx_word' id='word_1_180' title='bbox 719 2339 814 2392; x_wconf 88' lang='grc' dir='ltr'><strong>τοῦ</strong></span> <span class='ocrx_word' id='word_1_181' title='bbox 856 2340 1104 2409; x_wconf 79' lang='grc' dir='ltr'>λέγοντος</span> <span class='ocrx_word' id='word_1_182' title='bbox 1137 2341 1432 2412; x_wconf 76' lang='grc' dir='ltr'>παρίστησι</span> <span class='ocrx_word' id='word_1_183' title='bbox 1471 2342 1669 2412; x_wconf 83' lang='grc' dir='ltr'>μᾶλλον</span> <span class='ocrx_word' id='word_1_184' title='bbox 1719 2343 1752 2414; x_wconf 72' lang='grc' dir='ltr'>ἢ</span> 
     </span>
    </p>
   </div>
   <div class='ocr_carea' id='block_1_27' title="bbox 156 2430 1750 2504">
    <p class='ocr_par' dir='ltr' id='par_1_27' title="bbox 156 2430 1750 2504">
     <span class='ocr_line' id='line_1_27' title="bbox 156 2430 1750 2504; baseline 0.003 -22"><span class='ocrx_word' id='word_1_185' title='bbox 156 2430 544 2501; x_wconf 74' lang='grc' dir='ltr'>ὑπερηφανίαν</span> <span class='ocrx_word' id='word_1_186' title='bbox 604 2432 673 2485; x_wconf 76' lang='grc' dir='ltr'><strong>τὰ</strong></span> <span class='ocrx_word' id='word_1_187' title='bbox 719 2433 1006 2504; x_wconf 78' lang='grc' dir='ltr'>εἰρημένα.</span> <span class='ocrx_word' id='word_1_188' title='bbox 1067 2432 1287 2500; x_wconf 72' lang='grc' dir='ltr'><strong>Κρῖνον</strong></span> <span class='ocrx_word' id='word_1_189' title='bbox 1331 2432 1439 2504; x_wconf 87' lang='grc' dir='ltr'>γάρ</span> <span class='ocrx_word' id='word_1_190' title='bbox 1469 2451 1568 2502; x_wconf 82' lang='grc' dir='ltr'><strong>με,</strong></span> <span class='ocrx_word' id='word_1_191' title='bbox 1597 2434 1750 2504; x_wconf 79' lang='grc' dir='ltr'>φησὶ,</span> 
     </span>
    </p>
   </div>
   <div class='ocr_carea' id='block_1_28' title="bbox 159 2521 1753 2596">
    <p class='ocr_par' dir='ltr' id='par_1_28' title="bbox 159 2521 1753 2596">
     <span class='ocr_line' id='line_1_28' title="bbox 159 2521 1753 2596; baseline 0.002 -22"><span class='ocrx_word' id='word_1_192' title='bbox 159 2523 322 2576; x_wconf 79' lang='grc' dir='ltr'>κατὰ</span> <span class='ocrx_word' id='word_1_193' title='bbox 357 2521 473 2590; x_wconf 71' lang='grc' dir='ltr'><strong>τὴν</strong></span> <span class='ocrx_word' id='word_1_194' title='bbox 497 2521 651 2592; x_wconf 72' lang='grc' dir='ltr'><strong>ἐμὴν</strong></span> <span class='ocrx_word' id='word_1_195' title='bbox 693 2523 1115 2594; x_wconf 71' lang='grc' dir='ltr'>δικαιοσύνην,</span> <span class='ocrx_word' id='word_1_196' title='bbox 1144 2524 1239 2578; x_wconf 74' lang='grc' dir='ltr'><strong>καὶ</strong></span> <span class='ocrx_word' id='word_1_197' title='bbox 1276 2524 1461 2596; x_wconf 86' lang='grc' dir='ltr'>κρῖνόν</span> <span class='ocrx_word' id='word_1_198' title='bbox 1495 2543 1562 2595; x_wconf 91' lang='grc' dir='ltr'><strong>με</strong></span> <span class='ocrx_word' id='word_1_199' title='bbox 1603 2524 1753 2578; x_wconf 82' lang='grc' dir='ltr'>κατὰ</span> 
     </span>
    </p>
   </div>
   <div class='ocr_carea' id='block_1_29' title="bbox 154 2613 1754 2690">
    <p class='ocr_par' dir='ltr' id='par_1_29' title="bbox 154 2613 1754 2690">
     <span class='ocr_line' id='line_1_29' title="bbox 154 2613 1754 2690; baseline 0.001 -22"><span class='ocrx_word' id='word_1_200' title='bbox 154 2615 279 2682; x_wconf 74' lang='grc' dir='ltr'>τὴν</span> <span class='ocrx_word' id='word_1_201' title='bbox 305 2616 570 2670; x_wconf 81' lang='grc' dir='ltr'>ἀκακίαν</span> <span class='ocrx_word' id='word_1_202' title='bbox 597 2616 696 2688; x_wconf 83' lang='grc' dir='ltr'><strong>τὴν</strong></span> <span class='ocrx_word' id='word_1_203' title='bbox 728 2613 893 2671; x_wconf 77' lang='grc' dir='ltr'>οὖσαν</span> <span class='ocrx_word' id='word_1_204' title='bbox 943 2619 1028 2670; x_wconf 71' lang='grc' dir='ltr'><strong>ἐπ’</strong></span> <span class='ocrx_word' id='word_1_205' title='bbox 1059 2617 1202 2688; x_wconf 81' lang='grc' dir='ltr'>ἐμοί.</span> <span class='ocrx_word' id='word_1_206' title='bbox 1245 2617 1318 2670; x_wconf 78' lang='grc' dir='ltr'><strong>Τὸ</strong></span> <span class='ocrx_word' id='word_1_207' title='bbox 1355 2619 1452 2690; x_wconf 80' lang='grc' dir='ltr'><strong>μὲν</strong></span> <span class='ocrx_word' id='word_1_208' title='bbox 1475 2617 1754 2687; x_wconf 88' lang='grc' dir='ltr'>δικαίωμά</span> 
     </span>
    </p>
   </div>
   <div class='ocr_carea' id='block_1_30' title="bbox 158 2707 1753 2780">
    <p class='ocr_par' dir='ltr' id='par_1_30' title="bbox 158 2707 1753 2780">
     <span class='ocr_line' id='line_1_30' title="bbox 158 2707 1753 2780; baseline 0 -20"><span class='ocrx_word' id='word_1_209' title='bbox 158 2725 267 2779; x_wconf 90' lang='grc' dir='ltr'><strong>μου</strong></span> <span class='ocrx_word' id='word_1_210' title='bbox 297 2709 365 2780; x_wconf 82' lang='grc' dir='ltr'>τῇ</span> <span class='ocrx_word' id='word_1_211' title='bbox 397 2707 648 2780; x_wconf 81' lang='grc' dir='ltr'>ἀσθενείᾳ</span> <span class='ocrx_word' id='word_1_212' title='bbox 692 2707 1079 2780; x_wconf 77' lang='grc' dir='ltr'>παρεξετάζων</span> <span class='ocrx_word' id='word_1_213' title='bbox 1121 2710 1189 2778; x_wconf 80' lang='grc' dir='ltr'>τῇ</span> <span class='ocrx_word' id='word_1_214' title='bbox 1219 2707 1557 2779; x_wconf 84' lang='grc' dir='ltr'>ἀνθρωπίνῃ,</span> <span class='ocrx_word' id='word_1_215' title='bbox 1610 2707 1753 2760; x_wconf 74' lang='grc' dir='ltr'>οὕτω</span> 
     </span>
    </p>
   </div>
   <div class='ocr_carea' id='block_1_31' title="bbox 156 2797 1753 2870">
    <p class='ocr_par' dir='ltr' id='par_1_31' title="bbox 156 2797 1753 2870">
     <span class='ocr_line' id='line_1_31' title="bbox 156 2797 1753 2870; baseline -0.001 -16"><span class='ocrx_word' id='word_1_216' title='bbox 156 2799 347 2870; x_wconf 84' lang='grc' dir='ltr'>κρῖνόν</span> <span class='ocrx_word' id='word_1_217' title='bbox 394 2815 482 2869; x_wconf 88' lang='grc' dir='ltr'>με·</span> <span class='ocrx_word' id='word_1_218' title='bbox 537 2799 635 2868; x_wconf 81' lang='grc' dir='ltr'><strong>τὴν</strong></span> <span class='ocrx_word' id='word_1_219' title='bbox 667 2797 724 2850; x_wconf 80' lang='grc' dir='ltr'><strong>δὲ</strong></span> <span class='ocrx_word' id='word_1_220' title='bbox 755 2798 1035 2869; x_wconf 83' lang='grc' dir='ltr'>ἁπλότητα</span> <span class='ocrx_word' id='word_1_221' title='bbox 1075 2798 1185 2852; x_wconf 85' lang='grc' dir='ltr'><strong>τῶν</strong></span> <span class='ocrx_word' id='word_1_222' title='bbox 1211 2799 1426 2870; x_wconf 91' lang='grc' dir='ltr'>τρόπων</span> <span class='ocrx_word' id='word_1_223' title='bbox 1460 2816 1561 2870; x_wconf 91' lang='grc' dir='ltr'><strong>μου</strong></span> <span class='ocrx_word' id='word_1_224' title='bbox 1587 2816 1753 2852; x_wconf 85' lang='grc' dir='ltr'>κατα-</span> 
     </span>
    </p>
   </div>
   <div class='ocr_carea' id='block_1_32' title="bbox 1879 520 3440 593">
    <p class='ocr_par' dir='ltr' id='par_1_32' title="bbox 1879 520 3440 593">
     <span class='ocr_line' id='line_1_32' title="bbox 1879 520 3440 593; baseline 0.007 -20"><span class='ocrx_word' id='word_1_225' title='bbox 1879 535 2078 582; x_wconf 84' lang='lat' dir='ltr'><strong>sermo,</strong></span> <span class='ocrx_word' id='word_1_226' title='bbox 2109 535 2172 572; x_wconf 91' lang='lat' dir='ltr'><strong>ac</strong></span> <span class='ocrx_word' id='word_1_227' title='bbox 2187 520 2409 588; x_wconf 75' lang='lat' dir='ltr'><strong>justitia:</strong></span> <span class='ocrx_word' id='word_1_228' title='bbox 2431 521 2682 590; x_wconf 65' lang='lat' dir='ltr'><strong>perfectae</strong></span> <span class='ocrx_word' id='word_1_229' title='bbox 2708 521 2839 578; x_wconf 86' lang='lat' dir='ltr'><strong>lines</strong></span> <span class='ocrx_word' id='word_1_230' title='bbox 2861 533 3016 593; x_wconf 90' lang='lat' dir='ltr'><strong>captu</strong></span> <span class='ocrx_word' id='word_1_231' title='bbox 3034 535 3159 579; x_wconf 90' lang='lat' dir='ltr'><strong>sunt</strong></span> <span class='ocrx_word' id='word_1_232' title='bbox 3182 525 3440 584; x_wconf 71' lang='lat' dir='ltr'><strong>difﬁciles.</strong></span> 
     </span>
    </p>
   </div>
   <div class='ocr_carea' id='block_1_33' title="bbox 1873 610 3444 686">
    <p class='ocr_par' dir='ltr' id='par_1_33' title="bbox 1873 610 3444 686">
     <span class='ocr_line' id='line_1_33' title="bbox 1873 610 3444 686; baseline 0.008 -23"><span class='ocrx_word' id='word_1_233' title='bbox 1873 610 1970 664; x_wconf 84' lang='lat' dir='ltr'><strong>Est</strong></span> <span class='ocrx_word' id='word_1_234' title='bbox 2003 613 2145 664; x_wconf 82' lang='lat' dir='ltr'><strong>enim</strong></span> <span class='ocrx_word' id='word_1_235' title='bbox 2178 623 2232 664; x_wconf 91' lang='lat' dir='ltr'><strong>et</strong></span> <span class='ocrx_word' id='word_1_236' title='bbox 2267 611 2584 682; x_wconf 80' lang='lat' dir='ltr'><strong>angelorum</strong></span> <span class='ocrx_word' id='word_1_237' title='bbox 2607 614 2816 682; x_wconf 88' lang='lat' dir='ltr'><strong>justitia</strong></span> <span class='ocrx_word' id='word_1_238' title='bbox 2870 617 3137 683; x_wconf 69' lang='lat' dir='ltr'><strong>quaedam,</strong></span> <span class='ocrx_word' id='word_1_239' title='bbox 3185 632 3303 686; x_wconf 69' lang='lat' dir='ltr'><strong>qua:</strong></span> <span class='ocrx_word' id='word_1_240' title='bbox 3343 621 3444 674; x_wconf 80' lang='lat' dir='ltr'><strong>hu-</strong></span> 
     </span>
    </p>
   </div>
   <div class='ocr_carea' id='block_1_34' title="bbox 1873 703 3444 782">
    <p class='ocr_par' dir='ltr' id='par_1_34' title="bbox 1873 703 3444 782">
     <span class='ocr_line' id='line_1_34' title="bbox 1873 703 3444 782; baseline 0.008 -28"><span class='ocrx_word' id='word_1_241' title='bbox 1873 717 2087 754; x_wconf 87' lang='lat' dir='ltr'><strong>manam</strong></span> <span class='ocrx_word' id='word_1_242' title='bbox 2123 703 2277 772; x_wconf 85' lang='lat' dir='ltr'><strong>longe</strong></span> <span class='ocrx_word' id='word_1_243' title='bbox 2309 713 2533 772; x_wconf 88' lang='lat' dir='ltr'><strong>superat</strong></span> <span class='ocrx_word' id='word_1_244' title='bbox 2568 723 2582 760; x_wconf 87' lang='lat'><strong>:</strong></span> <span class='ocrx_word' id='word_1_245' title='bbox 2617 707 2741 760; x_wconf 90' lang='lat' dir='ltr'><strong>etsi</strong></span> <span class='ocrx_word' id='word_1_246' title='bbox 2776 721 2880 776; x_wconf 89' lang='lat' dir='ltr'><strong>qua</strong></span> <span class='ocrx_word' id='word_1_247' title='bbox 2916 716 2998 763; x_wconf 90' lang='lat' dir='ltr'><strong>est</strong></span> <span class='ocrx_word' id='word_1_248' title='bbox 3025 709 3195 764; x_wconf 85' lang='lat' dir='ltr'><strong>virtus</strong></span> <span class='ocrx_word' id='word_1_249' title='bbox 3239 711 3444 782; x_wconf 84' lang='lat' dir='ltr'><strong>angelis</strong></span> 
     </span>
    </p>
   </div>
   <div class='ocr_carea' id='block_1_35' title="bbox 1878 794 3444 870">
    <p class='ocr_par' dir='ltr' id='par_1_35' title="bbox 1878 794 3444 870">
     <span class='ocr_line' id='line_1_35' title="bbox 1878 794 3444 870; baseline 0.004 -20"><span class='ocrx_word' id='word_1_250' title='bbox 1878 794 2163 862; x_wconf 80' lang='lat' dir='ltr'><strong>superior,</strong></span> <span class='ocrx_word' id='word_1_251' title='bbox 2210 795 2437 864; x_wconf 69' lang='lat' dir='ltr'><strong>justitiaa</strong></span> <span class='ocrx_word' id='word_1_252' title='bbox 2491 799 2862 866; x_wconf 60' lang='lat' dir='ltr'><strong>praestantiam</strong></span> <span class='ocrx_word' id='word_1_253' title='bbox 2916 802 3272 870; x_wconf 76' lang='lat' dir='ltr'><strong>magnitudini</strong></span> <span class='ocrx_word' id='word_1_254' title='bbox 3331 817 3444 858; x_wconf 72' lang='lat' dir='ltr'><strong>sua:</strong></span> 
     </span>
    </p>
   </div>
   <div class='ocr_carea' id='block_1_36' title="bbox 1871 885 3440 960">
    <p class='ocr_par' dir='ltr' id='par_1_36' title="bbox 1871 885 3440 960">
     <span class='ocr_line' id='line_1_36' title="bbox 1871 885 3440 960; baseline 0.006 -22"><span class='ocrx_word' id='word_1_255' title='bbox 1871 895 2260 954; x_wconf 80' lang='lat' dir='ltr'><strong>congruentem</strong></span> <span class='ocrx_word' id='word_1_256' title='bbox 2316 886 2498 943; x_wconf 83' lang='lat' dir='ltr'><strong>habet.</strong></span> <span class='ocrx_word' id='word_1_257' title='bbox 2535 885 2674 954; x_wconf 86' lang='lat' dir='ltr'><strong>Quin</strong></span> <span class='ocrx_word' id='word_1_258' title='bbox 2721 892 2880 943; x_wconf 88' lang='lat' dir='ltr'><strong>etiam</strong></span> <span class='ocrx_word' id='word_1_259' title='bbox 2917 899 2999 944; x_wconf 88' lang='lat' dir='ltr'><strong>est</strong></span> <span class='ocrx_word' id='word_1_260' title='bbox 3029 891 3312 960; x_wconf 87' lang='lat' dir='ltr'><strong>ipsiusmet</strong></span> <span class='ocrx_word' id='word_1_261' title='bbox 3341 889 3440 948; x_wconf 87' lang='lat' dir='ltr'><strong>Dei</strong></span> 
     </span>
    </p>
   </div>
   <div class='ocr_carea' id='block_1_37' title="bbox 1875 976 3437 1050">
    <p class='ocr_par' dir='ltr' id='par_1_37' title="bbox 1875 976 3437 1050">
     <span class='ocr_line' id='line_1_37' title="bbox 1875 976 3437 1050; baseline 0.006 -24"><span class='ocrx_word' id='word_1_262' title='bbox 1875 976 2110 1046; x_wconf 87' lang='lat' dir='ltr'><strong>justitia,</strong></span> <span class='ocrx_word' id='word_1_263' title='bbox 2139 992 2257 1044; x_wconf 85' lang='lat' dir='ltr'><strong>quae</strong></span> <span class='ocrx_word' id='word_1_264' title='bbox 2304 992 2518 1032; x_wconf 92' lang='lat' dir='ltr'><strong>omnem</strong></span> <span class='ocrx_word' id='word_1_265' title='bbox 2563 979 2893 1034; x_wconf 89' lang='lat' dir='ltr'><strong>transcendit</strong></span> <span class='ocrx_word' id='word_1_266' title='bbox 2921 979 3270 1048; x_wconf 84' lang='lat' dir='ltr'><strong>intellectum,</strong></span> <span class='ocrx_word' id='word_1_267' title='bbox 3295 997 3437 1050; x_wconf 68' lang='lat' dir='ltr'><strong>qua:-</strong></span> 
     </span>
    </p>
   </div>
   <div class='ocr_carea' id='block_1_38' title="bbox 1867 1061 3435 1134">
    <p class='ocr_par' dir='ltr' id='par_1_38' title="bbox 1867 1061 3435 1134">
     <span class='ocr_line' id='line_1_38' title="bbox 1867 1061 3435 1134; baseline 0.001 -18"><span class='ocrx_word' id='word_1_268' title='bbox 1867 1079 1972 1133; x_wconf 89' lang='lat' dir='ltr'><strong>que</strong></span> <span class='ocrx_word' id='word_1_269' title='bbox 2007 1061 2294 1116; x_wconf 80' lang='lat' dir='ltr'><strong>inell&#39;abilis</strong></span> <span class='ocrx_word' id='word_1_270' title='bbox 2329 1078 2435 1128; x_wconf 82' lang='lat' dir='ltr'><strong>est,</strong></span> <span class='ocrx_word' id='word_1_271' title='bbox 2467 1063 2722 1134; x_wconf 90' lang='lat' dir='ltr'><strong>omnique</strong></span> <span class='ocrx_word' id='word_1_272' title='bbox 2767 1076 2965 1119; x_wconf 64' lang='lat' dir='ltr'><strong>creatae</strong></span> <span class='ocrx_word' id='word_1_273' title='bbox 3001 1075 3206 1120; x_wconf 71' lang='lat' dir='ltr'><strong>natura:</strong></span> <span class='ocrx_word' id='word_1_274' title='bbox 3235 1066 3435 1122; x_wconf 88' lang='lat' dir='ltr'><strong>incom-</strong></span> 
     </span>
    </p>
   </div>
   <div class='ocr_carea' id='block_1_39' title="bbox 1866 1152 2304 1221">
    <p class='ocr_par' dir='ltr' id='par_1_39' title="bbox 1866 1152 2304 1221">
     <span class='ocr_line' id='line_1_39' title="bbox 1866 1152 2304 1221; baseline 0.002 -15"><span class='ocrx_word' id='word_1_275' title='bbox 1866 1152 2259 1221; x_wconf 79' lang='lat' dir='ltr'><strong>prehensibilis.</strong></span> <span class='ocrx_word' id='word_1_276' title='bbox 2277 1169 2304 1207; x_wconf 67' lang='grc' dir='ltr'><strong>ι.</strong></span> 
     </span>
    </p>
   </div>
   <div class='ocr_carea' id='block_1_40' title="bbox 1941 1243 3434 1317">
    <p class='ocr_par' dir='ltr' id='par_1_40' title="bbox 1941 1243 3434 1317">
     <span class='ocr_line' id='line_1_40' title="bbox 1941 1243 3434 1317; baseline 0.005 -19"><span class='ocrx_word' id='word_1_277' title='bbox 1941 1247 1994 1299; x_wconf 85' lang='grc'><strong>6.</strong></span> <span class='ocrx_word' id='word_1_278' title='bbox 2039 1244 2125 1298; x_wconf 83' lang='lat' dir='ltr'><strong>Me</strong></span> <span class='ocrx_word' id='word_1_279' title='bbox 2159 1245 2322 1314; x_wconf 84' lang='lat' dir='ltr'><strong>igitur</strong></span> <span class='ocrx_word' id='word_1_280' title='bbox 2352 1245 2559 1313; x_wconf 77' lang='lat' dir='ltr'><strong>judico,</strong></span> <span class='ocrx_word' id='word_1_281' title='bbox 2597 1243 2838 1310; x_wconf 84' lang='lat' dir='ltr'><strong>Domine,</strong></span> <span class='ocrx_word' id='word_1_282' title='bbox 2865 1248 3148 1301; x_wconf 85' lang='lat' dir='ltr'><strong>secundum</strong></span> <span class='ocrx_word' id='word_1_283' title='bbox 3169 1247 3434 1317; x_wconf 76' lang='lat' dir='ltr'><strong>justitiam</strong></span> 
     </span>
    </p>
   </div>
   <div class='ocr_carea' id='block_1_41' title="bbox 1871 1335 3436 1412">
    <p class='ocr_par' dir='ltr' id='par_1_41' title="bbox 1871 1335 3436 1412">
     <span class='ocr_line' id='line_1_41' title="bbox 1871 1335 3436 1412; baseline 0.007 -25"><span class='ocrx_word' id='word_1_284' title='bbox 1871 1351 2078 1400; x_wconf 85' lang='lat' dir='ltr'><strong>meam;</strong></span> <span class='ocrx_word' id='word_1_285' title='bbox 2109 1335 2160 1389; x_wconf 90' lang='lat' dir='ltr'><strong>id</strong></span> <span class='ocrx_word' id='word_1_286' title='bbox 2193 1345 2297 1400; x_wconf 91' lang='lat' dir='ltr'><strong>est,</strong></span> <span class='ocrx_word' id='word_1_287' title='bbox 2329 1352 2470 1400; x_wconf 88' lang='lat' dir='ltr'><strong>eam,</strong></span> <span class='ocrx_word' id='word_1_288' title='bbox 2504 1352 2621 1406; x_wconf 70' lang='lat' dir='ltr'><strong>quae</strong></span> <span class='ocrx_word' id='word_1_289' title='bbox 2650 1337 2716 1391; x_wconf 87' lang='lat' dir='ltr'><strong>ab</strong></span> <span class='ocrx_word' id='word_1_290' title='bbox 2768 1338 3073 1394; x_wconf 89' lang='lat' dir='ltr'><strong>hominibus</strong></span> <span class='ocrx_word' id='word_1_291' title='bbox 3104 1343 3309 1410; x_wconf 78' lang='lat' dir='ltr'><strong>acquiri</strong></span> <span class='ocrx_word' id='word_1_292' title='bbox 3339 1361 3436 1412; x_wconf 85' lang='lat' dir='ltr'><strong>po-</strong></span> 
     </span>
    </p>
   </div>
   <div class='ocr_carea' id='block_1_42' title="bbox 1869 1424 3430 1494">
    <p class='ocr_par' dir='ltr' id='par_1_42' title="bbox 1869 1424 3430 1494">
     <span class='ocr_line' id='line_1_42' title="bbox 1869 1424 3430 1494; baseline 0.006 -18"><span class='ocrx_word' id='word_1_293' title='bbox 1869 1431 1994 1486; x_wconf 89' lang='lat' dir='ltr'><strong>test,</strong></span> <span class='ocrx_word' id='word_1_294' title='bbox 2031 1439 2260 1491; x_wconf 72' lang='lat' dir='ltr'><strong>qua:un</strong></span> <span class='ocrx_word' id='word_1_295' title='bbox 2286 1438 2475 1478; x_wconf 89' lang='lat' dir='ltr'><strong>eorum</strong></span> <span class='ocrx_word' id='word_1_296' title='bbox 2506 1425 2596 1494; x_wconf 86' lang='lat' dir='ltr'><strong>qui</strong></span> <span class='ocrx_word' id='word_1_297' title='bbox 2635 1424 2688 1478; x_wconf 91' lang='lat' dir='ltr'><strong>in</strong></span> <span class='ocrx_word' id='word_1_298' title='bbox 2720 1439 2885 1480; x_wconf 89' lang='lat' dir='ltr'><strong>carne</strong></span> <span class='ocrx_word' id='word_1_299' title='bbox 2917 1427 3125 1492; x_wconf 88' lang='lat' dir='ltr'><strong>vivunt,</strong></span> <span class='ocrx_word' id='word_1_300' title='bbox 3157 1431 3297 1486; x_wconf 83' lang='lat' dir='ltr'><strong>vires</strong></span> <span class='ocrx_word' id='word_1_301' title='bbox 3327 1448 3430 1486; x_wconf 90' lang='lat' dir='ltr'><strong>non</strong></span> 
     </span>
    </p>
   </div>
   <div class='ocr_carea' id='block_1_43' title="bbox 1866 1511 3428 1590">
    <p class='ocr_par' dir='ltr' id='par_1_43' title="bbox 1866 1511 3428 1590">
     <span class='ocr_line' id='line_1_43' title="bbox 1866 1511 3428 1590; baseline 0.008 -26"><span class='ocrx_word' id='word_1_302' title='bbox 1866 1523 2100 1582; x_wconf 86' lang='lat' dir='ltr'><strong>superat.</strong></span> <span class='ocrx_word' id='word_1_303' title='bbox 2135 1511 2200 1566; x_wconf 86' lang='lat' dir='ltr'><strong>Et</strong></span> <span class='ocrx_word' id='word_1_304' title='bbox 2229 1515 2513 1567; x_wconf 85' lang='lat' dir='ltr'><strong>secundum</strong></span> <span class='ocrx_word' id='word_1_305' title='bbox 2547 1515 2902 1570; x_wconf 80' lang='lat' dir='ltr'><strong>innocentiam</strong></span> <span class='ocrx_word' id='word_1_306' title='bbox 2950 1535 3118 1574; x_wconf 88' lang='lat' dir='ltr'><strong>meam</strong></span> <span class='ocrx_word' id='word_1_307' title='bbox 3156 1537 3309 1590; x_wconf 78' lang='lat' dir='ltr'><strong>super</strong></span> <span class='ocrx_word' id='word_1_308' title='bbox 3332 1541 3428 1578; x_wconf 86' lang='lat' dir='ltr'><strong>me.</strong></span> 
     </span>
    </p>
   </div>
   <div class='ocr_carea' id='block_1_44' title="bbox 1863 1599 3430 1677">
    <p class='ocr_par' dir='ltr' id='par_1_44' title="bbox 1863 1599 3430 1677">
     <span class='ocr_line' id='line_1_44' title="bbox 1863 1599 3430 1677; baseline 0.008 -23"><span class='ocrx_word' id='word_1_309' title='bbox 1863 1599 1954 1655; x_wconf 90' lang='lat' dir='ltr'><strong>Sic</strong></span> <span class='ocrx_word' id='word_1_310' title='bbox 1979 1605 2120 1656; x_wconf 89' lang='lat' dir='ltr'><strong>enim</strong></span> <span class='ocrx_word' id='word_1_311' title='bbox 2154 1603 2389 1657; x_wconf 81' lang='lat' dir='ltr'><strong>maxime</strong></span> <span class='ocrx_word' id='word_1_312' title='bbox 2421 1604 2692 1672; x_wconf 83' lang='lat' dir='ltr'><strong>loquentis</strong></span> <span class='ocrx_word' id='word_1_313' title='bbox 2725 1605 2949 1663; x_wconf 71' lang='lat' dir='ltr'><strong>aﬂ‘ectus</strong></span> <span class='ocrx_word' id='word_1_314' title='bbox 2997 1611 3180 1677; x_wconf 87' lang='lat' dir='ltr'><strong>procul</strong></span> <span class='ocrx_word' id='word_1_315' title='bbox 3225 1627 3252 1663; x_wconf 87' lang='lat' dir='ltr'><strong>a</strong></span> <span class='ocrx_word' id='word_1_316' title='bbox 3293 1611 3430 1666; x_wconf 78' lang='lat' dir='ltr'><strong>Pha-</strong></span> 
     </span>
    </p>
   </div>
   <div class='ocr_carea' id='block_1_45' title="bbox 1861 1691 3434 1764">
    <p class='ocr_par' dir='ltr' id='par_1_45' title="bbox 1861 1691 3434 1764">
     <span class='ocr_line' id='line_1_45' title="bbox 1861 1691 3434 1764; baseline 0.006 -18"><span class='ocrx_word' id='word_1_317' title='bbox 1861 1691 2003 1746; x_wconf 84' lang='lat' dir='ltr'><strong>risaei</strong></span> <span class='ocrx_word' id='word_1_318' title='bbox 2040 1695 2349 1762; x_wconf 82' lang='lat' dir='ltr'><strong>arrogantia</strong></span> <span class='ocrx_word' id='word_1_319' title='bbox 2396 1693 2656 1764; x_wconf 87' lang='lat' dir='ltr'><strong>probatur</strong></span> <span class='ocrx_word' id='word_1_320' title='bbox 2687 1695 2905 1750; x_wconf 83' lang='lat' dir='ltr'><strong>distare.</strong></span> <span class='ocrx_word' id='word_1_321' title='bbox 2941 1695 3150 1752; x_wconf 87' lang='lat' dir='ltr'><strong>Etenim</strong></span> <span class='ocrx_word' id='word_1_322' title='bbox 3178 1699 3434 1755; x_wconf 80' lang='lat' dir='ltr'><strong>innocen-</strong></span> 
     </span>
    </p>
   </div>
   <div class='ocr_carea' id='block_1_46' title="bbox 1861 1787 3429 1858">
    <p class='ocr_par' dir='ltr' id='par_1_46' title="bbox 1861 1787 3429 1858">
     <span class='ocr_line' id='line_1_46' title="bbox 1861 1787 3429 1858; baseline 0.004 -19"><span class='ocrx_word' id='word_1_323' title='bbox 1861 1788 1989 1839; x_wconf 87' lang='lat' dir='ltr'><strong>tiam</strong></span> <span class='ocrx_word' id='word_1_324' title='bbox 2027 1802 2180 1841; x_wconf 89' lang='lat' dir='ltr'><strong>suam</strong></span> <span class='ocrx_word' id='word_1_325' title='bbox 2204 1787 2471 1851; x_wconf 86' lang='lat' dir='ltr'><strong>neminat,</strong></span> <span class='ocrx_word' id='word_1_326' title='bbox 2510 1789 2664 1855; x_wconf 91' lang='lat' dir='ltr'><strong>quasi</strong></span> <span class='ocrx_word' id='word_1_327' title='bbox 2698 1790 3121 1858; x_wconf 87' lang='lat' dir='ltr'><strong>simplicitatem,</strong></span> <span class='ocrx_word' id='word_1_328' title='bbox 3153 1807 3217 1845; x_wconf 91' lang='lat' dir='ltr'><strong>ac</strong></span> <span class='ocrx_word' id='word_1_329' title='bbox 3266 1793 3429 1847; x_wconf 88' lang='lat' dir='ltr'><strong>insci-</strong></span> 
     </span>
    </p>
   </div>
   <div class='ocr_carea' id='block_1_47' title="bbox 1862 1879 3430 1948">
    <p class='ocr_par' dir='ltr' id='par_1_47' title="bbox 1862 1879 3430 1948">
     <span class='ocr_line' id='line_1_47' title="bbox 1862 1879 3430 1948; baseline 0.004 -18"><span class='ocrx_word' id='word_1_330' title='bbox 1862 1880 1989 1931; x_wconf 86' lang='lat' dir='ltr'><strong>tiam</strong></span> <span class='ocrx_word' id='word_1_331' title='bbox 2050 1893 2409 1947; x_wconf 71' lang='lat' dir='ltr'><strong>eorumqua:</strong></span> <span class='ocrx_word' id='word_1_332' title='bbox 2459 1879 2678 1948; x_wconf 78' lang='lat' dir='ltr'><strong>cognitu</strong></span> <span class='ocrx_word' id='word_1_333' title='bbox 2743 1880 2891 1933; x_wconf 89' lang='lat' dir='ltr'><strong>utilia</strong></span> <span class='ocrx_word' id='word_1_334' title='bbox 2945 1891 3120 1935; x_wconf 89' lang='lat' dir='ltr'><strong>sunt:</strong></span> <span class='ocrx_word' id='word_1_335' title='bbox 3187 1882 3328 1936; x_wconf 87' lang='lat' dir='ltr'><strong>sicut</strong></span> <span class='ocrx_word' id='word_1_336' title='bbox 3374 1883 3430 1936; x_wconf 90' lang='lat' dir='ltr'><strong>in</strong></span> 
     </span>
    </p>
   </div>
   <div class='ocr_carea' id='block_1_48' title="bbox 1857 1971 3427 2028">
    <p class='ocr_par' dir='ltr' id='par_1_48' title="bbox 1857 1971 3427 2028">
     <span class='ocr_line' id='line_1_48' title="bbox 1857 1971 3427 2028; baseline 0.001 -2"><span class='ocrx_word' id='word_1_337' title='bbox 1857 1971 2163 2027; x_wconf 82' lang='lat' dir='ltr'><strong>Proverbiis</strong></span> <span class='ocrx_word' id='word_1_338' title='bbox 2211 1972 2409 2027; x_wconf 89' lang='lat' dir='ltr'><strong>dicitur</strong></span> <span class='ocrx_word' id='word_1_339' title='bbox 2442 1990 2454 2025; x_wconf 90' lang='lat'><strong>:</strong></span> <span class='ocrx_word' id='word_1_340' title='bbox 2485 1971 2745 2026; x_wconf 80' lang='lat' dir='ltr'><strong>Innoceus</strong></span> <span class='ocrx_word' id='word_1_341' title='bbox 2793 1972 2957 2027; x_wconf 82' lang='lat' dir='ltr'><strong>credit</strong></span> <span class='ocrx_word' id='word_1_342' title='bbox 3007 1975 3146 2026; x_wconf 86' lang='lat' dir='ltr'><strong>omni</strong></span> <span class='ocrx_word' id='word_1_343' title='bbox 3195 1973 3427 2028; x_wconf 81' lang='lat' dir='ltr'><strong>verba“.</strong></span> 
     </span>
    </p>
   </div>
   <div class='ocr_carea' id='block_1_49' title="bbox 1858 2065 3428 2134">
    <p class='ocr_par' dir='ltr' id='par_1_49' title="bbox 1858 2065 3428 2134">
     <span class='ocr_line' id='line_1_49' title="bbox 1858 2065 3428 2134; baseline 0.001 -16"><span class='ocrx_word' id='word_1_344' title='bbox 1858 2066 2123 2132; x_wconf 84' lang='lat' dir='ltr'><strong>Quoniam</strong></span> <span class='ocrx_word' id='word_1_345' title='bbox 2159 2065 2340 2134; x_wconf 79' lang='lat' dir='ltr'><strong>itaque</strong></span> <span class='ocrx_word' id='word_1_346' title='bbox 2391 2081 2488 2120; x_wconf 88' lang='lat' dir='ltr'><strong>nos</strong></span> <span class='ocrx_word' id='word_1_347' title='bbox 2521 2065 2770 2120; x_wconf 86' lang='lat' dir='ltr'><strong>homines</strong></span> <span class='ocrx_word' id='word_1_348' title='bbox 2809 2065 2861 2120; x_wconf 92' lang='lat' dir='ltr'><strong>in</strong></span> <span class='ocrx_word' id='word_1_349' title='bbox 2900 2065 3088 2120; x_wconf 86' lang='lat' dir='ltr'><strong>multis</strong></span> <span class='ocrx_word' id='word_1_350' title='bbox 3119 2066 3334 2120; x_wconf 89' lang='lat' dir='ltr'><strong>incaute</strong></span> <span class='ocrx_word' id='word_1_351' title='bbox 3362 2081 3428 2120; x_wconf 75' lang='lat' dir='ltr'><strong>ex</strong></span> 
     </span>
    </p>
   </div>
   <div class='ocr_carea' id='block_1_50' title="bbox 1859 2153 3431 2226">
    <p class='ocr_par' dir='ltr' id='par_1_50' title="bbox 1859 2153 3431 2226">
     <span class='ocr_line' id='line_1_50' title="bbox 1859 2153 3431 2226; baseline -0.001 -16"><span class='ocrx_word' id='word_1_352' title='bbox 1859 2157 2125 2226; x_wconf 76' lang='lat' dir='ltr'><strong>imperitia</strong></span> <span class='ocrx_word' id='word_1_353' title='bbox 2189 2153 2553 2222; x_wconf 79' lang='lat' dir='ltr'><strong>oll&#39;endimus,</strong></span> <span class='ocrx_word' id='word_1_354' title='bbox 2617 2157 2784 2210; x_wconf 91' lang='lat' dir='ltr'><strong>Deum</strong></span> <span class='ocrx_word' id='word_1_355' title='bbox 2837 2166 3013 2225; x_wconf 79' lang='lat' dir='ltr'><strong>rogat,</strong></span> <span class='ocrx_word' id='word_1_356' title='bbox 3074 2157 3315 2224; x_wconf 84' lang='lat' dir='ltr'><strong>petitque</strong></span> <span class='ocrx_word' id='word_1_357' title='bbox 3373 2165 3431 2209; x_wconf 88' lang='lat' dir='ltr'><strong>ut</strong></span> 
     </span>
    </p>
   </div>
   <div class='ocr_carea' id='block_1_51' title="bbox 1857 2248 3432 2318">
    <p class='ocr_par' dir='ltr' id='par_1_51' title="bbox 1857 2248 3432 2318">
     <span class='ocr_line' id='line_1_51' title="bbox 1857 2248 3432 2318; baseline 0.001 -17"><span class='ocrx_word' id='word_1_358' title='bbox 1857 2252 2066 2304; x_wconf 83' lang='lat' dir='ltr'><strong>veniam</strong></span> <span class='ocrx_word' id='word_1_359' title='bbox 2103 2261 2323 2318; x_wconf 86' lang='lat' dir='ltr'><strong>prepter</strong></span> <span class='ocrx_word' id='word_1_360' title='bbox 2379 2249 2744 2302; x_wconf 85' lang='lat' dir='ltr'><strong>innocentiam</strong></span> <span class='ocrx_word' id='word_1_361' title='bbox 2781 2257 3124 2316; x_wconf 89' lang='lat' dir='ltr'><strong>assequatur.</strong></span> <span class='ocrx_word' id='word_1_362' title='bbox 3163 2248 3286 2303; x_wconf 89' lang='lat' dir='ltr'><strong>lude</strong></span> <span class='ocrx_word' id='word_1_363' title='bbox 3330 2263 3432 2302; x_wconf 84' lang='lat' dir='ltr'><strong>au-</strong></span> 
     </span>
    </p>
   </div>
   <div class='ocr_carea' id='block_1_52' title="bbox 1859 2337 3432 2403">
    <p class='ocr_par' dir='ltr' id='par_1_52' title="bbox 1859 2337 3432 2403">
     <span class='ocr_line' id='line_1_52' title="bbox 1859 2337 3432 2403; baseline -0.001 -12"><span class='ocrx_word' id='word_1_364' title='bbox 1859 2350 1961 2393; x_wconf 91' lang='lat' dir='ltr'><strong>tem</strong></span> <span class='ocrx_word' id='word_1_365' title='bbox 1993 2338 2337 2392; x_wconf 85' lang='lat' dir='ltr'><strong>manifestum</strong></span> <span class='ocrx_word' id='word_1_366' title='bbox 2375 2348 2459 2390; x_wconf 88' lang='lat' dir='ltr'><strong>est</strong></span> <span class='ocrx_word' id='word_1_367' title='bbox 2488 2337 2758 2403; x_wconf 82' lang='lat' dir='ltr'><strong>loquentis</strong></span> <span class='ocrx_word' id='word_1_368' title='bbox 2781 2337 3137 2390; x_wconf 85' lang='lat' dir='ltr'><strong>humilitatem</strong></span> <span class='ocrx_word' id='word_1_369' title='bbox 3159 2338 3242 2392; x_wconf 85' lang='lat' dir='ltr'><strong>his</strong></span> <span class='ocrx_word' id='word_1_370' title='bbox 3274 2339 3432 2392; x_wconf 88' lang='lat' dir='ltr'><strong>dictis</strong></span> 
     </span>
    </p>
   </div>
   <div class='ocr_carea' id='block_1_53' title="bbox 1855 2429 3431 2502">
    <p class='ocr_par' dir='ltr' id='par_1_53' title="bbox 1855 2429 3431 2502">
     <span class='ocr_line' id='line_1_53' title="bbox 1855 2429 3431 2502; baseline -0.003 -18"><span class='ocrx_word' id='word_1_371' title='bbox 1855 2433 2026 2502; x_wconf 88' lang='lat' dir='ltr'><strong>magis</strong></span> <span class='ocrx_word' id='word_1_372' title='bbox 2063 2431 2314 2496; x_wconf 87' lang='lat' dir='ltr'><strong>indicari,</strong></span> <span class='ocrx_word' id='word_1_373' title='bbox 2355 2446 2515 2500; x_wconf 90' lang='lat' dir='ltr'><strong>quam</strong></span> <span class='ocrx_word' id='word_1_374' title='bbox 2573 2430 2903 2498; x_wconf 90' lang='lat' dir='ltr'><strong>superbiam.</strong></span> <span class='ocrx_word' id='word_1_375' title='bbox 2936 2429 3129 2483; x_wconf 74' lang='lat' dir='ltr'><strong>Indica</strong></span> <span class='ocrx_word' id='word_1_376' title='bbox 3160 2446 3239 2482; x_wconf 88' lang='lat' dir='ltr'><strong>me</strong></span> <span class='ocrx_word' id='word_1_377' title='bbox 3261 2429 3431 2500; x_wconf 75' lang='lat' dir='ltr'><strong>enim,</strong></span> 
     </span>
    </p>
   </div>
   <div class='ocr_carea' id='block_1_54' title="bbox 1861 2521 3431 2592">
    <p class='ocr_par' dir='ltr' id='par_1_54' title="bbox 1861 2521 3431 2592">
     <span class='ocr_line' id='line_1_54' title="bbox 1861 2521 3431 2592; baseline -0.001 -16"><span class='ocrx_word' id='word_1_378' title='bbox 1861 2524 2056 2592; x_wconf 85' lang='lat' dir='ltr'><strong>inquit,</strong></span> <span class='ocrx_word' id='word_1_379' title='bbox 2129 2524 2414 2576; x_wconf 79' lang='lat' dir='ltr'><strong>secundum</strong></span> <span class='ocrx_word' id='word_1_380' title='bbox 2471 2521 2738 2592; x_wconf 80' lang='lat' dir='ltr'><strong>justitiam</strong></span> <span class='ocrx_word' id='word_1_381' title='bbox 2797 2538 2984 2586; x_wconf 86' lang='lat' dir='ltr'><strong>meam,</strong></span> <span class='ocrx_word' id='word_1_382' title='bbox 3023 2533 3070 2574; x_wconf 88' lang='lat' dir='ltr'><strong>et</strong></span> <span class='ocrx_word' id='word_1_383' title='bbox 3120 2521 3296 2590; x_wconf 77' lang='lat' dir='ltr'><strong>iudica</strong></span> <span class='ocrx_word' id='word_1_384' title='bbox 3345 2537 3431 2574; x_wconf 88' lang='lat' dir='ltr'><strong>me</strong></span> 
     </span>
    </p>
   </div>
   <div class='ocr_carea' id='block_1_55' title="bbox 1854 2612 3431 2682">
    <p class='ocr_par' dir='ltr' id='par_1_55' title="bbox 1854 2612 3431 2682">
     <span class='ocr_line' id='line_1_55' title="bbox 1854 2612 3431 2682; baseline -0.003 -12"><span class='ocrx_word' id='word_1_385' title='bbox 1854 2617 2141 2670; x_wconf 83' lang='lat' dir='ltr'><strong>secundum</strong></span> <span class='ocrx_word' id='word_1_386' title='bbox 2193 2616 2548 2670; x_wconf 83' lang='lat' dir='ltr'><strong>innocentiam</strong></span> <span class='ocrx_word' id='word_1_387' title='bbox 2609 2616 2660 2668; x_wconf 89' lang='lat' dir='ltr'><strong>in</strong></span> <span class='ocrx_word' id='word_1_388' title='bbox 2718 2629 2803 2668; x_wconf 89' lang='lat' dir='ltr'><strong>me</strong></span> <span class='ocrx_word' id='word_1_389' title='bbox 2850 2615 3219 2669; x_wconf 81' lang='lat' dir='ltr'><strong>exsistentem.</strong></span> <span class='ocrx_word' id='word_1_390' title='bbox 3250 2612 3431 2682; x_wconf 85' lang='lat' dir='ltr'><strong>Itaque</strong></span> 
     </span>
    </p>
   </div>
   <div class='ocr_carea' id='block_1_56' title="bbox 1849 2707 3428 2778">
    <p class='ocr_par' dir='ltr' id='par_1_56' title="bbox 1849 2707 3428 2778">
     <span class='ocr_line' id='line_1_56' title="bbox 1849 2707 3428 2778; baseline -0.003 -16"><span class='ocrx_word' id='word_1_391' title='bbox 1849 2709 2117 2778; x_wconf 80' lang='lat' dir='ltr'><strong>justitiam</strong></span> <span class='ocrx_word' id='word_1_392' title='bbox 2151 2708 2368 2777; x_wconf 89' lang='lat' dir='ltr'><strong>quidem</strong></span> <span class='ocrx_word' id='word_1_393' title='bbox 2409 2723 2580 2760; x_wconf 89' lang='lat' dir='ltr'><strong>meam</strong></span> <span class='ocrx_word' id='word_1_394' title='bbox 2635 2707 2927 2778; x_wconf 77' lang='lat' dir='ltr'><strong>fragilitate</strong></span> <span class='ocrx_word' id='word_1_395' title='bbox 2976 2709 3210 2761; x_wconf 79' lang='lat' dir='ltr'><strong>liutnana</strong></span> <span class='ocrx_word' id='word_1_396' title='bbox 3242 2707 3428 2760; x_wconf 83' lang='lat' dir='ltr'><strong>adme-</strong></span> 
     </span>
    </p>
   </div>
   <div class='ocr_carea' id='block_1_57' title="bbox 1857 2801 3429 2870">
    <p class='ocr_par' dir='ltr' id='par_1_57' title="bbox 1857 2801 3429 2870">
     <span class='ocr_line' id='line_1_57' title="bbox 1857 2801 3429 2870; baseline -0.001 -14"><span class='ocrx_word' id='word_1_397' title='bbox 1857 2805 2012 2865; x_wconf 85' lang='lat' dir='ltr'><strong>tiens,</strong></span> <span class='ocrx_word' id='word_1_398' title='bbox 2051 2804 2129 2857; x_wconf 90' lang='lat' dir='ltr'><strong>sic</strong></span> <span class='ocrx_word' id='word_1_399' title='bbox 2153 2802 2334 2870; x_wconf 87' lang='lat' dir='ltr'><strong>judica</strong></span> <span class='ocrx_word' id='word_1_400' title='bbox 2371 2816 2454 2854; x_wconf 90' lang='lat' dir='ltr'><strong>me</strong></span> <span class='ocrx_word' id='word_1_401' title='bbox 2484 2820 2496 2854; x_wconf 90' lang='lat'>:</span> <span class='ocrx_word' id='word_1_402' title='bbox 2533 2818 2739 2854; x_wconf 89' lang='lat' dir='ltr'><strong>morum</strong></span> <span class='ocrx_word' id='word_1_403' title='bbox 2779 2816 2903 2855; x_wconf 73' lang='lat' dir='ltr'><strong>vero</strong></span> <span class='ocrx_word' id='word_1_404' title='bbox 2947 2817 3187 2856; x_wconf 91' lang='lat' dir='ltr'><strong>meorum</strong></span> <span class='ocrx_word' id='word_1_405' title='bbox 3222 2801 3429 2870; x_wconf 88' lang='lat' dir='ltr'><strong>simpli-</strong></span> 
     </span>
    </p>
   </div>
   <div class='ocr_carea' id='block_1_58' title="bbox 163 2889 1746 2962">
    <p class='ocr_par' dir='ltr' id='par_1_58' title="bbox 163 2889 1746 2962">
     <span class='ocr_line' id='line_1_58' title="bbox 163 2889 1746 2962; baseline 0.001 -19"><span class='ocrx_word' id='word_1_406' title='bbox 163 2889 378 2962; x_wconf 86' lang='grc' dir='ltr'>μαθὼν,</span> <span class='ocrx_word' id='word_1_407' title='bbox 408 2890 481 2962; x_wconf 85' lang='grc' dir='ltr'>μὴ</span> <span class='ocrx_word' id='word_1_408' title='bbox 517 2891 590 2954; x_wconf 86' lang='grc' dir='ltr'><strong>ὡς</strong></span> <span class='ocrx_word' id='word_1_409' title='bbox 617 2890 727 2961; x_wconf 77' lang='lat' dir='ltr'><strong>(7i)</strong></span> <span class='ocrx_word' id='word_1_410' title='bbox 759 2891 988 2962; x_wconf 75' lang='grc' dir='ltr'>ἐντρεχῆ</span> <span class='ocrx_word' id='word_1_411' title='bbox 1022 2908 1112 2961; x_wconf 89' lang='grc' dir='ltr'><strong>με,</strong></span> <span class='ocrx_word' id='word_1_412' title='bbox 1150 2890 1283 2962; x_wconf 81' lang='grc' dir='ltr'>μηδὲ</span> <span class='ocrx_word' id='word_1_413' title='bbox 1329 2890 1404 2954; x_wconf 80' lang='grc' dir='ltr'>ὡς</span> <span class='ocrx_word' id='word_1_414' title='bbox 1434 2890 1746 2962; x_wconf 77' lang='grc' dir='ltr'>εὐπερίὸλε-</span> 
     </span>
    </p>
   </div>
   <div class='ocr_carea' id='block_1_59' title="bbox 1862 2889 3428 2962">
    <p class='ocr_par' dir='ltr' id='par_1_59' title="bbox 1862 2892 3428 2960">
     <span class='ocr_line' id='line_1_59' title="bbox 1862 2892 3428 2960; baseline 0 -16"><span class='ocrx_word' id='word_1_415' title='bbox 1862 2893 2077 2944; x_wconf 86' lang='lat' dir='ltr'><strong>citatem</strong></span> <span class='ocrx_word' id='word_1_416' title='bbox 2116 2892 2324 2953; x_wconf 84' lang='lat' dir='ltr'><strong>doctus,</strong></span> <span class='ocrx_word' id='word_1_417' title='bbox 2373 2903 2458 2943; x_wconf 91' lang='lat' dir='ltr'><strong>me</strong></span> <span class='ocrx_word' id='word_1_418' title='bbox 2495 2906 2600 2943; x_wconf 86' lang='lat' dir='ltr'><strong>nun</strong></span> <span class='ocrx_word' id='word_1_419' title='bbox 2634 2900 2692 2942; x_wconf 95' lang='lat' dir='ltr'><strong>ut</strong></span> <span class='ocrx_word' id='word_1_420' title='bbox 2731 2906 3004 2960; x_wconf 83' lang='lat' dir='ltr'><strong>sagacem,</strong></span> <span class='ocrx_word' id='word_1_421' title='bbox 3047 2906 3219 2959; x_wconf 86' lang='lat' dir='ltr'><strong>neque</strong></span> <span class='ocrx_word' id='word_1_422' title='bbox 3264 2901 3322 2946; x_wconf 91' lang='lat' dir='ltr'><strong>ut</strong></span> <span class='ocrx_word' id='word_1_423' title='bbox 3377 2893 3428 2946; x_wconf 89' lang='lat' dir='ltr'><strong>in</strong></span> 
     </span>
    </p>
   </div>
   <div class='ocr_carea' id='block_1_60' title="bbox 156 2982 1754 3054">
    <p class='ocr_par' dir='ltr' id='par_1_60' title="bbox 156 2982 1754 3054">
     <span class='ocr_line' id='line_1_60' title="bbox 156 2982 1754 3054; baseline 0 -19"><span class='ocrx_word' id='word_1_424' title='bbox 156 3001 294 3036; x_wconf 85' lang='grc' dir='ltr'>πτον</span> <span class='ocrx_word' id='word_1_425' title='bbox 319 2984 400 3046; x_wconf 90' lang='grc' dir='ltr'><strong>είς</strong></span> <span class='ocrx_word' id='word_1_426' title='bbox 417 2982 488 3034; x_wconf 75' lang='grc' dir='ltr'>τὰ</span> <span class='ocrx_word' id='word_1_427' title='bbox 514 2983 605 3034; x_wconf 88' lang='grc' dir='ltr'><strong>τοῦ</strong></span> <span class='ocrx_word' id='word_1_428' title='bbox 631 2982 837 3054; x_wconf 80' lang='grc' dir='ltr'>κόσμου</span> <span class='ocrx_word' id='word_1_429' title='bbox 862 2983 1184 3054; x_wconf 81' lang='grc' dir='ltr'>πράγματα,</span> <span class='ocrx_word' id='word_1_430' title='bbox 1221 2982 1394 3048; x_wconf 80' lang='grc' dir='ltr'>οὕτως</span> <span class='ocrx_word' id='word_1_431' title='bbox 1419 2983 1754 3054; x_wconf 83' lang='grc' dir='ltr'>ἁμαρτάνον-</span> 
     </span>
    </p>
   </div>
   <div class='ocr_carea' id='block_1_61' title="bbox 155 3073 1755 3148">
    <p class='ocr_par' dir='ltr' id='par_1_61' title="bbox 155 3073 1755 3148">
     <span class='ocr_line' id='line_1_61' title="bbox 155 3073 1755 3148; baseline 0.001 -20"><span class='ocrx_word' id='word_1_432' title='bbox 155 3074 228 3128; x_wconf 86' lang='grc' dir='ltr'><strong>τόι</strong></span> <span class='ocrx_word' id='word_1_433' title='bbox 261 3091 326 3144; x_wconf 88' lang='grc' dir='ltr'><strong>με</strong></span> <span class='ocrx_word' id='word_1_434' title='bbox 346 3073 739 3146; x_wconf 80' lang='grc' dir='ltr'>καταδικάσῃς.</span> <span class='ocrx_word' id='word_1_435' title='bbox 773 3075 1192 3145; x_wconf 86' lang='grc' dir='ltr'>Συντελεσθήτω</span> <span class='ocrx_word' id='word_1_436' title='bbox 1215 3075 1278 3146; x_wconf 83' lang='grc' dir='ltr'><strong>δὴ</strong></span> <span class='ocrx_word' id='word_1_437' title='bbox 1311 3078 1542 3147; x_wconf 86' lang='grc' dir='ltr'>πονηρία</span> <span class='ocrx_word' id='word_1_438' title='bbox 1577 3078 1755 3148; x_wconf 88' lang='grc' dir='ltr'>ἁμαρ-</span> 
     </span>
    </p>
   </div>
   <div class='ocr_carea' id='block_1_62' title="bbox 155 3165 1754 3237">
    <p class='ocr_par' dir='ltr' id='par_1_62' title="bbox 155 3165 1754 3237">
     <span class='ocr_line' id='line_1_62' title="bbox 155 3165 1754 3237; baseline 0.002 -19"><span class='ocrx_word' id='word_1_439' title='bbox 155 3165 369 3218; x_wconf 80' lang='grc' dir='ltr'>τωλῶν.</span> <span class='ocrx_word' id='word_1_440' title='bbox 417 3167 710 3237; x_wconf 79' lang='grc' dir='ltr'>Ἀντικρυς</span> <span class='ocrx_word' id='word_1_441' title='bbox 760 3167 1010 3237; x_wconf 81' lang='grc' dir='ltr'>μαθητής</span> <span class='ocrx_word' id='word_1_442' title='bbox 1064 3168 1181 3218; x_wconf 81' lang='grc' dir='ltr'>ἐστι</span> <span class='ocrx_word' id='word_1_443' title='bbox 1221 3166 1332 3220; x_wconf 86' lang='grc' dir='ltr'>τῶν</span> <span class='ocrx_word' id='word_1_444' title='bbox 1382 3168 1754 3236; x_wconf 83' lang='grc' dir='ltr'>εύαγγελικῶν</span> 
     </span>
    </p>
   </div>
   <div class='ocr_carea' id='block_1_63' title="bbox 159 3255 1752 3332">
    <p class='ocr_par' dir='ltr' id='par_1_63' title="bbox 159 3255 1752 3332">
     <span class='ocr_line' id='line_1_63' title="bbox 159 3255 1752 3332; baseline 0.002 -23"><span class='ocrx_word' id='word_1_445' title='bbox 159 3255 834 3328; x_wconf 85' lang='grc' dir='ltr'>προσταγμάτωνὸταῦτα</span> <span class='ocrx_word' id='word_1_446' title='bbox 877 3255 1192 3328; x_wconf 82' lang='grc' dir='ltr'>εὐχόμενος.</span> <span class='ocrx_word' id='word_1_447' title='bbox 1223 3258 1592 3330; x_wconf 87' lang='grc' dir='ltr'>Προσεύχεται</span> <span class='ocrx_word' id='word_1_448' title='bbox 1647 3259 1752 3332; x_wconf 79' lang='grc' dir='ltr'>γὰρ</span> 
     </span>
    </p>
   </div>
   <div class='ocr_carea' id='block_1_64' title="bbox 159 3346 1752 3422">
    <p class='ocr_par' dir='ltr' id='par_1_64' title="bbox 159 3346 1752 3422">
     <span class='ocr_line' id='line_1_64' title="bbox 159 3346 1752 3422; baseline 0.001 -22"><span class='ocrx_word' id='word_1_449' title='bbox 159 3346 304 3418; x_wconf 76' lang='grc' dir='ltr'>ὑπὲρ</span> <span class='ocrx_word' id='word_1_450' title='bbox 333 3347 442 3400; x_wconf 84' lang='grc' dir='ltr'><strong>τῶν</strong></span> <span class='ocrx_word' id='word_1_451' title='bbox 473 3346 890 3418; x_wconf 78' lang='grc' dir='ltr'>ἐπηρεαζόντων</span> <span class='ocrx_word' id='word_1_452' title='bbox 913 3349 1094 3413; x_wconf 77' lang='grc' dir='ltr'>αὐτὸν,</span> <span class='ocrx_word' id='word_1_453' title='bbox 1118 3348 1282 3412; x_wconf 84' lang='grc' dir='ltr'>ἀξιῶν</span> <span class='ocrx_word' id='word_1_454' title='bbox 1308 3348 1502 3420; x_wconf 85' lang='grc' dir='ltr'>πέρατι</span> <span class='ocrx_word' id='word_1_455' title='bbox 1527 3351 1619 3402; x_wconf 69' lang='grc' dir='ltr'><strong>καὶ</strong></span> <span class='ocrx_word' id='word_1_456' title='bbox 1641 3351 1752 3422; x_wconf 82' lang='grc' dir='ltr'>ὅρῳ</span> 
     </span>
    </p>
   </div>
   <div class='ocr_carea' id='block_1_65' title="bbox 157 3437 1750 3510">
    <p class='ocr_par' dir='ltr' id='par_1_65' title="bbox 157 3437 1750 3510">
     <span class='ocr_line' id='line_1_65' title="bbox 157 3437 1750 3510; baseline 0.003 -21"><span class='ocrx_word' id='word_1_457' title='bbox 157 3437 265 3490; x_wconf 83' lang='grc' dir='ltr'>τινὶ</span> <span class='ocrx_word' id='word_1_458' title='bbox 304 3437 406 3509; x_wconf 78' lang='grc' dir='ltr'>τὴν</span> <span class='ocrx_word' id='word_1_459' title='bbox 447 3438 712 3508; x_wconf 83' lang='grc' dir='ltr'>πονηρίαν</span> <span class='ocrx_word' id='word_1_460' title='bbox 735 3437 843 3490; x_wconf 83' lang='grc' dir='ltr'><strong>τῶν</strong></span> <span class='ocrx_word' id='word_1_461' title='bbox 869 3438 1290 3510; x_wconf 82' lang='grc' dir='ltr'>ἁμαρτανόντων</span> <span class='ocrx_word' id='word_1_462' title='bbox 1319 3438 1750 3510; x_wconf 71' lang='grc' dir='ltr'>περιγραφῆναι.</span> 
     </span>
    </p>
   </div>
   <div class='ocr_carea' id='block_1_66' title="bbox 161 3529 1755 3603">
    <p class='ocr_par' dir='ltr' id='par_1_66' title="bbox 161 3529 1755 3603">
     <span class='ocr_line' id='line_1_66' title="bbox 161 3529 1755 3603; baseline 0.002 -21"><span class='ocrx_word' id='word_1_463' title='bbox 161 3531 334 3582; x_wconf 83' lang='grc' dir='ltr'>Ὥσπε</span> <span class='ocrx_word' id='word_1_464' title='bbox 342 3547 372 3601; x_wconf 88' lang='grc' dir='ltr'><strong>ρ</strong></span> <span class='ocrx_word' id='word_1_465' title='bbox 394 3529 460 3584; x_wconf 81' lang='grc' dir='ltr'><strong>ἂν</strong></span> <span class='ocrx_word' id='word_1_466' title='bbox 483 3531 536 3583; x_wconf 85' lang='grc' dir='ltr'><strong>εἴ</strong></span> <span class='ocrx_word' id='word_1_467' title='bbox 552 3548 634 3595; x_wconf 87' lang='grc' dir='ltr'><strong>τις</strong></span> <span class='ocrx_word' id='word_1_468' title='bbox 648 3531 789 3603; x_wconf 78' lang='grc' dir='ltr'>ὑπὲρ</span> <span class='ocrx_word' id='word_1_469' title='bbox 806 3531 913 3586; x_wconf 85' lang='grc' dir='ltr'><strong>τῶν</strong></span> <span class='ocrx_word' id='word_1_470' title='bbox 931 3531 1246 3602; x_wconf 89' lang='grc' dir='ltr'>καμνόντων</span> <span class='ocrx_word' id='word_1_471' title='bbox 1273 3532 1335 3585; x_wconf 83' lang='grc' dir='ltr'><strong>τὸ</strong></span> <span class='ocrx_word' id='word_1_472' title='bbox 1353 3532 1512 3603; x_wconf 85' lang='grc' dir='ltr'>σῶμα</span> <span class='ocrx_word' id='word_1_473' title='bbox 1530 3549 1755 3602; x_wconf 86' lang='grc' dir='ltr'>προσευ-</span> 
     </span>
    </p>
   </div>
   <div class='ocr_carea' id='block_1_67' title="bbox 159 3622 1750 3696">
    <p class='ocr_par' dir='ltr' id='par_1_67' title="bbox 159 3622 1750 3696">
     <span class='ocr_line' id='line_1_67' title="bbox 159 3622 1750 3696; baseline 0.003 -22"><span class='ocrx_word' id='word_1_474' title='bbox 159 3622 224 3696; x_wconf 91' lang='grc' dir='ltr'><strong>χό</strong></span> <span class='ocrx_word' id='word_1_475' title='bbox 229 3639 386 3692; x_wconf 88' lang='grc' dir='ltr'>μενος</span> <span class='ocrx_word' id='word_1_476' title='bbox 398 3622 566 3691; x_wconf 80' lang='grc' dir='ltr'>λέγοι·</span> <span class='ocrx_word' id='word_1_477' title='bbox 583 3623 804 3676; x_wconf 87' lang='grc' dir='ltr'>Συντελε</span> <span class='ocrx_word' id='word_1_478' title='bbox 811 3624 992 3694; x_wconf 85' lang='grc' dir='ltr'>σθήτω</span> <span class='ocrx_word' id='word_1_479' title='bbox 1007 3623 1069 3692; x_wconf 83' lang='grc' dir='ltr'>δὴ</span> <span class='ocrx_word' id='word_1_480' title='bbox 1086 3627 1118 3694; x_wconf 83' lang='grc' dir='ltr'>ἠ</span> <span class='ocrx_word' id='word_1_481' title='bbox 1133 3625 1285 3687; x_wconf 84' lang='grc' dir='ltr'>νόσος</span> <span class='ocrx_word' id='word_1_482' title='bbox 1295 3623 1403 3676; x_wconf 85' lang='grc' dir='ltr'><strong>τῶν</strong></span> <span class='ocrx_word' id='word_1_483' title='bbox 1415 3623 1750 3694; x_wconf 86' lang='grc' dir='ltr'>καμνόντων.</span> 
     </span>
    </p>
   </div>
   <div class='ocr_carea' id='block_1_68' title="bbox 163 3713 1753 3786">
    <p class='ocr_par' dir='ltr' id='par_1_68' title="bbox 163 3713 1753 3786">
     <span class='ocr_line' id='line_1_68' title="bbox 163 3713 1753 3786; baseline 0.001 -20"><span class='ocrx_word' id='word_1_484' title='bbox 163 3715 279 3766; x_wconf 86' lang='grc' dir='ltr'>Ἵνα</span> <span class='ocrx_word' id='word_1_485' title='bbox 293 3715 401 3786; x_wconf 82' lang='grc' dir='ltr'>γὰρ</span> <span class='ocrx_word' id='word_1_486' title='bbox 423 3715 496 3786; x_wconf 79' lang='grc' dir='ltr'><strong>μὴ</strong></span> <span class='ocrx_word' id='word_1_487' title='bbox 512 3715 602 3767; x_wconf 75' lang='grc' dir='ltr'><strong>ἐπὶ</strong></span> <span class='ocrx_word' id='word_1_488' title='bbox 615 3715 774 3768; x_wconf 80' lang='grc' dir='ltr'>πλέον</span> <span class='ocrx_word' id='word_1_489' title='bbox 790 3716 1036 3786; x_wconf 71' lang='grc' dir='ltr'>ἕρπουσα</span> <span class='ocrx_word' id='word_1_490' title='bbox 1051 3715 1125 3779; x_wconf 85' lang='grc' dir='ltr'>ὡς</span> <span class='ocrx_word' id='word_1_491' title='bbox 1139 3716 1248 3786; x_wconf 75' lang='lat'><strong>(72)</strong></span> <span class='ocrx_word' id='word_1_492' title='bbox 1262 3715 1570 3786; x_wconf 84' lang='grc' dir='ltr'>γάγγραινα</span> <span class='ocrx_word' id='word_1_493' title='bbox 1582 3713 1753 3786; x_wconf 83' lang='grc' dir='ltr'>νομὴν</span> 
     </span>
    </p>
   </div>
   <div class='ocr_carea' id='block_1_69' title="bbox 160 3803 1754 3878">
    <p class='ocr_par' dir='ltr' id='par_1_69' title="bbox 160 3803 1754 3878">
     <span class='ocr_line' id='line_1_69' title="bbox 160 3803 1754 3878; baseline 0 -21"><span class='ocrx_word' id='word_1_494' title='bbox 160 3805 224 3857; x_wconf 83' lang='grc' dir='ltr'><strong>λα</strong></span> <span class='ocrx_word' id='word_1_495' title='bbox 233 3803 458 3878; x_wconf 73' lang='grc' dir='ltr'><strong>μεάνῃή</strong></span> <span class='ocrx_word' id='word_1_496' title='bbox 480 3805 744 3877; x_wconf 88' lang='grc' dir='ltr'>ἁμαρτία,</span> <span class='ocrx_word' id='word_1_497' title='bbox 760 3803 978 3876; x_wconf 76' lang='grc' dir='ltr'>εὔχεται</span> <span class='ocrx_word' id='word_1_498' title='bbox 995 3805 1148 3876; x_wconf 84' lang='grc' dir='ltr'><strong>παρά</strong></span> <span class='ocrx_word' id='word_1_499' title='bbox 1161 3805 1316 3870; x_wconf 87' lang='grc' dir='ltr'>Θεοῦ,</span> <span class='ocrx_word' id='word_1_500' title='bbox 1339 3806 1530 3876; x_wconf 83' lang='grc' dir='ltr'>στῆναι</span> <span class='ocrx_word' id='word_1_501' title='bbox 1541 3805 1636 3858; x_wconf 75' lang='grc' dir='ltr'><strong>καὶ</strong></span> <span class='ocrx_word' id='word_1_502' title='bbox 1649 3807 1754 3875; x_wconf 70' lang='grc' dir='ltr'>όριρ</span> 
     </span>
    </p>
   </div>
   <div class='ocr_carea' id='block_1_70' title="bbox 163 3895 1755 3969">
    <p class='ocr_par' dir='ltr' id='par_1_70' title="bbox 163 3895 1755 3969">
     <span class='ocr_line' id='line_1_70' title="bbox 163 3895 1755 3969; baseline 0 -19"><span class='ocrx_word' id='word_1_503' title='bbox 163 3895 356 3966; x_wconf 78' lang='grc' dir='ltr'>σθῆναι</span> <span class='ocrx_word' id='word_1_504' title='bbox 371 3897 468 3967; x_wconf 83' lang='grc' dir='ltr'>τὴν</span> <span class='ocrx_word' id='word_1_505' title='bbox 482 3897 572 3948; x_wconf 75' lang='grc' dir='ltr'>ἐπὶ</span> <span class='ocrx_word' id='word_1_506' title='bbox 586 3896 746 3950; x_wconf 82' lang='grc' dir='ltr'>πλέον</span> <span class='ocrx_word' id='word_1_507' title='bbox 762 3897 918 3968; x_wconf 85' lang='grc' dir='ltr'>χύσιν</span> <span class='ocrx_word' id='word_1_508' title='bbox 931 3897 1030 3967; x_wconf 83' lang='grc' dir='ltr'>τῆς</span> <span class='ocrx_word' id='word_1_509' title='bbox 1045 3897 1339 3969; x_wconf 84' lang='grc' dir='ltr'>ἁμαρτίας,</span> <span class='ocrx_word' id='word_1_510' title='bbox 1355 3899 1382 3950; x_wconf 81' lang='grc' dir='ltr'>ὁ</span> <span class='ocrx_word' id='word_1_511' title='bbox 1393 3897 1618 3966; x_wconf 82' lang='grc' dir='ltr'>ἀγαπῶν</span> <span class='ocrx_word' id='word_1_512' title='bbox 1629 3898 1755 3960; x_wconf 80' lang='grc' dir='ltr'>τοὺς</span> 
     </span>
    </p>
   </div>
   <div class='ocr_carea' id='block_1_71' title="bbox 159 3987 1748 4058">
    <p class='ocr_par' dir='ltr' id='par_1_71' title="bbox 159 3987 1748 4058">
     <span class='ocr_line' id='line_1_71' title="bbox 159 3987 1748 4058; baseline 0 -18"><span class='ocrx_word' id='word_1_513' title='bbox 159 3987 386 4058; x_wconf 77' lang='grc' dir='ltr'>ἐχθροὺς</span> <span class='ocrx_word' id='word_1_514' title='bbox 407 3987 593 4052; x_wconf 83' lang='grc' dir='ltr'>αὑτοῦ,</span> <span class='ocrx_word' id='word_1_515' title='bbox 609 3989 702 4041; x_wconf 76' lang='grc' dir='ltr'>καὶ</span> <span class='ocrx_word' id='word_1_516' title='bbox 719 3988 896 4052; x_wconf 85' lang='grc' dir='ltr'>καλῶς</span> <span class='ocrx_word' id='word_1_517' title='bbox 911 3990 1083 4042; x_wconf 86' lang='grc' dir='ltr'>ποιεῖν</span> <span class='ocrx_word' id='word_1_518' title='bbox 1106 3988 1231 4051; x_wconf 79' lang='grc' dir='ltr'>τοὺς</span> <span class='ocrx_word' id='word_1_519' title='bbox 1255 3987 1544 4058; x_wconf 80' lang='grc' dir='ltr'>μισοῦντας</span> <span class='ocrx_word' id='word_1_520' title='bbox 1562 3987 1748 4058; x_wconf 84' lang='grc' dir='ltr'>βουλό-</span> 
     </span>
    </p>
   </div>
   <div class='ocr_carea' id='block_1_72' title="bbox 163 4076 1747 4148">
    <p class='ocr_par' dir='ltr' id='par_1_72' title="bbox 163 4076 1747 4148">
     <span class='ocr_line' id='line_1_72' title="bbox 163 4076 1747 4148; baseline -0.001 -18"><span class='ocrx_word' id='word_1_521' title='bbox 163 4095 342 4146; x_wconf 84' lang='grc' dir='ltr'>μενος,</span> <span class='ocrx_word' id='word_1_522' title='bbox 367 4077 461 4130; x_wconf 69' lang='grc' dir='ltr'>καὶ</span> <span class='ocrx_word' id='word_1_523' title='bbox 483 4077 568 4130; x_wconf 69' lang='grc' dir='ltr'>διὰ</span> <span class='ocrx_word' id='word_1_524' title='bbox 581 4077 739 4130; x_wconf 88' lang='grc' dir='ltr'>τοῦτο</span> <span class='ocrx_word' id='word_1_525' title='bbox 756 4077 1192 4148; x_wconf 81' lang='grc' dir='ltr'>προσευχόμενος</span> <span class='ocrx_word' id='word_1_526' title='bbox 1209 4078 1349 4148; x_wconf 77' lang='grc' dir='ltr'>ὑπὲρ</span> <span class='ocrx_word' id='word_1_527' title='bbox 1376 4076 1485 4130; x_wconf 82' lang='grc' dir='ltr'><strong>τῶν</strong></span> <span class='ocrx_word' id='word_1_528' title='bbox 1511 4078 1747 4148; x_wconf 79' lang='grc' dir='ltr'>ἐπηρεα-</span> 
     </span>
    </p>
   </div>
   <div class='ocr_carea' id='block_1_73' title="bbox 161 4167 1752 4239">
    <p class='ocr_par' dir='ltr' id='par_1_73' title="bbox 161 4167 1752 4239">
     <span class='ocr_line' id='line_1_73' title="bbox 161 4167 1752 4239; baseline -0.001 -18"><span class='ocrx_word' id='word_1_529' title='bbox 161 4169 358 4234; x_wconf 84' lang='grc' dir='ltr'>ζόντων</span> <span class='ocrx_word' id='word_1_530' title='bbox 395 4169 704 4222; x_wconf 78' lang='grc' dir='ltr'>αὑτόν.Καὶ</span> <span class='ocrx_word' id='word_1_531' title='bbox 741 4168 1396 4234; x_wconf 69' lang='grc' dir='ltr'>κατευθυνεῖςδίκατον.</span> <span class='ocrx_word' id='word_1_532' title='bbox 1427 4167 1602 4239; x_wconf 81' lang='grc' dir='ltr'>Εὐθὴς</span> <span class='ocrx_word' id='word_1_533' title='bbox 1629 4167 1752 4220; x_wconf 81' lang='grc' dir='ltr'>ὁδί-</span> 
     </span>
    </p>
   </div>
   <div class='ocr_carea' id='block_1_74' title="bbox 1859 2981 3426 3050">
    <p class='ocr_par' dir='ltr' id='par_1_74' title="bbox 1859 2981 3426 3050">
     <span class='ocr_line' id='line_1_74' title="bbox 1859 2981 3426 3050; baseline -0.003 -14"><span class='ocrx_word' id='word_1_534' title='bbox 1859 2983 2043 3037; x_wconf 90' lang='lat' dir='ltr'><strong>mundi</strong></span> <span class='ocrx_word' id='word_1_535' title='bbox 2131 2982 2364 3050; x_wconf 86' lang='lat' dir='ltr'><strong>negotiis</strong></span> <span class='ocrx_word' id='word_1_536' title='bbox 2417 2981 2911 3048; x_wconf 81' lang='lat' dir='ltr'><strong>circumspecmm,</strong></span> <span class='ocrx_word' id='word_1_537' title='bbox 2980 2981 3052 3034; x_wconf 84' lang='lat' dir='ltr'><strong>ita</strong></span> <span class='ocrx_word' id='word_1_538' title='bbox 3120 2990 3426 3050; x_wconf 87' lang='lat' dir='ltr'><strong>peccantem</strong></span> 
     </span>
    </p>
   </div>
   <div class='ocr_carea' id='block_1_75' title="bbox 1853 3069 3428 3142">
    <p class='ocr_par' dir='ltr' id='par_1_75' title="bbox 1853 3069 3428 3142">
     <span class='ocr_line' id='line_1_75' title="bbox 1853 3069 3428 3142; baseline -0.001 -14"><span class='ocrx_word' id='word_1_539' title='bbox 1853 3075 2200 3128; x_wconf 86' lang='lat' dir='ltr'><strong>condemnes.</strong></span> <span class='ocrx_word' id='word_1_540' title='bbox 2234 3073 2395 3128; x_wconf 72' lang='lat' dir='ltr'><strong>Vens.</strong></span> <span class='ocrx_word' id='word_1_541' title='bbox 2455 3071 2540 3126; x_wconf 87' lang='grc'><strong>10.</strong></span> <span class='ocrx_word' id='word_1_542' title='bbox 2576 3069 2977 3126; x_wconf 72' lang='lat' dir='ltr'><strong>Consummatur</strong></span> <span class='ocrx_word' id='word_1_543' title='bbox 3019 3089 3155 3125; x_wconf 84' lang='lat' dir='ltr'><strong>nunc</strong></span> <span class='ocrx_word' id='word_1_544' title='bbox 3197 3074 3428 3142; x_wconf 80' lang='lat' dir='ltr'><strong>nequitia</strong></span> 
     </span>
    </p>
   </div>
   <div class='ocr_carea' id='block_1_76' title="bbox 1850 3162 3428 3236">
    <p class='ocr_par' dir='ltr' id='par_1_76' title="bbox 1850 3162 3428 3236">
     <span class='ocr_line' id='line_1_76' title="bbox 1850 3162 3428 3236; baseline -0.001 -16"><span class='ocrx_word' id='word_1_545' title='bbox 1850 3176 2203 3235; x_wconf 83' lang='lat' dir='ltr'><strong>peccatorum.</strong></span> <span class='ocrx_word' id='word_1_546' title='bbox 2242 3165 2366 3220; x_wconf 69' lang='lat' dir='ltr'><strong>llam</strong></span> <span class='ocrx_word' id='word_1_547' title='bbox 2397 3167 2486 3236; x_wconf 91' lang='lat' dir='ltr'><strong>qui</strong></span> <span class='ocrx_word' id='word_1_548' title='bbox 2544 3175 2816 3234; x_wconf 88' lang='lat' dir='ltr'><strong>precatur,</strong></span> <span class='ocrx_word' id='word_1_549' title='bbox 2851 3162 3036 3230; x_wconf 87' lang='lat' dir='ltr'><strong>procul</strong></span> <span class='ocrx_word' id='word_1_550' title='bbox 3071 3164 3231 3218; x_wconf 84' lang='lat' dir='ltr'><strong>dubio</strong></span> <span class='ocrx_word' id='word_1_551' title='bbox 3259 3179 3428 3219; x_wconf 87' lang='lat' dir='ltr'><strong>evan-</strong></span> 
     </span>
    </p>
   </div>
   <div class='ocr_carea' id='block_1_77' title="bbox 1853 3253 3424 3329">
    <p class='ocr_par' dir='ltr' id='par_1_77' title="bbox 1853 3253 3424 3329">
     <span class='ocr_line' id='line_1_77' title="bbox 1853 3253 3424 3329; baseline -0.003 -17"><span class='ocrx_word' id='word_1_552' title='bbox 1853 3259 2144 3329; x_wconf 87' lang='lat' dir='ltr'><strong>gelicorum</strong></span> <span class='ocrx_word' id='word_1_553' title='bbox 2203 3267 2593 3327; x_wconf 73' lang='lat' dir='ltr'><strong>praeceptorum</strong></span> <span class='ocrx_word' id='word_1_554' title='bbox 2646 3254 2940 3325; x_wconf 88' lang='lat' dir='ltr'><strong>discipulus</strong></span> <span class='ocrx_word' id='word_1_555' title='bbox 2990 3265 3092 3308; x_wconf 90' lang='lat' dir='ltr'><strong>est.</strong></span> <span class='ocrx_word' id='word_1_556' title='bbox 3124 3253 3254 3310; x_wconf 91' lang='lat' dir='ltr'><strong>Orat</strong></span> <span class='ocrx_word' id='word_1_557' title='bbox 3283 3255 3424 3309; x_wconf 89' lang='lat' dir='ltr'><strong>enim</strong></span> 
     </span>
    </p>
   </div>
   <div class='ocr_carea' id='block_1_78' title="bbox 1853 3347 3428 3420">
    <p class='ocr_par' dir='ltr' id='par_1_78' title="bbox 1853 3347 3428 3420">
     <span class='ocr_line' id='line_1_78' title="bbox 1853 3347 3428 3420; baseline -0.001 -18"><span class='ocrx_word' id='word_1_558' title='bbox 1853 3363 1950 3418; x_wconf 92' lang='lat' dir='ltr'><strong>pro</strong></span> <span class='ocrx_word' id='word_1_559' title='bbox 1977 3348 2420 3420; x_wconf 86' lang='lat' dir='ltr'><strong>persequentibus</strong></span> <span class='ocrx_word' id='word_1_560' title='bbox 2438 3348 2630 3418; x_wconf 88' lang='lat' dir='ltr'><strong>ipsum,</strong></span> <span class='ocrx_word' id='word_1_561' title='bbox 2660 3347 2894 3415; x_wconf 89' lang='lat' dir='ltr'><strong>petitque</strong></span> <span class='ocrx_word' id='word_1_562' title='bbox 2914 3357 2968 3401; x_wconf 93' lang='lat' dir='ltr'><strong>ut</strong></span> <span class='ocrx_word' id='word_1_563' title='bbox 3001 3347 3102 3401; x_wconf 83' lang='lat' dir='ltr'><strong>line</strong></span> <span class='ocrx_word' id='word_1_564' title='bbox 3125 3356 3179 3402; x_wconf 89' lang='lat' dir='ltr'><strong>et</strong></span> <span class='ocrx_word' id='word_1_565' title='bbox 3201 3347 3428 3402; x_wconf 88' lang='lat' dir='ltr'><strong>termino</strong></span> 
     </span>
    </p>
   </div>
   <div class='ocr_carea' id='block_1_79' title="bbox 1856 3437 3422 3508">
    <p class='ocr_par' dir='ltr' id='par_1_79' title="bbox 1856 3437 3422 3508">
     <span class='ocr_line' id='line_1_79' title="bbox 1856 3437 3422 3508; baseline -0.004 -15"><span class='ocrx_word' id='word_1_566' title='bbox 1856 3441 2094 3508; x_wconf 88' lang='lat' dir='ltr'><strong>quodam</strong></span> <span class='ocrx_word' id='word_1_567' title='bbox 2176 3449 2520 3506; x_wconf 89' lang='lat' dir='ltr'><strong>peccatorum</strong></span> <span class='ocrx_word' id='word_1_568' title='bbox 2594 3438 2850 3506; x_wconf 72' lang='lat' dir='ltr'><strong>iniquitas</strong></span> <span class='ocrx_word' id='word_1_569' title='bbox 2927 3437 3422 3492; x_wconf 89' lang='lat' dir='ltr'><strong>circumscribatur.</strong></span> 
     </span>
    </p>
   </div>
   <div class='ocr_carea' id='block_1_80' title="bbox 1856 3530 3427 3600">
    <p class='ocr_par' dir='ltr' id='par_1_80' title="bbox 1856 3530 3427 3600">
     <span class='ocr_line' id='line_1_80' title="bbox 1856 3530 3427 3600; baseline -0.003 -12"><span class='ocrx_word' id='word_1_570' title='bbox 1856 3532 2341 3600; x_wconf 77' lang='lat' dir='ltr'><strong>Quemadmodum,</strong></span> <span class='ocrx_word' id='word_1_571' title='bbox 2376 3531 2421 3586; x_wconf 91' lang='lat' dir='ltr'><strong>si</strong></span> <span class='ocrx_word' id='word_1_572' title='bbox 2489 3531 2612 3600; x_wconf 91' lang='lat' dir='ltr'><strong>quis</strong></span> <span class='ocrx_word' id='word_1_573' title='bbox 2669 3545 2766 3598; x_wconf 89' lang='lat' dir='ltr'><strong>pro</strong></span> <span class='ocrx_word' id='word_1_574' title='bbox 2821 3530 2886 3585; x_wconf 89' lang='lat' dir='ltr'><strong>iis</strong></span> <span class='ocrx_word' id='word_1_575' title='bbox 2943 3531 3034 3600; x_wconf 91' lang='lat' dir='ltr'><strong>qui</strong></span> <span class='ocrx_word' id='word_1_576' title='bbox 3090 3546 3236 3600; x_wconf 64' lang='lat' dir='ltr'><strong>aegro</strong></span> <span class='ocrx_word' id='word_1_577' title='bbox 3302 3541 3427 3584; x_wconf 88' lang='lat' dir='ltr'><strong>sunt</strong></span> 
     </span>
    </p>
   </div>
   <div class='ocr_carea' id='block_1_81' title="bbox 1855 3621 3426 3692">
    <p class='ocr_par' dir='ltr' id='par_1_81' title="bbox 1855 3621 3426 3692">
     <span class='ocr_line' id='line_1_81' title="bbox 1855 3621 3426 3692; baseline -0.001 -14"><span class='ocrx_word' id='word_1_578' title='bbox 1855 3637 2102 3692; x_wconf 81' lang='lat' dir='ltr'><strong>corpore,</strong></span> <span class='ocrx_word' id='word_1_579' title='bbox 2155 3623 2474 3692; x_wconf 85' lang='lat' dir='ltr'><strong>deprecans,</strong></span> <span class='ocrx_word' id='word_1_580' title='bbox 2521 3623 2764 3675; x_wconf 81' lang='lat' dir='ltr'><strong>diceret:</strong></span> <span class='ocrx_word' id='word_1_581' title='bbox 2815 3621 3232 3676; x_wconf 88' lang='lat' dir='ltr'><strong>Consummetur</strong></span> <span class='ocrx_word' id='word_1_582' title='bbox 3285 3638 3426 3676; x_wconf 88' lang='lat' dir='ltr'><strong>nunc</strong></span> 
     </span>
    </p>
   </div>
   <div class='ocr_carea' id='block_1_82' title="bbox 1855 3713 3425 3785">
    <p class='ocr_par' dir='ltr' id='par_1_82' title="bbox 1855 3713 3425 3785">
     <span class='ocr_line' id='line_1_82' title="bbox 1855 3713 3425 3785; baseline 0 -17"><span class='ocrx_word' id='word_1_583' title='bbox 1855 3715 2228 3785; x_wconf 75' lang='lat' dir='ltr'><strong>aegrotandum</strong></span> <span class='ocrx_word' id='word_1_584' title='bbox 2291 3715 2532 3767; x_wconf 84' lang='lat' dir='ltr'><strong>morbus.</strong></span> <span class='ocrx_word' id='word_1_585' title='bbox 2595 3713 2804 3767; x_wconf 88' lang='lat' dir='ltr'><strong>Etenim</strong></span> <span class='ocrx_word' id='word_1_586' title='bbox 2864 3728 2930 3768; x_wconf 92' lang='lat' dir='ltr'><strong>ne</strong></span> <span class='ocrx_word' id='word_1_587' title='bbox 2995 3728 3217 3781; x_wconf 87' lang='lat' dir='ltr'><strong>serpens</strong></span> <span class='ocrx_word' id='word_1_588' title='bbox 3266 3713 3425 3768; x_wconf 87' lang='lat' dir='ltr'><strong>latius</strong></span> 
     </span>
    </p>
   </div>
   <div class='ocr_carea' id='block_1_83' title="bbox 1857 3804 3425 3877">
    <p class='ocr_par' dir='ltr' id='par_1_83' title="bbox 1857 3804 3425 3877">
     <span class='ocr_line' id='line_1_83' title="bbox 1857 3804 3425 3877; baseline -0.003 -15"><span class='ocrx_word' id='word_1_589' title='bbox 1857 3817 2158 3877; x_wconf 84' lang='lat' dir='ltr'><strong>peccatum,</strong></span> <span class='ocrx_word' id='word_1_590' title='bbox 2185 3805 2328 3859; x_wconf 90' lang='lat' dir='ltr'><strong>velut</strong></span> <span class='ocrx_word' id='word_1_591' title='bbox 2351 3820 2636 3874; x_wconf 81' lang='lat' dir='ltr'><strong>gangrama</strong></span> <span class='ocrx_word' id='word_1_592' title='bbox 2671 3804 2895 3858; x_wconf 88' lang='lat' dir='ltr'><strong>ulterius</strong></span> <span class='ocrx_word' id='word_1_593' title='bbox 2921 3807 3266 3874; x_wconf 88' lang='lat' dir='ltr'><strong>depascatur,</strong></span> <span class='ocrx_word' id='word_1_594' title='bbox 3293 3807 3425 3873; x_wconf 85' lang='lat' dir='ltr'><strong>petit</strong></span> 
     </span>
    </p>
   </div>
   <div class='ocr_carea' id='block_1_84' title="bbox 1855 3895 3424 3964">
    <p class='ocr_par' dir='ltr' id='par_1_84' title="bbox 1855 3895 3424 3964">
     <span class='ocr_line' id='line_1_84' title="bbox 1855 3895 3424 3964; baseline -0.003 -12"><span class='ocrx_word' id='word_1_595' title='bbox 1855 3915 1884 3952; x_wconf 89' lang='lat' dir='ltr'><strong>a</strong></span> <span class='ocrx_word' id='word_1_596' title='bbox 1935 3899 2080 3963; x_wconf 88' lang='lat' dir='ltr'><strong>Deo,</strong></span> <span class='ocrx_word' id='word_1_597' title='bbox 2143 3907 2202 3950; x_wconf 92' lang='lat' dir='ltr'><strong>ut</strong></span> <span class='ocrx_word' id='word_1_598' title='bbox 2252 3897 2497 3961; x_wconf 89' lang='lat' dir='ltr'><strong>sistatur,</strong></span> <span class='ocrx_word' id='word_1_599' title='bbox 2549 3895 3132 3964; x_wconf 78' lang='lat' dir='ltr'><strong>circumscribatur-que</strong></span> <span class='ocrx_word' id='word_1_600' title='bbox 3195 3895 3424 3964; x_wconf 78' lang='lat' dir='ltr'><strong>ampliOr</strong></span> 
     </span>
    </p>
   </div>
   <div class='ocr_carea' id='block_1_85' title="bbox 1855 3987 3420 4061">
    <p class='ocr_par' dir='ltr' id='par_1_85' title="bbox 1855 3987 3420 4061">
     <span class='ocr_line' id='line_1_85' title="bbox 1855 3987 3420 4061; baseline -0.003 -15"><span class='ocrx_word' id='word_1_601' title='bbox 1855 3991 2064 4061; x_wconf 89' lang='lat' dir='ltr'><strong>peccati</strong></span> <span class='ocrx_word' id='word_1_602' title='bbox 2117 3989 2354 4044; x_wconf 78' lang='lat' dir='ltr'><strong>etTusio:</strong></span> <span class='ocrx_word' id='word_1_603' title='bbox 2413 3988 2614 4057; x_wconf 87' lang='lat' dir='ltr'><strong>quippe</strong></span> <span class='ocrx_word' id='word_1_604' title='bbox 2668 3987 2912 4041; x_wconf 91' lang='lat' dir='ltr'><strong>inimicos</strong></span> <span class='ocrx_word' id='word_1_605' title='bbox 2959 4001 3086 4040; x_wconf 89' lang='lat' dir='ltr'><strong>suos</strong></span> <span class='ocrx_word' id='word_1_606' title='bbox 3144 3987 3420 4055; x_wconf 85' lang='lat' dir='ltr'><strong>diligebat,</strong></span> 
     </span>
    </p>
   </div>
   <div class='ocr_carea' id='block_1_86' title="bbox 1857 4076 3423 4152">
    <p class='ocr_par' dir='ltr' id='par_1_86' title="bbox 1857 4076 3423 4152">
     <span class='ocr_line' id='line_1_86' title="bbox 1857 4076 3423 4152; baseline -0.003 -16"><span class='ocrx_word' id='word_1_607' title='bbox 1857 4084 2032 4152; x_wconf 85' lang='lat' dir='ltr'><strong>iisque</strong></span> <span class='ocrx_word' id='word_1_608' title='bbox 2062 4081 2258 4150; x_wconf 87' lang='lat' dir='ltr'><strong>quibus</strong></span> <span class='ocrx_word' id='word_1_609' title='bbox 2299 4079 2506 4134; x_wconf 80' lang='lat' dir='ltr'><strong>invisus</strong></span> <span class='ocrx_word' id='word_1_610' title='bbox 2557 4087 2696 4142; x_wconf 90' lang='lat' dir='ltr'><strong>erat,</strong></span> <span class='ocrx_word' id='word_1_611' title='bbox 2729 4077 2942 4131; x_wconf 86' lang='lat' dir='ltr'><strong>volebat</strong></span> <span class='ocrx_word' id='word_1_612' title='bbox 2993 4076 3333 4142; x_wconf 79' lang='lat' dir='ltr'><strong>benefacere,</strong></span> <span class='ocrx_word' id='word_1_613' title='bbox 3369 4091 3423 4133; x_wconf 88' lang='lat' dir='ltr'><strong>et</strong></span> 
     </span>
    </p>
   </div>
   <div class='ocr_carea' id='block_1_87' title="bbox 1856 4168 3420 4242">
    <p class='ocr_par' dir='ltr' id='par_1_87' title="bbox 1856 4168 3420 4242">
     <span class='ocr_line' id='line_1_87' title="bbox 1856 4168 3420 4242; baseline -0.003 -15"><span class='ocrx_word' id='word_1_614' title='bbox 1856 4175 1978 4229; x_wconf 88' lang='lat' dir='ltr'><strong>ideo</strong></span> <span class='ocrx_word' id='word_1_615' title='bbox 2004 4172 2330 4242; x_wconf 88' lang='lat' dir='ltr'><strong>precabatur</strong></span> <span class='ocrx_word' id='word_1_616' title='bbox 2376 4185 2475 4238; x_wconf 90' lang='lat' dir='ltr'><strong>pro</strong></span> <span class='ocrx_word' id='word_1_617' title='bbox 2501 4169 2949 4238; x_wconf 87' lang='lat' dir='ltr'><strong>persequentibus</strong></span> <span class='ocrx_word' id='word_1_618' title='bbox 2983 4168 3179 4237; x_wconf 87' lang='lat' dir='ltr'><strong>ipsum.</strong></span> <span class='ocrx_word' id='word_1_619' title='bbox 3234 4168 3302 4222; x_wconf 87' lang='lat' dir='ltr'><strong>Et</strong></span> <span class='ocrx_word' id='word_1_620' title='bbox 3336 4171 3420 4222; x_wconf 76' lang='lat' dir='ltr'><strong>di-</strong></span> 
     </span>
    </p>
   </div>
   <div class='ocr_carea' id='block_1_88' title="bbox 159 4251 1746 4334">
    <p class='ocr_par' dir='ltr' id='par_1_88' title="bbox 159 4259 1746 4332">
     <span class='ocr_line' id='line_1_88' title="bbox 159 4259 1746 4332; baseline -0.001 -19"><span class='ocrx_word' id='word_1_621' title='bbox 159 4277 308 4323; x_wconf 79' lang='grc' dir='ltr'>καιος</span> <span class='ocrx_word' id='word_1_622' title='bbox 322 4261 662 4331; x_wconf 79' lang='grc' dir='ltr'>ὀνομάζεται·</span> <span class='ocrx_word' id='word_1_623' title='bbox 698 4261 791 4314; x_wconf 70' lang='grc' dir='ltr'><strong>καὶ</strong></span> <span class='ocrx_word' id='word_1_624' title='bbox 805 4260 970 4330; x_wconf 83' lang='grc' dir='ltr'>εὐθὴς</span> <span class='ocrx_word' id='word_1_625' title='bbox 992 4261 1150 4332; x_wconf 78' lang='grc' dir='ltr'>ή(75)</span> <span class='ocrx_word' id='word_1_626' title='bbox 1173 4261 1371 4332; x_wconf 87' lang='grc' dir='ltr'>καρδία</span> <span class='ocrx_word' id='word_1_627' title='bbox 1399 4262 1434 4332; x_wconf 71' lang='grc' dir='ltr'>ὴ</span> <span class='ocrx_word' id='word_1_628' title='bbox 1452 4259 1746 4330; x_wconf 86' lang='grc' dir='ltr'>κατωρθω-</span> 
     </span>
    </p>
   </div>
   <div class='ocr_carea' id='block_1_89' title="bbox 1862 4251 3420 4334">
    <p class='ocr_par' dir='ltr' id='par_1_89' title="bbox 1862 4259 3420 4334">
     <span class='ocr_line' id='line_1_89' title="bbox 1862 4259 3420 4334; baseline -0.001 -18"><span class='ocrx_word' id='word_1_629' title='bbox 1862 4266 1997 4334; x_wconf 79' lang='lat' dir='ltr'><strong>riges</strong></span> <span class='ocrx_word' id='word_1_630' title='bbox 2025 4262 2252 4334; x_wconf 83' lang='lat' dir='ltr'><strong>justum.</strong></span> <span class='ocrx_word' id='word_1_631' title='bbox 2293 4259 2479 4314; x_wconf 82' lang='lat' dir='ltr'><strong>Justus</strong></span> <span class='ocrx_word' id='word_1_632' title='bbox 2523 4259 2834 4313; x_wconf 88' lang='lat' dir='ltr'><strong>nominatur</strong></span> <span class='ocrx_word' id='word_1_633' title='bbox 2884 4269 3062 4314; x_wconf 88' lang='lat' dir='ltr'><strong>rectus</strong></span> <span class='ocrx_word' id='word_1_634' title='bbox 3096 4278 3109 4314; x_wconf 91' lang='lat'><strong>:</strong></span> <span class='ocrx_word' id='word_1_635' title='bbox 3147 4263 3275 4314; x_wconf 90' lang='lat' dir='ltr'><strong>ltem</strong></span> <span class='ocrx_word' id='word_1_636' title='bbox 3304 4277 3420 4326; x_wconf 83' lang='lat' dir='ltr'><strong>cor,</strong></span> 
     </span>
    </p>
   </div>
   <div class='ocr_carea' id='block_1_90' title="bbox 163 4346 1745 4421">
    <p class='ocr_par' dir='ltr' id='par_1_90' title="bbox 163 4346 1745 4421">
     <span class='ocr_line' id='line_1_90' title="bbox 163 4346 1745 4421; baseline -0.001 -20"><span class='ocrx_word' id='word_1_637' title='bbox 163 4349 318 4420; x_wconf 71' lang='grc' dir='ltr'>μένη.</span> <span class='ocrx_word' id='word_1_638' title='bbox 333 4349 396 4401; x_wconf 88' lang='grc' dir='ltr'>Τί</span> <span class='ocrx_word' id='word_1_639' title='bbox 411 4346 504 4402; x_wconf 82' lang='grc' dir='ltr'><strong>οὖν</strong></span> <span class='ocrx_word' id='word_1_640' title='bbox 531 4349 775 4420; x_wconf 85' lang='grc' dir='ltr'>βούλεται</span> <span class='ocrx_word' id='word_1_641' title='bbox 789 4350 1066 4420; x_wconf 75' lang='grc' dir='ltr'>ἐνταῦθα-ἡ</span> <span class='ocrx_word' id='word_1_642' title='bbox 1085 4349 1358 4421; x_wconf 82' lang='grc' dir='ltr'>προσευχὴ</span> <span class='ocrx_word' id='word_1_643' title='bbox 1371 4348 1713 4420; x_wconf 69' lang='grc' dir='ltr'>τῴΠροφητῃ</span> <span class='ocrx_word' id='word_1_644' title='bbox 1731 4365 1745 4413; x_wconf 92' lang='lat'><strong>;</strong></span> 
     </span>
    </p>
   </div>
   <div class='ocr_carea' id='block_1_91' title="bbox 163 4439 1746 4514">
    <p class='ocr_par' dir='ltr' id='par_1_91' title="bbox 163 4439 1746 4514">
     <span class='ocr_line' id='line_1_91' title="bbox 163 4439 1746 4514; baseline -0.001 -22"><span class='ocrx_word' id='word_1_645' title='bbox 163 4439 390 4511; x_wconf 78' lang='grc' dir='ltr'>Εὖχεται</span> <span class='ocrx_word' id='word_1_646' title='bbox 411 4441 522 4512; x_wconf 83' lang='grc' dir='ltr'><strong>γὰρ</strong></span> <span class='ocrx_word' id='word_1_647' title='bbox 547 4442 637 4494; x_wconf 82' lang='grc' dir='ltr'><strong>τὸν</strong></span> <span class='ocrx_word' id='word_1_648' title='bbox 655 4443 752 4514; x_wconf 76' lang='grc' dir='ltr'>ἤδη</span> <span class='ocrx_word' id='word_1_649' title='bbox 783 4442 974 4513; x_wconf 79' lang='grc' dir='ltr'>ἔχοντα</span> <span class='ocrx_word' id='word_1_650' title='bbox 992 4441 1090 4512; x_wconf 81' lang='grc' dir='ltr'>τὴν</span> <span class='ocrx_word' id='word_1_651' title='bbox 1119 4441 1388 4513; x_wconf 82' lang='grc' dir='ltr'>εὐθύτητα</span> <span class='ocrx_word' id='word_1_652' title='bbox 1417 4440 1746 4493; x_wconf 86' lang='grc' dir='ltr'>κατευθύνε-</span> 
     </span>
    </p>
   </div>
   <div class='ocr_carea' id='block_1_92' title="bbox 163 4530 1746 4604">
    <p class='ocr_par' dir='ltr' id='par_1_92' title="bbox 163 4530 1746 4604">
     <span class='ocr_line' id='line_1_92' title="bbox 163 4530 1746 4604; baseline -0.001 -20"><span class='ocrx_word' id='word_1_653' title='bbox 163 4532 300 4585; x_wconf 89' lang='grc' dir='ltr'>σθαι.</span> <span class='ocrx_word' id='word_1_654' title='bbox 320 4533 392 4585; x_wconf 83' lang='grc' dir='ltr'><strong>Οὐ</strong></span> <span class='ocrx_word' id='word_1_655' title='bbox 410 4533 519 4604; x_wconf 85' lang='grc' dir='ltr'><strong>γὰρ</strong></span> <span class='ocrx_word' id='word_1_656' title='bbox 541 4534 606 4586; x_wconf 83' lang='grc' dir='ltr'>ἄν</span> <span class='ocrx_word' id='word_1_657' title='bbox 627 4551 708 4597; x_wconf 88' lang='grc' dir='ltr'><strong>τις</strong></span> <span class='ocrx_word' id='word_1_658' title='bbox 725 4536 868 4587; x_wconf 83' lang='grc' dir='ltr'>εἴποι</span> <span class='ocrx_word' id='word_1_659' title='bbox 897 4530 1036 4586; x_wconf 81' lang='grc' dir='ltr'>εἷναί</span> <span class='ocrx_word' id='word_1_660' title='bbox 1067 4550 1120 4584; x_wconf 88' lang='grc' dir='ltr'><strong>τι</strong></span> <span class='ocrx_word' id='word_1_661' title='bbox 1135 4537 1191 4586; x_wconf 80' lang='grc' dir='ltr'><strong>ὲν</strong></span> <span class='ocrx_word' id='word_1_662' title='bbox 1226 4531 1301 4602; x_wconf 80' lang='grc' dir='ltr'>τῷ</span> <span class='ocrx_word' id='word_1_663' title='bbox 1320 4531 1512 4602; x_wconf 85' lang='grc' dir='ltr'>δικαίῳ</span> <span class='ocrx_word' id='word_1_664' title='bbox 1535 4531 1746 4583; x_wconf 80' lang='grc' dir='ltr'>σκολιὸν</span> 
     </span>
    </p>
   </div>
   <div class='ocr_carea' id='block_1_93' title="bbox 160 4623 1745 4697">
    <p class='ocr_par' dir='ltr' id='par_1_93' title="bbox 160 4623 1745 4697">
     <span class='ocr_line' id='line_1_93' title="bbox 160 4623 1745 4697; baseline -0.003 -19"><span class='ocrx_word' id='word_1_665' title='bbox 160 4625 276 4678; x_wconf 81' lang='grc' dir='ltr'>οὐδὲ</span> <span class='ocrx_word' id='word_1_666' title='bbox 292 4625 432 4678; x_wconf 85' lang='grc' dir='ltr'>διεστ</span> <span class='ocrx_word' id='word_1_667' title='bbox 442 4642 508 4697; x_wconf 89' lang='grc' dir='ltr'><strong>ρα</strong></span> <span class='ocrx_word' id='word_1_668' title='bbox 515 4643 552 4696; x_wconf 90' lang='grc' dir='ltr'><strong>μ</strong></span> <span class='ocrx_word' id='word_1_669' title='bbox 559 4625 714 4695; x_wconf 86' lang='grc' dir='ltr'>μένον</span> <span class='ocrx_word' id='word_1_670' title='bbox 731 4625 854 4678; x_wconf 82' lang='grc' dir='ltr'>οὐδὲ</span> <span class='ocrx_word' id='word_1_671' title='bbox 875 4625 1329 4697; x_wconf 81' lang='grc' dir='ltr'>στραγγαλιῶδες.</span> <span class='ocrx_word' id='word_1_672' title='bbox 1347 4623 1498 4695; x_wconf 86' lang='grc' dir='ltr'><strong>Τάχα</strong></span> <span class='ocrx_word' id='word_1_673' title='bbox 1511 4623 1566 4676; x_wconf 79' lang='grc' dir='ltr'>δὲ</span> <span class='ocrx_word' id='word_1_674' title='bbox 1579 4623 1745 4690; x_wconf 88' lang='grc' dir='ltr'>ἀναγ-</span> 
     </span>
    </p>
   </div>
   <div class='ocr_carea' id='block_1_94' title="bbox 163 4714 1744 4786">
    <p class='ocr_par' dir='ltr' id='par_1_94' title="bbox 163 4714 1744 4786">
     <span class='ocr_line' id='line_1_94' title="bbox 163 4714 1744 4786; baseline -0.003 -16"><span class='ocrx_word' id='word_1_675' title='bbox 163 4717 290 4770; x_wconf 81' lang='grc' dir='ltr'>καία</span> <span class='ocrx_word' id='word_1_676' title='bbox 305 4717 447 4786; x_wconf 81' lang='grc' dir='ltr'>ὑπὲρ</span> <span class='ocrx_word' id='word_1_677' title='bbox 473 4717 567 4769; x_wconf 85' lang='grc' dir='ltr'><strong>τοῦ</strong></span> <span class='ocrx_word' id='word_1_678' title='bbox 594 4717 804 4770; x_wconf 88' lang='grc' dir='ltr'>δικαίου</span> <span class='ocrx_word' id='word_1_679' title='bbox 827 4718 860 4786; x_wconf 82' lang='grc' dir='ltr'><strong>ἡ</strong></span> <span class='ocrx_word' id='word_1_680' title='bbox 878 4715 1112 4786; x_wconf 81' lang='grc' dir='ltr'>αἴτησις,</span> <span class='ocrx_word' id='word_1_681' title='bbox 1135 4717 1224 4769; x_wconf 85' lang='grc' dir='ltr'><strong>ἵνα</strong></span> <span class='ocrx_word' id='word_1_682' title='bbox 1239 4716 1298 4768; x_wconf 75' lang='grc' dir='ltr'>τὸ</span> <span class='ocrx_word' id='word_1_683' title='bbox 1317 4715 1462 4771; x_wconf 86' lang='grc' dir='ltr'>κατὰ</span> <span class='ocrx_word' id='word_1_684' title='bbox 1485 4714 1744 4785; x_wconf 81' lang='grc' dir='ltr'>πρόθεσιν</span> 
     </span>
    </p>
   </div>
   <div class='ocr_carea' id='block_1_95' title="bbox 163 4805 1738 4880">
    <p class='ocr_par' dir='ltr' id='par_1_95' title="bbox 163 4805 1738 4880">
     <span class='ocr_line' id='line_1_95' title="bbox 163 4805 1738 4880; baseline -0.003 -17"><span class='ocrx_word' id='word_1_685' title='bbox 163 4807 322 4864; x_wconf 84' lang='grc' dir='ltr'>αὐτοῦ</span> <span class='ocrx_word' id='word_1_686' title='bbox 355 4808 513 4872; x_wconf 82' lang='grc' dir='ltr'>εὒθὲς</span> <span class='ocrx_word' id='word_1_687' title='bbox 541 4808 708 4862; x_wconf 77' lang='grc' dir='ltr'>καὶτὸ</span> <span class='ocrx_word' id='word_1_688' title='bbox 731 4809 1089 4880; x_wconf 76' lang='grc' dir='ltr'>ἀδιάστροφον</span> <span class='ocrx_word' id='word_1_689' title='bbox 1110 4809 1209 4879; x_wconf 87' lang='grc' dir='ltr'>τῆς</span> <span class='ocrx_word' id='word_1_690' title='bbox 1225 4805 1470 4878; x_wconf 82' lang='grc' dir='ltr'>γνώμης,</span> <span class='ocrx_word' id='word_1_691' title='bbox 1499 4805 1655 4860; x_wconf 88' lang='grc' dir='ltr'>τοῦτο</span> <span class='ocrx_word' id='word_1_692' title='bbox 1674 4809 1738 4876; x_wconf 85' lang='grc' dir='ltr'>τῇ</span> 
     </span>
    </p>
   </div>
   <div class='ocr_carea' id='block_1_96' title="bbox 165 4899 1743 4975">
    <p class='ocr_par' dir='ltr' id='par_1_96' title="bbox 165 4899 1743 4975">
     <span class='ocr_line' id='line_1_96' title="bbox 165 4899 1743 4975; baseline -0.004 -17"><span class='ocrx_word' id='word_1_693' title='bbox 165 4904 312 4975; x_wconf 87' lang='grc' dir='ltr'><strong>παρά</strong></span> <span class='ocrx_word' id='word_1_694' title='bbox 333 4903 428 4957; x_wconf 90' lang='grc' dir='ltr'><strong>τοῦ</strong></span> <span class='ocrx_word' id='word_1_695' title='bbox 454 4902 589 4955; x_wconf 83' lang='grc' dir='ltr'>Θεοῦ</span> <span class='ocrx_word' id='word_1_696' title='bbox 616 4903 955 4974; x_wconf 78' lang='grc' dir='ltr'>χειραγωγία</span> <span class='ocrx_word' id='word_1_697' title='bbox 985 4901 1344 4971; x_wconf 82' lang='grc' dir='ltr'>κατευθυνθῇ,</span> <span class='ocrx_word' id='word_1_698' title='bbox 1369 4899 1445 4963; x_wconf 83' lang='grc' dir='ltr'>ὡς</span> <span class='ocrx_word' id='word_1_699' title='bbox 1481 4901 1616 4972; x_wconf 87' lang='grc' dir='ltr'>μήτε</span> <span class='ocrx_word' id='word_1_700' title='bbox 1639 4899 1743 4952; x_wconf 76' lang='grc' dir='ltr'>ὑπὸ</span> 
     </span>
    </p>
   </div>
   <div class='ocr_carea' id='block_1_97' title="bbox 165 4990 1744 5056">
    <p class='ocr_par' dir='ltr' id='par_1_97' title="bbox 165 4990 1744 5056">
     <span class='ocr_line' id='line_1_97' title="bbox 165 4990 1744 5056; baseline -0.004 -8"><span class='ocrx_word' id='word_1_701' title='bbox 165 4994 442 5056; x_wconf 78' lang='grc' dir='ltr'>ἀσθενείας</span> <span class='ocrx_word' id='word_1_702' title='bbox 475 4995 638 5048; x_wconf 72' lang='grc' dir='ltr'>αὐτὸν</span> <span class='ocrx_word' id='word_1_703' title='bbox 676 4995 976 5047; x_wconf 88' lang='grc' dir='ltr'>ἀπονευσαί</span> <span class='ocrx_word' id='word_1_704' title='bbox 1017 5011 1146 5046; x_wconf 88' lang='grc' dir='ltr'>ποτε</span> <span class='ocrx_word' id='word_1_705' title='bbox 1192 4991 1284 5044; x_wconf 89' lang='grc' dir='ltr'><strong>τοῦ</strong></span> <span class='ocrx_word' id='word_1_706' title='bbox 1318 4992 1480 5044; x_wconf 72' lang='grc' dir='ltr'>οἱονεὶ</span> <span class='ocrx_word' id='word_1_707' title='bbox 1521 4990 1744 5052; x_wconf 89' lang='grc' dir='ltr'>κανόνος</span> 
     </span>
    </p>
   </div>
   <div class='ocr_carea' id='block_1_98' title="bbox 165 5080 1742 5158">
    <p class='ocr_par' dir='ltr' id='par_1_98' title="bbox 165 5080 1742 5158">
     <span class='ocr_line' id='line_1_98' title="bbox 165 5080 1742 5158; baseline -0.004 -19"><span class='ocrx_word' id='word_1_708' title='bbox 165 5091 261 5158; x_wconf 83' lang='grc' dir='ltr'>τῆς</span> <span class='ocrx_word' id='word_1_709' title='bbox 293 5085 552 5156; x_wconf 88' lang='grc' dir='ltr'>ἀληθείας</span> <span class='ocrx_word' id='word_1_710' title='bbox 605 5085 738 5156; x_wconf 65' lang='grc'><strong>(74),</strong></span> <span class='ocrx_word' id='word_1_711' title='bbox 768 5086 904 5156; x_wconf 86' lang='grc' dir='ltr'>μήτε</span> <span class='ocrx_word' id='word_1_712' title='bbox 946 5084 1050 5137; x_wconf 81' lang='grc' dir='ltr'>ὑπὸ</span> <span class='ocrx_word' id='word_1_713' title='bbox 1097 5083 1189 5136; x_wconf 85' lang='grc' dir='ltr'><strong>τοῦ</strong></span> <span class='ocrx_word' id='word_1_714' title='bbox 1218 5080 1414 5155; x_wconf 80' lang='grc' dir='ltr'>ἐχθροῦ</span> <span class='ocrx_word' id='word_1_715' title='bbox 1457 5084 1554 5152; x_wconf 79' lang='grc' dir='ltr'>τῆς</span> <span class='ocrx_word' id='word_1_716' title='bbox 1613 5080 1742 5152; x_wconf 86' lang='grc' dir='ltr'>ἀλη-</span> 
     </span>
    </p>
   </div>
   <div class='ocr_carea' id='block_1_99' title="bbox 246 5175 749 5244">
    <p class='ocr_par' dir='ltr' id='par_1_99' title="bbox 246 5175 749 5244">
     <span class='ocr_line' id='line_1_99' title="bbox 246 5175 749 5244; baseline 0.002 -14"><span class='ocrx_word' id='word_1_717' title='bbox 246 5180 288 5214; x_wconf 80' lang='grc'><strong>⁶³</strong></span> <span class='ocrx_word' id='word_1_718' title='bbox 328 5175 486 5231; x_wconf 85' lang='lat' dir='ltr'><strong>Prov.</strong></span> <span class='ocrx_word' id='word_1_719' title='bbox 515 5193 626 5244; x_wconf 79' lang='lat' dir='ltr'><strong>xw,</strong></span> <span class='ocrx_word' id='word_1_720' title='bbox 665 5177 749 5231; x_wconf 76' lang='grc'><strong>15.</strong></span> 
     </span>
    </p>
   </div>
   <div class='ocr_carea' id='block_1_100' title="bbox 233 5267 1740 5336">
    <p class='ocr_par' dir='ltr' id='par_1_100' title="bbox 233 5267 1740 5336">
     <span class='ocr_line' id='line_1_100' title="bbox 233 5267 1740 5336; baseline -0.001 -17"><span class='ocrx_word' id='word_1_721' title='bbox 233 5267 344 5336; x_wconf 86' lang='lat'><strong>(70)</strong></span> <span class='ocrx_word' id='word_1_722' title='bbox 379 5267 600 5321; x_wconf 84' lang='lat' dir='ltr'><strong>Variant</strong></span> <span class='ocrx_word' id='word_1_723' title='bbox 654 5268 769 5322; x_wconf 79' lang='lat' dir='ltr'><strong>fere.</strong></span> <span class='ocrx_word' id='word_1_724' title='bbox 819 5269 962 5322; x_wconf 87' lang='lat' dir='ltr'><strong>inter</strong></span> <span class='ocrx_word' id='word_1_725' title='bbox 1011 5283 1068 5322; x_wconf 86' lang='lat' dir='ltr'><strong>se</strong></span> <span class='ocrx_word' id='word_1_726' title='bbox 1129 5281 1262 5321; x_wconf 85' lang='lat' dir='ltr'><strong>mss.</strong></span> <span class='ocrx_word' id='word_1_727' title='bbox 1296 5277 1427 5328; x_wconf 87' lang='lat' dir='ltr'><strong>tum,</strong></span> <span class='ocrx_word' id='word_1_728' title='bbox 1483 5283 1602 5321; x_wconf 90' lang='lat' dir='ltr'><strong>eum</strong></span> <span class='ocrx_word' id='word_1_729' title='bbox 1641 5281 1740 5314; x_wconf 75' lang='lat' dir='ltr'><strong>vox</strong></span> 
     </span>
    </p>
   </div>
   <div class='ocr_carea' id='block_1_101' title="bbox 165 5335 1742 5408">
    <p class='ocr_par' dir='ltr' id='par_1_101' title="bbox 165 5335 1742 5408">
     <span class='ocr_line' id='line_1_101' title="bbox 165 5335 1742 5408; baseline -0.002 -18"><span class='ocrx_word' id='word_1_730' title='bbox 165 5335 418 5408; x_wconf 81' lang='grc' dir='ltr'>γεννητὸς</span> <span class='ocrx_word' id='word_1_731' title='bbox 444 5341 704 5408; x_wconf 78' lang='lat' dir='ltr'><strong>occurrit.</strong></span> <span class='ocrx_word' id='word_1_732' title='bbox 737 5339 1009 5392; x_wconf 76' lang='lat' dir='ltr'><strong>Scr-ibitur</strong></span> <span class='ocrx_word' id='word_1_733' title='bbox 1031 5339 1174 5391; x_wconf 83' lang='lat' dir='ltr'><strong>enim</strong></span> <span class='ocrx_word' id='word_1_734' title='bbox 1219 5337 1438 5408; x_wconf 77' lang='lat' dir='ltr'><strong>in_aliis</strong></span> <span class='ocrx_word' id='word_1_735' title='bbox 1465 5335 1742 5408; x_wconf 84' lang='lat' dir='ltr'><strong>codicibus</strong></span> 
     </span>
    </p>
   </div>
   <div class='ocr_carea' id='block_1_102' title="bbox 167 5405 1742 5473">
    <p class='ocr_par' dir='ltr' id='par_1_102' title="bbox 167 5405 1742 5473">
     <span class='ocr_line' id='line_1_102' title="bbox 167 5405 1742 5473; baseline -0.003 -11"><span class='ocrx_word' id='word_1_736' title='bbox 167 5405 285 5462; x_wconf 87' lang='lat' dir='ltr'><strong>cum</strong></span> <span class='ocrx_word' id='word_1_737' title='bbox 313 5405 536 5473; x_wconf 38' lang='lat' dir='ltr'><strong>‘duplici</strong></span> <span class='ocrx_word' id='word_1_738' title='bbox 561 5424 590 5458; x_wconf 94' lang='grc' dir='ltr'><strong>ν</strong></span> <span class='ocrx_word' id='word_1_739' title='bbox 625 5425 637 5459; x_wconf 94' lang='lat'>:</span> <span class='ocrx_word' id='word_1_740' title='bbox 667 5409 720 5461; x_wconf 87' lang='lat' dir='ltr'><strong>in</strong></span> <span class='ocrx_word' id='word_1_741' title='bbox 760 5409 878 5462; x_wconf 83' lang='lat' dir='ltr'><strong>aliis</strong></span> <span class='ocrx_word' id='word_1_742' title='bbox 912 5424 1032 5459; x_wconf 76' lang='lat' dir='ltr'><strong>cum</strong></span> <span class='ocrx_word' id='word_1_743' title='bbox 1068 5409 1248 5460; x_wconf 86' lang='lat' dir='ltr'><strong>unico.</strong></span> <span class='ocrx_word' id='word_1_744' title='bbox 1287 5405 1400 5458; x_wconf 84' lang='lat' dir='ltr'><strong>Hoc</strong></span> <span class='ocrx_word' id='word_1_745' title='bbox 1432 5407 1546 5462; x_wconf 92' lang='lat' dir='ltr'><strong>loco</strong></span> <span class='ocrx_word' id='word_1_746' title='bbox 1577 5405 1742 5458; x_wconf 85' lang='lat' dir='ltr'><strong>editio</strong></span> 
     </span>
    </p>
   </div>
   <div class='ocr_carea' id='block_1_103' title="bbox 171 5473 1740 5548">
    <p class='ocr_par' dir='ltr' id='par_1_103' title="bbox 171 5473 1740 5548">
     <span class='ocr_line' id='line_1_103' title="bbox 171 5473 1740 5548; baseline -0.004 -17"><span class='ocrx_word' id='word_1_747' title='bbox 171 5476 329 5548; x_wconf 84' lang='lat' dir='ltr'><strong>Basil.</strong></span> <span class='ocrx_word' id='word_1_748' title='bbox 365 5487 416 5528; x_wconf 89' lang='lat' dir='ltr'><strong>et</strong></span> <span class='ocrx_word' id='word_1_749' title='bbox 459 5477 606 5546; x_wconf 74' lang='lat' dir='ltr'><strong>Regii</strong></span> <span class='ocrx_word' id='word_1_750' title='bbox 633 5479 838 5546; x_wconf 90' lang='lat' dir='ltr'><strong>primus</strong></span> <span class='ocrx_word' id='word_1_751' title='bbox 871 5487 926 5531; x_wconf 90' lang='lat' dir='ltr'><strong>et</strong></span> <span class='ocrx_word' id='word_1_752' title='bbox 949 5487 1139 5532; x_wconf 80' lang='lat' dir='ltr'><strong>sextus</strong></span> <span class='ocrx_word' id='word_1_753' title='bbox 1176 5479 1402 5548; x_wconf 85' lang='grc' dir='ltr'>γενητῇ.</span> <span class='ocrx_word' id='word_1_754' title='bbox 1440 5473 1740 5530; x_wconf 72' lang='lat' dir='ltr'><strong>Editiol’a-</strong></span> 
     </span>
    </p>
   </div>
   <div class='ocr_carea' id='block_1_104' title="bbox 171 5547 540 5616">
    <p class='ocr_par' dir='ltr' id='par_1_104' title="bbox 171 5547 540 5616">
     <span class='ocr_line' id='line_1_104' title="bbox 171 5547 540 5616; baseline 0.003 -17"><span class='ocrx_word' id='word_1_755' title='bbox 171 5547 258 5616; x_wconf 83' lang='lat' dir='ltr'><strong>ris.</strong></span> <span class='ocrx_word' id='word_1_756' title='bbox 287 5549 540 5616; x_wconf 84' lang='grc' dir='ltr'>γεννητῇ.</span> 
     </span>
    </p>
   </div>
   <div class='ocr_carea' id='block_1_105' title="bbox 237 5614 1736 5687">
    <p class='ocr_par' dir='ltr' id='par_1_105' title="bbox 237 5614 1736 5687">
     <span class='ocr_line' id='line_1_105' title="bbox 237 5614 1736 5687; baseline -0.001 -19"><span class='ocrx_word' id='word_1_757' title='bbox 237 5615 347 5685; x_wconf 84' lang='grc'><strong>(71)</strong></span> <span class='ocrx_word' id='word_1_758' title='bbox 387 5614 688 5687; x_wconf 73' lang='lat' dir='ltr'><strong>Verborum</strong></span> <span class='ocrx_word' id='word_1_759' title='bbox 736 5614 982 5687; x_wconf 73' lang='lat' dir='ltr'><strong>illorum,</strong></span> <span class='ocrx_word' id='word_1_760' title='bbox 1023 5617 1094 5687; x_wconf 87' lang='grc' dir='ltr'>μὴ</span> <span class='ocrx_word' id='word_1_761' title='bbox 1127 5616 1222 5678; x_wconf 81' lang='grc' dir='ltr'><strong>ὡς,</strong></span> <span class='ocrx_word' id='word_1_762' title='bbox 1259 5615 1736 5687; x_wconf 77' lang='lat' dir='ltr'><strong>etr.,_interpreta-</strong></span> 
     </span>
    </p>
   </div>
   <div class='ocr_carea' id='block_1_106' title="bbox 173 5683 1728 5754">
    <p class='ocr_par' dir='ltr' id='par_1_106' title="bbox 173 5683 1728 5754">
     <span class='ocr_line' id='line_1_106' title="bbox 173 5683 1728 5754; baseline -0.001 -18"><span class='ocrx_word' id='word_1_763' title='bbox 173 5683 365 5738; x_wconf 76' lang='lat' dir='ltr'><strong>tionem</strong></span> <span class='ocrx_word' id='word_1_764' title='bbox 403 5687 595 5738; x_wconf 85' lang='lat' dir='ltr'><strong>melius</strong></span> <span class='ocrx_word' id='word_1_765' title='bbox 620 5683 908 5754; x_wconf 79' lang='lat' dir='ltr'><strong>intelliges,</strong></span> <span class='ocrx_word' id='word_1_766' title='bbox 945 5687 986 5740; x_wconf 87' lang='lat' dir='ltr'><strong>si</strong></span> <span class='ocrx_word' id='word_1_767' title='bbox 1015 5683 1343 5740; x_wconf 67' lang='lat' dir='ltr'><strong>eainvertas</strong></span> <span class='ocrx_word' id='word_1_768' title='bbox 1366 5727 1378 5743; x_wconf 89' lang='lat'><strong>,</strong></span> <span class='ocrx_word' id='word_1_769' title='bbox 1404 5685 1504 5738; x_wconf 82' lang='lat' dir='ltr'><strong>hoc</strong></span> <span class='ocrx_word' id='word_1_770' title='bbox 1533 5689 1688 5736; x_wconf 85' lang='lat' dir='ltr'><strong>modo</strong></span> <span class='ocrx_word' id='word_1_771' title='bbox 1716 5701 1728 5736; x_wconf 96' lang='lat'>:</span> 
     </span>
    </p>
   </div>
   <div class='ocr_carea' id='block_1_107' title="bbox 173 5756 1730 5826">
    <p class='ocr_par' dir='ltr' id='par_1_107' title="bbox 173 5756 1730 5826">
     <span class='ocr_line' id='line_1_107' title="bbox 173 5756 1730 5826; baseline 0.001 -18"><span class='ocrx_word' id='word_1_772' title='bbox 173 5771 366 5809; x_wconf 82' lang='lat' dir='ltr'><strong>morum</strong></span> <span class='ocrx_word' id='word_1_773' title='bbox 408 5771 519 5810; x_wconf 75' lang='lat' dir='ltr'><strong>vero</strong></span> <span class='ocrx_word' id='word_1_774' title='bbox 554 5771 784 5810; x_wconf 79' lang='lat' dir='ltr'><strong>meorum</strong></span> <span class='ocrx_word' id='word_1_775' title='bbox 826 5756 1208 5826; x_wconf 69' lang='lat' dir='ltr'><strong>simplicitatem</strong></span> <span class='ocrx_word' id='word_1_776' title='bbox 1256 5757 1468 5818; x_wconf 68' lang='lat' dir='ltr'><strong>doctus,</strong></span> <span class='ocrx_word' id='word_1_777' title='bbox 1499 5757 1568 5808; x_wconf 75' lang='lat' dir='ltr'><strong>ita</strong></span> <span class='ocrx_word' id='word_1_778' title='bbox 1615 5772 1730 5822; x_wconf 74' lang='lat' dir='ltr'><strong>pec-</strong></span> 
     </span>
    </p>
   </div>
   <div class='ocr_carea' id='block_1_108' title="bbox 1854 4348 3420 4418">
    <p class='ocr_par' dir='ltr' id='par_1_108' title="bbox 1854 4348 3420 4418">
     <span class='ocr_line' id='line_1_108' title="bbox 1854 4348 3420 4418; baseline -0.001 -12"><span class='ocrx_word' id='word_1_779' title='bbox 1854 4355 2052 4406; x_wconf 89' lang='lat' dir='ltr'><strong>virtute</strong></span> <span class='ocrx_word' id='word_1_780' title='bbox 2081 4360 2355 4412; x_wconf 89' lang='lat' dir='ltr'><strong>ornatum,</strong></span> <span class='ocrx_word' id='word_1_781' title='bbox 2377 4357 2599 4402; x_wconf 87' lang='lat' dir='ltr'><strong>vocatur</strong></span> <span class='ocrx_word' id='word_1_782' title='bbox 2627 4355 2852 4401; x_wconf 87' lang='lat' dir='ltr'><strong>rectum.</strong></span> <span class='ocrx_word' id='word_1_783' title='bbox 2872 4348 3008 4415; x_wconf 85' lang='lat' dir='ltr'><strong>Quid</strong></span> <span class='ocrx_word' id='word_1_784' title='bbox 3031 4349 3192 4418; x_wconf 88' lang='lat' dir='ltr'><strong>igitur</strong></span> <span class='ocrx_word' id='word_1_785' title='bbox 3217 4349 3304 4403; x_wconf 89' lang='lat' dir='ltr'><strong>hic</strong></span> <span class='ocrx_word' id='word_1_786' title='bbox 3320 4351 3420 4404; x_wconf 88' lang='lat' dir='ltr'><strong>sibi</strong></span> 
     </span>
    </p>
   </div>
   <div class='ocr_carea' id='block_1_109' title="bbox 1853 4438 3422 4512">
    <p class='ocr_par' dir='ltr' id='par_1_109' title="bbox 1853 4438 3422 4512">
     <span class='ocr_line' id='line_1_109' title="bbox 1853 4438 3422 4512; baseline -0.002 -13"><span class='ocrx_word' id='word_1_787' title='bbox 1853 4444 1964 4499; x_wconf 85' lang='lat' dir='ltr'><strong>vult</strong></span> <span class='ocrx_word' id='word_1_788' title='bbox 1983 4443 2262 4512; x_wconf 78' lang='lat' dir='ltr'><strong>Propheta:</strong></span> <span class='ocrx_word' id='word_1_789' title='bbox 2285 4440 2524 4510; x_wconf 91' lang='lat' dir='ltr'><strong>precatio</strong></span> <span class='ocrx_word' id='word_1_790' title='bbox 2541 4438 2640 4495; x_wconf 76' lang='lat' dir='ltr'><strong>?0t</strong></span> <span class='ocrx_word' id='word_1_791' title='bbox 2654 4448 2709 4493; x_wconf 89' lang='lat' dir='ltr'><strong>at</strong></span> <span class='ocrx_word' id='word_1_792' title='bbox 2724 4441 2866 4494; x_wconf 89' lang='lat' dir='ltr'><strong>enim</strong></span> <span class='ocrx_word' id='word_1_793' title='bbox 2886 4452 2942 4495; x_wconf 91' lang='lat' dir='ltr'><strong>ut</strong></span> <span class='ocrx_word' id='word_1_794' title='bbox 2959 4441 3003 4494; x_wconf 91' lang='lat' dir='ltr'><strong>is</strong></span> <span class='ocrx_word' id='word_1_795' title='bbox 3025 4441 3230 4510; x_wconf 88' lang='lat' dir='ltr'><strong>quijam</strong></span> <span class='ocrx_word' id='word_1_796' title='bbox 3245 4452 3422 4496; x_wconf 87' lang='lat' dir='ltr'><strong>rectus</strong></span> 
     </span>
    </p>
   </div>
   <div class='ocr_carea' id='block_1_110' title="bbox 1853 4533 3423 4604">
    <p class='ocr_par' dir='ltr' id='par_1_110' title="bbox 1853 4533 3423 4604">
     <span class='ocr_line' id='line_1_110' title="bbox 1853 4533 3423 4604; baseline -0.001 -14"><span class='ocrx_word' id='word_1_797' title='bbox 1853 4545 1957 4602; x_wconf 83' lang='lat' dir='ltr'><strong>est,</strong></span> <span class='ocrx_word' id='word_1_798' title='bbox 1977 4537 2257 4603; x_wconf 80' lang='lat' dir='ltr'><strong>dirigatur.</strong></span> <span class='ocrx_word' id='word_1_799' title='bbox 2279 4533 2446 4587; x_wconf 86' lang='lat' dir='ltr'><strong>Nemo</strong></span> <span class='ocrx_word' id='word_1_800' title='bbox 2477 4534 2619 4587; x_wconf 91' lang='lat' dir='ltr'><strong>enim</strong></span> <span class='ocrx_word' id='word_1_801' title='bbox 2647 4533 2846 4588; x_wconf 81' lang='lat' dir='ltr'><strong>dixerit</strong></span> <span class='ocrx_word' id='word_1_802' title='bbox 2873 4548 2994 4588; x_wconf 86' lang='lat' dir='ltr'><strong>esse</strong></span> <span class='ocrx_word' id='word_1_803' title='bbox 3024 4535 3074 4587; x_wconf 93' lang='lat' dir='ltr'><strong>in</strong></span> <span class='ocrx_word' id='word_1_804' title='bbox 3099 4534 3246 4604; x_wconf 86' lang='lat' dir='ltr'><strong>justo</strong></span> <span class='ocrx_word' id='word_1_805' title='bbox 3269 4535 3423 4603; x_wconf 83' lang='lat' dir='ltr'><strong>quid-</strong></span> 
     </span>
    </p>
   </div>
   <div class='ocr_carea' id='block_1_111' title="bbox 1850 4625 3424 4702">
    <p class='ocr_par' dir='ltr' id='par_1_111' title="bbox 1850 4625 3424 4702">
     <span class='ocr_line' id='line_1_111' title="bbox 1850 4625 3424 4702; baseline -0.004 -22"><span class='ocrx_word' id='word_1_806' title='bbox 1850 4643 2010 4696; x_wconf 89' lang='lat' dir='ltr'><strong>quam</strong></span> <span class='ocrx_word' id='word_1_807' title='bbox 2029 4626 2322 4702; x_wconf 77' lang='lat' dir='ltr'><strong>obliquum,</strong></span> <span class='ocrx_word' id='word_1_808' title='bbox 2338 4633 2430 4678; x_wconf 88' lang='lat' dir='ltr'><strong>aut</strong></span> <span class='ocrx_word' id='word_1_809' title='bbox 2447 4635 2836 4690; x_wconf 88' lang='lat' dir='ltr'><strong>transversum,</strong></span> <span class='ocrx_word' id='word_1_810' title='bbox 2850 4636 2940 4678; x_wconf 89' lang='lat' dir='ltr'><strong>aut</strong></span> <span class='ocrx_word' id='word_1_811' title='bbox 2955 4635 3273 4680; x_wconf 88' lang='lat' dir='ltr'><strong>tortuosum.</strong></span> <span class='ocrx_word' id='word_1_812' title='bbox 3291 4625 3424 4680; x_wconf 72' lang='lat' dir='ltr'><strong>For.</strong></span> 
     </span>
    </p>
   </div>
   <div class='ocr_carea' id='block_1_112' title="bbox 1851 4717 3422 4787">
    <p class='ocr_par' dir='ltr' id='par_1_112' title="bbox 1851 4717 3422 4787">
     <span class='ocr_line' id='line_1_112' title="bbox 1851 4717 3422 4787; baseline -0.001 -13"><span class='ocrx_word' id='word_1_813' title='bbox 1851 4721 2014 4774; x_wconf 87' lang='lat' dir='ltr'><strong>tassis</strong></span> <span class='ocrx_word' id='word_1_814' title='bbox 2041 4727 2220 4773; x_wconf 89' lang='lat' dir='ltr'><strong>autem</strong></span> <span class='ocrx_word' id='word_1_815' title='bbox 2281 4717 2586 4770; x_wconf 87' lang='lat' dir='ltr'><strong>necessaria</strong></span> <span class='ocrx_word' id='word_1_816' title='bbox 2638 4727 2718 4771; x_wconf 90' lang='lat' dir='ltr'><strong>est</strong></span> <span class='ocrx_word' id='word_1_817' title='bbox 2755 4731 2854 4787; x_wconf 89' lang='lat' dir='ltr'><strong>pro</strong></span> <span class='ocrx_word' id='word_1_818' title='bbox 2877 4717 3022 4784; x_wconf 83' lang='lat' dir='ltr'><strong>justo</strong></span> <span class='ocrx_word' id='word_1_819' title='bbox 3068 4719 3332 4786; x_wconf 88' lang='lat' dir='ltr'><strong>precatio,</strong></span> <span class='ocrx_word' id='word_1_820' title='bbox 3363 4730 3422 4774; x_wconf 93' lang='lat' dir='ltr'><strong>ut</strong></span> 
     </span>
    </p>
   </div>
   <div class='ocr_carea' id='block_1_113' title="bbox 1851 4806 3422 4875">
    <p class='ocr_par' dir='ltr' id='par_1_113' title="bbox 1851 4806 3422 4875">
     <span class='ocr_line' id='line_1_113' title="bbox 1851 4806 3422 4875; baseline 0.001 -12"><span class='ocrx_word' id='word_1_821' title='bbox 1851 4821 2060 4865; x_wconf 89' lang='lat' dir='ltr'><strong>rectum</strong></span> <span class='ocrx_word' id='word_1_822' title='bbox 2091 4807 2255 4861; x_wconf 90' lang='lat' dir='ltr'><strong>animi</strong></span> <span class='ocrx_word' id='word_1_823' title='bbox 2284 4807 2398 4875; x_wconf 78' lang='lat' dir='ltr'><strong>ejus</strong></span> <span class='ocrx_word' id='word_1_824' title='bbox 2433 4806 3422 4874; x_wconf 89' lang='lat' dir='ltr'><strong>propositum,mentisimmutabilitas</strong></span> 
     </span>
    </p>
   </div>
   <div class='ocr_carea' id='block_1_114' title="bbox 1852 4901 3422 4970">
    <p class='ocr_par' dir='ltr' id='par_1_114' title="bbox 1852 4901 3422 4970">
     <span class='ocr_line' id='line_1_114' title="bbox 1852 4901 3422 4970; baseline 0.001 -14"><span class='ocrx_word' id='word_1_825' title='bbox 1852 4901 1946 4957; x_wconf 90' lang='lat' dir='ltr'><strong>Dei</strong></span> <span class='ocrx_word' id='word_1_826' title='bbox 1982 4903 2144 4956; x_wconf 89' lang='lat' dir='ltr'><strong>ductu</strong></span> <span class='ocrx_word' id='word_1_827' title='bbox 2177 4901 2472 4969; x_wconf 85' lang='lat' dir='ltr'><strong>dirigatur,</strong></span> <span class='ocrx_word' id='word_1_828' title='bbox 2499 4917 2566 4954; x_wconf 93' lang='lat' dir='ltr'><strong>ne</strong></span> <span class='ocrx_word' id='word_1_829' title='bbox 2587 4901 2801 4969; x_wconf 89' lang='lat' dir='ltr'><strong>quando</strong></span> <span class='ocrx_word' id='word_1_830' title='bbox 2823 4903 3307 4970; x_wconf 72' lang='lat' dir='ltr'><strong>prtciniirtnitatea</strong></span> <span class='ocrx_word' id='word_1_831' title='bbox 3330 4919 3422 4958; x_wconf 88' lang='lat' dir='ltr'><strong>ve-</strong></span> 
     </span>
    </p>
   </div>
   <div class='ocr_carea' id='block_1_115' title="bbox 1851 4992 3418 5062">
    <p class='ocr_par' dir='ltr' id='par_1_115' title="bbox 1851 4992 3418 5062">
     <span class='ocr_line' id='line_1_115' title="bbox 1851 4992 3418 5062; baseline 0.002 -15"><span class='ocrx_word' id='word_1_832' title='bbox 1851 4994 2026 5047; x_wconf 86' lang='lat' dir='ltr'><strong>ritatis</strong></span> <span class='ocrx_word' id='word_1_833' title='bbox 2060 4994 2214 5062; x_wconf 89' lang='lat' dir='ltr'><strong>quasi</strong></span> <span class='ocrx_word' id='word_1_834' title='bbox 2239 5007 2446 5046; x_wconf 91' lang='lat' dir='ltr'><strong>canone</strong></span> <span class='ocrx_word' id='word_1_835' title='bbox 2469 4992 2738 5058; x_wconf 85' lang='lat' dir='ltr'><strong>deﬂectat,</strong></span> <span class='ocrx_word' id='word_1_836' title='bbox 2763 5008 2894 5048; x_wconf 85' lang='lat' dir='ltr'><strong>neve</strong></span> <span class='ocrx_word' id='word_1_837' title='bbox 2909 5010 3029 5046; x_wconf 85' lang='lat' dir='ltr'><strong>eum</strong></span> <span class='ocrx_word' id='word_1_838' title='bbox 3058 4997 3298 5050; x_wconf 86' lang='lat' dir='ltr'><strong>veritatis</strong></span> <span class='ocrx_word' id='word_1_839' title='bbox 3321 4997 3418 5050; x_wconf 88' lang='lat' dir='ltr'><strong>ini-</strong></span> 
     </span>
    </p>
   </div>
   <div class='ocr_carea' id='block_1_116' title="bbox 1863 5086 3418 5157">
    <p class='ocr_par' dir='ltr' id='par_1_116' title="bbox 1863 5086 3418 5157">
     <span class='ocr_line' id='line_1_116' title="bbox 1863 5086 3418 5157; baseline 0.003 -18"><span class='ocrx_word' id='word_1_840' title='bbox 1863 5088 2034 5142; x_wconf 87' lang='lat' dir='ltr'><strong>micus</strong></span> <span class='ocrx_word' id='word_1_841' title='bbox 2063 5087 2338 5157; x_wconf 89' lang='lat' dir='ltr'><strong>perversis</strong></span> <span class='ocrx_word' id='word_1_842' title='bbox 2381 5087 2645 5156; x_wconf 82' lang='lat' dir='ltr'><strong>dogmatis</strong></span> <span class='ocrx_word' id='word_1_843' title='bbox 2684 5087 2862 5140; x_wconf 82' lang='lat' dir='ltr'><strong>laedat.</strong></span> <span class='ocrx_word' id='word_1_844' title='bbox 2899 5086 3152 5142; x_wconf 82' lang='lat' dir='ltr'><strong>Scrutans</strong></span> <span class='ocrx_word' id='word_1_845' title='bbox 3185 5092 3343 5142; x_wconf 86' lang='lat' dir='ltr'><strong>corda</strong></span> <span class='ocrx_word' id='word_1_846' title='bbox 3371 5103 3418 5144; x_wconf 82' lang='lat' dir='ltr'><strong>et</strong></span> 
     </span>
    </p>
   </div>
   <div class='ocr_carea' id='block_1_117' title="bbox 1852 5271 3415 5336">
    <p class='ocr_par' dir='ltr' id='par_1_117' title="bbox 1852 5271 3415 5336">
     <span class='ocr_line' id='line_1_117' title="bbox 1852 5271 3415 5336; baseline 0.007 -23"><span class='ocrx_word' id='word_1_847' title='bbox 1852 5273 2052 5336; x_wconf 59' lang='lat' dir='ltr'><strong>fantem</strong></span> <span class='ocrx_word' id='word_1_848' title='bbox 2078 5279 2162 5336; x_wconf 75' lang='lat' dir='ltr'><strong>me</strong></span> <span class='ocrx_word' id='word_1_849' title='bbox 2205 5271 2517 5336; x_wconf 75' lang='lat' dir='ltr'><strong>contemnas,</strong></span> <span class='ocrx_word' id='word_1_850' title='bbox 2548 5281 2650 5317; x_wconf 86' lang='lat' dir='ltr'><strong>non</strong></span> <span class='ocrx_word' id='word_1_851' title='bbox 2686 5274 2752 5336; x_wconf 76' lang='lat' dir='ltr'><strong>nt</strong></span> <span class='ocrx_word' id='word_1_852' title='bbox 2806 5280 3066 5336; x_wconf 65' lang='lat' dir='ltr'><strong>sagacem,</strong></span> <span class='ocrx_word' id='word_1_853' title='bbox 3103 5281 3282 5336; x_wconf 79' lang='lat' dir='ltr'><strong>neque,</strong></span> <span class='ocrx_word' id='word_1_854' title='bbox 3309 5277 3415 5324; x_wconf 87' lang='lat' dir='ltr'><strong>etc.</strong></span> 
     </span>
    </p>
   </div>
   <div class='ocr_carea' id='block_1_118' title="bbox 1851 5332 3434 5404">
    <p class='ocr_par' dir='ltr' id='par_1_118' title="bbox 1851 5332 3434 5404">
     <span class='ocr_line' id='line_1_118' title="bbox 1851 5332 3434 5404; baseline 0.002 -19"><span class='ocrx_word' id='word_1_855' title='bbox 1851 5333 2148 5404; x_wconf 52' lang='lat' dir='ltr'><strong>MtrgcColb.</strong></span> <span class='ocrx_word' id='word_1_856' title='bbox 2177 5335 2435 5401; x_wconf 85' lang='lat' dir='ltr'><strong>Septimus</strong></span> <span class='ocrx_word' id='word_1_857' title='bbox 2464 5335 2877 5404; x_wconf 78' lang='grc' dir='ltr'>ἐπηρεαζόντων</span> <span class='ocrx_word' id='word_1_858' title='bbox 2904 5332 3069 5404; x_wconf 82' lang='grc' dir='ltr'>αὐτῷ.</span> <span class='ocrx_word' id='word_1_859' title='bbox 3178 5332 3188 5336; x_wconf 69' lang='grc'><strong><em>“</em></strong></span> <span class='ocrx_word' id='word_1_860' title='bbox 3425 5357 3434 5368; x_wconf 83' lang='grc'><strong>·</strong></span> 
     </span>
    </p>
   </div>
   <div class='ocr_carea' id='block_1_119' title="bbox 1919 5385 3416 5478">
    <p class='ocr_par' dir='ltr' id='par_1_119' title="bbox 1919 5385 3416 5478">
     <span class='ocr_line' id='line_1_119' title="bbox 1919 5385 3416 5478; baseline 0.005 -24"><span class='ocrx_word' id='word_1_861' title='bbox 1919 5385 2032 5470; x_wconf 68' lang='lat'><strong>(72)</strong></span> <span class='ocrx_word' id='word_1_862' title='bbox 2071 5385 2798 5478; x_wconf 21' lang='lat' dir='ltr'><strong>Begiifpgritnuset&quot;uirilius</strong></span> <span class='ocrx_word' id='word_1_863' title='bbox 2841 5403 2934 5455; x_wconf 73' lang='grc' dir='ltr'><strong>ἐπὶ</strong></span> <span class='ocrx_word' id='word_1_864' title='bbox 2977 5385 3157 5459; x_wconf 82' lang='grc' dir='ltr'>πλεῖον</span> <span class='ocrx_word' id='word_1_865' title='bbox 3219 5408 3416 5478; x_wconf 80' lang='grc' dir='ltr'>προκό-</span> 
     </span>
    </p>
   </div>
   <div class='ocr_carea' id='block_1_120' title="bbox 1848 5471 2763 5535">
    <p class='ocr_par' dir='ltr' id='par_1_120' title="bbox 1848 5471 2763 5535">
     <span class='ocr_line' id='line_1_120' title="bbox 1848 5471 2763 5535; baseline 0.002 -11"><span class='ocrx_word' id='word_1_866' title='bbox 1848 5489 2061 5526; x_wconf 83' lang='grc' dir='ltr'>πτουσα</span> <span class='ocrx_word' id='word_1_867' title='bbox 2091 5471 2186 5535; x_wconf 85' lang='grc' dir='ltr'><strong>ὡς.</strong></span> <span class='ocrx_word' id='word_1_868' title='bbox 2227 5474 2328 5526; x_wconf 82' lang='lat' dir='ltr'><strong>Alii</strong></span> <span class='ocrx_word' id='word_1_869' title='bbox 2368 5489 2498 5526; x_wconf 84' lang='lat' dir='ltr'><strong>mss.</strong></span> <span class='ocrx_word' id='word_1_870' title='bbox 2533 5485 2590 5526; x_wconf 91' lang='lat' dir='ltr'><strong>ut</strong></span> <span class='ocrx_word' id='word_1_871' title='bbox 2615 5475 2763 5527; x_wconf 87' lang='lat' dir='ltr'><strong>editi.</strong></span> 
     </span>
    </p>
   </div>
   <div class='ocr_carea' id='block_1_121' title="bbox 1918 5541 3409 5610">
    <p class='ocr_par' dir='ltr' id='par_1_121' title="bbox 1918 5541 3409 5610">
     <span class='ocr_line' id='line_1_121' title="bbox 1918 5541 3409 5610; baseline 0.007 -18"><span class='ocrx_word' id='word_1_872' title='bbox 1918 5543 2032 5610; x_wconf 70' lang='lat'><strong>(73)</strong></span> <span class='ocrx_word' id='word_1_873' title='bbox 2068 5541 2156 5594; x_wconf 87' lang='lat' dir='ltr'><strong>Sic</strong></span> <span class='ocrx_word' id='word_1_874' title='bbox 2209 5558 2340 5595; x_wconf 76' lang='lat' dir='ltr'><strong>mss.</strong></span> <span class='ocrx_word' id='word_1_875' title='bbox 2379 5557 2498 5594; x_wconf 77' lang='lat' dir='ltr'><strong>cum</strong></span> <span class='ocrx_word' id='word_1_876' title='bbox 2545 5545 2780 5598; x_wconf 87' lang='lat' dir='ltr'><strong>editione</strong></span> <span class='ocrx_word' id='word_1_877' title='bbox 2831 5544 2996 5601; x_wconf 84' lang='lat' dir='ltr'><strong>Basil.</strong></span> <span class='ocrx_word' id='word_1_878' title='bbox 3027 5545 3205 5602; x_wconf 90' lang='lat' dir='ltr'><strong>Edilio</strong></span> <span class='ocrx_word' id='word_1_879' title='bbox 3239 5547 3409 5604; x_wconf 82' lang='lat' dir='ltr'><strong>Paris.</strong></span> 
     </span>
    </p>
   </div>
   <div class='ocr_carea' id='block_1_122' title="bbox 1845 5613 2440 5682">
    <p class='ocr_par' dir='ltr' id='par_1_122' title="bbox 1845 5613 2440 5682">
     <span class='ocr_line' id='line_1_122' title="bbox 1845 5613 2440 5682; baseline -0.003 -18"><span class='ocrx_word' id='word_1_880' title='bbox 1845 5615 2003 5672; x_wconf 78' lang='grc' dir='ltr'>εὐθὺς</span> <span class='ocrx_word' id='word_1_881' title='bbox 2205 5613 2364 5675; x_wconf 74' lang='grc' dir='ltr'>εὐθὺς</span> <span class='ocrx_word' id='word_1_882' title='bbox 2386 5615 2440 5682; x_wconf 83' lang='grc' dir='ltr'>ἡ.</span> 
     </span>
    </p>
   </div>
   <div class='ocr_carea' id='block_1_123' title="bbox 1911 5683 3075 5754">
    <p class='ocr_par' dir='ltr' id='par_1_123' title="bbox 1911 5683 3075 5754">
     <span class='ocr_line' id='line_1_123' title="bbox 1911 5683 3075 5754; baseline 0.005 -22"><span class='ocrx_word' id='word_1_883' title='bbox 1911 5683 2194 5754; x_wconf 70' lang='grc' dir='ltr'><strong>(74)(1υ11ι.</strong></span> <span class='ocrx_word' id='word_1_884' title='bbox 2228 5695 2451 5752; x_wconf 84' lang='lat' dir='ltr'><strong>quattus</strong></span> <span class='ocrx_word' id='word_1_885' title='bbox 2474 5684 2694 5750; x_wconf 85' lang='grc' dir='ltr'>κανόνος</span> <span class='ocrx_word' id='word_1_886' title='bbox 2713 5685 2809 5754; x_wconf 84' lang='grc' dir='ltr'><strong>τῆς</strong></span> <span class='ocrx_word' id='word_1_887' title='bbox 2843 5685 3075 5749; x_wconf 82' lang='grc' dir='ltr'>εὐθείας.</span> 
     </span>
    </p>
   </div>
  </div>
