3850 6218
389 340 500 397 ειε

1713 336 1769 393 S.
1813 336 2065 393 BASILII
2099 336 2313 393 MAGNI

3572 332 3690 386 ΞΗ

391 471 540 510 renes
572 453 711 509 Deus
739 453 907 523 justo.
962 452 1409 522 Quandoquidem
1454 453 1735 526 Scriptura
1784 456 1956 510 multi:

2074 454 2228 517 Gaia;
2287 455 2401 517 τοῖς
2459 453 2861 525 ἐνδιαστρόφοις
2919 452 3155 523 δόγμασι
3216 450 3686 522 παραϐλαϐῆναι.

391 546 446 598 in
484 544 618 600 locis
641 558 738 599 cor
764 559 864 613 pro
891 543 1180 613 principali
1218 543 1413 599 anima:
1448 555 1604 616 parte
1635 546 1858 615 accipit.
1883 561 1966 601 re-

390 649 492 691 nes
521 649 652 691 vero
696 650 795 705 pro
830 635 1251 704 concupiscente
1274 675 1291 702 ,
1338 636 1428 691 hic
1456 650 1675 707 quoque
1730 637 1966 706 idipsum

388 723 658 792 signiﬁcat
695 740 710 778 :
750 722 1243 790 nimirutn,ludica
1265 740 1363 789 me,
1400 724 1566 791 Deus,
1601 737 1710 780 tum
1732 741 1796 781 ex
1831 726 1967 781 meis

388 814 535 868 circa
560 814 811 883 pietatem
848 814 1138 883 dogmatis,
1176 821 1290 867 tum
1322 828 1390 869 ex
1408 816 1645 870 motibus
1674 813 1964 870 aﬂ‘ectuutn

389 918 633 958 meorum
673 921 688 958 :
727 914 783 959 tu
812 919 1047 974 namque
1073 905 1237 961 corda
1270 916 1327 961 et
1377 920 1534 961 renes
1581 908 1962 977 perscrutaris.

384 993 662 1048 Scrutatio
698 995 917 1063 proprie
943 1005 1024 1050 est
1060 994 1361 1064 inquisitio,
1400 996 1687 1051 tormentis
1711 997 1966 1052 omnibus

387 1083 663 1152 adjuncta,
693 1103 856 1158 quam
888 1089 1151 1145 adversus
1175 1091 1571 1145 examinandos
1595 1090 1966 1160 adhibentju-

384 1172 556 1240 dices,
591 1187 649 1230 ut
672 1178 706 1230 ii
735 1179 823 1246 qui
858 1177 911 1231 in
939 1192 1000 1233 se
1034 1188 1222 1244 tegunt
1252 1179 1542 1249 postulata,
1569 1180 1620 1233 id
1648 1181 1789 1249 quod
1824 1180 1965 1235 late-

387 1264 500 1330 ltat,
541 1265 594 1320 in
644 1268 882 1321 medium
922 1269 972 1320 vi
1005 1267 1252 1322 dolorum
1286 1267 1585 1338 proferant.
1620 1267 1871 1324 Profecto
1907 1270 1963 1324 in

382 1354 581 1425 indicis
623 1356 782 1429 1M
818 1359 1065 1413 examine
1097 1358 1275 1415 omnis
1338 1359 1544 1413 erroris
1593 1358 1804 1427 experti
1850 1368 1961 1414 tam

384 1446 763 1515 cogitationes,
815 1461 978 1516 quam
1033 1446 1273 1502 actiones
1304 1458 1505 1502 nostra:
1551 1448 1958 1517 expenduntur.

384 1537 554 1591 Nemo
579 1536 744 1607 igitur
773 1553 961 1593 verum
980 1537 1218 1607 iudicem
1240 1541 1558 1610 praeveniat,
1593 1548 1720 1595 ante
1750 1547 1962 1610 tempus

377 1628 584 1696 judicet
631 1646 814 1697 nemo,
870 1629 1224 1703 Quoadusque
1273 1635 1444 1687 veniat
1478 1633 1756 1701 Dominus,
1783 1634 1875 1702 qui
1910 1640 1960 1687 et

382 1721 706 1774 illuminubit
759 1721 1069 1777 abscondita
1114 1723 1470 1787 tenebrarum,
1518 1736 1565 1779 et
1594 1725 1959 1793 manifestabit

2089 540 2331 602 Ἐτὰζων
2381 543 2632 612 καρδίας
2679 542 2778 596 καὶ
2828 541 3087 611 νεφροὺς
3126 545 3161 596 ὀ
3210 541 3357 607 Θεὸς
3394 541 3683 606 δικαίως.

2087 634 2304 706 Ἐπειδὴ
2329 634 2557 706 καρδίαν
2581 636 2615 705 ἡ
2649 634 2839 706 Γραφὴ
2868 633 3134 705 πολλαχοῦ
3164 635 3257 687 ἐπὶ
3279 633 3379 687 τοῦ
3403 636 3686 703 ἠγεμ-

2074 728 2173 781 κοῦ
2221 727 2671 799 παραλαμϐάνει,
2715 729 2948 798 νεφροὺς
2999 728 3057 781 δέ
3107 726 3383 797 πολλαχοῦ
3433 727 3538 780 ἐπὶ
3582 726 3683 778 τοῦ

2075 818 2471 890 ἐπιθυμητικοῦ
2503 820 2605 890 τῆς
2642 819 2843 891 ψυχῆς,
2876 819 2969 872 καὶ
2995 818 3229 873 ἐνταῦθα
3276 818 3339 871 τὸ
3392 818 3540 872 αὐτὸ
3573 836 3681 888 ση-

2076 910 2288 980 μαίνει·
2324 911 2428 976 ὅτι,
2474 910 2537 963 '0
2573 908 2737 976 Θεὸς,
2772 909 3080 978 κρῖνόνμε
3102 908 3194 961 ἐπί
3224 925 3286 960 τε
3311 909 3431 971 τοῖς
3458 906 3683 976 δόγμαθ-

2075 1018 2157 1054 σιν
2186 995 2267 1064 οἷς
2294 1000 2402 1072 ἔχω
2435 1002 2564 1072 περὶ
2611 1001 2712 1072 τῆς
2752 998 3058 1063 εὐσεϐείας.
3087 999 3180 1052 καὶ
3206 998 3300 1050 ἐπὶ
3339 999 3462 1060 τοῖς
3508 999 3681 1067 κινήο

2075 1108 2208 1161 μασι
2246 1094 2360 1154 τοῖς
2391 1089 2745 1161 παθητικοῖς·
2785 1091 2849 1145 σὺ
2882 1089 2989 1161 γὰρ
3031 1082 3085 1141 εἴ
3110 1090 3139 1141 ό
3168 1086 3379 1150 ἐτάζων
3430 1084 3679 1156 καρδίας

2072 1181 2167 1234 καὶ
2207 1179 2457 1251 νεφρούς.
2509 1179 2778 1250 Ἐτασμὸς
2806 1178 3011 1250 κυρίως
3038 1176 3185 1230 ἐστὶν
3227 1177 3261 1246 ὴ
3292 1174 3437 1245 μετά
3468 1174 3679 1226 πασῶν

2072 1268 2319 1339 βασάνων
2349 1267 2734 1340 προσαγομένη
2766 1267 2963 1338 ἔρευνα
2985 1265 3136 1337 παρά
3162 1265 3272 1318 τῶν
3302 1263 3520 1334 κριτῶν
3554 1266 3678 1325 τοῖς

2069 1358 2495 1431 ἐξεταζομένοις,
2546 1360 2634 1414 ἵνα
2683 1359 2735 1412 οἱ
2784 1357 3119 1431 κρύπτοντες
3165 1356 3294 1426 παρ’
3325 1356 3557 1418 ἑαυτοῖς
3598 1355 3679 1407 τὰ

2069 1451 2473 1523 ἐπιζητούμενα
2505 1454 2573 1523 τῇ
2604 1452 2820 1524 ἀνάγκῃ
2848 1449 2958 1503 τῶν
2998 1449 3173 1502 πόνων
3200 1450 3281 1512 εἰς
3316 1446 3380 1499 τὸ
3409 1445 3669 1516 ἐμφανὲς

2068 1544 2452 1615 καταστήσωσι
2498 1543 2559 1597 τὸ
2602 1541 2886 1596 λανθάνον.
2933 1541 3021 1595 Ἐν
3067 1538 3176 1610 γὰρ
3217 1539 3331 1601 τοῖς
3366 1535 3670 1609 ἀπαραλο-

2067 1635 2273 1703 γίστοις
2307 1634 2626 1705 ἐξετασμοῖς
2663 1633 2757 1687 τοῦ
2791 1631 2979 1705 κριτοῦ
3015 1630 3295 1695 ἐτάζονται
3342 1630 3450 1701 μὲν
3494 1628 3669 1699 ήμιῖιν

2066 1727 2115 1779 oi
2154 1725 2435 1796 λογισμοὶ,
2482 1724 2763 1786 ἐτάζονται
2809 1725 2867 1778 δὲ
2901 1726 2997 1779 καὶ
3037 1725 3092 1777 αί
3146 1720 3397 1794 πράξεις.
3444 1719 3671 1791 Μηδεὶς

381 1810 603 1864 consilia
633 1812 871 1866 cordium
896 1812 962 1867 “.
1006 1811 1197 1883 Itaque
1231 1813 1360 1868 dum
1398 1824 1676 1869 scrutatur
1701 1793 1866 1870 corda
1903 1826 1956 1871 et

2064 1813 2155 1870 οῦν
2203 1793 2633 1888 προλαμϐανέτω
2681 1814 2795 1886 (75)
2840 1814 2932 1869 τὸν
2966 1793 3215 1886 ἀληθινὸν
3251 1810 3477 1883 κριτὴν,
3516 1808 3666 1880 μηῆ

383 1916 542 1958 renes
566 1903 726 1968 Deus,
755 1918 907 1959 suam
934 1905 1471 1976 ostenditjustitiam.
1501 1905 1567 1961 Et
1587 1906 1805 1975 quidem
1831 1921 1958 1962 exa-

381 1994 643 2050 minatum
677 2004 763 2052 est
788 2011 884 2052 cor
911 1996 1254 2060 Abrahze,an
1285 1998 1452 2053 Deum
1478 2012 1544 2052 ex
1575 2006 1685 2053 tota
1712 2013 1809 2053 sua
1847 2001 1962 2055 ani-

381 2102 470 2143 ma
517 2096 572 2143 et
606 2103 673 2143 ex
724 2097 840 2144 toto
881 2090 1047 2144 corde
1091 2088 1360 2158 diligeret,
1417 2092 1635 2159 quando
1664 2088 1844 2160 iussus
1876 2099 1962 2147 est

379 2180 533 2237 Isaac
568 2195 668 2251 pro
708 2180 1027 2237 holocausto
1064 2180 1263 2237 offerre
1295 2200 1309 2237 :
1350 2192 1408 2237 ut
1441 2193 1780 2255 compertum
1815 2192 1962 2240 esset

379 2272 551 2329 ﬁlium
588 2288 745 2328 suum
779 2272 848 2327 ab
891 2274 1008 2343 ipso
1053 2288 1214 2343 supra
1248 2273 1415 2328 Deum
1444 2290 1551 2330 non
1584 2274 1778 2329 amari.
1816 2274 1962 2329 Exa-

380 2373 619 2420 mtnatus
648 2374 732 2420 est
759 2373 942 2420 autem
978 2374 1034 2420 et
1055 2363 1246 2427 Jacob.
1274 2363 1462 2421 fratris
1494 2366 1705 2422 insidiis
1734 2368 1958 2437 petitus,

379 2465 439 2512 ut
463 2454 706 2511 fraterna
742 2456 914 2527 ipsius
953 2456 1192 2512 charitas
1225 2458 1367 2512 inter
1392 2467 1538 2512 tanta
1563 2457 1706 2513 Esau
1736 2469 1958 2529 peccata

377 2547 548 2603 nihilo
571 2547 850 2603 remissior
878 2558 1187 2618 appareret.
1210 2547 1396 2619 Itaque
1415 2551 1605 2604 horum
1629 2551 1792 2605 corda
1822 2565 1959 2605 exa-

378 2640 513 2696 mini
543 2641 697 2697 fuere
725 2640 988 2711 subjecta.
1015 2640 1154 2708 Quin
1183 2651 1238 2696 et
1271 2656 1431 2697 renes
1460 2639 1683 2711 Joseplti
1730 2642 1957 2712 expensi

377 2731 618 2796 fuerunt,
666 2731 908 2801 quando,
960 2732 1163 2785 lasciva
1206 2731 1426 2786 domina
1458 2745 1644 2786 amore
1667 2731 1784 2800 ejus
1811 2733 1957 2786 insa-

375 2825 587 2890 niente,
614 2823 875 2894 voluptati
901 2823 1230 2894 turpissima:
1281 2824 1623 2879 honestatem
1678 2826 1955 2895 pudicitia:

373 2915 630 2987 pratulit.
659 2915 783 2972 Ideo
804 2926 982 2972 autem
1006 2917 1262 2987 probatus
1290 2925 1393 2982 est,
1435 2926 1493 2972 ut
1524 2917 1799 2971 communi
1821 2931 1956 2971 con-

375 3024 542 3065 sensu
568 3007 1114 3080 spectatoresjudicii
1153 3009 1245 3063 Dei
1292 3009 1592 3064 faterentur
1620 3009 1742 3076 jure
1772 3009 1822 3064 ei
1854 3010 1953 3063 de-

378 3101 509 3155 ferri
541 3102 823 3167 Itonorem,
850 3101 990 3169 quod
1020 3099 1161 3155 illius
1186 3100 1411 3155 castitas
1457 3102 1509 3154 itt
1555 3101 1765 3170 ntagnis
1798 3099 1947 3169 peri-

374 3192 513 3248 culis
547 3193 739 3248 mirmn
773 3192 827 3247 in
853 3192 1069 3245 modum
1100 3191 1379 3245 elusisset.

2062 1908 2168 1980 πρὸ
2193 1906 2384 1979 καιροῦ
2410 1924 2493 1971 τις
2519 1906 2773 1979 κρινέτω,
2801 1907 2950 1972 Ἕως
2970 1907 3047 1961 ἃν
3074 1906 3222 1973 ἔλθῃ
3249 1907 3284 1959 ὁ
3308 1904 3556 1971 Κύριος.
3588 1901 3667 1968 ὃς

2061 2001 2159 2053 καὶ
2191 2002 2435 2069 φωτίσει
2480 2001 2554 2054 τὰ
2602 1999 2837 2068 κρυπτὰ
2871 1999 2977 2053 τοῦ
3008 1999 3291 2062 σκότους,
3328 1995 3433 2048 καὶ
3466 2009 3662 2064 φαγε-

2052 2090 2238 2160 ρώσει
2263 2089 2368 2157 τὰς
2385 2091 2623 2156 βουλὰς
2648 2089 2765 2144 τῶν
2793 2089 3070 2158 καρδιῶν.
3108 2088 3195 2141 Ἑν
3220 2083 3314 2141 οὖν
3332 2085 3415 2157 τῷ
3437 2085 3662 2149 ἐτάζειν

2061 2183 2288 2256 καρδίας
2321 2184 2416 2236 καὶ
2449 2183 2680 2255 νεφροὺς
2720 2184 2749 2236 ὁ
2780 2182 2913 2246 Θεὸς
2945 2182 3006 2235 τὸ
3038 2179 3230 2235 ἐαυτοῦ
3262 2179 3479 2232 δίκαιον
3515 2179 3657 2231 ἀνα-

2062 2277 2260 2347 φαίνει.
2316 2275 2551 2345 Ἦτάσθη
2599 2274 2698 2345 μὲν
2724 2269 2817 2327 οῦν
2846 2275 2880 2346 ή
2922 2271 3119 2345 καρδία
3149 2269 3243 2325 τοῦ
3287 2268 3575 2341 Ἀϐραὰμ,
3605 2269 3658 2322 ει

2061 2368 2254 2437 ἀγαπᾷ
2290 2366 2382 2420 τὸν
2423 2365 2559 2419 Θεὸν
2588 2363 2648 2429 ἐξ
2698 2364 2827 2434 ὅλης
2853 2364 2953 2435 τῆς
2983 2363 3159 2434 ψυχῆς
3202 2360 3368 2415 αὐτοῦ
3392 2401 3411 2424 ,
3463 2362 3563 2413 καὶ
3594 2360 3656 2425 ἐξ

2031 2520 2038 2528 .
2060 2460 2188 2529 ὅλης
2209 2458 2307 2529 τῆς
2333 2457 2580 2526 καρδίας,
2606 2456 2695 2509 ὅτε
2718 2455 3014 2527 ἐκελεύσθη
3040 2453 3401 2523 ὁλοκαύτωμα
3426 2454 3655 2519 ἀνενεγ-

2024 2618 2029 2625 .
2060 2554 2176 2605 κεῖν
2221 2551 2311 2605 τὸν
2365 2549 2573 2616 Ἰσαὰκ,
2607 2549 2694 2603 ἵνα
2732 2551 2895 2620 φανῇ,
2927 2548 3007 2601 ὅτι
3045 2548 3144 2601 οὐκ
3170 2547 3364 2617 ἀγαπᾷ
3394 2545 3491 2598 τὸν
3535 2544 3655 2597 υἱὸν

2060 2643 2201 2714 ὑπὲρ
2228 2642 2321 2695 τὸν
2347 2642 2479 2695 Θεόν
2496 2659 2509 2672 ·
2536 2641 2746 2712 ἠτάσθη
2778 2640 2836 2693 δὲ
2864 2640 2961 2693 καὶ
2998 2636 3190 2692 Ἰακὼϐ
3220 2636 3655 2706 ἐπιϐουλευόμε-

2058 2752 2145 2799 νος
2174 2734 2280 2788 ὑπὸ
2305 2732 2400 2786 τοῦ
2428 2731 2657 2799 ἀδελφοῦ
2679 2772 2694 2797 ,
2728 2732 2814 2786 ἵνα
2844 2720 3038 2804 λάμψῃ
3066 2732 3124 2783 ἐν
3160 2728 3443 2792 τοσούτοις
3473 2730 3657 2798 ἀμαρυ-

2056 2825 2260 2894 τήμασι
2285 2821 2377 2875 τοῦ
2418 2820 2590 2874 Ἡσαῦ
2627 2822 2703 2891 μὴ
2729 2820 3113 2891 ἀμϐλυνομένη
3143 2816 3310 2871 αὐτοῦ
3333 2818 3367 2887 ἡ
3399 2813 3655 2885 φιλαδελο

2057 2914 2173 2984 φία.
2210 2913 2429 2967 Τούτων
2475 2913 2574 2984 μὲν
2604 2910 2697 2967 οὖν
2725 2914 2781 2965 αἱ
2819 2910 3039 2983 καρδίαι
3074 2908 3427 2979 ὴτάσθησαν·
3462 2905 3655 2976 νεφροὶ

2056 3005 2113 3059 δὲ
2140 3004 2456 3075 ἠτάσθησαν
2481 3002 2575 3056 τοῦ
2613 3001 2829 3072 Ἰωσὴφ,
2852 3002 2963 3062 ὅτε,
2984 2998 3345 3070 ἐπιμανείσης
3373 2995 3533 3065 αὐτῷ
3554 2994 3654 3057 εἰς

2057 3096 2356 3150 ἀκολάστου
2384 3093 2691 3164 δεσποίνης,
2720 3092 2782 3145 τὺ
2815 3092 3011 3161 σεμνὸν
3038 3091 3139 3159 τῆς
3161 3087 3526 3157 σωφροσύνης
3549 3085 3655 3154 τῆς

1977 3168 2020 3226 (ἶ
2055 3188 2363 3258 ἀσχήμονος
2401 3185 2596 3257 ἡδονῆς
2644 3183 3031 3256 προετίμησεν.
3073 3183 3167 3246 Εἰς
3211 3179 3373 3234 τοῦτο
3416 3178 3480 3233 δέ
3534 3175 3653 3247 (76)

368 3284 604 3357 ήτάσθη,
635 3284 721 3338 ἵνα
744 3286 793 3337 οἱ
843 3283 1033 3338 θεαταὶ
1060 3282 1162 3353 τῆς
1195 3284 1429 3354 κρίσεως
1492 3282 1588 3336 τοῦ
1651 3282 1787 3337 Θεοῦ
1842 3280 2148 3336 συνθῶνται
2181 3280 2406 3344 δικαίως
2439 3277 2854 3349 ἀπονεμομένην
2899 3275 3048 3346 αὐτῷ
3085 3275 3183 3344 τὴν
3222 3272 3423 3344 τιμὴν,
3457 3270 3549 3324 διά
3592 3267 3654 3322 τὸ

369 3380 431 3433 ἐν
470 3377 726 3450 μεγάλοις
766 3376 1209 3447 δοκιμαστηρίοις
1250 3375 1604 3447 ὑπερλάμψαι
1647 3374 1811 3430 αὑτοῦ
1847 3373 1946 3446 τὴν
1985 3372 2313 3444 σεμνότητα.

441 3474 495 3528 7.
526 3472 691 3528 Vens.
741 3471 828 3526 H.
862 3472 1139 3525 Auxilium
1176 3488 1347 3525 meum
1385 3488 1417 3524 a
1451 3469 1694 3526 Domino.
1727 3471 1956 3541 Proprie

370 3564 464 3634 qui
496 3574 903 3634 oppugnantur,
934 3563 1194 3632 adversus
1223 3563 1455 3633 impetus
1500 3563 1726 3618 hostiles
1754 3563 1808 3617 in
1832 3563 1955 3619 'bel-

371 3655 441 3709 lis
474 3653 735 3708 auxilium
765 3660 1036 3722 quarunt.
1066 3653 1134 3707 Et
1167 3653 1257 3708 hic
1284 3654 1469 3723 itaque
1505 3653 1807 3709 invisibiles
1825 3667 1955 3709 suos

374 3746 628 3802 inimicos
655 3745 898 3801 sentiens
928 3745 1218 3815 quispiam,
1246 3744 1662 3815 periculumque
1683 3744 1827 3812 quod
1850 3743 1954 3800 sibi

373 3838 445 3895 ab
482 3835 716 3893 inimicis
738 3836 914 3907 ipsum
964 3836 1494 3893 circumsedentibus
1534 3836 1831 3907 impendet,
1869 3835 1953 3889 in-

378 3942 558 3997 tuens,
586 3929 731 3985 dicet
759 3946 774 3983 :
811 3929 1091 3983 Auxilium
1141 3944 1324 3983 meum
1352 3944 1458 3983 non
1490 3942 1558 3982 ex
1591 3928 1820 3995 divitiis,
1857 3941 1954 3982 ne-

371 4035 478 4091 que
508 4035 574 4075 ex
611 4019 720 4075 ullo
756 4019 1025 4090 corporali
1057 4018 1320 4087 subsidio,
1351 4034 1531 4089 neque
1575 4034 1643 4075 ex
1688 4019 1949 4089 potentia,

370 4122 465 4167 aut
489 4112 625 4168 meis
650 4112 877 4176 Viribus,
907 4124 1083 4182 neque
1112 4126 1178 4168 ex
1207 4110 1313 4166 ulla
1336 4111 1662 4182 cognatione
1691 4111 1950 4181 humana,

372 4203 467 4259 sed
504 4202 780 4257 Auxilium
812 4218 983 4255 meum
1013 4219 1045 4255 a
1074 4201 1320 4256 Domino.
1353 4200 1527 4269 Quale
1550 4212 1731 4256 autem
1773 4202 1954 4257 mittat

369 4294 628 4351 auxilium
657 4293 972 4349 timentibus
998 4309 1060 4349 se
1098 4295 1378 4359 Dominus,
1411 4295 1538 4350 alibi
1571 4311 1600 4349 a
1631 4294 1842 4364 psalmo
1867 4294 1954 4350 di—

369 4386 602 4441 dicimus
652 4384 904 4440 dicente:
964 4382 1459 4456 Immittetangetus
1504 4382 1720 4440 Domin'i
1750 4387 1806 4441 in
1840 4387 1951 4440 cir-

368 4479 517 4533 cuitu
544 4476 838 4531 timentium
867 4491 1009 4543 eum,
1036 4484 1084 4530 et
1115 4478 1304 4545 eripiet
1330 4494 1416 4531 eos
1448 4477 1514 4535 ⁸⁷.
1545 4476 1610 4531 Ει
1639 4478 1764 4534 alibi
1794 4498 1806 4533 :
1842 4478 1953 4532 An-

370 4572 515 4640 gelus
538 4570 627 4641 qui
657 4570 793 4624 eruit
825 4586 907 4624 me
933 4569 1001 4624 ⁸⁸.
1032 4569 1138 4636 Qui
1165 4569 1340 4625 salvas
1388 4570 1519 4640 facit
1564 4580 1735 4625 rectos
1768 4570 1948 4627 corde.

377 4660 579 4715 Rectus
615 4659 783 4715 corde
819 4660 865 4715 is
901 4668 1005 4724 est,
1032 4660 1187 4731 cujus
1210 4662 1426 4716 animus
1452 4676 1626 4731 neque
1661 4662 1727 4715 ad
1762 4676 1951 4717 exces-

2128 3468 2182 3522 7.
2238 3466 2311 3522 Ἠ
2334 3464 2588 3533 ,βοήθειά
2611 3482 2732 3535 μου
2765 3461 2925 3532 παρὰ
2965 3459 3073 3515 τοῦ
3108 3458 3278 3514 Θεοῦ.
3326 3456 3559 3528 Κυρίως
3592 3457 3656 3509 ἐν

2056 3558 2315 3630 πολέμοις
2352 3559 2494 3613 κατά
2537 3557 2636 3620 τὰς
2682 3555 2904 3626 ἐφόδους
2936 3553 3044 3607 τῶν
3083 3551 3340 3607 ἐναντίων
3382 3549 3488 3612 τὰς
3519 3547 3655 3618 βοη⁹

2055 3654 2205 3718 θείας
2233 3652 2582 3726 ἐπιζητοῦσιν
2607 3652 2656 3704 οἱ
2682 3648 3099 3719 πολεμούμενοι.
3132 3646 3243 3700 Καὶ
3270 3642 3513 3698 ἐνταῦθα
3534 3642 3653 3695 τοί-

2054 3763 2148 3799 νυν
2184 3747 2213 3798 ό
2244 3744 2351 3799 τῶν
2388 3744 2638 3816 ἀοράτων
2669 3741 2882 3814 ἐχθρῶν
2914 3738 3107 3793 ἐαυτοῦ
3152 3735 3653 3804 ἐπαισθανόμενος,

2054 3838 2149 3892 καὶ
2173 3836 2265 3890 τὸν
2293 3835 2575 3907 ἐφεστῶτα
2605 3832 2754 3904 αὐτῷ
2778 3832 3019 3887 κίνδυνον
3043 3827 3194 3901 παρά
3214 3826 3321 3880 τῶν
3346 3840 3656 3896 περιστρα-

2052 3928 2492 4000 τοπεδευομένων
2528 3926 2689 3982 αὐτὸν
2716 3925 2993 3996 πολεμίων
3023 3921 3186 3993 όρῶν,
3219 3919 3373 3989 ἐρεῖ·
3425 3917 3497 3969 Ἦ
3527 3915 3656 3985 βοή-

2054 4018 2177 4073 θειά
2213 4036 2312 4089 μου
2341 4018 2442 4071 οὐκ
2472 4019 2537 4071 ἐκ
2567 4015 2820 4079 πλούτου,
2849 4013 2972 4067 οὐδέ
3002 4014 3065 4065 ἐκ
3099 4006 3427 4080 σωματικῶν
3468 4007 3653 4075 ἀφορ-

2056 4112 2194 4182 μῶν,
2237 4109 2358 4163 οὐδὲ
2412 4112 2478 4163 ἐκ
2517 4108 2799 4179 δυνάμεως
2842 4106 2937 4160 καὶ
2968 4103 3157 4175 ἰσχύος
3199 4099 3364 4172 ἐμῆς,
3411 4097 3539 4151 οὐδὲ
3582 4099 3656 4150 ἐκ

2055 4203 2375 4273 συγγενείας
2409 4199 2779 4273 ἀνθρωπίνης,
2807 4197 2921 4252 ἀλλ’
2964 4197 3037 4250 Ἡ
3060 4190 3311 4260 βοήθειὰ
3329 4207 3452 4260 μου
3486 4188 3657 4257 παρὰ

2052 4296 2158 4350 τοῦ
2194 4294 2363 4349 Θεοῦ.
2402 4293 2661 4365 Ποταπὴν
2706 4292 2761 4345 δέ
2806 4288 3125 4361 συμμαχίαν
3165 4282 3490 4339 ἀποστέλλει
3531 4282 3654 4344 τοῖς

2053 4388 2410 4459 φοϐουμένοις
2440 4386 2600 4440 αὐτὸν
2629 4388 2658 4440 ό
2698 4384 2904 4456 Κύριος
2922 4427 2936 4448 ,
2967 4379 3202 4452 ἀλλαχοῦ
3236 4377 3655 4450 μεμαθήκαμεν

2052 4479 2147 4533 τοῦ
2178 4476 2395 4550 ψαλμοῦ
2428 4477 2706 4546 λέγοντος·
2741 4464 3116 4545 Παρεμϐαςιεῖ
3136 4472 3391 4541 ἄγγελος
3419 4469 3653 4537 Κυρίου

2051 4571 2258 4633 κύκλῳ
2290 4568 2410 4623 τῶν
2447 4567 2833 4637 φοϐουμένων
2863 4565 3083 4628 αὐτὸν,
3112 4562 3209 4617 καὶ
3236 4562 3500 4629 ῥύσεται
3535 4561 3652 4613 αὑ-

2051 4661 2227 4727 τούς⁶
2266 4661 2362 4715 καὶ
2402 4657 2672 4730 ἀλλαχοῦο
2725 4660 2789 4711 Ὀ
2821 4657 3076 4728 ἅγγελος
3121 4657 3153 4708 ό
3194 4650 3499 4721 ῥυόμενός
3546 4667 3648 4720 με.

368 4767 512 4817 sunt,
545 4766 718 4822 neque
744 4751 809 4807 ad
840 4751 1107 4807 defectum
1145 4753 1339 4821 vergit,
1371 4755 1465 4808 sed
1493 4754 1559 4809 ad
1588 4754 1822 4808 medium
1840 4755 1950 4809 vir-

2064 4753 2172 4808 Τοῦ
2227 4752 2521 4818 σώζοντος
2575 4751 2719 4818 τοὺς
2780 4749 2976 4816 εὐθεῖς
3038 4745 3110 4816 τῇ
3169 4743 3406 4813 καρδίᾳ.
3464 4742 3652 4807 Εὖθῦς

370 4844 503 4900 tutis
534 4843 807 4914 dirigitttr.
858 4842 960 4910 Qui
1016 4845 1163 4899 enim
1206 4860 1235 4898 a
1269 4845 1583 4902 fortitudine
1620 4846 1688 4901 ad
1736 4847 1948 4902 minora

370 4933 624 4999 deﬂectit,
681 4934 972 4989 timiditate
1017 4935 1386 5005 perVertitur;
1437 4937 1528 5005 qui
1559 4951 1689 4992 vero
1718 4940 1787 4991 ad
1830 4953 1947 4993 ma-

367 5025 486 5092 jora
521 5022 897 5095 progreditur,
952 5024 1224 5079 delabitur
1280 5024 1332 5079 in
1384 5025 1691 5080 audaciam.
1740 5026 1945 5095 Quant-

370 5116 560 5170 obrem
589 5114 964 5185 hujuscemodi
995 5116 1245 5171 homines
1285 5116 1378 5186 qui
1410 5133 1438 5171 a
1473 5117 1650 5173 medio
1690 5118 1950 5174 aberrant

371 5207 454 5263 vel
489 5222 739 5271 excessu,
776 5206 862 5262 vel
893 5208 1130 5273 defectu,
1164 5208 1414 5278 obliquos
1437 5219 1492 5262 et
1516 5209 1764 5265 obtortos
1800 5210 1949 5265 Scri-

371 5308 527 5370 ptura
555 5301 799 5355 nominat
827 5300 895 5352 ⁶⁹.
941 5299 1405 5367 Quemadmodum
1458 5300 1601 5355 enim
1643 5302 1781 5356 linea
1813 5302 1949 5356 obli-

444 5459 489 5491 ”
515 5460 536 5514 l
559 5459 685 5515 Cor.
710 5476 785 5522 tv,
809 5461 862 5516 5.
945 5463 985 5492 ⁸⁷
1016 5460 1156 5515 Psal.
1189 5460 1450 5515 xxxttt.8.

373 5647 377 5650 .
588 5593 737 5665 ρηιι).
769 5607 995 5663 quartus
1022 5593 1355 5665 προλαϐἐτω.

450 5661 561 5730 (76)
601 5662 733 5732 Reg.
775 5661 969 5717 tertius
995 5661 1075 5727 εἰς
1103 5668 1354 5715 τοσοῦτον
1393 5664 1465 5714 δέ.
1516 5666 1800 5729 Aliquanto
1836 5674 1952 5732 pmt

365 5730 534 5804 Δεἷευὼ.
570 5730 797 5801 ιιιιιιῖιιιε
854 5734 1103 5804 pontufex;
1163 5734 1430 5804 ζητοῦσιν.
1478 5734 1591 5787 Mox
1656 5738 1790 5788 idem
1840 5730 1950 5787 ius.

1533 5461 1574 5488 “"
1597 5459 1733 5514 Gen.
1763 5477 1948 5524 sum,
1993 5462 2080 5518 16.

2055 4845 2172 4900 ἐστι
2208 4844 2323 4914 (177)
2351 4846 2416 4915 τῇ
2452 4843 2650 4915 καρδία
2676 4844 2705 4896 ὁ
2727 4842 2819 4897 τὸν
2846 4840 3106 4911 λογισμὸν
3137 4839 3210 4909 μὴ
3234 4837 3376 4908 ἔχων
3404 4835 3651 4907 ῥέποντα

2056 4938 2193 5009 πρὸς
2225 4935 2529 5008 ὑπερϐολὴν
2575 4935 2709 5007 μηδέ
2745 4933 3014 5004 ἔλλειψιν,
3042 4932 3157 4987 ἀλλ’
3200 4929 3647 5000 ἀπευθυνόμενος

2056 5028 2192 5100 πρὸς
2223 5029 2285 5083 τὸ
2318 5029 2482 5100 μέσον
2522 5029 2620 5100 τῆς
2649 5027 2870 5099 ἀρετῆς.
2919 5027 2977 5079 '0
3005 5025 3112 5096 γὰρ
3142 5022 3250 5077 ἀπὸ
3285 5022 3387 5092 τῆς
3418 5022 3646 5094 ἀνδρίας

2055 5121 2149 5173 ἐπὶ
2175 5120 2236 5172 τὸ
2262 5119 2483 5174 ἔλαττον
2523 5118 2896 5190 παρεκκλίνας
2921 5115 3062 5170 κατὰ
3089 5113 3288 5167 δειλίαν
3313 5112 3643 5183 διαστρέφε-

2053 5227 2178 5265 ται·
2213 5213 2243 5266 ὁ
2269 5212 2326 5266 δὲ
2360 5212 2454 5266 ἐπὶ¹
2497 5211 2657 5266 πλέον
2699 5209 3026 5282 ὑπερταθεὶς
3066 5209 3158 5261 ἐπὶ
3188 5206 3286 5277 τὴν
3318 5204 3646 5276 Θρασύτητα

2056 5302 2358 5357 ἀποκλίνει.
2393 5303 2591 5375 Διόπερ
2622 5302 2846 5365 τούτους
2874 5300 3121 5362 σκολιοὺς
3146 5299 3179 5369 ἡ
3212 5296 3405 5367 Γραφὴ
3440 5295 3643 5364 ὀνομά-

2158 5465 2199 5495 ⁶⁹
2233 5463 2407 5518 Levit.
2443 5479 2591 5527 xxt't,
2620 5462 2709 5516 ‘21.

2063 5595 2476 5665 ἐπαισθόμενος.
2509 5594 2652 5648 Infra
2682 5593 2814 5662 Reg.
2845 5593 3037 5647 tertius
3070 5591 3176 5644 τῶν
3209 5588 3640 5660 στρατοπεδεπ-

2067 5668 2130 5736 μέ
2145 5684 2260 5716 λων.

2139 5736 2250 5804 ι’ῖῖ)
2277 5732 2408 5805 mg.
2454 5736 2648 5792 tertius
2672 5744 2723 5791 ct
2754 5733 2904 5790 Colh.
2936 5741 3160 5803 quartus
3194 5729 3354 5803 εὐθής
3378 5731 3523 5782 ἐστι.
