3850 6218
103 339 222 398 245

1326 334 1612 394 IIOMILIA
1652 338 1720 394 ΙΝ
1761 341 2091 398 PSALMUM
2127 341 2237 398 VII.

3283 343 3385 398 246

105 457 221 524 ζει,
255 457 382 522 τοὺς
414 459 533 522 ταῖς
570 457 900 531 ὑπερϐολαῖς
932 461 1026 515 καὶ
1075 461 1346 532 ἐλλείψεσι
1393 463 1488 516 τοῦ
1539 463 1695 532 μέσοι.

1807 480 1912 534 qua
1943 465 2018 532 ﬁt,
2050 481 2172 520 cum
2190 463 2306 533 ejus
2331 465 2602 520 rectitude
2619 462 2846 520 modoin
2871 477 3196 526 convexum,
3227 466 3387 520 modo

103 551 604 624 διαμαρτάνοντας.
645 553 859 624 Ὠσπερ
902 553 1012 627 γὰρ
1059 555 1250 610 σκολιὰ
1285 555 1522 628 γραμμὴ
1560 556 1703 624 γίνε-

103 662 224 708 ται,
261 645 393 698 ποτὲ
426 646 522 717 μὲν
559 645 654 700 ἐπὶ
691 647 754 700 τὸ
795 649 1016 720 κυρτὸν,
1050 649 1182 702 ποτὲ
1213 649 1270 704 δὲ
1303 651 1396 704 ἐπὶ
1424 651 1488 704 τὸ
1525 650 1703 705 κοῖλον

103 739 212 810 τῆς
241 738 458 804 εὐθείας
485 739 932 814 διακλασθείσης·
967 741 1108 796 οὕτω
1139 743 1232 796 καὶ
1267 742 1456 797 σκολιά
1485 743 1699 816 καρδία,

105 828 210 884 νῦν
251 829 352 900 μὲν
386 830 666 905 ὑψουμένη
703 833 770 886 δι’
801 833 1140 900 ἀλαζονείαν,
1179 835 1275 890 νῦν
1318 836 1374 888 δὲ
1417 855 1702 890 ταπεινου-

109 924 252 996 μένη
281 923 370 978 διὰ
403 925 578 990 λύπας
606 926 700 980 καὶ
735 928 1015 991 συστολάς.
1059 929 1260 1000 Διόπερ
1301 931 1466 999 φησιν
1505 932 1534 983 6
1576 932 1700 984 Ἐκ-

105 1017 468 1090 κλησιαστὴς.
500 1020 580 1072 ὅτι
611 1021 1092 1091 Διεστραμμὲνον
1121 1023 1234 1092 (78)
1267 1025 1339 1076 οὐ
1373 1026 1699 1078 κατευθυν-

103 1109 382 1178 θήσεται.
422 1111 475 1164 Ὁ
513 1112 657 1178 Θεὸς
681 1113 890 1182 κριτὴς
917 1113 1148 1180 δίκαιος
1185 1114 1283 1168 καὶ
1311 1115 1561 1184 ἰσχυρὸς
1598 1116 1698 1168 καὶ

98 1204 513 1272 μακρόθυμος,
539 1204 637 1258 καὶ
665 1204 750 1274 μὴ
784 1205 971 1274 ὀργὴν
1003 1205 1241 1276 ἐπάγων
1269 1206 1397 1260 καθ’
1426 1206 1700 1275 ἑκάστην

101 1294 344 1364 ἡμέραν
374 1294 508 1367 (79).
538 1295 707 1350 Τοῦτο
736 1297 912 1351 ἔοικεν
942 1298 1358 1368 ἀποτεινόμενος
1399 1298 1536 1370 πρὸς
1573 1298 1700 1362 τούς

106 1403 249 1439 ποτε
281 1387 392 1459 (80)
423 1389 942 1460 ταραχθησομένους
973 1391 1066 1443 ἐπὶ
1097 1393 1212 1454 τοῖς
1241 1391 1642 1462 συμϐεϐηκόσιν
1671 1393 1699 1444 6

105 1477 410 1550 Προφήτης
441 1478 806 1549 διαλέγεσθαι,
835 1481 1004 1533 οἱονεὶ
1047 1480 1426 1534 καταστέλλων
1463 1479 1572 1534 τῶν
1604 1481 1700 1534 ἀν-

107 1565 350 1637 θρώπων
383 1567 481 1640 τὴν
512 1569 778 1640 ταραχὴν,
834 1571 1045 1641 μήποτε
1111 1572 1454 1642 ἀπιστήσωσι
1485 1571 1596 1642 (8-1)
1629 1573 1696 1642 τῇ

103 1657 244 1728 περὶ
269 1657 376 1711 τῶν
405 1657 542 1714 ὅλων
573 1661 820 1733 προνοίᾳ.
845 1662 1078 1733 ὁρῶντες
1103 1663 1456 1734 ἀνεκδίκητον
1483 1663 1697 1735 πατέρα

104 1749 206 1801 ἐπὶ
238 1749 354 1802 υίοῦ
382 1749 770 1817 ἐπαναστάσει,
805 1753 900 1806 καὶ
931 1754 1030 1824 τὴν
1067 1753 1333 1825 πονηρίαν
1365 1753 1461 1808 τοῦ
1508 1753 1695 1807 Ἀϐεσ-

1807 557 1860 610 in
1883 571 2180 612 concavum
2223 551 2602 625 diﬂrittgitur:
2659 554 2740 610 sic
2785 554 2950 608 etiam
2989 553 3268 623 obliquum
3291 568 3388 608 cor

1806 657 1909 714 est,
1941 649 2084 718 quod
2135 663 2280 704 nunc
2325 661 2422 716 per
2443 647 2762 718 iactantiam
2795 646 3274 715 arrogantiamque
3301 645 3386 700 ef—

1806 740 2000 805 fertur,
2035 757 2179 795 nunc
2231 750 2410 794 autem
2449 753 2546 808 per
2595 737 2879 794 molestias
2901 746 2956 792 et
2993 737 3158 792 animi
3183 737 3388 791 demis-

1805 829 2014 885 sionem
2043 828 2316 896 dejicitur.
2345 827 2471 882 ldeo
2519 826 2886 882 Ecclesiastes
2913 826 2992 880 ait
3019 844 3034 880 :
3077 825 3386 881 Peruersum

1807 936 1910 974 non
1938 921 2196 990 dirigetur
2221 919 2289 976 "°.
2319 919 2480 974 Vens.
2514 917 2602 972 η.
2623 917 2765 973 Deus
2785 918 2958 987 judea:
2971 917 3172 988 justus,
3200 927 3247 970 et
3274 917 3382 986 {or-

1803 1019 1894 1082 tis,
1928 1026 1976 1069 et
2004 1014 2344 1084 longanimis,
2372 1025 2420 1069 et
2456 1031 2560 1068 non
2581 1015 2720 1067 iram
2746 1013 3014 1066 adducens
3034 1027 3126 1080 per
3145 1009 3384 1080 singulos

1806 1109 1938 1162 dies.
1966 1107 2076 1162 ﬂos
2105 1108 2198 1177 qui
2232 1107 2524 1177 aliquando
2551 1107 2622 1161 ob
2655 1121 2837 1160 rerum
2863 1114 3091 1159 eventus
3131 1103 3382 1158 turbandi

1804 1209 1960 1255 erant
1985 1198 2358 1254 vehementius
2399 1198 2655 1254 adoriens
2693 1195 3002 1267 Propheta,
3047 1195 3150 1250 hoc
3202 1195 3385 1249 dicere

1807 1289 2038 1355 videtur,
2069 1289 2232 1344 veluti
2261 1290 2460 1345 sedans
2489 1289 2771 1344 hominum
2805 1287 3289 1358 perturbationem,
3315 1300 3385 1341 ne

1804 1381 2020 1450 quando
2048 1381 2406 1451 providentia:
2432 1381 2686 1436 universa
2739 1379 3044 1434 moderanti
3093 1375 3337 1432 difﬁdant
3365 1417 3382 1442 ,

1804 1485 1928 1525 cum
1959 1471 2191 1525 viderint
2213 1479 2446 1540 patrem,
2479 1471 2592 1524 ﬁlio
2625 1470 2676 1524 in
2703 1485 2826 1523 eum
2873 1470 3210 1539 insurgente,
3244 1466 3384 1522 inul-

1805 1571 1916 1616 tum
1945 1561 2198 1632 relinqui,
2235 1572 2292 1618 et
2333 1562 2632 1632 nequitiam
2668 1561 2826 1632 105
2872 1560 3160 1616 Ahsalonis
3213 1561 3264 1614 in
3318 1559 3385 1615 iis

1802 1667 1926 1721 quae
1965 1664 2323 1722 proposuerat
2349 1652 2586 1708 feliciter
2627 1654 2944 1723 procedere.
3003 1653 3190 1721 Itaque
3223 1649 3382 1704 stoli-

1803 1743 1902 1799 das
1931 1759 2118 1800 eorum
2149 1745 2512 1814 cogitationes
2542 1744 2845 1813 corrigens,
2883 1743 2935 1799 id
2971 1745 3052 1798 eis
3083 1731 3382 1797 testimonii

105 1839 306 1914 σαλὼμ
332 1843 691 1916 εὐοδουμένην
715 1846 773 1898 ἐν
799 1840 879 1908 οἷς
902 1843 1180 1917 προέθετο.
1203 1844 1592 1917 Διορθούμενος
1610 1841 1695 1901 οὖν

1809 1837 1957 1891 dedit
1992 1857 2004 1891 :
2033 1835 2178 1890 Deus
2199 1835 2372 1904 judea:
2401 1834 2582 1906 justus
2603 1845 2654 1890 et
2684 1835 2862 1904 fortis,
2895 1843 2942 1888 et
2975 1833 3384 1903 longanimis,et

103 1933 294 1988 αὐτῶν
332 1934 394 1988 τὸ
431 1935 490 1989 ὲν
530 1939 644 2000 τοῖς
685 1937 964 2008 λογισμοῖς
1009 1937 1256 2010 ἀνόητον,
1303 1937 1704 2011 διεμαρτύρατο

103 2023 334 2090 αὐτοῖς·
385 2026 448 2080 '0
482 2027 626 2093 Θεὸς
655 2028 866 2096 κριτὴς
907 2027 1140 2095 δίκαιος
1181 2029 1282 2084 καὶ
1325 2030 1574 2106 ἰσχυρὸς
1605 2029 1704 2085 καὶ

97 2119 512 2188 μακρόθ-υμος,
547 2118 650 2172 καὶ
672 2119 759 2188 μὴ
795 2119 984 2190 ὀργὴν
1007 2122 1248 2190 ἐπάγων
1272 2125 1401 2177 καθ’
1432 2122 1704 2192 ἑκάστην

103 2209 362 2276 ἡμέραν.
411 2211 526 2264 Οὐκ
571 2212 814 2283 ἀκρίτως
851 2230 904 2266 τι
956 2213 1168 2282 γίνεται
1220 2213 1330 2268 τῶν
1376 2215 1700 2286 γινομένων,

103 2299 250 2355 ἀλλὰ
292 2303 406 2364 τοῖς
440 2301 676 2356 ἑκάστου
721 2303 942 2376 μέτροις
989 2306 1309 2376 ἀντιμετρεῖ
1351 2308 1380 2359 6
1415 2306 1570 2372 Θεὸς,
1621 2302 1703 2371 οἷς

103 2389 401 2462 προλαϐὼν
441 2393 798 2465 ἀπεμὲτρησε
843 2394 943 2457 τὰς
980 2394 1121 2448 κατὰ
1163 2395 1253 2449 τὸν
1294 2396 1407 2468 βίον
1451 2397 1698 2468 πράξεις.

117 2481 282 2535 Ἐπεὶ
329 2477 423 2537 οὖν
473 2485 790 2556 πέπρακταί
840 2485 930 2555 μοί
963 2503 1047 2550 τις
1095 2487 1360 2559 ἁμαρτία,
1411 2489 1552 2542 κατά
1603 2489 1701 2560 τὴν

101 2575 268 2642 ἀξίαν
289 2575 388 2649 τὴν
413 2578 650 2648 ἐμαυτοῦ
675 2579 1078 2652 ἀντιλαμϐάνω.
1107 2581 1204 2650 Μὴ
1227 2584 1436 2637 τοίνυν
1461 2585 1703 2638 λαλεῖτε

100 2669 264 2722 κατὰ
311 2669 418 2723 τοῦ
456 2670 604 2724 Θεοῦ
652 2671 924 2747 ἀδικίαν·
973 2677 1001 2726 6
1057 2673 1167 2746 γὰρ
1205 2673 1338 2739 Θεὸς
1387 2676 1582 2747 κριτὴς
1624 2676 1703 2730 δί-

101 2777 268 2824 καιος
317 2759 451 2832 (82).
504 2763 657 2832 Μηδὲ
707 2762 850 2818 οὕτω
883 2743 1174 2830 ’ταπεινῶς
1221 2743 1702 2840 διανοεῖσθε-περὶ

101 2847 270 2914 Θεοῦ,
312 2849 453 2904 ὥστε
489 2852 698 2910 οἴεσθαι
741 2854 906 2909 αὐτὸν
942 2857 1152 2910 ἀτονεῖν
1183 2858 1320 2928 πρὸς
1358 2857 1456 2930 τὴν
1483 2859 1702 2930 ἐκδίκη-

104 2959 230 2995 σιν·
261 2942 355 2996 καὶ
387 2944 496 3016 γὰρ
537 2945 630 3000 καὶ
663 2946 883 3018 ἰσχυρός
917 2949 1052 3001 ἐστι.
1091 2948 1188 3012 Τίς
1222 2945 1314 3003 οὖν
1353 2953 1384 3022 ἡ
1427 2951 1574 3004 αίτία
1607 2952 1700 3006 τοῦ
1747 3005 1752 3010 .

103 3032 186 3104 μὴ
231 3035 458 3104 ταχεῖαν
486 3035 790 3103 ἐπάγεσθαι
821 3039 937 3100 τοῖς
979 3039 1354 3110 ἁμαρτάνουσι
1386 3041 1486 3112 τὴν
1524 3059 1700 3112 τιμω-

105 3125 270 3195 ρίαν;
311 3125 458 3180 Διότι
495 3128 848 3200 μακροθυμὸς
897 3130 1034 3195 ἐστι,
1081 3131 1179 3200 Μὴ
1235 3132 1424 3202 ὀργὴν
1462 3133 1702 3204 ἐπάγων

99 3219 240 3270 καθ’
267 3215 537 3288 ἑκάστην
565 3219 826 3289 ἡμέραν.
857 3222 998 3276 Ἐὰν
1015 3222 1102 3292 μὴ
1125 3223 1552 3293 ἐπιστραφ-ῆτε,
1583 3225 1700 3292 τὴν

95 3311 411 3380 ῥομφαίαν
440 3313 628 3367 αὐτοῦ
658 3313 999 3370 στιλϐώσει.
1044 3315 1422 3385 Ἀπειλητικὺς
1455 3319 1484 3370 ὁ
1520 3317 1694 3386 λόγος,

101 3404 188 3465 εἰς
233 3403 572 3477 ἐπιστροφὴν
606 3406 816 3475 ὲνάγων
853 3409 979 3472 τοὺς
1019 3407 1234 3481 βραδεῖς
1270 3411 1350 3474 εἰς
1386 3410 1692 3480 μετάνοιαν.

99 3497 221 3550 Οὐκ
253 3497 418 3561 εὐθὺς
447 3499 662 3554 ἀπειλεῖ
691 3499 761 3553 τὰ
793 3500 1084 3572 τραύματα
1112 3502 1205 3555 καὶ
1236 3503 1332 3565 τὰς
1363 3503 1578 3573 πληγὰς
1603 3503 1700 3558 καὶ

98 3588 233 3652 τοὺς
263 3588 552 3656 θανάτους,
579 3591 717 3646 ἀλλὰ
740 3594 1028 3672 στίλϐιρσιν
1053 3595 1253 3658 ὅπλων,
1281 3595 1376 3648 καὶ
1403 3595 1563 3649 οἱονεὶ
1592 3613 1692 3649 πα-

103 3680 382 3750 ρασκευήν
429 3698 549 3735 τινα
601 3683 735 3751 πρὸς
786 3683 884 3756 τὴν
940 3685 1175 3756 ἄμυναν.
1232 3687 1444 3757 Ὥσπερ
1489 3685 1600 3757 γὰρ
1650 3685 1698 3738 οἱ

97 3767 502 3842 διασμήχοντες
542 3771 613 3824 τὰ
647 3772 786 3826 ὅπλα
818 3774 918 3845 τὴν
957 3775 1053 3828 ἐπὶ
1103 3775 1195 3828 τὸν
1243 3775 1479 3844 πόλεμον
1521 3773 1698 3845 ὁρμὴν

97 3857 192 3911 διὰ
244 3859 435 3912 τούτου
485 3861 914 3934 παραδηλοῦσιν,
958 3863 1102 3918 οὕτω
1151 3863 1374 3918 καὶτοῦ
1420 3862 1555 3916 Θεοῦ
1597 3863 1697 3933 τὴν

99 3951 198 4002 ἐπὶ
227 3951 290 4003 τὸ
324 3952 434 4022 (85)
468 3954 830 4025 τιμωρεῖσθαι
854 3955 1072 4026 κίνησιν
1101 3954 1342 4025 ἐμφῆναι
1376 3951 1699 4030 βουλόμενος

98 4044 130 4094 6
165 4043 346 4112 λόγος,
391 4045 642 4100 στιλϐοῦν
689 4047 894 4120 ἔφησεν
927 4047 1096 4102 αὐτοῦ
1139 4047 1236 4118 τὴν
1289 4045 1585 4118 ῥομφαίαν.
1622 4045 1692 4099 Τὸ

97 4135 288 4201 τόξον
305 4138 492 4194 αὐτοῦ
508 4139 784 4205 ἐνέτεινε,
815 4140 915 4194 καὶ
933 4140 1266 4210 ἡτοίμασεν
1289 4139 1460 4202 αὐτὸ,
1503 4137 1602 4191 καὶ
1628 4137 1700 4192 ἐν

175 4275 222 4308 ’⁸
242 4275 424 4332 Fccle.
461 4291 515 4342 ι,
566 4278 655 4334 i5.
727 4279 774 4309 ἠ
811 4277 960 4335 Psal.
989 4291 1172 4342 Lxxtv,
1221 4275 1278 4330 6.

181 4388 294 4462 (78)
325 4390 822 4462 Διεστραμμένον,
849 4400 956 4446 etc.
1016 4391 1276 4459 Respexit
1332 4387 1688 4462 Basiliusuad

101 4455 756 4552 scrisimnﬁ-colelsliastaa,
793 4455 898 4552 non
939 4463 1056 4544 ejus
1088 4455 1276 4552 verba”
1307 4459 1513 4548 retulit.
1564 4455 1691 4552 lli-ec
1720 4497 1766 4552 Β

103 4540 444 4603 autemsunt
473 4531 606 4603 t,-l5
636 4547 650 4582 :
681 4532 1125 4603 Διεστραμμένον
1153 4532 1215 4584 οὐ
1237 4530 1536 4603 δυνήσεται
1565 4531 1688 4581 ὲπι-

101 4599 480 4670 κοσμηθῆναι,
508 4599 810 4656 Perversum
843 4599 946 4654 non
968 4599 1154 4666 poterit
1177 4599 1452 4670 adornari.

182 4669 298 4740 (79)
333 4669 790 4743 phrysustomus,
830 4673 860 4724 6
909 4669 1699 4743 6s'E6pai’og,‘_xara__g:5iq_av

103 4739 295 4822 gwﬁv.‘
329 4741 434 4796 Sed
457 4739 658 4822 'laliter_
693 4741 926 4822 legimus
947 4739 1339 4822 _it2__lle:capiis
1382 4756 1401 4794 :
1447 4739 1698 4822 Ἐϐραῖος

104 4807 304 4883 rerum
323 4827 352 4883 (ε
383 4813 596 4875 melius,
627 4807 818 4883 ζωώμ.
843 4813 1012 4883 Addit
1035 4807 1457 4882 Chrysdstomus
1487 4807 1694 4883 ιάλλος,

101 4879 526 4953 ἀπειλούμενος.
561 4879 952 4953 Alium:autem
982 4881 1126 4953 illum
1149 4879 1700 4953 interpretetquui-

103 4955 216 5006 iam
237 4949 382 5016 esse,
414 4966 482 5007 ex
515 4951 707 5006 iisdem
743 4951 1000 5018 Hexaplis
1035 4952 1316 5006 discimus.
1360 4949 1698 5004 Montfauco-

103 5023 234 5076 nius
275 5032 460 5076 noster
492 5021 678 5076 laudat
699 5023 994 5091 Agellium,
1025 5023 1118 5091 qui
1151 5022 1226 5075 ita
1261 5021 1315 5074 in
1339 5019 1483 5074 hunc
1518 5019 1694 5091 locum

75 5093 382 5146 edisserit.
427 5109 448 5142 ι
483 5091 622 5145 Deus
664 5089 837 5162 judea:
884 5089 1090 5162 justus.
1136 5091 1382 5162 {ortisﬂet
1436 5089 1640 5162 patiens
1675 5101 1693 5138 :

103 5163 350 5232 nunquid
385 5163 638 5216 irascitur
666 5159 760 5226 per
798 5159 1034 5232 singulos
1069 5159 1224 5214 dies?
1266 5159 1567 5232 obscurior
1614 5168 1698 5212 est

103 5231 201 5283 hic
239 5247 456 5297 versus,
491 5241 547 5284 et
568 5227 958 5286 obscuritatem
984 5230 1135 5294 fecit,
1175 5232 1277 5286 nisi
1308 5229 1488 5290 fallor,
1515 5227 1694 5297 diver-

103 5315 298 5371 sarum
334 5295 874 5371 interpretationum,
903 5301 1044 5370 quod
1075 5301 1128 5354 in
1159 5301 1400 5371 editione
1433 5295 1573 5371 LXX
1597 5311 1690 5350 su-

103 5370 184 5423 let
217 5367 496 5439 accidere,
534 5367 1019 5439 congestioyNam
1067 5373 1315 5431 verbum,
1361 5367 1538 5435 fortis,
1584 5383 1690 5420 non

104 5449 196 5494 est
215 5437 384 5503 LXX,
415 5437 682 5510 nusquam
721 5443 865 5496 enim
892 5443 942 5494 in
979 5441 1211 5494 Psalmis
1252 5439 1538 5510 sicsolent
1570 5439 1690 5492 red-

103 5509 243 5564 dere
272 5508 556 5565 l'lebrznum
597 5525 794 5566 nomen
818 5511 899 5577 et;
958 5511 1051 5565 scd
1086 5525 1154 5564 ex
1191 5508 1402 5578 Aquilae
1426 5509 1691 5578 interpre-

107 5580 316 5634 tatione
361 5590 660 5650 sumptum,
700 5583 792 5648 qui
838 5581 974 5637 solet
1019 5577 1689 5650 ίσχυρὸνίιοηεηι-ἰιιιοτ-

103 5652 336 5719 pretari.
361 5647 628 5706 Praeterea
672 5647 902 5704 alterum
933 5647 1126 5705 nomen
1145 5647 1295 5719 quod
1346 5647 1612 5719 sequitur,
1639 5655 1688 5699 et

103 5717 346 5786 patietur.
373 5737 436 5776 ex
479 5722 649 5776 altera
681 5721 1129 5791 interpretatione
1160 5717 1688 5791 manavit,_compre-

105 5793 354 5847 ltcndcns
378 5793 482 5850 duo
517 5791 740 5849 Hebrzca
777 5787 936 5848 verba
985 5793 1030 5848 cl
1072 5805 1239 5858 zorm,
1286 5787 1686 5856 nonjmsccns,

1725 3177 1772 3238 C

1803 1946 1910 1984 non
1942 1928 2076 1982 iram
2109 1928 2376 1982 adducens
2423 1943 2517 1997 per
2549 1926 2785 1996 singulos
2833 1925 2968 1979 dies.
3001 1924 3146 1979 Nihil
3178 1933 3384 1977 temere

1803 2021 1864 2075 ﬁt
1883 2035 2070 2076 eorum
2095 2035 2218 2090 quae
2247 2028 2512 2091 geruntur
2542 2037 2555 2072 :
2591 2019 2683 2073 sed
2711 2019 2933 2073 cuilibet
2965 2018 3106 2072 Deus
3139 2033 3199 2070 ea
3230 2031 3384 2070 men-

1803 2125 1926 2166 sura
1955 2111 2236 2180 rependet,
2270 2125 2375 2179 qua
2401 2109 2550 2179 prior
2583 2110 2635 2164 in
2671 2109 2771 2164 hac
2821 2110 2928 2163 vita
2980 2109 3222 2163 actiones
3255 2123 3382 2162 suas

1804 2202 1970 2259 fuerit
1995 2203 2297 2258 dimensus.
2333 2201 2602 2268 Quoniam
2633 2203 2802 2272 igitur
2841 2211 3122 2272 peceatum
3153 2217 3253 2270 ego
3283 2201 3380 2253 ad-

1803 2297 1948 2362 misi,
1996 2312 2095 2367 pro
2149 2311 2272 2351 meo
2327 2295 2524 2350 merito
2565 2295 2741 2349 vicem
2775 2294 2994 2362 recipio.
3044 2292 3226 2347 Nolite
3257 2309 3382 2363 ergo

1802 2387 1944 2458 loqui
1977 2389 2230 2442 adversus
2260 2387 2785 2457 Deumiuiquitatem
2813 2386 2858 2416 τί
2896 2403 2911 2440 :
2947 2387 3085 2440 Deus
3125 2385 3268 2440 enim
3299 2395 3385 2440 est

1797 2479 1964 2550 iudex
1982 2478 2180 2548 justus.
2201 2477 2386 2548 Neque
2413 2481 2486 2534 ita
2515 2479 2726 2549 abiecte
2758 2481 2822 2532 de
2855 2477 2966 2533 Deo
2989 2478 3380 2548 cogitaveritis.

1801 2571 1976 2641 ipsum
2030 2573 2096 2626 ad
2137 2569 2395 2626 ultionem
2446 2571 2766 2626 sumendam
2817 2569 3114 2624 invalidum
3163 2583 3286 2624 esse
3328 2576 3386 2623 ut

1803 2663 2143 2719 arbitremini
2175 2682 2188 2717 :
2241 2679 2366 2717 nam
2397 2673 2482 2719 est
2512 2673 2568 2718 et
2619 2662 2798 2717 fortis.
2831 2660 2970 2724 Ouid
3003 2661 3168 2731 igitur
3205 2675 3384 2714 causae

1802 2764 1905 2818 est,
1941 2751 2086 2823 quod
2118 2767 2224 2807 non
2260 2753 2444 2807 statim
2477 2766 2694 2822 ptenam
2745 2751 2946 2821 inlligat
2984 2749 3388 2818 peccantibus?

1803 2845 2069 2910 Quoniam
2123 2842 2453 2912 longanimis
2507 2857 2613 2909 εει,
2645 2840 2770 2896 Non
2815 2843 2952 2894 iram
2997 2841 3266 2894 adducens
3293 2857 3388 2910 per

1801 2938 2039 3007 singulos
2076 2937 2209 2990 dies.
2243 2937 2411 2992 Vens.
2449 2937 2536 2991 l5.
2569 2935 2689 2990 Nisi
2721 2937 2955 2991 conversi
2994 2935 3226 3004 fueritis,
3269 2936 3387 3006 gla—

1802 3028 1948 3082 dium
1977 3045 2134 3082 suum
2174 3028 2422 3082 uibrabit.
2474 3029 2654 3082 Minax
2685 3039 2768 3082 est
2797 3028 2886 3082 ille
2915 3043 3120 3090 sermo,
3153 3028 3219 3081 ad
3249 3043 3386 3082 euu-

1800 3118 2103 3174 versionem
2157 3119 2420 3175 inducens
2471 3121 2654 3174 tardos
2699 3121 2766 3173 ad
2831 3120 3231 3194 paenitentiam.
3265 3117 3383 3173 Non

1805 3209 1990 3264 statim
2023 3211 2264 3266 minatur
2291 3212 2549 3276 vulnera,
2603 3211 2810 3280 plagas,
2864 3221 3104 3265 mortes:
3166 3211 3261 3264 sed
3295 3225 3386 3263 ar-

1805 3317 2016 3356 morum
2047 3303 2408 3359 vibrationem
2437 3303 2584 3358 velut
2633 3313 2950 3374 apparatum
2987 3304 3275 3374 quemdam
3317 3303 3387 3356 ad

1806 3395 2092 3450 ultionem.
2148 3396 2614 3462 Quemadmodum
2651 3397 2793 3450 enim
2839 3397 2930 3465 qui
2965 3404 3182 3464 tergunt
3213 3409 3384 3457 arma,

1806 3504 1960 3543 suum
1995 3488 2062 3542 ad
2108 3488 2308 3542 bellum
2349 3490 2606 3558 impetum
2649 3503 2746 3557 per
2781 3489 2888 3541 hoc
2917 3487 3270 3557 signiﬁcant:
3307 3488 3388 3541 sic

1806 3591 1861 3636 et
1891 3579 2168 3650 Scriptura
2199 3581 2288 3636 ubi
2320 3581 2410 3635 Dei
2435 3581 2500 3635 ad
2527 3580 2784 3634 ultionem
2817 3590 3020 3632 motum
3063 3579 3174 3632 vult
3201 3582 3386 3633 osten-

1805 3673 1958 3736 dere,
2010 3673 2079 3726 ab
2126 3673 2244 3743 ipso
2297 3675 2494 3728 vibrari
2527 3673 2760 3743 gladium
2788 3673 2926 3725 dixit
2957 3689 2972 3727 :
3000 3671 3198 3724 Arcum
3229 3687 3384 3725 suum

1806 3766 2046 3828 tetendit,
2071 3775 2119 3817 et
2154 3766 2360 3833 paravit
2385 3764 2558 3830 illum,
2591 3763 2778 3834 (Vens.
2827 3763 2912 3834 Μ)
2931 3774 2976 3816 et
3005 3764 3060 3816 in
3093 3779 3152 3816 eo
3177 3763 3384 3832 paravit

1803 3874 1928 3911 vasa
1962 3858 2164 3910 mortis.
2217 3855 2332 3910 Non
2393 3873 2591 3910 nervus
2647 3855 2914 3925 quispiam
2960 3865 3044 3909 est
3071 3855 3161 3924 qui
3198 3871 3382 3908 arcum

1805 3950 1990 4003 tendat
2014 3948 2130 4014 Dei,
2161 3949 2254 4002 sed
2278 3948 2534 4017 puniendi
2563 3948 2830 4018 potentia,
2855 3962 2976 4016 quae
2993 3948 3282 4016 aliquando
3309 3945 3385 3999 in-

1805 4052 1954 4096 tensa
1985 4053 2088 4100 est.
2121 4041 2412 4110 aliquando
2457 4055 2589 4094 vero
2627 4041 2876 4094 remissa.
2917 4039 3167 4094 Peccanti
3219 4039 3384 4105 igitur

1807 4131 2092 4203 Scriptura
2145 4135 2386 4189 minatur
2415 4132 2606 4205 futura
2649 4133 2914 4204 supplicia
2945 4135 3048 4189 sibi
3080 4141 3382 4204 praeparata

1798 4387 1940 4509 quod
1971 4398 2114 4440 .uem
2144 4393 2228 4465 est
2255 4399 2317 4440 ac
2339 4391 2579 4466 patiens,
2611 4384 2704 4454 qui
2737 4383 2924 4466 Grmce
2961 4384 3162 4466 dicitur
3180 4389 3386 4459 μακρό-

1835 4473 1992 4509 υιιοε.
2055 4455 2239 4509 Tertia
2285 4470 2502 4509 onouue
2555 4465 2938 4509 tnternretauo
2984 4456 3194 4509 adiecta
3249 4471 3378 4509 est:

1835 4473 1992 4525 υμος.
2055 4455 2239 4509 Tertia
2285 4470 2502 4524 quoque
2555 4456 2938 4524 interpretatio
2984 4455 3194 4524 adjecta
3249 4455 3378 4513 est:

1795 4525 2052 4596 Nunquid
2084 4525 2334 4578 irascitur
2356 4541 2446 4596 per
2475 4525 2705 4591 singulos
2727 4527 2837 4578 dies
2854 4526 2880 4579 1’
2899 4527 3061 4594 quod,
3084 4527 3196 4581 sive
3217 4527 3380 4590 LXX,

1805 4597 1922 4650 sive
1954 4597 2092 4650 alius
2118 4596 2386 4664 quispiam
2419 4595 2804 4666 interpretatus
2831 4598 2921 4660 sit,
2962 4611 3064 4649 non
3103 4601 3254 4665 quasi
3285 4615 3382 4666 per

1805 4666 2284 4735 interrogationem
2319 4665 2604 4735 intellexit,
2646 4667 2737 4719 sed
2763 4665 3377 4734 pernegationem,sic:

1801 4745 1848 4787 et
1877 4751 1979 4787 non
2008 4734 2256 4788 irascitur
2289 4751 2380 4802 per
2405 4734 2640 4806 singulos
2668 4737 2802 4797 dies,
2836 4745 2891 4788 et
2913 4739 3034 4806 sine
3079 4738 3384 4806 interroga-

1804 4807 1950 4893 tione
1987 4807 2287 4893 intelligere
2323 4806 2575 4893 videntur
2618 4805 2871 4893 Basilius,
2909 4805 3230 4893 Theodorus
3268 4805 3378 4891 An-

1801 4876 2108 4939 tiochenus,
2170 4875 2568 4939 Theodoretus,
2626 4885 2683 4929 et
2733 4877 2800 4929 de
2860 4877 3063 4931 nostris
3122 4880 3380 4948 Augusti-

1801 4960 1926 5004 tttts,
1965 4964 1982 4996 ι
2025 4956 2132 4999 etc.

1873 5015 1986 5084 (80)
2018 5015 2169 5069 Colb.
2200 5022 2429 5080 quartus
2460 5013 2596 5083 πρὸς
2626 5014 2753 5078 τούς
2791 5032 2942 5069 ποτε.
2985 5015 3126 5072 Editi
3163 5027 3219 5073 et
3251 5019 3376 5074 reli-

1797 5087 2263 5156 quiromnesirmss.
2313 5084 2450 5156 πρὸς
2476 5086 2602 5146 τοὺς
2639 5085 2780 5138 τότε.

1872 5155 1984 5226 (81)
2018 5155 2172 5209 Culh.
2205 5155 2869 5226 quartnsotrrtatﬁswttsv.
2917 5155 3036 5210 Mox
3076 5158 3205 5210 editi
3255 5175 3376 5212 cum

1795 5225 1948 5300 Colb.
2005 5226 2236 5294 septimo
2266 5225 2586 5300 προσέθετο.
2629 5225 2868 5300 Alinsen
2917 5243 3046 5281 mss.
3090 5228 3372 5300 προέθετο.

1797 5297 2097 5364 Aliquanto
2146 5304 2271 5362 post
2319 5297 2446 5348 editi
2491 5310 2615 5348 cum
2663 5295 2850 5360 majori
2895 5310 3046 5363 parte
3089 5295 3215 5351 nisa.
3264 5301 3376 5360 τοῖς

1795 5365 2306 5438 ἑκάστουημὲτροις.
2333 5365 2446 5438 Duo
2478 5381 2609 5438 mss.
2637 5367 2752 5438 τοῖς
2781 5366 2996 5438 ἑκάστῳ
3030 5368 3268 5438 μέτροις.

1869 5436 1980 5508 (82)
2027 5435 2141 5508 l_l_la_,
2186 5435 2280 5508 xui.
2315 5435 2554 5508 Δἰσχυρὸς
2612 5437 2708 5490 καὶ
2769 5435 3154 5508 μακρόθυμος,
3195 5440 3374 5508 addita

1793 5505 1920 5558 sunt
1952 5507 2003 5558 in
2032 5505 2359 5559 Colhcrtiuis
2389 5505 2583 5574 quarto
2607 5515 2661 5560 et
2689 5505 2921 5575 septimo
2951 5505 3070 5578 post
3091 5523 3272 5563 vocem
3300 5507 3375 5560 δί-

1791 5591 1962 5638 καιος.
2900 5619 2902 5622 .
3203 5615 3210 5620 .

1864 5645 1978 5714 (85)
2028 5645 2154 5698 Μεε.
2221 5661 2326 5698 non
2381 5647 2536 5710 pauci
2594 5647 2688 5698 ἐπὶ
2735 5645 2832 5715 τῷ.
2889 5647 3064 5702 Verba
3126 5647 3236 5712 illa,
3277 5651 3372 5715 καὶ

1795 5717 2104 5788 ἡτοίμασεν,
2145 5716 2297 5778 αὐτὸ,
2333 5717 2424 5768 καὶ
2450 5717 2530 5788 ,γὲν
2569 5717 2718 5786 αὐτῷ
2766 5714 3028 5786 ἡτοίμασε
3074 5719 3242 5788 σκεύη
3277 5714 3374 5773 θά-

1793 5788 1972 5853 νάτου,
2007 5787 2308 5843 addidimus
2343 5803 2408 5842 ex
2437 5787 2764 5844 Colbcrtinis
2805 5800 2998 5858 quarto
3038 5801 3092 5844 et
3115 5787 3372 5860 septimo.
