3850 6218
340 785 346 792 ·
422 775 670 828 idoneam
705 788 734 826 a
761 772 1016 828 Creatore
1049 775 1300 829 conditus
1322 782 1405 828 est
1427 789 1442 838 ;
1465 788 1572 828 non
1602 771 1746 827 enim
1778 779 1997 839 propter

419 289 523 344 an
1742 288 1798 344 S.
1843 286 2090 343 BASILII
2127 287 2341 344 MAGNI
3606 281 3717 336 ω

419 422 563 474 esse,
591 407 636 461 si
663 406 718 461 in
753 413 975 477 peccato
1002 405 1597 476 permanserit.Parata
1621 412 1746 460 sunt
1773 405 1917 459 enim
1945 403 1996 456 in

2120 402 2260 466 ιὺτῷ
2277 403 2566 470 ἡτοίμασε
2582 397 2778 464 σκεύη
2794 397 3073 449 θανάτου.
3093 397 3165 448 Ου
3181 407 3356 466 νεῦρα
3383 396 3475 456 τίς
3501 396 3649 446 ἐστιν
3683 398 3718 464 ἡ

417 515 549 554 arcu
580 513 704 553 vasa
738 498 951 552 mortis.
979 497 1124 554 Vasa
1145 510 1327 554 autem
1352 500 1562 564 mortis,
1583 492 1994 560 virtutes'sunt,

2120 495 2438 548 ἱιατείνουσα
2469 495 2528 547 τὺ
2551 493 2708 556 τόξον
2734 487 2824 540 τοῦ
2854 487 3012 552 Θεοῦ,
3045 486 3178 541 ἀλλά
3207 487 3527 556 κολαστικὴ
3547 486 3720 538 δένα-

420 604 542 659 quaa
576 591 666 644 Dei
700 590 948 646 inimicos
1001 592 1393 646 exterminant.
1441 590 1685 660 Sagitta:
1731 604 1858 643 suae
1903 603 1995 640 ar-

2120 605 2214 649 ιις,
2241 586 2372 638 ποτὲ
2403 586 2500 656 μὲν
2527 581 2894 655 ἐντεινομένη,
2923 580 3052 633 me
3079 579 3134 631 δέ
3159 579 3457 650 ἀνιεμένη.
3493 579 3587 647 Τῷ
3612 576 3720 630 οζῖ

381 708 387 737 τ
420 681 659 734 dentibus
693 681 888 748 effecit.
927 680 996 736 Ut
1019 683 1165 736 enim
1193 681 1337 752 ignis
1366 682 1437 736 ob
1477 680 1764 734 materiam
1797 676 1998 731 ustioni

2120 680 2468 749 ιμαρτάνοντι
2513 681 2730 733 ἀπειλεῖ
2757 682 2786 732 6
2821 677 3000 744 λόγος,
3036 674 3118 726 ὅτι
3158 674 3357 744 ἕτοιμα
3401 673 3564 743 αὐτῷ
3597 677 3720 726 ἐστι

2101 771 2166 823 τὰ
2196 770 2454 840 μέλλοντα
2481 773 2560 834 είς
2589 771 2812 824 κόλασιν
2841 765 3288 836 ἀποπέμπεσθαι,
3325 765 3430 818 ἐὰν
3466 767 3720 835 Exigi-va

2099 867 2165 934 τῇ
2204 864 2468 936 ἁμαρτίᾳ.
2509 865 2867 934 Ἠτοίμασται
2896 864 3008 935 γάρ
3037 863 3093 914 ἐν
3117 859 3192 930 τῷ
3223 859 3369 929 τόξῳ
3405 859 3585 926 σκεύη
3615 858 3722 909 01-

2101 957 2284 1010 νάτου.
2319 957 2492 1027 Σκεύη
2523 957 2580 1009 δὲ
2613 957 2840 1011 θανάτου
2874 958 3136 1028 δυνάμεις
3167 952 3304 1004 είσὶν
3337 952 3716 1019 deamo":th

2099 1049 2209 1102 τῶν
2236 1048 2446 1119 ἐχθρῶν
2469 1048 2560 1102 τοῦ
2585 1049 2740 1103 Θεοῦ.
2769 1051 2810 1101 Τ
2816 1049 2849 1101 ὰ
2879 1049 3006 1119 βέλη
3037 1044 3201 1101 αὐτοῦ
3234 1046 3353 1105 τοῖς
3384 1043 3719 1110 καιομένοις

2100 1140 2477 1211 ἐξειργάσατο.
2512 1142 2722 1212 ’Ὠσπερ
2749 1140 2810 1194 τὸ
2844 1141 2954 1212 πῦρ
2982 1144 3047 1212 τῇ
3092 1135 3365 1207 καιομένῃ
3413 1134 3524 1205 ὕλῃ
3557 1133 3718 1202 παρὰ

2097 1231 2193 1286 τοῦ
2227 1232 2514 1297 κτίσαντος
2546 1232 2892 1304 ἐξειργάσθη’
2925 1233 2987 1285 οὐ
3016 1232 3122 1304 γὰρ
3155 1233 3245 1285 διά
3277 1228 3376 1282 τὸν
3411 1226 3719 1295 ἀδάμαντα

2099 1326 2325 1397 ἐκτίσθη
2363 1326 2455 1381 τὸν
2502 1327 2577 1396 μὴ
2607 1326 2907 1396 τηκόμενον
2938 1325 3044 1378 ὑπὸ
3073 1324 3165 1377 τοῦ
3195 1323 3395 1393 πυρὸς.
3439 1319 3586 1370 ἀλλά
3621 1317 3722 1370 διὰ

2097 1421 2167 1474 τὰ
2217 1420 2349 1487 ξύλα
2389 1419 2458 1472 τὰ
2496 1419 2933 1488 κατακάιόμενα’
2977 1417 3120 1471 οὕτω
3165 1433 3259 1470 και
3303 1416 3375 1468 τὰ
3423 1411 3530 1468 τοῦ
3572 1409 3717 1462 Θεοῦ

2102 1513 2231 1584 βέλη
2264 1515 2384 1576 ταῖς
2423 1513 2896 1582 εὐκαταπρήστοις
2923 1510 3142 1580 ψυχαῖς,
3177 1502 3252 1561 ὧν
3288 1507 3434 1560 πολὺ
3480 1507 3549 1559 τὸ
3596 1503 3722 1557 ὑλι-

423 1596 617 1663 e/iecit.
655 1596 907 1652 Adurunt
931 1609 1110 1654 autem
1143 1602 1380 1654 animam
1413 1616 1628 1656 amores
1671 1602 1736 1654 ad
1777 1615 1996 1654 carnem

2120 1603 2196 1655 ιδν
2237 1603 2330 1655 καὶ
2368 1600 2428 1654 τὸ
2459 1600 2595 1670 πρὸς
2634 1600 2941 1669 ἀφανισμὸν
2973 1597 3277 1668 ἐπιτήδειον
3319 1597 3717 1655 συνείλεκται,

424 1696 748 1751 Spectantes,
785 1702 948 1758 opum
993 1692 1265 1760 cupiditas
1290 1731 1304 1754 ,
1357 1693 1451 1746 irze
1503 1702 1816 1757 aestuantes,
1853 1702 1908 1746 et
1933 1707 1996 1746 ea

2120 1697 2235 1764 ταρ*
2283 1691 2449 1746 αὑτοῦ
2503 1691 2899 1763 κατειργάσθη.
2938 1691 3001 1743 Oi
3039 1685 3129 1742 οὖν
3181 1687 3568 1760 προλαϐόντες
3613 1688 3719 1738 καὶ

427 1791 546 1842 qua
584 1757 836 1833 animum
864 1782 972 1836 urit
1003 1757 1347 1852 absumitque
1376 1785 1619 1848 tristitia,
1657 1795 1712 1838 et
1756 1785 1916 1839 alieni
1968 1799 1996 1838 a

2120 1757 2318 1854 ἱλοντες
2351 1785 2407 1836 ἐν
2439 1757 2755 1846 ἐαυτοϊςῡτά
2796 1757 3165 1851 πεπυρωμένα
3210 1757 3336 1850 βέλη
3384 1779 3486 1832 τοῦ
3523 1780 3716 1830 διαδό-

427 1866 536 1922 Deo
568 1870 808 1925 timores.
843 1870 944 1936 Qui
982 1883 1161 1928 autem
1197 1885 1280 1930 est
1305 1878 1370 1929 ab
1399 1875 1603 1930 inimici
1633 1877 1842 1946 sagittis
1873 1875 2002 1930 illae-

2120 1893 2193 1928 μου
2228 1874 2357 1946 (84),
2390 1867 2538 1927 οὗτοι
2567 1873 2813 1942 δέχονται
2842 1871 2910 1923 τὰ
2944 1871 3069 1940 βέλη
3094 1870 3188 1922 τοῦ
3215 1869 3376 1922 Θεοῦ.
3407 1869 3513 1922 Διά
3548 1868 3714 1920 τοῦτό

425 1973 538 2023 sus,
572 1958 776 2029 Deique
818 1961 1038 2018 indutus
1083 1975 1167 2020 est
1211 1976 1569 2032 armaturam,
1597 1982 1625 2020 a
1660 1967 1884 2022 letiferis
1911 1982 2001 2021 sa-

2120 1986 2239 2040 ρησι
2260 1987 2272 2001 ⁸
2312 1969 2389 2022 Τὰ
2421 1967 2580 2032 ,ϐέλη
2608 1963 2797 2018 αὑτοῦ
2831 1962 2954 2029 τοῖς
2991 1962 3106 2030 ἤδη
3130 1961 3476 2030 καιομένοις
3513 1960 3712 2027 ἐξειρ-

423 2050 573 2119 gittis
605 2050 838 2106 intactus
857 2066 1155 2122 permanet.

2120 2059 2360 2130 rcio'ata.
2406 2059 2639 2113 Καίουσι
2688 2057 2746 2110 δέ
2785 2055 2962 2126 ψυχὴν
3009 2055 3209 2124 ἔρωτες
3263 2055 3568 2124 σαρκικοὶ,
3611 2052 3712 2104 καὶ

424 2142 711 2213 ἐπιθυμίαι
741 2145 1058 2215 χρημάτων,
1095 2151 1189 2202 καὶ
1220 2149 1470 2218 διάπυροι
1532 2149 1715 2221 ὀργαὶ,
1778 2152 1872 2204 καὶ
1904 2151 2070 2204 λύπαι
2113 2151 2407 2221 φλέγουσαν,
2451 2150 2544 2202 καὶ
2583 2149 2911 2218 ἐκτήκουσαι
2943 2146 3041 2216 τὴν
3069 2142 3266 2214 ψυχὴν,
3301 2145 3400 2196 καὶ
3449 2143 3610 2212 φὸὅοι
3656 2146 3710 2197 οἱ

420 2236 692 2306 ἀλλότριοι
723 2235 817 2288 τοῦ
850 2237 1005 2292 Θεοῦ.
1051 2241 1108 2294 ’0
1143 2241 1322 2310 μέντοι
1354 2241 1594 2312 ἄτρωτος
1660 2242 1764 2295 ὑπὸ
1828 2243 1936 2296 τῶν
1979 2242 2071 2296 τοῦ
2111 2243 2307 2313 ἐχθροῦ
2342 2241 2531 2312 βελῶν,
2581 2240 2674 2294 καὶ
2720 2237 3066 2309 ἐνδεδυμένος
3105 2236 3202 2307 τὴν
3251 2235 3572 2290 πανοπλίαν
3609 2237 3710 2290 τοῦ

417 867 763 922 adamantem
797 866 888 935 qui
915 865 982 920 ab
1012 867 1133 935 igne
1163 880 1268 920 non
1301 865 1625 927 absumitur,
1649 863 1742 918 sed
1779 871 1999 932 propter

422 956 565 1025 ligna
598 954 827 1010 ﬂamma:
885 957 1243 1025 suscipiendae
1290 966 1437 1026 apta,
1489 965 1708 1010 creatus
1733 965 1866 1008 est:
1920 953 1995 1006 ita

421 1058 476 1101 et
506 1050 714 1116 sagittae
745 1048 836 1102 Dei
863 1047 933 1103 ob
959 1063 1053 1104 eas
1085 1049 1315 1115 animas,
1333 1064 1452 1117 quae
1478 1048 1634 1102 facile
1664 1048 1838 1118 ignem
1865 1060 1998 1100 con-

423 1138 652 1207 cipiunt,
693 1139 1028 1209 multumque
1074 1140 1412 1209 collegerunt
1455 1139 1574 1208 ejus
1629 1137 1949 1194 substantiae
1977 1175 1994 1200 ,

422 1246 543 1298 quae
602 1240 816 1286 terrena
873 1243 975 1298 est,
1012 1242 1066 1288 et
1091 1235 1157 1287 ad
1190 1234 1467 1288 interitum
1520 1234 1733 1297 idonea,
1781 1232 1850 1286 ab
1881 1232 1997 1298 ipso

421 1322 632 1378 eli'ecta
665 1335 813 1378 aunt.
840 1322 942 1389 Qui
968 1325 1132 1395 igitur
1156 1326 1352 1396 ignitas
1382 1325 1581 1378 diaboli
1602 1327 1828 1395 sagittas
1846 1326 1997 1394 prius

424 1413 715 1481 recipiunt,
744 1428 809 1468 ac
839 1415 978 1469 intra
1009 1432 1066 1470 se
1101 1418 1355 1481 retinent,
1395 1418 1430 1470 ii
1470 1417 1562 1472 Dei
1596 1418 1878 1486 excipiunt
1909 1431 1999 1471 sa-

423 1504 606 1575 gittas.
645 1504 848 1561 Idcirco
903 1509 1021 1561 ait:
1078 1508 1316 1579 Sagitta:
1351 1528 1476 1564 suae
1520 1513 1635 1579 jam
1690 1511 1998 1564 ardentibus

419 2330 580 2398 Θεοῦ,
604 2335 712 2388 τῶν
741 2334 1127 2406 θανατηφόρων
1160 2333 1331 2403 βελῶν
1367 2335 1662 2407 ἀπείρατος
1697 2337 1962 2408 διαμένει.

496 2428 550 2481 8.
585 2428 749 2483 Vsus.
782 2431 868 2484 15.
907 2428 1042 2484 Ecce
1079 2431 1331 2498 parturiit
1367 2431 1717 2501 injustitiam,
1765 2435 2001 2500 concepit

424 2517 684 2583 dolorem,
715 2531 764 2574 et
817 2523 1013 2590 peperit
1046 2522 1401 2590 iniquitatem.
1436 2523 1501 2576 Et
1541 2525 1760 2592 quidem
1788 2564 1802 2589 ,
1856 2525 1998 2593 quod

429 2609 496 2661 ad
545 2609 788 2664 ordinem
847 2611 1102 2680 pertinet,
1153 2611 1375 2667 confusa
1437 2613 1686 2668 videntur
1731 2629 1852 2669 esse
1885 2616 2000 2669 hinc

429 2701 617 2756 verba.
653 2701 788 2756 Nam
819 2705 1049 2772 primum
1073 2705 1387 2775 concipiunt
1427 2715 1784 2777 praegnantes,
1811 2709 2004 2764 deinde

430 2792 779 2860 parturiunt,
829 2806 1104 2864 postremo
1163 2797 1400 2866 pariunt.
1454 2797 1552 2852 Hic
1607 2814 1736 2853 vero
1765 2799 1999 2866 primum

428 2885 697 2953 puerperii
731 2887 945 2942 dolores
986 2887 1138 2952 ﬁunt,
1190 2889 1384 2943 deimle
1440 2895 1745 2957 conceptio,
1794 2901 2003 2959 postre-

430 2989 576 3027 mum
611 2983 816 3044 partus.
853 2979 921 3030 At
972 2978 1086 3033 haec
1133 2980 1316 3034 cordis
1365 2981 1775 3050 conceptionem
1808 2981 2007 3052 signiﬁ-

425 3067 742 3122 cantissime
781 3069 1076 3139 explicant.
1103 3071 1447 3127 lrrationales
1485 3075 1630 3127 enim
1662 3074 2006 3128 incontinen-

431 3158 563 3212 tinm
599 3161 852 3229 impetus,
905 3162 1212 3229 insanumque
1261 3179 1324 3219 ac
1371 3164 1614 3220 furentes
1642 3167 1801 3238 103
1829 3166 2006 3221 libidi-

430 3264 552 3315 nes,
587 3251 840 3306 dicuntur
871 3255 1139 3321 puerperii
1182 3255 1416 3321 dolores,
1443 3272 1508 3312 eo
1542 3258 1683 3326 quod
1712 3274 1833 3311 cum
1865 3257 2008 3312 velo-

428 3341 594 3395 citate
626 3349 682 3395 et
729 3341 914 3396 dolore
949 3343 1208 3397 inanima
1246 3346 1617 3400 innascantur.
1663 3345 1767 3412 Qui
1823 3358 2004 3401 autem

429 3425 501 3479 ub
531 3425 688 3480 talem
717 3427 974 3496 impetum
1007 3431 1187 3498 pravis
1214 3434 1498 3486 succubuit
1542 3435 1965 3505 cogitationibus
1989 3476 2005 3498 ,

429 3515 479 3572 is
502 3517 739 3572 dolorem
767 3521 1013 3590 concepit
1043 3541 1055 3576 :
1095 3533 1148 3576 et
1171 3524 1262 3593 qui
1290 3526 1470 3580 cordis
1498 3527 1755 3581 malitiam
1786 3542 1881 3596 per
1904 3529 2009 3582 ini:

429 3623 566 3676 quas
599 3611 842 3666 actiones
870 3612 1128 3681 incendit,
1162 3615 1207 3670 is
1233 3616 1438 3684 peperit
1470 3617 1824 3688 iniquitatem.
1851 3620 2009 3675 Vide-

434 3707 521 3752 tur
540 3708 720 3754 autem
748 3700 863 3756 haec
895 3703 1092 3769 dicere,
1123 3707 1264 3776 quod
1292 3721 1414 3760 eum
1450 3711 1651 3776 pudeat
1681 3724 1802 3764 esse
1839 3712 2006 3782 iniqui

433 3789 528 3843 lilii
575 3799 805 3858 patrem.
839 3791 953 3847 Non
987 3810 1156 3859 meus,
1191 3796 1383 3864 inquit,
1424 3798 1566 3852 lilius
1593 3810 1709 3861 est,
1755 3803 1848 3855 sed
1891 3803 2010 3871 ejus

433 3883 628 3947 patris-
651 3883 826 3940 factus
859 3895 944 3942 est
995 3888 1135 3943 lilius
1163 3929 1178 3954 ,
1235 3889 1322 3943 cui
1357 3905 1416 3944 se
1445 3891 1497 3943 in
1542 3892 1880 3960 adoptionem
1914 3910 2010 3965 per

433 3986 716 4044 peccatum
774 3980 1120 4048 mancipavit.
1176 3980 1310 4035 Nam
1365 3985 1658 4037 secundmn
1697 3983 2003 4044 Joannem:

434 4068 541 4132 Qui
568 4068 694 4138 facit
722 4081 1017 4139 peccatum,
1041 4089 1106 4126 ex
1129 4073 1338 4127 diabolo
1371 4086 1527 4129 natus
1543 4086 1618 4130 est
1645 4076 1716 4132 ".
1747 4077 1888 4133 Ecce
1913 4080 2010 4147 igi-

2178 2431 2231 2484 8.
2299 2428 2444 2483 Ἰδοὺ
2475 2427 2775 2494 ὼδίιυησεν
2818 2425 3091 2487 ἀδικίαν,
3125 2425 3435 2478 συνέλαϐε
3487 2427 3702 2484 zo’rcr.

2107 2525 2200 2576 καὶ
2236 2523 2441 2576 ἔτεκεν
2467 2521 2743 2589 ἀνομίαν.
2795 2519 2884 2582 Ὡς
2920 2520 3018 2588 μὲν
3046 2517 3182 2588 πρὸς
3224 2518 3326 2588 τὴν
3352 2517 3518 2582 τάξιν
3557 2518 3708 2571 δοκεῖ

2111 2614 2539 2684 συγκεχυμένως
2594 2615 2627 2682 ἡ
2686 2611 2829 2676 λέξις
2888 2611 3068 2682 ἔχειν·
3129 2610 3314 2680 ἐπειδὴ
3366 2613 3596 2682 πρῶτον
3649 2614 3702 2664 αἱ

2109 2707 2337 2760 κύουσαι
2378 2704 2863 2776 συλλαμϐάνουσιν,
2897 2699 3019 2757 εἷτα
3061 2703 3341 2767 ὠδίνουσι,
3381 2703 3704 2756 τελευταῖον

2108 2799 2164 2851 δὲ
2194 2799 2466 2851 τίκτουσιν
2507 2797 2621 2864 (85)
2640 2812 2654 2826 '
2687 2795 2920 2849 ἐνταῦθα
2947 2796 3003 2848 δέ
3029 2795 3240 2865 πρῶτον
3263 2796 3298 2864 ὴ
3331 2793 3489 2856 ὠδὶν,
3524 2789 3642 2846 εἶτα
3671 2794 3704 2864 ἡ

2109 2889 2391 2960 σύλληψις,
2429 2884 2547 2940 εἶτα
2571 2891 2599 2940 6
2621 2887 2876 2950 τοκετός-
2921 2885 3057 2957 πρὸς
3092 2885 3150 2938 δὲ
3184 2885 3283 2955 τὴν
3326 2884 3433 2953 τῆς
3474 2883 3703 2954 καρδίας

2108 2980 2368 3051 σύλληψιν
2414 2978 2873 3050 ἐμφαντικώτατα
2917 2977 3050 3047 ἔχει.
3100 2977 3164 3028 Αἱ
3208 2975 3318 3046 γὰρ
3360 2975 3555 3042 ἄλογοι
3597 2975 3701 3026 τῶν

2105 3074 2423 3128 ἀκολάστων
2451 3071 2620 3142 ὁρμαὶ
2662 3070 2756 3123 καὶ
2793 3071 2848 3122 αἱ
2895 3067 3123 3138 μανικαὶ
3160 3067 3252 3119 καὶ
3281 3065 3701 3136 παροιστρῶσαι

2106 3166 2394 3237 ἐπιθυμίαι
2437 3165 2626 3227 ὠδῖνες
2664 3162 2983 3233 ἐλέχθησαν,
3027 3160 3113 3214 διὰ
3166 3161 3227 3213 τὸ
3269 3161 3409 3230 μετὰ
3443 3159 3701 3227 ὀξύτητος

2107 3258 2202 3311 καὶ
2231 3259 2392 3311 πόνου
2436 3255 2747 3323 ἐγγίνεσθαι
2779 3257 2846 3324 τῇ
2891 3253 3060 3323 ψυχῇ.
3101 3252 3258 3305 Κατὰ
3301 3253 3360 3304 δὲ
3391 3251 3498 3322 τὴν
3529 3249 3705 3305 τοιαῶ

2106 3367 2205 3418 την
2234 3350 2430 3421 ὁρμὴν,
2459 3349 2487 3400 ὁ
2513 3345 2854 3418 περικρατὴς
2881 3343 2989 3395 τῶν
3021 3341 3270 3413 πονηρῶν
3302 3343 3378 3412 μὴ
3405 3344 3705 3412 γενόμενος

2111 3440 2494 3511 βουλευμάτων
2535 3437 2796 3490 συνέλαϐε
2825 3436 3023 3502 πόνονλο
3064 3434 3158 3488 καὶ⁵
3191 3436 3220 3486 ὁ
3248 3433 3351 3502 τὴν
3379 3435 3439 3485 ἐν
3464 3435 3537 3504 τῇ
3569 3451 3705 3502 καρ-

2107 3533 2197 3604 δίᾳ
2229 3530 2423 3584 κακίαν
2450 3529 2538 3582 διὰ
2568 3528 2678 3579 τῶν
2706 3525 2959 3597 πονηρῶν
2985 3523 3237 3594 πράξεων
3263 3524 3552 3585 ἐκκαύσας
3595 3521 3703 3594 (86)

2111 3625 2264 3677 ἔτεκε
2309 3621 2409 3691 τὴν
2439 3620 2690 3690 ἀνομίαν.
2731 3619 2914 3670 Ἔοικε
2937 3616 2996 3669 δέ
3037 3615 3208 3668 ταῦτα
3233 3614 3413 3681 λέγειν
3454 3614 3707 3684 αἰσχυνό-

2113 3733 2272 3788 μενος
2311 3714 2404 3766 ἐπὶ
2442 3711 2520 3782 τῷ
2558 3711 2740 3780 πατὴρ
2788 3705 2927 3761 εἶναι
2967 3707 3153 3770 παιδὸς
3199 3705 3550 3776 παρανόμου.
3597 3708 3704 3759 Οὐκ

2109 3807 2264 3877 ἐμὸς,
2307 3805 2490 3874 φησὶν,
2523 3805 2550 3855 6
2583 3803 2732 3864 παῖς,
2762 3798 2897 3852 ἀλλά
2943 3798 3036 3851 τοῦ
3071 3797 3278 3868 πατρὸς
3306 3796 3539 3864 γέγονεν
3569 3799 3702 3859 υἱὸς,

2109 3893 2152 3968 ᾧ
2192 3898 2279 3951 διὰ
2315 3897 2414 3966 τῆς
2459 3893 2732 3965 ἁμαρτίας
2772 3890 2961 3945 ἐαυτὸν
3000 3889 3333 3958 εἰσεποίησε.
3377 3889 3532 3940 Διότι
3566 3890 3706 3942 κατὰ

2110 3991 2198 4044 τὸν
2235 3988 2508 4056 Ἰωάννην,
2554 3987 2615 4038 '0
2647 3983 2833 4037 ποιῶν
2871 3982 2987 4050 τὴν
3018 3981 3310 4049 ἁμαρτίαν
3338 3981 3408 4032 ἐκ
3435 3981 3551 4034 τοῦ
3593 3981 3706 4033 δια-

2111 4081 2294 4133 ϐόλου
2324 4078 2691 4148 γεγέννηται.
2730 4074 2862 4127 Ἰδοὺ
2889 4069 2981 4126 οὖν
3010 4072 3272 4141 ὠδίνησεν
3297 4072 3462 4125 αὐτὸν
3487 4073 3580 4125 διὰ
3612 4073 3705 4140 τῆς

437 4171 526 4217 tur
554 4178 678 4218 eum
704 4165 962 4234 parturiit
985 4164 1232 4219 diabolus
1263 4181 1359 4233 per
1390 4167 1750 4237 iniquitatem,
1796 4180 1850 4225 et
1882 4186 2006 4227 con-

2120 4171 2352 4232 ἀδικίας,
2389 4169 2481 4221 καὶ
2507 4166 2798 4220 συνέλαϐεν
2825 4165 3007 4228 αὑτὸν,
3041 4164 3201 4216 οἱονεὶ
3223 4166 3280 4216 ἐν
3302 4165 3416 4225 τοῖς
3444 4165 3706 4218 οἰκειοτά-

433 4257 578 4325 cepit
606 4257 778 4326 ipsum
816 4275 831 4311 :
868 4258 970 4312 hoc
992 4267 1094 4324 est,
1127 4257 1179 4312 in
1217 4258 1567 4326 penitissimis
1605 4261 1688 4316 sui
1731 4264 1902 4334 ipsius
1925 4277 2010 4318 re-

437 4349 683 4404 cessibus
717 4349 989 4404 detentmn
1028 4354 1129 4404 sub
1158 4352 1363 4406 viscera
1393 4353 1595 4423 proprii
1629 4351 1854 4410 aﬂ‘ectus
1887 4371 2011 4425 per-

436 4440 622 4504 traxit,
649 4455 712 4495 ac
746 4456 812 4495 eo
831 4441 1104 4512 gravidus,
1149 4452 1258 4496 tum
1281 4444 1498 4498 demum
1536 4447 1762 4514 peperit,
1790 4463 1914 4502 cum
1954 4449 2008 4502 in

436 4541 680 4598 apertum
710 4531 852 4587 illius
883 4532 1105 4600 protulit
1155 4534 1498 4598 iniquitatem
1534 4553 1546 4588 :
1585 4536 1854 4605 siquidem
1891 4538 2009 4605 ejus

435 4624 490 4678 in
520 4633 724 4692 patrem
753 4625 974 4679 rebellio
1013 4626 1329 4679 denuntiata
1362 4627 1614 4680 omnibus
1641 4636 1724 4681 est
1755 4643 1849 4696 per
1879 4644 2013 4697 pra:-

435 4727 648 4767 conem.
676 4711 838 4767 Vsus.
870 4715 956 4767 iii.
977 4713 1176 4768 Lucum
1201 4717 1430 4783 aperuit,
1461 4727 1506 4768 et
1533 4717 1716 4785 effodit
1741 4735 1877 4771 eum.
1903 4717 2012 4774 No-

445 4822 568 4860 men
611 4807 759 4862 lacus
812 4807 864 4862 in
902 4809 1096 4864 divinis
1147 4808 1442 4876 Scripturis
1481 4825 1584 4863 non
1637 4811 1922 4864 admodum
1955 4813 2008 4865 in

436 4897 634 4952 bonam
686 4909 891 4968 partem
925 4900 1228 4955 invenimus
1260 4911 1578 4970 acceptum;
1639 4903 1780 4956 sicut
1835 4919 2009 4973 neque

513 5014 560 5047 ⁷²
589 5013 610 5068 ι
644 5012 800 5069 Joan.
837 5030 920 5075 ιιι.
953 5015 1006 5070 8.

534 5108 624 5180 84)
646 5106 799 5180 (Zoili.
820 5108 1081 5180 septimus
1097 5108 1258 5162 habet
1274 5107 1512 5180 πονηροῦ
1545 5123 1639 5176 pro
1656 5108 1927 5162 διαϐόλου.
1952 5107 2021 5160 11-

439 5178 553 5238 iud.
575 5178 954 5248 ἐξειργάσατο,
983 5179 1135 5232 deest
1154 5181 1205 5231 in
1227 5181 1386 5233 editis
1405 5178 1427 5233 ε’
1450 5181 1542 5233 sed
1577 5181 1816 5232 additum
1840 5189 1922 5232 est
1951 5193 2016 5232 ex

447 5251 620 5303 tribus
657 5247 790 5303 mss.
835 5247 1038 5303 ibidem
1083 5249 1276 5317 legitur
1313 5251 1364 5303 in
1401 5250 1563 5303 editis
1583 5259 1636 5303 et
1664 5249 1715 5300 in
1746 5249 2020 5302 nonnullis

445 5336 576 5372 mss.
605 5317 870 5389 ἐπιθυμία
901 5337 916 5373 :
945 5319 1037 5373 sed
1064 5318 1258 5387 legitur
1289 5321 1340 5372 in
1367 5318 1553 5388 majori
1580 5329 1730 5388 parte
1753 5333 1882 5370 mss.
1903 5319 2021 5389 ἐπι-

443 5389 658 5458 θυμίαι.
712 5387 880 5444 Paulo
931 5398 1053 5458 post
1087 5406 1216 5443 mss.
1252 5387 1497 5458 plerique
1531 5387 1717 5442 omnes
1758 5389 1808 5439 oi
1864 5387 2020 5441 ἀλλό-

443 5477 605 5530 τριοι.
632 5459 790 5530 Deest
819 5459 1078 5530 articulus
1114 5460 1165 5511 in
1191 5461 1426 5513 excusis.

519 5528 628 5597 (85)
652 5529 822 5584 Editio
851 5529 1015 5582 Basil.
1046 5539 1100 5582 et
1128 5545 1219 5581 sex
1272 5546 1400 5581 mss.
1445 5529 1524 5581 sic
1555 5527 1749 5579 habent
1785 5544 1796 5579 :
1831 5527 2019 5596 ἐπειδὴ

449 5597 663 5667 πρῶτον
681 5599 978 5667 αἱκύουσαι
1010 5600 1460 5667 συλλαμϐάνουσι,
1493 5598 1799 5649 τελευταῖον
1821 5597 1875 5648 δὲ
1899 5597 2019 5648 ὠδί-

449 5665 648 5729 νουσιν,
669 5665 787 5720 εἶτα
803 5671 1101 5722 τίκτουσιν.
1125 5665 1300 5722 Editio
1323 5669 1496 5723 Paris.
1515 5679 1568 5722 et
1599 5668 1729 5735 Reg.
1755 5668 1946 5720 tertius
1963 5677 2020 5717 nt

452 5737 506 5790 in
544 5745 713 5792 textu.
745 5737 886 5792 Infra
931 5740 1058 5794 editi
1088 5748 1142 5794 et
1191 5738 1342 5806 Regii
1398 5739 1602 5807 primus
1633 5747 1687 5791 et
1722 5747 1906 5793 sextus
1943 5736 2016 5806 μὴ

2114 4280 2230 4326 τοις
2265 4259 2454 4314 ἐαυτοῦ
2498 4259 2605 4312 ὑπὸ
2637 4257 2705 4310 τὰ
2748 4258 3031 4326 σπλάγχνα
3071 4257 3169 4325 τῆς
3219 4255 3355 4318 ἰδίας
3407 4256 3704 4318 διαθέσεως

2116 4357 2291 4426 ἤγαγε
2326 4355 2420 4407 καὶ
2447 4353 2813 4421 ἐκυοφόρησεν
2845 4350 3006 4403 αὑτὸν
3043 4349 3072 4400 6
3103 4348 3379 4408 διάϐολος·
3418 4344 3549 4402 εἶτα
3608 4352 3703 4402 ἀπ-

2119 4447 2405 4515 εγέννησεν
2427 4441 2611 4505 αὐτὸν,
2633 4440 2842 4510 ἐκφανῆ
2860 4438 2958 4510 τὴν
2982 4437 3210 4509 ἀνομίαν
3237 4437 3402 4490 αὐτοῦ
3427 4441 3703 4506 καταστή-

2121 4553 2240 4600 σας,
2289 4536 2422 4588 διότι
2473 4533 2609 4585 πᾶσι
2656 4529 3046 4602 προεκηρύχθη
3095 4530 3126 4599 ἡ
3175 4529 3315 4581 κατά
3351 4529 3450 4582 τοῦ
3501 4530 3700 4602 πατρὸς

2115 4630 2504 4690 ἐπανάστασις.
2544 4624 2786 4679 Λάκκον
2817 4622 3029 4690 ὤρυξε,
3074 4620 3172 4674 καί
3210 4618 3580 4688 ἀνέσκαψεν
3604 4623 3697 4675 αὐ-

2115 4723 2241 4772 τόν.
2287 4720 2362 4772 Οὐ
2407 4718 2548 4772 πάνυ
2595 4716 2689 4768 ἐπὶ
2723 4713 2890 4768 καλοῦ
2939 4712 3264 4783 εὑρίσκομεν
3305 4710 3368 4762 τὸ
3401 4710 3583 4781 ὄνομα
3617 4708 3696 4763 τοῦ

2117 4811 2319 4863 λάκκου
2353 4809 2684 4878 τεταγμένον
2717 4809 2774 4858 ἐν
2811 4807 2930 4869 ταῖς
2961 4804 3134 4866 θείαις
3162 4803 3410 4873 Γραφαίς
3429 4818 3445 4830 ·
3479 4802 3562 4865 ὡς
3589 4801 3697 4855 οὐδὲ

2119 4905 2179 4957 τὸ
2214 4904 2389 4975 φρέαρ
2419 4902 2607 4966 ὓδατος
2640 4901 2732 4954 ἐπὶ
2754 4899 3009 4972 χείρονος.
3042 4897 3257 4960 Λάκκος
3288 4895 3390 4966 μὲν
3416 4895 3531 4966 γάρ
3561 4898 3695 4949 ἐστιν

2125 5108 2436 5178 γενόμενος.
2465 5101 2733 5178 Particnla
2764 5103 2836 5172 μή
2866 5099 3112 5178 tieestuin
3148 5096 3277 5178 aliis
3306 5105 3548 5178 quatuor
3575 5108 3688 5175 mss.

2199 5166 2310 5247 (iiii)
2339 5166 2428 5229 Sic
2454 5175 2670 5247 codices
2693 5166 2918 5247 septeni.
2957 5168 3132 5247 Editio
3159 5166 3686 5247 Parisiensislfyxaﬁ-

2129 5231 2246 5310 σας.
2271 5231 2464 5300 Censet
2493 5246 2576 5296 vir
2613 5231 2802 5310 lingua:
2827 5239 3028 5310 Graeca:
3042 5237 3443 5310 scientissimus
3471 5231 3691 5310 Gombe—

2129 5305 2279 5371 lisi’tls
2309 5316 2586 5387 ἐγκυήσας
2627 5305 2716 5387 ilic
2749 5309 3031 5378 legendum
3063 5321 3203 5387 esse.
3229 5306 3336 5387 §ed
3362 5305 3484 5387 ejus
3515 5306 3685 5387 conje-

2127 5398 2332 5442 cturam
2349 5375 2480 5438 'non'
2505 5375 3093 5451 sequimnrfnonqnod
3117 5375 3424 5443 displiceat,
3463 5376 3573 5451 imo
3591 5376 3686 5451 pla-

2128 5468 2213 5511 cet
2251 5457 2503 5515 maxime,
2535 5446 2627 5506 sed
2661 5452 2804 5516 quod
2838 5448 3032 5501 nullius
3065 5463 3166 5500 ms.
3200 5450 3526 5516 auctoritate
3558 5446 3684 5516 inpi-

2129 5505 2614 5592 i'a‘t'nr.‘i‘iliiquanto
2643 5505 2968 5592 iiiiﬁl-e(iili0
2999 5517 3173 5592 Paris.
3208 5513 3572 5592 uibgn'sxsivou
3671 5526 3679 5557 ε

2127 5600 2218 5650 sed
2253 5611 2377 5647 mss.
2403 5582 2592 5647 omnes
2621 5582 2733 5652 υἱὸς
2764 5582 2827 5654 ᾧ,
2861 5588 3014 5641 bene.
3042 5586 3280 5639 Subinde
3323 5583 3455 5652 Reg.
3489 5584 3683 5652 primus

2126 5679 2177 5721 ct
2207 5667 2356 5721 (Iulli.
2387 5665 2645 5734 septimus
2674 5659 2916 5713 διαϐόλου
2945 5655 3230 5726 γεγένηται
