3850 6218
101 314 146 366 ‘2
165 315 224 368 ιι)

1300 309 1578 365 llOMlLlA
1619 309 1640 363 Ι
1684 309 1750 364 lN
1791 309 2114 366 PSALMUM
2159 312 2292 366 XIV.

3279 316 3385 372 250

105 431 198 491 εἰς
225 427 282 480 ὃν
313 425 512 496 ἐϐλήθη
559 423 664 476 ὑπὸ
701 423 809 476 τῶν
858 423 1102 494 ἀδελφῶν
1137 423 1300 476 αὑτοῦ
1346 425 1564 494 Ἰωσήφ.
1597 425 1690 476 Κα¹

1813 435 2003 494 puteus
2033 442 2184 496 aqua:
2211 427 2264 481 in
2301 425 2517 480 malam.
2547 425 2721 484 Lacus
2749 428 2891 482 enim
2917 437 3020 496 est,
3065 429 3118 482 in
3153 443 3313 500 quem
3352 448 3382 486 ει

103 520 208 572 ὅτε
241 519 574 572 πατάσσεται
614 515 727 586 (87)
775 515 920 568 Ἀπὸ
951 516 1326 582 πρωτοτόκου
1362 513 1570 582 Φαραὼ
1596 513 1707 581 ἕως

105 613 498 680 πρωτοτόκου
531 608 641 677 τῆς
670 607 1104 677 αἰχμαλώτιδος
1133 606 1240 675 τῆς
1273 607 1342 660 ἐν
1374 605 1452 672 τῷ
1477 607 1702 675 λάκκῳ.

105 706 232 758 Καὶ
273 705 332 756 ἐν
373 705 486 765 τοῖς
523 699 776 770 Ψαλμοῖς
794 717 806 730 ·
851 701 1348 769 Προσελοτίσθην
1390 703 1542 770 μετὰ
1587 699 1707 752 τῶν

107 795 602 850 καταϐαινόντων
650 792 736 856 είς
776 790 1026 844 λάκκον.
1072 791 1182 844 Καὶ
1219 793 1277 843 ἐν
1327 791 1403 862 τῷ
1467 791 1704 864 Ἱερεμίᾳ

109 889 316 960 φησίν·
365 884 502 955 Ἐμὲ
539 883 934 954 ἐγκατέλιπον
973 883 1177 953 πηγὴν
1215 884 1432 950 ὓδατος
1467 883 1699 950 ζῶντος,

105 979 216 1032 καὶ
249 976 490 1046 ὤρυξαν
535 972 772 1040 ἑαυτοῖς
817 973 1086 1041 λάκκους
1135 977 1698 1045 συντετριμμένους,

105 1070 174 1123 οἳ
201 1071 276 1122 οὺ
301 1067 671 1134 δυνήσονται
709 1065 864 1133 ὕδωρ
906 1065 1014 1137 (88)
1050 1065 1351 1135 συνέχειν,
1407 1067 1568 1120 Ἀλλά
1609 1069 1702 1122 καὶ

105 1163 174 1214 ὲν
209 1159 287 1232 τῷ
315 1159 512 1232 Δανιὴλ
540 1158 742 1221 λάκκος
773 1158 1002 1212 λεόντων
1038 1157 1484 1228 ἀναγέγραπται,
1531 1161 1611 1223 εἰς
1642 1160 1700 1212 ὃν

109 1251 369 1322 ῥίπτεται
403 1249 618 1321 Δανιήλ.
649 1249 831 1320 Φρέαρ
859 1247 915 1300 δὲ
957 1247 1178 1319 ὀρύσσει
1217 1248 1470 1318 Ἀϐραάμ
1490 1265 1501 1277 ’
1532 1249 1627 1302 καὶ
1651 1251 1701 1302 οἱ

103 1343 306 1406 παῖδες
330 1341 424 1394 τοῦ
463 1341 647 1395 Ἰσαάκ
667 1358 680 1370 ·
711 1341 804 1394 καὶ
825 1341 916 1395 ἐπὶ
942 1339 1116 1411 φρέαρ
1147 1339 1378 1406 ἐξελθὼν
1401 1341 1704 1394 ἀνεπαύετο

105 1435 378 1504 Μωῦσῆς.
409 1433 518 1486 Καὶ
541 1431 760 1504 ἐντολὴν
793 1431 1142 1502 λαμϐάνομεν
1173 1433 1280 1484 ἀπὸ
1307 1431 1401 1485 τοῦ
1426 1433 1702 1504 Σολομῶν-

103 1543 204 1589 τος
255 1526 429 1580 πίνειν
480 1525 651 1578 ὕδατα
699 1525 806 1577 ἀπὸ
860 1523 1144 1595 ἡμετέρων
1195 1524 1432 1593 ἀγγείων
1467 1525 1561 1578 καὶ
1593 1527 1702 1580 ἀπὸ

105 1617 402 1688 ἡμετέρων
449 1617 700 1688 φρεάτων
752 1617 955 1687 πηγῆς.
997 1617 1106 1670 Καὶ
1139 1619 1166 1670 ὁ
1199 1617 1389 1688 Σωτὴρ
1433 1619 1584 1689 παρά
1623 1619 1702 1690 τῷ

105 1707 313 1778 φρέατι
345 1711 410 1780 τῇ
452 1707 806 1780 Σαμαρείτιδι
837 1707 967 1778 περὶ
997 1706 1157 1761 θείων
1189 1693 1501 1780 μυστηρίων
1530 1701 1704 1763 δίαλέ-

1811 519 1924 572 suis
1957 519 2221 572 fratribus
2244 517 2522 586 conjectus
2558 533 2640 574 est
2671 519 2887 591 Joseph.
2936 521 2998 576 Et
3048 537 3168 576 cum
3205 523 3382 580 caides

1811 607 1955 662 facta
1991 618 2070 662 est
2103 609 2144 660 Α
2197 610 2540 678 primogenita
2575 609 2898 676 Pharaonis,
2935 628 3098 680 usque
3151 613 3219 665 ad
3269 613 3371 680 pri-

1808 700 2124 764 mogenitum
2160 700 2376 766 captiva?
2407 715 2522 768 quta
2551 701 2602 751 in
2637 701 2758 752 lacu
2787 700 2850 753 ⁷³.
2884 697 2948 754 Et
2999 687 3086 754 in.
3107 701 3334 756 Psalmis
3364 719 3378 754 :

1807 791 2128 845 .Estimatus
2151 808 2264 844 sum
2283 807 2398 844 cum
2425 791 2852 846 descendentibus
2872 793 2924 844 in
2955 791 3124 845 lacum
3140 791 3206 845 ⁷⁵.
3232 793 3296 847 Et
3325 793 3380 846 in

1806 881 2038 938 Ieremia
2075 900 2088 936 :
2119 881 2206 936 Me
2235 883 2427 952 fontem
2471 899 2620 954 aqua:
2655 885 2798 945 vivit,
2829 883 3036 952 inquit.
3084 883 3378 954 derelique-

1807 985 1952 1040 runt,
1983 985 2031 1029 et
2063 975 2312 1044 foderunt
2341 975 2437 1027 sibi
2486 975 2630 1028 lacus
2661 977 2933 1038 contritas,
2971 975 3062 1045 qni
3103 992 3202 1028 non
3229 986 3374 1042 pote-

1806 1074 1928 1118 runt
1967 1065 2232 1118 continere
2265 1081 2454 1133 aquam
2477 1063 2544 1118 ’⁵.
2573 1067 2748 1132 Atque
2777 1062 2937 1115 etiam
2969 1063 3019 1115 in
3051 1061 3270 1118 Daniele
3301 1063 3376 1115 la-

1805 1172 1900 1212 cus
1929 1157 2142 1211 leonum
2180 1155 2483 1223 descriptus
2505 1163 2606 1218 est,
2635 1155 2687 1208 in
2725 1169 2883 1223 quem
2918 1153 3167 1222 dejicitur
3191 1155 3376 1209 Daniel

1807 1249 1941 1316 ipse.
1974 1247 2199 1302 Pnleum
2230 1257 2408 1300 autem
2444 1245 2630 1301 ell'odit
2682 1245 2958 1300 Abraham
2994 1262 3008 1300 :
3068 1247 3193 1300 item
3225 1248 3376 1316 pueri

1805 1338 1952 1392 Isaac
1989 1356 2003 1390 :
2039 1347 2094 1392 et
2139 1339 2203 1392 ad
2248 1346 2462 1406 puteum
2505 1352 2826 1408 progressus
2864 1337 3232 1406 requiescebat
3261 1337 3375 1394 Mo-

1805 1445 1910 1484 ses.
1944 1427 2012 1482 Et
2039 1427 2292 1497 iubemur
2341 1443 2371 1482 a
2404 1427 2691 1482 Salomone
2722 1443 2914 1498 aquam
2953 1423 3138 1484 bib‘ere
3167 1445 3232 1482 ex
3277 1446 3376 1482 no-

1804 1521 1932 1575 stris
1955 1522 2186 1583 vasis,et
2212 1535 2278 1574 ex
2325 1529 2607 1589 puteorum
2635 1529 2942 1574 nostrorum
2971 1519 3117 1574 fonte
3139 1521 3206 1577 ".
3237 1521 3378 1588 Quin

1805 1610 1968 1663 etiam
2005 1607 2255 1663 Salvator
2283 1609 2394 1678 ipse
2414 1610 2568 1676 juxta
2601 1618 2819 1678 puteum
2865 1625 2988 1664 cum
3034 1611 3376 1666 Samaritana

1807 1703 1871 1755 de
1901 1701 2100 1756 divinis
2125 1701 2404 1772 mysteriis
2435 1687 2674 1756 disserit.
2702 1701 2929 1756 Causam
2961 1718 3089 1756 vero
3112 1719 3210 1756 cur
3235 1703 3382 1758 lacus

103 1815 292 1868 γεται.
331 1779 440 1870 Τῆν
465 1799 522 1852 δέ
547 1779 726 1852 αἰτίαν
754 1799 848 1852 τοῦ
883 1799 979 1850 ἐπὶ
1011 1799 1271 1870 χειρόνων
1427 1801 1552 1865 τοὺς
1574 1801 1690 1854 λάκ-

1808 1793 1858 1847 in
1888 1793 2059 1864 pejus,
2089 1793 2236 1862 putei
2262 1808 2392 1848 vero
2429 1793 2478 1847 in
2507 1793 2696 1848 melius
2729 1803 3082 1864 usurpentur,
3103 1795 3239 1849 banc
3263 1812 3384 1852 esse

105 1907 246 1955 κους
289 1891 568 1961 τετάχθαι,
602 1891 698 1944 ἐπὶ
737 1890 1064 1963 κρειττόνων
1091 1890 1148 1943 δέ
1178 1889 1246 1944 τὰ
1284 1891 1516 1962 φρέατα,
1548 1893 1702 1964 νομί-

105 1984 282 2054 ζομεν
312 1983 512 2052 ταύτην
552 1983 820 2055 ὑπάρχειν
841 1999 854 2012 ·
883 1981 1174 2054 ἐπίκτητον
1205 1983 1265 2035 τὸ
1307 1981 1450 2054 ὕδωρ
1487 1984 1546 2035 ἐν
1593 1986 1703 2048 τοῖς

103 2068 359 2130 λάκκοις,
387 2069 584 2120 πῖπτον
617 2067 674 2134 ἐξ
702 2065 930 2139 οὐρανοῦ
948 2083 960 2096 ·
993 2068 1050 2120 ἐν
1075 2066 1129 2119 δὲ
1149 2067 1262 2130 τοῖς
1287 2065 1482 2138 φρέασι
1509 2065 1705 2136 φλέϐες

109 2153 326 2205 ὑδάτων
363 2151 728 2222 κεχωσμέναι,
783 2151 912 2222 πρὶν
961 2149 1258 2222 ὀρυχθῆναι
1309 2152 1436 2214 τοὺς
1479 2149 1700 2214 τόπους,

109 2245 512 2316 φανεροῦνται,
561 2243 1020 2336 περιαιρεθέντων
1066 2241 1174 2296 τῶν
1223 2241 1702 2296 ἐπικαλυπτόντων

107 2337 405 2406 χωμάτων,
442 2335 536 2388 καὶ
573 2331 896 2405 οἱασδήποτε
930 2333 1118 2396 οὐσίας
1159 2331 1534 2403 ἐπικειμένης,
1580 2332 1704 2402 ἥτις

105 2427 268 2480 πᾶσά
293 2428 409 2479 ἐστι
436 2429 527 2498 γῆ.
557 2427 667 2481 Καὶ
692 2429 750 2480 ἐν
778 2429 900 2489 ταῖς
923 2425 1123 2496 ψυχαῖς
1149 2425 1327 2478 τοίνυν
1361 2423 1509 2478 ἐστὶν
1540 2427 1702 2478 οἱονεὶ

104 2521 354 2591 ϐρυγμα,
400 2521 458 2572 ἐν
504 2513 592 2582 αἷς
626 2519 962 2571 καταπίπτει
999 2516 1071 2568 τὰ
1108 2515 1393 2587 κρείττονα
1427 2515 1700 2586 μεταϐάλ-

104 2613 275 2664 λοντα
317 2612 412 2671 καὶ
445 2610 1006 2682 παραχαραττόμενα,
1037 2609 1126 2661 ὅτε
1166 2625 1250 2672 τις
1287 2607 1385 2671 τὰς
1428 2609 1558 2679 περὶ¹
1592 2608 1702 2661 τῶν

105 2701 299 2756 καλῶν
337 2703 546 2765 ἐννοίας
592 2701 862 2765 πεσούσας
907 2701 986 2764 εἰς
1037 2699 1200 2753 αὐτὸν
1240 2700 1466 2770 τρέπει,
1502 2699 1595 2752 ἐπὶ
1640 2699 1703 2751 τὸ

103 2793 552 2865 κακουργότερον
593 2791 763 2856 αὐτὰς
796 2792 1163 2863 διαστρέφων,
1201 2793 1294 2844 καὶ
1325 2791 1417 2844 ἐπὶ
1448 2790 1516 2843 τὰ
1549 2792 1703 2846 ἐναν-

101 2885 202 2938 τία
225 2887 292 2955 τῇ
319 2883 565 2956 ἀληθείᾳ,
593 2883 744 2936 οὐδὲν
765 2885 964 2936 οἰκεῖον
992 2881 1417 2952 βεϐουλευμένος
1440 2881 1584 2952 ἔχειν
1605 2900 1702 2936 κα-

103 2976 218 3030 λόν.
261 2976 371 3028 Καὶ
421 2976 580 3028 πάλιν
631 2975 868 3046 φρέατα,
909 2975 1018 3039 ὅτε,
1077 2971 1538 3045 περιαιρεθέντων
1586 2973 1698 3044 (89)

101 3067 218 3119 τῶν
259 3067 736 3124 ἐπικαλυπτόντων
775 3067 1058 3138 χειρόνων,
1107 3065 1419 3136 ἀναλάμπει
1451 3065 1568 3134 φῶς
1607 3067 1700 3119 καὶ

101 3157 264 3230 πηγὴ
293 3159 482 3224 ὕδατος
509 3163 566 3212 ἐν
591 3161 735 3231 λόγῳ
759 3162 854 3214 καὶ
879 3161 1109 3230 δόγμασι
1134 3159 1387 3229 ποτίμου.
1414 3159 1514 3211 Διά
1539 3157 1698 3211 τοῦτο

99 3249 342 3305 ἕκαστον
371 3251 548 3323 ἐαυτῷ
582 3253 762 3324 φρέαρ
797 3251 1203 3304 κατασκευάσαι
1243 3251 1560 3318 ἀναγκαῖον,
1609 3251 1696 3303 ἴνα

99 3343 322 3414 τηρήσῃ
370 3343 468 3415 τὴν
520 3343 928 3414 προειρημένην
982 3343 1202 3413 ἐντολὴν
1253 3342 1350 3413 τὴν
1400 3343 1696 3411 λέγουσαν·

101 3435 256 3488 Πίνε
283 3433 472 3488 ὕδατα
497 3433 616 3488 ἀπὸ
649 3431 779 3486 σῶν
798 3433 1072 3503 ἀγγείων,
1107 3433 1206 3486 καὶ
1232 3432 1350 3486 ἀπὸ
1377 3429 1507 3486 σῶν
1526 3431 1696 3501 ερρεά-

97 3543 226 3579 των
253 3525 468 3595 πηγῆς.
503 3525 660 3580 Οὕτω
681 3525 789 3596 γάρ
815 3525 1224 3596 χρηματίσομεν
1251 3523 1418 3577 τέκνα
1439 3522 1546 3576 τῶν
1569 3523 1694 3594 ὀρυ-

101 3617 318 3684 ξάντων
343 3616 412 3670 τὰ
439 3617 671 3690 φρέατα,
715 3617 968 3688 Ἀϐραὰμ
995 3618 1090 3670 καὶ
1131 3615 1314 3668 Ἰσαὰκ
1339 3615 1434 3669 καὶ
1477 3615 1691 3670 Ἰακώϐ.

97 3709 322 3762 Λάκκου
351 3709 410 3762 δὲ
442 3711 504 3762 οὐ
547 3709 800 3782 ποιητέον
821 3749 835 3774 ,
865 3709 950 3762 ἵνα
987 3709 1062 3778 μὴ
1093 3707 1426 3778 ἐμπέσωμεν
1472 3705 1582 3777 (90)
1614 3709 1694 3771 εἰς

97 3801 167 3854 τὺ
206 3801 445 3873 ὄρυγμα,
477 3801 618 3856 κατά
645 3801 707 3855 τὸ
731 3800 918 3854 ἐνθάδε
949 3800 1260 3872 εἰρημένον,
1291 3799 1425 3870 μηδὲ
1450 3799 1696 3853 ἀκούσω-

99 3913 208 3967 μεν
242 3897 312 3949 τὰ
341 3897 400 3950 ἐν
431 3895 512 3967 τῷ
559 3895 801 3967 Ἱερεμίᾳ
843 3895 930 3948 ἐπ’
962 3893 1251 3963 ὀνειδισμῷ
1295 3893 1402 3945 τῶν
1443 3893 1692 3964 ἁμαρτα-

97 3989 302 4042 νόντων
327 3988 814 4061 ἀναγεγραμμένα,
845 3987 938 4040 τοῦ
980 3985 1115 4039 Θεοῦ
1147 3987 1394 4054 λέγοντος
1424 3985 1553 4054 περὶ
1590 3985 1659 4038 αὑ
1677 4016 1690 4025 -

93 4081 208 4133 τῶν
237 4079 272 4133 ἃ
305 4081 400 4134 καὶ
433 4082 539 4153 πρὸ
579 4081 826 4153 βραχέως
866 4077 1218 4151 παρεθέμεθα
1241 4095 1254 4107 ’
1295 4075 1434 4146 Ἐμὲ
1455 4074 1693 4144 ἐγκατέ-

1804 1883 2219 1950 existimamus;
2253 1885 2398 1953 quod
2430 1899 2566 1954 aqua
2612 1885 2664 1938 in
2703 1885 2929 1941 lacubus
2962 1887 3033 1942 sit
3059 1887 3376 1950 adventitia,

1805 1973 2004 2044 quippe
2034 1989 2153 2042 qua:
2179 1989 2209 2028 e
2238 1973 2376 2028 uelo
2409 1975 2565 2028 cadat
2598 1993 2610 2029 :
2647 1977 2698 2029 in
2740 1976 2918 2046 puteis
2947 1991 3076 2032 vero
3115 1993 3377 2046 aquarmn

1805 2076 1976 2126 vente,
2009 2069 2298 2132 antequam
2329 2061 2444 2116 loca
2461 2061 2804 2130 effodiantur,
2834 2077 3057 2136 aggesta
3091 2069 3257 2121 humo
3283 2071 3383 2122 ob—

1805 2164 1960 2216 rutae,
1990 2151 2104 2223 jam
2139 2167 2198 2208 se
2237 2155 2485 2224 prodant,
2522 2155 2566 2210 si
2600 2157 2758 2210 modo
2791 2171 3016 2228 aggeres
3063 2173 3158 2212 eas
3191 2169 3376 2230 tegen-

1807 2253 1906 2309 tes,
1958 2255 2051 2300 aut
2108 2245 2210 2300 alia
2256 2247 2460 2316 quaevis
2515 2247 2834 2305 incumbens
2859 2251 3160 2306 substantia
3187 2295 3218 2320 ,,
3259 2267 3386 2324 quas

1805 2337 2034 2406 ipsamet
2075 2348 2183 2392 tota
2227 2346 2374 2393 terra
2418 2347 2522 2406 est,
2546 2339 2988 2396 submoveantur.
3021 2341 3087 2396 Et
3119 2358 3249 2398 vero
3285 2358 3379 2399 ve-

1803 2425 1899 2479 luti
1935 2426 2078 2482 fossa
2105 2437 2186 2482 est
2217 2429 2268 2482 in
2307 2429 2616 2494 animabus,
2646 2429 2700 2483 in
2725 2447 2861 2501 quas
2891 2433 3092 2488 cadunt
3129 2435 3332 2505 optima
3359 2478 3380 2505 ,

1803 2531 1924 2585 quae
1945 2527 2223 2572 mutantur
2247 2527 2302 2574 et
2345 2521 2746 2588 adulterantur,
2784 2535 2917 2591 tum,
2944 2541 3064 2578 cum
3110 2529 3382 2596 quispiam

1804 2608 2016 2662 honesti
2045 2611 2292 2679 rectique
2316 2613 2674 2681 cogitationes
2702 2615 2803 2669 sibi
2835 2617 3054 2686 illapsas
3087 2620 3260 2688 pellit,
3286 2636 3384 2676 eas

1803 2701 1870 2753 ad
1895 2701 2098 2770 pejora,
2123 2712 2178 2756 et
2207 2703 2274 2757 ad
2313 2717 2375 2757 ea
2401 2719 2520 2773 qua:
2541 2705 2756 2760 veritati
2783 2707 3161 2774 adversantur,
3193 2713 3383 2767 distor-

1803 2805 1977 2859 quens
2004 2809 2018 2844 :
2051 2792 2248 2862 quippe
2274 2793 2478 2847 nullum
2507 2795 2706 2850 bonum
2732 2796 2997 2854 familiare
3023 2816 3086 2854 ac
3105 2803 3382 2872 pr0priutn

1805 2880 2007 2936 habere
2037 2885 2244 2939 statuit.
2286 2885 2512 2944 Contra.
2555 2887 2701 2956 putei
2738 2896 2864 2942 sunt
2913 2890 2962 2943 in
3015 2893 3222 2959 anima,
3256 2909 3378 2952 cum

1805 2975 1921 3040 lux,
1953 2976 2101 3030 vitiis
2133 2991 2250 3041 qua:
2279 2975 2594 3046 iutegebant
2630 2977 2848 3046 ablatis,
2901 2978 3140 3051 aifulget,
3175 2995 3228 3039 et
3259 2985 3378 3042 fons

1805 3082 1960 3136 aquae
1988 3082 2107 3136 qum
2141 3083 2234 3136 per
2262 3081 2568 3122 sermonem
2593 3077 2649 3123 et
2679 3069 2930 3140 dogmata
2961 3074 3108 3140 potui
3138 3074 3254 3129 dari
3279 3092 3377 3146 po-

1806 3171 1928 3215 test.
1963 3159 2307 3230 Quapropter
2327 3163 2719 3231 estunicuique
2751 3179 2996 3230 necesse,
3023 3167 3124 3220 sibi
3159 3179 3378 3236 puteum

1805 3265 2140 3322 praeparare,
2175 3261 2236 3304 ut
2273 3253 2586 3306 mandatum
2621 3265 2976 3309 memoratum
3009 3269 3206 3324 servet,
3269 3275 3376 3329 quc

1804 3343 2003 3396 dicitur
2031 3359 2044 3396 :
2073 3339 2202 3396 Bibe
2235 3359 2400 3410 aqua:
2434 3343 2497 3396 de
2543 3345 2647 3398 tuis
2693 3347 2855 3410 rasis,
2906 3357 2952 3400 et
2995 3346 3058 3400 de
3105 3360 3380 3418 puteorum

1800 3446 2012 3486 tuorum
2036 3433 2181 3501 {ante
2227 3433 2296 3488 "".
2339 3433 2430 3489 Sic
2484 3435 2627 3488 enim
2670 3439 2818 3504 prius
2852 3439 3245 3508 appellabimur
3284 3443 3379 3497 ﬁlii

1800 3533 1990 3593 puteos
2039 3523 2442 3589 eii‘odientium,
2495 3526 2749 3595 Abrahae,
2791 3537 2846 3582 et
2884 3531 3053 3594 Isaac,
3091 3541 3146 3585 et
3187 3531 3374 3590 Jacob.

1799 3613 1977 3670 Lacus
2004 3625 2181 3671 autem
2215 3615 2495 3672 faciendus
2528 3635 2630 3673 non
2661 3627 2763 3684 est,
2800 3635 2866 3675 ne
2917 3623 2968 3675 in
3011 3622 3208 3678 fossam
3245 3629 3384 3682 inci-

1799 3711 1988 3764 damus
2023 3711 2118 3776 ita,
2155 3721 2210 3764 ut
2239 3711 2326 3766 hic
2352 3712 2568 3777 dicitur,
2607 3727 2742 3767 neve
2775 3714 3058 3770 audiamus
3086 3733 3147 3772 ea
3180 3721 3374 3788 quazin

1796 3797 2028 3853 Jeremia
2053 3801 2104 3852 in
2131 3809 2472 3870 peccatorum
2524 3803 2784 3871 probrum
2823 3813 2878 3858 et
2905 3805 3137 3860 dedecus
3174 3811 3378 3879 scripta

1796 3903 1945 3957 sunt,
1984 3893 2093 3946 Deo
2115 3893 2182 3946 de
2205 3893 2334 3961 ipsis
2361 3895 2577 3950 dicente
2617 3897 2760 3964 quod
2803 3897 2965 3966 paulo
3008 3909 3133 3954 ante
3191 3903 3382 3956 retuli-

1799 4001 1918 4040 mus
1953 4003 1966 4039 :
2007 3983 2093 4038 Me
2127 3987 2326 4054 fontem
2356 4003 2505 4056 aqum
2538 3988 2663 4041 vium
2692 3989 3103 4060 dereliquerunt,
3145 4003 3192 4046 et
3221 3993 3374 4060 [ode-

1799 4085 1920 4128 runt
1949 4075 2048 4129 sibi
2087 4075 2234 4129 lacus
2258 4079 2532 4144 contritas,
2555 4081 2644 4148 qui
2675 4094 2778 4131 non
2810 4089 3054 4148 poterunt
3091 4081 3222 4150 ipsis
3248 4099 3378 4138 con-

93 4175 283 4225 λιπον
310 4173 514 4242 πηγὴν
541 4173 759 4238 ὕδατος
792 4171 1032 4236 ζῶντος,
1068 4170 1166 4224 καὶ
1187 4167 1434 4237 ’ὤρυξαν
1455 4165 1690 4233 ἑαυτοῖς

1808 4167 1965 4219 tinere
1991 4183 2201 4237 nquam.

92 4261 370 4331 λάκκους
426 4263 995 4334 συντετριμμένους,
1055 4263 1112 4315 οἲ
1177 4265 1248 4316 οὺ
1304 4261 1682 4330 δυνήσονται
1719 4259 1875 4330 ὕδωρ
1915 4261 2120 4327 αὐτοῖς
2158 4262 2462 4332 συνέχειν.

515 4469 624 4521 ΕΙΣ
661 4468 800 4521 TUN
838 4468 914 4520 IA’
941 4466 1264 4521 ΨΑΛΜΟΝ.

2189 4461 2250 4515 IN
2291 4459 2619 4518 PSALMUM
2673 4462 2786 4517 XIV
2831 4463 2930 4534 (α).

91 4563 297 4632 Κύριε,
329 4561 420 4626 τίς
463 4561 818 4632 παροικήσει
858 4561 928 4632 ἐν
956 4557 1036 4632 τῷ
1089 4554 1438 4632 σκηνώματί
1463 4571 1602 4620 σου,
1638 4553 1676 4623 ἣ

1808 4551 2177 4632 90mine,_quis
2222 4554 2638 4632 peregrinnbitnr
2663 4556 2720 4608 in
2764 4557 3102 4614 tabernaculo
3143 4571 3252 4626 tuo,
3277 4571 3373 4617 aut

274 4633 368 4697 τίς
395 4631 853 4700 κατασκηνώσει
885 4631 956 4684 ἐν
993 4629 1114 4696 ὄρει
1144 4629 1289 4697 ἁγίῳ
1315 4643 1430 4680 σου
1455 4641 1474 4690 ;

168 4725 222 4779 1.
263 4725 368 4776 Τὸν
411 4723 620 4777 τέλειον
651 4725 782 4794 ἡμῖν
828 4725 858 4776 ὁ
887 4723 1044 4791 λόγος
1077 4718 1391 4792 ὑπογράψαι
1421 4717 1682 4788 βουλόμε-

189 4837 238 4869 ⁷³
275 4835 446 4891 Exod.
477 4851 553 4890 xu
583 4875 599 4902 ,
643 4835 733 4892 29.

165 4955 280 5030 (87)
311 4955 422 5009 Kal
448 4953 548 5008 ὅτε
565 4953 965 5030 πατάσσεται.
1011 4949 1124 5004 Hoc
1155 4945 1510 5030 Ioeo_ellipsis
1561 4955 1666 5030 est.

1963 4627 2080 4691 quis
2119 4623 2530 4694 requiescel(9l)
2571 4629 2624 4678 in
2661 4639 2832 4680 monte
2862 4643 3041 4682 sancto
3064 4633 3198 4684 tuo?

1863 4719 1914 4772 1.
1945 4718 2246 4788 Scriptura,
2277 4721 2404 4774 dum
2433 4721 2605 4776 virum
2637 4722 2934 4791 perfectum
2981 4727 3137 4782 nobis
3161 4728 3370 4784 descri-

812 4835 859 4867 '”
889 4833 1030 4890 Psal.
1059 4831 1379 4900 Lxxxvn,5.
1456 4829 1690 4884 "Jereu

1808 4831 1932 4895 ,15.
2011 4831 2058 4862 "
2087 4830 2250 4888 Prov.
2288 4832 2449 4897 v,l5.
2527 4835 2570 4865 ⁷⁷
2609 4835 2740 4890 ibid.

1853 4943 1964 5024 (S9)
1999 4945 2127 5024 Mss.
2169 4947 2408 5024 quinque
2454 4947 2636 5024 καλόν
2669 4949 2762 5002 καὶ
2800 4949 2984 5022 ἔτερα,
3019 4951 3131 5016 ὅτε,
3157 4971 3372 5024 περιαι-

86 5015 300 5096 Supple
329 5039 516 5079 vocem
544 5023 852 5096 Aiyumog,
875 5031 926 5075 et
949 5037 1068 5074 cum
1093 5019 1382 5089 percutitur
1409 5015 1680 5084 ngyptus

1808 5015 2068 5096 μεθέντων.
2098 5015 2862 5096 At‘lectionennColit.'quarti
2896 5015 3260 5089 'prietulimns,
3311 5038 3368 5080 et

85 5117 120 5153 a
154 5093 500 5182 ῥέε-φορεῖιίιο
533 5093 853 5176 ξηιαηιοηίσ.
947 5169 964 5182 Δ
1105 5159 1140 5182 ι,
1343 5157 1356 5174 ν
1431 5157 1454 5182 γ
1509 5153 1568 5170 η

163 5157 280 5238 (88)
311 5157 608 5238 Colbertini
647 5173 885 5238 q_ua_rt_t_t§_
911 5159 1268 5238 et.septimus
1289 5157 1482 5238 aurai;
1508 5157 1676 5238 ὕδωρ.

91 5229 204 5294 Sed
224 5229 326 5290 vox
347 5235 530 5297 αὐτοῖς
548 5249 652 5290 non
665 5229 733 5287 in
751 5230 894 5286 LXX
913 5229 1108 5294 solum,
1129 5229 1221 5284 sed
1248 5229 1412 5280 etiam
1440 5229 1492 5279 in
1516 5229 1676 5297 editis

85 5320 144 5364 et
169 5310 222 5361 in
253 5306 373 5358 aliis
401 5295 536 5358 mss.
565 5305 736 5360 deest.
755 5303 920 5356 Paulo
939 5309 1058 5368 post
1086 5298 1242 5352 Colb.
1271 5307 1494 5366 quartus
1526 5295 1677 5365 ἔρρι-

83 5394 250 5432 πται.
277 5375 516 5430 Subinde
545 5375 685 5428 idem
711 5371 880 5426 codex
908 5369 1248 5441 ὀρύσσουσιν.

1782 5087 2074 5210 exiturum.
2103 5086 2248 5141 lnira
2279 5103 2410 5144 mss.
2437 5087 2507 5142 τὰ
2537 5086 2770 5159 φρέατα.
2805 5086 2970 5146 Deest
3012 5095 3272 5150 articulus
3311 5113 3368 5150 tn

1782 5169 1812 5210 e
1853 5171 1864 5208 l
1899 5171 1963 5209 ιε.

1781 5169 1963 5210 emus.

1851 5225 1964 5300 (90)
1997 5223 2126 5300 Mss.
2169 5227 2274 5282 duo
2320 5228 2744 5300 καταπέσωμεν.
2795 5231 2894 5286 Alii
2929 5242 3040 5287 tres
3079 5233 3360 5294 πέσωμεν.

1777 5293 1978 5372 Necita
2007 5295 2183 5372 _r_nnlto
2207 5309 2328 5372 post
2351 5313 2481 5372 mss.
2508 5293 2713 5372 aliquot
2741 5301 2770 5354 ὃ
2802 5303 2896 5356 καὶ
2923 5304 3048 5372 πρό.

1850 5365 1963 5435 (91)
2007 5365 2230 5434 Vulgata
2287 5367 2567 5422 habitabit.
2600 5365 2981 5441 'Augustittus'
3005 5377 3362 5442 νει-θρήνυιὺὶ-

173 5489 336 5555 a)__l_)_e
355 5489 444 5555 hac
472 5474 824 5555 hominm-qua:
839 5485 1103 5555 hucusque
1129 5487 1356 5555 tanquam
1393 5481 1660 5555 _supposita
1683 5481 1734 5555 in
1753 5479 2044 5555 Appendiee
2075 5481 2354 5552 legebatur,
2379 5483 2486 5555 haec
2509 5483 2656 5555 habet
2683 5487 2811 5555 Aug:
2843 5487 2968 5555 Mar;
2991 5489 3265 5540 Bandinius
3283 5491 3358 5555 [ad

83 5541 354 5606 cod.'VIli,
377 5551 500 5612 plut.
531 5549 611 5609 IV,
636 5541 746 5604 t.'i,'
765 5561 812 5608 p.
839 5547 976 5612 5352;
999 5541 1122 5612 (Εξι
1143 5541 1298 5612 nostri
1320 5541 1840 5612 codicis’antiquitate,
1865 5543 2050 5612 saeculo
2077 5541 2552 5612 xijconscriptitqui
2581 5549 2709 5595 forte
2749 5541 2893 5598 u'ticui
2935 5549 3214 5601 amcorum
3251 5541 3357 5605 ηἱδῖ

81 5601 314 5664 nasterlo
335 5601 424 5674 pro
446 5601 618 5674 eorum
640 5601 918 5670 temporum
947 5605 1146 5674 litu_rgia
1169 5601 1488 5674 insert/iebat,
1510 5601 1659 5674 argui
1673 5609 1843 5664 posset
1863 5603 2114 5674 homlliam
2127 5605 2261 5674 hanc
2286 5601 2402 5674 ante
2429 5601 2552 5654 illud
2575 5612 2940 5674 tempusetiam
2977 5613 3026 5660 S.
3061 5601 3356 5666 Basilio’ad-

79 5665 546 5738 judicatanit‘uisse,
572 5672 720 5732 eique
745 5665 1004 5738 propterea
1005 5665 1190 5738 “locum
1212 5665 1556 5728 assignandum
1579 5671 1694 5714 ante
1719 5669 2034 5728 sequentem,
2059 5666 2200 5730 cujus
2227 5668 2401 5719 titulus
2426 5680 2482 5718 ac
2509 5671 2666 5732 prima
2679 5665 2837 5722 verba
2868 5673 3011 5724 aliam
3052 5675 3104 5724 in
3123 5665 3358 5729 eumdem

85 5731 334 5802 inﬁmum
357 5733 606 5788 homiliam
625 5731 924 5796 Supponunt.
953 5747 970 5780 ι
1000 5731 1134 5783 Enrr.
