  <div class='ocr_page' id='page_1' title='image "/cluster/home/n/w/nwhite01/storage/ocr_20150623/29/nnc1.0046978755/581.png"; bbox 0 0 1925 3109; ppageno 0'>
   <div class='ocr_carea' id='block_1_1' title="bbox 223 119 273 146">
    <p class='ocr_par' dir='ltr' id='par_1_1' title="bbox 223 119 273 146">
     <span class='ocr_line' id='line_1_1' title="bbox 223 119 273 146; baseline 0.02 -1"><span class='ocrx_word' id='word_1_1' title='bbox 223 119 273 146; x_wconf 72' lang='lat'><strong>231</strong></span> 
     </span>
    </p>
   </div>
   <div class='ocr_carea' id='block_1_2' title="bbox 882 111 1180 141">
    <p class='ocr_par' dir='ltr' id='par_1_2' title="bbox 882 111 1180 141">
     <span class='ocr_line' id='line_1_2' title="bbox 882 111 1180 141; baseline -0.01 0"><span class='ocrx_word' id='word_1_2' title='bbox 882 114 910 141; x_wconf 88' lang='lat' dir='ltr'><strong>S.</strong></span> <span class='ocrx_word' id='word_1_3' title='bbox 933 112 1055 141; x_wconf 74' lang='lat' dir='ltr'><strong>BASlLll</strong></span> <span class='ocrx_word' id='word_1_4' title='bbox 1072 111 1180 139; x_wconf 81' lang='lat' dir='ltr'><strong>MAGNI</strong></span> 
     </span>
    </p>
   </div>
   <div class='ocr_carea' id='block_1_3' title="bbox 1812 102 1869 130">
    <p class='ocr_par' dir='ltr' id='par_1_3' title="bbox 1812 102 1869 130">
     <span class='ocr_line' id='line_1_3' title="bbox 1812 102 1869 130; baseline 0 -2"><span class='ocrx_word' id='word_1_5' title='bbox 1812 102 1869 130; x_wconf 66' lang='grc' dir='ltr'><strong>*ΕΞ</strong></span> 
     </span>
    </p>
   </div>
   <div class='ocr_carea' id='block_1_4' title="bbox 224 157 1018 207">
    <p class='ocr_par' dir='ltr' id='par_1_4' title="bbox 224 170 1012 207">
     <span class='ocr_line' id='line_1_4' title="bbox 224 170 1012 207; baseline -0.006 -5"><span class='ocrx_word' id='word_1_6' title='bbox 224 177 288 203; x_wconf 90' lang='lat' dir='ltr'><strong>bere</strong></span> <span class='ocrx_word' id='word_1_7' title='bbox 306 176 372 206; x_wconf 99' lang='lat' dir='ltr'><strong>vult,</strong></span> <span class='ocrx_word' id='word_1_8' title='bbox 386 181 447 201; x_wconf 89' lang='lat' dir='ltr'><strong>eum</strong></span> <span class='ocrx_word' id='word_1_9' title='bbox 461 173 602 205; x_wconf 83' lang='lat' dir='ltr'><strong>videlicet.</strong></span> <span class='ocrx_word' id='word_1_10' title='bbox 619 172 663 207; x_wconf 89' lang='lat' dir='ltr'><strong>qui</strong></span> <span class='ocrx_word' id='word_1_11' title='bbox 683 172 828 206; x_wconf 78' lang='lat' dir='ltr'><strong>adepturus</strong></span> <span class='ocrx_word' id='word_1_12' title='bbox 843 171 878 198; x_wconf 82' lang='lat' dir='ltr'><strong>sit</strong></span> <span class='ocrx_word' id='word_1_13' title='bbox 899 170 1012 198; x_wconf 84' lang='lat' dir='ltr'><strong>beatitu-</strong></span> 
     </span>
    </p>
   </div>
   <div class='ocr_carea' id='block_1_5' title="bbox 1082 157 1870 207">
    <p class='ocr_par' dir='ltr' id='par_1_5' title="bbox 1082 157 1870 201">
     <span class='ocr_line' id='line_1_5' title="bbox 1082 157 1870 201; baseline -0.016 -6"><span class='ocrx_word' id='word_1_14' title='bbox 1082 177 1118 200; x_wconf 78' lang='grc' dir='ltr'>ος,</span> <span class='ocrx_word' id='word_1_15' title='bbox 1145 168 1190 194; x_wconf 73' lang='grc' dir='ltr'><strong>τὸν</strong></span> <span class='ocrx_word' id='word_1_16' title='bbox 1215 167 1270 193; x_wconf 84' lang='grc' dir='ltr'>τῶν</span> <span class='ocrx_word' id='word_1_17' title='bbox 1297 162 1480 201; x_wconf 85' lang='grc' dir='ltr'>μακαρισμῶν</span> <span class='ocrx_word' id='word_1_18' title='bbox 1503 160 1694 195; x_wconf 74' lang='grc' dir='ltr'><strong>ἐπιτυγχάνειν</strong></span> <span class='ocrx_word' id='word_1_19' title='bbox 1714 157 1870 192; x_wconf 66' lang='grc' dir='ltr'>μέλλοντα,</span> 
     </span>
    </p>
   </div>
   <div class='ocr_carea' id='block_1_6' title="bbox 223 215 1010 253">
    <p class='ocr_par' dir='ltr' id='par_1_6' title="bbox 223 215 1010 253">
     <span class='ocr_line' id='line_1_6' title="bbox 223 215 1010 253; baseline -0.008 -6"><span class='ocrx_word' id='word_1_20' title='bbox 223 220 326 252; x_wconf 89' lang='lat' dir='ltr'><strong>dinem,</strong></span> <span class='ocrx_word' id='word_1_21' title='bbox 353 220 450 247; x_wconf 86' lang='lat' dir='ltr'><strong>ordine</strong></span> <span class='ocrx_word' id='word_1_22' title='bbox 477 218 593 253; x_wconf 87' lang='lat' dir='ltr'><strong>quodam</strong></span> <span class='ocrx_word' id='word_1_23' title='bbox 622 224 654 245; x_wconf 88' lang='lat' dir='ltr'><strong>ac</strong></span> <span class='ocrx_word' id='word_1_24' title='bbox 677 217 719 243; x_wconf 90' lang='lat' dir='ltr'><strong>via</strong></span> <span class='ocrx_word' id='word_1_25' title='bbox 744 216 770 243; x_wconf 92' lang='lat' dir='ltr'><strong>in</strong></span> <span class='ocrx_word' id='word_1_26' title='bbox 797 216 916 250; x_wconf 26' lang='lat' dir='ltr'><strong>iis,‘qu:e</strong></span> <span class='ocrx_word' id='word_1_27' title='bbox 939 215 1010 242; x_wconf 84' lang='lat' dir='ltr'><strong>circa</strong></span> 
     </span>
    </p>
   </div>
   <div class='ocr_carea' id='block_1_7' title="bbox 225 261 1012 300">
    <p class='ocr_par' dir='ltr' id='par_1_7' title="bbox 225 261 1012 300">
     <span class='ocr_line' id='line_1_7' title="bbox 225 261 1012 300; baseline -0.005 -8"><span class='ocrx_word' id='word_1_28' title='bbox 225 266 312 300; x_wconf 92' lang='lat' dir='ltr'><strong>ipsum</strong></span> <span class='ocrx_word' id='word_1_29' title='bbox 337 265 555 297; x_wconf 86' lang='lat' dir='ltr'><strong>considerantur,</strong></span> <span class='ocrx_word' id='word_1_30' title='bbox 571 271 631 295; x_wconf 89' lang='lat' dir='ltr'><strong>usa,</strong></span> <span class='ocrx_word' id='word_1_31' title='bbox 645 262 679 290; x_wconf 91' lang='lat' dir='ltr'><strong>ab</strong></span> <span class='ocrx_word' id='word_1_32' title='bbox 694 263 727 289; x_wconf 90' lang='lat' dir='ltr'><strong>iis</strong></span> <span class='ocrx_word' id='word_1_33' title='bbox 749 269 809 297; x_wconf 76' lang='lat' dir='ltr'><strong>qua:</strong></span> <span class='ocrx_word' id='word_1_34' title='bbox 825 261 909 295; x_wconf 74' lang='lat' dir='ltr'><strong>magis</strong></span> <span class='ocrx_word' id='word_1_35' title='bbox 933 261 1012 288; x_wconf 85' lang='lat' dir='ltr'><strong>obvia</strong></span> 
     </span>
    </p>
   </div>
   <div class='ocr_carea' id='block_1_8' title="bbox 225 306 1012 344">
    <p class='ocr_par' dir='ltr' id='par_1_8' title="bbox 225 306 1012 344">
     <span class='ocr_line' id='line_1_8' title="bbox 225 306 1012 344; baseline -0.006 -8"><span class='ocrx_word' id='word_1_36' title='bbox 225 314 325 337; x_wconf 87' lang='lat' dir='ltr'><strong>suntet</strong></span> <span class='ocrx_word' id='word_1_37' title='bbox 340 310 436 344; x_wconf 89' lang='lat' dir='ltr'><strong>prima,</strong></span> <span class='ocrx_word' id='word_1_38' title='bbox 452 308 558 335; x_wconf 90' lang='lat' dir='ltr'><strong>initium</strong></span> <span class='ocrx_word' id='word_1_39' title='bbox 574 307 659 335; x_wconf 84' lang='lat' dir='ltr'><strong>duxit.</strong></span> <span class='ocrx_word' id='word_1_40' title='bbox 679 306 759 333; x_wconf 75' lang='lat' dir='ltr'><strong>Vens.</strong></span> <span class='ocrx_word' id='word_1_41' title='bbox 777 307 803 333; x_wconf 87' lang='grc'><strong>1.</strong></span> <span class='ocrx_word' id='word_1_42' title='bbox 820 306 938 338; x_wconf 82' lang='lat' dir='ltr'><strong>Domine,</strong></span> <span class='ocrx_word' id='word_1_43' title='bbox 955 306 1012 340; x_wconf 76' lang='lat' dir='ltr'><strong>quis</strong></span> 
     </span>
    </p>
   </div>
   <div class='ocr_carea' id='block_1_9' title="bbox 225 352 1014 389">
    <p class='ocr_par' dir='ltr' id='par_1_9' title="bbox 225 352 1014 389">
     <span class='ocr_line' id='line_1_9' title="bbox 225 352 1014 389; baseline -0.004 -7"><span class='ocrx_word' id='word_1_44' title='bbox 225 355 435 389; x_wconf 78' lang='lat' dir='ltr'><strong>peregrinabilur</strong></span> <span class='ocrx_word' id='word_1_45' title='bbox 459 354 486 381; x_wconf 77' lang='lat' dir='ltr'><strong>in</strong></span> <span class='ocrx_word' id='word_1_46' title='bbox 503 353 672 380; x_wconf 79' lang='lat' dir='ltr'><strong>tabernaculo</strong></span> <span class='ocrx_word' id='word_1_47' title='bbox 691 353 757 380; x_wconf 82' lang='lat' dir='ltr'><strong>tuo?</strong></span> <span class='ocrx_word' id='word_1_48' title='bbox 774 352 957 388; x_wconf 71' lang='lat' dir='ltr'><strong>Peregrinatio</strong></span> <span class='ocrx_word' id='word_1_49' title='bbox 972 356 1014 380; x_wconf 74' lang='lat' dir='ltr'><strong>est</strong></span> 
     </span>
    </p>
   </div>
   <div class='ocr_carea' id='block_1_10' title="bbox 224 399 1013 435">
    <p class='ocr_par' dir='ltr' id='par_1_10' title="bbox 224 399 1013 435">
     <span class='ocr_line' id='line_1_10' title="bbox 224 399 1013 435; baseline -0.003 -7"><span class='ocrx_word' id='word_1_50' title='bbox 224 401 403 428; x_wconf 88' lang='lat' dir='ltr'><strong>commoratio</strong></span> <span class='ocrx_word' id='word_1_51' title='bbox 428 402 602 435; x_wconf 87' lang='lat' dir='ltr'><strong>temporaria,</strong></span> <span class='ocrx_word' id='word_1_52' title='bbox 624 408 684 434; x_wconf 65' lang='lat' dir='ltr'><strong>quae</strong></span> <span class='ocrx_word' id='word_1_53' title='bbox 707 401 789 427; x_wconf 88' lang='lat' dir='ltr'><strong>vitam</strong></span> <span class='ocrx_word' id='word_1_54' title='bbox 813 407 864 426; x_wconf 92' lang='lat' dir='ltr'><strong>non</strong></span> <span class='ocrx_word' id='word_1_55' title='bbox 878 399 1013 432; x_wconf 77' lang='lat' dir='ltr'><strong>stabilem,</strong></span> 
     </span>
    </p>
   </div>
   <div class='ocr_carea' id='block_1_11' title="bbox 225 443 1014 479">
    <p class='ocr_par' dir='ltr' id='par_1_11' title="bbox 225 443 1014 479">
     <span class='ocr_line' id='line_1_11' title="bbox 225 443 1014 479; baseline 0 -9"><span class='ocrx_word' id='word_1_56' title='bbox 225 446 272 471; x_wconf 88' lang='lat' dir='ltr'><strong>sed</strong></span> <span class='ocrx_word' id='word_1_57' title='bbox 289 444 471 471; x_wconf 86' lang='lat' dir='ltr'><strong>transitoriam</strong></span> <span class='ocrx_word' id='word_1_58' title='bbox 485 445 519 471; x_wconf 92' lang='lat' dir='ltr'><strong>ob</strong></span> <span class='ocrx_word' id='word_1_59' title='bbox 534 452 609 478; x_wconf 83' lang='lat' dir='ltr'><strong>spem</strong></span> <span class='ocrx_word' id='word_1_60' title='bbox 623 445 655 471; x_wconf 91' lang='lat' dir='ltr'><strong>ad</strong></span> <span class='ocrx_word' id='word_1_61' title='bbox 674 444 783 472; x_wconf 86' lang='lat' dir='ltr'><strong>meliora</strong></span> <span class='ocrx_word' id='word_1_62' title='bbox 806 444 954 479; x_wconf 78' lang='lat' dir='ltr'><strong>emigrandi</strong></span> <span class='ocrx_word' id='word_1_63' title='bbox 972 443 1014 470; x_wconf 92' lang='lat' dir='ltr'><strong>in-</strong></span> 
     </span>
    </p>
   </div>
   <div class='ocr_carea' id='block_1_12' title="bbox 225 488 1013 525">
    <p class='ocr_par' dir='ltr' id='par_1_12' title="bbox 225 488 1013 525">
     <span class='ocr_line' id='line_1_12' title="bbox 225 488 1013 525; baseline 0.001 -10"><span class='ocrx_word' id='word_1_64' title='bbox 225 488 305 515; x_wconf 83' lang='lat' dir='ltr'><strong>dicat.</strong></span> <span class='ocrx_word' id='word_1_65' title='bbox 332 489 380 517; x_wconf 87' lang='lat' dir='ltr'><strong>Est</strong></span> <span class='ocrx_word' id='word_1_66' title='bbox 396 494 485 517; x_wconf 90' lang='lat' dir='ltr'><strong>autem</strong></span> <span class='ocrx_word' id='word_1_67' title='bbox 512 489 563 517; x_wconf 75' lang='lat' dir='ltr'><strong>viri</strong></span> <span class='ocrx_word' id='word_1_68' title='bbox 588 490 685 523; x_wconf 87' lang='lat' dir='ltr'><strong>sancti,</strong></span> <span class='ocrx_word' id='word_1_69' title='bbox 700 491 770 518; x_wconf 88' lang='lat' dir='ltr'><strong>hanc</strong></span> <span class='ocrx_word' id='word_1_70' title='bbox 797 490 906 525; x_wconf 87' lang='lat' dir='ltr'><strong>quidem</strong></span> <span class='ocrx_word' id='word_1_71' title='bbox 930 490 1013 517; x_wconf 77' lang='lat' dir='ltr'><strong>vitam</strong></span> 
     </span>
    </p>
   </div>
   <div class='ocr_carea' id='block_1_13' title="bbox 226 536 1015 568">
    <p class='ocr_par' dir='ltr' id='par_1_13' title="bbox 226 536 1015 568">
     <span class='ocr_line' id='line_1_13' title="bbox 226 536 1015 568; baseline 0 -6"><span class='ocrx_word' id='word_1_72' title='bbox 226 536 353 568; x_wconf 83' lang='lat' dir='ltr'><strong>transire,</strong></span> <span class='ocrx_word' id='word_1_73' title='bbox 382 537 414 564; x_wconf 88' lang='lat' dir='ltr'><strong>ad</strong></span> <span class='ocrx_word' id='word_1_74' title='bbox 437 536 550 563; x_wconf 78' lang='lat' dir='ltr'><strong>alteram</strong></span> <span class='ocrx_word' id='word_1_75' title='bbox 564 544 627 564; x_wconf 91' lang='lat' dir='ltr'><strong>vero</strong></span> <span class='ocrx_word' id='word_1_76' title='bbox 643 537 782 565; x_wconf 78' lang='lat' dir='ltr'><strong>festinare.</strong></span> <span class='ocrx_word' id='word_1_77' title='bbox 801 536 865 564; x_wconf 87' lang='lat' dir='ltr'><strong>Ideo</strong></span> <span class='ocrx_word' id='word_1_78' title='bbox 882 542 908 564; x_wconf 89' lang='lat' dir='ltr'><strong>et</strong></span> <span class='ocrx_word' id='word_1_79' title='bbox 932 536 1015 563; x_wconf 84' lang='lat' dir='ltr'><strong>David</strong></span> 
     </span>
    </p>
   </div>
   <div class='ocr_carea' id='block_1_14' title="bbox 224 581 1016 618">
    <p class='ocr_par' dir='ltr' id='par_1_14' title="bbox 224 581 1016 618">
     <span class='ocr_line' id='line_1_14' title="bbox 224 581 1016 618; baseline 0.003 -11"><span class='ocrx_word' id='word_1_80' title='bbox 224 581 258 608; x_wconf 88' lang='lat' dir='ltr'><strong>de</strong></span> <span class='ocrx_word' id='word_1_81' title='bbox 273 589 303 610; x_wconf 88' lang='lat' dir='ltr'><strong>se</strong></span> <span class='ocrx_word' id='word_1_82' title='bbox 315 582 372 617; x_wconf 84' lang='lat' dir='ltr'><strong>ipso</strong></span> <span class='ocrx_word' id='word_1_83' title='bbox 391 582 429 609; x_wconf 89' lang='lat' dir='ltr'><strong>ait</strong></span> <span class='ocrx_word' id='word_1_84' title='bbox 443 591 450 610; x_wconf 90' lang='lat'><strong>:</strong></span> <span class='ocrx_word' id='word_1_85' title='bbox 466 582 559 609; x_wconf 84' lang='lat' dir='ltr'><strong>Iucula</strong></span> <span class='ocrx_word' id='word_1_86' title='bbox 580 591 626 618; x_wconf 86' lang='lat' dir='ltr'><strong>ego</strong></span> <span class='ocrx_word' id='word_1_87' title='bbox 643 592 700 610; x_wconf 76' lang='lat' dir='ltr'><strong>sum</strong></span> <span class='ocrx_word' id='word_1_88' title='bbox 724 584 794 618; x_wconf 83' lang='lat' dir='ltr'><strong>apud</strong></span> <span class='ocrx_word' id='word_1_89' title='bbox 808 589 842 617; x_wconf 84' lang='lat' dir='ltr'><strong>te,</strong></span> <span class='ocrx_word' id='word_1_90' title='bbox 858 588 882 609; x_wconf 88' lang='lat' dir='ltr'><strong>et</strong></span> <span class='ocrx_word' id='word_1_91' title='bbox 902 583 1016 617; x_wconf 81' lang='lat' dir='ltr'><strong>peregri-</strong></span> 
     </span>
    </p>
   </div>
   <div class='ocr_carea' id='block_1_15' title="bbox 226 628 1017 663">
    <p class='ocr_par' dir='ltr' id='par_1_15' title="bbox 226 628 1017 663">
     <span class='ocr_line' id='line_1_15' title="bbox 226 628 1017 663; baseline 0.001 -9"><span class='ocrx_word' id='word_1_92' title='bbox 226 637 286 659; x_wconf 81' lang='lat' dir='ltr'><strong>mu,</strong></span> <span class='ocrx_word' id='word_1_93' title='bbox 298 629 365 655; x_wconf 73' lang='lat' dir='ltr'><strong>sicut</strong></span> <span class='ocrx_word' id='word_1_94' title='bbox 379 636 466 655; x_wconf 67' lang='lat' dir='ltr'><strong>omnes</strong></span> <span class='ocrx_word' id='word_1_95' title='bbox 480 634 566 663; x_wconf 79' lang='lat' dir='ltr'><strong>patres</strong></span> <span class='ocrx_word' id='word_1_96' title='bbox 577 629 664 656; x_wconf 83' lang='lat' dir='ltr'><strong>mei&quot;.</strong></span> <span class='ocrx_word' id='word_1_97' title='bbox 680 629 768 657; x_wconf 90' lang='lat' dir='ltr'><strong>lncola</strong></span> <span class='ocrx_word' id='word_1_98' title='bbox 782 630 854 656; x_wconf 85' lang='lat' dir='ltr'><strong>enim</strong></span> <span class='ocrx_word' id='word_1_99' title='bbox 870 628 1017 656; x_wconf 79' lang='lat' dir='ltr'><strong>fuitAbra-</strong></span> 
     </span>
    </p>
   </div>
   <div class='ocr_carea' id='block_1_16' title="bbox 227 675 1016 710">
    <p class='ocr_par' dir='ltr' id='par_1_16' title="bbox 227 675 1016 710">
     <span class='ocr_line' id='line_1_16' title="bbox 227 675 1016 710; baseline 0 -9"><span class='ocrx_word' id='word_1_100' title='bbox 227 675 299 707; x_wconf 87' lang='lat' dir='ltr'><strong>ham,</strong></span> <span class='ocrx_word' id='word_1_101' title='bbox 315 676 360 709; x_wconf 90' lang='lat' dir='ltr'><strong>qui</strong></span> <span class='ocrx_word' id='word_1_102' title='bbox 389 683 421 702; x_wconf 88' lang='lat' dir='ltr'><strong>ue</strong></span> <span class='ocrx_word' id='word_1_103' title='bbox 446 683 552 709; x_wconf 79' lang='lat' dir='ltr'><strong>passum</strong></span> <span class='ocrx_word' id='word_1_104' title='bbox 570 675 677 709; x_wconf 88' lang='lat' dir='ltr'><strong>quidem</strong></span> <span class='ocrx_word' id='word_1_105' title='bbox 700 675 775 710; x_wconf 88' lang='lat' dir='ltr'><strong>pedis</strong></span> <span class='ocrx_word' id='word_1_106' title='bbox 804 679 883 702; x_wconf 67' lang='lat' dir='ltr'><strong>terrae</strong></span> <span class='ocrx_word' id='word_1_107' title='bbox 900 675 1016 710; x_wconf 75' lang='lat' dir='ltr'><strong>propria:</strong></span> 
     </span>
    </p>
   </div>
   <div class='ocr_carea' id='block_1_17' title="bbox 226 720 1017 755">
    <p class='ocr_par' dir='ltr' id='par_1_17' title="bbox 226 720 1017 755">
     <span class='ocr_line' id='line_1_17' title="bbox 226 720 1017 755; baseline 0.001 -8"><span class='ocrx_word' id='word_1_108' title='bbox 226 721 364 754; x_wconf 88' lang='lat' dir='ltr'><strong>possedit;</strong></span> <span class='ocrx_word' id='word_1_109' title='bbox 377 722 423 747; x_wconf 86' lang='lat' dir='ltr'><strong>scd</strong></span> <span class='ocrx_word' id='word_1_110' title='bbox 450 721 494 747; x_wconf 91' lang='lat' dir='ltr'><strong>ubi</strong></span> <span class='ocrx_word' id='word_1_111' title='bbox 508 728 575 755; x_wconf 92' lang='lat' dir='ltr'><strong>opus</strong></span> <span class='ocrx_word' id='word_1_112' title='bbox 594 721 617 748; x_wconf 91' lang='lat' dir='ltr'><strong>ei</strong></span> <span class='ocrx_word' id='word_1_113' title='bbox 646 720 770 755; x_wconf 91' lang='lat' dir='ltr'><strong>sepulcro</strong></span> <span class='ocrx_word' id='word_1_114' title='bbox 784 720 845 752; x_wconf 87' lang='lat' dir='ltr'><strong>l&#39;uit,</strong></span> <span class='ocrx_word' id='word_1_115' title='bbox 861 721 887 748; x_wconf 90' lang='lat' dir='ltr'><strong>id</strong></span> <span class='ocrx_word' id='word_1_116' title='bbox 904 725 1017 755; x_wconf 81' lang='lat' dir='ltr'><strong>argento</strong></span> 
     </span>
    </p>
   </div>
   <div class='ocr_carea' id='block_1_18' title="bbox 226 766 1019 801">
    <p class='ocr_par' dir='ltr' id='par_1_18' title="bbox 226 766 1019 801">
     <span class='ocr_line' id='line_1_18' title="bbox 226 766 1019 801; baseline 0.001 -9"><span class='ocrx_word' id='word_1_117' title='bbox 226 771 361 793; x_wconf 82' lang='lat' dir='ltr'><strong>mercatus</strong></span> <span class='ocrx_word' id='word_1_118' title='bbox 371 767 453 793; x_wconf 83' lang='lat' dir='ltr'><strong>fuisse</strong></span> <span class='ocrx_word' id='word_1_119' title='bbox 462 766 695 801; x_wconf 74' lang='lat' dir='ltr'><strong>perhibetur&quot;&quot;°.</strong></span> <span class='ocrx_word' id='word_1_120' title='bbox 704 766 826 794; x_wconf 87' lang='lat' dir='ltr'><strong>Ostendit</strong></span> <span class='ocrx_word' id='word_1_121' title='bbox 835 766 938 794; x_wconf 74' lang='lat' dir='ltr'><strong>scilicet</strong></span> <span class='ocrx_word' id='word_1_122' title='bbox 948 766 1019 794; x_wconf 89' lang='lat' dir='ltr'><strong>Scri-</strong></span> 
     </span>
    </p>
   </div>
   <div class='ocr_carea' id='block_1_19' title="bbox 227 812 1016 847">
    <p class='ocr_par' dir='ltr' id='par_1_19' title="bbox 227 812 1016 847">
     <span class='ocr_line' id='line_1_19' title="bbox 227 812 1016 847; baseline 0.001 -9"><span class='ocrx_word' id='word_1_123' title='bbox 227 817 304 846; x_wconf 91' lang='lat' dir='ltr'><strong>ptura</strong></span> <span class='ocrx_word' id='word_1_124' title='bbox 317 832 324 843; x_wconf 89' lang='lat'><strong>,</strong></span> <span class='ocrx_word' id='word_1_125' title='bbox 342 812 368 839; x_wconf 91' lang='lat' dir='ltr'><strong>in</strong></span> <span class='ocrx_word' id='word_1_126' title='bbox 387 819 468 839; x_wconf 87' lang='lat' dir='ltr'><strong>carne</strong></span> <span class='ocrx_word' id='word_1_127' title='bbox 487 812 632 844; x_wconf 85' lang='lat' dir='ltr'><strong>viventem,</strong></span> <span class='ocrx_word' id='word_1_128' title='bbox 659 812 773 839; x_wconf 83' lang='lat' dir='ltr'><strong>incolam</strong></span> <span class='ocrx_word' id='word_1_129' title='bbox 799 819 860 840; x_wconf 90' lang='lat' dir='ltr'><strong>esse</strong></span> <span class='ocrx_word' id='word_1_130' title='bbox 882 818 1016 847; x_wconf 88' lang='lat' dir='ltr'><strong>oportere,</strong></span> 
     </span>
    </p>
   </div>
   <div class='ocr_carea' id='block_1_20' title="bbox 1065 204 1870 248">
    <p class='ocr_par' dir='ltr' id='par_1_20' title="bbox 1065 204 1870 248">
     <span class='ocr_line' id='line_1_20' title="bbox 1065 204 1870 248; baseline -0.017 -6"><span class='ocrx_word' id='word_1_131' title='bbox 1065 215 1140 248; x_wconf 78' lang='grc' dir='ltr'>τάξει</span> <span class='ocrx_word' id='word_1_132' title='bbox 1164 214 1216 241; x_wconf 80' lang='grc' dir='ltr'>τινὶ</span> <span class='ocrx_word' id='word_1_133' title='bbox 1244 213 1291 239; x_wconf 80' lang='grc' dir='ltr'>καὶ</span> <span class='ocrx_word' id='word_1_134' title='bbox 1318 211 1370 246; x_wconf 81' lang='grc' dir='ltr'>ὁδῷ</span> <span class='ocrx_word' id='word_1_135' title='bbox 1396 210 1449 237; x_wconf 83' lang='grc' dir='ltr'><strong>τῶν</strong></span> <span class='ocrx_word' id='word_1_136' title='bbox 1473 209 1536 244; x_wconf 77' lang='grc' dir='ltr'>περὶ</span> <span class='ocrx_word' id='word_1_137' title='bbox 1552 206 1632 234; x_wconf 78' lang='grc' dir='ltr'>αὑτὸν</span> <span class='ocrx_word' id='word_1_138' title='bbox 1657 204 1870 240; x_wconf 68' lang='grc' dir='ltr'>Θεωρουμένωπι</span> 
     </span>
    </p>
   </div>
   <div class='ocr_carea' id='block_1_21' title="bbox 1065 250 1873 296">
    <p class='ocr_par' dir='ltr' id='par_1_21' title="bbox 1065 250 1873 296">
     <span class='ocr_line' id='line_1_21' title="bbox 1065 250 1873 296; baseline -0.017 -8"><span class='ocrx_word' id='word_1_139' title='bbox 1065 260 1247 296; x_wconf 83' lang='grc' dir='ltr'>χρησάμενος,</span> <span class='ocrx_word' id='word_1_140' title='bbox 1276 258 1330 285; x_wconf 78' lang='grc' dir='ltr'><strong>ἀπὸ</strong></span> <span class='ocrx_word' id='word_1_141' title='bbox 1354 257 1407 284; x_wconf 87' lang='grc' dir='ltr'>τῶν</span> <span class='ocrx_word' id='word_1_142' title='bbox 1431 253 1650 291; x_wconf 84' lang='grc' dir='ltr'>προσεχεστέρων</span> <span class='ocrx_word' id='word_1_143' title='bbox 1675 251 1726 278; x_wconf 72' lang='grc' dir='ltr'>καὶ</span> <span class='ocrx_word' id='word_1_144' title='bbox 1746 250 1873 296; x_wconf 50' lang='grc' dir='ltr'>πρώτω-ν</span> 
     </span>
    </p>
   </div>
   <div class='ocr_carea' id='block_1_22' title="bbox 1065 295 1875 343">
    <p class='ocr_par' dir='ltr' id='par_1_22' title="bbox 1065 295 1875 343">
     <span class='ocr_line' id='line_1_22' title="bbox 1065 295 1875 343; baseline -0.015 -9"><span class='ocrx_word' id='word_1_145' title='bbox 1124 306 1212 342; x_wconf 85' lang='grc' dir='ltr'>ἀρχὴν</span> <span class='ocrx_word' id='word_1_146' title='bbox 1229 304 1384 339; x_wconf 88' lang='grc' dir='ltr'>πεποίηται.</span> <span class='ocrx_word' id='word_1_147' title='bbox 1401 303 1498 337; x_wconf 78' lang='grc' dir='ltr'>Κύριε,</span> <span class='ocrx_word' id='word_1_148' title='bbox 1514 301 1560 333; x_wconf 82' lang='grc' dir='ltr'>τις</span> <span class='ocrx_word' id='word_1_149' title='bbox 1575 298 1763 334; x_wconf 60' lang='lat' dir='ltr'><strong>impone-ride:</strong></span> <span class='ocrx_word' id='word_1_150' title='bbox 1778 297 1813 323; x_wconf 77' lang='grc' dir='ltr'><strong>ἐν</strong></span> 
     </span>
    </p>
   </div>
   <div class='ocr_carea' id='block_1_23' title="bbox 1066 342 1874 387">
    <p class='ocr_par' dir='ltr' id='par_1_23' title="bbox 1066 342 1874 387">
     <span class='ocr_line' id='line_1_23' title="bbox 1066 342 1874 387; baseline -0.017 -6"><span class='ocrx_word' id='word_1_151' title='bbox 1066 342 1238 387; x_wconf 72' lang='grc' dir='ltr'>σκηνώματι</span> <span class='ocrx_word' id='word_1_152' title='bbox 1253 359 1331 383; x_wconf 84' lang='grc' dir='ltr'>σου;</span> <span class='ocrx_word' id='word_1_153' title='bbox 1351 350 1384 377; x_wconf 86' lang='grc' dir='ltr'><strong>Ἦ</strong></span> <span class='ocrx_word' id='word_1_154' title='bbox 1403 349 1534 384; x_wconf 85' lang='grc' dir='ltr'>παροικία</span> <span class='ocrx_word' id='word_1_155' title='bbox 1552 347 1610 374; x_wconf 69' lang='grc' dir='ltr'>ἐστὶ</span> <span class='ocrx_word' id='word_1_156' title='bbox 1628 344 1761 379; x_wconf 79' lang='grc' dir='ltr'>διαγωγὴ</span> <span class='ocrx_word' id='word_1_157' title='bbox 1784 342 1874 377; x_wconf 63' lang='grc' dir='ltr'>πρᾶο-</span> 
     </span>
    </p>
   </div>
   <div class='ocr_carea' id='block_1_24' title="bbox 1067 388 1873 435">
    <p class='ocr_par' dir='ltr' id='par_1_24' title="bbox 1067 388 1873 435">
     <span class='ocr_line' id='line_1_24' title="bbox 1067 388 1873 435; baseline -0.015 -9"><span class='ocrx_word' id='word_1_158' title='bbox 1067 408 1171 435; x_wconf 81' lang='grc' dir='ltr'>καιρος,</span> <span class='ocrx_word' id='word_1_159' title='bbox 1185 399 1234 434; x_wconf 85' lang='grc' dir='ltr'>οὺχ</span> <span class='ocrx_word' id='word_1_160' title='bbox 1248 397 1393 433; x_wconf 75' lang='grc' dir='ltr'><strong>ἱδρυμένην</strong></span> <span class='ocrx_word' id='word_1_161' title='bbox 1408 396 1490 432; x_wconf 81' lang='grc' dir='ltr'>ζωὴν,</span> <span class='ocrx_word' id='word_1_162' title='bbox 1502 394 1570 422; x_wconf 80' lang='grc' dir='ltr'>ἀλλὰ</span> <span class='ocrx_word' id='word_1_163' title='bbox 1585 391 1754 428; x_wconf 84' lang='grc' dir='ltr'>παροδικὴν,</span> <span class='ocrx_word' id='word_1_164' title='bbox 1772 391 1815 415; x_wconf 76' lang='grc' dir='ltr'><strong>ἐπ’</strong></span> <span class='ocrx_word' id='word_1_165' title='bbox 1827 388 1873 415; x_wconf 72' lang='grc' dir='ltr'>ἐλ-</span> 
     </span>
    </p>
   </div>
   <div class='ocr_carea' id='block_1_25' title="bbox 1067 436 1871 480">
    <p class='ocr_par' dir='ltr' id='par_1_25' title="bbox 1067 436 1871 480">
     <span class='ocr_line' id='line_1_25' title="bbox 1067 436 1871 480; baseline -0.016 -7"><span class='ocrx_word' id='word_1_166' title='bbox 1067 446 1124 473; x_wconf 86' lang='grc' dir='ltr'>πίδι</span> <span class='ocrx_word' id='word_1_167' title='bbox 1138 445 1186 480; x_wconf 82' lang='grc' dir='ltr'><strong>τῆς</strong></span> <span class='ocrx_word' id='word_1_168' title='bbox 1199 445 1246 471; x_wconf 67' lang='grc' dir='ltr'><strong>ἐπὶ</strong></span> <span class='ocrx_word' id='word_1_169' title='bbox 1261 444 1294 470; x_wconf 91' lang='grc' dir='ltr'>τὰ</span> <span class='ocrx_word' id='word_1_170' title='bbox 1308 443 1450 480; x_wconf 88' lang='grc' dir='ltr'>κρείττονα</span> <span class='ocrx_word' id='word_1_171' title='bbox 1467 440 1667 478; x_wconf 80' lang='grc' dir='ltr'><strong>μεταστάσεως,</strong></span> <span class='ocrx_word' id='word_1_172' title='bbox 1690 436 1871 471; x_wconf 68' lang='grc' dir='ltr'>ὑποφαίνουο</span> 
     </span>
    </p>
   </div>
   <div class='ocr_carea' id='block_1_26' title="bbox 1069 481 1871 526">
    <p class='ocr_par' dir='ltr' id='par_1_26' title="bbox 1069 481 1871 526">
     <span class='ocr_line' id='line_1_26' title="bbox 1069 481 1871 526; baseline -0.015 -8"><span class='ocrx_word' id='word_1_173' title='bbox 1069 499 1112 518; x_wconf 90' lang='grc' dir='ltr'><strong>σα.</strong></span> <span class='ocrx_word' id='word_1_174' title='bbox 1132 492 1223 526; x_wconf 82' lang='grc' dir='ltr'>’Λγίου</span> <span class='ocrx_word' id='word_1_175' title='bbox 1246 493 1274 519; x_wconf 79' lang='grc' dir='ltr'>δὲ</span> <span class='ocrx_word' id='word_1_176' title='bbox 1296 489 1404 526; x_wconf 73' lang='grc' dir='ltr'>ἀνδρὸς,</span> <span class='ocrx_word' id='word_1_177' title='bbox 1420 486 1580 523; x_wconf 79' lang='grc' dir='ltr'><strong>παροδεύειν</strong></span> <span class='ocrx_word' id='word_1_178' title='bbox 1594 485 1643 520; x_wconf 83' lang='grc' dir='ltr'><strong>μὲν</strong></span> <span class='ocrx_word' id='word_1_179' title='bbox 1663 483 1714 510; x_wconf 78' lang='grc' dir='ltr'><strong>τὸν</strong></span> <span class='ocrx_word' id='word_1_180' title='bbox 1730 482 1794 517; x_wconf 85' lang='grc' dir='ltr'>βίον</span> <span class='ocrx_word' id='word_1_181' title='bbox 1806 481 1871 507; x_wconf 71' lang='grc' dir='ltr'><strong>τοῦ-</strong></span> 
     </span>
    </p>
   </div>
   <div class='ocr_carea' id='block_1_27' title="bbox 1068 527 1873 573">
    <p class='ocr_par' dir='ltr' id='par_1_27' title="bbox 1068 527 1873 573">
     <span class='ocr_line' id='line_1_27' title="bbox 1068 527 1873 573; baseline -0.019 -6"><span class='ocrx_word' id='word_1_182' title='bbox 1068 548 1123 571; x_wconf 84' lang='grc' dir='ltr'>τον,</span> <span class='ocrx_word' id='word_1_183' title='bbox 1141 538 1296 573; x_wconf 78' lang='grc' dir='ltr'><strong>ἐπείγεσθαι</strong></span> <span class='ocrx_word' id='word_1_184' title='bbox 1310 538 1338 564; x_wconf 83' lang='grc' dir='ltr'>δὲ</span> <span class='ocrx_word' id='word_1_185' title='bbox 1355 535 1422 572; x_wconf 75' lang='grc' dir='ltr'>πρὸς</span> <span class='ocrx_word' id='word_1_186' title='bbox 1433 534 1529 569; x_wconf 81' lang='grc' dir='ltr'><strong>ἑτέραν</strong></span> <span class='ocrx_word' id='word_1_187' title='bbox 1541 532 1623 567; x_wconf 83' lang='grc' dir='ltr'>ζωήν.</span> <span class='ocrx_word' id='word_1_188' title='bbox 1636 530 1684 556; x_wconf 78' lang='grc' dir='ltr'><strong>Διὺ</strong></span> <span class='ocrx_word' id='word_1_189' title='bbox 1696 529 1747 555; x_wconf 76' lang='grc' dir='ltr'>καὶ</span> <span class='ocrx_word' id='word_1_190' title='bbox 1758 529 1774 554; x_wconf 77' lang='grc' dir='ltr'><strong><em>ὁ</em></strong></span> <span class='ocrx_word' id='word_1_191' title='bbox 1786 527 1873 573; x_wconf 47' lang='lat' dir='ltr'><strong>dae&quot;;</strong></span> 
     </span>
    </p>
   </div>
   <div class='ocr_carea' id='block_1_28' title="bbox 1069 572 1874 621">
    <p class='ocr_par' dir='ltr' id='par_1_28' title="bbox 1069 572 1874 621">
     <span class='ocr_line' id='line_1_28' title="bbox 1069 572 1874 621; baseline -0.02 -8"><span class='ocrx_word' id='word_1_192' title='bbox 1069 586 1132 621; x_wconf 79' lang='grc' dir='ltr'>περὶ</span> <span class='ocrx_word' id='word_1_193' title='bbox 1164 572 1259 611; x_wconf 79' lang='grc' dir='ltr'>ἑαυτοῦ</span> <span class='ocrx_word' id='word_1_194' title='bbox 1295 590 1361 618; x_wconf 83' lang='grc' dir='ltr'>φησι</span> <span class='ocrx_word' id='word_1_195' title='bbox 1380 590 1387 596; x_wconf 73' lang='grc'><strong><em>⁸</em></strong></span> <span class='ocrx_word' id='word_1_196' title='bbox 1423 579 1568 614; x_wconf 80' lang='grc' dir='ltr'>Πάροιχος</span> <span class='ocrx_word' id='word_1_197' title='bbox 1688 576 1753 609; x_wconf 79' lang='grc' dir='ltr'>εἰμι</span> <span class='ocrx_word' id='word_1_198' title='bbox 1787 572 1874 621; x_wconf 61' lang='grc' dir='ltr'>παρὰ</span> 
     </span>
    </p>
   </div>
   <div class='ocr_carea' id='block_1_29' title="bbox 1069 619 1873 666">
    <p class='ocr_par' dir='ltr' id='par_1_29' title="bbox 1069 619 1873 666">
     <span class='ocr_line' id='line_1_29' title="bbox 1069 619 1873 666; baseline -0.01 -8"><span class='ocrx_word' id='word_1_199' title='bbox 1069 619 1117 658; x_wconf 59' lang='grc' dir='ltr'><strong>σοί</strong></span> <span class='ocrx_word' id='word_1_200' title='bbox 1135 630 1180 666; x_wconf 73' lang='grc'><strong>(92</strong></span> <span class='ocrx_word' id='word_1_201' title='bbox 1194 630 1249 663; x_wconf 78' lang='grc'>95),</span> <span class='ocrx_word' id='word_1_202' title='bbox 1268 629 1317 656; x_wconf 78' lang='grc' dir='ltr'>καὶ</span> <span class='ocrx_word' id='word_1_203' title='bbox 1334 626 1548 662; x_wconf 80' lang='grc' dir='ltr'>παρεπίδημος.</span> <span class='ocrx_word' id='word_1_204' title='bbox 1565 621 1661 654; x_wconf 78' lang='grc' dir='ltr'>καθὼς</span> <span class='ocrx_word' id='word_1_205' title='bbox 1675 622 1705 647; x_wconf 83' lang='lat' dir='ltr'><strong>ol</strong></span> <span class='ocrx_word' id='word_1_206' title='bbox 1735 619 1873 666; x_wconf 47' lang='grc' dir='ltr'>πατέρες</span> 
     </span>
    </p>
   </div>
   <div class='ocr_carea' id='block_1_30' title="bbox 1067 664 1873 713">
    <p class='ocr_par' dir='ltr' id='par_1_30' title="bbox 1067 664 1873 713">
     <span class='ocr_line' id='line_1_30' title="bbox 1067 664 1873 713; baseline -0.02 -9"><span class='ocrx_word' id='word_1_207' title='bbox 1067 664 1286 713; x_wconf 39' lang='grc' dir='ltr'>μουίΠὰροικος</span> <span class='ocrx_word' id='word_1_208' title='bbox 1301 674 1354 709; x_wconf 76' lang='grc' dir='ltr'>γὰρ</span> <span class='ocrx_word' id='word_1_209' title='bbox 1372 671 1507 707; x_wconf 75' lang='grc' dir='ltr'>Ἀϐραὰμ,</span> <span class='ocrx_word' id='word_1_210' title='bbox 1525 668 1584 695; x_wconf 74' lang='grc' dir='ltr'>οὐδὲ</span> <span class='ocrx_word' id='word_1_211' title='bbox 1601 667 1677 702; x_wconf 75' lang='grc' dir='ltr'>βῆμα</span> <span class='ocrx_word' id='word_1_212' title='bbox 1693 665 1780 696; x_wconf 78' lang='grc' dir='ltr'>ποδὸς</span> <span class='ocrx_word' id='word_1_213' title='bbox 1800 664 1873 713; x_wconf 57' lang='grc' dir='ltr'>ἰδέας</span> 
     </span>
    </p>
   </div>
   <div class='ocr_carea' id='block_1_31' title="bbox 1069 711 1872 760">
    <p class='ocr_par' dir='ltr' id='par_1_31' title="bbox 1069 711 1872 760">
     <span class='ocr_line' id='line_1_31' title="bbox 1069 711 1872 760; baseline -0.021 -8"><span class='ocrx_word' id='word_1_214' title='bbox 1069 711 1121 760; x_wconf 75' lang='grc' dir='ltr'>γῆς</span> <span class='ocrx_word' id='word_1_215' title='bbox 1140 722 1318 758; x_wconf 81' lang='grc' dir='ltr'><strong>κεκτημένος,</strong></span> <span class='ocrx_word' id='word_1_216' title='bbox 1340 719 1398 747; x_wconf 78' lang='grc' dir='ltr'>ἀλλ’</span> <span class='ocrx_word' id='word_1_217' title='bbox 1412 719 1456 745; x_wconf 80' lang='grc' dir='ltr'><strong>ὅτε</strong></span> <span class='ocrx_word' id='word_1_218' title='bbox 1468 717 1554 751; x_wconf 73' lang='grc' dir='ltr'>ταφῆς</span> <span class='ocrx_word' id='word_1_219' title='bbox 1571 714 1650 760; x_wconf 18' lang='grc' dir='ltr'>αὑτῷγ</span> <span class='ocrx_word' id='word_1_220' title='bbox 1661 713 1792 760; x_wconf 71' lang='grc' dir='ltr'>ἐδέησεν,</span> <span class='ocrx_word' id='word_1_221' title='bbox 1816 711 1872 760; x_wconf 65' lang='lat' dir='ltr'><strong>dp:</strong></span> 
     </span>
    </p>
   </div>
   <div class='ocr_carea' id='block_1_32' title="bbox 1070 758 1873 810">
    <p class='ocr_par' dir='ltr' id='par_1_32' title="bbox 1070 758 1873 810">
     <span class='ocr_line' id='line_1_32' title="bbox 1070 758 1873 810; baseline -0.021 -12"><span class='ocrx_word' id='word_1_222' title='bbox 1070 758 1165 806; x_wconf 79' lang='grc' dir='ltr'>γυρίου</span> <span class='ocrx_word' id='word_1_223' title='bbox 1180 768 1351 804; x_wconf 82' lang='grc' dir='ltr'>κτησάμενος</span> <span class='ocrx_word' id='word_1_224' title='bbox 1369 765 1472 799; x_wconf 77' lang='grc' dir='ltr'>ταύτην</span> <span class='ocrx_word' id='word_1_225' title='bbox 1485 762 1623 798; x_wconf 72' lang='grc' dir='ltr'>φαίνεται¹</span> <span class='ocrx_word' id='word_1_226' title='bbox 1642 758 1805 788; x_wconf 70' lang='grc' dir='ltr'>δεικνύντος</span> <span class='ocrx_word' id='word_1_227' title='bbox 1812 758 1873 810; x_wconf 53' lang='grc' dir='ltr'><strong>ντιςῶ</strong></span> 
     </span>
    </p>
   </div>
   <div class='ocr_carea' id='block_1_33' title="bbox 1070 805 1874 850">
    <p class='ocr_par' dir='ltr' id='par_1_33' title="bbox 1070 805 1874 850">
     <span class='ocr_line' id='line_1_33' title="bbox 1070 805 1874 850; baseline -0.021 -6"><span class='ocrx_word' id='word_1_228' title='bbox 1070 805 1161 850; x_wconf 79' lang='grc' dir='ltr'>λόγου,</span> <span class='ocrx_word' id='word_1_229' title='bbox 1187 816 1227 842; x_wconf 78' lang='grc' dir='ltr'>ὅτι</span> <span class='ocrx_word' id='word_1_230' title='bbox 1255 813 1343 846; x_wconf 78' lang='grc' dir='ltr'>ζῶντα</span> <span class='ocrx_word' id='word_1_231' title='bbox 1363 812 1411 848; x_wconf 80' lang='grc' dir='ltr'><strong>μὲν</strong></span> <span class='ocrx_word' id='word_1_232' title='bbox 1434 811 1462 837; x_wconf 78' lang='grc' dir='ltr'>ἐν</span> <span class='ocrx_word' id='word_1_233' title='bbox 1483 811 1516 844; x_wconf 84' lang='grc' dir='ltr'>τῇ</span> <span class='ocrx_word' id='word_1_234' title='bbox 1537 807 1617 843; x_wconf 79' lang='grc' dir='ltr'>σαρκὶ</span> <span class='ocrx_word' id='word_1_235' title='bbox 1639 805 1779 840; x_wconf 74' lang='grc' dir='ltr'>πάροικον</span> <span class='ocrx_word' id='word_1_236' title='bbox 1796 805 1874 850; x_wconf 76' lang='grc' dir='ltr'>εἶναι</span> 
     </span>
    </p>
   </div>
   <div class='ocr_carea' id='block_1_34' title="bbox 228 848 1018 900">
    <p class='ocr_par' dir='ltr' id='par_1_34' title="bbox 228 856 1018 890">
     <span class='ocr_line' id='line_1_34' title="bbox 228 856 1018 890; baseline -0.003 -6"><span class='ocrx_word' id='word_1_237' title='bbox 228 860 386 890; x_wconf 79' lang='lat' dir='ltr'><strong>migrantem</strong></span> <span class='ocrx_word' id='word_1_238' title='bbox 410 864 475 884; x_wconf 90' lang='lat' dir='ltr'><strong>vero</strong></span> <span class='ocrx_word' id='word_1_239' title='bbox 489 864 523 884; x_wconf 80' lang='lat' dir='ltr'><strong>ex</strong></span> <span class='ocrx_word' id='word_1_240' title='bbox 550 857 602 883; x_wconf 89' lang='lat' dir='ltr'><strong>hac</strong></span> <span class='ocrx_word' id='word_1_241' title='bbox 617 856 682 888; x_wconf 86' lang='lat' dir='ltr'><strong>vita,</strong></span> <span class='ocrx_word' id='word_1_242' title='bbox 701 856 727 883; x_wconf 91' lang='lat' dir='ltr'><strong>in</strong></span> <span class='ocrx_word' id='word_1_243' title='bbox 751 856 816 883; x_wconf 86' lang='lat' dir='ltr'><strong>locis</strong></span> <span class='ocrx_word' id='word_1_244' title='bbox 838 856 955 890; x_wconf 85' lang='lat' dir='ltr'><strong>propriis</strong></span> <span class='ocrx_word' id='word_1_245' title='bbox 974 863 1018 883; x_wconf 83' lang='lat' dir='ltr'><strong>re-</strong></span> 
     </span>
    </p>
   </div>
   <div class='ocr_carea' id='block_1_35' title="bbox 1082 848 1873 900">
    <p class='ocr_par' dir='ltr' id='par_1_35' title="bbox 1082 848 1873 900">
     <span class='ocr_line' id='line_1_35' title="bbox 1082 848 1873 900; baseline -0.021 -10"><span class='ocrx_word' id='word_1_246' title='bbox 1082 848 1213 900; x_wconf 67' lang='grc' dir='ltr'>προσήκει,</span> <span class='ocrx_word' id='word_1_247' title='bbox 1242 858 1438 897; x_wconf 76' lang='grc' dir='ltr'>μεταϐαίνοντα</span> <span class='ocrx_word' id='word_1_248' title='bbox 1460 856 1488 882; x_wconf 83' lang='grc' dir='ltr'>δὲ</span> <span class='ocrx_word' id='word_1_249' title='bbox 1510 855 1563 882; x_wconf 72' lang='grc' dir='ltr'>ἀπὸ</span> <span class='ocrx_word' id='word_1_250' title='bbox 1582 851 1727 900; x_wconf 84' lang='grc' dir='ltr'>τῆς</span> <span class='ocrx_word' id='word_1_251' title='bbox 1748 848 1873 900; x_wconf 55' lang='grc' dir='ltr'>ταύτης,</span> 
     </span>
    </p>
   </div>
   <div class='ocr_carea' id='block_1_36' title="bbox 226 901 1015 937">
    <p class='ocr_par' dir='ltr' id='par_1_36' title="bbox 226 901 1015 937">
     <span class='ocr_line' id='line_1_36' title="bbox 226 901 1015 937; baseline -0.001 -8"><span class='ocrx_word' id='word_1_252' title='bbox 226 904 376 937; x_wconf 81' lang='lat' dir='ltr'><strong>quiescere.</strong></span> <span class='ocrx_word' id='word_1_253' title='bbox 393 902 539 937; x_wconf 87' lang='lat' dir='ltr'><strong>Propterea</strong></span> <span class='ocrx_word' id='word_1_254' title='bbox 551 902 577 929; x_wconf 90' lang='lat' dir='ltr'><strong>in</strong></span> <span class='ocrx_word' id='word_1_255' title='bbox 591 903 642 929; x_wconf 87' lang='lat' dir='ltr'><strong>hac</strong></span> <span class='ocrx_word' id='word_1_256' title='bbox 654 902 706 929; x_wconf 87' lang='lat' dir='ltr'><strong>vita</strong></span> <span class='ocrx_word' id='word_1_257' title='bbox 722 901 808 929; x_wconf 88' lang='lat' dir='ltr'><strong>incola</strong></span> <span class='ocrx_word' id='word_1_258' title='bbox 823 906 865 929; x_wconf 90' lang='lat' dir='ltr'><strong>est</strong></span> <span class='ocrx_word' id='word_1_259' title='bbox 873 909 933 929; x_wconf 88' lang='lat' dir='ltr'><strong>cum</strong></span> <span class='ocrx_word' id='word_1_260' title='bbox 949 902 1015 929; x_wconf 90' lang='lat' dir='ltr'><strong>alie-</strong></span> 
     </span>
    </p>
   </div>
   <div class='ocr_carea' id='block_1_37' title="bbox 228 947 1017 983">
    <p class='ocr_par' dir='ltr' id='par_1_37' title="bbox 228 947 1017 983">
     <span class='ocr_line' id='line_1_37' title="bbox 228 947 1017 983; baseline -0.004 -7"><span class='ocrx_word' id='word_1_261' title='bbox 228 948 332 983; x_wconf 77' lang='lat' dir='ltr'><strong>nigellis</strong></span> <span class='ocrx_word' id='word_1_262' title='bbox 348 956 354 975; x_wconf 92' lang='lat'><strong>:</strong></span> <span class='ocrx_word' id='word_1_263' title='bbox 375 948 400 975; x_wconf 92' lang='lat' dir='ltr'><strong>in</strong></span> <span class='ocrx_word' id='word_1_264' title='bbox 416 947 554 983; x_wconf 81' lang='lat' dir='ltr'><strong>sepultura</strong></span> <span class='ocrx_word' id='word_1_265' title='bbox 570 955 635 975; x_wconf 88' lang='lat' dir='ltr'><strong>vero</strong></span> <span class='ocrx_word' id='word_1_266' title='bbox 647 948 784 982; x_wconf 79' lang='lat' dir='ltr'><strong>propriam</strong></span> <span class='ocrx_word' id='word_1_267' title='bbox 803 951 902 974; x_wconf 84' lang='lat' dir='ltr'><strong>terram</strong></span> <span class='ocrx_word' id='word_1_268' title='bbox 917 954 1017 982; x_wconf 87' lang='lat' dir='ltr'><strong>corpus</strong></span> 
     </span>
    </p>
   </div>
   <div class='ocr_carea' id='block_1_38' title="bbox 227 990 1017 1027">
    <p class='ocr_par' dir='ltr' id='par_1_38' title="bbox 227 990 1017 1027">
     <span class='ocr_line' id='line_1_38' title="bbox 227 990 1017 1027; baseline -0.003 -8"><span class='ocrx_word' id='word_1_269' title='bbox 227 1000 306 1019; x_wconf 86' lang='lat' dir='ltr'><strong>suum</strong></span> <span class='ocrx_word' id='word_1_270' title='bbox 319 996 491 1026; x_wconf 79' lang='lat' dir='ltr'><strong>cxcepturam</strong></span> <span class='ocrx_word' id='word_1_271' title='bbox 512 991 563 1019; x_wconf 89' lang='lat' dir='ltr'><strong>sibi</strong></span> <span class='ocrx_word' id='word_1_272' title='bbox 580 992 637 1027; x_wconf 91' lang='lat' dir='ltr'><strong>ipse</strong></span> <span class='ocrx_word' id='word_1_273' title='bbox 659 992 835 1026; x_wconf 87' lang='lat' dir='ltr'><strong>comparavit.</strong></span> <span class='ocrx_word' id='word_1_274' title='bbox 852 990 936 1019; x_wconf 82' lang='lat' dir='ltr'><strong>Porro</strong></span> <span class='ocrx_word' id='word_1_275' title='bbox 953 993 1017 1019; x_wconf 90' lang='lat' dir='ltr'><strong>bea-</strong></span> 
     </span>
    </p>
   </div>
   <div class='ocr_carea' id='block_1_39' title="bbox 229 1036 1017 1074">
    <p class='ocr_par' dir='ltr' id='par_1_39' title="bbox 229 1036 1017 1074">
     <span class='ocr_line' id='line_1_39' title="bbox 229 1036 1017 1074; baseline 0.001 -11"><span class='ocrx_word' id='word_1_276' title='bbox 229 1043 283 1064; x_wconf 93' lang='lat' dir='ltr'><strong>lum</strong></span> <span class='ocrx_word' id='word_1_277' title='bbox 312 1037 390 1071; x_wconf 85' lang='lat' dir='ltr'><strong>plane</strong></span> <span class='ocrx_word' id='word_1_278' title='bbox 415 1036 510 1074; x_wconf 80' lang='lat' dir='ltr'><strong>fuerit,</strong></span> <span class='ocrx_word' id='word_1_279' title='bbox 530 1037 611 1064; x_wconf 82' lang='lat' dir='ltr'><strong>rebus</strong></span> <span class='ocrx_word' id='word_1_280' title='bbox 639 1037 751 1064; x_wconf 83' lang='lat' dir='ltr'><strong>terrenis</strong></span> <span class='ocrx_word' id='word_1_281' title='bbox 777 1044 831 1064; x_wconf 92' lang='lat' dir='ltr'><strong>non</strong></span> <span class='ocrx_word' id='word_1_282' title='bbox 853 1042 880 1064; x_wconf 91' lang='lat' dir='ltr'><strong>ut</strong></span> <span class='ocrx_word' id='word_1_283' title='bbox 901 1037 1017 1072; x_wconf 89' lang='lat' dir='ltr'><strong>propriis</strong></span> 
     </span>
    </p>
   </div>
   <div class='ocr_carea' id='block_1_40' title="bbox 227 1082 1017 1118">
    <p class='ocr_par' dir='ltr' id='par_1_40' title="bbox 227 1082 1017 1118">
     <span class='ocr_line' id='line_1_40' title="bbox 227 1082 1017 1118; baseline 0.001 -9"><span class='ocrx_word' id='word_1_284' title='bbox 227 1082 363 1110; x_wconf 89' lang='lat' dir='ltr'><strong>addictum</strong></span> <span class='ocrx_word' id='word_1_285' title='bbox 380 1089 449 1115; x_wconf 89' lang='lat' dir='ltr'><strong>esse,</strong></span> <span class='ocrx_word' id='word_1_286' title='bbox 467 1090 553 1116; x_wconf 86' lang='lat' dir='ltr'><strong>neque</strong></span> <span class='ocrx_word' id='word_1_287' title='bbox 580 1083 660 1110; x_wconf 89' lang='lat' dir='ltr'><strong>rebus</strong></span> <span class='ocrx_word' id='word_1_288' title='bbox 685 1083 863 1117; x_wconf 49' lang='lat' dir='ltr'><strong>praesentibus</strong></span> <span class='ocrx_word' id='word_1_289' title='bbox 890 1087 1017 1118; x_wconf 85' lang='lat' dir='ltr'><strong>tanquam</strong></span> 
     </span>
    </p>
   </div>
   <div class='ocr_carea' id='block_1_41' title="bbox 229 1129 1016 1164">
    <p class='ocr_par' dir='ltr' id='par_1_41' title="bbox 229 1129 1016 1164">
     <span class='ocr_line' id='line_1_41' title="bbox 229 1129 1016 1164; baseline 0.001 -9"><span class='ocrx_word' id='word_1_290' title='bbox 229 1129 343 1155; x_wconf 84' lang='lat' dir='ltr'><strong>naturali</strong></span> <span class='ocrx_word' id='word_1_291' title='bbox 357 1129 463 1155; x_wconf 85' lang='lat' dir='ltr'><strong>cuidam</strong></span> <span class='ocrx_word' id='word_1_292' title='bbox 482 1129 575 1164; x_wconf 69' lang='lat' dir='ltr'><strong>patria:</strong></span> <span class='ocrx_word' id='word_1_293' title='bbox 589 1130 743 1156; x_wconf 82' lang='lat' dir='ltr'><strong>adlucrere:</strong></span> <span class='ocrx_word' id='word_1_294' title='bbox 757 1130 804 1156; x_wconf 90' lang='lat' dir='ltr'><strong>sed</strong></span> <span class='ocrx_word' id='word_1_295' title='bbox 819 1137 898 1157; x_wconf 90' lang='lat' dir='ltr'><strong>nosse</strong></span> <span class='ocrx_word' id='word_1_296' title='bbox 914 1129 1016 1164; x_wconf 84' lang='lat' dir='ltr'><strong>lapsum</strong></span> 
     </span>
    </p>
   </div>
   <div class='ocr_carea' id='block_1_42' title="bbox 229 1175 1017 1209">
    <p class='ocr_par' dir='ltr' id='par_1_42' title="bbox 229 1175 1017 1209">
     <span class='ocr_line' id='line_1_42' title="bbox 229 1175 1017 1209; baseline 0.003 -8"><span class='ocrx_word' id='word_1_297' title='bbox 229 1179 255 1201; x_wconf 89' lang='lat' dir='ltr'><strong>te</strong></span> <span class='ocrx_word' id='word_1_298' title='bbox 270 1182 329 1202; x_wconf 88' lang='lat' dir='ltr'><strong>esse</strong></span> <span class='ocrx_word' id='word_1_299' title='bbox 349 1182 364 1202; x_wconf 90' lang='lat' dir='ltr'><strong>a</strong></span> <span class='ocrx_word' id='word_1_300' title='bbox 389 1175 559 1205; x_wconf 85' lang='lat' dir='ltr'><strong>melioribus,</strong></span> <span class='ocrx_word' id='word_1_301' title='bbox 577 1179 656 1209; x_wconf 73' lang='lat' dir='ltr'><strong>teque</strong></span> <span class='ocrx_word' id='word_1_302' title='bbox 676 1182 709 1202; x_wconf 75' lang='lat' dir='ltr'><strong>ex</strong></span> <span class='ocrx_word' id='word_1_303' title='bbox 731 1175 812 1202; x_wconf 90' lang='lat' dir='ltr'><strong>multa</strong></span> <span class='ocrx_word' id='word_1_304' title='bbox 834 1176 861 1202; x_wconf 93' lang='lat' dir='ltr'><strong>in</strong></span> <span class='ocrx_word' id='word_1_305' title='bbox 892 1176 943 1203; x_wconf 84' lang='lat' dir='ltr'><strong>hac</strong></span> <span class='ocrx_word' id='word_1_306' title='bbox 967 1176 1017 1203; x_wconf 88' lang='lat' dir='ltr'><strong>ista</strong></span> 
     </span>
    </p>
   </div>
   <div class='ocr_carea' id='block_1_43' title="bbox 227 1220 1019 1256">
    <p class='ocr_par' dir='ltr' id='par_1_43' title="bbox 227 1220 1019 1256">
     <span class='ocr_line' id='line_1_43' title="bbox 227 1220 1019 1256; baseline 0.003 -10"><span class='ocrx_word' id='word_1_307' title='bbox 227 1220 281 1246; x_wconf 86' lang='lat' dir='ltr'><strong>vita</strong></span> <span class='ocrx_word' id='word_1_308' title='bbox 299 1220 454 1246; x_wconf 84' lang='lat' dir='ltr'><strong>alllictatum</strong></span> <span class='ocrx_word' id='word_1_309' title='bbox 472 1220 582 1254; x_wconf 82' lang='lat' dir='ltr'><strong>perinde</strong></span> <span class='ocrx_word' id='word_1_310' title='bbox 607 1221 783 1255; x_wconf 77' lang='lat' dir='ltr'><strong>peregrinari,</strong></span> <span class='ocrx_word' id='word_1_311' title='bbox 802 1225 880 1256; x_wconf 91' lang='lat' dir='ltr'><strong>atque</strong></span> <span class='ocrx_word' id='word_1_312' title='bbox 900 1222 1019 1256; x_wconf 78' lang='lat' dir='ltr'><strong>peregri-</strong></span> 
     </span>
    </p>
   </div>
   <div class='ocr_carea' id='block_1_44' title="bbox 228 1265 1019 1302">
    <p class='ocr_par' dir='ltr' id='par_1_44' title="bbox 228 1265 1019 1302">
     <span class='ocr_line' id='line_1_44' title="bbox 228 1265 1019 1302; baseline 0.005 -10"><span class='ocrx_word' id='word_1_313' title='bbox 228 1270 328 1292; x_wconf 90' lang='lat' dir='ltr'><strong>nantur</strong></span> <span class='ocrx_word' id='word_1_314' title='bbox 346 1265 393 1296; x_wconf 84' lang='lat' dir='ltr'><strong>illi,</strong></span> <span class='ocrx_word' id='word_1_315' title='bbox 407 1267 451 1299; x_wconf 87' lang='lat' dir='ltr'><strong>qui</strong></span> <span class='ocrx_word' id='word_1_316' title='bbox 469 1266 504 1293; x_wconf 81' lang='lat' dir='ltr'><strong>ob</strong></span> <span class='ocrx_word' id='word_1_317' title='bbox 525 1266 612 1300; x_wconf 87' lang='lat' dir='ltr'><strong>aliqua</strong></span> <span class='ocrx_word' id='word_1_318' title='bbox 629 1266 724 1293; x_wconf 87' lang='lat' dir='ltr'><strong>delicta</strong></span> <span class='ocrx_word' id='word_1_319' title='bbox 746 1274 760 1293; x_wconf 90' lang='lat' dir='ltr'><strong>a</strong></span> <span class='ocrx_word' id='word_1_320' title='bbox 775 1267 910 1301; x_wconf 90' lang='lat' dir='ltr'><strong>judicibus</strong></span> <span class='ocrx_word' id='word_1_321' title='bbox 924 1275 956 1295; x_wconf 80' lang='lat' dir='ltr'><strong>ex</strong></span> <span class='ocrx_word' id='word_1_322' title='bbox 972 1275 1019 1302; x_wconf 82' lang='lat' dir='ltr'><strong>pa-</strong></span> 
     </span>
    </p>
   </div>
   <div class='ocr_carea' id='block_1_45' title="bbox 229 1311 1017 1347">
    <p class='ocr_par' dir='ltr' id='par_1_45' title="bbox 229 1311 1017 1347">
     <span class='ocr_line' id='line_1_45' title="bbox 229 1311 1017 1347; baseline 0.003 -10"><span class='ocrx_word' id='word_1_323' title='bbox 229 1313 280 1337; x_wconf 89' lang='lat' dir='ltr'><strong>tria</strong></span> <span class='ocrx_word' id='word_1_324' title='bbox 296 1311 364 1344; x_wconf 90' lang='lat' dir='ltr'><strong>pulsi</strong></span> <span class='ocrx_word' id='word_1_325' title='bbox 378 1315 442 1338; x_wconf 91' lang='lat' dir='ltr'><strong>sunt</strong></span> <span class='ocrx_word' id='word_1_326' title='bbox 460 1311 486 1338; x_wconf 88' lang='lat' dir='ltr'><strong>in</strong></span> <span class='ocrx_word' id='word_1_327' title='bbox 499 1312 636 1338; x_wconf 77' lang='lat' dir='ltr'><strong>exsilium.</strong></span> <span class='ocrx_word' id='word_1_328' title='bbox 653 1311 743 1339; x_wconf 80' lang='lat' dir='ltr'><strong>Rarus</strong></span> <span class='ocrx_word' id='word_1_329' title='bbox 762 1318 851 1339; x_wconf 86' lang='lat' dir='ltr'><strong>autem</strong></span> <span class='ocrx_word' id='word_1_330' title='bbox 866 1313 889 1340; x_wconf 89' lang='lat' dir='ltr'><strong>is</strong></span> <span class='ocrx_word' id='word_1_331' title='bbox 904 1317 955 1345; x_wconf 69' lang='lat' dir='ltr'><strong>est,</strong></span> <span class='ocrx_word' id='word_1_332' title='bbox 972 1313 1017 1347; x_wconf 94' lang='lat' dir='ltr'><strong>qui</strong></span> 
     </span>
    </p>
   </div>
   <div class='ocr_carea' id='block_1_46' title="bbox 228 1357 1018 1393">
    <p class='ocr_par' dir='ltr' id='par_1_46' title="bbox 228 1357 1018 1393">
     <span class='ocr_line' id='line_1_46' title="bbox 228 1357 1018 1393; baseline 0.004 -11"><span class='ocrx_word' id='word_1_333' title='bbox 228 1357 404 1390; x_wconf 67' lang='lat' dir='ltr'><strong>praesentibus</strong></span> <span class='ocrx_word' id='word_1_334' title='bbox 419 1364 470 1384; x_wconf 88' lang='lat' dir='ltr'><strong>non</strong></span> <span class='ocrx_word' id='word_1_335' title='bbox 487 1361 516 1384; x_wconf 88' lang='lat' dir='ltr'><strong>ut</strong></span> <span class='ocrx_word' id='word_1_336' title='bbox 537 1357 653 1392; x_wconf 88' lang='lat' dir='ltr'><strong>propriis</strong></span> <span class='ocrx_word' id='word_1_337' title='bbox 668 1358 785 1391; x_wconf 87' lang='lat' dir='ltr'><strong>studeat,</strong></span> <span class='ocrx_word' id='word_1_338' title='bbox 803 1358 847 1393; x_wconf 91' lang='lat' dir='ltr'><strong>qui</strong></span> <span class='ocrx_word' id='word_1_339' title='bbox 863 1359 1018 1385; x_wconf 84' lang='lat' dir='ltr'><strong>divitiarum</strong></span> 
     </span>
    </p>
   </div>
   <div class='ocr_carea' id='block_1_47' title="bbox 229 1402 1017 1439">
    <p class='ocr_par' dir='ltr' id='par_1_47' title="bbox 229 1402 1017 1439">
     <span class='ocr_line' id='line_1_47' title="bbox 229 1402 1017 1439; baseline 0.003 -11"><span class='ocrx_word' id='word_1_340' title='bbox 229 1409 306 1429; x_wconf 91' lang='lat' dir='ltr'><strong>usum</strong></span> <span class='ocrx_word' id='word_1_341' title='bbox 322 1402 391 1429; x_wconf 89' lang='lat' dir='ltr'><strong>sciat</strong></span> <span class='ocrx_word' id='word_1_342' title='bbox 403 1403 436 1429; x_wconf 87' lang='lat' dir='ltr'><strong>ad</strong></span> <span class='ocrx_word' id='word_1_343' title='bbox 463 1407 569 1437; x_wconf 83' lang='lat' dir='ltr'><strong>tempus</strong></span> <span class='ocrx_word' id='word_1_344' title='bbox 592 1410 652 1431; x_wconf 87' lang='lat' dir='ltr'><strong>esse</strong></span> <span class='ocrx_word' id='word_1_345' title='bbox 677 1411 847 1436; x_wconf 90' lang='lat' dir='ltr'><strong>concessum,</strong></span> <span class='ocrx_word' id='word_1_346' title='bbox 859 1404 904 1439; x_wconf 92' lang='lat' dir='ltr'><strong>qui</strong></span> <span class='ocrx_word' id='word_1_347' title='bbox 920 1404 1017 1432; x_wconf 89' lang='lat' dir='ltr'><strong>bonam</strong></span> 
     </span>
    </p>
   </div>
   <div class='ocr_carea' id='block_1_48' title="bbox 229 1447 1018 1484">
    <p class='ocr_par' dir='ltr' id='par_1_48' title="bbox 229 1447 1018 1484">
     <span class='ocr_line' id='line_1_48' title="bbox 229 1447 1018 1484; baseline 0.005 -11"><span class='ocrx_word' id='word_1_348' title='bbox 229 1447 350 1481; x_wconf 91' lang='lat' dir='ltr'><strong>corporis</strong></span> <span class='ocrx_word' id='word_1_349' title='bbox 374 1447 559 1475; x_wconf 89' lang='lat' dir='ltr'><strong>habitudinem</strong></span> <span class='ocrx_word' id='word_1_350' title='bbox 580 1448 727 1476; x_wconf 90' lang='lat' dir='ltr'><strong>arbitretur</strong></span> <span class='ocrx_word' id='word_1_351' title='bbox 747 1449 821 1477; x_wconf 85' lang='lat' dir='ltr'><strong>brevi</strong></span> <span class='ocrx_word' id='word_1_352' title='bbox 837 1455 956 1484; x_wconf 91' lang='lat' dir='ltr'><strong>tempore</strong></span> <span class='ocrx_word' id='word_1_353' title='bbox 968 1451 1018 1477; x_wconf 87' lang='lat' dir='ltr'><strong>du-</strong></span> 
     </span>
    </p>
   </div>
   <div class='ocr_carea' id='block_1_49' title="bbox 229 1495 1017 1530">
    <p class='ocr_par' dir='ltr' id='par_1_49' title="bbox 229 1495 1017 1530">
     <span class='ocr_line' id='line_1_49' title="bbox 229 1495 1017 1530; baseline 0.004 -10"><span class='ocrx_word' id='word_1_354' title='bbox 229 1498 361 1527; x_wconf 85' lang='lat' dir='ltr'><strong>raturam,</strong></span> <span class='ocrx_word' id='word_1_355' title='bbox 380 1495 426 1529; x_wconf 90' lang='lat' dir='ltr'><strong>qui</strong></span> <span class='ocrx_word' id='word_1_356' title='bbox 449 1495 574 1522; x_wconf 77' lang='lat' dir='ltr'><strong>humana:</strong></span> <span class='ocrx_word' id='word_1_357' title='bbox 598 1495 690 1530; x_wconf 64' lang='lat' dir='ltr'><strong>gloria?</strong></span> <span class='ocrx_word' id='word_1_358' title='bbox 710 1495 802 1523; x_wconf 85' lang='lat' dir='ltr'><strong>ﬂorem</strong></span> <span class='ocrx_word' id='word_1_359' title='bbox 821 1496 1017 1523; x_wconf 88' lang='lat' dir='ltr'><strong>inconstantem</strong></span> 
     </span>
    </p>
   </div>
   <div class='ocr_carea' id='block_1_50' title="bbox 229 1541 1019 1578">
    <p class='ocr_par' dir='ltr' id='par_1_50' title="bbox 229 1541 1019 1578">
     <span class='ocr_line' id='line_1_50' title="bbox 229 1541 1019 1578; baseline 0.001 -10"><span class='ocrx_word' id='word_1_360' title='bbox 229 1547 288 1568; x_wconf 85' lang='lat' dir='ltr'><strong>esse</strong></span> <span class='ocrx_word' id='word_1_361' title='bbox 307 1545 445 1575; x_wconf 79' lang='lat' dir='ltr'><strong>agnoscat.</strong></span> <span class='ocrx_word' id='word_1_362' title='bbox 461 1541 526 1574; x_wconf 82' lang='lat' dir='ltr'><strong>Quis</strong></span> <span class='ocrx_word' id='word_1_363' title='bbox 541 1542 623 1577; x_wconf 78' lang='lat' dir='ltr'><strong>igitur</strong></span> <span class='ocrx_word' id='word_1_364' title='bbox 635 1543 845 1578; x_wconf 78' lang='lat' dir='ltr'><strong>peregrinabitur</strong></span> <span class='ocrx_word' id='word_1_365' title='bbox 855 1544 882 1569; x_wconf 78' lang='lat' dir='ltr'><strong>in</strong></span> <span class='ocrx_word' id='word_1_366' title='bbox 896 1543 1019 1570; x_wconf 80' lang='lat' dir='ltr'><strong>taberna-</strong></span> 
     </span>
    </p>
   </div>
   <div class='ocr_carea' id='block_1_51' title="bbox 228 1585 1018 1623">
    <p class='ocr_par' dir='ltr' id='par_1_51' title="bbox 228 1585 1018 1623">
     <span class='ocr_line' id='line_1_51' title="bbox 228 1585 1018 1623; baseline 0.005 -11"><span class='ocrx_word' id='word_1_367' title='bbox 228 1585 288 1613; x_wconf 78' lang='lat' dir='ltr'><strong>culo</strong></span> <span class='ocrx_word' id='word_1_368' title='bbox 317 1591 360 1613; x_wconf 85' lang='lat' dir='ltr'><strong>tua</strong></span> <span class='ocrx_word' id='word_1_369' title='bbox 378 1587 390 1613; x_wconf 80' lang='lat'><strong><em>?</em></strong></span> <span class='ocrx_word' id='word_1_370' title='bbox 408 1587 621 1615; x_wconf 89' lang='lat' dir='ltr'><strong>Tabernaculum</strong></span> <span class='ocrx_word' id='word_1_371' title='bbox 640 1588 687 1616; x_wconf 92' lang='lat' dir='ltr'><strong>Dei</strong></span> <span class='ocrx_word' id='word_1_372' title='bbox 713 1596 777 1615; x_wconf 88' lang='lat' dir='ltr'><strong>caro</strong></span> <span class='ocrx_word' id='word_1_373' title='bbox 802 1589 912 1621; x_wconf 84' lang='lat' dir='ltr'><strong>dicitur,</strong></span> <span class='ocrx_word' id='word_1_374' title='bbox 938 1596 1018 1623; x_wconf 91' lang='lat' dir='ltr'><strong>quam</strong></span> 
     </span>
    </p>
   </div>
   <div class='ocr_carea' id='block_1_52' title="bbox 231 1633 1021 1668">
    <p class='ocr_par' dir='ltr' id='par_1_52' title="bbox 231 1633 1021 1668">
     <span class='ocr_line' id='line_1_52' title="bbox 231 1633 1021 1668; baseline 0.001 -8"><span class='ocrx_word' id='word_1_375' title='bbox 231 1633 289 1668; x_wconf 86' lang='lat' dir='ltr'><strong>ipse</strong></span> <span class='ocrx_word' id='word_1_376' title='bbox 317 1633 416 1661; x_wconf 70' lang='lat' dir='ltr'><strong>anima:</strong></span> <span class='ocrx_word' id='word_1_377' title='bbox 439 1634 556 1662; x_wconf 87' lang='lat' dir='ltr'><strong>hominis</strong></span> <span class='ocrx_word' id='word_1_378' title='bbox 578 1635 652 1662; x_wconf 90' lang='lat' dir='ltr'><strong>dedit</strong></span> <span class='ocrx_word' id='word_1_379' title='bbox 670 1634 845 1662; x_wconf 88' lang='lat' dir='ltr'><strong>habitationis</strong></span> <span class='ocrx_word' id='word_1_380' title='bbox 864 1634 933 1662; x_wconf 90' lang='lat' dir='ltr'><strong>loco.</strong></span> <span class='ocrx_word' id='word_1_381' title='bbox 955 1634 1021 1668; x_wconf 86' lang='lat' dir='ltr'><strong>Quis</strong></span> 
     </span>
    </p>
   </div>
   <div class='ocr_carea' id='block_1_53' title="bbox 231 1678 1021 1713">
    <p class='ocr_par' dir='ltr' id='par_1_53' title="bbox 231 1678 1021 1713">
     <span class='ocr_line' id='line_1_53' title="bbox 231 1678 1021 1713; baseline 0.004 -9"><span class='ocrx_word' id='word_1_382' title='bbox 231 1678 293 1705; x_wconf 89' lang='lat' dir='ltr'><strong>huic</strong></span> <span class='ocrx_word' id='word_1_383' title='bbox 312 1679 387 1706; x_wconf 87' lang='lat' dir='ltr'><strong>carni</strong></span> <span class='ocrx_word' id='word_1_384' title='bbox 411 1683 439 1705; x_wconf 94' lang='lat' dir='ltr'><strong>ut</strong></span> <span class='ocrx_word' id='word_1_385' title='bbox 453 1679 548 1706; x_wconf 73' lang='lat' dir='ltr'><strong>alienas</strong></span> <span class='ocrx_word' id='word_1_386' title='bbox 564 1679 707 1707; x_wconf 78' lang='lat' dir='ltr'><strong>attendet?</strong></span> <span class='ocrx_word' id='word_1_387' title='bbox 722 1679 952 1713; x_wconf 85' lang='lat' dir='ltr'><strong>Quemadmodum</strong></span> <span class='ocrx_word' id='word_1_388' title='bbox 980 1680 1021 1707; x_wconf 89' lang='lat' dir='ltr'><strong>in-</strong></span> 
     </span>
    </p>
   </div>
   <div class='ocr_carea' id='block_1_54' title="bbox 230 1725 1021 1760">
    <p class='ocr_par' dir='ltr' id='par_1_54' title="bbox 230 1725 1021 1760">
     <span class='ocr_line' id='line_1_54' title="bbox 230 1725 1021 1760; baseline 0.003 -9"><span class='ocrx_word' id='word_1_389' title='bbox 230 1725 296 1752; x_wconf 65' lang='lat' dir='ltr'><strong>colae</strong></span> <span class='ocrx_word' id='word_1_390' title='bbox 312 1725 397 1752; x_wconf 84' lang='lat' dir='ltr'><strong>aliena</strong></span> <span class='ocrx_word' id='word_1_391' title='bbox 415 1730 486 1752; x_wconf 85' lang='lat' dir='ltr'><strong>terra</strong></span> <span class='ocrx_word' id='word_1_392' title='bbox 504 1725 648 1758; x_wconf 88' lang='lat' dir='ltr'><strong>conducta,</strong></span> <span class='ocrx_word' id='word_1_393' title='bbox 660 1725 751 1753; x_wconf 93' lang='lat' dir='ltr'><strong>colunt</strong></span> <span class='ocrx_word' id='word_1_394' title='bbox 765 1733 858 1760; x_wconf 72' lang='lat' dir='ltr'><strong>agrum</strong></span> <span class='ocrx_word' id='word_1_395' title='bbox 873 1727 906 1752; x_wconf 89' lang='lat' dir='ltr'><strong>ad</strong></span> <span class='ocrx_word' id='word_1_396' title='bbox 919 1726 1021 1753; x_wconf 84' lang='lat' dir='ltr'><strong>locato-</strong></span> 
     </span>
    </p>
   </div>
   <div class='ocr_carea' id='block_1_55' title="bbox 231 1771 1020 1806">
    <p class='ocr_par' dir='ltr' id='par_1_55' title="bbox 231 1771 1020 1806">
     <span class='ocr_line' id='line_1_55' title="bbox 231 1771 1020 1806; baseline 0 -8"><span class='ocrx_word' id='word_1_397' title='bbox 231 1771 269 1798; x_wconf 89' lang='lat' dir='ltr'><strong>ris</strong></span> <span class='ocrx_word' id='word_1_398' title='bbox 287 1771 449 1798; x_wconf 87' lang='lat' dir='ltr'><strong>voluntatem</strong></span> <span class='ocrx_word' id='word_1_399' title='bbox 468 1779 475 1798; x_wconf 85' lang='lat'><strong>:</strong></span> <span class='ocrx_word' id='word_1_400' title='bbox 491 1771 527 1798; x_wconf 84' lang='lat' dir='ltr'><strong>ita</strong></span> <span class='ocrx_word' id='word_1_401' title='bbox 555 1775 583 1798; x_wconf 84' lang='lat' dir='ltr'><strong>et</strong></span> <span class='ocrx_word' id='word_1_402' title='bbox 604 1771 681 1798; x_wconf 90' lang='lat' dir='ltr'><strong>nobis</strong></span> <span class='ocrx_word' id='word_1_403' title='bbox 708 1778 742 1798; x_wconf 81' lang='lat' dir='ltr'><strong>ex</strong></span> <span class='ocrx_word' id='word_1_404' title='bbox 767 1771 922 1806; x_wconf 77' lang='lat' dir='ltr'><strong>syngrapha</strong></span> <span class='ocrx_word' id='word_1_405' title='bbox 944 1778 1020 1798; x_wconf 87' lang='lat' dir='ltr'><strong>com-</strong></span> 
     </span>
    </p>
   </div>
   <div class='ocr_carea' id='block_1_56' title="bbox 232 1816 1021 1850">
    <p class='ocr_par' dir='ltr' id='par_1_56' title="bbox 232 1816 1021 1850">
     <span class='ocr_line' id='line_1_56' title="bbox 232 1816 1021 1850; baseline 0 -7"><span class='ocrx_word' id='word_1_406' title='bbox 232 1817 314 1844; x_wconf 91' lang='lat' dir='ltr'><strong>missa</strong></span> <span class='ocrx_word' id='word_1_407' title='bbox 334 1821 377 1843; x_wconf 89' lang='lat' dir='ltr'><strong>est</strong></span> <span class='ocrx_word' id='word_1_408' title='bbox 392 1817 484 1843; x_wconf 85' lang='lat' dir='ltr'><strong>carnis</strong></span> <span class='ocrx_word' id='word_1_409' title='bbox 505 1824 587 1850; x_wconf 87' lang='lat' dir='ltr'><strong>cura;</strong></span> <span class='ocrx_word' id='word_1_410' title='bbox 599 1821 628 1843; x_wconf 91' lang='lat' dir='ltr'><strong>ut</strong></span> <span class='ocrx_word' id='word_1_411' title='bbox 642 1824 701 1844; x_wconf 93' lang='lat' dir='ltr'><strong>eam</strong></span> <span class='ocrx_word' id='word_1_412' title='bbox 713 1817 840 1844; x_wconf 85' lang='lat' dir='ltr'><strong>decenter</strong></span> <span class='ocrx_word' id='word_1_413' title='bbox 855 1816 1021 1850; x_wconf 79' lang='lat' dir='ltr'><strong>excolentes,</strong></span> 
     </span>
    </p>
   </div>
   <div class='ocr_carea' id='block_1_57' title="bbox 231 1860 1021 1897">
    <p class='ocr_par' dir='ltr' id='par_1_57' title="bbox 231 1860 1021 1897">
     <span class='ocr_line' id='line_1_57' title="bbox 231 1860 1021 1897; baseline 0 -9"><span class='ocrx_word' id='word_1_414' title='bbox 231 1861 352 1896; x_wconf 73' lang='lat' dir='ltr'><strong>largitori</strong></span> <span class='ocrx_word' id='word_1_415' title='bbox 367 1860 525 1896; x_wconf 74' lang='lat' dir='ltr'><strong>frugiferam</strong></span> <span class='ocrx_word' id='word_1_416' title='bbox 545 1862 700 1889; x_wconf 87' lang='lat' dir='ltr'><strong>reddamus.</strong></span> <span class='ocrx_word' id='word_1_417' title='bbox 727 1861 802 1894; x_wconf 86' lang='lat' dir='ltr'><strong>Quod</strong></span> <span class='ocrx_word' id='word_1_418' title='bbox 820 1862 842 1889; x_wconf 91' lang='lat' dir='ltr'><strong>si</strong></span> <span class='ocrx_word' id='word_1_419' title='bbox 868 1861 923 1889; x_wconf 84' lang='lat' dir='ltr'><strong>Deo</strong></span> <span class='ocrx_word' id='word_1_420' title='bbox 941 1862 1021 1897; x_wconf 81' lang='lat' dir='ltr'><strong>digna</strong></span> 
     </span>
    </p>
   </div>
   <div class='ocr_carea' id='block_1_58' title="bbox 231 1907 1021 1939">
    <p class='ocr_par' dir='ltr' id='par_1_58' title="bbox 231 1907 1021 1939">
     <span class='ocr_line' id='line_1_58' title="bbox 231 1907 1021 1939; baseline 0.001 -6"><span class='ocrx_word' id='word_1_421' title='bbox 231 1912 274 1934; x_wconf 90' lang='lat' dir='ltr'><strong>est</strong></span> <span class='ocrx_word' id='word_1_422' title='bbox 288 1914 362 1939; x_wconf 87' lang='lat' dir='ltr'><strong>caro,</strong></span> <span class='ocrx_word' id='word_1_423' title='bbox 380 1914 474 1933; x_wconf 88' lang='lat' dir='ltr'><strong>revera</strong></span> <span class='ocrx_word' id='word_1_424' title='bbox 492 1907 537 1934; x_wconf 87' lang='lat' dir='ltr'><strong>Dei</strong></span> <span class='ocrx_word' id='word_1_425' title='bbox 557 1907 758 1934; x_wconf 86' lang='lat' dir='ltr'><strong>tabernaculum</strong></span> <span class='ocrx_word' id='word_1_426' title='bbox 772 1907 902 1939; x_wconf 82' lang='lat' dir='ltr'><strong>ellicitur,</strong></span> <span class='ocrx_word' id='word_1_427' title='bbox 915 1908 947 1934; x_wconf 92' lang='lat' dir='ltr'><strong>ad</strong></span> <span class='ocrx_word' id='word_1_428' title='bbox 960 1914 1021 1934; x_wconf 95' lang='lat' dir='ltr'><strong>eum</strong></span> 
     </span>
    </p>
   </div>
   <div class='ocr_carea' id='block_1_59' title="bbox 232 1951 1022 1986">
    <p class='ocr_par' dir='ltr' id='par_1_59' title="bbox 232 1951 1022 1986">
     <span class='ocr_line' id='line_1_59' title="bbox 232 1951 1022 1986; baseline 0 -7"><span class='ocrx_word' id='word_1_429' title='bbox 232 1953 354 1985; x_wconf 90' lang='lat' dir='ltr'><strong>modum,</strong></span> <span class='ocrx_word' id='word_1_430' title='bbox 379 1960 433 1986; x_wconf 90' lang='lat' dir='ltr'><strong>quo</strong></span> <span class='ocrx_word' id='word_1_431' title='bbox 461 1953 568 1980; x_wconf 84' lang='lat' dir='ltr'><strong>habitat</strong></span> <span class='ocrx_word' id='word_1_432' title='bbox 590 1953 617 1979; x_wconf 92' lang='lat' dir='ltr'><strong>in</strong></span> <span class='ocrx_word' id='word_1_433' title='bbox 641 1953 751 1980; x_wconf 89' lang='lat' dir='ltr'><strong>sanctis.</strong></span> <span class='ocrx_word' id='word_1_434' title='bbox 767 1951 826 1979; x_wconf 84' lang='lat' dir='ltr'><strong>Jam</strong></span> <span class='ocrx_word' id='word_1_435' title='bbox 844 1960 909 1980; x_wconf 91' lang='lat' dir='ltr'><strong>vero</strong></span> <span class='ocrx_word' id='word_1_436' title='bbox 927 1952 1022 1980; x_wconf 73' lang='lat' dir='ltr'><strong>incolae</strong></span> 
     </span>
    </p>
   </div>
   <div class='ocr_carea' id='block_1_60' title="bbox 232 1998 1022 2034">
    <p class='ocr_par' dir='ltr' id='par_1_60' title="bbox 232 1998 1022 2034">
     <span class='ocr_line' id='line_1_60' title="bbox 232 1998 1022 2034; baseline -0.001 -8"><span class='ocrx_word' id='word_1_437' title='bbox 232 2007 296 2026; x_wconf 88' lang='lat' dir='ltr'><strong>caro</strong></span> <span class='ocrx_word' id='word_1_438' title='bbox 318 2003 360 2026; x_wconf 85' lang='lat' dir='ltr'><strong>est</strong></span> <span class='ocrx_word' id='word_1_439' title='bbox 380 1998 521 2034; x_wconf 82' lang='lat' dir='ltr'><strong>ejusmodi.</strong></span> <span class='ocrx_word' id='word_1_440' title='bbox 536 1998 637 2026; x_wconf 86' lang='lat' dir='ltr'><strong>Idcirco</strong></span> <span class='ocrx_word' id='word_1_441' title='bbox 655 1999 692 2026; x_wconf 90' lang='lat' dir='ltr'><strong>ait</strong></span> <span class='ocrx_word' id='word_1_442' title='bbox 708 2006 715 2025; x_wconf 86' lang='lat'>:</span> <span class='ocrx_word' id='word_1_443' title='bbox 732 1999 850 2031; x_wconf 80' lang='lat' dir='ltr'><strong>Domine,</strong></span> <span class='ocrx_word' id='word_1_444' title='bbox 864 1999 923 2034; x_wconf 75' lang='lat' dir='ltr'><strong>quis</strong></span> <span class='ocrx_word' id='word_1_445' title='bbox 948 2006 1022 2033; x_wconf 86' lang='lat' dir='ltr'><strong>pere-</strong></span> 
     </span>
    </p>
   </div>
   <div class='ocr_carea' id='block_1_61' title="bbox 232 2043 1023 2079">
    <p class='ocr_par' dir='ltr' id='par_1_61' title="bbox 232 2043 1023 2079">
     <span class='ocr_line' id='line_1_61' title="bbox 232 2043 1023 2079; baseline 0.001 -9"><span class='ocrx_word' id='word_1_446' title='bbox 232 2044 380 2079; x_wconf 79' lang='lat' dir='ltr'><strong>grinabilur</strong></span> <span class='ocrx_word' id='word_1_447' title='bbox 390 2045 417 2071; x_wconf 84' lang='lat' dir='ltr'><strong>in</strong></span> <span class='ocrx_word' id='word_1_448' title='bbox 433 2043 602 2071; x_wconf 79' lang='lat' dir='ltr'><strong>tabernaculo</strong></span> <span class='ocrx_word' id='word_1_449' title='bbox 617 2049 661 2071; x_wconf 84' lang='lat' dir='ltr'><strong>tua</strong></span> <span class='ocrx_word' id='word_1_450' title='bbox 676 2045 688 2071; x_wconf 84' lang='lat'><strong><em>?</em></strong></span> <span class='ocrx_word' id='word_1_451' title='bbox 700 2045 800 2071; x_wconf 87' lang='lat' dir='ltr'><strong>Deinde</strong></span> <span class='ocrx_word' id='word_1_452' title='bbox 813 2044 949 2079; x_wconf 81' lang='lat' dir='ltr'><strong>profectus</strong></span> <span class='ocrx_word' id='word_1_453' title='bbox 963 2044 1023 2078; x_wconf 92' lang='lat' dir='ltr'><strong>qui-</strong></span> 
     </span>
    </p>
   </div>
   <div class='ocr_carea' id='block_1_62' title="bbox 1066 895 1874 940">
    <p class='ocr_par' dir='ltr' id='par_1_62' title="bbox 1066 895 1874 940">
     <span class='ocr_line' id='line_1_62' title="bbox 1066 895 1874 940; baseline -0.022 -4"><span class='ocrx_word' id='word_1_454' title='bbox 1066 895 1122 940; x_wconf 77' lang='grc' dir='ltr'>τοίς</span> <span class='ocrx_word' id='word_1_455' title='bbox 1132 895 1347 938; x_wconf 18' lang='grc' dir='ltr'>οίκείοιςήτόποις</span> <span class='ocrx_word' id='word_1_456' title='bbox 1358 901 1585 931; x_wconf 81' lang='grc' dir='ltr'>ὲναναπαύεσθαι,</span> <span class='ocrx_word' id='word_1_457' title='bbox 1606 897 1656 924; x_wconf 84' lang='grc' dir='ltr'><strong>Διὰ</strong></span> <span class='ocrx_word' id='word_1_458' title='bbox 1668 896 1755 923; x_wconf 86' lang='grc' dir='ltr'>τοῦτο</span> <span class='ocrx_word' id='word_1_459' title='bbox 1771 896 1802 921; x_wconf 81' lang='grc' dir='ltr'>ὲν</span> <span class='ocrx_word' id='word_1_460' title='bbox 1818 895 1874 929; x_wconf 81' lang='grc' dir='ltr'><strong>μὲν</strong></span> 
     </span>
    </p>
   </div>
   <div class='ocr_carea' id='block_1_63' title="bbox 1066 940 1873 992">
    <p class='ocr_par' dir='ltr' id='par_1_63' title="bbox 1066 940 1873 992">
     <span class='ocr_line' id='line_1_63' title="bbox 1066 940 1873 992; baseline -0.021 -10"><span class='ocrx_word' id='word_1_461' title='bbox 1066 956 1099 990; x_wconf 82' lang='grc' dir='ltr'>τῇ</span> <span class='ocrx_word' id='word_1_462' title='bbox 1119 954 1175 989; x_wconf 82' lang='grc' dir='ltr'><strong>ζωῇ</strong></span> <span class='ocrx_word' id='word_1_463' title='bbox 1196 952 1282 988; x_wconf 84' lang='grc' dir='ltr'>ταύτῃ</span> <span class='ocrx_word' id='word_1_464' title='bbox 1300 951 1354 986; x_wconf 72' lang='grc'>(94)</span> <span class='ocrx_word' id='word_1_465' title='bbox 1372 948 1500 985; x_wconf 76' lang='grc' dir='ltr'><strong>παροικεῖ</strong></span> <span class='ocrx_word' id='word_1_466' title='bbox 1518 946 1573 977; x_wconf 85' lang='grc' dir='ltr'>τοῖς</span> <span class='ocrx_word' id='word_1_467' title='bbox 1587 942 1765 992; x_wconf 48' lang='grc' dir='ltr'>ἀλλοφύλοιςῖ</span> <span class='ocrx_word' id='word_1_468' title='bbox 1791 942 1822 992; x_wconf 57' lang='grc' dir='ltr'>ἐν</span> <span class='ocrx_word' id='word_1_469' title='bbox 1841 940 1873 966; x_wconf 74' lang='grc' dir='ltr'>δὲ</span> 
     </span>
    </p>
   </div>
   <div class='ocr_carea' id='block_1_64' title="bbox 1066 988 1872 1036">
    <p class='ocr_par' dir='ltr' id='par_1_64' title="bbox 1066 988 1872 1036">
     <span class='ocr_line' id='line_1_64' title="bbox 1066 988 1872 1036; baseline -0.01 -9"><span class='ocrx_word' id='word_1_470' title='bbox 1111 988 1184 1035; x_wconf 66' lang='grc' dir='ltr'>ταφῇ</span> <span class='ocrx_word' id='word_1_471' title='bbox 1200 998 1303 1025; x_wconf 82' lang='grc' dir='ltr'>οἰκείαν</span> <span class='ocrx_word' id='word_1_472' title='bbox 1315 995 1404 1031; x_wconf 81' lang='grc' dir='ltr'>ἐαυτῷ</span> <span class='ocrx_word' id='word_1_473' title='bbox 1418 994 1467 1029; x_wconf 82' lang='grc' dir='ltr'><strong>τὴν</strong></span> <span class='ocrx_word' id='word_1_474' title='bbox 1478 991 1625 1027; x_wconf 80' lang='grc' dir='ltr'>δεξομένην</span> <span class='ocrx_word' id='word_1_475' title='bbox 1640 988 1728 1036; x_wconf 52' lang='grc' dir='ltr'><strong>ξῦξοῦ</strong></span> <span class='ocrx_word' id='word_1_476' title='bbox 1739 988 1773 1014; x_wconf 78' lang='grc' dir='ltr'><strong>τδ</strong></span> <span class='ocrx_word' id='word_1_477' title='bbox 1787 988 1872 1036; x_wconf 47' lang='grc' dir='ltr'><strong>ςῶξξα</strong></span> 
     </span>
    </p>
   </div>
   <div class='ocr_carea' id='block_1_65' title="bbox 1067 1031 1872 1081">
    <p class='ocr_par' dir='ltr' id='par_1_65' title="bbox 1067 1031 1872 1081">
     <span class='ocr_line' id='line_1_65' title="bbox 1067 1031 1872 1081; baseline -0.022 -8"><span class='ocrx_word' id='word_1_478' title='bbox 1067 1031 1118 1081; x_wconf 53' lang='grc' dir='ltr'>γῆν</span> <span class='ocrx_word' id='word_1_479' title='bbox 1138 1031 1396 1079; x_wconf 72' lang='grc' dir='ltr'>ἐπραγματεύσατο.</span> <span class='ocrx_word' id='word_1_480' title='bbox 1417 1039 1559 1073; x_wconf 83' lang='grc' dir='ltr'>Μακάριον</span> <span class='ocrx_word' id='word_1_481' title='bbox 1575 1036 1602 1062; x_wconf 79' lang='grc' dir='ltr'>δὲ</span> <span class='ocrx_word' id='word_1_482' title='bbox 1622 1034 1663 1070; x_wconf 84' lang='grc' dir='ltr'><strong>τῷ</strong></span> <span class='ocrx_word' id='word_1_483' title='bbox 1678 1034 1753 1081; x_wconf 53' lang='lat' dir='ltr'><strong>ovet,</strong></span> <span class='ocrx_word' id='word_1_484' title='bbox 1832 1031 1872 1061; x_wconf 71' lang='grc' dir='ltr'>ὡς</span> 
     </span>
    </p>
   </div>
   <div class='ocr_carea' id='block_1_66' title="bbox 1068 1078 1873 1128">
    <p class='ocr_par' dir='ltr' id='par_1_66' title="bbox 1068 1078 1873 1128">
     <span class='ocr_line' id='line_1_66' title="bbox 1068 1078 1873 1128; baseline -0.02 -10"><span class='ocrx_word' id='word_1_485' title='bbox 1068 1078 1179 1122; x_wconf 75' lang='grc' dir='ltr'>οἰκείοις</span> <span class='ocrx_word' id='word_1_486' title='bbox 1199 1078 1414 1125; x_wconf 63' lang='grc' dir='ltr'>προστετηκέναι</span> <span class='ocrx_word' id='word_1_487' title='bbox 1434 1086 1490 1116; x_wconf 83' lang='grc' dir='ltr'>τοῖς</span> <span class='ocrx_word' id='word_1_488' title='bbox 1513 1084 1541 1109; x_wconf 82' lang='grc' dir='ltr'>ὲν</span> <span class='ocrx_word' id='word_1_489' title='bbox 1560 1083 1593 1117; x_wconf 78' lang='grc' dir='ltr'>τῇ</span> <span class='ocrx_word' id='word_1_490' title='bbox 1609 1079 1764 1128; x_wconf 21' lang='grc' dir='ltr'><strong>γῇημηόἰὲ-</strong></span> 
     </span>
    </p>
   </div>
   <div class='ocr_carea' id='block_1_67' title="bbox 1068 1123 1871 1172">
    <p class='ocr_par' dir='ltr' id='par_1_67' title="bbox 1068 1123 1871 1172">
     <span class='ocr_line' id='line_1_67' title="bbox 1068 1123 1871 1172; baseline -0.016 -9"><span class='ocrx_word' id='word_1_491' title='bbox 1068 1136 1197 1172; x_wconf 83' lang='grc' dir='ltr'>πατρίδος</span> <span class='ocrx_word' id='word_1_492' title='bbox 1209 1123 1281 1167; x_wconf 74' lang='grc' dir='ltr'>τινος</span> <span class='ocrx_word' id='word_1_493' title='bbox 1292 1133 1409 1169; x_wconf 82' lang='grc' dir='ltr'><strong>φυσικῆς</strong></span> <span class='ocrx_word' id='word_1_494' title='bbox 1425 1129 1579 1165; x_wconf 77' lang='grc' dir='ltr'>ἀντέχεσθαι</span> <span class='ocrx_word' id='word_1_495' title='bbox 1596 1127 1650 1154; x_wconf 83' lang='grc' dir='ltr'>τῶν</span> <span class='ocrx_word' id='word_1_496' title='bbox 1663 1125 1799 1156; x_wconf 73' lang='grc' dir='ltr'>ἐνταῦθα,</span> <span class='ocrx_word' id='word_1_497' title='bbox 1810 1123 1871 1172; x_wconf 38' lang='grc' dir='ltr'>ἀλλ’</span> 
     </span>
    </p>
   </div>
   <div class='ocr_carea' id='block_1_68' title="bbox 1068 1169 1872 1216">
    <p class='ocr_par' dir='ltr' id='par_1_68' title="bbox 1068 1169 1872 1216">
     <span class='ocr_line' id='line_1_68' title="bbox 1068 1169 1872 1216; baseline -0.019 -7"><span class='ocrx_word' id='word_1_498' title='bbox 1068 1169 1168 1209; x_wconf 78' lang='grc' dir='ltr'>εἰδέναι</span> <span class='ocrx_word' id='word_1_499' title='bbox 1183 1181 1232 1216; x_wconf 85' lang='grc' dir='ltr'>τὴν</span> <span class='ocrx_word' id='word_1_500' title='bbox 1250 1180 1304 1216; x_wconf 88' lang='grc'>(95)</span> <span class='ocrx_word' id='word_1_501' title='bbox 1320 1179 1375 1207; x_wconf 76' lang='grc' dir='ltr'>ἀπὸ</span> <span class='ocrx_word' id='word_1_502' title='bbox 1390 1177 1443 1204; x_wconf 85' lang='grc' dir='ltr'>τῶν</span> <span class='ocrx_word' id='word_1_503' title='bbox 1464 1175 1604 1211; x_wconf 81' lang='grc' dir='ltr'>βελτιόνων</span> <span class='ocrx_word' id='word_1_504' title='bbox 1623 1173 1802 1200; x_wconf 80' lang='grc' dir='ltr'>ἀπόπτωσιν,</span> <span class='ocrx_word' id='word_1_505' title='bbox 1819 1169 1872 1195; x_wconf 68' lang='grc' dir='ltr'>καὶ</span> 
     </span>
    </p>
   </div>
   <div class='ocr_carea' id='block_1_69' title="bbox 1068 1216 1869 1263">
    <p class='ocr_par' dir='ltr' id='par_1_69' title="bbox 1068 1216 1869 1263">
     <span class='ocr_line' id='line_1_69' title="bbox 1068 1216 1869 1263; baseline -0.016 -9"><span class='ocrx_word' id='word_1_506' title='bbox 1068 1227 1117 1263; x_wconf 86' lang='grc' dir='ltr'><strong>τὴν</strong></span> <span class='ocrx_word' id='word_1_507' title='bbox 1132 1228 1164 1253; x_wconf 77' lang='grc' dir='ltr'>ἐκ</span> <span class='ocrx_word' id='word_1_508' title='bbox 1177 1226 1326 1261; x_wconf 82' lang='grc' dir='ltr'>καταδίκης</span> <span class='ocrx_word' id='word_1_509' title='bbox 1340 1224 1432 1251; x_wconf 76' lang='grc' dir='ltr'>ἐνθάδε</span> <span class='ocrx_word' id='word_1_510' title='bbox 1442 1221 1578 1256; x_wconf 74' lang='grc' dir='ltr'>διαγωγὴν</span> <span class='ocrx_word' id='word_1_511' title='bbox 1599 1218 1802 1254; x_wconf 79' lang='grc' dir='ltr'>βαρυνόμενον,</span> <span class='ocrx_word' id='word_1_512' title='bbox 1819 1216 1869 1242; x_wconf 77' lang='grc' dir='ltr'>οὗ·</span> 
     </span>
    </p>
   </div>
   <div class='ocr_carea' id='block_1_70' title="bbox 1067 1262 1869 1309">
    <p class='ocr_par' dir='ltr' id='par_1_70' title="bbox 1067 1262 1869 1309">
     <span class='ocr_line' id='line_1_70' title="bbox 1067 1262 1869 1309; baseline -0.016 -9"><span class='ocrx_word' id='word_1_513' title='bbox 1067 1262 1107 1300; x_wconf 85' lang='grc' dir='ltr'><strong>τω</strong></span> <span class='ocrx_word' id='word_1_514' title='bbox 1124 1274 1277 1309; x_wconf 80' lang='grc' dir='ltr'>παροικεῖν,</span> <span class='ocrx_word' id='word_1_515' title='bbox 1304 1272 1342 1303; x_wconf 82' lang='grc' dir='ltr'>ὡς</span> <span class='ocrx_word' id='word_1_516' title='bbox 1367 1271 1392 1297; x_wconf 83' lang='grc' dir='ltr'>οἱ</span> <span class='ocrx_word' id='word_1_517' title='bbox 1416 1269 1468 1296; x_wconf 81' lang='grc' dir='ltr'><strong>ὑπὸ</strong></span> <span class='ocrx_word' id='word_1_518' title='bbox 1493 1267 1627 1295; x_wconf 74' lang='grc' dir='ltr'>δικαστῶν</span> <span class='ocrx_word' id='word_1_519' title='bbox 1644 1273 1730 1291; x_wconf 74' lang='grc' dir='ltr'>τινων</span> <span class='ocrx_word' id='word_1_520' title='bbox 1754 1262 1869 1289; x_wconf 79' lang='grc' dir='ltr'>ὲπίτισι</span> 
     </span>
    </p>
   </div>
   <div class='ocr_carea' id='block_1_71' title="bbox 1069 1308 1869 1354">
    <p class='ocr_par' dir='ltr' id='par_1_71' title="bbox 1069 1308 1869 1354">
     <span class='ocr_line' id='line_1_71' title="bbox 1069 1308 1869 1354; baseline -0.015 -8"><span class='ocrx_word' id='word_1_521' title='bbox 1069 1319 1304 1354; x_wconf 78' lang='grc' dir='ltr'>πλημμελήμασιν</span> <span class='ocrx_word' id='word_1_522' title='bbox 1321 1318 1360 1348; x_wconf 81' lang='grc' dir='ltr'><strong>είς</strong></span> <span class='ocrx_word' id='word_1_523' title='bbox 1370 1317 1419 1352; x_wconf 82' lang='grc' dir='ltr'><strong>τὴν</strong></span> <span class='ocrx_word' id='word_1_524' title='bbox 1432 1314 1580 1350; x_wconf 84' lang='grc' dir='ltr'>ὑπερορίαν</span> <span class='ocrx_word' id='word_1_525' title='bbox 1592 1314 1623 1339; x_wconf 81' lang='grc' dir='ltr'>ὲκ</span> <span class='ocrx_word' id='word_1_526' title='bbox 1636 1312 1686 1346; x_wconf 83' lang='grc' dir='ltr'><strong>τῆς</strong></span> <span class='ocrx_word' id='word_1_527' title='bbox 1696 1308 1869 1344; x_wconf 68' lang='grc' dir='ltr'>ἐνεγκούσης</span> 
     </span>
    </p>
   </div>
   <div class='ocr_carea' id='block_1_72' title="bbox 1068 1355 1870 1396">
    <p class='ocr_par' dir='ltr' id='par_1_72' title="bbox 1068 1355 1870 1396">
     <span class='ocr_line' id='line_1_72' title="bbox 1068 1355 1870 1396; baseline -0.015 -4"><span class='ocrx_word' id='word_1_528' title='bbox 1068 1365 1260 1396; x_wconf 82' lang='grc' dir='ltr'>ἀπελαθέντες.</span> <span class='ocrx_word' id='word_1_529' title='bbox 1277 1364 1395 1394; x_wconf 83' lang='grc' dir='ltr'>Σπάνιος</span> <span class='ocrx_word' id='word_1_530' title='bbox 1415 1362 1444 1389; x_wconf 84' lang='grc' dir='ltr'>δὲ</span> <span class='ocrx_word' id='word_1_531' title='bbox 1461 1362 1476 1387; x_wconf 85' lang='grc' dir='ltr'><strong>ὁ</strong></span> <span class='ocrx_word' id='word_1_532' title='bbox 1495 1359 1623 1390; x_wconf 84' lang='grc' dir='ltr'>τοιοῦτος,</span> <span class='ocrx_word' id='word_1_533' title='bbox 1645 1358 1659 1384; x_wconf 78' lang='grc' dir='ltr'>ὁ</span> <span class='ocrx_word' id='word_1_534' title='bbox 1678 1356 1718 1392; x_wconf 89' lang='grc' dir='ltr'>μὴ</span> <span class='ocrx_word' id='word_1_535' title='bbox 1736 1356 1776 1387; x_wconf 84' lang='grc' dir='ltr'>ὡς</span> <span class='ocrx_word' id='word_1_536' title='bbox 1794 1355 1870 1384; x_wconf 57' lang='grc' dir='ltr'><strong>ἰδίοξ</strong></span> 
     </span>
    </p>
   </div>
   <div class='ocr_carea' id='block_1_73' title="bbox 1070 1401 1869 1446">
    <p class='ocr_par' dir='ltr' id='par_1_73' title="bbox 1070 1401 1869 1446">
     <span class='ocr_line' id='line_1_73' title="bbox 1070 1401 1869 1446; baseline -0.014 -8"><span class='ocrx_word' id='word_1_537' title='bbox 1070 1410 1210 1446; x_wconf 79' lang='grc' dir='ltr'>προσέχων</span> <span class='ocrx_word' id='word_1_538' title='bbox 1226 1410 1282 1441; x_wconf 86' lang='grc' dir='ltr'>τοῖς</span> <span class='ocrx_word' id='word_1_539' title='bbox 1299 1407 1448 1444; x_wconf 75' lang='grc' dir='ltr'>παροῦσιν·</span> <span class='ocrx_word' id='word_1_540' title='bbox 1466 1407 1480 1433; x_wconf 86' lang='grc' dir='ltr'>ὁ</span> <span class='ocrx_word' id='word_1_541' title='bbox 1496 1405 1542 1432; x_wconf 77' lang='grc' dir='ltr'><strong>τοῦ</strong></span> <span class='ocrx_word' id='word_1_542' title='bbox 1561 1404 1676 1431; x_wconf 81' lang='grc' dir='ltr'>πλούτου</span> <span class='ocrx_word' id='word_1_543' title='bbox 1698 1402 1751 1437; x_wconf 81' lang='grc' dir='ltr'><strong>τὴν</strong></span> <span class='ocrx_word' id='word_1_544' title='bbox 1768 1401 1869 1437; x_wconf 71' lang='grc' dir='ltr'>χρῆσιν</span> 
     </span>
    </p>
   </div>
   <div class='ocr_carea' id='block_1_74' title="bbox 1069 1446 1868 1490">
    <p class='ocr_par' dir='ltr' id='par_1_74' title="bbox 1069 1446 1868 1490">
     <span class='ocr_line' id='line_1_74' title="bbox 1069 1446 1868 1490; baseline -0.011 -10"><span class='ocrx_word' id='word_1_545' title='bbox 1069 1454 1236 1490; x_wconf 84' lang='grc' dir='ltr'>πρόσκαιρον</span> <span class='ocrx_word' id='word_1_546' title='bbox 1252 1452 1431 1487; x_wconf 76' lang='grc' dir='ltr'>ἐπιστάμενος</span> <span class='ocrx_word' id='word_1_547' title='bbox 1441 1460 1447 1466; x_wconf 87' lang='grc'>·</span> <span class='ocrx_word' id='word_1_548' title='bbox 1462 1451 1476 1477; x_wconf 90' lang='grc' dir='ltr'>ὁ</span> <span class='ocrx_word' id='word_1_549' title='bbox 1488 1450 1533 1477; x_wconf 85' lang='grc' dir='ltr'><strong>τοῦ</strong></span> <span class='ocrx_word' id='word_1_550' title='bbox 1552 1449 1677 1484; x_wconf 81' lang='grc' dir='ltr'>σώματος</span> <span class='ocrx_word' id='word_1_551' title='bbox 1692 1447 1746 1483; x_wconf 78' lang='grc' dir='ltr'><strong>τὴν</strong></span> <span class='ocrx_word' id='word_1_552' title='bbox 1758 1446 1868 1479; x_wconf 75' lang='grc' dir='ltr'>εὐεξίαν</span> 
     </span>
    </p>
   </div>
   <div class='ocr_carea' id='block_1_75' title="bbox 1069 1492 1869 1535">
    <p class='ocr_par' dir='ltr' id='par_1_75' title="bbox 1069 1492 1869 1535">
     <span class='ocr_line' id='line_1_75' title="bbox 1069 1492 1869 1535; baseline -0.01 -9"><span class='ocrx_word' id='word_1_553' title='bbox 1069 1499 1248 1535; x_wconf 75' lang='grc' dir='ltr'>ὀλιγοχρόνιον</span> <span class='ocrx_word' id='word_1_554' title='bbox 1265 1498 1348 1529; x_wconf 82' lang='grc' dir='ltr'>τιθείς</span> <span class='ocrx_word' id='word_1_555' title='bbox 1361 1506 1368 1512; x_wconf 91' lang='grc'><strong>·</strong></span> <span class='ocrx_word' id='word_1_556' title='bbox 1384 1499 1398 1524; x_wconf 85' lang='grc' dir='ltr'>ὁ</span> <span class='ocrx_word' id='word_1_557' title='bbox 1412 1497 1553 1532; x_wconf 78' lang='grc' dir='ltr'>γνωρίζων</span> <span class='ocrx_word' id='word_1_558' title='bbox 1569 1495 1618 1530; x_wconf 83' lang='grc' dir='ltr'>τῆς</span> <span class='ocrx_word' id='word_1_559' title='bbox 1633 1493 1817 1529; x_wconf 74' lang='grc' dir='ltr'>ἀνθρωπίνης</span> <span class='ocrx_word' id='word_1_560' title='bbox 1828 1492 1869 1518; x_wconf 72' lang='grc' dir='ltr'><strong>δό-</strong></span> 
     </span>
    </p>
   </div>
   <div class='ocr_carea' id='block_1_76' title="bbox 1070 1539 1870 1581">
    <p class='ocr_par' dir='ltr' id='par_1_76' title="bbox 1070 1539 1870 1581">
     <span class='ocr_line' id='line_1_76' title="bbox 1070 1539 1870 1581; baseline -0.01 -8"><span class='ocrx_word' id='word_1_561' title='bbox 1070 1545 1119 1581; x_wconf 82' lang='grc' dir='ltr'><strong>ξης</strong></span> <span class='ocrx_word' id='word_1_562' title='bbox 1134 1545 1189 1581; x_wconf 83' lang='grc'>(96)</span> <span class='ocrx_word' id='word_1_563' title='bbox 1201 1545 1231 1572; x_wconf 82' lang='grc' dir='ltr'>τὺ</span> <span class='ocrx_word' id='word_1_564' title='bbox 1248 1544 1329 1576; x_wconf 79' lang='grc' dir='ltr'>ἄνθος</span> <span class='ocrx_word' id='word_1_565' title='bbox 1346 1543 1484 1571; x_wconf 76' lang='grc' dir='ltr'>ἀϐέϐαιον.</span> <span class='ocrx_word' id='word_1_566' title='bbox 1511 1542 1557 1575; x_wconf 76' lang='grc' dir='ltr'>Τίς</span> <span class='ocrx_word' id='word_1_567' title='bbox 1567 1539 1624 1568; x_wconf 83' lang='grc' dir='ltr'><strong>οὖν</strong></span> <span class='ocrx_word' id='word_1_568' title='bbox 1633 1539 1822 1574; x_wconf 74' lang='grc' dir='ltr'>παροιχήσει</span> <span class='ocrx_word' id='word_1_569' title='bbox 1836 1539 1870 1565; x_wconf 73' lang='grc' dir='ltr'><strong>ἐν</strong></span> 
     </span>
    </p>
   </div>
   <div class='ocr_carea' id='block_1_77' title="bbox 1070 1586 1870 1625">
    <p class='ocr_par' dir='ltr' id='par_1_77' title="bbox 1070 1586 1870 1625">
     <span class='ocr_line' id='line_1_77' title="bbox 1070 1586 1870 1625; baseline -0.01 -6"><span class='ocrx_word' id='word_1_570' title='bbox 1070 1591 1110 1624; x_wconf 84' lang='grc' dir='ltr'>τῷ</span> <span class='ocrx_word' id='word_1_571' title='bbox 1124 1590 1296 1625; x_wconf 76' lang='grc' dir='ltr'>σκηνώματι</span> <span class='ocrx_word' id='word_1_572' title='bbox 1310 1598 1368 1617; x_wconf 84' lang='grc' dir='ltr'><strong>σου</strong></span> <span class='ocrx_word' id='word_1_573' title='bbox 1382 1598 1392 1621; x_wconf 91' lang='grc'><strong><em>;</em></strong></span> <span class='ocrx_word' id='word_1_574' title='bbox 1407 1590 1542 1624; x_wconf 80' lang='grc' dir='ltr'>Σκήνωμα</span> <span class='ocrx_word' id='word_1_575' title='bbox 1557 1587 1602 1613; x_wconf 80' lang='grc' dir='ltr'><strong>τοῦ</strong></span> <span class='ocrx_word' id='word_1_576' title='bbox 1617 1586 1687 1613; x_wconf 90' lang='grc' dir='ltr'>Θεοῦ</span> <span class='ocrx_word' id='word_1_577' title='bbox 1701 1588 1720 1622; x_wconf 87' lang='grc' dir='ltr'>ἡ</span> <span class='ocrx_word' id='word_1_578' title='bbox 1739 1586 1807 1622; x_wconf 82' lang='grc' dir='ltr'>παρ’</span> <span class='ocrx_word' id='word_1_579' title='bbox 1823 1586 1870 1612; x_wconf 72' lang='grc' dir='ltr'><strong>αὖ·</strong></span> 
     </span>
    </p>
   </div>
   <div class='ocr_carea' id='block_1_78' title="bbox 1069 1631 1870 1671">
    <p class='ocr_par' dir='ltr' id='par_1_78' title="bbox 1069 1631 1870 1671">
     <span class='ocr_line' id='line_1_78' title="bbox 1069 1631 1870 1671; baseline -0.006 -8"><span class='ocrx_word' id='word_1_580' title='bbox 1069 1636 1118 1662; x_wconf 85' lang='grc' dir='ltr'><strong>τοῦ</strong></span> <span class='ocrx_word' id='word_1_581' title='bbox 1133 1636 1260 1671; x_wconf 83' lang='grc' dir='ltr'>δεδομένη</span> <span class='ocrx_word' id='word_1_582' title='bbox 1282 1635 1351 1671; x_wconf 80' lang='grc' dir='ltr'>σὰρξ</span> <span class='ocrx_word' id='word_1_583' title='bbox 1369 1636 1402 1670; x_wconf 78' lang='grc' dir='ltr'>τῇ</span> <span class='ocrx_word' id='word_1_584' title='bbox 1423 1634 1469 1661; x_wconf 87' lang='grc' dir='ltr'><strong>τοῦ</strong></span> <span class='ocrx_word' id='word_1_585' title='bbox 1485 1632 1627 1669; x_wconf 78' lang='grc' dir='ltr'>ἀνθρώπου</span> <span class='ocrx_word' id='word_1_586' title='bbox 1647 1632 1725 1667; x_wconf 81' lang='grc' dir='ltr'>ψυχῇ</span> <span class='ocrx_word' id='word_1_587' title='bbox 1743 1632 1787 1663; x_wconf 82' lang='grc' dir='ltr'>εἰς</span> <span class='ocrx_word' id='word_1_588' title='bbox 1803 1631 1870 1658; x_wconf 80' lang='grc' dir='ltr'><strong>ὲνοὶ-</strong></span> 
     </span>
    </p>
   </div>
   <div class='ocr_carea' id='block_1_79' title="bbox 1071 1678 1872 1717">
    <p class='ocr_par' dir='ltr' id='par_1_79' title="bbox 1071 1678 1872 1717">
     <span class='ocr_line' id='line_1_79' title="bbox 1071 1678 1872 1717; baseline -0.007 -8"><span class='ocrx_word' id='word_1_589' title='bbox 1071 1690 1150 1717; x_wconf 85' lang='grc' dir='ltr'>κησιν</span> <span class='ocrx_word' id='word_1_590' title='bbox 1165 1681 1335 1716; x_wconf 81' lang='grc' dir='ltr'>ὀνομάζεται.</span> <span class='ocrx_word' id='word_1_591' title='bbox 1359 1680 1407 1712; x_wconf 86' lang='grc' dir='ltr'>Τίς</span> <span class='ocrx_word' id='word_1_592' title='bbox 1426 1680 1464 1711; x_wconf 83' lang='grc' dir='ltr'>ὡς</span> <span class='ocrx_word' id='word_1_593' title='bbox 1479 1678 1607 1714; x_wconf 77' lang='grc' dir='ltr'>ἀλλοτρίᾳ</span> <span class='ocrx_word' id='word_1_594' title='bbox 1629 1680 1664 1713; x_wconf 85' lang='grc' dir='ltr'>τῇ</span> <span class='ocrx_word' id='word_1_595' title='bbox 1679 1678 1766 1713; x_wconf 73' lang='grc' dir='ltr'>σαρκὶ</span> <span class='ocrx_word' id='word_1_596' title='bbox 1783 1678 1872 1712; x_wconf 74' lang='grc' dir='ltr'>ταύτῃ</span> 
     </span>
    </p>
   </div>
   <div class='ocr_carea' id='block_1_80' title="bbox 1071 1724 1870 1763">
    <p class='ocr_par' dir='ltr' id='par_1_80' title="bbox 1071 1724 1870 1763">
     <span class='ocr_line' id='line_1_80' title="bbox 1071 1724 1870 1763; baseline -0.004 -10"><span class='ocrx_word' id='word_1_597' title='bbox 1071 1726 1215 1763; x_wconf 70' lang='grc' dir='ltr'>προσέξεις</span> <span class='ocrx_word' id='word_1_598' title='bbox 1235 1727 1341 1762; x_wconf 83' lang='grc' dir='ltr'>’Ὠσπερ</span> <span class='ocrx_word' id='word_1_599' title='bbox 1359 1727 1383 1753; x_wconf 75' lang='grc' dir='ltr'>οἱ</span> <span class='ocrx_word' id='word_1_600' title='bbox 1404 1726 1540 1761; x_wconf 78' lang='grc' dir='ltr'>πάροικοι,</span> <span class='ocrx_word' id='word_1_601' title='bbox 1554 1724 1697 1760; x_wconf 84' lang='grc' dir='ltr'>ἀλλοτρίαν</span> <span class='ocrx_word' id='word_1_602' title='bbox 1718 1724 1870 1760; x_wconf 68' lang='grc' dir='ltr'>ἐκμισθοῦ-</span> 
     </span>
    </p>
   </div>
   <div class='ocr_carea' id='block_1_81' title="bbox 1073 1768 1871 1806">
    <p class='ocr_par' dir='ltr' id='par_1_81' title="bbox 1073 1768 1871 1806">
     <span class='ocr_line' id='line_1_81' title="bbox 1073 1768 1871 1806; baseline -0.004 -9"><span class='ocrx_word' id='word_1_603' title='bbox 1073 1780 1148 1806; x_wconf 86' lang='grc' dir='ltr'>μενοι</span> <span class='ocrx_word' id='word_1_604' title='bbox 1169 1771 1224 1806; x_wconf 88' lang='grc'><strong>(97)</strong></span> <span class='ocrx_word' id='word_1_605' title='bbox 1249 1771 1311 1806; x_wconf 86' lang='grc' dir='ltr'>γῆν,</span> <span class='ocrx_word' id='word_1_606' title='bbox 1329 1771 1398 1806; x_wconf 83' lang='grc' dir='ltr'>πρὸς</span> <span class='ocrx_word' id='word_1_607' title='bbox 1417 1771 1447 1797; x_wconf 88' lang='grc' dir='ltr'>τὺ</span> <span class='ocrx_word' id='word_1_608' title='bbox 1466 1769 1589 1805; x_wconf 79' lang='grc' dir='ltr'>βούλημα</span> <span class='ocrx_word' id='word_1_609' title='bbox 1610 1768 1659 1795; x_wconf 85' lang='grc' dir='ltr'><strong>τοῦ</strong></span> <span class='ocrx_word' id='word_1_610' title='bbox 1685 1769 1871 1800; x_wconf 77' lang='grc' dir='ltr'>ἐκδεδωκότος</span> 
     </span>
    </p>
   </div>
   <div class='ocr_carea' id='block_1_82' title="bbox 1071 1816 1872 1853">
    <p class='ocr_par' dir='ltr' id='par_1_82' title="bbox 1071 1816 1872 1853">
     <span class='ocr_line' id='line_1_82' title="bbox 1071 1816 1872 1853; baseline -0.005 -9"><span class='ocrx_word' id='word_1_611' title='bbox 1071 1817 1226 1853; x_wconf 85' lang='grc' dir='ltr'>γεωργοῦσι</span> <span class='ocrx_word' id='word_1_612' title='bbox 1240 1817 1289 1853; x_wconf 82' lang='grc' dir='ltr'>τὴν</span> <span class='ocrx_word' id='word_1_613' title='bbox 1306 1817 1398 1853; x_wconf 88' lang='grc' dir='ltr'>χώραν</span> <span class='ocrx_word' id='word_1_614' title='bbox 1408 1826 1414 1832; x_wconf 95' lang='grc'><strong>·</strong></span> <span class='ocrx_word' id='word_1_615' title='bbox 1434 1816 1504 1843; x_wconf 68' lang='grc' dir='ltr'>οὕτω</span> <span class='ocrx_word' id='word_1_616' title='bbox 1517 1817 1562 1843; x_wconf 82' lang='grc' dir='ltr'><strong>καὶ</strong></span> <span class='ocrx_word' id='word_1_617' title='bbox 1579 1817 1643 1851; x_wconf 82' lang='grc' dir='ltr'>ἡμῖν</span> <span class='ocrx_word' id='word_1_618' title='bbox 1661 1816 1736 1842; x_wconf 72' lang='grc' dir='ltr'>κατὰ</span> <span class='ocrx_word' id='word_1_619' title='bbox 1749 1824 1872 1851; x_wconf 55' lang='lat' dir='ltr'><strong>any-{pa-</strong></span> 
     </span>
    </p>
   </div>
   <div class='ocr_carea' id='block_1_83' title="bbox 1072 1861 1873 1899">
    <p class='ocr_par' dir='ltr' id='par_1_83' title="bbox 1072 1861 1873 1899">
     <span class='ocr_line' id='line_1_83' title="bbox 1072 1861 1873 1899; baseline -0.004 -9"><span class='ocrx_word' id='word_1_620' title='bbox 1072 1863 1124 1898; x_wconf 84' lang='grc' dir='ltr'><strong>φὴν</strong></span> <span class='ocrx_word' id='word_1_621' title='bbox 1135 1865 1152 1899; x_wconf 84' lang='grc' dir='ltr'><strong>ἡ</strong></span> <span class='ocrx_word' id='word_1_622' title='bbox 1168 1864 1217 1899; x_wconf 86' lang='grc' dir='ltr'>τῆς</span> <span class='ocrx_word' id='word_1_623' title='bbox 1229 1864 1330 1899; x_wconf 83' lang='grc' dir='ltr'>σαρκὸς</span> <span class='ocrx_word' id='word_1_624' title='bbox 1344 1863 1488 1898; x_wconf 79' lang='grc' dir='ltr'>ἐπιμέλεια</span> <span class='ocrx_word' id='word_1_625' title='bbox 1499 1861 1689 1898; x_wconf 87' lang='grc' dir='ltr'>παραδέδοται,</span> <span class='ocrx_word' id='word_1_626' title='bbox 1703 1861 1778 1887; x_wconf 79' lang='grc' dir='ltr'>ὥστε</span> <span class='ocrx_word' id='word_1_627' title='bbox 1792 1869 1873 1897; x_wconf 71' lang='grc' dir='ltr'>προσ-</span> 
     </span>
    </p>
   </div>
   <div class='ocr_carea' id='block_1_84' title="bbox 1072 1907 1871 1945">
    <p class='ocr_par' dir='ltr' id='par_1_84' title="bbox 1072 1907 1871 1945">
     <span class='ocr_line' id='line_1_84' title="bbox 1072 1907 1871 1945; baseline -0.001 -10"><span class='ocrx_word' id='word_1_628' title='bbox 1072 1909 1192 1945; x_wconf 83' lang='grc' dir='ltr'>ηκόντως</span> <span class='ocrx_word' id='word_1_629' title='bbox 1209 1909 1294 1945; x_wconf 85' lang='grc' dir='ltr'>αὐτὴν</span> <span class='ocrx_word' id='word_1_630' title='bbox 1317 1909 1560 1944; x_wconf 73' lang='grc' dir='ltr'>φιλοπονήσαντας,</span> <span class='ocrx_word' id='word_1_631' title='bbox 1586 1907 1728 1943; x_wconf 76' lang='grc' dir='ltr'>ἔγκαρπον</span> <span class='ocrx_word' id='word_1_632' title='bbox 1753 1908 1871 1934; x_wconf 64' lang='grc' dir='ltr'>ἀποδοῦ-</span> 
     </span>
    </p>
   </div>
   <div class='ocr_carea' id='block_1_85' title="bbox 1072 1952 1872 1990">
    <p class='ocr_par' dir='ltr' id='par_1_85' title="bbox 1072 1952 1872 1990">
     <span class='ocr_line' id='line_1_85' title="bbox 1072 1952 1872 1990; baseline -0.003 -9"><span class='ocrx_word' id='word_1_633' title='bbox 1072 1963 1116 1981; x_wconf 88' lang='grc' dir='ltr'><strong>ναι</strong></span> <span class='ocrx_word' id='word_1_634' title='bbox 1127 1954 1165 1989; x_wconf 83' lang='grc' dir='ltr'>τῷ</span> <span class='ocrx_word' id='word_1_635' title='bbox 1178 1954 1313 1981; x_wconf 79' lang='grc' dir='ltr'>δεδωκότι.</span> <span class='ocrx_word' id='word_1_636' title='bbox 1336 1954 1396 1981; x_wconf 78' lang='grc' dir='ltr'><strong>Ἐὰν</strong></span> <span class='ocrx_word' id='word_1_637' title='bbox 1407 1955 1435 1981; x_wconf 82' lang='grc' dir='ltr'>δὲ</span> <span class='ocrx_word' id='word_1_638' title='bbox 1477 1954 1543 1980; x_wconf 77' lang='grc' dir='ltr'>Θεοῦ</span> <span class='ocrx_word' id='word_1_639' title='bbox 1560 1952 1623 1986; x_wconf 77' lang='grc' dir='ltr'>ἀξία</span> <span class='ocrx_word' id='word_1_640' title='bbox 1638 1954 1655 1988; x_wconf 82' lang='grc' dir='ltr'><strong>ὴ</strong></span> <span class='ocrx_word' id='word_1_641' title='bbox 1669 1952 1752 1988; x_wconf 77' lang='grc' dir='ltr'>σὰρξ,</span> <span class='ocrx_word' id='word_1_642' title='bbox 1765 1953 1872 1987; x_wconf 80' lang='grc' dir='ltr'>γίνεται</span> 
     </span>
    </p>
   </div>
   <div class='ocr_carea' id='block_1_86' title="bbox 1072 1999 1872 2037">
    <p class='ocr_par' dir='ltr' id='par_1_86' title="bbox 1072 1999 1872 2037">
     <span class='ocr_line' id='line_1_86' title="bbox 1072 1999 1872 2037; baseline -0.004 -9"><span class='ocrx_word' id='word_1_643' title='bbox 1072 2001 1110 2036; x_wconf 83' lang='grc' dir='ltr'><strong>τῷ</strong></span> <span class='ocrx_word' id='word_1_644' title='bbox 1123 2002 1180 2028; x_wconf 72' lang='grc' dir='ltr'>ῦντι</span> <span class='ocrx_word' id='word_1_645' title='bbox 1192 2001 1259 2028; x_wconf 85' lang='grc' dir='ltr'>Θεοῦ</span> <span class='ocrx_word' id='word_1_646' title='bbox 1278 2002 1411 2037; x_wconf 77' lang='grc' dir='ltr'>σκήνωμα</span> <span class='ocrx_word' id='word_1_647' title='bbox 1426 2000 1496 2027; x_wconf 81' lang='grc' dir='ltr'>κατὰ</span> <span class='ocrx_word' id='word_1_648' title='bbox 1505 1999 1554 2036; x_wconf 87' lang='grc' dir='ltr'>τὴν</span> <span class='ocrx_word' id='word_1_649' title='bbox 1567 2000 1705 2034; x_wconf 75' lang='grc' dir='ltr'>ἐνοίκησιν</span> <span class='ocrx_word' id='word_1_650' title='bbox 1719 2000 1811 2026; x_wconf 73' lang='grc' dir='ltr'>αὑτοῦ</span> <span class='ocrx_word' id='word_1_651' title='bbox 1826 1999 1872 2035; x_wconf 74' lang='grc' dir='ltr'>τὴν</span> 
     </span>
    </p>
   </div>
   <div class='ocr_carea' id='block_1_87' title="bbox 1073 2044 1869 2082">
    <p class='ocr_par' dir='ltr' id='par_1_87' title="bbox 1073 2044 1869 2082">
     <span class='ocr_line' id='line_1_87' title="bbox 1073 2044 1869 2082; baseline -0.003 -9"><span class='ocrx_word' id='word_1_652' title='bbox 1073 2047 1113 2078; x_wconf 84' lang='grc' dir='ltr'><strong>είς</strong></span> <span class='ocrx_word' id='word_1_653' title='bbox 1127 2047 1189 2078; x_wconf 72' lang='grc' dir='ltr'>τοὺς</span> <span class='ocrx_word' id='word_1_654' title='bbox 1210 2047 1314 2080; x_wconf 80' lang='grc' dir='ltr'>ἁγίους.</span> <span class='ocrx_word' id='word_1_655' title='bbox 1332 2046 1450 2082; x_wconf 80' lang='grc' dir='ltr'>Τοιαύτη</span> <span class='ocrx_word' id='word_1_656' title='bbox 1468 2046 1495 2072; x_wconf 83' lang='grc' dir='ltr'><strong>δέ</strong></span> <span class='ocrx_word' id='word_1_657' title='bbox 1511 2047 1585 2072; x_wconf 72' lang='grc' dir='ltr'>ἐστιν</span> <span class='ocrx_word' id='word_1_658' title='bbox 1607 2046 1624 2081; x_wconf 82' lang='grc' dir='ltr'>ὴ</span> <span class='ocrx_word' id='word_1_659' title='bbox 1639 2044 1687 2071; x_wconf 87' lang='grc' dir='ltr'><strong>τοῦ</strong></span> <span class='ocrx_word' id='word_1_660' title='bbox 1704 2045 1869 2080; x_wconf 76' lang='grc' dir='ltr'>παροικοῦν-</span> 
     </span>
    </p>
   </div>
   <div class='ocr_carea' id='block_1_88' title="bbox 233 2090 1022 2125">
    <p class='ocr_par' dir='ltr' id='par_1_88' title="bbox 233 2090 1022 2125">
     <span class='ocr_line' id='line_1_88' title="bbox 233 2090 1022 2125; baseline 0.001 -9"><span class='ocrx_word' id='word_1_661' title='bbox 233 2091 293 2117; x_wconf 86' lang='lat' dir='ltr'><strong>dam</strong></span> <span class='ocrx_word' id='word_1_662' title='bbox 308 2094 334 2117; x_wconf 92' lang='lat' dir='ltr'><strong>et</strong></span> <span class='ocrx_word' id='word_1_663' title='bbox 348 2090 500 2125; x_wconf 80' lang='lat' dir='ltr'><strong>progressio</strong></span> <span class='ocrx_word' id='word_1_664' title='bbox 516 2090 549 2117; x_wconf 89' lang='lat' dir='ltr'><strong>ad</strong></span> <span class='ocrx_word' id='word_1_665' title='bbox 563 2090 689 2124; x_wconf 88' lang='lat' dir='ltr'><strong>quiddam</strong></span> <span class='ocrx_word' id='word_1_666' title='bbox 702 2090 848 2125; x_wconf 86' lang='lat' dir='ltr'><strong>perfectius</strong></span> <span class='ocrx_word' id='word_1_667' title='bbox 856 2091 902 2119; x_wconf 89' lang='lat' dir='ltr'><strong>sit.</strong></span> <span class='ocrx_word' id='word_1_668' title='bbox 916 2090 949 2117; x_wconf 89' lang='lat' dir='ltr'><strong>Et</strong></span> <span class='ocrx_word' id='word_1_669' title='bbox 963 2092 1022 2125; x_wconf 73' lang='lat' dir='ltr'><strong>quis</strong></span> 
     </span>
    </p>
   </div>
   <div class='ocr_carea' id='block_1_89' title="bbox 233 2135 1023 2171">
    <p class='ocr_par' dir='ltr' id='par_1_89' title="bbox 233 2135 1023 2171">
     <span class='ocr_line' id='line_1_89' title="bbox 233 2135 1023 2171; baseline 0.001 -9"><span class='ocrx_word' id='word_1_670' title='bbox 233 2136 375 2170; x_wconf 80' lang='lat' dir='ltr'><strong>requiescet</strong></span> <span class='ocrx_word' id='word_1_671' title='bbox 389 2136 416 2162; x_wconf 81' lang='lat' dir='ltr'><strong>in</strong></span> <span class='ocrx_word' id='word_1_672' title='bbox 430 2140 518 2163; x_wconf 78' lang='lat' dir='ltr'><strong>monte</strong></span> <span class='ocrx_word' id='word_1_673' title='bbox 532 2141 623 2163; x_wconf 79' lang='lat' dir='ltr'><strong>sancto</strong></span> <span class='ocrx_word' id='word_1_674' title='bbox 637 2142 681 2163; x_wconf 87' lang='lat' dir='ltr'><strong>tuo</strong></span> <span class='ocrx_word' id='word_1_675' title='bbox 694 2137 706 2163; x_wconf 74' lang='grc' dir='ltr'>ἶ)</span> <span class='ocrx_word' id='word_1_676' title='bbox 721 2135 828 2164; x_wconf 70' lang='lat' dir='ltr'><strong>Judaaus</strong></span> <span class='ocrx_word' id='word_1_677' title='bbox 843 2137 952 2171; x_wconf 87' lang='lat' dir='ltr'><strong>quidem</strong></span> <span class='ocrx_word' id='word_1_678' title='bbox 970 2140 1023 2163; x_wconf 90' lang='lat' dir='ltr'><strong>ter-</strong></span> 
     </span>
    </p>
   </div>
   <div class='ocr_carea' id='block_1_90' title="bbox 1072 2091 1871 2127">
    <p class='ocr_par' dir='ltr' id='par_1_90' title="bbox 1072 2091 1871 2127">
     <span class='ocr_line' id='line_1_90' title="bbox 1072 2091 1871 2127; baseline -0.003 -8"><span class='ocrx_word' id='word_1_679' title='bbox 1072 2101 1127 2124; x_wconf 87' lang='grc' dir='ltr'>τος.</span> <span class='ocrx_word' id='word_1_680' title='bbox 1141 2092 1191 2119; x_wconf 80' lang='grc' dir='ltr'><strong>Διὰ</strong></span> <span class='ocrx_word' id='word_1_681' title='bbox 1207 2093 1296 2123; x_wconf 81' lang='grc' dir='ltr'>τοῦτο.</span> <span class='ocrx_word' id='word_1_682' title='bbox 1315 2093 1415 2127; x_wconf 79' lang='grc' dir='ltr'>Κύριε,</span> <span class='ocrx_word' id='word_1_683' title='bbox 1432 2093 1479 2125; x_wconf 79' lang='grc' dir='ltr'>τις</span> <span class='ocrx_word' id='word_1_684' title='bbox 1493 2091 1672 2126; x_wconf 81' lang='grc' dir='ltr'>παροικήσει</span> <span class='ocrx_word' id='word_1_685' title='bbox 1685 2092 1722 2118; x_wconf 73' lang='grc' dir='ltr'><strong>ἐν</strong></span> <span class='ocrx_word' id='word_1_686' title='bbox 1736 2091 1778 2125; x_wconf 82' lang='grc' dir='ltr'>τῷ</span> <span class='ocrx_word' id='word_1_687' title='bbox 1796 2099 1871 2123; x_wconf 80' lang='grc' dir='ltr'>σκη-</span> 
     </span>
    </p>
   </div>
   <div class='ocr_carea' id='block_1_91' title="bbox 1073 2136 1871 2174">
    <p class='ocr_par' dir='ltr' id='par_1_91' title="bbox 1073 2136 1871 2174">
     <span class='ocr_line' id='line_1_91' title="bbox 1073 2136 1871 2174; baseline -0.003 -9"><span class='ocrx_word' id='word_1_688' title='bbox 1073 2137 1185 2173; x_wconf 82' lang='grc' dir='ltr'>νώματι</span> <span class='ocrx_word' id='word_1_689' title='bbox 1197 2145 1274 2170; x_wconf 82' lang='grc' dir='ltr'>σου;</span> <span class='ocrx_word' id='word_1_690' title='bbox 1291 2136 1357 2165; x_wconf 77' lang='grc' dir='ltr'>Εἶτα</span> <span class='ocrx_word' id='word_1_691' title='bbox 1368 2139 1493 2174; x_wconf 83' lang='grc' dir='ltr'>προκοπὴ</span> <span class='ocrx_word' id='word_1_692' title='bbox 1507 2138 1553 2164; x_wconf 76' lang='grc' dir='ltr'><strong>καὶ</strong></span> <span class='ocrx_word' id='word_1_693' title='bbox 1566 2137 1678 2173; x_wconf 74' lang='grc' dir='ltr'>πρόοδος</span> <span class='ocrx_word' id='word_1_694' title='bbox 1688 2139 1704 2172; x_wconf 84' lang='grc' dir='ltr'>ἡ</span> <span class='ocrx_word' id='word_1_695' title='bbox 1722 2138 1772 2164; x_wconf 78' lang='grc' dir='ltr'>ἐπὶ</span> <span class='ocrx_word' id='word_1_696' title='bbox 1783 2138 1818 2164; x_wconf 75' lang='grc' dir='ltr'>τὸ</span> <span class='ocrx_word' id='word_1_697' title='bbox 1829 2145 1871 2164; x_wconf 84' lang='grc' dir='ltr'>τε-</span> 
     </span>
    </p>
   </div>
   <div class='ocr_carea' id='block_1_92' title="bbox 233 2180 1018 2218">
    <p class='ocr_par' dir='ltr' id='par_1_92' title="bbox 233 2181 1018 2214">
     <span class='ocr_line' id='line_1_92' title="bbox 233 2181 1018 2214; baseline 0.003 -7"><span class='ocrx_word' id='word_1_698' title='bbox 233 2185 319 2208; x_wconf 87' lang='lat' dir='ltr'><strong>rester</strong></span> <span class='ocrx_word' id='word_1_699' title='bbox 336 2188 396 2208; x_wconf 89' lang='lat' dir='ltr'><strong>cum</strong></span> <span class='ocrx_word' id='word_1_700' title='bbox 408 2187 526 2208; x_wconf 89' lang='lat' dir='ltr'><strong>montem</strong></span> <span class='ocrx_word' id='word_1_701' title='bbox 542 2182 626 2214; x_wconf 92' lang='lat' dir='ltr'><strong>audit,</strong></span> <span class='ocrx_word' id='word_1_702' title='bbox 639 2181 673 2209; x_wconf 87' lang='lat' dir='ltr'><strong>ad</strong></span> <span class='ocrx_word' id='word_1_703' title='bbox 683 2182 747 2209; x_wconf 90' lang='lat' dir='ltr'><strong>Sion</strong></span> <span class='ocrx_word' id='word_1_704' title='bbox 764 2183 888 2209; x_wconf 89' lang='lat' dir='ltr'><strong>recurrit.</strong></span> <span class='ocrx_word' id='word_1_705' title='bbox 903 2182 967 2214; x_wconf 76' lang='lat' dir='ltr'><strong>Quis</strong></span> <span class='ocrx_word' id='word_1_706' title='bbox 980 2190 1018 2209; x_wconf 81' lang='lat' dir='ltr'><strong>re-</strong></span> 
     </span>
    </p>
   </div>
   <div class='ocr_carea' id='block_1_93' title="bbox 1082 2180 1870 2218">
    <p class='ocr_par' dir='ltr' id='par_1_93' title="bbox 1082 2180 1870 2218">
     <span class='ocr_line' id='line_1_93' title="bbox 1082 2180 1870 2218; baseline -0.001 -10"><span class='ocrx_word' id='word_1_707' title='bbox 1082 2183 1219 2218; x_wconf 59' lang='grc' dir='ltr'>λειότερον.</span> <span class='ocrx_word' id='word_1_708' title='bbox 1243 2183 1298 2209; x_wconf 82' lang='lat' dir='ltr'><strong>Kal</strong></span> <span class='ocrx_word' id='word_1_709' title='bbox 1327 2183 1372 2215; x_wconf 80' lang='grc' dir='ltr'>τις</span> <span class='ocrx_word' id='word_1_710' title='bbox 1394 2180 1621 2216; x_wconf 69' lang='grc' dir='ltr'>κατασκηνώσει</span> <span class='ocrx_word' id='word_1_711' title='bbox 1647 2182 1683 2208; x_wconf 81' lang='grc' dir='ltr'><strong>ἐν</strong></span> <span class='ocrx_word' id='word_1_712' title='bbox 1706 2181 1771 2215; x_wconf 74' lang='grc' dir='ltr'>ὄρει</span> <span class='ocrx_word' id='word_1_713' title='bbox 1802 2182 1870 2216; x_wconf 75' lang='grc' dir='ltr'><strong>ἀτίῳ</strong></span> 
     </span>
    </p>
   </div>
   <div class='ocr_carea' id='block_1_94' title="bbox 232 2226 1018 2263">
    <p class='ocr_par' dir='ltr' id='par_1_94' title="bbox 232 2227 1018 2263">
     <span class='ocr_line' id='line_1_94' title="bbox 232 2227 1018 2263; baseline 0.003 -11"><span class='ocrx_word' id='word_1_714' title='bbox 232 2227 343 2261; x_wconf 79' lang='lat' dir='ltr'><strong>quiescet</strong></span> <span class='ocrx_word' id='word_1_715' title='bbox 354 2227 381 2252; x_wconf 79' lang='lat' dir='ltr'><strong>in</strong></span> <span class='ocrx_word' id='word_1_716' title='bbox 398 2231 485 2254; x_wconf 85' lang='lat' dir='ltr'><strong>monte</strong></span> <span class='ocrx_word' id='word_1_717' title='bbox 501 2231 591 2253; x_wconf 70' lang='lat' dir='ltr'><strong>sancto</strong></span> <span class='ocrx_word' id='word_1_718' title='bbox 603 2232 648 2253; x_wconf 87' lang='lat' dir='ltr'><strong>tuo</strong></span> <span class='ocrx_word' id='word_1_719' title='bbox 662 2228 675 2253; x_wconf 82' lang='lat'><strong><em>?</em></strong></span> <span class='ocrx_word' id='word_1_720' title='bbox 689 2227 739 2260; x_wconf 84' lang='lat' dir='ltr'><strong>Qui</strong></span> <span class='ocrx_word' id='word_1_721' title='bbox 756 2227 782 2254; x_wconf 94' lang='lat' dir='ltr'><strong>in</strong></span> <span class='ocrx_word' id='word_1_722' title='bbox 798 2235 879 2255; x_wconf 88' lang='lat' dir='ltr'><strong>carne</strong></span> <span class='ocrx_word' id='word_1_723' title='bbox 893 2232 1018 2263; x_wconf 84' lang='lat' dir='ltr'><strong>tanquam</strong></span> 
     </span>
    </p>
   </div>
   <div class='ocr_carea' id='block_1_95' title="bbox 1082 2226 1869 2263">
    <p class='ocr_par' dir='ltr' id='par_1_95' title="bbox 1082 2226 1869 2263">
     <span class='ocr_line' id='line_1_95' title="bbox 1082 2226 1869 2263; baseline -0.003 -8"><span class='ocrx_word' id='word_1_724' title='bbox 1082 2236 1151 2260; x_wconf 73' lang='lat' dir='ltr'><strong>70v;</strong></span> <span class='ocrx_word' id='word_1_725' title='bbox 1172 2228 1298 2260; x_wconf 87' lang='grc' dir='ltr'>Ἰουδαῖος</span> <span class='ocrx_word' id='word_1_726' title='bbox 1314 2227 1363 2263; x_wconf 80' lang='grc' dir='ltr'><strong>μὲν</strong></span> <span class='ocrx_word' id='word_1_727' title='bbox 1381 2229 1396 2254; x_wconf 80' lang='grc' dir='ltr'>ὁ</span> <span class='ocrx_word' id='word_1_728' title='bbox 1411 2228 1513 2263; x_wconf 83' lang='grc' dir='ltr'>γήϊνος,</span> <span class='ocrx_word' id='word_1_729' title='bbox 1531 2228 1594 2254; x_wconf 82' lang='grc' dir='ltr'>ὅταν</span> <span class='ocrx_word' id='word_1_730' title='bbox 1605 2227 1668 2262; x_wconf 77' lang='grc' dir='ltr'>ὅρος</span> <span class='ocrx_word' id='word_1_731' title='bbox 1682 2226 1740 2262; x_wconf 84' lang='grc'>(98)</span> <span class='ocrx_word' id='word_1_732' title='bbox 1755 2227 1869 2262; x_wconf 75' lang='grc' dir='ltr'>ἀκούσῃ,</span> 
     </span>
    </p>
   </div>
   <div class='ocr_carea' id='block_1_96' title="bbox 233 2271 1018 2308">
    <p class='ocr_par' dir='ltr' id='par_1_96' title="bbox 233 2271 1018 2308">
     <span class='ocr_line' id='line_1_96' title="bbox 233 2271 1018 2308; baseline 0.003 -10"><span class='ocrx_word' id='word_1_733' title='bbox 233 2271 392 2306; x_wconf 73' lang='lat' dir='ltr'><strong>peregrinus</strong></span> <span class='ocrx_word' id='word_1_734' title='bbox 402 2271 545 2304; x_wconf 81' lang='lat' dir='ltr'><strong>habitavit,</strong></span> <span class='ocrx_word' id='word_1_735' title='bbox 555 2271 581 2298; x_wconf 91' lang='lat' dir='ltr'><strong>in</strong></span> <span class='ocrx_word' id='word_1_736' title='bbox 593 2276 684 2300; x_wconf 91' lang='lat' dir='ltr'><strong>monte</strong></span> <span class='ocrx_word' id='word_1_737' title='bbox 695 2277 790 2300; x_wconf 89' lang='lat' dir='ltr'><strong>sancto</strong></span> <span class='ocrx_word' id='word_1_738' title='bbox 801 2278 846 2300; x_wconf 92' lang='lat' dir='ltr'><strong>tuo</strong></span> <span class='ocrx_word' id='word_1_739' title='bbox 858 2274 1018 2308; x_wconf 76' lang='lat' dir='ltr'><strong>requiescet.</strong></span> 
     </span>
    </p>
   </div>
   <div class='ocr_carea' id='block_1_97' title="bbox 1082 2271 1869 2308">
    <p class='ocr_par' dir='ltr' id='par_1_97' title="bbox 1082 2272 1869 2308">
     <span class='ocr_line' id='line_1_97' title="bbox 1082 2272 1869 2308; baseline -0.001 -9"><span class='ocrx_word' id='word_1_740' title='bbox 1082 2273 1144 2308; x_wconf 67' lang='grc' dir='ltr'>πρὸς</span> <span class='ocrx_word' id='word_1_741' title='bbox 1161 2273 1211 2308; x_wconf 83' lang='grc' dir='ltr'><strong>τὴν</strong></span> <span class='ocrx_word' id='word_1_742' title='bbox 1234 2272 1302 2299; x_wconf 87' lang='grc' dir='ltr'>Σιὼν</span> <span class='ocrx_word' id='word_1_743' title='bbox 1330 2272 1485 2308; x_wconf 79' lang='grc' dir='ltr'>ἀποτρέχει.</span> <span class='ocrx_word' id='word_1_744' title='bbox 1511 2272 1560 2305; x_wconf 78' lang='grc' dir='ltr'>Τίς</span> <span class='ocrx_word' id='word_1_745' title='bbox 1580 2272 1818 2306; x_wconf 79' lang='grc' dir='ltr'>κατασκηνώσει</span> <span class='ocrx_word' id='word_1_746' title='bbox 1839 2272 1869 2297; x_wconf 78' lang='grc' dir='ltr'><strong>ἐν</strong></span> 
     </span>
    </p>
   </div>
   <div class='ocr_carea' id='block_1_98' title="bbox 269 2349 1075 2383">
    <p class='ocr_par' dir='ltr' id='par_1_98' title="bbox 269 2349 1075 2383">
     <span class='ocr_line' id='line_1_98' title="bbox 269 2349 1075 2383; baseline 0 -6"><span class='ocrx_word' id='word_1_747' title='bbox 269 2349 549 2382; x_wconf 72' lang='lat' dir='ltr'><strong>&quot;Psal.xxxvui,15.</strong></span> <span class='ocrx_word' id='word_1_748' title='bbox 586 2350 646 2371; x_wconf 80' lang='grc'><strong>⁷’-⁸⁰</strong></span> <span class='ocrx_word' id='word_1_749' title='bbox 668 2349 734 2378; x_wconf 76' lang='lat' dir='ltr'><strong>Gen.</strong></span> <span class='ocrx_word' id='word_1_750' title='bbox 748 2350 887 2383; x_wconf 68' lang='lat'><strong>“111,16;</strong></span> <span class='ocrx_word' id='word_1_751' title='bbox 904 2350 1075 2383; x_wconf 76' lang='lat' dir='ltr'><strong>Act.vu,16.</strong></span> 
     </span>
    </p>
   </div>
   <div class='ocr_carea' id='block_1_99' title="bbox 237 2428 1022 2463">
    <p class='ocr_par' dir='ltr' id='par_1_99' title="bbox 237 2428 1022 2463">
     <span class='ocr_line' id='line_1_99' title="bbox 237 2428 1022 2463; baseline 0.001 -7"><span class='ocrx_word' id='word_1_752' title='bbox 237 2433 300 2460; x_wconf 84' lang='lat' dir='ltr'><strong>tur;</strong></span> <span class='ocrx_word' id='word_1_753' title='bbox 323 2434 373 2463; x_wconf 87' lang='lat' dir='ltr'><strong>nec</strong></span> <span class='ocrx_word' id='word_1_754' title='bbox 393 2428 471 2455; x_wconf 86' lang='lat' dir='ltr'><strong>aliter</strong></span> <span class='ocrx_word' id='word_1_755' title='bbox 490 2433 628 2463; x_wconf 84' lang='lat' dir='ltr'><strong>exponunt</strong></span> <span class='ocrx_word' id='word_1_756' title='bbox 647 2430 740 2456; x_wconf 83' lang='lat' dir='ltr'><strong>Patres</strong></span> <span class='ocrx_word' id='word_1_757' title='bbox 754 2429 851 2457; x_wconf 67' lang='lat' dir='ltr'><strong>Graeci.</strong></span> <span class='ocrx_word' id='word_1_758' title='bbox 867 2428 938 2456; x_wconf 85' lang='lat' dir='ltr'><strong>Infra</strong></span> <span class='ocrx_word' id='word_1_759' title='bbox 956 2437 1022 2457; x_wconf 89' lang='lat' dir='ltr'><strong>mss.</strong></span> 
     </span>
    </p>
   </div>
   <div class='ocr_carea' id='block_1_100' title="bbox 236 2462 539 2497">
    <p class='ocr_par' dir='ltr' id='par_1_100' title="bbox 236 2462 539 2497">
     <span class='ocr_line' id='line_1_100' title="bbox 236 2462 539 2497; baseline 0 -7"><span class='ocrx_word' id='word_1_760' title='bbox 236 2465 288 2490; x_wconf 91' lang='lat' dir='ltr'><strong>duo</strong></span> <span class='ocrx_word' id='word_1_761' title='bbox 299 2462 372 2489; x_wconf 86' lang='grc' dir='ltr'>ὁσίου</span> <span class='ocrx_word' id='word_1_762' title='bbox 389 2470 436 2497; x_wconf 83' lang='lat' dir='ltr'><strong>pro</strong></span> <span class='ocrx_word' id='word_1_763' title='bbox 452 2462 539 2497; x_wconf 51' lang='grc' dir='ltr'>ἁγίου.</span> 
     </span>
    </p>
   </div>
   <div class='ocr_carea' id='block_1_101' title="bbox 272 2496 1023 2534">
    <p class='ocr_par' dir='ltr' id='par_1_101' title="bbox 272 2496 1023 2534">
     <span class='ocr_line' id='line_1_101' title="bbox 272 2496 1023 2534; baseline 0 -10"><span class='ocrx_word' id='word_1_764' title='bbox 272 2497 377 2534; x_wconf 55' lang='grc'>(92-95)</span> <span class='ocrx_word' id='word_1_765' title='bbox 386 2496 543 2534; x_wconf 68' lang='grc' dir='ltr'>ιιιυα,παρά</span> <span class='ocrx_word' id='word_1_766' title='bbox 554 2499 605 2529; x_wconf 85' lang='grc' dir='ltr'>σοι,</span> <span class='ocrx_word' id='word_1_767' title='bbox 615 2499 689 2525; x_wconf 88' lang='lat' dir='ltr'><strong>deest</strong></span> <span class='ocrx_word' id='word_1_768' title='bbox 697 2499 723 2525; x_wconf 86' lang='lat' dir='ltr'><strong>in</strong></span> <span class='ocrx_word' id='word_1_769' title='bbox 732 2498 865 2534; x_wconf 78' lang='lat' dir='ltr'><strong>aliquibus</strong></span> <span class='ocrx_word' id='word_1_770' title='bbox 873 2506 936 2526; x_wconf 87' lang='lat' dir='ltr'><strong>mss.</strong></span> <span class='ocrx_word' id='word_1_771' title='bbox 946 2499 1023 2533; x_wconf 89' lang='lat' dir='ltr'><strong>Apud</strong></span> 
     </span>
    </p>
   </div>
   <div class='ocr_carea' id='block_1_102' title="bbox 236 2532 1020 2569">
    <p class='ocr_par' dir='ltr' id='par_1_102' title="bbox 236 2532 1020 2569">
     <span class='ocr_line' id='line_1_102' title="bbox 236 2532 1020 2569; baseline 0 -10"><span class='ocrx_word' id='word_1_772' title='bbox 236 2532 307 2569; x_wconf 63' lang='lat' dir='ltr'><strong>LXX</strong></span> <span class='ocrx_word' id='word_1_773' title='bbox 336 2533 418 2569; x_wconf 76' lang='lat' dir='ltr'><strong>paulo</strong></span> <span class='ocrx_word' id='word_1_774' title='bbox 438 2532 527 2569; x_wconf 70' lang='lat' dir='ltr'><strong>aliter&quot;,</strong></span> <span class='ocrx_word' id='word_1_775' title='bbox 551 2534 682 2569; x_wconf 78' lang='grc' dir='ltr'>πάροικος</span> <span class='ocrx_word' id='word_1_776' title='bbox 702 2533 759 2569; x_wconf 71' lang='grc' dir='ltr'>έγῲ</span> <span class='ocrx_word' id='word_1_777' title='bbox 782 2534 855 2569; x_wconf 60' lang='grc' dir='ltr'><strong>ειμι⁵</strong></span> <span class='ocrx_word' id='word_1_778' title='bbox 868 2534 949 2569; x_wconf 31' lang='grc' dir='ltr'>ὲνλτῇ</span> <span class='ocrx_word' id='word_1_779' title='bbox 973 2532 1020 2568; x_wconf 73' lang='grc' dir='ltr'><strong>γῇ,</strong></span> 
     </span>
    </p>
   </div>
   <div class='ocr_carea' id='block_1_103' title="bbox 237 2566 1022 2603">
    <p class='ocr_par' dir='ltr' id='par_1_103' title="bbox 237 2566 1022 2603">
     <span class='ocr_line' id='line_1_103' title="bbox 237 2566 1022 2603; baseline 0.003 -10"><span class='ocrx_word' id='word_1_780' title='bbox 237 2567 294 2603; x_wconf 64' lang='grc' dir='ltr'>καί,</span> <span class='ocrx_word' id='word_1_781' title='bbox 304 2572 357 2594; x_wconf 87' lang='lat' dir='ltr'><strong>etc.</strong></span> <span class='ocrx_word' id='word_1_782' title='bbox 373 2567 493 2603; x_wconf 72' lang='lat' dir='ltr'><strong>Subinde</strong></span> <span class='ocrx_word' id='word_1_783' title='bbox 506 2566 685 2595; x_wconf 57' lang='lat' dir='ltr'><strong>editio&#39;Paris.</strong></span> <span class='ocrx_word' id='word_1_784' title='bbox 701 2566 825 2603; x_wconf 74' lang='grc' dir='ltr'>Ἀϐραὰμ</span> <span class='ocrx_word' id='word_1_785' title='bbox 841 2566 886 2603; x_wconf 81' lang='grc' dir='ltr'><strong>ἦν.</strong></span> <span class='ocrx_word' id='word_1_786' title='bbox 901 2566 954 2595; x_wconf 73' lang='lat' dir='ltr'><strong>Sed</strong></span> <span class='ocrx_word' id='word_1_787' title='bbox 970 2566 1022 2595; x_wconf 51' lang='lat' dir='ltr'><strong>vo&#39;x</strong></span> 
     </span>
    </p>
   </div>
   <div class='ocr_carea' id='block_1_104' title="bbox 237 2600 1021 2638">
    <p class='ocr_par' dir='ltr' id='par_1_104' title="bbox 237 2600 1021 2638">
     <span class='ocr_line' id='line_1_104' title="bbox 237 2600 1021 2638; baseline 0 -9"><span class='ocrx_word' id='word_1_788' title='bbox 237 2600 272 2637; x_wconf 82' lang='grc' dir='ltr'>ἦν</span> <span class='ocrx_word' id='word_1_789' title='bbox 283 2609 369 2638; x_wconf 76' lang='lat' dir='ltr'><strong>neque</strong></span> <span class='ocrx_word' id='word_1_790' title='bbox 381 2602 406 2628; x_wconf 92' lang='lat' dir='ltr'><strong>in</strong></span> <span class='ocrx_word' id='word_1_791' title='bbox 421 2610 486 2638; x_wconf 77' lang='lat' dir='ltr'><strong>mss.</strong></span> <span class='ocrx_word' id='word_1_792' title='bbox 505 2603 647 2638; x_wconf 87' lang='lat' dir='ltr'><strong>reperitur,</strong></span> <span class='ocrx_word' id='word_1_793' title='bbox 662 2600 755 2637; x_wconf 66' lang='lat' dir='ltr'><strong>neque&#39;</strong></span> <span class='ocrx_word' id='word_1_794' title='bbox 765 2604 790 2629; x_wconf 93' lang='lat' dir='ltr'><strong>in</strong></span> <span class='ocrx_word' id='word_1_795' title='bbox 806 2600 923 2631; x_wconf 79' lang='lat' dir='ltr'><strong>ediiione</strong></span> <span class='ocrx_word' id='word_1_796' title='bbox 940 2603 1021 2630; x_wconf 82' lang='lat' dir='ltr'><strong>Basil.</strong></span> 
     </span>
    </p>
   </div>
   <div class='ocr_carea' id='block_1_105' title="bbox 274 2637 1019 2678">
    <p class='ocr_par' dir='ltr' id='par_1_105' title="bbox 274 2637 1019 2678">
     <span class='ocr_line' id='line_1_105' title="bbox 274 2637 1019 2678; baseline 0 -14"><span class='ocrx_word' id='word_1_797' title='bbox 274 2637 329 2678; x_wconf 73' lang='grc'>(94)</span> <span class='ocrx_word' id='word_1_798' title='bbox 357 2638 414 2664; x_wconf 82' lang='lat' dir='ltr'><strong>Vox</strong></span> <span class='ocrx_word' id='word_1_799' title='bbox 438 2637 539 2678; x_wconf 61' lang='grc' dir='ltr'>ταύτῃ</span> <span class='ocrx_word' id='word_1_800' title='bbox 556 2639 631 2678; x_wconf 63' lang='lat' dir='ltr'><strong>deest</strong></span> <span class='ocrx_word' id='word_1_801' title='bbox 657 2639 683 2678; x_wconf 76' lang='lat' dir='ltr'><strong>in</strong></span> <span class='ocrx_word' id='word_1_802' title='bbox 717 2638 838 2678; x_wconf 70' lang='lat' dir='ltr'><strong>plurimis</strong></span> <span class='ocrx_word' id='word_1_803' title='bbox 867 2646 931 2665; x_wconf 84' lang='lat' dir='ltr'><strong>mss.</strong></span> <span class='ocrx_word' id='word_1_804' title='bbox 946 2638 1019 2678; x_wconf 56' lang='grc' dir='ltr'><strong>ΔΜρχ</strong></span> 
     </span>
    </p>
   </div>
   <div class='ocr_carea' id='block_1_106' title="bbox 238 2672 1020 2708">
    <p class='ocr_par' dir='ltr' id='par_1_106' title="bbox 238 2672 1020 2708">
     <span class='ocr_line' id='line_1_106' title="bbox 238 2672 1020 2708; baseline 0.001 -10"><span class='ocrx_word' id='word_1_805' title='bbox 238 2672 363 2708; x_wconf 78' lang='lat' dir='ltr'><strong>quiuun</strong></span> <span class='ocrx_word' id='word_1_806' title='bbox 372 2679 436 2699; x_wconf 93' lang='lat' dir='ltr'><strong>mss.</strong></span> <span class='ocrx_word' id='word_1_807' title='bbox 455 2672 553 2708; x_wconf 76' lang='lat' dir='ltr'><strong>habent</strong></span> <span class='ocrx_word' id='word_1_808' title='bbox 567 2672 726 2708; x_wconf 80' lang='grc' dir='ltr'>δεξαμένην.</span> <span class='ocrx_word' id='word_1_809' title='bbox 743 2673 794 2699; x_wconf 78' lang='lat' dir='ltr'><strong>Alii</strong></span> <span class='ocrx_word' id='word_1_810' title='bbox 815 2677 931 2707; x_wconf 90' lang='lat' dir='ltr'><strong>quatuor</strong></span> <span class='ocrx_word' id='word_1_811' title='bbox 944 2672 1020 2705; x_wconf 74' lang='grc' dir='ltr'>δεξο-</span> 
     </span>
    </p>
   </div>
   <div class='ocr_carea' id='block_1_107' title="bbox 239 2707 1018 2742">
    <p class='ocr_par' dir='ltr' id='par_1_107' title="bbox 239 2707 1018 2742">
     <span class='ocr_line' id='line_1_107' title="bbox 239 2707 1018 2742; baseline 0 -8"><span class='ocrx_word' id='word_1_812' title='bbox 239 2707 335 2742; x_wconf 83' lang='grc' dir='ltr'>μένην.</span> <span class='ocrx_word' id='word_1_813' title='bbox 352 2707 445 2735; x_wconf 88' lang='lat' dir='ltr'><strong>Lectio</strong></span> <span class='ocrx_word' id='word_1_814' title='bbox 456 2708 529 2742; x_wconf 88' lang='lat' dir='ltr'><strong>prior</strong></span> <span class='ocrx_word' id='word_1_815' title='bbox 541 2707 751 2736; x_wconf 41' lang='lat' dir='ltr'><strong>favere&#39;vitletur</strong></span> <span class='ocrx_word' id='word_1_816' title='bbox 765 2708 810 2740; x_wconf 88' lang='lat' dir='ltr'><strong>iis,</strong></span> <span class='ocrx_word' id='word_1_817' title='bbox 824 2708 869 2741; x_wconf 92' lang='lat' dir='ltr'><strong>qui</strong></span> <span class='ocrx_word' id='word_1_818' title='bbox 879 2708 905 2735; x_wconf 92' lang='lat' dir='ltr'><strong>id</strong></span> <span class='ocrx_word' id='word_1_819' title='bbox 917 2708 1018 2734; x_wconf 89' lang='lat' dir='ltr'><strong>dictum</strong></span> 
     </span>
    </p>
   </div>
   <div class='ocr_carea' id='block_1_108' title="bbox 238 2741 1863 2802">
    <p class='ocr_par' dir='ltr' id='par_1_108' title="bbox 238 2741 1863 2802">
     <span class='ocr_line' id='line_1_108' title="bbox 238 2741 1863 2802; baseline 0.002 -34"><span class='ocrx_word' id='word_1_820' title='bbox 238 2741 335 2802; x_wconf 58' lang='lat' dir='ltr'><strong>putant</strong></span> <span class='ocrx_word' id='word_1_821' title='bbox 356 2744 389 2769; x_wconf 87' lang='lat' dir='ltr'><strong>de</strong></span> <span class='ocrx_word' id='word_1_822' title='bbox 403 2741 564 2783; x_wconf 44' lang='lat' dir='ltr'><strong>.Abrahainp</strong></span> <span class='ocrx_word' id='word_1_823' title='bbox 578 2753 585 2771; x_wconf 90' lang='lat'><strong>:</strong></span> <span class='ocrx_word' id='word_1_824' title='bbox 608 2743 741 2784; x_wconf 82' lang='lat' dir='ltr'><strong>posterior</strong></span> <span class='ocrx_word' id='word_1_825' title='bbox 758 2743 802 2774; x_wconf 76' lang='lat' dir='ltr'><strong>ﬁs,</strong></span> <span class='ocrx_word' id='word_1_826' title='bbox 817 2743 861 2777; x_wconf 89' lang='lat' dir='ltr'><strong>qui</strong></span> <span class='ocrx_word' id='word_1_827' title='bbox 873 2743 1020 2783; x_wconf 71' lang='lat' dir='ltr'><strong>quemlibet</strong></span> <span class='ocrx_word' id='word_1_828' title='bbox 1108 2742 1164 2777; x_wconf 84' lang='lat'><strong>(98)</strong></span> <span class='ocrx_word' id='word_1_829' title='bbox 1178 2742 1253 2770; x_wconf 84' lang='lat' dir='ltr'><strong>Multi</strong></span> <span class='ocrx_word' id='word_1_830' title='bbox 1268 2749 1334 2770; x_wconf 90' lang='lat' dir='ltr'><strong>mss.</strong></span> <span class='ocrx_word' id='word_1_831' title='bbox 1347 2747 1375 2770; x_wconf 86' lang='lat' dir='ltr'><strong>et</strong></span> <span class='ocrx_word' id='word_1_832' title='bbox 1389 2743 1454 2770; x_wconf 90' lang='lat' dir='ltr'><strong>editi</strong></span> <span class='ocrx_word' id='word_1_833' title='bbox 1467 2741 1541 2785; x_wconf 63' lang='grc' dir='ltr'><strong>ὅροςε</strong></span> <span class='ocrx_word' id='word_1_834' title='bbox 1555 2742 1608 2784; x_wconf 81' lang='lat' dir='ltr'><strong>Alii</strong></span> <span class='ocrx_word' id='word_1_835' title='bbox 1625 2748 1681 2771; x_wconf 88' lang='lat' dir='ltr'><strong>tres</strong></span> <span class='ocrx_word' id='word_1_836' title='bbox 1694 2744 1790 2779; x_wconf 79' lang='grc' dir='ltr'>ὅρους.</span> <span class='ocrx_word' id='word_1_837' title='bbox 1803 2742 1863 2784; x_wconf 67' lang='grc' dir='ltr'>Ρξιξισ</span> 
     </span>
     <span class='ocr_line' id='line_1_109' title="bbox 249 2777 1861 2802; baseline 0 0"><span class='ocrx_word' id='word_1_838' title='bbox 249 2783 374 2802; x_wconf 69' lang='lat' dir='ltr'><strong>nominem</strong></span> <span class='ocrx_word' id='word_1_839' title='bbox 385 2785 427 2802; x_wconf 85' lang='lat' dir='ltr'><strong>me</strong></span> <span class='ocrx_word' id='word_1_840' title='bbox 439 2783 466 2802; x_wconf 91' lang='lat' dir='ltr'><strong>et</strong></span> <span class='ocrx_word' id='word_1_841' title='bbox 477 2779 599 2802; x_wconf 75' lang='lat' dir='ltr'><strong>relmmse</strong></span> <span class='ocrx_word' id='word_1_842' title='bbox 609 2783 743 2802; x_wconf 78' lang='lat' dir='ltr'><strong>uiuentem</strong></span> <span class='ocrx_word' id='word_1_843' title='bbox 758 2778 809 2802; x_wconf 86' lang='lat' dir='ltr'><strong>hoc</strong></span> <span class='ocrx_word' id='word_1_844' title='bbox 817 2777 876 2802; x_wconf 88' lang='lat' dir='ltr'><strong>loco</strong></span> <span class='ocrx_word' id='word_1_845' title='bbox 885 2778 1019 2802; x_wconf 77' lang='lat' dir='ltr'><strong>desmuart</strong></span> <span class='ocrx_word' id='word_1_846' title='bbox 1073 2777 1098 2802; x_wconf 89' lang='lat' dir='ltr'><strong>lo</strong></span> <span class='ocrx_word' id='word_1_847' title='bbox 1124 2781 1183 2802; x_wconf 77' lang='lat' dir='ltr'><strong>post</strong></span> <span class='ocrx_word' id='word_1_848' title='bbox 1205 2778 1258 2802; x_wconf 87' lang='lat' dir='ltr'><strong>duo</strong></span> <span class='ocrx_word' id='word_1_849' title='bbox 1274 2786 1338 2802; x_wconf 65' lang='lat' dir='ltr'><strong>mss.</strong></span> <span class='ocrx_word' id='word_1_850' title='bbox 1364 2779 1379 2802; x_wconf 81' lang='grc' dir='ltr'><strong><em>ὸ</em></strong></span> <span class='ocrx_word' id='word_1_851' title='bbox 1392 2778 1421 2802; x_wconf 77' lang='grc' dir='ltr'><strong>δὲ</strong></span> <span class='ocrx_word' id='word_1_852' title='bbox 1448 2779 1492 2802; x_wconf 77' lang='grc' dir='ltr'>τῆ.</span> <span class='ocrx_word' id='word_1_853' title='bbox 1523 2779 1644 2802; x_wconf 65' lang='lat' dir='ltr'><strong>buhmde</strong></span> <span class='ocrx_word' id='word_1_854' title='bbox 1669 2779 1724 2802; x_wconf 86' lang='lat' dir='ltr'><strong>dun</strong></span> <span class='ocrx_word' id='word_1_855' title='bbox 1752 2786 1817 2802; x_wconf 65' lang='lat' dir='ltr'><strong>mss.</strong></span> <span class='ocrx_word' id='word_1_856' title='bbox 1830 2783 1861 2802; x_wconf 78' lang='grc' dir='ltr'>ως</span> 
     </span>
    </p>
   </div>
   <div class='ocr_carea' id='block_1_109' title="bbox 249 2776 1861 2839">
    <p class='ocr_par' dir='ltr' id='par_1_109' title="bbox 249 2776 1861 2839">
     <span class='ocr_line' id='line_1_110' title="bbox 249 2776 1861 2814; baseline 0.002 -12"><span class='ocrx_word' id='word_1_857' title='bbox 249 2777 374 2803; x_wconf 71' lang='lat' dir='ltr'><strong>nominem</strong></span> <span class='ocrx_word' id='word_1_858' title='bbox 385 2777 427 2811; x_wconf 86' lang='lat' dir='ltr'><strong>pie</strong></span> <span class='ocrx_word' id='word_1_859' title='bbox 439 2783 466 2805; x_wconf 90' lang='lat' dir='ltr'><strong>et</strong></span> <span class='ocrx_word' id='word_1_860' title='bbox 476 2779 599 2812; x_wconf 84' lang='lat' dir='ltr'><strong>religiose</strong></span> <span class='ocrx_word' id='word_1_861' title='bbox 609 2776 743 2806; x_wconf 86' lang='lat' dir='ltr'><strong>viventem</strong></span> <span class='ocrx_word' id='word_1_862' title='bbox 758 2778 809 2806; x_wconf 91' lang='lat' dir='ltr'><strong>hoc</strong></span> <span class='ocrx_word' id='word_1_863' title='bbox 817 2776 1019 2812; x_wconf 72' lang='lat' dir='ltr'><strong>lbcodesiguari</strong></span> <span class='ocrx_word' id='word_1_864' title='bbox 1073 2777 1098 2804; x_wconf 93' lang='lat' dir='ltr'><strong>lo</strong></span> <span class='ocrx_word' id='word_1_865' title='bbox 1114 2776 1183 2811; x_wconf 83' lang='lat' dir='ltr'><strong>post</strong></span> <span class='ocrx_word' id='word_1_866' title='bbox 1205 2778 1258 2805; x_wconf 92' lang='lat' dir='ltr'><strong>duo</strong></span> <span class='ocrx_word' id='word_1_867' title='bbox 1274 2786 1338 2807; x_wconf 85' lang='lat' dir='ltr'><strong>mss.</strong></span> <span class='ocrx_word' id='word_1_868' title='bbox 1364 2779 1379 2805; x_wconf 84' lang='grc' dir='ltr'><strong>ὸ</strong></span> <span class='ocrx_word' id='word_1_869' title='bbox 1392 2778 1421 2804; x_wconf 80' lang='grc' dir='ltr'>δὲ</span> <span class='ocrx_word' id='word_1_870' title='bbox 1448 2776 1492 2812; x_wconf 71' lang='grc' dir='ltr'><strong>τῇζ</strong></span> <span class='ocrx_word' id='word_1_871' title='bbox 1523 2778 1644 2807; x_wconf 85' lang='lat' dir='ltr'><strong>Subinde</strong></span> <span class='ocrx_word' id='word_1_872' title='bbox 1662 2776 1724 2814; x_wconf 74' lang='lat' dir='ltr'><strong>duo</strong></span> <span class='ocrx_word' id='word_1_873' title='bbox 1752 2776 1861 2807; x_wconf 66' lang='grc' dir='ltr'><strong>ωδε-’ὡς</strong></span> 
     </span>
     <span class='ocr_line' id='line_1_111' title="bbox 249 2810 1210 2839; baseline 0.001 -2"><span class='ocrx_word' id='word_1_874' title='bbox 249 2810 416 2839; x_wconf 77' lang='lat' dir='ltr'><strong>trbitrantur.</strong></span> <span class='ocrx_word' id='word_1_875' title='bbox 1072 2811 1210 2839; x_wconf 78' lang='grc' dir='ltr'>ἀλλοτρία.</span> 
     </span>
    </p>
   </div>
   <div class='ocr_carea' id='block_1_110' title="bbox 1122 2820 1210 2846">
    <p class='ocr_par' dir='ltr' id='par_1_110' title="bbox 1122 2820 1210 2846">
     <span class='ocr_line' id='line_1_112' title="bbox 1122 2820 1210 2846; baseline 0.011 -9"><span class='ocrx_word' id='word_1_876' title='bbox 1122 2820 1210 2846; x_wconf 70' lang='grc' dir='ltr'>οτριᾳ.</span> 
     </span>
    </p>
   </div>
   <div class='ocr_carea' id='block_1_111' title="bbox 1113 2427 1867 2489">
    <p class='ocr_par' dir='ltr' id='par_1_111' title="bbox 1113 2427 1867 2489">
     <span class='ocr_line' id='line_1_113' title="bbox 1113 2427 1867 2489; baseline -0.001 -34"><span class='ocrx_word' id='word_1_877' title='bbox 1113 2428 1169 2461; x_wconf 76' lang='lat'><strong>(95)</strong></span> <span class='ocrx_word' id='word_1_878' title='bbox 1186 2428 1261 2489; x_wconf 52' lang='grc' dir='ltr'><strong>[ξιξεῙὶ</strong></span> <span class='ocrx_word' id='word_1_879' title='bbox 1276 2428 1371 2456; x_wconf 90' lang='lat' dir='ltr'><strong>tertius</strong></span> <span class='ocrx_word' id='word_1_880' title='bbox 1390 2432 1417 2455; x_wconf 89' lang='lat' dir='ltr'><strong>et</strong></span> <span class='ocrx_word' id='word_1_881' title='bbox 1437 2433 1531 2455; x_wconf 83' lang='lat' dir='ltr'><strong>sextus</strong></span> <span class='ocrx_word' id='word_1_882' title='bbox 1545 2427 1644 2455; x_wconf 79' lang='grc' dir='ltr'>εἰδέναι</span> <span class='ocrx_word' id='word_1_883' title='bbox 1663 2428 1759 2456; x_wconf 79' lang='grc' dir='ltr'>πάντα</span> <span class='ocrx_word' id='word_1_884' title='bbox 1779 2428 1867 2457; x_wconf 78' lang='grc' dir='ltr'>πιστὸν</span> 
     </span>
     <span class='ocr_line' id='line_1_114' title="bbox 1113 2471 1232 2489; baseline 0 0"><span class='ocrx_word' id='word_1_885' title='bbox 1113 2472 1136 2489; x_wconf 89' lang='grc' dir='ltr'><strong>ν.</strong></span> <span class='ocrx_word' id='word_1_886' title='bbox 1154 2472 1194 2489; x_wconf 77' lang='lat' dir='ltr'><strong>lll‘d</strong></span> <span class='ocrx_word' id='word_1_887' title='bbox 1207 2471 1232 2489; x_wconf 85' lang='lat' dir='ltr'><strong>e.</strong></span> 
     </span>
    </p>
   </div>
   <div class='ocr_carea' id='block_1_112' title="bbox 1076 2465 1866 2559">
    <p class='ocr_par' dir='ltr' id='par_1_112' title="bbox 1076 2465 1866 2559">
     <span class='ocr_line' id='line_1_115' title="bbox 1076 2465 1866 2559; baseline -0.004 -33"><span class='ocrx_word' id='word_1_888' title='bbox 1076 2465 1259 2559; x_wconf 49' lang='grc' dir='ltr'><strong>τήῗέιὲὶὲἓίὺ.</strong></span> <span class='ocrx_word' id='word_1_889' title='bbox 1276 2498 1393 2531; x_wconf 86' lang='lat' dir='ltr'><strong>&#39;quartns</strong></span> <span class='ocrx_word' id='word_1_890' title='bbox 1410 2496 1519 2541; x_wconf 69' lang='grc' dir='ltr'>φύσεως</span> <span class='ocrx_word' id='word_1_891' title='bbox 1534 2505 1583 2531; x_wconf 89' lang='lat' dir='ltr'><strong>pro</strong></span> <span class='ocrx_word' id='word_1_892' title='bbox 1594 2497 1687 2541; x_wconf 67' lang='grc' dir='ltr'>δόξης.</span> <span class='ocrx_word' id='word_1_893' title='bbox 1708 2498 1772 2526; x_wconf 85' lang='lat' dir='ltr'><strong>Non</strong></span> <span class='ocrx_word' id='word_1_894' title='bbox 1791 2499 1866 2526; x_wconf 90' lang='lat' dir='ltr'><strong>multo</strong></span> 
     </span>
     <span class='ocr_line' id='line_1_116' title="bbox 1077 2532 1633 2559; baseline 0 0"><span class='ocrx_word' id='word_1_895' title='bbox 1077 2538 1137 2559; x_wconf 82' lang='lat' dir='ltr'><strong>post</strong></span> <span class='ocrx_word' id='word_1_896' title='bbox 1171 2540 1213 2559; x_wconf 81' lang='lat' dir='ltr'><strong>ett.</strong></span> <span class='ocrx_word' id='word_1_897' title='bbox 1228 2538 1256 2559; x_wconf 90' lang='lat' dir='ltr'><strong>et</strong></span> <span class='ocrx_word' id='word_1_898' title='bbox 1265 2532 1341 2559; x_wconf 86' lang='lat' dir='ltr'><strong>Colb.</strong></span> <span class='ocrx_word' id='word_1_899' title='bbox 1357 2537 1472 2559; x_wconf 80' lang='lat' dir='ltr'><strong>quartus</strong></span> <span class='ocrx_word' id='word_1_900' title='bbox 1483 2541 1526 2559; x_wconf 76' lang='grc' dir='ltr'>τις</span> <span class='ocrx_word' id='word_1_901' title='bbox 1542 2533 1570 2559; x_wconf 85' lang='grc' dir='ltr'>δὲ</span> <span class='ocrx_word' id='word_1_902' title='bbox 1585 2541 1633 2559; x_wconf 73' lang='grc' dir='ltr'>ως.</span> 
     </span>
    </p>
   </div>
   <div class='ocr_carea' id='block_1_113' title="bbox 1077 2532 1633 2568">
    <p class='ocr_par' dir='ltr' id='par_1_113' title="bbox 1077 2532 1633 2568">
     <span class='ocr_line' id='line_1_117' title="bbox 1077 2532 1633 2568; baseline -0.005 -7"><span class='ocrx_word' id='word_1_903' title='bbox 1077 2538 1137 2568; x_wconf 86' lang='lat' dir='ltr'><strong>post</strong></span> <span class='ocrx_word' id='word_1_904' title='bbox 1147 2532 1213 2567; x_wconf 79' lang='lat' dir='ltr'><strong>Reg.</strong></span> <span class='ocrx_word' id='word_1_905' title='bbox 1228 2532 1341 2560; x_wconf 86' lang='lat' dir='ltr'><strong>etColb.</strong></span> <span class='ocrx_word' id='word_1_906' title='bbox 1357 2537 1472 2568; x_wconf 81' lang='lat' dir='ltr'><strong>quartus</strong></span> <span class='ocrx_word' id='word_1_907' title='bbox 1483 2534 1526 2564; x_wconf 78' lang='grc' dir='ltr'><strong>τίς</strong></span> <span class='ocrx_word' id='word_1_908' title='bbox 1542 2533 1570 2559; x_wconf 86' lang='grc' dir='ltr'>δὲ</span> <span class='ocrx_word' id='word_1_909' title='bbox 1585 2533 1633 2564; x_wconf 86' lang='grc' dir='ltr'><strong>ὠς.</strong></span> 
     </span>
    </p>
   </div>
   <div class='ocr_carea' id='block_1_114' title="bbox 1112 2567 1864 2603">
    <p class='ocr_par' dir='ltr' id='par_1_114' title="bbox 1112 2567 1864 2603">
     <span class='ocr_line' id='line_1_118' title="bbox 1112 2567 1864 2603; baseline 0 -8"><span class='ocrx_word' id='word_1_910' title='bbox 1112 2568 1168 2603; x_wconf 88' lang='grc'>(97)</span> <span class='ocrx_word' id='word_1_911' title='bbox 1187 2569 1252 2603; x_wconf 74' lang='lat' dir='ltr'><strong>Heg.</strong></span> <span class='ocrx_word' id='word_1_912' title='bbox 1265 2567 1399 2603; x_wconf 85' lang='lat' dir='ltr'><strong>secundus</strong></span> <span class='ocrx_word' id='word_1_913' title='bbox 1412 2572 1440 2603; x_wconf 81' lang='lat' dir='ltr'><strong>et</strong></span> <span class='ocrx_word' id='word_1_914' title='bbox 1452 2567 1529 2603; x_wconf 75' lang='lat' dir='ltr'><strong>Cplb.</strong></span> <span class='ocrx_word' id='word_1_915' title='bbox 1546 2573 1640 2595; x_wconf 81' lang='lat' dir='ltr'><strong>sextus</strong></span> <span class='ocrx_word' id='word_1_916' title='bbox 1651 2569 1864 2603; x_wconf 67' lang='grc' dir='ltr'>ὲκμισθωσὰειε-</span> 
     </span>
    </p>
   </div>
   <div class='ocr_carea' id='block_1_115' title="bbox 1077 2601 1862 2639">
    <p class='ocr_par' dir='ltr' id='par_1_115' title="bbox 1077 2601 1862 2639">
     <span class='ocr_line' id='line_1_119' title="bbox 1077 2601 1862 2639; baseline -0.003 -10"><span class='ocrx_word' id='word_1_917' title='bbox 1077 2601 1127 2630; x_wconf 64' lang='grc' dir='ltr'>νοιζ</span> <span class='ocrx_word' id='word_1_918' title='bbox 1149 2601 1247 2639; x_wconf 70' lang='lat' dir='ltr'><strong>Ibidem</strong></span> <span class='ocrx_word' id='word_1_919' title='bbox 1263 2602 1360 2639; x_wconf 79' lang='lat' dir='ltr'><strong>legitur</strong></span> <span class='ocrx_word' id='word_1_920' title='bbox 1373 2601 1399 2639; x_wconf 73' lang='lat' dir='ltr'><strong>in</strong></span> <span class='ocrx_word' id='word_1_921' title='bbox 1419 2602 1524 2639; x_wconf 81' lang='lat' dir='ltr'><strong>duobus</strong></span> <span class='ocrx_word' id='word_1_922' title='bbox 1539 2601 1862 2639; x_wconf 60' lang='lat' dir='ltr'><strong>mss._q:tloi=ovﬁcavézg.</strong></span> 
     </span>
    </p>
   </div>
   <div class='ocr_carea' id='block_1_116' title="bbox 1072 2635 1864 2674">
    <p class='ocr_par' dir='ltr' id='par_1_116' title="bbox 1072 2635 1864 2674">
     <span class='ocr_line' id='line_1_120' title="bbox 1072 2635 1864 2674; baseline -0.001 -10"><span class='ocrx_word' id='word_1_923' title='bbox 1072 2639 1124 2674; x_wconf 81' lang='lat' dir='ltr'><strong>Alii</strong></span> <span class='ocrx_word' id='word_1_924' title='bbox 1142 2645 1208 2664; x_wconf 89' lang='lat' dir='ltr'><strong>mss.</strong></span> <span class='ocrx_word' id='word_1_925' title='bbox 1228 2635 1328 2664; x_wconf 76' lang='lat' dir='ltr'><strong>habent</strong></span> <span class='ocrx_word' id='word_1_926' title='bbox 1342 2635 1588 2674; x_wconf 70' lang='grc' dir='ltr'>φιλοπονήσαντας.</span> <span class='ocrx_word' id='word_1_927' title='bbox 1600 2635 1656 2665; x_wconf 79' lang='lat' dir='ltr'><strong>Hoc</strong></span> <span class='ocrx_word' id='word_1_928' title='bbox 1677 2639 1737 2672; x_wconf 85' lang='lat' dir='ltr'><strong>ipso</strong></span> <span class='ocrx_word' id='word_1_929' title='bbox 1752 2635 1789 2666; x_wconf 61' lang='lat' dir='ltr'><strong>&#39;iu</strong></span> <span class='ocrx_word' id='word_1_930' title='bbox 1813 2639 1864 2674; x_wconf 75' lang='lat' dir='ltr'><strong>loco</strong></span> 
     </span>
    </p>
   </div>
   <div class='ocr_carea' id='block_1_117' title="bbox 1072 2671 1862 2734">
    <p class='ocr_par' dir='ltr' id='par_1_117' title="bbox 1072 2671 1862 2734">
     <span class='ocr_line' id='line_1_121' title="bbox 1072 2671 1862 2734; baseline -0.003 -36"><span class='ocrx_word' id='word_1_931' title='bbox 1072 2673 1192 2734; x_wconf 51' lang='lat' dir='ltr'><strong>guigque</strong></span> <span class='ocrx_word' id='word_1_932' title='bbox 1201 2679 1264 2699; x_wconf 84' lang='lat' dir='ltr'><strong>mss.</strong></span> <span class='ocrx_word' id='word_1_933' title='bbox 1281 2671 1462 2707; x_wconf 83' lang='grc' dir='ltr'>παραδοῦναι.</span> <span class='ocrx_word' id='word_1_934' title='bbox 1476 2673 1529 2699; x_wconf 82' lang='lat' dir='ltr'><strong>Alii</strong></span> <span class='ocrx_word' id='word_1_935' title='bbox 1545 2679 1601 2701; x_wconf 87' lang='lat' dir='ltr'><strong>tres</strong></span> <span class='ocrx_word' id='word_1_936' title='bbox 1621 2671 1695 2700; x_wconf 51' lang='lat' dir='ltr'><strong>mss;</strong></span> <span class='ocrx_word' id='word_1_937' title='bbox 1709 2681 1775 2701; x_wconf 86' lang='lat' dir='ltr'><strong>cum</strong></span> <span class='ocrx_word' id='word_1_938' title='bbox 1789 2673 1862 2701; x_wconf 68' lang='lat' dir='ltr'><strong>editis</strong></span> 
     </span>
     <span class='ocr_line' id='line_1_122' title="bbox 1093 2715 1228 2733; baseline 0 0"><span class='ocrx_word' id='word_1_939' title='bbox 1093 2716 1126 2733; x_wconf 90' lang='grc' dir='ltr'><strong>πο</strong></span> <span class='ocrx_word' id='word_1_940' title='bbox 1142 2715 1228 2733; x_wconf 87' lang='grc' dir='ltr'>ουναι.</span> 
     </span>
    </p>
   </div>
   <div class='ocr_carea' id='block_1_118' title="bbox 1093 2715 1228 2733">
    <p class='ocr_par' dir='ltr' id='par_1_118' title="bbox 1093 2715 1228 2733">
     <span class='ocr_line' id='line_1_123' title="bbox 1093 2715 1228 2733; baseline 0 0"><span class='ocrx_word' id='word_1_941' title='bbox 1093 2715 1228 2733; x_wconf 90' lang='grc' dir='ltr'>ποοουναι.</span> 
     </span>
    </p>
   </div>
   <div class='ocr_carea' id='block_1_119' title="bbox 240 2810 416 2839">
    <p class='ocr_par' dir='ltr' id='par_1_119' title="bbox 240 2810 416 2839">
     <span class='ocr_line' id='line_1_124' title="bbox 240 2810 416 2839; baseline 0.011 -3"><span class='ocrx_word' id='word_1_942' title='bbox 240 2810 416 2839; x_wconf 76' lang='lat' dir='ltr'><strong>arbitrantur.</strong></span> 
     </span>
    </p>
   </div>
  </div>
