3850 6218
132 276 259 331 255

1313 271 1600 326 IIOMIIJA
1635 271 1654 324 l
1691 271 1755 324 IN
1797 266 2128 324 PSALMUM
2159 269 2300 323 XIV.

3327 269 3432 326 9.56

131 392 228 458 τῷ
265 393 392 460 ὄρει
428 392 510 456 τῷ
539 391 684 460 ᾀγίῳ
705 407 856 454 σου;
904 393 961 444 '0
1001 394 1066 462 τῇ
1112 392 1277 462 σαρκὶ
1321 391 1662 461 παροικήσας
1695 390 1732 440 ἐκ

1857 387 2008 442 Mons
2043 385 2132 440 ille
2184 387 2358 439 locum
2400 384 2706 448 caelestem,
2741 381 3076 452 splendidum
3128 391 3180 436 et
3218 384 3434 452 conspi-

132 483 224 553 τῷ
286 483 432 552 ἁγίῳ
485 481 602 551 ὄρει
667 481 1104 553 κατασκηνώσει.
1157 484 1322 553 Ὄρος
1390 484 1587 542 ἐκεῖνο,
1647 480 1732 550 τὴι

1852 493 2010 531 cuum
2049 476 2338 546 signiﬁcat,
2371 475 2436 527 de
2487 487 2594 544 quo
2643 472 2932 542 Apostolus
2976 473 3052 527 ait
3083 491 3096 526 :
3131 473 3434 528 Accessistis

135 573 549 646 ὑπερθυράνιον
596 571 800 642 χώραν,
847 573 946 643 τὴν
993 573 1266 643 περιφανῆ
1314 571 1409 625 καὶ
1440 569 1738 641 λαμπράν”

1853 570 1923 622 ad
1957 569 2088 624 Sion
2145 577 2394 632 montem,
2420 575 2469 618 et
2521 565 2782 620 civitatem
2810 564 2907 619 Dei
2939 566 3187 626 viventis,
3222 565 3435 618 Jerusa-

134 667 284 736 περὶ
335 659 396 719 οὗ
447 665 476 716 6
530 664 853 726 Ἀπόστολος
903 663 1073 731 λέγει,
1116 664 1198 716 ὅτι
1243 661 1732 730 Προσεληλύθατε

1851 660 1950 714 lem
1990 659 2266 723 caelestem,
2304 659 2355 712 iu
2401 673 2503 726 qua
2546 666 2632 712 est
2671 657 2956 712 celebritas
3005 657 3351 726 angelorum,
3379 665 3435 710 et

133 758 308 811 Σιὼν
336 757 479 826 ὄρει,
529 756 628 810 καὶ
670 759 844 809 πόλει
885 754 1034 809 Θεοῦ
1075 753 1310 820 ζῶντος,
1355 751 1732 822 Ἰερουσαλὴμ

1853 751 2091 806 Ecclesia
2109 751 2516 820 primitivorum,
2546 749 2635 818 qui
2662 749 2946 818 conscripti
2977 761 3096 802 sunt
3129 751 3181 802 in
3209 748 3431 805 malis“.

134 851 520 920 ἐπουρανίῳ,
579 851 636 902 ἐν
799 839 1130 919 ’πανήγυρις
1190 845 1468 915 ἀγγέλων,
1531 845 1628 898 καὶ
1699 843 1994 916 Ἐκκλησία
2067 843 2453 912 πρωτοτόκων
2511 840 3054 914 ἀπογεγραμμένων
3111 841 3182 895 ἐν
3251 842 3430 910 οὐρα-

133 963 302 1011 νοις.

213 1039 274 1094 2.
343 1036 511 1090 Ἐπάν
577 1031 670 1088 οὖν
721 1051 801 1097 τις
866 1032 1109 1103 παρέλθῃ
1163 1031 1261 1102 τὴν
1313 1031 1491 1102 σάρκα
1537 1029 1742 1100 ταύτην

135 1130 526 1204 ἀπροσπαθῶς
563 1129 637 1192 ὡς
671 1127 956 1198 ἀλλοτρίαν
1000 1125 1302 1196 παροικῶν,
1353 1127 1449 1178 καὶ
1491 1124 1600 1196 (99)
1642 1124 1740 1194 οὐχ

135 1225 219 1290 ὡς
259 1224 398 1287 ἰδίας
429 1221 818 1293 ἐξηρτημένος,
849 1213 1023 1286 οὗτος,
1058 1218 1145 1272 διὰ
1177 1219 1238 1272 16
1274 1217 1547 1288 νεκρῶσαι
1571 1215 1738 1269 αὐτοῦ

135 1315 212 1367 τὰ
243 1312 386 1383 μέλη
422 1311 490 1364 τὰ
515 1313 608 1364 ἐπὶ
636 1311 738 1380 τῆς
773 1310 896 1380 γῆς,
923 1310 1014 1362 τὸν
1048 1309 1322 1378 ἀγιασμὺν
1363 1307 1736 1379 κατορθώσας,

137 1404 300 1470 ἄξιός
338 1407 452 1456 ἐστι
483 1403 586 1470 τῆς
616 1403 674 1454 ὲν
708 1401 784 1472 τῷ
811 1402 951 1472 ἁγίῳ
980 1401 1095 1472 ὄρει
1121 1397 1620 1470 κατασκηνώσεως·
1669 1394 1738 1469 ἦς

137 1494 439 1566 ἐπιθυμῶν
466 1495 495 1546 6
541 1493 846 1565 Ψαλμῳδὸς
889 1493 1093 1561 ἔλεγεν,
1133 1493 1215 1546 ὅτι
1255 1491 1646 1560 Διελεύσομαι
1670 1491 1740 1543 ἐν

139 1587 312 1650 τόπῳ
346 1584 584 1656 σκηνῆς
627 1581 1009 1652 θαυμαστῆς·
1061 1581 1156 1634 καὶ
1185 1581 1267 1647 τὸ,
1329 1581 1423 1646 Ὡς
1463 1580 1740 1648 ἀγαπητὰ

139 1679 218 1732 τὰ
255 1677 627 1747 σκηνώματα
655 1692 794 1738 σου,
830 1675 1010 1742 Κύριε
1052 1673 1172 1726 τῶν
1211 1671 1572 1740 δυνάμεων.ο
1595 1673 1741 1724 Ἐκεῖ

1913 1023 1968 1077 2.
2001 1022 2294 1091 Postquam
2328 1023 2491 1092 igitur
2524 1021 2795 1092 quispiam
2849 1023 2952 1077 hac
2985 1035 3152 1076 carne
3190 1023 3342 1090 quasi
3375 1025 3428 1080 in

1843 1123 2159 1170 transcursu
2204 1114 2338 1167 citra
2363 1111 2616 1168 aﬂ‘ectum
2647 1127 2778 1167 usus
2813 1123 2916 1176 est,
2955 1129 3074 1167 eam
3106 1124 3164 1167 ut
3199 1114 3430 1170 alienam

1842 1203 2106 1266 incolens,
2147 1216 2247 1258 nec
2296 1203 2346 1257 ei
2383 1213 2442 1256 ut
2483 1203 2714 1274 propria:
2758 1203 3008 1267 deditus,
3053 1204 3099 1258 is
3145 1214 3430 1275 propterea

1843 1293 1988 1364 quod
2019 1307 2116 1348 sua
2144 1295 2410 1358 membra,
2446 1308 2564 1364 qua:
2592 1301 2718 1349 sunt
2745 1309 2906 1362 super
2933 1303 3164 1359 terram,
3203 1296 3433 1351 mortill-

1845 1385 2069 1451 cavit“,
2101 1385 2452 1454 exercuitque
2481 1385 2919 1450 sanctimoniam,
2937 1386 3132 1456 dignus
3157 1395 3240 1442 est
3261 1389 3350 1456 qui
3377 1388 3430 1442 in

1846 1485 2026 1529 monte
2056 1483 2246 1529 sancto
2276 1465 2602 1543 requiescat,
2622 1474 2772 1542 cujus
2799 1475 3000 1544 requiei
3033 1475 3260 1545 cupidus
3279 1476 3433 1531 Psal—

1845 1567 2005 1620 mista
2036 1565 2246 1620 dicebat
2272 1581 2284 1616 :
2319 1563 2577 1619 Transibo
2612 1566 2665 1619 in
2705 1566 2876 1618 locum
2903 1567 3228 1620 tabernaculi
3261 1569 3432 1622 admi-

1849 1658 2028 1712 rabilis
2046 1659 2091 1690 ⁸³
2113 1675 2126 1722 ;
2151 1668 2238 1711 et:
2268 1657 2438 1722 Quam
2470 1659 2661 1712 dilecta
2695 1658 3032 1712 tabernacula
3065 1670 3178 1726 tua,
3211 1658 3434 1715 Domine

137 1773 300 1842 ἡμᾶς
330 1769 426 1823 καὶ
452 1771 486 1840 ὴ
515 1769 651 1838 πρὸς
693 1769 819 1831 τοὺς
857 1765 1084 1838 πλησίον
1114 1764 1190 1836 τῷ
1213 1765 1356 1836 λόγῳ
1391 1763 1608 1834 ἐκείνης
1638 1764 1732 1835 τῆς

1844 1751 2086 1802 virtutum
2111 1749 2186 1804 εει
2209 1749 2320 1805 Illic
2367 1752 2521 1804 nobis
2544 1760 2598 1804 et
2633 1751 2863 1822 proximi
2901 1766 3092 1818 amor,
3126 1753 3218 1822 qui
3265 1767 3430 1807 causa

140 1868 206 1918 ἐν
228 1863 310 1935 τῷ
341 1863 456 1932 ὄρει
487 1858 984 1930 κατασκηνώσεως,
1026 1857 1122 1910 καὶ
1163 1857 1197 1928 ἡ
1225 1857 1290 1908 ὲκ
1316 1855 1412 1908 τοῦ
1456 1855 1739 1926 μαμμωνᾶ

141 1957 248 2027 τῆς
289 1955 506 2018 ἀδικίας
546 1953 804 2024 γινομένη
841 1950 994 2020 φιλία
1038 1949 1113 2020 (I)
1159 1949 1512 2016 κατασκηνοῖ.
1561 1943 1740 2010 Ποιή-

149 2065 310 2102 σατε
343 2047 454 2118 γὰρ
487 2045 723 2109 ἑαυτοῖς
756 2043 976 2113 φίλους
1020 2042 1089 2095 ἐκ
1132 2040 1238 2094 τοῦ
1289 2036 1582 2109 μαμμωνᾶ
1628 2036 1739 2104 τῆς

149 2141 420 2207 ἀδικίας,
467 2141 588 2204 ἵνα,
654 2137 800 2191 ὅταν
855 2135 1174 2201 ἐκλίπητε,
1231 2130 1520 2195 δέξωνται
1583 2127 1740 2198 ὑμᾶς

143 2237 242 2302 εἰς
287 2233 397 2300 τὰς
451 2230 728 2296 αἰωνίους
766 2226 1022 2295 σκηνάς.
1064 2225 1200 2295 Περὶ
1231 2222 1444 2291 ἐκείνης
1487 2221 1583 2293 τῆς
1625 2221 1739 2274 δια-

145 2327 347 2396 γωγῆς
377 2326 406 2378 6
438 2323 642 2392 Κύριος
676 2323 734 2374 ὲν
775 2319 938 2390 εὐχῆς
971 2317 1099 2371 εἴδει
1141 2316 1296 2383 ἔλεγε
1336 2314 1395 2367 16
1429 2313 1528 2384 (2),
1557 2313 1738 2382 Πάτερ

147 2423 300 2488 ἆγιε,
335 2417 425 2480 δὸς
461 2416 568 2478 ἵνα,
601 2414 734 2467 ὅπου
765 2410 874 2480 ἐγώ
893 2412 1028 2480 εἰμι,
1058 2409 1152 2460 καὶ
1179 2407 1334 2460 αὐτοὶ
1357 2399 1478 2458 ὦσι.
1506 2404 1738 2466 Σπάνιος

144 2514 248 2567 καί
290 2511 320 2564 6
348 2507 624 2581 παροικῶν
651 2507 712 2558 ὲν
734 2503 812 2576 τῷ
838 2502 1072 2574 σώματι,
1114 2500 1211 2554 καὶ
1239 2501 1266 2553 6
1293 2495 1650 2568 κατασκηνῶν
1681 2497 1738 2549 ἐν

145 2605 228 2676 τῷ
262 2605 400 2674 ὄρει.
453 2599 553 2653 Διά
595 2595 754 2651 τοῦτο
797 2596 873 2658 ὼς
914 2592 1136 2666 ἀπορῶν
1174 2593 1204 2644 6
1232 2591 1389 2659 λόγος
1431 2589 1603 2659 φησί·
1643 2589 1740 2654 Τίς

146 2693 546 2765 παροικήσει;
593 2690 710 2753 καὶ,
763 2687 858 2751 Τίς
878 2681 1374 2752 ascraeum-(basi;
1405 2680 1480 2743 ὡς
1529 2679 1609 2744 16,
1642 2679 1739 2744 Τίς

145 2791 306 2859 ἔγνω
333 2783 486 2839 νοῦν
521 2780 778 2849 Kvplov;
814 2775 908 2828 καὶ
947 2774 1026 2836 τὸ,
1080 2773 1174 2838 Τίς
1215 2768 1537 2840 ἀναγγελεῖ
1575 2767 1736 2836 ὑμῖν,

145 2882 242 2936 ὅτι
267 2879 388 2948 πῦρ
417 2877 678 2937 statstat;
727 2872 820 2924 καὶ
856 2869 938 2934 τὸ,
984 2868 1080 2931 Τίς
1111 2864 1430 2935 ἀναγγελεῖ
1459 2861 1603 2932 ὑμῖν
1632 2860 1740 2914 τὸν

147 2977 342 3028 τόπον
363 2971 471 3023 τὸν
498 2965 768 3027 αἱώνιον;
807 2961 903 3014 καὶ
945 2959 1026 3022 τὸ,
1067 2959 1163 3023 Τίς
1193 2955 1308 3024 ἄρα
1333 2958 1365 3008 ὀ
1393 2953 1608 3018 πιστὸς
1639 2953 1738 3006 καὶ

148 3065 442 3135 φρόνιμος
471 3059 824 3125 οἱκονόμος;
881 3051 1036 3122 Τάχα
1083 3049 1140 3102 δὲ
1193 3047 1288 3102 καὶ
1326 3045 1740 3117 ὲρωτηματικόν

1845 1843 2046 1910 requiei
2074 1841 2214 1898 illius
2245 1845 2297 1896 in
2349 1852 2529 1897 monte
2563 1841 2801 1897 fruenda:
2848 1844 3158 1912 exhibetur,
3201 1853 3257 1899 et
3277 1859 3434 1902 amor

1843 1935 1932 2002 qui
1961 1949 2024 1988 ex
2057 1949 2361 1989 mammona
2407 1934 2708 2005 iniquitatis
2740 1935 2998 2001 nascitur,
3039 1937 3430 1993 habitationem

1843 2027 2065 2094 prmhet.
2102 2025 2284 2079 Facite
2313 2026 2452 2079 enim
2481 2025 2624 2080 vobis
2660 2027 2860 2080 amicos
2895 2027 2960 2081 de
2993 2043 3292 2083 mammona
3324 2029 3431 2084 ini-

1842 2120 2094 2188 quitatis,
2129 2131 2182 2172 ιιι
2216 2135 2332 2172 cum
2381 2117 2692 2186 defeceritis,
2728 2119 2978 2186 recipiant
3027 2134 3113 2174 vos
3145 2121 3201 2173 in
3235 2131 3431 2176 aeterna

1846 2209 2185 2263 tabernacula
2216 2208 2283 2262 ⁸⁵.
2349 2208 2425 2262 De
2499 2210 2598 2262 hac
2670 2209 3096 2264 commoratione
3174 2209 3433 2266 Dominus

1843 2317 1941 2372 per
1965 2303 2179 2355 modum
2233 2301 2484 2370 precandi
2535 2303 2610 2354 ait
2641 2319 2652 2354 :
2681 2299 2841 2354 Pater
2891 2313 3098 2367 sancte,
3132 2303 3220 2370 da,
3252 2311 3312 2356 ut
3338 2303 3428 2358 ubi

1845 2409 1964 2448 sum
2009 2407 2131 2463 ego,
2181 2403 2236 2446 et
2274 2393 2348 2446 illi
2405 2392 2515 2446 sint
2549 2391 2616 2444 ⁸⁸.
2651 2392 2825 2447 Rarus
2877 2402 3056 2447 autem
3101 2402 3213 2448 tum
3245 2394 3338 2464 qui
3375 2395 3430 2450 iu

1843 2499 2070 2554 corpore
2099 2494 2356 2553 tanquam
2405 2482 2579 2536 incola
2630 2483 2859 2548 habitat,
2905 2495 3016 2538 tum
3041 2485 3132 2554 qui
3165 2486 3217 2539 in
3249 2495 3432 2540 monte

1845 2575 2154 2643 requiescit.
2181 2574 2470 2642 Propterea
2498 2575 2782 2644 Scriptura
2813 2585 2870 2630 ut
2891 2576 3142 2630 dubitans
3171 2576 3279 2630 ait:
3301 2576 3432 2643 Quis

1842 2663 2305 2732 peregrinabitnr?
2333 2671 2408 2725 et,
2446 2663 2578 2728 Quis
2617 2665 2949 2733 requiescet?
2994 2665 3175 2736 107'
3231 2667 3432 2734 Quem-

1845 2753 2132 2807 admodum
2177 2753 2344 2808 illud:
2385 2753 2515 2818 Quis
2545 2757 2781 2826 cognovit
2831 2767 3052 2810 mentem
3093 2757 3304 2812 Domini
3341 2758 3436 2814 "‘l

1847 2844 1973 2898 Item
2009 2845 2178 2898 illud:
2209 2845 2340 2911 Quis
2375 2845 2710 2900 annuntiabit
2760 2847 2902 2900 vobis
2953 2848 3093 2917 quod
3145 2849 3282 2918 ignis
3339 2865 3432 2903 ar-

1845 2936 1928 2988 det
1943 2935 1990 2966 ⁸⁸
2018 2935 2041 2988 Τ
2075 2935 2138 2988 Ει
2165 2935 2291 2990 illud
2325 2951 2338 2986 :
2373 2935 2507 3002 Quis
2545 2937 2878 2991 annnntiabit
2905 2939 3047 2991 vobis
3079 2939 3252 2992 locant
3279 2951 3434 2994 arter-

1847 3041 1969 3078 num
1997 3025 2043 3056 ⁸³
2073 3024 2096 3078 ?
2131 3033 2204 3090 et,
2239 3022 2391 3089 Quis,
2423 3033 2601 3092 putas,
2640 3023 2814 3092 ﬁdelis
2847 3033 2926 3078 est
2949 3063 2964 3088 ,
2994 3033 3042 3078 et
3085 3024 3312 3094 prudens
3346 3027 3431 3080 di-

147 3128 272 3210 ὲᾶτι
314 3128 394 3220 16,
442 3152 555 3217 Τίς,
596 3149 672 3212 ὡς
705 3146 997 3217 ἀπόκρισιν
1041 3139 1425 3211 ἐπιζητοῦντος
1459 3137 1614 3209 ποιρά
1645 3138 1732 3191 τοῦ

1844 3135 2222 3206 spensator”?
2263 3135 2519 3190 Fortasse
2565 3145 2744 3190 autem
2781 3146 2837 3190 et
2884 3135 3038 3202 illud,
3075 3135 3228 3202 Quis,
3263 3137 3432 3194 inter-

145 3244 358 3317 Κυρίου
387 3241 483 3295 τοῦ
519 3239 696 3308 ἁγίου,
731 3229 776 3305 ᾧ
805 3234 1133 3303 διαλέγεται.
1158 3231 1301 3300 Πρὸς
1327 3229 1386 3284 ὃν
1417 3231 1450 3300 ή
1476 3228 1596 3282 θεία
1625 3244 1740 3296 φω-

149 3339 239 3410 νὴ,
274 3337 476 3390 λύουσα
520 3333 580 3385 16
626 3328 982 3401 ἐπερώτημα,
1017 3326 1070 3378 τί
1105 3340 1268 3395 φησι;
1323 3321 1732 3390 Πορευόμενος

149 3431 410 3501 ἄμωμος,
449 3424 548 3478 καὶ
583 3419 971 3490 ἐργαζόμενος
1009 3416 1426 3482 δικαιοσύνην.
1475 3414 1539 3466 Ei
1582 3413 1739 3482 ἄμω-

155 3521 257 3593 μός
284 3521 432 3571 ἐστιν
463 3517 492 3567 ὁ
547 3511 774 3584 μηδενὸς
812 3509 921 3563 τῶν
953 3507 1176 3577 ἀγαθῶν
1208 3503 1457 3574 ἐλλιπὴς,
1500 3502 1608 3556 ἀπὸ
1633 3501 1738 3554 πά-

156 3631 256 3684 σης
279 3610 480 3672 κακίας
507 3605 820 3667 ἀπταίστως
851 3603 942 3656 τὸν
975 3601 1087 3672 βίον
1123 3598 1315 3672 ἑαυτοῦ
1346 3595 1630 3664 διεξάγων,
1659 3595 1740 3646 τί-

154 3683 221 3762 να
240 3700 365 3777 ἔχει’
379 3701 516 3775 πρὸς
538 3701 628 3752 τὸν
649 3695 904 3752 ποιοῦντα
926 3691 1270 3761 δικαιοσύνην
1293 3688 1586 3760 διαφοράν;
1611 3683 1736 3757 ’Ἆρ’

151 3797 246 3854 οὖν
281 3798 371 3851 τὸν
409 3794 572 3849 αὑτὸν
603 3791 726 3846 νοῦν
759 3792 816 3844 ἐν
840 3787 1046 3850 διπλοῖς
1079 3787 1320 3858 ῥήμασιν
1363 3779 1698 3850 ἀπαγγέλλει
1721 3797 1736 3811 ο

154 3891 564 3961 Πορευόμενος
591 3883 850 3954 ἄμωμος,
873 3879 973 3934 καὶ
1006 3876 1393 3948 ἐργαζόμενος
1422 3873 1496 3944 (5)
1519 3873 1738 3926 δικαιο-

153 3987 385 4050 crus-nr;
423 3981 494 4032 Ἦ
529 3977 664 4032 ἰδίαν
701 3975 823 4028 τινά
859 3972 1098 4026 διάνοιαν
1131 3970 1394 4041 ἑκάτερον
1429 3966 1540 4020 τῶν
1583 3967 1738 4036 εἰρη-

159 4075 332 4147 μένων
361 4069 728 4140 παρίστησιν;
763 4066 852 4118 ἵνα
955 4065 984 4116 6
1017 4062 1114 4132 μὲν
1149 4060 1378 4130 ἄμωμος
1420 4059 1448 4110 6
1476 4056 1619 4110 κατά
1646 4055 1736 4109 τὸν

155 4164 212 4214 ὲν
261 4157 490 4232 κρυπτῷ
532 4154 818 4226 ἄνθρωπον
865 4153 945 4215 είς
991 4152 1172 4206 πᾶσαν
1215 4147 1495 4202 τελείωσιν
1535 4147 1738 4230 ἀρετῆς

155 4247 578 4322 ἀπηρτημένος,
633 4245 662 4296 6
709 4241 766 4295 δὲ
819 4239 1186 4312 ἐργαζόμενος
1225 4232 1572 4303 δικαιοσύνην
1618 4233 1647 4283 ὁ
1677 4236 1736 4284 τὸ

155 4340 456 4414 πρακτικὸν
489 4335 686 4391 ἑαυτοῦ
717 4333 808 4388 διά
835 4331 944 4385 τῶν
969 4325 1299 4398 σωματικῶν
1329 4323 1618 4395 ἐνεργειῶν
1644 4339 1732 4374 τε-

153 4413 328 4486 λειῶν.
365 4432 454 4482 Δεῖ
487 4427 596 4498 γὰρ
627 4426 688 4478 οὐ
731 4423 889 4494 μόνον
921 4421 1094 4474 ποιεῖν
1134 4418 1234 4488 τὴν
1260 4415 1475 4469 δικαίαν
1512 4413 1732 4484 πρᾶξιν,

1843 3229 2086 3298 rogative
2145 3228 2383 3292 dicitur,
2431 3227 2585 3296 quasi
2647 3241 2963 3296 responsum
3033 3229 3343 3298 exquireret
3397 3245 3428 3284 a

1842 3317 2072 3372 Domino
2103 3327 2314 3383 sancto,
2341 3318 2408 3372 ad
2441 3333 2598 3387 quem
2630 3317 2886 3388 loquitur.
2910 3319 3008 3372 Cui
3041 3320 3168 3388 quid
3201 3335 3426 3389 respon-

1841 3410 1930 3464 det
1965 3410 2146 3464 diviua
2172 3425 2299 3476 vox,
2327 3410 2682 3479 quaestionem
2721 3410 2938 3466 solvens
2978 3411 3002 3464 ’ί
3035 3410 3200 3468 Vnus.
3237 3411 3292 3471 2.
3315 3411 3420 3478 Qui

1838 3505 2136 3575 ingreditur
2182 3506 2294 3560 sine
2349 3505 2580 3570 macula,
2611 3515 2660 3558 et
2705 3505 3260 3576 operaturjustitiam.
3291 3489 3348 3563 Si
3383 3509 3429 3563 is

1839 3591 1930 3661 qui
1963 3591 2110 3645 nullo
2133 3592 2274 3645 bono
2303 3601 2470 3655 caret,
2495 3599 2548 3646 el
2571 3607 2724 3646 suam
2749 3593 2916 3660 ipsius
2939 3596 3102 3647 vitam
3128 3597 3246 3649 sine
3271 3597 3416 3652 nullo

1837 3691 2060 3752 peccato
2091 3682 2355 3736 inoll'ense
2381 3683 2652 3751 transigit,
2693 3685 2808 3738 sine
2847 3684 3056 3738 macula
3081 3695 3196 3748 est;
3226 3687 3276 3740 in
3323 3703 3432 3757 quo

1838 3775 1906 3829 ab
1932 3789 1996 3830 eo
2026 3775 2116 3844 qui
2147 3775 2414 3845 justitiam
2445 3773 2596 3840 facit,
2640 3775 2818 3829 diIIert
2848 3776 2870 3830 'l
2896 3775 3032 3830 Num
3077 3778 3242 3848 igitur
3272 3795 3426 3832 eum-

1837 3866 1960 3920 dem
2014 3879 2232 3919 sensum
2277 3863 2523 3918 enuntiat
2573 3865 2874 3933 duplicibus
2922 3865 3102 3920 verbis
3140 3885 3154 3920 :
3189 3866 3293 3932 Qui
3339 3868 3424 3920 in-

1836 3958 2076 4027 greditur
2095 3957 2206 4010 sine
2246 3955 2475 4018 macula,
2496 3965 2544 4010 et
2577 3967 2821 4024 operatur
2843 3957 3158 4026 justitiam?
3191 3958 3271 4010 An
3307 3973 3428 4026 pro-

1839 4050 2008 4119 priam
2061 4049 2349 4118 quamdam
2384 4049 2832 4119 signiﬁcationem
2864 4049 3089 4104 verbum
3123 4058 3414 4118 utrumque

1835 4139 2096 4209 praefert?
2119 4142 2252 4194 adeo
2277 4149 2336 4192 ut
2363 4139 2408 4194 is
2432 4139 2505 4193 sit
2533 4140 2650 4194 sine
2679 4137 2910 4205 macula,
2945 4139 3037 4210 qui
3079 4140 3226 4194 onmi
3253 4141 3426 4194 virtu-

1838 4233 1906 4286 tis
1931 4232 2263 4300 perfectione
2287 4231 2564 4286 absolutus
2597 4241 2680 4284 est
2715 4233 3013 4286 secundum
3045 4231 3424 4286 absconditum

1837 4323 2134 4384 hominem,
2173 4322 2261 4377 ille
2303 4337 2432 4376 vero
2479 4333 2734 4391 operetur
2766 4321 3064 4392 justitiam,
3104 4323 3198 4392 qui
3235 4318 3426 4392 agendi

1842 4415 1949 4470 vim
1987 4430 2086 4484 per
2117 4415 2429 4484 corporales
2476 4415 2718 4469 actiones
2767 4413 3000 4484 perﬁcit.
3028 4415 3249 4483 Oportet
3281 4415 3424 4468 enim

153 4524 288 4579 ἀλλά
329 4523 422 4576 καὶ
448 4487 894 4576 ἁπδιδιαθέσεως
937 4509 1153 4572 δικαίας
1191 4487 1566 4579 ἐργάζεσθαι·
1602 4505 1732 4558 κατὰ

1850 4520 1956 4559 non
1984 4505 2156 4560 solum
2188 4507 2386 4559 bonum
2417 4519 2550 4574 opus
2579 4503 2782 4568 facere,
2802 4507 2894 4560 sed
2923 4506 3086 4560 etiam
3121 4505 3245 4559 illud
3279 4506 3428 4575 justo

153 4618 212 4671 τὸ
263 4613 574 4686 εἰρημένον,
626 4611 708 4662 ὅτι
769 4605 1016 4666 Amale
1075 4601 1140 4654 τὸ
1179 4600 1414 4652 δίκαιον
1466 4596 1734 4662 διώξεις·

232 4794 274 4826 ει
305 4792 465 4846 l-lebr.
515 4805 614 4850 xu,
666 4787 757 4841 22.
832 4784 877 4816 ⁸³
914 4781 1122 4836 Coloss.
1177 4795 1274 4840 ιιι,
1307 4777 1362 4850 5.

155 4881 262 4926 xxv,
294 4865 346 4917 5.
398 4845 462 4892 ί⁸⁷
492 4845 713 4920 Isara,
747 4855 832 4910 I5.
907 4853 954 4885 ⁸⁸
981 4852 1086 4904 Isa.
1113 4865 1303 4914 xxxut,
1332 4845 1418 4901 14.
1494 4845 1540 4876 ⁸⁸
1572 4847 1702 4900 ihid.

222 5037 332 5107 (99)
384 5035 672 5107 _Sic_mss_._
725 5030 965 5107 plerique
998 5015 1229 5107 ~inanes.
1293 5023 1455 5107 Deest
1508 5021 1606 5101 καί
1667 5023 1718 5107 inn

113 5093 570 5162 .edi‘tiSI-Statim
622 5093 740 5164 illa,
779 5093 892 5162 ἓως
933 5097 1027 5151 τοῦ
1081 5094 1230 5148 οἴκου
1275 5093 1370 5146 τοῦ
1415 5093 1575 5164 Θεοῦ,
1625 5093 1722 5144 ad-

150 5160 298 5248 jecta
349 5185 473 5230 sunt
523 5175 606 5248 ‘in
670 5160 824 5248 νιοβε
858 5160 1016 5223 tertio
1072 5175 1471 5248 post-“vocem
1500 5160 1721 5248 Battqu

155 5235 284 5317 στῆς
318 5263 330 5298 :
378 5247 472 5298 sed
523 5235 882 5317 hoc_viile:_ur
913 5251 1118 5292 merum
1147 5235 1568 5317 additamentum
1598 5245 1719 5284 esse

153 5305 306 5371 otiosi
337 5315 617 5382 cujusdam
645 5312 883 5382 librarii;
918 5323 1092 5382 eoque
1111 5305 1302 5373 Inagis,
1338 5305 1480 5369 quod
1503 5318 1564 5382 ea
1599 5315 1720 5382 quae

153 5372 534 5454 exscripsimus
576 5381 738 5454 verba
790 5372 1021 5454 in'aliis—
1062 5372 1273 5454 septem
1323 5385 1454 5424 mss.
1516 5372 1716 5454 desint,

159 5458 300 5510 Ilaud
331 5443 516 5524 'longe
573 5453 626 5506 in
679 5450 888 5504 duobus
943 5461 1073 5500 mss.
1131 5443 1348 5496 additur
1397 5443 1562 5509 φησίν
1600 5449 1720 5508 post

311 5541 378 5577 ις.

155 5528 432 5667 ὲαῖἷῖιῗξαὶ
456 5594 563 5660 ἡ...
588 5590 786 5667 φιλία.
803 5661 812 5667 _
827 5586 1019 5667 Verte,
1035 5592 1082 5637 et
1113 5589 1418 5667 comparata
1437 5595 1518 5667 ea:
1553 5593 1719 5667 niam:

156 5649 306 5719 manu
335 5649 624 5732 iniquitatis
659 5661 917 5734 anticitia,
969 5655 1022 5734 ιιι
1055 5663 1156 5734 est,
1181 5649 1340 5734 amici
1379 5666 1516 5720 quos
1559 5649 1715 5704 nobis

161 5737 374 5792 Iacimus
403 5720 470 5788 es
501 5745 805 5788 mammona
831 5724 1154 5798 iniquitatis.
1181 5720 1408 5808 Mansit.

1464 4775 1509 4806 ⁸³
1539 4775 1682 4828 Psal.
1714 4789 1824 4834 xu,
1860 4774 1914 4828 5.
1989 4773 2036 4805 δ”
2077 4771 2218 4826 Psal.
2257 4785 2482 4836 Lxxxut,
2513 4769 2568 4822 2.

1795 4845 1842 4877 "°
1879 4843 2010 4898 Luc.
2039 4858 2134 4906 xu,
2166 4841 2253 4894 4‘2.

1846 4605 2104 4666 rectoque
2123 4597 2304 4650 animo
2329 4611 2509 4665 agere,
2535 4595 2690 4664 juxta
2719 4597 2770 4650 id
2791 4599 2930 4666 quod
2951 4598 3154 4654 dictum
3183 4609 3264 4653 est
3289 4615 3304 4650 ι
3326 4597 3426 4652 Ju—

2671 4771 2716 4802 ⁸⁸
2743 4769 2875 4824 Luc.
2930 4785 3040 4834 xvr,
3065 4771 3120 4826 9.
3197 4770 3420 4826 “Joan.

1901 5019 1978 5088 (2)
2027 5017 2155 5072 Mss.
2187 5027 2427 5088 quatuor
2452 5015 2774 5088 uno__verho
2831 5013 3122 5088 διελέγετο.
3157 5014 3258 5068 Alii
3288 5031 3418 5088 mss.

1830 5075 1973 5144 cuiu'
1989 5089 2150 5144 editis
2183 5075 2337 5155 ἔλεγε
2369 5085 2450 5141 τό.
2493 5085 2945 5155 Colh._sextus‘et
2978 5075 3110 5153 Reg.
3151 5085 3422 5138 secundus

1831 5157 2149 5226 simpliciter
2192 5152 2368 5225 ἔλεγε,
2401 5157 2608 5226 Πάτερ.
2661 5152 2806 5207 Iul'ra
2853 5153 2988 5222 Reg.
3045 5152 3316 5210 secundus
3365 5165 3422 5208 et

1819 5229 1974 5282 (Jolb.
2026 5241 2212 5282 sextus
2236 5227 2440 5280 λύουσα
2483 5225 2546 5277 τὸ
2583 5223 2867 5282 ἐρώτημα.
2910 5223 3111 5279 Ibidem
3147 5223 3280 5282 Reg.
3312 5233 3422 5277 ter-

1823 5237 1974 5288 [5011).
2026 5241 2212 5282 sextus
2237 5237 2440 5280 λύουσα
2483 5237 2546 5277 10
2570 5237 2867 5295 ,ερωτημι
2910 5237 3111 5279 lDtuetn
3147 5237 3280 5293 Iteg.
3312 5237 3423 5277 ter-

1823 5301 1924 5352 tius
1962 5295 2272 5360 ἀκολούθως
2291 5297 2345 5349 τί
2366 5313 2522 5366 φησι.
2885 5361 2899 5366 _
3190 5363 3202 5366 _

1896 5367 1974 5439 ('5)
2007 5367 2185 5422 Editio
2219 5360 2391 5439 Paris.
2429 5360 2554 5421 cum
2584 5379 2694 5439 uno
2722 5371 2818 5439 aut
2851 5361 3024 5439 altero
3049 5377 3152 5439 ms.
3185 5360 3422 5434 ἐργαζὸ-

1826 5433 1987 5508 pete;
2017 5453 2150 5508 φησι
2181 5453 2193 5489 :
2238 5438 2347 5508 sed
2391 5433 2685 5508 vox_<p-qc_rl
2723 5433 2875 5508 deest
2903 5434 2980 5508 _in
3037 5433 3158 5487 aliis
3196 5433 3415 5508 septem

1825 5501 1960 5562 inss.
2019 5501 2090 5560 et'
2130 5507 2182 5559 in
2220 5506 2460 5560 editione
2510 5501 2678 5560 Basil.
2739 5501 2859 5556 Mox
2903 5501 3036 5569 Reg.
3088 5501 3280 5556 tertius
3309 5517 3416 5555 κα-

1821 5579 1890 5632 τὰ
1919 5577 2010 5630 τὸν
2059 5574 2320 5646 κρυπτόν,
2361 5575 2505 5628 Infra
2561 5588 2690 5628 mss.
2719 5571 3168 5646 ⁸ιιΙίιιιιοΙ.δεικνύς
3200 5587 3300 5646 pro
3321 5587 3414 5624 τε·

1820 5647 2001 5770 λείῶν,
2029 5640 2125 5702 sed
2156 5647 2230 5701 ita
2292 5655 2492 5714 tamen,
2540 5652 2598 5700 ut
2631 5641 2804 5714 major
2851 5657 2979 5710 pars
3037 5658 3168 5698 mss.
3213 5640 3417 5712 habt-at

1821 5735 1878 5770 τε
1917 5733 2064 5771 ειων.
