1925 3109
217 145 267 172 255

878 144 906 172 S.
928 144 1049 171 BASILII
1071 145 1178 172 MAGNI

215 209 252 230 sle
266 203 334 237 quod
352 202 453 236 justum
469 204 506 227 ut
521 200 684 235 persequeris
695 200 715 217 "
729 209 736 233 ;
753 201 803 228 hoc
821 206 871 232 est.
889 209 949 228 cum
970 210 1005 228 rae

1065 203 1197 233 τουτέστι,
1217 203 1285 237 μετὰ
1302 202 1348 228 τοῦ
1363 202 1441 236 λόγου
1459 202 1509 237 τῆς
1526 202 1700 237 δικαιοσύνης
1722 204 1861 230 ὲπιτύεῐι

216 250 288 276 tione
311 248 423 283 justitia:
444 246 638 274 absolvendum
657 253 698 275 est
714 255 792 282 opus.
821 246 916 280 ldiota,
939 248 1003 276 verb

215 294 311 329 gratia,
321 293 482 320 medicinam
497 293 606 327 quidem
619 294 738 328 aliquam
749 293 868 326 conﬁcit,
879 294 911 321 ad
926 301 1011 329 agro-

215 341 329 367 tantium
344 339 488 366 utilitatem
507 341 674 373 tendentem,
691 340 738 367 sed
756 339 780 367 is
799 341 849 367 hoc
869 348 922 367 non
947 341 1010 367 item

215 386 379 413 medicorum
399 392 474 412 more
490 385 627 419 praestitit,
646 385 717 419 quod
741 385 807 419 nihil
828 385 895 412 artis
910 389 1010 417 teneat,

215 432 286 466 quod
311 438 379 466 opus
403 431 559 458 colnitetur.
578 430 672 466 Itaque
697 431 742 465 qui
774 430 925 465 ingreditur
951 431 1011 459 sine

214 477 331 510 macula,
357 483 447 505 mente
474 478 611 512 perfectus
634 483 698 505 est:
720 478 766 512 qui
795 485 860 505 vero
884 482 1011 512 operatur

212 523 357 558 justitiam,
372 524 518 550 secundum
546 531 639 550 vocem
658 523 777 558 Apostoli
790 544 797 556 ,
812 524 1010 552 inconiusibilis

215 575 256 596 est
273 569 376 595 Domini
392 569 570 603 operarius”.

250 614 277 641 3.
298 614 426 641 Attendas
446 614 524 641 velim
538 618 692 641 accuratam
712 614 870 642 dictionem.
891 614 949 641 Non
967 615 1010 642 di-

215 661 266 693 xit,
292 660 342 693 Qui
370 660 508 695 ingressus
534 666 574 688 cst
595 661 653 688 sine
677 660 792 693 macula.
815 660 874 694 sed,
896 660 949 693 Qui
970 661 1012 687 in-

215 705 334 739 greditur
344 706 399 732 sine
412 706 533 738 macula;
545 713 642 740 neque,
658 705 707 739 Qui
722 711 853 741 operatus
873 711 912 733 est
929 706 1009 741 justi-

217 751 293 784 tiam,
308 751 364 783 sed,
378 751 429 784 Qui
453 756 586 786 operatur.
607 751 664 778 Non
682 752 754 779 enim
770 752 841 778 actio
857 759 907 778 una
924 752 1009 778 virum

217 798 329 834 probmn
344 797 458 831 perlicit,
476 798 523 824 sed
536 797 568 824 ad
581 805 687 825 omnem
703 798 784 824 vitam
801 797 908 824 extendi
926 804 1008 832 opor-

218 849 255 870 tet
270 844 376 871 virtutis
392 851 489 877 opera.
506 842 585 870 Vens.
599 843 625 870 5.
638 842 690 876 Qui
702 844 820 878 loquitur
835 845 968 870 veritatem
983 843 1009 869 in

1060 248 1110 282 τὴν
1126 247 1234 283 πρᾶξιν.
1256 245 1319 274 Οἴον
1345 249 1417 273 ποιεῖ
1444 249 1493 282 μὲν
1520 250 1572 283 γάρ
1596 256 1620 274 τι
1644 249 1773 283 ἰατρικὸν
1798 250 1862 283 ty);
1901 245 1904 281 ξ

1061 293 1197 328 ὠφέλειαν
1226 294 1308 328 φέρον
1330 293 1384 319 τῶν
1410 293 1593 320 ἀσθενούντων
1615 294 1629 319 ὁ
1655 293 1781 329 ἰδιώτης,
1807 295 1861 320 ἀλλ’

1062 339 1122 373 οὐχὶ
1154 339 1201 365 καὶ
1235 338 1365 373 ἰατρικῶς
1394 339 1520 374 ἐποίησεν
1549 340 1563 365 ὁ
1590 339 1722 371 τοιοῦτος,
1756 339 1800 374 τῷ
1828 340 1862 375 μὴ

1062 384 1134 418 ἔχειν
1159 384 1197 419 (ί)
1224 393 1250 410 τι
1282 384 1333 419 τῆς
1362 383 1461 419 τέχνης
1491 386 1523 420 τῇ
1550 385 1673 420 ἐνεργείᾳ
1706 385 1863 419 συνεπόμε-

1062 439 1117 456 νον.
1150 430 1337 466 Πορευόμενος
1370 428 1416 457 οὖν
1448 430 1562 465 ἄμωμος
1589 432 1602 456 ό
1623 430 1696 456 κατὰ
1717 431 1786 456 νοῦν
1818 431 1860 456 τέ-

1062 476 1150 507 λειος·
1170 476 1352 511 ἐργαζόμενος
1372 477 1400 503 δὲ
1421 476 1592 512 δικαιοσύνην
1613 478 1627 503 ὁ
1648 476 1721 503 κατὰ
1745 477 1799 512 τὴν
1817 477 1861 503 τοί

1068 521 1231 548 ’Δποστόλου
1255 522 1346 557 φωνὴν
1374 522 1586 557 ἀνεπαίσχυντος
1615 522 1661 548 τοῦ
1686 523 1798 558 Κυρίου
1819 524 1862 558 ἐρ-

1064 568 1160 603 γάτης.

1096 614 1123 640 5.
1142 613 1263 649 Πρόσχες
1278 613 1307 640 δὲ
1319 615 1352 649 τῇ
1371 613 1498 649 ἀκριϐείᾳ
1514 614 1563 649 τῆς
1578 613 1687 646 λέξεως.
1707 615 1768 641 υῦκ
1786 623 1860 645 eam,

1061 658 1208 694 Πορευθεὶς
1236 659 1360 694 ἄμωμος,
1385 659 1463 690 ἀλλὰ,
1486 660 1689 694 Πορευόμενος
1715 660 1860 694 ἄμωμος·

1060 704 1130 736 οὐδὲ,
1149 705 1353 739 Ἐργασάμενος
1375 705 1560 740 δικαιοσύνην,
1587 706 1655 738 ἀλλ’,
1687 706 1862 740 Ἐργαζζιιε-

1060 760 1124 784 νος.
1140 751 1178 777 Οὐ
1191 751 1247 787 γὰρ
1263 751 1312 786 μία
1330 751 1429 786 πρᾶξις
1441 752 1538 779 τελειοῖ
1551 752 1595 778 τὸν
1614 752 1775 783 σπουδαῖον,
1794 753 1863 778 ἀλλὰ

1061 796 1142 823 παντὶ
1170 797 1293 832 προσῆκε
1314 797 1354 832 τῷ
1370 797 1419 832 βίῳ
1439 798 1488 829 τὰς
1508 799 1567 824 κατ’
1589 797 1688 833 ἀρετὴν
1716 798 1862 833 ἐνεργείας

1062 842 1340 878 συμπαρατείνεσθαι.
1373 842 1482 869 Λαλῶν
1513 844 1655 876 ἀλήθειαν
1685 844 1723 870 ἐν
1749 844 1861 878 καρδίῃ

217 889 294 916 corde
308 897 366 921 tuo,
383 889 427 924 qui
439 896 488 915 non
502 889 554 923 egit
577 888 665 914 dolum
680 889 707 914 in
732 889 822 923 lingua
835 896 893 915 sua.
905 887 1005 914 Rursus

1064 887 1162 919 αὐτοῦ,
1176 887 1209 920 ὃς
1222 889 1278 915 οὐκ
1294 888 1447 915 ἐδήλωσεν
1465 888 1501 915 ἐν
1511 888 1633 924 γλώσσῃ
1647 888 1757 916 αὑτοῦ.
1775 890 1862 915 Πάλιν

216 938 243 961 et
260 934 304 962 hic
319 935 411 962 isthaEc
420 935 512 966 verba,
526 934 597 968 loqui
613 935 754 962 veritatem
771 936 796 961 in
808 935 899 966 corde,
912 940 939 961 et
955 941 1006 960 non

216 987 297 1015 agere
310 980 399 1007 dolum
419 980 445 1007 in
464 980 554 1015 lingua
568 987 627 1012 sua,
640 980 761 1007 eamdem
777 980 847 1007 inter
866 987 896 1007 se
910 980 1008 1006 habent

215 1026 414 1061 cognationem,
432 1033 492 1060 qua:
519 1031 579 1053 erat
593 1024 665 1052 inter
679 1025 879 1052 immaculatum
892 1032 963 1058 esse,
981 1029 1008 1052 et

216 1073 321 1107 operari
334 1072 478 1106 justitiam.
495 1071 726 1104 Quemadmodum
742 1071 813 1098 enim
832 1070 885 1098 illic
899 1075 926 1097 et
946 1078 1006 1097 eum

216 1119 262 1153 qui
282 1119 308 1145 in
324 1118 484 1146 abscondito
503 1118 639 1151 perlectus
664 1121 715 1149 est,
732 1121 759 1144 et
772 1124 833 1144 etnn
848 1116 892 1151 qui
913 1117 1007 1151 agendi

215 1164 341 1192 facultate
358 1168 428 1191 recte
442 1164 535 1195 utitur,
557 1164 696 1197 Scriptura
714 1163 824 1190 exhibet
840 1163 895 1189 :ita
906 1169 933 1189 et
953 1163 1006 1194 hic,

216 1212 341 1246 quoniam
368 1211 393 1237 id
410 1211 480 1244 quod
506 1210 653 1244 loqniumr,
678 1216 710 1235 ex
734 1209 823 1235 cordis
842 1208 1007 1235 abundantia

215 1256 385 1291 provenit”,
401 1263 525 1284 sermone
548 1264 581 1282 cx
606 1256 711 1282 interno
731 1254 827 1282 affectu
847 1259 974 1289 tanquam
993 1262 1008 1282 e

215 1301 290 1330 fonte
307 1301 423 1335 ﬂuente;
443 1303 516 1337 prius
535 1302 645 1336 protulit
658 1302 798 1329 veritatem
817 1301 843 1328 in
854 1302 937 1328 corde
955 1308 1008 1328 ma-

215 1353 336 1379 nentem,
354 1347 452 1375 deinde
471 1347 528 1382 ejus
544 1347 589 1381 qui
612 1354 660 1381 per
674 1346 792 1382 linguam
805 1347 937 1373 emittitur
951 1354 1009 1374 ser-

216 1393 304 1420 monis
317 1393 511 1420 sinceritatem.
529 1393 599 1419 Duas
619 1397 708 1419 autem
724 1392 912 1427 intelligentiae
929 1400 1006 1427 repe-

215 1439 301 1467 rimus
326 1439 471 1466 veritatis:
493 1446 594 1470 unam,
615 1446 705 1464 rerutn
730 1437 763 1465 ad
794 1438 899 1465 beatam
925 1438 1007 1464 vitam

215 1485 420 1513 conducentium
446 1484 717 1519 comprehensionem
739 1492 747 1516 ;
768 1484 880 1511 alteram
913 1492 1006 1511 sanam

215 1531 399 1565 cujuscunque
422 1531 459 1558 rei
482 1531 515 1557 ad
543 1530 623 1556 vitam
647 1530 786 1557 altinentis
813 1530 1003 1565 cognitionem.

215 1577 288 1604 Illam
303 1577 384 1610 igitur
396 1577 549 1610 Veritatem,
562 1577 656 1604 salutis
669 1576 841 1610 adjutricem,
851 1576 876 1603 in
890 1575 1006 1603 hominis
1020 1568 1040 1596 (ἶ

214 1622 325 1658 perfecti
345 1623 426 1650 corde
441 1622 611 1655 insidentem,
628 1626 735 1656 oportet
754 1621 812 1648 sine
825 1620 886 1648 dolo
901 1621 926 1648 in
944 1629 1004 1648 om-

215 1669 293 1696 nibus
310 1669 431 1703 proximo
448 1667 587 1694 exhibere.
607 1667 706 1694 Verum
730 1666 757 1694 in
773 1665 865 1693 saeculi
889 1666 968 1693 rebus
982 1666 1004 1693 si

214 1714 283 1742 forte
297 1722 311 1741 a
327 1714 439 1741 veritate
457 1713 564 1740 excidat
579 1713 620 1740 vir
633 1713 742 1747 probus,
755 1712 822 1739 nihil
845 1712 906 1739 inde
919 1712 1006 1746 impe-

214 1761 312 1793 dietur,
333 1759 477 1795 quominus
501 1759 640 1794 proposita
660 1763 830 1793 assequatur.
846 1758 917 1791 Quot
933 1758 1005 1785 enim

214 1805 303 1833 stadia
316 1805 370 1832 sint
385 1810 462 1832 terra:
472 1824 480 1837 ,
492 1804 533 1831 vel
548 1804 641 1838 maris,
659 1808 759 1839 quotve
774 1803 859 1831 stellae
879 1811 1006 1830 movean-

215 1854 268 1883 tur,
285 1856 312 1877 et
334 1854 463 1884 quantum
485 1849 570 1876 altera
594 1849 670 1876 alteri
689 1848 827 1876 celeritate
845 1853 962 1883 prmstet,
982 1848 1004 1875 si

215 1896 241 1923 in
260 1896 293 1923 iis
318 1896 472 1930 ignoremus
498 1896 638 1923 veritatem
651 1916 658 1927 ,
674 1895 739 1922 nihil
767 1895 921 1930 prohibebit
940 1895 1004 1929 quin

215 1943 373 1977 promissam
389 1943 413 1969 in
433 1942 586 1977 Evangeliis
599 1942 793 1969 beatitudineut
812 1942 1003 1975 adipiscamur.

215 1988 342 2016 Fortasse
353 1993 441 2015 autem
455 1992 481 2014 et
493 1988 545 2015 tale
557 1988 619 2023 quid
632 1987 771 2022 Scriptura
785 1987 861 2014 nobis
874 1987 1003 2019 declarat,

215 2033 285 2064 quod
299 2041 329 2060 ea
343 2041 402 2068 qua:
416 2033 448 2060 ad
464 2034 602 2060 veritatem
618 2036 751 2068 spectant,
760 2033 809 2059 hoc
822 2037 864 2059 est
879 2032 1002 2067 mystica.

215 2083 267 2104 non
284 2078 407 2104 omnibus
423 2077 513 2104 dicere
528 2077 663 2109 convenit,
676 2077 722 2104 sed
743 2077 866 2111 proximo
888 2086 894 2103 :
914 2077 939 2103 id
952 2080 1003 2108 est,

215 2129 268 2149 non
281 2122 360 2157 vulgo
374 2123 499 2156 prodere,
523 2123 570 2150 sed
598 2122 788 2158 mysteriorum
813 2122 1002 2156 participibus.

215 2167 320 2200 Quodsi
330 2168 430 2195 veritas
444 2173 485 2195 est
496 2168 624 2195 Dominus
637 2168 766 2199 noster“.
780 2169 849 2195 hanc
863 2169 1003 2195 veritatetn

215 2213 384 2247 impressam,
393 2218 419 2241 et
430 2214 626 2248 quodammodo
640 2214 808 2248 obsignatam
819 2214 1003 2249 unusquisque

216 2259 241 2285 in
263 2260 344 2285 corde
373 2264 465 2286 n05Iro
492 2259 676 2286 retineamus:
699 2260 732 2286 de
747 2267 799 2294 qua
823 2259 961 2287 nobiscum
977 2259 1001 2285 in

215 2310 255 2330 co:
263 2303 341 2330 dibus
358 2303 509 2338 loquentes,
525 2311 558 2331 ne
576 2305 685 2331 verbum
701 2304 847 2339 Evangelii,
863 2304 925 2331 dum
939 2304 1002 2331 illttd

216 2353 307 2376 nostro
322 2350 446 2383 proximo
463 2350 650 2384 praedicamus,
664 2349 725 2377 dolo
745 2350 800 2377 ullo
814 2357 999 2385 aspergantus.

216 2395 266 2427 Qui
291 2403 343 2421 non
356 2396 407 2430 egit
425 2396 514 2422 dolum
534 2397 562 2423 in
579 2396 669 2431 lingua
690 2405 750 2423 tua.
766 2396 846 2423 Dolus
867 2396 893 2424 in
912 2397 1001 2424 multis

215 2441 362 2476 Scriptum!
373 2441 437 2469 locis
448 2447 476 2469 ut
487 2443 611 2469 inimicus
622 2442 669 2469 Dei
681 2442 839 2469 traducitur.
850 2442 999 2476 Ditperdut,

215 2487 312 2522 inquit,
327 2486 451 2515 Dominut
462 2489 582 2515 universa
593 2488 663 2515 labia
677 2488 807 2515 dolosa".
820 2487 932 2521 [ἰυι-ειιε,
946 2488 1000 2514 Do-

1020 2246 1041 2273 Ι)

1058 933 1105 959 καὶ
1123 932 1241 959 ἐνταῦθα
1257 934 1305 969 τὴν
1319 934 1405 970 αὐτὴν
1422 935 1478 971 ἔχει
1495 935 1638 962 κοινωνίαν
1664 936 1738 971 πρὸς
1756 936 1862 971 ἄλληλα

1057 977 1088 1003 τὸ
1111 977 1201 1004 λαλεῖν
1224 978 1353 1014 ἀλήθειαν
1377 981 1406 1005 ὲν
1421 979 1529 1016 καρδίᾳ,
1548 981 1595 1006 καὶ
1619 980 1649 1006 τὸ
1665 981 1705 1016 μὴ
1720 981 1818 1007 δολοῦν
1834 983 1861 1007 ἐν

1057 1023 1168 1060 γλώσσῃ
1184 1025 1265 1051 αὑτοῦ
1276 1035 1283 1039 -
1302 1025 1397 1052 ὁποίαν
1412 1024 1468 1061 εἶχε
1482 1027 1512 1052 τὸ
1524 1024 1592 1053 εἶναι
1608 1026 1728 1062 ᾶμωμον
1744 1028 1816 1062 πρὸς
1832 1027 1861 1053 τὸ

1057 1070 1222 1105 ἐργάζεσθαι
1244 1071 1427 1107 δικαιοσύνην.
1461 1072 1505 1103 Ὡς
1534 1072 1587 1107 γὰρ
1609 1073 1668 1098 ἐκεῖ
1684 1073 1736 1099 καὶ
1757 1073 1806 1099 τὸν
1831 1075 1860 1099 ἑν

1058 1115 1172 1151 κρυπτῷ
1185 1116 1301 1149 τέλειον,
1326 1117 1371 1144 κα)⁸
1386 1117 1432 1144 τὸν
1451 1118 1480 1143 ὲν
1494 1117 1532 1153 τῷ
1547 1117 1690 1152 πρακτικῷ
1710 1118 1860 1153 εὐοδοῦμε-

1057 1169 1102 1187 νον
1119 1163 1132 1188 ὁ
1148 1162 1227 1196 λόγος
1241 1162 1417 1198 παρίστησιν,
1429 1163 1501 1190 οὕτω
1512 1164 1558 1190 καὶ
1576 1163 1693 1190 ἐνταῦθα
1703 1164 1756 1199 (5),
1765 1165 1860 1199 ἐπειδὴ

1057 1207 1088 1233 τὸ
1102 1207 1266 1242 λαλούμενον
1290 1209 1322 1234 ἐκ
1341 1208 1387 1234 τοῦ
1411 1208 1627 1244 περισσεύματός
1647 1209 1707 1235 ἐστι
1724 1209 1775 1244 τῆς
1789 1218 1858 1244 mp.

1058 1253 1125 1284 δίας,
1140 1251 1196 1280 οἷον
1213 1253 1267 1280 ἀπὸ
1288 1254 1378 1289 πηγῆς
1397 1255 1446 1288 τῆς
1464 1254 1537 1280 ἔνδον
1551 1254 1697 1285 διαθέσεως
1712 1254 1761 1290 τοῦ
1779 1254 1858 1288 λόγου

1060 1300 1179 1334 ῥέοντος,
1194 1300 1328 1335 πρότερον
1345 1297 1407 1326 εἷπε
1425 1300 1474 1335 τὴν
1487 1301 1516 1327 ὲν
1529 1301 1625 1336 καρδίᾳ
1637 1300 1781 1335 ἀλήθειαν,
1801 1299 1858 1327 εἶτα

1058 1346 1088 1372 τὸ
1097 1346 1125 1372 ὲν
1142 1346 1181 1381 τῷ
1194 1346 1265 1381 λόγῳ
1278 1346 1370 1374 ἄδολον
1383 1346 1421 1382 τῷ
1432 1346 1476 1373 διὰ
1486 1347 1535 1381 τῆς
1545 1347 1672 1381 γλώσσης
1689 1348 1735 1372 ἐνε
1742 1347 1859 1381 ργουμε-

1058 1401 1105 1426 νῳ.
1121 1391 1173 1418 Δύο
1187 1392 1216 1419 δὲ
1230 1391 1265 1418 τὰ
1281 1391 1468 1427 σημαινόμενα
1481 1392 1529 1427 τῆς
1543 1392 1672 1427 ἀληθείας
1681 1392 1857 1427 εὑρήσομεν·

1058 1438 1087 1464 ἓν
1108 1438 1157 1472 μὲν
1170 1438 1220 1473 τὴν
1237 1438 1300 1473 περὶ
1313 1437 1366 1463 τῶν
1379 1437 1550 1473 πραγμάτων
1569 1437 1623 1463 τῶν
1644 1437 1691 1463 ἐπὶ
1709 1437 1757 1463 τὸν
1774 1438 1859 1472 paxi-

1060 1492 1116 1518 ριον
1141 1482 1197 1517 βίον
1224 1482 1362 1518 φερόντων
1378 1483 1544 1518 κατάληψιν,
1566 1483 1659 1518 ἕτερον
1680 1483 1709 1508 δὲ
1727 1483 1778 1518 τὴν
1797 1485 1859 1518 περὶ

1058 1529 1213 1564 οἱουδήποεε
1227 1529 1281 1555 τῶν
1294 1529 1365 1555 κατὰ
1381 1529 1427 1555 τὸν
1444 1528 1500 1564 βίον
1516 1528 1618 1564 εἴδησιν
1631 1528 1708 1563 ὑγιῆ.
1733 1529 1858 1563 Ἐκεένην

1061 1575 1109 1610 μὲν
1124 1572 1169 1601 οὖν
1184 1575 1233 1610 τὴν
1248 1574 1385 1610 ἀλήθειαν,
1400 1575 1450 1610 τὴν
1468 1574 1596 1610 συνεργὸν
1610 1574 1660 1609 τῆς
1674 1576 1817 1611 σωτηρίας
1833 1576 1858 1600 ἐν

1059 1622 1091 1656 τῇ
1109 1620 1208 1655 καρδίᾳ
1220 1618 1303 1647 οὖσαν
1314 1620 1361 1646 τοῦ
1376 1620 1488 1652 τελείου,
1504 1620 1556 1656 χρὴ
1570 1620 1671 1651 ἀδόλως
1691 1621 1722 1646 ὲν
1737 1622 1807 1647 πᾶσι
1821 1620 1858 1654 τῷ

1060 1666 1172 1700 πλησίον
1186 1666 1362 1701 παραδιδόναι
1376 1674 1382 1681 ·
1399 1666 1429 1692 ὲν
1444 1666 1472 1692 δὲ
1483 1668 1540 1698 τοῖς
1559 1666 1629 1692 κατὰ
1645 1666 1692 1692 τὸν
1712 1666 1773 1701 βίον
1787 1667 1858 1702 πρα-

1059 1719 1172 1746 γμασιν.
1185 1711 1232 1737 ἐάν
1250 1719 1301 1737 που
1319 1711 1366 1737 καὶ
1383 1711 1515 1747 διαπίπτῃ
1532 1712 1580 1746 τῆς
1592 1711 1725 1747 ἀληθείας
1745 1713 1760 1738 ὁ
1778 1721 1859 1738 σπου-

1059 1756 1142 1787 δαῖος,
1162 1756 1240 1782 οὐδὲν
1255 1756 1383 1791 ἐμπόδιον
1398 1756 1471 1791 αὐτῷ
1486 1758 1526 1788 είς
1539 1757 1573 1783 τὰ
1587 1758 1759 1792 προκείμενα
1771 1758 1857 1784 ἔσται.

1060 1803 1142 1829 Πόσοι
1161 1802 1216 1838 γὰρ
1236 1803 1337 1829 στάδιοι
1365 1803 1416 1838 γῆς
1439 1803 1455 1837 ἦ
1477 1803 1624 1837 θαλάσσης,
1648 1804 1697 1830 καὶ
1721 1805 1802 1831 πόσοι
1818 1813 1858 1830 κι-

1059 1848 1166 1875 νοῦνται
1190 1849 1243 1875 τῶν
1263 1850 1396 1884 ἀστέρων,
1418 1849 1465 1875 καὶ
1483 1849 1564 1875 πόσον
1579 1849 1671 1883 ἕτερος
1689 1849 1739 1875 τοῦ
1764 1850 1858 1884 ἑτέρου

1060 1895 1170 1929 προέχει
1192 1894 1230 1930 τῷ
1248 1895 1336 1930 τάχει,
1354 1895 1401 1921 ἐὰν
1427 1896 1463 1930 μὴ
1488 1895 1603 1931 εἰδῶμεν
1625 1895 1675 1931 τὴν
1698 1896 1730 1921 ἐν
1751 1897 1858 1928 τούτοις

1060 1940 1198 1976 ἀλήθειαν,
1226 1941 1301 1967 οὐδὲν
1324 1942 1389 1976 ἡμῖν
1408 1942 1547 1976 summa
1571 1942 1639 1977 πρὸς
1658 1941 1689 1968 τὸ
1712 1943 1858 1977 ἐπιτυχεῖν

1058 1986 1109 2021 τῆς
1130 1987 1158 2013 ἐν
1180 1987 1357 2021 ἐπαγγελίαις
1378 1988 1588 2022 μακαριότητος.
1608 1987 1685 2022 Τάχα
1709 1987 1740 2013 δέ
1758 1997 1786 2014 τι
1812 1989 1857 2013 καὶ

1058 2032 1177 2058 τοιοῦτον
1191 2033 1256 2068 ἡμῖν
1277 2033 1291 2058 ὁ
1302 2032 1385 2066 ,λόγος
1405 2033 1580 2068 παρίστησιν,
1595 2033 1636 2058 ὅτι
1654 2033 1689 2058 τὰ
1703 2033 1774 2068 περὶ
1792 2034 1858 2067 ἁλη-

1058 2078 1142 2110 θείας,
1167 2078 1300 2110 τουτέστι,
1325 2078 1360 2105 τὰ
1389 2079 1516 2113 μυστικὰ,
1537 2078 1626 2105 λαλεῖν
1646 2079 1793 2114 προσῆκεν
1827 2080 1856 2105 οὐ

1058 2124 1150 2155 παντὶ,
1169 2124 1236 2150 ἀλλὰ
1256 2124 1294 2159 τῷ
1317 2124 1448 2159 πλησίον·
1462 2125 1522 2151 ἀντὶ
1542 2124 1600 2155 τοῦ,
1618 2125 1667 2151 οὐκ
1680 2126 1720 2156 είς
1732 2127 1801 2157 τοὺς
1817 2134 1858 2151 τν-

1058 2169 1155 2204 χόντας
1183 2170 1334 2204 ἐκφαίνειν,
1360 2170 1427 2197 ἀλλὰ
1450 2172 1512 2202 τοὺς
1538 2172 1777 2206 κεκοινωνηκότας
1805 2172 1858 2198 τῶν

1060 2216 1225 2250 μυστηρίων.
1242 2216 1273 2242 Εἰ
1289 2216 1317 2242 δὲ
1333 2216 1369 2251 (6)
1383 2216 1496 2252 ἀλήθεια
1516 2217 1529 2242 ὁ
1550 2216 1650 2251 Κύριος
1669 2216 1752 2251 ⁴ἡμῶν
1770 2219 1854 2246 ἐστιν.

1055 2262 1280 2298 ἐντετυπωμένην
1302 2263 1349 2289 καὶ
1364 2263 1444 2289 οἱονεὶ
1458 2264 1681 2298 ὲσφραγισμὲνην
1701 2265 1734 2298 τῇ
1755 2264 1854 2290 ἑαυτοῦ

1056 2308 1154 2343 καρδίᾳ
1176 2308 1278 2343 ταύτην
1299 2308 1348 2343 τὴν
1369 2308 1498 2344 ἀλήθειαν
1514 2309 1627 2340 ἕκαστος
1640 2308 1751 2343 ἔχωμεν
1764 2318 1772 2324 ·
1793 2310 1855 2343 περὶ

1054 2351 1088 2389 ἦς
1109 2354 1252 2386 λαλοῦντες
1275 2356 1304 2381 ὲν
1320 2356 1381 2387 ταῖς
1397 2355 1521 2391 καρδίαις
1535 2354 1652 2386 ἑαυτοῖς,
1677 2355 1715 2389 μὴ
1730 2355 1855 2390 Solibus»:

1054 2399 1100 2426 τὸν
1121 2400 1199 2434 λόγον
1226 2400 1273 2426 τοῦ
1295 2401 1462 2435 Εὐαγγελίου
1485 2401 1514 2428 ἐν
1533 2400 1573 2435 τῷ
1594 2401 1775 2434 ἁναγγέλλειν
1799 2402 1854 2431 τοῖς

1055 2445 1168 2480 πλησίον
1185 2446 1263 2481 ἡμῶν
1281 2447 1310 2472 τὸ
1331 2449 1473 2482 κήρυγμα.
1500 2447 1548 2480 Ὃς
1567 2447 1622 2473 οὐκ
1642 2446 1800 2473 ἐδόλωσεν
1820 2446 1854 2471 ἐν

1054 2490 1179 2525 γλώσσῃ
1195 2490 1298 2518 αὐτοῦ.
1312 2491 1450 2527 Πολλαχοῦ
1464 2491 1503 2527 (Ἰ)
1518 2491 1554 2523 ὠς
1566 2491 1663 2527 ἐχθρὸς
1681 2490 1730 2517 τοῦ
1752 2491 1823 2518 Θεοῦ
1839 2492 1853 2517 ὸ

250 2566 270 2582 ⁹¹
287 2566 364 2595 Deut.
384 2575 440 2600 xvr,
457 2567 503 2595 20.
540 2570 562 2586 "
579 2569 599 2597 ll
610 2569 679 2598 Tim.
698 2579 727 2604 ιι,
752 2570 793 2598 IS.
832 2571 854 2587 ”
871 2571 962 2598 Matth.
980 2579 1005 2598 ιι

1064 2571 1087 2598 4.
1125 2571 1148 2587 ⁸⁸
1165 2571 1243 2599 Joan.
1258 2579 1314 2604 xlv,
1329 2571 1356 2599 6.
1393 2572 1416 2588 ’⁵
1430 2571 1500 2599 Psal.
1519 2572 1584 2604 ΠΧ).

250 2646 288 2682 (ι)
304 2646 349 2682 Τῷ
363 2647 400 2682 μὴ
413 2645 495 2682 ἔχειν.
512 2645 568 2674 Hoc
581 2651 633 2679 est,
649 2647 710 2681 quia
725 2647 751 2675 id
767 2647 829 2675 facit
847 2648 957 2675 fortuito
973 2655 1005 2675 ac

214 2685 327 2718 temere,
342 2689 399 2718 non
416 2682 528 2718 eanrtis
540 2685 691 2716 praeceptis.
701 2684 782 2710 Paulo
797 2689 857 2718 post
871 2691 935 2710 mss.
950 2689 1005 2710 tres

213 2716 326 2753 habenti
340 2716 460 2753 Χριστοῦ
483 2724 530 2753 pro
553 2717 668 2753 Κυρίου.
695 2716 803 2745 Ιιιὶύθιιι
825 2718 900 2745 Colb.
922 2727 1004 2752 quar-

214 2756 257 2778 tus
275 2752 402 2792 trpdcexe.
418 2751 490 2778 Infra
504 2751 569 2792 Reg.
591 2751 683 2793 sextus
708 2751 1000 2788 συμπαρεκτείνεσοαι.

214 2785 270 2812 Hoc
293 2794 378 2821 ipsum
387 2787 502 2823 verbum
518 2788 617 2823 legitur
639 2788 746 2821 qutdem
771 2790 797 2815 in
813 2788 888 2816 Colb.
905 2795 1001 2823 quarto

214 2828 331 2856 quoque,
347 2822 393 2848 sed
411 2822 436 2848 in
456 2822 577 2856 margine
599 2823 737 2850 duntaxat.

248 2855 288 2889 15)
313 2855 377 2884 Mss.
404 2855 524 2891 quinque
543 2856 613 2883 οὕτω
631 2857 687 2883 καί.
719 2858 788 2885 Editi
808 2866 868 2887 cum
887 2863 1000 2893 quatuor

1057 2656 1122 2677 mss.
1140 2648 1226 2681 οὕτως
1243 2649 1370 2676 ἐνταῦθα.
1394 2650 1491 2677 Ibidem
1510 2655 1626 2684 quatuor
1642 2658 1709 2678 mss.
1729 2651 1847 2680 ἔνδοθεν.

1056 2683 1125 2711 Editi
1144 2693 1204 2711 cum
1232 2686 1351 2719 quinque
1373 2693 1438 2712 mss.
1464 2683 1549 2712 ἔνδον.
1581 2685 1664 2713 Paulo
1686 2693 1749 2719 post
1771 2688 1846 2715 Colb.

1055 2725 1167 2755 quartth
1182 2719 1312 2755 εὕραμεν.
1332 2719 1402 2746 Infra
1421 2720 1491 2747 idem
1516 2729 1566 2746 ms.
1583 2721 1758 2755 ἐντυχόντας.

1091 2754 1130 2789 (ti)
1143 2754 1232 2781 Editio
1245 2754 1335 2792 Paris.
1353 2756 1377 2792 ei
1396 2754 1424 2781 δὲ
1438 2756 1465 2790 ἡ.
1485 2755 1535 2781 llic
1548 2754 1677 2792 articulus
1698 2765 1753 2784 non
1770 2765 1847 2792 repe-

1054 2789 1124 2816 ritur
1141 2797 1228 2824 neqtte
1245 2791 1269 2816 in
1286 2791 1385 2817 nostris
1403 2789 1468 2817 mss.
1483 2798 1569 2824 neque
1587 2792 1612 2817 in
1628 2791 1748 2818 editione
1762 2789 1844 2820 Basil.

1143 2824 1229 2851 Editio
1244 2825 1330 2852 Paris.
1347 2830 1373 2852 et
1386 2833 1451 2852 mss.
1462 2827 1579 2861 quinque
1592 2827 1743 2861 πανταχοῦ.
1756 2828 1844 2854 Editio

1052 2859 1134 2887 Basil.
1160 2861 1328 2897 cum_tribus
1357 2868 1420 2888 mss.
1443 2860 1587 2895 πολλαχοῦ.
1615 2859 1842 2898 Lectio‘utraque

1813 147 1861 174 956
1900 168 1901 174 η

1901 218 1903 261 4
