3850 6218
103 245 232 302 Ξῦΐ

1263 245 1546 306 HOMILIA
1585 251 1604 306 1
1645 244 1712 305 ΙΝ
1751 241 2082 306 PSALMUM
2124 242 2264 306 XIV.

3285 247 3392 307 258

103 361 278 424 δόλος
309 363 370 414 ἐν
393 363 460 432 τῇ
487 361 677 434 Γραφῆ
697 361 1067 436 διαϐέϐληται.
1104 366 1580 435 Ἐξολοθρεύσαι,
1609 384 1707 437 φη-

1817 365 1900 419 ius
1929 367 1983 420 in
2011 367 2164 420 corde
2195 365 2571 434 fabricantium
2600 363 2800 419 mala".
2837 363 3006 419 Porro
3033 363 3394 435 Quodcunque

107 452 195 516 σὶ,
231 453 458 520 Κύριος
489 452 687 506 πάντα
711 453 786 508 τὰ
818 455 992 524 χείλη
1031 455 1104 510 τὰ
1134 456 1340 511 δόλια·
1372 459 1487 520 καὶ,
1529 459 1716 524 Δόλος

105 542 189 594 ἐν
243 542 464 610 καρδίᾳ
511 545 981 615 τεκταινομένων
1021 547 1100 618 (8)
1159 549 1334 604 κακά.
1387 551 1502 604 Πᾶν
1545 551 1601 603 δέ
1656 551 1716 604 τὸ

109 635 384 702 κρεῖττον
437 636 496 688 ἐν
554 639 622 707 τῇ
683 637 776 690 τοῦ
829 637 1068 709 χείρονος
1126 642 1376 715 ἐπιμιξίᾳ
1438 642 1717 697 δολοῦσθαι

107 725 372 794 λέγεται,
427 725 504 792 ὡς
557 724 699 792 οἶνος
747 730 990 785 δολοῦται
1039 732 1116 804 τῷ
1157 733 1374 806 χείρονα
1415 734 1565 806 αὐτῷ
1607 753 1714 788 πα-

111 817 504 888 ραμίγνυσθαι
546 820 643 890 (9),
690 819 722 892 ἢ
765 821 826 875 τὸ
869 823 1014 896 ὕδωρ
1048 826 1197 896 αὐτῷ
1239 828 1711 900 παρακίρνασθαι·

111 909 219 962 καὶ
283 910 487 980 χρυσὸς
553 911 796 967 δολοῦται
861 916 919 968 ἐν
985 919 1050 988 τῇ
1119 913 1254 989 πρὸς
1314 918 1554 991 ἄργυρον
1621 922 1717 975 καὶ

111 999 334 1068 χαλκὸν
378 1005 662 1075 κοινωνίᾳ·
697 1006 838 1058 οὕτω
885 1007 980 1060 καὶ
1017 1009 1242 1080 ἀλήθεια
1287 1009 1552 1076 δολοῦται,
1602 1015 1717 1076 τοῖς

112 1091 308 1160 ἁγίοις
339 1093 517 1162 λόγοις
543 1096 650 1149 τῶν
683 1097 1107 1171 δυσφημοτέρων
1131 1102 1614 1175 παραπλακέντων.

189 1183 250 1235 4.
298 1183 454 1237 Οὐδὲ
482 1186 732 1254 ἐποίησε
752 1189 828 1251 τῷ
850 1191 1118 1260 πλησίον
1137 1193 1324 1246 αὐτοῦ
1350 1195 1560 1247 κακόν.
1583 1195 1716 1247 Τίνα

110 1271 276 1342 λέγει
323 1274 418 1328 τὸν
459 1276 684 1346 πλησίον
717 1281 744 1331 ὁ
795 1280 980 1348 λόγος,
1025 1283 1198 1346 οὐδεὶς
1243 1282 1575 1354 ἀμφιϐάλλει
1609 1284 1717 1338 τῶν

111 1363 480 1419 ἀκουσάντων
519 1368 615 1421 τοῦ
657 1371 992 1440 Εὐαγγελίου
1029 1373 1167 1444 πρὸς
1200 1374 1291 1426 τὸν
1326 1375 1710 1445 ἐρωτήσαντα·

115 1455 236 1507 Καὶ
269 1457 363 1521 τίς
395 1457 530 1511 ἐστί
563 1477 686 1530 μου
733 1464 1038 1530 πλησίον;
1069 1459 1138 1537 τ’ῼ
1161 1468 1188 1518 ὁ
1219 1465 1423 1536 Κύριος
1455 1462 1574 1520 εἷπε
1619 1467 1716 1539 τὴν

115 1545 452 1618 παραϐολὴν
495 1549 586 1601 τοῦ
627 1551 735 1604 ἀπὸ
769 1552 1124 1626 Ἰερουσαλὴμ
1172 1555 1590 1621 καταϐαίνοντος
1637 1558 1716 1620 εἰς

128 1633 386 1706 Ἱεριχώ·
431 1637 490 1690 ὃν
523 1640 615 1692 καὶ
650 1641 935 1714 ἠρώτησε·
989 1647 1084 1710 Τίς
1125 1647 1350 1700 τούτων
1397 1645 1567 1701 δοκεῖ
1615 1659 1716 1701 σοι

115 1729 443 1798 γεγονέναι
459 1735 731 1800 πλησίον
743 1752 762 1798 ;
794 1713 1063 1801 Κάκεῖνος
1081 1739 1440 1811 ἀπεκρίνατο,
1472 1741 1526 1792 Ὁ
1550 1740 1718 1808 ποιή-
1749 1713 1790 1768 Β

115 1835 246 1884 σας
289 1820 360 1872 τὸ
403 1823 574 1889 ἕλεος
616 1828 746 1894 μετ’
777 1828 984 1882 αὑτοῦ.
1035 1830 1269 1898 Ἑδίὸαξε
1319 1831 1428 1900 γὰρ
1479 1832 1568 1886 διὰ
1594 1831 1717 1886 τού-

117 1925 234 1962 των
285 1911 463 1966 πάντα
502 1915 787 1986 ἄνθρωπον
822 1920 1075 1988 ἡγεῖσθαι
1119 1921 1364 1992 πλησίον.
1409 1925 1718 1996 Δυσκατόρ-

119 2000 300 2052 θωτον
331 2003 386 2056 δὲ
411 2005 508 2057 καὶ
540 2005 717 2072 τοῦτο,
743 2008 839 2061 καὶ
866 2008 1067 2081 πολλῆς
1091 2011 1343 2078 δεόμενον
1373 2013 1712 2086 ἐπιμελείας,

121 2094 272 2161 μήτε
310 2095 493 2168 μικρῷ
540 2115 676 2163 τινι,
736 2101 872 2170 μήτε
922 2102 1128 2172 μείζονι
1176 2105 1580 2159 καταϐλάπτειν
1625 2107 1715 2160 τὸν

119 2183 387 2253 πλησίον·
428 2188 503 2259 μὴ
539 2189 596 2243 ἐν
630 2190 834 2260 ῥήματι
868 2192 979 2266 (10)
1027 2193 1225 2263 βλάψαι
1247 2211 1260 2225 ·
1298 2197 1372 2268 μὴ
1409 2197 1717 2269 ἀποστερῆε

119 2277 220 2329 σαί
256 2295 308 2330 τι
347 2279 454 2332 τῶν
501 2280 884 2351 καθηκόντων·
934 2283 1008 2354 μὴ
1051 2285 1380 2357 βουληθῆναι
1415 2287 1564 2358 αὐτῷ
1619 2306 1717 2342 πο-

119 2370 330 2438 νηρόν·
372 2371 446 2442 μὴ
501 2371 765 2443 βασκανίᾳ
812 2375 1122 2445 χρήσασθαι
1177 2377 1316 2448 πρὸς
1360 2377 1460 2441 τὰς
1504 2379 1713 2450 εὐπρα-

121 2459 253 2527 γίας
297 2460 406 2514 τῶν
444 2463 630 2528 πέλας.
672 2465 786 2518 Καὶ
830 2466 1174 2537 ὀνειδισμὸν
1208 2471 1319 2522 οὐκ
1359 2469 1578 2523 ἐλαϐεν
1617 2470 1716 2524 ἐπὶ

121 2554 274 2619 τοὺς
303 2555 550 2624 ἔγγιστα
586 2559 792 2612 αὑτοῦ.
838 2560 1160 2630 Ἀμφίϐολος
1190 2563 1224 2632 ἡ
1267 2561 1446 2626 λέξις·
1485 2561 1714 2636 πότερον

121 2647 292 2710 αὐτὸς
323 2648 448 2714 ἄξια
480 2649 572 2702 τοῦ
609 2649 960 2714 ὀνειδίζεσθαι
1003 2651 1154 2724 παρὰ
1189 2651 1300 2705 τῶν
1342 2652 1569 2722 ἔγγιστα
1615 2657 1714 2709 οὐκ

123 2734 381 2807 ἐποίησε,
407 2739 502 2790 καὶ
534 2739 624 2792 διὰ
662 2741 820 2794 τοῦτο
862 2742 962 2794 οὐκ
996 2740 1156 2796 ἔλαϐε
1199 2747 1329 2814 παρ’
1364 2746 1544 2800 αὐτῶν
1577 2747 1715 2799 ὀνει-

123 2827 342 2898 δισμὸν,
375 2829 408 2900 ἢ
441 2830 630 2884 οὐδένα
672 2832 780 2888 τῶν
820 2832 1049 2902 ἔγγιστα
1086 2835 1249 2900 αὐτὸς
1289 2837 1532 2890 ὠνείδισε
1553 2879 1572 2904 η,
1606 2839 1714 2895 τῶν

123 2918 184 2971 ἐν
215 2919 583 2992 ἀνθρωπίνοις
629 2925 936 2996 πταίσμασι
985 2927 1376 3000 γενομένων,ἢ
1423 2931 1479 2982 ἐν
1526 2929 1715 3002 impii)-

129 3027 268 3081 μασι
309 3019 674 3084 σωματικοῖς,
719 3017 752 3086 ἢ
801 3017 980 3082 ἄλλοις
1026 3019 1168 3072 τισὶν
1220 3020 1563 3092 ὑστερήμασι
1611 3021 1714 3091 τῆς
1741 3057 1783 3116 C

129 3105 339 3176 σαρκὸς
383 3107 806 3178 εὑρισκομένων.
857 3109 994 3163 Οὔτε
1052 3109 1162 3181 γὰρ
1194 3110 1286 3163 τὸν
1331 3111 1716 3182 ἁμαρτάνοντα

127 3194 451 3250 ὀνειδιστέον
485 3197 627 3252 κατὰ
649 3197 710 3252 τὸ
737 3201 1162 3272 γεγραμμένον·
1207 3201 1304 3269 Μὴ
1337 3201 1583 3261 ὀνείδιζε
1615 3201 1720 3256 ἄν-

131 3289 370 3353 θρωπον
415 3289 872 3359 ἀποστρέφοντα
916 3291 1036 3346 ἀπὸ
1077 3291 1390 3359 ἁμαρτίας.
1433 3293 1568 3346 Οὑδέ
1611 3293 1720 3364 γὰρ

131 3378 378 3450 ἐγνωμέν
421 3397 551 3434 ποτε
595 3385 681 3435 ἐπ’
721 3383 959 3454 ὠφελείᾳ
987 3383 1095 3436 τῶν
1138 3382 1600 3454 πλημμελούντων
1629 3385 1718 3437 τὸν

133 3471 435 3542 ὀνειδισμὸν
487 3473 954 3546 παρειλημμένον,
995 3475 1086 3527 τοῦ
1143 3474 1464 3528 Ἀποστόλου
1505 3477 1564 3529 ἐν
1597 3479 1718 3540 ταῖς

135 3563 274 3632 πρὸς
307 3563 398 3616 τὸν
431 3565 622 3617 ἑαυτοῦ
653 3565 902 3640 μαθητὴν
937 3565 1200 3636 Τιμόθεον
1231 3567 1532 3638 ὑποθήκαις
1567 3567 1719 3636 ἐλεγέ

135 3670 230 3722 χον
263 3659 361 3724 μὲν
397 3657 490 3709 καὶ
533 3657 880 3729 παράκλησιν
911 3660 1007 3712 καὶ
1037 3658 1356 3730 ἐπιτίμησιν
1391 3659 1723 3730 ἐπιτρέψαν-

135 3764 246 3810 τος,
283 3747 522 3819 οὐδαμοῦ
559 3751 616 3803 δέ
641 3750 731 3804 τὸν
759 3751 1081 3822 ὀνειδισμὸν,
1126 3753 1202 3814 ὡς
1231 3751 1492 3816 ἐναντίον,
1541 3768 1720 3822 παρα-

136 3839 408 3904 λαϐόντος.
441 3843 551 3896 Καὶ
583 3842 758 3896 ἔοικεν
789 3845 817 3896 ὁ
853 3845 952 3915 μὲν
982 3844 1202 3914 ἔλεγχος
1242 3843 1393 3907 τέλος
1435 3843 1581 3914 ἔχειν
1615 3845 1716 3916 τὴν

137 3930 422 4002 διόρθωσιν
445 3933 538 3986 τοῦ
563 3936 988 4007 ἁμαρτάνοντος,
1004 3938 1032 3990 ὁ
1046 3936 1102 3989 δὲ
1123 3935 1423 4006 ὀνειδισμὸς
1443 3936 1536 3989 ἐπὶ
1555 3936 1720 4006 ἀσχη-

144 4026 348 4098 μοσύνῃ
380 4026 490 4097 (Η)
520 4028 615 4080 τοῦ
657 4027 976 4091 ἐπταικότος
1013 4027 1277 4096 γίνεσθαι.
1323 4025 1520 4080 Πενίαν
1573 4026 1650 4092 δέ,
1682 4027 1716 4098 ἢ

141 4099 468 4184 δυσλίένειαν,
495 4119 526 4192 ἦ
565 4120 859 4190 ἀμάθειαν,
888 4122 921 4192 ἢ
949 4119 1199 4190 σώματος
1231 4119 1543 4191 ἀρρωστίαν
1580 4120 1719 4173 ὀνει-

142 4209 304 4272 δίζειν
333 4210 509 4282 πάντη
547 4212 758 4280 ἄλογον,
797 4215 892 4266 καὶ
939 4213 1218 4283 ἀλλότριον
1265 4211 1358 4264 τοῦ
1404 4212 1714 4264 σπουδαίου.

152 4303 214 4354 Ἀ
243 4303 350 4374 γὰρ
392 4305 492 4357 οὐκ
525 4307 590 4358 ἐκ
623 4305 993 4378 προαιρέσεως
1038 4309 1168 4377 ἡμῖν
1211 4304 1520 4376 συμϐαίνει,
1546 4305 1718 4358 ταῦτα

1817 455 2019 510 bonum
2045 455 2170 509 mali
2200 455 2552 525 permistione
2580 453 2704 509 dolo
2739 453 3010 525 inquinari
3057 454 3273 512 dicitur.
3299 453 3392 510 Sic

1815 547 1998 600 vinum
2022 546 2142 600 dolo
2167 546 2424 610 inficitur,
2454 561 2576 600 cum
2612 546 2660 602 ei
2689 546 2818 616 quid
2848 545 3000 616 pejus
3043 547 3392 612 admiscetur,

1816 639 1902 694 vel
1932 655 2054 694 cum
2084 655 2220 710 aqua
2251 640 2352 709 ipsi
2391 640 2714 706 aﬂ‘unditur;
2743 641 2869 695 item
2896 656 3087 695 aurum
3121 641 3244 695 dolo
3277 637 3393 694 alli-

1817 730 1961 786 cit‘ur
1994 741 2103 786 tum
2132 749 2255 787 cum
2303 743 2525 804 argento
2573 743 2629 788 et
2669 734 2762 788 teri
2807 733 3151 804 coniungitur
3182 751 3194 786 :
3229 735 3302 786 ita
3337 741 3392 788 et

1816 824 2017 878 veritas
2039 825 2160 880 dolo
2191 825 2524 896 deturpatur,
2555 827 2600 882 si
2631 811 3037 884 verbis’sanctis
3065 833 3390 882 connecten-

1819 923 1907 969 tur
1939 915 2304 986 blasphemiae.

2099 1059 2126 1088 π

1887 1187 1941 1244 4.
1975 1187 2088 1243 Nec
2111 1189 2232 1258 fecit
2265 1191 2503 1260 proximo
2526 1207 2621 1246 suo
2645 1191 2862 1245 malum.
2881 1189 3048 1256 Quem
3084 1190 3389 1258 proximum

1823 1279 2028 1350 107“
2058 1281 2244 1336 isthaec
2284 1282 2551 1336 sententia
2580 1283 2844 1352 designet,
2877 1297 3035 1337 nemo
3061 1283 3267 1338 dubitat
3296 1297 3392 1339 eo-

1817 1388 1964 1439 rum,
2017 1375 2110 1443 qui
2170 1375 2461 1430 audierunt
2509 1375 2880 1447 Evangelium,
2929 1377 3161 1446 quodam
3213 1377 3389 1434 interr-

1819 1473 2046 1532 rogante
2074 1482 2089 1518 :
2134 1465 2201 1518 Et
2228 1467 2345 1534 quis
2370 1477 2444 1520 est
2469 1484 2611 1522 meus
2631 1469 2973 1538 proximus“?
2999 1470 3096 1525 Cui
3129 1471 3390 1528 Dominus

1818 1557 1952 1610 dixit
2009 1557 2321 1626 parabolam
2377 1560 2550 1628 illius,
2601 1564 2696 1632 qui
2755 1563 2824 1617 ab
2876 1560 3178 1619 Jerusalem
3217 1564 3271 1619 in
3301 1559 3393 1620 Je—

1819 1649 1973 1704 richo
2031 1651 2442 1707 descendebat:
2491 1667 2652 1722 quem
2715 1661 2768 1708 et
2813 1654 3214 1724 interrogavit:
3257 1655 3389 1720 Qui:

1818 1745 2004 1798 horum
2065 1745 2274 1798 videtur
2329 1747 2424 1798 tibi
2463 1749 2736 1808 proximus
2783 1747 2996 1816 fuisse?
3033 1748 3102 1802 At
3151 1747 3242 1804 ille
3297 1763 3391 1805 rei

1818 1836 2070 1902 spondit:
2105 1837 2211 1902 Qui
2244 1836 2369 1904 fecit
2414 1838 2835 1892 misericordiam
2864 1839 2918 1892 in
2955 1837 3152 1894 illum'.
3199 1841 3392 1896 Docuit

1816 1927 1960 1982 enim
1997 1929 2082 1983 his
2125 1931 2308 1984 verbis
2356 1931 2632 1986 hominem
2693 1946 2908 1986 omnem
2947 1933 3244 2002 putandum
3269 1944 3392 1990 esse

1816 2020 2148 2088 proximum.
2208 2019 2324 2076 Hoc
2395 2031 2576 2076 autem
2632 2023 2922 2078 observatu
2993 2021 3210 2079 diﬂicile
3261 2033 3388 2090 est,

1819 2110 2154 2180 multamque
2197 2113 2427 2182 requirit
2468 2114 2825 2184 diligentiam,
2871 2131 3046 2185 neque
3093 2116 3148 2171 in
3197 2133 3387 2187 parva,

1819 2217 1994 2273 neque
2043 2203 2096 2258 in
2128 2220 2324 2276 magna
2381 2221 2438 2260 re
2490 2207 2736 2276 proximo
2776 2219 3014 2264 nocere:
3073 2224 3180 2264 non
3226 2211 3392 2267 verbo

1815 2294 2114 2361 oil‘endere,
2162 2313 2269 2352 non
2329 2312 2452 2350 eum
2507 2299 2662 2353 bouis
2710 2299 2824 2354 suis
2879 2299 3130 2368 spoliare,
3181 2302 3232 2358 ei
3283 2318 3392 2359 non

1817 2389 1959 2442 male
2010 2403 2232 2458 cupere,
2292 2405 2400 2444 non
2437 2389 2575 2445 laztis
2617 2406 2681 2444 ac
2723 2392 3000 2461 prosperis
3039 2395 3270 2462 proximi
3309 2407 3394 2452 re-

1815 2480 1917 2535 bus
1967 2481 2228 2536 invidere.
2271 2478 2340 2534 Et
2387 2483 2722 2550 opprobrium
2768 2499 2873 2540 non
2920 2485 3118 2550 accepit
3145 2487 3394 2542 adversus

1815 2573 2081 2640 proximos
2099 2589 2246 2627 suos.
2281 2573 2548 2642 Ambigua
2583 2573 2748 2628 dictio
2776 2585 2880 2638 est,
2935 2583 3118 2630 utrum
3167 2578 3278 2646 ipse
3306 2579 3392 2632 1ιὶ-ι

1817 2663 1893 2716 hil
1939 2663 2128 2718 fecerit
2161 2697 2176 2728 ,
2233 2667 2376 2732 quod
2436 2665 2538 2720 sibi
2595 2666 2790 2720 merito
2837 2668 3154 2735 exprobrari
3211 2678 3396 2739 posset

1818 2767 1849 2808 a
1889 2755 2158 2823 proximo,
2206 2756 2276 2810 ob
2309 2756 2471 2824 idque
2525 2758 2876 2826 opprobrium
2933 2759 3000 2813 ab
3050 2773 3114 2814 eo
3159 2775 3269 2815 non
3302 2775 3395 2816 ac-

1818 2846 2057 2913 ceperit;
2112 2861 2182 2900 an
2226 2847 2516 2916 opprobrio
2571 2848 2774 2903 nullum
2845 2850 3214 2917 proximorum
3261 2851 3396 2908 οσο-

1816 2938 1969 3002 cerit,
1999 2939 2090 3008 qui
2123 2939 2177 2992 in
2211 2939 2452 2994 humana
2489 2939 2686 2994 delicta
2707 2939 2941 3010 prolapsi
2985 2942 3114 3008 sint,
3141 2950 3233 2997 aut
3269 2957 3394 3000 cum

1817 3030 2078 3084 mutilatis
2135 3031 2380 3099 corporis
2439 3030 2702 3101 partibus,
2754 3041 2848 3084 aut
2898 3029 3020 3085 aliis
3067 3032 3394 3100 quibusdam

1822 3120 2001 3174 carnis
2044 3119 2344 3175 defectibus
2383 3118 2585 3176 fuerint
2627 3121 2971 3190 deprehensi.
3009 3121 3196 3194 Neque
3247 3127 3392 3180 enim

1821 3213 1870 3266 is
1916 3213 2010 3281 qui
2055 3221 2264 3280 peccat,
2318 3213 2533 3280 probris
2585 3211 2938 3269 insectandus
2999 3223 3098 3277 est,
3141 3215 3218 3270 uti
3249 3217 3393 3272 scri-

1820 3311 1970 3373 ptum
2030 3313 2164 3356 est:
2220 3303 2306 3357 Ne
2338 3303 2656 3373 impropero:
2707 3305 2905 3360 homini
2948 3307 3200 3360 auertenti
3248 3323 3304 3362 se
3359 3320 3394 3362 α

1818 3391 2117 3463 peccato“.
2168 3392 2357 3464 Neque
2409 3396 2556 3448 enim
2610 3395 2860 3450 novimus
2893 3411 3130 3467 unquam
3179 3397 3248 3452 ad
3298 3398 3393 3454 de-

1821 3482 2180 3554 linquentium
2235 3483 2527 3539 utilitatem
2570 3485 2920 3556 opprobrium
2973 3487 3138 3544 fuisse
3182 3489 3396 3544 adhibi-

1822 3585 1954 3630 tum.
2009 3575 2145 3630 Nam
2196 3576 2487 3644 Apostolus
2520 3577 2574 3632 in
2637 3579 2750 3632 suis
2799 3579 2867 3634 ad
2922 3578 3242 3644 discipulum
3301 3579 3395 3636 Tia

1821 3667 2097 3722 motheum
2148 3669 2522 3735 documentis,
2574 3669 3054 3738 reprehensionem
3092 3673 3310 3742 quidem
3338 3683 3394 3730 et

1819 3758 2280 3826 obsecrationem,
2311 3769 2366 3816 et
2394 3760 2826 3831 objurgationem
2878 3763 3228 3833 permittit“,
3265 3779 3388 3819 nus‘

1819 3867 1982 3922 quam
2017 3867 2146 3906 vero
2172 3853 2516 3921 opprobrium
2562 3852 2799 3918 admisit,
2837 3864 3092 3924 tanquam
3124 3855 3265 3924 quod
3300 3855 3393 3910 ads

1819 3955 2089 4010 versetur,
2131 3959 2196 4000 ac
2223 3945 2560 4000 contrarium
2589 3945 2679 4000 sit.
2720 3945 2787 3999 Et
2815 3945 3027 4001 videtur
3055 3948 3272 4017 quidem
3303 3948 3394 4003 ob:

1815 4031 2052 4103 jurgatio
2107 4031 2270 4088 ﬁnem
2331 4032 2532 4087 habere
2584 4034 2887 4102 peccatoris
2947 4037 3390 4104 correctionem,

1818 4124 2170 4195 opprobrium
2229 4139 2360 4179 vero
2413 4125 2480 4178 ad
2532 4123 2668 4194 lapsi
2735 4125 3109 4181 confusionem
3181 4125 3390 4183 inferri.

1819 4215 2202 4286 Paupertatem
2233 4225 2436 4282 autem,
2461 4225 2552 4271 aut
2583 4217 2980 4287 ignobilitatem
3017 4220 3254 4288 generis,
3299 4227 3392 4276 aut

1819 4311 2068 4380 corporis
2086 4309 2456 4366 inﬁrmitatem
2515 4312 2716 4380 probro
2767 4321 3003 4378 vertere,
3028 4327 3256 4382 prorsus
3291 4311 3390 4368 ab-

145 4395 388 4450 ἀκούσια·
426 4397 520 4450 ἐπὶ
556 4397 614 4452 δέ
640 4401 754 4462 τοῖς
799 4399 1074 4462 ἀκουσίοις
1125 4397 1498 4468 ἐλαττώμασιν
1545 4397 1707 4450 ἐλεεῖ-

1820 4403 2043 4456 ευτιιιιιη
2086 4409 2170 4456 est
2227 4409 2281 4456 et
2310 4415 2339 4454 a
2378 4400 2481 4454 viri
2512 4401 2664 4472 probi
2695 4403 2938 4457 moribus
2979 4403 3237 4458 alienum.
3262 4403 3394 4472 ρυω

215 4624 235 4654 ⁷
256 4621 412 4681 Prov.
445 4641 546 4693 xu,
579 4625 672 4682 20.
747 4625 768 4658 ⁸
797 4623 927 4682 Luc.
979 4643 1034 4694 κ,
1076 4627 1166 4684 29.
1232 4627 1252 4658 ⁹
1283 4627 1416 4682 ibid.
1467 4625 1558 4691 56,
1586 4627 1673 4682 57.

1837 4627 1998 4682 Eccli.
2033 4641 2156 4693 vm,
2181 4625 2234 4682 6.
2313 4625 2355 4656 “
2389 4623 2432 4679 ll
2458 4623 2600 4678 Tim.
2635 4639 2708 4685 IV,
2736 4623 2805 4690 2;
2835 4623 2854 4677 l
2881 4623 3022 4679 Tim.
3061 4635 3134 4689 tv,
3161 4624 3248 4679 15.

149 4825 336 4898 legitur
361 4828 433 4898 in
460 4827 594 4898 Reg.
632 4831 890 4885 secundo.
936 4829 1054 4884 Mox
1103 4829 1266 4884 editio
1305 4829 1478 4883 Paris.
1529 4829 1710 4896 ἐξολο-

149 4896 378 4972 θρεύσει.
422 4896 600 4953 Ειιίιῖο
657 4899 818 4972 Basil.
874 4910 926 4955 et
979 4903 1214 4972 quinque
1242 4916 1368 4954 mss.
1401 4898 1713 4972 ἐξολοθρεύ-

151 4983 256 5030 σαι,
283 4980 335 5020 et
357 4971 426 5020 ita
451 4985 665 5038 quoque
698 4971 896 5024 editum
939 4971 1239 5025 invenimus
1265 4972 1402 5038 apud
1436 4970 1600 5024 LXX;

217 5039 290 5110 (8)
327 5039 463 5092 Etlili
507 5055 624 5110 cum
659 5039 860 5106 majore
894 5053 1047 5110 parte
1083 5055 1210 5094 mss.
1250 5041 1708 5110 τεκταινομένων.

150 5107 300 5174 Rugii
328 5109 594 5162 secundus
623 5119 675 5162 et
713 5107 937 5178 quartus
981 5119 1038 5164 et
1062 5111 1214 5165 Colb.
1257 5126 1393 5163 unus
1437 5107 1538 5163 una
1587 5127 1707 5166 cum

151 5179 284 5232 LXX
326 5179 764 5235 τεκταινομένου.
821 5179 946 5235 Haec
995 5181 1050 5233 in
1094 5181 1238 5234 hunc
1273 5179 1446 5233 locum
1503 5181 1710 5234 notavit

150 5249 536 5302 Couthelisius:
579 5249 798 5303 Videtur
840 5267 950 5303 esse
979 5249 1136 5306 Prov.
1182 5265 1326 5312 xxvr,
1365 5249 1456 5314 24,
1495 5251 1711 5319 deﬂexis

149 5319 413 5385 paululum
441 5319 672 5380 vocibus,
703 5332 756 5372 ut
789 5321 992 5374 Basilio
1027 5335 1130 5374 non
1160 5320 1507 5388 infrequens:
1544 5322 1636 5374 sed
1667 5320 1710 5374 si

151 5389 447 5456 diligentius
491 5389 906 5458 conquisivisset
960 5391 1103 5443 illam
1157 5388 1453 5458 Scripturze
1491 5397 1711 5444 senten-

153 5459 297 5530 tiam1
315 5473 443 5530 cam
475 5458 660 5530 iisdem
695 5461 876 5514 verbis
899 5471 953 5514 et
982 5459 1219 5530 syllabis
1233 5459 1524 5530 reperisset
1553 5460 1713 5512 Prov.

154 5541 246 5590 xu,
275 5525 356 5579 ‘20.
373 5528 597 5596 Aquilus
624 5525 1085 5597 Symmachusq'ue
1105 5541 1159 5583 et
1180 5525 1474 5582 Theudotio
1500 5545 1715 5582 τεκται-

151 5597 356 5651 νόντων.
395 5597 617 5666 Vulgata
645 5599 810 5652 Dolus
844 5601 898 5652 in
928 5606 1082 5653 corde
1111 5599 1452 5665 cogitantium
1479 5599 1641 5650 mala.

224 5667 290 5736 ‘9)
325 5668 450 5736 [{og.
500 5665 726 5735 quartus
768 5670 844 5732 ὡς
875 5671 904 5721 ὁ
942 5665 1080 5732 οἶνος
1109 5669 1352 5724 ὼλοῦται
1387 5669 1465 5739 τῷ
1509 5668 1712 5740 χείρονι

461 5767 732 5826 ΡΑτιιοι..
780 5766 898 5827 Gn.
947 5765 1188 5829 XXIX.

1809 4829 1970 4904 αὐτὸν
2009 4827 2400 4904 παραμτ-ίῖθείἰ
2437 4829 2629 4885 tertius
2657 4839 2712 4904 et
2750 4839 2974 4904 quartus
3009 4829 3390 4904 ιιιώεηιαῦτῆς

1809 4915 1908 4970 pro
1936 4899 2129 4969 ἁγίοις.
2159 4900 2264 4952 Alii
2301 4914 2394 4955 sex
2425 4915 2557 4956 mss.
2598 4901 2868 4971 vulgatam
2901 4901 3188 4956 lectionem
3223 4899 3385 4955 tueri-

1811 4979 1990 5110 ωξίο)
2020 5037 2171 5111 (Ζοιίὺ.
2190 5047 2414 5108 quartus
2444 5037 2672 5111 ῥήμασι.
2705 5039 2850 5094 Infra
2875 5039 3042 5094 editio
3071 5037 3246 5093 Paris.
3265 5054 3388 5093 cum

1809 5123 1916 5163 uno
1949 5119 2044 5162 aut
2075 5110 2244 5182 altero
2298 5125 2398 5182 ms_.
2443 5110 2692 5182 πηρώσει
2739 5113 3046 5181 σωματικῇ.
3083 5113 3156 5182 At
3181 5117 3388 5182 septem

1809 5194 1939 5233 mss.
1953 5193 2086 5251 _cum
2103 5179 2340 5251 editione
2358 5179 2832 5251 ΒιιεὶΙῙπηρώμασι
2853 5179 3206 5251 σωματικοῖς.
3227 5179 3390 5251 Paulo

1808 5257 1938 5356 postl
1951 5249 2080 5318 Reg.
2105 5250 2296 5304 tertius
2322 5261 2374 5303 et
2399 5249 2624 5319 quartus
2657 5249 2778 5304 cum
2802 5251 3038 5306 editione
3066 5249 3229 5302 Basil.
3257 5249 3382 5300 ἐπι-

1811 5333 1909 5356 Rlﬂn
1945 5335 2107 5356 mnam-ﬁ

1811 5333 2131 5390 στρεφοντα.

1881 5389 1993 5462 (Η)
2041 5389 2269 5462 Codices
2313 5399 2435 5462 oct_o
2467 5389 2846 5462 ᾀσχημοσύνῃ.
2883 5399 3022 5462 motu
3059 5401 3180 5444 cum
3224 5385 3382 5462 geli).

1808 5457 2342 5535 septimo_aloxtivn.
2374 5457 2728 5535 ,lttfra:_i{eg.
2787 5457 3070 5535 secundus
3117 5465 3170 5535 et
3227 5457 3387 5535 (ἐσμ).

1811 5537 1996 5586 sextus
2043 5529 2436 5600 ἀποτυχόντος.
2499 5529 2606 5586 Alii
2672 5529 2806 5587 mss.
2859 5539 2914 5585 et
2945 5529 3074 5586 editi
3123 5529 3391 5597 ἁτυχοῦνι

1809 5607 1930 5650 τας.

1883 5629 1930 5662 δι

3029 5762 3067 5822 9
