  <div class='ocr_page' id='page_1' title='image "/cluster/home/n/w/nwhite01/storage/ocr_20150623/29/nnc1.0046978755/585.png"; bbox 0 0 3818 6220; ppageno 0'>
   <div class='ocr_carea' id='block_1_1' title="bbox 464 269 572 328">
    <p class='ocr_par' dir='ltr' id='par_1_1' title="bbox 464 269 572 328">
     <span class='ocr_line' id='line_1_1' title="bbox 464 269 572 328; baseline -0.019 0"><span class='ocrx_word' id='word_1_1' title='bbox 464 269 572 328; x_wconf 73' lang='lat'><strong>239</strong></span> 
     </span>
    </p>
   </div>
   <div class='ocr_carea' id='block_1_2' title="bbox 1782 265 2387 323">
    <p class='ocr_par' dir='ltr' id='par_1_2' title="bbox 1782 265 2387 323">
     <span class='ocr_line' id='line_1_2' title="bbox 1782 265 2387 323; baseline -0.003 -1"><span class='ocrx_word' id='word_1_2' title='bbox 1782 267 1838 322; x_wconf 87' lang='lat' dir='ltr'><strong>S.</strong></span> <span class='ocrx_word' id='word_1_3' title='bbox 1881 266 2127 323; x_wconf 68' lang='lat' dir='ltr'><strong>BASILII</strong></span> <span class='ocrx_word' id='word_1_4' title='bbox 2171 265 2387 320; x_wconf 81' lang='lat' dir='ltr'><strong>MAGNI</strong></span> 
     </span>
    </p>
   </div>
   <div class='ocr_carea' id='block_1_3' title="bbox 3647 260 3746 312">
    <p class='ocr_par' dir='ltr' id='par_1_3' title="bbox 3647 260 3746 312">
     <span class='ocr_line' id='line_1_3' title="bbox 3647 260 3746 312; baseline -0.03 0"><span class='ocrx_word' id='word_1_5' title='bbox 3647 260 3746 312; x_wconf 66' lang='lat' dir='ltr'><strong>2m}</strong></span> 
     </span>
    </p>
   </div>
   <div class='ocr_carea' id='block_1_4' title="bbox 464 377 2027 455">
    <p class='ocr_par' dir='ltr' id='par_1_4' title="bbox 464 385 2027 455">
     <span class='ocr_line' id='line_1_4' title="bbox 464 385 2027 455; baseline 0 -15"><span class='ocrx_word' id='word_1_6' title='bbox 464 388 606 440; x_wconf 79' lang='lat' dir='ltr'><strong>enim</strong></span> <span class='ocrx_word' id='word_1_7' title='bbox 642 386 794 441; x_wconf 89' lang='lat' dir='ltr'><strong>nobis</strong></span> <span class='ocrx_word' id='word_1_8' title='bbox 821 385 1137 455; x_wconf 80' lang='lat' dir='ltr'><strong>contingunt</strong></span> <span class='ocrx_word' id='word_1_9' title='bbox 1175 392 1373 455; x_wconf 70' lang='lat' dir='ltr'><strong>praeter</strong></span> <span class='ocrx_word' id='word_1_10' title='bbox 1433 385 1787 451; x_wconf 89' lang='lat' dir='ltr'><strong>voluntatem,</strong></span> <span class='ocrx_word' id='word_1_11' title='bbox 1841 402 1902 442; x_wconf 79' lang='lat' dir='ltr'><strong>ea</strong></span> <span class='ocrx_word' id='word_1_12' title='bbox 1933 402 2027 440; x_wconf 83' lang='lat' dir='ltr'><strong>nou</strong></span> 
     </span>
    </p>
   </div>
   <div class='ocr_carea' id='block_1_5' title="bbox 2135 377 3746 455">
    <p class='ocr_par' dir='ltr' id='par_1_5' title="bbox 2145 377 3746 454">
     <span class='ocr_line' id='line_1_5' title="bbox 2145 377 3746 454; baseline -0.004 -17"><span class='ocrx_word' id='word_1_13' title='bbox 2145 385 2266 438; x_wconf 87' lang='grc' dir='ltr'>σθαι</span> <span class='ocrx_word' id='word_1_14' title='bbox 2300 383 2498 454; x_wconf 84' lang='grc' dir='ltr'>μᾶλλον</span> <span class='ocrx_word' id='word_1_15' title='bbox 2528 383 2560 454; x_wconf 81' lang='grc' dir='ltr'>ἧ</span> <span class='ocrx_word' id='word_1_16' title='bbox 2590 383 3008 454; x_wconf 83' lang='grc' dir='ltr'>καθυϐρίζεσθαι</span> <span class='ocrx_word' id='word_1_17' title='bbox 3039 383 3161 445; x_wconf 75' lang='grc' dir='ltr'>τοὺς</span> <span class='ocrx_word' id='word_1_18' title='bbox 3196 377 3548 450; x_wconf 71' lang='grc' dir='ltr'><strong>ἀτυχοῦντας</strong></span> <span class='ocrx_word' id='word_1_19' title='bbox 3585 394 3746 448; x_wconf 71' lang='grc' dir='ltr'>προσ-</span> 
     </span>
    </p>
   </div>
   <div class='ocr_carea' id='block_1_6' title="bbox 465 475 2036 545">
    <p class='ocr_par' dir='ltr' id='par_1_6' title="bbox 465 475 2036 545">
     <span class='ocr_line' id='line_1_6' title="bbox 465 475 2036 545; baseline -0.001 -15"><span class='ocrx_word' id='word_1_20' title='bbox 465 486 588 530; x_wconf 87' lang='lat' dir='ltr'><strong>suut</strong></span> <span class='ocrx_word' id='word_1_21' title='bbox 638 476 957 530; x_wconf 86' lang='lat' dir='ltr'><strong>voluntaria.</strong></span> <span class='ocrx_word' id='word_1_22' title='bbox 1000 477 1160 545; x_wconf 76' lang='lat' dir='ltr'><strong>Atqui</strong></span> <span class='ocrx_word' id='word_1_23' title='bbox 1203 476 1444 531; x_wconf 81' lang='lat' dir='ltr'><strong>infelices</strong></span> <span class='ocrx_word' id='word_1_24' title='bbox 1494 476 1614 532; x_wconf 92' lang='lat' dir='ltr'><strong>illos</strong></span> <span class='ocrx_word' id='word_1_25' title='bbox 1665 477 1734 532; x_wconf 93' lang='lat' dir='ltr'><strong>ob</strong></span> <span class='ocrx_word' id='word_1_26' title='bbox 1783 477 1912 530; x_wconf 88' lang='lat' dir='ltr'><strong>vitia</strong></span> <span class='ocrx_word' id='word_1_27' title='bbox 1957 475 2036 530; x_wconf 93' lang='lat' dir='ltr'><strong>ci-</strong></span> 
     </span>
    </p>
   </div>
   <div class='ocr_carea' id='block_1_7' title="bbox 2147 476 2301 546">
    <p class='ocr_par' dir='ltr' id='par_1_7' title="bbox 2147 476 2301 546">
     <span class='ocr_line' id='line_1_7' title="bbox 2147 476 2301 546; baseline 0.006 -19"><span class='ocrx_word' id='word_1_28' title='bbox 2147 476 2301 546; x_wconf 79' lang='grc' dir='ltr'>ἧκεν.</span> 
     </span>
    </p>
   </div>
   <div class='ocr_carea' id='block_1_8' title="bbox 465 570 3192 640">
    <p class='ocr_par' dir='ltr' id='par_1_8' title="bbox 465 570 3192 640">
     <span class='ocr_line' id='line_1_8' title="bbox 465 570 3192 640; baseline -0.001 -13"><span class='ocrx_word' id='word_1_29' title='bbox 465 582 544 627; x_wconf 89' lang='lat' dir='ltr'><strong>tra</strong></span> <span class='ocrx_word' id='word_1_30' title='bbox 595 574 758 627; x_wconf 87' lang='lat' dir='ltr'><strong>animi</strong></span> <span class='ocrx_word' id='word_1_31' title='bbox 816 573 1136 628; x_wconf 91' lang='lat' dir='ltr'><strong>sententiam</strong></span> <span class='ocrx_word' id='word_1_32' title='bbox 1196 573 1495 628; x_wconf 77' lang='lat' dir='ltr'><strong>accidentia</strong></span> <span class='ocrx_word' id='word_1_33' title='bbox 1542 574 1712 628; x_wconf 90' lang='lat' dir='ltr'><strong>satius</strong></span> <span class='ocrx_word' id='word_1_34' title='bbox 1754 586 1840 628; x_wconf 83' lang='lat' dir='ltr'><strong>est</strong></span> <span class='ocrx_word' id='word_1_35' title='bbox 1876 571 2155 638; x_wconf 89' lang='lat' dir='ltr'><strong>miserari,</strong></span> <span class='ocrx_word' id='word_1_36' title='bbox 2213 586 2375 640; x_wconf 88' lang='lat' dir='ltr'><strong>quam</strong></span> <span class='ocrx_word' id='word_1_37' title='bbox 2435 587 2528 626; x_wconf 85' lang='lat' dir='ltr'><strong>eos</strong></span> <span class='ocrx_word' id='word_1_38' title='bbox 2585 571 2908 626; x_wconf 91' lang='lat' dir='ltr'><strong>contumelia</strong></span> <span class='ocrx_word' id='word_1_39' title='bbox 2959 570 3192 626; x_wconf 73' lang='lat' dir='ltr'><strong>allicere.</strong></span> 
     </span>
    </p>
   </div>
   <div class='ocr_carea' id='block_1_9' title="bbox 537 663 2034 732">
    <p class='ocr_par' dir='ltr' id='par_1_9' title="bbox 537 663 2034 732">
     <span class='ocr_line' id='line_1_9' title="bbox 537 663 2034 732; baseline -0.001 -12"><span class='ocrx_word' id='word_1_40' title='bbox 537 666 590 720; x_wconf 87' lang='grc'><strong>5.</strong></span> <span class='ocrx_word' id='word_1_41' title='bbox 648 666 807 719; x_wconf 70' lang='lat' dir='ltr'><strong>Vens.</strong></span> <span class='ocrx_word' id='word_1_42' title='bbox 837 664 891 717; x_wconf 78' lang='grc' dir='ltr'><strong>ι.</strong></span> <span class='ocrx_word' id='word_1_43' title='bbox 925 663 1006 716; x_wconf 81' lang='lat' dir='ltr'><strong>Ad</strong></span> <span class='ocrx_word' id='word_1_44' title='bbox 1041 664 1262 718; x_wconf 78' lang='lat' dir='ltr'><strong>nihilum</strong></span> <span class='ocrx_word' id='word_1_45' title='bbox 1291 666 1543 719; x_wconf 75' lang='lat' dir='ltr'><strong>deductus</strong></span> <span class='ocrx_word' id='word_1_46' title='bbox 1578 674 1653 719; x_wconf 78' lang='lat' dir='ltr'><strong>est</strong></span> <span class='ocrx_word' id='word_1_47' title='bbox 1680 667 1731 718; x_wconf 89' lang='lat' dir='ltr'><strong>in</strong></span> <span class='ocrx_word' id='word_1_48' title='bbox 1760 676 2034 732; x_wconf 75' lang='lat' dir='ltr'><strong>conspectu</strong></span> 
     </span>
    </p>
   </div>
   <div class='ocr_carea' id='block_1_10' title="bbox 463 744 2030 824">
    <p class='ocr_par' dir='ltr' id='par_1_10' title="bbox 463 744 2030 824">
     <span class='ocr_line' id='line_1_10' title="bbox 463 744 2030 824; baseline 0 -16"><span class='ocrx_word' id='word_1_49' title='bbox 463 755 576 822; x_wconf 77' lang='lat' dir='ltr'><strong>ejus</strong></span> <span class='ocrx_word' id='word_1_50' title='bbox 623 744 925 824; x_wconf 69' lang='lat' dir='ltr'><strong>malignus:</strong></span> <span class='ocrx_word' id='word_1_51' title='bbox 959 755 1196 808; x_wconf 76' lang='lat' dir='ltr'><strong>timentes</strong></span> <span class='ocrx_word' id='word_1_52' title='bbox 1233 766 1406 808; x_wconf 87' lang='lat' dir='ltr'><strong>autem</strong></span> <span class='ocrx_word' id='word_1_53' title='bbox 1437 753 1716 808; x_wconf 79' lang='lat' dir='ltr'><strong>Dominum</strong></span> <span class='ocrx_word' id='word_1_54' title='bbox 1749 756 2030 823; x_wconf 74' lang='lat' dir='ltr'><strong>glori/Scal.</strong></span> 
     </span>
    </p>
   </div>
   <div class='ocr_carea' id='block_1_11' title="bbox 466 847 2036 916">
    <p class='ocr_par' dir='ltr' id='par_1_11' title="bbox 466 847 2036 916">
     <span class='ocr_line' id='line_1_11' title="bbox 466 847 2036 916; baseline 0 -16"><span class='ocrx_word' id='word_1_55' title='bbox 466 847 558 901; x_wconf 80' lang='lat' dir='ltr'><strong>Est</strong></span> <span class='ocrx_word' id='word_1_56' title='bbox 591 847 756 900; x_wconf 91' lang='lat' dir='ltr'><strong>animi</strong></span> <span class='ocrx_word' id='word_1_57' title='bbox 798 861 1017 914; x_wconf 88' lang='lat' dir='ltr'><strong>prorsus</strong></span> <span class='ocrx_word' id='word_1_58' title='bbox 1043 847 1242 912; x_wconf 77' lang='lat' dir='ltr'><strong>magni,</strong></span> <span class='ocrx_word' id='word_1_59' title='bbox 1281 855 1333 900; x_wconf 91' lang='lat' dir='ltr'><strong>et</strong></span> <span class='ocrx_word' id='word_1_60' title='bbox 1387 847 1526 901; x_wconf 91' lang='lat' dir='ltr'><strong>inter</strong></span> <span class='ocrx_word' id='word_1_61' title='bbox 1558 862 1906 916; x_wconf 89' lang='lat' dir='ltr'><strong>quascunque</strong></span> <span class='ocrx_word' id='word_1_62' title='bbox 1937 848 2036 900; x_wconf 88' lang='lat' dir='ltr'><strong>hu-</strong></span> 
     </span>
    </p>
   </div>
   <div class='ocr_carea' id='block_1_12' title="bbox 466 940 2035 1009">
    <p class='ocr_par' dir='ltr' id='par_1_12' title="bbox 466 940 2035 1009">
     <span class='ocr_line' id='line_1_12' title="bbox 466 940 2035 1009; baseline 0.001 -15"><span class='ocrx_word' id='word_1_63' title='bbox 466 956 748 995; x_wconf 89' lang='lat' dir='ltr'><strong>manarum</strong></span> <span class='ocrx_word' id='word_1_64' title='bbox 773 956 950 993; x_wconf 88' lang='lat' dir='ltr'><strong>rerum</strong></span> <span class='ocrx_word' id='word_1_65' title='bbox 978 940 1327 994; x_wconf 75' lang='lat' dir='ltr'><strong>necessitates</strong></span> <span class='ocrx_word' id='word_1_66' title='bbox 1361 940 2035 1009; x_wconf 69' lang='lat' dir='ltr'><strong>immoti,viriquejustitize</strong></span> 
     </span>
    </p>
   </div>
   <div class='ocr_carea' id='block_1_13' title="bbox 467 1031 2035 1101">
    <p class='ocr_par' dir='ltr' id='par_1_13' title="bbox 467 1031 2035 1101">
     <span class='ocr_line' id='line_1_13' title="bbox 467 1031 2035 1101; baseline 0 -14"><span class='ocrx_word' id='word_1_67' title='bbox 467 1035 652 1087; x_wconf 83' lang='lat' dir='ltr'><strong>habitu</strong></span> <span class='ocrx_word' id='word_1_68' title='bbox 682 1049 888 1088; x_wconf 91' lang='lat' dir='ltr'><strong>summe</strong></span> <span class='ocrx_word' id='word_1_69' title='bbox 909 1033 1130 1099; x_wconf 82' lang='lat' dir='ltr'><strong>exculti,</strong></span> <span class='ocrx_word' id='word_1_70' title='bbox 1155 1031 1548 1100; x_wconf 76' lang='lat' dir='ltr'><strong>unicuiquejus</strong></span> <span class='ocrx_word' id='word_1_71' title='bbox 1577 1033 1846 1098; x_wconf 62' lang='lat' dir='ltr'><strong>tribuente;</strong></span> <span class='ocrx_word' id='word_1_72' title='bbox 1875 1042 2035 1101; x_wconf 87' lang='lat' dir='ltr'><strong>atque</strong></span> 
     </span>
    </p>
   </div>
   <div class='ocr_carea' id='block_1_14' title="bbox 469 1123 2034 1194">
    <p class='ocr_par' dir='ltr' id='par_1_14' title="bbox 469 1123 2034 1194">
     <span class='ocr_line' id='line_1_14' title="bbox 469 1123 2034 1194; baseline 0.001 -16"><span class='ocrx_word' id='word_1_73' title='bbox 469 1126 537 1178; x_wconf 90' lang='lat' dir='ltr'><strong>ad</strong></span> <span class='ocrx_word' id='word_1_74' title='bbox 571 1123 792 1177; x_wconf 82' lang='lat' dir='ltr'><strong>nihilum</strong></span> <span class='ocrx_word' id='word_1_75' title='bbox 829 1124 1094 1177; x_wconf 83' lang='lat' dir='ltr'><strong>deducere</strong></span> <span class='ocrx_word' id='word_1_76' title='bbox 1125 1124 1410 1194; x_wconf 84' lang='lat' dir='ltr'><strong>malignos,</strong></span> <span class='ocrx_word' id='word_1_77' title='bbox 1449 1126 1660 1179; x_wconf 87' lang='lat' dir='ltr'><strong>tametsi</strong></span> <span class='ocrx_word' id='word_1_78' title='bbox 1703 1125 2034 1194; x_wconf 88' lang='lat' dir='ltr'><strong>principatus</strong></span> 
     </span>
    </p>
   </div>
   <div class='ocr_carea' id='block_1_15' title="bbox 467 1212 2032 1282">
    <p class='ocr_par' dir='ltr' id='par_1_15' title="bbox 467 1212 2032 1282">
     <span class='ocr_line' id='line_1_15' title="bbox 467 1212 2032 1282; baseline -0.001 -15"><span class='ocrx_word' id='word_1_79' title='bbox 467 1228 687 1282; x_wconf 81' lang='lat' dir='ltr'><strong>magnos</strong></span> <span class='ocrx_word' id='word_1_80' title='bbox 742 1214 1003 1275; x_wconf 86' lang='lat' dir='ltr'><strong>obtinent,</strong></span> <span class='ocrx_word' id='word_1_81' title='bbox 1050 1214 1260 1267; x_wconf 83' lang='lat' dir='ltr'><strong>tametsi</strong></span> <span class='ocrx_word' id='word_1_82' title='bbox 1294 1214 1496 1268; x_wconf 87' lang='lat' dir='ltr'><strong>divitiis</strong></span> <span class='ocrx_word' id='word_1_83' title='bbox 1536 1212 1784 1278; x_wconf 84' lang='lat' dir='ltr'><strong>afﬂuunt,</strong></span> <span class='ocrx_word' id='word_1_84' title='bbox 1819 1213 2032 1269; x_wconf 88' lang='lat' dir='ltr'><strong>tametsi</strong></span> 
     </span>
    </p>
   </div>
   <div class='ocr_carea' id='block_1_16' title="bbox 466 1304 2031 1374">
    <p class='ocr_par' dir='ltr' id='par_1_16' title="bbox 466 1304 2031 1374">
     <span class='ocr_line' id='line_1_16' title="bbox 466 1304 2031 1374; baseline 0.001 -17"><span class='ocrx_word' id='word_1_85' title='bbox 466 1306 725 1358; x_wconf 79' lang='lat' dir='ltr'><strong>natalium</strong></span> <span class='ocrx_word' id='word_1_86' title='bbox 773 1304 1057 1373; x_wconf 88' lang='lat' dir='ltr'><strong>splendore</strong></span> <span class='ocrx_word' id='word_1_87' title='bbox 1084 1314 1206 1358; x_wconf 91' lang='lat' dir='ltr'><strong>sunt</strong></span> <span class='ocrx_word' id='word_1_88' title='bbox 1230 1305 1524 1374; x_wconf 89' lang='lat' dir='ltr'><strong>conspicui,</strong></span> <span class='ocrx_word' id='word_1_89' title='bbox 1560 1305 1770 1360; x_wconf 83' lang='lat' dir='ltr'><strong>tametsi</strong></span> <span class='ocrx_word' id='word_1_90' title='bbox 1800 1305 1900 1359; x_wconf 89' lang='lat' dir='ltr'><strong>sibi</strong></span> <span class='ocrx_word' id='word_1_91' title='bbox 1933 1306 2031 1373; x_wconf 89' lang='lat' dir='ltr'><strong>ipsi</strong></span> 
     </span>
    </p>
   </div>
   <div class='ocr_carea' id='block_1_17' title="bbox 465 1395 2035 1464">
    <p class='ocr_par' dir='ltr' id='par_1_17' title="bbox 465 1395 2035 1464">
     <span class='ocr_line' id='line_1_17' title="bbox 465 1395 2035 1464; baseline 0.003 -18"><span class='ocrx_word' id='word_1_92' title='bbox 465 1397 744 1450; x_wconf 84' lang='lat' dir='ltr'><strong>vindicant</strong></span> <span class='ocrx_word' id='word_1_93' title='bbox 771 1395 1170 1459; x_wconf 91' lang='lat' dir='ltr'><strong>claritudinem,</strong></span> <span class='ocrx_word' id='word_1_94' title='bbox 1205 1403 1446 1449; x_wconf 86' lang='lat' dir='ltr'><strong>attamen</strong></span> <span class='ocrx_word' id='word_1_95' title='bbox 1479 1397 1522 1449; x_wconf 91' lang='lat' dir='ltr'><strong>si</strong></span> <span class='ocrx_word' id='word_1_96' title='bbox 1551 1397 1807 1464; x_wconf 89' lang='lat' dir='ltr'><strong>iniquitas</strong></span> <span class='ocrx_word' id='word_1_97' title='bbox 1839 1396 1950 1450; x_wconf 90' lang='lat' dir='ltr'><strong>sola</strong></span> <span class='ocrx_word' id='word_1_98' title='bbox 1980 1395 2035 1450; x_wconf 85' lang='lat' dir='ltr'><strong>in</strong></span> 
     </span>
    </p>
   </div>
   <div class='ocr_carea' id='block_1_18' title="bbox 467 1484 2035 1554">
    <p class='ocr_par' dir='ltr' id='par_1_18' title="bbox 467 1484 2035 1554">
     <span class='ocr_line' id='line_1_18' title="bbox 467 1484 2035 1554; baseline -0.001 -15"><span class='ocrx_word' id='word_1_99' title='bbox 467 1487 594 1554; x_wconf 83' lang='lat' dir='ltr'><strong>ipsis</strong></span> <span class='ocrx_word' id='word_1_100' title='bbox 642 1484 1059 1554; x_wconf 84' lang='lat' dir='ltr'><strong>deprehenditur</strong></span> <span class='ocrx_word' id='word_1_101' title='bbox 1092 1523 1106 1547; x_wconf 92' lang='lat'><strong>,</strong></span> <span class='ocrx_word' id='word_1_102' title='bbox 1153 1484 1286 1538; x_wconf 86' lang='lat' dir='ltr'><strong>tales</strong></span> <span class='ocrx_word' id='word_1_103' title='bbox 1347 1490 1412 1538; x_wconf 89' lang='lat' dir='ltr'><strong>ad</strong></span> <span class='ocrx_word' id='word_1_104' title='bbox 1461 1486 1686 1539; x_wconf 88' lang='lat' dir='ltr'><strong>nihilum</strong></span> <span class='ocrx_word' id='word_1_105' title='bbox 1749 1486 2035 1548; x_wconf 84' lang='lat' dir='ltr'><strong>deducere,</strong></span> 
     </span>
    </p>
   </div>
   <div class='ocr_carea' id='block_1_19' title="bbox 465 1574 2035 1644">
    <p class='ocr_par' dir='ltr' id='par_1_19' title="bbox 465 1574 2035 1644">
     <span class='ocr_line' id='line_1_19' title="bbox 465 1574 2035 1644; baseline -0.001 -14"><span class='ocrx_word' id='word_1_106' title='bbox 465 1578 567 1630; x_wconf 86' lang='lat' dir='ltr'><strong>hoc</strong></span> <span class='ocrx_word' id='word_1_107' title='bbox 619 1583 722 1638; x_wconf 89' lang='lat' dir='ltr'><strong>est,</strong></span> <span class='ocrx_word' id='word_1_108' title='bbox 767 1574 918 1628; x_wconf 87' lang='lat' dir='ltr'><strong>nihili</strong></span> <span class='ocrx_word' id='word_1_109' title='bbox 967 1575 1260 1638; x_wconf 68' lang='lat' dir='ltr'><strong>mstimare,</strong></span> <span class='ocrx_word' id='word_1_110' title='bbox 1315 1575 1514 1643; x_wconf 80' lang='lat' dir='ltr'><strong>magni,</strong></span> <span class='ocrx_word' id='word_1_111' title='bbox 1573 1576 1814 1644; x_wconf 88' lang='lat' dir='ltr'><strong>inquam,</strong></span> <span class='ocrx_word' id='word_1_112' title='bbox 1866 1575 2035 1629; x_wconf 88' lang='lat' dir='ltr'><strong>animi</strong></span> 
     </span>
    </p>
   </div>
   <div class='ocr_carea' id='block_1_20' title="bbox 463 1667 2036 1738">
    <p class='ocr_par' dir='ltr' id='par_1_20' title="bbox 463 1667 2036 1738">
     <span class='ocr_line' id='line_1_20' title="bbox 463 1667 2036 1738; baseline -0.001 -16"><span class='ocrx_word' id='word_1_113' title='bbox 463 1678 566 1723; x_wconf 85' lang='lat' dir='ltr'><strong>est.</strong></span> <span class='ocrx_word' id='word_1_114' title='bbox 594 1669 816 1731; x_wconf 83' lang='lat' dir='ltr'><strong>Contra,</strong></span> <span class='ocrx_word' id='word_1_115' title='bbox 855 1667 1104 1720; x_wconf 89' lang='lat' dir='ltr'><strong>timentes</strong></span> <span class='ocrx_word' id='word_1_116' title='bbox 1135 1667 1441 1731; x_wconf 92' lang='lat' dir='ltr'><strong>Dominum,</strong></span> <span class='ocrx_word' id='word_1_117' title='bbox 1479 1669 1724 1736; x_wconf 87' lang='lat' dir='ltr'><strong>quamvis</strong></span> <span class='ocrx_word' id='word_1_118' title='bbox 1753 1667 1862 1722; x_wconf 92' lang='lat' dir='ltr'><strong>sint</strong></span> <span class='ocrx_word' id='word_1_119' title='bbox 1903 1683 2036 1738; x_wconf 89' lang='lat' dir='ltr'><strong>pau-</strong></span> 
     </span>
    </p>
   </div>
   <div class='ocr_carea' id='block_1_21' title="bbox 2215 661 3740 731">
    <p class='ocr_par' dir='ltr' id='par_1_21' title="bbox 2215 661 3740 731">
     <span class='ocr_line' id='line_1_21' title="bbox 2215 661 3740 731; baseline -0.002 -14"><span class='ocrx_word' id='word_1_120' title='bbox 2215 664 2265 717; x_wconf 86' lang='lat'><strong>5.</strong></span> <span class='ocrx_word' id='word_1_121' title='bbox 2322 663 2737 727; x_wconf 81' lang='grc' dir='ltr'>Ἐξουδένωται</span> <span class='ocrx_word' id='word_1_122' title='bbox 2790 663 3045 716; x_wconf 79' lang='grc' dir='ltr'>ἐνώπιον</span> <span class='ocrx_word' id='word_1_123' title='bbox 3091 661 3276 716; x_wconf 84' lang='grc' dir='ltr'>αὑτοῦ</span> <span class='ocrx_word' id='word_1_124' title='bbox 3325 663 3740 731; x_wconf 65' lang='grc' dir='ltr'>πονηρευόμε·</span> 
     </span>
    </p>
   </div>
   <div class='ocr_carea' id='block_1_22' title="bbox 2141 753 3735 824">
    <p class='ocr_par' dir='ltr' id='par_1_22' title="bbox 2141 753 3735 824">
     <span class='ocr_line' id='line_1_22' title="bbox 2141 753 3735 824; baseline -0.003 -15"><span class='ocrx_word' id='word_1_125' title='bbox 2141 773 2272 819; x_wconf 74' lang='grc' dir='ltr'>νοςο</span> <span class='ocrx_word' id='word_1_126' title='bbox 2310 756 2452 820; x_wconf 86' lang='grc' dir='ltr'>τοὺς</span> <span class='ocrx_word' id='word_1_127' title='bbox 2495 755 2562 807; x_wconf 83' lang='grc' dir='ltr'>δὲ</span> <span class='ocrx_word' id='word_1_128' title='bbox 2594 755 3001 824; x_wconf 71' lang='grc' dir='ltr'>φοϐουμένους</span> <span class='ocrx_word' id='word_1_129' title='bbox 3040 753 3149 808; x_wconf 81' lang='grc' dir='ltr'><strong>τὸν</strong></span> <span class='ocrx_word' id='word_1_130' title='bbox 3194 755 3416 821; x_wconf 73' lang='grc' dir='ltr'>Κύριον</span> <span class='ocrx_word' id='word_1_131' title='bbox 3477 753 3735 818; x_wconf 78' lang='grc' dir='ltr'>δοξάζει.</span> 
     </span>
    </p>
   </div>
   <div class='ocr_carea' id='block_1_23' title="bbox 2143 845 3736 917">
    <p class='ocr_par' dir='ltr' id='par_1_23' title="bbox 2143 845 3736 917">
     <span class='ocr_line' id='line_1_23' title="bbox 2143 845 3736 917; baseline -0.003 -16"><span class='ocrx_word' id='word_1_132' title='bbox 2143 845 2528 916; x_wconf 59' lang='grc' dir='ltr'>θίεγαλοφυοῦς</span> <span class='ocrx_word' id='word_1_133' title='bbox 2548 847 2782 909; x_wconf 77' lang='grc' dir='ltr'><strong>διανοίας</strong></span> <span class='ocrx_word' id='word_1_134' title='bbox 2802 847 2893 899; x_wconf 73' lang='grc' dir='ltr'><strong>καὶ</strong></span> <span class='ocrx_word' id='word_1_135' title='bbox 2918 847 3050 917; x_wconf 73' lang='grc' dir='ltr'>πρὸς</span> <span class='ocrx_word' id='word_1_136' title='bbox 3073 847 3223 900; x_wconf 72' lang='grc' dir='ltr'>οὐδὲν</span> <span class='ocrx_word' id='word_1_137' title='bbox 3251 846 3736 915; x_wconf 62' lang='grc' dir='ltr'>κατακλινομένης</span> 
     </span>
    </p>
   </div>
   <div class='ocr_carea' id='block_1_24' title="bbox 2141 939 3738 1012">
    <p class='ocr_par' dir='ltr' id='par_1_24' title="bbox 2141 939 3738 1012">
     <span class='ocr_line' id='line_1_24' title="bbox 2141 939 3738 1012; baseline -0.002 -19"><span class='ocrx_word' id='word_1_138' title='bbox 2141 941 2249 995; x_wconf 88' lang='grc' dir='ltr'><strong>τῶν</strong></span> <span class='ocrx_word' id='word_1_139' title='bbox 2291 940 2646 1012; x_wconf 80' lang='grc' dir='ltr'><strong>ἀνθρωπίνων</strong></span> <span class='ocrx_word' id='word_1_140' title='bbox 2698 940 2859 1011; x_wconf 75' lang='grc' dir='ltr'>χρεία</span> <span class='ocrx_word' id='word_1_141' title='bbox 2908 939 3051 1008; x_wconf 76' lang='grc'><strong>(12),</strong></span> <span class='ocrx_word' id='word_1_142' title='bbox 3111 940 3204 992; x_wconf 73' lang='grc' dir='ltr'><strong>καὶ</strong></span> <span class='ocrx_word' id='word_1_143' title='bbox 3238 940 3435 1010; x_wconf 82' lang='grc' dir='ltr'>ἀνδρὸς</span> <span class='ocrx_word' id='word_1_144' title='bbox 3479 939 3592 1010; x_wconf 77' lang='grc' dir='ltr'>τὴν</span> <span class='ocrx_word' id='word_1_145' title='bbox 3649 939 3738 1006; x_wconf 68' lang='grc' dir='ltr'>τῆς</span> 
     </span>
    </p>
   </div>
   <div class='ocr_carea' id='block_1_25' title="bbox 2138 1031 3737 1104">
    <p class='ocr_par' dir='ltr' id='par_1_25' title="bbox 2138 1031 3737 1104">
     <span class='ocr_line' id='line_1_25' title="bbox 2138 1031 3737 1104; baseline -0.003 -17"><span class='ocrx_word' id='word_1_146' title='bbox 2138 1034 2481 1104; x_wconf 79' lang='grc' dir='ltr'><strong>δικαιοσύνης</strong></span> <span class='ocrx_word' id='word_1_147' title='bbox 2529 1033 2641 1100; x_wconf 73' lang='grc' dir='ltr'>ἕξιν</span> <span class='ocrx_word' id='word_1_148' title='bbox 2676 1035 2755 1096; x_wconf 90' lang='grc' dir='ltr'><strong>είς</strong></span> <span class='ocrx_word' id='word_1_149' title='bbox 2807 1034 2972 1103; x_wconf 86' lang='grc' dir='ltr'>ἀκρον</span> <span class='ocrx_word' id='word_1_150' title='bbox 3026 1032 3493 1102; x_wconf 72' lang='grc' dir='ltr'><strong>κατωρθωκότος,</strong></span> <span class='ocrx_word' id='word_1_151' title='bbox 3537 1031 3602 1083; x_wconf 80' lang='grc' dir='ltr'>τὸ</span> <span class='ocrx_word' id='word_1_152' title='bbox 3635 1033 3737 1084; x_wconf 80' lang='grc' dir='ltr'>δια-</span> 
     </span>
    </p>
   </div>
   <div class='ocr_carea' id='block_1_26' title="bbox 2139 1124 3736 1197">
    <p class='ocr_par' dir='ltr' id='par_1_26' title="bbox 2139 1124 3736 1197">
     <span class='ocr_line' id='line_1_26' title="bbox 2139 1124 3736 1197; baseline -0.003 -18"><span class='ocrx_word' id='word_1_153' title='bbox 2139 1128 2321 1197; x_wconf 87' lang='grc' dir='ltr'>νέμειν</span> <span class='ocrx_word' id='word_1_154' title='bbox 2364 1126 2578 1196; x_wconf 84' lang='grc' dir='ltr'>ἑκάστῳ</span> <span class='ocrx_word' id='word_1_155' title='bbox 2609 1125 2679 1178; x_wconf 89' lang='grc' dir='ltr'><strong>τά</strong></span> <span class='ocrx_word' id='word_1_156' title='bbox 2714 1126 2849 1197; x_wconf 84' lang='grc' dir='ltr'>πρὸς</span> <span class='ocrx_word' id='word_1_157' title='bbox 2878 1125 3034 1188; x_wconf 78' lang='grc' dir='ltr'>ἀξίαν</span> <span class='ocrx_word' id='word_1_158' title='bbox 3054 1142 3066 1154; x_wconf 91' lang='grc'>·</span> <span class='ocrx_word' id='word_1_159' title='bbox 3102 1124 3226 1186; x_wconf 83' lang='grc' dir='ltr'>τούς</span> <span class='ocrx_word' id='word_1_160' title='bbox 3256 1141 3315 1176; x_wconf 87' lang='grc' dir='ltr'><strong>τε</strong></span> <span class='ocrx_word' id='word_1_161' title='bbox 3351 1125 3736 1194; x_wconf 59' lang='grc' dir='ltr'>πονηρεπμέ-</span> 
     </span>
    </p>
   </div>
   <div class='ocr_carea' id='block_1_27' title="bbox 2135 1214 3734 1287">
    <p class='ocr_par' dir='ltr' id='par_1_27' title="bbox 2135 1214 3734 1287">
     <span class='ocr_line' id='line_1_27' title="bbox 2135 1214 3734 1287; baseline -0.004 -16"><span class='ocrx_word' id='word_1_162' title='bbox 2135 1235 2256 1282; x_wconf 89' lang='grc' dir='ltr'>νους</span> <span class='ocrx_word' id='word_1_163' title='bbox 2288 1217 2618 1284; x_wconf 78' lang='grc' dir='ltr'>ἑξουδενοῦν,</span> <span class='ocrx_word' id='word_1_164' title='bbox 2652 1217 2754 1270; x_wconf 83' lang='grc' dir='ltr'><strong>κᾶν</strong></span> <span class='ocrx_word' id='word_1_165' title='bbox 2778 1217 2874 1278; x_wconf 81' lang='grc' dir='ltr'><strong>τάς</strong></span> <span class='ocrx_word' id='word_1_166' title='bbox 2903 1215 3143 1287; x_wconf 80' lang='grc' dir='ltr'><strong>μεγάλας</strong></span> <span class='ocrx_word' id='word_1_167' title='bbox 3171 1214 3372 1283; x_wconf 84' lang='grc' dir='ltr'>τύχωσι</span> <span class='ocrx_word' id='word_1_168' title='bbox 3407 1214 3734 1274; x_wconf 77' lang='grc' dir='ltr'>δυναστείας</span> 
     </span>
    </p>
   </div>
   <div class='ocr_carea' id='block_1_28' title="bbox 2135 1305 3734 1380">
    <p class='ocr_par' dir='ltr' id='par_1_28' title="bbox 2135 1305 3734 1380">
     <span class='ocr_line' id='line_1_28' title="bbox 2135 1305 3734 1380; baseline -0.004 -19"><span class='ocrx_word' id='word_1_169' title='bbox 2135 1308 2604 1380; x_wconf 87' lang='grc' dir='ltr'>περιϐεϐλημένοι,</span> <span class='ocrx_word' id='word_1_170' title='bbox 2643 1308 2747 1360; x_wconf 98' lang='lat' dir='ltr'><strong>xiv</strong></span> <span class='ocrx_word' id='word_1_171' title='bbox 2805 1307 3021 1376; x_wconf 87' lang='grc' dir='ltr'>πλούτῳ</span> <span class='ocrx_word' id='word_1_172' title='bbox 3079 1305 3354 1376; x_wconf 83' lang='grc' dir='ltr'>κομῶντες</span> <span class='ocrx_word' id='word_1_173' title='bbox 3415 1306 3531 1358; x_wconf 83' lang='lat' dir='ltr'><strong>xiv</strong></span> <span class='ocrx_word' id='word_1_174' title='bbox 3586 1322 3734 1373; x_wconf 80' lang='grc' dir='ltr'>περι-</span> 
     </span>
    </p>
   </div>
   <div class='ocr_carea' id='block_1_29' title="bbox 2136 1398 3735 1471">
    <p class='ocr_par' dir='ltr' id='par_1_29' title="bbox 2136 1398 3735 1471">
     <span class='ocr_line' id='line_1_29' title="bbox 2136 1398 3735 1471; baseline -0.006 -17"><span class='ocrx_word' id='word_1_175' title='bbox 2136 1401 2334 1471; x_wconf 74' lang='grc' dir='ltr'>φανείᾳ</span> <span class='ocrx_word' id='word_1_176' title='bbox 2385 1401 2594 1469; x_wconf 83' lang='grc' dir='ltr'>γένους,</span> <span class='ocrx_word' id='word_1_177' title='bbox 2642 1399 2743 1452; x_wconf 83' lang='grc' dir='ltr'><strong>κᾶν</strong></span> <span class='ocrx_word' id='word_1_178' title='bbox 2792 1398 3155 1469; x_wconf 80' lang='grc' dir='ltr'>λαμπρότητα</span> <span class='ocrx_word' id='word_1_179' title='bbox 3197 1398 3411 1459; x_wconf 80' lang='grc' dir='ltr'>ἑαυτοῖς</span> <span class='ocrx_word' id='word_1_180' title='bbox 3457 1398 3735 1464; x_wconf 68' lang='grc' dir='ltr'>ἐπιφημί-</span> 
     </span>
    </p>
   </div>
   <div class='ocr_carea' id='block_1_30' title="bbox 2137 1488 3728 1561">
    <p class='ocr_par' dir='ltr' id='par_1_30' title="bbox 2137 1488 3728 1561">
     <span class='ocr_line' id='line_1_30' title="bbox 2137 1488 3728 1561; baseline -0.012 -15"><span class='ocrx_word' id='word_1_181' title='bbox 2137 1493 2344 1556; x_wconf 80' lang='grc' dir='ltr'>ζοντες,</span> <span class='ocrx_word' id='word_1_182' title='bbox 2374 1491 2607 1561; x_wconf 82' lang='grc' dir='ltr'>πονηρία</span> <span class='ocrx_word' id='word_1_183' title='bbox 2627 1490 2682 1543; x_wconf 81' lang='grc' dir='ltr'>δὲ</span> <span class='ocrx_word' id='word_1_184' title='bbox 2709 1489 2840 1559; x_wconf 83' lang='grc' dir='ltr'>μόνη</span> <span class='ocrx_word' id='word_1_185' title='bbox 2866 1489 3240 1558; x_wconf 78' lang='grc' dir='ltr'>ἐνυπάρχουσα</span> <span class='ocrx_word' id='word_1_186' title='bbox 3260 1489 3447 1550; x_wconf 77' lang='grc' dir='ltr'>αὐτοῖς</span> <span class='ocrx_word' id='word_1_187' title='bbox 3471 1488 3728 1558; x_wconf 56' lang='grc' dir='ltr'>φωραθῇ,</span> 
     </span>
    </p>
   </div>
   <div class='ocr_carea' id='block_1_31' title="bbox 2133 1580 3729 1648">
    <p class='ocr_par' dir='ltr' id='par_1_31' title="bbox 2133 1580 3729 1648">
     <span class='ocr_line' id='line_1_31' title="bbox 2133 1580 3729 1648; baseline -0.003 -12"><span class='ocrx_word' id='word_1_188' title='bbox 2133 1584 2442 1648; x_wconf 74' lang='grc' dir='ltr'>ἑξουδενοῧν</span> <span class='ocrx_word' id='word_1_189' title='bbox 2476 1584 2600 1646; x_wconf 70' lang='grc' dir='ltr'>τοὺς</span> <span class='ocrx_word' id='word_1_190' title='bbox 2652 1581 2960 1644; x_wconf 73' lang='grc' dir='ltr'>τοιούτους,</span> <span class='ocrx_word' id='word_1_191' title='bbox 2995 1580 3268 1633; x_wconf 84' lang='grc' dir='ltr'>τουτέστιν</span> <span class='ocrx_word' id='word_1_192' title='bbox 3341 1580 3461 1632; x_wconf 85' lang='grc' dir='ltr'>ἀντ’</span> <span class='ocrx_word' id='word_1_193' title='bbox 3515 1580 3729 1640; x_wconf 68' lang='grc' dir='ltr'>οὐδενος</span> 
     </span>
    </p>
   </div>
   <div class='ocr_carea' id='block_1_32' title="bbox 2135 1671 3725 1744">
    <p class='ocr_par' dir='ltr' id='par_1_32' title="bbox 2135 1671 3725 1744">
     <span class='ocr_line' id='line_1_32' title="bbox 2135 1671 3725 1744; baseline -0.002 -18"><span class='ocrx_word' id='word_1_194' title='bbox 2135 1675 2464 1744; x_wconf 79' lang='grc' dir='ltr'>λογίζεσθαι.</span> <span class='ocrx_word' id='word_1_195' title='bbox 2498 1673 2770 1744; x_wconf 83' lang='grc' dir='ltr'>Ἐμπαλιν</span> <span class='ocrx_word' id='word_1_196' title='bbox 2800 1671 2877 1735; x_wconf 83' lang='grc' dir='ltr'><strong>δὲ,</strong></span> <span class='ocrx_word' id='word_1_197' title='bbox 2921 1672 3044 1734; x_wconf 76' lang='grc' dir='ltr'>τοὺς</span> <span class='ocrx_word' id='word_1_198' title='bbox 3075 1671 3444 1740; x_wconf 79' lang='grc' dir='ltr'>φοϐουμένους</span> <span class='ocrx_word' id='word_1_199' title='bbox 3483 1672 3584 1722; x_wconf 72' lang='grc' dir='ltr'>τὸν</span> <span class='ocrx_word' id='word_1_200' title='bbox 3619 1673 3725 1725; x_wconf 84' lang='grc' dir='ltr'><strong>Κύ-</strong></span> 
     </span>
    </p>
   </div>
   <div class='ocr_carea' id='block_1_33' title="bbox 464 1758 2027 1851">
    <p class='ocr_par' dir='ltr' id='par_1_33' title="bbox 464 1758 2027 1830">
     <span class='ocr_line' id='line_1_33' title="bbox 464 1758 2027 1830; baseline 0.003 -21"><span class='ocrx_word' id='word_1_201' title='bbox 464 1776 642 1830; x_wconf 62' lang='lat' dir='ltr'><strong>pares,</strong></span> <span class='ocrx_word' id='word_1_202' title='bbox 665 1758 907 1828; x_wconf 87' lang='lat' dir='ltr'><strong>quamvis</strong></span> <span class='ocrx_word' id='word_1_203' title='bbox 941 1759 1184 1812; x_wconf 84' lang='lat' dir='ltr'><strong>obscuris</strong></span> <span class='ocrx_word' id='word_1_204' title='bbox 1236 1758 1347 1813; x_wconf 86' lang='lat' dir='ltr'><strong>sint</strong></span> <span class='ocrx_word' id='word_1_205' title='bbox 1379 1760 1481 1813; x_wconf 91' lang='lat' dir='ltr'><strong>orti</strong></span> <span class='ocrx_word' id='word_1_206' title='bbox 1513 1760 1803 1823; x_wconf 85' lang='lat' dir='ltr'><strong>natalibus,</strong></span> <span class='ocrx_word' id='word_1_207' title='bbox 1840 1775 2027 1827; x_wconf 87' lang='lat' dir='ltr'><strong>quam-</strong></span> 
     </span>
    </p>
   </div>
   <div class='ocr_carea' id='block_1_34' title="bbox 2135 1758 3721 1851">
    <p class='ocr_par' dir='ltr' id='par_1_34' title="bbox 2140 1758 3721 1838">
     <span class='ocr_line' id='line_1_34' title="bbox 2140 1758 3721 1838; baseline -0.003 -20"><span class='ocrx_word' id='word_1_208' title='bbox 2140 1784 2270 1838; x_wconf 91' lang='grc' dir='ltr'>ριον,</span> <span class='ocrx_word' id='word_1_209' title='bbox 2312 1766 2414 1820; x_wconf 88' lang='lat' dir='ltr'><strong>xiv</strong></span> <span class='ocrx_word' id='word_1_210' title='bbox 2450 1767 2676 1833; x_wconf 84' lang='grc' dir='ltr'>πένητες</span> <span class='ocrx_word' id='word_1_211' title='bbox 2725 1758 2848 1828; x_wconf 83' lang='grc' dir='ltr'>ὦσι,</span> <span class='ocrx_word' id='word_1_212' title='bbox 2899 1763 3004 1816; x_wconf 89' lang='lat' dir='ltr'><strong>xiv</strong></span> <span class='ocrx_word' id='word_1_213' title='bbox 3050 1763 3296 1829; x_wconf 81' lang='grc' dir='ltr'>ἀγενεῖς,</span> <span class='ocrx_word' id='word_1_214' title='bbox 3347 1763 3457 1815; x_wconf 83' lang='lat' dir='ltr'><strong>xiv</strong></span> <span class='ocrx_word' id='word_1_215' title='bbox 3515 1763 3721 1815; x_wconf 71' lang='grc' dir='ltr'>ἰδιῶται</span> 
     </span>
    </p>
   </div>
   <div class='ocr_carea' id='block_1_35' title="bbox 464 1849 2032 1920">
    <p class='ocr_par' dir='ltr' id='par_1_35' title="bbox 464 1849 2032 1920">
     <span class='ocr_line' id='line_1_35' title="bbox 464 1849 2032 1920; baseline 0.002 -19"><span class='ocrx_word' id='word_1_216' title='bbox 464 1850 544 1903; x_wconf 78' lang='lat' dir='ltr'><strong>vis</strong></span> <span class='ocrx_word' id='word_1_217' title='bbox 593 1849 700 1902; x_wconf 91' lang='lat' dir='ltr'><strong>sint</strong></span> <span class='ocrx_word' id='word_1_218' title='bbox 758 1849 1024 1902; x_wconf 86' lang='lat' dir='ltr'><strong>sermonis</strong></span> <span class='ocrx_word' id='word_1_219' title='bbox 1076 1849 1332 1918; x_wconf 90' lang='lat' dir='ltr'><strong>imperiti,</strong></span> <span class='ocrx_word' id='word_1_220' title='bbox 1385 1860 1477 1904; x_wconf 93' lang='lat' dir='ltr'><strong>aut</strong></span> <span class='ocrx_word' id='word_1_221' title='bbox 1528 1866 1756 1920; x_wconf 89' lang='lat' dir='ltr'><strong>corpore</strong></span> <span class='ocrx_word' id='word_1_222' title='bbox 1811 1851 2032 1918; x_wconf 83' lang='lat' dir='ltr'><strong>inﬁrmi,</strong></span> 
     </span>
    </p>
   </div>
   <div class='ocr_carea' id='block_1_36' title="bbox 463 1941 2030 2018">
    <p class='ocr_par' dir='ltr' id='par_1_36' title="bbox 463 1941 2030 2018">
     <span class='ocr_line' id='line_1_36' title="bbox 463 1941 2030 2018; baseline 0.004 -28"><span class='ocrx_word' id='word_1_223' title='bbox 463 1941 631 2010; x_wconf 73' lang='lat' dir='ltr'><strong>gloria</strong></span> <span class='ocrx_word' id='word_1_224' title='bbox 673 1941 971 2018; x_wconf 81' lang='lat' dir='ltr'><strong>cumulare,</strong></span> <span class='ocrx_word' id='word_1_225' title='bbox 1034 1942 1395 2010; x_wconf 81' lang='lat' dir='ltr'><strong>maximisque</strong></span> <span class='ocrx_word' id='word_1_226' title='bbox 1450 1942 1696 1998; x_wconf 87' lang='lat' dir='ltr'><strong>laudibus</strong></span> <span class='ocrx_word' id='word_1_227' title='bbox 1746 1942 2030 2009; x_wconf 82' lang='lat' dir='ltr'><strong>extollere,</strong></span> 
     </span>
    </p>
   </div>
   <div class='ocr_carea' id='block_1_37' title="bbox 461 2033 2036 2105">
    <p class='ocr_par' dir='ltr' id='par_1_37' title="bbox 461 2033 2036 2105">
     <span class='ocr_line' id='line_1_37' title="bbox 461 2033 2036 2105; baseline 0.001 -18"><span class='ocrx_word' id='word_1_228' title='bbox 461 2046 518 2087; x_wconf 88' lang='lat' dir='ltr'><strong>et</strong></span> <span class='ocrx_word' id='word_1_229' title='bbox 577 2033 764 2086; x_wconf 90' lang='lat' dir='ltr'><strong>beatos</strong></span> <span class='ocrx_word' id='word_1_230' title='bbox 815 2033 1173 2097; x_wconf 86' lang='lat' dir='ltr'><strong>existimare,</strong></span> <span class='ocrx_word' id='word_1_231' title='bbox 1231 2049 1351 2087; x_wconf 93' lang='lat' dir='ltr'><strong>cum</strong></span> <span class='ocrx_word' id='word_1_232' title='bbox 1393 2033 1655 2103; x_wconf 86' lang='lat' dir='ltr'><strong>ejusmodi</strong></span> <span class='ocrx_word' id='word_1_233' title='bbox 1709 2034 1852 2089; x_wconf 82' lang='lat' dir='ltr'><strong>viros</strong></span> <span class='ocrx_word' id='word_1_234' title='bbox 1898 2049 2036 2105; x_wconf 72' lang='lat' dir='ltr'><strong>pra:-</strong></span> 
     </span>
    </p>
   </div>
   <div class='ocr_carea' id='block_1_38' title="bbox 464 2123 2028 2193">
    <p class='ocr_par' dir='ltr' id='par_1_38' title="bbox 464 2123 2028 2193">
     <span class='ocr_line' id='line_1_38' title="bbox 464 2123 2028 2193; baseline 0.003 -19"><span class='ocrx_word' id='word_1_235' title='bbox 464 2124 648 2177; x_wconf 89' lang='lat' dir='ltr'><strong>dicare</strong></span> <span class='ocrx_word' id='word_1_236' title='bbox 700 2124 888 2177; x_wconf 88' lang='lat' dir='ltr'><strong>beatos</strong></span> <span class='ocrx_word' id='word_1_237' title='bbox 933 2123 1004 2176; x_wconf 91' lang='lat' dir='ltr'><strong>sit</strong></span> <span class='ocrx_word' id='word_1_238' title='bbox 1056 2139 1084 2175; x_wconf 88' lang='lat' dir='ltr'><strong>a</strong></span> <span class='ocrx_word' id='word_1_239' title='bbox 1129 2124 1332 2193; x_wconf 93' lang='lat' dir='ltr'><strong>Spiritu</strong></span> <span class='ocrx_word' id='word_1_240' title='bbox 1381 2125 1623 2178; x_wconf 88' lang='lat' dir='ltr'><strong>edoctus.</strong></span> <span class='ocrx_word' id='word_1_241' title='bbox 1678 2123 1830 2178; x_wconf 83' lang='lat' dir='ltr'><strong>Beati</strong></span> <span class='ocrx_word' id='word_1_242' title='bbox 1869 2127 2028 2191; x_wconf 86' lang='lat' dir='ltr'><strong>enim,</strong></span> 
     </span>
    </p>
   </div>
   <div class='ocr_carea' id='block_1_39' title="bbox 466 2213 2024 2285">
    <p class='ocr_par' dir='ltr' id='par_1_39' title="bbox 466 2213 2024 2285">
     <span class='ocr_line' id='line_1_39' title="bbox 466 2213 2024 2285; baseline 0.002 -18"><span class='ocrx_word' id='word_1_243' title='bbox 466 2216 660 2285; x_wconf 75' lang='lat' dir='ltr'><strong>inquit,</strong></span> <span class='ocrx_word' id='word_1_244' title='bbox 686 2231 860 2268; x_wconf 78' lang='lat' dir='ltr'><strong>omnes</strong></span> <span class='ocrx_word' id='word_1_245' title='bbox 887 2214 976 2282; x_wconf 86' lang='lat' dir='ltr'><strong>qui</strong></span> <span class='ocrx_word' id='word_1_246' title='bbox 999 2215 1178 2267; x_wconf 79' lang='lat' dir='ltr'><strong>timent</strong></span> <span class='ocrx_word' id='word_1_247' title='bbox 1211 2213 1565 2270; x_wconf 83' lang='lat' dir='ltr'><strong>Dominum&quot;.</strong></span> <span class='ocrx_word' id='word_1_248' title='bbox 1594 2214 1762 2269; x_wconf 86' lang='lat' dir='ltr'><strong>Porro</strong></span> <span class='ocrx_word' id='word_1_249' title='bbox 1787 2215 2024 2285; x_wconf 85' lang='lat' dir='ltr'><strong>ejusdem</strong></span> 
     </span>
    </p>
   </div>
   <div class='ocr_carea' id='block_1_40' title="bbox 469 2305 2029 2376">
    <p class='ocr_par' dir='ltr' id='par_1_40' title="bbox 469 2305 2029 2376">
     <span class='ocr_line' id='line_1_40' title="bbox 469 2305 2029 2376; baseline 0.003 -18"><span class='ocrx_word' id='word_1_250' title='bbox 469 2307 636 2360; x_wconf 88' lang='lat' dir='ltr'><strong>animi</strong></span> <span class='ocrx_word' id='word_1_251' title='bbox 703 2317 788 2361; x_wconf 88' lang='lat' dir='ltr'><strong>est</strong></span> <span class='ocrx_word' id='word_1_252' title='bbox 816 2346 831 2369; x_wconf 94' lang='lat'><strong>,</strong></span> <span class='ocrx_word' id='word_1_253' title='bbox 875 2316 929 2360; x_wconf 90' lang='lat' dir='ltr'><strong>et</strong></span> <span class='ocrx_word' id='word_1_254' title='bbox 984 2305 1272 2376; x_wconf 76' lang='lat' dir='ltr'><strong>malignum</strong></span> <span class='ocrx_word' id='word_1_255' title='bbox 1315 2307 1706 2374; x_wconf 85' lang='lat' dir='ltr'><strong>quantumlibet</strong></span> <span class='ocrx_word' id='word_1_256' title='bbox 1750 2307 1820 2361; x_wconf 88' lang='lat' dir='ltr'><strong>ob</strong></span> <span class='ocrx_word' id='word_1_257' title='bbox 1870 2307 2029 2362; x_wconf 87' lang='lat' dir='ltr'><strong>clari-</strong></span> 
     </span>
    </p>
   </div>
   <div class='ocr_carea' id='block_1_41' title="bbox 466 2396 2029 2463">
    <p class='ocr_par' dir='ltr' id='par_1_41' title="bbox 466 2396 2029 2463">
     <span class='ocr_line' id='line_1_41' title="bbox 466 2396 2029 2463; baseline 0.001 -12"><span class='ocrx_word' id='word_1_258' title='bbox 466 2399 704 2451; x_wconf 89' lang='lat' dir='ltr'><strong>tudinem</strong></span> <span class='ocrx_word' id='word_1_259' title='bbox 754 2396 952 2452; x_wconf 92' lang='lat' dir='ltr'><strong>elatum</strong></span> <span class='ocrx_word' id='word_1_260' title='bbox 996 2398 1062 2450; x_wconf 91' lang='lat' dir='ltr'><strong>ad</strong></span> <span class='ocrx_word' id='word_1_261' title='bbox 1105 2398 1330 2452; x_wconf 87' lang='lat' dir='ltr'><strong>nihilum</strong></span> <span class='ocrx_word' id='word_1_262' title='bbox 1387 2399 1676 2463; x_wconf 84' lang='lat' dir='ltr'><strong>deducere,</strong></span> <span class='ocrx_word' id='word_1_263' title='bbox 1733 2408 1785 2453; x_wconf 92' lang='lat' dir='ltr'><strong>et</strong></span> <span class='ocrx_word' id='word_1_264' title='bbox 1821 2399 2029 2453; x_wconf 89' lang='lat' dir='ltr'><strong>timenti</strong></span> 
     </span>
    </p>
   </div>
   <div class='ocr_carea' id='block_1_42' title="bbox 468 2488 2028 2558">
    <p class='ocr_par' dir='ltr' id='par_1_42' title="bbox 468 2488 2028 2558">
     <span class='ocr_line' id='line_1_42' title="bbox 468 2488 2028 2558; baseline 0.002 -18"><span class='ocrx_word' id='word_1_265' title='bbox 468 2489 774 2552; x_wconf 83' lang='lat' dir='ltr'><strong>Dominum,</strong></span> <span class='ocrx_word' id='word_1_266' title='bbox 830 2503 1138 2558; x_wconf 86' lang='lat' dir='ltr'><strong>quanquam</strong></span> <span class='ocrx_word' id='word_1_267' title='bbox 1195 2488 1372 2544; x_wconf 85' lang='lat' dir='ltr'><strong>tenuis</strong></span> <span class='ocrx_word' id='word_1_268' title='bbox 1429 2498 1510 2542; x_wconf 86' lang='lat' dir='ltr'><strong>est</strong></span> <span class='ocrx_word' id='word_1_269' title='bbox 1544 2528 1558 2554; x_wconf 90' lang='lat'><strong>,</strong></span> <span class='ocrx_word' id='word_1_270' title='bbox 1610 2503 1918 2558; x_wconf 87' lang='lat' dir='ltr'><strong>quanquam</strong></span> <span class='ocrx_word' id='word_1_271' title='bbox 1975 2490 2028 2544; x_wconf 95' lang='lat' dir='ltr'><strong>in</strong></span> 
     </span>
    </p>
   </div>
   <div class='ocr_carea' id='block_1_43' title="bbox 463 2581 2024 2652">
    <p class='ocr_par' dir='ltr' id='par_1_43' title="bbox 463 2581 2024 2652">
     <span class='ocr_line' id='line_1_43' title="bbox 463 2581 2024 2652; baseline 0.003 -21"><span class='ocrx_word' id='word_1_272' title='bbox 463 2583 570 2634; x_wconf 80' lang='lat' dir='ltr'><strong>vita</strong></span> <span class='ocrx_word' id='word_1_273' title='bbox 631 2597 850 2651; x_wconf 86' lang='lat' dir='ltr'><strong>pauper,</strong></span> <span class='ocrx_word' id='word_1_274' title='bbox 899 2596 1204 2650; x_wconf 86' lang='lat' dir='ltr'><strong>quanquam</strong></span> <span class='ocrx_word' id='word_1_275' title='bbox 1266 2581 1660 2651; x_wconf 90' lang='lat' dir='ltr'><strong>aspernabilis,</strong></span> <span class='ocrx_word' id='word_1_276' title='bbox 1717 2597 2024 2652; x_wconf 91' lang='lat' dir='ltr'><strong>quanquam</strong></span> 
     </span>
    </p>
   </div>
   <div class='ocr_carea' id='block_1_44' title="bbox 463 2674 2028 2744">
    <p class='ocr_par' dir='ltr' id='par_1_44' title="bbox 463 2674 2028 2744">
     <span class='ocr_line' id='line_1_44' title="bbox 463 2674 2028 2744; baseline 0.002 -16"><span class='ocrx_word' id='word_1_277' title='bbox 463 2674 597 2728; x_wconf 90' lang='lat' dir='ltr'><strong>nihil</strong></span> <span class='ocrx_word' id='word_1_278' title='bbox 635 2686 944 2737; x_wconf 89' lang='lat' dir='ltr'><strong>externum,</strong></span> <span class='ocrx_word' id='word_1_279' title='bbox 996 2688 1102 2741; x_wconf 94' lang='lat' dir='ltr'><strong>quo</strong></span> <span class='ocrx_word' id='word_1_280' title='bbox 1136 2675 1534 2728; x_wconf 88' lang='lat' dir='ltr'><strong>commendatio</strong></span> <span class='ocrx_word' id='word_1_281' title='bbox 1577 2677 1865 2740; x_wconf 80' lang='lat' dir='ltr'><strong>excitetur,</strong></span> <span class='ocrx_word' id='word_1_282' title='bbox 1899 2691 2028 2744; x_wconf 86' lang='lat' dir='ltr'><strong>pos-</strong></span> 
     </span>
    </p>
   </div>
   <div class='ocr_carea' id='block_1_45' title="bbox 464 2763 2028 2834">
    <p class='ocr_par' dir='ltr' id='par_1_45' title="bbox 464 2763 2028 2834">
     <span class='ocr_line' id='line_1_45' title="bbox 464 2763 2028 2834; baseline 0.001 -17"><span class='ocrx_word' id='word_1_283' title='bbox 464 2765 644 2827; x_wconf 88' lang='lat' dir='ltr'><strong>sidet,</strong></span> <span class='ocrx_word' id='word_1_284' title='bbox 700 2765 923 2834; x_wconf 80' lang='lat' dir='ltr'><strong>gloriam</strong></span> <span class='ocrx_word' id='word_1_285' title='bbox 976 2763 1129 2817; x_wconf 85' lang='lat' dir='ltr'><strong>dare.</strong></span> <span class='ocrx_word' id='word_1_286' title='bbox 1181 2764 1284 2828; x_wconf 87' lang='lat' dir='ltr'><strong>Qui</strong></span> <span class='ocrx_word' id='word_1_287' title='bbox 1327 2765 1479 2833; x_wconf 89' lang='lat' dir='ltr'><strong>jurat</strong></span> <span class='ocrx_word' id='word_1_288' title='bbox 1525 2766 1763 2832; x_wconf 72' lang='lat' dir='ltr'><strong>proximo</strong></span> <span class='ocrx_word' id='word_1_289' title='bbox 1810 2782 1927 2830; x_wconf 76' lang='lat' dir='ltr'><strong>suo,</strong></span> <span class='ocrx_word' id='word_1_290' title='bbox 1979 2775 2028 2819; x_wconf 90' lang='lat' dir='ltr'><strong>et</strong></span> 
     </span>
    </p>
   </div>
   <div class='ocr_carea' id='block_1_46' title="bbox 464 2857 2024 2926">
    <p class='ocr_par' dir='ltr' id='par_1_46' title="bbox 464 2857 2024 2926">
     <span class='ocr_line' id='line_1_46' title="bbox 464 2857 2024 2926; baseline 0.003 -18"><span class='ocrx_word' id='word_1_291' title='bbox 464 2874 564 2909; x_wconf 84' lang='lat' dir='ltr'><strong>non</strong></span> <span class='ocrx_word' id='word_1_292' title='bbox 601 2857 940 2924; x_wconf 82' lang='lat' dir='ltr'><strong>decipit.Cur</strong></span> <span class='ocrx_word' id='word_1_293' title='bbox 972 2858 1185 2912; x_wconf 91' lang='lat' dir='ltr'><strong>tandem</strong></span> <span class='ocrx_word' id='word_1_294' title='bbox 1225 2858 1311 2910; x_wconf 91' lang='lat' dir='ltr'><strong>hic</strong></span> <span class='ocrx_word' id='word_1_295' title='bbox 1348 2857 1714 2926; x_wconf 88' lang='lat' dir='ltr'><strong>juramentum</strong></span> <span class='ocrx_word' id='word_1_296' title='bbox 1743 2858 1885 2913; x_wconf 90' lang='lat' dir='ltr'><strong>inter</strong></span> <span class='ocrx_word' id='word_1_297' title='bbox 1907 2874 2024 2923; x_wconf 88' lang='lat' dir='ltr'><strong>eas,</strong></span> 
     </span>
    </p>
   </div>
   <div class='ocr_carea' id='block_1_47' title="bbox 465 2946 2026 3015">
    <p class='ocr_par' dir='ltr' id='par_1_47' title="bbox 465 2946 2026 3015">
     <span class='ocr_line' id='line_1_47' title="bbox 465 2946 2026 3015; baseline 0.001 -15"><span class='ocrx_word' id='word_1_298' title='bbox 465 2962 585 3014; x_wconf 68' lang='lat' dir='ltr'><strong>qua:</strong></span> <span class='ocrx_word' id='word_1_299' title='bbox 644 2947 816 2999; x_wconf 89' lang='lat' dir='ltr'><strong>virum</strong></span> <span class='ocrx_word' id='word_1_300' title='bbox 877 2946 1178 3015; x_wconf 86' lang='lat' dir='ltr'><strong>perfectum</strong></span> <span class='ocrx_word' id='word_1_301' title='bbox 1225 2946 1436 3012; x_wconf 89' lang='lat' dir='ltr'><strong>decent,</strong></span> <span class='ocrx_word' id='word_1_302' title='bbox 1461 2948 1688 3001; x_wconf 87' lang='lat' dir='ltr'><strong>virtutes</strong></span> <span class='ocrx_word' id='word_1_303' title='bbox 1719 2947 1893 3002; x_wconf 91' lang='lat' dir='ltr'><strong>locum</strong></span> <span class='ocrx_word' id='word_1_304' title='bbox 1927 2949 2026 3002; x_wconf 92' lang='lat' dir='ltr'><strong>ob-</strong></span> 
     </span>
    </p>
   </div>
   <div class='ocr_carea' id='block_1_48' title="bbox 465 3037 2028 3107">
    <p class='ocr_par' dir='ltr' id='par_1_48' title="bbox 465 3037 2028 3107">
     <span class='ocr_line' id='line_1_48' title="bbox 465 3037 2028 3107; baseline 0.001 -15"><span class='ocrx_word' id='word_1_305' title='bbox 465 3041 621 3101; x_wconf 87' lang='lat' dir='ltr'><strong>tinet,</strong></span> <span class='ocrx_word' id='word_1_306' title='bbox 682 3038 734 3091; x_wconf 90' lang='lat' dir='ltr'><strong>in</strong></span> <span class='ocrx_word' id='word_1_307' title='bbox 782 3037 1076 3107; x_wconf 78' lang='lat' dir='ltr'><strong>Evangelio</strong></span> <span class='ocrx_word' id='word_1_308' title='bbox 1109 3053 1238 3092; x_wconf 89' lang='lat' dir='ltr'><strong>vero</strong></span> <span class='ocrx_word' id='word_1_309' title='bbox 1289 3051 1509 3107; x_wconf 87' lang='lat' dir='ltr'><strong>prorsus</strong></span> <span class='ocrx_word' id='word_1_310' title='bbox 1548 3037 1876 3106; x_wconf 87' lang='lat' dir='ltr'><strong>prohibitum</strong></span> <span class='ocrx_word' id='word_1_311' title='bbox 1905 3040 2028 3093; x_wconf 80' lang='lat' dir='ltr'><strong>est?</strong></span> 
     </span>
    </p>
   </div>
   <div class='ocr_carea' id='block_1_49' title="bbox 2133 1853 3723 1929">
    <p class='ocr_par' dir='ltr' id='par_1_49' title="bbox 2133 1853 3723 1929">
     <span class='ocr_line' id='line_1_49' title="bbox 2133 1853 3723 1929; baseline -0.004 -17"><span class='ocrx_word' id='word_1_312' title='bbox 2133 1859 2210 1929; x_wconf 84' lang='grc' dir='ltr'><strong>τῷ</strong></span> <span class='ocrx_word' id='word_1_313' title='bbox 2244 1860 2407 1929; x_wconf 81' lang='grc' dir='ltr'>λόγῳ,</span> <span class='ocrx_word' id='word_1_314' title='bbox 2458 1857 2560 1911; x_wconf 91' lang='lat' dir='ltr'><strong>xiv</strong></span> <span class='ocrx_word' id='word_1_315' title='bbox 2608 1857 2854 1918; x_wconf 84' lang='grc' dir='ltr'>ἀσθενεῖς</span> <span class='ocrx_word' id='word_1_316' title='bbox 2902 1856 2981 1926; x_wconf 80' lang='grc' dir='ltr'><strong>τῷ</strong></span> <span class='ocrx_word' id='word_1_317' title='bbox 3035 1853 3274 1924; x_wconf 82' lang='grc' dir='ltr'>σώματι,</span> <span class='ocrx_word' id='word_1_318' title='bbox 3322 1856 3580 1921; x_wconf 75' lang='grc' dir='ltr'>δοξάζειν</span> <span class='ocrx_word' id='word_1_319' title='bbox 3634 1858 3723 1909; x_wconf 70' lang='grc' dir='ltr'>καὶ</span> 
     </span>
    </p>
   </div>
   <div class='ocr_carea' id='block_1_50' title="bbox 2134 1947 3722 2022">
    <p class='ocr_par' dir='ltr' id='par_1_50' title="bbox 2134 1947 3722 2022">
     <span class='ocr_line' id='line_1_50' title="bbox 2134 1947 3722 2022; baseline -0.004 -18"><span class='ocrx_word' id='word_1_320' title='bbox 2134 1951 2450 2022; x_wconf 83' lang='grc' dir='ltr'>ὑπεραίρειν</span> <span class='ocrx_word' id='word_1_321' title='bbox 2521 1949 2612 2002; x_wconf 73' lang='grc' dir='ltr'><strong>καὶ</strong></span> <span class='ocrx_word' id='word_1_322' title='bbox 2687 1948 2987 2018; x_wconf 82' lang='grc' dir='ltr'>μακαρίους</span> <span class='ocrx_word' id='word_1_323' title='bbox 3058 1949 3338 2019; x_wconf 72' lang='grc' dir='ltr'>ἡγεῖσθαι,</span> <span class='ocrx_word' id='word_1_324' title='bbox 3400 1947 3722 2016; x_wconf 81' lang='grc' dir='ltr'>δεδιδαγμέ-</span> 
     </span>
    </p>
   </div>
   <div class='ocr_carea' id='block_1_51' title="bbox 2131 2037 3718 2112">
    <p class='ocr_par' dir='ltr' id='par_1_51' title="bbox 2131 2037 3718 2112">
     <span class='ocr_line' id='line_1_51' title="bbox 2131 2037 3718 2112; baseline -0.006 -15"><span class='ocrx_word' id='word_1_325' title='bbox 2131 2060 2222 2098; x_wconf 91' lang='grc' dir='ltr'><strong>νον</strong></span> <span class='ocrx_word' id='word_1_326' title='bbox 2252 2042 2362 2112; x_wconf 76' lang='lat'><strong>(13)</strong></span> <span class='ocrx_word' id='word_1_327' title='bbox 2394 2040 2543 2111; x_wconf 76' lang='grc' dir='ltr'>παρὰ</span> <span class='ocrx_word' id='word_1_328' title='bbox 2570 2039 2664 2092; x_wconf 79' lang='grc' dir='ltr'>τοῦ</span> <span class='ocrx_word' id='word_1_329' title='bbox 2694 2037 3013 2109; x_wconf 85' lang='grc' dir='ltr'>Πνεύματος</span> <span class='ocrx_word' id='word_1_330' title='bbox 3043 2038 3366 2108; x_wconf 76' lang='grc' dir='ltr'>μακαρίζειν</span> <span class='ocrx_word' id='word_1_331' title='bbox 3391 2038 3526 2100; x_wconf 74' lang='grc' dir='ltr'>τοὺς</span> <span class='ocrx_word' id='word_1_332' title='bbox 3558 2037 3718 2089; x_wconf 83' lang='grc' dir='ltr'>τοιού-</span> 
     </span>
    </p>
   </div>
   <div class='ocr_carea' id='block_1_52' title="bbox 2130 2129 3715 2201">
    <p class='ocr_par' dir='ltr' id='par_1_52' title="bbox 2130 2129 3715 2201">
     <span class='ocr_line' id='line_1_52' title="bbox 2130 2129 3715 2201; baseline -0.007 -13"><span class='ocrx_word' id='word_1_333' title='bbox 2130 2153 2270 2198; x_wconf 88' lang='grc' dir='ltr'>τους.</span> <span class='ocrx_word' id='word_1_334' title='bbox 2300 2133 2587 2201; x_wconf 78' lang='grc' dir='ltr'>Μακάριοι</span> <span class='ocrx_word' id='word_1_335' title='bbox 2617 2131 2748 2200; x_wconf 75' lang='grc' dir='ltr'>γὰρ,</span> <span class='ocrx_word' id='word_1_336' title='bbox 2794 2131 2947 2200; x_wconf 66' lang='grc' dir='ltr'>φησι,</span> <span class='ocrx_word' id='word_1_337' title='bbox 2996 2129 3217 2195; x_wconf 79' lang='grc' dir='ltr'>πάντες</span> <span class='ocrx_word' id='word_1_338' title='bbox 3251 2132 3306 2181; x_wconf 82' lang='grc' dir='ltr'>οἱ</span> <span class='ocrx_word' id='word_1_339' title='bbox 3353 2131 3715 2197; x_wconf 63' lang='grc' dir='ltr'>φοϐούμενοι</span> 
     </span>
    </p>
   </div>
   <div class='ocr_carea' id='block_1_53' title="bbox 2132 2219 3714 2292">
    <p class='ocr_par' dir='ltr' id='par_1_53' title="bbox 2132 2219 3714 2292">
     <span class='ocr_line' id='line_1_53' title="bbox 2132 2219 3714 2292; baseline -0.008 -14"><span class='ocrx_word' id='word_1_340' title='bbox 2132 2225 2238 2278; x_wconf 76' lang='grc' dir='ltr'><strong>τὸν</strong></span> <span class='ocrx_word' id='word_1_341' title='bbox 2276 2224 2512 2292; x_wconf 81' lang='grc' dir='ltr'>Κύριον.</span> <span class='ocrx_word' id='word_1_342' title='bbox 2556 2221 2668 2291; x_wconf 82' lang='grc' dir='ltr'>Τῆς</span> <span class='ocrx_word' id='word_1_343' title='bbox 2696 2220 2865 2289; x_wconf 83' lang='grc' dir='ltr'>αὐτῆς</span> <span class='ocrx_word' id='word_1_344' title='bbox 2893 2220 2950 2272; x_wconf 89' lang='grc' dir='ltr'><strong>δέ</strong></span> <span class='ocrx_word' id='word_1_345' title='bbox 2987 2222 3101 2273; x_wconf 83' lang='grc' dir='ltr'>ἑστι</span> <span class='ocrx_word' id='word_1_346' title='bbox 3131 2219 3366 2281; x_wconf 87' lang='grc' dir='ltr'>διανοίας</span> <span class='ocrx_word' id='word_1_347' title='bbox 3408 2219 3505 2270; x_wconf 76' lang='grc' dir='ltr'>τόν</span> <span class='ocrx_word' id='word_1_348' title='bbox 3531 2235 3591 2269; x_wconf 85' lang='grc' dir='ltr'><strong>τε</strong></span> <span class='ocrx_word' id='word_1_349' title='bbox 3626 2233 3714 2267; x_wconf 82' lang='grc' dir='ltr'>πο·</span> 
     </span>
    </p>
   </div>
   <div class='ocr_carea' id='block_1_54' title="bbox 2129 2309 3708 2386">
    <p class='ocr_par' dir='ltr' id='par_1_54' title="bbox 2129 2309 3708 2386">
     <span class='ocr_line' id='line_1_54' title="bbox 2129 2309 3708 2386; baseline -0.006 -18"><span class='ocrx_word' id='word_1_350' title='bbox 2129 2315 2486 2386; x_wconf 86' lang='grc' dir='ltr'>νηρευόμενον</span> <span class='ocrx_word' id='word_1_351' title='bbox 2515 2311 2887 2376; x_wconf 81' lang='grc' dir='ltr'>ἑξουδενῶσαι,</span> <span class='ocrx_word' id='word_1_352' title='bbox 2930 2311 3032 2364; x_wconf 89' lang='lat' dir='ltr'><strong>xiv</strong></span> <span class='ocrx_word' id='word_1_353' title='bbox 3065 2310 3434 2381; x_wconf 83' lang='grc' dir='ltr'>ὑπεραίρηται</span> <span class='ocrx_word' id='word_1_354' title='bbox 3463 2309 3708 2379; x_wconf 70' lang='grc' dir='ltr'>λαμπρό-</span> 
     </span>
    </p>
   </div>
   <div class='ocr_carea' id='block_1_55' title="bbox 2129 2401 3711 2476">
    <p class='ocr_par' dir='ltr' id='par_1_55' title="bbox 2129 2401 3711 2476">
     <span class='ocr_line' id='line_1_55' title="bbox 2129 2401 3711 2476; baseline -0.004 -18"><span class='ocrx_word' id='word_1_355' title='bbox 2129 2423 2272 2476; x_wconf 86' lang='grc' dir='ltr'>τητι,</span> <span class='ocrx_word' id='word_1_356' title='bbox 2313 2407 2408 2458; x_wconf 72' lang='grc' dir='ltr'><strong>καὶ</strong></span> <span class='ocrx_word' id='word_1_357' title='bbox 2435 2404 2525 2456; x_wconf 83' lang='grc' dir='ltr'><strong>τὸν</strong></span> <span class='ocrx_word' id='word_1_358' title='bbox 2569 2402 2896 2472; x_wconf 83' lang='grc' dir='ltr'>φοϐούμενον</span> <span class='ocrx_word' id='word_1_359' title='bbox 2942 2403 3031 2455; x_wconf 81' lang='grc' dir='ltr'><strong>τὸν</strong></span> <span class='ocrx_word' id='word_1_360' title='bbox 3062 2403 3264 2472; x_wconf 84' lang='grc' dir='ltr'>Κύριον</span> <span class='ocrx_word' id='word_1_361' title='bbox 3308 2401 3582 2464; x_wconf 79' lang='grc' dir='ltr'>δοξάζειν,</span> <span class='ocrx_word' id='word_1_362' title='bbox 3611 2401 3711 2452; x_wconf 80' lang='lat' dir='ltr'><strong>xiv</strong></span> 
     </span>
    </p>
   </div>
   <div class='ocr_carea' id='block_1_56' title="bbox 2130 2490 3705 2569">
    <p class='ocr_par' dir='ltr' id='par_1_56' title="bbox 2130 2490 3705 2569">
     <span class='ocr_line' id='line_1_56' title="bbox 2130 2490 3705 2569; baseline -0.006 -19"><span class='ocrx_word' id='word_1_363' title='bbox 2130 2497 2352 2566; x_wconf 81' lang='grc' dir='ltr'>εὐτελὴς</span> <span class='ocrx_word' id='word_1_364' title='bbox 2379 2493 2435 2569; x_wconf 81' lang='grc' dir='ltr'>ᾖ,</span> <span class='ocrx_word' id='word_1_365' title='bbox 2465 2495 2568 2548; x_wconf 85' lang='lat' dir='ltr'><strong>xiv</strong></span> <span class='ocrx_word' id='word_1_366' title='bbox 2599 2494 2765 2564; x_wconf 83' lang='grc' dir='ltr'>πένης</span> <span class='ocrx_word' id='word_1_367' title='bbox 2797 2494 2854 2546; x_wconf 88' lang='grc' dir='ltr'><strong>ἑν</strong></span> <span class='ocrx_word' id='word_1_368' title='bbox 2887 2491 2964 2562; x_wconf 83' lang='grc' dir='ltr'>τῷ</span> <span class='ocrx_word' id='word_1_369' title='bbox 3003 2492 3120 2562; x_wconf 86' lang='grc' dir='ltr'>βίῳ,</span> <span class='ocrx_word' id='word_1_370' title='bbox 3158 2491 3258 2544; x_wconf 80' lang='lat' dir='ltr'><strong>xiv</strong></span> <span class='ocrx_word' id='word_1_371' title='bbox 3292 2490 3705 2561; x_wconf 56' lang='grc' dir='ltr'>εὐκαταφρόνη-</span> 
     </span>
    </p>
   </div>
   <div class='ocr_carea' id='block_1_57' title="bbox 2129 2582 3705 2657">
    <p class='ocr_par' dir='ltr' id='par_1_57' title="bbox 2129 2582 3705 2657">
     <span class='ocr_line' id='line_1_57' title="bbox 2129 2582 3705 2657; baseline -0.004 -16"><span class='ocrx_word' id='word_1_372' title='bbox 2129 2605 2240 2651; x_wconf 89' lang='grc' dir='ltr'>τος,</span> <span class='ocrx_word' id='word_1_373' title='bbox 2277 2586 2377 2640; x_wconf 85' lang='lat' dir='ltr'><strong>xiv</strong></span> <span class='ocrx_word' id='word_1_374' title='bbox 2420 2586 2583 2657; x_wconf 82' lang='grc' dir='ltr'>μηδὲν</span> <span class='ocrx_word' id='word_1_375' title='bbox 2621 2585 2728 2638; x_wconf 89' lang='grc' dir='ltr'><strong>τῶν</strong></span> <span class='ocrx_word' id='word_1_376' title='bbox 2759 2585 2912 2647; x_wconf 69' lang='grc' dir='ltr'>ἐκτὸς</span> <span class='ocrx_word' id='word_1_377' title='bbox 2955 2582 3416 2654; x_wconf 81' lang='grc' dir='ltr'>προκαλουμένων</span> <span class='ocrx_word' id='word_1_378' title='bbox 3462 2587 3546 2646; x_wconf 86' lang='grc' dir='ltr'>εἰς</span> <span class='ocrx_word' id='word_1_379' title='bbox 3580 2584 3705 2634; x_wconf 73' lang='grc' dir='ltr'>ἀπο-</span> 
     </span>
    </p>
   </div>
   <div class='ocr_carea' id='block_1_58' title="bbox 2129 2671 3696 2750">
    <p class='ocr_par' dir='ltr' id='par_1_58' title="bbox 2129 2671 3696 2750">
     <span class='ocr_line' id='line_1_58' title="bbox 2129 2671 3696 2750; baseline -0.001 -19"><span class='ocrx_word' id='word_1_380' title='bbox 2129 2679 2286 2750; x_wconf 79' lang='grc' dir='ltr'>δοχὴν</span> <span class='ocrx_word' id='word_1_381' title='bbox 2321 2678 2671 2748; x_wconf 82' lang='grc' dir='ltr'>κεκτημένος.</span> <span class='ocrx_word' id='word_1_382' title='bbox 2704 2676 2756 2727; x_wconf 88' lang='grc' dir='ltr'><strong><em>Ὀ</em></strong></span> <span class='ocrx_word' id='word_1_383' title='bbox 2801 2676 3038 2744; x_wconf 71' lang='grc' dir='ltr'>ὀμνύων</span> <span class='ocrx_word' id='word_1_384' title='bbox 3083 2672 3161 2739; x_wconf 84' lang='grc' dir='ltr'>τῷ</span> <span class='ocrx_word' id='word_1_385' title='bbox 3193 2675 3467 2742; x_wconf 70' lang='grc' dir='ltr'>πλησίον</span> <span class='ocrx_word' id='word_1_386' title='bbox 3499 2671 3696 2730; x_wconf 75' lang='grc' dir='ltr'>αὐτοῦ.</span> 
     </span>
    </p>
   </div>
   <div class='ocr_carea' id='block_1_59' title="bbox 2131 2764 3698 2837">
    <p class='ocr_par' dir='ltr' id='par_1_59' title="bbox 2131 2764 3698 2837">
     <span class='ocr_line' id='line_1_59' title="bbox 2131 2764 3698 2837; baseline -0.005 -14"><span class='ocrx_word' id='word_1_387' title='bbox 2131 2771 2229 2823; x_wconf 79' lang='grc' dir='ltr'>καὶ</span> <span class='ocrx_word' id='word_1_388' title='bbox 2262 2772 2371 2823; x_wconf 74' lang='grc' dir='ltr'>οὐκ</span> <span class='ocrx_word' id='word_1_389' title='bbox 2402 2766 2644 2823; x_wconf 85' lang='grc' dir='ltr'>ἀθετῶν.</span> <span class='ocrx_word' id='word_1_390' title='bbox 2678 2767 2742 2818; x_wconf 91' lang='grc' dir='ltr'><strong>Τί</strong></span> <span class='ocrx_word' id='word_1_391' title='bbox 2775 2767 2837 2837; x_wconf 86' lang='grc' dir='ltr'>δή</span> <span class='ocrx_word' id='word_1_392' title='bbox 2864 2784 2992 2818; x_wconf 86' lang='grc' dir='ltr'>ποτε</span> <span class='ocrx_word' id='word_1_393' title='bbox 3020 2765 3250 2819; x_wconf 77' lang='grc' dir='ltr'>ἐνταῦθα</span> <span class='ocrx_word' id='word_1_394' title='bbox 3286 2766 3385 2836; x_wconf 84' lang='grc' dir='ltr'><strong>μὲν</strong></span> <span class='ocrx_word' id='word_1_395' title='bbox 3416 2769 3451 2837; x_wconf 75' lang='grc' dir='ltr'>ἡ</span> <span class='ocrx_word' id='word_1_396' title='bbox 3487 2764 3698 2835; x_wconf 78' lang='grc' dir='ltr'>εύορκία</span> 
     </span>
    </p>
   </div>
   <div class='ocr_carea' id='block_1_60' title="bbox 2134 2852 3698 2929">
    <p class='ocr_par' dir='ltr' id='par_1_60' title="bbox 2134 2852 3698 2929">
     <span class='ocr_line' id='line_1_60' title="bbox 2134 2852 3698 2929; baseline -0.006 -18"><span class='ocrx_word' id='word_1_397' title='bbox 2134 2861 2494 2929; x_wconf 86' lang='grc' dir='ltr'>συγχωρεῖται</span> <span class='ocrx_word' id='word_1_398' title='bbox 2547 2859 2604 2908; x_wconf 88' lang='grc' dir='ltr'><strong>ἑν</strong></span> <span class='ocrx_word' id='word_1_399' title='bbox 2656 2859 2766 2917; x_wconf 86' lang='grc' dir='ltr'>τοῖς</span> <span class='ocrx_word' id='word_1_400' title='bbox 2809 2854 2886 2924; x_wconf 85' lang='grc' dir='ltr'><strong>τῷ</strong></span> <span class='ocrx_word' id='word_1_401' title='bbox 2923 2855 3113 2923; x_wconf 87' lang='grc' dir='ltr'>τελείῳ</span> <span class='ocrx_word' id='word_1_402' title='bbox 3167 2854 3474 2925; x_wconf 79' lang='grc' dir='ltr'>πρέπουσιν</span> <span class='ocrx_word' id='word_1_403' title='bbox 3520 2852 3698 2923; x_wconf 78' lang='grc' dir='ltr'>ἀνδρα-</span> 
     </span>
    </p>
   </div>
   <div class='ocr_carea' id='block_1_61' title="bbox 2130 2943 3699 3020">
    <p class='ocr_par' dir='ltr' id='par_1_61' title="bbox 2130 2943 3699 3020">
     <span class='ocr_line' id='line_1_61' title="bbox 2130 2943 3699 3020; baseline -0.006 -17"><span class='ocrx_word' id='word_1_404' title='bbox 2130 2951 2460 3020; x_wconf 86' lang='grc' dir='ltr'>γαθήμασιν,</span> <span class='ocrx_word' id='word_1_405' title='bbox 2505 2951 2561 3000; x_wconf 89' lang='grc' dir='ltr'><strong>ἑν</strong></span> <span class='ocrx_word' id='word_1_406' title='bbox 2596 2947 2652 3000; x_wconf 79' lang='grc' dir='ltr'><strong>δὲ</strong></span> <span class='ocrx_word' id='word_1_407' title='bbox 2696 2946 2773 3016; x_wconf 84' lang='grc' dir='ltr'>τῷ</span> <span class='ocrx_word' id='word_1_408' title='bbox 2811 2945 3126 3015; x_wconf 76' lang='grc' dir='ltr'>Εὑαγγελίῳ</span> <span class='ocrx_word' id='word_1_409' title='bbox 3169 2945 3452 3008; x_wconf 76' lang='grc' dir='ltr'>παντελῶς</span> <span class='ocrx_word' id='word_1_410' title='bbox 3506 2943 3699 3008; x_wconf 70' lang='grc' dir='ltr'>ἀπηγό-</span> 
     </span>
    </p>
   </div>
   <div class='ocr_carea' id='block_1_62' title="bbox 2134 3034 3698 3112">
    <p class='ocr_par' dir='ltr' id='par_1_62' title="bbox 2134 3034 3698 3112">
     <span class='ocr_line' id='line_1_62' title="bbox 2134 3034 3698 3112; baseline -0.004 -20"><span class='ocrx_word' id='word_1_411' title='bbox 2134 3058 2357 3112; x_wconf 85' lang='grc' dir='ltr'>ρευται;</span> <span class='ocrx_word' id='word_1_412' title='bbox 2422 3042 2515 3106; x_wconf 85' lang='grc' dir='ltr'><strong>Τίς</strong></span> <span class='ocrx_word' id='word_1_413' title='bbox 2577 3038 2965 3108; x_wconf 80' lang='grc' dir='ltr'>παροικήσει,</span> <span class='ocrx_word' id='word_1_414' title='bbox 3017 3039 3114 3091; x_wconf 79' lang='grc' dir='ltr'>καὶ</span> <span class='ocrx_word' id='word_1_415' title='bbox 3175 3041 3264 3101; x_wconf 81' lang='grc' dir='ltr'><strong>τίς</strong></span> <span class='ocrx_word' id='word_1_416' title='bbox 3323 3034 3698 3103; x_wconf 75' lang='grc' dir='ltr'>κατασκηνώ-</span> 
     </span>
    </p>
   </div>
   <div class='ocr_carea' id='block_1_63' title="bbox 463 3127 2027 3212">
    <p class='ocr_par' dir='ltr' id='par_1_63' title="bbox 463 3131 2026 3203">
     <span class='ocr_line' id='line_1_63' title="bbox 463 3131 2026 3203; baseline 0.002 -20"><span class='ocrx_word' id='word_1_417' title='bbox 463 3133 594 3197; x_wconf 79' lang='lat' dir='ltr'><strong>Quis</strong></span> <span class='ocrx_word' id='word_1_418' title='bbox 642 3131 1062 3200; x_wconf 80' lang='lat' dir='ltr'><strong>peregrinabilur</strong></span> <span class='ocrx_word' id='word_1_419' title='bbox 1099 3142 1148 3184; x_wconf 85' lang='lat' dir='ltr'><strong>et</strong></span> <span class='ocrx_word' id='word_1_420' title='bbox 1222 3131 1689 3201; x_wconf 59' lang='lat' dir='ltr'><strong>quisrequiescet?</strong></span> <span class='ocrx_word' id='word_1_421' title='bbox 1737 3131 1842 3197; x_wconf 79' lang='lat' dir='ltr'><strong>Qui</strong></span> <span class='ocrx_word' id='word_1_422' title='bbox 1876 3133 2026 3203; x_wconf 87' lang='lat' dir='ltr'><strong>jurat</strong></span> 
     </span>
    </p>
   </div>
   <div class='ocr_carea' id='block_1_64' title="bbox 2135 3127 3697 3212">
    <p class='ocr_par' dir='ltr' id='par_1_64' title="bbox 2135 3127 3697 3212">
     <span class='ocr_line' id='line_1_64' title="bbox 2135 3127 3697 3212; baseline -0.006 -27"><span class='ocrx_word' id='word_1_423' title='bbox 2135 3149 2225 3185; x_wconf 87' lang='grc' dir='ltr'>σει</span> <span class='ocrx_word' id='word_1_424' title='bbox 2262 3132 2515 3212; x_wconf 37' lang='lat' dir='ltr'><strong>(H);l&#39;0</strong></span> <span class='ocrx_word' id='word_1_425' title='bbox 2548 3131 2783 3199; x_wconf 77' lang='grc' dir='ltr'><strong>ὀμνύων</strong></span> <span class='ocrx_word' id='word_1_426' title='bbox 2821 3129 2900 3193; x_wconf 82' lang='grc' dir='ltr'>τῷ</span> <span class='ocrx_word' id='word_1_427' title='bbox 2931 3129 3197 3194; x_wconf 80' lang='grc' dir='ltr'>πλησίον</span> <span class='ocrx_word' id='word_1_428' title='bbox 3221 3127 3433 3192; x_wconf 78' lang='grc' dir='ltr'>αὑτοῦ,</span> <span class='ocrx_word' id='word_1_429' title='bbox 3469 3127 3568 3179; x_wconf 75' lang='grc' dir='ltr'>καὶ</span> <span class='ocrx_word' id='word_1_430' title='bbox 3603 3127 3697 3178; x_wconf 71' lang='grc' dir='ltr'>οὐκ</span> 
     </span>
    </p>
   </div>
   <div class='ocr_carea' id='block_1_65' title="bbox 459 3223 2026 3293">
    <p class='ocr_par' dir='ltr' id='par_1_65' title="bbox 459 3223 2026 3293">
     <span class='ocr_line' id='line_1_65' title="bbox 459 3223 2026 3293; baseline 0.004 -21"><span class='ocrx_word' id='word_1_431' title='bbox 459 3226 697 3290; x_wconf 77' lang='lat' dir='ltr'><strong>proximo</strong></span> <span class='ocrx_word' id='word_1_432' title='bbox 737 3239 854 3286; x_wconf 78' lang='lat' dir='ltr'><strong>suo,</strong></span> <span class='ocrx_word' id='word_1_433' title='bbox 902 3231 948 3276; x_wconf 83' lang='lat' dir='ltr'><strong>et</strong></span> <span class='ocrx_word' id='word_1_434' title='bbox 997 3238 1099 3276; x_wconf 82' lang='lat' dir='ltr'><strong>non</strong></span> <span class='ocrx_word' id='word_1_435' title='bbox 1137 3224 1350 3290; x_wconf 85' lang='lat' dir='ltr'><strong>decipit.</strong></span> <span class='ocrx_word' id='word_1_436' title='bbox 1379 3223 1489 3278; x_wconf 80' lang='lat' dir='ltr'><strong>Illic</strong></span> <span class='ocrx_word' id='word_1_437' title='bbox 1523 3238 1673 3287; x_wconf 91' lang='lat' dir='ltr'><strong>vero,</strong></span> <span class='ocrx_word' id='word_1_438' title='bbox 1711 3223 1824 3293; x_wconf 88' lang='lat' dir='ltr'><strong>Ego</strong></span> <span class='ocrx_word' id='word_1_439' title='bbox 1850 3236 2026 3279; x_wconf 87' lang='lat' dir='ltr'><strong>autem</strong></span> 
     </span>
    </p>
   </div>
   <div class='ocr_carea' id='block_1_66' title="bbox 461 3313 2026 3385">
    <p class='ocr_par' dir='ltr' id='par_1_66' title="bbox 461 3313 2026 3385">
     <span class='ocr_line' id='line_1_66' title="bbox 461 3313 2026 3385; baseline 0.002 -19"><span class='ocrx_word' id='word_1_440' title='bbox 461 3317 578 3367; x_wconf 79' lang='lat' dir='ltr'><strong>dico</strong></span> <span class='ocrx_word' id='word_1_441' title='bbox 630 3314 790 3378; x_wconf 80' lang='lat' dir='ltr'><strong>vobis,</strong></span> <span class='ocrx_word' id='word_1_442' title='bbox 843 3323 897 3366; x_wconf 90' lang='lat' dir='ltr'><strong>ut</strong></span> <span class='ocrx_word' id='word_1_443' title='bbox 949 3329 1012 3367; x_wconf 85' lang='lat' dir='ltr'><strong>ne</strong></span> <span class='ocrx_word' id='word_1_444' title='bbox 1063 3313 1256 3382; x_wconf 78' lang='lat' dir='ltr'><strong>juretis</strong></span> <span class='ocrx_word' id='word_1_445' title='bbox 1299 3314 1602 3368; x_wconf 81' lang='lat' dir='ltr'><strong>omnino&quot;.</strong></span> <span class='ocrx_word' id='word_1_446' title='bbox 1653 3314 1790 3380; x_wconf 89' lang='lat' dir='ltr'><strong>Quid</strong></span> <span class='ocrx_word' id='word_1_447' title='bbox 1858 3316 2026 3385; x_wconf 77' lang='lat' dir='ltr'><strong>igitur</strong></span> 
     </span>
    </p>
   </div>
   <div class='ocr_carea' id='block_1_67' title="bbox 462 3404 2028 3476">
    <p class='ocr_par' dir='ltr' id='par_1_67' title="bbox 462 3404 2028 3476">
     <span class='ocr_line' id='line_1_67' title="bbox 462 3404 2028 3476; baseline 0.002 -17"><span class='ocrx_word' id='word_1_448' title='bbox 462 3406 741 3461; x_wconf 86' lang='lat' dir='ltr'><strong>dicemus?</strong></span> <span class='ocrx_word' id='word_1_449' title='bbox 797 3404 1082 3458; x_wconf 88' lang='lat' dir='ltr'><strong>Dominum</strong></span> <span class='ocrx_word' id='word_1_450' title='bbox 1142 3420 1306 3475; x_wconf 90' lang='lat' dir='ltr'><strong>scopo</strong></span> <span class='ocrx_word' id='word_1_451' title='bbox 1366 3407 1542 3461; x_wconf 89' lang='lat' dir='ltr'><strong>eidem</strong></span> <span class='ocrx_word' id='word_1_452' title='bbox 1614 3406 1813 3476; x_wconf 89' lang='lat' dir='ltr'><strong>ubique</strong></span> <span class='ocrx_word' id='word_1_453' title='bbox 1860 3409 2028 3462; x_wconf 75' lang='lat' dir='ltr'><strong>iulia:-</strong></span> 
     </span>
    </p>
   </div>
   <div class='ocr_carea' id='block_1_68' title="bbox 463 3498 2028 3568">
    <p class='ocr_par' dir='ltr' id='par_1_68' title="bbox 463 3498 2028 3568">
     <span class='ocr_line' id='line_1_68' title="bbox 463 3498 2028 3568; baseline 0.003 -17"><span class='ocrx_word' id='word_1_454' title='bbox 463 3513 587 3552; x_wconf 89' lang='lat' dir='ltr'><strong>rere</strong></span> <span class='ocrx_word' id='word_1_455' title='bbox 623 3517 636 3552; x_wconf 89' lang='lat'>:</span> <span class='ocrx_word' id='word_1_456' title='bbox 669 3499 864 3568; x_wconf 89' lang='lat' dir='ltr'><strong>quippe</strong></span> <span class='ocrx_word' id='word_1_457' title='bbox 914 3507 1257 3566; x_wconf 89' lang='lat' dir='ltr'><strong>peccatorum</strong></span> <span class='ocrx_word' id='word_1_458' title='bbox 1321 3499 1560 3553; x_wconf 91' lang='lat' dir='ltr'><strong>occurrit</strong></span> <span class='ocrx_word' id='word_1_459' title='bbox 1604 3498 1908 3564; x_wconf 82' lang='lat' dir='ltr'><strong>eﬂ‘ectibus,</strong></span> <span class='ocrx_word' id='word_1_460' title='bbox 1973 3510 2028 3556; x_wconf 91' lang='lat' dir='ltr'><strong>et</strong></span> 
     </span>
    </p>
   </div>
   <div class='ocr_carea' id='block_1_69' title="bbox 462 3587 2024 3658">
    <p class='ocr_par' dir='ltr' id='par_1_69' title="bbox 462 3587 2024 3658">
     <span class='ocr_line' id='line_1_69' title="bbox 462 3587 2024 3658; baseline 0.002 -16"><span class='ocrx_word' id='word_1_461' title='bbox 462 3587 855 3656; x_wconf 80' lang='lat' dir='ltr'><strong>malignitatem</strong></span> <span class='ocrx_word' id='word_1_462' title='bbox 907 3603 936 3641; x_wconf 90' lang='lat' dir='ltr'><strong>a</strong></span> <span class='ocrx_word' id='word_1_463' title='bbox 993 3587 1168 3657; x_wconf 87' lang='lat' dir='ltr'><strong>prima</strong></span> <span class='ocrx_word' id='word_1_464' title='bbox 1223 3587 1433 3658; x_wconf 80' lang='lat' dir='ltr'><strong>origine</strong></span> <span class='ocrx_word' id='word_1_465' title='bbox 1479 3590 1768 3645; x_wconf 87' lang='lat' dir='ltr'><strong>exscindit.</strong></span> <span class='ocrx_word' id='word_1_466' title='bbox 1827 3591 2024 3658; x_wconf 88' lang='lat' dir='ltr'><strong>Quem-</strong></span> 
     </span>
    </p>
   </div>
   <div class='ocr_carea' id='block_1_70' title="bbox 461 3679 2026 3750">
    <p class='ocr_par' dir='ltr' id='par_1_70' title="bbox 461 3679 2026 3750">
     <span class='ocr_line' id='line_1_70' title="bbox 461 3679 2026 3750; baseline 0.004 -20"><span class='ocrx_word' id='word_1_467' title='bbox 461 3679 746 3731; x_wconf 91' lang='lat' dir='ltr'><strong>admodum</strong></span> <span class='ocrx_word' id='word_1_468' title='bbox 803 3679 947 3731; x_wconf 90' lang='lat' dir='ltr'><strong>enim</strong></span> <span class='ocrx_word' id='word_1_469' title='bbox 1007 3680 1218 3733; x_wconf 84' lang='lat' dir='ltr'><strong>dicebat</strong></span> <span class='ocrx_word' id='word_1_470' title='bbox 1274 3679 1358 3732; x_wconf 89' lang='lat' dir='ltr'><strong>lex</strong></span> <span class='ocrx_word' id='word_1_471' title='bbox 1409 3681 1679 3750; x_wconf 89' lang='lat' dir='ltr'><strong>antiqua:</strong></span> <span class='ocrx_word' id='word_1_472' title='bbox 1727 3680 1850 3735; x_wconf 84' lang='lat' dir='ltr'><strong>Non</strong></span> <span class='ocrx_word' id='word_1_473' title='bbox 1900 3699 2026 3736; x_wconf 73' lang='lat' dir='ltr'><strong>mm-</strong></span> 
     </span>
    </p>
   </div>
   <div class='ocr_carea' id='block_1_71' title="bbox 457 3769 2024 3841">
    <p class='ocr_par' dir='ltr' id='par_1_71' title="bbox 457 3769 2024 3841">
     <span class='ocr_line' id='line_1_71' title="bbox 457 3769 2024 3841; baseline 0.003 -19"><span class='ocrx_word' id='word_1_474' title='bbox 457 3770 770 3833; x_wconf 71' lang='lat' dir='ltr'><strong>chaberis“,</strong></span> <span class='ocrx_word' id='word_1_475' title='bbox 824 3770 1082 3825; x_wconf 87' lang='lat' dir='ltr'><strong>Dominus</strong></span> <span class='ocrx_word' id='word_1_476' title='bbox 1127 3785 1274 3837; x_wconf 89' lang='lat' dir='ltr'><strong>vero,</strong></span> <span class='ocrx_word' id='word_1_477' title='bbox 1310 3769 1433 3826; x_wconf 83' lang='lat' dir='ltr'><strong>Non</strong></span> <span class='ocrx_word' id='word_1_478' title='bbox 1465 3774 1790 3841; x_wconf 78' lang='lat' dir='ltr'><strong>concupisces</strong></span> <span class='ocrx_word' id='word_1_479' title='bbox 1811 3774 1852 3805; x_wconf 83' lang='lat'><strong>&quot;</strong></span> <span class='ocrx_word' id='word_1_480' title='bbox 1886 3792 1898 3827; x_wconf 93' lang='lat'><strong>:</strong></span> <span class='ocrx_word' id='word_1_481' title='bbox 1938 3775 2024 3828; x_wconf 90' lang='lat' dir='ltr'><strong>illa</strong></span> 
     </span>
    </p>
   </div>
   <div class='ocr_carea' id='block_1_72' title="bbox 457 3860 2023 3934">
    <p class='ocr_par' dir='ltr' id='par_1_72' title="bbox 457 3860 2023 3934">
     <span class='ocr_line' id='line_1_72' title="bbox 457 3860 2023 3934; baseline 0.003 -21"><span class='ocrx_word' id='word_1_482' title='bbox 457 3861 675 3930; x_wconf 89' lang='lat' dir='ltr'><strong>quidem</strong></span> <span class='ocrx_word' id='word_1_483' title='bbox 711 3880 724 3915; x_wconf 94' lang='lat'>:</span> <span class='ocrx_word' id='word_1_484' title='bbox 761 3860 884 3914; x_wconf 88' lang='lat' dir='ltr'><strong>Non</strong></span> <span class='ocrx_word' id='word_1_485' title='bbox 916 3863 1199 3925; x_wconf 78' lang='lat' dir='ltr'><strong>occides”,</strong></span> <span class='ocrx_word' id='word_1_486' title='bbox 1255 3863 1341 3917; x_wconf 91' lang='lat' dir='ltr'><strong>hic</strong></span> <span class='ocrx_word' id='word_1_487' title='bbox 1381 3878 1508 3918; x_wconf 90' lang='lat' dir='ltr'><strong>vero</strong></span> <span class='ocrx_word' id='word_1_488' title='bbox 1536 3865 1855 3934; x_wconf 80' lang='lat' dir='ltr'><strong>perfectiora</strong></span> <span class='ocrx_word' id='word_1_489' title='bbox 1885 3880 2023 3934; x_wconf 72' lang='lat' dir='ltr'><strong>prae-</strong></span> 
     </span>
    </p>
   </div>
   <div class='ocr_carea' id='block_1_73' title="bbox 457 3951 2026 4013">
    <p class='ocr_par' dir='ltr' id='par_1_73' title="bbox 457 3951 2026 4013">
     <span class='ocr_line' id='line_1_73' title="bbox 457 3951 2026 4013; baseline 0.004 -7"><span class='ocrx_word' id='word_1_490' title='bbox 457 3952 722 4013; x_wconf 87' lang='lat' dir='ltr'><strong>scribens,</strong></span> <span class='ocrx_word' id='word_1_491' title='bbox 759 3951 878 4006; x_wconf 85' lang='lat' dir='ltr'><strong>Non</strong></span> <span class='ocrx_word' id='word_1_492' title='bbox 928 3954 1227 4009; x_wconf 75' lang='lat' dir='ltr'><strong>irasceris”</strong></span> <span class='ocrx_word' id='word_1_493' title='bbox 1258 3971 1272 4007; x_wconf 89' lang='lat'><strong>:</strong></span> <span class='ocrx_word' id='word_1_494' title='bbox 1305 3955 1382 4009; x_wconf 90' lang='lat' dir='ltr'><strong>sic</strong></span> <span class='ocrx_word' id='word_1_495' title='bbox 1417 3970 1549 4010; x_wconf 86' lang='lat' dir='ltr'><strong>sane</strong></span> <span class='ocrx_word' id='word_1_496' title='bbox 1591 3957 1752 4010; x_wconf 90' lang='lat' dir='ltr'><strong>etiam</strong></span> <span class='ocrx_word' id='word_1_497' title='bbox 1783 3957 1884 4011; x_wconf 85' lang='lat' dir='ltr'><strong>hoc</strong></span> <span class='ocrx_word' id='word_1_498' title='bbox 1909 3959 2026 4012; x_wconf 93' lang='lat' dir='ltr'><strong>loco</strong></span> 
     </span>
    </p>
   </div>
   <div class='ocr_carea' id='block_1_74' title="bbox 461 4042 2024 4113">
    <p class='ocr_par' dir='ltr' id='par_1_74' title="bbox 461 4042 2024 4113">
     <span class='ocr_line' id='line_1_74' title="bbox 461 4042 2024 4113; baseline 0.003 -17"><span class='ocrx_word' id='word_1_499' title='bbox 461 4042 551 4096; x_wconf 91' lang='lat' dir='ltr'><strong>illa</strong></span> <span class='ocrx_word' id='word_1_500' title='bbox 611 4042 826 4111; x_wconf 90' lang='lat' dir='ltr'><strong>quidem</strong></span> <span class='ocrx_word' id='word_1_501' title='bbox 896 4052 1150 4098; x_wconf 87' lang='lat' dir='ltr'><strong>contenta</strong></span> <span class='ocrx_word' id='word_1_502' title='bbox 1204 4055 1288 4099; x_wconf 90' lang='lat' dir='ltr'><strong>est</strong></span> <span class='ocrx_word' id='word_1_503' title='bbox 1324 4054 1472 4098; x_wconf 85' lang='lat' dir='ltr'><strong>recte</strong></span> <span class='ocrx_word' id='word_1_504' title='bbox 1535 4044 1845 4113; x_wconf 78' lang='lat' dir='ltr'><strong>iuramento</strong></span> <span class='ocrx_word' id='word_1_505' title='bbox 1887 4065 1900 4100; x_wconf 89' lang='lat'><strong>:</strong></span> <span class='ocrx_word' id='word_1_506' title='bbox 1935 4047 2024 4102; x_wconf 87' lang='lat' dir='ltr'><strong>hic</strong></span> 
     </span>
    </p>
   </div>
   <div class='ocr_carea' id='block_1_75' title="bbox 457 4132 2023 4202">
    <p class='ocr_par' dir='ltr' id='par_1_75' title="bbox 457 4132 2023 4202">
     <span class='ocr_line' id='line_1_75' title="bbox 457 4132 2023 4202; baseline 0.004 -17"><span class='ocrx_word' id='word_1_507' title='bbox 457 4147 587 4188; x_wconf 86' lang='lat' dir='ltr'><strong>vero</strong></span> <span class='ocrx_word' id='word_1_508' title='bbox 609 4132 832 4202; x_wconf 76' lang='lat' dir='ltr'><strong>periurii</strong></span> <span class='ocrx_word' id='word_1_509' title='bbox 883 4133 1156 4188; x_wconf 88' lang='lat' dir='ltr'><strong>exscindit</strong></span> <span class='ocrx_word' id='word_1_510' title='bbox 1181 4137 1543 4189; x_wconf 90' lang='lat' dir='ltr'><strong>occasionem.</strong></span> <span class='ocrx_word' id='word_1_511' title='bbox 1570 4136 1671 4202; x_wconf 82' lang='lat' dir='ltr'><strong>Qui</strong></span> <span class='ocrx_word' id='word_1_512' title='bbox 1701 4136 1846 4191; x_wconf 91' lang='lat' dir='ltr'><strong>enim</strong></span> <span class='ocrx_word' id='word_1_513' title='bbox 1877 4146 2023 4192; x_wconf 85' lang='lat' dir='ltr'><strong>recte</strong></span> 
     </span>
    </p>
   </div>
   <div class='ocr_carea' id='block_1_76' title="bbox 456 4223 2020 4297">
    <p class='ocr_par' dir='ltr' id='par_1_76' title="bbox 456 4223 2020 4297">
     <span class='ocr_line' id='line_1_76' title="bbox 456 4223 2020 4297; baseline 0.004 -20"><span class='ocrx_word' id='word_1_514' title='bbox 456 4233 513 4277; x_wconf 74' lang='lat' dir='ltr'><strong>et</strong></span> <span class='ocrx_word' id='word_1_515' title='bbox 564 4238 690 4279; x_wconf 88' lang='lat' dir='ltr'><strong>vere</strong></span> <span class='ocrx_word' id='word_1_516' title='bbox 757 4223 927 4292; x_wconf 89' lang='lat' dir='ltr'><strong>jurat,</strong></span> <span class='ocrx_word' id='word_1_517' title='bbox 979 4225 1210 4280; x_wconf 88' lang='lat' dir='ltr'><strong>fortasse</strong></span> <span class='ocrx_word' id='word_1_518' title='bbox 1258 4227 1420 4282; x_wconf 87' lang='lat' dir='ltr'><strong>etiam</strong></span> <span class='ocrx_word' id='word_1_519' title='bbox 1469 4228 1579 4281; x_wconf 88' lang='lat' dir='ltr'><strong>falli</strong></span> <span class='ocrx_word' id='word_1_520' title='bbox 1637 4244 2020 4297; x_wconf 88' lang='lat' dir='ltr'><strong>nonnunquam</strong></span> 
     </span>
    </p>
   </div>
   <div class='ocr_carea' id='block_1_77' title="bbox 455 4313 2022 4388">
    <p class='ocr_par' dir='ltr' id='par_1_77' title="bbox 455 4313 2022 4388">
     <span class='ocr_line' id='line_1_77' title="bbox 455 4313 2022 4388; baseline 0.007 -27"><span class='ocrx_word' id='word_1_521' title='bbox 455 4321 633 4381; x_wconf 81' lang='lat' dir='ltr'><strong>potest</strong></span> <span class='ocrx_word' id='word_1_522' title='bbox 686 4313 887 4368; x_wconf 87' lang='lat' dir='ltr'><strong>invitus</strong></span> <span class='ocrx_word' id='word_1_523' title='bbox 918 4332 932 4370; x_wconf 90' lang='lat'><strong>:</strong></span> <span class='ocrx_word' id='word_1_524' title='bbox 964 4315 1056 4384; x_wconf 88' lang='lat' dir='ltr'><strong>qui</strong></span> <span class='ocrx_word' id='word_1_525' title='bbox 1118 4331 1246 4370; x_wconf 86' lang='lat' dir='ltr'><strong>vero</strong></span> <span class='ocrx_word' id='word_1_526' title='bbox 1299 4332 1405 4371; x_wconf 92' lang='lat' dir='ltr'><strong>non</strong></span> <span class='ocrx_word' id='word_1_527' title='bbox 1449 4316 1616 4384; x_wconf 87' lang='lat' dir='ltr'><strong>jurat,</strong></span> <span class='ocrx_word' id='word_1_528' title='bbox 1676 4319 1898 4388; x_wconf 89' lang='lat' dir='ltr'><strong>perjurii</strong></span> <span class='ocrx_word' id='word_1_529' title='bbox 1946 4319 2022 4373; x_wconf 86' lang='lat' dir='ltr'><strong>vi-</strong></span> 
     </span>
    </p>
   </div>
   <div class='ocr_carea' id='block_1_78' title="bbox 458 4403 2020 4471">
    <p class='ocr_par' dir='ltr' id='par_1_78' title="bbox 458 4403 2020 4471">
     <span class='ocr_line' id='line_1_78' title="bbox 458 4403 2020 4471; baseline 0.006 -18"><span class='ocrx_word' id='word_1_530' title='bbox 458 4403 591 4456; x_wconf 83' lang='lat' dir='ltr'><strong>tavit</strong></span> <span class='ocrx_word' id='word_1_531' title='bbox 635 4404 954 4471; x_wconf 88' lang='lat' dir='ltr'><strong>periculum.</strong></span> <span class='ocrx_word' id='word_1_532' title='bbox 1005 4405 1120 4460; x_wconf 80' lang='lat' dir='ltr'><strong>Jam</strong></span> <span class='ocrx_word' id='word_1_533' title='bbox 1167 4421 1296 4462; x_wconf 92' lang='lat' dir='ltr'><strong>vero</strong></span> <span class='ocrx_word' id='word_1_534' title='bbox 1355 4407 1519 4460; x_wconf 92' lang='lat' dir='ltr'><strong>etiam</strong></span> <span class='ocrx_word' id='word_1_535' title='bbox 1557 4407 1740 4462; x_wconf 89' lang='lat' dir='ltr'><strong>multis</strong></span> <span class='ocrx_word' id='word_1_536' title='bbox 1783 4409 1835 4462; x_wconf 91' lang='lat' dir='ltr'><strong>in</strong></span> <span class='ocrx_word' id='word_1_537' title='bbox 1887 4408 2020 4462; x_wconf 89' lang='lat' dir='ltr'><strong>locis</strong></span> 
     </span>
    </p>
   </div>
   <div class='ocr_carea' id='block_1_79' title="bbox 2128 3218 3694 3288">
    <p class='ocr_par' dir='ltr' id='par_1_79' title="bbox 2128 3218 3694 3288">
     <span class='ocr_line' id='line_1_79' title="bbox 2128 3218 3694 3288; baseline -0.008 -10"><span class='ocrx_word' id='word_1_538' title='bbox 2128 3225 2372 3279; x_wconf 84' lang='grc' dir='ltr'>ἀθετῶν.</span> <span class='ocrx_word' id='word_1_539' title='bbox 2411 3224 2556 3275; x_wconf 85' lang='grc' dir='ltr'>Ἐκεῖ</span> <span class='ocrx_word' id='word_1_540' title='bbox 2597 3223 2672 3285; x_wconf 84' lang='grc' dir='ltr'>δὲ,</span> <span class='ocrx_word' id='word_1_541' title='bbox 2716 3220 2854 3286; x_wconf 76' lang='grc' dir='ltr'><strong>Ἐγὼ</strong></span> <span class='ocrx_word' id='word_1_542' title='bbox 2883 3219 2952 3271; x_wconf 86' lang='grc' dir='ltr'>δὲ</span> <span class='ocrx_word' id='word_1_543' title='bbox 2998 3219 3154 3288; x_wconf 73' lang='grc' dir='ltr'>λέγω</span> <span class='ocrx_word' id='word_1_544' title='bbox 3186 3218 3330 3287; x_wconf 80' lang='grc' dir='ltr'>ὑμῖν</span> <span class='ocrx_word' id='word_1_545' title='bbox 3355 3219 3450 3286; x_wconf 81' lang='grc' dir='ltr'>μὴ</span> <span class='ocrx_word' id='word_1_546' title='bbox 3499 3218 3694 3286; x_wconf 67' lang='grc' dir='ltr'>ἐμέσαι</span> 
     </span>
    </p>
   </div>
   <div class='ocr_carea' id='block_1_80' title="bbox 2129 3309 3694 3383">
    <p class='ocr_par' dir='ltr' id='par_1_80' title="bbox 2129 3309 3694 3383">
     <span class='ocr_line' id='line_1_80' title="bbox 2129 3309 3694 3383; baseline -0.005 -17"><span class='ocrx_word' id='word_1_547' title='bbox 2129 3314 2302 3380; x_wconf 74' lang='grc' dir='ltr'>ὅλως.</span> <span class='ocrx_word' id='word_1_548' title='bbox 2331 3315 2393 3366; x_wconf 91' lang='grc' dir='ltr'>Τί</span> <span class='ocrx_word' id='word_1_549' title='bbox 2420 3310 2511 3367; x_wconf 80' lang='grc' dir='ltr'><strong>οὖν</strong></span> <span class='ocrx_word' id='word_1_550' title='bbox 2541 3329 2753 3383; x_wconf 79' lang='grc' dir='ltr'>φαμεν;</span> <span class='ocrx_word' id='word_1_551' title='bbox 2783 3310 2903 3364; x_wconf 83' lang='grc' dir='ltr'>Ὅτι</span> <span class='ocrx_word' id='word_1_552' title='bbox 2941 3310 3215 3380; x_wconf 81' lang='grc' dir='ltr'>πανταχοῦ</span> <span class='ocrx_word' id='word_1_553' title='bbox 3248 3309 3344 3362; x_wconf 81' lang='grc' dir='ltr'>τοῦ</span> <span class='ocrx_word' id='word_1_554' title='bbox 3379 3309 3552 3362; x_wconf 76' lang='grc' dir='ltr'>αὐτοῦ</span> <span class='ocrx_word' id='word_1_555' title='bbox 3587 3323 3694 3359; x_wconf 71' lang='lat' dir='ltr'><strong>axo—</strong></span> 
     </span>
    </p>
   </div>
   <div class='ocr_carea' id='block_1_81' title="bbox 2127 3399 3693 3476">
    <p class='ocr_par' dir='ltr' id='par_1_81' title="bbox 2127 3399 3693 3476">
     <span class='ocr_line' id='line_1_81' title="bbox 2127 3399 3693 3476; baseline -0.006 -18"><span class='ocrx_word' id='word_1_556' title='bbox 2127 3405 2229 3458; x_wconf 83' lang='grc' dir='ltr'>ποῦ</span> <span class='ocrx_word' id='word_1_557' title='bbox 2257 3406 2435 3476; x_wconf 83' lang='grc' dir='ltr'>ἔχεται</span> <span class='ocrx_word' id='word_1_558' title='bbox 2465 3408 2492 3458; x_wconf 97' lang='lat'><strong>6</strong></span> <span class='ocrx_word' id='word_1_559' title='bbox 2520 3405 2742 3476; x_wconf 87' lang='grc' dir='ltr'>Κύριος,</span> <span class='ocrx_word' id='word_1_560' title='bbox 2783 3403 3182 3474; x_wconf 76' lang='grc' dir='ltr'>προλαμϐάνων</span> <span class='ocrx_word' id='word_1_561' title='bbox 3222 3402 3329 3453; x_wconf 89' lang='grc' dir='ltr'><strong>τῶν</strong></span> <span class='ocrx_word' id='word_1_562' title='bbox 3376 3399 3693 3472; x_wconf 82' lang='grc' dir='ltr'>ἁμαρτημά-</span> 
     </span>
    </p>
   </div>
   <div class='ocr_carea' id='block_1_82' title="bbox 2125 3488 3695 3564">
    <p class='ocr_par' dir='ltr' id='par_1_82' title="bbox 2125 3488 3695 3564">
     <span class='ocr_line' id='line_1_82' title="bbox 2125 3488 3695 3564; baseline 0.001 -17"><span class='ocrx_word' id='word_1_563' title='bbox 2125 3511 2231 3547; x_wconf 91' lang='grc' dir='ltr'><strong>των</strong></span> <span class='ocrx_word' id='word_1_564' title='bbox 2260 3495 2329 3547; x_wconf 84' lang='grc' dir='ltr'><strong>τά</strong></span> <span class='ocrx_word' id='word_1_565' title='bbox 2379 3494 2827 3564; x_wconf 85' lang='grc' dir='ltr'>ἀποτελέσματα,</span> <span class='ocrx_word' id='word_1_566' title='bbox 2873 3494 2966 3546; x_wconf 74' lang='grc' dir='ltr'><strong>καὶ</strong></span> <span class='ocrx_word' id='word_1_567' title='bbox 3001 3495 3062 3545; x_wconf 82' lang='grc' dir='ltr'>ἐκ</span> <span class='ocrx_word' id='word_1_568' title='bbox 3110 3493 3208 3561; x_wconf 79' lang='grc' dir='ltr'>τῆς</span> <span class='ocrx_word' id='word_1_569' title='bbox 3255 3488 3490 3562; x_wconf 80' lang='grc' dir='ltr'>πρώτης</span> <span class='ocrx_word' id='word_1_570' title='bbox 3537 3491 3695 3561; x_wconf 75' lang='grc' dir='ltr'>ἀρχῆς</span> 
     </span>
    </p>
   </div>
   <div class='ocr_carea' id='block_1_83' title="bbox 2125 3581 3694 3656">
    <p class='ocr_par' dir='ltr' id='par_1_83' title="bbox 2125 3581 3694 3656">
     <span class='ocr_line' id='line_1_83' title="bbox 2125 3581 3694 3656; baseline -0.003 -20"><span class='ocrx_word' id='word_1_571' title='bbox 2125 3585 2401 3655; x_wconf 76' lang='grc' dir='ltr'>ἐκτέμνων</span> <span class='ocrx_word' id='word_1_572' title='bbox 2444 3586 2540 3656; x_wconf 78' lang='grc' dir='ltr'>τὴν</span> <span class='ocrx_word' id='word_1_573' title='bbox 2596 3586 2876 3656; x_wconf 89' lang='grc' dir='ltr'>πονηρίαν.</span> <span class='ocrx_word' id='word_1_574' title='bbox 2936 3585 3021 3646; x_wconf 86' lang='grc' dir='ltr'>Ὠς</span> <span class='ocrx_word' id='word_1_575' title='bbox 3077 3584 3184 3654; x_wconf 87' lang='grc' dir='ltr'><strong>γάρ</strong></span> <span class='ocrx_word' id='word_1_576' title='bbox 3227 3585 3255 3636; x_wconf 88' lang='lat'><strong>6</strong></span> <span class='ocrx_word' id='word_1_577' title='bbox 3313 3584 3412 3653; x_wconf 79' lang='grc' dir='ltr'><strong>μὲν</strong></span> <span class='ocrx_word' id='word_1_578' title='bbox 3485 3581 3694 3640; x_wconf 74' lang='grc' dir='ltr'>παλαιὸς</span> 
     </span>
    </p>
   </div>
   <div class='ocr_carea' id='block_1_84' title="bbox 2125 3674 3695 3747">
    <p class='ocr_par' dir='ltr' id='par_1_84' title="bbox 2125 3674 3695 3747">
     <span class='ocr_line' id='line_1_84' title="bbox 2125 3674 3695 3747; baseline -0.005 -19"><span class='ocrx_word' id='word_1_579' title='bbox 2125 3676 2277 3744; x_wconf 75' lang='grc' dir='ltr'>ἔλεγε</span> <span class='ocrx_word' id='word_1_580' title='bbox 2309 3677 2492 3747; x_wconf 85' lang='grc' dir='ltr'>νόμος,</span> <span class='ocrx_word' id='word_1_581' title='bbox 2526 3679 2607 3730; x_wconf 87' lang='grc' dir='ltr'><strong>Οὐ</strong></span> <span class='ocrx_word' id='word_1_582' title='bbox 2621 3678 2988 3746; x_wconf 72' lang='grc' dir='ltr'>μοιχεύσειςο</span> <span class='ocrx_word' id='word_1_583' title='bbox 3013 3678 3041 3728; x_wconf 84' lang='grc' dir='ltr'><strong>ὁ</strong></span> <span class='ocrx_word' id='word_1_584' title='bbox 3069 3675 3124 3727; x_wconf 83' lang='grc' dir='ltr'><strong>δὲ</strong></span> <span class='ocrx_word' id='word_1_585' title='bbox 3148 3676 3369 3745; x_wconf 78' lang='grc' dir='ltr'>Κύριος,</span> <span class='ocrx_word' id='word_1_586' title='bbox 3397 3674 3558 3727; x_wconf 76' lang='grc' dir='ltr'><strong>θύδὲ</strong></span> <span class='ocrx_word' id='word_1_587' title='bbox 3587 3675 3695 3724; x_wconf 71' lang='grc' dir='ltr'><strong>ἐπι⁴</strong></span> 
     </span>
    </p>
   </div>
   <div class='ocr_carea' id='block_1_85' title="bbox 2125 3765 3695 3838">
    <p class='ocr_par' dir='ltr' id='par_1_85' title="bbox 2125 3765 3695 3838">
     <span class='ocr_line' id='line_1_85' title="bbox 2125 3765 3695 3838; baseline -0.022 -16"><span class='ocrx_word' id='word_1_588' title='bbox 2125 3768 2414 3836; x_wconf 77' lang='grc' dir='ltr'>θυμήσεις</span> <span class='ocrx_word' id='word_1_589' title='bbox 2439 3786 2452 3798; x_wconf 84' lang='lat'><strong><em>°</em></strong></span> <span class='ocrx_word' id='word_1_590' title='bbox 2488 3771 2738 3831; x_wconf 89' lang='grc' dir='ltr'>κάκεῖνος</span> <span class='ocrx_word' id='word_1_591' title='bbox 2764 3769 2882 3838; x_wconf 84' lang='grc' dir='ltr'>μὲν,</span> <span class='ocrx_word' id='word_1_592' title='bbox 2915 3769 2996 3821; x_wconf 81' lang='grc' dir='ltr'><strong>οὐ</strong></span> <span class='ocrx_word' id='word_1_593' title='bbox 3031 3768 3368 3836; x_wconf 63' lang='grc' dir='ltr'><strong>φονεύσεις.</strong></span> <span class='ocrx_word' id='word_1_594' title='bbox 3391 3768 3424 3817; x_wconf 71' lang='grc' dir='ltr'>ὁ</span> <span class='ocrx_word' id='word_1_595' title='bbox 3443 3767 3503 3820; x_wconf 70' lang='grc' dir='ltr'><strong>δὲ</strong></span> <span class='ocrx_word' id='word_1_596' title='bbox 3529 3765 3596 3817; x_wconf 52' lang='grc' dir='ltr'><strong>τὰ</strong></span> <span class='ocrx_word' id='word_1_597' title='bbox 3621 3779 3695 3814; x_wconf 66' lang='grc' dir='ltr'><strong>τε,</strong></span> 
     </span>
    </p>
   </div>
   <div class='ocr_carea' id='block_1_86' title="bbox 2125 3854 3695 3931">
    <p class='ocr_par' dir='ltr' id='par_1_86' title="bbox 2125 3854 3695 3931">
     <span class='ocr_line' id='line_1_86' title="bbox 2125 3854 3695 3931; baseline -0.004 -19"><span class='ocrx_word' id='word_1_598' title='bbox 2125 3860 2367 3931; x_wconf 88' lang='grc' dir='ltr'>λειότερα</span> <span class='ocrx_word' id='word_1_599' title='bbox 2398 3859 2721 3930; x_wconf 85' lang='grc' dir='ltr'>νομοθετῶν,</span> <span class='ocrx_word' id='word_1_600' title='bbox 2753 3858 2906 3912; x_wconf 77' lang='grc' dir='ltr'><strong>Οὐδὲ</strong></span> <span class='ocrx_word' id='word_1_601' title='bbox 2932 3859 3263 3928; x_wconf 75' lang='grc' dir='ltr'><strong>ὀργισθήσῃ</strong></span> <span class='ocrx_word' id='word_1_602' title='bbox 3283 3875 3297 3887; x_wconf 92' lang='grc'><strong>·</strong></span> <span class='ocrx_word' id='word_1_603' title='bbox 3335 3857 3485 3911; x_wconf 78' lang='grc' dir='ltr'>οὕτω</span> <span class='ocrx_word' id='word_1_604' title='bbox 3514 3858 3577 3927; x_wconf 82' lang='grc' dir='ltr'>δὴ</span> <span class='ocrx_word' id='word_1_605' title='bbox 3613 3854 3695 3906; x_wconf 81' lang='grc' dir='ltr'>καὶ</span> 
     </span>
    </p>
   </div>
   <div class='ocr_carea' id='block_1_87' title="bbox 2124 3946 3695 4018">
    <p class='ocr_par' dir='ltr' id='par_1_87' title="bbox 2124 3946 3695 4018">
     <span class='ocr_line' id='line_1_87' title="bbox 2124 3946 3695 4018; baseline -0.004 -16"><span class='ocrx_word' id='word_1_606' title='bbox 2124 3949 2354 4002; x_wconf 73' lang='grc' dir='ltr'>ἐνταῦθα</span> <span class='ocrx_word' id='word_1_607' title='bbox 2377 3949 2406 4000; x_wconf 86' lang='grc' dir='ltr'>ὁ</span> <span class='ocrx_word' id='word_1_608' title='bbox 2443 3949 2540 4018; x_wconf 83' lang='grc' dir='ltr'><strong>μὲν</strong></span> <span class='ocrx_word' id='word_1_609' title='bbox 2583 3949 2833 4018; x_wconf 85' lang='grc' dir='ltr'>ἀρκεῖται</span> <span class='ocrx_word' id='word_1_610' title='bbox 2870 3950 2935 4018; x_wconf 81' lang='grc' dir='ltr'>τῇ</span> <span class='ocrx_word' id='word_1_611' title='bbox 2967 3947 3212 4017; x_wconf 71' lang='grc' dir='ltr'>εὐορκία,</span> <span class='ocrx_word' id='word_1_612' title='bbox 3242 3949 3269 3999; x_wconf 91' lang='lat'><strong>6</strong></span> <span class='ocrx_word' id='word_1_613' title='bbox 3293 3946 3350 3999; x_wconf 78' lang='grc' dir='ltr'>δὲ</span> <span class='ocrx_word' id='word_1_614' title='bbox 3391 3949 3502 4018; x_wconf 83' lang='grc' dir='ltr'>τῆς</span> <span class='ocrx_word' id='word_1_615' title='bbox 3537 3949 3695 4016; x_wconf 76' lang='grc' dir='ltr'>ἐπιορ-</span> 
     </span>
    </p>
   </div>
   <div class='ocr_carea' id='block_1_88' title="bbox 2124 4037 3686 4110">
    <p class='ocr_par' dir='ltr' id='par_1_88' title="bbox 2124 4037 3686 4110">
     <span class='ocr_line' id='line_1_88' title="bbox 2124 4037 3686 4110; baseline -0.004 -16"><span class='ocrx_word' id='word_1_616' title='bbox 2124 4041 2248 4103; x_wconf 86' lang='grc' dir='ltr'>κίας</span> <span class='ocrx_word' id='word_1_617' title='bbox 2278 4041 2375 4109; x_wconf 85' lang='grc' dir='ltr'><strong>τὴν</strong></span> <span class='ocrx_word' id='word_1_618' title='bbox 2420 4040 2670 4110; x_wconf 77' lang='grc' dir='ltr'>ἀφορμὴν</span> <span class='ocrx_word' id='word_1_619' title='bbox 2716 4039 3014 4092; x_wconf 82' lang='grc' dir='ltr'>διακόπτει.</span> <span class='ocrx_word' id='word_1_620' title='bbox 3053 4038 3110 4091; x_wconf 83' lang='grc' dir='ltr'>ὐ</span> <span class='ocrx_word' id='word_1_621' title='bbox 3159 4039 3257 4109; x_wconf 78' lang='grc' dir='ltr'><strong>μὲν</strong></span> <span class='ocrx_word' id='word_1_622' title='bbox 3284 4038 3393 4108; x_wconf 85' lang='grc' dir='ltr'><strong>γάρ</strong></span> <span class='ocrx_word' id='word_1_623' title='bbox 3433 4037 3686 4109; x_wconf 73' lang='grc' dir='ltr'>εὐορκῶν,</span> 
     </span>
    </p>
   </div>
   <div class='ocr_carea' id='block_1_89' title="bbox 2123 4127 3692 4203">
    <p class='ocr_par' dir='ltr' id='par_1_89' title="bbox 2123 4127 3692 4203">
     <span class='ocr_line' id='line_1_89' title="bbox 2123 4127 3692 4203; baseline -0.003 -18"><span class='ocrx_word' id='word_1_624' title='bbox 2123 4133 2282 4203; x_wconf 83' lang='grc' dir='ltr'>τυχὸν</span> <span class='ocrx_word' id='word_1_625' title='bbox 2308 4133 2372 4185; x_wconf 85' lang='grc' dir='ltr'><strong>ἀν</strong></span> <span class='ocrx_word' id='word_1_626' title='bbox 2401 4133 2512 4202; x_wconf 75' lang='grc'><strong>(15)</strong></span> <span class='ocrx_word' id='word_1_627' title='bbox 2545 4149 2674 4184; x_wconf 79' lang='grc' dir='ltr'>ποτε</span> <span class='ocrx_word' id='word_1_628' title='bbox 2705 4131 2798 4184; x_wconf 77' lang='grc' dir='ltr'><strong>καὶ</strong></span> <span class='ocrx_word' id='word_1_629' title='bbox 2834 4131 3215 4202; x_wconf 70' lang='grc' dir='ltr'>παρασφαλείη</span> <span class='ocrx_word' id='word_1_630' title='bbox 3253 4130 3436 4183; x_wconf 85' lang='grc' dir='ltr'>ἄκων·</span> <span class='ocrx_word' id='word_1_631' title='bbox 3472 4133 3501 4184; x_wconf 88' lang='lat'><strong>6</strong></span> <span class='ocrx_word' id='word_1_632' title='bbox 3538 4131 3592 4182; x_wconf 81' lang='grc' dir='ltr'>δὲ</span> <span class='ocrx_word' id='word_1_633' title='bbox 3629 4127 3692 4197; x_wconf 77' lang='grc' dir='ltr'>μὴ</span> 
     </span>
    </p>
   </div>
   <div class='ocr_carea' id='block_1_90' title="bbox 2124 4219 3692 4296">
    <p class='ocr_par' dir='ltr' id='par_1_90' title="bbox 2124 4219 3692 4296">
     <span class='ocr_line' id='line_1_90' title="bbox 2124 4219 3692 4296; baseline -0.006 -18"><span class='ocrx_word' id='word_1_634' title='bbox 2124 4225 2362 4296; x_wconf 81' lang='grc' dir='ltr'>ὀμνύων,</span> <span class='ocrx_word' id='word_1_635' title='bbox 2393 4225 2481 4278; x_wconf 80' lang='grc' dir='ltr'><strong>τὸν</strong></span> <span class='ocrx_word' id='word_1_636' title='bbox 2505 4225 2605 4295; x_wconf 76' lang='grc' dir='ltr'>τῆς</span> <span class='ocrx_word' id='word_1_637' title='bbox 2628 4225 2911 4294; x_wconf 76' lang='grc' dir='ltr'>ἐπιορκίας</span> <span class='ocrx_word' id='word_1_638' title='bbox 2943 4224 3182 4276; x_wconf 86' lang='grc' dir='ltr'>κίνδυνον</span> <span class='ocrx_word' id='word_1_639' title='bbox 3217 4221 3575 4291; x_wconf 73' lang='grc' dir='ltr'>διαπέφευγε.</span> <span class='ocrx_word' id='word_1_640' title='bbox 3605 4219 3692 4274; x_wconf 81' lang='grc' dir='ltr'><strong>Τὸν</strong></span> 
     </span>
    </p>
   </div>
   <div class='ocr_carea' id='block_1_91' title="bbox 2127 4314 3691 4389">
    <p class='ocr_par' dir='ltr' id='par_1_91' title="bbox 2127 4314 3691 4389">
     <span class='ocr_line' id='line_1_91' title="bbox 2127 4314 3691 4389; baseline -0.008 -17"><span class='ocrx_word' id='word_1_641' title='bbox 2127 4319 2288 4389; x_wconf 83' lang='grc' dir='ltr'>ὅρκον</span> <span class='ocrx_word' id='word_1_642' title='bbox 2317 4318 2374 4370; x_wconf 76' lang='grc' dir='ltr'><strong>δὲ</strong></span> <span class='ocrx_word' id='word_1_643' title='bbox 2405 4315 2670 4386; x_wconf 87' lang='grc' dir='ltr'>πολλαχοῦ</span> <span class='ocrx_word' id='word_1_644' title='bbox 2697 4316 2788 4368; x_wconf 79' lang='grc' dir='ltr'><strong>καὶ</strong></span> <span class='ocrx_word' id='word_1_645' title='bbox 2812 4316 2908 4385; x_wconf 79' lang='grc' dir='ltr'><strong>τὴν</strong></span> <span class='ocrx_word' id='word_1_646' title='bbox 2938 4314 3271 4384; x_wconf 71' lang='grc' dir='ltr'>ἀμετάθετον</span> <span class='ocrx_word' id='word_1_647' title='bbox 3304 4316 3439 4384; x_wconf 79' lang='grc' dir='ltr'>περὶ</span> <span class='ocrx_word' id='word_1_648' title='bbox 3480 4314 3691 4367; x_wconf 74' lang='grc' dir='ltr'>ἑκάστου</span> 
     </span>
    </p>
   </div>
   <div class='ocr_carea' id='block_1_92' title="bbox 2125 4403 3687 4480">
    <p class='ocr_par' dir='ltr' id='par_1_92' title="bbox 2125 4403 3687 4480">
     <span class='ocr_line' id='line_1_92' title="bbox 2125 4403 3687 4480; baseline -0.005 -18"><span class='ocrx_word' id='word_1_649' title='bbox 2125 4411 2446 4480; x_wconf 81' lang='grc' dir='ltr'>πράγματος</span> <span class='ocrx_word' id='word_1_650' title='bbox 2485 4406 2869 4460; x_wconf 82' lang='grc' dir='ltr'>διαϐεϐαίωσιν</span> <span class='ocrx_word' id='word_1_651' title='bbox 2909 4403 3198 4474; x_wconf 80' lang='grc' dir='ltr'>ὀνομάζει·</span> <span class='ocrx_word' id='word_1_652' title='bbox 3231 4404 3307 4466; x_wconf 83' lang='grc' dir='ltr'>ὡς</span> <span class='ocrx_word' id='word_1_653' title='bbox 3336 4404 3421 4468; x_wconf 77' lang='grc' dir='ltr'><strong>τὸ,</strong></span> <span class='ocrx_word' id='word_1_654' title='bbox 3458 4406 3687 4472; x_wconf 82' lang='grc' dir='ltr'>Ὠμοσα,</span> 
     </span>
    </p>
   </div>
   <div class='ocr_carea' id='block_1_93' title="bbox 458 4473 2027 4570">
    <p class='ocr_par' dir='ltr' id='par_1_93' title="bbox 458 4495 2020 4570">
     <span class='ocr_line' id='line_1_93' title="bbox 458 4495 2020 4570; baseline 0.006 -23"><span class='ocrx_word' id='word_1_655' title='bbox 458 4495 672 4548; x_wconf 80' lang='lat' dir='ltr'><strong>firmum</strong></span> <span class='ocrx_word' id='word_1_656' title='bbox 729 4508 784 4550; x_wconf 90' lang='lat' dir='ltr'><strong>et</strong></span> <span class='ocrx_word' id='word_1_657' title='bbox 835 4497 1165 4552; x_wconf 87' lang='lat' dir='ltr'><strong>immutabile</strong></span> <span class='ocrx_word' id='word_1_658' title='bbox 1221 4498 1288 4552; x_wconf 87' lang='lat' dir='ltr'><strong>de</strong></span> <span class='ocrx_word' id='word_1_659' title='bbox 1347 4502 1670 4568; x_wconf 78' lang='lat' dir='ltr'><strong>unaquaque</strong></span> <span class='ocrx_word' id='word_1_660' title='bbox 1703 4515 1761 4554; x_wconf 89' lang='lat' dir='ltr'><strong>re</strong></span> <span class='ocrx_word' id='word_1_661' title='bbox 1821 4515 2020 4570; x_wconf 91' lang='lat' dir='ltr'><strong>propo-</strong></span> 
     </span>
    </p>
   </div>
   <div class='ocr_carea' id='block_1_94' title="bbox 2135 4473 3689 4570">
    <p class='ocr_par' dir='ltr' id='par_1_94' title="bbox 2135 4473 3689 4567">
     <span class='ocr_line' id='line_1_94' title="bbox 2135 4473 3689 4567; baseline -0.007 -13"><span class='ocrx_word' id='word_1_662' title='bbox 2135 4473 2223 4554; x_wconf 65' lang='grc' dir='ltr'><strong>καί</strong></span> <span class='ocrx_word' id='word_1_663' title='bbox 2251 4473 2496 4567; x_wconf 35' lang='grc' dir='ltr'>-έστησα</span> <span class='ocrx_word' id='word_1_664' title='bbox 2527 4499 2632 4552; x_wconf 88' lang='grc' dir='ltr'>τοῦ</span> <span class='ocrx_word' id='word_1_665' title='bbox 2661 4473 3049 4566; x_wconf 66' lang='grc' dir='ltr'>φυλάξασθάι</span> <span class='ocrx_word' id='word_1_666' title='bbox 3084 4497 3158 4550; x_wconf 84' lang='grc' dir='ltr'>τὰ</span> <span class='ocrx_word' id='word_1_667' title='bbox 3196 4497 3458 4564; x_wconf 80' lang='grc' dir='ltr'>κρίματα</span> <span class='ocrx_word' id='word_1_668' title='bbox 3489 4495 3593 4563; x_wconf 78' lang='grc' dir='ltr'>τῆς</span> <span class='ocrx_word' id='word_1_669' title='bbox 3619 4495 3689 4545; x_wconf 77' lang='grc' dir='ltr'>δι-</span> 
     </span>
    </p>
   </div>
   <div class='ocr_carea' id='block_1_95' title="bbox 456 4587 2020 4657">
    <p class='ocr_par' dir='ltr' id='par_1_95' title="bbox 456 4587 2020 4657">
     <span class='ocr_line' id='line_1_95' title="bbox 456 4587 2020 4657; baseline 0.002 -16"><span class='ocrx_word' id='word_1_670' title='bbox 456 4589 709 4656; x_wconf 90' lang='lat' dir='ltr'><strong>positum,</strong></span> <span class='ocrx_word' id='word_1_671' title='bbox 757 4587 1124 4655; x_wconf 85' lang='lat' dir='ltr'><strong>juramentum</strong></span> <span class='ocrx_word' id='word_1_672' title='bbox 1179 4599 1374 4644; x_wconf 88' lang='lat' dir='ltr'><strong>vocat:</strong></span> <span class='ocrx_word' id='word_1_673' title='bbox 1405 4600 1463 4644; x_wconf 93' lang='lat' dir='ltr'><strong>ut</strong></span> <span class='ocrx_word' id='word_1_674' title='bbox 1505 4599 1590 4645; x_wconf 92' lang='lat' dir='ltr'><strong>est</strong></span> <span class='ocrx_word' id='word_1_675' title='bbox 1638 4590 1788 4657; x_wconf 93' lang='lat' dir='ltr'><strong>illud,</strong></span> <span class='ocrx_word' id='word_1_676' title='bbox 1812 4592 2020 4657; x_wconf 80' lang='lat' dir='ltr'><strong>Juravi,</strong></span> 
     </span>
    </p>
   </div>
   <div class='ocr_carea' id='block_1_96' title="bbox 551 4807 1174 4877">
    <p class='ocr_par' dir='ltr' id='par_1_96' title="bbox 551 4807 1174 4877">
     <span class='ocr_line' id='line_1_96' title="bbox 551 4807 1174 4877; baseline 0.006 -15"><span class='ocrx_word' id='word_1_677' title='bbox 551 4809 593 4839; x_wconf 82' lang='lat'><strong>&quot;</strong></span> <span class='ocrx_word' id='word_1_678' title='bbox 645 4807 788 4862; x_wconf 89' lang='lat' dir='ltr'><strong>Psal.</strong></span> <span class='ocrx_word' id='word_1_679' title='bbox 845 4823 1064 4877; x_wconf 83' lang='lat' dir='ltr'><strong>cxxvn,</strong></span> <span class='ocrx_word' id='word_1_680' title='bbox 1125 4812 1174 4866; x_wconf 79' lang='grc'>1.</span> 
     </span>
    </p>
   </div>
   <div class='ocr_carea' id='block_1_97' title="bbox 457 4879 922 4943">
    <p class='ocr_par' dir='ltr' id='par_1_97' title="bbox 457 4879 922 4943">
     <span class='ocr_line' id='line_1_97' title="bbox 457 4879 922 4943; baseline -0.006 -10"><span class='ocrx_word' id='word_1_681' title='bbox 457 4880 501 4912; x_wconf 86' lang='grc'><strong>¹⁷</strong></span> <span class='ocrx_word' id='word_1_682' title='bbox 532 4879 720 4933; x_wconf 82' lang='lat' dir='ltr'><strong>Matth.</strong></span> <span class='ocrx_word' id='word_1_683' title='bbox 747 4893 797 4943; x_wconf 83' lang='grc' dir='ltr'><strong>ν,</strong></span> <span class='ocrx_word' id='word_1_684' title='bbox 833 4879 922 4930; x_wconf 71' lang='grc'><strong>22.</strong></span> 
     </span>
    </p>
   </div>
   <div class='ocr_carea' id='block_1_98' title="bbox 1287 4812 1788 4881">
    <p class='ocr_par' dir='ltr' id='par_1_98' title="bbox 1287 4812 1788 4881">
     <span class='ocr_line' id='line_1_98' title="bbox 1287 4812 1788 4881; baseline 0.008 -15"><span class='ocrx_word' id='word_1_685' title='bbox 1287 4812 1328 4844; x_wconf 82' lang='grc'><strong>¹³</strong></span> <span class='ocrx_word' id='word_1_686' title='bbox 1374 4813 1559 4868; x_wconf 86' lang='lat' dir='ltr'><strong>Matth.</strong></span> <span class='ocrx_word' id='word_1_687' title='bbox 1600 4831 1652 4881; x_wconf 81' lang='grc' dir='ltr'><strong>ν,</strong></span> <span class='ocrx_word' id='word_1_688' title='bbox 1697 4815 1788 4870; x_wconf 75' lang='grc'><strong>54.</strong></span> 
     </span>
    </p>
   </div>
   <div class='ocr_carea' id='block_1_99' title="bbox 534 5057 2025 5130">
    <p class='ocr_par' dir='ltr' id='par_1_99' title="bbox 534 5057 2025 5130">
     <span class='ocr_line' id='line_1_99' title="bbox 534 5057 2025 5130; baseline 0 -17"><span class='ocrx_word' id='word_1_689' title='bbox 534 5059 644 5130; x_wconf 65' lang='grc' dir='ltr'>(ιε)</span> <span class='ocrx_word' id='word_1_690' title='bbox 698 5073 787 5112; x_wconf 67' lang='lat' dir='ltr'><strong>me</strong></span> <span class='ocrx_word' id='word_1_691' title='bbox 838 5059 1052 5112; x_wconf 85' lang='lat' dir='ltr'><strong>codices</strong></span> <span class='ocrx_word' id='word_1_692' title='bbox 1089 5073 1183 5111; x_wconf 85' lang='lat' dir='ltr'><strong>sex</strong></span> <span class='ocrx_word' id='word_1_693' title='bbox 1218 5072 1337 5130; x_wconf 78' lang='lat' dir='ltr'><strong>cum</strong></span> <span class='ocrx_word' id='word_1_694' title='bbox 1374 5057 1608 5130; x_wconf 76' lang='lat' dir='ltr'><strong>editione</strong></span> <span class='ocrx_word' id='word_1_695' title='bbox 1638 5057 1800 5130; x_wconf 71' lang='lat' dir='ltr'><strong>Basil.</strong></span> <span class='ocrx_word' id='word_1_696' title='bbox 1847 5057 2025 5130; x_wconf 85' lang='lat' dir='ltr'><strong>Editio</strong></span> 
     </span>
    </p>
   </div>
   <div class='ocr_carea' id='block_1_100' title="bbox 457 5126 2019 5197">
    <p class='ocr_par' dir='ltr' id='par_1_100' title="bbox 457 5126 2019 5197">
     <span class='ocr_line' id='line_1_100' title="bbox 457 5126 2019 5197; baseline -0.003 -13"><span class='ocrx_word' id='word_1_697' title='bbox 457 5126 632 5184; x_wconf 78' lang='lat' dir='ltr'><strong>Paris.</strong></span> <span class='ocrx_word' id='word_1_698' title='bbox 647 5145 766 5181; x_wconf 89' lang='lat' dir='ltr'><strong>cum</strong></span> <span class='ocrx_word' id='word_1_699' title='bbox 780 5130 1096 5197; x_wconf 88' lang='lat' dir='ltr'><strong>quibusdam</strong></span> <span class='ocrx_word' id='word_1_700' title='bbox 1117 5144 1246 5183; x_wconf 91' lang='lat' dir='ltr'><strong>mss.</strong></span> <span class='ocrx_word' id='word_1_701' title='bbox 1260 5127 1358 5197; x_wconf 81' lang='grc' dir='ltr'><strong>τῆς</strong></span> <span class='ocrx_word' id='word_1_702' title='bbox 1370 5126 1474 5179; x_wconf 86' lang='grc' dir='ltr'><strong>τῶν</strong></span> <span class='ocrx_word' id='word_1_703' title='bbox 1492 5127 1790 5196; x_wconf 84' lang='grc' dir='ltr'>ἀνθρώπων</span> <span class='ocrx_word' id='word_1_704' title='bbox 1811 5128 2019 5197; x_wconf 87' lang='grc' dir='ltr'>χρείας,</span> 
     </span>
    </p>
   </div>
   <div class='ocr_carea' id='block_1_101' title="bbox 460 5196 2018 5265">
    <p class='ocr_par' dir='ltr' id='par_1_101' title="bbox 460 5196 2018 5265">
     <span class='ocr_line' id='line_1_101' title="bbox 460 5196 2018 5265; baseline -0.002 -12"><span class='ocrx_word' id='word_1_705' title='bbox 460 5202 616 5253; x_wconf 84' lang='lat' dir='ltr'><strong>male.</strong></span> <span class='ocrx_word' id='word_1_706' title='bbox 675 5197 784 5251; x_wconf 87' lang='lat' dir='ltr'><strong>Nec</strong></span> <span class='ocrx_word' id='word_1_707' title='bbox 818 5198 889 5250; x_wconf 91' lang='lat' dir='ltr'><strong>ita</strong></span> <span class='ocrx_word' id='word_1_708' title='bbox 938 5196 1104 5250; x_wconf 87' lang='lat' dir='ltr'><strong>multo</strong></span> <span class='ocrx_word' id='word_1_709' title='bbox 1144 5207 1262 5265; x_wconf 85' lang='lat' dir='ltr'><strong>post</strong></span> <span class='ocrx_word' id='word_1_710' title='bbox 1306 5196 1414 5252; x_wconf 85' lang='lat' dir='ltr'><strong>tres</strong></span> <span class='ocrx_word' id='word_1_711' title='bbox 1464 5213 1590 5251; x_wconf 90' lang='lat' dir='ltr'><strong>mss.</strong></span> <span class='ocrx_word' id='word_1_712' title='bbox 1629 5199 1754 5260; x_wconf 82' lang='grc' dir='ltr'>τοὺς</span> <span class='ocrx_word' id='word_1_713' title='bbox 1791 5196 1858 5250; x_wconf 82' lang='grc' dir='ltr'>δὲ</span> <span class='ocrx_word' id='word_1_714' title='bbox 1899 5215 2018 5250; x_wconf 89' lang='grc' dir='ltr'>πον.</span> 
     </span>
    </p>
   </div>
   <div class='ocr_carea' id='block_1_102' title="bbox 459 5267 2023 5338">
    <p class='ocr_par' dir='ltr' id='par_1_102' title="bbox 459 5267 2023 5338">
     <span class='ocr_line' id='line_1_102' title="bbox 459 5267 2023 5338; baseline -0.002 -16"><span class='ocrx_word' id='word_1_715' title='bbox 459 5269 695 5323; x_wconf 90' lang='lat' dir='ltr'><strong>Subinde</strong></span> <span class='ocrx_word' id='word_1_716' title='bbox 722 5282 850 5320; x_wconf 89' lang='lat' dir='ltr'><strong>mss.</strong></span> <span class='ocrx_word' id='word_1_717' title='bbox 879 5267 1380 5338; x_wconf 67' lang='lat' dir='ltr'><strong>quatuor_cpwpa0ﬁ.</strong></span> <span class='ocrx_word' id='word_1_718' title='bbox 1406 5268 1542 5338; x_wconf 85' lang='lat' dir='ltr'><strong>Editi</strong></span> <span class='ocrx_word' id='word_1_719' title='bbox 1569 5283 1690 5338; x_wconf 91' lang='lat' dir='ltr'><strong>cum</strong></span> <span class='ocrx_word' id='word_1_720' title='bbox 1718 5267 1836 5320; x_wconf 86' lang='lat' dir='ltr'><strong>aliis</strong></span> <span class='ocrx_word' id='word_1_721' title='bbox 1865 5271 2023 5338; x_wconf 88' lang='lat' dir='ltr'><strong>quin-</strong></span> 
     </span>
    </p>
   </div>
   <div class='ocr_carea' id='block_1_103' title="bbox 457 5334 2022 5408">
    <p class='ocr_par' dir='ltr' id='par_1_103' title="bbox 457 5334 2022 5408">
     <span class='ocr_line' id='line_1_103' title="bbox 457 5334 2022 5408; baseline -0.001 -18"><span class='ocrx_word' id='word_1_722' title='bbox 457 5354 561 5406; x_wconf 84' lang='lat' dir='ltr'><strong>que</strong></span> <span class='ocrx_word' id='word_1_723' title='bbox 599 5334 1060 5408; x_wconf 45' lang='grc' dir='ltr'>ιιιεεηφωραθείη.</span> <span class='ocrx_word' id='word_1_724' title='bbox 1091 5335 1200 5391; x_wconf 82' lang='lat' dir='ltr'><strong>Hoc</strong></span> <span class='ocrx_word' id='word_1_725' title='bbox 1222 5334 1407 5408; x_wconf 79' lang='lat' dir='ltr'><strong>ipsoin</strong></span> <span class='ocrx_word' id='word_1_726' title='bbox 1438 5337 1554 5393; x_wconf 92' lang='lat' dir='ltr'><strong>loco</strong></span> <span class='ocrx_word' id='word_1_727' title='bbox 1583 5337 1736 5392; x_wconf 78' lang='lat' dir='ltr'><strong>multi</strong></span> <span class='ocrx_word' id='word_1_728' title='bbox 1773 5334 1902 5392; x_wconf 77' lang='lat' dir='ltr'><strong>mss.</strong></span> <span class='ocrx_word' id='word_1_729' title='bbox 1930 5337 2022 5390; x_wconf 85' lang='grc' dir='ltr'>ἀν-</span> 
     </span>
    </p>
   </div>
   <div class='ocr_carea' id='block_1_104' title="bbox 455 5405 901 5478">
    <p class='ocr_par' dir='ltr' id='par_1_104' title="bbox 455 5405 901 5478">
     <span class='ocr_line' id='line_1_104' title="bbox 455 5405 901 5478; baseline -0.004 -18"><span class='ocrx_word' id='word_1_730' title='bbox 455 5405 511 5460; x_wconf 73' lang='grc' dir='ltr'><strong>τὶ</strong></span> <span class='ocrx_word' id='word_1_731' title='bbox 538 5407 630 5460; x_wconf 79' lang='grc' dir='ltr'>τοῦ</span> <span class='ocrx_word' id='word_1_732' title='bbox 657 5405 901 5478; x_wconf 85' lang='grc' dir='ltr'>μηδενός.</span> 
     </span>
    </p>
   </div>
   <div class='ocr_carea' id='block_1_105' title="bbox 530 5545 2018 5616">
    <p class='ocr_par' dir='ltr' id='par_1_105' title="bbox 530 5545 2018 5616">
     <span class='ocr_line' id='line_1_105' title="bbox 530 5545 2018 5616; baseline 0.002 -19"><span class='ocrx_word' id='word_1_733' title='bbox 530 5545 642 5616; x_wconf 62' lang='grc'><strong>(15)</strong></span> <span class='ocrx_word' id='word_1_734' title='bbox 673 5545 804 5614; x_wconf 77' lang='lat' dir='ltr'><strong>Reg.</strong></span> <span class='ocrx_word' id='word_1_735' title='bbox 851 5545 1042 5599; x_wconf 90' lang='lat' dir='ltr'><strong>tertius</strong></span> <span class='ocrx_word' id='word_1_736' title='bbox 1066 5545 1465 5616; x_wconf 86' lang='grc' dir='ltr'>διδασκομενον.</span> <span class='ocrx_word' id='word_1_737' title='bbox 1498 5546 1650 5602; x_wconf 62' lang='lat' dir='ltr'><strong>uolb.</strong></span> <span class='ocrx_word' id='word_1_738' title='bbox 1669 5555 1897 5616; x_wconf 87' lang='lat' dir='ltr'><strong>quartus</strong></span> <span class='ocrx_word' id='word_1_739' title='bbox 1929 5547 2018 5600; x_wconf 87' lang='grc' dir='ltr'>δε-</span> 
     </span>
    </p>
   </div>
   <div class='ocr_carea' id='block_1_106' title="bbox 455 5613 2024 5687">
    <p class='ocr_par' dir='ltr' id='par_1_106' title="bbox 455 5613 2024 5687">
     <span class='ocr_line' id='line_1_106' title="bbox 455 5613 2024 5687; baseline 0.003 -22"><span class='ocrx_word' id='word_1_740' title='bbox 455 5613 736 5687; x_wconf 77' lang='grc' dir='ltr'>δογμένον.</span> <span class='ocrx_word' id='word_1_741' title='bbox 762 5613 914 5687; x_wconf 27' lang='grc' dir='ltr'>ίΙιιίΓο</span> <span class='ocrx_word' id='word_1_742' title='bbox 947 5616 1091 5687; x_wconf 54' lang='lat' dir='ltr'><strong>Heg.</strong></span> <span class='ocrx_word' id='word_1_743' title='bbox 1125 5613 1311 5687; x_wconf 73' lang='lat' dir='ltr'><strong>tertius</strong></span> <span class='ocrx_word' id='word_1_744' title='bbox 1344 5613 1853 5687; x_wconf 86' lang='grc' dir='ltr'>προσκαλουμένων.</span> <span class='ocrx_word' id='word_1_745' title='bbox 1882 5615 2024 5670; x_wconf 87' lang='lat' dir='ltr'><strong>Sub-</strong></span> 
     </span>
    </p>
   </div>
   <div class='ocr_carea' id='block_1_107' title="bbox 458 5684 2023 5757">
    <p class='ocr_par' dir='ltr' id='par_1_107' title="bbox 458 5684 2023 5757">
     <span class='ocr_line' id='line_1_107' title="bbox 458 5684 2023 5757; baseline 0.006 -23"><span class='ocrx_word' id='word_1_746' title='bbox 458 5684 582 5736; x_wconf 85' lang='lat' dir='ltr'><strong>inde</strong></span> <span class='ocrx_word' id='word_1_747' title='bbox 603 5685 751 5750; x_wconf 77' lang='lat' dir='ltr'><strong>illud,</strong></span> <span class='ocrx_word' id='word_1_748' title='bbox 787 5686 879 5738; x_wconf 71' lang='grc' dir='ltr'><strong>κα)⁸</strong></span> <span class='ocrx_word' id='word_1_749' title='bbox 906 5686 1006 5737; x_wconf 79' lang='grc' dir='ltr'><strong>οὐκ</strong></span> <span class='ocrx_word' id='word_1_750' title='bbox 1036 5685 1260 5752; x_wconf 83' lang='grc' dir='ltr'>ἀθετῶν,</span> <span class='ocrx_word' id='word_1_751' title='bbox 1293 5697 1339 5740; x_wconf 92' lang='lat' dir='ltr'><strong>et</strong></span> <span class='ocrx_word' id='word_1_752' title='bbox 1366 5684 1466 5740; x_wconf 74' lang='lat' dir='ltr'><strong>rion</strong></span> <span class='ocrx_word' id='word_1_753' title='bbox 1499 5684 1708 5757; x_wconf 69' lang='lat' dir='ltr'><strong>decipit,</strong></span> <span class='ocrx_word' id='word_1_754' title='bbox 1745 5690 1814 5742; x_wconf 88' lang='lat' dir='ltr'><strong>ita</strong></span> <span class='ocrx_word' id='word_1_755' title='bbox 1848 5688 2023 5743; x_wconf 84' lang='lat' dir='ltr'><strong>inter-</strong></span> 
     </span>
    </p>
   </div>
   <div class='ocr_carea' id='block_1_108' title="bbox 1903 4816 2409 4884">
    <p class='ocr_par' dir='ltr' id='par_1_108' title="bbox 1903 4816 2409 4884">
     <span class='ocr_line' id='line_1_108' title="bbox 1903 4816 2409 4884; baseline 0 -14"><span class='ocrx_word' id='word_1_756' title='bbox 1903 4816 1946 4846; x_wconf 79' lang='lat'>“</span> <span class='ocrx_word' id='word_1_757' title='bbox 1971 4816 2141 4873; x_wconf 88' lang='lat' dir='ltr'><strong>Exod.</strong></span> <span class='ocrx_word' id='word_1_758' title='bbox 2181 4834 2278 4884; x_wconf 87' lang='lat' dir='ltr'><strong>xx,</strong></span> <span class='ocrx_word' id='word_1_759' title='bbox 2323 4816 2409 4870; x_wconf 74' lang='grc'>14.</span> 
     </span>
    </p>
   </div>
   <div class='ocr_carea' id='block_1_109' title="bbox 2127 4585 3685 4656">
    <p class='ocr_par' dir='ltr' id='par_1_109' title="bbox 2127 4585 3685 4656">
     <span class='ocr_line' id='line_1_109' title="bbox 2127 4585 3685 4656; baseline -0.005 -12"><span class='ocrx_word' id='word_1_760' title='bbox 2127 4591 2457 4656; x_wconf 81' lang='grc' dir='ltr'>καιοσύνης</span> <span class='ocrx_word' id='word_1_761' title='bbox 2493 4603 2643 4642; x_wconf 84' lang='grc' dir='ltr'>σου·</span> <span class='ocrx_word' id='word_1_762' title='bbox 2691 4589 2785 4640; x_wconf 77' lang='grc' dir='ltr'>καὶ</span> <span class='ocrx_word' id='word_1_763' title='bbox 2828 4588 2908 4651; x_wconf 83' lang='grc' dir='ltr'><strong>τὸ,</strong></span> <span class='ocrx_word' id='word_1_764' title='bbox 2939 4589 3159 4656; x_wconf 81' lang='grc' dir='ltr'>Ὤμοσε</span> <span class='ocrx_word' id='word_1_765' title='bbox 3197 4587 3455 4654; x_wconf 74' lang='grc' dir='ltr'>Κύριος,</span> <span class='ocrx_word' id='word_1_766' title='bbox 3493 4588 3587 4643; x_wconf 85' lang='grc' dir='ltr'>καὶ</span> <span class='ocrx_word' id='word_1_767' title='bbox 3627 4585 3685 4636; x_wconf 67' lang='lat' dir='ltr'><strong>ei)</strong></span> 
     </span>
    </p>
   </div>
   <div class='ocr_carea' id='block_1_110' title="bbox 2535 4806 3681 4879">
    <p class='ocr_par' dir='ltr' id='par_1_110' title="bbox 2535 4806 3681 4879">
     <span class='ocr_line' id='line_1_110' title="bbox 2535 4806 3681 4879; baseline -0.005 -13"><span class='ocrx_word' id='word_1_768' title='bbox 2535 4813 2581 4846; x_wconf 83' lang='grc'><strong>¹⁸</strong></span> <span class='ocrx_word' id='word_1_769' title='bbox 2613 4811 2800 4866; x_wconf 81' lang='lat' dir='ltr'><strong>Matth.</strong></span> <span class='ocrx_word' id='word_1_770' title='bbox 2841 4826 2895 4879; x_wconf 69' lang='grc' dir='ltr'>γ,</span> <span class='ocrx_word' id='word_1_771' title='bbox 2941 4807 3033 4864; x_wconf 75' lang='grc'><strong>28.</strong></span> <span class='ocrx_word' id='word_1_772' title='bbox 3137 4811 3180 4842; x_wconf 76' lang='grc'>²⁶</span> <span class='ocrx_word' id='word_1_773' title='bbox 3228 4808 3403 4864; x_wconf 84' lang='lat' dir='ltr'><strong>Exod.</strong></span> <span class='ocrx_word' id='word_1_774' title='bbox 3465 4825 3571 4874; x_wconf 86' lang='lat' dir='ltr'><strong>xx,</strong></span> <span class='ocrx_word' id='word_1_775' title='bbox 3608 4806 3681 4860; x_wconf 79' lang='grc'><strong>15.</strong></span> 
     </span>
    </p>
   </div>
   <div class='ocr_carea' id='block_1_111' title="bbox 2130 5053 3680 5129">
    <p class='ocr_par' dir='ltr' id='par_1_111' title="bbox 2130 5053 3680 5129">
     <span class='ocr_line' id='line_1_111' title="bbox 2130 5053 3680 5129; baseline -0.006 -15"><span class='ocrx_word' id='word_1_776' title='bbox 2130 5068 2379 5129; x_wconf 91' lang='lat' dir='ltr'><strong>pretatur</strong></span> <span class='ocrx_word' id='word_1_777' title='bbox 2411 5058 2705 5128; x_wconf 86' lang='lat' dir='ltr'><strong>Didymus:</strong></span> <span class='ocrx_word' id='word_1_778' title='bbox 2742 5057 3110 5114; x_wconf 83' lang='lat' dir='ltr'><strong>Juramentum</strong></span> <span class='ocrx_word' id='word_1_779' title='bbox 3151 5056 3290 5129; x_wconf 86' lang='lat' dir='ltr'><strong>quod</strong></span> <span class='ocrx_word' id='word_1_780' title='bbox 3330 5059 3569 5125; x_wconf 72' lang='lat' dir='ltr'><strong>proximo</strong></span> <span class='ocrx_word' id='word_1_781' title='bbox 3614 5053 3680 5120; x_wconf 78' lang='lat' dir='ltr'><strong>{a-</strong></span> 
     </span>
    </p>
   </div>
   <div class='ocr_carea' id='block_1_112' title="bbox 2127 5131 2977 5191">
    <p class='ocr_par' dir='ltr' id='par_1_112' title="bbox 2127 5131 2977 5191">
     <span class='ocr_line' id='line_1_112' title="bbox 2127 5131 2977 5191; baseline 0.002 -9"><span class='ocrx_word' id='word_1_782' title='bbox 2127 5142 2265 5182; x_wconf 88' lang='lat' dir='ltr'><strong>ctum</strong></span> <span class='ocrx_word' id='word_1_783' title='bbox 2296 5141 2392 5191; x_wconf 74' lang='lat' dir='ltr'><strong>est,</strong></span> <span class='ocrx_word' id='word_1_784' title='bbox 2425 5131 2634 5182; x_wconf 87' lang='lat' dir='ltr'><strong>irritum</strong></span> <span class='ocrx_word' id='word_1_785' title='bbox 2661 5146 2764 5182; x_wconf 86' lang='lat' dir='ltr'><strong>non</strong></span> <span class='ocrx_word' id='word_1_786' title='bbox 2786 5131 2977 5184; x_wconf 83' lang='lat' dir='ltr'><strong>reddit.</strong></span> 
     </span>
    </p>
   </div>
   <div class='ocr_carea' id='block_1_113' title="bbox 2199 5192 3675 5270">
    <p class='ocr_par' dir='ltr' id='par_1_113' title="bbox 2199 5192 3675 5270">
     <span class='ocr_line' id='line_1_113' title="bbox 2199 5192 3675 5270; baseline -0.003 -19"><span class='ocrx_word' id='word_1_787' title='bbox 2199 5198 2312 5270; x_wconf 71' lang='grc'><strong>(14)</strong></span> <span class='ocrx_word' id='word_1_788' title='bbox 2341 5199 2490 5260; x_wconf 84' lang='lat' dir='ltr'><strong>illud,</strong></span> <span class='ocrx_word' id='word_1_789' title='bbox 2527 5201 2584 5251; x_wconf 87' lang='grc' dir='ltr'>ὲν</span> <span class='ocrx_word' id='word_1_790' title='bbox 2613 5199 2728 5270; x_wconf 76' lang='grc' dir='ltr'>ὄρει</span> <span class='ocrx_word' id='word_1_791' title='bbox 2755 5199 2894 5268; x_wconf 83' lang='grc' dir='ltr'>ἁγίῳ</span> <span class='ocrx_word' id='word_1_792' title='bbox 2925 5215 3040 5270; x_wconf 82' lang='grc' dir='ltr'>σου,</span> <span class='ocrx_word' id='word_1_793' title='bbox 3071 5197 3318 5270; x_wconf 78' lang='lat' dir='ltr'><strong>sequitur</strong></span> <span class='ocrx_word' id='word_1_794' title='bbox 3334 5198 3593 5270; x_wconf 65' lang='lat' dir='ltr'><strong>proxime</strong></span> <span class='ocrx_word' id='word_1_795' title='bbox 3633 5192 3675 5242; x_wconf 77' lang='lat' dir='ltr'><strong>in</strong></span> 
     </span>
    </p>
   </div>
   <div class='ocr_carea' id='block_1_114' title="bbox 2129 5266 3677 5341">
    <p class='ocr_par' dir='ltr' id='par_1_114' title="bbox 2129 5266 3677 5341">
     <span class='ocr_line' id='line_1_114' title="bbox 2129 5266 3677 5341; baseline -0.005 -19"><span class='ocrx_word' id='word_1_796' title='bbox 2129 5266 2302 5341; x_wconf 84' lang='lat' dir='ltr'><strong>tribus</strong></span> <span class='ocrx_word' id='word_1_797' title='bbox 2340 5284 2469 5323; x_wconf 90' lang='lat' dir='ltr'><strong>mss.</strong></span> <span class='ocrx_word' id='word_1_798' title='bbox 2497 5266 2677 5341; x_wconf 78' lang='lat' dir='ltr'><strong>vocem</strong></span> <span class='ocrx_word' id='word_1_799' title='bbox 2706 5266 3139 5341; x_wconf 60' lang='lat' dir='ltr'><strong>xatgdxnvdiqst.</strong></span> <span class='ocrx_word' id='word_1_800' title='bbox 3170 5266 3297 5341; x_wconf 80' lang='lat' dir='ltr'><strong>Item</strong></span> <span class='ocrx_word' id='word_1_801' title='bbox 3323 5267 3483 5341; x_wconf 54' lang='lat' dir='ltr'><strong>geli).</strong></span> <span class='ocrx_word' id='word_1_802' title='bbox 3512 5278 3677 5341; x_wconf 79' lang='lat' dir='ltr'><strong>secun-</strong></span> 
     </span>
    </p>
   </div>
   <div class='ocr_carea' id='block_1_115' title="bbox 2127 5337 3673 5408">
    <p class='ocr_par' dir='ltr' id='par_1_115' title="bbox 2127 5337 3673 5408">
     <span class='ocr_line' id='line_1_115' title="bbox 2127 5337 3673 5408; baseline 0.007 -18"><span class='ocrx_word' id='word_1_803' title='bbox 2127 5340 2228 5391; x_wconf 87' lang='lat' dir='ltr'><strong>dus</strong></span> <span class='ocrx_word' id='word_1_804' title='bbox 2278 5337 2685 5407; x_wconf 82' lang='grc' dir='ltr'>κατασκηνώσει</span> <span class='ocrx_word' id='word_1_805' title='bbox 2723 5340 2780 5390; x_wconf 81' lang='grc' dir='ltr'><strong>ἑν</strong></span> <span class='ocrx_word' id='word_1_806' title='bbox 2817 5338 2931 5407; x_wconf 81' lang='grc' dir='ltr'>δρει</span> <span class='ocrx_word' id='word_1_807' title='bbox 2956 5339 3034 5408; x_wconf 82' lang='grc' dir='ltr'><strong>τῷ</strong></span> <span class='ocrx_word' id='word_1_808' title='bbox 3049 5337 3185 5408; x_wconf 83' lang='grc' dir='ltr'><strong>ἁγίῳ</strong></span> <span class='ocrx_word' id='word_1_809' title='bbox 3208 5337 3397 5408; x_wconf 65' lang='grc' dir='ltr'>αὐτοῦ.</span> <span class='ocrx_word' id='word_1_810' title='bbox 3429 5337 3553 5404; x_wconf 71' lang='grc' dir='ltr'>Πθεσ</span> <span class='ocrx_word' id='word_1_811' title='bbox 3583 5337 3673 5408; x_wconf 61' lang='grc' dir='ltr'><strong>βτί·</strong></span> 
     </span>
    </p>
   </div>
   <div class='ocr_carea' id='block_1_116' title="bbox 2129 5404 3674 5478">
    <p class='ocr_par' dir='ltr' id='par_1_116' title="bbox 2129 5404 3674 5478">
     <span class='ocr_line' id='line_1_116' title="bbox 2129 5404 3674 5478; baseline -0.004 -18"><span class='ocrx_word' id='word_1_812' title='bbox 2129 5423 2247 5460; x_wconf 91' lang='lat' dir='ltr'><strong>mus</strong></span> <span class='ocrx_word' id='word_1_813' title='bbox 2299 5404 2714 5478; x_wconf 29' lang='lat' dir='ltr'><strong>habetiqunque</strong></span> <span class='ocrx_word' id='word_1_814' title='bbox 2749 5404 3017 5478; x_wconf 66' lang='grc' dir='ltr'>ἐπ”ὅρει</span> <span class='ocrx_word' id='word_1_815' title='bbox 3062 5404 3177 5471; x_wconf 77' lang='grc' dir='ltr'>σου,</span> <span class='ocrx_word' id='word_1_816' title='bbox 3219 5407 3312 5478; x_wconf 79' lang='lat' dir='ltr'><strong>sed</strong></span> <span class='ocrx_word' id='word_1_817' title='bbox 3371 5409 3424 5460; x_wconf 90' lang='lat' dir='ltr'><strong>in</strong></span> <span class='ocrx_word' id='word_1_818' title='bbox 3471 5404 3674 5478; x_wconf 74' lang='lat' dir='ltr'><strong>margine</strong></span> 
     </span>
    </p>
   </div>
   <div class='ocr_carea' id='block_1_117' title="bbox 2131 5473 3673 5531">
    <p class='ocr_par' dir='ltr' id='par_1_117' title="bbox 2131 5473 3673 5531">
     <span class='ocr_line' id='line_1_117' title="bbox 2131 5473 3673 5531; baseline -0.002 -2"><span class='ocrx_word' id='word_1_819' title='bbox 2131 5478 2407 5531; x_wconf 85' lang='lat' dir='ltr'><strong>duntaxat.</strong></span> <span class='ocrx_word' id='word_1_820' title='bbox 2465 5473 2650 5530; x_wconf 77' lang='lat' dir='ltr'><strong>Facile</strong></span> <span class='ocrx_word' id='word_1_821' title='bbox 2697 5486 2875 5530; x_wconf 90' lang='lat' dir='ltr'><strong>autem</strong></span> <span class='ocrx_word' id='word_1_822' title='bbox 2922 5473 3253 5531; x_wconf 78' lang='lat' dir='ltr'><strong>crediderim</strong></span> <span class='ocrx_word' id='word_1_823' title='bbox 3298 5475 3420 5531; x_wconf 56' lang='lat' dir='ltr'><strong>hac</strong></span> <span class='ocrx_word' id='word_1_824' title='bbox 3460 5473 3673 5531; x_wconf 77' lang='lat' dir='ltr'><strong>habenda</strong></span> 
     </span>
    </p>
   </div>
   <div class='ocr_carea' id='block_1_118' title="bbox 2133 5546 3670 5617">
    <p class='ocr_par' dir='ltr' id='par_1_118' title="bbox 2133 5546 3670 5617">
     <span class='ocr_line' id='line_1_118' title="bbox 2133 5546 3670 5617; baseline 0 -17"><span class='ocrx_word' id='word_1_825' title='bbox 2133 5562 2258 5600; x_wconf 92' lang='lat' dir='ltr'><strong>esse</strong></span> <span class='ocrx_word' id='word_1_826' title='bbox 2291 5563 2386 5612; x_wconf 90' lang='lat' dir='ltr'><strong>pro</strong></span> <span class='ocrx_word' id='word_1_827' title='bbox 2410 5546 2792 5617; x_wconf 81' lang='lat' dir='ltr'><strong>additamentis</strong></span> <span class='ocrx_word' id='word_1_828' title='bbox 2824 5547 3222 5617; x_wconf 36' lang='lat' dir='ltr'><strong>librariorum.‘</strong></span> <span class='ocrx_word' id='word_1_829' title='bbox 3315 5616 3322 5617; x_wconf 15' lang='grc' dir='ltr'>ί</span> <span class='ocrx_word' id='word_1_830' title='bbox 3566 5613 3592 5617; x_wconf 47' lang='grc' dir='ltr'>η</span> <span class='ocrx_word' id='word_1_831' title='bbox 3661 5608 3670 5617; x_wconf 36' lang='grc'><strong>⁸</strong></span> 
     </span>
    </p>
   </div>
   <div class='ocr_carea' id='block_1_119' title="bbox 2207 5613 3671 5689">
    <p class='ocr_par' dir='ltr' id='par_1_119' title="bbox 2207 5613 3671 5689">
     <span class='ocr_line' id='line_1_119' title="bbox 2207 5613 3671 5689; baseline -0.002 -20"><span class='ocrx_word' id='word_1_832' title='bbox 2207 5617 2316 5686; x_wconf 79' lang='lat' dir='ltr'><strong>(l5)</strong></span> <span class='ocrx_word' id='word_1_833' title='bbox 2340 5617 2428 5689; x_wconf 78' lang='lat' dir='ltr'><strong>Sic</strong></span> <span class='ocrx_word' id='word_1_834' title='bbox 2453 5631 2583 5689; x_wconf 65' lang='lat' dir='ltr'><strong>mss.</strong></span> <span class='ocrx_word' id='word_1_835' title='bbox 2612 5615 2754 5671; x_wconf 75' lang='lat' dir='ltr'><strong>Editi</strong></span> <span class='ocrx_word' id='word_1_836' title='bbox 2781 5631 2906 5674; x_wconf 87' lang='lat' dir='ltr'><strong>vero</strong></span> <span class='ocrx_word' id='word_1_837' title='bbox 2934 5617 3073 5688; x_wconf 83' lang='grc' dir='ltr'>τάχα</span> <span class='ocrx_word' id='word_1_838' title='bbox 3087 5617 3171 5674; x_wconf 80' lang='grc' dir='ltr'><strong>ἀν.</strong></span> <span class='ocrx_word' id='word_1_839' title='bbox 3195 5615 3366 5674; x_wconf 85' lang='lat' dir='ltr'><strong>Paulo</strong></span> <span class='ocrx_word' id='word_1_840' title='bbox 3391 5626 3511 5689; x_wconf 89' lang='lat' dir='ltr'><strong>post</strong></span> <span class='ocrx_word' id='word_1_841' title='bbox 3535 5613 3671 5681; x_wconf 83' lang='lat' dir='ltr'><strong>aliqui</strong></span> 
     </span>
    </p>
   </div>
   <div class='ocr_carea' id='block_1_120' title="bbox 2137 5684 2683 5758">
    <p class='ocr_par' dir='ltr' id='par_1_120' title="bbox 2137 5684 2683 5758">
     <span class='ocr_line' id='line_1_120' title="bbox 2137 5684 2683 5758; baseline 0 -18"><span class='ocrx_word' id='word_1_842' title='bbox 2137 5684 2268 5745; x_wconf 81' lang='lat' dir='ltr'><strong>mss.</strong></span> <span class='ocrx_word' id='word_1_843' title='bbox 2299 5684 2433 5757; x_wconf 83' lang='grc' dir='ltr'>μηδὲ</span> <span class='ocrx_word' id='word_1_844' title='bbox 2452 5684 2683 5758; x_wconf 84' lang='grc' dir='ltr'>ὀμνύων.</span> 
     </span>
    </p>
   </div>
  </div>
