3818 6220
101 305 216 359 261
1270 294 1552 358 HOMILIA
1582 301 1598 355 Ι
1625 301 1682 356 ΙΝ

1798 299 2055 356 ΞΑΙΜΗΜ
2097 292 2238 357 XIV.
3259 291 3362 356 269

101 425 695 496 μεταμεληθήσεται.
721 424 832 492 Οὐχ
856 423 938 476 ὄτι
980 421 1110 476 Θεὸν
1135 423 1212 486 είς
1245 424 1548 495 μαρτυρίαν
1591 425 1682 476 τῶι

1801 435 1847 477 et
1889 425 2050 476 statui
2101 424 2364 477 custodire
2417 421 2622 491 judicia
2676 421 2900 489 justitim
2954 419 3153 486 tute“;
3209 421 3356 486 item,

101 518 471 588 λαλουμένων
511 515 987 586 πιστοποιούμενον
1028 514 1190 568 αὑτοῦ
1234 516 1332 586 τὴν
1375 516 1682 586 ἀμφιϐολίας

1801 515 2008 569 Juravit
2065 515 2358 571 Dominus:
2396 525 2445 570 et
2503 533 2605 570 non
2652 515 2915 584 pmnitebit
2971 532 3087 569 eum
3111 517 3178 569 ¹⁹.
3239 513 3355 569 Non

101 611 474 680 παρήγαγεν,
521 608 632 661 ἀλλ’
680 609 761 660 ὅτι
801 607 1089 678 ἀτρέπτοις
1141 609 1234 660 καὶ
1285 609 1558 678 ἀκινήτοις
1614 608 1682 661 δό-

1802 608 1943 678 quod
2011 609 2176 662 Deum
2234 609 2300 662 ad
2359 609 2619 663 dictorum
2690 607 3055 662 testimonium
3118 607 3365 661 introdu-

101 721 303 775 γμασι
333 705 432 775 τὴν
460 703 558 772 τῆς
588 702 917 771 ἐπαγγελίας
955 703 1114 772 χάριν
1149 701 1224 772 τῷ
1256 703 1418 756 Δαόὶδ
1446 703 1682 757 ὲϐεϐαίω

1801 700 1981 766 xerit,
2026 699 2260 770 107‘“
2304 699 2468 753 veluti
2499 697 2883 752 dubitationem
2931 697 3029 764 ipsi
3077 697 3361 766 ademptu-

103 813 232 848 σεν.
277 793 468 857 Οὕτως
503 789 722 846 οὖνκαὶ
767 792 996 846 ἐνταῦθα
1038 791 1257 844 δυνατὸν
1303 791 1587 863 εἰρῆσθαι·
1640 793 1682 844 ’ί

1802 807 1920 845 rum
1943 831 1958 856 ,
1997 792 2087 845 sed
2113 791 2252 859 quod
2285 791 2424 844 Deus
2455 789 2790 843 inconcussis
2829 787 3360 857 immutabilibusque

105 889 368 956 ὀμνύων
397 885 476 952 τῷ
517 887 783 953 πλησίον
815 885 999 939 αὐτοῦ
1019 903 1032 916 ⁸
1073 885 1338 950 τουτέστι,
1369 884 1682 940 διαϐεϐαιούι

1803 883 2035 936 decretis
2093 880 2469 950 promissionis
2513 881 2741 948 gratiam
2772 878 2956 932 Davidi
2994 878 3354 934 confirmavit.

105 993 290 1045 μενος
313 973 392 1044 τῷ
419 974 664 1045 πλησίον,
691 975 784 1026 καὶ
812 974 911 1026 οὐκ
939 973 1146 1027 ἀθετῶν
1167 992 1180 1004 ·
1220 975 1305 1026 ἵνα
1411 974 1698 1043 σύμφωνον

102 1067 190 1138 τῷ
227 1067 388 1138 παρά
424 1065 522 1128 ,τοῦ
555 1066 759 1136 Κυρίου
793 1065 1086 1136 εἰρημένῳ,
1127 1064 1225 1134 τῷ,
1259 1065 1448 1116 Ἔστω
1488 1061 1598 1132 (16)
1631 1063 1699 1115 δὲ

99 1159 294 1230 ὑμῶν
321 1163 353 1212 ὁ
393 1161 592 1226 λόγος,
623 1157 720 1210 ’ναὶ
751 1157 872 1218 ναὶ,
899 1156 994 1208 καὶ
1022 1155 1092 1208 οὒ
1126 1157 1216 1210 οὔ.
1242 1155 1376 1226 Περὶ
1403 1155 1510 1208 τῶν
1535 1155 1700 1208 τοιού-

100 1271 224 1306 των
264 1249 604 1322 πραγμάτων
627 1245 1100 1316 διαϐεϐαιούμενος
1129 1243 1388 1297 κατάνευε
1409 1262 1422 1274 ·
1453 1245 1544 1298 καὶ
1573 1246 1699 1316 περὶ

101 1345 225 1397 τῶν
264 1343 343 1412 μὴ
375 1341 562 1402 όντων,
609 1338 712 1391 κᾶν
760 1337 959 1398 πάντες
993 1334 1264 1405 ἅνθρωποι
1307 1335 1693 1407 παρακαλῶσι,

108 1435 191 1504 μὴ
227 1429 576 1501 συμπεισθῇς
604 1446 732 1480 ποτε
771 1428 918 1498 παρά
949 1427 1045 1497 τὴν
1075 1427 1173 1497 τῆς
1204 1427 1416 1495 φύσεως
1440 1427 1696 1499 ἀλήθειαν

101 1521 636 1578 διαϐεϐαιώσασθαι.
685 1521 760 1572 Οὐ
813 1520 1001 1588 γέγονε
1051 1521 1112 1572 τὸ
1161 1521 1418 1593 πρᾶγμα,
1468 1521 1696 1592 ἄρνησις

105 1613 586 1668 ἑπακολουθείτω·
637 1612 826 1680 γέγονε
869 1611 929 1662 τὸ
980 1613 1242 1681 πρᾶγμα,
1301 1611 1696 1679 συγκατάθεσις

105 1702 516 1758 διαϐεϐαιούτω
545 1699 877 1771 (17).τΧωρὶς
905 1700 1002 1770 τῆς
1029 1700 1162 1769 πρὸς
1193 1700 1377 1772 ἕτερον
1395 1701 1694 1772 ἐπιπλοκῆς

110 1796 294 1866 αὐτὴν
341 1795 462 1848 καθ’
499 1769 695 1864 ἑαυτὴν
739 1769 912 1865 πειρῶ
959 1769 1057 1861 τὴν
1106 1769 1362 1862 ἀλήθειαν
1406 1769 1693 1865 παριστᾷν,
1729 1769 1770 1828 Β

109 1888 310 1956 ψιλαῖς
353 1887 472 1944 ταῖς
516 1883 926 1936 διαϐεϐαιώσεσι
973 1885 1328 1954 κεχρημένος.
1369 1884 1425 1938 '0
1471 1886 1698 1949 ἄπιστος

109 1983 296 2054 ἐχέτω
339 1981 438 2050 τὴν
485 1978 686 2049 βλάϐην
719 1979 816 2047 τῆς
848 1978 1123 2040 ἀπιστίας.
1168 1977 1400 2047 Αίσχρὸν
1428 1976 1534 2048 γὰρ
1565 1991 1700 2029 παν-

109 2075 292 2136 τελῶς
328 2073 424 2126 καὶ
469 2072 696 2141 ἀνόητον
741 2069 931 2122 ἑαυτοῦ
983 2071 1308 2142 κατηγορεῖν
1354 2069 1429 2131 ὡς
1479 2069 1696 2132 ἀναξίου

111 2167 380 2228 πίστεως,
423 2165 515 2216 καὶ
564 2162 662 2234 τὴν
693 2163 757 2215 ἐκ
797 2163 904 2216 τῶν
938 2163 1114 2233 ὅρκων
1162 2160 1461 2230 ἀσφάλειαν
1505 2161 1696 2227 ὲπιφέ--

113 2257 332 2328 ρεσθαι.
377 2257 498 2308 Εἰσὶ
547 2253 604 2307 δέ
634 2271 774 2316 τινες
821 2253 1000 2320 λόγοι,
1051 2254 1309 2323 σχήματα
1363 2250 1462 2320 μὲν
1518 2251 1696 2322 ὅρκων

111 2351 371 2420 ἔχοντες,
415 2349 512 2416 οὐχ
560 2347 712 2418 ὅρκοι
747 2346 804 2399 δὲ
849 2345 1030 2410 ὄντες,
1077 2343 1212 2397 ἀλλά
1245 2341 1510 2414 θεραπεία
1561 2341 1697 2412 πρὸς

113 2445 246 2503 τοὺς
277 2439 596 2502 ἀκούοντας.
635 2439 768 2503 Ὦςό
805 2438 1001 2508 Ἰωσὴφ
1035 2435 1123 2488 τὸν
1154 2435 1450 2503 Αίγύπτιον
1467 2433 1699 2488 οἰκειού-

117 2549 308 2603 μενος,
351 2531 416 2601 νὴ
458 2531 556 2600 τὴν
601 2529 809 2598 ὑγίειαν
858 2527 1040 2598 ὤμνυε
1078 2525 1294 2596 Φαραώ.
1337 2525 1449 2578 Καὶ
1480 2528 1507 2578 6
1544 2525 1700 2578 Ἀπό-

115 2623 310 2686 στολος
341 2622 440 2692 τὴν
493 2621 628 2692 πρὸς
679 2619 1000 2691 Κορινθίους
1037 2618 1256 2688 ἀγάπην
1304 2616 1498 2670 ἑαυτοῦ
1555 2633 1698 2687 παρ-

117 2716 314 2774 ιστῶν.
342 2715 472 2784 ἔφη·
507 2713 596 2781 Νὴ
622 2713 736 2780 τὴν
779 2711 1069 2780 ὑμετέραν
1095 2709 1414 2776 καύχησιν,
1455 2705 1535 2774 ἢν
1581 2706 1700 2774 ἔχω

111 2810 186 2863 ἐν
221 2807 456 2877 Χριστῷ
492 2805 686 2870 Ἰησοῦ
715 2804 794 2870 τῷ
829 2803 1022 2871 Κυρίῳ
1067 2801 1253 2869 ἡμῶν.
1295 2801 1368 2852 Οὐ
1418 2800 1525 2870 γὰρ
1557 2815 1698 2869 παρ-

113 2903 322 2973 ήκουσε
353 2901 452 2970 τῆς
481 2897 833 2967 εὐαγγελικῆς
867 2895 1209 2957 διδασκαλίας
1238 2895 1266 2945 ό
1286 2893 1345 2946 τὸ
1365 2891 1698 2960 Εὐαγγέλιον

124 2994 590 3064 πεπιστευμένος,
631 2990 764 3045 ἀλλὰ
794 2990 948 3058 λόγον
999 2987 1150 3058 ψιλὸν
1182 2989 1256 3040 ἐν·
1275 2988 1512 3057 σχήματι
1557 3002 1697 3074 παρέ

1801 971 1966 1040 lgitur
2001 969 2116 1025 fleri
2169 979 2366 1040 potest,
2413 977 2474 1023 ut
2517 970 2602 1023 hic
2660 968 2824 1022 etiam
2872 971 2938 1023 ad
2969 969 3217 1024 eumdem
3251 987 3360 1026 mos

1801 1064 1924 1126 dum
1978 1064 2177 1118 dictum
2235 1064 2349 1118 sit:
2408 1061 2510 1127 Qui
2553 1062 2708 1132 jurat
2765 1063 2999 1132 proximo
3069 1079 3203 1128 suo;
3257 1055 3362 1120 hoc

1801 1167 1902 1222 εει,
1942 1156 2032 1223 qui
2087 1169 2192 1208 non
2240 1155 2520 1209 conﬁrmat
2563 1153 2830 1222 proximo,
2878 1161 2931 1208 et
2982 1169 3088 1208 non
3139 1156 3356 1226 decipit;

1800 1263 1904 1317 quo
1951 1248 2002 1301 id
2063 1247 2242 1302 verbis
2292 1246 2502 1300 Domini
2549 1246 2870 1300 conveniat:
2916 1247 2998 1300 Sit
3043 1258 3216 1301 autem
3253 1255 3361 1301 δεμ

1799 1357 1883 1393 mo
1931 1350 2130 1394 vester:
2181 1339 2316 1405 Est,
2358 1347 2466 1402 est;
2505 1337 2650 1404 Non,
2693 1339 2884 1392 non”.
2938 1337 3044 1393 Res
3095 1331 3356 1408 ejusmodi

1798 1441 1930 1484 nutu
2006 1439 2062 1486 et
2115 1444 2340 1484 ascensu
2396 1437 2486 1482 tuo
2537 1429 2839 1485 conﬁrma:
2897 1445 3016 1498 qua:
3071 1446 3200 1486 vero
3249 1439 3358 1487 non

1797 1521 1872 1576 ita
1934 1537 1992 1576 se
2047 1521 2268 1586 habent,
2314 1521 2562 1589 quamvis
2609 1535 2796 1576 omnes
2858 1523 3100 1576 homines
3153 1525 3355 1578 adhor-

1800 1622 2082 1676 tarentur,
2131 1623 2184 1666 et
2241 1611 2623 1676 ohsecrarent;
2672 1626 2740 1666 ne
2809 1613 3080 1668 inducaris
3133 1623 3192 1668 ut
3255 1623 3358 1668 un-

1798 1719 1956 1773 quam
1990 1713 2184 1773 praeter
2224 1705 2468 1760 veritatis
2517 1715 2767 1759 naturam
2797 1704 3048 1762 aﬂirmes.
3077 1707 3189 1762 Non
3217 1709 3358 1766 facta

1798 1805 1880 1849 est
1934 1809 2040 1859 res,
2099 1794 2311 1864 negatio
2360 1805 2660 1863 sequatur:
2691 1794 2828 1849 facta
2858 1803 2942 1851 est
2973 1811 3078 1859 res,
3111 1796 3359 1853 ﬁrmetur

1798 1901 2071 1940 assensus.
2111 1885 2359 1951 Studeto,
2404 1887 2537 1941 citra
2585 1886 2748 1940 ullam
2795 1903 2916 1942 cum
2968 1889 3070 1943 alia
3143 1905 3200 1946 re
3257 1883 3360 1946 im‘

1797 1977 2165 2049 plicationem,
2223 1977 2395 2046 ipsam
2440 1993 2538 2047 per
2577 1992 2635 2031 se
2689 1979 2972 2034 veritatem
3029 1983 3360 2053 exprimere,

1797 2070 2028 2138 simplici
2086 2085 2149 2124 ac
2214 2072 2352 2125 nuda
2413 2069 2770 2126 aliirmatione
2843 2087 2994 2127 usus.
3049 2075 3361 2130 lncredulus

1799 2163 2198 2218 incredulitatis
2260 2165 2510 2218 damnum
2548 2163 2804 2234 perferat.
2844 2155 3022 2234 Turpe
3064 2169 3206 2220 enim
3243 2183 3361 2221 om-

1797 2255 1926 2310 nino
1973 2263 2027 2309 et
2082 2255 2304 2310 stultum
2349 2267 2434 2310 est
2493 2258 2731 2327 seipsum
2791 2265 2849 2310 ut
2912 2258 3017 2311 fide
3081 2259 3354 2330 indignum

1799 2359 2094 2410 accusare,
2137 2361 2198 2400 ac
2260 2345 2690 2415 juramentorum
2736 2347 3082 2408 securitatem
3132 2349 3184 2402 in
3244 2359 3360 2403 me-

1799 2436 1944 2489 dium
1996 2435 2258 2505 proferre.
2331 2437 2470 2491 Sunt
2529 2449 2706 2492 autem
2759 2455 3040 2495 sermones
3113 2425 3368 2510 quidam,

1798 2528 1890 2596 qui
1934 2529 2166 2595 speciem
2215 2529 2427 2598 quidem
2453 2530 2879 2598 juramentorum
2914 2547 3024 2602 prae
3055 2547 3113 2586 se
3159 2533 3359 2598 ferunt,

1798 2633 1899 2672 nec
1953 2627 2128 2673 tamen
2175 2618 2486 2688 juramenta
2543 2629 2711 2686 sunt,
2769 2625 2862 2677 sed
2925 2624 3162 2692 quaedam
3234 2639 3361 2692 erga

1800 2712 2074 2766 auditores
2148 2713 2510 2767 observantia.
2570 2713 2661 2768 Sic
2715 2711 2915 2786 Joseph
2987 2727 3045 2770 ut
3118 2717 3358 2789 ngyptii

1799 2805 1899 2860 sibi
1950 2804 2176 2872 gratiam
2240 2804 2596 2873 conciliaret,
2647 2805 2853 2875 juravit
2906 2822 3001 2876 per
3049 2807 3359 2864 Pharaonis

1797 2891 2164 2950 sanitatem“.
2213 2894 2343 2948 Item
2393 2895 2680 2963 Apostolus
2721 2913 2870 2951 suam
2927 2900 2978 2952 in
3050 2899 3361 2956 Corinthios

1798 2986 2129 3042 charitatem
2158 2987 2562 3052 commendans,
2600 2989 2675 3041 ait
2701 3005 2714 3041 :
2755 2987 2858 3042 Per
2877 2989 3243 3058 glariationem
3273 3009 3362 3047 ve:-

117 3087 324 3142 έδωκεν
352 3085 459 3157 (18)
502 3081 685 3154 ὅρκου,
723 3081 820 3152 τὴν
853 3083 938 3133 ἐπ’
975 3082 1156 3142 αὐτοῖς
1198 3079 1465 3148 καύχησιν
1497 3077 1572 3140 ὡς
1598 3071 1682 3129 τοῐ

1798 3087 1960 3130 stram
2011 3091 2168 3145 quam
2227 3075 2386 3131 habeo
2462 3078 2517 3130 in
2571 3064 2778 3132 Christo
2819 3078 2947 3134 Jesu
2999 3081 3220 3136 Domino
3269 3101 3362 3138 no-

119 3176 324 3238 παντὸς
374 3174 522 3244 αὑτῷ
559 3174 716 3240 ἀξίαν
747 3168 908 3226 οὖσαν
946 3171 1033 3224 διὰ
1065 3169 1158 3223 τοῦ
1203 3168 1444 3223 τοιούτου
1489 3168 1689 3240 τρόπου

118 3267 356 3330 δεικνύς.

1799 3169 1990 3220 atro“.
2038 3166 2153 3222 Non
2185 3170 2327 3222 enim
2373 3169 2733 3240 evangelicam
2775 3171 3072 3225 doctrinam
3125 3173 3361 3242 neglexit

1799 3257 1868 3324 is,
1919 3260 2006 3314 cui
2053 3263 2421 3316 concreditum
2474 3271 2558 3318 est
2618 3263 2962 3333 Evangelium
3027 3282 3041 3318 :
3094 3267 3187 3321 sed
3231 3268 3362 3322 sim-

121 3363 248 3431 plici
301 3373 550 3414 sermone
595 3355 962 3426 injuramenti
1015 3354 1229 3408 modum
1261 3366 1540 3422 expresso,
1597 3351 1995 3422 gloriationem,
2058 3370 2220 3424 quam
2249 3355 2302 3410 in
2367 3357 2499 3426 ipsis
2560 3357 2812 3424 habebat,
2840 3370 3093 3430 tanquam
3121 3367 3359 3417 omnium

121 3456 224 3508 sibi
275 3453 722 3521 pretiosissimam
769 3450 871 3503 hoc
926 3449 1083 3502 modo
1143 3446 1384 3502 exhibet.

191 3549 245 3602 6.
292 3547 374 3612 Ίῷ
402 3545 666 3599 αἰτοῦντί
711 3559 784 3598 σε
811 3543 946 3608 δός·
981 3542 1078 3595 καὶ
1125 3541 1242 3596 ἀπὸ
1273 3541 1378 3595 τοῦ
1420 3540 1698 3608 θέλοντος

121 3640 513 3694 δανείσασθαι
538 3635 624 3705 μὴ
655 3629 1048 3701 ἀποστραφῇς
1085 3631 1218 3702 (19).
1253 3631 1375 3683 Ἐπὶ
1412 3630 1474 3682 τὸ
1507 3648 1696 3684 κοινω-

123 3732 290 3795 νικὸν,
324 3731 416 3782 καὶ
458 3727 795 3798 φιλάλληλον,
825 3726 916 3778 καὶ
955 3727 1022 3795 τῇ
1058 3723 1215 3791 φύσει
1253 3724 1450 3774 οἰκεῖον
1477 3724 1505 3775 ό
1534 3721 1691 3790 λόγος

121 3824 268 3893 ἡμᾶς
302 3801 673 3892 προκαλεῖται.
715 3816 993 3870 Πολιτικὸν
1027 3815 1134 3885 γὰρ
1165 3811 1303 3877 ζῶον
1336 3815 1428 3866 καὶ
1468 3830 1694 3882 συναγε-

123 3913 374 3967 λαστικὸν
417 3913 446 3963 ὁ
491 3909 791 3979 ἄνθρωπος.
834 3909 922 3960 Ἐν
952 3907 1009 3958 δὲ
1039 3909 1103 3976 τῇ
1139 3907 1286 3975 κοινῇ
1329 3903 1570 3976 πολιτεία
1600 3905 1691 3958 καὶ

123 4009 188 4078 τῇ
224 4005 336 4074 μετ’
379 4002 620 4073 ἀλλήλων
659 4001 967 4071 ἀναστροφῇ
1011 3998 1305 4065 ἀναγκαῖον
1345 3997 1406 4049 τὸ
1453 3998 1510 4049 εὑ
1521 3997 1687 4067 μετά-

125 4099 268 4150 δοτον
311 4097 390 4159 είς
431 4093 796 4165 ἐπανόρθωσιν
837 4091 930 4144 τοῦ
971 4089 1240 4152 ἐνδέοντος
1289 4088 1422 4160 (20).
1481 4087 1564 4154 Τῷ
1605 4092 1694 4142 αὶ-

125 4188 324 4242 τοῦ-ντί
353 4203 426 4240 σε
454 4187 576 4251 δός.
609 4184 865 4237 Βούλεταί
897 4201 954 4235 σε
993 4182 1080 4235 διὰ
1122 4183 1218 4252 μὲν
1249 4183 1347 4254 τὴν
1379 4181 1594 4252 ἀγάπην
1637 4182 1694 4234 ὲν

126 4279 379 4348 ἁπλότητι
411 4277 704 4347 ἀνειμένον
751 4271 890 4328 εἶναι
924 4271 1059 4346 πρὸς
1088 4275 1212 4336 τοὺς
1241 4272 1525 4335 αἰτοῦντας
1545 4312 1558 4336 ,
1605 4271 1687 4324 λο-

1874 3540 1925 3594 6.
1959 3540 2060 3606 Qui
2101 3533 2228 3608 petit
2281 3558 2312 3593 a
2351 3546 2422 3603 te,
2462 3541 2529 3593 da
2551 3542 2619 3606 ei,
2648 3553 2696 3595 et
2732 3543 2920 3597 volenti
2974 3547 3206 3600 mutuari
3233 3559 3358 3620 ale,

1802 3625 1866 3686 n'e
1906 3632 2233 3686 averteris”.
2285 3632 2366 3687 Ad
2416 3635 2984 3703 communicationem,
3029 3647 3082 3692 et
3133 3639 3197 3693 ad
3239 3656 3362 3694 mu-

1803 3733 1946 3779 tuam
1973 3725 2318 3790 charitatem,
2377 3733 2434 3779 et
2485 3727 2552 3780 ad
2587 3727 2636 3781 id
2690 3729 2830 3796 quod
2877 3739 3085 3785 naturte
3133 3747 3362 3787 consen-

1801 3829 2018 3875 laneum
2058 3831 2111 3874 et
2143 3819 2415 3888 proprium
2448 3832 2551 3886 est,
2593 3819 2707 3874 hinc
2761 3821 2920 3875 verba
2957 3838 3054 3878 nos
3109 3823 3357 3878 invitant.

1799 3911 1970 3966 Homo
2020 3913 2162 3966 enim
2216 3921 2299 3966 est
2356 3912 2550 3966 animal
2598 3912 2798 3977 civile,
2847 3921 2900 3968 et
2954 3914 3228 3970 sociabile.
3301 3915 3360 3970 In

1796 4001 1939 4054 civili
1999 4011 2178 4055 autem
2253 4009 2306 4056 et
2360 4003 2628 4056 communi
2684 4003 2806 4057 vitae
2861 4003 3142 4070 instituto,
3196 4013 3253 4060 et
3303 4006 3358 4060 in

1796 4099 1982 4145 mutua
2030 4091 2416 4146 consuetudine
2447 4131 2462 4156 ,
2514 4091 2806 4147 liberalitas
2849 4095 2915 4148 ad
2974 4094 3359 4151 sublevandam

1797 4181 2008 4249 inopem
2044 4182 2342 4236 necessaria
2389 4189 2490 4238 est.
2527 4179 2731 4236 Petenti
2788 4201 2820 4237 a
2877 4194 2946 4250 te,
2993 4185 3083 4238 da.
3123 4185 3247 4240 Vult
3303 4195 3361 4241 ut

1798 4273 1866 4326 ob
1923 4273 2242 4326 charitatem
2307 4274 2521 4342 quidem
2585 4275 2636 4328 in
2706 4277 3048 4345 simplicitate
3117 4278 3360 4347 praabeas

127 4371 300 4443 γισμῷ
339 4370 395 4423 δὲ
431 4369 592 4422 πάλιν
629 4367 922 4438 διακρίνειν
963 4365 1194 4418 ἑκάστου
1223 4364 1321 4436 τὴν
1351 4365 1538 4435 χρείαν
1580 4363 1682 4416 τῶν

1799 4373 1850 4418 te
1899 4378 2025 4435 erga
2089 4373 2335 4433 petentes
2384 4363 2597 4421 facilem
2629 4409 2644 4434 ,
2696 4377 2750 4422 et
2800 4381 2830 4421 e
2891 4369 3165 4424 contrario
3203 4407 3218 4435 ,
3265 4383 3356 4424 ra-

193 4565 234 4596 "
275 4563 416 4619 Psal.
469 4579 654 4629 cxvm,
721 4563 841 4618 106.

123 4635 167 4668 ι’
195 4634 378 4689 Matth.
404 4651 457 4700 v,
504 4635 587 4687 42.

949 4564 992 4594 ¹⁹
1023 4561 1168 4619 Psal.
1220 4577 1330 4627 arx,
1391 4561 1443 4616 4.

190 4809 298 4880 (l6)
345 4807 469 4862 Mss.
507 4817 616 4864 tres
650 4809 952 4880 σύμφωνον
987 4808 1049 4880 τδ
1069 4807 1220 4880 παρὰ
1243 4806 1336 4861 τοῦ
1357 4807 1680 4880 Κυρίουλεί-

123 4878 365 4950 ρημένον·
401 4880 596 4950 Ἔστω.
649 4878 912 4950 Particula
962 4879 1052 4950 καί
1099 4878 1348 4946 adjicitur
1396 4881 1449 4931 in
1515 4878 1676 4950 editis

123 4946 240 5003 ante
281 4946 338 5000 οὒ
375 4948 464 5001 οὔ·
511 4950 604 5004 sed
652 4949 800 5004 deest
829 4948 880 5002 in
913 4949 1094 5004 multis
1144 4964 1272 5003 mss.
1307 4961 1458 5017 aeque
1506 4962 1570 5002 ac
1621 4949 1674 5000 in

119 5027 258 5072 textu
291 5034 462 5072 sacro.

189 5089 292 5159 (I7)
349 5088 516 5159 Editio
547 5085 735 5159 ‘Paris.
775 5085 1179 5142 διαϐεϐαιούτω.
1220 5089 1326 5142 Sed
1378 5102 1510 5159 mss.
1555 5085 1663 5159 fere

121 5152 298 5212 omnes
328 5152 659 5228 γβεϐαιούτω.
699 5159 894 5212 Ibidem
925 5161 1158 5227 quinque
1181 5173 1318 5228 _mss.
1352 5155 1661 5228 a61ﬁv_xac’

121 5228 297 5296 αὑτήν.
327 5224 444 5281 Mox
493 5229 623 5296 Reg.
687 5230 871 5282 tertius
911 5224 1088 5282 hahef
1120 5224 1290 5290 λιταῖς
1339 5243 1433 5296 pro
1461 5224 1660 5294 ψιλαῖς.

120 5297 252 5366 Infra
311 5313 434 5351 mss.
487 5308 592 5351 tres
626 5299 843 5366 ἀγάπην
872 5298 1056 5353 αὐτοῦ.
1113 5299 1308 5351 Ibidem
1366 5297 1492 5366 editi
1527 5297 1664 5365 ἡμε-

122 5365 292 5437 τέραν.
317 5369 382 5418 At
417 5383 544 5420 mss.
584 5363 690 5420 una
741 5363 860 5437 cum
893 5379 1038 5437 textu
1066 5383 1220 5422 sacro
1257 5363 1550 5437 {iﬁlli-“fmm

188 5435 290 5503 (I8)
313 5437 456 5508 Multi
478 5453 627 5508 mss.
644 5435 975 5508 παρέδωκεν.
997 5435 1123 5493 Mox
1152 5435 1393 5496 nonnulli
1427 5435 1554 5489 mss.
1574 5435 1666 5486 ἐπ’

120 5505 306 5567 αὐτοῖς.
337 5507 440 5559 Alii
469 5507 552 5558 ἐπ’
576 5505 774 5558 αὐτῶν.

187 5575 288 5644 (l9)
322 5575 805 5646 Totumrilltulfl‘tp
831 5575 1065 5629 αἰτοῦντί
1089 5593 1146 5628 σε
1329 5573 1422 5626 καὶ
1443 5572 1549 5626 ἀπὸ
1569 5571 1663 5646 τοῦ

123 5641 348 5717 θέλοντρς
379 5645 722 5699 δανείσασθαι
859 5641 1236 5716 ἀποστραφῇςξ
1275 5645 1424 5717 tleest
1461 5645 1512 5696 in
1534 5643 1665 5717 etil-

122 5717 257 5772 tione
286 5715 476 5782 l’aris.,
511 5713 932 5786 prozquo'verba
976 5713 1086 5787 illa,
1117 5713 1178 5769 τδ
1202 5714 1462 5786 ἀργύριον
1488 5713 1658 5766 αὑτοῦ

1545 4561 1590 4594 ¹⁰
1617 4561 1802 4618 Matth.
1852 4583 1905 4630 ν,
1958 4564 2046 4619 57.

2147 4567 2188 4597 ²¹
2218 4567 2354 4622 Gen.
2409 4584 2548 4634 XLII,
2600 4559 2686 4625 15.
2787 4571 2832 4602 ¹¹
2866 4567 2889 4624 Ι
2925 4570 3048 4626 Cor.
3113 4587 3205 4640 xv,
3263 4575 3354 4630 51.

1787 4808 1887 4888 οὐκ
1934 4807 2262 4888 ξδωκενκὲπὶ
2289 4813 2454 4888 τόκῳ,
2500 4829 2780 4888 perperam
2829 4814 3040 4872 fuerant
3072 4826 3127 4873 et
3175 4819 3356 4888 inepte

1789 4880 2098 4955 substituta.
2125 4879 2613 4955 Quomodo—autem-
2633 4887 2685 4939 id
2716 4887 3022 4955 contigerit,
3059 4879 3349 4944 nescimus.

1788 4947 1920 5026 Nam
1957 4962 2143 5026 nov_e_m
2201 4953 2368 5026 nostri
2421 4968 2548 5008 mss.
2597 4955 2794 5012 habent
2832 4947 2928 5026 ita,
2959 4947 3020 5010 ut
3060 4960 3356 5026 edidimus;

1789 5017 1890 5071 nisi
1920 5019 2060 5084 quod
2093 5019 2144 5071 in
2184 5023 2419 5102 quinque
2465 5039 2593 5076 mss.
2625 5041 2743 5110 .pro
2787 5025 2874 5088 δός
2918 5017 3140 5098 legatur
3189 5017 3355 5088 δίδουί

1785 5087 1905 5156 Mox
1943 5087 2071 5156 Reg.
2120 5099 2307 5146 terttus
2349 5093 2754 5156 προσκαλειται.

2059 5129 2071 5138 .
2120 5112 2307 5146 tentus
2349 5112 2732 5148 προσκαλειται
2743 5135 2754 5148 .

1843 5109 1905 5139 nx
1943 5109 2071 5156 ητις.
2120 5109 2307 5146 tertius
2349 5109 2754 5162 προσκαλειται.

1843 5155 1955 5240 (Ξρ)
2005 5157 2188 5240 Editio,
2219 5171 2397 5240 nostra
2449 5163 2623 5240 Pa‘ris:
2660 5163 3074 5240 τοῦλὲνδέρντος.
3106 5166 3182 5222 Οὐ
3216 5171 3355 5240 (leae

1771 5226 1824 5310 ὁὶ
1853 5223 1953 5306 ’μὲν
1991 5223 2080 5310 οὖν
2112 5227 2311 5310 ἰξύριος
2331 5231 2724 5310 εναργῶς-ήμῖν
2748 5223 3244 5310 διετάξατοῗλέγων·
3271 5223 3358 5310 Τῷ

1771 5297 2020 5387 ἓῗέδῗῖῗῖ
2032 5313 2098 5387 fi
2118 5297 2240 5387 .564;
2263 5297 2486 5387 Ξίΐκῆἀέξδ
2511 5297 2870 5387 τρῖίθέλοντος
2900 5297 3243 5387 δαγείσαὲτθαι
3280 5297 3356 5387 ei;

1773 5367 2159 5438 ἀποστραφῇς.
2199 5371 2378 5424 Editio
2414 5369 2576 5425 Basil.
2617 5382 2671 5426 et
2720 5389 2847 5428 mss.
2897 5379 3024 5429 utin
3070 5367 3351 5437 contextu:

1775 5434 2336 5515 Eege‘I—l’riefationem.
2371 5439 2568 5494 Ibidem
2596 5443 2760 5515 editio
2786 5445 2957 5498 Paris.
2991 5446 3238 5515 βούλεται
3269 5434 3354 5508 δέ.

1779 5505 2177 5578 V9x_6é_ahest
2204 5519 2256 5561 et
2298 5524 2326 5562 a
2361 5524 2488 5564 mss.
2519 5521 2573 5564 et
2618 5513 2687 5567 ab
2720 5515 2958 5569 editione
2991 5505 3164 5572 'Basil.
3211 5505 3358 5578 Infra

1773 5575 2132 5698 gditiotpa‘ris.
2161 5577 2452 5634 διακοῑναι.
2481 5579 2656 5638 Editio
2675 5582 2844 5639 Basil.
2883 5587 3114 5654 perinde
3146 5600 3203 5645 ut
3222 5575 3360 5648 mss:

1808 5659 1932 5698 ιακο
1958 5662 2012 5698 νε
2040 5663 2088 5698 v.-

1808 5661 2088 5718 ιακρινειν.
