3818 6220
450 316 558 373 265

1763 323 1818 378 S.
1863 323 2105 380 BASILII
2144 323 2356 379 MAGNI

3621 321 3730 376 Ξ64

456 438 602 494 tione
651 443 1024 498 necessitatem
1070 443 1496 515 uniuscujusque
1531 447 1765 514 petentis
1812 448 2020 502 discer-

2140 445 2578 520 προσαιτούντων.
2645 444 2753 498 Καὶ
2805 441 2963 496 τοῦτο
3023 440 3423 512 μεμαθήκαμεν
3479 439 3547 492 ἐν
3601 443 3730 501 ταῖς

453 543 571 584 nas.
627 530 907 598 Quomodo
947 544 1129 590 autem
1185 537 1238 590 id
1289 537 1478 606 perlici
1531 547 1695 608 queat
1732 540 1800 594 ab
1839 539 1904 595 iis
1929 540 2018 608 qui

451 623 591 677 scito
615 624 831 693 pietatis
860 629 1194 697 propositum
1245 629 1554 700 explebant,
1591 647 1656 686 ex
1693 633 1844 688 Actis
1878 634 2020 688 didi-

452 714 663 770 cimus:
702 717 966 785 Quotquot
1024 719 1186 784 enim,
1247 720 1345 784 ait,
1395 737 1720 788 possessores
1776 738 2021 792 agrorum

451 811 542 856 aut
595 806 869 860 domorum
926 819 1074 860 erant
1105 849 1120 871 ,
1180 811 1456 864 uendentes
1513 811 1802 880 a/Ierebant
1854 812 2022 880 pretia

451 910 628 949 eorum
679 912 794 964 quia
823 898 1129 963 vendebant,
1164 910 1209 952 et
1246 901 1500 970 ponebant
1531 910 1652 955 ante
1688 903 1844 970 pedes
1894 919 2022 968 apo-

452 987 728 1040 stolarum.
764 985 1110 1042 Dividebatur
1147 998 1323 1042 autem
1353 990 1600 1058 singulis,
1648 1000 1804 1059 prout
1837 991 2022 1058 cuique

452 1093 581 1146 Opus
614 1090 724 1133 erat
747 1080 836 1133 “'.
870 1081 1004 1136 Cum
1035 1081 1180 1134 enim
1222 1081 1560 1144 mendicitas,
1601 1079 1782 1134 multis
1830 1094 2021 1133 neces-

452 1169 721 1224 sariorum
755 1187 908 1226 nsunt
963 1173 1368 1238 excedentibus,
1403 1173 1782 1244 negotiationis
1804 1172 2022 1226 occasio

451 1260 544 1328 sit,
577 1271 630 1316 et
656 1263 903 1318 obscena:
945 1263 1232 1334 voluptatis
1277 1265 1549 1318 materia:
1599 1263 1906 1319 necessario
1955 1264 2024 1318 ab

453 1352 503 1406 is
546 1351 744 1422 quibus
791 1369 1083 1424 pauperum
1134 1371 1263 1410 cura
1311 1355 1624 1410 concredita
1681 1364 1823 1419 erat,
1871 1355 2022 1409 colli~

452 1445 720 1515 gebautur
769 1445 1030 1514 pecuniaa,
1079 1455 1140 1501 ut
1189 1461 1256 1500 ex
1306 1445 1407 1499 hoc
1449 1459 1590 1514 penu
1636 1445 1932 1512 prudenter
1959 1459 2023 1498 ac

451 1537 675 1607 provide
726 1551 823 1606 pro
857 1536 1121 1606 cujusque
1163 1536 1490 1592 necessitate
1538 1535 1846 1592 distributio
1871 1536 2024 1590 ﬁeret

453 1630 904 1684 necessariorum.
952 1629 1412 1695 Quemadmodum
1451 1629 1594 1683 enim
1639 1629 2023 1699 aegrotantibus

451 1720 769 1790 plerumque
819 1721 1183 1776 necessarium
1215 1731 1297 1776 est
1333 1722 1553 1787 viuum,
1598 1736 1700 1776 nec
1733 1731 1910 1775 tamen
1941 1728 2024 1774 est

2127 537 2365 608 Πράξεσι
2416 535 2558 606 (21),
2610 535 2730 588 τίνα
2784 536 2982 607 τρόπον
3032 532 3253 585 δυνατὸν
3304 529 3730 601 κατορθοῦσθαι

2123 628 2272 700 παρά
2315 628 2424 681 τῶν
2476 627 2856 698 ἐπιστημόνως
2898 625 2992 678 τὸν
3024 627 3122 696 τῆς
3168 623 3449 686 εὐσεϐείας
3513 621 3728 675 σκοπδν

2123 721 2574 792 ἐκπληρούντων·
2602 721 2769 774 Ὅσοι
2809 719 2938 789 γὰρ,
2973 718 3126 788 φησὶ,
3161 716 3447 784 κτήτορες
3479 716 3729 784 χωρίων

2122 813 2161 883 ἢ
2201 813 2403 868 οἰκιῶν
2434 813 2730 882 ὑπῆρχον,
2760 811 3106 877 πωλοῦντες
3141 810 3357 878 ἔφερον
3389 810 3507 873 τὰς
3543 807 3726 875 τιμὰς

2124 902 2240 956 τῶν
2300 901 2821 971 πιπρασκομένων,
2885 901 2982 954 καὶ
3039 900 3276 953 ἐτίθουν
3328 899 3501 964 παρὰ
3577 896 3727 963 τοὺς

2124 995 2313 1060 πόδας
2339 994 2457 1048 τῶν
2475 996 2851 1049 ἀποστόλων.
2878 991 3170 1046 Διεδίδοτο
3193 991 3260 1043 δὲ
3280 990 3551 1053 ἑκάστῳ,
3585 993 3726 1042 καθ-

2122 1086 2213 1138 ότι
2240 1084 2317 1138 ἄν
2352 1102 2438 1150 τις
2471 1084 2681 1152 χρείαν
2703 1080 2883 1153 εἶχεν.
2920 1081 3136 1152 Ἐπειδὴ
3175 1081 3284 1152 γαρ
3325 1080 3526 1132 πολλοὶ
3557 1082 3728 1151 ὑπερ-

2123 1175 2401 1238 ϐαίνοντες
2437 1175 2535 1246 τὴν
2573 1176 2768 1246 χρῆσιν
2802 1174 2908 1228 τῶν
2938 1175 3274 1242 ἀναγκαίων,
3315 1173 3590 1242 ἀφορμὴν
3628 1174 3729 1241 ἑμ-

2124 1269 2318 1340 πορίας
2347 1268 2440 1322 καὶ
2474 1268 2729 1320 ὑπόθεσιν
2767 1267 2978 1338 τρυφῆς
3005 1265 3265 1334 ἀσελγοῦς
3297 1264 3594 1317 ποιοῦνται
3629 1265 3728 1334 τὴν

2123 1357 2361 1428 αἴτησιν,
2409 1357 2721 1426 ἀναγκαίως
2756 1357 2905 1427 παρά
2954 1360 3068 1420 τοῖς
3099 1358 3196 1427 τὴν
3237 1356 3573 1426 ἐπιμέλειαν
3619 1356 3730 1408 τῶν

2123 1449 2354 1519 πτωχῶν
2393 1448 2901 1518 πεπιστευμένοιςή
2935 1449 3229 1519 συγκομιδὴ
3266 1447 3376 1499 τῶν
3407 1448 3728 1518 χρημάτων

2123 1540 2351 1609 ἐγίνετο,
2390 1539 2530 1593 ὥστε
2564 1539 2771 1592 ἐκεῖθεν
2803 1540 3180 1610 ἐπιστημόνως
3212 1539 3306 1590 καὶ
3346 1538 3727 1608 οἰκονομικῶς

2125 1634 2242 1694 ταῖς
2281 1631 2512 1684 ἑκάστου
2549 1630 2760 1701 χρείαις
2800 1630 2896 1700 τὴν
2943 1630 3202 1700 διανομὴν
3234 1630 3342 1682 τῶν
3393 1630 3727 1698 ἀναγκαίων

2124 1720 2390 1791 γίνεσθαι.
2423 1721 2633 1792 Ὥσπερ
2673 1720 2781 1791 γὰρ
2821 1720 2913 1773 ἐπὶ
2953 1720 3062 1774 τῶν
3089 1719 3521 1792 ἀρρωστούντων
3559 1722 3727 1790 χρεία

452 1813 688 1884 cujusvis
739 1823 971 1883 tempus,
1030 1828 1358 1876 mensuram,
1389 1824 1444 1869 et
1486 1813 1803 1884 qualitatem
1835 1813 2021 1868 decer-

2140 1815 2224 1866 ιέν
2259 1813 2518 1876 πολλάκις
2556 1813 2722 1877 οἴνου,
2763 1813 2878 1866 ἀλλ’
2906 1813 2966 1866 οὐ
2999 1815 3196 1876 παντός
3229 1815 3346 1865 ἐστι
3382 1813 3591 1881 καιροῦ
3632 1815 3727 1866 καὶ

451 1921 609 1971 nere;
657 1915 713 1960 at
746 1907 953 1961 medico
981 1908 1047 1959 ad
1086 1906 1493 1974 przeiiuiendum
1540 1905 1648 1960 vini
1674 1915 1858 1976 potum
1886 1919 2021 1974 opus

450 2007 573 2052 est:
600 1998 675 2052 ita
713 2007 860 2053 certe
893 2006 947 2053 et
977 1998 1310 2067 dispensatio
1337 2013 1458 2068 qua:
1487 1998 1553 2052 ad
1587 2013 1877 2068 egenorum
1901 2012 2023 2066 per-

451 2089 587 2144 tinet
621 2104 827 2150 curam,
869 2103 973 2144 non
1030 2090 1098 2144 ab
1145 2089 1395 2144 omnibus
1441 2099 1616 2159 potest
1649 2089 1851 2144 utiliter
1881 2090 2018 2145 iieri.

452 2180 554 2246 Qui
595 2182 737 2235 enim
781 2181 1024 2251 lugubria
1079 2181 1317 2235 carmina
1365 2181 1432 2234 ad
1478 2180 1824 2250 mulierculas
1872 2182 2020 2236 deci-

451 2271 677 2340 piendas
710 2279 1073 2340 componunt,
1127 2278 1182 2325 et
1230 2270 1413 2325 mutila
1454 2271 1697 2340 corporis
1754 2271 2018 2338 membra,

453 2376 520 2416 ac
575 2362 754 2418 ulcera
819 2363 886 2417 ad
949 2371 1187 2433 quaestus
1243 2362 1586 2418 occasionem
1642 2362 2019 2418 inveniendam

453 2462 762 2517 OSIentant,
815 2453 882 2507 iis
931 2452 1139 2524 largum
1194 2463 1249 2508 et
1275 2453 1498 2509 liberale
1546 2453 1845 2508 subsidium
1878 2455 2019 2508 nulla

458 2547 666 2601 ratione
720 2545 1056 2615 profuturum
1107 2554 1212 2600 est.
1249 2544 1382 2599 Nam
1435 2547 1658 2616 largitas
1714 2545 1845 2615 ipsis
1906 2564 2020 2601 ma-

455 2638 586 2694 litia:
621 2639 725 2694 erit
764 2639 978 2693 occasio
1007 2647 1062 2692 et
1114 2639 1360 2694 materia.
1409 2637 1610 2692 Horum
1643 2648 1820 2692 tamen
1861 2639 2022 2693 latra-

456 2742 544 2787 tus
599 2733 806 2786 modica
858 2731 1172 2801 erogatione
1223 2730 1490 2784 arcendus
1533 2737 1656 2783 est:
1700 2730 1792 2783 sed
1831 2731 1921 2799 qui
1967 2731 2019 2784 in

452 2825 620 2890 viros,
661 2823 751 2892 qui
806 2837 890 2878 res
935 2822 1188 2877 adversas
1229 2822 1501 2890 patienter
1540 2819 1781 2890 perferre
1817 2821 2022 2876 didice-

454 2925 604 2979 runt,
635 2914 1057 2970 misericordiam
1081 2924 1135 2968 et
1161 2913 1454 2967 fraternam
1483 2913 1806 2968 charitatem
1837 2922 2020 2967 osten-

453 3007 650 3072 derint,
707 3005 773 3061 iis
819 3015 1100 3074 propterea
1145 3005 1400 3060 dicetur:
1440 3002 1653 3058 Esurivi
1706 3015 1752 3058 et
1801 3005 2020 3059 dedistis

453 3099 582 3153 mihi
635 3097 1031 3164 manducare“;
1071 3105 1126 3152 et
1179 3093 1296 3165 qitre
1333 3106 1652 3166 sequuntur.
1706 3094 1774 3150 Et
1827 3097 2018 3150 volenti

2131 1905 2330 1975 μέτρου
2379 1907 2472 1959 καὶ
2524 1907 2810 1975 ποιότητος
2855 1906 3398 1976 καταστοχάσασθαι·
3445 1906 3618 1977 χρεία
3668 1907 3723 1958 δὲ

2131 1994 2314 2067 ἰατροῦ
2363 1996 2499 2068 πρὸς
2535 1997 2633 2067 τὴν
2683 1997 2828 2050 δόσιν
2871 1997 2964 2049 τοῦ
3015 1998 3189 2050 οῐνου·
3245 1997 3392 2050 οὕτω
3424 1997 3488 2069 δὴ
3549 1997 3654 2050 καὶ
3687 2001 3720 2068 ἡ

2129 2089 2254 2159 περὶ
2282 2089 2380 2161 τὴν
2411 2088 2704 2162 θεραπείαν
2731 2089 2838 2142 τῶν
2861 2089 3128 2160 δεομένων
3156 2089 3442 2158 οἰκονομία
3466 2090 3531 2140 οὺ
3564 2088 3722 2158 παρὰ

2129 2181 2346 2234 πάντων
2393 2178 2684 2252 ὠφελίμως
2735 2179 3075 2252 ἐνεργεῖσθαι
3122 2179 3366 2233 δύναται.
3418 2180 3554 2242 Τοῖς
3609 2181 3721 2248 γὰρ

2127 2269 2287 2342 δὴτά
2331 2270 2576 2342 θρηνώδη
2623 2270 2757 2342 μέλη
2797 2272 2936 2341 πρὸς
2968 2271 3067 2342 τὴν
3095 2271 3201 2324 τῶν
3242 2270 3528 2338 γυναικῶν
3571 2270 3720 2322 ἀπα-

2127 2380 2227 2432 την
2263 2364 2573 2424 συντιθεῖσι,
2604 2365 2696 2416 καὶ
2729 2364 2797 2416 τὰ
2828 2362 3134 2434 πηρὼματα
3163 2362 3254 2415 τοῦ
3297 2361 3583 2432 σώματος,
3622 2362 3718 2414 καὶ

2127 2453 2196 2506 τὰ
2230 2453 2361 2524 ἕλκη
2406 2455 2541 2526 πρὸς
2583 2455 2852 2526 ἐμπορίας
2891 2454 3143 2525 ἀφορμὴν
3192 2454 3533 2526 προτιθεῖσιν
3579 2454 3714 2522 (2‘2),

2128 2547 2188 2599 οὐ
2248 2547 2464 2611 πάντως
2508 2547 2568 2600 τὸ
2623 2547 2844 2616 δαψιλὲς
2898 2547 2998 2617 τῆς
3061 2546 3337 2609 διακονίας
3409 2545 3713 2615 ὠφέλιμον.

2141 2639 2386 2710 Ἀφορμὴ
2417 2638 2523 2711 γὰρ
2557 2641 2740 2704 αὐτοῖς
2771 2642 2851 2703 είς
2889 2640 3087 2693 κακίαν
3125 2641 3158 2710 ή
3206 2640 3443 2710 χορηγία
3486 2639 3716 2708 γενήσεο

2128 2748 2236 2788 ται.
2277 2731 2435 2784 Ἀλλά
2471 2735 2640 2804 μικρᾷ
2672 2732 2814 2784 δόσει
2838 2732 2942 2804 χρὴ
2967 2733 3064 2802 τὴν
3093 2733 3195 2785 τῶν
3219 2732 3483 2785 τοιούτων
3507 2728 3713 2798 ὑλακὴν

2128 2823 2494 2888 ἀπωθεῖσθαι,
2532 2825 2592 2878 τὺ
2641 2824 2697 2877 δὲ
2751 2825 3030 2895 συμπαθὲς
3078 2825 3171 2877 καὶ
3215 2823 3545 2892 φιλάδελφον
3596 2824 3712 2874 ἐπι-

2127 2913 2511 2984 δεικνυμένους
2545 2914 2678 2984 (εδ),
2711 2915 2768 2966 ἐν
2800 2917 2912 2978 τοῖς
2947 2915 3065 2985 μεθ’
3089 2915 3368 2985 ὑπομονῆς
3402 2915 3501 2985 τὴν
3535 2915 3712 2986 θλίψιν

2129 3007 2319 3078 φέρειν
2361 3006 2791 3077 δεδιδαγμένοιςο
2819 3007 2958 3079 ὑπὲρ
3002 3000 3076 3061 ὧν
3111 3009 3203 3061 καὶ
3242 3007 3578 3078 λεχθήσεται
3620 3011 3710 3063 αὗ-

2127 3100 2260 3160 τοῖς,
2297 3097 2379 3150 ὅτι
2425 3098 2761 3160 Ἐπείνασα,
2795 3098 2890 3151 καὶ
2922 3095 3179 3150 ἐδώκατέ
3202 3115 3303 3165 μοι
3336 3099 3582 3166 φαγεῖν,
3625 3117 3713 3152 και

454 3189 689 3240 mutuari
735 3203 766 3239 a
817 3198 897 3251 te,
933 3203 993 3238 ne
1027 3188 1278 3239 avertaris
1302 3185 1367 3242 ".
1409 3189 1584 3256 Atque
1630 3186 1732 3240 hoc
1771 3187 2021 3256 praecepti

2140 3188 2192 3242 τὰ
2238 3188 2382 3259 ἑξῆς.
2422 3188 2530 3242 Καὶ
2561 3189 2677 3242 ἀπὸ
2713 3188 2818 3242 τοῦ
2852 3189 3135 3253 θέλοντος
3169 3187 3601 3256 δανείσασθαι,
3631 3189 3714 3259 μὴ

453 3280 722 3335 consentit
754 3294 874 3333 cum
911 3279 1200 3348 prioribus.
1233 3277 1375 3332 Nam
1401 3289 1456 3332 et
1486 3279 1576 3348 qui
1611 3279 1697 3333 hic
1723 3278 1876 3346 petit,
1900 3293 2022 3331 cum

454 3381 658 3436 pauper
683 3368 773 3432 sit,
807 3381 835 3420 a
871 3377 921 3422 te
947 3378 1187 3421 mutuum
1229 3369 1379 3437 petit,
1413 3369 1800 3422 inhabitantem
1834 3369 1884 3420 in
1909 3381 2023 3422 cm-

456 3455 524 3510 lis
554 3457 771 3510 divitem
809 3457 905 3510 tibi
943 3457 1276 3513 ostendens:
1318 3457 1410 3528 qui
1445 3473 1541 3528 pro
1583 3459 1696 3528 ipso
1725 3458 1817 3512 tibi
1848 3457 2025 3513 exsol-

456 3554 546 3600 vet
585 3546 841 3602 debitum.
881 3547 982 3614 Qui
1028 3551 1190 3610 enim,
1238 3550 1428 3618 inquit,
1452 3551 1728 3604 miseretur
1757 3551 2021 3618 pauperis,

457 3635 566 3692 Deo
605 3639 905 3706 jo'nerat".
933 3639 1204 3695 leorum
1244 3652 1422 3696 autem
1450 3657 1671 3710 regnum
1708 3642 1901 3711 pignus
1940 3651 2024 3696 est

457 3731 628 3786 mutui
671 3742 725 3786 et
767 3734 964 3790 cautio.
1011 3734 1161 3800 Quod
1216 3734 1421 3788 utinam
1454 3749 1642 3789 omnes
1683 3750 1780 3788 nos
1831 3750 2026 3789 conse-

455 3839 716 3895 quamur,
765 3827 937 3896 gratia
993 3835 1049 3881 et
1087 3826 1413 3896 benignitate
1443 3824 1653 3881 Domini
1683 3827 1848 3880 nostri
1895 3825 2022 3880 .lesu

456 3917 695 3980 Christi,
743 3933 864 3971 cum
907 3933 1014 3988 quo
1060 3917 1205 3972 Patri
1270 3927 1324 3972 et
1366 3917 1590 3986 Spiritui
1633 3927 1822 3973 sancto
1854 3917 2022 3986 gloria

453 4017 509 4064 et
549 4009 833 4080 imperium
859 4008 913 4063 in
949 4008 1140 4064 saecula
1169 4007 1518 4064 saeculorum!
1545 4010 1734 4063 Amen.

927 4339 1232 4396 EIUSDEM
1261 4339 1543 4396 HOMILIA

454 4432 524 4489 In
556 4445 755 4504 partem
793 4433 981 4504 psalmi
1025 4432 1212 4487 decimi
1262 4433 1457 4501 quarti,
1505 4440 1552 4486 et
1589 4441 1771 4486 contra
1799 4431 2027 4502 {tenera-

1157 4512 1314 4556 tores.

525 4597 578 4649 1.
610 4594 732 4650 Heri
756 4610 876 4650 cum
903 4593 972 4651 de
1007 4595 1214 4664 psalmo
1251 4594 1460 4648 decimo
1491 4603 1685 4664 quarto
1721 4607 2022 4648 sermonem

2129 3277 2543 3348 ἀποστραφῇς.
2569 3279 2677 3332 Καὶ
2711 3278 2866 3332 τοῦτο
2893 3278 2952 3331 τὸ
2984 3279 3351 3349 παράγγελμα
3393 3281 3585 3350 ἔχεται
3613 3282 3717 3333 τῶν

2131 3370 2429 3440 προτέρων.
2475 3371 2587 3423 Καὶ
2629 3369 2737 3441 γὰρ
2777 3369 2872 3422 καὶ
2917 3371 2945 3421 ὁ
2987 3369 3219 3422 ἐνταῦθα
3264 3370 3461 3434 αἰτῶν,
3508 3373 3717 3442 πτωχὸς

2128 3457 2223 3523 ὢν,
2259 3460 2464 3513 δάνειον
2505 3463 2647 3514 αίτεῖ
2680 3461 2829 3531 παρὰ
2859 3459 2976 3524 σοῦ,
3020 3460 3233 3523 δεικνύς
3273 3477 3354 3513 σοι
3399 3462 3495 3514 τὸν
3537 3465 3596 3514 ἐν
3628 3465 3716 3514 οὐ·

2131 3555 2312 3622 ρανοῖς
2343 3551 2614 3617 πλούσιον,
2644 3553 2928 3606 διαλύοντά
2961 3569 3040 3605 σοι
3072 3552 3210 3622 ὑπὲρ
3234 3552 3402 3605 αὐτοῦ
3443 3555 3508 3607 τὸ
3540 3556 3711 3625 χρέος.

2142 3643 2195 3694 Ὁ
2231 3642 2340 3713 γὰρ
2369 3641 2579 3705 ἐλεῶν,
2616 3643 2771 3711 φησὶ,
2799 3643 3034 3711 πτωχιῗν
3071 3639 3191 3705 Θεῷ
3224 3641 3500 3701 δανείζει.
3544 3645 3714 3713 Ἐχέγ-

2128 3745 2257 3801 γυον
2287 3732 2342 3785 δὲ
2389 3733 2482 3786 τοῦ
2540 3734 2796 3806 δάνουςή
2849 3733 3096 3803 βασιλεία
3129 3731 3237 3784 τῶν
3283 3733 3563 3804 οὐρανῶν.
3613 3729 3710 3797 Ἧς

2125 3826 2333 3894 γένοιτο
2365 3826 2475 3898 (24)
2519 3827 2726 3890 πάντας
2754 3829 2902 3897 ἡμᾶς
2942 3825 3236 3896 ἀξιωθῆναι
3267 3824 3459 3896 χάριτι
3502 3827 3601 3880 καὶ
3637 3846 3712 3893 φι-

2125 3917 2440 3992 λανθρωπίᾳ
2481 3918 2574 3972 τοῦ
2621 3921 2827 3992 Κυρίου
2869 3919 3023 3989 ἡμῶν
3062 3916 3236 3986 Ἰησοῦ
3282 3917 3555 3989 Χριστοῦ,
3599 3915 3708 3986 μεθ’

2123 4003 2186 4063 οὗ
2210 4011 2288 4081 τῷ
2315 4012 2486 4081 Πατρὶ
2512 4011 2605 4064 καὶ
2629 4012 2768 4081 ἁγίῳ
2787 4010 3066 4080 Πνεύματι
3094 4012 3126 4078 ἡ
3149 4007 3275 4072 δόξα
3304 4009 3400 4061 καὶ
3427 4010 3495 4062 τὸ
3517 4011 3711 4082 κράτος

2124 4103 2204 4165 είς
2227 4106 2352 4164 τοὺς
2381 4102 2586 4165 αἰῶνας
2609 4103 2716 4154 τῶν
2747 4101 2976 4156 αἰώνων.
3016 4103 3204 4173 Ἀμήν.

2302 4342 2438 4395 ΤΟΥ
2475 4342 2707 4395 ΑΥΤΟΥ
2735 4343 2976 4395 ΟΜΙΛΙΑ
3014 4341 3122 4393 ΕΙΣ
3149 4341 3380 4394 ΜΕΡΟΣ
3415 4340 3538 4410 (25)

2125 4431 2785 4500 τεσσαρεσκαιδεκάτιω
2826 4431 3094 4501 ψαλμοῦ,
3131 4430 3229 4482 καὶ
3266 4432 3423 4483 κατὰ
3449 4429 3704 4491 τοκιζόν-

2842 4519 2980 4558 των.

2199 4595 2251 4648 1.
2295 4594 2434 4657 Χθές
2471 4595 2550 4657 εἰς
2591 4594 2681 4647 τὸν
2716 4592 3301 4664 τεσσαρεσκαιδέκατον
3329 4592 3555 4663 ψαλμὸν
3586 4594 3702 4662 ὑμῖν

456 4689 596 4758 apud
652 4703 748 4744 vos
804 4688 1150 4753 haberemus,
1196 4689 1357 4741 linem
1405 4687 1667 4742 orationis
1711 4701 1815 4740 non
1866 4686 2019 4740 licuit

2140 4685 2513 4757 ῑιαλεγόμενοι,
2539 4682 2811 4750 ἐξικέσθαι
2849 4683 2984 4754 πρὸς
3008 4683 3067 4737 τὸ
3101 4682 3271 4755 πέρας
3290 4683 3384 4736 τοῦ
3421 4684 3587 4753 λόγου
3610 4683 3702 4737 ὑπο

523 4823 592 4855 ¹³⁶
628 4827 745 4878 Act.
780 4839 853 4889 tv,
882 4823 970 4888 34,
1003 4823 1095 4878 35.
1168 4823 1216 4856 ”
1246 4821 1436 4880 Matth.
1472 4839 1599 4888 xxv,
1635 4822 1723 4878 55.
1799 4822 2046 4878 "Matth.
2084 4839 2138 4887 v,
2167 4823 2257 4879 42.
2336 4825 2382 4856 ¹⁶
2413 4823 2570 4879 Prov.
2603 4839 2715 4889 tux,
2751 4822 2839 4878 17.

515 4977 638 5102 ᾸἮ)
664 4979 840 5032 Editio
859 4979 1028 5034 Paris.
1049 4977 1287 5050 Πράξεσι
1317 4977 1424 5031 τῶν
1451 4976 1782 5030 ἀποστόλων.
1822 4977 1926 5029 Sed
1956 4978 2018 5028 il-

454 5050 506 5104 lu
552 5091 566 5104 .
591 5051 696 5104 τῶν
727 5049 1058 5104 ἀποστόλων.
1100 5051 1338 5104 neuuein
1373 5063 1500 5101 mss.
1538 5049 1750 5104 legitur.
1772 5063 1942 5104 neque
1970 5049 2020 5099 itt

2140 4976 2204 5048 τῷ
2236 4978 2504 5048 προτέρῳ.
2541 4976 2741 5031 Ibidem
2789 4977 2840 5029 in
2896 4975 3166 5044 aliquibus
3196 4989 3325 5027 mss.
3359 4976 3478 5029 Rat
3505 4975 3610 5044 γὰρ
3653 4976 3693 5026 ό.

2200 5047 2310 5104 (24)
2346 5048 2458 5104 Illa.
2506 5043 2574 5104 ἦς
2609 5048 2839 5104 γένοιτο,
2871 5057 2923 5099 et
2948 5058 3160 5104 caetera,
3202 5044 3268 5098 ad
3307 5047 3472 5100 tinem
3517 5060 3693 5104 usque.

477 5067 506 5104 υ

552 5091 566 5113 ,
591 5051 696 5104 τῶν
727 5049 1058 5112 ἀποστόλων,
1100 5049 1338 5113 nequein
1373 5063 1500 5101 mss.
1538 5049 1750 5116 legitur,
1772 5063 1942 5115 neque
1970 5049 2020 5099 itt

454 5122 689 5174 editione
725 5119 885 5172 Basil.
927 5120 1122 5172 lbideut
1155 5119 1281 5171 editi
1323 5134 1441 5170 cum
1485 5117 1670 5183 majori
1704 5128 1856 5184 parte
1891 5132 2022 5170 mss.

453 5189 820 5261 κατωρθοῦτο.
848 5188 994 5261 Regii
1015 5192 1289 5261 secundus
1311 5199 1364 5242 et
1389 5189 1576 5261 tertius
1593 5199 1643 5239 et
1667 5187 1817 5240 Colb.
1841 5197 2027 5261 sextus

451 5257 674 5313 δυνατὸν
705 5258 1118 5330 κατορθοῦσθαι.
1155 5258 1347 5310 Statim
1397 5257 1550 5330 Colit.
1589 5269 1822 5330 quartus
1867 5257 2027 5330 ὑπερ-

452 5326 853 5393 αναὸαινοντεςζ
890 5329 1125 5382 Subinde
1164 5330 1290 5380 editi
1327 5326 1553 5398 πτωχῶν
1585 5326 2025 5397 ἐμπεπιστευμέο

454 5419 584 5464 νοις.
613 5408 682 5455 At
703 5417 832 5455 mss.
873 5399 1342 5468 πεπιστευμένοις.

527 5471 637 5540 (2‘2)
683 5470 907 5525 Codices
951 5471 1038 5522 alii
1088 5467 1436 5540 προτιθεῖσιν,
1485 5467 1572 5521 alii
1630 5467 2016 5540 προστιθεῖσιν.

455 5539 576 5594 Mox
607 5542 771 5595 editio
803 5541 972 5594 Paris.
996 5541 1334 5609 γεννήσεται,
1368 5554 1470 5609 non
1506 5547 1667 5592 recte.

526 5611 636 5677 (2'5)
687 5610 819 5675 Reg.
871 5607 1154 5664 secundus
1190 5618 1241 5661 et
1283 5607 1435 5660 Culb.
1493 5618 1675 5662 sextus
1717 5608 2018 5661 ἐπιδεικνυ-

459 5679 663 5748 μένοις.
695 5680 844 5732 Colb.
875 5677 1573 5748 εεριὶιιιυδεέπιδείκνυσθαι.
1595 5678 1853 5733 Atczeteri
1889 5693 2016 5748 mss.

456 5763 578 5801 cum
627 5750 786 5804 editis
837 5747 1329 5817 ἐπιδεικνυμένους.
1360 5748 1643 5818 Aliquanto
1673 5759 1793 5818 post
1824 5749 1952 5817 Reg.
1984 5747 2017 5800 5

2200 5043 2310 5117 (ἓό)
2346 5043 2468 5109 Illa,
2506 5043 2574 5120 ἦς
2609 5048 2839 5120 γένοιτο,
2871 5057 2923 5099 et
2948 5043 3160 5106 caetera,
3202 5044 3268 5120 ad
3307 5047 3472 5120 tinem
3515 5043 3694 5120 usque.

2129 5128 2222 5170 aut
2247 5120 2438 5170 desunt
2464 5118 2684 5170 omnino
2716 5119 2766 5170 in
2813 5132 2967 5178 mss.,
3003 5125 3093 5169 aut
3131 5118 3279 5168 varie
3312 5119 3364 5168 in
3407 5118 3580 5169 variis
3612 5131 3694 5167 cu-

2130 5187 2339 5241 dicibus
2373 5187 2661 5256 leguntur:
2699 5199 2752 5239 ttt
2801 5187 3021 5240 dubium
3061 5201 3164 5240 non
3202 5187 3294 5249 sit,
3344 5189 3480 5254 quin
3515 5202 3577 5241 ea
3607 5199 3693 5239 suo

2130 5257 2643 5327 quisquearbitralu
2676 5257 2973 5322 scripserit.

2203 5327 2315 5398 (25)
2344 5326 2434 5398 Sie
2475 5327 2610 5398 Reg:
2635 5327 2858 5396 primus.
2889 5327 2991 5398 Alii
3017 5326 3132 5398 duo
3161 5325 3542 5398 mss._ba_beut
3569 5336 3692 5398 quo-

2124 5392 2227 5468 que
2251 5398 2331 5459 εἰς
2360 5392 2712 5468 μέροςξΕάίιί
2734 5398 2826 5468 Δείς
2855 5395 2924 5448 τὰ
2946 5395 3199 5468 λείποντα
3224 5394 3524 5468 τοῦναύτοῦ
3564 5392 3691 5468 ψαλ-

2126 5465 2393 5538 μοῦηκαὶ
2433 5465 2582 5538 ’κατά
2607 5465 2946 5529 τοκιξόντων.
2988 5466 3128 5520 Oliv.
3166 5475 3220 5520 et
3251 5467 3405 5538 Cpib.
3443 5467 3689 5538 septimus

2123 5535 2202 5607 εἰς
2226 5536 2295 5588 τὰ
2325 5537 2639 5607 λειπόμενα.
2672 5539 2842 5590 Aliter
2870 5539 2920 5589 in
2955 5538 3073 5589 aliis
3104 5551 3236 5589 mss.
3260 5535 3451 5589 titulus
3484 5535 3682 5607 legitur.

2123 5605 2341 5660 Monere
2359 5601 2531 5669 juvat,
2555 5609 2882 5660 mentionem
2906 5621 3160 5673 perquam
3193 5601 3557 5660 honoriﬁcam
3583 5601 3683 5654 ﬁeri

2127 5678 2284 5745 hujus
2315 5677 2547 5730 bomilize
2579 5693 2606 5729 a
2634 5675 2896 5746 Gregorio
2923 5675 3162 5745 Nysseno
3194 5676 3460 5733 Oratione
3510 5682 3682 5730 contra

2124 5750 2422 5813 usurarius,
2465 5757 2593 5801 tom.
2636 5746 2696 5812 ll,
2724 5745 2842 5817 pag.
2870 5745 2995 5800 225'.
