3818 6220
121 357 244 414 265

1305 365 1586 422 HOMILIA
1617 367 1754 424 lllN
1793 367 2122 424 PSALMUM
2159 365 2298 422 XIV.

3289 363 3392 422 266

125 483 236 552 τῆς
263 480 416 550 ὥρας
448 481 550 536 οὐκ
587 484 1000 556 ὲπετράπημεν.
1045 485 1162 542 Νῦν
1187 487 1245 542 δὲ
1277 489 1486 560 ἥκομεν
1525 489 1716 559 εὐγνώ-

1827 492 1982 547 nobis
2031 505 2125 561 per
2175 502 2386 561 tempus
2416 489 2706 559 attingere.
2734 485 2890 544 Nunc
2916 495 3094 543 autem
3135 487 3392 548 adsumus

131 591 306 646 μονες
321 575 591 644 ὀφειλέται
621 577 692 630 τά
721 579 856 649 χρέα
887 579 994 634 τῶν
1027 579 1410 650 ὲλλειφθέντων
1435 583 1563 652 ὑμῖν
1592 584 1725 638 ἀπο-

127 666 437 730 τιννύντες.
463 668 620 722 Ἐστι
639 668 771 722 δὲτὸ
798 669 1116 740 λειπόμενον
1143 671 1317 742 βραχὺ
1348 673 1447 742 μὲν
1467 672 1529 725 τὸ
1559 673 1726 727 ἀκοῦ-

131 775 252 822 σαι,
282 759 423 812 ὥστε
453 761 652 814 οὑτωσὶ
685 762 854 827 δόξαι,
887 764 978 816 καὶ
1005 763 1134 828 ἴσως
1163 766 1289 828 τοὺς
1318 765 1544 830 πολλοὺς
1571 767 1723 836 ὑμῶν

127 850 231 902 καὶ
265 849 594 921 παρέλαθεν,
633 851 708 916 ὡς
747 855 882 923 μηδὲ
917 854 1343 927 παραλελεῖφθαί
1389 875 1438 910 τι
1473 857 1564 910 τοῦ
1586 858 1722 928 ψαλ-

129 941 242 1012 μοῦ
270 943 612 1014 νομισθῆναι·
658 947 902 1018 μεγάλην
953 948 1136 1018 μέντοι
1189 949 1326 1020 πρὸς
1357 949 1426 1002 τὰ
1450 950 1542 1004 τοῦ
1604 951 1719 1020 βίου

127 1035 442 1105 πράγματα
471 1037 700 1110 δύναμιν
736 1039 879 1110 ἔχειν
913 1039 1008 1112 τὴν
1045 1040 1298 1112 βραχεῖαν
1327 1042 1530 1114 ταύτην
1577 1043 1721 1110 λέξιν

129 1127 568 1198 καταμαθόντες,
598 1132 698 1184 οὐκ
725 1131 986 1202 ᾠήθημεν
1011 1133 1120 1187 δεῖν
1160 1137 1414 1205 παρεῖναι
1441 1137 1501 1188 τὸ
1532 1137 1594 1190 ὲκ
1619 1137 1720 1207 τῆς

128 1219 441 1284 ἐξετάσεως
469 1223 759 1294 χρήσιμον.
804 1225 1167 1296 ’Υπογράφων
1208 1227 1287 1297 τῷ
1333 1226 1474 1297 λόγῳ
1507 1228 1596 1282 τὸν
1631 1230 1720 1282 τέ-

127 1307 282 1362 λειον
310 1309 338 1360 ό
371 1312 682 1384 Προφήτης,
710 1313 801 1366 τὸν
829 1315 928 1384 τῆς
961 1315 1261 1370 ἀσαλεύτου
1291 1315 1434 1386 ζωῆς
1458 1317 1717 1388 ἐπιδήσε-

129 1403 264 1458 σθαι
303 1404 582 1474 μέλλοντα,
613 1407 670 1460 ὲν
701 1407 815 1470 τοῖς
855 1407 1335 1478 ἁνδραγαθήμασιν
1369 1409 1718 1480 ἀπηρίθμησε

128 1496 195 1547 τὺ
229 1495 498 1568 ἀργύριον
531 1496 695 1550 αὐτοῦ
741 1499 834 1550 ἐπὶ
864 1499 1008 1570 τόκῳ
1053 1498 1127 1570 μὴ
1189 1499 1390 1553 δοῦναι.
1443 1501 1717 1572 Πολλαχοῦ

125 1587 234 1658 τῆς
279 1589 321 1640 Γ
327 1588 506 1658 ραφῆς
555 1587 970 1660 διαϐέϐληταιή
1027 1589 1269 1661 ἁμαρτία
1323 1591 1483 1662 αὕτη.
1538 1593 1604 1645 Ὅ
1657 1609 1717 1646 τε

129 1677 244 1748 γὰρ
297 1675 554 1749 Ἰεζεκιὴλ
595 1680 654 1731 ὲν
683 1681 795 1742 τοῖς
842 1679 1116 1749 μεγίστοις
1146 1679 1254 1732 τῶν
1289 1681 1476 1734 κακῶν
1511 1682 1718 1736 τίθεται

125 1769 296 1821 τόκον
319 1769 502 1822 λαϐεῖν
533 1771 625 1824 καὶ
649 1769 1008 1840 πλεονασμὸν,
1045 1771 1139 1824 καὶ
1179 1773 1208 1824 ὁ
1233 1772 1394 1842 νόμος
1424 1773 1717 1846 διαρρήδην

129 1861 497 1933 ἀπαγορεύει·
525 1865 648 1916 Οὐκ
675 1861 960 1928 ἐκτοκιεῖς
983 1861 1062 1928 τῷ
1083 1863 1321 1934 ἀδελφῷ
1359 1883 1474 1919 σου
1499 1867 1596 1920 καὶ
1640 1867 1718 1934 τῷ

129 1956 408 2022 πλησίον
423 1969 560 2008 σου.
581 1953 692 2007 Καὶ
710 1953 870 2006 πάλιν
901 1954 1053 2025 φησί·
1083 1957 1266 2021 Δόλος
1287 1957 1396 2026 (‘26)
1423 1959 1520 2012 ἐπὶ
1537 1959 1714 2026 δόλῳ,

129 2048 234 2100 καὶ
269 2047 444 2112 τόκος
474 2045 572 2100 ἐπὶ
619 2047 788 2110 τόκῳ.
841 2046 952 2099 Καὶ
999 2048 1128 2118 περὶ
1169 2048 1374 2112 πόλεως
1417 2051 1474 2103 δὲ
1518 2052 1616 2121 τῆς
1660 2054 1718 2106 ἐν

129 2139 332 2210 πλήθει
359 2139 544 2192 κακῶν
573 2137 971 2210 εὐθηνουμὲνης
998 2141 1024 2191 ό
1045 2139 1255 2210 ψαλμὺς
1281 2140 1335 2192 τί
1369 2159 1564 2211 φησιν;
1597 2145 1716 2197 Οὐκ

129 2231 418 2296 ἐξέλιπεν
433 2231 500 2284 ἐκ
533 2229 650 2284 τῶν
667 2230 962 2285 πλατειῶν
983 2230 1172 2300 αὐτῆς
1189 2233 1364 2299 τόκος
1391 2233 1490 2286 καὶ
1517 2234 1712 2302 δόλος.

131 2325 245 2376 Καὶ
277 2324 374 2377 νῦν
401 2323 898 2395 χαρακτηριστικὸν
919 2323 1016 2394 τῆς
1036 2323 1174 2376 κατά
1199 2323 1288 2376 τὸν
1317 2325 1598 2398 ἄνθρωπον
1631 2345 1718 2382 τε-

129 2417 409 2480 λειώσεως
437 2416 497 2468 τὸ
525 2415 658 2470 αὐτὸ
684 2415 841 2469 τοῦτο
864 2414 1205 2486 παρείληφεν
1231 2417 1260 2468 ὁ
1285 2417 1600 2490 Προφήτης,
1627 2419 1716 2474 λέ..

141 2523 268 2576 (ωψ
331 2508 400 2562 Τὸ
434 2508 716 2576 ἀργύριον
766 2505 951 2560 αὐτοῦ
986 2508 1096 2559 οὐκ
1129 2505 1354 2562 ἔδωκεν
1399 2511 1497 2564 ἐπὶ
1541 2511 1712 2579 τόκῳ.

131 2599 226 2669 Τῷ
253 2599 368 2652 ὄντι
397 2598 504 2669 γὰρ
557 2597 947 2669 ἀπανθρωπίας
996 2597 1300 2670 ὑπερϐολὴν
1342 2599 1453 2670 ἔχει
1493 2602 1586 2655 τὸν
1617 2604 1716 2674 μὲν

131 2691 243 2744 τῶν
291 2689 604 2758 ἀναγκαίων
647 2689 841 2752 ἐνδεῶς
870 2688 1062 2758 ἔχοντα
1115 2689 1298 2762 ζητεῖν
1341 2692 1605 2764 δάνεισμα
1637 2697 1715 2760 είς

133 2781 490 2854 παραμυθίαν
520 2781 614 2834 τοῦ
651 2781 788 2850 βίου,
823 2781 911 2834 τὸν
935 2780 990 2833 δὲ
1023 2781 1096 2853 μὴ
1125 2783 1412 2853 ἀρκεῖσθαι
1437 2785 1515 2856 τῷ
1543 2805 1715 2856 κεφα-

133 2874 294 2944 λαίῳ,
342 2874 718 2942 ἀλλ’-ἐπινοεῖν
767 2874 831 2926 ὲκ
863 2873 974 2927 τῶν
1005 2875 1300 2946 συμφορῶν
1345 2877 1438 2930 τοῦ
1485 2879 1716 2950 πένητος

134 2967 432 3038 προσόδους
462 2963 638 3035 ἐαυτῷ
665 2966 759 3019 καὶ
796 2967 1056 3037 εὐπορίας
1095 2969 1366 3037 συνάγειν.
1410 2971 1466 3024 Ὁ
1498 2972 1595 3042 μὲν
1624 2971 1716 3026 οὖν

135 3059 344 3130 Κύριος
374 3059 617 3129 ἐναργῶς
641 3061 770 3129 ἡμῖν
787 3057 1088 3124 διετάξατο,
1115 3059 1286 3129 λέγων
1311 3061 1444 3133 (27)·
1479 3064 1588 3117 Καὶ
1613 3063 1718 3119 τὸν

1823 585 1975 654 probi
1993 583 2285 644 debitores.
2325 581 2506 638 debila
2537 595 2658 652 quae
2690 589 2998 648 supersunt,
3029 579 3184 635 vobis
3208 595 3391 650 perso-

1823 675 2008 730 luturi.
2043 675 2192 742 Quod
2212 681 2386 728 autem
2419 681 2608 736 restat,
2641 672 2827 726 auditu
2851 670 3068 742 quidem
3100 673 3264 726 breve
3285 680 3390 734 est,

1822 783 1884 828 ut
1911 773 2156 828 videtur:
2192 781 2244 826 et
2261 771 2508 826 fortassis
2537 769 2735 836 multos
2783 777 3018 822 vestrum
3045 765 3391 830 latuit;adeo

1823 876 1878 920 ut
1913 881 1980 920 ne
2009 865 2256 920 relictum
2290 864 2504 931 quidem
2545 861 2712 916 fuisse
2741 859 3032 928 quidquam
3064 858 3130 911 de
3159 871 3223 911 eo
3251 855 3392 926 psal-

1823 975 1910 1012 mo
1947 957 2206 1027 putarint.
2249 956 2496 1010 Attamen
2535 969 2658 1008 cum
2701 953 3124 1020 iulelligeremus
3167 951 3386 1006 brevem

1821 1051 1962 1103 hanc
1994 1049 2280 1126 dictionem
2320 1046 2386 1100 ad
2419 1060 2504 1099 res
2529 1043 2654 1100 vitae
2701 1043 2925 1098 multum
2958 1044 3153 1108 valere,
3183 1041 3388 1097 emolu-

1823 1151 2057 1194 mentum
2089 1138 2230 1207 quod
2257 1153 2322 1192 ex
2365 1137 2710 1205 inquisitione
2735 1145 2786 1186 et
2809 1135 3180 1204 explanatione
3203 1147 3386 1187 acces-

1820 1246 2005 1284 Surum
2057 1229 2160 1292 bis,
2221 1245 2324 1282 non
2373 1229 2625 1282 duximus
2675 1226 3071 1296 negligendum.
3115 1223 3384 1292 Propheta

1819 1324 1958 1376 enim
1987 1323 2069 1376 his
2109 1322 2286 1376 verbis
2321 1320 2614 1390 perlectum
2656 1320 2856 1381 virum,
2895 1318 2984 1386 qui
3018 1318 3084 1371 ad
3127 1317 3384 1370 immuta-

1819 1415 1978 1468 bilem
2007 1414 2170 1466 vitam
2192 1426 2516 1466 ascensurus
2547 1419 2682 1474 erat,
2717 1409 3042 1470 describens,
3079 1408 3220 1461 inter
3247 1419 3384 1474 prat-

1817 1507 1960 1562 clara
1995 1503 2110 1572 ejus
2138 1503 2372 1558 facinora
2402 1503 2531 1556 illud
2575 1500 2899 1560 numeravit,
2932 1498 3074 1568 quod
3100 1497 3382 1566 pecuniam

1817 1615 1968 1653 suam
2007 1615 2109 1653 non
2150 1599 2295 1653 dedit
2327 1595 2544 1650 faenori.
2579 1594 2691 1650 Hoc
2729 1603 3008 1662 peccatum
3043 1592 3096 1644 in
3135 1590 3384 1660 plurimis

1819 1690 2110 1758 Scriptura:
2148 1689 2280 1743 locis
2319 1689 2673 1757 vituperatur.
2710 1684 2841 1738 Nam
2869 1681 3116 1738 Ezechiel
3150 1681 3194 1714 ⁸⁷
3245 1681 3295 1736 id
3326 1681 3382 1736 in

1819 1781 2069 1834 maximis
2095 1780 2248 1834 malis
2265 1787 2529 1845 recenset,
2560 1777 2604 1830 si
2642 1775 2836 1836 lienus,
2873 1785 2926 1828 et
2955 1773 3225 1840 quidpiam
3243 1771 3380 1826 ultra

1821 1881 2020 1928 sortem
2050 1871 2347 1940 accipiatur
2395 1868 2534 1934 Quin
2565 1875 2620 1922 et
2649 1866 2731 1919 lex
2763 1865 2891 1918 illud
2928 1863 3226 1918 luculenter
3257 1877 3384 1932 pro-

1820 1965 1966 2020 hibet
1997 1983 2012 2018 :
2045 1963 2166 2016 Non
2200 1961 2475 2032 faenerabis
2501 1961 2655 2029 fratri
2699 1969 2810 2022 tua,
2842 1969 2890 2012 et
2922 1959 3158 2025 proximo
3188 1967 3276 2010 tuo
3312 1955 3377 2010 ³⁸.

1818 2056 1886 2110 Et
1910 2071 2098 2110 rursus
2131 2055 2202 2108 ait
2235 2070 2249 2107 :
2289 2053 2451 2108 Dolus
2491 2067 2646 2120 super
2693 2049 2892 2113 dolum,
2940 2059 2989 2103 et
3031 2065 3192 2102 usura
3227 2063 3384 2115 super

1817 2164 2032 2200 usuram
2071 2147 2136 2200 ".
2187 2145 2252 2199 Et
2305 2145 2372 2196 de
2405 2143 2624 2198 civitate
2671 2156 2789 2212 qua:
2837 2140 2994 2196 bonis
3023 2139 3076 2193 in
3119 2137 3382 2192 malorum

1819 2237 2158 2290 multitudine
2187 2234 2448 2298 afﬂueret,
2475 2234 2602 2302 quid
2638 2232 2878 2298 psalmus
2909 2230 3070 2286 dicit?
3097 2228 3216 2284 Non
3235 2229 3382 2298 defe-

1817 2327 1886 2379 cit
1902 2327 1964 2379 de
1993 2325 2178 2393 plateis
2206 2327 2316 2395 ejus
2337 2341 2500 2378 usura
2525 2335 2570 2378 et
2588 2325 2738 2377 dolus
2765 2323 2830 2376 ³⁰.
2867 2323 2931 2376 Et
2949 2337 3089 2376 nunc
3113 2321 3380 2390 Propheta
3445 2329 3456 2336 '

1817 2419 2045 2486 idipsum
2087 2425 2342 2486 tanquam
2373 2418 2616 2470 humana:
2639 2415 2983 2485 perfectionis
3009 2415 3378 2468 characterem

1817 2525 1880 2563 ac
1913 2509 2124 2579 signum
2157 2509 2456 2578 usurpavit,
2483 2508 2666 2562 dicens
2695 2522 2708 2558 :
2753 2505 2941 2576 (Vens.
2997 2505 3051 2576 5)
3095 2503 3382 2558 Pecuniam

1815 2617 1965 2654 suam
1989 2617 2090 2653 mm
2119 2600 2264 2653 dedit
2295 2600 2363 2652 ad
2397 2617 2632 2654 usuram.
2656 2599 2770 2652 Non
2800 2599 2974 2664 reipsa
2993 2611 3246 2666 perquam
3267 2609 3384 2649 ma-

1817 2693 1958 2746 xima
1979 2701 2065 2746 est
2096 2691 2479 2757 inhumanitas,
2515 2691 2662 2744 illum
2695 2689 2910 2758 quidem
2931 2688 3022 2757 qui
3054 2687 3385 2744 necessario-

1818 2799 1936 2836 rum
1975 2783 2194 2851 indiget,
2229 2793 2470 2836 mutuum
2509 2783 2576 2836 ad
2613 2782 2734 2835 vitae
2763 2780 3064 2836 subsidium
3116 2794 3383 2848 quaerere.

1817 2875 1958 2929 hunc
2011 2891 2138 2929 vero
2178 2887 2325 2928 sorte
2363 2883 2676 2929 contentum
2717 2888 2824 2926 non
2855 2887 2994 2936 esse,
3040 2873 3134 2928 sed
3164 2873 3268 2928 sibi
3315 2886 3382 2926 es

1815 2969 2067 3038 pauperis
2099 2967 2493 3021 calamitatibus
2526 2973 2816 3034 proventus
2851 2963 3184 3033 excogitare,
3221 2976 3382 3032 opes-

1817 3074 1922 3127 que
1947 3057 2219 3126 colligere.
2242 3057 2384 3111 Sane
2409 3055 2666 3110 Dominus
2696 3057 2808 3124 ipse
2850 3053 3004 3110 nobis
3032 3054 3209 3124 palam
3238 3067 3382 3122 pm-

135 3153 394 3207 θέλοντα
419 3152 537 3206 ἀπὸ
568 3151 684 3206 σοῦ
721 3152 1114 3208 δανείσασθαι
1140 3153 1226 3223 μὴ
1248 3155 1664 3225 ἀποστραφῇς*
1687 3161 1716 3212 ὁ

1820 3151 1978 3218 cepit,
2015 3150 2203 3204 dicens
2244 3167 2257 3203 :
2291 3147 2358 3200 Et
2397 3147 2585 3202 volenti
2623 3149 2853 3200 mutuari
2895 3163 2928 3200 a
2960 3157 3029 3211 te,
3077 3161 3138 3200 ne
3176 3153 3382 3200 averta-

137 3245 196 3299 δὲ
229 3245 583 3315 φιλάργυρος,
611 3243 750 3314 ὁρῶν
785 3245 890 3298 ὑπὸ
917 3245 1018 3315 τῆς
1047 3247 1292 3316 ἀνάγκης
1335 3247 1502 3320 ἄνδρα
1553 3268 1740 3314 κατα-,

138 3339 528 3410 καμπτόμενον
585 3339 690 3408 πρὸ
728 3338 836 3390 τῶν
881 3339 1124 3406 γονάτων
1173 3340 1502 3406 ἱκετεύοντα,
1561 3343 1613 3396 τί
1657 3345 1716 3396 οὐ

139 3429 399 3484 ποιοῦντα
449 3429 736 3491 ταπεινόνς
798 3429 850 3480 τί
885 3429 945 3480 οὐ
1005 3428 1404 3499 φθεγγόμενον;
1447 3433 1546 3484 οὐκ
1581 3432 1722 3485 ἐλεεῖ

141 3525 270 3594 παρ’
298 3521 453 3588 ἀξίαν
503 3522 810 3592 πράττοντα
845 3519 980 3590 (‘28),
1004 3521 1065 3572 οὐ
1093 3519 1364 3588 λογίζεται
1391 3523 1489 3592 τὴν
1535 3522 1716 3591 φύσιν,

140 3616 242 3670 οὐκ
265 3614 505 3667 ἐνδίδωσι
531 3615 650 3676 ταῖς
680 3611 930 3674 ἱκεσίαις,
973 3611 1090 3666 ἀλλ’
1121 3613 1408 3684 ἄκαμπτος
1437 3615 1528 3666 καὶ
1565 3615 1719 3685 ἀμεί-

141 3707 324 3770 λικτος
366 3707 616 3776 ἕστηκεν,
651 3707 711 3758 οὐ
745 3708 860 3768 ταῖς
895 3706 1144 3775 δεήσεσιν
1177 3706 1358 3771 εἴκων,
1409 3707 1468 3759 οὐ
1521 3707 1721 3778 δάκρυ-

141 3817 228 3854 σιν
261 3797 654 3869 ὲπικλώμενος,
704 3797 977 3867 ἐπιμένων
1013 3800 1078 3868 τῇ
1135 3798 1380 3868 ἀρνήσει,
1423 3797 1720 3869 ὲξομνύμε-

141 3907 232 3954 νος
263 3891 356 3943 καὶ¹
401 3888 756 3960 ἐπαρώμενος
797 3888 996 3959 ἐαυτῷ,
1039 3885 1074 3959 ἦ
1113 3889 1218 3960 μὴν
1241 3891 1466 3961 ἀπορεῖν
1523 3909 1720 3944 παντε-

143 3982 250 4045 λῶς
275 3982 593 4054 χρημάτων,
627 3983 722 4034 καὶ
761 3984 1114 4052 περισκοπεῖν
1145 3983 1240 4034 καὶ
1289 3982 1452 4044 αὐτὸς
1493 3983 1546 4036 εἴ
1599 4001 1720 4037 τινα

144 4071 203 4125 εὖ
213 4091 291 4144 ροι
319 4073 425 4124 τῶν
449 4069 814 4135 δανειζόντων.
841 4073 934 4124 καὶ
957 4071 1314 4142 πιστούμενος
1335 4072 1395 4125 τὸ
1419 4071 1610 4141 ψεῦδος
1632 4075 1720 4128 διὰ

143 4163 250 4215 τῶν
279 4163 476 4232 ὅρκων,
513 4163 679 4216 κακὸν
713 4163 1151 4234 παρεμπόρευμα
1187 4163 1286 4232 τῆς
1329 4163 1721 4234 ἀπανθρωπίας

145 4251 240 4320 τὴν
261 4251 538 4322 ἐπιορκίαν
570 4251 1008 4324 προσκτώμενος.
1049 4253 1295 4306 Ἐπειδὰν
1319 4252 1374 4305 δὲ
1403 4256 1431 4306 ό
1461 4253 1639 4324 ζητῶν
1661 4255 1722 4309 τὸ

147 4343 350 4397 δάνειον
387 4345 560 4397 τόκων
594 4344 828 4415 μνησθῇ,
863 4345 958 4398 καὶ
987 4345 1266 4415 ὑποθήκας
1303 4343 1566 4416 ὀνομάσῃ,
1597 4345 1718 4399 τότε

147 4435 462 4489 καταϐαλὼν
511 4436 610 4506 τὴν
651 4436 821 4508 ὀφρὺν
873 4437 1312 4508 προσεμειδίασε,
1357 4438 1451 4489 καί
1485 4453 1585 4489 που
1625 4439 1719 4491 καὶ

1819 3243 1891 3296 ris
1921 3242 1986 3296 ⁸¹.
2017 3243 2223 3295 Avarus
2252 3247 2452 3301 autem,
2481 3253 2602 3292 cum
2645 3237 2916 3292 hominem
2957 3237 3102 3290 videt
3145 3251 3254 3306 pra:
3285 3249 3382 3290 ne-

1818 3335 2072 3389 cessitate
2093 3335 2318 3401 genibus
2358 3334 2702 3401 provolutum
2745 3346 2808 3384 ac
2839 3331 3156 3397 supplicem,
3189 3329 3384 3396 ecquid

1819 3442 1926 3480 non
1961 3425 2246 3480 facientem
2285 3425 2430 3492 quod
2467 3421 2740 3490 abiectum
2773 3423 2844 3478 sit
2869 3439 2934 3477 ac
2961 3422 3203 3478 humile?
3254 3422 3386 3492 quid

1819 3533 1925 3572 non
1941 3515 2282 3585 loquentem?
2309 3497 2424 3584 eius
2446 3516 2534 3584 qui
2551 3525 2744 3580 prmter
2769 3517 3013 3568 meritum
3033 3516 3256 3568 adversa
3276 3513 3388 3568 for--

1819 3619 1946 3663 tuna
1971 3609 2156 3672 utitur,
2185 3623 2526 3678 nequaquam
2559 3609 2868 3670 miseretur,
2903 3607 3047 3661 nullo
3079 3607 3198 3661 loco
3223 3605 3384 3664 habet

1819 3713 2091 3765 naturam.
2117 3718 2220 3756 non
2255 3701 2508 3770 precibus
2531 3709 2794 3764 movetur,
2815 3699 2908 3753 sed
2930 3697 3238 3752 inflexibilis
3254 3707 3380 3764 stat,

1818 3806 1873 3849 et
1899 3795 2279 3865 implacabilis:
2311 3809 2416 3848 non
2447 3794 2590 3848 cedit
2625 3791 3115 3860 deprecationibus,
3136 3791 3386 3860 Iacrymis

1817 3903 1924 3942 non
1964 3885 2248 3956 frangitur,
2281 3894 2690 3955 perseveranter
2731 3893 2913 3954 negat.
2945 3883 3120 3944 Jurat.
3173 3897 3237 3937 ac
3280 3882 3385 3938 sibi

1821 3981 1958 4034 male
2002 3995 2250 4048 precans,
2287 3977 2514 4032 afﬁrmat
2548 3991 2734 4032 carere
2772 3993 2832 4033 se
2874 3979 3096 4048 pecunia
3141 3977 3382 4040 omnino,

1817 4085 2045 4140 seseque
2068 4071 2634 4142 circutnspiceremum
2658 4087 2816 4141 quem
2843 4071 2954 4139 ipse
2971 4083 3183 4138 quoque
3210 4065 3386 4124 {tene-

1819 4171 2052 4217 ratorem
2105 4161 2364 4226 inveniat,
2413 4177 2476 4217 ac
2520 4163 2676 4216 [idem
2719 4161 2922 4216 faciens
2969 4161 3246 4214 mendacio
3292 4175 3388 4229 per

1816 4253 2142 4322 iuramenta,
2175 4252 2469 4323 perjurium
2501 4269 2597 4307 ceu
2625 4253 2823 4306 malum
2847 4253 3130 4322 quemdam
3153 4251 3313 4320 108
3335 4259 3388 4306 et

1820 4345 2172 4400 adventitium
2205 4345 2616 4400 inhumanitatis
2644 4352 2906 4413 qmestum
2957 4341 3210 4409 acquirit.
3279 4339 3384 4396 Sed

1821 4437 1911 4490 ubi
1941 4436 2030 4505 qui
2084 4443 2324 4488 tnutuum
2357 4435 2570 4502 quaerit,
2613 4433 2858 4486 meminit
2897 4433 3142 4496 ftenoris,
3191 4441 3245 4484 et
3293 4445 3390 4484 no-

145 4529 402 4601 πατρῴας
449 4527 629 4598 φιλίας
674 4529 987 4600 ἀνεμνήσθη
1037 4529 1170 4600 (⁸29),
1216 4531 1309 4583 καὶ
1347 4532 1552 4602 συνήθη
1598 4527 1716 4584 εἷπε

1825 4543 1945 4580 men
2007 4526 2248 4596 pignoris
2307 4525 2563 4594 protulit,
2623 4535 2748 4579 tunc
2801 4525 3034 4580 demisso
3100 4521 3390 4592 supercilio

146 4622 238 4672 καὶ
289 4619 470 4688 φίλον·
513 4621 626 4684 καὶ,
685 4619 976 4690 ’οψόμεθα,
1039 4621 1222 4692 φησὶν.
1276 4621 1428 4674 εἵπου
1469 4623 1520 4674 τί
1569 4623 1716 4675 ἐστιν

147 4715 276 4783 ἡμῖν
303 4713 660 4782 ἀποκείμενον
688 4711 965 4782 ἀργύριον.
997 4713 1152 4766 Ἔστι
1185 4712 1242 4765 δὲ
1281 4713 1716 4785 παρακαταθήκη

1823 4618 2086 4684 subridet,
2123 4627 2284 4686 atque
2319 4625 2556 4687 paterna:
2605 4618 2858 4671 amicitiae
2913 4617 3132 4671 rcl'ricat
3187 4629 3389 4668 memo-

1825 4711 1982 4776 riam,
2017 4725 2081 4765 ac
2119 4709 2438 4763 familiarem
2484 4718 2540 4763 et
2587 4711 2820 4763 amicum
2863 4709 3131 4778 appellat;
3175 4719 3251 4776 et,
3302 4704 3387 4759 Vi-

217 4867 260 4900 "
301 4865 496 4922 Ezccli.
533 4881 666 4930 xxtt,
701 4865 789 4922 12.
866 4868 912 4898 ’⁸
952 4867 1102 4921 Deut.
1142 4883 1296 4928 xxut,
1349 4867 1434 4922 l9.
1513 4868 1558 4900 '9
1597 4865 1705 4920 Jer.
1745 4881 1819 4931 ιι,
1848 4865 1901 4920 6.
1980 4866 2024 4898 ⁸⁰
2057 4865 2198 4922 Psal.
2236 4881 2342 4929 Liv,
2377 4865 2462 4919 12.
2540 4865 2581 4896 "
2612 4863 2798 4918 Matth.
2834 4879 2887 4926 ν,
2918 4864 3008 4918 42.

217 5026 328 5097 (26)
363 5028 492 5090 Reg.
528 5029 798 5097 secundus
819 5041 940 5097 cum
970 5043 1126 5080 sacro
1150 5037 1294 5082 textu
1325 5027 1482 5090 τόκος
1515 5025 1605 5097 ἐπὶ
1629 5025 1713 5079 τό·

147 5095 250 5166 κιρ,
278 5095 370 5150 καὶ
401 5099 552 5162 δόλος
577 5098 670 5150 ἐπὶ
703 5096 856 5166 δόλῳ.
899 5095 1120 5150 Factum
1155 5098 1204 5150 id
1233 5107 1362 5164 puto
1399 5099 1472 5166 pali
1507 5095 1710 5166 aliquo,

149 5165 238 5236 qui
271 5169 442 5222 locum
485 5171 761 5238 prophetae
789 5165 858 5220 οι)
887 5166 1362 5238 οριιιοδνίιιειιειει,
1397 5165 1566 5222 licere
1591 5165 1710 5238 sibi

151 5247 320 5300 ratus,
358 5235 605 5294 ordinem
644 5240 932 5292 verborum
967 5236 1150 5290 Basilii
1198 5247 1426 5304 mutare,
1457 5250 1524 5292 ne
1557 5235 1714 5290 aliter

153 5311 206 5362 in
235 5307 453 5378 Basilio,
483 5309 638 5364 aliter
671 5309 739 5378 in,
761 5307 1020 5378 propheta
1055 5306 1338 5378 legemtttr.

223 5377 333 5445 (27)
369 5377 460 5432 Sic
504 5379 669 5432 editio
719 5377 879 5430 Basil.
915 5385 968 5430 et
1003 5375 1131 5431 mss'.
1177 5377 1354 5429 Editio
1405 5391 1534 5430 vero
1565 5375 1716 5445 Pari-

154 5444 344 5502 sienais
369 5449 588 5502 uberius
615 5447 895 5512 διετάξατο
925 5446 1118 5516 λέγων·
1145 5446 1234 5516 Τῷ
1255 5445 1492 5500 αἰτοῦντί
1509 5463 1568 5498 σε
1602 5444 1712 5516 δὸς,

155 5519 246 5572 καὶ
269 5516 380 5584 τόν,
407 5526 512 5573 etc.
545 5519 650 5573 Sed
671 5519 782 5578 illa,
821 5517 899 5586 τῷ
931 5515 1168 5570 αἰτοῦντί
1207 5515 1264 5570 σε
1303 5517 1412 5580 δός,
1445 5517 1568 5570 huic
1599 5515 1716 5568 loco

157 5591 332 5654 inepte
354 5600 532 5642 assuta
561 5603 678 5642 esse
695 5598 838 5654 patet
870 5588 952 5640 vel
978 5603 1041 5639 ex
1061 5587 1170 5656 ipsa
1203 5590 1368 5640 veteri
1405 5589 1718 5654 interpreta-

157 5661 318 5728 tione,
349 5659 402 5712 in
435 5675 538 5728 qua
571 5659 688 5713 haec
739 5659 827 5712 illa
871 5657 1033 5712 verba
1098 5657 1288 5712 Latine
1347 5657 1552 5711 reddita
1609 5669 1713 5709 non

157 5726 318 5782 fuisse
345 5726 609 5784 videmus.

227 5798 340 5864 (28)
373 5797 550 5856 Editio
605 5799 778 5856 Paris.
833 5801 959 5871 παρ’
993 5797 1146 5866 ἀξίαν
1181 5797 1361 5860 κακῶς
1387 5795 1709 5867 πράττοντα.

1817 5023 1942 5110 Sed.
1971 5023 2312 5110 vnxnxqat‘bg
2357 5025 2507 5110 deest
2559 5035 2612 5076 et
2645 5023 2697 5076 in
2751 5035 2883 5076 mss.
2932 5022 3179 5077 omnibus
3221 5029 3274 5074 et
3335 5020 3388 5073 in

1815 5096 2052 5151 editione
2081 5092 2244 5151 Basil.
2286 5092 2629 5149 Arbitramur
2673 5101 2850 5144 autem
2887 5107 3004 5146 eam
3030 5107 3245 5155 vocem,
3289 5107 3388 5143 κα-

1816 5164 1947 5228 κῶς,
1971 5167 2198 5234 primum
2227 5165 2279 5218 in
2312 5163 2806 5234 margiuekpositam
2847 5160 3042 5234 fuisse,
3065 5172 3122 5234 ut
3151 5175 3390 5234 monere:

1820 5245 1906 5287 tur
1936 5230 2119 5298 lector,
2157 5235 2307 5297 illud,
2350 5230 2480 5303 παρ’
2511 5231 2689 5296 ἀξίαν,
2717 5231 2878 5303 idem
2912 5233 3000 5286 hic
3037 5230 3218 5303 valere
3245 5231 3388 5303 quod

1818 5306 2026 5369 κακῶς,
2075 5320 2140 5360 ac
2194 5301 2554 5372 postmodum,
2582 5302 2724 5372 quod
2755 5315 2861 5355 non
2903 5317 3026 5358 raro
3055 5301 3302 5368 contigit,
3333 5301 3386 5372 in

1821 5385 2025 5452 textum
2098 5369 2403 5452 irrepsisse1
2455 5369 2746 5452 Aliquanto
2815 5381 3108 5452 post_vox
3166 5369 3390 5452 χρημά-

1818 5462 1927 5498 των
1964 5447 2114 5499 deest
2153 5441 2221 5498 in,
2253 5441 2435 5497 multis
2488 5457 2619 5495 mss.
2653 5441 3138 5507 Reperiturtamen
3169 5441 3220 5492 in
3255 5455 3390 5493 nou-

1821 5515 1998 5568 nullis.
2035 5513 2150 5568 Mox
2191 5513 2585 5583 Colb._quartus
2615 5511 3118 5583 προσκτησάμενος.
3153 5509 3390 5565 Subinde

1820 5585 1970 5638 Colit.
2002 5595 2222 5638 octavus
2239 5581 2537 5653 ὑποθήκην.

1895 5654 2022 5736 (2.91
2037 5653 2204 5724 Major
2233 5669 2360 5736 pars
2393 5647 2522 5736 mss.
2553 5653 2820 5736 ἐμνήσθη.
2844 5649 2996 5736 ῌιιιιό
3018 5651 3174 5736 Ιοιικς

1822 5725 1874 5778 in
1903 5719 2062 5778 Colb.
2117 5719 2312 5790 quarto
2345 5719 2604 5794 ὲνψαύτῷ
2637 5719 2762 5788 τοὺς
2787 5719 3026 5786 ’τόκους.
3069 5721 3212 5776 Infra
3243 5719 3386 5773 idem

1821 5796 1984 5851 codex
2021 5794 2336 5866 αὐθαίρετον
2350 5791 2581 5858 ἐδέξατο.
