3818 6220
439 375 544 429 267
1741 373 1796 428 S.
1846 372 1929 426 BA
1939 371 2092 428 SlLll
2129 369 2267 424 MAG
2277 368 2342 422 Nl
3609 364 3724 416 268

435 492 700 552 debimus,
750 489 944 559 inquit,
995 489 1164 545 sicubi
1205 491 1498 561 quidquam
1548 496 1870 548 recondatur
1916 509 2005 547 ar-

2116 491 2263 558 φίλου
2314 487 2501 558 ἀνδρὸς
2536 487 2621 538 ἐπ’
2654 486 2884 557 ἐργασίᾳ
2923 485 3208 557 παραθεμέ
3224 504 3303 539 ιου
3339 489 3509 557 ἡμῖν.
3577 488 3719 539 Ἀλλ’

436 583 579 652 genti
611 584 748 652 apud
779 597 896 635 nos.
925 581 1234 652 Depositum
1285 585 1470 652 utique
1524 585 1605 638 vir
1653 585 1858 639 amicus
1907 600 2005 638 no-

2116 584 2320 642 ἐκεῖνος
2370 579 2468 648 μὲν
2511 576 2695 646 βαρεῖς
2745 577 2830 628 ἐπ’
2874 577 3020 647 αὐτῷ
3057 578 3178 640 τοὺς
3228 578 3418 640 τόκους
3468 578 3714 648 ὥρισεν·

433 673 520 728 bis
571 683 809 741 quaestus
862 687 990 742 ergo
1039 675 1395 729 concredidit.
1444 674 1640 730 Verum
1688 677 1773 731 ille
1818 692 2005 747 graves

2116 675 2277 744 ἡμεῖς
2315 671 2371 724 δὲ
2414 670 2628 732 πάντως
2672 671 3014 740 ἐπανήσομέν
3056 688 3127 734 τι,
3187 672 3277 723 καὶ¹
3317 673 3405 723 ἐπ’
3450 671 3718 723 ἐλάττω-ι

435 780 629 819 usuras
690 774 888 819 mutuae
931 766 1174 835 pecunia:
1222 769 1429 836 exigit:
1483 770 1574 823 sed
1621 785 1718 823 nos
1764 771 2005 838 profecto

2116 765 2224 825 τοῖς
2261 760 2438 822 τόκοις
2478 757 2738 828 δώσομεν.
2783 757 3017 810 Τοιαῦτα
3061 759 3716 826 κατασχηματιζόμεημέ,

436 857 634 926 aliquid
667 858 1021 922 remittemus,
1050 868 1104 913 et
1135 859 1327 913 minori
1352 860 1528 914 daturi
1564 876 1748 915 sumus
1781 863 2001 914 rumore.

2116 854 2209 907 καὶ
2255 850 2514 913 τοιούτοις
2555 849 2734 917 λόγοις
2787 849 3088 901 ὑποσαίνων
3149 849 3243 901 καὶ
3291 849 3573 912 δελεάζων
3621 849 3718 899 τὸν

436 927 585 1002 Talia
643 948 982 1017 confingens,
1047 949 1334 1019 verbisque
1397 951 1660 1018 ejusmodi
1728 951 2005 1006 blanditus

2116 946 2314 1009 ἄθλιον,
2388 941 2784 1014 γραμματείοις
2845 941 3004 993 αὐτὸν
3073 941 3555 1012 προσκαταδήσας,
3618 940 3717 990 καὶ

436 1042 634 1095 misero
684 1056 746 1094 ac
795 1040 1154 1106 lenocinatus,
1198 1043 1286 1097 ubi
1336 1043 1484 1097 illum
1529 1045 1855 1113 syngraphis
1905 1045 2003 1097 ob-

2118 1040 2252 1111 πρδς
2287 1042 2350 1110 τῇ
2383 1034 2759 1104 καταπονούσῃ
2797 1034 2956 1103 πενία
2998 1031 3076 1084 ἔτι
3124 1033 3215 1085 καὶ
3256 1033 3354 1101 τὴν
3380 1029 3717 1100 ἐλευθερξαν

435 1129 678 1192 strinxit,
729 1139 913 1199 atque,
958 1141 1152 1199 praeter
1192 1143 1470 1202 urgentem
1525 1133 1780 1200 inopiam,
1839 1132 2004 1184 liber-

2116 1129 2206 1182 τοῦ
2256 1129 2448 1198 ἀνδρὸς
2495 1123 2987 1197 προσαφελόμενος,
3019 1122 3208 1193 ᾤχετο.
3254 1124 3312 1175 '0
3357 1124 3473 1191 γὰρ
3522 1122 3717 1182 τόκος

437 1229 600 1276 tatem
642 1222 804 1277 etiam
852 1224 971 1278 viro
1013 1225 1256 1292 abstulit,
1299 1227 1428 1279 abit.
1481 1226 1689 1280 Etenim
1739 1241 1863 1280 cum
1901 1226 2003 1278 fce-

2116 1219 2306 1273 ἐαυτδν
2345 1218 2642 1272 ὑπεύθυνον
2687 1216 3052 1285 καταστήσας,
3092 1209 3166 1268 ὧν
3207 1215 3301 1286 τὴν
3344 1215 3561 1267 ἔκτισιν
3607 1215 3715 1280 οὐχ

436 1309 577 1370 nori,
612 1310 698 1362 cui
731 1310 988 1365 solvendo
1015 1328 1119 1365 non
1153 1325 1257 1379 est,
1296 1315 1588 1368 obnoxium
1635 1331 1694 1368 se
1735 1316 2001 1384 praestitit,

2116 1309 2421 1378 ὑφίσταται,
2456 1307 2695 1360 δουλείαν
2729 1306 3048 1376 αὐθαίρετον
3076 1303 3395 1367 κατεδέξατο
3427 1303 3523 1354 διὰ
3558 1303 3710 1371 βίου.

435 1398 821 1466 voluntariam,
849 1403 1024 1470 quoad
1061 1405 1225 1469 vivet,
1257 1406 1460 1472 recepit
1503 1406 1844 1459 servitutem.
1901 1405 2003 1460 Pe-

2116 1401 2404 1470 Χρήματα,
2438 1399 2558 1451 είπὲ
2585 1416 2694 1468 μοι,
2726 1399 2816 1450 καὶ
2846 1398 3044 1468 πόρους
3078 1396 3371 1466 ἐπιζητεῖς,
3415 1395 3579 1464 παρά
3610 1395 3712 1446 τοῦ

437 1491 649 1555 cunias,
679 1493 767 1547 dic
805 1494 961 1559 mihi,
991 1504 1043 1548 et
1069 1507 1354 1564 quaestum,
1397 1498 1642 1564 exquiris
1685 1499 1752 1552 ab
1805 1497 2004 1567 inpe?

2116 1493 2315 1560 ἀπόρου
2334 1508 2349 1560 ;
2370 1491 2476 1543 Kal.
2497 1493 2544 1543 εί
2579 1489 2972 1560 πλουσιώτερόν
3003 1506 3060 1541 σε
3091 1487 3407 1556 ἀποφαίνειν
3434 1487 3710 1555 ἠδύνατο,

433 1580 542 1636 Sed
569 1581 615 1634 si
643 1581 734 1636 ille
771 1591 823 1637 te
853 1585 1077 1639 reddere
1115 1586 1382 1652 potuisset
1429 1588 1706 1651 ditiorem,
1761 1589 1891 1656 quid
1937 1589 2002 1642 ad

2116 1586 2164 1637 τί
2191 1587 2372 1655 ἐζήτει
2405 1583 2555 1654 παρά
2581 1583 2678 1646 τάς
2703 1581 2870 1653 θύρας
2898 1581 2994 1644 τάς
3031 1582 3153 1645 σάς;
3198 1580 3320 1632 Ἐπὶ
3370 1581 3710 1648 συμμαχίαν

436 1681 559 1725 tuas
595 1671 791 1742 januas
821 1674 1206 1742 quaesivisset?
1243 1676 1398 1731 Venit
1424 1677 1718 1731 subsidium
1756 1679 2004 1732 inventu-

2116 1676 2297 1739 ἐλθὼν,
2346 1675 2602 1744 πολέμιον
2638 1668 2815 1744 εὗρεν.
2879 1673 3315 1742 Ἀλεξιφάρμακα
3355 1672 3707 1741 περιζητῶν,

437 1777 573 1816 rus:
614 1764 706 1817 sed
761 1764 971 1819 hostem
1021 1766 1243 1834 reperit.
1288 1766 1603 1820 Remedium
1651 1768 1776 1821 dum
1827 1769 2004 1836 requi-

2116 1767 2452 1838 Βηλητηρίοις
2485 1767 2723 1834 ἐνέτυχε.
2762 1764 2889 1817 Δέον
2919 1762 3355 1833 παραμυθεῖσθαι
3379 1763 3477 1814 τοῦ
3505 1763 3712 1832 ἀνδρὸς

437 1863 602 1918 reret,
636 1854 687 1907 in
733 1869 997 1910 venenum
1050 1858 1259 1911 incidit.
1303 1856 1545 1913 Officium
1599 1867 1744 1913 tuum
1799 1858 1992 1922 fuerat,

2116 1859 2194 1929 τὴν
2220 1856 2509 1925 πτωχείαν,
2541 1855 2606 1906 σὺ
2637 1853 2692 1906 δὲ
2724 1851 3178 1914 πολυπλασιάζεις
3208 1850 3302 1918 τὴν
3337 1848 3576 1908 ἔνδειαν,
3605 1851 3704 1900 ἔκο

444 1947 545 1998 viri
573 1947 858 2002 sublevare
885 1949 1159 2019 inopiam:
1193 1960 1247 2004 at
1297 1960 1352 2004 tu
1399 1951 1541 2006 illius
1580 1952 1814 2020 adauges
1854 1965 2005 2019 egese

2116 1945 2457 2017 καρποῦσθαι
2485 1942 2661 2013 ζητῶν
2694 1942 2792 2012 τὴν
2830 1941 3052 2010 ἔρημον.
3077 1941 3286 2006 Ὥσπερ
3310 1940 3424 2009 (50)
3443 1939 3518 1990 ἂν
3544 1942 3600 1991 εῖ
3618 1957 3705 1998 τις

439 2047 627 2101 tatem,
662 2039 897 2094 hominis
932 2041 1170 2095 destituti
1200 2041 1479 2097 facultates
1514 2057 1764 2111 quaerens
1796 2043 2005 2096 exhau-

2117 2045 2300 2116 ίατρὸς
2332 2047 2466 2116 πρὸς
2494 2044 2795 2112 κάμνοντας
2822 2041 3023 2101 εἰσιὼν,
3066 2038 3183 2090 ἀντὶ
3215 2034 3305 2086 τοῦ
3340 2033 3567 2099 ὑγίειαν
3601 2031 3704 2084 1-3—

437 2131 564 2182 rire.
599 2127 775 2184 Veluti
805 2131 849 2186 si
881 2131 1002 2199 quis
1031 2133 1272 2187 medicus
1318 2142 1544 2202 a-grotos
1583 2133 1843 2199 invisens,
1882 2149 2004 2188 cum

2116 2138 2222 2197 τοῖς
2265 2135 2648 2202 ἐπαναγαγεῖν,
2695 2132 2722 2183 6
2755 2132 2811 2184 δὲ
2855 2132 2947 2183 καὶ
2979 2129 3038 2182 τὸ
3070 2127 3260 2197 μικρὸν
3291 2123 3556 2191 λείψανον
3601 2120 3704 2187 τῆς

437 2219 518 2271 eis
579 2220 801 2275 deberet
851 2223 1134 2277 restituere
1184 2225 1490 2288 sanitatem,
1541 2238 1571 2278 e
1612 2226 1884 2278 contrario
1926 2227 2005 2280 eis

2116 2223 2388 2295 δυνάμεως
2422 2222 2844 2294 προσαφέλοιτο·
2871 2220 3012 2273 οὕτω
3053 2218 3144 2272 καὶ
3177 2217 3238 2269 σὺ
3273 2215 3371 2276 τὰς
3402 2231 3464 2264 συ
3476 2210 3699 2282 μφοράς

439 2309 524 2362 vel
555 2311 779 2377 exiguas
827 2312 1023 2364 virium
1075 2313 1330 2382 reliquias
1375 2313 1680 2366 adimeret:
1731 2314 1811 2366 sic
1851 2322 1904 2367 et
1949 2322 2005 2367 tu

2116 2315 2218 2368 τῶν
2266 2315 2465 2369 ἀθλίων
2517 2314 2768 2384 ἀφορμὴν
2820 2313 3000 2384 πόρων
3045 2311 3191 2378 ποιῇ.
3247 2308 3359 2358 Καὶ
3413 2304 3614 2372 ῶσπερ
3653 2305 3696 2354 οξ

440 2401 760 2454 miserorum
795 2403 1140 2457 calamitates
1181 2413 1416 2471 quaestus
1461 2406 1803 2458 occasionem
1849 2404 2000 2460 facis.

2116 2407 2343 2476 γεωργοὶ
2374 2405 2608 2476 ὄμϐρους
2641 2403 2888 2473 εὔχονται
2938 2404 3016 2463 είς
3050 2397 3542 2464 πολυπλασιασμδν
3591 2395 3696 2446 τῶν

439 2492 509 2544 Et
543 2492 682 2547 sicut
713 2494 889 2549 coloni
923 2496 990 2549 ad
1040 2496 1305 2550 seminum
1351 2495 1848 2564 multiplicationem
1889 2497 2005 2550 im!

2116 2500 2468 2570 σπερμάτων,
2504 2498 2644 2550 οὕτω
2687 2497 2782 2550 καὶ
2836 2495 2898 2547 σὺ
2940 2494 3143 2556 ἐνδείας
3191 2492 3282 2544 καὶ
3328 2491 3575 2559 ἀπορίας
3608 2490 3696 2539 ἀν-

439 2582 564 2637 bres
629 2595 903 2654 exoptant,
961 2586 1032 2640 ita
1090 2597 1145 2642 et
1197 2596 1250 2641 tu
1306 2597 1598 2657 egestatem
1659 2597 1712 2642 et
1767 2589 2001 2656 inopiam

2116 2591 2339 2665 θρῶπων
2356 2590 2649 2659 ἐπιζητεῖς,
2674 2589 2758 2641 ἵνα
2794 2604 2874 2639 σοι
2903 2585 3097 2655 ἐνεργά
3132 2584 3199 2636 τά
3231 2583 3498 2652 χρήματα
3533 2580 3693 2648 γένη-

443 2675 715 2729 hominum
769 2686 950 2749 Aoptas,
998 2678 1090 2731 tibi
1141 2688 1200 2731 ut
1238 2690 1558 2747 qumstuosaa
1603 2680 1711 2732 sint
1739 2682 1998 2748 pecunias.

2116 2701 2218 2736 ται.
2283 2683 2518 2750 Ἀγνοεῖς
2579 2679 2800 2732 πλείονα
2859 2675 3172 2748 προσθήκην
3225 2676 3343 2734 ταῖς
3390 2671 3691 2740 ἁμαρτίαις

435 2766 518 2818 An
553 2767 766 2836 ignoras
806 2767 984 2823 facere
1027 2778 1076 2822 te
1113 2769 1478 2824 accessionem
1515 2770 1771 2838 majorem
1806 2786 1999 2840 pecca-

2116 2769 2445 2838 ποιούμενος,
2481 2767 2513 2838 ἢ
2554 2767 2632 2837 τῷ
2661 2766 2874 2836 πλούτῳ
2917 2765 3015 2835 τὴν
3051 2762 3273 2831 αὔξησιν
3316 2760 3429 2812 ἀπὸ
3463 2760 3579 2811 τῶν
3614 2758 3692 2809 τό·

439 2856 528 2918 tis,
578 2872 736 2924 quam
784 2872 943 2927 Opum
985 2868 1070 2913 est
1113 2860 1504 2914 incrementum
1553 2861 1619 2914 de
1658 2860 1864 2916 fcenore
1904 2877 2000 2915 exs

2116 2878 2217 2913 κων
2249 2858 2511 2923 ἐπινοῶν;
2554 2859 2662 2910 Καὶ
2686 2859 2715 2908 6
2741 2858 2836 2928 μὲν
2859 2855 3035 2927 ζητῶν
3066 2854 3125 2906 τὸ
3147 2854 3408 2934 δάνεισμα
3436 2852 3576 2921 (51),
3607 2849 3692 2918 μὲ-

436 2952 776 3017 spectatum?
839 2951 903 3004 Et
956 2951 1174 3021 quidem
1237 2962 1519 3023 argentum
1561 2954 1613 3007 in
1677 2953 1855 3008 faenus
1912 2955 1999 3023 qui

436 3043 648 3109 quaerit,
679 3043 890 3097 consilii
931 3044 1085 3113 inops
1127 3044 1294 3098 haeret
1338 3045 1563 3099 medius.
1619 3045 1830 3100 Etenim
1878 3060 1999 3099 cum

438 3131 771 3200 respicit'ad
821 3141 1211 3201 paupertatem,
1265 3133 1332 3185 de
1385 3131 1654 3187 solutione
1706 3135 1994 3202 desperat:

2110 2969 2198 3014 σος
2224 2949 2528 3020 ἀμηχανίας
2559 2948 2985 3018 ἀπειλημμένος,
3020 2947 3146 2998 ὅταν
3171 2945 3266 3015 μὲν
3297 2943 3433 3011 πρὸς
3454 2942 3557 3010 τὴν
3593 2957 3689 2991 πε-

2107 3045 2222 3098 νίαν
2266 3043 2452 3113 ἀπίδῃ,
2490 3041 2853 3109 ἀπογινώσκει
2895 3039 2991 3110 τὴν
3033 3039 3258 3098 ἔκτισιν,
3291 3037 3420 3089 ὅταν
3457 3035 3517 3086 δὲ
3553 3034 3686 3104 1:96;

2103 3135 2202 3204 τὴν
2227 3133 2503 3204 παροῦσαν
2537 3132 2803 3201 ἀνάγκην,
2839 3129 3150 3198 κατατολμᾷ.
3178 3127 3271 3180 τοῦ
3298 3127 3682 3194 δανείσματος.

437 3237 559 3276 cum
588 3237 718 3278 vero
748 3233 1068 3292 praesentem
1099 3223 1406 3277 considerat
1435 3233 1749 3294 egestatem,
1796 3226 2002 3279 fmnore

2116 3221 2239 3278 Εἶτα
2271 3226 2299 3276 ὁ
2331 3224 2428 3294 μὲν
2471 3221 2675 3293 ἡττήθη
2713 3219 2998 3288 ὑποκύψας
3034 3221 3099 3288 τῇ
3120 3217 3278 3289 χρεία]⁹
3301 3233 3315 3245 ·
3353 3218 3382 3267 6
3422 3215 3478 3266 δὲ
3515 3214 3687 3284 ἀπέρ-

437 3314 720 3382 pecuniam
743 3316 928 3369 sumit.
959 3315 1160 3368 Deinde
1187 3315 1359 3370 altero
1393 3316 1558 3380 victo,
1583 3331 1647 3369 ac
1692 3317 2003 3371 necessitati

438 3405 686 3469 cedente,
723 3403 862 3458 alter
890 3405 1020 3471 abit,
1055 3404 1331 3459 schedulis
1355 3404 1808 3473 cautionibusque
1857 3420 2004 3459 com-

437 3496 696 3550 munitus.

508 3587 561 3639 2.
601 3585 823 3652 Contra,
866 3596 1146 3655 argentum
1199 3587 1289 3655 qui
1338 3587 1563 3656 accepit,
1617 3588 1848 3656 primum
1889 3587 2004 3656 qui-

439 3678 560 3731 dem
634 3678 944 3748 splendidus
1020 3694 1083 3734 ao
1149 3680 1335 3733 hilaris
1390 3689 1503 3742 est,
1550 3687 1605 3733 et
1653 3680 1828 3734 alieno
1876 3679 2006 3735 flore

439 3769 767 3833 oblectatus,
793 3768 1089 3822 mutatione
1118 3769 1238 3822 vita:
1269 3767 1598 3822 inclarescit.
1643 3766 1810 3825 Lauta
1860 3768 2003 3820 enim

440 3871 624 3910 mensa
674 3867 776 3922 est,
827 3858 992 3912 vestis
1037 3857 1343 3925 pretiosior,
1400 3857 1582 3909 famuli
1643 3857 2006 3925 splendidiore

440 3949 626 4003 habitu
661 3949 856 4015 induti,
895 3949 1226 4014 adulatores,
1267 3939 1637 4017 compomres;
1676 3950 1781 4003 fuci
1818 3949 2006 4003 domo-

441 4056 559 4093 rum
590 4041 878 4096 innumeri.
918 4041 1021 4094 Sed
1055 4057 1175 4095 cum
1206 4043 1405 4097 sensim
1457 4042 1705 4096 diffluunt
1745 4042 2002 4110 pecuniae,

444 4143 760 4201 tempusque
800 4134 1145 4202 progrediens
1185 4149 1364 4188 secum
1411 4134 1588 4189 fumus
1627 4135 1864 4195 advehit,
1894 4145 2003 4188 tum

441 4223 492 4278 ei
526 4225 762 4294 requiem
802 4241 904 4277 non
960 4225 1190 4278 afferunt
1240 4234 1441 4290 noctes,
1495 4243 1598 4278 non
1655 4226 1770 4280 dies
1819 4225 2004 4280 hilaris

439 4325 546 4379 est,
583 4332 688 4370 non
721 4317 801 4370 sol
851 4318 1142 4386 jncumlus,
1182 4318 1274 4370 sed
1319 4334 1440 4372 eum
1487 4319 1604 4370 vitae
1651 4321 1826 4371 ta-det.
1886 4319 2005 4373 Dies

439 4409 507 4462 ad
535 4409 883 4461 constitutum
915 4417 1124 4475 tempus
1153 4407 1468 4462 festinantes
1500 4409 1661 4463 habet
1686 4410 1832 4473 odio,
1860 4411 2002 4462 exti-

443 4499 637 4553 meSt-it
690 4513 907 4552 menses
965 4511 1216 4566 tanquam
1266 4498 1490 4553 fwnoris
1545 4509 1815 4567 parentes.
1849 4501 2001 4565 Quod

441 4589 487 4641 si
526 4591 776 4650 dormiat,
807 4587 952 4640 videt
981 4587 1357 4642 f'tnneratorem
1385 4589 1435 4640 in
1460 4589 1683 4652 somnis,
1713 4591 1851 4655 quod
1885 4604 1999 4640 ma-

440 4677 548 4734 lum
597 4681 864 4734 somnium
914 4686 1030 4741 est,
1078 4679 1240 4745 capiti
1289 4688 1552 4732 astantem
1596 4695 1612 4732 :
1659 4680 1700 4732 si
1751 4693 1878 4731 vero
1921 4678 2000 4729 vi-

439 4771 591 4840 gilet,
631 4775 836 4844 cogitat
874 4788 934 4827 ac
966 4774 1225 4829 sollicitus
1252 4779 1335 4824 est
1370 4772 1434 4823 de
1464 4771 1690 4824 fcenorc.
1737 4771 1872 4823 Dum
1905 4771 2000 4838 [og-

539 5018 628 5086 30)
668 5017 823 5090 flolb.
873 5029 1097 5090 quartus
1141 5020 1348 5090 ’Ὠσπερ
1376 5021 1502 5090 γάρ,
1530 5020 1729 5080 lhidem
1757 5035 1846 5074 sex
1881 5037 2010 5074 mss.

445 5103 566 5141 cum
617 5087 851 5140 editione
892 5088 1054 5160 Rasil.
1094 5107 1179 5160 τις
1218 5087 1928 5160 ἰατρῶν.’Βρςίἰπεθρυηάιιε
1961 5102 2014 5146 et

445 5166 672 5230 quartus
692 5171 815 5230 cum
839 5158 1075 5230 editione
1093 5159 1262 5212 Paris.
1283 5157 1368 5222 τις
1407 5160 1607 5230 ἰατρός.
1634 5157 1794 5214 ’11³υά
1828 5161 2010 5227 procul

446 5225 716 5290 ἱίΙςι,ούτω
734 5227 830 5278 καὶ
861 5226 947 5290 σύ,
971 5231 1165 5281 desunt
1189 5231 1239 5282 in
1255 5230 1445 5283 editis:
1481 5225 1574 5282 s'ed
1597 5225 1933 5296 reperiuntur
1958 5230 2008 5282 in

447 5299 578 5362 Reg.
600 5297 800 5366 primo,
819 5306 874 5349 et
895 5298 946 5349 in
971 5298 1117 5364 Regii
1137 5301 1314 5365 quarti
1352 5303 1611 5367 margine,
1636 5302 1678 5352 si
1700 5315 1804 5350 non
1824 5303 2007 5350 eadem

443 5382 632 5485 :(nabnu,
665 5375 720 5418 at
755 5368 974 5436 antiqua
1013 5377 1212 5421 tamen.
1255 5369 1492 5424 Subinde
1517 5367 1650 5439 Reg.
1670 5368 1856 5423 tertius
1882 5369 2008 5430 τοὺς

453 5453 517 5485 λυ.
560 5453 702 5485 ρους.

453 5453 702 5497 εμορους.

479 5453 702 5505 μόρους.

831 5507 1024 5579 tertius
1049 5507 1228 5579 ζητῶν
1262 5509 1321 5561 τὸ
1346 5509 1574 5563 δάνειον.

523 5575 632 5642 (3‘2)
673 5576 785 5627 Vox
817 5576 978 5628 αὐτόν
1007 5575 1263 5633 scribitur
1301 5581 1351 5630 in
1403 5579 1636 5631 editione
1669 5576 1842 5631 Paris.
1898 5592 2018 5630 cum

449 5645 643 5716 spiritu
671 5659 901 5710 aSpero;
942 5649 990 5700 in
1017 5651 1251 5702 editione
1285 5665 1408 5700 vero
1442 5647 1601 5700 Basil.
1624 5648 1845 5716 perinde
1876 5662 1938 5698 ac
1967 5649 2016 5698 in

454 5715 692 5785 quinque
726 5729 857 5785 mss.
881 5731 1002 5768 cum
1031 5718 1156 5770 leni.
1184 5718 1334 5782 Quod
1361 5719 1402 5771 si
1429 5715 1692 5785 quispiam
1725 5717 1850 5768 velit
1892 5717 2018 5769 scri-

452 5780 579 5844 bere
613 5780 772 5833 αὐτόν
806 5799 926 5838 cum
959 5785 1085 5851 leui,
1126 5780 1351 5854 eamque
1395 5780 1578 5842 vocem
1615 5787 1683 5847 ad
1719 5786 2012 5841 debitorem

2106 3335 2279 3386 χεται,
2314 3315 2710 3386 γραμματείοις
2739 3312 2900 3365 αὑτὸν
2932 3310 3042 3380 (52)
3071 3311 3163 3362 καὶ
3196 3307 3478 3377 ἐχεγγύοις
3502 3307 3683 3372 cia-gz-

2107 3407 2419 3476 λισάμενος.

2175 3588 2230 3642 2.
2266 3587 2456 3641 Λαϐὼν
2487 3587 2543 3639 δὲ
2585 3585 2652 3639 τά
2695 3585 2973 3655 χρήματα,
3019 3583 3116 3652 τὴν
3147 3581 3242 3650 μὲν
3275 3577 3499 3648 πρώτην
3546 3577 3687 3645 λαμ-

2107 3682 2240 3752 πρός
2279 3682 2393 3732 ἐστι
2425 3679 2519 3732 καὶ
2542 3677 2866 3748 περιχαρὴς,
2897 3672 3159 3744 ἀλλοτρίῳ
3186 3670 3333 3722 ἄνθει
3361 3668 3686 3736 γεγανωμέο

2106 3790 2214 3835 νος,
2265 3770 2639 3840 ἐπισημαίνων
2676 3771 2742 3838 τῇ
2781 3766 3047 3836 μεταϐολῇ
3082 3763 3175 3818 τοῦ
3216 3762 3329 3832 βίου
3354 3778 3369 3790 ·
3435 3758 3686 3830 τράπεζα

2106 3864 2213 3935 γάρ
2252 3862 2531 3932 ἀνειμένη,
2559 3861 2722 3931 ἐσθὴς
2747 3858 3198 3926 πολυτελεστέρα·
3227 3854 3437 3908 οἰκέται
3463 3853 3605 3921 πρὸς
3631 3849 3688 3903 τὺ

2107 3955 2453 4026 φαιδρότερον
2509 3952 2896 4022 ἐξηλλαγμένοι
2961 3951 3036 4018 τῷ
3097 3951 3354 4020 σχήματι,
3431 3949 3683 4011 κόλακες,

2108 4047 2412 4116 συμπόται·
2436 4045 2678 4114 κηφῆνες
2703 4044 2812 4111 (55)
2837 4044 2998 4095 οἴκων
3027 4045 3237 4114 μυρίοι·
3275 4043 3350 4105 ῶς
3377 4043 3435 4094 δὲ
3475 4042 3549 4094 τὰ
3587 4044 3686 4111 μὲν

2107 4140 2362 4209 χρήματα
2395 4137 2640 4208 ὑπορρεῖ,
2687 4135 2714 4186 6
2758 4135 2814 4188 δὲ
2854 4135 3041 4205 χρόνος
3071 4133 3274 4208 προῖὼν
3310 4135 3441 4195 τοὺς
3490 4135 3688 4195 τόκους

2105 4227 2283 4297 ἐαυτῷ
2321 4225 2680 4295 συμπροάγει,
2711 4225 2772 4276 ού
2804 4224 2995 4286 νύκτες
3030 4223 3220 4293 ἐκείνῳ
3245 4224 3561 4276 ἀνάπαυσιν
3597 4223 3690 4290 τιςέ-

2107 4332 2311 4386 ρουσιν,
2341 4315 2438 4383 οὐχ
2464 4312 2643 4382 ἡμέρα
2675 4311 2893 4382 φαιδρὰ,
2934 4312 3029 4380 οξιχ
3066 4310 3214 4380 ἥλιος
3251 4311 3512 4380 τερπνὸς,
3551 4309 3687 4362 ἀλλά

2103 4407 2441 4477 δυσχεραίνει
2491 4404 2581 4456 τὸν
2635 4403 2766 4472 βίον,
2819 4406 2964 4472 μισεῖ
3008 4402 3102 4464 τάς
3149 4402 3362 4471 ἡμέρας
3418 4403 3560 4470 πρὸς
3593 4402 3687 4467 τὴν

2108 4497 2440 4568 προθεσμίαν
2467 4494 2845 4563 ἐπειγομένας,
2865 4493 3104 4560 φοϐεῖται
3128 4495 3253 4554 τοὺς
3288 4493 3466 4562 μῆνας
3497 4492 3576 4555 ὡς
3605 4492 3687 4543 τό·

2106 4607 2216 4643 κων
2246 4587 2504 4656 πατέρας.
2540 4585 2657 4637 Κᾶν
2684 4584 2937 4656 καθεύδῃ,
2967 4584 3212 4637 ἐνύπνιον
3247 4582 3438 4651 βλέπει
3471 4583 3566 4634 τὸν
3597 4582 3686 4634 δα-

2110 4678 2342 4750 νειστὴν,
2387 4676 2553 4729 κακὸν
2589 4676 2740 4744 ὄναρ,
2767 4677 2833 4744 τῇ
2868 4674 3074 4744 κεφαλῇ
3112 4675 3550 4744 περιστάμενονο
3587 4673 3686 4726 xiv

2111 4771 2380 4841 γρηγορῆ,
2409 4768 2584 4826 ἔννοια
2609 4767 2758 4821 αὑτῶ
2787 4767 2880 4820 καὶ
2910 4769 3131 4835 φροντὶς
3155 4769 3184 4819 6
3213 4767 3370 4829 τόκος
3395 4769 3516 4819 ἐστί
3535 4785 3548 4795 ·
3594 4771 3686 4820 Δύ-

2117 5018 2346 5077 referre.
2384 5020 2526 5071 hunc
2560 5017 2733 5071 locum
2770 5017 2850 5070 sic
2889 5014 3087 5082 poterit
3113 5010 3464 5082 interpretari
3496 5027 3509 5059 :
3546 5010 3685 5063 Alter

2116 5106 2231 5143 vero
2254 5087 2400 5139 illinc
2416 5087 2522 5139 abit
2536 5097 2804 5155 postquam
2823 5081 3101 5138 debitorem
3113 5081 3382 5155 schedulis
3396 5091 3686 5155 atque_cau-

2115 5159 2342 5210 tionibus
2378 5151 2613 5222 strinafit,
2659 5151 2749 5210 Seu
2789 5155 3058 5222 obligavit.
3098 5153 3213 5222 Quo
3232 5165 3421 5222 fenSII
3464 5151 3682 5222 verbum

2114 5224 2478 5295 ἀσυαλίζομαι
2501 5219 2788 5295 usurpatur
2814 5219 2932 5276 Act.
2956 5239 3065 5286 xw,
3095 5221 3164 5295 24
3192 5220 3370 5295 :_To_-I_J;_
3396 5220 3577 5295 ’πόδας
3599 5219 3686 5295 at}-

2113 5289 2220 5348 τῶν
2245 5289 2598 5365 ἠσφαλίσατο,
2631 5294 2792 5346 Pedes
2812 5309 2991 5365 egrum
3025 5292 3268 5365 strinxit_._
3299 5289 3505 5341 Ibidem
3539 5290 3678 5365 Coll).

2127 5359 2350 5430 quartus
2408 5365 2795 5436 γραμματίοις.
2845 5361 3024 5436 Paulo
3065 5371 3182 5436 post
3238 5359 3368 5436 Reg.
3418 5359 3682 5436 secundus

2127 5428 2382 5504 ἀνειμένη
2417 5428 2981 5506 καῖ’πολυτελεστέρα,
3011 5431 3170 5506 ἐσθὴς
3198 5428 3553 5506 φαιδροτὲρα.

2196 5499 2308 5574 ('53)
2340 5499 2513 5558 Editiu
2546 5506 2712 5574 Paris.
2739 5514 2792 5555 et
2827 5499 3201 5574 Reg._rterlius
3225 5499 3486 5574 κηφῆνες⁴
3509 5499 3678 5574 67.91-

2125 5568 2264 5630 κτοι.
2288 5574 2401 5627 Vox
2431 5575 2616 5626 ultima
2648 5573 2798 5626 deest
2829 5573 2880 5624 in
2914 5568 3034 5623 aliis
3061 5579 3262 5637 septem
3297 5583 3435 5619 mss.
3468 5568 3680 5637 (eliser-

2124 5647 2216 5700 tini
2247 5646 2509 5712 septimus
2532 5653 2586 5696 et
2613 5655 2837 5694 octavus
2867 5641 3104 5712 κηφῆνες
3125 5634 3563 5712 ὀἴκων-μυρίων.
3601 5634 3670 5684 In-

2123 5716 2201 5768 fra
2230 5706 2392 5786 editio
2422 5713 2597 5786 Paris.
2626 5710 2900 5765 δανειστοῦ
2919 5706 3044 5786 γάρ.
3075 5709 3231 5764 Deest
3252 5706 3362 5774 γάρ
3387 5710 3442 5758 in
3485 5721 3614 5759 mss.
3634 5711 3681 5756 et

2121 5787 2170 5839 in
2201 5785 2432 5840 editione
2461 5781 2621 5839 Basil.
