  <div class='ocr_page' id='page_1' title='image "/cluster/home/n/w/nwhite01/storage/ocr_20150623/29/nnc1.0046978755/590.png"; bbox 0 0 3818 6220; ppageno 0'>
   <div class='ocr_carea' id='block_1_1' title="bbox 116 350 240 408">
    <p class='ocr_par' dir='ltr' id='par_1_1' title="bbox 116 350 240 408">
     <span class='ocr_line' id='line_1_1' title="bbox 116 350 240 408; baseline -0.016 0"><span class='ocrx_word' id='word_1_1' title='bbox 116 350 240 408; x_wconf 72' lang='lat'><strong>2&#39;39</strong></span> 
     </span>
    </p>
   </div>
   <div class='ocr_carea' id='block_1_2' title="bbox 1311 352 2290 413">
    <p class='ocr_par' dir='ltr' id='par_1_2' title="bbox 1311 352 2290 413">
     <span class='ocr_line' id='line_1_2' title="bbox 1311 352 2290 413; baseline 0.004 -5"><span class='ocrx_word' id='word_1_2' title='bbox 1311 352 1658 410; x_wconf 81' lang='lat' dir='ltr'><strong>llOMlLlAll</strong></span> <span class='ocrx_word' id='word_1_3' title='bbox 1681 355 1745 410; x_wconf 84' lang='grc' dir='ltr'><strong>ΙΝ</strong></span> <span class='ocrx_word' id='word_1_4' title='bbox 1785 355 2110 413; x_wconf 79' lang='lat' dir='ltr'><strong>PSALMUM</strong></span> <span class='ocrx_word' id='word_1_5' title='bbox 2149 356 2290 412; x_wconf 84' lang='lat' dir='ltr'><strong>XIV.</strong></span> 
     </span>
    </p>
   </div>
   <div class='ocr_carea' id='block_1_3' title="bbox 3285 359 3390 414">
    <p class='ocr_par' dir='ltr' id='par_1_3' title="bbox 3285 359 3390 414">
     <span class='ocr_line' id='line_1_3' title="bbox 3285 359 3390 414; baseline 0.019 -2"><span class='ocrx_word' id='word_1_6' title='bbox 3285 359 3390 414; x_wconf 67' lang='grc' dir='ltr'><strong>ΥΟ</strong></span> 
     </span>
    </p>
   </div>
   <div class='ocr_carea' id='block_1_4' title="bbox 119 467 1705 548">
    <p class='ocr_par' dir='ltr' id='par_1_4' title="bbox 119 467 1705 542">
     <span class='ocr_line' id='line_1_4' title="bbox 119 467 1705 542; baseline 0.003 -19"><span class='ocrx_word' id='word_1_7' title='bbox 119 467 402 534; x_wconf 83' lang='grc' dir='ltr'><em>νειστοῦ,</em></span> <span class='ocrx_word' id='word_1_8' title='bbox 441 468 598 540; x_wconf 75' lang='grc' dir='ltr'>φησὶ,</span> <span class='ocrx_word' id='word_1_9' title='bbox 639 468 738 521; x_wconf 77' lang='grc' dir='ltr'><strong>καὶ</strong></span> <span class='ocrx_word' id='word_1_10' title='bbox 783 469 1214 538; x_wconf 67' lang='grc' dir='ltr'><strong>χρεωφειλέτου</strong></span> <span class='ocrx_word' id='word_1_11' title='bbox 1244 471 1705 542; x_wconf 66' lang='grc' dir='ltr'><strong>ἀπαντησάντων</strong></span> 
     </span>
    </p>
   </div>
   <div class='ocr_carea' id='block_1_5' title="bbox 1816 467 3392 548">
    <p class='ocr_par' dir='ltr' id='par_1_5' title="bbox 1823 477 3392 548">
     <span class='ocr_line' id='line_1_5' title="bbox 1823 477 3392 548; baseline 0.001 -18"><span class='ocrx_word' id='word_1_12' title='bbox 1823 487 2055 546; x_wconf 83' lang='lat' dir='ltr'><strong>nerator,</strong></span> <span class='ocrx_word' id='word_1_13' title='bbox 2085 479 2285 548; x_wconf 93' lang='lat' dir='ltr'><strong>inquit,</strong></span> <span class='ocrx_word' id='word_1_14' title='bbox 2317 487 2364 531; x_wconf 77' lang='lat' dir='ltr'><strong>et</strong></span> <span class='ocrx_word' id='word_1_15' title='bbox 2406 477 2609 530; x_wconf 85' lang='lat' dir='ltr'><strong>debitor</strong></span> <span class='ocrx_word' id='word_1_16' title='bbox 2637 479 2772 530; x_wconf 85' lang='lat' dir='ltr'><strong>inter</strong></span> <span class='ocrx_word' id='word_1_17' title='bbox 2795 477 2861 546; x_wconf 82' lang='lat' dir='ltr'><strong>[se</strong></span> <span class='ocrx_word' id='word_1_18' title='bbox 2901 479 3230 545; x_wconf 80' lang='lat' dir='ltr'><strong>conveniunt,</strong></span> <span class='ocrx_word' id='word_1_19' title='bbox 3270 481 3392 532; x_wconf 79' lang='lat' dir='ltr'><strong>risi-</strong></span> 
     </span>
    </p>
   </div>
   <div class='ocr_carea' id='block_1_6' title="bbox 119 559 1712 630">
    <p class='ocr_par' dir='ltr' id='par_1_6' title="bbox 119 559 1712 630">
     <span class='ocr_line' id='line_1_6' title="bbox 119 559 1712 630; baseline 0.002 -15"><span class='ocrx_word' id='word_1_20' title='bbox 119 559 452 626; x_wconf 73' lang='grc' dir='ltr'>ἀλλήλοις,</span> <span class='ocrx_word' id='word_1_21' title='bbox 488 559 832 626; x_wconf 81' lang='grc' dir='ltr'><strong>ἐπισκοπὴν</strong></span> <span class='ocrx_word' id='word_1_22' title='bbox 864 560 1208 630; x_wconf 70' lang='grc' dir='ltr'><strong>ἀμφοτέρων</strong></span> <span class='ocrx_word' id='word_1_23' title='bbox 1245 563 1490 617; x_wconf 81' lang='grc' dir='ltr'><em>ποιεῖται</em></span> <span class='ocrx_word' id='word_1_24' title='bbox 1535 567 1566 618; x_wconf 82' lang='grc' dir='ltr'><em>ὀ</em></span> <span class='ocrx_word' id='word_1_25' title='bbox 1595 565 1712 620; x_wconf 83' lang='grc' dir='ltr'><strong>Κύ-</strong></span> 
     </span>
    </p>
   </div>
   <div class='ocr_carea' id='block_1_7' title="bbox 115 649 1713 726">
    <p class='ocr_par' dir='ltr' id='par_1_7' title="bbox 115 649 1713 726">
     <span class='ocr_line' id='line_1_7' title="bbox 115 649 1713 726; baseline 0.003 -22"><span class='ocrx_word' id='word_1_26' title='bbox 115 668 280 719; x_wconf 85' lang='grc' dir='ltr'>ριος.</span> <span class='ocrx_word' id='word_1_27' title='bbox 327 650 385 704; x_wconf 86' lang='lat'><strong>&#39;0</strong></span> <span class='ocrx_word' id='word_1_28' title='bbox 416 649 515 720; x_wconf 86' lang='grc' dir='ltr'>μὲν</span> <span class='ocrx_word' id='word_1_29' title='bbox 551 650 738 718; x_wconf 85' lang='grc' dir='ltr'>ὥσπερ</span> <span class='ocrx_word' id='word_1_30' title='bbox 766 649 912 704; x_wconf 88' lang='grc' dir='ltr'><strong>κύων</strong></span> <span class='ocrx_word' id='word_1_31' title='bbox 948 651 1222 724; x_wconf 80' lang='grc' dir='ltr'><strong>ἐπιτρέχει</strong></span> <span class='ocrx_word' id='word_1_32' title='bbox 1261 657 1325 724; x_wconf 85' lang='grc' dir='ltr'>τῇ</span> <span class='ocrx_word' id='word_1_33' title='bbox 1355 655 1532 726; x_wconf 82' lang='grc' dir='ltr'>ἄγρᾳ·</span> <span class='ocrx_word' id='word_1_34' title='bbox 1582 658 1610 708; x_wconf 89' lang='lat'><strong>6</strong></span> <span class='ocrx_word' id='word_1_35' title='bbox 1656 655 1713 708; x_wconf 90' lang='grc' dir='ltr'><strong>δέ</strong></span> 
     </span>
    </p>
   </div>
   <div class='ocr_carea' id='block_1_8' title="bbox 116 742 1708 818">
    <p class='ocr_par' dir='ltr' id='par_1_8' title="bbox 116 742 1708 818">
     <span class='ocr_line' id='line_1_8' title="bbox 116 742 1708 818; baseline 0.004 -22"><span class='ocrx_word' id='word_1_36' title='bbox 116 743 324 814; x_wconf 82' lang='grc' dir='ltr'>ὥσπερ</span> <span class='ocrx_word' id='word_1_37' title='bbox 365 742 580 814; x_wconf 77' lang='grc' dir='ltr'>ἕτοιμον</span> <span class='ocrx_word' id='word_1_38' title='bbox 611 742 834 816; x_wconf 80' lang='grc' dir='ltr'>θήραμα</span> <span class='ocrx_word' id='word_1_39' title='bbox 871 746 1244 816; x_wconf 84' lang='grc' dir='ltr'>καταπτήσσει</span> <span class='ocrx_word' id='word_1_40' title='bbox 1273 746 1370 816; x_wconf 85' lang='grc' dir='ltr'><strong>τὴν</strong></span> <span class='ocrx_word' id='word_1_41' title='bbox 1401 749 1708 818; x_wconf 86' lang='grc' dir='ltr'>συντυχίαν.</span> 
     </span>
    </p>
   </div>
   <div class='ocr_carea' id='block_1_9' title="bbox 132 833 1707 908">
    <p class='ocr_par' dir='ltr' id='par_1_9' title="bbox 132 833 1707 908">
     <span class='ocr_line' id='line_1_9' title="bbox 132 833 1707 908; baseline 0.004 -22"><span class='ocrx_word' id='word_1_42' title='bbox 132 833 482 904; x_wconf 83' lang='grc' dir='ltr'>’Δφαιρεῖται</span> <span class='ocrx_word' id='word_1_43' title='bbox 508 833 614 906; x_wconf 85' lang='grc' dir='ltr'>γὰρ</span> <span class='ocrx_word' id='word_1_44' title='bbox 655 834 820 888; x_wconf 83' lang='grc' dir='ltr'>αὑτοῦ</span> <span class='ocrx_word' id='word_1_45' title='bbox 848 835 946 906; x_wconf 86' lang='grc' dir='ltr'>τὴν</span> <span class='ocrx_word' id='word_1_46' title='bbox 983 837 1294 908; x_wconf 73' lang='grc' dir='ltr'>παρρησίαν</span> <span class='ocrx_word' id='word_1_47' title='bbox 1337 839 1398 890; x_wconf 86' lang='grc' dir='ltr'><em>τὸ</em></span> <span class='ocrx_word' id='word_1_48' title='bbox 1429 840 1707 895; x_wconf 82' lang='grc' dir='ltr'>πένεσθαι.</span> 
     </span>
    </p>
   </div>
   <div class='ocr_carea' id='block_1_10' title="bbox 131 923 1712 998">
    <p class='ocr_par' dir='ltr' id='par_1_10' title="bbox 131 923 1712 998">
     <span class='ocr_line' id='line_1_10' title="bbox 131 923 1712 998; baseline 0.003 -22"><span class='ocrx_word' id='word_1_49' title='bbox 131 923 502 995; x_wconf 78' lang='grc' dir='ltr'>Ἀμφοτέροις</span> <span class='ocrx_word' id='word_1_50' title='bbox 551 926 584 994; x_wconf 86' lang='grc' dir='ltr'><strong>ή</strong></span> <span class='ocrx_word' id='word_1_51' title='bbox 619 923 797 995; x_wconf 78' lang='grc' dir='ltr'>ψῆφος</span> <span class='ocrx_word' id='word_1_52' title='bbox 841 925 932 977; x_wconf 78' lang='grc' dir='ltr'>ἐπὶ</span> <span class='ocrx_word' id='word_1_53' title='bbox 977 925 1254 980; x_wconf 85' lang='grc' dir='ltr'><strong>δακτύλων</strong></span> <span class='ocrx_word' id='word_1_54' title='bbox 1278 943 1290 956; x_wconf 90' lang='grc'><strong>·</strong></span> <span class='ocrx_word' id='word_1_55' title='bbox 1337 928 1430 980; x_wconf 81' lang='grc' dir='ltr'>τοῦ</span> <span class='ocrx_word' id='word_1_56' title='bbox 1468 929 1563 998; x_wconf 84' lang='grc' dir='ltr'>μὲν</span> <span class='ocrx_word' id='word_1_57' title='bbox 1595 929 1712 998; x_wconf 85' lang='grc' dir='ltr'>χαί-</span> 
     </span>
    </p>
   </div>
   <div class='ocr_carea' id='block_1_11' title="bbox 121 1017 1712 1089">
    <p class='ocr_par' dir='ltr' id='par_1_11' title="bbox 121 1017 1712 1089">
     <span class='ocr_line' id='line_1_11' title="bbox 121 1017 1712 1089; baseline 0.003 -19"><span class='ocrx_word' id='word_1_58' title='bbox 121 1035 324 1088; x_wconf 85' lang='grc' dir='ltr'>ροντος</span> <span class='ocrx_word' id='word_1_59' title='bbox 353 1019 446 1071; x_wconf 77' lang='grc' dir='ltr'>ἐπὶ</span> <span class='ocrx_word' id='word_1_60' title='bbox 476 1019 540 1088; x_wconf 81' lang='grc' dir='ltr'><strong>τῇ</strong></span> <span class='ocrx_word' id='word_1_61' title='bbox 571 1017 796 1089; x_wconf 82' lang='grc' dir='ltr'><strong>αὐξήσει</strong></span> <span class='ocrx_word' id='word_1_62' title='bbox 836 1019 944 1072; x_wconf 85' lang='grc' dir='ltr'>τῶν</span> <span class='ocrx_word' id='word_1_63' title='bbox 975 1019 1170 1086; x_wconf 82' lang='grc' dir='ltr'><strong>τόκων,</strong></span> <span class='ocrx_word' id='word_1_64' title='bbox 1209 1019 1304 1072; x_wconf 82' lang='grc' dir='ltr'><strong>τοῦ</strong></span> <span class='ocrx_word' id='word_1_65' title='bbox 1343 1019 1400 1072; x_wconf 83' lang='grc' dir='ltr'>δὲ</span> <span class='ocrx_word' id='word_1_66' title='bbox 1433 1020 1712 1086; x_wconf 81' lang='grc' dir='ltr'>στενάζον-</span> 
     </span>
    </p>
   </div>
   <div class='ocr_carea' id='block_1_12' title="bbox 115 1112 1712 1186">
    <p class='ocr_par' dir='ltr' id='par_1_12' title="bbox 115 1112 1712 1186">
     <span class='ocr_line' id='line_1_12' title="bbox 115 1112 1712 1186; baseline 0 -20"><span class='ocrx_word' id='word_1_67' title='bbox 115 1129 216 1176; x_wconf 87' lang='grc' dir='ltr'><strong>τος</strong></span> <span class='ocrx_word' id='word_1_68' title='bbox 238 1112 338 1165; x_wconf 79' lang='grc' dir='ltr'><strong>ἐπὶ</strong></span> <span class='ocrx_word' id='word_1_69' title='bbox 359 1115 428 1183; x_wconf 79' lang='grc' dir='ltr'><em>τῇ</em></span> <span class='ocrx_word' id='word_1_70' title='bbox 451 1112 562 1183; x_wconf 68' lang='grc'>(54)</span> <span class='ocrx_word' id='word_1_71' title='bbox 588 1113 874 1186; x_wconf 81' lang='grc' dir='ltr'><strong>προσθήκῃ</strong></span> <span class='ocrx_word' id='word_1_72' title='bbox 900 1114 1007 1167; x_wconf 87' lang='grc' dir='ltr'>τῶν</span> <span class='ocrx_word' id='word_1_73' title='bbox 1031 1131 1094 1166; x_wconf 88' lang='grc' dir='ltr'>συ</span> <span class='ocrx_word' id='word_1_74' title='bbox 1103 1113 1346 1184; x_wconf 82' lang='grc' dir='ltr'>μφορῶν.</span> <span class='ocrx_word' id='word_1_75' title='bbox 1366 1113 1506 1167; x_wconf 80' lang='grc' dir='ltr'><em>Πῖνε</em></span> <span class='ocrx_word' id='word_1_76' title='bbox 1525 1114 1712 1168; x_wconf 83' lang='grc' dir='ltr'>ὗδατα</span> 
     </span>
    </p>
   </div>
   <div class='ocr_carea' id='block_1_13' title="bbox 113 1204 1710 1276">
    <p class='ocr_par' dir='ltr' id='par_1_13' title="bbox 113 1204 1710 1276">
     <span class='ocr_line' id='line_1_13' title="bbox 113 1204 1710 1276; baseline 0 -16"><span class='ocrx_word' id='word_1_77' title='bbox 113 1204 248 1261; x_wconf 78' lang='grc' dir='ltr'>ἀπὸ</span> <span class='ocrx_word' id='word_1_78' title='bbox 283 1204 414 1258; x_wconf 85' lang='grc' dir='ltr'><em>σῶν</em></span> <span class='ocrx_word' id='word_1_79' title='bbox 441 1206 722 1275; x_wconf 64' lang='grc' dir='ltr'><strong>ἀγγείων·</strong></span> <span class='ocrx_word' id='word_1_80' title='bbox 761 1207 1031 1270; x_wconf 78' lang='grc' dir='ltr'><em>τουτέστι,</em></span> <span class='ocrx_word' id='word_1_81' title='bbox 1083 1205 1180 1270; x_wconf 82' lang='grc' dir='ltr'>τὰς</span> <span class='ocrx_word' id='word_1_82' title='bbox 1220 1205 1426 1268; x_wconf 86' lang='grc' dir='ltr'>οίκείας</span> <span class='ocrx_word' id='word_1_83' title='bbox 1458 1206 1710 1276; x_wconf 79' lang='grc' dir='ltr'>ἀφορμὰς</span> 
     </span>
    </p>
   </div>
   <div class='ocr_carea' id='block_1_14' title="bbox 115 1296 1710 1368">
    <p class='ocr_par' dir='ltr' id='par_1_14' title="bbox 115 1296 1710 1368">
     <span class='ocr_line' id='line_1_14' title="bbox 115 1296 1710 1368; baseline 0 -18"><span class='ocrx_word' id='word_1_84' title='bbox 115 1296 479 1367; x_wconf 83' lang='grc' dir='ltr'>περισκόπει,</span> <span class='ocrx_word' id='word_1_85' title='bbox 515 1297 589 1368; x_wconf 85' lang='grc' dir='ltr'>μὴ</span> <span class='ocrx_word' id='word_1_86' title='bbox 628 1298 715 1352; x_wconf 87' lang='grc' dir='ltr'><strong>ἐπ’</strong></span> <span class='ocrx_word' id='word_1_87' title='bbox 741 1297 1020 1368; x_wconf 79' lang='grc' dir='ltr'><strong>ἀλλοτρίας</strong></span> <span class='ocrx_word' id='word_1_88' title='bbox 1049 1297 1230 1367; x_wconf 78' lang='grc' dir='ltr'>πηγὰς</span> <span class='ocrx_word' id='word_1_89' title='bbox 1265 1297 1470 1367; x_wconf 73' lang='grc' dir='ltr'>βάδιζε,</span> <span class='ocrx_word' id='word_1_90' title='bbox 1503 1297 1618 1350; x_wconf 85' lang='grc' dir='ltr'>ἀλλ’</span> <span class='ocrx_word' id='word_1_91' title='bbox 1651 1297 1710 1362; x_wconf 83' lang='grc' dir='ltr'>ἐξ</span> 
     </span>
    </p>
   </div>
   <div class='ocr_carea' id='block_1_15' title="bbox 113 1387 1708 1470">
    <p class='ocr_par' dir='ltr' id='par_1_15' title="bbox 113 1387 1708 1470">
     <span class='ocr_line' id='line_1_15' title="bbox 113 1387 1708 1470; baseline 0.003 -32"><span class='ocrx_word' id='word_1_92' title='bbox 113 1387 348 1440; x_wconf 81' lang='grc' dir='ltr'><em>οἰκείων</em></span> <span class='ocrx_word' id='word_1_93' title='bbox 373 1387 602 1440; x_wconf 79' lang='grc' dir='ltr'>λιϐάδων</span> <span class='ocrx_word' id='word_1_94' title='bbox 638 1387 837 1470; x_wconf 71' lang='grc' dir='ltr'>σύναγε</span> <span class='ocrx_word' id='word_1_95' title='bbox 873 1387 1082 1458; x_wconf 81' lang='grc' dir='ltr'><em>σεαυτῷ</em></span> <span class='ocrx_word' id='word_1_96' title='bbox 1116 1388 1212 1452; x_wconf 83' lang='grc' dir='ltr'>τὰς</span> <span class='ocrx_word' id='word_1_97' title='bbox 1235 1388 1582 1460; x_wconf 84' lang='grc' dir='ltr'><strong>παραμυθίας</strong></span> <span class='ocrx_word' id='word_1_98' title='bbox 1615 1389 1708 1442; x_wconf 79' lang='grc' dir='ltr'><strong>τοῦ</strong></span> 
     </span>
    </p>
   </div>
   <div class='ocr_carea' id='block_1_16' title="bbox 119 1477 1707 1551">
    <p class='ocr_par' dir='ltr' id='par_1_16' title="bbox 119 1477 1707 1551">
     <span class='ocr_line' id='line_1_16' title="bbox 119 1477 1707 1551; baseline 0.001 -20"><span class='ocrx_word' id='word_1_99' title='bbox 119 1479 268 1548; x_wconf 85' lang='grc' dir='ltr'>βίου.</span> <span class='ocrx_word' id='word_1_100' title='bbox 335 1480 518 1549; x_wconf 85' lang='grc' dir='ltr'>Ἔχεις</span> <span class='ocrx_word' id='word_1_101' title='bbox 580 1477 932 1549; x_wconf 82' lang='grc' dir='ltr'><strong>χαλκώματα,</strong></span> <span class='ocrx_word' id='word_1_102' title='bbox 979 1477 1202 1550; x_wconf 84' lang='grc' dir='ltr'>ἐσθῆτα,</span> <span class='ocrx_word' id='word_1_103' title='bbox 1258 1480 1546 1548; x_wconf 75' lang='grc' dir='ltr'><strong>ὑποζύγιον</strong></span> <span class='ocrx_word' id='word_1_104' title='bbox 1574 1481 1707 1551; x_wconf 80' lang='grc'>(55),</span> 
     </span>
    </p>
   </div>
   <div class='ocr_carea' id='block_1_17' title="bbox 117 1571 1708 1644">
    <p class='ocr_par' dir='ltr' id='par_1_17' title="bbox 117 1571 1708 1644">
     <span class='ocr_line' id='line_1_17' title="bbox 117 1571 1708 1644; baseline 0.001 -20"><span class='ocrx_word' id='word_1_105' title='bbox 117 1572 302 1640; x_wconf 86' lang='grc' dir='ltr'><em>σκεύη</em></span> <span class='ocrx_word' id='word_1_106' title='bbox 341 1571 692 1635; x_wconf 85' lang='grc' dir='ltr'>παντοδαπά;</span> <span class='ocrx_word' id='word_1_107' title='bbox 735 1571 906 1624; x_wconf 78' lang='grc' dir='ltr'>ταῦτα</span> <span class='ocrx_word' id='word_1_108' title='bbox 943 1571 1142 1624; x_wconf 82' lang='grc' dir='ltr'><strong>ἀπόδου</strong></span> <span class='ocrx_word' id='word_1_109' title='bbox 1163 1589 1176 1602; x_wconf 80' lang='grc'><em>’</em></span> <span class='ocrx_word' id='word_1_110' title='bbox 1225 1573 1400 1626; x_wconf 84' lang='grc' dir='ltr'>πάντα</span> <span class='ocrx_word' id='word_1_111' title='bbox 1447 1572 1708 1644; x_wconf 80' lang='grc' dir='ltr'><strong>προέσθαι</strong></span> 
     </span>
    </p>
   </div>
   <div class='ocr_carea' id='block_1_18' title="bbox 117 1661 1708 1735">
    <p class='ocr_par' dir='ltr' id='par_1_18' title="bbox 117 1661 1708 1735">
     <span class='ocr_line' id='line_1_18' title="bbox 117 1661 1708 1735; baseline 0.003 -21"><span class='ocrx_word' id='word_1_112' title='bbox 117 1661 443 1726; x_wconf 84' lang='grc' dir='ltr'>κατάδεξαι,</span> <span class='ocrx_word' id='word_1_113' title='bbox 500 1661 640 1733; x_wconf 82' lang='grc' dir='ltr'>πλὴν</span> <span class='ocrx_word' id='word_1_114' title='bbox 681 1661 780 1733; x_wconf 84' lang='grc' dir='ltr'><strong>τῆς</strong></span> <span class='ocrx_word' id='word_1_115' title='bbox 820 1662 1153 1734; x_wconf 88' lang='grc' dir='ltr'>ἐλευθερίας.</span> <span class='ocrx_word' id='word_1_116' title='bbox 1215 1663 1352 1716; x_wconf 86' lang='grc' dir='ltr'>Ἀλλ’</span> <span class='ocrx_word' id='word_1_117' title='bbox 1381 1665 1708 1735; x_wconf 76' lang='grc' dir='ltr'>αἰσχύνομαι</span> 
     </span>
    </p>
   </div>
   <div class='ocr_carea' id='block_1_19' title="bbox 117 1748 1707 1827">
    <p class='ocr_par' dir='ltr' id='par_1_19' title="bbox 117 1748 1707 1827">
     <span class='ocr_line' id='line_1_19' title="bbox 117 1748 1707 1827; baseline 0.003 -23"><span class='ocrx_word' id='word_1_118' title='bbox 117 1752 268 1804; x_wconf 83' lang='grc' dir='ltr'>αὐτὰ</span> <span class='ocrx_word' id='word_1_119' title='bbox 309 1751 668 1822; x_wconf 83' lang='grc' dir='ltr'><em>δημοσιεύειν,</em></span> <span class='ocrx_word' id='word_1_120' title='bbox 707 1751 888 1821; x_wconf 87' lang='grc' dir='ltr'>φησίν.</span> <span class='ocrx_word' id='word_1_121' title='bbox 925 1753 990 1804; x_wconf 95' lang='grc' dir='ltr'>Τί</span> <span class='ocrx_word' id='word_1_122' title='bbox 1017 1748 1108 1806; x_wconf 78' lang='grc' dir='ltr'>οὖν</span> <span class='ocrx_word' id='word_1_123' title='bbox 1138 1754 1218 1806; x_wconf 80' lang='grc' dir='ltr'>δτι</span> <span class='ocrx_word' id='word_1_124' title='bbox 1255 1753 1448 1826; x_wconf 86' lang='grc' dir='ltr'>μικρὸν</span> <span class='ocrx_word' id='word_1_125' title='bbox 1484 1755 1707 1827; x_wconf 79' lang='grc' dir='ltr'>ὕστερον</span> 
     </span>
    </p>
   </div>
   <div class='ocr_carea' id='block_1_20' title="bbox 1821 567 3386 638">
    <p class='ocr_par' dir='ltr' id='par_1_20' title="bbox 1821 567 3386 638">
     <span class='ocr_line' id='line_1_20' title="bbox 1821 567 3386 638; baseline 0.002 -17"><span class='ocrx_word' id='word_1_126' title='bbox 1821 571 2076 623; x_wconf 84' lang='lat' dir='ltr'><strong>tationem</strong></span> <span class='ocrx_word' id='word_1_127' title='bbox 2123 569 2398 638; x_wconf 77' lang='lat' dir='ltr'><strong>utriusque</strong></span> <span class='ocrx_word' id='word_1_128' title='bbox 2443 569 2570 637; x_wconf 81' lang='lat' dir='ltr'><strong>facit</strong></span> <span class='ocrx_word' id='word_1_129' title='bbox 2623 567 2876 622; x_wconf 75' lang='lat' dir='ltr'><strong>Dominus</strong></span> <span class='ocrx_word' id='word_1_130' title='bbox 2922 569 2989 621; x_wconf 79' lang='lat'><strong>“.</strong></span> <span class='ocrx_word' id='word_1_131' title='bbox 3035 569 3124 623; x_wconf 91' lang='lat' dir='ltr'><strong>Ille</strong></span> <span class='ocrx_word' id='word_1_132' title='bbox 3174 571 3386 638; x_wconf 84' lang='lat' dir='ltr'><strong>quidem</strong></span> 
     </span>
    </p>
   </div>
   <div class='ocr_carea' id='block_1_21' title="bbox 1815 659 3386 730">
    <p class='ocr_par' dir='ltr' id='par_1_21' title="bbox 1815 659 3386 730">
     <span class='ocr_line' id='line_1_21' title="bbox 1815 659 3386 730; baseline 0.003 -21"><span class='ocrx_word' id='word_1_133' title='bbox 1815 660 1974 728; x_wconf 84' lang='lat' dir='ltr'><strong>quasi</strong></span> <span class='ocrx_word' id='word_1_134' title='bbox 2006 661 2157 715; x_wconf 88' lang='lat' dir='ltr'><strong>canis</strong></span> <span class='ocrx_word' id='word_1_135' title='bbox 2185 659 2238 714; x_wconf 88' lang='lat' dir='ltr'><strong>in</strong></span> <span class='ocrx_word' id='word_1_136' title='bbox 2277 660 2510 729; x_wconf 76' lang='lat' dir='ltr'><strong>praedam</strong></span> <span class='ocrx_word' id='word_1_137' title='bbox 2561 660 2756 714; x_wconf 90' lang='lat' dir='ltr'><strong>irruit:</strong></span> <span class='ocrx_word' id='word_1_138' title='bbox 2805 659 2892 713; x_wconf 86' lang='lat' dir='ltr'><strong>hic</strong></span> <span class='ocrx_word' id='word_1_139' title='bbox 2931 675 3058 714; x_wconf 90' lang='lat' dir='ltr'><strong>vero</strong></span> <span class='ocrx_word' id='word_1_140' title='bbox 3106 661 3248 714; x_wconf 88' lang='lat' dir='ltr'><strong>sicut</strong></span> <span class='ocrx_word' id='word_1_141' title='bbox 3292 677 3386 730; x_wconf 82' lang='lat' dir='ltr'><strong>pa—</strong></span> 
     </span>
    </p>
   </div>
   <div class='ocr_carea' id='block_1_22' title="bbox 1817 749 3384 817">
    <p class='ocr_par' dir='ltr' id='par_1_22' title="bbox 1817 749 3384 817">
     <span class='ocr_line' id='line_1_22' title="bbox 1817 749 3384 817; baseline 0.003 -17"><span class='ocrx_word' id='word_1_142' title='bbox 1817 758 1932 802; x_wconf 87' lang='lat' dir='ltr'><strong>rata</strong></span> <span class='ocrx_word' id='word_1_143' title='bbox 1965 755 2190 817; x_wconf 89' lang='lat' dir='ltr'><strong>captura</strong></span> <span class='ocrx_word' id='word_1_144' title='bbox 2242 765 2532 804; x_wconf 89' lang='lat' dir='ltr'><strong>occursum</strong></span> <span class='ocrx_word' id='word_1_145' title='bbox 2575 749 2850 802; x_wconf 67' lang='lat' dir='ltr'><strong>exhorret.</strong></span> <span class='ocrx_word' id='word_1_146' title='bbox 2897 749 3098 804; x_wconf 86' lang='lat' dir='ltr'><strong>Adimit</strong></span> <span class='ocrx_word' id='word_1_147' title='bbox 3147 753 3288 804; x_wconf 89' lang='lat' dir='ltr'><strong>enim</strong></span> <span class='ocrx_word' id='word_1_148' title='bbox 3335 755 3384 805; x_wconf 85' lang='lat' dir='ltr'><strong>ei</strong></span> 
     </span>
    </p>
   </div>
   <div class='ocr_carea' id='block_1_23' title="bbox 1814 840 3382 911">
    <p class='ocr_par' dir='ltr' id='par_1_23' title="bbox 1814 840 3382 911">
     <span class='ocr_line' id='line_1_23' title="bbox 1814 840 3382 911; baseline 0.001 -16"><span class='ocrx_word' id='word_1_149' title='bbox 1814 840 2066 911; x_wconf 89' lang='lat' dir='ltr'><strong>loquendi</strong></span> <span class='ocrx_word' id='word_1_150' title='bbox 2100 841 2350 896; x_wconf 82' lang='lat' dir='ltr'><strong>ﬁduciam</strong></span> <span class='ocrx_word' id='word_1_151' title='bbox 2387 853 2696 910; x_wconf 88' lang='lat' dir='ltr'><strong>paupertas.</strong></span> <span class='ocrx_word' id='word_1_152' title='bbox 2736 840 2993 909; x_wconf 91' lang='lat' dir='ltr'><strong>Utrisque</strong></span> <span class='ocrx_word' id='word_1_153' title='bbox 3031 843 3170 896; x_wconf 84' lang='lat' dir='ltr'><strong>inest</strong></span> <span class='ocrx_word' id='word_1_154' title='bbox 3203 843 3382 898; x_wconf 86' lang='lat' dir='ltr'><strong>ealcu-</strong></span> 
     </span>
    </p>
   </div>
   <div class='ocr_carea' id='block_1_24' title="bbox 1813 934 3383 1004">
    <p class='ocr_par' dir='ltr' id='par_1_24' title="bbox 1813 934 3383 1004">
     <span class='ocr_line' id='line_1_24' title="bbox 1813 934 3383 1004; baseline 0.001 -16"><span class='ocrx_word' id='word_1_155' title='bbox 1813 935 1896 988; x_wconf 90' lang='lat' dir='ltr'><strong>lus</strong></span> <span class='ocrx_word' id='word_1_156' title='bbox 1925 936 1977 988; x_wconf 91' lang='lat' dir='ltr'><strong>in</strong></span> <span class='ocrx_word' id='word_1_157' title='bbox 2009 936 2226 1004; x_wconf 76' lang='lat' dir='ltr'><strong>digitis;</strong></span> <span class='ocrx_word' id='word_1_158' title='bbox 2260 935 2352 990; x_wconf 86' lang='lat' dir='ltr'><strong>illo</strong></span> <span class='ocrx_word' id='word_1_159' title='bbox 2385 934 2946 994; x_wconf 66' lang='lat' dir='ltr'><strong>fmnorisaccessione</strong></span> <span class='ocrx_word' id='word_1_160' title='bbox 2973 934 3256 1004; x_wconf 78' lang='lat' dir='ltr'><strong>gaudente,</strong></span> <span class='ocrx_word' id='word_1_161' title='bbox 3283 937 3383 990; x_wconf 89' lang='lat' dir='ltr'><strong>hoc</strong></span> 
     </span>
    </p>
   </div>
   <div class='ocr_carea' id='block_1_25' title="bbox 1827 1025 3384 1096">
    <p class='ocr_par' dir='ltr' id='par_1_25' title="bbox 1827 1025 3384 1096">
     <span class='ocr_line' id='line_1_25' title="bbox 1827 1025 3384 1096; baseline -0.001 -16"><span class='ocrx_word' id='word_1_162' title='bbox 1827 1026 1986 1096; x_wconf 82' lang='lat'><strong>109</strong></span> <span class='ocrx_word' id='word_1_163' title='bbox 2058 1026 2400 1082; x_wconf 81' lang='lat' dir='ltr'><strong>miseriarum</strong></span> <span class='ocrx_word' id='word_1_164' title='bbox 2471 1027 2806 1080; x_wconf 87' lang='lat' dir='ltr'><strong>incremento</strong></span> <span class='ocrx_word' id='word_1_165' title='bbox 2877 1025 3196 1095; x_wconf 89' lang='lat' dir='ltr'><strong>ingemente.</strong></span> <span class='ocrx_word' id='word_1_166' title='bbox 3255 1026 3384 1080; x_wconf 82' lang='lat' dir='ltr'><strong>Bibe</strong></span> 
     </span>
    </p>
   </div>
   <div class='ocr_carea' id='block_1_26' title="bbox 1815 1113 3378 1183">
    <p class='ocr_par' dir='ltr' id='par_1_26' title="bbox 1815 1113 3378 1183">
     <span class='ocr_line' id='line_1_26' title="bbox 1815 1113 3378 1183; baseline 0 -15"><span class='ocrx_word' id='word_1_167' title='bbox 1815 1131 1980 1182; x_wconf 76' lang='lat' dir='ltr'><strong>aquas</strong></span> <span class='ocrx_word' id='word_1_168' title='bbox 2034 1116 2098 1168; x_wconf 86' lang='lat' dir='ltr'><strong>de</strong></span> <span class='ocrx_word' id='word_1_169' title='bbox 2159 1114 2262 1167; x_wconf 72' lang='lat' dir='ltr'><strong>tuis</strong></span> <span class='ocrx_word' id='word_1_170' title='bbox 2313 1117 2448 1168; x_wconf 77' lang='lat' dir='ltr'><strong>vasis</strong></span> <span class='ocrx_word' id='word_1_171' title='bbox 2476 1113 2550 1178; x_wconf 75' lang='grc'><strong>³³,</strong></span> <span class='ocrx_word' id='word_1_172' title='bbox 2595 1113 2696 1168; x_wconf 87' lang='lat' dir='ltr'><strong>hoc</strong></span> <span class='ocrx_word' id='word_1_173' title='bbox 2739 1120 2845 1177; x_wconf 90' lang='lat' dir='ltr'><strong>est,</strong></span> <span class='ocrx_word' id='word_1_174' title='bbox 2899 1114 3141 1183; x_wconf 87' lang='lat' dir='ltr'><strong>proprias</strong></span> <span class='ocrx_word' id='word_1_175' title='bbox 3199 1117 3378 1168; x_wconf 80' lang='lat' dir='ltr'><strong>cousi-</strong></span> 
     </span>
    </p>
   </div>
   <div class='ocr_carea' id='block_1_27' title="bbox 1812 1204 3382 1272">
    <p class='ocr_par' dir='ltr' id='par_1_27' title="bbox 1812 1204 3382 1272">
     <span class='ocr_line' id='line_1_27' title="bbox 1812 1204 3382 1272; baseline 0.003 -13"><span class='ocrx_word' id='word_1_176' title='bbox 1812 1206 1940 1261; x_wconf 90' lang='lat' dir='ltr'><strong>dera</strong></span> <span class='ocrx_word' id='word_1_177' title='bbox 1993 1205 2298 1270; x_wconf 72' lang='lat' dir='ltr'><strong>facultates,</strong></span> <span class='ocrx_word' id='word_1_178' title='bbox 2347 1206 2412 1260; x_wconf 89' lang='lat' dir='ltr'><strong>ad</strong></span> <span class='ocrx_word' id='word_1_179' title='bbox 2457 1205 2662 1262; x_wconf 88' lang='lat' dir='ltr'><strong>alienos</strong></span> <span class='ocrx_word' id='word_1_180' title='bbox 2703 1204 2878 1260; x_wconf 90' lang='lat' dir='ltr'><strong>fontes</strong></span> <span class='ocrx_word' id='word_1_181' title='bbox 2917 1221 2984 1260; x_wconf 93' lang='lat' dir='ltr'><strong>ne</strong></span> <span class='ocrx_word' id='word_1_182' title='bbox 3026 1207 3244 1272; x_wconf 88' lang='lat' dir='ltr'><strong>accede,</strong></span> <span class='ocrx_word' id='word_1_183' title='bbox 3287 1207 3382 1263; x_wconf 88' lang='lat' dir='ltr'><strong>sed</strong></span> 
     </span>
    </p>
   </div>
   <div class='ocr_carea' id='block_1_28' title="bbox 1813 1294 3376 1365">
    <p class='ocr_par' dir='ltr' id='par_1_28' title="bbox 1813 1294 3376 1365">
     <span class='ocr_line' id='line_1_28' title="bbox 1813 1294 3376 1365; baseline 0.003 -17"><span class='ocrx_word' id='word_1_184' title='bbox 1813 1309 1880 1348; x_wconf 69' lang='lat' dir='ltr'><strong>ex</strong></span> <span class='ocrx_word' id='word_1_185' title='bbox 1906 1295 2141 1362; x_wconf 87' lang='lat' dir='ltr'><strong>propriis</strong></span> <span class='ocrx_word' id='word_1_186' title='bbox 2187 1294 2434 1348; x_wconf 87' lang='lat' dir='ltr'><strong>laticibus</strong></span> <span class='ocrx_word' id='word_1_187' title='bbox 2467 1294 2558 1348; x_wconf 86' lang='lat' dir='ltr'><strong>tibi</strong></span> <span class='ocrx_word' id='word_1_188' title='bbox 2589 1296 2700 1362; x_wconf 92' lang='lat' dir='ltr'><strong>ipse</strong></span> <span class='ocrx_word' id='word_1_189' title='bbox 2729 1295 2850 1348; x_wconf 72' lang='lat' dir='ltr'><strong>vita:</strong></span> <span class='ocrx_word' id='word_1_190' title='bbox 2881 1296 3072 1348; x_wconf 87' lang='lat' dir='ltr'><strong>solatia</strong></span> <span class='ocrx_word' id='word_1_191' title='bbox 3105 1311 3376 1365; x_wconf 85' lang='lat' dir='ltr'><strong>compara.</strong></span> 
     </span>
    </p>
   </div>
   <div class='ocr_carea' id='block_1_29' title="bbox 1817 1385 3380 1460">
    <p class='ocr_par' dir='ltr' id='par_1_29' title="bbox 1817 1385 3380 1460">
     <span class='ocr_line' id='line_1_29' title="bbox 1817 1385 3380 1460; baseline 0.003 -22"><span class='ocrx_word' id='word_1_192' title='bbox 1817 1386 1992 1440; x_wconf 78' lang='lat' dir='ltr'><strong>[labes</strong></span> <span class='ocrx_word' id='word_1_193' title='bbox 2019 1402 2144 1440; x_wconf 88' lang='lat' dir='ltr'><strong>vasa</strong></span> <span class='ocrx_word' id='word_1_194' title='bbox 2169 1401 2330 1450; x_wconf 66' lang='lat' dir='ltr'><strong>aerea,</strong></span> <span class='ocrx_word' id='word_1_195' title='bbox 2361 1395 2588 1450; x_wconf 86' lang='lat' dir='ltr'><strong>vestem,</strong></span> <span class='ocrx_word' id='word_1_196' title='bbox 2632 1385 2956 1454; x_wconf 76' lang='lat' dir='ltr'><strong>iumentum,</strong></span> <span class='ocrx_word' id='word_1_197' title='bbox 2991 1389 3186 1444; x_wconf 81' lang='lat' dir='ltr'><strong>diversi</strong></span> <span class='ocrx_word' id='word_1_198' title='bbox 3221 1404 3380 1460; x_wconf 83' lang='lat' dir='ltr'><strong>gene-</strong></span> 
     </span>
    </p>
   </div>
   <div class='ocr_carea' id='block_1_30' title="bbox 1815 1475 3378 1546">
    <p class='ocr_par' dir='ltr' id='par_1_30' title="bbox 1815 1475 3378 1546">
     <span class='ocr_line' id='line_1_30' title="bbox 1815 1475 3378 1546; baseline 0.003 -18"><span class='ocrx_word' id='word_1_199' title='bbox 1815 1477 1888 1530; x_wconf 88' lang='lat' dir='ltr'><strong>ris</strong></span> <span class='ocrx_word' id='word_1_200' title='bbox 1923 1475 2361 1544; x_wconf 86' lang='lat' dir='ltr'><strong>supellectilem?</strong></span> <span class='ocrx_word' id='word_1_201' title='bbox 2391 1475 2514 1531; x_wconf 66' lang='lat' dir='ltr'><strong>Haec</strong></span> <span class='ocrx_word' id='word_1_202' title='bbox 2561 1478 2770 1532; x_wconf 87' lang='lat' dir='ltr'><strong>vende:</strong></span> <span class='ocrx_word' id='word_1_203' title='bbox 2819 1490 3014 1546; x_wconf 65' lang='lat' dir='ltr'><strong>praeter</strong></span> <span class='ocrx_word' id='word_1_204' title='bbox 3053 1478 3378 1544; x_wconf 84' lang='lat' dir='ltr'><strong>libertatem,</strong></span> 
     </span>
    </p>
   </div>
   <div class='ocr_carea' id='block_1_31' title="bbox 1811 1567 3376 1638">
    <p class='ocr_par' dir='ltr' id='par_1_31' title="bbox 1811 1567 3376 1638">
     <span class='ocr_line' id='line_1_31' title="bbox 1811 1567 3376 1638; baseline 0.003 -20"><span class='ocrx_word' id='word_1_205' title='bbox 1811 1567 1984 1622; x_wconf 89' lang='lat' dir='ltr'><strong>amitti</strong></span> <span class='ocrx_word' id='word_1_206' title='bbox 2032 1569 2211 1622; x_wconf 89' lang='lat' dir='ltr'><strong>omnia</strong></span> <span class='ocrx_word' id='word_1_207' title='bbox 2290 1569 2517 1637; x_wconf 87' lang='lat' dir='ltr'><strong>patiare.</strong></span> <span class='ocrx_word' id='word_1_208' title='bbox 2599 1567 2704 1622; x_wconf 88' lang='lat' dir='ltr'><strong>Sed</strong></span> <span class='ocrx_word' id='word_1_209' title='bbox 2761 1583 2844 1622; x_wconf 87' lang='lat' dir='ltr'><strong>me</strong></span> <span class='ocrx_word' id='word_1_210' title='bbox 2903 1569 3099 1638; x_wconf 88' lang='lat' dir='ltr'><strong>pudet,</strong></span> <span class='ocrx_word' id='word_1_211' title='bbox 3174 1570 3376 1638; x_wconf 89' lang='lat' dir='ltr'><strong>inquit,</strong></span> 
     </span>
    </p>
   </div>
   <div class='ocr_carea' id='block_1_32' title="bbox 1812 1661 3382 1732">
    <p class='ocr_par' dir='ltr' id='par_1_32' title="bbox 1812 1661 3382 1732">
     <span class='ocr_line' id='line_1_32' title="bbox 1812 1661 3382 1732; baseline 0.004 -20"><span class='ocrx_word' id='word_1_212' title='bbox 1812 1661 1997 1714; x_wconf 73' lang='lat' dir='ltr'><strong>isthtec</strong></span> <span class='ocrx_word' id='word_1_213' title='bbox 2055 1661 2170 1716; x_wconf 86' lang='lat' dir='ltr'><strong>voci</strong></span> <span class='ocrx_word' id='word_1_214' title='bbox 2215 1661 2474 1732; x_wconf 66' lang='lat' dir='ltr'><strong>praeconis</strong></span> <span class='ocrx_word' id='word_1_215' title='bbox 2531 1663 2815 1732; x_wconf 81' lang='lat' dir='ltr'><strong>subjicere.</strong></span> <span class='ocrx_word' id='word_1_216' title='bbox 2865 1662 2971 1717; x_wconf 86' lang='lat' dir='ltr'><strong>Cur</strong></span> <span class='ocrx_word' id='word_1_217' title='bbox 3023 1661 3185 1732; x_wconf 78' lang='lat' dir='ltr'><strong>igitur</strong></span> <span class='ocrx_word' id='word_1_218' title='bbox 3223 1661 3382 1730; x_wconf 85' lang='lat' dir='ltr'><strong>paulo</strong></span> 
     </span>
    </p>
   </div>
   <div class='ocr_carea' id='block_1_33' title="bbox 1815 1753 3380 1824">
    <p class='ocr_par' dir='ltr' id='par_1_33' title="bbox 1815 1753 3380 1824">
     <span class='ocr_line' id='line_1_33' title="bbox 1815 1753 3380 1824; baseline 0 -18"><span class='ocrx_word' id='word_1_219' title='bbox 1815 1763 1936 1821; x_wconf 89' lang='lat' dir='ltr'><strong>post</strong></span> <span class='ocrx_word' id='word_1_220' title='bbox 1961 1753 2100 1808; x_wconf 89' lang='lat' dir='ltr'><strong>alius</strong></span> <span class='ocrx_word' id='word_1_221' title='bbox 2135 1767 2196 1808; x_wconf 87' lang='lat' dir='ltr'><strong>ea</strong></span> <span class='ocrx_word' id='word_1_222' title='bbox 2245 1763 2500 1824; x_wconf 76' lang='lat' dir='ltr'><strong>exponet,</strong></span> <span class='ocrx_word' id='word_1_223' title='bbox 2546 1765 2866 1822; x_wconf 88' lang='lat' dir='ltr'><strong>tuorumque</strong></span> <span class='ocrx_word' id='word_1_224' title='bbox 2911 1753 3172 1809; x_wconf 86' lang='lat' dir='ltr'><strong>bonorum</strong></span> <span class='ocrx_word' id='word_1_225' title='bbox 3220 1754 3380 1808; x_wconf 78' lang='lat' dir='ltr'><strong>faciet</strong></span> 
     </span>
    </p>
   </div>
   <div class='ocr_carea' id='block_1_34' title="bbox 119 1813 1705 1916">
    <p class='ocr_par' dir='ltr' id='par_1_34' title="bbox 119 1813 1705 1916">
     <span class='ocr_line' id='line_1_34' title="bbox 119 1813 1705 1916; baseline 0.001 -19"><span class='ocrx_word' id='word_1_226' title='bbox 119 1843 288 1907; x_wconf 79' lang='grc' dir='ltr'>ἄλλος</span> <span class='ocrx_word' id='word_1_227' title='bbox 335 1813 476 1896; x_wconf 75' lang='grc' dir='ltr'><strong>αύτά</strong></span> <span class='ocrx_word' id='word_1_228' title='bbox 519 1813 862 1913; x_wconf 76' lang='grc' dir='ltr'>προκομίσει,</span> <span class='ocrx_word' id='word_1_229' title='bbox 897 1846 991 1898; x_wconf 73' lang='grc' dir='ltr'>καὶ</span> <span class='ocrx_word' id='word_1_230' title='bbox 1021 1813 1370 1916; x_wconf 42' lang='grc' dir='ltr'>ἀποκηρύξειι</span> <span class='ocrx_word' id='word_1_231' title='bbox 1395 1846 1461 1900; x_wconf 82' lang='grc' dir='ltr'><strong>τὰ</strong></span> <span class='ocrx_word' id='word_1_232' title='bbox 1497 1845 1585 1911; x_wconf 84' lang='grc' dir='ltr'>σὰ,</span> <span class='ocrx_word' id='word_1_233' title='bbox 1616 1813 1705 1900; x_wconf 64' lang='grc' dir='ltr'><strong>καὶ</strong></span> 
     </span>
    </p>
   </div>
   <div class='ocr_carea' id='block_1_35' title="bbox 1816 1813 3380 1916">
    <p class='ocr_par' dir='ltr' id='par_1_35' title="bbox 1816 1839 3380 1916">
     <span class='ocr_line' id='line_1_35' title="bbox 1816 1839 3380 1916; baseline 0.001 -20"><span class='ocrx_word' id='word_1_234' title='bbox 1816 1845 2142 1910; x_wconf 87' lang='lat' dir='ltr'><strong>auctionem,</strong></span> <span class='ocrx_word' id='word_1_235' title='bbox 2172 1853 2226 1898; x_wconf 86' lang='lat' dir='ltr'><strong>et</strong></span> <span class='ocrx_word' id='word_1_236' title='bbox 2277 1845 2364 1898; x_wconf 91' lang='lat' dir='ltr'><strong>vili</strong></span> <span class='ocrx_word' id='word_1_237' title='bbox 2417 1847 2589 1916; x_wconf 90' lang='lat' dir='ltr'><strong>pretio</strong></span> <span class='ocrx_word' id='word_1_238' title='bbox 2633 1846 2702 1900; x_wconf 89' lang='lat' dir='ltr'><strong>ob</strong></span> <span class='ocrx_word' id='word_1_239' title='bbox 2748 1844 2932 1900; x_wconf 88' lang='lat' dir='ltr'><strong>oculos</strong></span> <span class='ocrx_word' id='word_1_240' title='bbox 2983 1855 3100 1898; x_wconf 92' lang='lat' dir='ltr'><strong>tuos</strong></span> <span class='ocrx_word' id='word_1_241' title='bbox 3149 1839 3380 1899; x_wconf 69' lang='lat' dir='ltr'><strong>vendet!</strong></span> 
     </span>
    </p>
   </div>
   <div class='ocr_carea' id='block_1_36' title="bbox 121 1933 1710 2009">
    <p class='ocr_par' dir='ltr' id='par_1_36' title="bbox 121 1933 1710 2009">
     <span class='ocr_line' id='line_1_36' title="bbox 121 1933 1710 2009; baseline 0.002 -22"><span class='ocrx_word' id='word_1_242' title='bbox 121 1937 182 1988; x_wconf 77' lang='grc' dir='ltr'><strong>ἐν</strong></span> <span class='ocrx_word' id='word_1_243' title='bbox 213 1933 513 2003; x_wconf 82' lang='grc' dir='ltr'>ὀφθαλμοῖς</span> <span class='ocrx_word' id='word_1_244' title='bbox 539 1937 654 1998; x_wconf 88' lang='grc' dir='ltr'>σοῖς</span> <span class='ocrx_word' id='word_1_245' title='bbox 691 1935 1034 2000; x_wconf 76' lang='grc' dir='ltr'><em>ἐπευωνίζων</em></span> <span class='ocrx_word' id='word_1_246' title='bbox 1065 1935 1202 1988; x_wconf 87' lang='grc' dir='ltr'><strong>αύτά</strong></span> <span class='ocrx_word' id='word_1_247' title='bbox 1235 1935 1546 2006; x_wconf 87' lang='grc' dir='ltr'>διαθήσεται</span> <span class='ocrx_word' id='word_1_248' title='bbox 1571 1955 1585 2002; x_wconf 89' lang='grc'>;</span> <span class='ocrx_word' id='word_1_249' title='bbox 1617 1937 1710 2009; x_wconf 87' lang='grc' dir='ltr'><strong>Μὴ</strong></span> 
     </span>
    </p>
   </div>
   <div class='ocr_carea' id='block_1_37' title="bbox 125 2023 1710 2101">
    <p class='ocr_par' dir='ltr' id='par_1_37' title="bbox 125 2023 1710 2101">
     <span class='ocr_line' id='line_1_37' title="bbox 125 2023 1710 2101; baseline 0.004 -23"><span class='ocrx_word' id='word_1_250' title='bbox 125 2025 312 2094; x_wconf 73' lang='grc' dir='ltr'><strong>βάδιζε</strong></span> <span class='ocrx_word' id='word_1_251' title='bbox 347 2027 436 2078; x_wconf 84' lang='grc' dir='ltr'><strong>ἐπ’</strong></span> <span class='ocrx_word' id='word_1_252' title='bbox 458 2025 742 2097; x_wconf 81' lang='grc' dir='ltr'>ἀλλοτρίας</span> <span class='ocrx_word' id='word_1_253' title='bbox 772 2026 961 2097; x_wconf 90' lang='grc' dir='ltr'>θύρας.</span> <span class='ocrx_word' id='word_1_254' title='bbox 1009 2023 1190 2101; x_wconf 80' lang='grc' dir='ltr'>Φρέαρ</span> <span class='ocrx_word' id='word_1_255' title='bbox 1215 2028 1322 2100; x_wconf 84' lang='grc' dir='ltr'>γὰρ</span> <span class='ocrx_word' id='word_1_256' title='bbox 1347 2029 1424 2100; x_wconf 82' lang='grc' dir='ltr'><strong>τῷ</strong></span> <span class='ocrx_word' id='word_1_257' title='bbox 1451 2029 1562 2083; x_wconf 78' lang='grc' dir='ltr'>ὄντι</span> <span class='ocrx_word' id='word_1_258' title='bbox 1587 2048 1710 2084; x_wconf 85' lang='grc' dir='ltr'>στε-</span> 
     </span>
    </p>
   </div>
   <div class='ocr_carea' id='block_1_38' title="bbox 123 2117 1712 2194">
    <p class='ocr_par' dir='ltr' id='par_1_38' title="bbox 123 2117 1712 2194">
     <span class='ocr_line' id='line_1_38' title="bbox 123 2117 1712 2194; baseline 0.003 -24"><span class='ocrx_word' id='word_1_259' title='bbox 123 2117 214 2170; x_wconf 86' lang='grc' dir='ltr'><strong>νὸν</strong></span> <span class='ocrx_word' id='word_1_260' title='bbox 241 2117 306 2170; x_wconf 87' lang='grc' dir='ltr'><strong>τὸ</strong></span> <span class='ocrx_word' id='word_1_261' title='bbox 336 2117 614 2188; x_wconf 85' lang='grc' dir='ltr'>ἀλλότριον</span> <span class='ocrx_word' id='word_1_262' title='bbox 646 2119 777 2188; x_wconf 89' lang='grc'>(56).</span> <span class='ocrx_word' id='word_1_263' title='bbox 813 2120 1027 2174; x_wconf 81' lang='grc' dir='ltr'><strong>Βέλτιον</strong></span> <span class='ocrx_word' id='word_1_264' title='bbox 1061 2123 1180 2184; x_wconf 88' lang='grc' dir='ltr'>ταῖς</span> <span class='ocrx_word' id='word_1_265' title='bbox 1205 2119 1346 2174; x_wconf 85' lang='grc' dir='ltr'><strong>κατά</strong></span> <span class='ocrx_word' id='word_1_266' title='bbox 1375 2123 1570 2194; x_wconf 86' lang='grc' dir='ltr'>μικρὸν</span> <span class='ocrx_word' id='word_1_267' title='bbox 1593 2125 1712 2178; x_wconf 81' lang='grc' dir='ltr'>ἐπι-</span> 
     </span>
    </p>
   </div>
   <div class='ocr_carea' id='block_1_39' title="bbox 125 2208 1712 2286">
    <p class='ocr_par' dir='ltr' id='par_1_39' title="bbox 125 2208 1712 2286">
     <span class='ocr_line' id='line_1_39' title="bbox 125 2208 1712 2286; baseline 0.005 -28"><span class='ocrx_word' id='word_1_268' title='bbox 125 2209 300 2272; x_wconf 85' lang='grc' dir='ltr'>νοίαις</span> <span class='ocrx_word' id='word_1_269' title='bbox 331 2209 430 2280; x_wconf 87' lang='grc' dir='ltr'><strong>τὴν</strong></span> <span class='ocrx_word' id='word_1_270' title='bbox 454 2208 642 2279; x_wconf 85' lang='grc' dir='ltr'>χρείαν</span> <span class='ocrx_word' id='word_1_271' title='bbox 675 2210 1194 2281; x_wconf 83' lang='grc' dir='ltr'>παραμυθήσασθαι,</span> <span class='ocrx_word' id='word_1_272' title='bbox 1226 2212 1258 2282; x_wconf 84' lang='grc' dir='ltr'>ἢ</span> <span class='ocrx_word' id='word_1_273' title='bbox 1290 2211 1522 2283; x_wconf 85' lang='grc' dir='ltr'>ἀθρόως,</span> <span class='ocrx_word' id='word_1_274' title='bbox 1547 2215 1712 2286; x_wconf 88' lang='grc' dir='ltr'>ἐπαρ-</span> 
     </span>
    </p>
   </div>
   <div class='ocr_carea' id='block_1_40' title="bbox 127 2298 1710 2373">
    <p class='ocr_par' dir='ltr' id='par_1_40' title="bbox 127 2298 1710 2373">
     <span class='ocr_line' id='line_1_40' title="bbox 127 2298 1710 2373; baseline 0.004 -23"><span class='ocrx_word' id='word_1_275' title='bbox 127 2298 292 2352; x_wconf 80' lang='grc' dir='ltr'>θέντα</span> <span class='ocrx_word' id='word_1_276' title='bbox 344 2301 458 2362; x_wconf 87' lang='grc' dir='ltr'>τοῖς</span> <span class='ocrx_word' id='word_1_277' title='bbox 503 2299 822 2370; x_wconf 89' lang='grc' dir='ltr'>ἀλλοτρίοις,</span> <span class='ocrx_word' id='word_1_278' title='bbox 873 2300 1097 2371; x_wconf 80' lang='grc' dir='ltr'>ὕστερον</span> <span class='ocrx_word' id='word_1_279' title='bbox 1149 2301 1365 2355; x_wconf 78' lang='grc' dir='ltr'>πάντων</span> <span class='ocrx_word' id='word_1_280' title='bbox 1414 2303 1550 2373; x_wconf 83' lang='grc' dir='ltr'><strong>ὁμοῦ</strong></span> <span class='ocrx_word' id='word_1_281' title='bbox 1601 2303 1710 2358; x_wconf 84' lang='grc' dir='ltr'><strong>τῶν</strong></span> 
     </span>
    </p>
   </div>
   <div class='ocr_carea' id='block_1_41' title="bbox 125 2387 1710 2462">
    <p class='ocr_par' dir='ltr' id='par_1_41' title="bbox 125 2387 1710 2462">
     <span class='ocr_line' id='line_1_41' title="bbox 125 2387 1710 2462; baseline 0.003 -20"><span class='ocrx_word' id='word_1_282' title='bbox 125 2389 444 2460; x_wconf 84' lang='grc' dir='ltr'>προσόντων</span> <span class='ocrx_word' id='word_1_283' title='bbox 478 2390 943 2460; x_wconf 76' lang='grc' dir='ltr'>ἀπογυμνοῦσθαι.</span> <span class='ocrx_word' id='word_1_284' title='bbox 997 2392 1060 2444; x_wconf 88' lang='grc' dir='ltr'><strong>Εἰ</strong></span> <span class='ocrx_word' id='word_1_285' title='bbox 1114 2392 1210 2462; x_wconf 85' lang='grc' dir='ltr'>μὲν</span> <span class='ocrx_word' id='word_1_286' title='bbox 1254 2387 1346 2444; x_wconf 77' lang='grc' dir='ltr'><strong>οὖν</strong></span> <span class='ocrx_word' id='word_1_287' title='bbox 1395 2393 1538 2462; x_wconf 74' lang='grc' dir='ltr'>ἔχεις</span> <span class='ocrx_word' id='word_1_288' title='bbox 1589 2393 1710 2447; x_wconf 83' lang='grc' dir='ltr'>ὅθεν</span> 
     </span>
    </p>
   </div>
   <div class='ocr_carea' id='block_1_42' title="bbox 125 2479 1711 2551">
    <p class='ocr_par' dir='ltr' id='par_1_42' title="bbox 125 2479 1711 2551">
     <span class='ocr_line' id='line_1_42' title="bbox 125 2479 1711 2551; baseline 0.004 -19"><span class='ocrx_word' id='word_1_289' title='bbox 125 2479 367 2550; x_wconf 80' lang='grc' dir='ltr'>ἀποδῷς,</span> <span class='ocrx_word' id='word_1_290' title='bbox 398 2480 450 2532; x_wconf 92' lang='grc' dir='ltr'><strong>τί</strong></span> <span class='ocrx_word' id='word_1_291' title='bbox 470 2480 590 2550; x_wconf 71' lang='grc' dir='ltr'>οὐχ).</span> <span class='ocrx_word' id='word_1_292' title='bbox 623 2481 720 2549; x_wconf 76' lang='grc' dir='ltr'><strong>τὴν</strong></span> <span class='ocrx_word' id='word_1_293' title='bbox 749 2481 1026 2551; x_wconf 78' lang='grc' dir='ltr'>παροῦσαν</span> <span class='ocrx_word' id='word_1_294' title='bbox 1055 2481 1258 2536; x_wconf 77' lang='grc' dir='ltr'>ἔνδειαν</span> <span class='ocrx_word' id='word_1_295' title='bbox 1285 2484 1350 2537; x_wconf 84' lang='grc' dir='ltr'>ἐκ</span> <span class='ocrx_word' id='word_1_296' title='bbox 1377 2483 1581 2538; x_wconf 84' lang='grc' dir='ltr'>τούτων</span> <span class='ocrx_word' id='word_1_297' title='bbox 1603 2486 1711 2540; x_wconf 87' lang='grc' dir='ltr'><strong>τῶν</strong></span> 
     </span>
    </p>
   </div>
   <div class='ocr_carea' id='block_1_43' title="bbox 123 2569 1708 2646">
    <p class='ocr_par' dir='ltr' id='par_1_43' title="bbox 123 2569 1708 2646">
     <span class='ocr_line' id='line_1_43' title="bbox 123 2569 1708 2646; baseline 0.004 -23"><span class='ocrx_word' id='word_1_298' title='bbox 123 2569 394 2640; x_wconf 77' lang='grc' dir='ltr'>ἀφορμῶν</span> <span class='ocrx_word' id='word_1_299' title='bbox 431 2569 700 2636; x_wconf 87' lang='grc' dir='ltr'>διαλύεις;</span> <span class='ocrx_word' id='word_1_300' title='bbox 743 2572 792 2623; x_wconf 86' lang='grc' dir='ltr'><strong>εί</strong></span> <span class='ocrx_word' id='word_1_301' title='bbox 827 2571 882 2624; x_wconf 87' lang='grc' dir='ltr'>δὲ</span> <span class='ocrx_word' id='word_1_302' title='bbox 916 2573 1141 2642; x_wconf 86' lang='grc' dir='ltr'>ἀπορεῖς</span> <span class='ocrx_word' id='word_1_303' title='bbox 1181 2574 1319 2645; x_wconf 81' lang='grc' dir='ltr'>πρὸς</span> <span class='ocrx_word' id='word_1_304' title='bbox 1355 2575 1454 2646; x_wconf 82' lang='grc' dir='ltr'>τὴν</span> <span class='ocrx_word' id='word_1_305' title='bbox 1483 2576 1708 2642; x_wconf 76' lang='grc' dir='ltr'>ἔκτισιν,</span> 
     </span>
    </p>
   </div>
   <div class='ocr_carea' id='block_1_44' title="bbox 125 2660 1711 2740">
    <p class='ocr_par' dir='ltr' id='par_1_44' title="bbox 125 2660 1711 2740">
     <span class='ocr_line' id='line_1_44' title="bbox 125 2660 1711 2740; baseline 0.005 -26"><span class='ocrx_word' id='word_1_306' title='bbox 125 2662 303 2716; x_wconf 85' lang='grc' dir='ltr'>κακὸν</span> <span class='ocrx_word' id='word_1_307' title='bbox 359 2660 516 2731; x_wconf 88' lang='grc' dir='ltr'><strong>κακῷ</strong></span> <span class='ocrx_word' id='word_1_308' title='bbox 555 2662 895 2740; x_wconf 77' lang='grc' dir='ltr'>θεραπεύεις,</span> <span class='ocrx_word' id='word_1_309' title='bbox 937 2663 1028 2734; x_wconf 87' lang='grc' dir='ltr'><strong>Μὴ</strong></span> <span class='ocrx_word' id='word_1_310' title='bbox 1059 2665 1183 2735; x_wconf 79' lang='grc' dir='ltr'>δέξῃ</span> <span class='ocrx_word' id='word_1_311' title='bbox 1219 2666 1610 2738; x_wconf 82' lang='grc' dir='ltr'>πολιορκοῦντά</span> <span class='ocrx_word' id='word_1_312' title='bbox 1652 2686 1711 2722; x_wconf 90' lang='grc' dir='ltr'><strong>σε</strong></span> 
     </span>
    </p>
   </div>
   <div class='ocr_carea' id='block_1_45' title="bbox 123 2752 1710 2829">
    <p class='ocr_par' dir='ltr' id='par_1_45' title="bbox 123 2752 1710 2829">
     <span class='ocr_line' id='line_1_45' title="bbox 123 2752 1710 2829; baseline 0.004 -23"><span class='ocrx_word' id='word_1_313' title='bbox 123 2752 430 2824; x_wconf 85' lang='grc' dir='ltr'>δανειστήν.</span> <span class='ocrx_word' id='word_1_314' title='bbox 463 2753 556 2824; x_wconf 84' lang='grc' dir='ltr'><strong>Μὴ</strong></span> <span class='ocrx_word' id='word_1_315' title='bbox 587 2753 796 2826; x_wconf 83' lang='grc' dir='ltr'>ἀνάσχῃ</span> <span class='ocrx_word' id='word_1_316' title='bbox 835 2753 1023 2826; x_wconf 81' lang='grc' dir='ltr'>ὥσπερ</span> <span class='ocrx_word' id='word_1_317' title='bbox 1071 2754 1198 2809; x_wconf 80' lang='grc' dir='ltr'>ἀλλο</span> <span class='ocrx_word' id='word_1_318' title='bbox 1233 2774 1286 2809; x_wconf 90' lang='grc' dir='ltr'>τι</span> <span class='ocrx_word' id='word_1_319' title='bbox 1337 2756 1560 2829; x_wconf 86' lang='grc' dir='ltr'>θήραμα</span> <span class='ocrx_word' id='word_1_320' title='bbox 1599 2759 1710 2828; x_wconf 89' lang='grc'>(57)</span> 
     </span>
    </p>
   </div>
   <div class='ocr_carea' id='block_1_46' title="bbox 123 2844 1714 2922">
    <p class='ocr_par' dir='ltr' id='par_1_46' title="bbox 123 2844 1714 2922">
     <span class='ocr_line' id='line_1_46' title="bbox 123 2844 1714 2922; baseline 0.006 -27"><span class='ocrx_word' id='word_1_321' title='bbox 123 2844 512 2914; x_wconf 78' lang='grc' dir='ltr'>ἀναζητεῖσθαι</span> <span class='ocrx_word' id='word_1_322' title='bbox 541 2846 635 2900; x_wconf 76' lang='grc' dir='ltr'><strong>καὶ</strong></span> <span class='ocrx_word' id='word_1_323' title='bbox 661 2846 1046 2916; x_wconf 76' lang='grc' dir='ltr'>ἐξιχνεύεσθαι.</span> <span class='ocrx_word' id='word_1_324' title='bbox 1075 2847 1316 2913; x_wconf 70' lang='grc' dir='ltr'><strong>ιΥεύδους</strong></span> <span class='ocrx_word' id='word_1_325' title='bbox 1354 2850 1494 2922; x_wconf 81' lang='grc' dir='ltr'>ἀρχὴ</span> <span class='ocrx_word' id='word_1_326' title='bbox 1531 2851 1594 2903; x_wconf 86' lang='grc' dir='ltr'><strong>τὸ</strong></span> <span class='ocrx_word' id='word_1_327' title='bbox 1622 2851 1714 2904; x_wconf 91' lang='grc' dir='ltr'>δα-</span> 
     </span>
    </p>
   </div>
   <div class='ocr_carea' id='block_1_47' title="bbox 125 2937 1709 3015">
    <p class='ocr_par' dir='ltr' id='par_1_47' title="bbox 125 2937 1709 3015">
     <span class='ocr_line' id='line_1_47' title="bbox 125 2937 1709 3015; baseline 0.005 -27"><span class='ocrx_word' id='word_1_328' title='bbox 125 2937 430 3002; x_wconf 83' lang='grc' dir='ltr'>νείζεσθαι·</span> <span class='ocrx_word' id='word_1_329' title='bbox 467 2939 787 3010; x_wconf 84' lang='grc' dir='ltr'>ἀχαριστίας</span> <span class='ocrx_word' id='word_1_330' title='bbox 819 2939 1062 3010; x_wconf 81' lang='grc' dir='ltr'>ἀφορμὴ,</span> <span class='ocrx_word' id='word_1_331' title='bbox 1085 2941 1498 3012; x_wconf 84' lang='grc' dir='ltr'>ἀγνωμοσύνης,</span> <span class='ocrx_word' id='word_1_332' title='bbox 1521 2944 1709 3015; x_wconf 89' lang='grc' dir='ltr'>ἐπιορ-</span> 
     </span>
    </p>
   </div>
   <div class='ocr_carea' id='block_1_48' title="bbox 125 3029 1712 3104">
    <p class='ocr_par' dir='ltr' id='par_1_48' title="bbox 125 3029 1712 3104">
     <span class='ocr_line' id='line_1_48' title="bbox 125 3029 1712 3104; baseline 0.006 -24"><span class='ocrx_word' id='word_1_333' title='bbox 125 3029 270 3093; x_wconf 80' lang='grc' dir='ltr'>κίας.</span> <span class='ocrx_word' id='word_1_334' title='bbox 303 3029 473 3082; x_wconf 87' lang='grc' dir='ltr'>Ἀλλα</span> <span class='ocrx_word' id='word_1_335' title='bbox 512 3031 728 3101; x_wconf 78' lang='grc' dir='ltr'>ῥήματα</span> <span class='ocrx_word' id='word_1_336' title='bbox 761 3031 856 3085; x_wconf 84' lang='grc' dir='ltr'><strong>τοῦ</strong></span> <span class='ocrx_word' id='word_1_337' title='bbox 889 3031 1264 3102; x_wconf 81' lang='grc' dir='ltr'>δανειζομένου</span> <span class='ocrx_word' id='word_1_338' title='bbox 1295 3033 1428 3104; x_wconf 90' lang='grc'>(58),</span> <span class='ocrx_word' id='word_1_339' title='bbox 1457 3034 1550 3088; x_wconf 75' lang='grc' dir='ltr'><strong>καὶ</strong></span> <span class='ocrx_word' id='word_1_340' title='bbox 1575 3035 1712 3089; x_wconf 77' lang='grc' dir='ltr'>ἄλλα</span> 
     </span>
    </p>
   </div>
   <div class='ocr_carea' id='block_1_49' title="bbox 125 3117 1780 3219">
    <p class='ocr_par' dir='ltr' id='par_1_49' title="bbox 125 3117 1780 3219">
     <span class='ocr_line' id='line_1_49' title="bbox 125 3117 1780 3219; baseline 0.008 -51"><span class='ocrx_word' id='word_1_341' title='bbox 125 3117 219 3219; x_wconf 64' lang='grc' dir='ltr'><strong>τοῦ</strong></span> <span class='ocrx_word' id='word_1_342' title='bbox 246 3119 673 3219; x_wconf 44' lang='grc' dir='ltr'>ἀῗαιτουμένου.</span> <span class='ocrx_word' id='word_1_343' title='bbox 711 3119 836 3219; x_wconf 77' lang='grc' dir='ltr'>Εἴθε</span> <span class='ocrx_word' id='word_1_344' title='bbox 882 3138 962 3174; x_wconf 90' lang='grc' dir='ltr'>σοι</span> <span class='ocrx_word' id='word_1_345' title='bbox 995 3122 1080 3219; x_wconf 35' lang='grc' dir='ltr'>,μὴ</span> <span class='ocrx_word' id='word_1_346' title='bbox 1115 3122 1404 3194; x_wconf 85' lang='grc' dir='ltr'>ἀπήντησα</span> <span class='ocrx_word' id='word_1_347' title='bbox 1432 3125 1572 3190; x_wconf 87' lang='grc' dir='ltr'>τότε,</span> <span class='ocrx_word' id='word_1_348' title='bbox 1608 3127 1710 3197; x_wconf 80' lang='grc' dir='ltr'>ήδη</span> <span class='ocrx_word' id='word_1_349' title='bbox 1737 3162 1780 3219; x_wconf 74' lang='lat' dir='ltr'><strong><em>C</em></strong></span> 
     </span>
    </p>
   </div>
   <div class='ocr_carea' id='block_1_50' title="bbox 124 3201 1705 3286">
    <p class='ocr_par' dir='ltr' id='par_1_50' title="bbox 124 3201 1705 3286">
     <span class='ocr_line' id='line_1_50' title="bbox 124 3201 1705 3286; baseline 0.015 -29"><span class='ocrx_word' id='word_1_350' title='bbox 124 3206 190 3260; x_wconf 86' lang='grc' dir='ltr'><strong>ἂν</strong></span> <span class='ocrx_word' id='word_1_351' title='bbox 243 3201 402 3278; x_wconf 76' lang='grc' dir='ltr'>εὖρον</span> <span class='ocrx_word' id='word_1_352' title='bbox 459 3207 558 3270; x_wconf 86' lang='grc' dir='ltr'>τὰς</span> <span class='ocrx_word' id='word_1_353' title='bbox 601 3208 856 3280; x_wconf 81' lang='grc' dir='ltr'>ἀφορμὰς</span> <span class='ocrx_word' id='word_1_354' title='bbox 916 3209 1051 3280; x_wconf 79' lang='grc' dir='ltr'>πρὸς</span> <span class='ocrx_word' id='word_1_355' title='bbox 1097 3211 1198 3282; x_wconf 79' lang='grc' dir='ltr'>τὴν</span> <span class='ocrx_word' id='word_1_356' title='bbox 1244 3213 1565 3286; x_wconf 78' lang='grc' dir='ltr'>ἀπαλλαγὴν</span> <span class='ocrx_word' id='word_1_357' title='bbox 1603 3217 1705 3286; x_wconf 77' lang='grc' dir='ltr'><strong>τῆς</strong></span> 
     </span>
    </p>
   </div>
   <div class='ocr_carea' id='block_1_51' title="bbox 124 3298 1706 3376">
    <p class='ocr_par' dir='ltr' id='par_1_51' title="bbox 124 3298 1706 3376">
     <span class='ocr_line' id='line_1_51' title="bbox 124 3298 1706 3376; baseline 0.006 -24"><span class='ocrx_word' id='word_1_358' title='bbox 124 3299 394 3368; x_wconf 79' lang='grc' dir='ltr'>ἀνάγκης.</span> <span class='ocrx_word' id='word_1_359' title='bbox 429 3299 564 3368; x_wconf 74' lang='grc' dir='ltr'><strong>Οὐχὶ</strong></span> <span class='ocrx_word' id='word_1_360' title='bbox 591 3298 648 3350; x_wconf 79' lang='grc' dir='ltr'>δὲ</span> <span class='ocrx_word' id='word_1_361' title='bbox 675 3299 898 3362; x_wconf 78' lang='grc' dir='ltr'>ἀκοντός</span> <span class='ocrx_word' id='word_1_362' title='bbox 925 3317 1027 3370; x_wconf 91' lang='grc' dir='ltr'><strong>μου</strong></span> <span class='ocrx_word' id='word_1_363' title='bbox 1076 3302 1329 3366; x_wconf 80' lang='grc' dir='ltr'>ἐνέϐαλες</span> <span class='ocrx_word' id='word_1_364' title='bbox 1360 3308 1426 3376; x_wconf 84' lang='grc' dir='ltr'><strong>τῇ</strong></span> <span class='ocrx_word' id='word_1_365' title='bbox 1465 3309 1606 3376; x_wconf 83' lang='grc' dir='ltr'>χειρὶ</span> <span class='ocrx_word' id='word_1_366' title='bbox 1637 3309 1706 3362; x_wconf 86' lang='grc' dir='ltr'>τὰ</span> 
     </span>
    </p>
   </div>
   <div class='ocr_carea' id='block_1_52' title="bbox 125 3388 1706 3470">
    <p class='ocr_par' dir='ltr' id='par_1_52' title="bbox 125 3388 1706 3470">
     <span class='ocr_line' id='line_1_52' title="bbox 125 3388 1706 3470; baseline -0.002 -27"><span class='ocrx_word' id='word_1_367' title='bbox 125 3391 231 3460; x_wconf 80' lang='grc' dir='ltr'><strong>χρή</strong></span> <span class='ocrx_word' id='word_1_368' title='bbox 243 3406 420 3459; x_wconf 85' lang='grc' dir='ltr'>ματα;</span> <span class='ocrx_word' id='word_1_369' title='bbox 458 3388 792 3459; x_wconf 85' lang='grc' dir='ltr'>Ὑπόχαλκον</span> <span class='ocrx_word' id='word_1_370' title='bbox 821 3390 879 3443; x_wconf 80' lang='grc' dir='ltr'>δέ</span> <span class='ocrx_word' id='word_1_371' title='bbox 918 3408 1011 3443; x_wconf 89' lang='grc' dir='ltr'>σου</span> <span class='ocrx_word' id='word_1_372' title='bbox 1037 3391 1096 3444; x_wconf 87' lang='grc' dir='ltr'><strong>τὸ</strong></span> <span class='ocrx_word' id='word_1_373' title='bbox 1122 3395 1363 3464; x_wconf 81' lang='grc' dir='ltr'>χρυσίον,</span> <span class='ocrx_word' id='word_1_374' title='bbox 1404 3396 1498 3448; x_wconf 78' lang='grc' dir='ltr'><strong>καὶ</strong></span> <span class='ocrx_word' id='word_1_375' title='bbox 1530 3415 1706 3470; x_wconf 83' lang='grc' dir='ltr'>παρα..</span> 
     </span>
    </p>
   </div>
   <div class='ocr_carea' id='block_1_53' title="bbox 127 3483 1702 3558">
    <p class='ocr_par' dir='ltr' id='par_1_53' title="bbox 127 3483 1702 3558">
     <span class='ocr_line' id='line_1_53' title="bbox 127 3483 1702 3558; baseline 0.008 -24"><span class='ocrx_word' id='word_1_376' title='bbox 127 3483 469 3553; x_wconf 84' lang='grc' dir='ltr'>κεκομμένον</span> <span class='ocrx_word' id='word_1_377' title='bbox 509 3484 571 3536; x_wconf 89' lang='grc' dir='ltr'>τὸ</span> <span class='ocrx_word' id='word_1_378' title='bbox 599 3485 859 3554; x_wconf 75' lang='grc' dir='ltr'>νόμισμα.</span> <span class='ocrx_word' id='word_1_379' title='bbox 897 3485 1020 3538; x_wconf 80' lang='grc' dir='ltr'>Εἴτε</span> <span class='ocrx_word' id='word_1_380' title='bbox 1053 3483 1146 3540; x_wconf 80' lang='grc' dir='ltr'>οὖν</span> <span class='ocrx_word' id='word_1_381' title='bbox 1176 3487 1327 3554; x_wconf 84' lang='grc' dir='ltr'>φίλος</span> <span class='ocrx_word' id='word_1_382' title='bbox 1373 3491 1402 3542; x_wconf 98' lang='lat'><strong>6</strong></span> <span class='ocrx_word' id='word_1_383' title='bbox 1425 3489 1702 3558; x_wconf 74' lang='grc' dir='ltr'>δανείζων,</span> 
     </span>
    </p>
   </div>
   <div class='ocr_carea' id='block_1_54' title="bbox 131 3573 1704 3654">
    <p class='ocr_par' dir='ltr' id='par_1_54' title="bbox 131 3573 1704 3654">
     <span class='ocr_line' id='line_1_54' title="bbox 131 3573 1704 3654; baseline -0.008 -14"><span class='ocrx_word' id='word_1_384' title='bbox 131 3574 206 3644; x_wconf 82' lang='grc' dir='ltr'>μὴ</span> <span class='ocrx_word' id='word_1_385' title='bbox 235 3573 518 3646; x_wconf 72' lang='grc' dir='ltr'><strong>ζημιωθῇς</strong></span> <span class='ocrx_word' id='word_1_386' title='bbox 555 3576 718 3636; x_wconf 73' lang='grc' dir='ltr'>αὐτοῦ</span> <span class='ocrx_word' id='word_1_387' title='bbox 747 3577 847 3648; x_wconf 81' lang='grc' dir='ltr'>τὴν</span> <span class='ocrx_word' id='word_1_388' title='bbox 881 3575 1060 3644; x_wconf 88' lang='grc' dir='ltr'>φιλίαν</span> <span class='ocrx_word' id='word_1_389' title='bbox 1081 3594 1092 3606; x_wconf 92' lang='grc'><strong>·</strong></span> <span class='ocrx_word' id='word_1_390' title='bbox 1126 3579 1232 3631; x_wconf 76' lang='grc' dir='ltr'>εἴτε</span> <span class='ocrx_word' id='word_1_391' title='bbox 1264 3579 1474 3650; x_wconf 80' lang='grc' dir='ltr'>ἐχθρὸς,</span> <span class='ocrx_word' id='word_1_392' title='bbox 1509 3582 1582 3652; x_wconf 83' lang='grc' dir='ltr'>μὴ</span> <span class='ocrx_word' id='word_1_393' title='bbox 1611 3582 1704 3654; x_wconf 67' lang='grc' dir='ltr'>γέ.</span> 
     </span>
    </p>
   </div>
   <div class='ocr_carea' id='block_1_55' title="bbox 129 3665 1706 3740">
    <p class='ocr_par' dir='ltr' id='par_1_55' title="bbox 129 3665 1706 3740">
     <span class='ocr_line' id='line_1_55' title="bbox 129 3665 1706 3740; baseline 0.003 -22"><span class='ocrx_word' id='word_1_394' title='bbox 129 3681 198 3739; x_wconf 90' lang='grc' dir='ltr'><strong>νῃ</strong></span> <span class='ocrx_word' id='word_1_395' title='bbox 227 3665 306 3735; x_wconf 83' lang='grc' dir='ltr'><strong>τῷ</strong></span> <span class='ocrx_word' id='word_1_396' title='bbox 335 3666 590 3736; x_wconf 87' lang='grc' dir='ltr'>δυσμενεῖ</span> <span class='ocrx_word' id='word_1_397' title='bbox 621 3667 950 3737; x_wconf 86' lang='grc' dir='ltr'>ὑποχείριος.</span> <span class='ocrx_word' id='word_1_398' title='bbox 978 3668 1188 3738; x_wconf 87' lang='grc' dir='ltr'>Μικρὸν</span> <span class='ocrx_word' id='word_1_399' title='bbox 1219 3668 1706 3740; x_wconf 75' lang='grc' dir='ltr'>ἐγκαλλωπισὰμε-</span> 
     </span>
    </p>
   </div>
   <div class='ocr_carea' id='block_1_56' title="bbox 129 3757 1707 3831">
    <p class='ocr_par' dir='ltr' id='par_1_56' title="bbox 129 3757 1707 3831">
     <span class='ocr_line' id='line_1_56' title="bbox 129 3757 1707 3831; baseline 0.004 -21"><span class='ocrx_word' id='word_1_400' title='bbox 129 3775 218 3820; x_wconf 88' lang='grc' dir='ltr'><strong>νος</strong></span> <span class='ocrx_word' id='word_1_401' title='bbox 261 3761 375 3820; x_wconf 88' lang='grc' dir='ltr'>τοῖς</span> <span class='ocrx_word' id='word_1_402' title='bbox 411 3757 732 3828; x_wconf 87' lang='grc' dir='ltr'>ἀλλοτρίοις,</span> <span class='ocrx_word' id='word_1_403' title='bbox 775 3758 998 3831; x_wconf 85' lang='grc' dir='ltr'>ὕστερον</span> <span class='ocrx_word' id='word_1_404' title='bbox 1038 3759 1134 3812; x_wconf 77' lang='grc' dir='ltr'><strong>καὶ</strong></span> <span class='ocrx_word' id='word_1_405' title='bbox 1174 3760 1282 3812; x_wconf 83' lang='grc' dir='ltr'>τῶν</span> <span class='ocrx_word' id='word_1_406' title='bbox 1314 3760 1581 3831; x_wconf 82' lang='grc' dir='ltr'>πατρῴων</span> <span class='ocrx_word' id='word_1_407' title='bbox 1612 3763 1707 3816; x_wconf 81' lang='grc' dir='ltr'><strong>ἐκ·</strong></span> 
     </span>
    </p>
   </div>
   <div class='ocr_carea' id='block_1_57' title="bbox 132 3845 1709 3924">
    <p class='ocr_par' dir='ltr' id='par_1_57' title="bbox 132 3845 1709 3924">
     <span class='ocr_line' id='line_1_57' title="bbox 132 3845 1709 3924; baseline 0.002 -20"><span class='ocrx_word' id='word_1_408' title='bbox 132 3851 324 3922; x_wconf 85' lang='grc' dir='ltr'><strong>στήσῃ.</strong></span> <span class='ocrx_word' id='word_1_409' title='bbox 373 3850 548 3919; x_wconf 56' lang='lat' dir='ltr'><strong>nam</strong></span> <span class='ocrx_word' id='word_1_410' title='bbox 587 3845 637 3902; x_wconf 79' lang='grc' dir='ltr'>εἷ</span> <span class='ocrx_word' id='word_1_411' title='bbox 671 3849 785 3916; x_wconf 80' lang='grc' dir='ltr'>νῦν,</span> <span class='ocrx_word' id='word_1_412' title='bbox 815 3851 930 3904; x_wconf 86' lang='grc' dir='ltr'>ἀλλ’</span> <span class='ocrx_word' id='word_1_413' title='bbox 975 3851 1275 3922; x_wconf 89' lang='grc' dir='ltr'>ἐλεύθερος.</span> <span class='ocrx_word' id='word_1_414' title='bbox 1317 3853 1709 3924; x_wconf 87' lang='grc' dir='ltr'>Δανεισάμενος</span> 
     </span>
    </p>
   </div>
   <div class='ocr_carea' id='block_1_58' title="bbox 129 3942 1708 4018">
    <p class='ocr_par' dir='ltr' id='par_1_58' title="bbox 129 3942 1708 4018">
     <span class='ocr_line' id='line_1_58' title="bbox 129 3942 1708 4018; baseline 0.002 -23"><span class='ocrx_word' id='word_1_415' title='bbox 129 3943 186 3995; x_wconf 89' lang='grc' dir='ltr'><strong>δέ</strong></span> <span class='ocrx_word' id='word_1_416' title='bbox 211 3943 332 3995; x_wconf 83' lang='grc' dir='ltr'>οὐδὲ</span> <span class='ocrx_word' id='word_1_417' title='bbox 365 3942 707 4012; x_wconf 81' lang='grc' dir='ltr'>πλουτήσεις,</span> <span class='ocrx_word' id='word_1_418' title='bbox 743 3943 836 3996; x_wconf 66' lang='grc' dir='ltr'><strong>καὶ¹</strong></span> <span class='ocrx_word' id='word_1_419' title='bbox 871 3943 968 4014; x_wconf 86' lang='grc' dir='ltr'><strong>τὴν</strong></span> <span class='ocrx_word' id='word_1_420' title='bbox 1008 3943 1316 4016; x_wconf 80' lang='grc' dir='ltr'>ἐλευθερίαν</span> <span class='ocrx_word' id='word_1_421' title='bbox 1342 3945 1708 4018; x_wconf 83' lang='grc' dir='ltr'>ἀφαιρεθήσῃ.</span> 
     </span>
    </p>
   </div>
   <div class='ocr_carea' id='block_1_59' title="bbox 131 4033 1710 4104">
    <p class='ocr_par' dir='ltr' id='par_1_59' title="bbox 131 4033 1710 4104">
     <span class='ocr_line' id='line_1_59' title="bbox 131 4033 1710 4104; baseline 0.001 -18"><span class='ocrx_word' id='word_1_422' title='bbox 131 4033 324 4097; x_wconf 80' lang='grc' dir='ltr'>Δοῦλος</span> <span class='ocrx_word' id='word_1_423' title='bbox 353 4033 448 4087; x_wconf 80' lang='grc' dir='ltr'><strong>τοῦ</strong></span> <span class='ocrx_word' id='word_1_424' title='bbox 487 4035 848 4097; x_wconf 77' lang='grc' dir='ltr'>δεδανεικότος</span> <span class='ocrx_word' id='word_1_425' title='bbox 895 4037 923 4088; x_wconf 89' lang='lat'><strong>6</strong></span> <span class='ocrx_word' id='word_1_426' title='bbox 963 4034 1365 4104; x_wconf 86' lang='grc' dir='ltr'>δανεισάμενος,</span> <span class='ocrx_word' id='word_1_427' title='bbox 1412 4037 1506 4088; x_wconf 78' lang='grc' dir='ltr'>καὶ</span> <span class='ocrx_word' id='word_1_428' title='bbox 1528 4035 1710 4098; x_wconf 79' lang='grc' dir='ltr'>δοῦλος</span> 
     </span>
    </p>
   </div>
   <div class='ocr_carea' id='block_1_60' title="bbox 135 4126 1708 4200">
    <p class='ocr_par' dir='ltr' id='par_1_60' title="bbox 135 4126 1708 4200">
     <span class='ocr_line' id='line_1_60' title="bbox 135 4126 1708 4200; baseline 0.001 -20"><span class='ocrx_word' id='word_1_429' title='bbox 135 4126 461 4198; x_wconf 84' lang='grc' dir='ltr'>μισθοφόρος</span> <span class='ocrx_word' id='word_1_430' title='bbox 493 4128 866 4198; x_wconf 87' lang='grc' dir='ltr'>ἀπαραίτητον</span> <span class='ocrx_word' id='word_1_431' title='bbox 903 4127 1082 4198; x_wconf 83' lang='grc' dir='ltr'>φέρων</span> <span class='ocrx_word' id='word_1_432' title='bbox 1115 4127 1211 4198; x_wconf 85' lang='grc' dir='ltr'><strong>τὴν</strong></span> <span class='ocrx_word' id='word_1_433' title='bbox 1235 4127 1593 4200; x_wconf 87' lang='grc' dir='ltr'>λειτουργίαν.</span> <span class='ocrx_word' id='word_1_434' title='bbox 1644 4129 1708 4182; x_wconf 83' lang='grc' dir='ltr'><strong>Οἱ</strong></span> 
     </span>
    </p>
   </div>
   <div class='ocr_carea' id='block_1_61' title="bbox 131 4218 1709 4291">
    <p class='ocr_par' dir='ltr' id='par_1_61' title="bbox 131 4218 1709 4291">
     <span class='ocr_line' id='line_1_61' title="bbox 131 4218 1709 4291; baseline 0.001 -19"><span class='ocrx_word' id='word_1_435' title='bbox 131 4218 292 4282; x_wconf 60' lang='grc' dir='ltr'>κύνες</span> <span class='ocrx_word' id='word_1_436' title='bbox 323 4218 692 4290; x_wconf 82' lang='grc' dir='ltr'>λαμϐάνοντες</span> <span class='ocrx_word' id='word_1_437' title='bbox 715 4218 1047 4290; x_wconf 80' lang='grc' dir='ltr'>ἡμεροῦνται</span> <span class='ocrx_word' id='word_1_438' title='bbox 1065 4235 1079 4248; x_wconf 81' lang='lat'><strong><em>°</em></strong></span> <span class='ocrx_word' id='word_1_439' title='bbox 1119 4221 1149 4272; x_wconf 89' lang='lat'><strong>6</strong></span> <span class='ocrx_word' id='word_1_440' title='bbox 1180 4218 1236 4272; x_wconf 81' lang='grc' dir='ltr'>δὲ</span> <span class='ocrx_word' id='word_1_441' title='bbox 1261 4219 1542 4290; x_wconf 80' lang='grc' dir='ltr'>δανειστὴς</span> <span class='ocrx_word' id='word_1_442' title='bbox 1571 4219 1709 4291; x_wconf 85' lang='grc' dir='ltr'>λαμ-</span> 
     </span>
    </p>
   </div>
   <div class='ocr_carea' id='block_1_62' title="bbox 134 4309 1703 4396">
    <p class='ocr_par' dir='ltr' id='par_1_62' title="bbox 134 4309 1703 4396">
     <span class='ocr_line' id='line_1_62' title="bbox 134 4309 1703 4396; baseline 0.003 -36"><span class='ocrx_word' id='word_1_443' title='bbox 134 4309 310 4362; x_wconf 79' lang='grc' dir='ltr'>ὁάνων</span> <span class='ocrx_word' id='word_1_444' title='bbox 357 4309 825 4381; x_wconf 78' lang='grc' dir='ltr'>προσερεθίζεται.</span> <span class='ocrx_word' id='word_1_445' title='bbox 880 4311 954 4363; x_wconf 83' lang='grc' dir='ltr'><strong>Οὐ</strong></span> <span class='ocrx_word' id='word_1_446' title='bbox 1008 4311 1116 4381; x_wconf 84' lang='grc' dir='ltr'>γὰρ</span> <span class='ocrx_word' id='word_1_447' title='bbox 1159 4310 1388 4364; x_wconf 89' lang='grc' dir='ltr'>παύεται</span> <span class='ocrx_word' id='word_1_448' title='bbox 1437 4311 1703 4396; x_wconf 60' lang='grc' dir='ltr'>ὑλακεῷν,</span> 
     </span>
    </p>
   </div>
   <div class='ocr_carea' id='block_1_63' title="bbox 131 4397 1698 4472">
    <p class='ocr_par' dir='ltr' id='par_1_63' title="bbox 131 4397 1698 4472">
     <span class='ocr_line' id='line_1_63' title="bbox 131 4397 1698 4472; baseline 0.004 -22"><span class='ocrx_word' id='word_1_449' title='bbox 131 4397 266 4452; x_wconf 80' lang='grc' dir='ltr'>ἀλλὰ</span> <span class='ocrx_word' id='word_1_450' title='bbox 325 4399 386 4452; x_wconf 84' lang='grc' dir='ltr'><em>τὸ</em></span> <span class='ocrx_word' id='word_1_451' title='bbox 449 4400 609 4454; x_wconf 82' lang='grc' dir='ltr'>πλέον</span> <span class='ocrx_word' id='word_1_452' title='bbox 676 4398 942 4469; x_wconf 76' lang='grc' dir='ltr'>ἐπιζητεῖ.</span> <span class='ocrx_word' id='word_1_453' title='bbox 1013 4401 1136 4454; x_wconf 79' lang='grc' dir='ltr'><strong>Ἐὰν</strong></span> <span class='ocrx_word' id='word_1_454' title='bbox 1190 4399 1415 4472; x_wconf 86' lang='grc' dir='ltr'>όμνύῃς,</span> <span class='ocrx_word' id='word_1_455' title='bbox 1486 4403 1546 4454; x_wconf 86' lang='grc' dir='ltr'>ού</span> <span class='ocrx_word' id='word_1_456' title='bbox 1607 4422 1698 4456; x_wconf 88' lang='grc' dir='ltr'><strong>πι-</strong></span> 
     </span>
    </p>
   </div>
   <div class='ocr_carea' id='block_1_64' title="bbox 1813 1932 3377 2002">
    <p class='ocr_par' dir='ltr' id='par_1_64' title="bbox 1813 1932 3377 2002">
     <span class='ocr_line' id='line_1_64' title="bbox 1813 1932 3377 2002; baseline 0.001 -16"><span class='ocrx_word' id='word_1_457' title='bbox 1813 1932 1890 1987; x_wconf 84' lang='lat' dir='ltr'><strong>Ne</strong></span> <span class='ocrx_word' id='word_1_458' title='bbox 1919 1933 2168 2002; x_wconf 87' lang='lat' dir='ltr'><strong>gradiare</strong></span> <span class='ocrx_word' id='word_1_459' title='bbox 2201 1933 2268 1986; x_wconf 90' lang='lat' dir='ltr'><strong>ad</strong></span> <span class='ocrx_word' id='word_1_460' title='bbox 2303 1932 2447 1989; x_wconf 83' lang='lat' dir='ltr'><strong>fores</strong></span> <span class='ocrx_word' id='word_1_461' title='bbox 2477 1935 2699 1989; x_wconf 88' lang='lat' dir='ltr'><strong>alienas.</strong></span> <span class='ocrx_word' id='word_1_462' title='bbox 2743 1933 2910 1987; x_wconf 89' lang='lat' dir='ltr'><strong>Plane</strong></span> <span class='ocrx_word' id='word_1_463' title='bbox 2936 1933 3080 1988; x_wconf 87' lang='lat' dir='ltr'><strong>enim</strong></span> <span class='ocrx_word' id='word_1_464' title='bbox 3113 1933 3377 2002; x_wconf 69' lang='lat' dir='ltr'><strong>Angustus</strong></span> 
     </span>
    </p>
   </div>
   <div class='ocr_carea' id='block_1_65' title="bbox 1811 2023 3376 2094">
    <p class='ocr_par' dir='ltr' id='par_1_65' title="bbox 1811 2023 3376 2094">
     <span class='ocr_line' id='line_1_65' title="bbox 1811 2023 3376 2094; baseline 0 -16"><span class='ocrx_word' id='word_1_465' title='bbox 1811 2035 1886 2079; x_wconf 80' lang='lat' dir='ltr'><strong>est</strong></span> <span class='ocrx_word' id='word_1_466' title='bbox 1921 2027 2124 2079; x_wconf 74' lang='lat' dir='ltr'><strong>alienus</strong></span> <span class='ocrx_word' id='word_1_467' title='bbox 2163 2034 2348 2094; x_wconf 74' lang='lat' dir='ltr'><strong>puteus</strong></span> <span class='ocrx_word' id='word_1_468' title='bbox 2387 2025 2450 2079; x_wconf 67' lang='grc'><strong>³⁸.</strong></span> <span class='ocrx_word' id='word_1_469' title='bbox 2497 2023 2676 2080; x_wconf 88' lang='lat' dir='ltr'><strong>Satius</strong></span> <span class='ocrx_word' id='word_1_470' title='bbox 2717 2035 2818 2090; x_wconf 79' lang='lat' dir='ltr'><strong>eSI,</strong></span> <span class='ocrx_word' id='word_1_471' title='bbox 2867 2034 2982 2078; x_wconf 88' lang='lat' dir='ltr'><strong>arte</strong></span> <span class='ocrx_word' id='word_1_472' title='bbox 3021 2034 3074 2079; x_wconf 89' lang='lat' dir='ltr'><strong>et</strong></span> <span class='ocrx_word' id='word_1_473' title='bbox 3117 2025 3376 2078; x_wconf 87' lang='lat' dir='ltr'><strong>industria</strong></span> 
     </span>
    </p>
   </div>
   <div class='ocr_carea' id='block_1_66' title="bbox 1813 2099 3378 2186">
    <p class='ocr_par' dir='ltr' id='par_1_66' title="bbox 1813 2099 3378 2186">
     <span class='ocr_line' id='line_1_66' title="bbox 1813 2099 3378 2186; baseline -0.003 -16"><span class='ocrx_word' id='word_1_474' title='bbox 1813 2117 2070 2186; x_wconf 87' lang='lat' dir='ltr'><strong>paulatim</strong></span> <span class='ocrx_word' id='word_1_475' title='bbox 2107 2099 2486 2172; x_wconf 75' lang='lat' dir='ltr'><strong>necessitatem</strong></span> <span class='ocrx_word' id='word_1_476' title='bbox 2528 2115 2730 2178; x_wconf 89' lang='lat' dir='ltr'><strong>levare,</strong></span> <span class='ocrx_word' id='word_1_477' title='bbox 2775 2131 2932 2183; x_wconf 89' lang='lat' dir='ltr'><strong>quam</strong></span> <span class='ocrx_word' id='word_1_478' title='bbox 2977 2115 3166 2168; x_wconf 86' lang='lat' dir='ltr'><strong>alienis</strong></span> <span class='ocrx_word' id='word_1_479' title='bbox 3209 2114 3378 2167; x_wconf 83' lang='lat' dir='ltr'><strong>facul-</strong></span> 
     </span>
    </p>
   </div>
   <div class='ocr_carea' id='block_1_67' title="bbox 1814 2205 3378 2276">
    <p class='ocr_par' dir='ltr' id='par_1_67' title="bbox 1814 2205 3378 2276">
     <span class='ocr_line' id='line_1_67' title="bbox 1814 2205 3378 2276; baseline -0.001 -16"><span class='ocrx_word' id='word_1_480' title='bbox 1814 2208 2014 2264; x_wconf 83' lang='lat' dir='ltr'><strong>tatibus</strong></span> <span class='ocrx_word' id='word_1_481' title='bbox 2069 2207 2250 2262; x_wconf 92' lang='lat' dir='ltr'><strong>subito</strong></span> <span class='ocrx_word' id='word_1_482' title='bbox 2307 2208 2528 2272; x_wconf 88' lang='lat' dir='ltr'><strong>elatmu,</strong></span> <span class='ocrx_word' id='word_1_483' title='bbox 2603 2207 2854 2276; x_wconf 87' lang='lat' dir='ltr'><strong>deinceps</strong></span> <span class='ocrx_word' id='word_1_484' title='bbox 2905 2207 3156 2260; x_wconf 88' lang='lat' dir='ltr'><strong>omnibus</strong></span> <span class='ocrx_word' id='word_1_485' title='bbox 3219 2205 3378 2260; x_wconf 84' lang='lat' dir='ltr'><strong>simul</strong></span> 
     </span>
    </p>
   </div>
   <div class='ocr_carea' id='block_1_68' title="bbox 1810 2297 3378 2370">
    <p class='ocr_par' dir='ltr' id='par_1_68' title="bbox 1810 2297 3378 2370">
     <span class='ocr_line' id='line_1_68' title="bbox 1810 2297 3378 2370; baseline -0.003 -16"><span class='ocrx_word' id='word_1_486' title='bbox 1810 2301 1967 2354; x_wconf 81' lang='lat' dir='ltr'><strong>bullis</strong></span> <span class='ocrx_word' id='word_1_487' title='bbox 2023 2301 2242 2370; x_wconf 89' lang='lat' dir='ltr'><strong>privari.</strong></span> <span class='ocrx_word' id='word_1_488' title='bbox 2307 2299 2364 2354; x_wconf 91' lang='lat' dir='ltr'><strong>Si</strong></span> <span class='ocrx_word' id='word_1_489' title='bbox 2419 2301 2580 2370; x_wconf 90' lang='lat' dir='ltr'><strong>igitur</strong></span> <span class='ocrx_word' id='word_1_490' title='bbox 2632 2299 2796 2353; x_wconf 87' lang='lat' dir='ltr'><strong>habes</strong></span> <span class='ocrx_word' id='word_1_491' title='bbox 2847 2298 2986 2352; x_wconf 88' lang='lat' dir='ltr'><strong>unde</strong></span> <span class='ocrx_word' id='word_1_492' title='bbox 3038 2297 3233 2362; x_wconf 89' lang='lat' dir='ltr'><strong>solvas,</strong></span> <span class='ocrx_word' id='word_1_493' title='bbox 3281 2312 3378 2352; x_wconf 89' lang='lat' dir='ltr'><strong>cur</strong></span> 
     </span>
    </p>
   </div>
   <div class='ocr_carea' id='block_1_69' title="bbox 1811 2389 3376 2462">
    <p class='ocr_par' dir='ltr' id='par_1_69' title="bbox 1811 2389 3376 2462">
     <span class='ocr_line' id='line_1_69' title="bbox 1811 2389 3376 2462; baseline -0.001 -19"><span class='ocrx_word' id='word_1_494' title='bbox 1811 2402 2132 2460; x_wconf 79' lang='lat' dir='ltr'><strong>praesentem</strong></span> <span class='ocrx_word' id='word_1_495' title='bbox 2183 2399 2479 2462; x_wconf 75' lang='lat' dir='ltr'><strong>egestatem</strong></span> <span class='ocrx_word' id='word_1_496' title='bbox 2517 2391 2668 2444; x_wconf 88' lang='lat' dir='ltr'><strong>hisce</strong></span> <span class='ocrx_word' id='word_1_497' title='bbox 2708 2390 2924 2445; x_wconf 81' lang='lat' dir='ltr'><strong>auxiliis</strong></span> <span class='ocrx_word' id='word_1_498' title='bbox 2969 2406 3074 2444; x_wconf 93' lang='lat' dir='ltr'><strong>non</strong></span> <span class='ocrx_word' id='word_1_499' title='bbox 3115 2389 3376 2459; x_wconf 83' lang='lat' dir='ltr'><strong>depellis?</strong></span> 
     </span>
    </p>
   </div>
   <div class='ocr_carea' id='block_1_70' title="bbox 1813 2479 3378 2546">
    <p class='ocr_par' dir='ltr' id='par_1_70' title="bbox 1813 2479 3378 2546">
     <span class='ocr_line' id='line_1_70' title="bbox 1813 2479 3378 2546; baseline -0.004 -10"><span class='ocrx_word' id='word_1_500' title='bbox 1813 2481 1910 2536; x_wconf 91' lang='lat' dir='ltr'><strong>Sin</strong></span> <span class='ocrx_word' id='word_1_501' title='bbox 1937 2484 2192 2536; x_wconf 87' lang='lat' dir='ltr'><strong>solvendo</strong></span> <span class='ocrx_word' id='word_1_502' title='bbox 2221 2495 2326 2536; x_wconf 91' lang='lat' dir='ltr'><strong>non</strong></span> <span class='ocrx_word' id='word_1_503' title='bbox 2365 2495 2444 2546; x_wconf 88' lang='lat' dir='ltr'><strong>es,</strong></span> <span class='ocrx_word' id='word_1_504' title='bbox 2471 2481 2667 2533; x_wconf 88' lang='lat' dir='ltr'><strong>malum</strong></span> <span class='ocrx_word' id='word_1_505' title='bbox 2713 2479 2854 2532; x_wconf 89' lang='lat' dir='ltr'><strong>malo</strong></span> <span class='ocrx_word' id='word_1_506' title='bbox 2894 2495 3074 2535; x_wconf 89' lang='lat' dir='ltr'><strong>curas.</strong></span> <span class='ocrx_word' id='word_1_507' title='bbox 3120 2479 3378 2534; x_wconf 64' lang='lat' dir='ltr'><strong>Faenera-</strong></span> 
     </span>
    </p>
   </div>
   <div class='ocr_carea' id='block_1_71' title="bbox 1815 2569 3381 2642">
    <p class='ocr_par' dir='ltr' id='par_1_71' title="bbox 1815 2569 3381 2642">
     <span class='ocr_line' id='line_1_71' title="bbox 1815 2569 3381 2642; baseline -0.003 -13"><span class='ocrx_word' id='word_1_508' title='bbox 1815 2584 1984 2629; x_wconf 90' lang='lat' dir='ltr'><strong>torem</strong></span> <span class='ocrx_word' id='word_1_509' title='bbox 2020 2575 2112 2642; x_wconf 91' lang='lat' dir='ltr'><strong>qui</strong></span> <span class='ocrx_word' id='word_1_510' title='bbox 2146 2582 2196 2626; x_wconf 91' lang='lat' dir='ltr'><strong>te</strong></span> <span class='ocrx_word' id='word_1_511' title='bbox 2237 2573 2559 2627; x_wconf 73' lang='lat' dir='ltr'><strong>obsessurus</strong></span> <span class='ocrx_word' id='word_1_512' title='bbox 2595 2571 2688 2634; x_wconf 88' lang='lat' dir='ltr'><strong>sit,</strong></span> <span class='ocrx_word' id='word_1_513' title='bbox 2735 2587 2802 2626; x_wconf 87' lang='lat' dir='ltr'><strong>ne</strong></span> <span class='ocrx_word' id='word_1_514' title='bbox 2836 2571 3077 2626; x_wconf 89' lang='lat' dir='ltr'><strong>admitte.</strong></span> <span class='ocrx_word' id='word_1_515' title='bbox 3117 2570 3192 2626; x_wconf 86' lang='lat' dir='ltr'><strong>Te</strong></span> <span class='ocrx_word' id='word_1_516' title='bbox 3236 2569 3381 2624; x_wconf 89' lang='lat' dir='ltr'><strong>velut</strong></span> 
     </span>
    </p>
   </div>
   <div class='ocr_carea' id='block_1_72' title="bbox 1813 2664 3378 2736">
    <p class='ocr_par' dir='ltr' id='par_1_72' title="bbox 1813 2664 3378 2736">
     <span class='ocr_line' id='line_1_72' title="bbox 1813 2664 3378 2736; baseline -0.004 -12"><span class='ocrx_word' id='word_1_517' title='bbox 1813 2671 1974 2724; x_wconf 84' lang='lat' dir='ltr'><strong>aliam</strong></span> <span class='ocrx_word' id='word_1_518' title='bbox 2001 2669 2236 2736; x_wconf 87' lang='lat' dir='ltr'><strong>aliquam</strong></span> <span class='ocrx_word' id='word_1_519' title='bbox 2265 2667 2502 2736; x_wconf 64' lang='lat' dir='ltr'><strong>praedam</strong></span> <span class='ocrx_word' id='word_1_520' title='bbox 2548 2664 2760 2734; x_wconf 82' lang='lat' dir='ltr'><strong>exquiri</strong></span> <span class='ocrx_word' id='word_1_521' title='bbox 2803 2679 2868 2720; x_wconf 87' lang='lat' dir='ltr'><strong>ac</strong></span> <span class='ocrx_word' id='word_1_522' title='bbox 2907 2666 3162 2734; x_wconf 80' lang='lat' dir='ltr'><strong>vestigari</strong></span> <span class='ocrx_word' id='word_1_523' title='bbox 3199 2680 3265 2718; x_wconf 91' lang='lat' dir='ltr'><strong>ne</strong></span> <span class='ocrx_word' id='word_1_524' title='bbox 3301 2667 3378 2719; x_wconf 84' lang='lat' dir='ltr'><strong>si-</strong></span> 
     </span>
    </p>
   </div>
   <div class='ocr_carea' id='block_1_73' title="bbox 1813 2757 3382 2826">
    <p class='ocr_par' dir='ltr' id='par_1_73' title="bbox 1813 2757 3382 2826">
     <span class='ocr_line' id='line_1_73' title="bbox 1813 2757 3382 2826; baseline -0.004 -10"><span class='ocrx_word' id='word_1_525' title='bbox 1813 2777 1930 2816; x_wconf 77' lang='lat' dir='ltr'><strong>nas.</strong></span> <span class='ocrx_word' id='word_1_526' title='bbox 1973 2760 2150 2816; x_wconf 89' lang='lat' dir='ltr'><strong>Usura</strong></span> <span class='ocrx_word' id='word_1_527' title='bbox 2197 2758 2458 2814; x_wconf 89' lang='lat' dir='ltr'><strong>mendacii</strong></span> <span class='ocrx_word' id='word_1_528' title='bbox 2505 2757 2827 2826; x_wconf 89' lang='lat' dir='ltr'><strong>principium</strong></span> <span class='ocrx_word' id='word_1_529' title='bbox 2876 2769 2996 2822; x_wconf 91' lang='lat' dir='ltr'><strong>est;</strong></span> <span class='ocrx_word' id='word_1_530' title='bbox 3038 2757 3255 2812; x_wconf 88' lang='lat' dir='ltr'><strong>occasio</strong></span> <span class='ocrx_word' id='word_1_531' title='bbox 3301 2759 3382 2810; x_wconf 80' lang='lat' dir='ltr'><strong>in—</strong></span> 
     </span>
    </p>
   </div>
   <div class='ocr_carea' id='block_1_74' title="bbox 1811 2848 3382 2923">
    <p class='ocr_par' dir='ltr' id='par_1_74' title="bbox 1811 2848 3382 2923">
     <span class='ocr_line' id='line_1_74' title="bbox 1811 2848 3382 2923; baseline -0.004 -17"><span class='ocrx_word' id='word_1_532' title='bbox 1811 2853 1948 2923; x_wconf 87' lang='lat' dir='ltr'><strong>grati</strong></span> <span class='ocrx_word' id='word_1_533' title='bbox 2004 2849 2200 2914; x_wconf 90' lang='lat' dir='ltr'><strong>animi,</strong></span> <span class='ocrx_word' id='word_1_534' title='bbox 2265 2849 2612 2918; x_wconf 57' lang='lat' dir='ltr'><strong>perﬁdiaque</strong></span> <span class='ocrx_word' id='word_1_535' title='bbox 2671 2856 2726 2902; x_wconf 92' lang='lat' dir='ltr'><strong>et</strong></span> <span class='ocrx_word' id='word_1_536' title='bbox 2781 2848 3021 2915; x_wconf 88' lang='lat' dir='ltr'><strong>perjurii.</strong></span> <span class='ocrx_word' id='word_1_537' title='bbox 3081 2849 3198 2902; x_wconf 88' lang='lat' dir='ltr'><strong>Alia</strong></span> <span class='ocrx_word' id='word_1_538' title='bbox 3252 2854 3382 2902; x_wconf 91' lang='lat' dir='ltr'><strong>sunt</strong></span> 
     </span>
    </p>
   </div>
   <div class='ocr_carea' id='block_1_75' title="bbox 1810 2939 3379 3015">
    <p class='ocr_par' dir='ltr' id='par_1_75' title="bbox 1810 2939 3379 3015">
     <span class='ocr_line' id='line_1_75' title="bbox 1810 2939 3379 3015; baseline -0.004 -15"><span class='ocrx_word' id='word_1_539' title='bbox 1810 2947 1975 3001; x_wconf 84' lang='lat' dir='ltr'><strong>verba</strong></span> <span class='ocrx_word' id='word_1_540' title='bbox 2015 2952 2294 3015; x_wconf 75' lang='lat' dir='ltr'><strong>argentum</strong></span> <span class='ocrx_word' id='word_1_541' title='bbox 2323 2940 2530 2997; x_wconf 75' lang='lat' dir='ltr'><strong>imitere</strong></span> <span class='ocrx_word' id='word_1_542' title='bbox 2555 2941 2852 2996; x_wconf 89' lang='lat' dir='ltr'><strong>sumentis:</strong></span> <span class='ocrx_word' id='word_1_543' title='bbox 2893 2939 3018 3006; x_wconf 89' lang='lat' dir='ltr'><strong>alia,</strong></span> <span class='ocrx_word' id='word_1_544' title='bbox 3051 2955 3170 2993; x_wconf 92' lang='lat' dir='ltr'><strong>cum</strong></span> <span class='ocrx_word' id='word_1_545' title='bbox 3205 2940 3379 2994; x_wconf 75' lang='lat' dir='ltr'><strong>[tenus</strong></span> 
     </span>
    </p>
   </div>
   <div class='ocr_carea' id='block_1_76' title="bbox 1811 3032 3375 3109">
    <p class='ocr_par' dir='ltr' id='par_1_76' title="bbox 1811 3032 3375 3109">
     <span class='ocr_line' id='line_1_76' title="bbox 1811 3032 3375 3109; baseline -0.005 -17"><span class='ocrx_word' id='word_1_546' title='bbox 1811 3041 1879 3093; x_wconf 92' lang='lat' dir='ltr'><strong>ab</strong></span> <span class='ocrx_word' id='word_1_547' title='bbox 1905 3040 2020 3109; x_wconf 90' lang='lat' dir='ltr'><strong>ipso</strong></span> <span class='ocrx_word' id='word_1_548' title='bbox 2041 3037 2296 3106; x_wconf 74' lang='lat' dir='ltr'><strong>exigitur.</strong></span> <span class='ocrx_word' id='word_1_549' title='bbox 2336 3034 2552 3090; x_wconf 87' lang='lat' dir='ltr'><strong>Utinam</strong></span> <span class='ocrx_word' id='word_1_550' title='bbox 2581 3044 2706 3088; x_wconf 92' lang='lat' dir='ltr'><strong>tunc</strong></span> <span class='ocrx_word' id='word_1_551' title='bbox 2734 3032 2828 3087; x_wconf 88' lang='lat' dir='ltr'><strong>tibi</strong></span> <span class='ocrx_word' id='word_1_552' title='bbox 2860 3047 2964 3086; x_wconf 90' lang='lat' dir='ltr'><strong>non</strong></span> <span class='ocrx_word' id='word_1_553' title='bbox 2991 3033 3375 3088; x_wconf 78' lang='lat' dir='ltr'><strong>occurrissent!</strong></span> 
     </span>
    </p>
   </div>
   <div class='ocr_carea' id='block_1_77' title="bbox 1812 3123 3378 3200">
    <p class='ocr_par' dir='ltr' id='par_1_77' title="bbox 1812 3123 3378 3200">
     <span class='ocr_line' id='line_1_77' title="bbox 1812 3123 3378 3200; baseline -0.006 -14"><span class='ocrx_word' id='word_1_554' title='bbox 1812 3133 1998 3200; x_wconf 85' lang='lat' dir='ltr'><strong>utique</strong></span> <span class='ocrx_word' id='word_1_555' title='bbox 2021 3127 2132 3197; x_wconf 89' lang='lat' dir='ltr'><strong>jam</strong></span> <span class='ocrx_word' id='word_1_556' title='bbox 2165 3127 2404 3184; x_wconf 90' lang='lat' dir='ltr'><strong>subsidia</strong></span> <span class='ocrx_word' id='word_1_557' title='bbox 2439 3127 2683 3194; x_wconf 69' lang='lat' dir='ltr'><strong>qumdam</strong></span> <span class='ocrx_word' id='word_1_558' title='bbox 2714 3125 2780 3178; x_wconf 85' lang='lat' dir='ltr'><strong>ad</strong></span> <span class='ocrx_word' id='word_1_559' title='bbox 2809 3123 3158 3178; x_wconf 88' lang='lat' dir='ltr'><strong>amovendam</strong></span> <span class='ocrx_word' id='word_1_560' title='bbox 3189 3137 3378 3176; x_wconf 87' lang='lat' dir='ltr'><strong>neces-</strong></span> 
     </span>
    </p>
   </div>
   <div class='ocr_carea' id='block_1_78' title="bbox 1813 3214 3376 3283">
    <p class='ocr_par' dir='ltr' id='par_1_78' title="bbox 1813 3214 3376 3283">
     <span class='ocr_line' id='line_1_78' title="bbox 1813 3214 3376 3283; baseline -0.006 -6"><span class='ocrx_word' id='word_1_561' title='bbox 1813 3223 2026 3278; x_wconf 86' lang='lat' dir='ltr'><strong>sitatem</strong></span> <span class='ocrx_word' id='word_1_562' title='bbox 2063 3220 2413 3274; x_wconf 87' lang='lat' dir='ltr'><strong>invenissem.</strong></span> <span class='ocrx_word' id='word_1_563' title='bbox 2459 3217 2647 3272; x_wconf 81' lang='lat' dir='ltr'><strong>Nonne</strong></span> <span class='ocrx_word' id='word_1_564' title='bbox 2696 3215 2824 3269; x_wconf 88' lang='lat' dir='ltr'><strong>mihi</strong></span> <span class='ocrx_word' id='word_1_565' title='bbox 2873 3215 3042 3268; x_wconf 88' lang='lat' dir='ltr'><strong>invito</strong></span> <span class='ocrx_word' id='word_1_566' title='bbox 3093 3214 3376 3283; x_wconf 84' lang='lat' dir='ltr'><strong>pecuniam</strong></span> 
     </span>
    </p>
   </div>
   <div class='ocr_carea' id='block_1_79' title="bbox 1807 3306 3379 3369">
    <p class='ocr_par' dir='ltr' id='par_1_79' title="bbox 1807 3306 3379 3369">
     <span class='ocr_line' id='line_1_79' title="bbox 1807 3306 3379 3369; baseline -0.004 -1"><span class='ocrx_word' id='word_1_567' title='bbox 1807 3315 1862 3369; x_wconf 91' lang='lat' dir='ltr'><strong>in</strong></span> <span class='ocrx_word' id='word_1_568' title='bbox 1911 3327 2104 3368; x_wconf 90' lang='lat' dir='ltr'><strong>manus</strong></span> <span class='ocrx_word' id='word_1_569' title='bbox 2147 3311 2383 3366; x_wconf 81' lang='lat' dir='ltr'><strong>dedisti?</strong></span> <span class='ocrx_word' id='word_1_570' title='bbox 2425 3309 2594 3364; x_wconf 89' lang='lat' dir='ltr'><strong>Porro</strong></span> <span class='ocrx_word' id='word_1_571' title='bbox 2645 3323 2834 3362; x_wconf 89' lang='lat' dir='ltr'><strong>aurum</strong></span> <span class='ocrx_word' id='word_1_572' title='bbox 2891 3314 3042 3361; x_wconf 88' lang='lat' dir='ltr'><strong>tuum</strong></span> <span class='ocrx_word' id='word_1_573' title='bbox 3087 3315 3205 3360; x_wconf 89' lang='lat' dir='ltr'><strong>erat</strong></span> <span class='ocrx_word' id='word_1_574' title='bbox 3251 3306 3379 3361; x_wconf 90' lang='lat' dir='ltr'><strong>sub-</strong></span> 
     </span>
    </p>
   </div>
   <div class='ocr_carea' id='block_1_80' title="bbox 1806 3396 3380 3468">
    <p class='ocr_par' dir='ltr' id='par_1_80' title="bbox 1806 3396 3380 3468">
     <span class='ocr_line' id='line_1_80' title="bbox 1806 3396 3380 3468; baseline -0.004 -11"><span class='ocrx_word' id='word_1_575' title='bbox 1806 3412 2054 3468; x_wconf 72' lang='lat' dir='ltr'><strong>:eratum,</strong></span> <span class='ocrx_word' id='word_1_576' title='bbox 2076 3410 2130 3456; x_wconf 90' lang='lat' dir='ltr'><strong>et</strong></span> <span class='ocrx_word' id='word_1_577' title='bbox 2153 3401 2422 3454; x_wconf 90' lang='lat' dir='ltr'><strong>numisma</strong></span> <span class='ocrx_word' id='word_1_578' title='bbox 2451 3397 2828 3452; x_wconf 85' lang='lat' dir='ltr'><strong>adulterinum.</strong></span> <span class='ocrx_word' id='word_1_579' title='bbox 2851 3396 2976 3452; x_wconf 86' lang='lat' dir='ltr'><strong>Sive</strong></span> <span class='ocrx_word' id='word_1_580' title='bbox 3017 3397 3180 3468; x_wconf 82' lang='lat' dir='ltr'><strong>igitur</strong></span> <span class='ocrx_word' id='word_1_581' title='bbox 3209 3397 3380 3452; x_wconf 75' lang='lat' dir='ltr'><strong>fame-</strong></span> 
     </span>
    </p>
   </div>
   <div class='ocr_carea' id='block_1_81' title="bbox 1809 3488 3378 3558">
    <p class='ocr_par' dir='ltr' id='par_1_81' title="bbox 1809 3488 3378 3558">
     <span class='ocr_line' id='line_1_81' title="bbox 1809 3488 3378 3558; baseline -0.004 -10"><span class='ocrx_word' id='word_1_582' title='bbox 1809 3503 1958 3548; x_wconf 88' lang='lat' dir='ltr'><strong>rator</strong></span> <span class='ocrx_word' id='word_1_583' title='bbox 1997 3493 2070 3547; x_wconf 90' lang='lat' dir='ltr'><strong>sit</strong></span> <span class='ocrx_word' id='word_1_584' title='bbox 2103 3491 2334 3554; x_wconf 89' lang='lat' dir='ltr'><strong>amicus,</strong></span> <span class='ocrx_word' id='word_1_585' title='bbox 2383 3503 2452 3543; x_wconf 89' lang='lat' dir='ltr'><strong>ne</strong></span> <span class='ocrx_word' id='word_1_586' title='bbox 2489 3489 2606 3558; x_wconf 85' lang='lat' dir='ltr'><strong>ejus</strong></span> <span class='ocrx_word' id='word_1_587' title='bbox 2650 3489 2868 3542; x_wconf 88' lang='lat' dir='ltr'><strong>amittas</strong></span> <span class='ocrx_word' id='word_1_588' title='bbox 2895 3488 3187 3542; x_wconf 83' lang='lat' dir='ltr'><strong>amicitiam</strong></span> <span class='ocrx_word' id='word_1_589' title='bbox 3217 3505 3232 3540; x_wconf 84' lang='lat'><strong>:</strong></span> <span class='ocrx_word' id='word_1_590' title='bbox 3265 3489 3378 3542; x_wconf 89' lang='lat' dir='ltr'><strong>sive</strong></span> 
     </span>
    </p>
   </div>
   <div class='ocr_carea' id='block_1_82' title="bbox 1809 3579 3373 3649">
    <p class='ocr_par' dir='ltr' id='par_1_82' title="bbox 1809 3579 3373 3649">
     <span class='ocr_line' id='line_1_82' title="bbox 1809 3579 3373 3649; baseline -0.004 -9"><span class='ocrx_word' id='word_1_591' title='bbox 1809 3585 2085 3649; x_wconf 88' lang='lat' dir='ltr'><strong>inimicus,</strong></span> <span class='ocrx_word' id='word_1_592' title='bbox 2117 3599 2186 3638; x_wconf 90' lang='lat' dir='ltr'><strong>ne</strong></span> <span class='ocrx_word' id='word_1_593' title='bbox 2221 3582 2320 3636; x_wconf 77' lang='lat' dir='ltr'><strong>[ias</strong></span> <span class='ocrx_word' id='word_1_594' title='bbox 2349 3581 2662 3636; x_wconf 87' lang='lat' dir='ltr'><strong>adversario</strong></span> <span class='ocrx_word' id='word_1_595' title='bbox 2691 3595 2755 3634; x_wconf 86' lang='lat' dir='ltr'><strong>ac</strong></span> <span class='ocrx_word' id='word_1_596' title='bbox 2795 3579 3060 3634; x_wconf 89' lang='lat' dir='ltr'><strong>malevolo</strong></span> <span class='ocrx_word' id='word_1_597' title='bbox 3107 3579 3373 3634; x_wconf 86' lang='lat' dir='ltr'><strong>subditus.</strong></span> 
     </span>
    </p>
   </div>
   <div class='ocr_carea' id='block_1_83' title="bbox 1807 3671 3378 3745">
    <p class='ocr_par' dir='ltr' id='par_1_83' title="bbox 1807 3671 3378 3745">
     <span class='ocr_line' id='line_1_83' title="bbox 1807 3671 3378 3745; baseline -0.004 -14"><span class='ocrx_word' id='word_1_598' title='bbox 1807 3675 2104 3745; x_wconf 86' lang='lat' dir='ltr'><strong>Parumper</strong></span> <span class='ocrx_word' id='word_1_599' title='bbox 2153 3675 2206 3728; x_wconf 91' lang='lat' dir='ltr'><strong>in</strong></span> <span class='ocrx_word' id='word_1_600' title='bbox 2247 3672 2441 3728; x_wconf 87' lang='lat' dir='ltr'><strong>alienis</strong></span> <span class='ocrx_word' id='word_1_601' title='bbox 2491 3672 2772 3742; x_wconf 80' lang='lat' dir='ltr'><strong>gloriatus,</strong></span> <span class='ocrx_word' id='word_1_602' title='bbox 2813 3679 2998 3740; x_wconf 88' lang='lat' dir='ltr'><strong>postea</strong></span> <span class='ocrx_word' id='word_1_603' title='bbox 3049 3671 3378 3740; x_wconf 89' lang='lat' dir='ltr'><strong>patrimonio</strong></span> 
     </span>
    </p>
   </div>
   <div class='ocr_carea' id='block_1_84' title="bbox 1808 3761 3380 3833">
    <p class='ocr_par' dir='ltr' id='par_1_84' title="bbox 1808 3761 3380 3833">
     <span class='ocr_line' id='line_1_84' title="bbox 1808 3761 3380 3833; baseline -0.007 -7"><span class='ocrx_word' id='word_1_604' title='bbox 1808 3771 1971 3826; x_wconf 88' lang='lat' dir='ltr'><strong>etiam</strong></span> <span class='ocrx_word' id='word_1_605' title='bbox 2007 3766 2289 3822; x_wconf 88' lang='lat' dir='ltr'><strong>everteris.</strong></span> <span class='ocrx_word' id='word_1_606' title='bbox 2319 3763 2530 3833; x_wconf 86' lang='lat' dir='ltr'><strong>Pauper</strong></span> <span class='ocrx_word' id='word_1_607' title='bbox 2568 3778 2626 3818; x_wconf 89' lang='lat' dir='ltr'><strong>es</strong></span> <span class='ocrx_word' id='word_1_608' title='bbox 2653 3777 2818 3826; x_wconf 89' lang='lat' dir='ltr'><strong>nunc,</strong></span> <span class='ocrx_word' id='word_1_609' title='bbox 2849 3761 2942 3816; x_wconf 91' lang='lat' dir='ltr'><strong>sed</strong></span> <span class='ocrx_word' id='word_1_610' title='bbox 2983 3763 3136 3816; x_wconf 88' lang='lat' dir='ltr'><strong>liber.</strong></span> <span class='ocrx_word' id='word_1_611' title='bbox 3177 3765 3380 3833; x_wconf 83' lang='lat' dir='ltr'><strong>Argen-</strong></span> 
     </span>
    </p>
   </div>
   <div class='ocr_carea' id='block_1_85' title="bbox 1813 3853 3379 3924">
    <p class='ocr_par' dir='ltr' id='par_1_85' title="bbox 1813 3853 3379 3924">
     <span class='ocr_line' id='line_1_85' title="bbox 1813 3853 3379 3924; baseline -0.006 -8"><span class='ocrx_word' id='word_1_612' title='bbox 1813 3871 1922 3916; x_wconf 88' lang='lat' dir='ltr'><strong>tum</strong></span> <span class='ocrx_word' id='word_1_613' title='bbox 1951 3861 1996 3915; x_wconf 91' lang='lat' dir='ltr'><strong>si</strong></span> <span class='ocrx_word' id='word_1_614' title='bbox 2039 3860 2244 3912; x_wconf 74' lang='lat' dir='ltr'><strong>fmnore</strong></span> <span class='ocrx_word' id='word_1_615' title='bbox 2291 3855 2609 3924; x_wconf 88' lang='lat' dir='ltr'><strong>sumpseris,</strong></span> <span class='ocrx_word' id='word_1_616' title='bbox 2643 3868 2750 3910; x_wconf 88' lang='lat' dir='ltr'><strong>non</strong></span> <span class='ocrx_word' id='word_1_617' title='bbox 2783 3854 3038 3915; x_wconf 85' lang='lat' dir='ltr'><strong>ditesces,</strong></span> <span class='ocrx_word' id='word_1_618' title='bbox 3079 3853 3172 3907; x_wconf 87' lang='lat' dir='ltr'><strong>sed</strong></span> <span class='ocrx_word' id='word_1_619' title='bbox 3217 3854 3379 3908; x_wconf 89' lang='lat' dir='ltr'><strong>liber-</strong></span> 
     </span>
    </p>
   </div>
   <div class='ocr_carea' id='block_1_86' title="bbox 1811 3942 3376 4014">
    <p class='ocr_par' dir='ltr' id='par_1_86' title="bbox 1811 3942 3376 4014">
     <span class='ocr_line' id='line_1_86' title="bbox 1811 3942 3376 4014; baseline -0.003 -11"><span class='ocrx_word' id='word_1_620' title='bbox 1811 3958 1922 4004; x_wconf 86' lang='lat' dir='ltr'><strong>tate</strong></span> <span class='ocrx_word' id='word_1_621' title='bbox 1951 3946 2272 4014; x_wconf 88' lang='lat' dir='ltr'><strong>spoliabere.</strong></span> <span class='ocrx_word' id='word_1_622' title='bbox 2298 3943 2398 4011; x_wconf 86' lang='lat' dir='ltr'><strong>Qui</strong></span> <span class='ocrx_word' id='word_1_623' title='bbox 2430 3945 2713 4010; x_wconf 88' lang='lat' dir='ltr'><strong>pecuniam</strong></span> <span class='ocrx_word' id='word_1_624' title='bbox 2759 3943 2985 4012; x_wconf 90' lang='lat' dir='ltr'><strong>sumpsit</strong></span> <span class='ocrx_word' id='word_1_625' title='bbox 3026 3942 3250 4008; x_wconf 66' lang='lat' dir='ltr'><strong>faenore,</strong></span> <span class='ocrx_word' id='word_1_626' title='bbox 3279 3943 3376 3999; x_wconf 70' lang='lat' dir='ltr'><strong>fua-</strong></span> 
     </span>
    </p>
   </div>
   <div class='ocr_carea' id='block_1_87' title="bbox 1811 4021 3376 4100">
    <p class='ocr_par' dir='ltr' id='par_1_87' title="bbox 1811 4021 3376 4100">
     <span class='ocr_line' id='line_1_87' title="bbox 1811 4021 3376 4100; baseline -0.007 -7"><span class='ocrx_word' id='word_1_627' title='bbox 1811 4037 2076 4094; x_wconf 86' lang='lat' dir='ltr'><strong>neratoris</strong></span> <span class='ocrx_word' id='word_1_628' title='bbox 2121 4021 2310 4090; x_wconf 76' lang='lat' dir='ltr'><strong>servus</strong></span> <span class='ocrx_word' id='word_1_629' title='bbox 2355 4041 2456 4098; x_wconf 88' lang='lat' dir='ltr'><strong>est,</strong></span> <span class='ocrx_word' id='word_1_630' title='bbox 2493 4033 2601 4088; x_wconf 90' lang='lat' dir='ltr'><strong>imo</strong></span> <span class='ocrx_word' id='word_1_631' title='bbox 2636 4045 2824 4086; x_wconf 87' lang='lat' dir='ltr'><strong>servus</strong></span> <span class='ocrx_word' id='word_1_632' title='bbox 2849 4030 3250 4100; x_wconf 88' lang='lat' dir='ltr'><strong>stipendiarius,</strong></span> <span class='ocrx_word' id='word_1_633' title='bbox 3284 4031 3376 4098; x_wconf 86' lang='lat' dir='ltr'><strong>qui</strong></span> 
     </span>
    </p>
   </div>
   <div class='ocr_carea' id='block_1_88' title="bbox 1811 4121 3376 4190">
    <p class='ocr_par' dir='ltr' id='par_1_88' title="bbox 1811 4121 3376 4190">
     <span class='ocr_line' id='line_1_88' title="bbox 1811 4121 3376 4190; baseline -0.008 -6"><span class='ocrx_word' id='word_1_634' title='bbox 1811 4125 2126 4184; x_wconf 85' lang='lat' dir='ltr'><strong>inevitabile</strong></span> <span class='ocrx_word' id='word_1_635' title='bbox 2153 4124 2433 4180; x_wconf 88' lang='lat' dir='ltr'><strong>servitium</strong></span> <span class='ocrx_word' id='word_1_636' title='bbox 2471 4122 2633 4178; x_wconf 87' lang='lat' dir='ltr'><strong>subit.</strong></span> <span class='ocrx_word' id='word_1_637' title='bbox 2664 4122 2838 4176; x_wconf 87' lang='lat' dir='ltr'><strong>Canes</strong></span> <span class='ocrx_word' id='word_1_638' title='bbox 2875 4121 3187 4190; x_wconf 86' lang='lat' dir='ltr'><strong>accipiendo</strong></span> <span class='ocrx_word' id='word_1_639' title='bbox 3221 4135 3376 4173; x_wconf 83' lang='lat' dir='ltr'><strong>utau-</strong></span> 
     </span>
    </p>
   </div>
   <div class='ocr_carea' id='block_1_89' title="bbox 1809 4209 3372 4284">
    <p class='ocr_par' dir='ltr' id='par_1_89' title="bbox 1809 4209 3372 4284">
     <span class='ocr_line' id='line_1_89' title="bbox 1809 4209 3372 4284; baseline -0.009 -8"><span class='ocrx_word' id='word_1_640' title='bbox 1809 4227 2095 4284; x_wconf 88' lang='lat' dir='ltr'><strong>suescunt;</strong></span> <span class='ocrx_word' id='word_1_641' title='bbox 2139 4217 2434 4272; x_wconf 69' lang='lat' dir='ltr'><strong>fmuerator</strong></span> <span class='ocrx_word' id='word_1_642' title='bbox 2469 4227 2595 4267; x_wconf 87' lang='lat' dir='ltr'><strong>vero</strong></span> <span class='ocrx_word' id='word_1_643' title='bbox 2619 4212 2927 4280; x_wconf 89' lang='lat' dir='ltr'><strong>recipiendo</strong></span> <span class='ocrx_word' id='word_1_644' title='bbox 2957 4211 3223 4264; x_wconf 88' lang='lat' dir='ltr'><strong>irritatur.</strong></span> <span class='ocrx_word' id='word_1_645' title='bbox 3259 4209 3372 4264; x_wconf 80' lang='lat' dir='ltr'><strong>Non</strong></span> 
     </span>
    </p>
   </div>
   <div class='ocr_carea' id='block_1_90' title="bbox 1807 4301 3374 4373">
    <p class='ocr_par' dir='ltr' id='par_1_90' title="bbox 1807 4301 3374 4373">
     <span class='ocr_line' id='line_1_90' title="bbox 1807 4301 3374 4373; baseline -0.01 -5"><span class='ocrx_word' id='word_1_646' title='bbox 1807 4315 1950 4369; x_wconf 89' lang='lat' dir='ltr'><strong>enim</strong></span> <span class='ocrx_word' id='word_1_647' title='bbox 1983 4311 2241 4365; x_wconf 89' lang='lat' dir='ltr'><strong>allatrare</strong></span> <span class='ocrx_word' id='word_1_648' title='bbox 2281 4307 2496 4368; x_wconf 85' lang='lat' dir='ltr'><strong>desinit.</strong></span> <span class='ocrx_word' id='word_1_649' title='bbox 2527 4305 2621 4360; x_wconf 90' lang='lat' dir='ltr'><strong>sed</strong></span> <span class='ocrx_word' id='word_1_650' title='bbox 2653 4303 2806 4373; x_wconf 89' lang='lat' dir='ltr'><strong>plura</strong></span> <span class='ocrx_word' id='word_1_651' title='bbox 2835 4304 3097 4373; x_wconf 81' lang='lat' dir='ltr'><strong>exposcit.</strong></span> <span class='ocrx_word' id='word_1_652' title='bbox 3141 4301 3196 4356; x_wconf 94' lang='lat' dir='ltr'><strong>Si</strong></span> <span class='ocrx_word' id='word_1_653' title='bbox 3222 4301 3374 4370; x_wconf 81' lang='lat' dir='ltr'><strong>jura-</strong></span> 
     </span>
    </p>
   </div>
   <div class='ocr_carea' id='block_1_91' title="bbox 1805 4395 3378 4466">
    <p class='ocr_par' dir='ltr' id='par_1_91' title="bbox 1805 4395 3378 4466">
     <span class='ocr_line' id='line_1_91' title="bbox 1805 4395 3378 4466; baseline -0.01 -5"><span class='ocrx_word' id='word_1_654' title='bbox 1805 4407 1972 4466; x_wconf 83' lang='lat' dir='ltr'><strong>veris,</strong></span> <span class='ocrx_word' id='word_1_655' title='bbox 2003 4419 2108 4458; x_wconf 91' lang='lat' dir='ltr'><strong>non</strong></span> <span class='ocrx_word' id='word_1_656' title='bbox 2142 4399 2316 4456; x_wconf 88' lang='lat' dir='ltr'><strong>credit</strong></span> <span class='ocrx_word' id='word_1_657' title='bbox 2355 4417 2370 4452; x_wconf 87' lang='lat'><strong>:</strong></span> <span class='ocrx_word' id='word_1_658' title='bbox 2402 4413 2522 4466; x_wconf 76' lang='lat' dir='ltr'><strong>quae</strong></span> <span class='ocrx_word' id='word_1_659' title='bbox 2564 4397 2617 4450; x_wconf 92' lang='lat' dir='ltr'><strong>in</strong></span> <span class='ocrx_word' id='word_1_660' title='bbox 2651 4396 2857 4450; x_wconf 66' lang='lat' dir='ltr'><strong>uadibus</strong></span> <span class='ocrx_word' id='word_1_661' title='bbox 2899 4395 3083 4460; x_wconf 87' lang='lat' dir='ltr'><strong>habes,</strong></span> <span class='ocrx_word' id='word_1_662' title='bbox 3125 4408 3378 4460; x_wconf 84' lang='lat' dir='ltr'><strong>perscru-</strong></span> 
     </span>
    </p>
   </div>
   <div class='ocr_carea' id='block_1_92' title="bbox 133 4483 1705 4563">
    <p class='ocr_par' dir='ltr' id='par_1_92' title="bbox 133 4488 1700 4563">
     <span class='ocr_line' id='line_1_92' title="bbox 133 4488 1700 4563; baseline 0.006 -23"><span class='ocrx_word' id='word_1_663' title='bbox 133 4488 311 4542; x_wconf 87' lang='grc' dir='ltr'>στεύει</span> <span class='ocrx_word' id='word_1_664' title='bbox 342 4489 452 4560; x_wconf 82' lang='grc'>(59)</span> <span class='ocrx_word' id='word_1_665' title='bbox 477 4508 489 4520; x_wconf 92' lang='grc'>·</span> <span class='ocrx_word' id='word_1_666' title='bbox 527 4493 722 4562; x_wconf 85' lang='grc' dir='ltr'>ἐρευνᾷ</span> <span class='ocrx_word' id='word_1_667' title='bbox 750 4491 820 4544; x_wconf 82' lang='grc' dir='ltr'>τὰ</span> <span class='ocrx_word' id='word_1_668' title='bbox 850 4491 1016 4556; x_wconf 77' lang='grc' dir='ltr'>ἔνδον,</span> <span class='ocrx_word' id='word_1_669' title='bbox 1051 4491 1118 4546; x_wconf 84' lang='grc' dir='ltr'>τὰ</span> <span class='ocrx_word' id='word_1_670' title='bbox 1153 4491 1573 4563; x_wconf 85' lang='grc' dir='ltr'>συναλλάγματά</span> <span class='ocrx_word' id='word_1_671' title='bbox 1607 4513 1700 4549; x_wconf 92' lang='grc' dir='ltr'><strong>σου</strong></span> 
     </span>
    </p>
   </div>
   <div class='ocr_carea' id='block_1_93' title="bbox 1816 4483 3381 4563">
    <p class='ocr_par' dir='ltr' id='par_1_93' title="bbox 1816 4483 3381 4558">
     <span class='ocr_line' id='line_1_93' title="bbox 1816 4483 3381 4558; baseline -0.009 -8"><span class='ocrx_word' id='word_1_672' title='bbox 1816 4505 1998 4550; x_wconf 85' lang='lat' dir='ltr'><strong>tatur:</strong></span> <span class='ocrx_word' id='word_1_673' title='bbox 2033 4502 2122 4547; x_wconf 87' lang='lat' dir='ltr'><strong>tua</strong></span> <span class='ocrx_word' id='word_1_674' title='bbox 2162 4489 2446 4558; x_wconf 79' lang='lat' dir='ltr'><strong>diligenter</strong></span> <span class='ocrx_word' id='word_1_675' title='bbox 2495 4487 2715 4556; x_wconf 78' lang='lat' dir='ltr'><strong>indagat</strong></span> <span class='ocrx_word' id='word_1_676' title='bbox 2754 4485 3102 4538; x_wconf 86' lang='lat' dir='ltr'><strong>commercia.</strong></span> <span class='ocrx_word' id='word_1_677' title='bbox 3145 4483 3189 4537; x_wconf 88' lang='lat' dir='ltr'><strong>E</strong></span> <span class='ocrx_word' id='word_1_678' title='bbox 3235 4483 3381 4537; x_wconf 85' lang='lat' dir='ltr'><strong>cubi-</strong></span> 
     </span>
    </p>
   </div>
   <div class='ocr_carea' id='block_1_94' title="bbox 205 4605 1705 4676">
    <p class='ocr_par' dir='ltr' id='par_1_94' title="bbox 205 4605 1693 4674">
     <span class='ocr_line' id='line_1_94' title="bbox 205 4605 1693 4674; baseline 0.003 -14"><span class='ocrx_word' id='word_1_679' title='bbox 205 4605 248 4636; x_wconf 84' lang='grc'><strong>³¹</strong></span> <span class='ocrx_word' id='word_1_680' title='bbox 287 4605 444 4661; x_wconf 89' lang='lat' dir='ltr'><strong>Prov.</strong></span> <span class='ocrx_word' id='word_1_681' title='bbox 471 4623 622 4673; x_wconf 72' lang='lat' dir='ltr'><strong>xxix,</strong></span> <span class='ocrx_word' id='word_1_682' title='bbox 683 4607 772 4662; x_wconf 79' lang='grc'><strong>15.</strong></span> <span class='ocrx_word' id='word_1_683' title='bbox 851 4607 894 4639; x_wconf 84' lang='grc'><strong>³³</strong></span> <span class='ocrx_word' id='word_1_684' title='bbox 951 4607 1108 4663; x_wconf 80' lang='lat' dir='ltr'><strong>Prov.</strong></span> <span class='ocrx_word' id='word_1_685' title='bbox 1170 4625 1222 4674; x_wconf 83' lang='grc' dir='ltr'><strong>ν,</strong></span> <span class='ocrx_word' id='word_1_686' title='bbox 1279 4609 1366 4664; x_wconf 80' lang='grc'><strong>15.</strong></span> <span class='ocrx_word' id='word_1_687' title='bbox 1443 4609 1488 4641; x_wconf 76' lang='grc'><strong>⁸’⁵</strong></span> <span class='ocrx_word' id='word_1_688' title='bbox 1537 4610 1693 4666; x_wconf 83' lang='lat' dir='ltr'><strong>Prov.</strong></span> 
     </span>
    </p>
   </div>
   <div class='ocr_carea' id='block_1_95' title="bbox 1816 4605 2017 4676">
    <p class='ocr_par' dir='ltr' id='par_1_95' title="bbox 1816 4609 2017 4676">
     <span class='ocr_line' id='line_1_95' title="bbox 1816 4609 2017 4676; baseline -0.02 -12"><span class='ocrx_word' id='word_1_689' title='bbox 1816 4625 1892 4676; x_wconf 83' lang='grc' dir='ltr'>ιιι,</span> <span class='ocrx_word' id='word_1_690' title='bbox 1925 4609 2017 4662; x_wconf 72' lang='grc'><strong>27.</strong></span> 
     </span>
    </p>
   </div>
   <div class='ocr_carea' id='block_1_96' title="bbox 203 4717 1702 4792">
    <p class='ocr_par' dir='ltr' id='par_1_96' title="bbox 203 4717 1702 4792">
     <span class='ocr_line' id='line_1_96' title="bbox 203 4717 1702 4792; baseline 0.001 -19"><span class='ocrx_word' id='word_1_691' title='bbox 203 4719 317 4792; x_wconf 70' lang='grc'>(54)</span> <span class='ocrx_word' id='word_1_692' title='bbox 383 4719 562 4792; x_wconf 81' lang='lat' dir='ltr'><strong>Editio</strong></span> <span class='ocrx_word' id='word_1_693' title='bbox 615 4717 790 4775; x_wconf 86' lang='lat' dir='ltr'><strong>Paris.</strong></span> <span class='ocrx_word' id='word_1_694' title='bbox 855 4719 1227 4792; x_wconf 46' lang='lat' dir='ltr'><strong>GTEW&#39;ZQNTOQ</strong></span> <span class='ocrx_word' id='word_1_695' title='bbox 1271 4723 1364 4774; x_wconf 74' lang='grc' dir='ltr'>ἐπὶ</span> <span class='ocrx_word' id='word_1_696' title='bbox 1415 4725 1504 4792; x_wconf 81' lang='grc' dir='ltr'>τῇ.</span> <span class='ocrx_word' id='word_1_697' title='bbox 1565 4722 1702 4776; x_wconf 82' lang='lat' dir='ltr'><strong>Dcﬁt</strong></span> 
     </span>
    </p>
   </div>
   <div class='ocr_carea' id='block_1_97' title="bbox 133 4789 1705 4860">
    <p class='ocr_par' dir='ltr' id='par_1_97' title="bbox 133 4789 1705 4860">
     <span class='ocr_line' id='line_1_97' title="bbox 133 4789 1705 4860; baseline 0 -16"><span class='ocrx_word' id='word_1_698' title='bbox 133 4789 226 4844; x_wconf 79' lang='grc' dir='ltr'><strong>ἐπί</strong></span> <span class='ocrx_word' id='word_1_699' title='bbox 269 4793 331 4860; x_wconf 58' lang='grc' dir='ltr'><em>ιιι</em></span> <span class='ocrx_word' id='word_1_700' title='bbox 372 4791 574 4860; x_wconf 75' lang='lat' dir='ltr'><strong>nostris</strong></span> <span class='ocrx_word' id='word_1_701' title='bbox 616 4799 990 4860; x_wconf 12' lang='lat' dir='ltr'><strong>septemimss.</strong></span> <span class='ocrx_word' id='word_1_702' title='bbox 1043 4791 1264 4858; x_wconf 88' lang='lat' dir='ltr'><strong>perinde</strong></span> <span class='ocrx_word' id='word_1_703' title='bbox 1313 4789 1481 4860; x_wconf 71' lang='lat' dir='ltr'><strong>atque</strong></span> <span class='ocrx_word' id='word_1_704' title='bbox 1507 4795 1559 4844; x_wconf 91' lang='lat' dir='ltr'><strong>in</strong></span> <span class='ocrx_word' id='word_1_705' title='bbox 1590 4794 1705 4845; x_wconf 90' lang='lat' dir='ltr'><strong>edi-</strong></span> 
     </span>
    </p>
   </div>
   <div class='ocr_carea' id='block_1_98' title="bbox 134 4858 1703 4930">
    <p class='ocr_par' dir='ltr' id='par_1_98' title="bbox 134 4858 1703 4930">
     <span class='ocr_line' id='line_1_98' title="bbox 134 4858 1703 4930; baseline 0.001 -17"><span class='ocrx_word' id='word_1_706' title='bbox 134 4863 280 4914; x_wconf 87' lang='lat' dir='ltr'><strong>tione</strong></span> <span class='ocrx_word' id='word_1_707' title='bbox 302 4859 466 4912; x_wconf 88' lang='lat' dir='ltr'><strong>Basil.</strong></span> <span class='ocrx_word' id='word_1_708' title='bbox 495 4858 662 4912; x_wconf 88' lang='lat' dir='ltr'><strong>Paulo</strong></span> <span class='ocrx_word' id='word_1_709' title='bbox 684 4869 810 4912; x_wconf 88' lang='lat' dir='ltr'><strong>ante</strong></span> <span class='ocrx_word' id='word_1_710' title='bbox 835 4859 1031 4928; x_wconf 87' lang='lat' dir='ltr'><strong>legitur</strong></span> <span class='ocrx_word' id='word_1_711' title='bbox 1047 4861 1096 4911; x_wconf 88' lang='lat' dir='ltr'><strong>in</strong></span> <span class='ocrx_word' id='word_1_712' title='bbox 1129 4861 1362 4916; x_wconf 91' lang='lat' dir='ltr'><strong>editione</strong></span> <span class='ocrx_word' id='word_1_713' title='bbox 1385 4858 1557 4915; x_wconf 79' lang='lat' dir='ltr'><strong>Paris.</strong></span> <span class='ocrx_word' id='word_1_714' title='bbox 1581 4861 1703 4930; x_wconf 86' lang='grc' dir='ltr'>χαί-</span> 
     </span>
    </p>
   </div>
   <div class='ocr_carea' id='block_1_99' title="bbox 136 4930 1706 5001">
    <p class='ocr_par' dir='ltr' id='par_1_99' title="bbox 136 4930 1706 5001">
     <span class='ocr_line' id='line_1_99' title="bbox 136 4930 1706 5001; baseline 0.002 -18"><span class='ocrx_word' id='word_1_715' title='bbox 136 4947 318 5001; x_wconf 84' lang='grc' dir='ltr'>ροντος</span> <span class='ocrx_word' id='word_1_716' title='bbox 349 4930 442 5001; x_wconf 74' lang='grc' dir='ltr'>ἐπὶ</span> <span class='ocrx_word' id='word_1_717' title='bbox 472 4931 538 4998; x_wconf 82' lang='grc' dir='ltr'><strong>τῇ</strong></span> <span class='ocrx_word' id='word_1_718' title='bbox 567 4945 579 5001; x_wconf 65' lang='grc' dir='ltr'>ξ</span> <span class='ocrx_word' id='word_1_719' title='bbox 607 4945 736 5001; x_wconf 52' lang='lat' dir='ltr'><strong>qua:</strong></span> <span class='ocrx_word' id='word_1_720' title='bbox 755 4945 853 5001; x_wconf 76' lang='lat' dir='ltr'><strong>vox</strong></span> <span class='ocrx_word' id='word_1_721' title='bbox 890 4930 1016 5001; x_wconf 66' lang='grc' dir='ltr'>ἐπί,</span> <span class='ocrx_word' id='word_1_722' title='bbox 1041 4931 1193 5001; x_wconf 83' lang='lat' dir='ltr'><strong>deest</strong></span> <span class='ocrx_word' id='word_1_723' title='bbox 1220 4947 1436 4999; x_wconf 89' lang='lat' dir='ltr'><strong>quoque</strong></span> <span class='ocrx_word' id='word_1_724' title='bbox 1459 4932 1510 4984; x_wconf 89' lang='lat' dir='ltr'><strong>in</strong></span> <span class='ocrx_word' id='word_1_725' title='bbox 1537 4933 1706 4986; x_wconf 87' lang='lat' dir='ltr'><strong>tribus</strong></span> 
     </span>
    </p>
   </div>
   <div class='ocr_carea' id='block_1_100' title="bbox 137 4998 1704 5070">
    <p class='ocr_par' dir='ltr' id='par_1_100' title="bbox 137 4998 1704 5070">
     <span class='ocr_line' id='line_1_100' title="bbox 137 4998 1704 5070; baseline 0.004 -21"><span class='ocrx_word' id='word_1_726' title='bbox 137 4998 266 5070; x_wconf 57' lang='lat' dir='ltr'><strong>ipsa.</strong></span> <span class='ocrx_word' id='word_1_727' title='bbox 286 5007 340 5054; x_wconf 93' lang='lat' dir='ltr'><strong>et</strong></span> <span class='ocrx_word' id='word_1_728' title='bbox 367 5000 420 5070; x_wconf 89' lang='lat' dir='ltr'><strong>in</strong></span> <span class='ocrx_word' id='word_1_729' title='bbox 453 4998 894 5070; x_wconf 87' lang='lat' dir='ltr'><strong>editioueBasil.,</strong></span> <span class='ocrx_word' id='word_1_730' title='bbox 928 4999 1020 5052; x_wconf 88' lang='lat' dir='ltr'><strong>sed</strong></span> <span class='ocrx_word' id='word_1_731' title='bbox 1051 4999 1103 5052; x_wconf 91' lang='lat' dir='ltr'><strong>in</strong></span> <span class='ocrx_word' id='word_1_732' title='bbox 1133 4998 1252 5054; x_wconf 86' lang='lat' dir='ltr'><strong>aliis</strong></span> <span class='ocrx_word' id='word_1_733' title='bbox 1279 4998 1458 5054; x_wconf 82' lang='lat' dir='ltr'><strong>multis</strong></span> <span class='ocrx_word' id='word_1_734' title='bbox 1489 5001 1704 5070; x_wconf 83' lang='lat' dir='ltr'><strong>legitur.</strong></span> 
     </span>
    </p>
   </div>
   <div class='ocr_carea' id='block_1_101' title="bbox 133 5067 1705 5140">
    <p class='ocr_par' dir='ltr' id='par_1_101' title="bbox 133 5067 1705 5140">
     <span class='ocr_line' id='line_1_101' title="bbox 133 5067 1705 5140; baseline 0.001 -18"><span class='ocrx_word' id='word_1_735' title='bbox 133 5067 574 5140; x_wconf 68' lang='lat' dir='ltr'><strong>Praepositionem</strong></span> <span class='ocrx_word' id='word_1_736' title='bbox 613 5069 703 5120; x_wconf 82' lang='grc' dir='ltr'><strong>ἐπί</strong></span> <span class='ocrx_word' id='word_1_737' title='bbox 734 5079 831 5121; x_wconf 91' lang='lat' dir='ltr'><strong>aut</strong></span> <span class='ocrx_word' id='word_1_738' title='bbox 871 5072 921 5120; x_wconf 92' lang='lat' dir='ltr'><strong>in</strong></span> <span class='ocrx_word' id='word_1_739' title='bbox 971 5079 1199 5138; x_wconf 83' lang='lat' dir='ltr'><strong>utroque</strong></span> <span class='ocrx_word' id='word_1_740' title='bbox 1246 5071 1364 5126; x_wconf 92' lang='lat' dir='ltr'><strong>loco</strong></span> <span class='ocrx_word' id='word_1_741' title='bbox 1395 5067 1705 5140; x_wconf 80' lang='lat' dir='ltr'><strong>relinquen-</strong></span> 
     </span>
    </p>
   </div>
   <div class='ocr_carea' id='block_1_102' title="bbox 136 5137 1702 5208">
    <p class='ocr_par' dir='ltr' id='par_1_102' title="bbox 136 5137 1702 5208">
     <span class='ocr_line' id='line_1_102' title="bbox 136 5137 1702 5208; baseline 0.004 -18"><span class='ocrx_word' id='word_1_742' title='bbox 136 5137 265 5208; x_wconf 75' lang='lat' dir='ltr'><strong>dam</strong></span> <span class='ocrx_word' id='word_1_743' title='bbox 297 5153 431 5208; x_wconf 16' lang='lat' dir='ltr'><strong>esse,</strong></span> <span class='ocrx_word' id='word_1_744' title='bbox 461 5137 814 5204; x_wconf 88' lang='lat' dir='ltr'><strong>arbitramur,</strong></span> <span class='ocrx_word' id='word_1_745' title='bbox 849 5147 942 5192; x_wconf 89' lang='lat' dir='ltr'><strong>aut</strong></span> <span class='ocrx_word' id='word_1_746' title='bbox 995 5154 1065 5192; x_wconf 80' lang='lat' dir='ltr'><strong>ex</strong></span> <span class='ocrx_word' id='word_1_747' title='bbox 1110 5137 1338 5208; x_wconf 82' lang='lat' dir='ltr'><strong>utroque</strong></span> <span class='ocrx_word' id='word_1_748' title='bbox 1391 5137 1702 5196; x_wconf 74' lang='lat' dir='ltr'><strong>tollendam.</strong></span> 
     </span>
    </p>
   </div>
   <div class='ocr_carea' id='block_1_103' title="bbox 138 5207 1456 5278">
    <p class='ocr_par' dir='ltr' id='par_1_103' title="bbox 138 5207 1456 5278">
     <span class='ocr_line' id='line_1_103' title="bbox 138 5207 1456 5278; baseline 0.004 -18"><span class='ocrx_word' id='word_1_749' title='bbox 138 5207 278 5262; x_wconf 85' lang='lat' dir='ltr'><strong>Sane</strong></span> <span class='ocrx_word' id='word_1_750' title='bbox 303 5207 434 5278; x_wconf 80' lang='lat' dir='ltr'><strong>nihil</strong></span> <span class='ocrx_word' id='word_1_751' title='bbox 467 5208 661 5278; x_wconf 61' lang='lat' dir='ltr'><strong>refert,</strong></span> <span class='ocrx_word' id='word_1_752' title='bbox 699 5209 802 5278; x_wconf 83' lang='lat' dir='ltr'><strong>hoc</strong></span> <span class='ocrx_word' id='word_1_753' title='bbox 835 5225 898 5260; x_wconf 89' lang='lat' dir='ltr'><strong>an</strong></span> <span class='ocrx_word' id='word_1_754' title='bbox 933 5209 1026 5262; x_wconf 90' lang='lat' dir='ltr'><strong>illo</strong></span> <span class='ocrx_word' id='word_1_755' title='bbox 1055 5210 1210 5264; x_wconf 81' lang='lat' dir='ltr'><strong>modo</strong></span> <span class='ocrx_word' id='word_1_756' title='bbox 1241 5207 1456 5278; x_wconf 84' lang='lat' dir='ltr'><strong>legeris.</strong></span> 
     </span>
    </p>
   </div>
   <div class='ocr_carea' id='block_1_104' title="bbox 207 5277 1702 5344">
    <p class='ocr_par' dir='ltr' id='par_1_104' title="bbox 207 5277 1702 5344">
     <span class='ocr_line' id='line_1_104' title="bbox 207 5277 1702 5344; baseline 0.003 -14"><span class='ocrx_word' id='word_1_757' title='bbox 207 5279 314 5344; x_wconf 82' lang='grc'>(55)</span> <span class='ocrx_word' id='word_1_758' title='bbox 334 5277 424 5332; x_wconf 92' lang='lat' dir='ltr'><strong>Sic</strong></span> <span class='ocrx_word' id='word_1_759' title='bbox 443 5278 607 5330; x_wconf 90' lang='lat' dir='ltr'><strong>editio</strong></span> <span class='ocrx_word' id='word_1_760' title='bbox 633 5277 792 5330; x_wconf 87' lang='lat' dir='ltr'><strong>Basil.</strong></span> <span class='ocrx_word' id='word_1_761' title='bbox 812 5287 866 5331; x_wconf 90' lang='lat' dir='ltr'><strong>et</strong></span> <span class='ocrx_word' id='word_1_762' title='bbox 897 5295 1026 5332; x_wconf 91' lang='lat' dir='ltr'><strong>mss.</strong></span> <span class='ocrx_word' id='word_1_763' title='bbox 1048 5293 1164 5332; x_wconf 84' lang='lat' dir='ltr'><strong>sex.</strong></span> <span class='ocrx_word' id='word_1_764' title='bbox 1189 5277 1366 5334; x_wconf 81' lang='lat' dir='ltr'><strong>Editio</strong></span> <span class='ocrx_word' id='word_1_765' title='bbox 1391 5278 1598 5334; x_wconf 88' lang='lat' dir='ltr'><strong>veroPa</strong></span> <span class='ocrx_word' id='word_1_766' title='bbox 1611 5279 1702 5334; x_wconf 90' lang='lat' dir='ltr'><strong>ris.</strong></span> 
     </span>
    </p>
   </div>
   <div class='ocr_carea' id='block_1_105' title="bbox 135 5345 1702 5414">
    <p class='ocr_par' dir='ltr' id='par_1_105' title="bbox 135 5345 1702 5414">
     <span class='ocr_line' id='line_1_105' title="bbox 135 5345 1702 5414; baseline 0 -12"><span class='ocrx_word' id='word_1_767' title='bbox 135 5357 189 5402; x_wconf 85' lang='lat' dir='ltr'><strong>et</strong></span> <span class='ocrx_word' id='word_1_768' title='bbox 214 5349 317 5402; x_wconf 89' lang='lat' dir='ltr'><strong>duo</strong></span> <span class='ocrx_word' id='word_1_769' title='bbox 355 5345 800 5414; x_wconf 76' lang='grc' dir='ltr'>ιιιεε.ύποζύγια.</span> <span class='ocrx_word' id='word_1_770' title='bbox 829 5347 1029 5402; x_wconf 87' lang='lat' dir='ltr'><strong>Ibidem</strong></span> <span class='ocrx_word' id='word_1_771' title='bbox 1078 5351 1242 5403; x_wconf 85' lang='lat' dir='ltr'><strong>editio</strong></span> <span class='ocrx_word' id='word_1_772' title='bbox 1279 5351 1448 5403; x_wconf 79' lang='lat' dir='ltr'><strong>Paris.</strong></span> <span class='ocrx_word' id='word_1_773' title='bbox 1485 5349 1702 5412; x_wconf 87' lang='grc' dir='ltr'>ἀπόδος.</span> 
     </span>
    </p>
   </div>
   <div class='ocr_carea' id='block_1_106' title="bbox 137 5415 1706 5474">
    <p class='ocr_par' dir='ltr' id='par_1_106' title="bbox 137 5415 1706 5474">
     <span class='ocr_line' id='line_1_106' title="bbox 137 5415 1706 5474; baseline 0.002 -5"><span class='ocrx_word' id='word_1_774' title='bbox 137 5417 308 5472; x_wconf 80' lang='lat' dir='ltr'><strong>Editio</strong></span> <span class='ocrx_word' id='word_1_775' title='bbox 357 5433 482 5472; x_wconf 89' lang='lat' dir='ltr'><strong>vero</strong></span> <span class='ocrx_word' id='word_1_776' title='bbox 515 5415 679 5470; x_wconf 85' lang='lat' dir='ltr'><strong>Basil.</strong></span> <span class='ocrx_word' id='word_1_777' title='bbox 713 5429 766 5471; x_wconf 90' lang='lat' dir='ltr'><strong>et</strong></span> <span class='ocrx_word' id='word_1_778' title='bbox 799 5429 922 5470; x_wconf 84' lang='lat' dir='ltr'><strong>octo</strong></span> <span class='ocrx_word' id='word_1_779' title='bbox 947 5419 1114 5473; x_wconf 88' lang='lat' dir='ltr'><strong>nostri</strong></span> <span class='ocrx_word' id='word_1_780' title='bbox 1157 5435 1283 5474; x_wconf 84' lang='lat' dir='ltr'><strong>mss.</strong></span> <span class='ocrx_word' id='word_1_781' title='bbox 1308 5421 1526 5472; x_wconf 85' lang='grc' dir='ltr'>ἀπόδου.</span> <span class='ocrx_word' id='word_1_782' title='bbox 1585 5419 1706 5474; x_wconf 79' lang='lat' dir='ltr'><strong>Mox</strong></span> 
     </span>
    </p>
   </div>
   <div class='ocr_carea' id='block_1_107' title="bbox 139 5485 1705 5559">
    <p class='ocr_par' dir='ltr' id='par_1_107' title="bbox 139 5485 1705 5559">
     <span class='ocr_line' id='line_1_107' title="bbox 139 5485 1705 5559; baseline 0 -17"><span class='ocrx_word' id='word_1_783' title='bbox 139 5489 264 5556; x_wconf 74' lang='lat' dir='ltr'><strong>Reg.</strong></span> <span class='ocrx_word' id='word_1_784' title='bbox 287 5485 672 5559; x_wconf 14' lang='grc' dir='ltr'>ιετιίυεμΤί-οὖν</span> <span class='ocrx_word' id='word_1_785' title='bbox 687 5489 768 5540; x_wconf 80' lang='grc' dir='ltr'><strong>ὅτι</strong></span> <span class='ocrx_word' id='word_1_786' title='bbox 803 5489 998 5558; x_wconf 83' lang='grc' dir='ltr'>μικρὸν</span> <span class='ocrx_word' id='word_1_787' title='bbox 1023 5488 1248 5559; x_wconf 79' lang='grc' dir='ltr'>ὓστερον</span> <span class='ocrx_word' id='word_1_788' title='bbox 1279 5489 1434 5552; x_wconf 83' lang='grc' dir='ltr'>ἄλλος</span> <span class='ocrx_word' id='word_1_789' title='bbox 1453 5490 1590 5543; x_wconf 85' lang='grc' dir='ltr'>αὺτά</span> <span class='ocrx_word' id='word_1_790' title='bbox 1614 5489 1705 5559; x_wconf 86' lang='grc' dir='ltr'><strong>δη-</strong></span> 
     </span>
    </p>
   </div>
   <div class='ocr_carea' id='block_1_108' title="bbox 141 5554 1707 5628">
    <p class='ocr_par' dir='ltr' id='par_1_108' title="bbox 141 5554 1707 5628">
     <span class='ocr_line' id='line_1_108' title="bbox 141 5554 1707 5628; baseline 0.003 -20"><span class='ocrx_word' id='word_1_791' title='bbox 141 5554 431 5628; x_wconf 76' lang='grc' dir='ltr'>μοσιεύσει.</span> <span class='ocrx_word' id='word_1_792' title='bbox 451 5557 515 5609; x_wconf 91' lang='grc' dir='ltr'>Τί</span> <span class='ocrx_word' id='word_1_793' title='bbox 533 5554 648 5622; x_wconf 81' lang='grc' dir='ltr'>οὖν,</span> <span class='ocrx_word' id='word_1_794' title='bbox 667 5570 772 5610; x_wconf 87' lang='lat' dir='ltr'><strong>etc.</strong></span> <span class='ocrx_word' id='word_1_795' title='bbox 796 5554 924 5611; x_wconf 72' lang='lat' dir='ltr'><strong>Sunt</strong></span> <span class='ocrx_word' id='word_1_796' title='bbox 936 5560 1035 5610; x_wconf 88' lang='lat' dir='ltr'><strong>nde</strong></span> <span class='ocrx_word' id='word_1_797' title='bbox 1055 5554 1250 5628; x_wconf 78' lang='lat' dir='ltr'><strong>legitur</strong></span> <span class='ocrx_word' id='word_1_798' title='bbox 1267 5561 1317 5612; x_wconf 92' lang='lat' dir='ltr'><strong>in</strong></span> <span class='ocrx_word' id='word_1_799' title='bbox 1345 5563 1582 5613; x_wconf 82' lang='lat' dir='ltr'><strong>editione</strong></span> <span class='ocrx_word' id='word_1_800' title='bbox 1607 5554 1707 5612; x_wconf 75' lang='lat' dir='ltr'><strong>Pa-</strong></span> 
     </span>
    </p>
   </div>
   <div class='ocr_carea' id='block_1_109' title="bbox 141 5627 1708 5690">
    <p class='ocr_par' dir='ltr' id='par_1_109' title="bbox 141 5627 1708 5690">
     <span class='ocr_line' id='line_1_109' title="bbox 141 5627 1708 5690; baseline 0.004 -12"><span class='ocrx_word' id='word_1_801' title='bbox 141 5627 231 5680; x_wconf 90' lang='lat' dir='ltr'><strong>ris.</strong></span> <span class='ocrx_word' id='word_1_802' title='bbox 247 5631 355 5689; x_wconf 78' lang='grc' dir='ltr'>τοῖς</span> <span class='ocrx_word' id='word_1_803' title='bbox 379 5629 509 5690; x_wconf 85' lang='grc' dir='ltr'>σοῖς.</span> <span class='ocrx_word' id='word_1_804' title='bbox 537 5629 698 5680; x_wconf 83' lang='lat' dir='ltr'><strong>Deest</strong></span> <span class='ocrx_word' id='word_1_805' title='bbox 725 5629 810 5681; x_wconf 88' lang='lat' dir='ltr'><strong>hic</strong></span> <span class='ocrx_word' id='word_1_806' title='bbox 824 5629 1083 5680; x_wconf 88' lang='lat' dir='ltr'><strong>articulus</strong></span> <span class='ocrx_word' id='word_1_807' title='bbox 1110 5627 1162 5681; x_wconf 86' lang='lat' dir='ltr'><strong>in</strong></span> <span class='ocrx_word' id='word_1_808' title='bbox 1183 5645 1312 5683; x_wconf 80' lang='lat' dir='ltr'><strong>mss.</strong></span> <span class='ocrx_word' id='word_1_809' title='bbox 1333 5641 1385 5684; x_wconf 87' lang='lat' dir='ltr'><strong>et</strong></span> <span class='ocrx_word' id='word_1_810' title='bbox 1405 5631 1456 5682; x_wconf 91' lang='lat' dir='ltr'><strong>in</strong></span> <span class='ocrx_word' id='word_1_811' title='bbox 1472 5631 1708 5684; x_wconf 78' lang='lat' dir='ltr'><strong>editione</strong></span> 
     </span>
    </p>
   </div>
   <div class='ocr_carea' id='block_1_110' title="bbox 141 5693 1706 5766">
    <p class='ocr_par' dir='ltr' id='par_1_110' title="bbox 141 5693 1706 5766">
     <span class='ocr_line' id='line_1_110' title="bbox 141 5693 1706 5766; baseline 0.004 -18"><span class='ocrx_word' id='word_1_812' title='bbox 141 5693 296 5748; x_wconf 84' lang='lat' dir='ltr'><strong>Basil.</strong></span> <span class='ocrx_word' id='word_1_813' title='bbox 329 5697 437 5751; x_wconf 86' lang='lat' dir='ltr'><strong>Hoc</strong></span> <span class='ocrx_word' id='word_1_814' title='bbox 469 5699 584 5762; x_wconf 82' lang='lat' dir='ltr'><strong>ipso</strong></span> <span class='ocrx_word' id='word_1_815' title='bbox 609 5699 658 5750; x_wconf 89' lang='lat' dir='ltr'><strong>in</strong></span> <span class='ocrx_word' id='word_1_816' title='bbox 693 5698 812 5751; x_wconf 93' lang='lat' dir='ltr'><strong>loco</strong></span> <span class='ocrx_word' id='word_1_817' title='bbox 857 5697 1154 5752; x_wconf 81' lang='lat' dir='ltr'><strong>Colbertini</strong></span> <span class='ocrx_word' id='word_1_818' title='bbox 1198 5701 1458 5766; x_wconf 88' lang='lat' dir='ltr'><strong>septimus</strong></span> <span class='ocrx_word' id='word_1_819' title='bbox 1483 5709 1534 5752; x_wconf 81' lang='lat' dir='ltr'><strong>et</strong></span> <span class='ocrx_word' id='word_1_820' title='bbox 1558 5709 1706 5756; x_wconf 73' lang='lat' dir='ltr'><strong>octa-</strong></span> 
     </span>
    </p>
   </div>
   <div class='ocr_carea' id='block_1_111' title="bbox 141 5766 1498 5838">
    <p class='ocr_par' dir='ltr' id='par_1_111' title="bbox 141 5766 1498 5838">
     <span class='ocr_line' id='line_1_111' title="bbox 141 5766 1498 5838; baseline 0.003 -20"><span class='ocrx_word' id='word_1_821' title='bbox 141 5779 234 5822; x_wconf 85' lang='lat' dir='ltr'><strong>vus</strong></span> <span class='ocrx_word' id='word_1_822' title='bbox 259 5766 587 5836; x_wconf 79' lang='grc' dir='ltr'>διαθήσεται.</span> <span class='ocrx_word' id='word_1_823' title='bbox 615 5768 725 5820; x_wconf 73' lang='grc' dir='ltr'><strong>Οὐκ</strong></span> <span class='ocrx_word' id='word_1_824' title='bbox 757 5767 1022 5838; x_wconf 77' lang='grc' dir='ltr'>αἰσχύνῃς</span> <span class='ocrx_word' id='word_1_825' title='bbox 1065 5767 1200 5822; x_wconf 83' lang='lat' dir='ltr'><strong>Num</strong></span> <span class='ocrx_word' id='word_1_826' title='bbox 1227 5779 1272 5822; x_wconf 76' lang='lat' dir='ltr'><strong>Ie</strong></span> <span class='ocrx_word' id='word_1_827' title='bbox 1303 5771 1452 5836; x_wconf 76' lang='lat' dir='ltr'><strong>pudet</strong></span> <span class='ocrx_word' id='word_1_828' title='bbox 1476 5773 1498 5822; x_wconf 75' lang='grc' dir='ltr'><strong>ξ)</strong></span> 
     </span>
    </p>
   </div>
   <div class='ocr_carea' id='block_1_112' title="bbox 1875 4711 3379 4790">
    <p class='ocr_par' dir='ltr' id='par_1_112' title="bbox 1875 4711 3379 4790">
     <span class='ocr_line' id='line_1_112' title="bbox 1875 4711 3379 4790; baseline -0.007 -16"><span class='ocrx_word' id='word_1_829' title='bbox 1875 4719 1990 4790; x_wconf 79' lang='grc'>(56)</span> <span class='ocrx_word' id='word_1_830' title='bbox 2013 4717 2152 4772; x_wconf 88' lang='lat' dir='ltr'><strong>Editi</strong></span> <span class='ocrx_word' id='word_1_831' title='bbox 2179 4727 2232 4790; x_wconf 84' lang='lat' dir='ltr'><strong>et</strong></span> <span class='ocrx_word' id='word_1_832' title='bbox 2261 4715 2500 4790; x_wconf 67' lang='lat' dir='ltr'><strong>nonnulli</strong></span> <span class='ocrx_word' id='word_1_833' title='bbox 2521 4729 2661 4790; x_wconf 88' lang='lat' dir='ltr'><strong>_mss.</strong></span> <span class='ocrx_word' id='word_1_834' title='bbox 2686 4713 2746 4765; x_wconf 78' lang='grc' dir='ltr'><strong>τὸ</strong></span> <span class='ocrx_word' id='word_1_835' title='bbox 2773 4711 3379 4790; x_wconf 32' lang='grc' dir='ltr'>ἀλλότριονκροοειιιιτ-</span> 
     </span>
    </p>
   </div>
   <div class='ocr_carea' id='block_1_113' title="bbox 1803 4781 3376 4852">
    <p class='ocr_par' dir='ltr' id='par_1_113' title="bbox 1803 4781 3376 4852">
     <span class='ocr_line' id='line_1_113' title="bbox 1803 4781 3376 4852; baseline -0.004 -9"><span class='ocrx_word' id='word_1_836' title='bbox 1803 4781 2000 4844; x_wconf 81' lang='lat' dir='ltr'><strong>ticultts</strong></span> <span class='ocrx_word' id='word_1_837' title='bbox 2055 4788 2194 4851; x_wconf 83' lang='lat' dir='ltr'><strong>apud</strong></span> <span class='ocrx_word' id='word_1_838' title='bbox 2261 4785 2400 4838; x_wconf 80' lang='lat' dir='ltr'><strong>LXX</strong></span> <span class='ocrx_word' id='word_1_839' title='bbox 2433 4795 2484 4837; x_wconf 81' lang='lat' dir='ltr'><strong>et</strong></span> <span class='ocrx_word' id='word_1_840' title='bbox 2521 4785 2570 4836; x_wconf 91' lang='lat' dir='ltr'><strong>in</strong></span> <span class='ocrx_word' id='word_1_841' title='bbox 2625 4797 2857 4849; x_wconf 86' lang='lat' dir='ltr'><strong>quatuor</strong></span> <span class='ocrx_word' id='word_1_842' title='bbox 2899 4781 3024 4835; x_wconf 82' lang='lat' dir='ltr'><strong>mss.</strong></span> <span class='ocrx_word' id='word_1_843' title='bbox 3073 4781 3188 4834; x_wconf 79' lang='lat' dir='ltr'><strong>Mox</strong></span> <span class='ocrx_word' id='word_1_844' title='bbox 3243 4781 3376 4852; x_wconf 83' lang='lat' dir='ltr'><strong>Reg.</strong></span> 
     </span>
    </p>
   </div>
   <div class='ocr_carea' id='block_1_114' title="bbox 1789 4853 2782 4938">
    <p class='ocr_par' dir='ltr' id='par_1_114' title="bbox 1789 4853 2782 4938">
     <span class='ocr_line' id='line_1_114' title="bbox 1789 4853 2782 4938; baseline -0.011 -25"><span class='ocrx_word' id='word_1_845' title='bbox 1789 4860 2082 4912; x_wconf 69' lang='lat' dir='ltr'><strong>secundus</strong></span> <span class='ocrx_word' id='word_1_846' title='bbox 2109 4857 2298 4938; x_wconf 53' lang='grc' dir='ltr'>χρεία-ν</span> <span class='ocrx_word' id='word_1_847' title='bbox 2323 4853 2782 4938; x_wconf 56' lang='grc' dir='ltr'><strong>παραμυθεῖσθαιζ</strong></span> 
     </span>
    </p>
   </div>
   <div class='ocr_carea' id='block_1_115' title="bbox 1878 4920 3382 5000">
    <p class='ocr_par' dir='ltr' id='par_1_115' title="bbox 1878 4920 3382 5000">
     <span class='ocr_line' id='line_1_115' title="bbox 1878 4920 3382 5000; baseline -0.007 -18"><span class='ocrx_word' id='word_1_848' title='bbox 1878 4920 2210 5000; x_wconf 46' lang='grc' dir='ltr'><strong>(57)-Εὼίίὶυ</strong></span> <span class='ocrx_word' id='word_1_849' title='bbox 2251 4920 2424 4980; x_wconf 67' lang='lat' dir='ltr'><strong>Paris.</strong></span> <span class='ocrx_word' id='word_1_850' title='bbox 2472 4920 2660 5000; x_wconf 60' lang='grc' dir='ltr'>ίδσπερ</span> <span class='ocrx_word' id='word_1_851' title='bbox 2693 4921 2970 5000; x_wconf 80' lang='grc' dir='ltr'>ἀλλότριον</span> <span class='ocrx_word' id='word_1_852' title='bbox 3018 4920 3382 5000; x_wconf 33' lang='grc' dir='ltr'>θηήραμαᾈᾼι</span> 
     </span>
    </p>
   </div>
   <div class='ocr_carea' id='block_1_116' title="bbox 1809 4990 3374 5060">
    <p class='ocr_par' dir='ltr' id='par_1_116' title="bbox 1809 4990 3374 5060">
     <span class='ocr_line' id='line_1_116' title="bbox 1809 4990 3374 5060; baseline -0.003 -9"><span class='ocrx_word' id='word_1_853' title='bbox 1809 4990 1980 5052; x_wconf 83' lang='lat' dir='ltr'><strong>editio</strong></span> <span class='ocrx_word' id='word_1_854' title='bbox 2001 4997 2166 5050; x_wconf 86' lang='lat' dir='ltr'><strong>Basil.</strong></span> <span class='ocrx_word' id='word_1_855' title='bbox 2206 5011 2328 5049; x_wconf 91' lang='lat' dir='ltr'><strong>cum</strong></span> <span class='ocrx_word' id='word_1_856' title='bbox 2355 4995 2606 5047; x_wconf 89' lang='lat' dir='ltr'><strong>omnibus</strong></span> <span class='ocrx_word' id='word_1_857' title='bbox 2631 4990 2999 5060; x_wconf 13' lang='lat' dir='ltr'><strong>noswisimss.</strong></span> <span class='ocrx_word' id='word_1_858' title='bbox 3028 4990 3216 5060; x_wconf 84' lang='grc' dir='ltr'>ὥσπερ</span> <span class='ocrx_word' id='word_1_859' title='bbox 3245 4991 3374 5046; x_wconf 82' lang='grc' dir='ltr'>ἀλλο</span> 
     </span>
    </p>
   </div>
   <div class='ocr_carea' id='block_1_117' title="bbox 1805 5059 2990 5140">
    <p class='ocr_par' dir='ltr' id='par_1_117' title="bbox 1805 5059 2990 5140">
     <span class='ocr_line' id='line_1_117' title="bbox 1805 5059 2990 5140; baseline -0.007 -20"><span class='ocrx_word' id='word_1_860' title='bbox 1805 5085 1857 5120; x_wconf 89' lang='grc' dir='ltr'>τι</span> <span class='ocrx_word' id='word_1_861' title='bbox 1889 5069 1954 5138; x_wconf 82' lang='grc' dir='ltr'><strong>θή</strong></span> <span class='ocrx_word' id='word_1_862' title='bbox 1967 5067 2307 5140; x_wconf 43' lang='grc' dir='ltr'>ραμαηυομ).</span> <span class='ocrx_word' id='word_1_863' title='bbox 2323 5073 2556 5140; x_wconf 71' lang='lat' dir='ltr'><strong>quartus</strong></span> <span class='ocrx_word' id='word_1_864' title='bbox 2587 5059 2956 5115; x_wconf 82' lang='grc' dir='ltr'>δανείσασθαι.</span> <span class='ocrx_word' id='word_1_865' title='bbox 2969 5129 2990 5138; x_wconf 80' lang='lat'><em>_</em></span> 
     </span>
    </p>
   </div>
   <div class='ocr_carea' id='block_1_118' title="bbox 1876 5129 3376 5210">
    <p class='ocr_par' dir='ltr' id='par_1_118' title="bbox 1876 5129 3376 5210">
     <span class='ocr_line' id='line_1_118' title="bbox 1876 5129 3376 5210; baseline -0.015 -16"><span class='ocrx_word' id='word_1_866' title='bbox 1876 5129 1988 5210; x_wconf 75' lang='grc'>(58)</span> <span class='ocrx_word' id='word_1_867' title='bbox 2018 5129 2191 5210; x_wconf 61' lang='lat' dir='ltr'><strong>Editio</strong></span> <span class='ocrx_word' id='word_1_868' title='bbox 2216 5129 2380 5189; x_wconf 12' lang='lat' dir='ltr'><strong>Basili.</strong></span> <span class='ocrx_word' id='word_1_869' title='bbox 2414 5143 2467 5186; x_wconf 88' lang='lat' dir='ltr'><strong>et</strong></span> <span class='ocrx_word' id='word_1_870' title='bbox 2489 5144 2721 5210; x_wconf 72' lang='lat' dir='ltr'><strong>quatuor</strong></span> <span class='ocrx_word' id='word_1_871' title='bbox 2752 5147 2881 5184; x_wconf 88' lang='lat' dir='ltr'><strong>mss.</strong></span> <span class='ocrx_word' id='word_1_872' title='bbox 2903 5129 2996 5210; x_wconf 59' lang='grc' dir='ltr'>τοιξ</span> <span class='ocrx_word' id='word_1_873' title='bbox 3023 5129 3376 5210; x_wconf 36' lang='lat' dir='ltr'><strong>animos“;</strong></span> 
     </span>
    </p>
   </div>
   <div class='ocr_carea' id='block_1_119' title="bbox 1805 5199 3368 5284">
    <p class='ocr_par' dir='ltr' id='par_1_119' title="bbox 1805 5199 3368 5284">
     <span class='ocr_line' id='line_1_119' title="bbox 1805 5199 3368 5284; baseline -0.006 -21"><span class='ocrx_word' id='word_1_874' title='bbox 1805 5199 1985 5264; x_wconf 46' lang='lat' dir='ltr'><strong>Ed‘itio</strong></span> <span class='ocrx_word' id='word_1_875' title='bbox 2015 5207 2290 5284; x_wconf 39' lang='lat' dir='ltr'><strong>Paris_.ﬁet</strong></span> <span class='ocrx_word' id='word_1_876' title='bbox 2322 5199 2767 5284; x_wconf 52' lang='lat' dir='ltr'><strong>quatuonitidem</strong></span> <span class='ocrx_word' id='word_1_877' title='bbox 2806 5215 2933 5284; x_wconf 48' lang='lat' dir='ltr'><strong>urss:</strong></span> <span class='ocrx_word' id='word_1_878' title='bbox 2965 5199 3368 5270; x_wconf 75' lang='grc' dir='ltr'>δανειζομένου.</span> 
     </span>
    </p>
   </div>
   <div class='ocr_carea' id='block_1_120' title="bbox 1806 5271 2951 5347">
    <p class='ocr_par' dir='ltr' id='par_1_120' title="bbox 1806 5271 2951 5347">
     <span class='ocr_line' id='line_1_120' title="bbox 1806 5271 2951 5347; baseline -0.013 -11"><span class='ocrx_word' id='word_1_879' title='bbox 1806 5279 1958 5336; x_wconf 84' lang='lat' dir='ltr'><strong>Haud</strong></span> <span class='ocrx_word' id='word_1_880' title='bbox 1991 5277 2174 5347; x_wconf 86' lang='lat' dir='ltr'><strong>procul</strong></span> <span class='ocrx_word' id='word_1_881' title='bbox 2207 5271 2353 5347; x_wconf 63' lang='lat' dir='ltr'><strong>Reg.</strong></span> <span class='ocrx_word' id='word_1_882' title='bbox 2377 5273 2644 5347; x_wconf 74' lang='lat' dir='ltr'><strong>secundus</strong></span> <span class='ocrx_word' id='word_1_883' title='bbox 2676 5271 2876 5347; x_wconf 74' lang='grc' dir='ltr'>φίλοςῇ</span> <span class='ocrx_word' id='word_1_884' title='bbox 2904 5272 2951 5322; x_wconf 84' lang='grc' dir='ltr'>ὁ.</span> 
     </span>
    </p>
   </div>
   <div class='ocr_carea' id='block_1_121' title="bbox 1877 5287 3376 5419">
    <p class='ocr_par' dir='ltr' id='par_1_121' title="bbox 1877 5287 3376 5419">
     <span class='ocr_line' id='line_1_121' title="bbox 1877 5287 2951 5392; baseline -0.01 -60"><span class='ocrx_word' id='word_1_885' title='bbox 1877 5287 1958 5332; x_wconf 77' lang='grc' dir='ltr'><strong>ιιιιί</strong></span> <span class='ocrx_word' id='word_1_886' title='bbox 1991 5287 2174 5347; x_wconf 89' lang='lat' dir='ltr'><strong>procul</strong></span> <span class='ocrx_word' id='word_1_887' title='bbox 2208 5287 2344 5343; x_wconf 71' lang='lat' dir='ltr'><strong>lieg.</strong></span> <span class='ocrx_word' id='word_1_888' title='bbox 2377 5287 2644 5327; x_wconf 78' lang='lat' dir='ltr'><strong>secundus</strong></span> <span class='ocrx_word' id='word_1_889' title='bbox 2676 5287 2951 5392; x_wconf 59' lang='grc' dir='ltr'>φιλοςῃο.</span> 
     </span>
     <span class='ocr_line' id='line_1_122' title="bbox 1877 5340 3376 5419; baseline -0.007 -16"><span class='ocrx_word' id='word_1_890' title='bbox 1877 5348 1992 5419; x_wconf 82' lang='grc'>(59)</span> <span class='ocrx_word' id='word_1_891' title='bbox 2031 5345 2282 5419; x_wconf 68' lang='lat' dir='ltr'><strong>Nonnulli</strong></span> <span class='ocrx_word' id='word_1_892' title='bbox 2317 5359 2446 5419; x_wconf 59' lang='lat' dir='ltr'><strong>mss.</strong></span> <span class='ocrx_word' id='word_1_893' title='bbox 2471 5342 2565 5419; x_wconf 80' lang='grc' dir='ltr'>ἐὰν</span> <span class='ocrx_word' id='word_1_894' title='bbox 2597 5341 2824 5419; x_wconf 64' lang='grc' dir='ltr'>όμνύῃς,</span> <span class='ocrx_word' id='word_1_895' title='bbox 2893 5342 3090 5392; x_wconf 88' lang='grc' dir='ltr'>πιστεῖ.</span> <span class='ocrx_word' id='word_1_896' title='bbox 3119 5340 3376 5419; x_wconf 38' lang='grc' dir='ltr'><strong>’Παίς-ἰηεο</strong></span> 
     </span>
    </p>
   </div>
   <div class='ocr_carea' id='block_1_122' title="bbox 1803 5411 3370 5482">
    <p class='ocr_par' dir='ltr' id='par_1_122' title="bbox 1803 5411 3370 5482">
     <span class='ocr_line' id='line_1_123' title="bbox 1803 5411 3370 5482; baseline -0.007 -8"><span class='ocrx_word' id='word_1_897' title='bbox 1803 5421 1858 5474; x_wconf 87' lang='lat' dir='ltr'><strong>in</strong></span> <span class='ocrx_word' id='word_1_898' title='bbox 1886 5411 2002 5474; x_wconf 76' lang='lat' dir='ltr'><strong>loco</strong></span> <span class='ocrx_word' id='word_1_899' title='bbox 2037 5415 2146 5478; x_wconf 88' lang='lat' dir='ltr'><strong>illa,</strong></span> <span class='ocrx_word' id='word_1_900' title='bbox 2179 5413 2296 5482; x_wconf 75' lang='grc' dir='ltr'>ἅμα</span> <span class='ocrx_word' id='word_1_901' title='bbox 2326 5413 2496 5482; x_wconf 80' lang='grc' dir='ltr'>ὀμνὺς</span> <span class='ocrx_word' id='word_1_902' title='bbox 2539 5413 2781 5474; x_wconf 84' lang='grc' dir='ltr'>ἀπαιτεῖ,</span> <span class='ocrx_word' id='word_1_903' title='bbox 2813 5411 3064 5482; x_wconf 74' lang='lat' dir='ltr'><strong>leguntur</strong></span> <span class='ocrx_word' id='word_1_904' title='bbox 3118 5411 3170 5482; x_wconf 84' lang='lat' dir='ltr'><strong>in</strong></span> <span class='ocrx_word' id='word_1_905' title='bbox 3219 5412 3370 5464; x_wconf 79' lang='lat' dir='ltr'><strong>Cnlb.</strong></span> 
     </span>
    </p>
   </div>
   <div class='ocr_carea' id='block_1_123' title="bbox 1814 5479 3375 5558">
    <p class='ocr_par' dir='ltr' id='par_1_123' title="bbox 1814 5479 3375 5558">
     <span class='ocr_line' id='line_1_124' title="bbox 1814 5479 3375 5558; baseline -0.007 -17"><span class='ocrx_word' id='word_1_906' title='bbox 1814 5499 2008 5558; x_wconf 85' lang='lat' dir='ltr'><strong>quarto</strong></span> <span class='ocrx_word' id='word_1_907' title='bbox 2038 5495 2092 5558; x_wconf 84' lang='lat' dir='ltr'><strong>et</strong></span> <span class='ocrx_word' id='word_1_908' title='bbox 2121 5485 2171 5536; x_wconf 91' lang='lat' dir='ltr'><strong>in</strong></span> <span class='ocrx_word' id='word_1_909' title='bbox 2208 5479 2393 5552; x_wconf 69' lang='lat' dir='ltr'><strong>Regiis</strong></span> <span class='ocrx_word' id='word_1_910' title='bbox 2419 5487 2599 5558; x_wconf 79' lang='lat' dir='ltr'><strong>primo</strong></span> <span class='ocrx_word' id='word_1_911' title='bbox 2629 5493 2684 5533; x_wconf 86' lang='lat' dir='ltr'><strong>et</strong></span> <span class='ocrx_word' id='word_1_912' title='bbox 2715 5490 2904 5558; x_wconf 80' lang='lat' dir='ltr'><strong>sexto_._</strong></span> <span class='ocrx_word' id='word_1_913' title='bbox 2933 5479 3036 5558; x_wconf 80' lang='lat' dir='ltr'><strong>Sed</strong></span> <span class='ocrx_word' id='word_1_914' title='bbox 3066 5480 3193 5548; x_wconf 88' lang='lat' dir='ltr'><strong>quin</strong></span> <span class='ocrx_word' id='word_1_915' title='bbox 3221 5483 3375 5532; x_wconf 84' lang='lat' dir='ltr'><strong>adut-</strong></span> 
     </span>
    </p>
   </div>
   <div class='ocr_carea' id='block_1_124' title="bbox 1817 5551 3376 5616">
    <p class='ocr_par' dir='ltr' id='par_1_124' title="bbox 1817 5551 3376 5616">
     <span class='ocr_line' id='line_1_125' title="bbox 1817 5551 3376 5616; baseline -0.007 -3"><span class='ocrx_word' id='word_1_916' title='bbox 1817 5551 1986 5613; x_wconf 74' lang='lat' dir='ltr'><strong>teriua</strong></span> <span class='ocrx_word' id='word_1_917' title='bbox 2017 5557 2147 5616; x_wconf 84' lang='lat' dir='ltr'><strong>sint,</strong></span> <span class='ocrx_word' id='word_1_918' title='bbox 2209 5551 2314 5606; x_wconf 84' lang='lat' dir='ltr'><strong>non</strong></span> <span class='ocrx_word' id='word_1_919' title='bbox 2347 5553 2502 5604; x_wconf 84' lang='lat' dir='ltr'><strong>valde</strong></span> <span class='ocrx_word' id='word_1_920' title='bbox 2538 5553 2824 5604; x_wconf 84' lang='lat' dir='ltr'><strong>admodum</strong></span> <span class='ocrx_word' id='word_1_921' title='bbox 2867 5551 3208 5612; x_wconf 86' lang='lat' dir='ltr'><strong>&#39;dubitatnus,</strong></span> <span class='ocrx_word' id='word_1_922' title='bbox 3263 5558 3376 5602; x_wconf 77' lang='lat' dir='ltr'><strong>tum</strong></span> 
     </span>
    </p>
   </div>
   <div class='ocr_carea' id='block_1_125' title="bbox 1817 5619 3375 5696">
    <p class='ocr_par' dir='ltr' id='par_1_125' title="bbox 1817 5619 3375 5696">
     <span class='ocr_line' id='line_1_126' title="bbox 1817 5619 3375 5696; baseline -0.005 -18"><span class='ocrx_word' id='word_1_923' title='bbox 1817 5627 1958 5696; x_wconf 88' lang='lat' dir='ltr'><strong>quod</strong></span> <span class='ocrx_word' id='word_1_924' title='bbox 1996 5627 2046 5678; x_wconf 92' lang='lat' dir='ltr'><strong>in</strong></span> <span class='ocrx_word' id='word_1_925' title='bbox 2065 5625 2213 5696; x_wconf 64' lang='lat' dir='ltr'><strong>iteg.</strong></span> <span class='ocrx_word' id='word_1_926' title='bbox 2242 5633 2396 5676; x_wconf 79' lang='lat' dir='ltr'><strong>sexto</strong></span> <span class='ocrx_word' id='word_1_927' title='bbox 2425 5621 2602 5696; x_wconf 81' lang='lat' dir='ltr'><strong>addita</strong></span> <span class='ocrx_word' id='word_1_928' title='bbox 2641 5623 2750 5672; x_wconf 88' lang='lat' dir='ltr'><strong>sint</strong></span> <span class='ocrx_word' id='word_1_929' title='bbox 2778 5619 3234 5696; x_wconf 46' lang='lat' dir='ltr'><strong>secundanmanu,</strong></span> <span class='ocrx_word' id='word_1_930' title='bbox 3263 5629 3375 5672; x_wconf 78' lang='lat' dir='ltr'><strong>tum</strong></span> 
     </span>
    </p>
   </div>
   <div class='ocr_carea' id='block_1_126' title="bbox 1813 5688 3371 5766">
    <p class='ocr_par' dir='ltr' id='par_1_126' title="bbox 1813 5688 3371 5766">
     <span class='ocr_line' id='line_1_127' title="bbox 1813 5688 3371 5766; baseline -0.009 -16"><span class='ocrx_word' id='word_1_931' title='bbox 1813 5688 1956 5766; x_wconf 83' lang='lat' dir='ltr'><strong>quod</strong></span> <span class='ocrx_word' id='word_1_932' title='bbox 1987 5688 2308 5762; x_wconf 76' lang='lat' dir='ltr'><strong>quibusdam</strong></span> <span class='ocrx_word' id='word_1_933' title='bbox 2341 5691 2550 5766; x_wconf 73' lang='lat' dir='ltr'><strong>punctis</strong></span> <span class='ocrx_word' id='word_1_934' title='bbox 2579 5699 2759 5766; x_wconf 74' lang='lat' dir='ltr'><strong>notata</strong></span> <span class='ocrx_word' id='word_1_935' title='bbox 2785 5689 2894 5766; x_wconf 81' lang='lat' dir='ltr'><strong>sint</strong></span> <span class='ocrx_word' id='word_1_936' title='bbox 2927 5689 2978 5739; x_wconf 90' lang='lat' dir='ltr'><strong>in</strong></span> <span class='ocrx_word' id='word_1_937' title='bbox 3009 5688 3138 5756; x_wconf 76' lang='lat' dir='ltr'><strong>Reg.</strong></span> <span class='ocrx_word' id='word_1_938' title='bbox 3159 5690 3330 5766; x_wconf 79' lang='lat' dir='ltr'><strong>primo</strong></span> <span class='ocrx_word' id='word_1_939' title='bbox 3361 5705 3371 5736; x_wconf 92' lang='lat'><strong>:</strong></span> 
     </span>
    </p>
   </div>
   <div class='ocr_carea' id='block_1_127' title="bbox 1815 5759 3372 5837">
    <p class='ocr_par' dir='ltr' id='par_1_127' title="bbox 1815 5759 3372 5837">
     <span class='ocr_line' id='line_1_128' title="bbox 1815 5759 3372 5837; baseline -0.008 -16"><span class='ocrx_word' id='word_1_940' title='bbox 1815 5759 1932 5837; x_wconf 68' lang='lat' dir='ltr'><strong>quae</strong></span> <span class='ocrx_word' id='word_1_941' title='bbox 1957 5759 2058 5820; x_wconf 83' lang='lat' dir='ltr'><strong>duo</strong></span> <span class='ocrx_word' id='word_1_942' title='bbox 2079 5779 2183 5816; x_wconf 91' lang='lat' dir='ltr'><strong>non</strong></span> <span class='ocrx_word' id='word_1_943' title='bbox 2219 5777 2340 5816; x_wconf 84' lang='lat' dir='ltr'><strong>raro</strong></span> <span class='ocrx_word' id='word_1_944' title='bbox 2373 5761 2606 5815; x_wconf 86' lang='lat' dir='ltr'><strong>alienum</strong></span> <span class='ocrx_word' id='word_1_945' title='bbox 2635 5759 2888 5830; x_wconf 84' lang='lat' dir='ltr'><strong>quiddam</strong></span> <span class='ocrx_word' id='word_1_946' title='bbox 2927 5767 2980 5812; x_wconf 85' lang='lat' dir='ltr'><strong>et</strong></span> <span class='ocrx_word' id='word_1_947' title='bbox 3025 5761 3372 5827; x_wconf 63' lang='lat' dir='ltr'><strong>pucgriuum</strong></span> 
     </span>
    </p>
   </div>
  </div>
