3818 6220
481 345 579 404 IT!

483 464 606 518 culo
647 463 693 516 si
738 463 1102 532 progrederis,
1157 464 1326 520 trahit
1377 473 1429 521 te
1471 466 1537 520 ad
1585 482 1665 534 se,
1707 480 1761 524 et
1812 473 2065 539 adducit;

481 557 527 610 si
563 555 707 609 intus
736 564 786 609 te
819 555 1194 618 absconderis,
1225 565 1350 611 ante
1379 558 1598 613 domum
1647 567 1775 622 stat.
1815 573 1872 616 et
1920 564 2064 620 fores

482 644 684 715 pulsat.
738 644 1013 701 Praesente
1066 661 1260 711 uxore,
1311 646 1476 703 allicit
1523 659 1576 704 te
1626 651 1852 721 pudore.
1882 666 2063 708 coram

481 736 675 792 amicis
705 738 935 806 imponit
967 739 1393 796 contumeliam:
1447 742 1498 796 in
1545 742 1665 797 foro
1713 743 1895 799 fauces
1933 761 2065 800 con-

482 828 743 896 etringit:
777 829 951 884 malus
976 829 1098 885 {esti
1135 832 1239 884 diei
1269 847 1568 889 occursus:
1613 835 1778 889 vitam
1819 837 1911 892 tibi
1945 839 2065 891 red-

480 919 563 974 dit
596 918 946 988 injucundam
977 931 1033 975 et
1065 923 1482 980 intolerabilem.
1514 928 1586 981 At
1613 944 1830 998 magna,
1863 929 2061 998 inquit,

484 1017 569 1064 est
604 1012 929 1078 necessitas,
968 1029 1068 1068 nec
1097 1016 1202 1068 alia
1232 1026 1314 1070 est
1344 1021 1600 1086 paranda!
1633 1021 1873 1089 pecunia:
1904 1024 2059 1076 ratio.

482 1101 637 1170 Quas,
673 1120 880 1174 quaeso,
914 1106 1125 1163 utilitas
1151 1125 1218 1163 ex
1245 1111 1506 1166 hodierna
1537 1113 1835 1168 dilatione?
1859 1115 2063 1169 Rursus

480 1197 627 1250 enim
655 1197 836 1252 veniet
884 1198 951 1252 ad
995 1209 1048 1254 te
1092 1212 1386 1270 paupertas
1425 1212 1680 1274 tanquam
1730 1210 1905 1262 bonus
1946 1226 2064 1264 cur-

480 1302 577 1343 sor
606 1288 673 1356 ³⁵,
702 1299 756 1344 et
804 1292 994 1346 eadem
1042 1295 1342 1350 necessitas
1386 1312 1507 1351 cum
1549 1303 1829 1356 auctuario
1867 1307 2058 1361 aderit.

479 1381 686 1442 Faenus
728 1385 875 1439 enim
928 1399 1033 1440 non
1078 1388 1304 1442 omnino
1347 1388 1566 1457 liberat,
1616 1395 1710 1447 sed
1756 1397 1967 1451 consilii
2009 1409 2063 1451 et

481 1475 684 1530 mentis
724 1476 963 1546 inopiam
1013 1479 1273 1550 tantisper
1323 1483 1522 1540 tardat.
1575 1483 1852 1541 Patiamur
1903 1490 2062 1545 hodie

482 1565 740 1621 duritiem
773 1568 1128 1637 paupertatis,
1161 1581 1217 1624 et
1245 1587 1314 1626 ne
1344 1586 1463 1626 eam
1501 1574 1552 1626 in
1596 1576 1756 1648 ιιο
1785 1588 2058 1645 posterum

486 1655 624 1711 liem
693 1660 1092 1727 protrahamus.
1156 1661 1368 1717 Etenim
1427 1665 1470 1718 si
1519 1679 1803 1738 argentum
1857 1670 2061 1726 fmnore

481 1763 586 1806 non
637 1753 828 1817 sumis,
870 1753 1030 1808 hodie
1073 1764 1130 1808 et
1176 1765 1359 1825 postea
1395 1757 1558 1811 simili
1597 1762 1757 1814 modo
1795 1763 1904 1816 eris
1931 1779 2062 1832 pau-

1834 353 1891 409 S.
1914 353 2157 411 BASILII
2198 357 2407 411 MAGNI

3638 372 3707 426 ΞΕ

2097 479 2143 534 Α
2173 475 2638 546 πολυπραγμονεῖ.
2697 480 2823 532 Ἐὰν
2879 481 3074 553 προῖῃς
3116 474 3210 534 τού
3247 483 3559 554 δωματίου,
3604 488 3706 543 ἕλκει

2167 567 2304 635 πρὸς
2330 568 2520 620 ἑαυτὸν
2550 569 2643 620 καὶ
2665 570 2961 639 κατασύρει
2981 587 2994 600 ο
3028 571 3124 623 ἐὰν
3145 571 3289 624 ἐνδον
3323 575 3562 626 σεαυτὸν
3588 593 3706 629 κατα-

2167 659 2401 731 κρύψῃς,
2439 660 2705 732 ἐφέστηκε
2737 665 2804 732 τῇ
2843 663 3014 731 οἰκίᾳ,
3044 666 3135 716 καὶ
3174 664 3586 736 θυροκρουστεῖ.
3625 671 3707 722 Ἔτι

2165 747 2410 815 γαμετῆς
2448 750 2817 819 καταισχύνει,
2852 753 2942 804 ἐπὶ
2976 753 3142 821 φίλων
3177 755 3530 827 καθυϐρίζει,
3556 760 3609 811 ἐν
3626 764 3708 821 ταῖς

2166 839 2391 909 ἀγοραῖς
2435 840 2626 910 ἄγχει·
2669 843 2838 896 κακὸν
2877 846 3192 916 συνάντημα
3241 849 3479 918 ἑορτῆς·
3529 850 3707 904 ἀῦίωτίν

2169 947 2250 983 σοι
2284 932 2394 1002 (40)
2426 934 2822 996 κατασκευάζει
2874 937 2963 989 τὸν
3005 937 3135 1007 βίον.
3175 939 3333 992 Ἀλλὰ
3367 943 3600 1012 μεγάλη,

2169 1023 2276 1084 σὶν,
2382 1025 2616 1095 ἀνάγκη,
2661 1029 2752 1080 καὶ
2779 1029 2953 1092 οὐδεὶς
2996 1030 3158 1100 πόρος
3198 1032 3509 1101 χρημάτων
3548 1035 3705 1104 ἔτερος.

2166 1116 2230 1168 Τί
2266 1112 2359 1169 οὖν
2400 1117 2461 1169 τὸ
2501 1117 2690 1185 ὄφελος
2733 1123 2798 1172 ἐκ
2831 1120 2923 1172 τοῦ
2964 1121 3060 1191 τὴν
3102 1125 3339 1194 σήμερον
3384 1125 3708 1195 ὑπερθέσθαι;

2167 1208 2337 1260 Πάλιν
2361 1209 2470 1280 γὰρ
2503 1209 2622 1278 ἥξει
2651 1228 2731 1263 σοι
2773 1214 2804 1282 ἡ
2844 1213 3002 1265 πενία
3033 1213 3221 1285 ὥσπερ
3249 1215 3464 1283 ἀγαθὸς
3499 1217 3709 1288 δρομεὺς,

2164 1301 2258 1353 καὶ
2285 1303 2317 1372 ἡ
2343 1302 2478 1372 αὑτὴ
2501 1303 2711 1374 ἀνάγκη
2739 1305 2876 1373 μετὰ
2898 1307 3214 1376 προσθήκης
3239 1308 3537 1377 παρέσται.
3556 1310 3621 1361 Τὸ
3635 1313 3713 1381 γὰρ

2163 1393 2320 1456 δάνος
2354 1394 2453 1448 οὐκ
2491 1395 2809 1464 ἀπαλλαγὴν
2845 1397 3101 1468 παντελῆ,
3141 1398 3278 1451 ἀλλὰ
3315 1400 3527 1470 μικρὰν
3559 1401 3714 1453 ἀναξιο-

2164 1483 2260 1554 λὴν
2293 1486 2390 1555 τῆς
2421 1487 2731 1556 ἀμηχανίας
2761 1489 3057 1559 παρέχεται
3119 1491 3370 1562 Σήμερον
3401 1492 3712 1562 πάθωμεντὰ
3770 1501 3771 1510 ‘

2164 1577 2229 1628 ἐκ
2255 1577 2354 1646 τῆς
2386 1578 2592 1641 ἐνδείας
2614 1580 2870 1651 δυσχερῆ,
2903 1582 2995 1633 καὶ
3019 1583 3091 1654 μὴ
3117 1583 3510 1653 ἀποτιθὼμεθα
3539 1584 3635 1654 (εΗ)
3657 1585 3713 1645 εἰς

2163 1668 2260 1738 τὴν
2292 1668 2500 1740 αῠριον.
2541 1672 2632 1742 Μὴ
2659 1671 3041 1742 δανεισάμενος
3093 1675 3194 1743 μὲν
3227 1675 3433 1745 ὁμοίως
3459 1675 3553 1746 ἔσῃ
3582 1677 3713 1745 πένης

2163 1762 2258 1814 καὶ
2313 1763 2551 1833 σήμερον
2598 1765 2692 1816 καὶ
2744 1767 2879 1836 πρὸς
2941 1766 3002 1819 τὸ
3063 1767 3296 1837 ἐφεξῆς·
3363 1768 3712 1838 δανεισάμενος

481 1856 620 1912 per:
653 1843 698 1897 si
739 1858 869 1898 vero
907 1846 1099 1910 sumis,
1130 1845 1336 1902 foenore
1387 1861 1758 1920 paupertatem
1809 1865 2057 1922 augente,

2177 1849 2221 1903 5ἐ
2260 1851 2641 1920 χαλεπώτερον
2666 1854 3077 1926 ἐκτρυχωθήσῃ,
3107 1857 3200 1909 τοῦ
3229 1857 3393 1909 τόκου
3425 1859 3524 1926 τὴν
3560 1858 3712 1908 πενίαν

481 1935 733 1992 acerbius
760 1938 1050 1993 vexabere.
1083 1937 1236 1994 Nunc
1272 1941 1494 2010 quidem
1538 1944 1716 1999 nullus
1762 1938 1856 2001 tibi
1904 1948 2063 2001 vertit

482 2028 682 2098 probro
731 2032 1140 2101 paupertatem;
1195 2033 1461 2102 siquidem
1517 2035 1715 2088 malum
1781 2049 1862 2090 est
1919 2039 2061 2092 haud

483 2120 844 2176 voluntarium
875 2139 890 2175 ι
921 2122 965 2176 si
999 2136 1125 2176 vero
1153 2120 1345 2175 faenori
1375 2122 1545 2178 fueris
1581 2125 1871 2189 obnoxius,
1907 2140 2064 2180 nemo

483 2213 584 2270 erit
609 2213 700 2283 qui
727 2222 780 2268 te
808 2214 1051 2268 stultitiae
1081 2230 1185 2268 non
1219 2214 1565 2270 condemnet.

552 2305 606 2362 5.
655 2303 842 2375 Itaque
887 2319 956 2360 ne
985 2316 1167 2361 nostra
1202 2308 1429 2362 stultitia
1464 2308 1620 2361 malis
1651 2317 1847 2376 praeter
1883 2307 2066 2362 volun»

483 2406 648 2459 tatem
709 2397 1150 2468 contingentibus
1206 2401 1370 2454 etiam
1437 2401 1636 2454 malum
1700 2400 2060 2455 voluntarium

484 2503 847 2548 accersamus.
879 2490 1038 2545 Stulti
1069 2501 1152 2546 est
1191 2492 1356 2546 animi
1395 2507 1454 2546 se
1494 2507 1592 2562 pro
1638 2507 1800 2561 opum
1852 2495 2063 2548 ratione

483 2597 588 2639 non
627 2596 974 2652 componere,
1012 2586 1107 2638 sed
1160 2584 1381 2640 incerta:
1433 2587 1546 2655 spei
1597 2601 1656 2640 se
1697 2587 2061 2652 committere,

484 2691 547 2730 ac
589 2675 938 2730 manifestum
980 2686 1036 2731 et
1083 2677 1307 2733 evidens
1361 2679 1746 2732 detrimentum
1800 2679 2058 2747 experiri.

485 2763 600 2826 lam
667 2769 937 2836 perpende
993 2768 1136 2822 unde
1199 2769 1277 2823 sis
1334 2769 1632 2824 soluturus.
1687 2769 1825 2823 Num
1871 2785 1940 2823 ex
1999 2771 2063 2825 iis

484 2858 727 2928 pecuniis
761 2874 898 2928 quas
930 2859 1172 2928 accipis?
1211 2858 1316 2914 Sed
1361 2861 1442 2916 ha:
1474 2871 1529 2916 et
1573 2862 1639 2916 ad
1681 2863 2060 2916 necessitatem

487 2950 848 3006 cobibendam
885 2961 942 3005 et
971 2951 1038 3006 ad
1078 2951 1400 3007 solutionem
1436 2968 1542 3008 non
1581 2952 1873 3008 suliiciunt.
1910 2953 2063 3019 Quod

484 3045 529 3100 si
553 3060 748 3100 usuras
780 3047 944 3100 etiam
978 3047 1338 3116 reputaveris,
1370 3047 1512 3102 unde
1541 3062 1712 3117 usque
1743 3047 1879 3101 adeo
1922 3046 2062 3100 mul-

486 3135 879 3207 tiplicabuntur
908 3139 1172 3207 pecuniae,
1210 3150 1270 3194 ut
1294 3153 1359 3193 ex
1396 3156 1504 3195 una
1545 3149 1700 3208 parte
1747 3139 2062 3194 necessitati

487 3237 593 3283 tuae
637 3229 978 3294 medeantur,
1019 3244 1086 3284 ex
1135 3229 1305 3284 altera
1353 3245 1484 3285 vero
1541 3243 1744 3286 sortem
1792 3231 2061 3301 expleant,

487 3329 860 3395 prmtereaque
887 3321 1192 3377 forinsecus
1229 3338 1422 3376 usuras
1467 3323 1710 3393 gignant.
1757 3324 1827 3377 At
1871 3339 2070 3394 nequa-

487 3425 652 3479 quam
711 3426 776 3466 ex
838 3412 926 3478 iis,
975 3427 1094 3480 qua:
1167 3413 1393 3482 accipis,
1434 3424 1678 3466 mutuum
1728 3414 1940 3468 reddes.
1985 3417 2066 3468 An

489 3501 757 3560 aliunde?
800 3500 924 3557 Illas
973 3503 1140 3568 igitur
1182 3516 1560 3573 exspectemus
1599 3520 1741 3573 spes,
1785 3521 1905 3572 nec,
1950 3513 2070 3559 tan-

488 3611 652 3665 quam
708 3596 904 3666 pisces,
971 3601 1039 3650 ad
1089 3597 1310 3651 illicium
1375 3612 1742 3665 properemus.
1796 3598 2067 3665 Quemad-

488 3688 711 3742 modum
761 3689 904 3742 enim
957 3686 1034 3741 illi
1090 3702 1194 3740 una
1239 3702 1362 3741 cum
1415 3702 1541 3742 esca
1578 3689 1795 3742 hamum
1830 3698 2062 3742 vorant:

488 3779 570 3835 sic
612 3795 712 3836 nos
761 3795 858 3849 per
912 3781 1195 3849 pecuniam
1234 3779 1443 3834 {tenore
1491 3781 1880 3851 trausligimur.
1923 3781 2083 3835 Pau-‘

488 3882 672 3942 pertas
702 3871 1053 3942 ignominiam
1089 3871 1290 3925 nullam
1318 3870 1494 3926 aﬂ‘ert.
1543 3871 1681 3938 Quid
1731 3888 1860 3944 ergo
1915 3875 2068 3929 nobis

489 3964 625 4034 ipsis
665 3963 953 4034 opprobria
996 3978 1063 4019 ex
1109 3977 1218 4018 aere
1262 3963 1440 4019 alieno
1486 3965 1786 4034 paramus?
1833 3966 2068 4021 Vulnera

489 4058 714 4120 vulnere
775 4065 931 4112 curat
988 4072 1170 4122 nemo,
1221 4072 1396 4128 neque
1451 4057 1650 4111 malum
1696 4057 1837 4112 malo
1871 4066 2066 4126 sanat;

491 4159 594 4209 nec
653 4146 863 4202 {tenore
943 4146 1258 4203 sublevatur
1333 4158 1645 4222 paupertas,
1728 4147 1888 4205 Dives
1962 4148 2071 4205 es?

565 4353 612 4385 "
645 4351 804 4408 Prov.
837 4366 987 4418 XXIV,
1023 4351 1114 4412 34.

496 4553 760 4609 indicant.
791 4552 1082 4620 Aliquanto
1110 4559 1229 4619 post.
1261 4552 1426 4605 editio
1463 4553 1635 4607 Paris.
1695 4569 1817 4606 cum
1883 4551 2084 4621 aliqui-

496 4625 599 4696 bus
655 4640 789 4679 mss.
839 4623 1108 4692 ἐφέστηκε
1159 4625 1224 4692 τῇ
1275 4623 1533 4696 omnia:
1573 4625 1677 4696 Sed
1709 4623 1892 4696 icoisl.
1957 4639 2078 4696 eum

498 4694 619 4766 aliis
655 4709 751 4750 sex
781 4708 913 4748 mss.
957 4707 1014 4748 et
1055 4709 1179 4747 cum
1222 4693 1470 4749 editione
1502 4693 1669 4749 Basil.
1703 4693 1974 4764 ἐφέστηκε
2013 4695 2079 4766 τῇ

722 4833 856 4903 Reg.
893 4834 1163 4888 secundus
1194 4833 1428 4887 ἀϐίωτόν
1461 4850 1576 4886 σου.

496 4765 664 4836 οἰκίᾳ.

573 4837 663 4900 (40

575 4837 663 4900 (lt)
722 4836 856 4903 Reg.
893 4836 1163 4888 secundus
1194 4836 1428 4887 ἀϐίωτόν
1461 4850 1576 4886 σου.

575 4836 686 4976 (Μ)
716 4905 806 4958 Sic
833 4906 1073 4972 quinque
1100 4919 1230 4958 mss.
1264 4919 1386 4958 cum
1433 4906 1683 4976 editione
1705 4903 1869 4976 Basil.
1907 4905 2081 4959 Editio

503 4974 679 5030 Paris.
728 4990 850 5028 cum
901 4991 1008 5027 uno
1057 4986 1150 5025 aut
1194 4976 1369 5044 altero
1417 4990 1519 5027 ms.
1553 4974 1906 5044 ἀποθώμεθα.
1960 4976 2081 5028 Mox

505 5045 656 5100 Colb.
691 5056 919 5115 octavus
950 5048 1030 5108 εἰς
1049 5044 1110 5096 τὸ
1141 5043 1360 5114 ἐφεξῆς.
1397 5044 1561 5099 Paulo
1585 5046 1862 5115 post'Reg.
1892 5047 2082 5099 tertius

508 5114 1089 5201 προσεπεκτείναγτος.
1140 5115 1291 5201 ιξςεὶἱ
1347 5116 1553 5201 tertius‘
1589 5125 1641 5170 et
1684 5114 1870 5201 segtu‘s
1920 5118 2086 5201 exputat-

507 5183 654 5240 λέσει
715 5203 816 5244 σοι,
867 5185 1107 5240 Subinde
1166 5185 1299 5252 Reg.
1357 5189 1623 5239 secundus
1677 5183 1770 5238 σοῦ
1805 5186 1903 5256 τὴν
1927 5186 2086 5240 ἀϐουσ

509 5257 648 5310 λίαν.

581 5328 694 5398 (42)
721 5325 810 5398 Sic
844 5327 1016 5394 major
1035 5341 1160 5395 pars
1190 5340 1320 5398 mss.
1351 5341 1473 5380 cum
1504 5324 1736 5379 editione
1767 5324 1928 5398 Basil.
1956 5325 2090 5398 Edi-

514 5395 750 5455 tio'vero
795 5397 967 5458 Paris.
999 5413 1120 5450 cum
1179 5396 1500 5464 quibusdam
1540 5413 1668 5450 mss.
1702 5395 2086 5466 ἐπισπώμεθα,

512 5466 715 5526 Ibidem
743 5469 909 5522 editio
933 5468 1104 5525 Paris.
1134 5467 1337 5537 νηπίας
1385 5468 1521 5524 ἐστί.
1551 5467 1664 5537 Vox
1721 5468 1836 5518 ἐστί
1861 5471 2008 5520 deest
2036 5467 2089 5537 in

512 5538 764 5591 omnibus
796 5554 924 5599 mss.
960 5547 1015 5592 et
1049 5539 1101 5589 in
1149 5535 1390 5590 editione
1425 5537 1589 5590 Basil.
1640 5536 1843 5590 Ibidem
1899 5535 2092 5589 ἐαυτὸν

516 5607 910 5678 περιστέλλειν,
936 5610 1003 5661 ad
1032 5608 1276 5670 verbum,
1309 5624 1401 5672 pro
1444 5623 1598 5678 opum
1645 5607 1848 5659 ratione
1886 5624 1987 5659 non
2035 5623 2093 5678 se

514 5676 842 5740 contrahere,
892 5693 995 5730 non
1039 5693 1092 5729 se
1123 5686 1413 5731 coarctare.
1446 5677 1555 5733 Hoc
1585 5687 1687 5740 est,
1725 5677 1985 5745 impensas
2019 5676 2096 5745 fa-

515 5744 793 5800 cultatibus
824 5763 924 5800 non
948 5748 1138 5804 metiri.

592 5814 704 5888 (45)
735 5816 1106 5891 lnterpunctio
1135 5831 1238 5893 qua
1287 5817 1389 5874 hoc
1414 5817 1532 5875 loco
1560 5817 1639 5874 usi
1669 5832 1877 5886 sumus,
1922 5815 1973 5874 in
2001 5833 2096 5874 uo-

2093 3195 2134 3253 C

2168 1944 2697 2014 προσεπιτείναντος.
2740 1947 2850 1998 Καὶ
2897 1946 2990 2000 νῦν
3043 1948 3141 2016 μὲν
3192 1949 3369 2011 οὐδεὶς
3404 1949 3616 2016 ἐγκαλεῖ
3653 1965 3711 1998 σοι

2166 2035 2502 2104 πτωχεύοντι
2523 2053 2534 2065 -
2583 2036 2836 2090 ἀκούσιον
2885 2037 2990 2109 γὰρ
3023 2039 3083 2090 τὸ
3113 2039 3280 2091 κακόν
3301 2056 3315 2070 ο
3352 2040 3451 2092 ἐὰν
3476 2041 3528 2093 δὲ
3567 2041 3714 2101 τόκοις

2166 2127 2465 2190 ὑπεύθυνος
2508 2126 2593 2202 ᾖς,
2637 2130 2736 2182 οὐκ
2776 2130 2922 2184 ἐστιν
2957 2131 3106 2195 ὅστις
3131 2132 3191 2183 οὐ
3231 2132 3512 2202 μέμψεταί
3544 2150 3625 2185 σου
3660 2135 3710 2203 τῇ

2165 2221 2413 2293 ἀϐουλία.

2235 2315 2288 2366 5.
2325 2312 2412 2383 Μὴ
2445 2308 2535 2366 οὖν
2565 2314 2700 2385 πρὸς
2729 2318 2841 2378 τοῖς
2869 2316 3145 2378 ἀκουσίοις
3176 2320 3370 2380 κακοῖς
3405 2318 3485 2370 ἔτι
3523 2318 3605 2370 καὶ
3636 2317 3710 2368 αύ-

2167 2401 2416 2473 θαίρετον
2442 2403 2611 2456 κακὸν
2639 2405 2703 2456 ἐκ
2728 2404 2828 2473 τῆς
2854 2405 3126 2475 ἡμετέρας
3149 2407 3337 2470 ἀνοίας
3363 2405 3710 2474 ἐπισπασὼμε-

2165 2495 2232 2548 θα
2264 2496 2397 2565 (42).
2429 2496 2647 2564 Νηπίας
2669 2497 2873 2567 φρενὸς
2905 2497 2977 2568 μὴ
3008 2499 3072 2549 ἐκ
3101 2497 3209 2549 τῶν
3240 2501 3523 2569 παρόντων
3559 2498 3710 2550 ἐαυτὸν

2165 2587 2557 2657 περιστέλλειν,
2591 2589 2704 2643 ἀλλ’
2729 2588 2943 2659 ἀδήλοις
2973 2588 3183 2641 ἐλπίσιν
3225 2591 3588 2660 ἐπιτρέψαντα
3631 2605 3709 2655 φε-

2163 2679 2329 2747 νερᾶς
2374 2677 2579 2749 βλάϐης
2625 2680 2718 2732 καὶ
2765 2681 3160 2750 ἀναντιρῤήτου
3205 2683 3568 2752 κατατολμᾷν.
3601 2679 3706 2746 Ἤδη

2167 2772 2457 2842 βούλευσαι
2485 2773 2648 2827 πόθεν
2683 2773 2794 2844 (45)
2825 2773 3127 2837 ἀποτίσεις.
3168 2775 3285 2843 Ἀφ’
3320 2769 3397 2829 ὧν
3420 2774 3707 2845 λαμϐάνεις

2177 2864 2318 2916 Ἀλλ’
2353 2866 2452 2918 οὐκ
2483 2865 2706 2935 ἐξαρκεῖ
2727 2868 2821 2919 καὶ
2857 2867 2992 2938 πρὸς
3024 2867 3119 2939 τὴν
3147 2869 3338 2938 χρείαν
3368 2869 3463 2919 καὶ
3635 2865 3709 2932 τὴν

2165 2955 2394 3010 ἔκτισιν.
2431 2957 2558 3010 Ἐὰν
2586 2957 2642 3011 δέ
2665 2957 2728 3029 δὴ
2753 2959 2846 3012 καὶ
2873 2959 2999 3022 τοὺς
3028 2960 3218 3021 τόκους
3251 2958 3467 3030 λογίσῃ,
3502 2957 3644 3008 πόθεν
3661 2952 3709 3005 τὰ

2167 3049 2428 3118 χρήματα
2453 3049 2532 3111 είς
2557 3047 2812 3102 τοσοῦτον
2836 3049 3462 3120 πολυπλασιασθήσεται,
3483 3048 3606 3100 ὥστε
3632 3045 3707 3111 ἰδίᾳ

2102 3171 2132 3211 λ,
2173 3139 2271 3209 μέν
2306 3156 2397 3191 σου
2433 3138 2757 3210 θεραπεύειν
2792 3139 2891 3210 τὴν
2923 3140 3132 3211 χρείαν,
3181 3139 3288 3210 ἰδίᾳ
3342 3139 3401 3192 δέ
3449 3133 3709 3204 ἐκπληρῶν

2168 3231 2232 3284 τὸ
2262 3231 2580 3300 κεφάλαιον,
2609 3230 2808 3297 ἔξωθεν
2828 3231 2884 3283 δὲ
2913 3232 3007 3284 καὶ
3031 3233 3220 3293 τόκους
3242 3231 3570 3300 ἁπογεννᾷν;

2169 3323 2268 3374 οὐκ
2299 3321 2358 3386 ἐξ
2389 3315 2464 3373 ὧν
2501 3321 2799 3390 λαμϐάνεις
2833 3321 3133 3384 ἀποδώσεις
3156 3321 3217 3374 τὸ
3246 3321 3479 3374 δάνειον.
3521 3318 3710 3386 Ἑτέρω-

2171 3413 2262 3467 θεν
2305 3413 2395 3477 δὲ;
2440 3413 2683 3475 Ἐκείνας
2727 3409 2817 3466 οὖν
2856 3413 3215 3484 ἀναμένωμεν
3251 3412 3356 3475 τὰς
3385 3411 3610 3471 ἐλπίδας.
3642 3406 3713 3458 καὶ

2173 3505 2247 3576 μὴ
2271 3505 2530 3576 ἔλθωμεν,
2555 3505 2744 3576 ὥσπερ
2783 3506 2833 3557 οἱ
2872 3505 3052 3576 ἰχθύες
3098 3506 3191 3557 ἐπὶ
3220 3505 3281 3557 τὸ
3309 3505 3518 3575 δέλεαρ.
3541 3503 3711 3567 Ὥσπερ

2173 3598 2283 3670 γὰρ
2329 3599 2526 3652 ἐκεῖνοι
2564 3599 2701 3669 μετὰ
2729 3599 2830 3668 τῆς
2858 3601 3064 3670 τροφῆς
3101 3600 3160 3652 τὸ
3200 3600 3496 3668 ἄγκιστρον
3524 3593 3710 3649 καταπί-

2173 3705 2386 3752 νουσιν,
2435 3687 2576 3741 οὓτω
2609 3689 2704 3740 καὶ
2747 3689 2858 3758 (44)
2899 3693 3059 3759 ἡμεῖς
3107 3690 3196 3743 διὰ
3237 3691 3308 3742 τὰ
3353 3692 3597 3760 χρήματα
3629 3686 3710 3742 τοῖς

2173 3782 2354 3843 τόκοις
2376 3782 2826 3852 περιπειρόμεθα.
2846 3783 3112 3852 Οὑδεμίαν
3138 3783 3401 3852 αἰσχύνην
3423 3783 3482 3833 τὸ
3499 3776 3709 3832 πένεσθαι

2177 3874 2444 3944 προξενεῖ.
2491 3875 2556 3926 Τί
2584 3871 2675 3928 οὖν
2708 3875 2774 3928 τὰ
2819 3878 2882 3928 ἐκ
2925 3876 3018 3927 τοῦ
3062 3874 3296 3943 ὀφείλειν
3333 3875 3506 3943 ὀνείδη
3539 3871 3708 3928 ἑαυτοῖς

2177 3966 2581 4038 προστιθέμεθα
2604 3967 2713 4037 (45)
2736 3984 2748 4030 ;
2776 3968 2962 4030 Οὐδεὶς
2987 3967 3271 4038 τραύματα
3301 3967 3567 4038 τραύματι
3586 3965 3710 4031 8591-

2179 4057 2354 4122 πεύει,
2400 4059 2521 4111 οὐδέ
2567 4058 2722 4128 κακῷ
2759 4059 2819 4111 τὸ
2854 4060 3018 4111 κακὸν
3057 4061 3220 4124 ἰᾶται,
3264 4059 3388 4112 ούδέ
3436 4057 3611 4110 πενίαν
3646 4049 3711 4100 τὸ·

2177 4167 2295 4214 κοις
2349 4150 2760 4223 ἐπανορθοῦται.
2810 4151 3067 4215 Πλούσιος
3107 4148 3185 4215 ei;
3230 4151 3304 4222 μὴ
3343 4151 3576 4214 δανείςου
3603 4141 3708 4216 (46).

2117 4553 2161 4608 D
2195 4551 2324 4605 stris
2373 4565 2504 4605 mss.
2544 4551 2855 4618 reperitur:
2890 4564 2992 4619 qua
3020 4566 3122 4605 non
3153 4553 3436 4605 observata
3485 4551 3705 4615 interpres

2191 4632 2347 4675 vetus
2373 4636 2401 4673 a
2450 4637 2609 4675 sensu
2655 4623 2893 4674 auctoris
2921 4622 3077 4689 longe
3117 4623 3412 4677 aberravit.
3444 4621 3597 4676 Paulo
3619 4627 3707 4686 post

2185 4691 2317 4758 Reg.
2347 4693 2612 4745 secundus
2636 4693 2727 4743 ἐπὶ
2751 4692 3024 4745 τοσοῦτον.

2257 4762 2370 4828 (44)
2401 4761 2491 4815 Sic
2526 4761 2698 4828 major
2718 4778 2843 4830 pars
2868 4778 2998 4815 mss.
3031 4762 3190 4816 Deest
3220 4761 3313 4814 καί
3347 4762 3398 4814 in
3428 4761 3591 4814 editis.

2257 4825 2369 4902 (45)
2439 4831 2578 4885 Editi
2612 4825 2773 4883 'cn'm
2844 4832 2979 4901 Reg.
3045 4835 3293 4902 secundo
3341 4825 3703 4901 περιτιθέμεθα.

2186 4901 2320 4975 Reg.
2373 4902 2580 4975 primus
2641 4901 3033 4973 προτιθέμεθα.
3084 4903 3152 4955 At
3205 4901 3615 4975 quinque__tu_ss.
3663 4903 3705 4975 Ill

2188 4974 2240 5025 in
2275 4984 2440 5025 textu.
2470 4971 2668 5026 Ibidem
2705 4989 2833 5027 mss.
2867 4971 3056 5027 uulnes
3080 4972 3389 5043 τραύματα.
3426 4971 3705 5038 Εάίιίτραῠ·

2231 5060 2285 5096 α.

2189 5061 2371 5181 μαίιίϐ)
2413 5112 2715 5176 Πλούσιος
2738 5107 2823 5175 ei;
2850 5110 2928 5180 μὴ
2953 5111 3243 5172 δανείζου.
3276 5111 3588 5181 Legendum
3615 5113 3705 5159 esse

2192 5184 2266 5257 μὴ
2293 5180 2644 5257 δάνειζενΝε
2669 5184 3004 5257 desjwnore,
3033 5184 3271 5257 duximus
3317 5180 3372 5235 in
3398 5191 3505 5234 not.
3535 5180 3591 5233 ad
3615 5190 3704 5257 ξεί·

2191 5243 2405 5306 ἰιιὸιιρῐῑι
2455 5243 2713 5321 quintum
2751 5243 3038 5322 S'ymeonis
3088 5252 3398 5322 Logotbeta’.
3447 5265 3558 5319 pag.

2192 5323 2498 5378 Mamm—
2524 5322 2671 5378 Lusit
2719 5321 2950 5376 Basilius
2990 5324 3042 5375 in
3087 5321 3285 5391 duplici
3332 5321 3561 5390 ejusdem
3592 5327 3704 5391 vol-Is

2192 5409 2351 5447 sensu
2381 5411 2393 5447 :
2429 5393 2742 5462 δανείζομαι
2789 5393 2933 5444 enim
2971 5408 3074 5444 non
3108 5390 3264 5446 unedo
3301 5390 3701 5462 pecuniamgdare.

2195 5466 2288 5516 sed
2314 5464 2474 5516 etiam
2500 5459 2729 5527 (tempere
2750 5464 2842 5514 sub
2865 5463 3061 5530 [cenare
3077 5464 3335 5530 signiﬁcat
3364 5483 3377 5517 :
3403 5477 3549 5531 quem
3568 5459 3703 5510 lusum

2194 5533 2383 5590 Latine
2426 5535 2648 5585 reddere
2693 5533 2885 5600 cuique
2924 5535 3110 5586 Latine
3144 5534 3336 5587 scienti
3385 5533 3584 5584 obvium
3623 5532 3702 5600 est.

2196 5604 2457 5670 siquidem
2489 5596 2927 5675 verbmulwuero
2951 5603 3035 5657 vel
3065 5596 3703 5675 {mtteroreamdentamin-

2198 5669 2456 5743 guitatem
2489 5689 2551 5725 ac
2583 5672 2895 5744 δανείζομαι
2916 5690 3023 5741 pra:
3046 5669 3106 5727 se
3131 5674 3254 5728 fert.
3277 5669 3549 5734 Αύτολεξεὶ
3577 5669 3703 5744 igitur

2199 5733 2544 5811 interpretari
2569 5733 2812 5810 juvaret:
2840 5733 2940 5796 hoc
2965 5744 3124 5798 modo
3160 5767 3172 5797 :
3225 5744 3372 5796 Din-es
3401 5761 3452 5795 es
3467 5733 3498 5796 γέ
3516 5733 3608 5791 noli
3631 5733 3702 5803 ft!-

2203 5830 2386 5870 nerare
2402 5831 2420 5880 ,'
2447 5827 2646 5883 pauper
2669 5831 2722 5869 es
2742 5815 2766 5871 ἶ)
2789 5813 2895 5869 noli
2923 5812 3187 5872 fwnerari.
3218 5815 3372 5872 Ευιτ.
3401 5814 3613 5868 Panos.
