3818 6220
228 329 338 383 £73

1394 336 1679 393 HOMtLlA
1701 337 1746 395 ll
1774 337 1841 394 IN
1881 338 2211 395 PSALMUM
2246 338 2383 395 XIV.

3392 343 3499 401 ΞΠ

234 442 414 513 Πένης
440 439 524 509 εἶ;
555 444 630 515 μὴ
652 444 919 511 δανείζου.
949 448 1015 502 Εἰ
1041 447 1142 520 μὲν
1161 449 1269 523 γὰρ
1295 451 1566 524 εὐπορεῖς,
1601 455 1661 507 οὐ
1695 455 1808 527 χρῄ·

1923 456 2220 524 Argentum
2298 470 2369 511 ne
2448 470 2600 511 sume
2679 456 2905 512 fanore.
2980 456 3193 528 Pauper
3255 457 3360 514 es?
3420 459 3499 516 Ne

231 532 351 598 ζεις
398 535 797 606 δανείσματοςο
864 541 914 592 εί
971 540 1028 593 δὲ
1089 542 1239 597 οὐδὲν
1307 543 1472 614 ἔχεις,
1533 546 1633 600 οὐκ
1686 549 1822 601 ἀπο-

232 622 410 688 τίσεις
464 624 525 678 τὺ
577 624 806 681 δάνειον.
862 630 955 701 Μὴ
1006 629 1113 702 δῷς
1161 631 1389 689 σεαυτοῦ
1445 636 1536 690 τὸν
1580 636 1693 708 βίον
1744 641 1825 703 εἰς

230 716 674 789 ὑστεροϐουλίαν,
719 722 927 792 μήποτε
974 724 1286 798 μακαρίσῃς
1315 727 1416 791 τὰς
1455 729 1562 799 πρὸ
1596 729 1707 783 τῶν
1740 731 1825 784 τό-

230 824 349 863 κων
368 810 610 881 ἡμέρας.
650 812 764 865 Ἑνὶ
795 813 908 883 (47)
940 813 1115 886 τούτῳ
1142 816 1490 887 διαφέρωμεν
1521 820 1630 873 τῶν
1653 821 1822 874 πλου-

229 897 472 954 τούντων
491 903 540 954 οἱ
568 902 820 975 πένητες,
849 908 916 976 τῇ
944 907 1267 980 ἀμεριμνίᾳ.
1308 910 1418 963 Καὶ
1437 911 1824 982 καταγελῶμεν

226 991 417 1046 αὐτῶν
445 993 884 1064 άγρυπνούντων,
941 998 1096 1052 αὐτοὶ
1148 999 1538 1066 καθεύδοντεςο
1593 1004 1823 1057 καὶτῶν

231 1084 588 1140 συνεστώτων
629 1087 718 1141 ἀεὶ
758 1088 853 1142 καὶ
897 1090 1312 1161 φροντιζόντων,
1365 1094 1522 1149 αὐτοὶ
1570 1096 1826 1168 ἀφροντιι⁵

234 1175 490 1243 στοῢντες
554 1180 650 1233 καὶ
713 1180 1010 1252 ἀνειμένοι.
1086 1183 1146 1236 '0
1217 1184 1399 1255 μέντοι
1446 1186 1679 1256 ὀφείλων
1730 1189 1824 1242 καὶ

233 1267 406 1340 πένης
445 1269 562 1323 ἐστὶ
608 1272 701 1325 καὶ
741 1272 1181 1346 πολυμέριμνος⁹
1222 1277 1424 1341 ἄϋπνος
1460 1280 1694 1353 νύκτωρ,
1728 1281 1824 1335 dii-

232 1379 369 1427 πνος
403 1362 522 1434 μεθ’
559 1363 800 1436 ἡμέραν,
833 1367 1056 1432 σύννους
1094 1369 1273 1424 πάντα
1319 1371 1411 1425 τὸν
1445 1373 1670 1444 χρόνον·
1727 1372 1823 1428 νῦν

234 1455 340 1525 μὲν
363 1457 464 1528 τὴν
492 1456 685 1511 ἐαυτοῦ
719 1459 908 1514 οὐσίαν
937 1460 1379 1534 ἁποτιμώμενος,
1412 1464 1507 1518 νῦν
1537 1465 1593 1518 δὲ
1621 1466 1719 1530 τὰς
1742 1469 1819 1521 ot-

231 1547 361 1611 κίας
395 1548 496 1613 τὰς
521 1550 848 1615 πολυτελεῖς,
878 1554 1005 1616 τοὺς
1035 1555 1238 1625 ἀγροὺς
1262 1555 1370 1609 τῶν
1403 1556 1694 1623 πλουσίων,
1723 1559 1820 1625 τὰς

229 1637 470 1709 ἐσθῆτας
502 1640 610 1695 τῶν
654 1644 1112 1714 ἐντυγχανόντων,
1152 1646 1219 1700 τὰ
1259 1647 1428 1718 σκεύη
1456 1648 1566 1703 τῶν
1596 1650 1818 1703 ἐστιῶν-

229 1746 344 1784 των
368 1730 501 1803 (48).
530 1733 596 1787 El
625 1733 797 1789 ταῦτα
826 1736 934 1806 ἐμὰ
960 1733 1048 1807 ἦν,
1085 1739 1271 1809 φησιν,
1302 1740 1634 1812 ἀπεδιδόμην
1659 1744 1815 1798 τόσου

229 1820 331 1873 καὶ
360 1821 545 1889 τόσου,
581 1825 676 1878 καὶ
704 1826 1134 1899 ἀπηλλασσόμην
1165 1828 1258 1883 τοῦ
1294 1832 1476 1885 τόκου.
1508 1832 1691 1886 Ταῦτα
1718 1834 1816 1886 αὺ-
1850 1820 1888 1872 Β

230 1912 327 1966 τοῦ
383 1915 479 1969 καὶ
526 1916 741 1990 νύκτωρ
794 1918 1150 1989 ἐγκαθέζεται
1178 1926 1243 1995 τῇ
1290 1925 1512 1997 καρδίᾳ,
1555 1926 1650 1980 καὶ
1696 1927 1813 1998 μεθ’

228 2003 446 2077 ἡμέραν
471 2007 570 2072 τὰς
600 2011 810 2075 ἐννοίας
834 2014 1179 2085 κατείληφεν.
1226 2017 1350 2071 Ἐὰν
1374 2019 1474 2091 τὴν
1506 2020 1676 2093 θύραν
1707 2039 1814 2075 πα-

228 2096 420 2169 τάξῃς,
462 2101 492 2153 ὁ
532 2100 814 2173 χρεώστης
853 2104 959 2158 ὑπὸ
1011 2106 1109 2177 τὴν
1146 2106 1350 2179 κλίνην.
1398 2111 1650 2183 Σφοδρῶς
1698 2115 1813 2165 εἰσ-

228 2188 435 2261 έδραμέ
454 2209 561 2255 τις·
593 2193 688 2246 τοῦ
716 2194 774 2248 δὲ
800 2196 1068 2264 ἐπάταξεν
1100 2199 1211 2269 (49)
1242 2203 1274 2271 ἡ
1298 2203 1517 2273 καρδία.
1560 2204 1817 2259 Ὑλακτεῖ

228 2285 257 2336 ό
289 2281 526 2343 κύωνςὸ
561 2284 619 2338 δὲ
665 2285 848 2357 ἱδρῶτι
889 2293 1255 2361 περιρρεῖται,
1301 2293 1396 2347 καὶ
1441 2294 1652 2367 ἀγωνίᾳ
1691 2313 1812 2350 συν-

227 2373 446 2445 έχεται,
482 2377 580 2429 καὶ
612 2381 939 2448 περισκοπεῖ
976 2380 1140 2435 πόθεν
1183 2382 1352 2454 φύγῃ.
1391 2384 1559 2440 Ὅταν
1602 2388 1634 2456 ἡ
1682 2404 1815 2457 προ-

227 2464 430 2537 θεσμία
466 2468 737 2541 προσάγῃ,
774 2471 1012 2541 μεριμνᾷ
1050 2472 1103 2524 τί
1130 2469 1423 2541 ψεύσεται·
1470 2474 1631 2528 ποίαν
1672 2477 1812 2530 πλα-

227 2558 465 2629 σάμενος
507 2560 778 2630 πρόφασιν
816 2562 907 2615 τὸν
952 2563 1236 2635 δανειστὴν
1279 2565 1681 2636 διακρούσεται.
1726 2569 1812 2641 Μὴ

230 2650 393 2723 μόνον
424 2650 767 2721 λαμϐάνοντα
797 2652 1022 2707 σεαυτὸν
1054 2657 1244 2721 ἐννόει,
1271 2655 1406 2710 ἀλλὰ
1431 2658 1524 2711 καὶ
1549 2660 1814 2714 ἀπαιτού-

230 2758 413 2813 μενον.
457 2743 501 2795 Τ
507 2742 523 2795 ί
560 2743 843 2814 πολυτόκῳ
895 2743 1070 2817 θηρίῳ
1112 2746 1225 2816 (50)
1271 2749 1494 2801 σεαυτὸν
1541 2751 1814 2821 παραζευ-

228 2832 453 2902 nocte;
480 2834 618 2898 Τοὺς
640 2834 885 2903 λαγωούς
912 2853 1042 2905 φασι
1066 2838 1160 2891 καὶ
1183 2839 1389 2892 τίκτειν
1417 2840 1552 2910 ὁμοῦ
1581 2842 1675 2895 καὶ
1699 2842 1814 2913 τρέ-

228 2937 353 2990 φειν
403 2923 499 2975 καὶ
541 2924 974 2979 ἐπικυΐσκεσθαι.
1029 2927 1141 2981 Καὶ
1192 2933 1302 2991 τοῖς
1346 2930 1699 3000 τοκογλύφοις
1742 2932 1812 2987 τὰ

228 3012 490 3089 χρήματα
523 3014 658 3084 ὁμοῦ
691 3015 991 3080 δανείζεται
1019 3019 1111 3071 καὶ⁹
1136 3019 1249 3089 (5i)
1284 3023 1539 3089 γεννᾶται
1563 3023 1657 3076 καὶ
1683 3025 1814 3076 ὑπο-

228 3103 445 3173 φύεται.
475 3105 639 3161 Οῠπω
665 3107 776 3178 γὰρ
804 3109 970 3174 ἐδέξω
1007 3112 1089 3174 είς
1118 3115 1327 3184 χεῖρας,
1358 3116 1453 3166 καὶ
1478 3114 1571 3167 τοῦ
1608 3116 1811 3186 παρόν-

1922 564 2076 604 sume
2136 548 2343 603 faenore
2398 559 2700 619 argentum.
2753 550 2964 604 Etenim
3017 550 3062 606 si
3121 549 3357 619 locuples
3411 567 3496 618 es,

1924 640 2056 695 nihil
2102 641 2197 695 tibi
2249 641 2457 696 foenore
2503 655 2639 711 opus
2691 653 2773 696 est
2810 661 2824 698 :
2856 643 2900 696 si
2949 656 3078 697 vero
3124 641 3258 696 nihil
3306 642 3494 708 habes,

1922 746 2029 783 non
2075 730 2276 799 pendes
2323 745 2536 784 usuras.
2588 729 2704 785 Noli
2751 741 2896 785 tuam
2941 730 3110 800 ipsius
3149 731 3314 785 vitam
3358 746 3497 786 sera

1922 822 2256 892 poenitentia:
2321 822 2577 891 obiicere,
2656 821 2936 889 nequando
2986 821 3104 878 dies
3169 822 3260 891 qui
3317 821 3496 879 faenus

1922 923 2340 983 praecesserunt,
2392 912 2582 968 beatos
2648 912 2946 968 existimes.
3009 911 3124 968 Hoc
3188 928 3296 968 uno
3349 914 3492 968 divi-

1925 1007 2066 1062 tibus
2126 1019 2389 1076 pauperes
2459 1022 2557 1061 nos
2610 1013 2950 1077 praestamus,
3010 1020 3261 1060 curarum
3318 1006 3495 1062 vacui-

1925 1105 2054 1152 tate.
2084 1096 2206 1152 Illos
2242 1107 2352 1150 tum
2391 1096 2694 1167 vigilantes,
2722 1105 2833 1150 tum
2868 1096 3012 1151 curis
3043 1111 3257 1165 semper
3284 1097 3493 1153 disten-

1923 1197 2006 1244 tos
2034 1204 2098 1244 ac
2132 1187 2390 1244 sollicitos
2416 1188 2725 1244 deridemus
2752 1202 2873 1250 nos,
2906 1188 2998 1256 qui
3024 1190 3342 1253 dormimus,
3370 1189 3492 1259 qui-

1920 1296 2026 1351 que
2049 1279 2414 1336 sollicitudine
2443 1294 2720 1343 caremus,
2753 1293 2817 1332 ac
2848 1278 2999 1335 liberi
3022 1293 3228 1334 sumus.
3266 1277 3487 1334 Debitor

1926 1375 2114 1442 utique
2164 1383 2218 1428 et
2265 1386 2467 1443 pauper
2509 1380 2613 1433 est,
2643 1381 2699 1425 et
2737 1372 2884 1426 curis
2935 1370 3121 1427 multis
3159 1371 3486 1428 conficitur:

1922 1481 2109 1524 noctes
2135 1483 2198 1523 ac
2231 1469 2346 1523 dies
2385 1467 2532 1521 ducit
2562 1467 2858 1531 insomnes,
2891 1465 3036 1520 omni
3069 1474 3310 1535 tempore
3344 1465 3490 1534 cogi-

1922 1562 2123 1616 tatione
2164 1562 2391 1617 deﬁxus.
2444 1560 2610 1626 Nunc
2650 1558 2868 1628 quidem
2916 1559 3151 1613 aestimat
3199 1573 3287 1614 res
3327 1572 3488 1626 suas,

1920 1666 2063 1707 nunc
2091 1667 2218 1706 vero
2254 1653 2443 1707 domos
2482 1659 2847 1719 sumptuosas,
2877 1650 3105 1705 divitum
3138 1664 3315 1722 agros,
3351 1665 3488 1720 quo-

1922 1742 2173 1797 rumlibet
2197 1742 2251 1796 in
2294 1753 2643 1811 conspectum
2689 1741 3016 1795 venientium
3048 1749 3248 1807 vestes,
3279 1756 3408 1798 vasa
3435 1750 3491 1796 et

1921 1833 2306 1903 supellectilem
2349 1848 2536 1887 eorum
2578 1847 2608 1886 a
2654 1832 2852 1900 quibus
2895 1833 3145 1887 convivio
3198 1833 3485 1903 excipitur.

1921 1925 2048 1980 Haec
2081 1925 2126 1979 si
2165 1939 2280 1979 mea
2324 1934 2526 1988 essent,
2554 1925 2745 1993 inquit.
2785 1924 2915 1977 tanti
2957 1933 3011 1979 et
3065 1924 3199 1977 tanti
3233 1924 3491 1980 divende-

1922 2031 2058 2081 rem,
2089 2025 2252 2083 atque
2291 2014 2551 2071 liberarer
2579 2014 2805 2070 frenare.
2839 2016 3028 2069 lsthaec
3062 2026 3116 2069 et
3144 2027 3304 2072 noctu
3337 2015 3486 2071 cordi

1918 2109 2034 2179 ejus
2074 2109 2329 2174 inside-nt,
2361 2118 2416 2163 et
2463 2108 2694 2162 interdiu
2738 2107 2882 2162 illius
2921 2115 3483 2179 occupant—mentem.

1918 2176 2143 2255 Januam
2187 2200 2230 2253 si
2278 2199 2593 2269 pulsaveris,
2636 2198 2825 2267 irrepit
2863 2200 2962 2253 sub
3005 2198 3200 2253 lectum
3255 2176 3485 2254 debitor.

1926 2290 2190 2346 Velociter
2216 2291 2455 2345 accurrit
2484 2289 2630 2359 quis,
2655 2298 2704 2343 et
2741 2288 2885 2343 illius
2926 2304 3019 2343 cor
3049 2289 3291 2358 palpitat.
3322 2287 3489 2344 Canis

1918 2381 2119 2437 latrat?
2157 2383 2251 2436 llle
2289 2383 2484 2437 sudore
2514 2379 2726 2446 difﬂuit,
2768 2387 2822 2435 et
2858 2379 3132 2435 anxietate
3164 2379 3485 2450 corripitur;

1918 2488 2133 2543 quaque
2160 2474 2242 2527 via
2279 2472 2471 2542 fugiat,
2505 2471 2793 2542 conspicit.
2849 2469 2950 2526 Ubi
2992 2471 3106 2526 dies
3137 2470 3487 2540 praescriptus

1919 2567 2105 2629 instat,
2151 2565 2312 2619 anxie
2351 2578 2538 2619 secum
2593 2572 2807 2630 reputat
2840 2561 3111 2631 quodnam
3147 2560 3389 2616 dicturus
3418 2559 3488 2615 sit

1919 2655 2291 2719 mendacium,
2323 2664 2377 2710 et
2421 2670 2531 2724 quo
2593 2654 2826 2709 conﬁcto
2864 2662 3127 2723 praetextu
3167 2653 3489 2722 depulsurus

1923 2748 2077 2817 ιιι
2113 2763 2142 2801 a
2176 2762 2235 2801 se
2261 2746 2330 2802 sit
2360 2747 2711 2802 creditorem.
2738 2745 2854 2801 Non
2883 2756 3068 2802 autem
3104 2747 3278 2818 cogita
3313 2745 3488 2802 solum

1921 2850 1975 2895 te
2005 2840 2279 2908 accipere,
2316 2838 2408 2893 sed
2457 2837 2594 2903 fore,
2623 2848 2681 2893 ut
2724 2839 2887 2893 etiam
2924 2840 2977 2893 id
3008 2839 3148 2908 quod
3190 2839 3487 2909 acceperis,

1919 2944 1951 2983 a
1983 2939 2032 2984 te
2059 2929 2329 2997 exigatur.
2365 2926 2503 2995 Quid
2533 2939 2583 2981 te
2606 2928 2720 2997 ipse
2754 2928 2942 2983 bestiae
2968 2927 3363 2983 fecundissima:
3395 2929 3493 2983 ad-

1913 3020 2134 3092 iungis?
2167 3020 2403 3090 Lepores
2446 3019 2597 3074 aiunt
2639 3020 2799 3075 simul
2830 3028 2884 3076 et
2922 3034 3135 3088 parere,
3166 3029 3222 3075 et
3252 3021 3486 3085 nutrire,

1918 3121 1974 3165 et
2011 3109 2364 3179 superfetare.
2408 3110 2500 3165 Sic
2542 3110 2780 3180 pecuniae
2810 3109 3224 3167 faeneratoribus
3248 3109 3407 3164 simul
3435 3118 3525 3175 et.

227 3213 320 3262 τος
355 3198 522 3268 μηνὸς
553 3200 846 3273 ἁπῃτήθης
873 3202 971 3272 τὴν
1003 3182 1288 3273 ἐργασίαν.
1320 3206 1428 3259 Καὶ
1459 3206 1617 3261 τοῦτο
1654 3182 1808 3262 πάλιν

1921 3200 2115 3255 dantur
2142 3200 2208 3254 ad
2245 3198 2553 3269 pendendas
2583 3214 2798 3263 usuras,
2824 3209 2879 3254 et
2903 3199 3214 3271 gignuntur,
3238 3209 3291 3254 et
3313 3198 3487 3269 pullu-

227 3289 530 3355 δανεισθὲν,
574 3291 762 3364 ἕτερον
813 3294 980 3346 κακὸν
1026 3292 1305 3366 ἐξέθρεψε,
1346 3298 1566 3351 κάκεῖνο
1602 3298 1812 3370 ἕτερον,

228 3375 327 3433 καὶ
350 3375 412 3428 τὸ
454 3376 623 3430 κακὸν
660 3378 739 3441 είς
765 3378 1012 3449 ἄπειρον.
1051 3378 1151 3432 Διὰ
1188 3381 1478 3434 τούτουκαὶ
1517 3382 1618 3452 τῆς
1649 3401 1816 3454 προσ-

228 3471 458 3542 ηγορίας
484 3470 688 3542 ταύτης
727 3471 956 3542 ἠξίωται
1000 3471 1062 3525 τὸ
1103 3468 1242 3535 εἶδος
1284 3472 1445 3525 τοῦτο
1487 3473 1587 3543 τῆς
1628 3473 1816 3527 πλεον-

230 3561 401 3626 εξίας.
434 3562 604 3625 Τόκος
629 3561 760 3633 γὰρ,
791 3562 866 3625 ὼς
893 3557 1076 3632 οἶμαι,
1114 3561 1203 3615 διὰ
1228 3562 1326 3633 τὴν
1369 3563 1690 3633 πολυγονίαν
1718 3564 1813 3617 τοῦ

231 3657 405 3711 κακοῦ
433 3656 888 3729 προσηγόρευται.
920 3656 1092 3710 Πόθεν
1129 3656 1239 3726 γὰρ
1278 3656 1534 3723 ἄλλοθεν;
1574 3659 1644 3710 Ἢ
1674 3658 1814 3729 τάχα

206 3745 393 3809 ,τόκος
416 3728 631 3814 λέγεται
667 3746 754 3799 διὰ
776 3746 877 3809 τὰς
907 3746 1103 3810 ὠδῖνας
1132 3747 1228 3800 καὶ
1250 3746 1445 3810 λύπας,
1472 3747 1537 3811 ἃς
1568 3728 1812 3819 ἐμποιεῖν

232 3838 355 3901 ταῖς
404 3836 605 3908 ψυχαῖς
645 3836 753 3891 τῶν
794 3837 1197 3908 δανεισαμένων
1244 3838 1356 3908 (⁷52)
1397 3837 1661 3907 πέφυκεν.
1728 3841 1815 3904 Ὠς

230 3930 343 4002 γὰρ
392 3932 427 4002 ἡ
463 3931 591 3994 ὠδὶς
639 3932 708 4001 τῇ
751 3929 1032 4001 τικτούσῃ,
1070 3929 1244 3994 οὓτως
1304 3932 1338 4001 ἡ
1393 3930 1702 4001 προθεσμία
1737 3932 1815 4003 τῷ

231 4020 486 4093 ὕπόχρεῳ
515 4021 869 4093 παρίσταται.
902 4022 1072 4084 Τόκος
1112 4020 1205 4073 ἐπὶ
1233 4021 1398 4091 τόκῳ,
1428 4022 1681 4093 πονηρῶν
1723 4040 1819 4091 γο-

232 4112 371 4167 νέων
425 4113 661 4184 πονηρὸν
708 4112 950 4181 ἔκγονον.
998 4112 1184 4165 Ταῦτα
1223 4110 1465 4181 λεγέσθω
1501 4113 1816 4182 γεννήματα

234 4203 478 4275 ἐχιδνῶν,
524 4205 595 4258 τὰ
638 4204 748 4258 τῶν
790 4206 966 4259 τόκων
1020 4205 1409 4275 ἀποκυήματα.
1461 4205 1572 4268 Τὰς
1602 4206 1814 4276 ἐχίδνας

232 4296 451 4365 λέγουσι
489 4298 589 4368 τὴν
628 4298 874 4370 γαστέρα
932 4298 1033 4368 τῆς
1077 4297 1283 4369 μητρὸς
1340 4295 1680 4375 διεσθιούσας
1727 4298 1812 4351 τί·

233 4387 480 4442 κτεσθαι.
523 4390 633 4442 Καὶ
664 4390 715 4442 oi
758 4390 906 4443 τόκοι
931 4390 1058 4453 τοὺς
1108 4390 1288 4452 οἴκους
1336 4387 1447 4441 τῶν
1491 4387 1813 4457 ὀφειλόντων

232 4479 565 4549 ἐκφαγόντες
593 4482 1018 4550 ἀπογεννῶνται.
1045 4481 1126 4535 Τὰ
1159 4481 1450 4551 σπέρματα
1481 4481 1658 4551 χρόνῳ
1683 4479 1813 4549 φύε-

230 4588 354 4648 ται,
389 4573 484 4626 καὶ
515 4573 584 4626 τὰ
624 4572 742 4637 ζῶα
787 4575 964 4645 χρόνῳ
1014 4573 1452 4644 τελεσφορεῖται·
1496 4573 1526 4625 ό
1557 4571 1614 4625 δέ
1655 4572 1812 4636 τόκος

306 4790 420 4863 (ῥ’ἵ)
446 4791 581 4862 Reg.
608 4793 801 4848 tertius
829 4793 921 4847 ἐπί
956 4809 1055 4863 pro
1088 4792 1187 4848 ἐνί.
1220 4791 1342 4846 Mox
1374 4791 1529 4849 Colb.
1572 4801 1802 4863 quartus

231 4870 289 4918 et
320 4861 661 4936 Reg._sexttls
684 4861 981 4936 ἀνιέμενοι.

306 4932 423 5003 (48)
452 4932 546 4988 Sic
571 4933 704 4999 Reg.
739 4931 928 4990 scitus
945 4946 999 4989 et
1032 4934 1185 4992 Colb.
1215 4934 1483 5003 septimus
1511 4946 1633 4987 cum
1664 4931 1809 4988 Oliv.

232 4998 380 5056 Editi
406 4998 527 5056 cum
563 4998 746 5057 multis
770 5022 905 5059 mss.
949 4998 1476 5061 ἐσθιόντων.Ῥιιιιιο
1512 5013 1635 5071 post
1673 5019 1807 5060 mss.

232 5086 355 5150 non
370 5073 527 5150 pauci
557 5075 807 5150 πατάξῃς
835 5076 881 5130 ὁ.
919 5075 1058 5150 Editi
1088 5091 1218 5150 vero
1248 5074 1461 5145 πατάξῃ
1496 5090 1599 5150 τις.

306 5143 422 5211 (49)
452 5143 605 5198 Hunc
646 5142 823 5199 locum
852 5147 1247 5201 emendandum
1275 5160 1397 5201 esse
1413 5142 1624 5199 censuit
1645 5142 1807 5199 Com-

231 5212 478 5287 belisius,
536 5215 1292 5287 scribendumqttenémdqce
1333 5229 1429 5284 pro
1482 5212 1796 5287 éjgdtaEsz

234 5284 331 5336 sed
363 5282 480 5347 eius
517 5286 882 5340 emendationi
910 5282 1100 5340 nullus
1151 5282 1254 5341 ms.
1289 5282 1455 5340 favet.
1505 5283 1626 5338 Mox
1677 5285 1805 5339 Col-

233 5352 570 5427 bertiniAduo
595 5357 791 5427 ρεἴται.
823 5354 1063 5411 Subinde
1112 5355 1245 5427 Reg.
1292 5354 1561 5412 secundus
1600 5353 1806 5426 ψεύση-

230 5438 393 5497 ται...
405 5492 415 5497 _
431 5422 839 5497 διακρούσηται.

308 5492 590 5566 (50)_Editi
641 5492 909 5550 et'nostri
957 5511 1088 5550 mss.
1120 5494 1444 5566 πολυπλόκῳ
1474 5492 1668 5566 θηρίῳ.
1696 5492 1801 5549 Sed

232 5572 383 5633 recte
416 5564 683 5633 judicavit
723 5566 808 5619 vir
846 5566 1199 5621 doctissimus
1246 5564 1475 5620 Ducteus
1517 5564 1798 5633 Anglicam

233 5631 518 5705 lectionem
550 5633 835 5705 πολυτόκῳ
886 5635 1147 5705 aptiorem
1195 5651 1337 5696 esse.
1379 5631 1643 5703 longeque
1675 5633 1800 5688 huic

234 5701 354 5774 ioco
380 5701 949 5761 accommodatiorem.
984 5706 1058 5759 lta
1090 5707 1232 5761 enim
1265 5701 1565 5774 legendum
1588 5718 1710 5759 esse
1743 5714 1799 5759 et

234 5772 353 5844 ipsa
384 5788 563 5830 usura:
591 5777 764 5843 notio,
790 5784 846 5831 et
873 5775 1177 5846 exemplum
1195 5772 1392 5846 leporis
1421 5790 1451 5831 a
1489 5774 1686 5831 Basilio
1720 5774 1797 5829 al-

1916 3291 2049 3346 lant.
2088 3289 2337 3344 Nondum
2386 3289 2531 3344 enim
2572 3290 2624 3344 in
2674 3307 2866 3346 manus
2903 3291 3180 3360 accepisti,
3214 3300 3270 3345 et
3307 3301 3484 3344 tamen

1915 3383 2199 3451 praesentis
2227 3382 2426 3437 mensis
2454 3381 2663 3437 lucrum
2688 3393 3018 3450 quaestumve
3038 3401 3068 3437 a
3098 3393 3150 3438 te
3169 3393 3485 3453 exposcunt.

1917 3473 1982 3528 Et
2031 3475 2143 3528 haec
2188 3477 2415 3544 pecunia
2463 3491 2654 3531 rursus
2699 3475 2910 3531 ftenore
2958 3486 3241 3546 occupata,
3288 3476 3487 3530 malum

1916 3566 2145 3621 alterum
2177 3567 2333 3632 aluit,
2365 3575 2420 3621 et
2458 3567 2586 3623 illud
2624 3567 2874 3632 alterum,
2903 3578 3064 3637 atque
3090 3569 3169 3623 sic
3203 3567 3399 3621 malum
3434 3568 3487 3622 in

1916 3658 2209 3714 infinitum.
2253 3660 2616 3727 Quamobrem
2654 3661 2754 3717 hoc
2799 3661 3043 3715 avaritia:
3081 3674 3252 3730 genus
3298 3675 3363 3714 eo
3391 3676 3487 3713 no-

1915 3750 2061 3804 mine
2086 3749 2408 3818 appellatur.
2440 3750 2674 3814 Etenim,
2699 3752 2910 3819 opinor,
2939 3751 3118 3816 τόκος,
3160 3751 3210 3805 id
3250 3759 3333 3804 est
3363 3765 3487 3819 par-

1918 3848 2025 3905 tus,
2076 3838 2146 3893 ob
2209 3838 2481 3908 ingentem
2536 3838 2660 3893 mali
2719 3838 3104 3894 fecunditatem
3156 3840 3484 3893 nominatur.

1917 3928 2070 3984 Unde
2098 3929 2242 3983 enim
2272 3929 2526 3984 aliunde?
2564 3932 2672 3984 Aut
2714 3931 2851 3985 forte
2899 3930 3080 3996 τόκος,
3115 3930 3217 3985 hoc
3247 3938 3331 3984 est
3360 3944 3487 4000 par-

1916 4028 2028 4089 tus,
2063 4021 2261 4075 dicitur
2300 4021 2369 4075 ob
2408 4019 2625 4076 dolores
2671 4036 2735 4076 ac
2778 4021 3076 4084 molestias,
3111 4035 3246 4089 quas
3287 4019 3485 4073 animis

1915 4126 2101 4165 eorum
2123 4111 2213 4180 qui
2242 4108 2453 4166 fmnore
2479 4121 2823 4182 acceperunt,
2857 4111 2992 4168 solet
3012 4126 3217 4165 creare.
3248 4108 3315 4165 Ut
3339 4112 3482 4163 enim

1916 4201 2262 4273 puerperium
2312 4203 2591 4272 pariturae,
2625 4204 2697 4257 ita
2735 4203 2851 4258 dies
2898 4204 3097 4257 indicta
3133 4203 3362 4258 debitori
3399 4202 3481 4255 in-

1915 4304 2041 4349 stat.
2095 4292 2295 4347 Faenus
2333 4293 2528 4349 ftenori
2575 4295 2836 4358 additum,
2884 4308 3168 4365 parentum
3221 4294 3482 4347 malorum

1916 4386 2056 4442 mala
2098 4395 2183 4440 est
2222 4386 2457 4442 soboles.
2500 4387 2561 4441 Hi
2609 4389 2698 4442 isti
2737 4403 3022 4442 usurarum
3058 4387 3198 4441 fetus
3234 4388 3487 4441 dicantur

1913 4496 2033 4536 esse
2069 4480 2353 4549 progenies
2392 4481 2717 4548 viperarum.
2768 4480 2936 4535 Aiunt
2968 4481 3203 4550 viperas,
3240 4481 3364 4535 dum
3407 4480 3487 4548 gi-

1843 4553 1887 4608 Ῑ)
1915 4580 2171 4643 gnuntur,
2203 4581 2448 4627 ventrem
2476 4574 2975 4628 matris-corrodere
3000 4593 3015 4630 :
3047 4572 3224 4628 fteuus
3245 4587 3482 4643 quoque,
3510 4640 3513 4643 γ

1909 4791 2073 4845 latum
2102 4807 2205 4845 non
2241 4792 2473 4845 obscure
2501 4791 2814 4847 ostendunt.
2847 4789 2958 4846 Nec
2983 4792 3142 4845 aliter
3173 4790 3369 4858 legisse
3404 4791 3486 4844 vi-

1908 4864 2077 4929 detur
2097 4863 2391 4929 interpres,
2419 4863 2508 4929 qui
2539 4864 2763 4915 verterit
2798 4879 2810 4915 :
2842 4862 3071 4929 fecunda
3097 4862 3280 4914 bestia.

1981 4928 2093 5002 (51)
2126 4928 2268 4986 Ε(ιίιῖ
2290 4940 2353 5002 νει
2386 4928 2535 5002 multi
2560 4947 2689 5002 mss.
2718 4931 2789 4984 τὰ
2805 4931 3211 5002 χρήματαόμοῦ
3244 4930 3485 4996 δανείζε-

1905 5001 2128 5066 ταικαὶ,
2146 5010 2254 5057 etc.
2277 5001 2380 5056 Sed
2398 5001 2520 5072 illa,
2551 5001 2686 5072 ὁμοῦ
2702 5001 3026 5066 δανείζεται,
3044 5005 3236 5072 desunt
3265 5004 3485 5055 omnino

1904 5072 1960 5127 in
2009 5072 2141 5141 Reg.
2175 5073 2354 5126 tertio.
2390 5071 2760 5142 Reperiuntur
2794 5073 3013 5142 quidem
3046 5072 3098 5124 in
3143 5071 3273 5138 Reg.
3306 5082 3480 5136 sexto,

1904 5144 1997 5196 sed
2042 5140 2277 5196 secunda
2324 5156 2485 5195 manu
2528 5140 2829 5199 duntaxat:
2873 5142 3148 5211 Leguntur
3202 5142 3387 5196 itidem
3430 5143 3481 5194 in

1903 5210 2039 5280 Reg.
2058 5213 2334 5275 .secundo,
2360 5213 2456 5265 sed
2482 5211 2654 5265 variis
2688 5212 2905 5280 punctis
2955 5210 3138 5265 notata
3166 5221 3291 5265 sunt
3328 5224 3344 5263 :
3377 5227 3482 5279 qua

1900 5290 2225 5351 punctorum
2246 5280 2551 5348 adiectione
2584 5282 2840 5336 indicavit
2863 5281 3138 5343 librarius,
3165 5282 3408 5349 quisquis
3437 5296 3483 5334 ts

1905 5362 2008 5416 est,
2035 5366 2129 5404 eas
2163 5364 2324 5405 voces
2353 5351 2613 5406 delendas
2638 5365 2781 5405 esse.
2819 5352 2996 5417 Quare
3022 5353 3064 5404 si
3106 5353 3229 5419 quis
3259 5353 3355 5403 has
3387 5364 3484 5403 cx-

1901 5421 2314 5502 pun_gere_velit,
2349 5436 2443 5501 per
2468 5437 2565 5502 nos
2607 5422 2753 5502 licet,
2780 5422 3165 5502 eoquemagis,
3194 5420 3344 5502 quod
3366 5421 3483 5474 haec

1901 5494 2064 5546 verba
2098 5491 2167 5545 ad
2198 5492 2482 5545 sententiae
2508 5492 2878 5561 integritatem
2899 5492 3029 5544 nihil
3057 5490 3235 5546 facere
3260 5490 3482 5544 videan-

1893 5567 2000 5615 tur.
3244 5585 3249 5591 ·

1968 5630 2082 5701 (52)
2118 5628 2270 5701 Colb.
2304 5639 2534 5701 quartus
2554 5630 2756 5701 ψυχαῖς
2778 5631 2886 5684 τῶν
2914 5629 3329 5701 δανειζομένων.
3359 5627 3475 5701 Mor

1896 5699 2027 5770 Reg.
2058 5700 2333 5773 secundus
2359 5699 3000 5773 ὑπόχρεῳκαθίσταται.
3045 5699 3290 5756 Subinde
3323 5699 3472 5752 inulti

1895 5787 2022 5828 mss.
2055 5769 2294 5839 ἔγγονον.
