3818 6220
395 344 504 400 275

1729 357 1784 412 S.
1833 355 2073 411 BASILII
2115 355 2327 410 MAGNI
3569 355 3668 407 276

393 461 564 512 erosis
602 474 664 514 ae
707 463 1041 531 consumptis
1082 463 1385 520 debitorum
1427 468 1651 534 azdibus,
1706 473 1964 524 nascitur.

2082 471 2311 540 τήμερον
2341 469 2616 536 γεννᾶται,
2647 468 2741 521 καὶ
2773 469 3011 540 σήμερον
3033 468 3127 522 τοῦ
3160 468 3363 520 τίκτειν
3395 469 3665 539 ἄρχεται.

395 550 615 606 Semina
647 556 902 620 temporis
932 571 1221 624 progressu
1274 560 1601 626 germinant,
1630 570 1681 614 et
1717 563 1968 616 animalia

394 650 639 710 tempore
698 647 1000 712 prtestituto
1046 649 1188 702 fetus
1232 653 1400 703 edunt
1443 667 1608 706 suos:
1642 669 1800 708 usura
1845 671 1971 709 vero

398 733 558 787 hodie
584 744 898 802 generatur,
940 747 995 792 et
1027 739 1186 793 hodie
1225 756 1416 808 parere
1457 743 1662 813 incipit.
1693 745 1820 811 Quae
1849 748 1970 800 ani-

400 824 559 877 malia
605 826 714 878 cito
767 828 1006 894 pariunt,
1056 842 1117 882 ea
1177 846 1205 883 a
1248 841 1402 898 parttt
1436 834 1546 887 cito
1580 837 1888 892 desistunt:
1918 846 1972 892 at

399 910 641 978 pecunia:
663 911 891 966 celerem
924 930 1210 971 usurarum
1246 922 1508 987 originem
1535 934 1856 990 consecutae,
1888 927 1970 980 itt-

401 1001 606 1054 linitam
661 1005 1033 1060 accessionem
1087 1011 1258 1077 magis
1310 1026 1373 1064 ac
1407 1015 1577 1081 magis
1632 1027 1968 1071 crescentem

399 1093 722 1161 suscipiunt.
763 1095 1032 1166 Quidquid
1077 1101 1291 1165 crescit,
1331 1103 1417 1155 ubi
1454 1104 1519 1155 ad
1554 1107 1820 1172 propriam
1853 1122 1970 1160 ma-

401 1183 738 1249 gnitudinem
787 1191 1135 1255 pervenerit,
1184 1191 1384 1247 desinit
1427 1197 1611 1262 augeri
1648 1211 1972 1252 :avarorum

403 1291 533 1330 vero
563 1289 842 1348 argentum
897 1282 1041 1336 omni
1092 1292 1332 1354 tempore
1375 1288 1631 1357 augescit.
1683 1289 1969 1356 Animalia,

411 1369 497 1422 ubi
527 1384 634 1424 sua:
664 1373 831 1427 soboli
861 1375 965 1428 vim
1002 1375 1411 1444 impertiverunt
1439 1380 1700 1447 pariendi,
1725 1397 1974 1450 superse-

409 1463 540 1517 dent
568 1466 930 1533 prazgnatione
961 1482 973 1517 :
999 1478 1053 1521 at
1096 1468 1481 1524 fmneratorum
1519 1473 1758 1540 pecunia:
1787 1482 1839 1526 et
1875 1474 1972 1526 ad-

405 1569 691 1612 naseentes
732 1561 966 1628 pariunt,
1015 1572 1070 1615 et
1110 1573 1322 1617 veteres
1400 1576 1747 1619 renovantur.
1800 1563 1878 1620 Ne
1918 1576 1973 1620 tu

404 1657 731 1716 portentosae
763 1650 920 1718 hujus
953 1652 1138 1705 bestia:
1171 1654 1469 1721 perieulum
1511 1654 1726 1709 feceris.

474 1741 528 1795 4.
569 1741 762 1797 Lilicre
789 1745 938 1798 vides
975 1745 1164 1799 solem.
1202 1746 1340 1812 Quid
1373 1749 1466 1801 tibi
1510 1749 1624 1816 ipse
1665 1749 1970 1803 libertatem

405 1834 528 1887 vitae
561 1835 810 1888 invides?
843 1835 988 1904 Pngil
1043 1839 1220 1891 nullus
1259 1854 1411 1906 mque
1459 1840 1754 1893 adversarii
1789 1840 1970 1909 plagas

407 1926 744 1996 siibterlugit,
783 1943 846 1981 ac
880 1927 1092 1982 debitor
1124 1931 1412 1984 creditoris
1451 1945 1754 1997 occursum,
1788 1932 1968 1986 occul-

406 2029 516 2073 tato
556 2034 692 2086 pone
735 2019 1015 2074 columnas
1053 2035 1116 2074 ae
1165 2036 1350 2075 muros
1400 2021 1592 2090 capite.
1647 2022 1734 2087 At,
1767 2023 1965 2090 inquis,

401 2116 672 2182 quomodo
702 2116 948 2168 nutriar?
980 2116 1160 2170 Manus
1193 2117 1380 2180 babes,
1416 2117 1583 2172 habes
1627 2127 1829 2182 artem;
1856 2118 1971 2171 lnt‘a

404 2219 625 2272 operam
679 2215 822 2258 tuam
881 2205 1013 2259 lucri
1059 2208 1267 2273 gratia,
1316 2208 1559 2261 n'tinistra
1591 2226 1603 2261 :
1633 2210 1796 2261 multa
1849 2218 1972 2263 sunt

406 2299 630 2365 parandi
673 2299 847 2353 victus
875 2299 1118 2364 consilia,
1150 2301 1465 2354 occasiones
1494 2300 1696 2354 multae.
1739 2299 1866 2354 ldne
1900 2301 1974 2354 fa-

405 2406 531 2444 cere
559 2406 662 2443 non
706 2391 896 2458 potes?
927 2390 1052 2445 Pete
1087 2406 1114 2442 a
1155 2391 1571 2459 possidentibus.
1603 2396 1684 2444 An
1718 2400 1868 2460 turpe
1893 2401 1974 2445 est

406 2481 709 2550 postulare?
738 2481 971 2550 Turpius
1020 2484 1204 2550 utique
1249 2483 1410 2535 fuerit
1473 2482 1794 2536 creditorem
1835 2483 1973 2537 datis

408 2572 602 2626 [ωηοτί
637 2572 877 2640 pecuniis
902 2572 1237 2627 defraudare.
1268 2572 1380 2626 Non
1421 2574 1533 2627 ha'c
1564 2574 1683 2627 dico
1711 2573 1971 2642 proferto,

406 2662 578 2730 legem
608 2673 664 2715 ιιι
694 2663 883 2725 feram,
921 2663 1015 2716 sed
1069 2671 1127 2714 ut
1176 2663 1476 2726 ostendam,
1503 2663 1683 2715 omnia
1720 2663 1809 2716 tibi
1845 2665 1974 2717 tole-

406 2752 656 2806 rabiliora
684 2765 821 2815 esse,
852 2768 1009 2819 quam
1046 2762 1324 2820 argentum
1352 2751 1556 2806 [tenore
1577 2767 1811 2806 sumere.
1843 2753 1974 2807 For-

406 2844 544 2897 mica
585 2843 685 2897 etsi
736 2858 910 2911 neque
945 2843 1236 2904 mendicat,
1279 2858 1450 2911 neque
1485 2859 1734 2898 nummos
1767 2844 1974 2900 fwnore

407 2933 630 3001 accipit,
665 2941 840 3000 potest
884 2941 1060 2985 tamen
1113 2933 1305 2985 nutriri
1336 2949 1347 2983 :
1377 2934 1494 3002 apis
1529 2934 1712 2987 itidem
1759 2934 1974 3002 regibus

408 3025 637 3092 largitur
668 3024 909 3077 alimenti
958 3025 1038 3077 sui
1075 3024 1328 3092 reliquias
1361 3039 1374 3076 :
1407 3024 1605 3094 quibus
1646 3035 1823 3079 tamen
1875 3041 1974 3079 nec

408 3132 618 3178 manus,
663 3133 763 3169 nec
802 3127 948 3168 artes
992 3118 1260 3169 concessit
1295 3128 1507 3169 natura.
1554 3115 1630 3169 Tu
1665 3132 1788 3170 vero
1820 3117 1973 3170 indu-

407 3208 599 3260 strium
633 3206 832 3259 animal
869 3206 1054 3267 homo,
1103 3206 1241 3259 inter
1289 3218 1435 3259 artes
1457 3222 1645 3261 omnes
1695 3222 1852 3260 unam
1904 3209 1971 3261 ad

411 3297 814 3364 transigendam
847 3296 1010 3348 vitam
1044 3311 1147 3348 non
1175 3296 1448 3363 reperies?
1480 3296 1792 3364 Quanquam
1826 3297 1972 3349 vide-

409 3402 526 3440 mus
545 3401 648 3438 non
679 3385 1105 3438 necessatiorum
1133 3386 1342 3454 indiges
1364 3387 1429 3438 ad
1453 3386 1627 3439 lienus
1649 3386 1969 3456 confugere:

408 3492 582 3546 neque
614 3476 756 3528 enim
778 3487 898 3527 sunt
924 3475 1015 3543 qui
1043 3475 1120 3528 eis
1150 3477 1374 3527 credant
1403 3490 1416 3528 :
1447 3488 1502 3527 at
1523 3475 1729 3528 lmnore
1759 3485 1976 3530 sumunt

408 3567 690 3636 pecuniam
723 3567 987 3629 homines,
1026 3567 1114 3633 qui
1154 3566 1312 3633 112
1341 3582 1398 3620 se
1425 3567 1475 3618 in
1512 3567 1743 3622 laxiores
1768 3568 1974 3636 impen-

408 3677 499 3716 sas
531 3673 586 3715 et
619 3662 669 3714 in
705 3661 885 3713 luxum
922 3659 1164 3713 inutilem
1196 3658 1495 3720 eliundunt,
1537 3660 1570 3711 ii
1604 3659 1851 3712 videlicet
1883 3661 1972 3726 qui

409 3768 468 3807 se
495 3752 848 3806 muliebribus
870 3751 1232 3816 voluptatibus
1266 3751 1592 3818 mancipant.
1627 3748 1862 3818 lndigeo,
1890 3751 1974 3804 in-

411 3845 529 3914 quit
563 3845 675 3907 illa,
717 3845 909 3896 vestitu
947 3854 1281 3909 sumptuoso,
1316 3853 1370 3895 et
1399 3857 1576 3894 aureis
1603 3842 1742 3895 vasis
1771 3859 1783 3892 :
1817 3852 1977 3910 egent

410 3935 506 3988 lilii
545 3935 754 3989 decenti
797 3945 851 3986 et
899 3933 998 3987 sibi
1043 3932 1384 3986 convenienti
1414 3931 1850 3984 vestimentorum
1884 3946 1975 3984 or-

413 4036 666 4080 namento
694 4037 709 4076 :
742 4025 872 4093 quin
907 4026 1068 4078 etiam
1119 4024 1304 4076 [amuli
1335 4023 1543 4076 ﬂoridis
1573 4032 1628 4075 et
1659 4023 1807 4076 vario
1831 4023 1978 4076 colo-

409 4131 471 4168 re
518 4113 787 4168 distinctis
837 4114 1074 4166 vestibns
1119 4121 1243 4164 sunt
1289 4111 1540 4165 induendi
1574 4112 1756 4166 :lauta
1793 4127 1974 4167 mensa

409 4204 735 4258 exstruenda
793 4214 894 4257 est.
953 4204 1053 4270 Qui
1106 4203 1231 4255 talia
1289 4203 1501 4257 mulieri
1577 4204 1871 4266 ministrat,
1907 4205 1974 4259 ad

412 4298 725 4365 trapezitam
762 4298 926 4362 venit,
953 4307 1006 4350 et
1038 4296 1347 4364 priusquam
1397 4305 1618 4363 accepta
1664 4306 1848 4351 utatur
1878 4312 1974 4367 pe-

409 4388 592 4452 cunia,
628 4387 789 4439 alium
822 4402 886 4439 ex
921 4387 1024 4439 alio
1057 4387 1331 4439 dominum
1370 4394 1559 4450 mutat,
1603 4397 1763 4456 atque
1805 4387 1977 4444 frene-

2073 562 2192 612 Τῶν
2217 559 2369 623 ζώων
2391 560 2456 612 τὰ
2478 561 2613 629 ταχὺ
2633 560 2882 612 τίκτοντα
2901 561 3035 629 ταχὺ
3058 559 3150 612 τοῦ
3173 561 3364 629 γεννᾷν
3386 560 3662 611 παύεται·

2071 649 2140 701 τὰ
2197 650 2253 701 δὲ
2303 649 2555 719 χρήματα
2576 689 2588 711 ,
2635 651 2853 718 ταχεῖαν
2903 649 3242 719 λαμϐάνοντα
3284 648 3380 702 τοῦ
3425 650 3662 701 πλεονα-

2073 741 2210 810 σμοῦ
2236 742 2345 812 (55)
2375 742 2473 811 τὴν
2497 740 2690 812 ἀρχὴν,
2726 741 3006 794 ἀτέλεστον
3034 741 3337 810 ἐπιδέχεται
3366 742 3480 810 τὴν
3502 743 3587 802 είς
3605 742 3662 792 τὸ

2072 832 2254 884 πλεῖον
2293 833 2629 904 προσθήκην.
2671 833 2790 886 Τῶν
2821 832 3196 903 αὐξανομένων
3225 833 3489 895 ἕκαστον,
3518 834 3661 884 ἐπειο

2071 924 2167 977 δὰν
2213 926 2348 995 πρὸς
2391 926 2449 979 τὸ
2485 928 2681 979 οἰκεῖον
2728 926 2990 995 ἀφίκηται
3037 924 3281 994 μέγεθος,
3331 925 3439 994 τῆς
3491 925 3658 994 asa-gf...

2074 1033 2210 1080 σεως
2241 1019 2491 1071 ἵσταται·
2540 1019 2616 1083 τὸ,
2649 1017 2704 1070 δέ
2746 1016 2853 1070 τῶν
2897 1016 3228 1069 πλεονεκτῶν
3271 1016 3553 1087 ἀργύριον

2075 1110 2251 1180 χρόνῳ
2303 1111 2464 1163 παντὶ
2501 1109 2964 1181 συμπαραύξεται.
3018 1108 3097 1161 Τὰ
3150 1107 3280 1172 ζῶα,
3334 1108 3656 1177 παραδόντα

2074 1204 2184 1264 τοῖς
2213 1202 2454 1269 ἐγγόνοις
2476 1202 2536 1254 τὸ
2566 1203 2786 1264 τίκτειν,
2824 1202 2962 1256 αὑτὰ
2994 1205 3093 1272 τῆς
3118 1203 3363 1271 κυήσεως
3387 1200 3651 1252 παύεται·

2073 1291 2142 1343 τὰ
2187 1291 2243 1344 δὲ
2285 1291 2393 1344 τῶν
2433 1292 2724 1345 δανειστῶν
2758 1293 2993 1363 ἀργύρια
3044 1295 3138 1345 καὶ
3172 1292 3240 1344 τὰ
3286 1291 3654 1358 ἐπιγινόμενα

2073 1383 2279 1446 τίκτει,
2311 1387 2405 1437 καὶ
2443 1385 2510 1437 τὰ
2541 1386 2741 1455 ἀρχαῖα
2767 1385 2962 1448 νεάζει.
3004 1387 3094 1455 Μὴ
3142 1383 3203 1436 σύ
3233 1401 3295 1451 γε
3329 1385 3414 1446 εἰς
3451 1385 3654 1451 πεῖραν

2074 1475 2245 1537 ἔλθοις
2275 1476 2370 1528 τοῦ
2405 1475 2688 1528 ἀλλοκότου
2720 1475 2907 1528 τούτου
2940 1475 3149 1545 θηρίου.

2145 1749 2198 1802 4.
2251 1748 2560 1819 Ἐλεύθερον
2608 1747 2718 1817 (54)
2764 1749 2896 1818 ὁρᾷς
2951 1745 3042 1800 τὸν
3090 1746 3258 1816 ἥλιον.
3313 1744 3382 1798 Τί
3433 1745 3649 1814 φθονεῖς

2000 1825 2042 1884 Β
2075 1842 2283 1912 σεαυτῷ
2334 1842 2434 1912 τῆς
2481 1841 2791 1912 παρρησίας
2846 1839 2938 1893 τοῦ
2995 1840 3143 1909 βίου;
3200 1839 3392 1901 Οὐδεὶς
3429 1839 3644 1906 πύκτης

2072 1933 2210 1984 οὑτω
2237 1930 2337 1994 τὰς
2367 1931 2577 2001 πληγὰς
2607 1930 2699 1982 τοῦ
2734 1929 3133 1998 ἀνταγωνιστοιῖ
3164 1929 3484 1997 ὑποφεύγει,
3517 1928 3592 1989 ὡς
3618 1930 3644 1979 ό

2071 2025 2453 2092 δανεισάμενος
2479 2023 2572 2074 τοῦ
2603 2023 2837 2093 χρήστου
2875 2021 2986 2091 (55)
3023 2022 3120 2083 τὰς
3164 2021 3476 2089 συντυχίας,
3512 2020 3640 2089 πρὸς

2074 2115 2256 2176 κίονας
2297 2113 2392 2166 καὶ
2436 2111 2645 2182 τοίχους
2679 2112 3025 2175 ἀποσκιάζων
3074 2111 3170 2181 τὴν
3219 2111 3488 2180 κεφαλήν.
3524 2110 3640 2171 Πῶς

2072 2198 2164 2255 οὖν
2194 2201 2492 2270 διατραφῶ,
2523 2201 2685 2270 φησίν
2710 2217 2725 2265 ;
2761 2202 2942 2269 Ἔχεις
2971 2203 3192 2270 χεῖρας,
3235 2201 3379 2270 ἔχεις
3412 2200 3636 2270 τέχνην·

2076 2291 2391 2364 μισθαρνοῦ,
2427 2291 2693 2346 διακόνει·
2728 2290 2928 2342 πολλαὶ·
2949 2291 3179 2343 ἐπίνοιαι
3210 2290 3302 2342 τοῦ
3334 2291 3481 2359 βίου,
3515 2290 3634 2341 πολ-

2072 2384 2160 2436 λαὶ
2193 2382 2455 2454 ἀφορμαί.
2503 2382 2640 2434 Ἀλλ’
2670 2382 2943 2444 ἀδυνάτως
2974 2381 3149 2451 ἔχειςς
3181 2381 3465 2452 προσαίτει
3499 2379 3634 2449 παρά

2071 2475 2180 2528 τῶν
2208 2475 2579 2544 κεκτημένων.
2622 2475 2759 2527 Ἀλλ’
2783 2474 3006 2544 αἰσχρὸν
3036 2473 3096 2525 τὺ
3119 2475 3318 2536 αἰτεῖν;
3349 2472 3635 2542 Αἰσχρότε-

2075 2584 2166 2638 ρον
2203 2567 2299 2637 μὲν
2329 2563 2420 2620 οὑν
2454 2566 2514 2618 τὸ
2542 2565 2923 2636 δανεισάμενον
2955 2567 3291 2636 ἀποστερεῖν.
3319 2565 3399 2618 Οὑ
3429 2565 3634 2624 πάντως

2072 2660 2374 2730 νομοθετῶν
2416 2659 2585 2711 ταῦτα
2623 2659 2782 2725 λέγω,
2818 2657 2927 2710 ἀλλ’
2968 2657 3317 2720 ὑποδεικνὺς,
3345 2659 3432 2710 ὅτι
3468 2656 3632 2709 πάντα

2076 2769 2156 2804 σοι
2184 2750 2276 2803 τοῦ
2320 2749 2654 2812 δανείζεσθαι
2688 2749 3044 2820 φορητότερα.
3088 2750 3146 2800 '0
3179 2747 3405 2819 μύρμηξ
3439 2749 3534 2817 μὲν
3554 2746 3633 2798 δύ-

2074 2861 2251 2906 ναται,
2289 2845 2424 2912 μήτε
2459 2840 2786 2912 προσαιτῶν,
2826 2841 2959 2910 μήτε
2990 2837 3362 2910 δανειζόμενος
3383 2879 3400 2902 ,
3429 2837 3630 2908 διατρι-

2074 2934 2268 3003 φεσθαι
2288 2951 2301 2963 °
2339 2935 2430 2987 καὶ
2471 2933 2697 3003 μέλισσα
2731 2932 2798 2985 τὰ
2831 2932 3056 3000 λείψανα
3081 2932 3181 3001 τῆς
3203 2932 3413 2994 οἰκείας
3442 2929 3632 3001 τροφῆς

2075 3025 2350 3095 βασιλεῦσι
2378 3023 2658 3094 χαρίζεται
2680 3040 2691 3052 ·
2728 3017 2809 3086 οἷς
2849 3021 2970 3074 οὔτε
2998 3025 3206 3092 χεῖρας,
3241 3020 3364 3073 οὔτε
3389 3022 3575 3091 τέχνας
3598 3021 3626 3086 ἡ

2075 3115 2234 3184 φύσις
2269 3115 2498 3167 ἔδωκεν·
2552 3113 2614 3165 σὺ
2654 3112 2710 3164 δὲ
2745 3113 2802 3164 τὺ
2851 3113 3154 3182 εὐμήχανον
3196 3111 3331 3175 ζῶον
3371 3115 3403 3165 ὁ
3442 3111 3630 3182 ἀνθρω-

2075 3223 2173 3268 πος
2204 3205 2332 3274 μίαν
2363 3203 2468 3255 τῶν
2501 3201 2689 3254 πασῶν
2717 3203 2963 3271 μηχανὴν
2985 3203 3081 3271 οὐχ
3106 3202 3354 3272 εὑρήσεις
3385 3201 3522 3272 πρὸς
3543 3198 3628 3268 τὴν

2075 3297 2165 3349 τοῦ
2215 3296 2328 3365 βίου
2371 3296 2675 3366 διαγωγήν;
2729 3295 2920 3346 Καίτοι
2962 3294 3174 3364 ὁρῶμεν
3217 3295 3336 3363 οὐχὶ
3368 3289 3498 3357 τους
3534 3291 3628 3344 τῶν

2074 3383 2384 3450 ἀναγκαίων
2424 3382 2624 3445 ἐνδεεῖς
2665 3383 2992 3452 ἐρχομένους
3027 3385 3119 3435 ἐπὶ
3147 3383 3208 3436 τὸ
3239 3384 3451 3437 δάνειον
3485 3382 3625 3453 (οὐδὲ

2073 3472 2180 3542 γὰρ
2219 3472 2402 3542 ἔχουσι
2463 3475 2589 3535 τοὺς
2642 3473 3068 3544 πιστεύοντας),
3119 3475 3253 3528 ἀλλὰ
3308 3476 3625 3539 δανείζονται

2073 3566 2366 3636 ἄνθρωποι,
2430 3566 2695 3628 δαπάναις
2751 3567 3065 3636 ἀνειμέναις
3118 3569 3212 3622 καὶ
3274 3568 3625 3627 πολυτελείαις

2074 3658 2342 3727 ἀκάρποις
2392 3657 2615 3718 ἑαυτοὺς
2650 3656 2994 3720 ἐπιδιδόντες,
3034 3661 3081 3710 οἱ
3136 3660 3475 3727 γυναικείαις
3517 3657 3626 3727 ἡδυ-

2045 3750 2327 3814 ,παθείαις
2360 3748 2718 3810 δουλεύοντες.
2779 3748 2966 3818 Ἐμοὶ,
3003 3750 3186 3820 φησὶν,
3230 3749 3436 3818 ἐσθῆτα
3484 3747 3624 3802 πολυ-

2073 3841 2202 3910 τελῆ
2254 3842 2346 3893 καὶ
2380 3841 2607 3912 χρυσία,
2642 3843 2753 3903 τοῖς
2804 3840 3036 3903 παιδίοις
3067 3842 3268 3910 κόσμον
3316 3842 3498 3902 αὑτοῖς
3529 3836 3622 3906 (56)

2075 3931 2321 4003 εὑπρεπῆ
2351 3932 2457 3984 τῶν
2497 3931 2827 4000 ἐνδυμάτων,
2857 3930 2993 3982 ἀλλά
3022 3931 3117 3983 καὶ
3149 3933 3260 3994 τοῖς
3286 3930 3521 3991 οἰκέταις
3549 3929 3626 3979 ἀν-

2075 4023 2196 4076 θινὰ
2241 4024 2333 4076 καὶ
2367 4023 2582 4076 ποικίλα
2614 4023 2682 4075 τὰ
2728 4023 3083 4094 περιϐόλαια,
3119 4027 3182 4094 τῇ
3218 4024 3464 4094 τραπέζῃ
3495 4019 3623 4086 δαψί-

2074 4112 2241 4166 λειαν.
2309 4114 2366 4165 Ὁ
2413 4112 2481 4165 τὰ
2514 4113 2737 4166 τοιαῦτα
2787 4114 3114 4185 λειτουργῶν
3157 4115 3377 4182 γυναικὶ
3418 4114 3508 4166 ἐπὶ
3546 4111 3621 4161 τὸν

2074 4202 2402 4274 τραπεζίτην
2430 4204 2666 4277 ἔρχεται,
2698 4207 2793 4260 καὶ
2821 4207 2950 4277 πρὶν
2971 4207 3275 4277 χρήσασθαι
3301 4207 3413 4268 τοῖς
3437 4202 3622 4275 ληφθεῖ-

2078 4314 2160 4350 σιν
2183 4338 2196 4361 ,
2243 4297 2398 4351 ἄλλον
2446 4298 2505 4363 ἐξ
2560 4299 2718 4350 ἄλλου
2774 4298 3174 4369 μεταλαμϐάνει
3219 4297 3505 4367 δεσπότην,
3545 4295 3622 4346 καὶ

2079 4387 2453 4458 μετενδεσμῶν
2494 4387 2581 4439 ἀεὶ⁸
2623 4389 2746 4450 τοὺς
2770 4387 3105 4450 δανείζοντας
3126 4428 3140 4450 ,
3173 4390 3236 4457 τῇ
3279 4387 3523 4456 συνεχείᾳ
3543 4379 3618 4434 τοῦ

414 4489 627 4532 ratores
656 4478 790 4532 alios
840 4478 962 4530 aliis
998 4492 1208 4546 semper
1256 4477 1574 4546 adjungens,
1605 4481 1859 4533 continua
1889 4480 1974 4534 illa

2082 4477 2247 4532 κακοῦ
2284 4477 2473 4546 φεύγει
2499 4479 2598 4548 τῆς
2645 4479 2874 4549 ἀπορίας
2904 4478 2993 4530 τὸν
3024 4477 3262 4547 ἔλεγχον.
3309 4479 3418 4530 Καὶ
3463 4477 3619 4541 ὥσπερ

412 4572 536 4625 mali
565 4571 907 4625 successione
934 4578 1227 4636 egestatem
1262 4571 1408 4636 tegit.
1432 4569 1499 4621 Et
1527 4571 1973 4637 quemadmodum

413 4664 690 4734 hydropici
737 4663 976 4731 suspecti
1017 4671 1143 4714 sunt
1186 4660 1252 4714 de
1311 4660 1538 4729 plurima
1577 4660 1862 4727 obesitate,
1898 4664 1977 4717 sic

411 4767 466 4810 et
493 4755 594 4809 iste
618 4753 826 4808 videtur
851 4767 973 4808 esse
1000 4753 1170 4816 dives,
1197 4766 1408 4820 semper
1438 4751 1735 4820 accipiens,
1759 4763 1813 4806 et
1839 4767 1974 4807 sem-

488 4933 601 5002 (55)
637 4931 746 4984 Vox
783 4935 1123 5005 πλεονασμός
1149 4937 1202 4989 in
1230 4935 1403 4989 sacris
1437 4935 1659 4991 Litteris
1688 4937 1978 5005 significat,

418 5006 471 5057 id
512 5005 652 5071 quod
695 5015 889 5072 praeter
928 5018 1126 5058 sortem
1192 5007 1472 5072 accipitur.
1525 5007 1654 5060 Vide
1685 5022 1803 5072 cap.
1867 5020 1978 5058 χχιι

420 5073 739 5144 Ezechielis.
768 5071 896 5144 gMox
934 5073 1083 5143 Regii
1126 5071 1393 5128 secundus
1429 5084 1482 5129 et
1527 5087 1710 5130 sextus
1754 5071 1982 5144 αὐξομέ-

418 5161 542 5198 νων.
573 5141 712 5216 lnfra
755 5142 906 5216 Colb.
936 5141 1166 5216 octavus
1189 5145 1570 5216 ἐπιγενόμενα.
1601 5143 1801 5199 Ibidem
1833 5141 1982 5199 multi

419 5231 550 5285 mss.
583 5215 663 5285 είς
692 5215 887 5285 πεῖραν
921 5213 1099 5285 ἔλθῃς.

490 5283 763 5356 (54)ΑΕ‹Αιιιὶ
792 5294 846 5335 et
884 5282 1226 5356 mssfomnes
1257 5284 1552 5356 ἐλεύθερον.
1570 5282 1982 5356 Ξειιίιοεοηάυιυ

420 5352 541 5408 esSe
575 5352 858 5422 ἐλεύθερος
904 5364 1097 5419 putant
1133 5355 1231 5407 viri
1267 5352 1588 5416 doctiSSimi,
1622 5355 1891 5422 iidemque
1918 5355 1984 5406 de

421 5423 620 5476 Basilio
672 5436 858 5478 uestro
906 5425 1108 5486 Optime
1157 5426 1332 5477 meriti
1369 5424 1596 5477 Dircaeus
1633 5434 1685 5477 et
1719 5423 1984 5478 Combefi-

421 5494 532 5546 sius
555 5509 778 5557 quorum
833 5495 1110 5546 sententia:
1148 5503 1388 5546 nostrum
1442 5494 1705 5547 calculum
1749 5495 1979 5546 addere-

425 5578 541 5614 rnus
575 5564 713 5616 haud
741 5565 917 5625 inviti,
949 5563 992 5615 si
1027 5564 1106 5616 vel
1135 5578 1274 5615 unus
1313 5564 1561 5616 ms.huic
1590 5563 1802 5616 lectioni
1837 5563 1985 5614 fave-

425 5641 524 5685 ret.
555 5632 655 5683 Sed
675 5648 796 5685 cum
814 5634 988 5685 nullus
1009 5636 1056 5687 ei
1076 5633 1241 5686 codex
1271 5633 1614 5700 sulfragetur,
1637 5647 1818 5686 vocem
1845 5632 1987 5684 ἐλεύ·

425 5700 580 5768 θερον
637 5703 969 5752 retinendam
1017 5703 1232 5768 quidem
1270 5704 1600 5769 censuin'ttts,
1652 5704 1744 5757 sed
1784 5704 1877 5765 ila,
1930 5711 1986 5756 ut

429 5785 545 5826 eam
577 5770 957 5825 adverbialiter
989 5774 1422 5840 interpretemur.

2085 4569 2132 4619 οἱ
2179 4567 2496 4639 ὑδεριῶντες
2537 4570 2591 4621 ἐν
2626 4567 2848 4637 ὑπονοίᾳ
2882 4566 3248 4636 πολυσαρκίας
3296 4566 3459 4628 εἰσὶν,
3504 4563 3618 4642 οὕτω

2083 4661 2175 4712 καὶ
2207 4654 2358 4721 οὗτος
2384 4662 2440 4713 ἐν
2471 4660 2738 4729 φαντασία
2768 4661 3082 4730 περιουσίας
3109 4659 3362 4730 ὑπάρχει,
3404 4659 3490 4712 ἀεὶ
3509 4656 3618 4721 λαμο

2074 4738 2282 4816 6άνων,
2339 4750 2431 4803 καὶ
2465 4751 2551 4807 ἀεὶ
2597 4750 2792 4814 διδοὺς,
2837 4751 2930 4803 καὶ
2963 4753 3026 4803 ἐκ
3069 4749 3176 4803 τῶν
3221 4749 3489 4819 δευτέρων
3528 4745 3616 4797 δια-

2159 4935 2268 5005 (55)
2300 4934 2395 4989 Hie
2418 4935 2629 4989 variant
2659 4936 2787 4990 editi
2821 4943 2877 4989 et
2906 4949 3036 5005 mss.
3068 4935 3205 4989 inter
3234 4949 3313 4987 se.
3341 4933 3511 5005 Editio
3536 4929 3613 4982 Pa-

2088 5003 2184 5059 ris.
2222 5003 2276 5059 et
2323 5005 2487 5059 Coisl.
2524 5005 2644 5068 τοῦ,
2670 5003 2968 5058 δανειστοῦ.
3003 5005 3103 5057 Alii
3164 5020 3290 5059 mss.
3351 5003 3611 5072 χρεώστου,

2089 5076 2224 5128 alter
2251 5077 2533 5146 χρεόστου.
2566 5075 2715 5129 (Iolb.
2755 5086 2987 5146 quartus
3026 5073 3466 5146 λιίρηστοῦ.-Βιξςζ
3493 5084 3615 5146 quar-

2090 5155 2174 5198 tus
2207 5138 2435 5200 et'Colb.
2471 5147 2728 5213 septimus
2754 5138 2875 5198 eum
2909 5138 3144 5198 editione
3181 5143 3345 5196 Basil.
3374 5138 3469 5194 τοῦ
3509 5138 3614 5209 χρή·

2092 5231 2242 5269 στου.
2274 5215 2400 5270 Scio
2431 5216 2644 5281 quidem
2696 5216 2830 5269 nihil
2883 5216 2948 5267 ad
2987 5229 3209 5268 sensum
3259 5213 3485 5274 referre,
3520 5219 3612 5260 utro

2092 5287 2212 5350 quis
2237 5287 2399 5338 modo
2431 5285 2638 5351 legerit,
2689 5284 2966 5337 δανειστοῦ
2997 5301 3063 5336 an
3088 5285 3319 5354 χρήστου
3352 5299 3365 5312 ·
3391 5282 3615 5354 arbitror

2094 5364 2272 5425 tamen
2310 5355 2697 5425 legi_oportere
2740 5357 3000 5425 χρήστου,
3035 5351 3137 5408 nec
3179 5351 3361 5425 aliter
3391 5351 3609 5425 Basiliam

2091 5424 2392 5492 scripsisse.
2424 5422 2582 5486 Nam,
2613 5432 2668 5477 ιιι
2719 5422 2790 5477 οἱ
2826 5422 2984 5477 dictis
3011 5434 3180 5491 patet,
3216 5422 3363 5475 multi
3399 5438 3519 5476 mss.
3542 5423 3614 5492 aut

2089 5485 2216 5547 eam'
2241 5507 2426 5547 vocem
2455 5494 2615 5560 plane
2644 5495 2922 5555 exhibent,
2948 5485 3040 5547 aut
3056 5503 3205 5547 certe
3232 5493 3416 5557 aliam,
3442 5505 3545 5562 qua:
3563 5485 3611 5537 ab

2089 5563 2201 5632 ipsa
2234 5578 2335 5616 non
2375 5565 2445 5614 ita
2472 5565 2693 5616 multum
2725 5565 2945 5618 recedit.

2159 5633 2270 5702 (56)
2305 5633 2413 5686 Vox
2441 5633 2624 5693 αὐτοῖς
2662 5633 2813 5702 deest
2841 5634 2892 5685 in
2918 5632 3188 5702 plerisque
3211 5646 3336 5702 mss.
3376 5631 3492 5702 Mox
3518 5632 3611 5702 ecl!)

2091 5697 2220 5756 mss.
2253 5697 2378 5754 eum
2407 5702 2642 5754 editione
2675 5700 2837 5758 Basil.
2870 5697 2961 5756 καὶ
2987 5701 3204 5755 ποικίλα
3227 5700 3314 5756 τά.
3344 5701 3514 5756 Editio
3538 5697 3611 5750 Pa“

2094 5775 2183 5829 ris.
2222 5771 2467 5826 ποικιλτά
2502 5789 2561 5824 πε
2573 5772 2678 5838 ριὸ.
