3818 6220
213 349 326 401 277

1367 353 1644 410 HOMILIA
1665 355 1710 410 ll
1739 357 1807 413 ΙΝ
1841 357 2167 414 PSALMUM
2205 357 2345 412 XIV.

3359 351 3460 404 273

145 449 160 464 ’
219 467 363 518 λύων
415 465 529 538 (5'7)
580 467 649 521 τά
705 467 1004 536 φθάσαντα,
1047 467 1144 539 τὴν
1199 469 1334 540 πρὸς
1389 473 1448 526 τὸ
1499 473 1795 546 λαμϐάνειν

1903 493 2000 545 per
2031 479 2186 543 dans,
2223 485 2278 528 et
2305 489 2368 529 ex
2403 475 2794 543 posterioribus
2824 471 3002 538 priora
3041 468 3362 530 dissolvens,
3387 479 3466 522 at-

219 558 564 622 ἀξιοπιστίαν
598 561 662 610 ἐκ
687 559 787 628 τῆς
829 559 920 612 τοῦ
963 561 1134 614 κακοῦ
1171 564 1452 632 συνεχείας
1483 566 1796 636 περιποιού-

221 666 384 718 μενος
415 649 612 719 ἐαυτῷ.
657 647 788 703 Εἶτα
816 650 1003 720 ὥσπερ
1038 651 1130 703 ἐπ)⁵
1157 652 1256 720 τῆς
1286 652 1510 723 χολέρας
1540 659 1588 706 οἱ
1619 657 1679 706 τὸ
1709 653 1794 706 ἀεὶ

219 742 620 812 προϊστάμενον
667 743 958 813 ἐξερῶντες
1002 743 1149 814 (58),
1199 746 1293 797 καὶ
1341 745 1469 814 πρὶν
1519 744 1794 808 παντελῶς

221 833 560 904 καθαρθῆναι
589 833 842 904 δευτέραν
893 835 1096 906 τροφὴν
1125 835 1604 906 ἐπεμϐαλλόμενοι,
1636 835 1794 890 πάλιν

219 924 417 993 ἐμοῠσι
455 925 570 994 μετ’
615 925 804 998 ὀδύνης
833 927 924 979 καὶ
957 927 1315 998 σπαραγμῶν·
1357 926 1497 980 οὕτω
1527 927 1622 980 καὶ
1649 922 1794 980 οὗτοι

219 1015 416 1078 τόκους
459 1017 522 1068 ἐκ
549 1015 724 1070 τόκων
773 1017 1297 1088 μεταλαμϐάνοντες,
1339 1019 1433 1072 καὶ
1469 1019 1596 1089 πρὶν
1627 1019 1794 1071 ἐκκα-

220 1107 388 1179 θᾶραι
430 1109 499 1161 τὰ
551 1109 774 1179 πρῶτα,
807 1109 1056 1179 δεύτερον
1096 1111 1477 1178 ἐπεισάγοντες
1509 1112 1792 1181 δάνεισμα,

221 1200 420 1271 μικρὸν
459 1198 650 1270 χρόνον
682 1203 792 1262 τοῖς
835 1200 1134 1270 ἀλλοτρίοις
1169 1201 1606 1271 ἐναϐρυνόμενοι,
1637 1201 1795 1253 ὔστε-

221 1307 316 1362 ρον
351 1291 443 1342 καὶ
481 1289 550 1342 τὰ
580 1291 754 1343 οίκεῖα
780 1290 1073 1362 ὠδύραντο.
1109 1292 1172 1342 Ὢ
1213 1292 1408 1355 πόσους
1448 1291 1694 1346 ἀπώλεσε
1727 1292 1797 1346 τὰ

215 1381 476 1453 ἀλλότρια
501 1383 709 1450 ἀγαθάε
739 1383 898 1436 Πόσοι
925 1385 1055 1454 ὄναρ
1081 1383 1480 1454 πλουτήσαντες
1513 1386 1798 1456 ὑπεραπή-

215 1469 426 1524 λαυσαν
451 1471 552 1540 τῆς
580 1471 809 1542 ζημίαςί
855 1472 1014 1525 Ἀλλά
1047 1472 1249 1536 πολλοὶ,
1280 1461 1442 1544 ⁸φησὶ,
1487 1475 1579 1528 καὶ
1617 1479 1680 1528 ἐκ
1713 1475 1798 1528 δα-

217 1562 526 1630 νεισμάτων
559 1563 916 1634 ἐπλούτησαν.
953 1563 1176 1627 Πλείους
1209 1563 1286 1628 δὲ,
1321 1561 1495 1635 οἶμαι,
1531 1566 1626 1619 καὶ
1674 1566 1797 1637 βρό-

217 1668 334 1720 χων
377 1652 606 1722 ἥψαντο.
643 1653 716 1705 Σὺ
758 1653 814 1706 δὲ
844 1655 966 1716 τοὺς
997 1655 1094 1724 μὲν
1126 1653 1526 1724 πλουτήσαντας
1561 1656 1794 1726 βλέπεις,

215 1742 351 1804 τοὺς
397 1741 454 1794 δέ
492 1742 913 1812 ἀπαγξαμένους
957 1743 1056 1795 οὐκ
1103 1743 1390 1814 ἀριθμεῖς,
1437 1745 1506 1809 οἳ,
1563 1745 1658 1816 τὴν
1703 1747 1797 1798 ἐπὶ

223 1834 346 1896 ταῖς
393 1833 749 1904 ἀπαιτήσεσιν
805 1833 1064 1904 αἰσχύνην
1119 1835 1192 1906 μὴ
1243 1835 1496 1908 φέροντες
1530 1836 1660 1906 (59),
1706 1837 1796 1890 τὸν

219 1923 288 1976 δι’
329 1924 562 1994 ἀγχόνης
605 1925 831 1978 θάνατον
873 1926 967 1977 τοῦ
1015 1926 1390 1990 ἐπονειδίστως
1433 1925 1531 1998 ζῇν
1580 1929 1798 1998 προετί-

222 2031 426 2084 μησαν.
477 2011 628 2068 Εἶδον
663 2014 773 2082 ἐγὼ
819 2015 1050 2070 ἐλεεινὸν
1094 2017 1292 2088 θέαμα,
1337 2019 1530 2082 παῖδας
1581 2018 1794 2072 ἐλευθέ-

223 2122 352 2175 ρους
386 2105 526 2176 ὑπὲρ
571 2107 746 2176 χρεῶν
788 2107 1068 2176 πατρικῶν
1103 2108 1213 2179 (60)
1257 2109 1579 2180 ἑλκομένους
1628 2113 1708 2175 είς
1735 2113 1797 2164 τὸ

219 2199 542 2267 πρατήριον.
609 2198 722 2250 Οὐκ
777 2197 919 2268 ἔχεις
989 2200 1310 2254 καταλιπεῖν
1375 2203 1632 2274 χρήματα
1685 2205 1796 2266 τοῖς

223 2290 416 2356 παισί;
459 2290 532 2362 μὴ
580 2291 896 2362 προσαφέλῃ
925 2291 1020 2345 καὶ
1047 2293 1146 2364 τὴν
1179 2293 1475 2361 εὐγένειαν.
1510 2295 1605 2348 Ἐν
1641 2294 1796 2347 τοῦτο

222 2379 546 2450 διατήρησον
572 2381 754 2445 αὐτοῖς
788 2382 848 2434 τὸ
875 2383 1058 2454 κτῆμα
1085 2384 1185 2454 τῆς
1211 2383 1540 2454 ἐλευθερίας,
1563 2386 1661 2457 τήν
1693 2403 1798 2438 πα-

165 2539 182 2552 _
227 2471 617 2542 ρακαταθήκην
655 2473 720 2543 ἢν
754 2473 904 2541 παρὰ
941 2473 1048 2527 τῶν
1087 2475 1288 2544 γονέων
1328 2475 1652 2546 παρέλαϐες.
1693 2477 1796 2528 Οὑ-

219 2563 336 2624 δεὶς
367 2563 556 2616 πενίαν
586 2566 790 2635 πατρὸς
831 2565 1098 2636 ἐνεκλήθη
1141 2566 1303 2620 ποτέ’
1345 2565 1563 2638 ὄφλημα
1601 2567 1658 2618 δὲ
1688 2584 1794 2620 πα-

219 2651 397 2725 τρῷον
425 2656 504 2717 είς
544 2654 912 2728 δεσμωτήριον
961 2657 1104 2725 ἄγει.
1137 2658 1228 2726 Μὴ
1267 2659 1571 2729 καταλίπῃς
1617 2677 1797 2730 γραμ-

223 2748 445 2816 ματεῖον
503 2745 692 2818 ὥσπερ
726 2747 864 2818 ἀρὰν
894 2750 1164 2820 πατρικὴν
1195 2751 1274 2812 εἰς
1299 2749 1494 2813 παῖδας
1538 2750 1798 2804 καταϐαί-

221 2855 422 2892 νουσαν
449 2839 544 2893 καὶ
569 2839 824 2907 ἐγγόνους
851 2841 984 2912 (61).

295 3015 350 3072 5.
419 3017 690 3084 Ἀκούετε,
737 3021 786 3072 οἱ
831 3019 1106 3084 πλούσιοι,
1146 3023 1304 3074 ὁποῖα
1363 3022 1796 3094 συμϐουλεύομεν

215 3112 336 3171 τοῖς
373 3113 607 3179 πτωχοῖς
645 3110 732 3163 διά
775 3111 872 3182 τήν
916 3112 1187 3183 ὑμετέραν
1233 3113 1660 3184 ἀπανθρωπίαν·
1704 3115 1796 3182 ἐγ-

218 3203 510 3271 καρτερεῖν
554 3202 751 3270 μᾶλλον
782 3207 894 3266 τοῖς
927 3205 1138 3266 δεινοῖς,
1181 3206 1214 3276 ἢ
1247 3204 1345 3268 τὰς
1387 3208 1448 3258 ἐκ
1483 3205 1591 3258 τῶν
1619 3205 1792 3260 τόκων

221 3292 512 3362 συμφορὰς
539 3293 916 3363 ὑποδέχεσθαι.
949 3295 1010 3346 El
1045 3295 1100 3347 δὲ
1147 3295 1428 3348 ἐπείθεσθε
1463 3295 1540 3366 τῷ
1582 3299 1791 3368 Κυρίῳ,

215 3383 304 3444 τίς
338 3384 496 3452 χρεία
543 3382 651 3434 τῶν
681 3383 852 3451 λόγων
884 3384 1118 3448 τούτων;
1155 3385 1249 3448 Τίς
1291 3385 1347 3438 δέ
1396 3387 1542 3438 ἐστιν
1582 3389 1615 3456 ή
1654 3404 1793 3456 συμ-

217 3471 385 3543 6ουλὴ
422 3471 516 3524 τοῦ
557 3473 863 3540 Δεσπὸτου;
907 3474 1188 3539 Δανείζετε
1219 3475 1349 3546 παρ’
1395 3470 1470 3528 ὧν
1495 3477 1600 3530 οὐκ
1647 3477 1798 3530 ἐλπί-

220 3567 344 3630 ζετε
369 3565 682 3620 ἀπολαϐεῖν.
719 3567 830 3619 Καὶ
862 3569 1033 3631 ποῖον,
1067 3567 1221 3636 φησὶ,
1251 3566 1409 3620 τοῦτο
1437 3567 1720 3637 δάνεισμα,

218 3657 325 3725 τῆς
367 3656 672 3720 ἀποδόσεως
709 3657 820 3728 (62)
865 3657 1021 3720 ἐλπὶς
1062 3659 1122 3710 οὑ
1161 3657 1538 3722 συνέζευκταις
1585 3641 1795 3730 Νόησον

220 3751 324 3818 τὴν
366 3747 593 3817 δύναμιν
636 3747 730 3802 τοῦ
776 3748 963 3819 ῥητοῦ,
1006 3749 1100 3801 καὶ
1142 3747 1441 3819 θαυμάσεις
1473 3750 1571 3818 τήν
1605 3750 1793 3818 φιλαν-

221 3837 472 3908 θρωπίαν
503 3837 595 3891 τοῦ
617 3838 924 3909 νομοθέτου.
958 3840 1125 3892 Ὅταν
1153 3839 1354 3910 πτωχῷ
1391 3843 1650 3912 παρέχειν
1670 3843 1795 3913 μέλ-

219 3929 324 3998 λῃς
349 3927 437 3980 διὰ
463 3929 554 3980 τὸν
585 3929 811 4000 Κύριον,
849 3929 908 3981 τὸ
955 3931 1084 3982 αὐτὸ
1119 3932 1212 3982 καὶ
1245 3931 1415 4002 δῶρόν
1445 3935 1560 3984 ἐστι
1594 3935 1686 3986 καὶ
1713 3933 1798 3986 δά-

223 4036 457 4089 νεισμα’
484 4019 652 4090 δῶρον
687 4020 786 4090 μὲν
827 4020 913 4072 διὰ
953 4021 1052 4091 τὴν
1085 4021 1429 4076 ἀνελπιστίαν
1467 4025 1564 4088 τῆς
1597 4025 1798 4096 ἀπολή-

219 4111 389 4180 ψεως,
416 4111 678 4182 δάνεισμα
709 4113 766 4165 δὲ
795 4111 883 4166 διὰ
914 4111 1008 4183 τὴν
1047 4113 1456 4186 μεγαλοδωρεάν
1485 4115 1578 4167 τοῦ
1604 4116 1798 4169 Δεσπό-

219 4219 318 4254 του
351 4200 446 4254 τοῦ
481 4203 862 4266 ἀποτιννύντος
897 4203 1038 4274 ὑπὲρ
1070 4203 1254 4268 αὑτοῦ,
1296 4205 1374 4268 ὃς,
1419 4207 1590 4278 μικρά
1619 4207 1797 4260 λαϐὼν

221 4291 312 4344 διὰ
344 4293 440 4346 τοῦ
477 4294 729 4366 πένητος,
765 4295 974 4365 μεγάλα
1005 4296 1144 4366 ὑπὲρ
1184 4297 1359 4350 αὐτῶν
1400 4298 1687 4352 ἀποδώσει.
1736 4300 1798 4352 '0

223 4385 338 4456 γὰρ
377 4387 564 4440 ἐλεῶν
604 4389 842 4456 πτωχὸν
871 4387 982 4458 (6'5)
1027 4386 1274 4449 δανείζει
1323 4390 1463 4455 Θεῷ.
1504 4393 1575 4443 Οὐ
1620 4391 1794 4460 βούλει

1899 581 2005 632 que
2052 561 2164 630 jugi
2215 563 2341 615 mali
2376 564 2718 618 successione
2747 560 3058 628 requisitam
3096 559 3160 610 ad
3189 559 3464 626 accipien-

1897 655 2021 706 dum
2059 655 2214 707 ﬁdem
2242 653 2340 706 sibi
2373 653 2485 720 ipse
2535 665 2876 720 comparans.
2911 650 3109 704 Deinde
3137 651 3278 706 sicut
3312 651 3346 702 ii
3373 649 3462 716 qui

1895 745 2116 800 cholera
2149 745 2410 808 laborant,
2451 745 2499 796 id
2557 758 2769 812 semper
2819 744 2960 812 quod
3021 752 3146 796 ante
3189 752 3460 808 sumptum

1897 846 1980 891 est
2027 835 2272 906 ejiciunt,
2322 843 2378 888 et
2439 835 2886 904 quemadmodum
2935 835 2978 888 si
3027 843 3150 886 ante
3197 833 3460 901 integram

1897 928 2272 998 purgationem
2318 927 2496 982 cibum
2546 927 2770 980 alterum
2813 926 3052 994 capiunt,
3091 927 3231 978 hunc
3275 927 3480 980 rursus

1895 1036 2015 1076 cum
2068 1021 2272 1085 dolore,
2325 1029 2379 1073 et
2437 1035 2557 1072 cum
2612 1033 2902 1072 nervorum
2945 1017 3294 1072 cenvulsione
3333 1033 3462 1071 evo-

1895 1119 2052 1163 munt
2082 1129 2094 1164 :
2128 1111 2197 1163 ita
2225 1118 2280 1164 et
2311 1110 2364 1163 hi
2399 1109 2572 1161 {tenus
2603 1107 2808 1162 {tenore
2832 1117 3243 1170 commutantes,
3273 1115 3326 1161 et
3363 1123 3462 1162 au-

1898 1209 2115 1267 tequam
2147 1199 2357 1268 priores
2385 1213 2562 1251 usura:
2601 1208 2914 1267 purgentur,
2939 1197 3161 1250 alteram
3197 1197 3462 1266 adjicien-

1899 1298 2000 1351 tes,
2041 1301 2332 1356 parumper
2359 1286 2412 1340 in
2469 1286 2662 1340 alienis
2704 1285 2936 1352 gloriati,
2980 1295 3089 1337 tum
3133 1286 3342 1338 demum
3385 1283 3461 1338 rei

1895 1380 2056 1432 etiam
2085 1378 2370 1432 familiaris
2416 1379 2685 1448 jacturam
2743 1378 2948 1447 lugent.
2983 1375 3026 1430 Ο
3061 1385 3190 1443 quot
3219 1375 3463 1428 homines

1895 1469 2246 1536 perdiderunt
2276 1468 2451 1522 aliena
2487 1469 2657 1524 bona!
2705 1467 2846 1534 Quot
2881 1467 2932 1520 in
2970 1468 3173 1522 somnis
3206 1467 3384 1530 ditati,
3407 1467 3464 1520 in

1895 1577 2164 1616 aerumnas
2207 1571 2262 1616 et.
2311 1562 2648 1616 calamitates
2695 1559 2956 1614 maximas
3005 1559 3332 1614 inciderunt!
3369 1560 3464 1611 At-

1897 1653 2010 1722 qui,
2053 1653 2253 1722 inquis,
2305 1651 2456 1705 multi
2504 1653 2667 1704 etiam
2701 1649 2905 1704 {tenore
2935 1648 3060 1702 facti
3087 1647 3461 1703 suntdivites:

1897 1753 1952 1797 at
1981 1758 2109 1798 vero
2167 1743 2370 1811 plures,
2415 1743 2670 1805 arbitror,
2713 1743 2780 1794 ad
2813 1740 3034 1808 laqueos
3080 1747 3464 1808 pervenerunt.

1827 1819 1869 1873 Β
1899 1835 1976 1888 Tu
2005 1849 2167 1904 porro
2199 1835 2396 1888 ditatos
2427 1833 2642 1900 quidem
2675 1832 2921 1900 respicis,
2947 1829 3314 1896 strangulatos
3335 1843 3464 1884 vero

1897 1941 2003 1978 non
2037 1937 2307 1988 numeras,
2362 1923 2455 1991 qui
2489 1922 2786 1975 exactiouis
2829 1921 3064 1974 dedecus
3107 1920 3328 1973 minime
3377 1919 3460 1973 fe-

1897 2025 2097 2080 rentes,
2137 2015 2236 2070 sibi
2287 2021 2511 2067 mortem
2566 2012 2870 2064 maluerunt
2927 2011 3119 2079 laqueo
3166 2010 3458 2072 asciscere,

1897 2123 2057 2177 quam
2087 2107 2345 2177 probrose
2374 2106 2578 2158 vivere.
2613 2102 2728 2156 Vidi
2762 2117 2861 2172 ego
2903 2101 3207 2158 miserabile
3251 2111 3462 2170 specta-

1897 2199 2096 2264 culum,
2145 2199 2406 2268 ingenuos
2455 2212 2671 2266 pueros,
2725 2198 2842 2268 qui,
2892 2205 2948 2248 ut
3001 2195 3381 2258 venderentur,
3407 2196 3458 2247 in

1896 2289 2072 2346 forum
2114 2291 2183 2345 ob
2234 2291 2406 2360 patris
2456 2289 2632 2343 debita
2661 2288 3132 2357 pertrahebantur.
3159 2285 3272 2338 Non
3297 2287 3462 2338 habes

1895 2383 2177 2452 pecuniam
2209 2397 2370 2452 quam
2405 2380 2676 2450 relinquas
2701 2379 2864 2434 ﬁliis?
2902 2379 3043 2434 Cave
3077 2376 3459 2447 ingenuitatem

1895 2475 1973 2528 eis
2005 2473 2241 2528 auferas.
2293 2472 2468 2528 Unam
2528 2473 2666 2526 hanc
2715 2471 2845 2539 ipsis
2893 2485 3150 2525 conserva
3203 2469 3466 2524 libertatis

1895 2567 2310 2638 possessionem,
2349 2567 2654 2636 depositum
2705 2565 2854 2628 illud,
2891 2564 3038 2634 quod
3087 2579 3118 2616 a
3145 2561 3464 2632 parentibus

1897 2658 2173 2726 accepisti.
2201 2655 2415 2711 Nemini
2452 2671 2688 2725 unquam
2723 2655 2890 2724 patris
2917 2663 3206 2724 paupertas
3236 2655 3356 2708 data
3383 2661 3468 2706 est

1899 2751 2111 2805 crimini
2148 2767 2162 2803 :
2200 2760 2256 2804 at
2296 2758 2584 2819 paternum
2625 2748 2864 2802 debitum
2901 2748 2954 2801 in
2996 2761 3268 2801 carcerem
3300 2745 3464 2798 ducit.

1897 2843 1973 2898 Ne
2005 2843 2278 2912 relinquas
2331 2841 2692 2910 syngrapham
2733 2855 2828 2894 ceu
2877 2848 3160 2909 paternam
3207 2853 3464 2892 exsecra-

1897 2935 2096 2988 tionem
2132 2935 2183 2988 in
2218 2935 2356 2987 lilios
2385 2949 2448 2986 ac
2485 2943 2706 3001 nepotes
2747 2932 3186 2986 descendentem.

1964 3025 2018 3082 5.
2058 3025 2274 3089 Audite,
2303 3025 2519 3088 divites,
2542 3023 2700 3092 quale
2721 3023 3048 3092 pauperibus
3079 3022 3266 3076 demus
3287 3021 3464 3074 consi-

1895 3115 2022 3170 lium
2053 3116 2122 3170 ob
2149 3125 2378 3169 vestram
2403 3113 2878 3179 inhumanitatem,
2900 3124 3108 3178 nempe,
3131 3110 3466 3180 utgravissi-

1897 3222 1981 3260 ma
2011 3221 2236 3275 qumque
2264 3211 2575 3284 constanter
2603 3201 2778 3256 ferant
2813 3201 2992 3270 potius
3031 3215 3192 3268 quam
3239 3199 3462 3254 calami-

1896 3307 2034 3351 tates
2062 3311 2129 3351 ex
2159 3295 2366 3350 foenore
2388 3295 2765 3364 provenientes
2786 3294 3174 3360 perpetiantur.
3194 3291 3396 3346 Morem
3417 3291 3463 3346 si

1895 3390 2120 3444 Domino
2138 3389 2415 3458 gereretis,
2444 3387 2570 3458 quid
2597 3387 2681 3440 his
2717 3385 2894 3440 verbis
2929 3393 3070 3439 esset
3094 3399 3228 3453 opus
3244 3383 3266 3436 ?
3282 3382 3465 3449 Quod—

1895 3499 2018 3538 nam
2039 3493 2214 3536 autem
2237 3481 2448 3534 Domini
2477 3479 2758 3534 consilium
2781 3477 2898 3531 est?
2920 3475 3157 3529 Motuum
3181 3477 3306 3528 date
3326 3474 3410 3540 iis,
3435 3488 3466 3526 a

1893 3577 2085 3646 quibus
2113 3591 2220 3628 non
2245 3573 2474 3641 speratis
2507 3583 2815 3639 recepturos
2840 3585 2934 3624 vos
2955 3584 3074 3622 esse
3093 3568 3160 3622 ⁸⁸.
3195 3567 3262 3620 Ει
3289 3566 3466 3634 quale,

1895 3668 2086 3735 inquit,
2128 3665 2230 3718 hoc
2255 3673 2522 3744 mutuum,
2553 3662 2636 3715 cui
2673 3661 2988 3714 redditionis
3015 3675 3141 3726 spes
3180 3657 3464 3725 conjuncta

1895 3773 1998 3810 non
2035 3756 2151 3820 est?
2181 3753 2418 3824 lntellige
2445 3753 2722 3808 sententiae
2747 3751 2874 3814 vim,
2916 3759 2970 3804 et
3026 3749 3348 3818 legislatoris
3376 3748 3446 3800 mi

1897 3848 2084 3902 rabere
2111 3847 2518 3902 humanitatem.
2539 3845 2638 3900 Ubi
2671 3844 2884 3912 pauperi
2923 3842 3128 3894 Domini
3161 3843 3332 3908 gratia
3365 3838 3465 3892 de-

1895 3941 2064 4005 deris,
2097 3942 2232 3994 idem
2261 3949 2316 3994 et
2355 3940 2548 3992 donmn
2575 3947 2726 3992 estet
2749 3937 2956 3998 fmnus;
2997 3935 3193 3986 donum
3226 3931 3464 3998 quidem,

1896 4033 2034 4100 quod
2066 4041 2397 4100 recepturum
2423 4041 2472 4083 te
2490 4029 2620 4082 nihil
2647 4043 2764 4082 esse
2794 4042 3004 4095 speras:
3039 4026 3210 4079 [tenus
3229 4037 3375 4085 vero,
3397 4021 3466 4074 ob

1899 4122 2105 4176 Domini
2160 4137 2256 4190 pro
2300 4122 2459 4189 in0pe
2501 4119 2824 4190 persoluturi
2862 4115 3314 4178 muniﬁcentiam,
3351 4111 3462 4177 qui,

1897 4213 2080 4284 paucis
2099 4229 2192 4283 per
2213 4229 2498 4282 pauperem
2519 4213 2977 4280 acceptisdmagna
2995 4223 3179 4262 eorum
3203 4205 3320 4260 loco
3341 4207 3463 4258 red-

1896 4306 2007 4359 ditu
2017 4321 2104 4360 rus
2119 4315 2218 4362 est.
2230 4305 2332 4370 Qui
2345 4306 2478 4358 enim
2498 4306 2768 4356 miseretur
2781 4298 3264 4370 parrperistnerat
3288 4295 3460 4350 Deo”.

1898 4397 2010 4452 Non
2034 4399 2115 4452 vis
2141 4399 2510 4452 universorum
2528 4396 2806 4448 Dominum
2827 4393 3118 4448 obnoxium
3141 4389 3230 4442 tibi
3253 4389 3348 4456 ipsi
3371 4387 3462 4439 ha-

221 4478 316 4530 τὸν
349 4477 566 4532 πάντων
597 4480 872 4550 Δεσπότην
914 4479 1211 4534 ὑπεύθυνον
1243 4480 1385 4550 ἔχειν
1423 4483 1632 4554 σεαυτῷ
1662 4483 1795 4553 πρὸς

1902 4487 2024 4540 bere
2041 4487 2106 4541 ad
2128 4485 2568 4554 persolvendum?
2599 4485 2654 4538 Si
2679 4485 2798 4552 quis
2823 4484 2874 4536 in
2902 4481 3118 4536 civitate
3146 4479 3295 4532 dives
3310 4489 3462 4542 spon-

223 4567 324 4638 τήν
353 4567 593 4634 ἐκτισιν;
643 4571 714 4622 Ἢ
749 4569 858 4622 τῶν
890 4571 988 4640 μὲν
1017 4573 1074 4623 ἐν
1115 4573 1180 4640 τῇ
1217 4571 1368 4624 πόλει
1409 4573 1672 4626 πλουσίων
1703 4575 1797 4627 ἐάν

221 4677 310 4722 τις
343 4661 652 4732 ὁμολογήσῃ
681 4679 764 4714 σοι
811 4661 908 4732 τὴν
956 4663 1095 4732 ὑπὲρ
1148 4662 1348 4733 ἐτέρων
1389 4663 1625 4728 ἔκτισιν,
1669 4665 1796 4736 δέχῃ

224 4749 394 4804 αὐτοῦ
425 4751 524 4823 τὴν
565 4754 796 4825 ἐγγύηνς
829 4754 961 4806 Θεὸν
1004 4754 1058 4807 δὲ
1093 4756 1486 4827 ὑπερεκτιστὴν
1514 4756 1620 4808 τῶν
1655 4773 1797 4830 πτω-
1841 4819 1847 4826 ,

221 4843 338 4913 χῶν
379 4841 441 4894 οὐ
477 4843 780 4915 προσίεσαι.
825 4846 921 4908 Δὸς
954 4845 1013 4898 τὸ
1049 4847 1170 4916 εἰκῆ
1219 4847 1469 4917 κείμενον
1516 4847 1794 4918 ἀργύριον,

303 5037 352 5070 ³⁸
371 5039 504 5094 Luc.
541 5055 614 5106 νι,
643 5039 734 5106 34,
761 5039 850 5098 55.
925 5039 968 5072 ³⁷
992 5041 1150 5096 Prov.
1181 5055 1293 5105 nx,
1331 5041 1414 5094 l7.

305 5215 417 5286 (57)
439 5216 588 5271 Colb.
623 5227 842 5273 oclavus
873 5221 1096 5276 διαλύει.

305 5285 418 5366 (__58)
445 5287 537 5348 Sic
559 5287 723 5366 _chii
759 5291 950 5366 tertius
976 5303 1026 5366 e_t
1075 5301 1290 5366 sextus.
1321 5292 1703 5366 Reg.iqnart_us
1748 5300 1804 5346 et

221 5355 698 5436 εο¹υκςεθριὶεῑιυέ
731 5373 826 5427 Pro
864 5359 1157 5436 ἐξερῶντες
1209 5355 1431 5436 habent”
1457 5355 1800 5436 ἐξεμοῦντεςν

225 5441 344 5480 non
371 5425 639 5502 dissimili“
658 5425 842 5482 sensu.
879 5425 1022 5502 rEd'iti
1053 5431 1414 5502 ἐξαιροῦντες,
1475 5425 1632 5502 male.
1688 5433 1801 5484 Ali-

221 5505 583 5574 quantopost
605 5495 738 5566 Reg.
769 5501 956 5554 tertius
985 5495 1114 5572 πρὶν
1142 5495 1630 5574 ἐκκαρθῆναι.Μοχ
1659 5502 1798 5555 idem

223 5563 398 5618 éotlex
431 5563 736 5620 ἀπώλεσαν.

299 5631 426 5707 (59)Δ
449 5638 513 5687 Οἱ
565 5635 694 5707 τὴν-
730 5637 828 5690 ἐπὶ
875 5639 1002 5705 ταῖς
1047 5639 1448 5706 ἀπαιτ-ήσεσιν
1496 5639 1795 5707 αἰσχύνην

219 5721 268 5771 μ
281 5701 335 5779 ἦ,
349 5701 993 5779 ᾒέρᾳντεςηιιθεεηιίυηί
1009 5713 1210 5779 potius,
1237 5701 1292 5764 ut
1321 5713 1374 5764 in
1397 5715 1582 5764 eodem
1601 5701 1790 5770 senm,

225 5791 284 5842 ν.
311 5773 432 5841 496,
471 5776 857 5848 ἀπαντήσεσιν,
895 5773 1302 5835 vadimonium":
1331 5783 1550 5837 dedecus
1585 5795 1686 5834 non
1717 5779 1792 5846 fe-

1905 4580 2030 4633 deat
2055 4595 2110 4632 se
2134 4579 2226 4632 tibi
2251 4595 2346 4648 pro
2371 4577 2491 4630 aliis
2517 4577 2838 4638 soluturum,
2865 4587 3044 4626 nonne
3067 4568 3461 4634 lidejussionem

1911 4669 2066 4740 113
2096 4669 2236 4724 illius
2267 4669 2505 4737 accipis?
2540 4677 2594 4722 at
2647 4667 2812 4719 Deum
2861 4679 2960 4718 ceu
3007 4674 3322 4730 sponsorem
3369 4655 3460 4724 qui

1905 4775 2000 4829 pro
2031 4760 2357 4828 pauperibus
2389 4759 2665 4813 soluturus
2694 4759 2784 4822 sit,
2831 4769 2936 4808 non
2980 4751 3238 4804 admittis.
3275 4745 3462 4800 Inutile

1907 4850 2000 4903 tibi
2035 4861 2316 4918 argentum
2339 4851 2428 4914 da,
2459 4863 2562 4903 non
2591 4861 2818 4918 gravans
2854 4844 2982 4898 illud
3030 4838 3457 4902 accessionibus;

1907 5229 2095 5274 rentes.
2130 5219 2338 5274 Manu.

1979 5291 2090 5360 (60)
2117 5289 2266 5360 Colb.
2301 5299 2522 5360 octavus
2551 5287 2728 5360 χρεῶν
2751 5285 3036 5360 πατρῴων.

1977 5356 2089 5430 (61)
2121 5359 2286 5430 Multi,
2315 5375 2447 5412 mss.
2477 5356 2753 5430 ἐγγόνους.
2806 5356 2944 5411 Editi
2975 5356 3250 5430 ἐκγόνους.
3277 5357 3458 5430 Obiter

1906 5426 1996 5482 hic
2025 5426 2244 5484 monere
2277 5429 2424 5490 libet,
2457 5445 2642 5496 vocem
2663 5427 2884 5495 ἔκγονος
2924 5443 3045 5482 raro
3076 5429 3126 5480 in
3167 5443 3296 5482 mss.
3333 5426 3458 5496 legi.

1905 5497 2104 5552 Ibidem
2129 5499 2346 5564 quidatn
2375 5513 2502 5551 mss.
2538 5495 2646 5564 οἷα.
2671 5499 2768 5550 Alii
2792 5499 2932 5549 ποῖα.

1974 5567 2085 5635 (6‘2)
2115 5561 2246 5634 Reg.
2280 5569 2544 5620 secundus
2566 5561 2610 5634 ᾧ
2639 5567 2737 5635 τῆς
2763 5567 3178 5628 ἁντοποδὸσεως.

1978 5639 2090 5706 (65)
2125 5637 2252 5705 Reg.
2283 5639 2470 5688 Icrtins
2503 5637 2688 5700 ἐλεῶν,
2721 5637 2872 5705 φησί.
2901 5637 3008 5691 Nec
3045 5640 3113 5688 ita
3146 5635 3456 5706 multopost

1903 5705 2028 5760 mss.
2059 5705 2166 5760 tres
2190 5707 2396 5776 ἐτέρου.
2423 5707 2524 5760 ΛΙιί
2543 5707 2774 5761 nuiuuue
2797 5707 3015 5761 ὲτέοων.
3055 5707 3292 5762 Subinde
3321 5705 3452 5774 Reg.

1903 5779 2089 5832 tertius
2124 5777 2356 5846 ὑπάρχει
2387 5776 2464 5832 τό.
