3818 6220
386 313 495 373 εἴθ
1726 312 1785 368 S.
1826 309 2072 369 BASILII
2107 310 2321 369 MAGNI
3578 309 3697 366 280

386 444 444 488 et
475 441 611 488 bene
638 434 855 502 utrique
899 435 1203 491 consultum
1251 433 1435 492 fuerit.
1463 434 1582 491 Tibi
1624 437 1767 491 enim
1821 446 1963 491 certo

2077 436 2150 507 μὴ
2179 434 2425 506 βαρύνων
2464 433 2595 488 αὐτὸ
2632 435 2748 497 ταῖς
2788 430 3141 504 προσθήκαις,
3178 431 3271 484 καὶ
3312 429 3697 502 ἀμφοτέροις

386 526 697 582 servabitur
725 544 738 580 :
767 525 815 580 ei
863 541 1016 589 vero,
1051 530 1141 594 qui
1189 530 1460 595 acceperit
1480 571 1495 590 .
1535 529 1743 581 lucrutn
1770 544 1835 583 ex
1864 545 1961 583 usu

2077 528 2179 594 ἕξει
2208 527 2408 590 καλῶς.
2441 528 2530 580 Σοὶ
2565 526 2663 597 μὲν
2696 525 2803 597 γάρ
2831 523 3061 595 ὑπάρξει
3086 525 3147 575 τὺ
3172 525 3235 576 ἐκ
3260 523 3368 593 τῆς
3404 523 3695 592 φυλακῆς

388 619 635 675 accedet.
666 620 818 685 Quod
867 620 911 674 si
952 621 1382 673 additamentum
1412 621 1579 672 etiam
1606 617 1861 687 requiris,
1896 617 1962 671 iis

2077 620 2339 685 ἐπισφαλές·
2368 617 2446 688 τῷ
2480 617 2535 670 δέ
2565 617 2780 670 λαϐόντι
2814 617 2873 670 τὸ
2914 618 2978 669 ἐκ
3012 616 3109 686 τῆς
3143 616 3406 686 χρήσεως
3449 614 3689 687 κέρδος.

385 724 509 782 quae
548 711 829 780 pendenda
863 721 990 766 sunt
1023 728 1052 766 a
1086 712 1337 776 Domino,
1371 719 1661 766 contentus
1685 722 1821 766 esto.
1850 711 1963 779 Ipse

2077 710 2131 763 Εί
2161 710 2217 762 δὲ
2246 710 2338 763 xui
2366 709 2682 781 προσθήκην
2712 709 3007 780 ἐπιζητεῖς,
3037 707 3335 780 ἀρκέσθητι
3358 709 3495 770 τοῖς
3525 706 3692 775 παρὰ

389 802 658 870 persolvet
701 816 800 871 pro
852 802 1180 872 pauperibus
1227 816 1447 857 usuras.
1489 802 1571 856 Ab
1603 816 1669 856 eo
1710 803 1801 871 qui
1839 815 1963 855 vere

2077 802 2168 857 τοῦ
2218 802 2445 874 Κυρίου.
2497 802 2669 865 Αὐτὸς
2713 801 2853 873 ύπέρ
2898 800 3006 853 τῶν
3056 800 3303 869 πενήτων
3344 798 3453 851 τὸν
3516 798 3688 850 πλεο-

388 895 784 967 benignusest,
824 895 1212 966 benignitatem
1237 905 1514 965 exspecta.
1550 895 1679 963 Quae
1702 896 1849 950 enim
1876 912 1963 948 ac-

2077 895 2277 966 νασμὸν
2333 894 2603 947 ἀποτίσει.
2667 893 2823 965 [Ιαρά
2881 891 2975 945 τοῦ
3032 892 3199 954 ὅντως
3254 889 3683 961 φιλανθρώπου

390 988 527 1057 cipis
558 1002 590 1042 a
640 1004 892 1057 paupere.
932 1003 997 1043 ea
1038 1003 1255 1043 omnem
1299 988 1712 1042 inhumanitatis
1750 985 1963 1041 modum

2077 989 2309 1058 ἀνάμενε
2342 986 2410 1040 τὰ
2441 985 2818 1056 φιλάνθρωπα.
2869 985 2931 1036 Ἀ
2970 983 3079 1055 γὰρ
3109 982 3417 1052 λαμϐάνεις
3441 1020 3461 1045 ,
3497 980 3685 1035 ταῦτα

388 1090 665 1149 superant.
704 1078 863 1133 Facis
898 1089 1163 1149 quaestum
1206 1094 1273 1133 ex
1318 1078 1740 1141 calamitatibus,
1781 1092 1848 1132 ex
1885 1078 1959 1131 Ia-

2077 1079 2490 1152 μισανθρωπίας
2542 1077 2798 1147 οὐδεμίαν
2837 1074 3139 1147 ὑπερϐολὴν
3179 1073 3489 1128 ἀπολείπει
3538 1073 3681 1144 (64).

389 1173 595 1242 crymis
627 1172 837 1241 colligis
882 1181 1188 1241 argentum,
1240 1171 1443 1226 nudum
1479 1169 1804 1239 strangulas,
1847 1184 1963 1223 ver-

2083 1173 2216 1227 ’Δπδ
2251 1171 2543 1244 συμφορῶν
2571 1169 2891 1240 κερδαίνεις,
2925 1167 3029 1221 ἀπὸ
3062 1165 3312 1235 δακρύων
3349 1165 3685 1236 ἀργυρολο-

388 1262 550 1317 beras
599 1263 951 1317 famelicum:
987 1278 1252 1333 nusquam
1302 1262 1676 1317 misericordia
1722 1278 1736 1315 :
1778 1276 1963 1330 cogna-

2077 1263 2208 1330 γεῖς,
2252 1260 2343 1313 τὸν
2384 1259 2585 1330 γυμνὸν
2615 1258 2824 1328 ἄγχεις,
2869 1256 2961 1309 τὸν
2998 1255 3336 1327 λιμώττοντα
3384 1254 3645 1319 τύπτεις
3668 1272 3684 1284 ·

389 1354 552 1409 tionis
593 1355 732 1424 ejus,
775 1370 895 1424 qua:
955 1370 1077 1409 cum
1118 1355 1371 1409 divexato
1422 1354 1677 1415 habetur,
1711 1351 1963 1420 cogitatio

2077 1352 2216 1415 ἕλεος
2253 1349 2487 1421 οὐδαμοῦ
2513 1365 2526 1379 °
2571 1350 2749 1403 ἔννοια
2781 1349 2881 1419 τῆς
2915 1348 3228 1417 συγγενείας
3272 1347 3373 1401 τοῦ
3418 1348 3684 1419 πάσχον-

387 1444 535 1497 nulla
567 1444 809 1498 animum
860 1445 999 1497 subit
1036 1462 1049 1498 :
1082 1444 1190 1497 imo
1226 1458 1347 1513 qua:
1373 1444 1500 1497 inde
1534 1442 1858 1511 proveniunt
1886 1440 1963 1494 lu-

2077 1459 2160 1506 τος
2200 1441 2455 1512 οὐδεμία·
2514 1440 2610 1494 xui
2662 1440 2731 1493 τὰ
2776 1438 3022 1494 ἐντεῦθεν
3070 1439 3233 1509 κέρδη
3282 1439 3682 1510 φιλάνθρωπα

386 1547 480 1587 cra
505 1533 738 1589 humana
766 1534 1025 1603 appellas.
1054 1532 1165 1599 Vae,
1193 1535 1283 1604 qui
1301 1534 1488 1588 dicunt
1516 1547 1759 1587 amarum
1783 1531 1963 1599 dulce,

2077 1530 2373 1604 όνομάζεις.
2407 1532 2542 1585 Οὐαὶ
2570 1534 2618 1585 oi
2642 1531 2894 1600 λέγοντες
2922 1531 2983 1584 τὸ
3007 1531 3201 1602 πικρὸν
3227 1531 3433 1600 γλυκὺ,
3470 1533 3577 1585 καὶ
3616 1532 3682 1584 τὸ

388 1633 442 1678 et
468 1622 624 1679 dulce
642 1640 885 1680 amarum
911 1625 978 1688 ³⁸,
1006 1626 1210 1695 quique
1240 1624 1687 1680 inbumanitatem
1719 1625 1963 1678 humani-

2077 1622 2240 1691 γλυκὺ
2262 1623 2457 1694 πικρὸν
2477 1622 2611 1693 (65),
2626 1623 2780 1676 xuioi
2800 1623 2896 1693 τὴν
2920 1622 3331 1696 μισανθρωπίαν
3349 1622 3681 1695 φιλανθρω-

390 1722 555 1769 tatem
608 1728 827 1771 vocant.
868 1716 1050 1785 Neque
1103 1732 1232 1772 vero
1282 1717 1561 1787 proposita
1612 1731 1643 1771 a
1701 1715 1963 1771 Samsone

2077 1716 2200 1769 πίαν
2218 1715 2729 1788 προσαγορεύοντες.
2750 1716 2885 1769 Ούδέ
2900 1716 2966 1769 τὰ
2980 1714 3072 1768 τοῦ
3089 1713 3328 1786 Σαμψὼν
3344 1716 3679 1787 αἰνίγματα

387 1806 802 1863 combibonibus
828 1810 1113 1879 :enigmata
1139 1849 1155 1873 ,
1189 1819 1346 1864 erant
1375 1810 1636 1876 ejusmodi
1665 1826 1677 1861 :
1714 1809 1754 1862 Δ
1796 1826 1963 1864 come-

2077 1807 2291 1861 ποιαῦτα
2333 1803 2421 1879 ἦν,
2467 1806 2503 1861 ἀ
2553 1807 2885 1878 προεϐάλετο
2938 1810 3051 1870 τοῖς
3108 1807 3450 1878 συμπόταις·
3526 1808 3677 1862 Ἀπὸ

388 1901 541 1952 dente
584 1900 740 1953 exivit
801 1900 966 1965 cibus,
1014 1912 1063 1955 et
1101 1918 1133 1955 a
1181 1900 1309 1971 [orti
1361 1902 1486 1956 exiit
1535 1901 1688 1955 dulce
1709 1902 1872 1957 ":et
1899 1901 1963 1955 ab

2077 1900 2376 1965 ἐσθίοντος
2385 1899 2453 1964 ἐξ
2461 1899 2606 1965 ἦλθε
2622 1897 2871 1967 βρῶσις,
2892 1898 2990 1953 καὶ
3006 1898 3121 1953 ἀπὸ
3144 1898 3400 1967 ἰσχυροῦ
3421 1898 3675 1965 ἐξῆλθε

396 1989 695 2045 inhumano
730 1990 1038 2047 humanitas
1075 1995 1292 2061 prodiit.
1334 1993 1456 2047 Non
1486 1992 1734 2062 colligunt
1762 1994 1825 2047 de
1859 1994 1967 2062 spi-

386 2083 472 2135 m's
500 2099 647 2147 uvas,
683 2101 845 2154 neque
877 2085 941 2138 de
978 2086 1183 2140 tribulis
1211 2086 1342 2154 ﬁcus
1365 2086 1432 2150 ⁸ο,
1474 2100 1646 2155 neque
1684 2101 1714 2141 a
1759 2085 1967 2141 faenore

385 2175 799 2246 benignitatem.
854 2177 1044 2233 Omnis
1104 2179 1247 2233 enim
1335 2180 1499 2235 arbor
1564 2181 1803 2235 marcida
1859 2179 1969 2234 fru-

389 2279 508 2322 ctus
543 2268 715 2324 malos
767 2268 916 2323 facit.
968 2269 1198 2337 Quidam
1255 2281 1379 2325 sunt
1427 2274 1851 2327 centesimatores
1912 2280 1967 2327 et

389 2359 737 2414 decimatores
767 2375 786 2414 :
819 2360 1036 2414 nomina
1092 2360 1180 2415 vel
1227 2363 1411 2415 auditu
1465 2362 1769 2427 horrenda;
1820 2377 1967 2417 men-

392 2451 530 2505 strui
566 2451 640 2505 illi
693 2452 1036 2519 repetitores,
1073 2452 1216 2506 velut
1257 2453 1309 2507 hi
1358 2454 1632 2508 daemones
1666 2455 1754 2523 qui
1797 2456 1967 2510 comi-

391 2540 536 2593 tialis
584 2540 758 2595 morbi
816 2552 1068 2596 auctores
1117 2551 1266 2606 snnt,
1299 2542 1369 2596 ad
1422 2544 1563 2597 lunae
1612 2546 1863 2613 periodos
1910 2545 1965 2600 in

2066 1993 2259 2063 γλυκύ
2280 2009 2293 2021 ·
2334 1992 2427 2045 xui
2449 1992 2557 2046 ἀπὸ
2592 1990 2975 2063 μισανθρώπου
3004 1988 3195 2060 ἐξῆλθε
3235 1989 3668 2061 φιλανθρωπία.

2060 2089 2144 2141 Οὐ
2189 2087 2605 2156 συλλέγουσιν
2651 2082 2771 2138 ἀπὸ
2808 2081 3087 2137 ἀκανθῶν
3118 2082 3471 2151 σταφυλὰς,
3511 2082 3671 2137 οὐδὲ

2065 2177 2184 2233 ἀπὸ
2210 2179 2495 2246 τριϐόλων
2514 2176 2675 2230 σῦκα
2693 2218 2708 2241 ,
2731 2175 2851 2229 οὐδὲ
2874 2174 2980 2228 ἀπὸ
3004 2174 3175 2227 τόκων
3202 2172 3663 2243 φιλανθρωπίαν.

2066 2272 2183 2325 Πᾶν
2228 2270 2337 2341 γὰρ
2375 2268 2589 2340 δένδρον
2629 2267 2836 2339 σαπρὸν
2877 2267 3123 2338 καρποὺς
3152 2265 3420 2335 πονηροὺς
3472 2265 3655 2316 ποιεῖ.

2079 2361 2571 2428 Ἐκατοστολόγοι
2598 2358 2690 2411 xui
2709 2358 3101 2426 δεκατηλόγοι
3128 2355 3270 2418 τινὲς
3295 2355 3411 2425 (66)
3436 2354 3660 2426 φρικτᾶ

2066 2452 2161 2505 xui
2197 2450 2529 2521 ἀκουσθῆναι
2557 2449 2826 2520 ὀνόματα’
2853 2450 3085 2520 μηνιαίοι
3110 2447 3425 2519 ἀπαιτηταὶ,
3453 2446 3658 2518 ὥσπερ

2066 2545 2116 2597 oi
2144 2543 2242 2607 τὰς
2269 2542 2561 2614 ἐπιληψίας
2593 2542 2873 2607 ποιοῦντες
2902 2542 3178 2613 δαίμονες,
3225 2541 3369 2595 κατά
3404 2540 3514 2604 τὰς
3556 2542 3669 2594 ne;

393 2647 656 2701 pauperes
714 2632 995 2689 invadunt.
1035 2633 1187 2701 Quod
1239 2636 1418 2702 datur,
1457 2635 1509 2691 id
1562 2638 1779 2706 utrique
1828 2639 1967 2693 male

389 2725 553 2787 cedit,
582 2736 637 2780 et
670 2725 844 2789 danti,
877 2736 929 2780 et
963 2726 1248 2796 accipienti
1288 2744 1301 2780 :
1336 2726 1462 2782 huic
1504 2727 1721 2796 quidem
1773 2728 1825 2782 in
1869 2743 1965 2797 pe-

389 2816 607 2881 cunias,
640 2816 714 2870 illi
746 2831 875 2871 vero
911 2817 962 2870 in
1010 2817 1179 2886 ipsam
1221 2819 1458 2873 animam
1490 2820 1745 2873 damnum
1780 2819 1961 2878 infert.

389 2906 665 2976 Agricola,
701 2907 849 2975 spica
903 2920 1147 2977 acoepta,
1181 2922 1367 2963 semen
1417 2923 1606 2963 rursus
1646 2910 1746 2963 sub
1787 2910 1967 2966 radice

391 3015 499 3054 non
537 3009 815 3055 scrutatur
847 3018 859 3053 :
896 3009 950 3053 tu
980 3014 1110 3054 vero
1142 3009 1197 3054 et
1226 3000 1436 3055 fruetus
1465 3000 1650 3065 habes,
1676 3010 1730 3056 et
1761 3010 1963 3056 sortem

389 3105 497 3144 non
534 3089 815 3159 relinquis.
850 3090 1068 3145 Plantas
1100 3090 1219 3145 sine
1247 3099 1426 3156 terra;
1456 3092 1571 3145 sine
1603 3092 1812 3147 satione
1849 3107 1961 3147 me-

2069 2633 2277 2704 ριόδους
2339 2631 2438 2702 τῆς
2502 2631 2729 2702 σελήνης
2784 2630 3146 2701 ἐπιτιθέμενοι
3216 2632 3328 2693 τοῖς
3383 2631 3651 2700 πτωχοῖς.

2068 2725 2287 2795 Πονηρὰ
2315 2723 2460 2787 δόσις
2490 2724 2756 2794 ἐκατέρῳ,
2790 2723 2886 2776 xui
2918 2721 2995 2793 τῷ
3015 2722 3228 2785 διδόντι,
3266 2723 3361 2775 xui
3386 2721 3468 2792 τῷ
3500 2722 3653 2793 λαμ-

2066 2817 2280 2870 ϐάνοντι
2301 2834 2314 2846 θ
2345 2815 2421 2886 τῷ
2470 2816 2568 2887 μὲν
2612 2818 2691 2879 είς
2721 2818 2823 2886 χρή
2835 2832 2997 2886 ματα,
3031 2814 3107 2885 τῷ
3138 2814 3192 2867 δὲ
3234 2816 3312 2878 είς
3341 2814 3517 2886 αὐτὴν
3547 2814 3653 2884 τὴν

2064 2908 2242 2979 ψυχὴν
2270 2908 2508 2979 φέρουσα
2538 2909 2634 2979 τὴν
2657 2908 2882 2978 ζημίαν.
2923 2908 2982 2960 Ὀ
3013 2907 3275 2977 γεωργὸς,
3304 2907 3399 2960 τὸν
3438 2907 3654 2977 στάχυν

2069 3000 2272 3065 λαϐὼν,
2302 3000 2363 3053 τὸ
2393 3000 2615 3072 σπέρμα
2647 2999 2807 3053 πάλιν
2836 2998 2941 3052 ὑπὸ
2966 2999 3063 3071 τὴν
3093 2999 3246 3070 ῥίζαν
3276 3000 3377 3052 οὐκ
3407 3000 3611 3070 ἐρευνᾷ
3633 3015 3649 3030 ·

2069 3090 2134 3143 σὺ
2170 3090 2227 3144 δὲ
2260 3090 2354 3143 xui
2391 3092 2518 3154 τοὺς
2569 3091 2817 3161 καρποὺς
2862 3089 3027 3160 ἔχεις,
3078 3090 3173 3142 xui
3215 3091 3314 3143 οὐκ
3342 3090 3652 3160 ἀφίστασαι

391 3181 483 3234 tis.
513 3180 609 3236 Cui
653 3156 938 3251 congeras,
972 3184 1238 3237 incertum
1278 3193 1386 3237 est.
1422 3182 1521 3249 Qui
1550 3184 1619 3238 ob
1648 3199 1840 3239 usuras
1880 3185 1961 3239 la-

2077 3180 2173 3234 τῶν
2227 3182 2490 3252 ἀρχαίων.
2532 3156 2694 3240 ’Ἄνευ
2749 3181 2853 3248 γῆς
2891 3156 3194 3247 ἰρυτεύεις
3248 3156 3405 3232 ἄνευ-
3432 3179 3653 3249 σπορᾶς

390 3281 691 3342 crymatur,
719 3284 872 3329 certo
901 3276 1215 3345 agnoscitur
1252 3293 1265 3329 :
1299 3275 1391 3345 qui
1422 3290 1549 3329 vero
1583 3291 1770 3329 earum
1807 3276 1960 3344 copia

2065 3272 2319 3341 θερίζεις.
2358 3271 2623 3342 Ἄδηλον,
2677 3271 2783 3323 τίνι
2831 3271 3102 3338 συνάγεις.
3150 3271 3206 3322 Ὀ
3242 3269 3341 3340 μὲν
3387 3269 3652 3340 δακρύων

388 3364 658 3421 fruiturus
698 3376 802 3429 est,
836 3383 942 3421 non
985 3377 1155 3421 certo.
1192 3366 1326 3421 Nam
1366 3368 1635 3421 incertum
1667 3376 1750 3421 est
1782 3379 1960 3421 utrum

2077 3364 2156 3416 ἐπὶ
2192 3365 2304 3426 τοῖς
2336 3362 2518 3426 τόκοις
2574 3360 2868 3433 πρόδηλος·
2921 3363 2949 3415 ὁ
3006 3361 3062 3414 δὲ
3096 3359 3388 3414 ἀπολαύειν
3428 3360 3652 3430 μέλλων

388 3474 497 3513 non
532 3459 609 3512 sis
645 3458 766 3513 aliis
806 3459 1115 3513 divitiarum
1152 3475 1308 3514 usum
1358 3461 1667 3525 relicturus,
1698 3470 1753 3515 et
1783 3470 1961 3515 tamen

2077 3454 2163 3522 τῆς
2180 3454 2286 3506 ἀπὸ
2300 3452 2505 3515 τούτων
2530 3453 2847 3524 περιουσίας
2870 3451 3186 3523 ἀμφίϐολος.
3213 3450 3442 3522 ’Ἄδηλον
3463 3452 3579 3523 γὰρ
3597 3454 3649 3506 εί

382 3549 487 3617 μυί
542 3549 653 3618 ipse
705 3548 903 3602 malum
949 3550 1232 3617 iniquitate
1278 3549 1540 3603 ascivisti.
1572 3547 1755 3617 Neque
1802 3547 1963 3619 igitur

2077 3543 2368 3615 αὴξέτέροις
2392 3543 2489 3614 τὴν
2519 3544 2613 3597 ἐπὶ
2642 3542 2719 3613 τῷ
2749 3543 2963 3613 πλούτῳ
2986 3544 3144 3615 χάριν
3170 3542 3283 3613 (67)
3304 3543 3649 3612 ἁφήσεις,τδ

387 3640 642 3695 uolentem
695 3652 930 3694 mutuum
971 3644 1227 3710 accipere,
1259 3641 1512 3694 averseris
1546 3640 1615 3703 δι,
1648 3654 1822 3707 neque
1865 3641 1959 3709 lie-'-

2077 3640 2128 3693 ὲκ
2158 3639 2258 3710 τῆς
2282 3639 2494 3703 ἀδικίας
2525 3638 2694 3711 ,κακὸν
2725 3637 2936 3708 σεαυτῷ
2965 3637 3319 3709 θησαυρίσας.
3350 3635 3520 3699 Mure
3552 3634 3647 3691 οὖν

386 3731 602 3785 cuniam
637 3741 784 3785 tuam
819 3732 1026 3787 frenare
1071 3733 1445 3800 occupaveris.
1478 3732 1555 3785 Ex
1588 3729 1763 3785 Veteri
1796 3738 1852 3785 et
1893 3745 1960 3784 ex

2077 3729 2171 3783 ι’ὀν
2229 3728 2483 3784 θέλοντα
2534 3729 2926 3782 δανείσασθαι
2976 3725 3395 3796 ἀποστραφῇς,
3432 3727 3535 3778 xui
3586 3728 3648 3779 τὸ

392 3822 545 3879 Novo
579 3824 928 3880 Testamento
980 3825 1338 3880 conducibilia
1380 3824 1625 3890 edoctus,
1664 3823 1802 3878 bona
1840 3838 1960 3876 cum

2077 3820 2327 3893 ὶργύριόν
2367 3838 2460 3874 σου
2512 3819 2586 3891 μὴ
2627 3818 2733 3889 δῷς
2777 3820 2872 3872 ἐπὶ
2912 3819 3078 3888 τόκῳ,
3128 3819 3235 3879 ἵνα,
3286 3821 3353 3871 ἐκ
3396 3818 3651 3882 Παλαιᾶς

389 3929 486 3983 spe
531 3915 597 3969 ad
642 3915 929 3971 Dominum
976 3917 1166 3982 abeas,
1200 3918 1464 3971 bonorum
1500 3931 1725 3984 operum
1762 3929 1962 3969 usuras

2077 3915 2159 3967 sui
2201 3914 2345 3976 Νέας
2392 3912 2665 3983 Διαθήκης
2699 3910 2767 3965 τὰ
2810 3911 3156 3981 συμφέροντα
3187 3908 3490 3979 διδαχθεὶς,
3528 3913 3646 3979 μετ’

389 4004 500 4059 illic
545 4016 906 4077 recepturus:
957 4009 1010 4062 in
1041 4008 1258 4062 Christo
1299 4008 1424 4062 Jesu
1471 4007 1697 4062 Domino
1752 4019 1959 4068 nosuo,

389 4096 478 4148 cui
507 4096 672 4166 gloria
702 4106 756 4151 et
782 4097 1066 4166 imperium
1094 4100 1149 4163 in.
1174 4097 1734 4181 saeculalszeculorum.
1767 4096 1960 4150 Amen.

2065 4006 2276 4075 ἀγαθῆς
2320 4008 2420 4077 τῆς
2466 4004 2679 4067 ἐλπίδος
2728 4003 2866 4075 πρὸς
2906 4004 2998 4057 τὸν
3046 4002 3248 4071 Κύριον
3283 4001 3477 4074 ἀπίῃς,
3531 4003 3650 4056 ἐκεῖ

2065 4099 2191 4160 τοὺς
2216 4097 2410 4159 τόκους
2436 4094 2544 4149 τῶν
2590 4093 2809 4163 ἀγαθῶν
2854 4093 3031 4165 ἐργων
3085 4092 3542 4163 ἀποληψόμενος,
3586 4093 3646 4148 ἑν

384 4182 610 4257 Χριστῷ
650 4184 823 4256 Ἰησοῦ
860 4185 939 4258 τῷ
976 4187 1168 4258 Κυρίῳ
1207 4179 1386 4258 ἡμῶν,
1429 4179 1474 4254 ᾧ
1529 4189 1563 4257 ἡ
1601 4185 1727 4253 δόξα
1768 4187 1863 4240 xui
1899 4186 1960 4238 τὸ
1997 4187 2196 4259 κράτος
2226 4188 2306 4251 είς
2339 4186 2465 4251 τοὺς
2493 4185 2694 4248 αίῶνας
2712 4184 2820 4238 τῶν
2851 4184 3084 4238 αἰώνων.
3125 4185 3318 4257 ’Δμή-ι.

808 4443 873 4497 ΙΝ
912 4443 1240 4500 PSALMUM
1281 4444 1515 4501 XXVIII.

597 4535 843 4592 Psalmus
877 4536 1041 4590 David
1071 4538 1125 4590 in
1158 4539 1301 4591 exitu
1331 4555 1364 4591 a
1399 4537 1757 4592 tabernaculo.

2465 4442 2573 4495 ΕΙΣ
2606 4442 2744 4495 TON
2776 4442 2892 4494 KH'
2914 4418 3232 4495 ΨΑΛΜΟΝ.

2234 4533 2482 4604 Ψαλμός
2506 4531 2586 4599 τῷ
2611 4532 2789 4587 Δαϐὶδ
2820 4532 3056 4598 ἐξοδίου
3079 4529 3319 4599 σκηνῆς
3343 4528 3483 4602 (68)-

464 4629 512 4685 ι.
567 4628 816 4684 Psalmus
883 4629 1171 4682 vicesimus
1239 4637 1463 4684 octavus
1525 4630 1690 4684 habet
1743 4629 1956 4698 quidem

2135 4629 2187 4682 I.
2247 4630 2307 4681 '0
2338 4595 2581 4690 εέκοᾶτδξ
2630 4626 2817 4695 ὄγδοος
2859 4595 3073 4695 ᾧαλμδς
3121 4595 3232 4694 ἔχει
3267 4595 3390 4693 -μέν
3440 4595 3544 4676 καὶ
3586 4622 3646 4675 τὸ

384 4732 594 4795 partem
644 4720 1018 4790 inscriptionis
1061 4735 1437 4784 communem;
1492 4719 1743 4774 Psalmus
1791 4721 1957 4786 enim,

384 4815 584 4885 inquit,
617 4812 859 4867 Davidi:
910 4812 1074 4867 habet
1129 4826 1256 4865 vero
1302 4821 1356 4866 et
1405 4810 1607 4880 aliquid
1644 4813 1956 4881 proprium;

2066 4721 2244 4775 κοινὸν
2273 4720 2371 4790 τῆς
2407 4719 2721 4791 ἐπιγραφῆς
2740 4734 2754 4748 ⁸
2787 4716 3036 4791 Ψαλμὸς
3058 4719 3187 4786 γὰρ,
3222 4715 3379 4783 φησὶ,
3427 4712 3510 4780 τῷ
3539 4716 3645 4769 Δα-

2067 4811 2191 4865 ϐίδ”
2224 4809 2336 4881 ἔχει
2365 4809 2422 4862 δέ
2461 4826 2516 4861 τι
2560 4810 2652 4860 καὶ
2705 4806 2939 4871 ἰδιάζονο
2971 4805 3294 4877 πρόσκειται
3323 4803 3476 4874 γὰρ,
3521 4803 3643 4868 Ἐξ-

459 4947 502 4979 ³⁸
533 4945 652 4999 lsai.
681 4961 736 5010 ν,
765 4944 855 4997 20.
930 4943 974 4975 ²⁹
1000 4941 1176 4998 Judic.
1204 4957 1315 5008 xlv,
1354 4942 1441 4996 Μ.
1518 4943 1562 4975 ⁸ο
1590 4942 1782 4998 Matth.
1808 4959 1904 5009 vit,
1946 4945 1963 4997 l

2105 4943 2149 4975 δι
2179 4941 2369 4997 Matth.
2395 4957 2449 5006 ν,
2474 4940 2567 4997 42.

360 5092 365 5105 ,
460 5057 574 5128 (64)
608 5055 739 5125 Reg.
757 5055 971 5128 tertius
992 5051 1335 5128 καταλείπει.
1380 5051 1577 5128 Statim
1613 5052 1763 5128 Colb.
1802 5068 1964 5120 quar-

390 5122 476 5184 tus
511 5122 721 5197 πένητᾶ
747 5125 958 5195 ἄγχεις.
1003 5123 1206 5177 Ibidem
1242 5123 1384 5177 idem
1417 5124 1584 5177 codex
1619 5122 1834 5191 πνίγεις
1869 5137 1966 5193 pro

383 5200 632 5255 τύπτεις.

460 5214 713 5339 ῗεῖξξῗὶιε,
752 5264 848 5319 xui
871 5264 933 5317 τὸ
962 5262 1385 5339 γλυηδςπικρόν,
1424 5261 1827 5339 addidimusex
1859 5260 1965 5315 Ite-

387 5331 757 5410 giis‘secundo
780 5347 853 5410 e_t_
873 5345 1050 5410 sexto.
1082 5331 1400 5410 lui_ra_Reg_.
1433 5332 1700 5410 secundus
1727 5331 1838 5385 ἀπὸ
1871 5349 1965 5410 μιτ

390 5401 759 5479 ὅανθρωπίας.
812 5404 920 5479 Nec
958 5404 1115 5479 aliter
1154 5404 1425 5479 legiturin
1476 5402 1606 5471 Iieg.
1640 5414 1815 5479 sexto,
1868 5401 1961 5456 sed

389 5471 626 5531 secunda
665 5492 849 5530 manu.
880 5474 1022 5529 Editi
1056 5488 1184 5527 vero
1210 5471 1265 5527 et
1298 5472 1392 5527 alii
1427 5487 1519 5528 sex
1550 5486 1679 5528 mss.
1712 5471 1821 5526 ἀπὸ
1871 5488 1962 5543 μι-

391 5545 522 5616 cuin
531 5544 713 5616 ρώπου
723 5586 736 5599 .

464 5610 576 5682 (66)
612 5616 707 5668 Sic
738 5613 904 5669 editio
944 5612 1140 5678 Basil.,
1173 5626 1333 5680 quam
1377 5610 1705 5679 scripturam
1740 5611 1965 5682 exhibet

396 5681 608 5751 qquue
658 5684 791 5751 Heg.
820 5698 1029 5745 sextus,
1066 5698 1171 5736 non
1204 5681 1421 5749 quidem
1453 5683 1623 5747 prima
1655 5697 1838 5746 manu,
1867 5681 1960 5736 sed

399 5750 618 5820 antiQua
672 5750 874 5809 tamen.
930 5754 1109 5809 Editio
1141 5750 1317 5808 Paris.
1372 5768 1477 5807 non
1513 5767 1671 5809 secus
1716 5767 1779 5809 ac
1826 5766 1959 5809 mss.

2071 5053 2223 5123 multi
2252 5053 2615 5121 δεκατολόγοι.
2641 5051 2747 5123 Alii
2775 5051 2883 5123 duo
2921 5067 3053 5123 mss.
3087 5050 3497 5123 δεκαστολόγοι.
3527 5055 3640 5111 1qu

2072 5122 2206 5193 Reg.
2241 5125 2444 5190 primus
2473 5123 2574 5186 τάξ
2596 5121 2901 5193 ἐπιλήψεις.
2944 5121 3186 5178 Subinde
3211 5122 3349 5193 Reg.
3373 5121 3641 5184 Secundus

2071 5194 2383 5263 ἐπιθέμενοι
2413 5197 2669 5263 πτωχοῖς.

2140 5259 2254 5322 (67)
2287 5264 2377 5316 Sic
2401 5259 2694 5319 octo'mss.
2714 5277 2836 5318 cum
2861 5261 3100 5318 editione
3123 5259 3290 5316 Basil.
3322 5262 3507 5319 Editio
3524 5281 3640 5322 vero

2063 5332 2713 5406 [‘aris.'7:).odtrtp_xdtpuv.
2761 5333 2883 5406 Mos
2928 5348 3060 5406 mss.
3105 5344 3213 5386 non
3234 5337 3418 5406 _pauci
3451 5335 3521 5388 ἵν’
3561 5339 3638 5394 ἐκ.

2066 5402 2259 5458 Statim
2285 5400 2464 5458 editio
2485 5400 2659 5458 Paris.
2702 5402 3055 5475 συμφέροντά
3081 5419 3183 5456 σοι.
3234 5400 3354 5459 Vox
3381 5420 3470 5458 σοι
3496 5406 3640 5462 abest

2065 5475 2134 5527 ab
2154 5475 2407 5529 omnibus
2444 5488 2573 5528 mss.
3005 5487 3013 5495 '

2136 5543 2249 5614 (68)
2281 5545 2395 5609 Illa,
2417 5542 2647 5613 Ψαλμδς
2677 5542 2755 5614 τῷ
2779 5542 2945 5597 Δαϐὶδ
2969 5543 3173 5609 ἐξοδίω
3210 5544 3446 5615 σκηνῆς,
3474 5544 3639 5615 legun-

2068 5621 2155 5668 tur
2186 5615 2401 5682 quidem
2433 5616 2486 5668 in
2515 5615 2843 5670 Colbertinis
2874 5617 3113 5669 secundo
3134 5625 3189 5670 et
3216 5616 3457 5679 septimo
3500 5626 3555 5670 et
3588 5618 3637 5670 in

2066 5684 2303 5741 editione
2363 5683 2657 5742 Parisiensi
2711 5704 2725 5740 :
2780 5686 2876 5743 sed
2917 5685 2975 5741 in
3027 5686 3150 5743 aliis
3198 5696 3326 5742 octo
3375 5699 3514 5743 mss.
3554 5687 3638 5744 de-

2066 5761 2212 5811 sunt.
