3818 6220
174 293 280 351 281

1306 289 1587 346 HOMILIA
1626 289 1689 345 IN
1730 287 2063 349 PSALMUM
2101 294 2341 352 XXVIII.

3333 298 3439 352 282

174 412 350 469 οδίου
378 409 640 479 σκηνῆς.
668 409 734 462 Τί
765 408 823 463 δὲ
872 408 1031 462 τοῦτό
1062 409 1212 475 sect;
1263 410 1564 481 Νοήσωμεν
1600 410 1653 463 τί
1685 410 1749 464 τὸ

1873 428 1986 467 nam
2023 414 2258 482 additur,
2310 415 2376 468 In
2420 418 2563 468 exitu
2603 431 2634 468 ο
2668 390 3039 468 tabernaculo.
3069 412 3208 480 Quid
3253 423 3436 469 autem

174 502 404 568 ἐξόδιον,
450 502 545 554 καὶ
580 500 665 564 τίς
704 502 738 571 ή
780 500 975 571 σκηνὴ,
1007 500 1094 553 ἵνα
1128 501 1186 555 ὲν
1217 500 1296 572 τῷ
1331 500 1631 573 βουλήματι
1668 500 1764 554 τοῦ

174 592 396 664 ψαλμοῦ
411 591 727 664 δυνηθῶμεν
754 591 1030 661 γενέσθαι.
1066 593 1210 664 Πρὸς
1245 592 1345 664 μὲν
1369 588 1461 647 οῦν
1491 593 1590 664 τὴν
1624 594 1766 646 ἰστοο

178 682 307 736 θίαν
347 682 488 749 δόξει
520 684 631 745 τοῖς
672 682 878 754 ἱερεῦσι
914 682 1007 735 καὶ
1040 685 1153 746 τοῖς
1186 683 1438 745 Λευίταις
1471 681 1767 754 ἀφεμένοις

175 771 277 825 τοῦ
312 770 473 844 ἔργου
506 770 615 841 (69)
642 771 704 823 τὸ
738 771 1106 843 παράγγελμα
1148 770 1386 824 δίδοσθαι
1412 770 1591 836 τοῦτο,
1626 770 1766 824 ὥστε

182 862 494 935 μεμνῆσθαι
531 862 640 914 τῶν
669 863 990 933 ὀφειλόντων
1019 864 1204 927 αὐτοῖς
1248 862 1766 935 παρασκευασθῆναι

178 954 323 1026 πρὸς
348 954 444 1026 τὴν
470 953 742 1026 λατρείαν.
791 953 1125 1018 Ἑξοδεύουσι
1148 955 1258 1026 γὰρ
1295 954 1403 1007 ἀπὸ
1434 954 1530 1024 τῆς
1564 953 1766 1023 σκηνῆς

179 1047 282 1100 καὶ
303 1046 502 1112 ἐξιοῦσι
517 1046 700 1101 λοιπὸν
717 1050 744 1101 6
764 1046 919 1116 λόγος
940 1046 1371 1119 διαμαρτύρεται
1395 1047 1550 1099 ἆτινα
1570 1045 1768 1108 αὐτοὺς

181 1139 580 1210 ἐτοιμάσαντας
609 1137 877 1209 προσῆκε,
926 1138 1050 1191 τίνα
1100 1137 1323 1208 ἔχοντας
1362 1136 1472 1205 (70)
1506 1134 1641 1205 πρὸς
1669 1133 1766 1205 τὴν

180 1230 318 1301 ἑξῆς
356 1231 667 1301 ἀπαντῆσαι
691 1248 704 1261 ο
754 1230 856 1295 ὅτι,
901 1231 1052 1293 υἱοὺς
1086 1228 1256 1300 κριῶν
1279 1245 1293 1259 ⁸
1341 1229 1445 1292 ὅτι,
1480 1226 1638 1292 δόξαν
1673 1228 1768 1280 καὶ

179 1327 353 1396 τιμήν
371 1340 385 1354 ·
413 1325 513 1390 ὃτι,
542 1324 698 1390 δόξαν
730 1323 955 1394 ὀνόματι
984 1323 1151 1376 αὑτοῦ
1176 1340 1188 1352 ·
1215 1324 1319 1386 ὅτι,
1348 1320 1585 1392 οὐδαμοῦ
1607 1320 1768 1373 ἀλλα-

180 1415 286 1484 χοῦ
316 1414 656 1485 λατρεύεινῆ
697 1416 753 1467 ἐν
796 1416 860 1485 τῇ
904 1414 1041 1485 αὐλῇ
1076 1412 1170 1466 τοῦ
1210 1412 1416 1484 Κυρίου
1464 1412 1559 1464 καὶ
1601 1412 1659 1464 ὲν
1690 1410 1768 1481 τῷ

181 1506 340 1578 τόπῳ
380 1507 471 1559 τοῦ
504 1507 846 1577 ἀγιάσματος
875 1506 1143 1578 προσῆκε.
1179 1505 1324 1576 Πρὸς
1363 1505 1420 1557 δὲ
1451 1504 1543 1559 τὸν
1571 1506 1602 1574 ή
1614 1502 1771 1574 μέτε-

185 1615 285 1671 ρον
309 1598 432 1652 νοῦν
466 1599 561 1652 τὸν
593 1600 660 1652 τὰ
701 1597 880 1669 ὑψηλά
911 1598 1242 1668 θεωροῦντα,
1274 1598 1370 1650 καὶ
1419 1596 1507 1650 διὰ
1542 1600 1640 1669 τῆς
1674 1615 1769 1668 με·

181 1690 491 1760 γαλοφυοῦς
537 1690 631 1745 καὶ
686 1689 1001 1762 πρεπούσης
1026 1692 1093 1760 τῇ
1146 1689 1267 1761 θείᾳ
1295 1691 1487 1761 Γραφῇ
1531 1689 1768 1754 διανοίας

182 1755 494 1837 οἰκειοῦντα
522 1784 656 1853 ἡμῖν
684 1755 776 1835 τδν
811 1755 1007 1852 νόμον,
1052 1755 1400 1852 iusim-mliti
1427 1755 1732 1834 DitO‘iti‘lt‘EEt
1751 1798 1765 1813 ·
1802 1755 1841 1812 Β

180 1875 317 1930 οὔτε
347 1874 500 1946 κριδς
526 1874 588 1927 τὸ
615 1875 780 1948 ἄρρεν
802 1876 858 1927 ὲν
885 1876 997 1937 τοῖς
1027 1874 1321 1944 προϐάτοις
1372 1875 1593 1937 νοεῖται,
1645 1873 1768 1926 οῦτε

183 1968 367 2040 σκηνὴ
411 1967 472 2021 τὸ
496 1968 560 2021 ὲκ
587 1968 687 2038 τῆς
722 1965 930 2036 ἀψύχου
974 1964 1180 2034 ταύτης
1211 1962 1343 2035 ὓλης
1370 1964 1768 2036 συμπηγνύμε·

181 2078 282 2118 νον
326 2060 560 2131 οἴκημα,
604 2058 728 2112 οὔτε
771 2057 948 2123 ἔξοδος
999 2058 1205 2127 σκηνῆς
1256 2059 1288 2128 ἡ
1342 2058 1450 2112 ἀπὸ
1495 2056 1590 2111 τοῦ
1638 2057 1767 2110 ναοῦ

182 2152 557 2224 ἀναχώρησις,
601 2150 736 2204 ἀλλά
769 2150 942 2221 σκηνὴ
989 2149 1087 2219 μὲν
1122 2152 1254 2221 ἡμῖν
1283 2152 1345 2203 τὸ
1389 2149 1547 2221 σῶμα
1581 2149 1768 2213 τοῦτο,

186 2246 268 2310 ὡς
300 2247 330 2298 6
371 2244 690 2306 Ἀπόστολος
732 2245 879 2313 ἡμᾶς
919 2241 1127 2308 ἐδίδαξε
1155 2242 1350 2312 λέγων,
1392 2244 1475 2297 ὅτι
1509 2247 1571 2297 Ol
1600 2242 1773 2309 ὄντες

182 2338 260 2392 ἐν
294 2336 374 2402 τῷ
414 2335 628 2403 σκήνει
666 2332 1063 2404 στενάζομενο
1112 2336 1206 2389 καὶ
1244 2335 1407 2389 πάλιν
1447 2338 1475 2389 6
1520 2335 1734 2407 ψαλμός
1754 2351 1767 2365 ·

182 2431 303 2487 Kal
325 2430 549 2500 μάστιξ
582 2431 693 2483 οὐκ
720 2428 905 2498 ἐγγνεῖ
946 2427 1025 2494 τῷ
1071 2427 1420 2498 σκηνώματί
1461 2445 1599 2484 σου.
1657 2427 1769 2492 Ἐξ-

182 2523 334 2578 όδιον
361 2522 417 2575 δὲ
453 2522 659 2593 σκηνῆς
689 2523 722 2592 ἡ
750 2520 859 2573 ἀπὸ
886 2520 980 2573 τοῦ
1014 2520 1127 2591 βίου
1172 2521 1364 2574 τούτου
1394 2520 1763 2592 ἀναχώρησις,

183 2612 329 2684 πρὸς
357 2613 423 2682 ἢν
462 2608 978 2682 παρασκευάζεσθαι
1026 2611 1173 2681 ἡμᾶς
1218 2611 1247 2662 6
1275 2610 1432 2679 λόγος
1457 2611 1768 2682 παρεγγυᾷ,

180 2704 319 2757 τάδε
349 2702 471 2756 τινὰ
489 2702 584 2756 καὶ
606 2700 729 2756 τάδε
763 2700 1088 2771 κομίζοντας
1115 2701 1192 2772 τῷ
1218 2701 1409 2774 Κυρίῳ
1428 2718 1443 2733 ⁸
1478 2702 1708 2773 ἐπείπερ
1737 2703 1770 2772 ἡ

186 2795 429 2850 ἐνταῦθα
457 2794 691 2866 ἐργασία
723 2794 932 2863 ἐφόδιον
954 2796 1070 2847 ἐστι
1097 2793 1234 2865 πρὸς
1269 2793 1329 2848 τὸ
1362 2794 1579 2866 μέλλον.
1612 2795 1723 2847 Καὶ
1747 2797 1776 2848 6

184 2886 427 2943 ἐνταῦθα
452 2886 540 2940 διὰ
562 2885 670 2939 τῶν
692 2886 912 2954 ἀγαθῶν
939 2885 1117 2957 ἔργων
1152 2885 1265 2958 (7i)
1293 2885 1450 2951 δόξαν
1474 2886 1657 2958 φέρων
1682 2886 1776 2940 καὶ

182 2979 361 3051 τιμὴν
398 2979 475 3051 τῷ
506 2979 718 3051 Κυρίῳ,
751 2972 905 3041 οὗτος
925 2976 1083 3043 δόξαν
1110 2978 1286 3049 ἑαυτῷ
1308 2979 1403 3032 καὶ¹
1429 2980 1596 3050 τιμὴν
1635 2979 1776 3032 κατά

184 3074 294 3145 τὴν
323 3072 536 3125 δικαίαν
565 3070 660 3125 τοῦ
684 3069 872 3142 κριτοῦ
900 3070 1258 3125 ἀνταπόδοσιν
1288 3070 1625 3144 θησαυρίζει.
1684 3071 1774 3123 Ἐν
1800 3110 1843 3168 C

187 3162 409 3226 πολλοῖς
455 3161 635 3232 μέντοι
665 3159 774 3213 τῶν
802 3159 1154 3231 ἀντιγράφων
1192 3162 1588 3233 προσκείμενον
1618 3160 1678 3213 εὖ
1689 3178 1775 3232 ρο-

190 3271 299 3326 μεν
321 3253 402 3316 τὸ,
440 3253 747 3324 Ἐνέγκατε
780 3252 863 3319 τῷ
894 3252 1109 3319 Κυρίῳ,
1143 3252 1263 3304 υἱοὶ
1293 3253 1462 3307 Θεοῦ.
1492 3254 1601 3306 Καὶ
1626 3253 1776 3306 ἐπεί-

188 3364 305 3417 περ
348 3347 408 3399 οὐ
456 3346 657 3409 παντὸς
697 3344 870 3418 δῶρον
914 3344 1310 3415 εὐπρόσδεκτον
1344 3344 1425 3416 τῷ
1470 3345 1609 3415 Θεῷ,
1640 3346 1777 3401 ἀλλά

186 3436 292 3491 τοῦ
332 3435 441 3490 ἀπὸ
489 3436 718 3507 καρδίας
771 3436 1140 3507 προσάγοντος
1193 3435 1471 3507 καθαρᾶς·
1530 3438 1613 3491 Οὐ
1666 3436 1776 3507 γὰρ

187 3528 372 3598 ἁγναὶ
397 3527 533 3598 (72),
565 3528 748 3598 φησιν,
769 3526 940 3596 εὐχαὶ
969 3525 1089 3580 ἀπὸ
1112 3525 1491 3596 μισθώματος
1515 3528 1770 3595 ἑταίραςι

188 3618 294 3675 καὶ
318 3618 478 3672 πάλιν
499 3618 784 3690 Ἱερεμίας,
812 3617 909 3687 Μὴ
935 3618 1130 3687 εὐχαὶ,
1162 3618 1316 3689 φησὶ,
1347 3618 1446 3671 καὶ
1466 3618 1611 3687 κρέα
1640 3619 1777 3691 ἅγια

189 3709 503 3779 ἀφελοῦσι
532 3723 649 3762 σου
681 3708 786 3774 τὰς
829 3710 1064 3775 κακίας,
1106 3707 1147 3778 ἢ
1187 3710 1421 3775 τούτοις
1450 3709 1566 3778 ἔσῃ
1597 3714 1775 3765 καθα-

186 3805 336 3873 ρός;
367 3801 553 3874 διόπερ
575 3804 604 3855 6
630 3802 843 3874 ψαλμὸς
878 3804 1140 3875 πρότερον
1163 3805 1310 3874 ἡμᾶς
1343 3803 1591 3874 βούλεται
1627 3807 1776 3870 υἱοὺς

190 3891 336 3948 εἶναι
350 3892 508 3958 Θεοῦ,
534 3889 653 3947 εἶτα
679 3893 799 3947 τότε
824 3895 1069 3965 ἀπαντᾷν
1094 3895 1187 3947 ἐπὶ
1211 3895 1271 3946 τὸ
1296 3895 1604 3966 προσκομίζ
1607 3914 1686 3951 ειν
1710 3898 1776 3951 τὰ

186 3984 347 4058 δῶρα
366 3986 444 4057 τῷ
467 3983 607 4056 Θεῷ,
639 3985 928 4039 καὶταῦτα
954 3986 1014 4039 οὐ
1046 3986 1115 4039 τὰ
1146 3987 1397 4056 τυχόντα,
1427 3988 1541 4041 ἀλλ’
1566 3983 1653 4041 οἷα
1680 3989 1777 4043 αύ-

188 4079 288 4142 τὸς
318 4076 616 4142 διετάξατο.
641 4077 911 4149 Πρότερον
927 4077 1068 4142 εἰπὲ,
1090 4078 1289 4149 Πάτερ,
1320 4075 1436 4133 εἶτα
1466 4080 1685 4150 αἴτησον
1708 4081 1777 4134 τὰ

192 4169 417 4241 ἑφεξῆς.
452 4170 758 4242 Δοκίμασον
786 4171 843 4225 δὲ
866 4171 1086 4224 σεαυτὸν
1113 4172 1177 4224 ὲκ
1199 4172 1444 4226 ποταποῦ
1469 4172 1583 4243 βίου
1607 4174 1778 4244 ἀπήν-

189 4278 403 4332 τηκαςθ
436 4263 487 4315 εί
516 4259 664 4326 ἄξιος
693 4257 743 4314 εἷ
774 4262 907 4315 Θεὸν
957 4263 1050 4315 τὸν
1091 4263 1245 4331 ἆγιον
1294 4264 1507 4335 πατέρα
1545 4264 1774 4318 σεαυτοῦ

189 4354 505 4424 ὀνομάζειν.
537 4354 614 4406 Δι’
635 4354 905 4425 ἀγιασμοῦ
940 4357 1088 4408 ἐστιν
1107 4356 1240 4425 ἡμῖν
1269 4356 1304 4425 ἠ
1339 4355 1477 4426 πρὸς
1500 4355 1592 4409 τὸν
1623 4355 1774 4425 ἆγιον

1868 506 1970 560 hoc
1998 504 2116 560 es”
2146 506 2561 560 Consideremus
2586 505 2708 574 quis
2737 504 2808 558 sit
2835 504 2925 559 ille
2951 506 3146 570 exitus,
3176 512 3233 558 et
3257 507 3436 573 quod-

1866 611 1987 649 nam
2029 596 2103 650 sit
2145 596 2273 650 illud
2317 595 2742 657 tabernaculum,
2780 602 2839 647 ut
2889 593 3085 648 Psalmi
3133 593 3439 662 intelligen-

1869 687 1996 740 tiam
2036 684 2195 757 114
2219 685 2432 755 assequi
2476 686 2773 738 valeamus.
2815 682 2967 749 Quod
2996 684 3161 752 igitur
3196 684 3437 752 pertinet

1868 781 1933 834 ad
1974 780 2280 843 historiam,
2310 777 2362 831 id
2391 775 2647 845 praecepti
2677 774 2949 829 videbitur
2980 775 3354 829 sacerdotibus
3383 783 3440 828 et

1866 872 2045 927 levitis
2073 885 2235 940 opere
2265 868 2466 922 iunctis
2492 868 2676 922 datum
2703 881 2844 929 esse,
2874 875 2931 920 ut
2957 880 3144 921 eorum
3176 882 3296 935 quae
3322 882 3350 919 a
3379 881 3441 921 se

1867 964 1934 1018 ad
1981 960 2341 1017 ministerium
2388 957 2682 1029 praeparari
2737 957 2953 1019 debent,
3001 958 3439 1011 reminiscantur.

1868 1055 2202 1112 Exeuntibus
2232 1053 2373 1106 enim
2405 1068 2436 1107 e
2479 1049 2851 1116 tabernaculo,
2884 1048 3159 1118 Scriptura
3192 1064 3315 1101 mox
3346 1048 3443 1102 de-

1866 1148 2059 1211 clarat,
2092 1160 2211 1215 quae
2245 1145 2390 1213 ipsos
2425 1158 2645 1214 parasse
2693 1156 2791 1213 par
2828 1141 2920 1205 sit,
2953 1148 3007 1195 et
3035 1155 3154 1208 qua:
3197 1146 3444 1209 oporteat

1870 1239 2087 1302 habere,
2121 1247 2179 1291 ut
2225 1237 2289 1290 ad
2341 1243 2656 1304 sequentem
2706 1235 2848 1289 diem
2894 1232 3237 1294 c0nveniant,
3280 1231 3440 1284 nimi-

1869 1346 1987 1386 rum
2038 1330 2175 1383 lilios
2227 1329 2480 1392 arietum,
2514 1326 2765 1396 gloriam,
2801 1326 3084 1387 honorem,
3116 1334 3171 1376 et
3215 1321 3441 1390 glorianti

1870 1423 2074 1477 nomini
2113 1422 2264 1489 ejus;
2305 1421 2455 1484 item,
2488 1434 2752 1487 nusquam
2789 1417 2914 1471 alibi
2959 1416 3060 1470 nisi
3101 1417 3155 1469 in
3191 1416 3308 1468 aula
3344 1415 3445 1468 Do-

1870 1516 1998 1570 mini
2027 1525 2081 1569 et
2104 1512 2411 1569 sanctitatis
2437 1512 2553 1566 loco
2577 1511 2775 1565 cultum
2792 1510 3034 1564 exhiberi
3059 1510 3271 1563 debere.
3293 1506 3446 1574 Quod

1872 1622 1999 1661 vero
2034 1608 2100 1659 ad
2135 1606 2241 1658 vim
2275 1602 2608 1673 intelligendi
2645 1610 2886 1654 nostram
2932 1609 3160 1669 spectat,
3195 1598 3446 1654 sublimia

1870 1695 2344 1762 contemplantem,
2373 1702 2532 1762 atque
2565 1690 2848 1761 magniﬁca
2880 1692 3124 1759 quaedam
3157 1704 3221 1745 ac
3249 1689 3447 1744 divinae

1872 1789 2166 1859 Scriptura:
2227 1783 2572 1842 convenienti
2637 1782 2990 1850 intelligentia
3051 1780 3221 1850 legem
3290 1779 3447 1835 nobis

1872 1880 2190 1934 familiarem
2251 1877 2597 1939 reddentem,
2656 1874 2745 1928 illa
2799 1873 2954 1926 nobis
3012 1879 3339 1935 occurrunt,
3389 1877 3447 1924 ut

1826 2024 1829 2027 .
1871 1986 2047 2040 neque
2076 1970 2219 2025 aries
2253 1983 2367 2022 mas
2395 1968 2536 2022 inter
2555 1981 2683 2021 oves
2714 1964 3027 2032 accipiatur,
3060 1978 3236 2033 neque
3267 1963 3447 2017 taber-

1871 2063 2122 2117 naculum
2151 2059 2439 2115 tediﬁcium
2470 2074 2537 2113 ex
2571 2059 2672 2113 hac
2700 2057 2994 2111 inanimata
3029 2054 3254 2109 materia
3297 2068 3418 2108 cont

1870 2165 2107 2225 pactum,
2156 2167 2329 2221 neque
2378 2154 2554 2205 exitus
2605 2165 2636 2204 a
2688 2147 3041 2204 tabernaculo
3095 2147 3367 2201 discessus
3415 2160 3446 2199 a

1872 2245 2127 2313 templo:
2177 2243 2271 2296 sed
2333 2241 2435 2294 hoc
2490 2247 2733 2293 nostrum
2789 2251 2983 2303 corpus
3040 2231 3447 2288 tabernaculum

1874 2335 2028 2389 nobis
2076 2342 2158 2385 est
2198 2348 2213 2384 :
2251 2338 2308 2385 ut
2354 2344 2452 2384 nos
2498 2327 2681 2382 docuit
2722 2325 3033 2395 Apostolus,
3073 2323 3259 2376 dicens
3295 2340 3309 2375 :
3344 2320 3449 2386 Qui

1872 2441 2053 2481 sumus
2103 2425 2157 2477 in
2203 2422 2301 2476 hoc
2346 2419 2689 2475 tabernaculo
2722 2416 3109 2487 iugemiscimus
3139 2414 3208 2467 δ’.
3247 2412 3315 2467 Ει
3352 2414 3448 2466 ite-

1876 2529 2047 2573 terum
2094 2516 2379 2585 psalmus:
2420 2511 2488 2566 Et
2538 2509 2804 2582 flagellum
2860 2524 2965 2561 non
3011 2502 3449 2575 appropinquabit

1874 2608 2212 2666 tabernaculo
2268 2616 2363 2660 tuo
2399 2604 2467 2658 ⁸³.
2525 2603 2716 2656 Exitus
2768 2609 2947 2653 autem
3000 2612 3029 2650 a
3080 2592 3450 2658 tabernaculo,

1875 2702 2146 2757 discessus
2187 2696 2255 2750 ab
2299 2695 2400 2748 hac
2444 2694 2553 2746 vita
2600 2701 2705 2754 eat,
2738 2690 2805 2743 ad
2853 2703 3012 2756 quem
3054 2686 3138 2741 has
3162 2700 3324 2740 voces
3355 2699 3452 2740 nos

1875 2790 2165 2865 praeparari
2213 2787 2401 2857 iubent
2453 2784 2549 2848 ita,
2591 2793 2650 2836 ut
2700 2791 2758 2836 et
2802 2782 2936 2847 haec,
2988 2788 3045 2834 et
3091 2778 3179 2833 illa
3226 2778 3452 2832 Domino
3502 2794 3503 2797 ‘

1875 2885 2163 2941 all‘eratnus
2195 2900 2209 2936 :
2238 2878 2507 2949 siquidem
2560 2890 2681 2945 qua:
2737 2888 2880 2927 nunc
2914 2880 3172 2939 aguntur,
3197 2871 3453 2925 viaticum

1875 2977 1942 3031 ad
1969 2974 2204 3029 futuram
2235 2970 2403 3024 vitam
2428 2976 2578 3021 sunt.
2609 2965 2675 3018 Et
2705 2963 2795 3033 qui
2827 2962 2916 3016 hic
2946 2961 3173 3031 gloriam
3203 2970 3258 3015 et
3284 2961 3453 3015 hono-

1875 3084 1989 3123 rem
2018 3065 2248 3121 Domino
2271 3077 2367 3132 per
2388 3059 2527 3113 bona
2557 3069 2721 3123 opera
2746 3054 2922 3121 aliert,
2949 3055 2994 3107 is
3018 3053 3119 3107 sibi
3146 3052 3372 3123 gloriam
3399 3060 3453 3106 et

1878 3160 2137 3214 honorem
2180 3169 2248 3209 ex
2286 3152 2430 3222 justa
2467 3148 2667 3219 judicis
2702 3145 3137 3201 remuneratione
3184 3145 3453 3213 congerit.

1876 3250 1932 3304 In
1976 3247 2157 3302 multis
2206 3254 2384 3297 autem
2423 3238 2823 3307 exemplaribus
2867 3236 3105 3290 additum
3155 3236 3454 3305 reperimus

1878 3341 2053 3395 illud:
2090 3337 2286 3406 Aﬂ'erte
2342 3332 2585 3394 Domino,
2617 3329 2714 3398 ﬁlii
2746 3327 2865 3383 Dei.
2918 3328 2985 3381 Et
3037 3326 3289 3396 quoniam
3348 3341 3454 3381 non

1876 3430 2116 3497 cujusvis
2166 3429 2368 3480 donum
2420 3424 2530 3477 Deo
2582 3430 2862 3489 acceptum
2909 3427 3013 3483 est,
3046 3421 3139 3473 sed
3191 3417 3330 3487 ejus,
3362 3418 3454 3486 qui

1875 3522 2005 3577 illud
2055 3519 2219 3575 corde
2267 3531 2401 3586 puro
2461 3514 2618 3568 aﬂ‘ert
2656 3532 2671 3570 :
2711 3510 2838 3565 Non
2880 3513 3041 3577 enim,
3081 3510 3280 3578 inquit,
3319 3524 3471 3578 pura,

1874 3624 1997 3669 vota
2026 3614 2088 3667 de
2118 3609 2353 3665 mercede
2391 3607 2683 3660 meretricis
2710 3604 2787 3669 l";
2825 3612 2879 3658 et
2924 3617 3112 3657 rursus
3137 3600 3401 3656 Jeremias
3436 3615 3453 3655 :

1878 3705 2135 3774 Nunquid
2174 3713 2339 3768 vola,
2394 3699 2585 3769 inquit,
2627 3707 2675 3750 et
2728 3710 2916 3748 carnes
2966 3702 3163 3747 sanelw
3212 3691 3455 3760 auferent

1875 3800 2106 3852 malitias
2155 3806 2296 3855 luas,
2330 3806 2420 3845 aut
2467 3799 2680 3861 propter
2724 3788 2829 3840 ista
2876 3801 3039 3854 purus
3084 3785 3188 3837 eris
3214 3781 3298 3835 “'I
3332 3781 3456 3836 ideo

1875 3892 2115 3961 psalmus
2147 3887 2264 3941 vult
2306 3900 2406 3939 nos
2441 3884 2591 3953 prius
2619 3880 2757 3935 tilios
2794 3879 2883 3933 Dei
2915 3892 3034 3933 esse
3070 3896 3082 3931 :
3113 3876 3304 3930 deinde
3342 3883 3455 3929 tan~

1876 3985 1996 4036 dem
2028 3981 2093 4034 ad
2126 3979 2396 4033 allerenda
2432 3976 2539 4029 Deo
2569 3974 2709 4029 dona
2745 3970 3026 4033 accedere,
3057 3983 3154 4023 nec
3178 3967 3451 4039 quaelibet,

1876 4071 1969 4129 sed
1998 4086 2118 4141 qua:
2142 4071 2259 4140 ipse
2291 4065 2703 4138 prasscripserit.
2732 4063 2888 4117 Prius
2919 4061 3022 4123 dic,
3051 4060 3235 4123 Pater,
3263 4059 3455 4113 deinde

1873 4177 1997 4236 pete
2026 4178 2145 4235 quae
2183 4168 2503 4230 sequuntur.
2538 4155 2797 4224 Expende
2841 4160 3021 4207 autem
3066 4160 3117 4206 te
3156 4150 3350 4219 ipsum,
3384 4164 3452 4205 ex

1875 4256 2019 4327 quali
2043 4256 2150 4309 vita
2173 4253 2431 4316 accedas;
2466 4266 2534 4303 an
2561 4248 2752 4318 dignus
2771 4246 2845 4300 sis
2863 4246 2952 4313 qui
2981 4252 3228 4299 sanctum
3261 4243 3451 4308 Deum,

1875 4359 2082 4420 patrem
2134 4358 2284 4401 tuum
2328 4341 2584 4414 appelles.
2624 4340 2721 4394 Est
2769 4338 2920 4393 nobis
2965 4351 3088 4390 cum
3130 4343 3319 4390 sancto
3355 4348 3454 4403 per

190 4446 492 4509 οἰκείωσις.
532 4446 597 4498 El
643 4445 821 4515 βούλει
857 4446 944 4499 ἀεὶ
992 4446 1103 4516 (75)
1150 4447 1262 4511 υίὸς
1296 4446 1390 4499 τοῦ
1430 4446 1583 4515 ἁγίου
1613 4443 1767 4512 εἶναι,

1876 4443 2287 4501 sanctimoniam
2340 4438 2708 4500 necessitudo,
2746 4434 3213 4513 familiaritasque.
3262 4430 3319 4485 Si
3368 4430 3454 4485 vis

191 4538 471 4609 ἁγιασμός
521 4554 582 4590 σε
627 4537 954 4592 υἰοθετείτω.
1013 4538 1304 4606 Ἐνέγκατε
1349 4535 1444 4591 οὖν
1476 4539 1553 4610 τῷ
1581 4540 1770 4611 Κυρίῳ

1877 4549 2090 4603 semper
2133 4532 2273 4585 ﬁlius
2317 4529 2489 4584 sancti
2523 4543 2664 4592 esse,
2695 4527 2954 4583 sanctitas
2986 4534 3037 4579 te
3065 4508 3166 4578 sibi
3207 4536 3305 4592 pro
3342 4520 3455 4574 lilio

191 4632 299 4701 οὐχ
350 4631 402 4682 οἱ
437 4630 714 4701 τυχόντες,
743 4630 863 4685 οὐδὲ
890 4633 940 4685 οἱ
975 4633 1040 4685 ὲκ
1060 4630 1169 4685 τῶν
1208 4631 1498 4702 τυχόντων,
1527 4631 1641 4686 ἀλλ’
1666 4633 1767 4686 υἱοὶ

1878 4628 2117 4694 adoptet.
2158 4620 2358 4676 AIIerte
2388 4621 2569 4691 itaque
2599 4618 2830 4674 Domino
2863 4633 2968 4669 non
2999 4614 3248 4684 quilibet,
3278 4625 3453 4680 neque

192 4720 293 4776 τοῦ
343 4720 497 4790 Θεοῦ.
536 4722 763 4789 Μεγάλα
815 4721 996 4793 μέλλει
1046 4721 1322 4793 ἐπιζητεῖν
1355 4722 1423 4776 τὰ
1471 4722 1652 4793 δῶρα·
1683 4721 1767 4774 διὰ

1878 4735 1943 4775 ex
1966 4714 2297 4788 quibuslibet
2321 4712 2588 4784 prognati,
2619 4712 2713 4766 sed
2740 4710 2832 4763 lilii
2863 4708 2979 4762 Dei.
3003 4705 3342 4773 Quaesiturus
3371 4712 3453 4756 est

191 4811 358 4866 τοῦτο
409 4812 674 4882 μεγάλους
702 4812 987 4882 ἐκλέγεται
1014 4815 1141 4876 τοὺς
1195 4814 1623 4885 προσφέροντας.
1655 4814 1767 4866 Ἵνα

1880 4814 2015 4867 dona
2047 4823 2270 4880 magna;
2314 4807 2434 4861 ideo
2477 4817 2698 4874 magnos
2734 4803 2880 4856 viros
2905 4800 3056 4870 eligit
3079 4798 3169 4867 qui
3198 4794 3449 4850 oderant.

191 4904 309 4975 γάρ
359 4920 451 4957 σου
510 4905 584 4975 μὴ
642 4905 772 4976 ῥίψῃ
825 4906 999 4975 χαμαὶ
1028 4906 1155 4969 τοὺς
1186 4905 1503 4976 λογισμοὺς,
1536 4905 1671 4974 μηδέ
1709 4922 1767 4958 σε

1883 4900 2090 4955 Etenim
2127 4914 2193 4951 ne
2230 4909 2347 4950 tuas
2381 4891 2737 4965 cogitationes
2773 4890 2919 4945 humi
2968 4887 3207 4958 dejiciat,
3237 4900 3368 4940 neve
3396 4885 3451 4938 in

194 4995 406 5066 ποιήσῃ
437 4994 590 5065 κριὸν
630 4994 692 5048 τὺ
736 4995 929 5063 ἄλογον
969 4995 1128 5049 τοῦτο
1167 4996 1473 5067 τετράπουν
1518 4995 1615 5048 καὶ
1646 4995 1767 5066 βλη-

1875 5006 2040 5046 causa
2075 4991 2167 5052 sit,
2198 5003 2297 5042 cur
2337 4987 2560 5040 arietem
2614 4984 2830 5038 brtttum
2880 4981 3007 5035 illud
3048 4980 3356 5049 quadrupes
3395 4985 3453 5029 et

193 5084 423 5157 χητικὸν
456 5083 595 5150 ζῶον
628 5083 929 5158 ἐπιζητεῖν,
972 5085 1049 5149 ὡς
1086 5087 1153 5140 ὲκ
1195 5086 1295 5157 τῆς
1343 5085 1534 5139 τούτου
1583 5084 1767 5150 θυσίας

1874 5085 2063 5138 balans
2113 5079 2313 5136 animal
2355 5079 2619 5148 inquiras,
2649 5087 2909 5145 tanquam
2958 5073 3059 5128 hac
3098 5073 3200 5126 ista
3228 5067 3448 5124 victima

266 5231 316 5264 δ’
340 5232 380 5289 II
413 5231 539 5289 Cor.
568 5249 602 5288 v
648 5232 703 5288 4.
779 5231 825 5266 ⁸³
845 5233 989 5289 Psal.
1020 5247 1108 5297 xc,
1133 5233 1219 5287 IO.
1296 5232 1343 5268 “
1372 5231 1533 5286 Prov.
1575 5248 1696 5298 nx,
1729 5234 1767 5287 II

1892 5233 1938 5265 ⁸⁸
1969 5229 2171 5287 Jerem.
2217 5246 2296 5295 XI,
2330 5228 2415 5284 15.

1939 5369 2054 5437 (7‘).)
2118 5368 2233 5420 Duo
2271 5367 2357 5420 illa
2411 5380 2531 5435 quas
2566 5365 2663 5437 hic
2706 5364 3062 5437 proferuntur
3107 5360 3442 5437 testimonia,

1865 5432 2093 5492 alterum
2125 5451 2153 5487 c
2172 5432 2501 5501 Proverbiis,
2528 5432 2757 5489 alterum
2785 5452 2814 5490 e
2840 5433 3094 5496 Jeremia,
3126 5433 3177 5485 in
3202 5432 3316 5501 suis
3343 5447 3443 5484 no-

197 5500 376 5583 qmm?
397 5500 971 5583 f,,cien¢§bu,.’MmAN,
1414 5581 1422 5583 4
1472 5500 1484 5512 '
1622 5500 1685 5583 J'
1869 5510 2207 5583 tis_il_lus_trat
2233 5500 2830 5583 Du_c:ens.'h_loxha_l_iqui
2871 5519 3002 5558 mss.
3044 5503 3139 5583 gari;
3164 5500 3444 5583 τῷηπροσ.

268 5571 695 5653 (70)Ὀοιι)οι·ιίιιί
730 5586 999 5637 secundus
1023 5592 1077 5638 et
1118 5592 1343 5690 quartus
1396 5581 1430 5652 ἦ
1460 5598 1580 5634 τινα
1615 5579 1766 5651 ἕχον-

268 5669 295 5690 ,ιο
335 5651 470 5690 Infra
504 5652 635 5690 ΩιιΙῆ
689 5653 953 5690 connndnc
990 5652 1130 5690 ne"...
1157 5671 1220 5690 nr»-
1245 5669 1339 5690 nm
1364 5651 1602 5690 Rinuninr

1937 5577 2049 5648 (75)
2088 5576 2198 5629 Vox
2230 5576 2318 5629 ἀεί
2346 5578 2500 5630 deest
2526 5578 2578 5629 in
2615 5571 2774 5632 ColbI
2800 5586 3013 5642 quarto.
3048 5572 3190 5626 Infra
3218 5571 3446 5625 Colber—

1873 5648 1964 5690 l-ini
1998 5648 2266 5690 smmmlns
2292 5655 2346 5690 et
2383 5656 2608 5690 ωιτη-1ης
2645 5656 2700 5690 et
2740 5645 2829 5690 alii
2859 5646 2964 5690 (Itm
2996 5640 3148 5690 mss.’
3170 5640 3443 5690 ἱλεοῦσθαι

203 5640 471 5725 “id”?!
504 5652 654 5707 CO'b-
689 5653 955 5725 secundth
990 5640 1220 5725 θεωρίας
1245 5669 1339 5720 pro
1364 5640 1620 5725 διανοίας.

1873 5640 1964 5725 lini
1998 5640 2357 5725 sermntluset
2383 5656 2608 5725 quartus
2645 5656 2700 5700 et
2740 5640 2832 5699 alii
2859 5646 2964 5697 duo
2995 5640 3443 5725 mss.'-l_iteo§oegt

270 5709 382 5791 (71)
411 5722 499 5777 Sic
521 5733 723 5793 septem
748 5738 880 5793 mss.
906 5722 1049 5780 Editi
1076 5709 1347 5780 v'ero'c'um
1378 5722 1561 5793 Regiis
1582 5709 1766 5792 primo

1873 5717 1955 5793 τρν
2002 5717 2237 5793 Κύριον..
2255 5716 2360 5771 Sed
2390 5709 2483 5771 alii
2512 5731 2607 5772 sex
2659 5731 2790 5773 mss.
2822 5728 2974 5783 teque
3023 5726 3088 5768 ac
3110 5712 3239 5768 editi
3271 5709 3444 5763 ἱλεοῦ-

200 5803 256 5845 ct
279 5785 485 5861 ’ψει-ιο
523 5785 705 5846 καλῶν
730 5792 926 5863 ἔργων.
1462 5785 1490 5793 ⁷
1591 5785 1610 5792 ’

1873 5785 1994 5843 σθαι
2025 5785 2117 5841 τὸν
2140 5786 2291 5841 Θεόν.

273 5371 385 5454 ίϐθ)
418 5371 547 5439 Τοῖς
564 5371 809 5454 ’ζερεῦσι
833 5371 932 5426 καὶ
949 5372 1089 5454 ’τοῖς
1123 5374 1397 5454 Λευίταις
1443 5370 1767 5454 ἀφεμένοις

198 5442 306 5497 τοῦ
333 5442 530 5510 ἔργου.
564 5442 744 5504 Verte,
776 5444 1133 5496 sacerdotibus
1159 5454 1205 5497 et
1251 5444 1418 5498 levitis
1442 5458 1570 5512 opus
1599 5445 1765 5510 negli-
