3818 6220
391 285 497 342 ’283

1742 286 1799 338 ὃ.
1840 283 2083 336 BASILII
2127 277 2341 334 MAGNI

3579 292 3681 342 234

389 417 636 471 sperares
683 401 845 457 Detnn
896 402 1159 470 placatum
1208 401 1272 454 iri
1305 420 1315 453 :
1346 401 1576 470 Aﬂ’erle,
1623 400 1817 466 inquit,
1868 399 1945 452 Do

2079 397 2380 468 προσδοκᾷν
2419 396 2686 450 ἱλεοῦσθαι
2712 397 2801 452 τὸν
2825 398 2975 461 Θεὸν,
3021 399 3354 468 Ἐνέγκατε,
3400 404 3579 469 φησὶ,
3607 398 3678 464 τῷ

387 499 548 559 mino,
598 496 706 564 filii
759 495 876 549 Dei.
923 493 1105 563 Neque
1151 495 1293 547 enim
1354 509 1490 562 Opus
1553 492 1663 561 jam
1711 492 1839 558 ﬁlio,
1908 503 1963 545 ut

387 588 553 641 ﬁlium
583 589 755 656 ipsum
797 585 1012 640 oﬁ'eras.
1047 584 1154 639 Sed
1194 587 1237 640 si
1271 584 1413 639 ﬁlius
1440 595 1524 639 est
1549 584 1826 656 quidpiam
1853 600 1964 637 ma-

389 695 574 748 gmnn,
607 679 768 732 etiam
815 678 864 730 id
905 677 1046 748 quod
1082 675 1328 740 offertur,
1362 676 1638 745 quidpiam
1684 691 1960 744 maguum,

389 778 441 820 et
474 768 863 822 lilii-charitate
905 782 970 821 ac
1025 779 1248 837 paterna
1284 767 1543 835 dignitate
1575 767 1792 835 dignum
1842 781 1964 821 esse

387 874 565 926 opera:
618 861 848 927 pretium
904 868 1006 912 est.
1050 857 1247 926 A/ferte
1293 859 1488 926 igitur,
1550 857 1762 926 inquit,
1821 857 1962 925 ﬁlios

387 951 634 1010 arietum,
677 958 735 1002 ut
788 950 822 1002 ii
879 950 1044 1003 etiam
1101 949 1189 1016 qui
1247 965 1275 1001 a
1332 948 1486 1002 vobis
1541 946 1858 1014 oﬁ'eruntur,
1895 965 1962 1004 ex

387 1043 512 1096 ﬁliis
543 1045 774 1096 arietum
804 1043 855 1096 in
893 1042 1033 1098 ﬁlios
1069 1043 1160 1098 Dei
1193 1049 1642 1097 transmutentur.

457 1133 511 1186 2.
554 1133 711 1187 Aries
770 1135 967 1188 animal
1020 1143 1101 1189 est
1157 1134 1515 1204 principatum
1570 1144 1776 1194 tenens.
1821 1135 1962 1203 quod

391 1223 548 1294 115
583 1240 712 1278 oves
748 1225 1019 1278 antecedit
1055 1226 1120 1278 ad
1155 1241 1349 1294 pascua
1378 1227 1592 1294 pabula,
1616 1236 1670 1280 et
1699 1227 1764 1280 ad
1790 1241 1960 1296 aqua-

387 1330 506 1368 rum
538 1317 802 1375 levamen.
835 1331 1126 1385 rursusque
1169 1316 1235 1368 ad
1281 1315 1551 1369 stabulum
1581 1325 1636 1371 et
1663 1318 1728 1370 ad
1752 1317 1956 1372 caulas.

387 1406 546 1461 Tales
591 1409 757 1461 etiam
816 1417 939 1461 sunt
982 1409 1202 1476 quidam
1245 1409 1424 1477 gregis
1457 1406 1654 1462 Christi
1700 1409 1958 1477 praefecti,

385 1499 476 1567 qui
513 1497 659 1550 illum
692 1499 755 1550 ad
781 1498 967 1550 llorida
1002 1507 1055 1552 et
1086 1500 1356 1553 odoril'era
1383 1499 1642 1555 doctrina:
1663 1499 1960 1568 spiritualis

383 1588 577 1658 pabula
614 1589 900 1651 deducunt,
931 1603 994 1641 ac
1030 1587 1235 1656 Spiritu
1280 1600 1468 1644 sancto
1504 1590 1787 1661 largiente,
1820 1607 1957 1660 aqua

383 1680 501 1732 viva
554 1680 800 1748 irrigant,
837 1687 891 1734 et
925 1681 1159 1750 erigunt,
1193 1690 1248 1735 et
1287 1681 1354 1734 ad
1389 1681 1620 1736 fructum
1661 1683 1960 1752 producen-

2069 489 2282 556 Κυρίῳ,
2318 491 2431 542 υἱοὶ
2469 490 2638 544 Θεοῦ.
2683 491 2756 542 Οὐ
2784 491 2890 562 γάρ
2923 491 3039 543 υἱού
3066 493 3242 562 χρεία,
3274 494 3363 545 ἵνα
3397 495 3530 545 υἱὸν
3587 498 3677 546 αὐ-

2071 579 2162 633 τὸν
2197 582 2487 654 προσφέρῃ
2520 582 2655 652 (74),
2687 582 2800 636 ἀλλ’
2832 585 2879 635 εἰ
2916 584 3056 654 μέγα
3090 603 3141 636 τι
3175 587 3202 636 ὁ
3235 585 3378 648 υἱὸς,
3423 587 3585 656 μέγα
3629 605 3673 639 τι

2068 673 2161 725 καὶ
2187 672 2405 738 ἐπάξιον
2438 675 2536 745 τῆς
2567 692 2626 728 τε
2657 675 2774 728 υἱοῦ
2798 675 3092 740 διαθέσεως
3126 677 3219 729 καὶ
3241 679 3344 748 τῆς
3378 683 3674 750 πατρικῆς

2067 759 2221 824 ἀξίας
2257 763 2317 815 τὸ
2346 764 2786 835 προσφερόμενον
2820 762 2957 819 εἶναι
2983 767 3281 837 προσῆκεν.
3323 771 3516 836 Υἰοὺς
3552 768 3666 832 οὖν,

2068 857 2250 924 φησὶν,
2284 855 2568 925 ἐνέγκατε
2601 855 2814 925 κριῶνο
2865 859 2953 910 ἵνα
2999 860 3092 912 καὶ
3138 861 3292 914 αὐτοὶ
3329 864 3381 915 οἱ
3422 881 3669 935 7:905:33-

2069 947 2287 1017 ρόμενοι
2324 949 2452 1018 παρ’
2488 948 2640 1018 ὐμῶν
2671 949 2778 1002 ἀπὸ
2821 949 2915 1001 τοῦ
2957 947 3096 1004 εἶναι
3142 953 3247 1004 υίοὶ
3279 954 3470 1024 κριῶν
3501 957 3586 1018 εἰς
3613 955 3669 1007 τὸ

2065 1036 2319 1105 γενέσθαι
2349 1039 2453 1091 υἱοὶ
2491 1038 2628 1092 Θεοῦ
2669 1039 3077 1110 μεταϐάλωνται
3117 1044 3250 1114 (75).

2135 1129 2191 1183 2.
2238 1129 2294 1182 Ὀ
2323 1131 2476 1200 κριὸς
2518 1131 2700 1185 τοίνυν
2753 1135 3079 1204 ἡγεμονικόν
3113 1139 3228 1188 ἐστι
3281 1137 3434 1201 ζῶον
3461 1181 3478 1205 ,
3532 1142 3664 1193 καθ-

2062 1220 2197 1290 ηγού
2207 1239 2366 1290 μενον
2390 1223 2494 1292 (76)
2522 1223 2630 1276 τῶν
2649 1226 2934 1295 προϐάτων
2958 1227 3049 1279 ἐπί
3075 1246 3133 1282 τε
3152 1231 3324 1299 νομὰς
3352 1233 3664 1303 τροφίμοκ

2064 1313 2161 1365 καὶ
2190 1314 2523 1377 ἀναπαύσεις
2559 1315 2788 1380 ὑδάτων,
2838 1317 2931 1369 καὶ
2967 1317 3127 1370 πάλιν
3161 1319 3251 1371 ἐπὶ
3274 1323 3515 1390 ,σηκοὺς
3568 1325 3662 1375 καὶ

2063 1405 2340 1468 ἐπαύλεις.
2379 1407 2623 1461 Τοιοῦτοι
2660 1408 2717 1461 δέ
2756 1425 2900 1472 τινες
2933 1411 3027 1463 καὶ
3060 1412 3107 1463 oi
3141 1411 3240 1480 τῆς
3269 1413 3529 1484 ποίμνης
3570 1416 3660 1467 τοῦ

2061 1496 2300 1566 Χριστοῦ
2331 1498 2673 1568 προεστῶτες
2692 1516 2705 1530 '
2744 1500 3076 1570 προάγοντες
3116 1504 3214 1572 μὲν
3243 1505 3337 1556 ἐπὶ
3368 1506 3481 1568 τὰς
3507 1507 3662 1558 εὐαν-

2068 1587 2181 1651 θεῖς
2212 1589 2305 1640 καὶ
2349 1589 2568 1654 εὐώδεις
2610 1592 2708 1661 τῆς
2744 1595 3122 1664 πνευματικῆς
3153 1595 3520 1661 διδασκαλίας
3542 1617 3663 1669 τρο-

2064 1679 2191 1748 φάς,
2233 1680 2325 1733 καὶ
2366 1680 2517 1733 ὐδατι
2553 1681 2716 1746 ζῶντι
2742 1687 2806 1755 τῇ
2847 1686 3174 1758 ἐπιχορηγίᾳ
3201 1688 3294 1740 τοῦ
3328 1690 3664 1760 Πνεύματος

384 1771 511 1823 dum
547 1773 845 1836 enutriunt,
891 1772 1308 1841 conducuntque
1337 1773 1402 1824 ad
1436 1774 1698 1840 requiem,
1733 1788 1795 1827 ac
1836 1790 1950 1827 eum

2079 1769 2313 1838 ἱρδοντες
2336 1772 2428 1824 καλ⁸
2464 1772 2725 1841 ὑψούντες
2763 1778 2856 1828 καὶ
2877 1776 3012 1848 πρὸς
3043 1779 3430 1848 καρποφορίαν
3469 1783 3664 1851 ἐκτρέ-

384 1861 454 1914 ab
489 1863 892 1917 insidiatoribus
937 1863 1173 1917 elﬁciunt
1224 1878 1498 1918 securum.
1545 1864 1746 1919 Horum
1798 1867 1958 1935 igitur

385 1955 524 2009 ﬁlios
557 1971 584 2008 a
617 1955 708 2008 Dei
761 1955 882 2009 ﬁliis
928 1957 993 2009 ad
1032 1957 1315 2010 Dominmn
1349 1958 1538 2012 adduci
1572 1957 1702 2011 vult.
1732 1957 1882 2023 Quod
1912 1959 1956 2012 si

383 2046 588 2100 arietes
627 2048 793 2101 duces
823 2059 949 2100 sunt
977 2048 1229 2110 aliorum.
1266 2049 1456 2102 hormn
1489 2050 1675 2116 utique
1708 2050 1800 2102 ﬁlii
1845 2049 1960 2104 fue-

384 2137 514 2203 rint,
542 2139 635 2206 qui
695 2153 792 2207 per
847 2137 1108 2192 bonorum
1160 2154 1384 2206 operum
1435 2139 1672 2192 studium
1713 2155 1778 2194 ex
1813 2142 1960 2209 prac-

383 2229 646 2283 fectorum
679 2230 919 2283 doctrina
943 2230 1007 2282 ad
1045 2230 1206 2282 vitam
1237 2230 1435 2284 virtute
1465 2240 1708 2284 ornatam
1740 2231 1957 2284 formati

383 2327 528 2372 sunt.
577 2318 775 2386 Aﬁ‘erte
825 2319 986 2386 igitur
1037 2317 1287 2382 Domino,
1322 2319 1420 2385 ﬁlii
1468 2318 1586 2383 Dei,
1635 2319 1818 2388 aﬁ'erte
1853 2319 1961 2372 Do-

378 2413 521 2466 mino
548 2412 687 2480 filios
717 2411 960 2462 arietum.
1001 2409 1249 2463 Didicisti
1280 2410 1345 2463 ad
1371 2425 1529 2479 quem
1560 2425 1740 2465 sermo
1769 2411 1961 2465 habea-

381 2502 504 2554 tur?
539 2501 776 2554 didicisti
829 2501 894 2554 de
943 2499 1174 2568 quibus?
1219 2499 1417 2568 A/ferte
1472 2499 1719 2566 Domino,
1762 2501 1955 2570 inquit,

378 2595 605 2664 gloriam
635 2604 680 2647 et
714 2593 982 2646 honorem.
1018 2593 1299 2660 Quomodo
1333 2594 1497 2663 igitur
1527 2611 1644 2656 nos,
1674 2594 1766 2663 qui
1811 2604 1956 2649 terra

379 2703 566 2742 sumus
609 2696 664 2741 et
711 2687 847 2740 cinis
879 2686 944 2751 "',
977 2685 1204 2740 Domino
1261 2701 1458 2756 magno
1509 2688 1733 2757 gloriam
1778 2688 1958 2743 aﬁ‘eri-

379 2779 537 2832 Inus?
567 2778 836 2848 quomodo
880 2788 928 2830 et
976 2779 1269 2831 honorent?
1307 2779 1548 2833 Gloriam
1589 2780 1828 2848 quidem,
1862 2795 1959 2848 per

377 2869 516 2923 bona
557 2883 740 2938 opera,
772 2883 895 2923 cum
932 2867 1169 2922 luxerint
1201 2883 1365 2938 Opera
1403 2879 1582 2922 nostra
1638 2884 1820 2924 coram
1861 2871 1958 2924 ho-

379 2960 639 3023 minibus,
669 2960 804 3012 adeo
841 2970 898 3011 ut
940 2959 1186 3012 homines
1214 2957 1470 3026 Operihus
1503 2959 1704 3013 nostris
1737 2974 1959 3030 conspe-

379 3052 481 3105 ctis
510 3050 723 3104 Patrem
766 3060 1010 3103 nostrum
1045 3052 1133 3118 qui
1180 3051 1232 3104 in
1275 3051 1426 3106 caelis
1473 3060 1558 3105 est
1586 3050 1818 3104 alliciant
1847 3052 1954 3121 glo-

2061 1877 2251 1928 φοντες
2271 1879 2282 1890 ·
2313 1863 2635 1934 ὁδηγοῦντες
2666 1867 2724 1918 δέ
2758 1869 2896 1938 πρὸς
2921 1869 3244 1934 ἀνάπαυσιν,
3283 1874 3378 1924 καὶ
3405 1873 3518 1944 τὴν
3554 1876 3661 1926 ἀπὸ

2060 1953 2168 2006 τῶν
2228 1955 2690 2011 ἐπιϐουλευόντων
2740 1959 3058 2028 ἀσφάλειαν.
3112 1963 3332 2016 Τούτων
3372 1961 3475 2018 οὖν
3530 1968 3660 2029 τοὺς

2060 2045 2210 2108 υἱοὺς
2238 2047 2390 2116 παρὰ
2426 2047 2533 2100 τῶν
2559 2049 2689 2102 υἱῶν
2710 2050 2803 2103 τοῦ
2833 2051 2969 2104 Θεοῦ
2993 2054 3366 2123 προσάγεσθαι
3393 2056 3657 2126 βούλεται

2058 2135 2137 2206 τῷ
2178 2137 2369 2208 Κυρίῳ
2399 2141 2426 2192 ὁ
2457 2139 2632 2208 λόγος.
2663 2143 2726 2195 Εἰ
2755 2143 2812 2195 δὲ
2841 2144 2988 2214 κριοὶ
3015 2145 3064 2196 οἱ
3099 2147 3514 2217 προηγούμενοι
3547 2149 3656 2201 τῶν

2059 2225 2260 2278 λοιπῶν
2304 2228 2438 2297 (77),
2491 2230 2600 2282 υἱοὶ
2633 2230 2698 2283 ἂν
2734 2232 2939 2286 τούτων
2981 2231 3090 2288 εἷεν
3125 2238 3172 2288 οἱ
3215 2237 3354 2306 πρὸς
3386 2237 3485 2290 τὸν
3532 2239 3652 2290 κατ’

2059 2317 2261 2388 ἀρετὴν
2298 2317 2411 2387 βίον
2439 2319 2526 2372 διά
2565 2319 2667 2390 τῆς
2694 2321 2803 2374 τῶν
2832 2323 3054 2391 ἀγαθῶν
3097 2325 3270 2395 ἔργων
3304 2326 3552 2396 σπουδῆς
3585 2331 3651 2380 ἐκ

2058 2409 2156 2478 τῆς
2207 2409 2556 2475 διδασκαλίας
2600 2412 2707 2466 τῶν
2752 2415 3128 2486 ,προεστώτων
3191 2419 3647 2488 μεμορφωμένοι.

2071 2499 2383 2568 Ἐγέγκατε
2413 2499 2504 2556 οὖν
2522 2503 2602 2569 τῷ
2633 2507 2847 2573 Κυρίῳ,
2880 2508 2998 2560 υἱοὶ
3035 2509 3202 2571 Θεοῦ,
3237 2509 3530 2578 ἐνέγκατε
3566 2510 3648 2575 τῷ

2058 2592 2251 2659 Κυρίῳ
2281 2593 2450 2660 υἱοὺς
2478 2594 2677 2662 κριῶν.
2717 2597 2958 2667 Ἔμαθες
2990 2599 3095 2652 τίνι
3133 2599 3439 2668 διαλέγεται
3466 2618 3482 2665 ;
3506 2601 3645 2671 ἐμα-

2059 2682 2151 2745 θες
2185 2686 2313 2754 περὶ
2338 2687 2499 2739 τίνων
2530 2687 2638 2758 (78)
2665 2705 2677 2753 ;
2737 2689 3046 2758 Ἐνέγκατε
3086 2689 3165 2755 τῷ
3198 2693 3420 2758 Κυρίῳ,
3465 2695 3602 2763 φησὶ
3624 2733 3640 2756 ,

2057 2772 2245 2838 δόξαν
2274 2777 2371 2829 καὶ
2399 2778 2597 2847 τιμήν.
2628 2779 2752 2843 Πῶς
2786 2778 2879 2834 οὖν
2921 2783 3100 2852 ἡμεῖς,
3134 2785 3166 2853 ἡ
3195 2783 3265 2853 γῆ
3294 2784 3389 2835 καὶ

2055 2859 2134 2934 τῷ
2168 2866 2390 2937 μεγάλῳ
2414 2869 2606 2940 Κυρίῳ
2629 2868 2817 2933 δόξαν
2848 2873 3228 2943 προσφέρομεν
3261 2873 3399 2941 (79);
3432 2875 3556 2936 πῶς
3586 2877 3643 2928 δὲ

2056 2958 2156 3012 καὶ
2191 2959 2410 3027 τιμήν;
2440 2961 2609 3025 Δόξαν
2637 2963 2734 3032 μέν
2763 2963 2851 3018 διά
2886 2966 2992 3018 τῶν
3023 2967 3240 3034 ἀγαθῶν
3272 2966 3475 3036 ἔργων,
3513 2969 3643 3020 ὅταν

2055 3049 2247 3124 λάμπῃ
2289 3052 2358 3105 τὰ
2396 3053 2534 3124 ἔργα
2587 3055 2741 3125 ήμῶν
2794 3057 3106 3128 ἔμπροσθεν
3157 3057 3264 3110 τῶν
3306 3058 3638 3129 ἀνθρώπων,

379 3146 458 3198 ria
481 3144 546 3197 ⁸⁷.
595 3141 724 3196 Item
752 3158 848 3212 per
872 3142 1282 3210 temperantiam
1325 3158 1389 3196 ac
1415 3157 1510 3213 per
1539 3144 1950 3198 sanctimoniam

2079 3141 2198 3196 ὐστε
2230 3144 2438 3208 ἰδόντας
2467 3147 2593 3209 τοὺς
2622 3147 2944 3219 ἀνθρώπους
2969 3149 3038 3201 τὰ
3063 3149 3201 3220 ἔργα
3229 3149 3386 3220 ἡμῶν
3413 3149 3643 3215 δοξάσαι

376 3235 444 3289 iis
487 3236 575 3302 qui
633 3235 886 3303 pietatem
943 3235 1264 3303 proﬁtentur
1314 3235 1721 3290 convenientem
1776 3245 1951 3304 p0test

375 3326 500 3396 quis
534 3328 639 3380 Deo
679 3325 903 3394 gloriam
949 3324 1097 3387 dare,
1127 3325 1283 3394 juxta
1316 3324 1466 3378 Pauli
1500 3325 1948 3388 admonitionem,

376 3418 607 3470 dicentis
640 3434 652 3469 :
692 3416 999 3483 Cleri/ictuc
1051 3415 1220 3468 Deum
1273 3418 1326 3469 in
1381 3417 1628 3470 membris
1669 3419 1848 3471 vestris
1880 3417 1946 3471 ⁸⁸.

375 3506 528 3561 Hanc
550 3509 711 3560 etiam
740 3507 965 3574 gloriam
998 3507 1258 3560 Dominus
1290 3508 1519 3577 requirit
1549 3509 1617 3561 ah
1659 3507 1746 3575 iis,
1776 3509 1865 3577 qui
1895 3509 1947 3562 in

376 3601 549 3667 ipsum
594 3600 844 3664 credunt,
874 3607 929 3652 et
970 3599 1282 3667 adoptionis
1313 3615 1538 3653 munere
1567 3600 1768 3669 dignati
1801 3610 1946 3655 sunt.

376 3689 554 3742 Filius
594 3692 750 3753 enim,
789 3691 982 3758 inquit,
1015 3691 1278 3760 gloriﬁcut
1318 3703 1518 3757 patrem
1552 3691 1634 3759 ‘9;
1667 3701 1740 3758 et,
1772 3692 1832 3746 Si
1861 3709 1948 3760 pa-

374 3794 451 3834 ter
475 3798 566 3851 ego
609 3798 758 3846 sum,
797 3783 880 3834 ubi
933 3791 1008 3833 est
1052 3781 1224 3849 gloria
1267 3797 1380 3833 mea
1406 3781 1472 3834 ⁸ο.
1508 3780 1777 3834 Honorem
1819 3795 1948 3835 vero

373 3871 528 3926 aﬂ'crt
559 3873 668 3926 Deo
705 3876 772 3937 in,
797 3873 888 3941 qui
915 3873 1214 3926 secundum
1247 3871 1593 3925 Proverbium
1621 3871 1664 3902 ‘“
1699 3888 1764 3926 ex
1787 3871 1949 3939 justis

373 3965 487 4017 suis
527 3964 800 4018 laboribus
832 3964 998 4017 Deum
1036 3964 1287 4026 honorat,
1314 3978 1374 4016 ac
1411 3964 1457 4015 ei
1491 3965 1555 4016 de
1581 3962 1806 4031 justitiaa
1838 3979 1948 4018 sua:

375 4056 641 4108 fructibus
673 4057 763 4109 dat
794 4057 1081 4125 primitias.
1115 4055 1180 4108 Et
1203 4055 1448 4123 quisquis
1473 4057 1537 4109 de
1569 4057 1727 4111 rebus
1749 4056 1948 4113 divinis

371 4148 619 4201 ordinate
666 4149 906 4216 sciteque
960 4149 1200 4212 disserit,
1249 4149 1385 4201 adeo
1439 4157 1496 4200 ut
1541 4165 1756 4218 semper
1802 4162 1948 4205 recte

372 4238 573 4290 sentiat
622 4239 690 4293 de
735 4237 923 4302 Patre,
977 4240 1043 4292 de
1093 4237 1366 4307 Uuigeuiti
1412 4239 1726 4305 divinitate,
1773 4241 1946 4308 deque

371 4329 606 4398 Spiritus
649 4331 820 4384 sancti
872 4331 1060 4400 gloria,
1105 4331 1333 4384 Domino
1377 4330 1582 4384 deferte
1621 4331 1842 4397 gloriam
1892 4343 1946 4386 et

371 4420 655 4477 honorem.
691 4422 929 4477 Gloriam
970 4433 1148 4476 autem
1181 4431 1362 4492 auget,
1395 4421 1486 4490 qui
1521 4423 1784 4478 rationem
1820 4426 1942 4480 red-

2056 3233 2148 3286 τὸν
2181 3235 2399 3307 Πατέρα
2433 3237 2591 3308 ἡμῶν
2631 3238 2723 3290 τὸν
2759 3241 2817 3290 ἐν
2843 3242 2954 3302 τοῖς
2977 3241 3246 3311 οὐρανοῖς.
3282 3241 3392 3293 Καὶ
3420 3241 3515 3292 διὰ
3540 3258 3645 3293 σω-

2057 3325 2332 3396 φροσύνης
2371 3326 2583 3379 καὶτοῦ
2618 3327 3000 3392 ἐπιϐάλλοντος
3058 3333 3169 3393 τοῖς
3222 3330 3320 3400 τὴν
3353 3330 3642 3384 εὐσέϐειαν

2057 3417 2551 3489 ἐπαγγελλομένοις
2577 3419 2854 3489 ἁγιασμοῦ
2882 3419 3101 3484 δοξάσαι
3126 3421 3348 3474 δυνατόν
3387 3423 3504 3472 ἐστι
3548 3421 3643 3473 τὶν

2056 3506 2185 3561 Θεὸν
2222 3509 2362 3562 κατὰ
2405 3510 2503 3580 τὴν
2549 3509 2644 3563 τοῦ
2693 3511 2908 3564 Παύλου
2960 3513 3303 3583 παραίνεσιν,
3349 3511 3639 3578 λέγοντος·

2055 3598 2359 3661 Δοξάσατε
2383 3598 2459 3666 δὴ
2486 3599 2592 3654 τὸν
2615 3601 2766 3654 Θεὸν
2792 3603 2861 3655 ἐν·
2886 3601 3008 3668 τοῖς
3039 3603 3292 3671 μέλεσιν
3310 3600 3477 3670 ὑμῶν
3503 3601 3640 3671 (80).

2055 3690 2270 3762 Ταύτην
2297 3693 2390 3745 καὶ
2411 3694 2633 3746 ἀπαιτεῖ
2665 3692 2818 3763 παρὰ
2838 3693 2945 3747 τῶν
2975 3696 3053 3756 εἰς
3083 3694 3243 3746 αὐτὸν
3271 3693 3640 3745 πιστευόντων

2054 3784 2149 3835 καὶ
2198 3783 2276 3854 τῷ
2329 3784 2630 3856 χαρίσματι
2676 3788 2777 3856 τῆς
2813 3785 3084 3849 υἱοθεσίας
3122 3785 3504 3856 τετιμημένων
3540 3785 3642 3856 τὴν

2053 3872 2210 3938 δόξαν
2246 3876 2274 3925 ὁ
2307 3873 2532 3946 Κύριος.
2578 3874 2708 3940 Υἱὸς
2732 3875 2864 3944 γὰρ,
2900 3876 3082 3944 φησὶν,
3113 3872 3338 3938 δοξάζει
3367 3873 3598 3940 πατέρα
3622 3889 3635 3902 ·

2054 3970 2168 4036 καὶ,
2198 3971 2264 4022 El
2301 3968 2494 4037 πατήρ
2529 3971 2647 4038 ειμι
2677 3969 2812 4038 ἐγὼ,
2853 3970 2971 4024 ποῦ
3011 3970 3186 4023 ἐστιν
3213 3969 3252 4032 ἡ
3294 3967 3444 4032 δόξα
3473 3985 3638 4037 μου;

2054 4061 2230 4132 Τιμὴν
2260 4060 2317 4112 δὲ
2344 4061 2497 4130 φέρει
2524 4060 2600 4130 τῷ
2629 4061 2748 4132 Θεῷ
2769 4063 2796 4112 ὁ
2828 4061 2968 4115 κατὰ
2997 4061 3095 4131 τὴν
3129 4059 3435 4131 Παροιμίαν
3460 4060 3639 4130 τιμῶν

2053 4154 2142 4206 τὸν
2163 4153 2295 4206 Θεὸν
2322 4153 2427 4205 ἀπὸ
2457 4153 2564 4206 τῶν
2599 4153 2823 4206 δικαίων
2850 4153 3044 4205 ἐαυτοῦ
3075 4153 3274 4215 πόνων,
3317 4152 3415 4205 καὶ
3451 4153 3639 4222 ἀπαρ-

2053 4245 2278 4315 χόμενος
2324 4245 2471 4316 αὐτῷ
2504 4245 2612 4298 άπὸ
2657 4245 2884 4317 καρπῶν
2911 4243 3075 4297 αὐτοῦ
3111 4243 3477 4314 δικαιοσύνης.
3531 4242 3641 4296 Καὶ

2053 4339 2161 4400 πᾶς
2182 4338 2240 4390 δὲ
2269 4339 2298 4389 ὁ
2322 4337 2767 4407 ἐπιτεταγμένως
2797 4337 2907 4406 (8|)
2952 4335 3218 4404 θεολογῶν
3236 4375 3250 4399 ,
3285 4334 3358 4398 ὡς
3389 4334 3466 4404 μὴ
3491 4337 3638 4388 άπο-

2054 4428 2273 4482 πίπτειν
2310 4428 2409 4498 τῆς
2443 4428 2610 4498 ὀρθῆς
2651 4428 2779 4499 περὶ
2823 4427 3036 4497 Πατρὸς
3075 4427 3305 4492 ἐννοίας,
3355 4426 3456 4478 καὶ
3502 4427 3640 4497 περὶ

442 4603 641 4658 “Gen.
668 4620 819 4669 xvtu,
847 4606 938 4661 ‘27.
1015 4605 1059 4635 ’⁵⁷
1092 4606 1279 4661 Matth.
1308 4622 1363 4671 v,
1396 4605 1484 4659 16.
1561 4606 1606 4638 ⁸⁸
1628 4605 1648 4658 l
1674 4606 1798 4662 Cor.
1831 4624 1904 4676 vr,
1934 4607 1950 4661 ﬁ

2101 4611 2145 4642 ‘9
2178 4610 2408 4666 Malach.
2441 4626 2502 4675 ιι,
2528 4611 2582 4664 6.
2658 4611 2704 4642 ⁸⁰
2739 4608 2870 4662 ibid.
2949 4609 2993 4640 ⁵⁸
3019 4607 3178 4662 Prov.
3212 4623 3293 4674 ιιι,
3320 4607 3372 4662 9.

440 4762 763 4842 (74)_‘Ed_i_tio
791 4763 958 4842 Paris.
990 4763 1076 4816 ἵνα
1111 4764 1224 4842 υίὸν
1246 4763 1406 4842 αὐτὸν
1435 4764 1740 4842 προσφέρῃ.
1775 4766 1949 4842 E_ditio

2123 4765 2511 4842 (77))Nonnulli
2566 4783 2694 4842 mss.
2725 4766 2898 4821 ἄλλων
2919 4765 3278 4842 prolatu-6w.
3311 4764 3433 4842 M9!
3490 4766 3637 4842 Reg.

363 4848 496 4888 vero
549 4833 712 4908 Basil.
754 4845 808 4887 et
833 4837 939 4908 duo
975 4849 1101 4908 mss.
1136 4835 1234 4908 ἵνα
1268 4836 1382 4888 υίὸν
1433 4833 1749 4908 aposset-ipf).
1809 4838 1942 4906 Reg.

366 4906 970 4978 secundusemendatus
999 4903 1086 4978 ἵνα
1127 4906 1282 4978 κριρν
1315 4903 1501 4978 αὐτῷ.’
1538 4903 1620 4961 Ad
1661 4903 1939 4961 Abraham

367 4975 579 5026 videtur
613 4973 841 5046 Basilius
881 4973 1176 5041 respicere.
1201 4976 1315 5030 Hoc
1337 4973 1501 5046 igitur
1537 4980 1718 5032 dicere
1748 4987 1942 5046 putan-

367 5048 467 5116 dus
493 5055 603 5116 est,
643 5060 744 5116 non
768 5044 876 5111 jam
907 5059 1041 5112 opus
1069 5060 1208 5112 esse,
1239 5057 1296 5100 ut
1322 5044 1444 5116 quis
1471 5048 1719 5114 exemplo
1751 5044 1938 5101 'Ahra-

369 5115 449 5166 Inc
483 5115 646 5167 ﬁlium
682 5114 874 5169 oﬁerat
911 5134 922 5167 :
956 5117 1050 5169 sed
1087 5118 1220 5172 satis
1275 5114 1414 5182 esSe,
1465 5119 1508 5171 si
1557 5118 1651 5170 ﬁlii
1703 5122 1936 5172 arietum

363 5185 678 5237 oll'erautur.

438 5254 549 5322 (75)
582 5255 678 5309 llic
706 5259 918 5308 variant
946 5264 1158 5310 veteres
1189 5267 1298 5308 tum
1331 5256 1542 5310 calamo
1587 5257 1776 5318 notati,
1813 5266 1924 5310 tum

368 5326 507 5396 typis
539 5325 792 5393 descripti
850 5326 988 5378 libri.
1037 5325 1212 5380 Editio
1266 5326 1439 5381 Paris.
1499 5326 1929 5396 μεταϐάλλωσιν.

364 5394 542 5448 Ειιὶιὶυ
571 5396 732 5450 Basil.
765 5410 884 5449 Cum
919 5396 1125 5466 duobus
1175 5413 1300 5452 mss.
1348 5394 1744 5466 μεταϐάλωσιν.
1800 5398 1931 5464 lteg.

360 5479 588 5536 quartus
638 5465 1073 5536 μεταϐληθῶσιν.
1135 5466 1286 5534 Regii
1337 5465 1609 5520 Secundus
1655 5476 1710 5519 et
1751 5478 1936 5521 sextus

362 5549 484 5586 cum
518 5535 672 5614 (lolii.
713 5549 908 5606 quarto
955 5536 1390 5604 μεταϐάλωνται,
1432 5545 1487 5591 et
1536 5538 1612 5590 ita
1664 5537 1932 5590 edendum

361 5618 690 5658 curavunus.

435 5673 546 5746 (76')
574 5675 661 5746 Sic
689 5689 812 5730 octo
849 5693 980 5734 mss.
1011 5677 1148 5734 Editi
1188 5692 1315 5732 vero
1353 5692 1471 5732 cum
1511 5675 1662 5731 Colb.
1703 5676 1933 5746 septimo

364 5742 794 5812 καθηγούμενος.

2052 4831 2321 4908 secundus
2347 4837 2877 4908 μεταμορφούμενοι.
2914 4831 3153 4892 Subinde
3180 4853 3279 4891 vox
3335 4831 3432 4888 οὐν
3477 4831 3639 4892 ἀεεέι

2048 4907 2100 4960 in
2139 4907 2408 4976 plerisque
2435 4923 2566 4961 mss.

2118 4975 2231 5046 (78)
2267 4977 2441 5030 Editio
2475 4990 2702 5046 utraque
2742 4993 2863 5031 cum
2900 4975 3256 5046 interroganti
3300 4985 3451 5042 nota,
3497 4977 3634 5047 περὶ

2043 5046 2241 5112 τίνων;
2275 5049 2367 5102 sed
2399 5047 2661 5117 ejusmodi
2695 5058 2820 5102 nota
2863 5049 2914 5102 in
2949 5047 3134 5101 multis
3163 5061 3294 5100 mss.
3325 5062 3433 5100 non
3478 5046 3638 5115 repe-

2043 5119 2201 5171 ritur.

2113 5188 2223 5258 (79)
2255 5188 2481 5243 Codices
2523 5199 2645 5243 octo
2688 5189 2950 5261 φέρομεν.
3001 5186 3142 5261 Editi
3185 5200 3315 5261 vero
3355 5200 3482 5261 cum
3519 5200 3633 5237 uno

2041 5256 2134 5311 aut
2165 5256 2337 5330 altero
2374 5275 2502 5313 mss.
2551 5256 2955 5330 προσῲέρομεν.
3007 5257 3125 5311 Mox
3187 5256 3483 5311 Colbertini
3540 5270 3634 5309 se.

2039 5328 3020 5405 ευιιέίιιε-ςι(ιιιειοιιιεῶστεξείδότας.
3076 5397 3088 5405 ι
3170 5396 3251 5405 Α·
3335 5397 3347 5405 _
3460 5392 3486 5405 _

2113 5397 2225 5484 (80)
2255 5393 2457 5478 Texius
2485 5417 2614 5455 sane
2642 5400 2914 5467 Δοξάσατε
2948 5400 3010 5453 δὴ
3041 5397 3133 5452 τὸν
3164 5396 3296 5450 Θεὸν
3331 5397 3390 5448 ἐν
3417 5393 3498 5466 τῷ
3521 5393 3632 5446 σπώ-

2045 5483 2174 5535 ματι
2199 5485 2371 5535 υμων.
2973 5527 2979 5533 .

2113 5485 2506 5609 ίὲίΐῆῗθνῖἶθε.
2555 5550 2782 5607 quartus
2835 5549 2890 5594 et
2941 5527 3095 5594 Colb.
3137 5544 3489 5609 sextus_cum
3525 5533 3633 5586 Ca-

2044 5606 2164 5658 tena
2208 5606 2480 5666 Corderii.
2506 5606 2582 5666 At
2597 5611 2728 5666 editi
2758 5625 2880 5666 cum
2921 5609 3134 5665 caeteris
3179 5622 3310 5662 mss.
3341 5606 3630 5657 ἐπιτετευ-

2041 5678 2276 5746 γμένως.
