3818 6220
381 306 484 360 287

1721 288 1779 343 S.
1821 282 2067 341 BASILII
2107 277 2322 337 MAGNI

3566 268 3668 321 288

387 434 450 474 ve
477 419 641 473 duces
677 415 861 488 procul
883 423 1063 484 specta
1102 428 1114 464 :
1154 411 1247 465 sed
1275 418 1327 463 te
1367 408 1482 478 ipse
1513 406 1737 474 inspice,
1769 416 1824 459 et
1849 420 1964 460 om-

2108 402 2291 472 5μενος
2311 439 2325 463 ,
2352 401 2408 452 ὲν
2435 398 2491 451 δὲ
2517 399 2627 457 τοῖς
2651 393 2911 456 ἐναντίοις
2935 393 2963 445 ὁ
2992 387 3249 453 ἐναντίος.
3283 389 3399 442 Καὶ
3454 388 3538 458 μὴ
3572 405 3671 456 ραν

384 527 508 566 nem
543 509 913 565 similitudinis
941 507 1224 562 veritatem
1255 504 1516 556 invenies.
1553 497 1684 552 Nam
1714 511 1835 550 cum
1872 510 1956 549 ra-

386 604 460 657 tio
479 618 599 657 cum
647 601 942 669 cupiditate
986 599 1238 662 luctatur,
1267 595 1310 649 si
1341 608 1436 662 per
1474 589 1870 662 contentionem
1909 595 1966 640 et

386 692 738 746 attentionem
760 688 1052 755 vicerit,de
1077 684 1372 755 cupiditate
1393 681 1674 735 victoriam
1699 677 1884 741 refert,
1911 685 1967 731 et

389 784 554 837 Deum
587 798 686 853 per
705 797 764 836 se
792 782 955 835 veluti
979 790 1232 841 coronat;
1257 790 1379 830 cum
1415 788 1543 828 vero
1569 771 1804 826 emollita
1840 784 1962 824 suc-

386 875 611 939 cumbit,
637 873 892 942 voluptati
918 881 1261 941 peccatorum
1291 864 1479 921 ell‘ecta
1511 879 1695 927 serva,
1726 862 1964 931 captiva-

387 979 510 1034 que,
532 965 777 1033 gloriam,
809 961 1264 1029 jactationemque
1300 963 1352 1011 et
1385 953 1648 1025 Superbiae
1684 952 1966 1006 materiam

389 1056 698 1110 adversario
727 1054 992 1124 congerit.

2069 495 2206 562 κράν
2231 509 2318 562 μοι
2343 489 2580 561 περινόει
2609 488 2717 558 (86)
2751 488 2876 549 τοὺς
2907 485 3224 554 πολεμίους,
3269 482 3412 552 μηδὲ
3450 481 3671 550 nepam-

2070 586 2162 639 θεν
2198 584 2501 638 ἀποσκόπει
2539 581 2665 644 τοὺς
2699 577 3067 652 στρατηγούςο
3104 575 3236 630 ἀλλὰ
3271 574 3519 628 σεαυτὸν
3556 573 3672 624 ἐπί-

2068 679 2282 746 σκεψαι,
2317 677 2410 730 καὶ
2432 677 2613 729 πᾶσαν
2631 674 2728 744 τὴν
2754 672 3009 743 ἀλήθειαν
3031 673 3126 740 τῆς
3148 667 3357 729 εἰκόνος
3380 666 3670 736 εὑρήσεις.

2069 772 2238 825 Ὅταν
2269 771 2376 842 γὰρ
2401 767 2524 832 νοῦς
2570 767 2776 838 παλαίῃ
2820 764 2898 834 τῷ
2926 763 3120 827 πάθει,
3153 761 3248 813 saw
3278 759 3378 830 μὲν
3410 757 3486 810 δι’
3523 755 3674 807 εὐτο-

2068 864 2187 926 νίας
2240 864 2334 916 καὶ
2391 859 2716 934 προσεχείας
2775 857 3080 927 ἐπικρατῇ,
3116 851 3345 924 φέρεται
3395 847 3554 901 κατὰ
3583 845 3672 897 τοῦ

2071 953 2274 1015 πάθους
2317 951 2386 1004 τὰ
2435 951 2759 1020 νικητήρια,
2795 947 2888 1000 καὶ
2942 945 3104 997 οἱονεὶ
3138 943 3398 1012 στεφανοῖ
3443 940 3517 992 δι’
3553 940 3677 990 ἑαυσ

2069 1044 2162 1097 τοῦ
2191 1044 2281 1096 τὸν
2314 1042 2466 1096 Θεόν.
2498 1043 2665 1094 Ὅταν
2693 1040 2749 1092 δὲ
2782 1034 3280 1108 καταμαλακισθείς
3307 1031 3588 1103 Omisit/13
3613 1031 3673 1099 τῇ

389 1148 588 1218 ἡδονῇ,
639 1145 823 1208 δοῦλος
859 1146 954 1198 καὶ
1003 1141 1344 1213 αἰχμάλωτος
1387 1140 1512 1202 ταῖς
1551 1136 1844 1208 ἁμαρτίαις
1881 1136 2200 1208 γενόμενος,
2242 1136 2506 1206 καύχημα
2539 1135 2632 1188 καὶ
2670 1133 2898 1201 ἔπαρσιν
2935 1131 3028 1184 καὶ
3071 1126 3462 1198 ὑπερηφανίας
3504 1139 3677 1195 προσ-

388 1243 568 1315 τίθησι
592 1241 670 1312 τῷ
696 1241 787 1311 ὲχθ
798 1240 892 1312 ρῷ.

459 1339 514 1393 5.
550 1336 778 1390 Adorate
811 1335 1088 1387 Dominum
1120 1332 1174 1384 in
1209 1331 1332 1384 aula
1361 1339 1544 1384 sancta
1575 1328 1709 1396 ejus.
1745 1324 1872 1380 Post
1901 1325 1971 1379 al-

393 1432 530 1485 latos
557 1429 762 1483 fructus
792 1441 978 1480 earum
1033 1439 1211 1479 rerum
1250 1439 1369 1491 qua:
1405 1410 1846 1490 requirebantur,
1881 1435 1973 1471 ne-

395 1524 630 1580 cessaria
652 1529 735 1575 est
773 1519 1034 1573 adoratio.
1073 1517 1329 1571 Adoratio
1371 1522 1572 1577 autem,
1605 1525 1710 1564 non
1744 1523 1806 1562 ea
1855 1521 1974 1576 qua:

397 1615 455 1670 lit
486 1623 638 1670 extra
670 1609 1092 1674 ecclesiam,sed
1121 1623 1238 1676 quae
1278 1607 1328 1659 in
1363 1606 1473 1674 ipsa
1509 1603 1599 1656 Dei
1651 1600 1770 1655 aula
1814 1598 1975 1669 perﬁo

395 1709 554 1764 citur.
595 1705 668 1759 Ne
691 1704 843 1766 mihi,
879 1702 1074 1772 inquit,
1107 1700 1345 1770 privatas
1388 1696 1540 1751 aulas
1586 1704 1679 1748 aut
1717 1693 1975 1748 ecclesias

396 1798 735 1869 excogitetis.
765 1795 880 1851 Una
910 1807 992 1850 est
1015 1793 1134 1847 aula
1185 1800 1371 1845 sancta
1423 1790 1536 1843 Dei.
1567 1787 1849 1858 Synagoga
1879 1784 1974 1839 Ju-

398 1892 634 1944 dzeorum
681 1887 831 1956 prius
885 1885 1006 1939 aula
1056 1890 1222 1936 erat:
1259 1882 1352 1934 sed
1404 1890 1520 1949 post
1575 1879 1866 1932 admissum
1921 1875 1973 1928 in

397 1982 671 2036 Christum
722 1988 1002 2048 peccatum
1041 1976 1178 2027 facta
1233 1983 1316 2027 est
1365 1971 1629 2025 habitatio
1654 1984 1838 2022 eorum
1879 1967 1975 2020 de-

398 2083 541 2130 serta
572 2073 638 2126 '°.
670 2071 1007 2139 Quapropter
1034 2076 1088 2121 et
1121 2065 1376 2120 Dominus
1407 2081 1421 2117 :
1453 2062 1518 2116 Et
1562 2062 1697 2115 alias
1734 2077 1848 2114 oves
1884 2061 1980 2110 ha-

401 2168 514 2232 beo,
537 2182 651 2236 qua:
675 2181 776 2217 non
811 2171 931 2216 sunt
957 2177 1020 2215 ea:
1049 2162 1143 2213 hoc
1176 2158 1294 2212 ovili
1325 2158 1392 2212 ⁸⁷.
1425 2157 1557 2211 Cum
1595 2166 1772 2210 autem
1797 2155 1980 2222 loqua-

401 2269 491 2313 tur
529 2259 594 2312 de
630 2257 696 2310 iis
736 2255 824 2324 qui
862 2269 926 2308 ex
964 2253 1212 2322 gentibus
1263 2251 1329 2304 ad
1372 2248 1595 2302 salutem
1637 2245 1977 2316 praeordinati

403 2345 741 2408 sunt,aulam
763 2343 1029 2412 pmpriam
1063 2339 1580 2410 prmterludzeorum
1602 2337 1780 2391 aulam
1804 2345 1980 2390 osten-

403 2439 500 2493 dit.
530 2436 643 2490 Non
673 2436 838 2504 igitur
879 2442 1031 2488 extra
1069 2442 1311 2486 sanetam
1357 2432 1494 2485 hanc
1533 2429 1708 2482 aulam
1758 2430 1982 2482 adorare

402 2536 635 2597 oportet,
665 2527 757 2581 sed
793 2526 931 2578 intra
962 2525 1129 2593 ipsam
1168 2539 1182 2588 ;
1226 2538 1291 2576 ne
1317 2523 1440 2592 quis
1463 2531 1616 2575 extra
1653 2522 1822 2590 ipsam
1853 2535 1984 2575 con-

403 2620 646 2683 stitutus,
683 2628 774 2670 aut
804 2617 870 2671 ab
917 2617 982 2670 iis
1011 2615 1102 2685 qui
1137 2626 1288 2670 extra
1328 2614 1470 2668 illam
1515 2623 1663 2679 sunt,
1699 2621 1980 2677 attractus,

405 2713 459 2766 in
483 2711 603 2765 aula
632 2710 840 2764 Domini
867 2724 987 2764 esse
1007 2709 1238 2762 desinat.
1270 2707 1542 2761 intersunt
1571 2709 1713 2760 enim
1749 2707 1897 2760 multi
1929 2707 1983 2760 in

403 2803 594 2857 habitu
639 2801 854 2870 quidem
912 2801 1255 2868 precationis,
1294 2815 1393 2853 nec
1433 2807 1559 2852 sunt
1609 2808 1786 2852 tamen
1825 2800 1983 2870 117

404 2892 458 2946 in
482 2894 599 2945 aula
640 2894 708 2945 ob
739 2891 930 2944 mentis
961 2892 1360 2960 evagationem,
1390 2900 1442 2944 et
1475 2889 1638 2943 animi
1672 2904 1856 2943 eorum
1893 2892 1987 2946 ab-

403 2984 751 3046 errationem,
779 2996 846 3035 ex
874 2979 1026 3034 vanis
1063 2995 1125 3034 ac
1163 2980 1439 3034 inutilibus
1476 2980 1621 3032 curis
1651 2989 1982 3034 nascentem.

2143 1328 2196 1382 '5.
2238 1324 2714 1394 Προσκυνήσατε
2753 1321 2833 1388 τῷ
2860 1320 3054 1388 Κυρίῳ
3091 1319 3161 1371 ἐν
3189 1315 3356 1384 αὑ.ὶῇ
3392 1316 3550 1384 ἁγίᾳ
3577 1315 3683 1367 αὐ-

2073 1419 2200 1472 τοῦ.
2227 1418 2382 1472 Μετὰ
2402 1415 2498 1486 τὴν
2526 1413 2899 1486 καρποφορίαν
2920 1410 3028 1463 τῶν
3053 1407 3516 1479 ἐπιζητουμένων
3545 1406 3679 1477 (87),

2075 1510 2348 1577 ἀναγκαία
2386 1509 2419 1578 ἠ
2450 1506 2839 1579 προσκύνησις.
2867 1504 3243 1575 Προσκύνησις
3268 1501 3328 1553 δὲ
3354 1501 3388 1569 ἡ
3426 1501 3540 1551 οὐκ
3579 1498 3680 1564 ἔξω

2074 1602 2175 1670 τῆς
2213 1600 2562 1670 Ἐκκλησίας,
2583 1598 2698 1651 ἀλλ’
2725 1600 2781 1650 ὲν
2799 1599 2936 1667 αὐτῇ
2964 1599 3030 1666 τῇ
3053 1595 3187 1666 αὐλῇ
3207 1592 3299 1645 τοῦ
3317 1591 3465 1644 Θεοῦ
3497 1592 3682 1644 τελου-

2082 1695 2240 1766 μένη.
2258 1695 2348 1765 Μή
2375 1711 2484 1764 μοι,
2507 1693 2691 1762 φησὶν,
2718 1691 2854 1754 ἰδίας
2883 1689 3050 1753 αὐλὰς
3073 1691 3167 1743 καὶ
3200 1684 3681 1756 συναγωγὰςξ(88)

2077 1791 2360 1842 ἐπινοεῖτε.
2408 1787 2522 1840 Μία
2564 1783 2711 1838 ἔστὶν
2744 1784 2880 1856 αὐλὴ
2918 1784 3047 1852 ἁγία
3078 1783 3170 1836 τοῦ
3198 1781 3357 1834 Θεοῦ.
3392 1776 3515 1833 Ἦν
3544 1779 3683 1850 αἰολὴ

2081 1880 2340 1952 πρότερον
2373 1880 2406 1949 ἡ
2437 1877 2542 1930 τῶν
2577 1876 2846 1929 Ἰουδαίων
2876 1875 3162 1945 συναγωγή
3184 1891 3195 1902 ·
3232 1873 3371 1926 ἀλλὰ
3401 1874 3556 1942 μετὰ
3584 1873 3683 1942 τὴν

2079 1975 2157 2035 εἰς
2180 1971 2411 2041 Χριστὸν
2444 1970 2716 2040 ἁμαρτίαν
2747 1967 2963 2036 ἐγένετο
2996 1969 3030 2037 ἡ
3064 1965 3285 2027 ἔπαυλις
3313 1964 3509 2017 αὐτῶν
3543 1964 3684 2034 ᾕρη-

2084 2065 2328 2135 μωμσένη.
2378 2061 2476 2114 Διὰ
2521 2061 2679 2114 τοῦτο
2712 2061 2805 2113 καὶ
2845 2063 2874 2112 ὁ
2915 2059 3147 2130 Κύριος·
3181 2057 3289 2110 Καὶ
3318 2055 3491 2109 ἄλλα
3537 2056 3685 2124 πρό-

2081 2158 2227 2208 ϐατα
2251 2155 2389 2224 ἔχω,
2420 2153 2456 2206 ἆ
2485 2155 2595 2206 οὐκ
2624 2153 2796 2206 ἐστιν
2820 2153 2887 2204 ἐκ
2909 2151 3019 2220 τῆς
3037 2150 3232 2218 αὐλῆς
3253 2151 3506 2217 ταύτης.
3539 2151 3685 2214 Τοὺς

2081 2249 2187 2303 ἀπὸ
2218 2247 2326 2301 τῶν
2365 2247 2532 2306 ἐθνῶν
2570 2245 3019 2318 προωρισμὲνους
3045 2247 3124 2306 εἰς
3160 2243 3438 2314 σωτηρίαν
3474 2243 3681 2310 λέγων,

2081 2341 2349 2394 δείκνυσιν
2383 2339 2516 2392 ίδίαν
2560 2338 2728 2408 αὐλὴν
2778 2337 2928 2408 παρὰ
2958 2337 3057 2406 τὴν
3106 2335 3213 2388 τῶν
3252 2336 3554 2389 Ἰουδαίων.
3602 2338 3682 2388 Οὐ

2081 2434 2260 2487 τοίνυν
2287 2432 2390 2498 ἔξω
2414 2432 2513 2500 τῆς
2538 2429 2696 2499 ἁγίας
2724 2428 2927 2499 ταύτης
2950 2428 3120 2498 αὐλῆς
3145 2431 3476 2499 προσκυνεῖν
3502 2445 3684 2499 προσ-

2083 2527 2186 2596 ῆκε
2208 2523 2286 2594 τῷ
2307 2523 2425 2593 Θεῷ
2450 2523 2582 2592 (89),
2612 2521 2725 2574 ἀλλ’
2751 2520 2896 2573 ἔνδον
2928 2519 3097 2588 αὐτῆς
3116 2520 3406 2589 γενόμενον
3428 2537 3443 2550 ·
3485 2521 3574 2574 ἵνα
3604 2522 3684 2592 μὴ

2085 2617 2189 2683 ἔξω
2215 2633 2297 2678 τις
2327 2615 2496 2681 αὐτῆς
2518 2614 2611 2672 ὢν.
2641 2613 2773 2684 μηδὲ
2799 2613 3088 2682 ἑλκόμενος
3113 2613 3214 2665 ὑπὸ
3256 2611 3366 2664 τῶν
3395 2612 3506 2679 ἔξω
3525 2654 3540 2677 ,
3570 2614 3682 2666 ἅττ-ι

2084 2705 2246 2777 ολέσῃ
2271 2704 2332 2756 τὸ
2355 2698 2495 2755 εἶναι
2517 2704 2575 2756 ὲν
2601 2702 2734 2772 αὐλῇ
2763 2703 2990 2772 Κυρίου.
3021 2702 3210 2755 Πολλοὶ
3238 2703 3345 2773 γὰρ
3368 2703 3595 2755 ἑστᾶσιν
3622 2705 3685 2756 ἐν

2089 2795 2329 2864 σχήματι
2365 2794 2462 2864 μὲν
2501 2793 2829 2863 προσευχῆς,
2860 2791 2961 2845 οὔκ
2999 2794 3104 2846 εισι
3134 2793 3190 2845 δὲ
3215 2795 3270 2845 ὲν
3298 2795 3364 2863 τῇ
3399 2793 3568 2864 αὐλῇ,
3591 2794 3685 2846 διὰ

2086 2889 2185 2958 τὴν
2217 2886 2311 2940 τοῦ
2341 2887 2433 2939 νοῦ
2477 2887 2778 2958 περιφορὰν
2809 2886 2904 2940 καὶ
2933 2887 3023 2939 τὸν
3063 2887 3409 2957 ἁφελκυσμὸν
3431 2889 3544 2957 τῆς
3575 2889 3675 2940 δια-

2088 2980 2236 3042 νοίας
2272 2978 2452 3032 αὐτῶν
2507 2979 2611 3031 ὑπὸ
2652 2978 2750 3048 τῆς
2789 2979 2845 3030 ὲν
2891 2981 2958 3048 τῇ
3018 2979 3335 3048 ματαιότητι
3377 2979 3682 3051 μερίμνης.

409 3076 548 3142 Quin
576 3075 738 3128 etiam
769 3073 887 3126 aula
909 3088 1070 3126 sensu
1101 3072 1275 3125 adhuc
1297 3071 1594 3125 sublimiori
1623 3079 1798 3139 potest
1836 3070 1980 3126 coale-

2108 3073 2325 3127 δυνατὸν
2377 3072 2434 3124 δὲ
2464 3071 2632 3142 αὐλὴν
2677 3071 2753 3124 ἔτι
2800 3070 3284 3140 ὲπαναϐεϐηκὸτως
3326 3070 3435 3140 (90)
3486 3072 3686 3141 νοῆσαι

411 3165 509 3219 Stis
538 3163 797 3218 habitatio
838 3161 1080 3228 intelligi.
1113 3161 1446 3228 Quapropter
1485 3160 1575 3229 qui
1622 3159 1710 3214 hic
1747 3159 1988 3214 Plantati
2023 3195 2038 3224 .-

405 3252 459 3302 in
492 3249 644 3302 domo
667 3259 791 3302 sunt
821 3249 1048 3310 Domini,
1076 3264 1196 3318 qua:
1215 3258 1299 3301 est
1329 3248 1566 3302 Ecclesia
1605 3249 1694 3303 Dei
1730 3250 1986 3317 viventis,

406 3340 515 3394 illic
543 3341 597 3392 in
625 3339 776 3391 atriis
812 3338 904 3390 Dei
928 3340 1090 3391 nostri
1121 3338 1376 3406 ﬂorebunt
1399 3339 1465 3390 ⁵⁸.
1499 3339 1600 3404 Qui
1639 3350 1816 3393 autem
1851 3355 1986 3392 ven-

409 3439 568 3492 trem,
601 3440 690 3480 aut
721 3428 964 3497 gloriam,
991 3439 1084 3481 aut
1117 3438 1418 3496 argentum,
1450 3437 1542 3482 aut
1583 3430 1796 3496 quidvis
1819 3429 1983 3494 aliud,

407 3521 548 3590 quod
587 3520 804 3588 reliquis
826 3519 1074 3573 omnibus
1099 3519 1264 3588 pluris
1293 3521 1546 3586 testimat,
1577 3521 1738 3574 Deum
1773 3520 1982 3585 fecerit,

412 3613 460 3667 is
489 3624 662 3680 neque
687 3612 875 3665 adorat
901 3609 1204 3673 Dominum,
1233 3625 1404 3678 neque
1435 3611 1486 3663 iu
1517 3611 1636 3664 aula
1668 3622 1852 3666 sancta
1879 3621 1983 3677 est,

409 3705 622 3759 etiamsi
651 3705 897 3756 videatur
926 3717 1044 3756 esse
1081 3703 1292 3771 dignus,
1319 3703 1410 3770 qui
1449 3705 1514 3756 ad
1543 3703 1827 3758 sensibiles
1855 3721 1986 3758 con-

409 3806 604 3852 ventus
625 3795 956 3849 admittatur.
981 3793 1143 3848 Vens.
1173 3796 1225 3847 5.
1260 3792 1371 3847 Voa:
1392 3793 1601 3848 Domini
1626 3812 1780 3862 super
1797 3811 1982 3865 aquas.

412 3888 616 3942 Nomen
665 3886 812 3939 vocis
857 3885 1100 3938 invenias
1148 3885 1328 3940 multis
1374 3887 1424 3939 in
1479 3886 1612 3940 locis
1646 3896 1983 3956 usurpatum.

412 3978 597 4046 Itaque
629 3987 684 4030 ut
707 3976 1068 4045 intelligamus
1117 3991 1235 4044 quae
1283 3978 1352 4030 sit
1385 3993 1486 4032 vox
1545 3978 1777 4041 Domini,
1807 3993 1986 4048 operae
2019 4003 2023 4006 ·

414 4071 642 4139 pretium
680 4067 860 4133 fuerit,
882 4084 943 4122 ea
983 4083 1101 4137 quae
1126 4070 1191 4123 de
1225 4085 1357 4123 voce
1379 4071 1575 4139 scripta
1601 4080 1743 4135 sunt,
1771 4086 1868 4139 pro
1901 4072 1985 4122 vi—

417 4164 561 4215 ribus
618 4176 681 4214 ex
734 4175 886 4213 saera
945 4160 1220 4228 Scriptura
1263 4161 1558 4229 colligere;
1597 4161 1741 4214 velut
1799 4163 1850 4213 in
1897 4161 1987 4214 illo

413 4254 556 4322 quod
585 4252 894 4306 Abrahamo
947 4252 1126 4305 datum
1179 4261 1262 4306 est
1294 4255 1551 4307 oraculo:
1584 4251 1647 4304 Et
1687 4255 1862 4306 statim
1891 4269 1989 4306 vos:

487 4389 532 4420 "
562 4385 701 4441 Psal.
734 4401 926 4450 vant,
959 4383 1050 4439 26.
1127 4386 1171 4417 "
1205 4383 1362 4440 Joan.
1397 4403 1451 4450 x,
1486 4387 1570 4442 16.

2089 3163 2187 3233 τὴν
2211 3163 2531 3233 ἐπουράνιον
2567 3163 2861 3233 διαγωγήν.
2899 3161 2998 3214 Διὰ
3035 3160 3190 3214 τοῦτο
3225 3163 3272 3214 οἱ
3299 3163 3684 3231 Περυτευμέ-

2089 3269 2183 3305 rat
2231 3251 2463 3304 ἐνταῦθα
2507 3251 2577 3301 ἐν
2610 3250 2690 3313 τῷ
2733 3251 2876 3314 οῖκῳ
2905 3252 3160 3316 Kvpt’ov,
3202 3251 3322 3318 ἥτις
3361 3252 3514 3303 ἐστὶν
3559 3253 3674 3305 Ἐκ-

2089 3345 2286 3416 κλησία
2315 3344 2447 3396 Θεοῦ
2480 3343 2701 3408 ζῶντος,
2726 3346 2840 3396 ἐκεῖ
2877 3345 2974 3397 Ἐν
3000 3344 3127 3410 ταῖς
3153 3344 3366 3410 αὐλαῖς
3388 3345 3499 3398 τοῦ
3529 3349 3689 3401 Θεοῦ

2087 3437 2256 3506 ἡμῶν
2277 3435 2746 3502 ἐξω-θήσουσιν.
2795 3437 2850 3489 Ὀ
2874 3437 2930 3489 δὲ
2971 3436 3230 3490 θεοποιῶν
3255 3438 3460 3491 κοιλίαν
3485 3481 3504 3505 ,
3531 3439 3567 3509 ἢ
3596 3440 3661 3493 δό

2092 3529 2207 3594 ξαν,
2240 3528 2272 3599 ἢ
2308 3528 2591 3600 ἀργύριον,
2619 3531 2650 3599 ἢ
2679 3529 2806 3589 ἄλλο
2833 3547 2907 3592 τι,
2935 3529 2963 3582 ὂ
2986 3531 3200 3583 πάντων
3232 3529 3428 3602 μᾶλλον
3457 3535 3669 3604 τετίμη

2090 3641 2207 3687 κεν,
2233 3620 2356 3674 οὔτε
2382 3622 2680 3692 προσκυνεῖ
2701 3623 2776 3692 τῷ
2800 3623 3010 3693 Κυρίῳ,
3045 3619 3166 3674 οὔτε
3193 3624 3250 3674 ἐν
3280 3625 3347 3692 τῇ
3386 3622 3526 3694 αὐλῇ
3565 3627 3686 3678 ἐστι

2089 3717 2155 3784 τῇ
2189 3713 2341 3784 ἁγίᾳ,
2388 3713 2491 3766 κᾶν
2529 3711 2680 3778 ἄξιος
2730 3711 2838 3766 τῶν
2891 3712 3164 3782 αἰσθητῶν
3219 3712 3496 3779 συνάξεων
3546 3711 3688 3768 εἶναι

2089 3803 2430 3875 δοκῇ.Φωνὴ
2468 3804 2690 3872 Κυρίου
2721 3803 2819 3855 ἐπὶ
2861 3803 2981 3856 τῶν
3011 3803 3264 3858 ὑδάτων.
3302 3804 3582 3874 Πολλαχοῦ
3619 3807 3688 3861 ἂν

2092 3893 2271 3963 εὕροις
2299 3893 2360 3944 τὺ
2386 3893 2483 3962 τῆς
2513 3893 2695 3962 φωνῆς
2715 3892 2884 3962 ὖνομα
2919 3892 3191 3963 κείμενον.
3217 3894 3382 3946 Ὥστε
3411 3895 3559 3967 ὑπὲρ
3590 3895 3689 3949 τοῦ

2091 3984 2301 4052 νοῆσαι,
2331 3982 2414 4045 τίς
2442 3985 2558 4034 ἔστι
2587 3982 2680 4035 τοῦ
2705 3983 2912 4052 Κυρίου
2955 3985 2988 4053 ἡ
3017 3982 3187 4053 φωνὴ,
3218 3984 3368 4047 ἄξιόν
3409 3987 3529 4038 ἔστι
3563 4004 3688 4040 συν-

2093 4080 2321 4146 αγαγεῖν
2353 4079 2500 4148 ἡμᾶς
2525 4077 2667 4130 κατὰ
2696 4078 2756 4130 τὸ
2779 4077 2999 4131 δυνατὸν
3034 4078 3098 4130 ἐκ
3137 4079 3235 4147 τῆς
3277 4077 3431 4141 θείας
3456 4079 3688 4150 Γρ-ειῄς

2093 4171 2160 4223 τὰ
2189 4171 2547 4241 γεγραμμένα
2569 4171 2697 4240 περὶ
2717 4171 2918 4240 φωνῆς·
2951 4170 3025 4232 ὡς
3060 4171 3117 4222 ἐν
3138 4170 3218 4240 τῷ
3253 4173 3390 4241 πρὸς
3429 4173 3687 4244 Ἀϐραὰμ

2093 4261 2460 4332 χρηματισμῷ
2478 4278 2491 4292 °
2517 4261 2623 4316 Kal
2655 4261 2872 4327 εὐθέως
2899 4261 3066 4330 φωνὴ
3099 4261 3334 4330 ἐγένετο
3372 4263 3652 4333 λέγουσα
3673 4285 3688 4298 ·

1648 4389 1694 4418 ⁵⁸
1725 4388 1863 4444 Psal.
1893 4393 2094 4457 xCI,M.

490 4521 604 4597 (86)
637 4520 768 4597 Reg.
806 4535 1076 4597 secundus
1107 4537 1196 4590 μοι
1223 4521 1356 4575 νόει.
1388 4522 1587 4576 Ibidem
1619 4520 1762 4594 ,Reg.
1802 4528 1993 4582 tertius
2024 4535 2068 4589 Ι)
2098 4546 2152 4584 se
2190 4527 2385 4597 ferunt,
2421 4541 2512 4579 nec
2559 4535 2753 4589 tamen,
2788 4535 2893 4582 etc.
2947 4529 3017 4581 At
3069 4528 3240 4582 libens
3287 4545 3603 4597 quau-erem
3655 4549 3685 4587 a

417 4611 482 4647 πε
494 4591 663 4664 ρᾼινόει
682 4591 816 4664 τους
848 4590 1136 4664 πολέμους.

490 4659 799 4735 (87λΜετὰ
841 4659 956 4735 τὴν
990 4659 1400 4735 καρποφορίαν
1449 4663 1567 4716 τῶν
1609 4665 1990 4735 ἐπιζητουμέ-

417 4748 559 4788 νων.
581 4731 749 4806 Xerte
780 4747 792 4781 :
828 4728 955 4783 Post
994 4733 1307 4784 oblationem
1331 4749 1510 4786 eorum
1546 4753 1664 4804 quae
1688 4728 1847 4804 petita
1875 4728 1992 4806 fue-

420 4813 560 4856 runt.
581 4799 790 4852 MARAN.

491 4871 602 5006 (88/
628 4868 760 4936 Reg.
797 4869 1064 4921 secundus
1109 4882 1162 4923 et
1198 4869 1350 4925 Colb.
1382 4884 1564 4926 sextus
1593 4891 1992 4945 παρασυναγω-

491 4959 543 5005 νς,
593 4940 733 4990 alsus
762 4955 1071 5005 synagogas.
1105 4940 1244 4992 Editi
1273 4951 1327 4992 et
1360 4943 1447 4993 alii
1483 4959 1670 4996 novem
1703 4962 1832 4997 mss.
1859 4950 1990 4999 sim-

420 4945 543 5012 γάς,
569 4940 733 5006 falsas
762 4955 1071 5012 synagogas.
1105 4940 1244 4992 Editi
1273 4951 1327 4992 et
1360 4943 1447 5012 alii
1483 4940 1685 4996 novem"
1703 4962 1832 4997 mss.
1859 4940 1990 4999 sim-

461 5013 629 5082 liciter
654 5009 992 5082 cavatf{w‘:o'ti.
1024 5009 1144 5082 Mox
1171 5012 1334 5082 editio
1365 5010 1540 5064 Paris.
1577 5015 1674 5082 μία
1713 5017 1861 5068 ἐστὶν
1885 5018 1987 5069 αὺ-

419 5031 629 5135 ζιιιυιιυϊ
654 5031 992 5075 συναγωγας.
1024 5031 1144 5060 mox
1171 5031 1334 5062 etllltu
1365 5031 1540 5064 rarts.
1577 5031 1674 5082 μισ.
1713 5031 1861 5068 εστιν
1885 5031 1987 5069 αυ-

453 5082 486 5152 ὴ
505 5079 636 5148 ἁγία
658 5079 750 5155 τοῦ
771 5078 905 5130 Θεοῦ
933 5079 1226 5155 Ἐκκλησία
1244 5095 1266 5155 '_
1279 5089 1370 5134 sed
1398 5097 1497 5134 vox
1527 5084 1822 5155 Ἐκκλησία
1843 5089 1993 5139 abest

420 5150 490 5275 Eb
531 5150 786 5270 qmnibus
839 5152 1036 5203 nostris
1080 5152 1326 5204 undecim
1383 5168 1512 5206 mss.
1549 5165 1604 5208 et
1654 5150 1723 5209 ab
1755 5157 1995 5211 editione

469 5238 542 5274 ast
573 5259 584 5270 .

469 5238 584 5274 ilSII.

493 5290 601 5360 (89)
637 5289 767 5356 Reg.
800 5289 1002 5362 tertius
1050 5292 1293 5362 προσῆκε
1321 5291 1411 5343 τὸν
1456 5291 1607 5346 Θεόν.
1648 5292 1764 5356 Illa,
1797 5295 1993 5348 Πολλοὶ.

422 5359 531 5432 γὰρ
554 5362 771 5413 ἑστᾶσιν
797 5359 853 5410 ἐν
883 5359 1118 5433 σχήματι
1157 5359 1252 5431 μὲν
1280 5364 1606 5433 προσευχῆς,
1643 5367 1720 5418 sic
1752 5377 1988 5420 verterat

425 5431 693 5499 interpres
729 5441 900 5494 vetus,
936 5431 1120 5503 Plures
1152 5435 1288 5485 enim
1318 5431 1816 5499 specwnt’orationis
1850 5452 1988 5503 pra:-

424 5504 562 5570 ferre
583 5503 840 5563 videntur,
865 5501 966 5574 qui?
989 5510 1185 5566 tamen,
1219 5514 1324 5555 etc.
1365 5504 1468 5555 Sed
1501 5501 1986 5574 conqueriturDu-

426 5586 568 5624 caaus
595 5575 851 5623 omissum
897 5573 1060 5624 fuisse
1089 5576 1331 5638 corporis
1371 5583 1590 5636 statum,
1619 5591 1777 5640 quem
1807 5585 1984 5630 tamen

427 5649 1098 5718 expressuiii_oportueratt,
1127 5645 1196 5694 ob
1215 5645 1370 5711 idque
1399 5644 1556 5718 verba
1589 5645 1671 5696 illa
1694 5647 1771 5696 sic
1798 5645 1986 5698 Latine

431 5707 684 5773 reddidit,
728 5707 885 5762 Multi
910 5712 1046 5763 enim
1087 5707 1564 5767 stautes'orationis
1610 5716 1828 5782 speciem
1874 5732 1984 5783 pra:

2099 4601 2217 4652 viro
2265 4597 2597 4672 doctissimo,
2641 4611 2770 4672 num
2812 4597 3002 4672 ii_soli
3062 4600 3150 4672 hic
3199 4612 3530 4672 arguantur,
3596 4605 3685 4672 qui

2101 4677 2306 4722 stantes
2333 4681 2436 4718 non
2474 4666 2560 4732 pie
2580 4665 2827 4719 orabant.
2868 4666 3002 4732 lmo,
3031 4671 3130 4723 nisi
3174 4669 3331 4722 valde
3373 4665 3562 4736 fallor,
3595 4665 3685 4725 ar-

2099 4749 2337 4807 guuutur
2361 4736 2615 4809 lioc__loco
2655 4746 2765 4809 tum
2797 4737 2894 4809 illi,
2932 4740 3023 4806 qui
3059 4749 3266 4792 stantes
3298 4743 3524 4809 non,pie
3563 4758 3686 4795 oras-

2101 4806 2238 4870 rent,
2265 4817 2375 4858 tum
2409 4806 2497 4857 alii
2522 4807 2834 4880 quivis,_qui
2854 4824 3174 4880 quocunque
3204 4806 3451 4880 tempore
3473 4822 3527 4865 et
3553 4829 3686 4880 quo-

2098 4890 2312 4945 cunque
2345 4877 2588 4950 corporis
2618 4875 2802 4950 habitu
2841 4875 2980 4930 male
3025 4875 3100 4932 ei
3127 4879 3434 4950 irreligiose
3485 4875 3684 4950 preca-

2102 4944 2309 5021 rentur.
2344 4944 2458 4997 Non
2493 4947 2655 5013 igitur
2697 4947 2837 4999 ullus
2885 4950 3128 5021 corporis
3173 4944 3393 5021 habitus
3447 4944 3682 5021 exprimi

2099 5018 2301 5077 debuit,
2333 5029 2455 5068 cum
2479 5031 2616 5089 unus
2648 5032 2752 5068 non
2780 5019 2949 5089 magis
2968 5035 3125 5086 quam
3149 5019 3286 5072 alter
3322 5018 3681 5089 intelligatur,

2099 5089 2194 5140 sed
2223 5100 2412 5157 omnes
2460 5086 2681 5139 omnino
2720 5087 2925 5153 pariter
2970 5086 3529 5157 comprehendantur:
3571 5086 3679 5146 Nec

2102 5171 2202 5208 vox
2235 5156 2452 5208 ἑστᾶσιν
2474 5170 2798 5223 quemquam
2828 5172 3044 5213 movere
3070 5156 3244 5212 debet.
3280 5159 3512 5214 Constat
3536 5164 3680 5215 enim

2100 5227 2322 5279 verbum
2366 5225 2613 5287 ἑστάναι,
2651 5241 2746 5293 pro
2777 5241 2841 5280 eo
2880 5231 3021 5293 quod
3064 5239 3163 5292 est,
3196 5229 3402 5293 adesse,
3448 5247 3570 5294 seu,
3604 5235 3683 5284 in-

2103 5307 2457 5374 teresse,_no_t_i
2489 5300 2784 5374 raroapud
2829 5299 3066 5374 optimos
3106 5314 3352 5368 quosque
3377 5304 3681 5370 scriptores

2096 5366 2365 5438 usurpari.
2410 5365 2518 5420 Nec
2566 5365 2721 5438 aliter
2753 5369 2821 5438 de
2863 5365 3028 5421 verbo
3057 5365 3196 5422 stare
3257 5365 3402 5438 apud
3459 5365 3682 5426 Latinos

2089 5435 2602 5505 jmlicandum,cnm
2638 5435 2765 5508 illud
2801 5452 2899 5506 pro
2921 5453 2986 5492 eo
3012 5444 3152 5506 quod
3184 5435 3530 5508 esu—adesse,
3562 5459 3678 5505 seu,

2093 5509 2359 5566 interesse,
2400 5508 2597 5572 saepius
2627 5507 2854 5574 positum
2890 5510 3182 5561 videamus.

2164 5575 2597 5655 (9'0_).i;olbertini
2645 5579 2835 5655 tertius
2876 5589 2947 5655 _et
2999 5580 3678 5655 (ιυηηψιεέπαναόεὸηκό-

2091 5661 2205 5708 τας.
2239 5647 2340 5701 Alii
2364 5661 2494 5702 mss.
2530 5662 2654 5702 cum
2685 5648 2842 5703 editis
2873 5647 3388 5719 ἐπαναϐεϐηκότως.
