3818 6220
187 309 302 363 9.89

1285 315 1570 370 IIOMI‘LIA
1611 316 1676 370 IN
1715 315 2047 373 PSALMUM
2085 318 2322 378 XXVIII.

3333 327 3439 382 τοι)

155 425 158 428 ’
187 430 277 480 Οὐ
302 426 739 495 κληρονομήσει
771 441 844 481 σε
866 420 1041 494 οὗτος
1062 446 1073 457 ·
1111 430 1204 482 καὶ
1247 431 1338 483 ἐπὶ
1377 433 1622 485 Μωὺσεί·
1655 438 1746 487 Κα.

1867 435 2006 503 facta
2032 445 2106 489 est
2139 439 2315 491 dicens
2351 452 2368 488 :
2397 437 2519 492 Non
2561 440 2889 493 Ita'rcdilabit
2921 451 2968 494 te
3012 443 3102 496 iste
3125 442 3188 494 ⁸⁸.
3223 443 3354 498 Item
3385 445 3436 499 in

183 518 302 584 πᾶς
353 521 384 570 ὀ
411 519 559 583 λαὸς
583 517 732 586 ἐώρα
763 519 878 586 τὴν
913 519 1123 588 φωνὴν
1145 522 1242 574 καὶ
1272 521 1380 588 τὰς
1411 523 1730 592 λαμπάδας
1751 543 1762 554 ·

182 611 284 664 καὶ
317 609 466 680 παρά
487 609 566 678 τῷ
596 611 792 681 Ἡσαΐᾳ
841 611 998 665 πάλιν
1028 630 1040 643 ’
1079 613 1250 681 Φωνὴ
1275 615 1580 698 λέγοντος·
1611 619 1764 685 Βόη-

181 718 322 756 σον.
366 702 430 754 Ἦ
455 703 553 773 μὲν
586 701 677 755 οὖν
705 703 830 774 παρ’
859 705 988 774 ἡμῖν
1021 705 1170 776 φωνὴ
1207 707 1240 777 ἢ
1273 708 1381 779 ἀήρ
1412 711 1526 763 ἐστι
1561 711 1770 781 πεπλη-

181 793 410 864 γμένος,
445 793 478 864 ἢ
523 794 584 846 τὸ
622 795 908 864 γινόμενον
935 792 1073 860 εἶδος
1103 799 1229 868 περὶ
1257 798 1346 850 τὸν
1381 799 1547 872 ἀέρα,
1577 802 1712 872 πρὸς
1740 803 1768 856 ὃ

183 883 301 954 (91)
329 883 575 953 βούλεται
603 883 806 938 τυποῦν
840 887 868 938 6
901 885 1178 954 ἐκφωνῶν.
1218 889 1280 940 Τί
1303 885 1393 942 οὖν
1428 892 1460 961 ἡ
1495 893 1646 964 φωνὴ
1671 893 1764 946 τοῦ

179 977 430 1047 Κυρίου;
463 975 688 1046 πότερον
711 977 892 1049 πληγὴ
926 981 1050 1050 περὶ
1075 980 1166 1032 τὸν
1191 981 1328 1051 ἀέρα
1359 987 1561 1048 νοοῖτο;
1599 985 1631 1056 ἢ
1659 987 1766 1058 ἀὴρ

179 1068 567 1139 πεπληγμένος
601 1067 814 1135 φθάνων
868 1069 1028 1140 μέχρι
1068 1072 1166 1141 τῆς
1206 1073 1372 1142 ἀκοῆς
1409 1073 1502 1127 τοῦ
1537 1077 1671 1148 πρὸς
1708 1078 1766 1132 ὃν

179 1158 393 1226 γίνεται
426 1161 457 1229 ἡ
491 1159 638 1228 φωνή
663 1175 676 1222 ;
705 1157 774 1211 Ἦ
805 1159 1083 1230 οὐδέτερον
1116 1161 1342 1228 τούτων,
1376 1165 1488 1218 ἀλλ’
1517 1168 1766 1238 ἑτερογε-

178 1251 283 1321 νὴς
305 1251 388 1314 τίς
415 1252 560 1304 ἐστιν
597 1249 765 1320 αὕτη,
807 1253 1266 1324 φαντασιουμένου
1307 1256 1400 1308 τοῦ
1433 1259 1761 1328 ἡγεμονικοῦ

175 1341 293 1395 τῶν
336 1342 636 1414 ἀνθρώπων
684 1339 779 1406 οὒς
829 1343 896 1397 ἂν
939 1345 1156 1398 ἀκούειν
1197 1345 1452 1420 βούληται
1493 1353 1594 1420 τῆς
1629 1351 1764 1416 ίδίας

177 1435 369 1504 φωνῆς
398 1435 426 1487 6
457 1435 586 1498 Θεός
605 1453 621 1468 ο
650 1435 788 1488 ὥστε
814 1437 1102 1506 ἀναλογίαν
1141 1440 1284 1510 ἔχειν
1324 1443 1423 1512 τὴν
1464 1445 1762 1512 φαντασίαν

121 1513 132 1522 ”
173 1524 384 1595 ταύτην
413 1526 548 1597 πρὸς
565 1525 662 1598 τὴν
692 1529 749 1578 ὲν
777 1530 888 1590 τοῖς
915 1529 1140 1600 ὀνείροις
1162 1532 1454 1602 γινομένην
1481 1535 1760 1600 πολλάκις.

177 1618 393 1689 ’Ὠσπερ
418 1619 548 1690 γὰρ,
578 1621 638 1671 οὐ
668 1621 1038 1690 πληττομένου
1077 1621 1170 1674 τοῦ
1200 1623 1378 1695 ἀέρος,
1415 1624 1760 1696 λαμϐάνομέν

171 1725 303 1762 τινα
346 1712 402 1762 ὲν
434 1714 554 1773 ταῖς
587 1710 706 1763 καθ’
757 1712 921 1766 ὕπνον
974 1712 1082 1783 (92)
1132 1715 1452 1782 φαντασίαις
1500 1719 1758 1788 ῥημάτων

169 1801 342 1855 τινῶν
373 1803 467 1855 καὶ
498 1803 747 1873 φθόγγων
785 1806 1026 1876 μνήμην,
1058 1807 1117 1858 οὑ
1152 1805 1238 1858 διὰ
1269 1810 1368 1876 τῆς
1403 1809 1572 1878 ἀκοῆς
1603 1809 1755 1874 δεξά-

177 1909 336 1962 μενοι
371 1891 470 1963 τὴν
504 1894 707 1964 φωνὴν,
738 1893 850 1946 ἀλλ’
901 1894 1071 1964 αὐτῆς
1099 1895 1198 1966 τῆς
1225 1897 1449 1968 καρδίας
1484 1898 1639 1969 ἡμῶν
1665 1917 1759 1952 τυ-

179 1984 484 2056 πωθείσης·
513 1985 768 2056 τοιαύτην
793 1987 915 2039 τινὰ
947 1987 1052 2059 χρὴ
1081 1985 1321 2058 νομίζειν
1356 1991 1451 2042 καὶ
1483 1992 1581 2062 τὴν
1609 1991 1761 2064 παρὰ

170 2077 275 2130 τοῦ
309 2076 442 2130 Θεοῦ
488 2077 669 2148 φωνὴν
717 2079 1028 2146 ἐγγίνεσθαι
1065 2083 1178 2143 τοῖς
1228 2081 1550 2151 προφήταις.
1587 2081 1757 2151 Φωνὴ

169 2171 400 2238 Κιιοίου
423 2171 521 2223 ἐπὶ
555 2168 672 2224 τῶν
713 2169 964 2224 ὑδάτων.
1005 2169 1094 2233 Ὠς
1120 2171 1216 2241 μὲν
1239 2171 1375 2241 πρὸς
1398 2173 1458 2225 τὸ
1483 2172 1756 2244 αἰσθητὸν,

171 2261 367 2333 ἐπειδὴ
397 2265 452 2315 αἱ
480 2263 718 2332 νεφέλαι,
749 2261 964 2316 ἐπειδὰν
995 2261 1184 2328 ὕδατος
1208 2257 1308 2318 ὦσι
1337 2264 1582 2335 πλήρεις,
1627 2261 1759 2338 ἦχον

172 2357 277 2410 καὶ
305 2357 472 2426 ψόφον
508 2355 829 2411 ἀποτελοῦσι
867 2356 1296 2426 συγκρουόμεναι
1345 2357 1478 2429 πρὸς
1504 2358 1756 2430 ἀλλήλας,

175 2445 376 2514 Φωνὴ,
403 2445 556 2516 φησὶ,
580 2443 800 2513 Κυρίου
837 2443 1071 2498 ἐπὶτῶν
1100 2445 1354 2499 ὑδάτων.
1398 2446 1558 2499 Ἀλλά
1587 2447 1681 2500 καὶ
1709 2447 1764 2500 εί

174 2555 286 2592 που
331 2537 442 2606 (95)
493 2537 663 2606 ψόφος
703 2535 910 2590 ὑδάτων
950 2537 1471 2608 περιῤῥηγνυμένων
1510 2539 1623 2591 τισὶ
1649 2538 1758 2594 τῶν

175 2629 488 2683 ἀντιτύπων
513 2627 770 2696 γίγνοιτο,
810 2629 902 2680 καὶ
931 2628 979 2680 εί
1014 2629 1046 2698 ἡ
1075 2628 1316 2682 θάλασσα
1350 2628 1617 2698 πνεύμασι
1658 2647 1756 2684 τα-

179 2719 494 2790 ρασσομένη
525 2718 860 2789 κυμαίνοιτο,
886 2718 978 2772 καὶ
1010 2719 1180 2788 βίαιον
1205 2711 1336 2790 ἦχον
1364 2719 1656 2790 ἐκπέμποι,
1690 2720 1760 2774 τὰ

169 2811 365 2880 ἄψυχα
393 2807 566 2863 ταῦτα
595 2809 694 2879 τὴν
717 2808 868 2879 παρά
887 2807 980 2860 τοῦ
1010 2808 1212 2879 Κυρίου
1248 2807 1359 2878 ἔχει
1405 2807 1587 2879 φωνὴν
1610 2849 1624 2874 ,
1651 2809 1758 2861 δει-

169 2903 402 2965 κνύντος
423 2901 516 2955 τοῦ
545 2901 726 2970 λόγου,
754 2901 835 2953 ὅτι
879 2901 1026 2953 πᾶσα
1059 2901 1092 2969 ἡ
1131 2899 1307 2963 κτίσις
1348 2901 1625 2970 μονονουχὶ
1659 2900 1759 2971 βοᾷ

165 2997 266 3050 τὸν
302 2994 499 3063 ἑαυτῆς
526 2992 855 3064 δημιουργὸν
877 2991 1301 3061 ἀναγγέλλουσα.
1334 2991 1451 3045 Κᾶν
1480 2992 1672 3063 βροντὴ
1700 2993 1757 3047 δὲ

167 3087 288 3140 ἀπὸ
333 3085 507 3154 νεεξῶν
543 3085 652 3156 (94)
688 3085 918 3154 ἐκραγῇ,
953 3083 1051 3135 οὑκ
1097 3081 1224 3135 ἄλλο
1251 3099 1304 3134 τι
1351 3083 1456 3153 χρὴ
1492 3083 1752 3154 νομίζειν,
1783 3117 1824 3174 c

167 3179 208 3250 ἢ
236 3181 319 3232 ὅτι
340 3181 366 3231 ό
383 3177 510 3241 Θεὸς
526 3177 622 3248 τῆς
651 3177 806 3247 δόξης
832 3175 1143 3246 ἐϐρόντησε,
1169 3175 1263 3228 καὶ
1287 3176 1366 3228 ὅτι
1388 3173 1589 3246 Κύριός
1608 3178 1752 3230 ἐστιν

165 3273 201 3323 ὁ
236 3271 337 3340 τὴν
369 3268 540 3339 ὑγρὰν
567 3267 726 3336 φύσιν
772 3266 1009 3336 συνέχων
1043 3265 1110 3319 δι’
1146 3265 1358 3320 ἑαυτοῦ.
1397 3269 1611 3334 Κύριος
1655 3267 1754 3321 ἐπὶ

165 3361 412 3415 ὑδάτων
443 3355 706 3412 πολλῶν.
757 3355 1163 3426 Μεμαθήκαμεν
1211 3356 1318 3428 γάρ
1354 3359 1411 3410 ἐν
1443 3359 1510 3428 τῇ
1549 3375 1749 3428 κοσμο..

167 3451 360 3522 γενείᾳ
394 3451 535 3520 ὕδωρ
568 3449 750 3502 ἐπάνω
778 3449 884 3501 τῶν
912 3447 1178 3519 οὐρανῶν,
1214 3447 1357 3519 ὕδωρ
1387 3447 1546 3501 πάλιν
1570 3449 1631 3501 τὸ
1653 3451 1753 3520 τῆς

165 3545 436 3606 ἀὸύσσου,
478 3543 664 3614 ἕτερον
701 3541 768 3594 τὰ
809 3541 1127 3611 συστήματα
1173 3540 1280 3593 τῶν
1315 3539 1616 3594 θαλασσῶν.
1657 3539 1752 3604 Τίς

167 3631 268 3690 οὖν
299 3637 444 3687 ἐστιν
472 3636 500 3686 6
533 3631 853 3703 συγκρατῶν
883 3630 1055 3683 ταῦτα
1075 3671 1089 3694 ,
1133 3631 1227 3682 καὶ
1263 3629 1336 3699 μὴ
1377 3629 1480 3682 ἐῶν
1513 3631 1652 3684 αὑτὰ
1682 3631 1748 3702 τῇ

169 3729 380 3798 φυσικῇ
415 3729 554 3796 ῥοπῇ
583 3723 842 3796 φέρεσθαι
874 3721 1012 3792 πρὸς
1052 3719 1121 3774 τὰ
1146 3721 1295 3775 κάτω
1343 3721 1473 3792 (95),
1517 3721 1550 3792 ἢ
1579 3723 1607 3774 6
1635 3721 1744 3774 Κύ-

171 3837 292 3892 ριος
323 3819 350 3870 6
397 3820 509 3880 τοῖς
557 3818 718 3870 πᾶσιν
759 3813 1109 3884 ἐμϐεϐηκὼς,
1146 3813 1204 3876 ὃς
1251 3811 1344 3865 καὶ
1387 3813 1494 3864 τῶν
1543 3813 1750 3866 ὑδάτων

165 3913 289 3981 ἔχει
322 3910 383 3962 τὸ
429 3910 664 3979 κράτος;
695 3908 846 3976 Τάχα
878 3907 934 3960 δὲ
972 3907 1063 3959 κοιλ⁴
1106 3903 1538 3976 μυστικώτερον,
1577 3904 1748 3974 Φωνὴ

164 4003 393 4070 Κυρίου
425 4001 522 4054 ἐπὶ
551 3999 667 4053 τῶν
689 3999 941 4064 ὑδάτων,
973 3999 1060 4052 ὅτε
1092 3996 1440 4068 βαπτισθέντι
1470 3999 1547 4068 τῷ
1576 3999 1748 4068 Ἰησοῦ

165 4094 394 4161 ἐγένετο
419 4090 623 4146 ἄνωθεν
645 4091 816 4161 φωνὴ,
841 4091 922 4142 ὅτι
944 4083 1128 4154 Οὗτός
1153 4089 1323 4141 ἐστιν
1345 4091 1378 4140 ὁ
1408 4089 1538 4152 Υἱός
1563 4107 1680 4156 μου
1716 4091 1750 4142 ὁ

163 4184 499 4253 ἀγαπητός.
551 4183 682 4234 Τότε
715 4181 824 4251 γὰρ
868 4181 896 4232 6
933 4179 1135 4251 Κύριος
1173 4179 1270 4249 μὲν
1301 4175 1367 4249 ἦν
1417 4177 1506 4231 ἐπὶ
1543 4177 1749 4232 ὑδάτων

165 4275 404 4336 πολλῶν,
449 4273 690 4342 ἁγιάζων
728 4273 795 4326 τὰ
825 4271 992 4325 ὕδατα
1028 4271 1114 4324 διὰ
1145 4269 1240 4323 τοῦ
1282 4271 1684 4342 βαπτίσματος·
1721 4275 1749 4325 6

159 4366 230 4422 δὲ
259 4367 388 4431 Θεὸς
429 4367 528 4437 τῆς
556 4367 712 4436 δόξης
755 4368 820 4435 τῇ
882 4363 1262 4434 μεγαλοφωνίᾳ
1309 4363 1407 4432 τῆς
1445 4361 1748 4434 μαρτυρίας

1872 526 2052 597 Moyse
2087 527 2194 582 :Et
2217 529 2382 582 omnis
2425 529 2644 598 populus
2691 530 2896 584 videbat
2936 548 3109 586 vocem
3152 545 3202 587 et
3232 533 3441 604 lampa-

1868 617 1955 670 des
1982 617 2045 669 εο.
2063 617 2126 670 Ει
2148 617 2287 686 apud
2309 617 2500 672 Isaiam
2527 633 2738 672 rursus:
2765 618 2881 674 Vos:
2903 621 3144 688 dicentis,
3168 621 3353 678 Clama
3369 625 3438 678 ⁶¹.

1869 705 1979 762 Vox
2005 709 2218 776 quidem
2271 718 2355 763 est
2395 711 2536 778 apud
2581 725 2676 765 nos
2733 719 2826 765 aut
2873 726 2967 766 aer
2999 727 3308 778 percussus,
3345 723 3441 768 aut

1868 800 2076 868 species
2091 800 2332 868 quaedam
2363 801 2415 854 in
2445 815 2570 856 aere
2597 803 3056 874 impressa,quam
3079 805 3168 874 qui
3200 821 3440 876 pronun-

1869 891 1996 958 tiat,
2027 892 2329 960 exprimere
2372 892 2503 947 vult.
2549 891 2688 958 Quid
2718 893 2884 962 igitur
2929 903 3014 950 est
3051 911 3156 950 vox
3181 897 3439 954 Domini?

1867 983 2213 1053 percussione
2239 983 2294 1037 in
2324 999 2450 1040 aere
2470 984 2690 1054 intelligi
2721 985 2900 1049 debet,
2919 1001 2988 1040 an
3011 1000 3106 1041 aer
3127 1002 3435 1058 percussus.

1866 1075 1932 1128 ad
1973 1089 2131 1130 aures
2159 1090 2329 1145 usque
2361 1077 2682 1146 perveniens
2716 1077 2863 1147 ejus,
2895 1079 2962 1132 ad
2997 1093 3156 1148 quem
3196 1079 3257 1134 iit
3281 1081 3432 1136 vox?

1867 1165 2061 1221 Utrum
2101 1176 2350 1222 neulrum
2400 1169 2614 1232 horum,
2663 1171 2758 1224 sed
2812 1170 3034 1226 alterius
3081 1173 3293 1243 generis
3321 1174 3438 1230 haec

1865 1273 1966 1312 vox
2003 1267 2106 1326 est,
2139 1274 2258 1329 qua:
2285 1259 2334 1314 in
2365 1271 2546 1316 mente
2569 1261 2826 1317 horumce
2846 1263 3124 1320 hominum
3161 1281 3300 1336 quos
3325 1268 3438 1323 vult

1862 1348 2004 1404 Deus
2043 1365 2196 1405 suam
2233 1365 2418 1406 vocem
2467 1352 2670 1416 audire,
2705 1354 3022 1424 recipiatur,
3058 1357 3436 1428 consignetur-

1863 1455 1988 1510 que,
2015 1443 2090 1496 ita
2123 1453 2180 1496 ut
2232 1443 2346 1498 haec
2393 1442 2672 1512 phantasia
2715 1461 2837 1500 cum
2887 1461 2951 1501 ea
2995 1461 3116 1516 quas
3155 1448 3351 1519 saepius
3381 1450 3436 1506 in

1862 1533 2066 1589 somnis
2091 1534 2168 1598 iit,
2187 1534 2382 1589 habeat
2399 1535 2774 1603 cognationem
2799 1547 2959 1609 atque
2979 1539 3432 1597 convenientiam.

1863 1623 2322 1692 Quemadmodum
2350 1627 2518 1692 enim,
2545 1642 2670 1683 aere
2692 1643 2796 1683 non
2826 1643 3113 1700 percusso,
3144 1631 3434 1700 quamdam

1863 1716 2147 1770 verborum
2177 1725 2232 1770 et
2259 1731 2511 1772 sonorum
2553 1719 2868 1772 memoriam
2909 1719 2964 1774 in
2999 1720 3304 1791 _phantasiis
3335 1737 3435 1793 per

1862 1820 2108 1860 somnum
2139 1807 2453 1876 accipimus,
2477 1823 2780 1877 quanquam
2810 1825 2912 1865 vox
2935 1826 3031 1880 per
3057 1812 3296 1868 auditum
3326 1829 3432 1867 non

1862 1895 2154 1964 recipitur,
2191 1896 2284 1950 sed
2343 1896 2394 1948 in
2447 1898 2563 1966 ipso
2615 1898 2776 1952 corde
2837 1910 3022 1954 nostro
3067 1901 3432 1971 imprimitur;

1861 1983 2022 2037 etiam
2055 1983 2314 2052 ejusmodi
2346 2000 2526 2040 vocem
2551 1985 2604 2040 in
2623 1987 2897 2056 pr0phetis
2923 2003 2954 2042 a
2981 1989 3092 2045 Deo
3111 1991 3432 2060 productam

1861 2073 2026 2129 fuisse
2083 2075 2305 2130 credere
2339 2091 2437 2146 par
2467 2086 2567 2131 est.
2623 2077 2736 2132 Vox
2785 2079 3000 2134 Domini
3043 2097 3201 2149 super
3243 2101 3430 2154 aquas.

1861 2165 2012 2230 Quod
2038 2166 2251 2234 quidem
2279 2169 2344 2223 ad
2387 2169 2641 2224 sensibile
2676 2171 2872 2224 attinet
2918 2189 2932 2238 ;
2964 2175 3217 2242 quoniam
3260 2176 3433 2231 nubes

1860 2257 2017 2311 simul
2049 2266 2108 2312 ut
2141 2260 2292 2330 aquis
2326 2259 2585 2316 conferta:
2609 2270 2756 2325 sunt,
2789 2275 2978 2317 sonum
3019 2264 3430 2336 strepitumque,

1860 2349 1984 2403 dum
2017 2351 2161 2406 inter
2181 2367 2241 2407 se
2269 2351 2619 2420 colliduntur,
2655 2357 2840 2420 edunt,
2879 2357 2998 2412 ideo
3030 2357 3108 2411 ait
3139 2369 3154 2412 :
3192 2356 3304 2413 Vos:
3332 2359 3433 2412 Do-

1860 2441 1990 2494 mini
2011 2459 2167 2512 super
2192 2460 2375 2513 aquas.
2409 2443 2515 2500 Sed
2545 2453 2601 2500 et
2647 2445 2818 2502 sicubi
2856 2447 2948 2502 ﬁat
2972 2448 3228 2520 strepitus
3261 2464 3432 2521 aqua-

1859 2548 1977 2587 rum
2005 2532 2074 2588 ob
2119 2537 2442 2590 renitentem
2494 2536 2725 2606 aliquem
2757 2538 2966 2593 obicem
2994 2539 3352 2610 diruptamm,
3377 2552 3433 2597 et

1859 2623 1902 2679 si
1935 2637 2085 2679 mare
2107 2625 2281 2679 ventis
2307 2626 2562 2694 agitatum
2591 2637 2877 2694 exaestuet,
2903 2637 2957 2682 et
2982 2628 3272 2685 violentum
3305 2632 3434 2688 edat

1859 2728 2072 2781 sonum,
2109 2715 2192 2770 hae
2222 2730 2311 2770 res
2339 2717 2646 2772 inanimatae
2667 2732 2698 2770 a
2723 2717 2952 2774 Domino
2977 2719 3176 2776 habent
3203 2736 3386 2778 vocem
3413 2740 3429 2776 :

1858 2804 2054 2882 quippe
2091 2805 2327 2858 ostendit
2351 2804 2652 2873 Scriptura,
2686 2820 2872 2861 omnes
2911 2821 3000 2862 res
3034 2817 3246 2864 creatas
3271 2810 3432 2880 Opili-

1857 2909 1974 2948 cem
2002 2909 2157 2949 suum
2185 2895 2566 2952 annuntiautes
2588 2905 2791 2950 tantum
2816 2913 2920 2952 non
2942 2899 3175 2955 clamare
3191 2901 3256 2956 θ’.
3278 2901 3430 2968 Quod

1858 2983 1902 3037 si
1929 2985 2126 3038 tonitru
2155 2999 2223 3038 ex
2257 2983 2486 3041 nubibus
2505 2987 2788 3056 obstrepit,
2811 2987 2945 3042 nihil
2967 2988 3108 3060 aliud
3135 2993 3428 3061 putandum

1857 3085 1959 3144 est,
1987 3078 2090 3132 nisi
2124 3079 2264 3148 quod
2324 3079 2464 3133 Deus
2513 3079 2810 3148 majestatis
2859 3081 3172 3148 intonuerit,
3201 3093 3256 3138 et
3287 3085 3430 3152 quod

1859 3170 2115 3226 Dominus
2140 3171 2228 3237 sit,
2265 3171 2354 3241 qui
2405 3187 2502 3242 per
2547 3173 2782 3243 seipsum
2837 3171 3110 3229 humidam
3155 3175 3432 3231 contineat

1855 3270 2122 3316 naturam.
2153 3261 2408 3316 Dominus
2440 3281 2595 3332 super
2642 3281 2806 3334 aquas
2852 3266 3066 3319 multas.
3095 3266 3430 3336 Agnovimus

1853 3353 1994 3407 enim
2053 3353 2106 3407 in
2167 3354 2350 3407 mundi
2385 3357 2753 3422 procreatione
2809 3370 3003 3424 aquam
3055 3371 3217 3426 super
3239 3357 3427 3422 caelos,

1853 3457 2045 3512 aquam
2103 3459 2293 3499 rursus
2339 3443 2549 3514 abyssi.
2581 3446 2707 3500 item
2762 3445 2922 3500 aliam
2977 3461 3203 3513 aquam,
3235 3463 3430 3518 nempe

1853 3533 2298 3604 congregationes
2329 3535 2491 3588 maris
2512 3533 2575 3588 ⁸³.
2594 3533 2725 3601 Quis
2748 3535 2907 3602 igitur
2933 3545 3016 3591 est
3041 3538 3131 3606 qui
3160 3537 3274 3592 haec
3299 3553 3430 3592 con-

1853 3625 2040 3689 tineat,
2071 3640 2170 3680 uec
2193 3639 2254 3678 ea
2287 3625 2428 3680 sinat
2453 3626 2683 3680 naturali
2713 3627 2950 3695 pondere
2979 3627 3228 3682 deorsum
3270 3627 3428 3692 ferri,

1852 3717 1958 3771 nisi
1991 3718 2267 3784 Dominus,
2285 3718 2375 3787 qui
2403 3717 2535 3772 nihil
2559 3732 2665 3772 non
2697 3718 2974 3789 pertingit,
3016 3718 3220 3788 quique
3265 3733 3428 3788 aqua-

1852 3827 1968 3865 rum
1998 3812 2162 3866 habet
2188 3812 2471 3880 imperium
2497 3813 2738 3866 ?Forsan
2763 3827 2890 3866 vero
2918 3821 2973 3866 et
3001 3813 3168 3881 magis
3197 3812 3426 3883 mystice

1859 3903 1974 3956 Vox
1999 3903 2213 3956 Domini
2263 3918 2419 3972 super
2447 3919 2610 3971 aquas
2652 3911 2801 3966 erat,
2835 3917 2954 3957 cum
2989 3901 3261 3972 baptizato
3298 3901 3424 3958 Jesu

1849 3996 1989 4049 facta
2028 4004 2112 4048 est
2161 4009 2393 4062 superne
2431 4009 2578 4048 vox:
2619 3993 2723 4046 Hic
2756 4003 2829 4047 est
2879 3991 3053 4047 Filius
3097 4011 3239 4048 meus
3296 3996 3427 4049 dite-

1850 4099 1962 4141 ctus
2005 4087 2068 4139 “.
2105 4085 2257 4141 Tunc
2307 4087 2450 4141 enim
2502 4087 2756 4141 Dominus
2811 4101 2974 4155 super
3024 4085 3221 4141 multas
3264 4087 3427 4158 118

1849 4193 2017 4248 aquas
2050 4189 2169 4233 erat
2200 4197 2212 4232 :
2241 4179 2437 4247 quippe
2459 4179 2548 4246 qui
2588 4193 2684 4248 per
2728 4178 3056 4246 baptismum
3087 4178 3244 4247 aquis
3295 4193 3429 4232 con-

1849 4270 2019 4325 l'erret
2055 4271 2396 4324 sanctitatem
2435 4288 2448 4322 :
2484 4269 2624 4323 Deus
2669 4280 2847 4324 autem
2885 4269 3069 4338 gloriae
3117 4269 3225 4323 alta
3273 4271 3426 4324 testi-

1850 4362 2114 4416 moniisui
2137 4376 2266 4416 voce
2298 4363 2527 4432 desuper
2552 4361 2999 4432 intonuit.Atque
3036 4363 3200 4417 etiam
3232 4363 3424 4418 relicta

163 4457 376 4511 ἄνωθεν
413 4456 798 4527 ὲπεὸρόντησε.
842 4453 952 4507 Καὶ
1009 4457 1121 4518 τοῖς
1155 4453 1568 4524 βαπτιζομένοις
1611 4455 1667 4507 δὲ
1711 4457 1744 4526 ἡ

1858 4471 1884 4510 a
1931 4457 2158 4510 Domino
2211 4471 2312 4510 vox
2373 4470 2535 4526 super
2589 4455 2926 4524 baptizandis
2982 4455 3362 4524 pronuntiatur
3407 4472 3422 4508 :

161 4547 324 4619 παρὰ
358 4546 451 4600 τοῦ
507 4547 713 4619 Κυρίου
747 4545 1169 4614 καταλειφθεῖσα
1215 4547 1363 4617 φωνὴ
1398 4547 1743 4615 ἐπιλέγεταιο

159 4639 567 4708 Πορευθέντες
593 4639 739 4712 γὰρ,
784 4639 946 4710 φησι,
975 4638 1290 4702 ,βαπτίζετε
1330 4641 1418 4703 εἰς
1455 4639 1519 4692 τὸ
1559 4639 1746 4710 ὄνομα

159 4730 278 4785 τοῦ
309 4730 557 4798 Πατρὸς,
587 4731 686 4783 καὶ
733 4730 840 4783 τοῦ
874 4729 1006 4784 Υὶοῦ
1025 4771 1039 4794 ,
1067 4729 1168 4783 καὶ
1199 4731 1305 4784 τοῦ
1353 4732 1525 4800 ἁγίου
1557 4733 1745 4786 Πνεύ-

159 4841 373 4894 ματος.
402 4821 573 4891 Φωνὴ
611 4818 724 4877 οὖν
750 4823 968 4889 Κυρίου
1009 4821 1104 4875 ἐπὶ
1155 4818 1273 4874 τῶν
1322 4821 1573 4875 ὑδάτων.
1621 4824 1750 4876 Συν-

1851 4549 2047 4600 Euntes
2070 4548 2229 4610 enim,
2263 4548 2455 4616 inquit,
2485 4547 2747 4614 baptizate
2793 4547 2850 4598 in
2891 4546 3098 4599 nomine
3145 4545 3348 4610 Patris,
3375 4556 3422 4598 et

1853 4636 2004 4703 Filii,
2030 4649 2076 4692 et
2107 4637 2334 4707 Spiritus
2365 4639 2535 4691 sancti
2569 4637 2635 4692 ⁵⁵.
2675 4635 2788 4690 Voa:
2829 4639 2990 4707 igitur
3016 4637 3229 4691 Domini
3272 4652 3426 4705 super

1852 4746 2037 4800 aquas.
2079 4729 2167 4783 Fit
2210 4739 2388 4783 autem
2439 4728 2672 4794 tonitru,
2716 4729 2929 4797 quando
2981 4729 3203 4798 spiritus
3247 4727 3423 4782 siccus

1856 4831 1912 4876 et
1949 4821 2237 4886 violentus,
2263 4821 2318 4876 in
2367 4821 2526 4875 nubis
2572 4834 2810 4875 concavo
2848 4819 3109 4884 inclusus,
3155 4833 3220 4874 ac
3261 4821 3423 4874 vehe-

239 4939 286 4970 ⁸⁹
313 4937 446 4992 Gen.
485 4951 576 4998 xv,
605 4935 660 4990 4.
737 4935 780 4966 ⁶⁰
821 4933 990 4989 Exod.
1039 4950 1130 4996 xx,
1181 4933 1267 4989 18.
1345 4936 1516 4990 “lsa.
1553 4951 1641 5002 XL,
1659 4934 1712 4990 6.

1867 4932 2008 4990 Psal.
2053 4947 2210 4998 xvut,
2238 4933 2293 4987 2.
2372 4932 2416 4964 ⁸³
2447 4930 2582 4988 Gen.
2613 4949 2652 4997 ι,
2685 4931 2839 4988 7-.IO.
2916 4931 2962 4964 ⁸⁵
2987 4929 3178 4987 Matth.
3215 4947 3298 5001 ιιι,
3332 4931 3420 4986 17.

158 5009 215 5043 ⁸³
240 5007 430 5062 Matth.
461 5020 651 5069 xxvut,
683 5003 765 5059 I9.

239 5117 352 5192 (9|)
379 5117 626 5192 _Sic_mss.
662 5117 1040 5192 _cum_edi_tione
1068 5113 1432 5192 DasilLEditio
1464 5129 1593 5170 vero
1623 5113 1729 5192 Pa-

157 5185 266 5250 ris.
301 5185 436 5261 πρὸς
463 5189 544 5261 ὃν,
573 5189 730 5242 male.
753 5187 962 5261 AStatim
995 5188 1165 5261 codex_
1189 5185 1564 5261 _Qorderianus
1598 5185 1731 5261 πρό-

156 5277 323 5332 τερον
348 5254 448 5332 'p_ro
469 5259 715 5330 πότερον,
753 5257 895 5332 haud
943 5265 1108 5310 recte.
1139 5254 1386 5322 Alioquin
1419 5254 1729 5332 θρίω-εοξή-

205 5323 292 5386 tor
323 5323 616 5382 aliirmarei
638 5329 779 5396 quod
817 5334 1268 5396 moxinegaturus
1306 5332 1408 5376 est.
1439 5323 1728 5396 Cgrderius

205 5351 292 5386 ιοι·
323 5351 616 5382 ὂΙΙΙῐἸΙΙὶΙΙὍι
638 5351 779 5396 quuu
817 5351 937 5380 ultu
978 5351 1268 5393 Itcgutul'ua
1306 5351 1408 5376 cat.
1439 5351 1725 5379 uurucrlua

157 5351 300 5458 ?alsa
317 5399 585 5467 scriptura
615 5399 890 5462 deceptus,
919 5395 996 5467 sic
1021 5395 1406 5467 interpretatur
1441 5411 1453 5446 :
1490 5393 1725 5448 Primum

157 5461 593 5541 percussioicirca
615 5461 784 5520 aerem
814 5461 1262 5541 intelliggtur,ivel
1287 5473 1534 5541 aer,__etc_.

237 5540 352 5610 (9‘2)
388 5538 486 5610 _Sic
521 5552 665 5610 _mss.
711 5531 1361 5610 et_ed_itio’Basileensis.
1391 5531 1562 5610 lllud,_
1587 5533 1720 5610 _xati‘

157 5599 355 5674 ὕπνον,
386 5608 438 5661 in
471 5606 708 5660 editione
755 5603 930 5658 Paris.
980 5605 1240 5659 omissum
1289 5599 1456 5658 fuisse
1513 5604 1729 5659 videtur

155 5679 451 5739 oscitantis
481 5675 952 5745 typographorum.

233 5751 348 5821 (95)
379 5743 519 5802 Editi
542 5743 764 5800 et'mss.
799 5759 904 5797 non
937 5744 1090 5813 pauci
1122 5743 1174 5796 εἴ
1212 5747 1336 5816 που,
1375 5745 1530 5819 φησί.
1569 5745 1728 5812 Illud,

445 5843 722 5905 ΡΑτιιοι..
752 5841 869 5902 (in.
901 5838 1148 5902 XXIX.

1833 5465 1952 5520 dem
1988 5465 2152 5536 Regii
2167 5468 2356 5520 tertius
2386 5475 2442 5518 et
2474 5476 2697 5530 quartus
2719 5467 2825 5538 χρὴ
2855 5470 3018 5523 νοεῖν.
3051 5465 3266 5521 Rursus
3303 5465 3411 5520 hoc

1839 5535 1954 5604 ipso
1979 5539 2030 5590 in
2057 5537 2173 5608 loco
2203 5535 2338 5605 Reg.
2377 5536 2570 5608 tertius
2617 5535 2898 5603 aliquanto
2930 5537 3106 5594 fusius
3149 5535 3415 5608 ἐϐρόντη-

1841 5622 1930 5658 σεν
1956 5609 2050 5659 ἐπὶ
2073 5605 2280 5669 ὑδάτων
2311 5605 2544 5669 πολλῶν,
2572 5617 2682 5659 etc.

1839 5116 1994 5185 φησι,
2020 5131 2123 5171 nec
2147 5117 2200 5172 in
2229 5117 2362 5185 Reg.
2401 5117 2661 5182 secundo,
2689 5133 2786 5172 nec
2808 5117 2861 5169 in
2891 5119 3042 5173 Colb.
3075 5125 3231 5173 sexto
3260 5131 3416 5184 repe-

1837 5186 1994 5258 ritur,
2028 5187 2188 5254 idque
2227 5188 2438 5241 melius.
2471 5187 2670 5258 Ibidem
2697 5202 2831 5241 mss.
2857 5188 2962 5242 duo
2985 5188 3156 5258 ᾥφος
3183 5187 3277 5258 ἐπὶ
3303 5185 3414 5240 τῶν

1836 5255 2065 5308 ὑδάτων.
2094 5258 2286 5311 Statim
2345 5257 2587 5310 nonnulli
2630 5271 2761 5310 mss.
2793 5272 2916 5311 cum
2971 5255 3131 5313 editis
3179 5256 3412 5324 γένοιτο.

1833 5325 1936 5379 Alii
1961 5327 2180 5394 γίνοιτο.
2209 5327 2314 5381 Alii
2333 5341 2557 5380 numero
2589 5327 2772 5396 plures
2796 5328 3058 5396 γίγνοιτο.

1907 5396 2016 5519 (94)
2053 5396 2202 5478 Regii
2232 5397 2500 5478 secundus
2537 5393 2842 5494 et'qu‘artu‘s
2862 5393 2972 5484 διπρ
3008 5395 3269 5466 νεφελῶν.
3302 5393 3411 5448 Ibi-

1907 5481 1952 5518 m
2009 5467 2142 5519 {emi
2167 5475 2356 5519 tertius
2386 5475 2442 5518 et
2474 5476 2697 5519 quartus
2719 5467 2824 5519 γοὴ
2855 5484 3018 5519 νοειν.
3051 5468 3266 5519 Rursus
3303 5465 3411 5519 hoc

2009 5465 2356 5538 {egii’tejtius
2386 5475 2442 5518 et
2474 5476 2697 5538 quartus
2719 5467 2825 5538 χρὴ
2855 5470 3018 5523 νοεῖν.
3051 5465 3276 5538 Rursus
3303 5465 3411 5520 hoc

1912 5677 2021 5749 (95)
2049 5667 2202 5733 Colb.
2229 5687 2456 5746 quartus
2481 5667 2616 5746 πρὸς
2649 5677 2708 5730 τὸ
2739 5676 2910 5732 κάτω.
2987 5761 2999 5768 _

3067 5840 3149 5914 ιο⁴
