3818 6220
362 362 466 421 291

1676 349 1735 405 S.
1777 347 2021 404 BASlLll
2059 344 2281 401 HAGNI

368 484 533 537 menti
569 481 768 550 impetu
796 493 893 547 per
921 475 1143 532 nubium
1188 489 1318 531 cava
1361 471 1808 535 circumvolutus,
1842 486 1929 525 ex-

2153 485 2255 520 ιται
2291 464 2349 518 δὲ
2383 465 2415 535 ἡ
2451 461 2675 533 βροντὴ,
2717 459 2845 511 ὅταν
2873 454 3089 525 πνεῦμα
3133 452 3297 524 ξηρὸν
3330 452 3435 505 καὶ
3469 450 3649 521 βίαιον

367 577 447 631 ire
477 583 533 630 et
559 574 703 628 foras
733 583 1018 639 erumpere
1060 568 1275 638 qumrit.
1318 566 1496 622 Nubes
1521 565 1688 636 igitur
1712 579 1823 635 ιιι-ιε
1859 564 1943 618 in-

366 666 511 736 genti
540 662 941 732 compressione
969 661 1293 723 obnitentes,
1310 662 1381 713 ob
1405 659 1547 714 hanc
1564 658 1783 729 Spiritus
1805 655 1948 711 colli-

368 760 572 814 sionem
599 769 851 826 asperum
893 754 1039 808 illum
1065 752 1331 823 fragorem
1365 750 1621 807 eﬂiciunt.
1655 750 1943 819 Postquam

368 862 498 902 vero
534 847 701 901 nubes
729 846 832 899 illae
860 846 1053 914 spiritu
1094 843 1148 898 in
1185 844 1402 898 modum
1442 842 1710 897 bullarum
1739 841 1946 896 disten-

369 952 437 997 ta:
468 941 700 1011 amplius
734 938 1018 1001 resistere,
1049 945 1105 992 et
1130 936 1400 990 sustinere
1418 940 1710 1001 nequeunt,
1741 931 1944 985 violen-

368 1041 452 1087 ter
475 1028 782 1094 coulractae,
808 1027 1164 1096 spiritumque
1204 1025 1271 1079 ad
1322 1034 1602 1078 externam
1632 1022 1945 1093 respiratio-

369 1136 494 1176 nem
545 1118 922 1189 propellentes,
973 1117 1229 1186 strepitus
1289 1115 1583 1169 tonitruum
1622 1115 1943 1184 producunt.

369 1212 484 1268 Hoc
505 1220 684 1265 autem
710 1208 849 1265 solet
875 1208 1053 1276 fulgur
1068 1207 1232 1261 etiam
1260 1205 1491 1260 ellicere.
1508 1205 1765 1259 Dominus
1784 1205 1952 1275 igitur

367 1315 472 1371 est,
502 1303 592 1373 qui
623 1310 679 1357 et
708 1316 872 1369 super
897 1313 1067 1367 aquas
1090 1297 1438 1363 constitutus,
1466 1305 1521 1350 et
1566 1297 1837 1366 ingentem
1867 1305 1949 1350 to-

370 1393 533 1447 nitrui
589 1390 858 1462 fragorem
883 1388 1153 1453 excitans,
1182 1404 1372 1445 sonum
1394 1390 1547 1458 longe
1570 1386 1862 1441 maximum
1893 1386 1947 1440 in

370 1483 517 1539 molli
558 1483 700 1538 aeris
749 1492 940 1536 natura
993 1480 1235 1536 coniicit.
1278 1483 1548 1535 Caeterum
1602 1480 1948 1533 traditionem

369 1590 490 1646 qua:
513 1583 634 1644 post
664 1574 983 1642 baptismum
1014 1587 1111 1643 per
1155 1587 1402 1643 magnam
1438 1571 1711 1642 Evangelii
1764 1586 1949 1625 vocem

371 1667 431 1722 ﬁt
478 1683 530 1721 In
578 1666 774 1721 animis
821 1680 1010 1720 eorum
1061 1665 1153 1734 qui
1197 1667 1307 1736 jam
1363 1664 1704 1735 perﬁciuntur
1736 1703 1751 1727 ,
1800 1673 1953 1733 potes

370 1762 533 1816 etiam
552 1760 705 1830 juxta
738 1758 1162 1814 ecclesiasticum
1202 1771 1505 1812 sermonem
1538 1756 1739 1815 tonitru
1768 1754 1952 1823 appel-

2045 559 2316 631 κοιλότησι
2356 556 2586 625 νεςέλης
2626 547 2997 621 ἐναποληφθὲν
3042 546 3172 617 (96).
3214 546 3311 598 καὶ
3337 544 3454 597 ὑπὸ
3482 545 3649 596 εὐτο-

2046 651 2162 714 νίας
2193 652 2305 712 τοῖς
2334 645 2634 716 κοιλώμασι
2665 642 2774 696 τῶν
2801 639 2977 710 νεφῶν
3009 638 3465 709 ἐνστρεφόμενον,
3503 636 3651 709 ζητῇ

2043 741 2274 809 διέξοδον
2308 740 2447 811 πρὸς
2473 740 2540 791 τι
2569 737 2693 803 ἐξω.
2735 734 3081 803 ’Δντέχουσαι
3118 732 3212 801 μὲν
3261 725 3357 782 οὗν
3391 729 3509 780 ὑπὸ
3549 728 3652 798 τῆς

2045 833 2185 902 ἄγαν
2210 831 2483 903 πιλήσεως
2514 829 2570 882 ai
2593 825 2832 895 νεφέλαι,
2856 825 2948 877 τὸν
2966 824 3171 893 τραχὺν
3200 823 3415 874 ἐκεῖνον
3446 821 3517 872 ἐκ
3550 820 3653 890 τῆς

2045 925 2140 980 τοῦ
2170 924 2478 995 πνεύματος
2498 920 2886 992 παρατρίψεως
2910 915 3262 971 ἀποτελοῦσιν
3282 911 3427 986 ἦχον
3444 929 3463 944 ·
3500 916 3655 966 ἐπει-

2046 1020 2144 1074 δάν
2167 1019 2223 1072 δὲ
2253 1017 2443 1087 ῶσπερ
2465 1014 2811 1087 πομφόλυγες
2845 1008 3220 1082 περιταθεῖσαι
3247 1008 3329 1078 τῷ
3359 1005 3655 1076 πνεύματι

2046 1112 2303 1164 ἐπιπλέον
2361 1110 2607 1178 ἀντέχειν
2659 1107 2753 1160 καὶ
2808 1106 3015 1173 στέγειν
3057 1103 3168 1175 (97)
3226 1102 3654 1171 ἀδυνατήσωσι,

2050 1205 2238 1276 βιαίως
2277 1200 2761 1275 ἀπορρηγνύμενα
2793 1198 2889 1253 καὶ
2919 1198 3056 1270 πρὸς
3089 1195 3189 1267 τὴν
3221 1193 3329 1259 ἔξω
3360 1192 3658 1263 ἀνατηοὴν

2046 1298 2243 1352 διεῖσαι
2295 1297 2356 1351 τὸ
2399 1296 2646 1368 πνεῦμα,
2674 1297 2801 1357 τοὺς
2830 1291 2971 1347 κατά
3018 1290 3116 1355 τὰς
3162 1288 3397 1360 βροντάς
3446 1288 3658 1340 ἀποτε-

2048 1389 2199 1443 λοῦσι
2247 1389 2473 1459 ψόφους.
2521 1386 2692 1440 Τοῦτο
2727 1385 2783 1438 δὲ
2831 1385 2927 1438 καὶ
2971 1383 3256 1453 ἀστραπὴν
3302 1380 3660 1450 ἐργάζεσθαι

2052 1482 2282 1550 πέφυκε.
2320 1481 2520 1550 Κύριος
2548 1476 2639 1532 οὖν
2670 1480 2815 1530 ἐστιν
2842 1479 2871 1529 6
2901 1477 2996 1529 καὶ
3028 1475 3120 1527 ἐπὶ
3160 1474 3269 1527 τῶν
3307 1473 3535 1526 ὑδάτων
3558 1473 3660 1532 ὣν,

2050 1575 2142 1628 καὶ
2174 1574 2203 1626 ό
2229 1573 2357 1636 τοὺς
2386 1572 2656 1643 μεγάλους
2679 1570 2883 1639 ψόφους
2907 1569 3004 1639 τῆς
3031 1567 3256 1639 βροντῆς
3285 1566 3566 1636 ἐνεργῶν,
3604 1568 3663 1617 ἐν

2052 1667 2233 1738 ἁπαλῇ
2261 1664 2355 1718 τοῦ
2410 1665 2571 1735 ἀέρος
2621 1663 2781 1731 φύσει
2808 1661 3073 1732 τοσαύτην
3114 1660 3289 1729 ψόφου
3332 1658 3663 1729 ὑπερϐολὴν

2051 1759 2440 1831 ἐργαζόμενος.
2466 1756 2698 1809 Δυνατὺν
2725 1756 2782 1808 δέ
2807 1772 2886 1808 σοι
2919 1755 3011 1807 καὶ
3043 1754 3183 1806 κατά
3212 1753 3304 1805 τὸν
3345 1754 3663 1823 ἐκκλησια-

371 1854 504 1908 Ι.ιιε.
550 1854 703 1920 Quod
749 1853 891 1907 enim
932 1849 1277 1920 Evangelium
1323 1850 1522 1902 tonitru
1578 1847 1669 1912 sit,
1704 1844 1951 1913 discipuli

2153 1851 2239 1904 ιιὺν
2260 1851 2413 1918 λόγον
2440 1851 2538 1920 τὴν
2575 1848 2712 1920 μετά
2738 1848 2799 1899 τὸ
2829 1847 3110 1917 βάπτισμα
3129 1846 3426 1915 γινομένην
3456 1846 3529 1897 ἐκ
3558 1846 3665 1914 τῆς

372 1947 469 2018 ipsi
495 1947 585 2016 qui
635 1955 841 1999 mutato
896 1944 1112 1998 nomine
1139 1941 1235 1995 lilii
1273 1938 1492 1994 tonitrui
1530 1953 1558 1991 a
1590 1936 1816 1990 Domino
1854 1951 1941 2004 ap-

370 2039 551 2109 pellati
584 2046 711 2093 sunt
744 2037 813 2101 “,
836 2034 1151 2091 ostendunt.
1186 2032 1549 2099 Quamobrem
1584 2028 1685 2083 vo'x
1729 2028 1951 2082 tonitrui

372 2130 675 2203 ltxjusmodi
708 2145 810 2185 non
862 2137 945 2183 cst
997 2128 1050 2181 in
1104 2125 1384 2195 quolibet;
1413 2122 1505 2177 sed
1554 2121 1601 2176 si
1630 2123 1752 2190 quis
1787 2120 1954 2175 fuerit

2052 1942 2465 2014 μεγαλοφωνίας
2522 1941 2617 1995 τοῦ
2671 1941 3006 2009 Εὑαγγελίου
3048 1941 3106 1991 ἐν
3143 1940 3261 2001 ταῖς
3293 1937 3512 2007 ψυχαῖς
3550 1938 3665 1991 τῶν

2049 2034 2150 2104 ἤδη
2210 2033 2604 2105 τελειουμένων
2655 2033 2955 2105 παράδοσιν
3029 2032 3257 2103 βροντὴν
3331 2031 3662 2100 ὀνομάζειν.

2051 2127 2174 2178 Ὅτι
2204 2125 2313 2197 γάρ
2362 2124 2558 2196 βροντὴ
2588 2126 2646 2179 τὸ
2696 2124 3059 2195 Εὐαγγέλιον,
3089 2124 3340 2195 δηλοῦσιν
3391 2125 3446 2176 oi
3506 2124 3665 2195 παρά

372 2225 566 2293 dignus
598 2221 685 2289 qui
719 2231 835 2273 rota
867 2218 1193 2272 nominetur.
1236 2213 1352 2269 Vox
1385 2213 1544 2279 enim,
1583 2212 1781 2282 inquit,
1814 2212 1958 2265 toni-

2167 2217 2370 2288 Κυρίου
2399 2217 2890 2290 μετονομασθέντες
2925 2216 3166 2289 μαθηταὶ
3207 2217 3302 2269 καὶ
3350 2217 3463 2268 υἱοὶ
3496 2216 3664 2286 βρον-

372 2316 478 2369 ιηιὶ
501 2315 578 2368 tui
606 2314 660 2366 in
694 2311 896 2365 rota".
922 2309 980 2363 Si
1007 2308 1129 2379 quis
1157 2305 1321 2361 fuerit
1343 2305 1434 2375 qui
1473 2320 1533 2359 se
1570 2306 1636 2358 ad
1674 2304 1951 2359 anteriora

2166 2309 2614 2379 χρηματίζοντες.
2646 2308 2743 2361 Διά
2786 2307 2945 2361 τοῦτο
2978 2308 3080 2361 οὐκ
3109 2309 3165 2359 ἐν
3192 2305 3271 2377 τῷ
3301 2307 3533 2376 τυχόντι
3560 2307 3666 2377 τῆς

372 2406 646 2470 extendat,
673 2403 837 2457 veluti
864 2411 1005 2466 rota,
1035 2399 1240 2453 modica
1265 2397 1345 2452 sui
1375 2408 1528 2466 parte
1561 2405 1759 2451 terram
1795 2396 1958 2449 attin-

374 2513 523 2569 gens,
560 2506 611 2551 et
643 2500 863 2549 omnino
886 2494 1029 2557 talis,
1060 2491 1235 2560 qualis
1270 2499 1388 2543 erat
1410 2504 1496 2553 ea,
1531 2487 1598 2543 de
1628 2502 1731 2557 qua
1766 2487 1957 2558 loque-

374 2590 533 2643 batur
564 2585 813 2642 Ezechiel
842 2600 858 2637 :
894 2582 957 2636 Et
1008 2584 1134 2646 vidi,
1157 2592 1203 2636 et
1238 2597 1354 2635 ecce
1379 2587 1498 2634 rota
1542 2596 1648 2634 una
1696 2580 1754 2632 in
1789 2588 1953 2644 terra,

373 2679 555 2746 iuncta
604 2687 828 2747 quatuor
856 2672 1193 2735 animalibus,
1236 2681 1286 2726 et
1337 2671 1531 2741 species
1559 2679 1833 2732 eorum,et
1872 2669 1956 2740 fa-

376 2780 524 2825 ctura
556 2784 736 2823 eorum
778 2767 928 2837 quasi
962 2766 1154 2831 species
1184 2762 1397 2819 Titanis
1425 2762 1490 2817 ⁸⁸.

2053 2400 2311 2470 τοιαύτης
2351 2399 2581 2471 βροντῆς
2610 2401 2642 2470 ἡ
2673 2400 2846 2470 φωνὴ,
2882 2398 2998 2452 ἀλλ’
3029 2399 3126 2452 ἐάν
3166 2415 3249 2461 τις
3290 2396 3445 2461 ἄξιος
3544 2401 3667 2450 δνο-

2057 2488 2327 2560 μάζεσθαι
2375 2491 2589 2561 τροχός.
2625 2490 2801 2558 φωνὴ
2857 2488 2968 2560 γὰρ
3016 2489 3127 2558 τῆς
3175 2487 3450 2556 βροντῆς
3512 2504 3660 2552 σου,

2054 2584 2242 2653 φησιν,
2275 2584 2345 2637 ἐν
2388 2582 2470 2649 τῷ
2512 2582 2721 2653 τροχῷ.
2785 2583 2910 2637 Ἐάν
2949 2600 3036 2647 τις
3180 2584 3292 2645 τοῖς
3338 2580 3667 2653 ἔμπροσθεν

2054 2675 2521 2746 ἐπεκτεινόμενος,
2554 2675 2741 2746 ῶσπερ
2784 2676 2815 2727 6
2865 2675 3092 2747 τροχὸς,
3121 2674 3284 2745 ὀλίγῳ
3338 2675 3499 2744 μέρει
3559 2674 3668 2743 τῆς

2053 2766 2157 2837 γῆς
2185 2768 2595 2837 ἐφαπτόμενος,
2628 2769 2722 2821 καὶ
2754 2767 2890 2830 ὅλως
2909 2766 3149 2830 τοιοῦτος
3180 2766 3313 2836 (98),
3351 2768 3546 2829 ὁποῖος
3587 2762 3667 2837 ἦν

376 2863 503 2933 περὶ
531 2856 591 2916 οὑ
624 2860 804 2928 ἔλεγεν
848 2856 1108 2927 Ὶεζεκιήλ
1131 2874 1145 2888 ο
1180 2855 1287 2911 Kal
1327 2851 1509 2919 εἶδον,
1554 2854 1653 2909 καὶ
1692 2854 1821 2909 ιδοὺ
1889 2857 2101 2926 τροχὸς
2165 2856 2261 2939 εἷς.
2285 2860 2383 2915 ἐπὶ
2411 2858 2524 2929 γῆς
2578 2860 2864 2929 ἐχόμενος
2891 2859 3003 2929 (99)
3031 2857 3149 2912 τῶν
3172 2857 3327 2918 ζώων
3355 2859 3483 2925 τοῖς
3524 2858 3670 2911 τέσ-

375 2972 579 3025 σαρσι,
621 2952 811 3008 καὶτὸ
835 2948 994 3018 εἶδος
1037 2950 1235 3006 αὐτῶν
1269 2948 1368 3002 καὶ
1408 2950 1445 3018 ἡ
1481 2950 1726 3017 ποίησις
1758 2947 1958 3005 αὐτῶν
1994 2953 2076 3018 ὡς
2109 2950 2269 3021 εἶδος
2291 2954 2558 3022 Θαρσεῖς.

447 3051 502 3105 4.
540 3050 679 3105 Deus
733 3061 861 3118 ergo
892 3045 1181 3117 majestatis
1218 3043 1466 3110 intonuit,
1503 3043 1760 3099 Dominus
1806 3061 1960 3114 super

2153 3048 2193 3102 ι.
2236 3050 2297 3102 ὐ
2326 3048 2469 3115 Θεὸς
2513 3043 2607 3102 οὖν
2656 3045 2767 3117 τῆς
2811 3046 2999 3115 δόξης
3040 3046 3385 3113 ἐϐρόντησε,
3436 3046 3670 3112 Κύριος

375 3160 540 3215 aquas
576 3142 793 3197 multas.
828 3141 996 3208 Aqua:
1042 3146 1168 3193 sunt
1213 3144 1270 3191 et
1324 3137 1424 3204 ipsi
1471 3137 1665 3201 sancti,
1691 3138 1761 3190 ob
1800 3136 1959 3206 idque

377 3238 446 3291 de
467 3242 652 3288 ventre
677 3247 865 3287 eorum
895 3229 1064 3283 lluunt
1089 3226 1307 3282 ﬂumina
1323 3226 1389 3287 “,
1415 3227 1519 3282 hoc
1540 3236 1646 3292 est,
1665 3227 1963 3297 spiritualis

378 3324 781 3392 doctrina,qua:
808 3321 1141 3374 audientium
1167 3318 1376 3373 animas
1408 3318 1615 3389 irrigat.
1657 3318 1724 3374 Et
1749 3335 1961 3386 rursus,

382 3415 655 3486 accipiunt
675 3428 870 3484 aquam
913 3409 1195 3466 salientem
1242 3410 1295 3465 in
1335 3409 1503 3463 vitam
1540 3419 1963 3480 :eternam,qu:e

384 3507 438 3561 in
481 3506 550 3559 iis
579 3503 671 3574 qui
711 3517 831 3558 eam
887 3501 987 3556 rite
1032 3500 1360 3571 acceperint,
1396 3498 1627 3554 ellicitur
1661 3499 1779 3556 fons
1808 3516 1965 3572 aqua:

385 3595 629 3655 salientis
662 3595 717 3650 itt
769 3579 934 3647 vilem
967 3601 1225 3648 aeternam
1254 3590 1325 3647 ’°.
1374 3588 1560 3659 Itaque
1609 3605 1775 3661 super
1830 3590 1966 3647 tales

386 3699 558 3756 aquas
600 3683 861 3739 Dominus
910 3691 1013 3738 est.
1063 3680 1372 3737 Memineris
1421 3690 1599 3736 autem
1631 3690 1685 3737 et
1728 3682 1967 3737 historia:

387 3777 539 3843 Elia,
577 3775 793 3846 quando
827 3774 984 3828 annis
1013 3772 1184 3828 tribus
1207 3782 1262 3828 et
1289 3773 1565 3827 mensibus
1603 3787 1697 3828 sex
1722 3773 1965 3829 clausum

386 3881 470 3927 est
504 3868 743 3936 calum;
782 3866 1019 3937 quando,
1071 3874 1370 3934 occupante
1422 3865 1679 3920 verticem
1731 3864 1968 3921 Carmeli

391 3961 546 4027 sudo,
570 3974 833 4029 aquarum
882 3956 1170 4012 multarum
1209 3971 1397 4012 vocem
1444 3956 1648 4010 audivit
1682 3972 1696 4009 :
1736 3973 1858 4011 mox
1890 3956 1969 4010 la-

391 4063 535 4109 ctum
559 4059 662 4115 est,
694 4058 832 4104 utet
857 4048 1058 4104 tonitru
1103 4049 1277 4112 ﬂeret,
1299 4057 1352 4102 et
1376 4062 1531 4117 aqua:
1561 4045 1791 4103 ﬂuerent
1811 4065 1841 4102 e
1874 4065 1970 4102 nu-

390 4144 629 4202 bibus".
662 4141 917 4197 Dominus
951 4156 1073 4211 ergo
1105 4156 1262 4208 super
1293 4155 1457 4206 aquas
1482 4142 1694 4194 multas.
1723 4140 1883 4196 Vsus.
1913 4141 1968 4196 4.

399 4235 515 4292 νοω
571 4232 786 4288 Domini
839 4233 895 4287 in
943 4233 1150 4287 uirtute.
1199 4230 1350 4286 Sicut
1403 4232 1455 4285 in
1510 4241 1624 4285 rota
1682 4245 1787 4286 vox
1846 4233 1908 4286 lit
1954 4250 1969 4287 :

392 4330 471 4385 sic
504 4328 556 4381 in
594 4325 791 4379 virtute
831 4339 936 4378 vox
983 4322 1193 4377 Domini
1237 4322 1508 4378 consistit.
1546 4322 1649 4389 Qui
1683 4323 1824 4377 enim
1852 4338 1972 4378 om-

2062 3141 2161 3195 ὲπὶ
2189 3142 2426 3195 ὑδάτων
2465 3138 2731 3195 πολλῶν.
2773 3139 2983 3194 Ὕδατά
3005 3141 3113 3192 είσι
3136 3138 3295 3193 καὶοὶ
3324 3137 3494 3204 ἆγιοι,
3521 3138 3668 3192 διότι

2064 3233 2301 3304 ποταμοὶ
2349 3233 2563 3306 ῥέουσιν
2606 3234 2671 3286 ἐκ
2713 3231 2811 3301 τῆς
2850 3230 3059 3295 κοιλίας
3109 3230 3314 3293 αὐτῶν,
3380 3230 3667 3293 τουτέστι,

2064 3324 2409 3397 πνευματικὴ
2481 3323 2800 3378 διδασκαλία
2861 3323 3100 3394 ἄρδουσα
3155 3321 3254 3385 τὰς
3305 3319 3486 3390 ψυχὰς
3548 3320 3670 3373 τῶν

2025 3454 2033 3461 -
2065 3417 2391 3471 ἀκουόντων.
2427 3418 2538 3470 Καὶ
2571 3415 2754 3478 πάλιν,
2789 3414 3157 3485 λαμϐάνουσιν
3192 3411 3336 3483 ὕδωρ
3357 3411 3671 3482 ἀλλόμενιον

2066 3512 2147 3574 είς
2171 3508 2316 3581 ζωὴν
2346 3508 2584 3573 αἰώνιον,
2609 3509 2746 3579 ὅπερ
2779 3507 2987 3575 γίνεται
3012 3509 3070 3560 ἐν
3091 3509 3203 3567 τοῖς
3221 3504 3399 3568 καλῶς
3424 3504 3671 3559 λωῦοὖσι

2068 3605 2221 3677 πηγὴ
2252 3603 2442 3667 ὓδατος
2475 3601 2771 3672 ἁλλομένου
2806 3601 2886 3662 είς
2919 3598 3066 3670 ζωὴν
3107 3600 3342 3652 αἰώνιον.
3393 3596 3523 3648 Ἐπὶ
3550 3596 3673 3649 τῶν

2068 3692 2328 3747 τοιούτων
2349 3688 2441 3746 οὖν
2462 3692 2670 3745 ὑδάτων
2701 3693 2730 3744 6
2767 3689 2986 3761 Κύριος.
3027 3688 3307 3759 Μνήσθητι
3345 3686 3403 3740 δὲ
3434 3687 3538 3739 καὶ
3563 3688 3674 3759 τῆς

2070 3784 2314 3857 ἱστορίας
2343 3783 2544 3845 Ἠλίου,
2574 3783 2663 3836 ὅτε
2697 3780 2951 3850 ἐκλείσθη
2973 3783 3001 3835 ὁ
3027 3779 3258 3850 οὐρανὸς
3284 3778 3376 3850 ἔτη
3406 3778 3542 3849 τρία
3570 3780 3677 3831 καὶ

2075 3877 2250 3948 μῆνας
2284 3875 2373 3942 ἒξ’
2411 3877 2501 3929 ὅτε
2522 3915 2537 3939 ,
2572 3873 2789 3945 αἰθρίας
2817 3873 2982 3944 οὑσης
3019 3872 3113 3926 ἐπὶ
3150 3871 3247 3942 τὴν
3286 3869 3538 3941 κορυφὴν
3571 3869 3675 3922 τοῦ

2071 3965 2394 4037 Καρμήλου,
2411 3965 2612 4036 ἢκουσε
2634 3964 2816 4034 φωνῆς
2839 3962 3048 4016 ὑδάτων
3062 3961 3272 4015 πολλῶν
3294 3956 3435 4013 ἐἶτα
3452 3964 3675 4032 ἐπηκο-

2071 4058 2299 4127 λούθησε
2323 4057 2384 4110 τὸ
2404 4057 2497 4110 καὶ
2535 4055 2761 4127 βροντὴν
2796 4055 3049 4125 γενέσθαι
3074 4056 3138 4107 ἐκ
3153 4052 3392 4124 νεφελῶν
3403 4053 3501 4106 καὶ
3523 4052 3679 4126 ὓδωρ

2075 4151 2289 4219 ῥυῆναι.
2324 4150 2541 4217 Κύριος
2563 4144 2679 4203 οὖν
2694 4147 2791 4201 ἐπὶ
2824 4145 3059 4200 ὑδάτων
3072 4145 3337 4200 πολλῶν.
3356 4145 3538 4213 Φωνὴ
3558 4149 3682 4200 Κυ-

2066 4238 2204 4306 ρίου
2224 4240 2293 4292 ὲν
2314 4240 2499 4307 ἰσχύϊ.
2523 4240 2733 4310 Ὥσπερ
2750 4241 2807 4292 ἐν
2822 4237 2901 4310 τῷ
2916 4237 3140 4310 τροχῷή
3161 4236 3311 4308 φωνὴ
3331 4237 3572 4304 γίνεται,
3591 4237 3681 4290 οὑ.

2075 4350 2183 4395 τως
2211 4335 2268 4387 ἐν
2289 4332 2434 4404 ίσχύῖ
2460 4336 2492 4404 ή
2529 4332 2681 4405 φωνὴ
2718 4334 3033 4386 συνίσταται
3059 4330 3153 4383 τοῦ
3189 4330 3423 4401 Κυρίου.
3470 4330 3536 4384 Ὃ
3562 4331 3678 4401 γάρ

392 4425 482 4481 nia
522 4426 699 4492 potest
746 4419 798 4471 in
843 4432 909 4473 eo
937 4417 1026 4487 qui
1067 4416 1243 4487 ipsum
1285 4415 1601 4471 corroborat
1644 4414 1860 4472 Christo
1898 4417 1967 4480 τ’,
2004 4396 2047 4450 D
2078 4424 2254 4476 πάντα
2286 4396 2566 4494 ισξύωνεν
2594 4396 2681 4495 τῷ
2708 4422 3090 4492 ὲνδυναμοῦντι
3123 4396 3291 4474 αὑτὸν
3310 4396 3678 4492 Χριττῷζοῦζ

394 4515 443 4571 is
472 4512 627 4568 audit
668 4508 879 4564 Domini
909 4505 1183 4568 mandata,
1233 4513 1289 4558 et
1327 4504 1477 4560 facit.
1512 4504 1624 4560 Vox
1662 4504 1829 4574 igitur
1868 4506 1970 4561 Do-

395 4607 527 4663 mini
557 4620 665 4661 non
694 4602 748 4657 in
774 4599 935 4655 debili
964 4607 1019 4652 et
1047 4598 1309 4653 dissoluta
1343 4599 1547 4664 anima,
1570 4599 1663 4653 sed
1690 4600 1741 4652 in
1769 4613 1831 4652 ea
1852 4614 1972 4666 quae

396 4710 616 4756 strenue
662 4709 727 4747 ac
759 4689 986 4745 viriliter
1024 4689 1223 4743 bonum
1257 4688 1486 4758 perlicit.
1533 4686 1646 4743 Vox
1672 4688 1884 4743 Domini
1918 4693 1974 4744 in

397 4785 813 4861 magniﬁcentia.
867 4779 1266 4852 Magniﬁcentia
1320 4787 1404 4835 est
1462 4780 1637 4835 virtus
1696 4780 1977 4852 eleganter

399 4894 615 4950 magna.
668 4874 838 4946 Igitur
890 4886 978 4927 res
1033 4885 1257 4941 magnas
1312 4872 1403 4940 qui
1444 4870 1712 4925 decenter.
1734 4872 1972 4939 coniicit,

400 4975 491 5029 hic
517 4970 670 5026 audit
694 4963 1031 5034 magniﬁcus.
1063 4961 1299 5018 Proinde
1326 4978 1450 5029 cum
1490 4964 1671 5016 anima
1730 4978 1758 5016 a
1794 4963 1977 5019 carnis

478 5065 523 5096 “
545 5061 713 5117 Marc.
742 5072 827 5121 ιιι,
862 5055 949 5111 l7.

398 5131 652 5200 ινιιι,42
682 5143 841 5196 seqq.
915 5126 961 5157 τ’
988 5122 1224 5194 Philipp.
1249 5140 1323 5189 tv,
1357 5124 1443 5179 12.

472 5224 582 5300 (96)
610 5218 865 5300 Nonnulli
914 5232 1048 5300 mss.
1099 5216 1598 5300 évaﬁolsttpliévlet
1650 5216 1973 5299 ipaqegisse

401 5286 615 5353 videtur
656 5295 926 5358 interpres
961 5297 1137 5354 vetus,
1166 5289 1257 5357 qui
1301 5288 1528 5358 verterit
1558 5302 1573 5341 :
1610 5286 1843 5358 spiritus
1885 5305 1973 5342 re-

401 5372 575 5423 lictus.
608 5363 716 5419 Sed
768 5355 942 5429 major
971 5373 1097 5429 pars
1118 5428 1124 5429 γ
1145 5355 1275 5413 mss.
1300 5355 1720 5429 γέναποληφοέν,
1756 5359 1975 5426 spiritus

402 5443 666 5492 detentus.
699 5427 1240 5497 inclusum'Oplime.
1296 5428 1505 5483 Ibidem
1548 5427 1702 5483 Colb.
1740 5439 1975 5498 quartus

402 5508 511 5562 τῶν
531 5501 769 5575 νεφελῶν
793 5499 1276 5575 ἐπιστρεφόμενον.

478 5567 833 5645 (9Ἱ)ξιρεείιιιι“
862 5571 916 5624 in
948 5567 1121 5622 tribus
1154 5583 1288 5622 mss.
1317 5567 1695 5645 περιστέλλειν
1720 5583 1821 5645 pro
1848 5569 1973 5645 στέ-

478 5583 589 5645 (97)
615 5583 689 5628 Le
727 5583 833 5625 itur
862 5586 916 5624 tn
948 5583 1121 5622 trtuus
1154 5583 1288 5622 mss.
1317 5583 1695 5639 περιστελλειν
1761 5583 1821 5622 ro
1848 5583 1973 5622 στε-

404 5663 544 5715 γειν.
606 5589 805 5697 lbigem
871 5647 1108 5720 quatuor
1156 5652 1290 5720 mss.
1333 5636 1573 5693 διιεῖσαι.
1628 5583 1753 5695 8εὲ
1803 5641 1976 5710 major

410 5706 537 5785 pars
566 5726 697 5767 mss.
729 5724 854 5765 cum
881 5709 1042 5763 editis
1075 5706 1295 5760 διεῖσαι.

2079 4532 2169 4577 τος
2188 4514 2375 4571 ἀκοὺει
2407 4514 2514 4569 τῶν
2540 4515 2767 4569 ἐντολῶν
2798 4515 2894 4568 τοῦ
2924 4514 3150 4585 Κυρίου,
3182 4513 3277 4565 καὶ
3312 4514 3477 4565 ποιεῖ.

2080 4600 2174 4657 οὖν
2197 4605 2427 4676 Κυρίου,
2461 4605 2561 4659 οὐκ
2590 4606 2648 4659 ἐν
2674 4609 2740 4677 τῇ
2774 4605 2990 4658 ἀσθενεῖ
3020 4604 3114 4657 καὶ
3140 4601 3479 4674 ὲκλελυμὲνῃ
3499 4602 3677 4674 ψυχῇ,

2082 4694 2197 4749 ἀλλ’
2227 4697 2285 4749 ὲν
2320 4699 2385 4768 τῇ
2431 4697 2661 4760 εὐτόνως
2705 4698 2801 4751 καὶ
2845 4695 3078 4768 ἰσχυρῶς
3123 4692 3583 4766 κατεργαζομένη
3619 4694 3681 4747 τὸ

2082 4787 2307 4854 ἀγαθόν.
2339 4788 2512 4858 Φωνὴ
2532 4789 2753 4857 Kvplov
2781 4790 2851 4842 ἐν
2868 4786 3369 4858 μεγαλοπρεπείᾳ.
3410 4786 3477 4838 Ἦ
3502 4803 3679 4855 μεγα-

2083 4878 2386 4953 λοπρέπεια
2436 4883 2603 4954 ἀρετή
2660 4884 2811 4934 ἐστιν
2869 4880 3164 4953 ἐκπρεπῶς
3220 4877 3438 4950 μεγάλη
3474 4877 3580 4950 (ι).
3620 4879 3680 4930 '0

2080 4965 2177 5024 οὖν
2224 4973 2545 5045 πρεπόντως
2596 4972 2882 5036 ἀποδιδοὺς
2940 4973 3037 5035 τὰς
3075 4974 3203 5044 περὶ
3247 4971 3358 5025 τῶν
3420 4972 3681 5040 μεγάλων

1047 5052 1270 5137 ‘i'Psal.
1320 5069 1500 5137 foxw,
1528 5053 1617 5109 19.
1694 5053 1740 5085 ⁸⁸
1779 5053 1957 5111 Ezech

2153 5064 2192 5119 ἲ.
2270 5066 2314 5097 ⁸⁸
2343 5063 2499 5123 Joan.
2535 5065 2742 5127 vit,58.
2818 5066 2863 5096 7°
2898 5064 3054 5119 Joan.
3090 5080 3164 5131 tv,
3191 5063 3281 5118 N.
3354 5064 3401 5095 "
3434 5063 3505 5119 Ill
3541 5065 3678 5137 Reg.

2155 5219 2272 5291 (98)
2292 5218 2530 5276 Codices
2560 5236 2665 5275 non
2692 5221 2848 5291 pauci
2889 5218 3305 5291 aloi‘towt'nog.

2151 5286 2928 5365 (99)‘Nonnulli_mss.spexit;
2974 5286 3053 5365 ef;
3095 5290 3516 5365 exdusyog._Alii
3549 5309 3682 5365 τρο-

2077 5357 2481 5432 χδς-ἐχόμενος.
2548 5362 2687 5415 Editi
2735 5357 2931 5432 g'poib;
2964 5357 3045 5426 εἷς
3094 5357 3323 5432 eius;
3388 5357 3675 5432 ἐχόμενῖος.

2080 5428 2439 5503 LXX'jtiilem
2468 5432 2662 5503 τροχὸς
2702 5428 2792 5503 ξιξ
2823 5428 2919 5487 ἐπὶ
2952 5433 3052 5503 τῆς
3084 5434 3190 5503 γῆς
3228 5428 3521 5503 ἐχόμενος.
3554 5433 3679 5488 Sta-

2082 5501 2369 5577 titu_Co_|b.
2395 5496 2640 5577 quartus
2674 5496 2816 5577 εἶδος
2837 5496 3029 5577 αὐτοῦ’.

2155 5571 2234 5646 (l)
2268 5572 2446 5626 Ειιιιίο
2495 5571 2671 5646 Paris.
2714 5573 2886 5646 ἀρετή
2941 5576 3093 5627 ἐστιν
3135 5571 3438 5646 εὐπρεπῶς
3466 5574 3681 5646 μεγάλα

2087 5640 2553 5716 πράττουσι-Αἱ
2610 5640 2972 5716 ιιιεείοιιιίιεε
3015 5640 3319 5714 simplicius
3363 5640 3677 5716 εὐτρεπῶς,

2089 5711 2184 5769 aut
2218 5711 2511 5785 ἐκπρεπῶς
2550 5712 2781 5785 μεγάλη.
