3818 6220
337 390 448 445 295

1655 373 1716 430 S.
1755 369 2002 427 BASlLll
2045 367 2259 422 MAGNI

3514 346 3633 403 296

339 518 426 558 tur
479 502 654 572 digna:
689 515 809 568 qua:
861 502 1237 553 conterantur.
1273 490 1411 546 Sunt
1465 497 1646 544 autem
1680 489 1926 558 quasdam

2085 483 2125 535 v3
2155 482 2310 545 Θεοῦ,
2344 473 2503 534 αὗται
2551 477 2642 530 τοῦ
2693 473 2927 528 Λιϐάνου
2975 471 3328 543 ὀνομάζονται
3369 466 3479 538 (4),
3532 469 3632 518 καὶ

342 597 433 650 Dei
464 597 638 657 cedri,
685 608 822 662 quas
886 591 1111 645 arbusta
1161 587 1336 640 vinem
1386 597 1508 652 quae
1561 597 1627 636 ex
1683 579 1924 650 [Egypto

340 689 601 744 translata
636 685 800 750 est",
840 683 1116 752 operiunt,
1151 689 1210 734 ut
1234 679 1286 732 in
1333 675 1561 731 Psalmis
1591 673 1877 728 didicimus
1908 689 1923 726 :

341 783 560 852 Operuil
614 788 814 832 montes
851 775 1037 829 umbra
1069 772 1205 843 ejus,
1255 779 1304 823 el
1342 769 1558 821 arbusta
1596 766 1710 836 ejus
1745 765 1926 818 cedro;

342 873 524 927 Dei".
572 870 806 924 Proinde
853 882 975 922 cum
1007 867 1152 919 inter
1175 873 1404 917 cmteras
1453 860 1521 913 de
1561 858 1783 913 Christo
1831 871 1928 908 no-

345 968 523 1020 tiones
546 962 806 1016 Dominus
835 969 1020 1013 noster
1044 957 1170 1009 vitis
1193 954 1354 1008 etiam
1373 953 1620 1006 dicatur:
1655 948 1769 1018 Ego
1788 947 1926 1001 enim

341 1074 478 1122 sum,
502 1055 701 1124 inquit,
733 1053 874 1112 vitis,
895 1067 983 1104 vos
1005 1045 1324 1117 palmites";
1347 1043 1491 1098 cedri
1509 1042 1598 1096 Dei
1618 1038 1819 1103 suntii,
1837 1037 1927 1106 qui

342 1162 499 1207 antea
529 1147 746 1218 quidem
766 1145 916 1197 fuere
941 1139 1153 1197 steriles
1183 1147 1238 1193 et
1261 1138 1326 1191 ad
1345 1133 1772 1191 comburendum
1797 1129 1926 1198 apti:

342 1242 438 1298 sed
482 1241 571 1294 ubi
621 1245 992 1309 tegumentum
1059 1232 1343 1286 subierunt
1399 1227 1628 1292 Christi,
1673 1223 1931 1290 illumque

342 1334 489 1389 velut
512 1332 826 1394 induerunt,
856 1342 950 1396 per
981 1324 1150 1394 ipsius
1179 1323 1409 1393 gratiam
1447 1318 1798 1374 sterilitatem
1823 1328 1933 1369 sua!

342 1427 470 1480 vita:
497 1429 811 1490 contegunt.
845 1419 936 1472 Dei
965 1430 1097 1484 ergo
1137 1415 1330 1468 cedros
1358 1411 1517 1481 120
1543 1410 1818 1464 fructuosa
1845 1421 1935 1459 ar-

343 1522 504 1574 busta
529 1513 938 1584 circumplicata
963 1509 1273 1564 custodiunt
1304 1521 1318 1557 :
1352 1505 1544 1559 cedros
1572 1516 1700 1556 vero
1743 1497 1932 1554 Libani

345 1608 639 1679 confringit
689 1605 966 1660 Dominus.
1035 1599 1200 1654 Vens.
1229 1599 1283 1652 6.
1358 1596 1422 1649 Et
1477 1593 1791 1648 comminuet
1845 1604 1934 1642 eas

345 1677 600 1764 tanquam
647 1691 898 1750 vitulum,
949 1685 1232 1739 Libanum.
1287 1680 1451 1734 Vituli
1511 1678 1654 1733 illius
1705 1677 1773 1730 de
1826 1689 1935 1742 quo

348 1787 551 1844 mentio
594 1788 653 1839 lit
693 1784 744 1837 in
771 1779 1046 1842 Exodo",
1097 1774 1436 1836 memineris,
1473 1785 1634 1841 quem
1679 1769 1730 1822 in
1766 1765 1938 1820 idolo-

2031 575 2316 645 συντριόἧς
2340 571 2638 637 ἀξιοῦνται.
2671 569 2788 620 Εἰσὶ
2825 565 2934 636 γάρ
2961 581 3106 625 τινες
3127 563 3306 631 κέδροι
3332 559 3435 612 τοῦ
3463 558 3632 620 Θεοῦ,

2026 666 2092 730 ἃς
2126 667 2180 718 αἱ
2216 663 2596 734 άναδενδράδες
2630 661 2728 729 τῆς
2768 660 2860 712 ἀπ’
2905 656 3181 724 Αἰγύπτου
3229 650 3636 724 μετατεθείσης

2029 761 2276 832 ἀμπέλου
2329 757 2716 816 καλύπτουσιν,
2760 751 2834 814 ὡς
2881 751 2938 802 ἐν
2985 748 3232 817 Ψαλμοῖς
3293 741 3633 815 μεμαθήκα-

2034 869 2165 923 μεν·
2219 849 2558 915 Ἐκάλυψέν
2597 845 2703 913 ὄρη
2735 843 2772 910 ἡ
2814 839 2960 894 σκιὰ
3011 836 3218 904 αὐτῆς,
3253 836 3354 888 καὶ
3386 837 3452 886 αἱ
3482 834 3634 886 ἁνα-

2031 942 2353 1010 δενδράδες
2409 938 2599 1005 αὐτῆς
2643 938 2749 999 τὰς
2787 933 3035 1001 κέδρους
3083 929 3190 983 τοῦ
3248 927 3429 981 Θεοῦ.
3480 926 3638 978 Ἐπεὶ

2038 1033 2137 1090 οῦν
2189 1034 2327 1106 μετὰ
2387 1031 2493 1084 τῶν
2560 1029 2735 1084 ἄλλων
2779 1026 2888 1078 τῶν
2935 1023 3062 1095 περὶ
3117 1021 3356 1094 Χριστοῦ
3413 1019 3641 1072 ἐννοιῶν

2032 1131 2126 1184 καὶ
2174 1126 2413 1198 ἄμπελος
2469 1126 2496 1176 ό
2538 1121 2742 1192 Κύριος
2782 1119 2940 1189 ἡμῶν
2993 1117 3240 1184 λέγεται·
3319 1112 3472 1181 Ἐγὼ
3529 1110 3642 1179 γάρ

2030 1225 2167 1290 εἰμι,
2225 1219 2408 1288 φησὶν,
2460 1217 2498 1282 ἡ
2557 1212 2846 1282 ἄμπελος,
2906 1209 3075 1278 ὑμεῖς
3123 1208 3196 1278 ('3)
3243 1205 3317 1258 τὰ
3399 1204 3644 1273 κλήμα-

2032 1329 2138 1365 τα·
2172 1309 2353 1380 κέδροι
2392 1307 2497 1360 εἰσὶ
2529 1305 2624 1357 τοῦ
2655 1302 2789 1356 Θεοῦ
2831 1303 2882 1354 οἱ
2937 1301 3072 1362 τέως
3112 1299 3211 1369 μὲν
3241 1297 3497 1367 ἄκαρποι
3546 1297 3645 1346 καὶ

2034 1402 2171 1473 πρὸς
2219 1399 2415 1454 καῦσιν
2459 1395 2776 1466 ἐπιτήδειοι,
2823 1391 3144 1453 ὑπελθόντες
3177 1389 3232 1442 δὲ
3274 1387 3372 1457 τὴν

2034 1494 2128 1548 τοῦ
2170 1491 2432 1564 Χριστοῦ,
2463 1489 2558 1542 καὶ
2585 1489 2747 1541 οἱονεὶ
2797 1485 3144 1554 ἐνδυσάμενοι
3188 1481 3373 1543 αὑτὸν,
3437 1481 3509 1532 ἐκ
3545 1479 3647 1546 τῆς

2037 1585 2168 1658 παρ’
2205 1584 2369 1638 αὑτοῦ
2421 1583 2642 1653 χάριτος
2690 1579 2752 1632 τὸ
2795 1579 3045 1648 ἄκαρπον
3087 1576 3186 1642 τῆς
3225 1571 3445 1626 ἑαυτῶν
3489 1570 3646 1639 ζωῆς

2039 1676 2501 1747 συγκαλύπτουσι.
2551 1673 2661 1736 Τὰς
2695 1672 2792 1742 μὲν
2826 1666 2918 1722 οῦν
2961 1669 3182 1737 κέδρους
3211 1665 3305 1717 τοῦ
3335 1663 3480 1716 Θεοῦ
3513 1667 3652 1716 ανα-

2038 1765 2317 1838 δενδράδες
2348 1763 2614 1834 εὓκαρποι
2659 1759 3080 1830 περιπλακεῖσαι
3127 1755 3468 1824 φυλάττουσι
3496 1770 3510 1781 °
3543 1753 3649 1814 τὰς

350 1880 508 1932 latria
563 1875 915 1935 eﬂinxerunt,
963 1879 1234 1939 quemque
1283 1863 1676 1918 comminutum
1717 1857 1932 1928 Moyses

2085 1879 2091 1911 :
2118 1859 2344 1928 κέδρους
2377 1855 2471 1908 τοῦ
2511 1853 2746 1906 Λιϐάνου
2781 1849 3053 1920 συντρίϐει
3081 1848 3108 1898 ὁ
3137 1845 3359 1912 Κύριος.
3393 1842 3514 1896 Καὶ
3546 1846 3650 1895 λε-

349 1967 722 2040 deditpopulo
765 1964 1083 2034 potandum.
1121 1961 1307 2028 Itaque
1352 1966 1520 2010 totum
1563 1953 1827 2008 Libanum
1882 1960 1938 2003 et

349 2059 800 2118 consuetudinem
829 2052 1150 2110 idololatria:
1177 2052 1229 2104 in
1263 2063 1327 2102 eo
1362 2046 1782 2101 invalescentem
1815 2057 1939 2111 per-

350 2155 478 2211 inde
517 2161 577 2206 ut
630 2150 780 2205 illum
839 2147 1068 2201 vitulum
1113 2137 1520 2197 exterminabit.
1591 2135 1660 2189 Et
1713 2133 1937 2186 dileclus

350 2249 485 2299 sicut
499 2244 667 2313 .ﬁlius
701 2241 1056 2294 unicornium.
1076 2233 1396 2303 Unigenitus
1417 2229 1610 2295 Filius,
1630 2227 1720 2294 qui
1741 2225 1940 2279 mundo

351 2341 447 2390 dat
478 2335 729 2398 vitam",
765 2346 890 2387 cum
926 2329 1158 2384 hostiam
1197 2335 1253 2378 et
1299 2322 1630 2378 oblationem
1685 2333 1783 2387 pro
1811 2329 1939 2386 pec-

353 2427 491 2482 catis
519 2423 720 2480 nostri—s
744 2422 980 2493 seipsqu
1011 2419 1120 2474 Deo
1143 2416 1388 2480 θεῖοι-μθ,
1428 2425 1484 2468 et
1527 2411 1619 2468 Dei
1651 2424 1839 2480 agnus,
1887 2415 1942 2460 et

352 2521 474 2573 ovis
516 2515 847 2571 nominatur.
897 2510 1035 2566 Ecce
1094 2511 1257 2576 enim,
1305 2507 1502 2576 inquit,
1547 2517 1714 2573 agnus
1757 2498 1936 2554 Dei“.

362 2607 428 2660 Et
454 2619 665 2668 rursus,
694 2602 969 2672 Tanquam
1000 2601 1106 2654 ovis
1135 2599 1202 2653 ad
1228 2597 1541 2651 occisionem
1567 2594 1754 2646 ductus
1779 2602 1851 2645 est
1870 2591 1938 2641 ⁸³.

353 2695 489 2750 Cum
529 2706 658 2746 vero
685 2698 1022 2760 potentatum
1055 2705 1225 2758 genus
1254 2687 1535 2742 hominum
1579 2683 1938 2746 adorientem,

357 2785 508 2842 illam
536 2778 1084 2837 videliceteil'eratam
1119 2791 1173 2834 et
1197 2786 1571 2847 exasperatam
1607 2782 1935 2844 potestatem

355 2875 546 2932 ulcisci
589 2885 645 2928 et
683 2882 929 2927 evertere
980 2882 1211 2941 oportet,
1244 2881 1356 2924 tum
1407 2869 1548 2922 ﬁlius
1594 2867 1939 2921 unicornium

355 2967 690 3039 appellatur.
734 2962 1022 3018 Unicornis
1069 2965 1237 3026 enim,
1286 2972 1344 3016 ut
1387 2962 1438 3016 in
1484 2959 1584 3014 Job
1633 2959 1941 3024 didicimus,

356 3071 442 3115 est
483 3058 687 3112 animal
737 3055 1088 3125 insuperabili
1139 3055 1342 3108 virtute
1391 3051 1714 3120 prmditum,
1771 3048 1944 3103 homi-

359 3151 520 3204 nibus
562 3147 703 3202 haud
748 3145 1069 3215 subjectum.
1103 3144 1225 3198 Non
1271 3143 1411 3198 enim
1441 3179 1458 3204 ,
1505 3139 1724 3218 inquit,
1774 3140 1944 3205 ipsum

2039 1949 2255 2002 πτυνεῖ
2279 1947 2465 2010 αὑτὰς
2487 1946 2568 2010 ὡς
2612 1943 2718 1996 τὸν
2754 1930 2993 2010 μόσχον
3019 1938 3126 1990 τὸν
3159 1937 3446 1989 Λίϐανον.
3489 1934 3651 2001 Μνὴ-

2041 2041 2197 2110 σθητι
2227 2038 2318 2092 τοῦ
2347 2037 2548 2110 μόσχου
2584 2033 2676 2088 τοῦ
2715 2035 2772 2085 ὲν
2811 2035 2877 2102 τῇ
2914 2029 3127 2098 Ἐξόδῳ,
3159 2028 3217 2080 ὃν
3247 2026 3391 2078 κατὰ
3436 2024 3542 2097 τὴν
3566 2027 3648 2076 εξ-

2037 2129 2424 2199 δωλολατρείαν
2459 2125 2791 2188 ἀνέπλασαν,
2833 2124 2892 2176 ὃν
2939 2121 3194 2173 ὲλέπτυνε
3248 2117 3505 2185 Milia-31‘};
3552 2116 3649 2167 καὶ

2039 2227 2256 2280 ὲπότισε
2291 2224 2382 2278 τὸν
2428 2223 2576 2276 λαόν.
2621 2219 2842 2288 Ἐκείνῳ
2893 2217 3070 2269 τοίνυν
3118 2213 3194 2284 τῷ
3227 2212 3418 2283 μόσχῳ
3457 2227 3648 2280 παρα-

2051 2317 2296 2390 πλησίως
2335 2315 2454 2368 ὅλον
2486 2313 2578 2365 τὸν
2613 2312 2844 2366 Λίϐανον
2887 2309 2982 2361 κοιλ⁵
3009 2305 3104 2377 τὴν
3139 2307 3194 2357 ὲν
3223 2303 3375 2372 αὑτῷ
3405 2302 3650 2373 κρατοῦς-

2048 2428 2147 2464 σαν
2179 2408 2466 2478 συνήθειαν
2491 2406 2588 2476 τῆς
2613 2401 3054 2472 εἰδωλολατρείας
3076 2397 3415 2466 ἐξαφανίσει.
3450 2396 3569 2448 Καὶ
3614 2397 3649 2446 ὀ

2042 2499 2427 2572 ἠγαπημένος
2471 2498 2552 2561 ὡς
2588 2495 2718 2560 υἱὸς
2751 2491 3195 2564 μονοκερώτων.
3235 2489 3292 2541 '0
3341 2486 3649 2557 μονογενής

2045 2591 2193 2656 Υἱὸς,
2243 2590 2271 2640 ὁ
2331 2587 2510 2650 διδοὺς
2564 2585 2709 2655 ζωὴν
2749 2582 2828 2653 τῷ
2873 2582 3083 2652 κόσμῳ,
3134 2580 3261 2632 ὅταν
3321 2578 3420 2648 μὲν
3471 2592 3648 2647 προσ-

2044 2683 2184 2756 φέρῃ
2225 2678 2412 2733 Θυσίαν
2457 2677 2551 2730 καὶ
2595 2672 2910 2746 προσφορὰν
2963 2671 3149 2724 ἑαυτὸν
3199 2667 3275 2738 τῷ
3321 2666 3444 2737 Θεῷ
3500 2665 3645 2734 ὑπὲρ

2053 2775 2166 2826 τῶν
2233 2769 2518 2843 ἁμαρτιῶν
2570 2767 2748 2839 ἡμῶν,
2799 2767 2892 2819 καὶ
2948 2763 3116 2834 ἀμνὸς
3175 2759 3519 2831 ὀνομάζεται¹
3548 2757 3647 2810 τοῦ

2047 2867 2185 2920 Θεοῦ
2246 2865 2341 2918 καὶ¹
2389 2862 2680 2934 πρόϐατον.
2745 2859 2866 2914 Ἴδε
2923 2858 3054 2927 γὰρ,
3118 2857 3301 2926 φησὶν,
3359 2857 3392 2906 ὀ
3449 2853 3653 2921 ἀμνὸς

2043 2959 2150 3012 τοῦ
2223 2956 2370 3010 Θεοῦ
2415 2955 2528 3025 (6)⁶
2599 2953 2692 3005 καὶ
2765 2950 2962 3004 πάλιν·
3040 2949 3132 3014 Ὡς
3180 2947 3484 3014 πρόϐατον
3544 2943 3653 2996 ἐπὶ

2045 3048 2298 3119 σφαγὴν
2339 3045 2516 3115 ἤχθη.
2567 3046 2735 3096 Ὅταν
2769 3042 2824 3095 δὲ
2864 3038 3172 3110 ἀμύνασθαι
3218 3035 3311 3108 δὲῃ
3363 3035 3462 3087 καὶ
3505 3033 3655 3087 καθ-

2048 3143 2189 3195 ελεῖν
2212 3139 2309 3210 τὴν
2354 3137 2675 3192 δυναστείαν
2707 3135 2805 3205 τὴν
2855 3131 3224 3201 ὲπιφυομένην
3260 3129 3334 3198 τῷ
3358 3127 3508 3194 γένει
3536 3125 3657 3178 τῶν

359 3244 473 3296 loro
500 3241 767 3310 alligabit,
802 3212 964 3309 neque
989 3237 1215 3292 dormiet
1251 3239 1305 3287 in
1333 3233 1558 3304 ρηοδερὶ
1583 3212 1648 3283 ⁸³.
1686 3230 1753 3284 Ει
1781 3228 1943 3283 multa

2085 3232 2380 3306 .νθρώπων,
2407 3227 2879 3299 ἐκτεθηριωμὲνην
2922 3224 3043 3277 τινὰ
3077 3223 3166 3276 καὶ
3207 3219 3657 3290 ἀπηγριωμένην

359 3334 416 3386 iu
438 3336 537 3388 hac
568 3330 863 3400 prophetiae
889 3339 1042 3400 parte
1069 3329 1212 3383 dicta
1249 3335 1400 3391 sunt,
1427 3340 1494 3380 ex
1515 3323 1712 3394 quibus
1737 3330 1954 3377 constat

361 3425 560 3480 animal
582 3423 713 3478 illud
745 3421 1012 3477 libertatis
1030 3434 1222 3474 amans
1239 3433 1381 3482 esse,
1408 3431 1583 3485 neque
1603 3414 1824 3483 obsequi
1860 3413 1954 3467 lio-

363 3518 619 3571 minibus.
675 3513 1037 3570 Observatum
1093 3520 1178 3567 est
1234 3519 1437 3575 autem,
1491 3507 1832 3577 Scripturam
1901 3505 1954 3558 in

363 3611 650 3670 uzramque
692 3611 897 3673 partem
943 3599 1298 3655 similitudine
1334 3596 1614 3652 unicornis
1650 3596 1749 3660 uti,
1797 3596 1956 3648 modo

365 3709 485 3747 cum
506 3693 687 3757 laude,
717 3694 875 3748 modo
910 3708 1030 3747 cum
1061 3690 1481 3761 vituperatione.
1513 3686 1656 3742 Erue
1681 3689 1843 3752 enim,
1874 3687 1955 3740 in-

365 3788 502 3851 quit,
556 3800 588 3836 a
621 3784 825 3852 framea
861 3781 1092 3835 animam
1122 3795 1315 3842 meam,
1338 3787 1387 3832 et
1425 3795 1459 3832 a
1481 3777 1723 3831 cornibus
1745 3778 1959 3828 unicor-

368 3881 512 3928 nium
542 3875 896 3927 humilitatem
918 3889 1089 3926 meam
1106 3870 1173 3922 ⁸⁸.
1199 3870 1338 3924 Dicit
1367 3870 1502 3935 haec,
1525 3867 1845 3923 insimulans
1861 3867 1956 3920 de-

366 3969 537 4020 ditum
568 3967 704 4022 bello
732 3966 1007 4036 populum,
1034 3973 1277 4034 tempore
1314 3961 1585 4031 passionis
1613 3961 1665 4015 in
1693 3975 1751 4015 se
1780 3961 1957 4014 insur-

369 4069 604 4129 gentem.
636 4059 842 4114 Rursus
867 4071 1034 4111 vero:
1059 4053 1421 4122 Exaltabitur,
1457 4054 1654 4124 inquit,
1685 4053 1822 4107 sicut
1849 4053 1961 4105 uni-

369 4151 567 4218 comis,
591 4167 755 4204 cornu
783 4148 1026 4203 muni“.
1053 4148 1283 4203 Videtur
1307 4147 1469 4216 igitur
1487 4155 1707 4215 propter
1736 4145 1958 4199 insitum

371 4243 593 4297 animali
616 4243 856 4297 studium
877 4239 1198 4306 ulciscendi,
1232 4254 1376 4309 sazpe
1397 4239 1449 4292 in
1476 4237 1674 4292 malam
1702 4235 1956 4292 similitu-

375 4337 554 4389 dinem
589 4335 798 4404 accipi;
831 4342 1045 4399 contra,
1080 4339 1306 4402 propter
1341 4345 1508 4385 cornu
1539 4329 1879 4383 altitudinem
1907 4337 1962 4380 et

377 4426 702 4491 libertatem,
754 4427 807 4480 in
858 4426 1056 4481 bonam
1096 4422 1507 4478 similitudinem
1548 4420 1761 4476 abduci.
1799 4419 1866 4473 Et
1907 4420 1958 4472 in

2053 3327 2308 3397 δύναμιν,
2364 3324 2487 3376 τότε
2530 3323 2644 3382 υἱός
2696 3317 3081 3390 μονοκερὼτων
3114 3311 3456 3382 ὀνομάζεται.
3497 3309 3660 3364 Ζῶον

2055 3419 2185 3489 γὰρ,
2223 3416 2299 3479 ὡς
2339 3416 2396 3467 ἐν
2425 3412 2503 3484 τῷ
2545 3410 2666 3465 ’1ὼὸ
2702 3409 3121 3481 μεμαθήκαμεν,
3162 3408 3190 3459 ὁ
3230 3400 3540 3475 μονόκερώς
3569 3401 3660 3470 (7)

2057 3510 2202 3560 ἐστιν
2235 3507 2448 3576 ἄμαχον
2478 3503 2575 3573 τὴν
2616 3501 2867 3569 δύναμιν,
2895 3497 3261 3552 ἀνυπότακτον
3288 3494 3398 3554 τοῖς
3431 3490 3664 3562 ἀνθρώ-

2057 3615 2200 3661 ποις.
2235 3598 2317 3649 Οὐ
2373 3595 2484 3664 γὰρ
2526 3592 2740 3661 δήσεις
2771 3590 2978 3653 αὐτὸν,
3015 3587 3197 3657 φησιν,
3240 3583 3454 3653 Ιμάντι,
3505 3583 3664 3636 οὐδέ

2057 3687 2486 3759 κοιμηθήσεται
2541 3685 2639 3738 ἐπὶ
2699 3685 2952 3752 φάτνης.
3009 3680 3119 3732 Καὶ
3167 3676 3333 3730 πολλὰ
3390 3676 3662 3746 περὶτοῦ

2058 3778 2455 3853 ἐλευθεριάζειν
2485 3777 2546 3832 τὸ
2600 3776 2737 3841 ζῶον
2767 3775 2861 3828 καὶ
2888 3774 2963 3844 μὴ
2993 3771 3241 3825 ὑπείκειν
3292 3771 3402 3831 τοῖς
3433 3766 3663 3838 ἀνθρὼη

2058 3891 2182 3936 ποις
2215 3875 2272 3926 ὲν
2321 3872 2514 3940 ἐκείνῳ
2543 3869 2621 3940 τῷ
2671 3869 2826 3939 μέρει
2879 3867 2977 3936 τῆς
3035 3860 3370 3934 προφητείας
3403 3858 3657 3929 εἴρηται.

2059 3965 2170 4017 Καὶ
2215 3963 2683 4035 παρατετήρηται,
2721 3961 2801 4012 ὅτι
2835 3957 2920 4009 ἐπ’
2958 3957 3245 4026 ἀμφότερα
3285 3953 3557 4022 κέχρηται
3585 3955 3664 4025 τῇ

2060 4057 2228 4110 εἰκόνι
2260 4055 2354 4108 τοῦ
2398 4054 2771 4126 μονοκέρωτος
2805 4053 2837 4120 ἡ
2879 4049 3068 4118 Γραφή
3089 4065 3102 4077 ο
3133 4046 3263 4099 ποτὲ
3299 4045 3396 4114 μὲν
3429 4044 3668 4096 ἐπαινε-

2058 4147 2187 4211 τῶς,
2219 4146 2406 4200 ἄλλοτε
2440 4144 2498 4196 δὲ
2533 4141 2992 4210 διαϐεϐλημένως.
3042 4135 3251 4188 Ῥῦσαι
3290 4133 3420 4202 γὰρ,
3459 4134 3662 4202 φησὶν,

2059 4242 2127 4294 ἐκ
2170 4239 2472 4308 ῥομφαίας
2507 4236 2622 4304 τὴν
2652 4232 2866 4302 ψυχήν
2884 4223 3024 4300 μου,
3067 4229 3163 4282 καὶ
3223 4226 3340 4281 ἀπὸ
3386 4225 3666 4292 κεράτων

2054 4332 2480 4402 μον-οκερὼτων
2519 4328 2634 4395 τὴν
2673 4323 3042 4380 ταπείνωσιν
3086 4338 3224 4390 μου.
3267 4317 3369 4370 Τὸν
3429 4318 3668 4386 πολεμο-

2062 4425 2212 4479 ποιὸν
2245 4423 2372 4477 λαὸν
2403 4421 2703 4476 διαϐάλλων
2754 4416 2930 4471 ταῦτά
2964 4432 3095 4486 φησι
3151 4411 3301 4482 παρὰ
3331 4411 3424 4463 τὸν
3463 4411 3665 4479 καιρὸν

376 4535 618 4586 summa,
658 4521 915 4588 quoniam
971 4517 1215 4572 invenire
1256 4523 1341 4571 est
1394 4530 1564 4571 cornu
1612 4529 1640 4567 a
1677 4513 1943 4581 Scriptur:

2085 4516 2155 4568 τοῦ
2187 4515 2390 4578 πάθους
2425 4511 2809 4566 ἐπαναστάντα
2841 4506 2989 4576 αὑτῷ
3017 4506 3115 4576 (8).
3148 4503 3313 4557 Πάλιν
3347 4501 3430 4562 δὲ,
3475 4503 3668 4570 ’Υψω-

375 4625 518 4680 saepe
547 4625 647 4680 pro
677 4611 850 4682 gloria
880 4619 1200 4680 usurpatum
1229 4650 1244 4664 .
1275 4605 1424 4662 verbi
1459 4606 1654 4676 gratia,
1683 4602 1956 4658 Exaltabil

449 4796 495 4827 ⁷⁸
531 4795 666 4850 Psal.
701 4807 884 4856 um,
918 4792 970 4847 9.
1063 4793 1109 4822 "
1144 4791 1274 4845 ibid.
1313 4791 1398 4844 ll.
1475 4786 1700 4842 "Joan.
1744 4804 1833 4853 xv,
1881 4789 1933 4842 5.

375 4864 421 4905 ἰ
449 4865 606 4920 Joan.
640 4880 657 4918 ι
708 4864 797 4918 29.
875 4863 920 4895 ⁶²
947 4865 1068 4916 Αοι.
1104 4877 1199 4916 vut
1249 4861 1318 4916 52
1343 4877 1356 4888 ·
1387 4860 1514 4944 18³.
1545 4874 1638 4912 Lm
1705 4858 1754 4912 7.

449 5043 524 5114 (lt)
559 5041 740 5096 Editio
765 5038 941 5114 Paris.
964 5036 1400 5114 Atﬁdvouxéopor.
1421 5032 1798 5114 ὀνομάζονται.
1834 5033 1946 5087 Vox

377 5105 560 5185 κέδροι
585 5111 820 5185 decst_in
846 5110 1068 5185 nostris
1097 5105 1344 5185 undecim
1363 5121 1491 5160 mss.
1520 5105 1750 5185 perinde
1785 5114 1946 5172 atque

382 5189 434 5238 in
470 5176 708 5236 {editione
733 5179 901 5234 Basil.
937 5178 1003 5232 Et
1033 5193 1161 5231 vero
1195 5178 1349 5246 quid
1381 5190 1602 5231 necesse
1635 5176 1704 5228 sit
1748 5189 1936 5246 vocem

379 5255 562 5324 κέδροι
589 5253 675 5306 hic
701 5249 918 5324 apponi,
953 5263 1058 5301 non
1099 5244 1273 5324 video.
1308 5245 1464 5324 Nam”
1492 5261 1558 5299 ex
1590 5259 1650 5298 se
1697 5244 1830 5324 satis
1867 5245 1950 5296 in-

385 5314 665 5394 telligitur,
710 5314 784 5374 a'c‘
801 5319 944 5372 nullo
995 5317 1212 5394 negotio
1242 5331 1271 5370 a
1303 5314 1946 5394 quolibet-suppleripo-

385 5383 833 5476 testJAliquanto
859 5399 983 5460 post
1020 5383 1153 5458 Reg.
1211 5387 1480 5443 secundus
1528 5383 1768 5456 Χριστοῦ
1821 5386 1950 5437 ὲπι-

383 5481 562 5518 νοιων.

459 5535 536 5604 (ξ)
565 5532 657 5604 Sic
687 5529 854 5604 editio
897 5527 1076 5604 Dasil.
1096 5541 1220 5604 cum
1251 5525 1554 5604 plerisque
1576 5539 1712 5579 mss.
1746 5523 1963 5604 Atedie

388 5596 477 5656 tio'
493 5602 666 5656 Paris.
701 5601 864 5670 dust;
895 5598 971 5670 δέέ
1028 5597 1230 5670 Mogin
1257 5596 1587 5670 Colubertinis
1627 5596 1868 5670 secundo
1905 5603 1964 5648 et

387 5681 583 5743 quarto
612 5665 1105 5743 legit'ur_8606_prq
1132 5666 1390 5743 Χριστοῦ.
1435 5666 1633 5720 Ibidem
1686 5665 1817 5735 Reg.
1871 5680 1961 5719 se—

389 5736 597 5795 éundus
626 5736 948 5808 ὑπελθόντες
969 5736 1026 5788 δὲ
1044 5738 1110 5808 τῇ
1134 5736 1333 5808 σκέπῃ.

464 5807 715 5879 (6)0011).
744 5807 1014 5864 secundus
1055 5804 1351 5876 ἀμνὸςτοῦ
1397 5804 1530 5860 Θεοῦ
1577 5807 1605 5859 ό
1650 5806 1820 5878 αἴρων
1859 5804 1959 5877 τὴν

2012 4790 2054 4820 ⁷⁸
2081 4791 2247 4844 Exod.
2297 4805 2469 4849 xxxu,
2503 4788 2557 4840 4.

1853 4858 2021 4914 “Job
2075 4877 2264 4925 xxxix,
2299 4861 2386 4914 10.
2460 4848 2509 4891 ⁸⁷⁵
2535 4856 2675 4913 Psal.
2735 4871 2848 4922 χιιι,
2877 4853 2965 4906 29..
3041 4852 3085 4882 ⁸⁸
3116 4848 3256 4904 Psal.
3312 4863 3426 4913 XCI,
3460 4849 3556 4902 11.

2067 4608 2336 4676 θήσεται,
2389 4605 2575 4676 φησιν,
2615 4603 2696 4665 ὠς
2739 4598 3152 4669 μονοκέρωτος
3182 4593 3249 4646 τὸ
3287 4595 3466 4662 κέρας
3516 4610 3663 4661 μου.

3202 4779 3247 4810 ⁸ο
3276 4777 3480 4846 Ephes.
3509 4793 3568 4842 ν,
3607 4780 3664 4833 2.

2669 4787 2713 4818 ⁷⁸
2735 4783 2896 4838 Joan.
2929 4798 3006 4844 vt,
3037 4780 3128 4834 35.

2053 5037 2334 5108 ἁμαρτίαν
2379 5036 2474 5089 τοῦ
2519 5036 2750 5107 κόσμου.
2811 5032 2966 5088 Haud
3013 5031 3085 5086 ita
3136 5029 3298 5101 longe
3365 5028 3476 5082 duo
3529 5045 3666 5086 mss.

2054 5108 2168 5172 υἱὸς
2199 5108 2395 5177 μονοκέ
2405 5123 2594 5177 ρωτος.

2085 5248 2096 5259 .
2127 5168 2490 5260 (7}.Seripior
2515 5168 2618 5260 non
2645 5176 2756 5244 ipsa
2771 5173 3088 5260 .Scr'ipturae
3111 5169 3282 5260 ‘verba
3309 5168 3504 5224 retulit
3539 5187 3575 5260 ξι
3605 5185 3669 5224 ea

2053 5248 2096 5302 si
2129 5240 2405 5316 quispiam
2443 5247 2629 5300 videre
2663 5240 2832 5311 cupit,
2870 5240 3066 5296 JObum
3111 5240 3254 5309 legat
3303 5255 3497 5302 xxxu,
3539 5240 3575 5293 9
3611 5251 3668 5292 et

2054 5318 2142 5373 10.
2178 5319 2369 5388 Aquila
2394 5332 2491 5388 pro
2527 5315 2836 5388 μονόκερως
2877 5311 3102 5388 scripsit
3146 5308 3669 5388 ῥινόκερωςηριιόο

2039 5379 2316 5454 *anga'ta,
2377 5379 2639 5454 Nunquid
2680 5379 2809 5438 volet
2852 5379 3158 5454 rhinoceros
3204 5379 3552 5454 servirejibi
3572 5381 3666 5433 .9...

2071 5448 2327 5527 Nunquid
2361 5448 2605 5527 alliga'bis
2633 5454 3018 5527 rhinocerota?
3054 5451 3249 5527 Aliqua
3284 5450 3391 5527 hoc
3423 5448 3548 5527 loco
3587 5465 3671 5500 re-

2070 5518 2313 5582 dnnd'are
2353 5527 2406 5581 in
2433 5518 2669 5581 editione
2721 5525 2928 5579 Veneta
2957 5529 3142 5576 monet
3175 5520 3264 5573 vir
3309 5518 3668 5575 doctissimus

2069 5600 2406 5738 uigilia.
2432 5664 2546 5738 Hoc
2574 5673 2677 5738 est,
2707 5662 3077 5738 in__Chri_stum
3109 5657 3426 5728 Dominum,
3453 5656 3524 5713 de
3561 5672 3668 5727 quo

2075 5733 2218 5795 totus
2245 5737 2332 5793 ille
2360 5735 2604 5808 psalmus
2633 5733 3019 5805 intelligendus
3051 5738 3157 5787 est.
