3818 6220
177 251 294 308 297
1291 253 1578 310 iIOMILIA
1613 253 1680 310 IN
1722 255 2055 314 PSALMUM
2087 255 2319 313 XXVIII.
3351 257 3457 314 298

187 369 408 422 Ἔοικεν
437 361 530 422 οὖν
563 368 651 424 διὰ
687 369 784 440 μὲν
813 368 874 421 τὸ
903 369 1198 438 ἀμυντικὸν
1229 369 1323 424 τοῦ
1375 369 1515 434 ζώου
1547 373 1639 424 ἐπὶ
1671 374 1770 444 τὴν

1886 391 2038 426 cornu
2074 373 2255 441 populi
2292 373 2478 438 sui";
2523 380 2604 438 et,
2656 371 2834 427 Cornu
2874 373 2988 443 ejus
3037 371 3358 426 excitabitur
3400 376 3458 428 in

184 462 296 515 τῶν
333 463 592 532 χειρόνων
645 462 895 516 εἰκασίαν
941 463 1016 534 (9)
1046 463 1304 527 πολλάκις
1354 465 1772 536 παραλαμϐάνε-

1886 463 2048 531 gloria
2067 464 2110 494 5"
2132 481 2146 527 ;
2168 471 2260 517 aut
2289 464 2450 518 etiam
2475 464 2597 533 quia
2625 477 2790 517 cornu
2816 479 2914 530 pro
2939 464 3138 518 virtute
3168 466 3454 536 accipitur,

187 553 334 616 σθαι,
375 552 466 606 διὰ
506 553 564 606 δὲ
601 553 664 606 τὸ
703 552 980 624 ὑψίκερων
1025 554 1119 607 καὶ
1168 553 1474 625 ἐλευθέριον
1521 557 1657 626 πρὸς
1680 555 1772 628 τὴν

1886 562 1939 607 ut
1968 564 2052 609 est
2084 555 2240 608 illud:
2263 553 2538 609 Protector
2568 572 2731 620 meus,
2763 565 2808 608 et
2841 571 3002 609 cornu
3035 556 3218 610 salutis
3245 558 3457 622 meae“;

183 644 282 696 τοῦ
314 644 582 714 βελτίονος
605 645 835 714 ἄγεσθαι
859 646 1128 698 εἰκασίαν.
1166 646 1276 699 Καὶ
1317 646 1471 710 ὅλως,
1505 647 1689 717 ἐπειδὴ
1716 646 1772 700 τὸ

1886 643 2131 700 Christus
2153 653 2332 699 autem
2371 645 2462 700 Dei
2493 647 2665 701 virtus
2691 656 2775 700 est
2801 647 2870 714 ⁸⁹;
2906 647 3028 701 ideo
3051 649 3328 702 unicornis
3360 667 3457 717 ap—

185 734 252 786 κέ
259 751 357 806 ρας
379 735 485 788 ὑπὸ
501 737 600 807 τῆς
623 737 663 788 Γ
672 740 852 808 ραφῆς
875 737 994 790 ἀντὶ
1016 737 1116 807 τῆς
1131 737 1288 807 δόξης
1303 737 1570 808 πολλαχοῦ
1592 757 1772 809 παρει·

1886 735 2110 804 pellatus
2146 745 2248 802 est,
2283 747 2541 806 tauquam
2581 738 2673 806 qui
2708 753 2873 792 unum
2919 739 3118 794 habeat
3167 755 3360 807 cornu,
3403 741 3456 796 id

185 821 472 894 λημμένον
497 825 649 880 ἔστιν
682 827 885 897 εὑρεῖν,
915 826 992 889 ὡς
1025 827 1103 891 τὸ,
1143 825 1393 893 Tal-(boat
1429 825 1606 892 κέρας
1627 825 1772 880 λαοῦ

1886 837 1984 892 est,
2011 843 2171 882 unam
2217 844 2340 883 cum
2373 828 2536 883 Patre
2566 844 2910 884 communem
2939 833 3257 900 potentiam.

185 919 378 972 αὑτοῦ
405 917 540 989 (10)·
573 920 687 984 καὶ,
730 919 802 974 Τὸ
855 920 1034 988 κέρας
1065 919 1252 973 αὑτοῦ
1286 921 1670 988 ὑψωθήσεται
1694 923 1763 974 ἐν
1791 920 1939 988 δόξῃ
1960 939 1972 951 ·
2011 921 2043 991 ἢ
2073 921 2166 974 καὶ
2209 919 2394 992 ἐπειδὴ
2432 920 2492 973 τὸ
2531 920 2702 990 κέρας
2742 923 2861 976 ἀντὶ
2897 922 3175 994 δυνάμεως
3197 921 3458 988 πολλάκις

186 1011 719 1083 παραλαμϐάνεται·
791 1011 865 1075 ὡς
910 1011 992 1076 τὸ,
1032 1011 1504 1080 Ὑπερασπιστής
1541 1030 1662 1081 μου
1728 1015 1826 1067 καί
1873 1014 2052 1082 κέρας
2107 1015 2403 1081 σωτηρίας
2445 1030 2599 1084 μου·
2654 1013 2887 1086 Χριστὸς
2937 1015 2993 1068 δὲ
3024 1014 3157 1069 Θεοῦ
3196 1016 3454 1089 δύναμις·

183 1104 278 1157 διὰ
299 1103 456 1156 τοῦτο
476 1104 550 1167 ὡς
579 1103 636 1157 ἓν
663 1103 802 1173 ἔχων
851 1104 1039 1174 κέρας,
1073 1104 1314 1156 τουτέστι
1385 1104 1511 1175 μίαν
1547 1102 1774 1175 δύναμιν
1807 1105 1945 1176 ἔχων
1991 1107 2089 1178 τὴν
2146 1105 2241 1159 τοῦ
2278 1106 2510 1177 Πατρὸς,
2547 1106 2854 1178 μονόκερως
2886 1107 3338 1180 προσηγόρευται.

261 1197 314 1252 6.
344 1199 516 1266 Φωνὴ
577 1199 797 1266 Κυρίου
838 1197 1266 1264 διακόπτοντος
1311 1201 1509 1268 φλόγα
1562 1199 1770 1268 πυρός.

1954 1201 2002 1254 6.
2055 1199 2213 1254 Vsus.
2246 1199 2298 1256 7.
2361 1199 2471 1253 Vox
2516 1199 2732 1254 Domini
2791 1199 3142 1254 intercidentis
3187 1201 3456 1270 ﬂammam

187 1291 426 1362 Διεκόπη
463 1291 560 1361 μὲν
584 1291 680 1344 καὶ
711 1290 851 1344 κατὰ
895 1290 994 1361 τὴν
1029 1291 1270 1361 ἱστορίαν
1297 1291 1408 1344 τῶν
1441 1291 1646 1344 παίδων
1667 1290 1774 1344 τῶν

186 1384 358 1453 τριῶν
389 1385 446 1436 ἐν
489 1385 555 1454 τῇ
587 1382 904 1454 Βαϐυλωνίᾳ
941 1383 1050 1453 (11)
1091 1384 1124 1454 ἡ
1157 1383 1289 1451 φλὸξ
1327 1383 1421 1435 τοῦ
1455 1383 1645 1454 πυρὸς,
1687 1383 1772 1436 ὅτε

1886 1383 2026 1452 Ione,
2066 1383 2359 1438 secundum
2388 1382 2546 1437 trium
2571 1395 2860 1450 puerorum
2887 1381 3170 1436 historiam
3188 1381 3258 1448 '°,
3284 1397 3459 1447 quau-

187 1475 564 1547 ὑπερεξεχὺοη
605 1475 704 1546 μὲν
724 1475 1292 1545 τεσσαρακονταεννέα
1327 1477 1578 1546 πήχειςὴ
1612 1477 1772 1547 κάμι-

1886 1474 1954 1529 do
1976 1475 2221 1529 caminus
2243 1489 2406 1543 supra
2425 1475 2637 1528 cubitos
2661 1474 3020 1544 quadraginta
3046 1489 3234 1528 novem
3258 1471 3458 1528 edusus

187 1581 302 1629 νος,
331 1565 618 1636 ὲνεπύριζε
645 1565 700 1618 δὲ
726 1567 852 1629 τοὺς
881 1566 1066 1638 κύκλῳ
1104 1566 1312 1631 πάντας
1331 1584 1343 1595 ·
1381 1567 1700 1621 διακοπεῖσα
1723 1567 1772 1621 δὲ

1886 1576 1989 1631 est,
2018 1581 2080 1622 ac
2121 1568 2543 1622 circumstantes
2571 1581 2760 1621 omnes
2802 1566 3069 1620 ambussit
3099 1584 3112 1619 :
3169 1581 3199 1620 e
3221 1565 3458 1632 diverso,

187 1655 270 1726 τῷ
295 1657 676 1728 προστάγματι
725 1658 819 1710 τοῦ
857 1658 1013 1722 Θεοῦ,
1051 1658 1270 1728 πνεῦμα
1304 1658 1518 1725 ἐδέξατο
1568 1661 1626 1712 ἐν
1652 1662 1772 1712 ἑαυ-

1886 1657 2072 1711 eadem
2117 1659 2212 1713 Dei
2264 1667 2534 1727 praecepto
2579 1656 2853 1719 intercisa,
2893 1656 2947 1710 in
3008 1672 3067 1712 se
3109 1657 3224 1728 ipsa
3270 1673 3458 1712 auram

1883 1292 2040 1360 ignis.
2065 1291 2320 1346 lntercisa
2352 1300 2435 1346 est
2463 1291 2677 1360 quidem
2697 1289 2859 1345 etiam
2888 1289 3028 1358 ignis
3055 1288 3266 1344 ﬂamma
3293 1291 3460 1362 Bahy—
3567 1361 3572 1366 ‘

187 1751 282 1820 τῇ,
317 1749 535 1820 ἡδίστην
565 1750 840 1822 ἀναπνοὴν
879 1752 975 1803 καὶ
1010 1749 1294 1819 ἀνάψυξιν,
1334 1750 1521 1822 ὥσπερ
1557 1755 1614 1805 ὲν
1653 1754 1782 1822 σκιᾷ

189 1860 301 1894 τινι
329 1842 530 1911 φυτῶν,
559 1844 616 1894 ὲν
653 1845 903 1914 εἰρηνικῇ
931 1843 1260 1896 καταστάσει
1288 1846 1636 1914 παρεχομένη
1669 1847 1783 1908 τοῖς

191 1933 403 1986 παισίν.
454 1931 716 2002 Ἐγένετο
743 1934 872 2002 γὰρ,
906 1933 1093 2003 φησὶν,
1130 1933 1272 1986 ὡσεὶ
1301 1933 1535 2002 πνεῦμα
1559 1934 1781 2002 δρόσου

189 2024 537 2092 διασυρίζον
565 2025 697 2094 (12).
744 2027 856 2079 Καὶ
900 2025 1338 2098 θαυμαστότερόν
1373 2044 1437 2095 γε
1471 2027 1649 2098 πολλῷ
1685 2047 1784 2081 πυ-

195 2115 292 2188 ρὸς
323 2116 482 2184 φύσιν
510 2115 854 2185 διακοπῆναι,
894 2117 926 2188 ἦ
973 2116 1448 2188 καταδιαιρεθῆναι
1491 2117 1590 2188 τὴν
1629 2119 1785 2190 Ἐρυ-

192 2205 332 2276 θρὰν
383 2205 658 2260 θάλασσαν
722 2207 804 2268 είς
834 2205 1148 2275 διαιρέσεις.
1193 2205 1333 2258 Ἀλλ’
1375 2206 1523 2276 ὅμως
1551 2209 1585 2276 ἡ
1632 2207 1782 2277 φωνὴ

192 2297 292 2350 τοῦ
339 2297 545 2368 Κυρίου
579 2297 674 2350 καὶ
705 2297 767 2350 τὸ
801 2297 1022 2367 συνεχὲς
1065 2299 1130 2368 τῇ
1187 2297 1343 2365 φύσει
1375 2298 1469 2350 καὶ
1506 2297 1783 2368 ἡνωμένον

191 2387 290 2441 τοῦ
317 2389 486 2459 πυρὸς
511 2388 814 2443 διακόπτει.
851 2389 1045 2442 Καίτοι
1084 2390 1326 2460 ἄτμητον
1361 2391 1453 2442 καὶ
1480 2389 1784 2459 ἀδιαίρετον

191 2481 462 2543 ἐπινοίαις
499 2481 869 2552 ἀνθρωπίναις
889 2482 951 2535 τὸ
980 2481 1092 2553 πῦρ
1127 2478 1264 2535 εἶναι
1293 2483 1458 2547 δοκεῖ,
1493 2481 1608 2534 ἀλλ’
1636 2483 1784 2552 ὅμως

191 2572 584 2642 προστάγματι
617 2572 826 2642 Κυρίου
857 2571 968 2641 (1⁸5)
999 2571 1344 2625 διακόπτεται
1376 2571 1468 2626 καὶ
1493 2571 1782 2624 διίσταται.

191 2658 366 2730 Οἶμαι
399 2661 476 2725 δὲ,
503 2663 585 2716 ὅτι
614 2663 675 2715 τὸ
705 2663 817 2733 πῦρ
837 2663 894 2716 τὸ
921 2663 1322 2734 ἡτοιμασμένον
1353 2665 1430 2726 είς
1451 2663 1670 2716 κόλασιν
1708 2663 1786 2734 τῷ

189 2751 427 2822 διαϐόλῳ
455 2753 551 2806 καὶ
581 2753 694 2816 τοῖς
723 2752 974 2820 ἀγγέλοις
999 2752 1161 2805 αὑτοῦ
1195 2753 1541 2805 διακόπτεται
1573 2755 1638 2823 τῇ
1676 2770 1788 2820 (ρω-

189 2845 260 2914 νῇ
289 2843 385 2896 τοῦ
409 2843 616 2914 Κυρίου
635 2861 648 2873 ⁸
671 2844 778 2909 ἵνα,
803 2843 990 2915 ἐπειδὴ
1021 2843 1112 2896 δύο
1133 2845 1268 2898 εἰσὶν
1294 2845 1350 2896 ὲν
1377 2843 1454 2914 τῷ
1479 2838 1613 2913 πυρὶ
1637 2841 1787 2896 δυνά·

195 2953 344 3006 μεις,
395 2936 431 3005 ἡ
489 2953 551 2988 τε
607 2935 878 3006 καυστικὴ
907 2937 1004 2989 καὶ
1031 2938 1064 3006 ἡ
1105 2934 1404 3006 φωτιστικὴ
1435 2935 1566 3006 (14),
1597 2934 1657 2988 τὸ
1688 2935 1784 3004 μὲν

1886 1750 2122 1817 recepit;
2171 1749 2591 1819 respirationem
2632 1747 3114 1817 iucundissimam,
3162 1748 3454 1820 refrigera-

1886 1838 2195 1908 tiunemque
2221 1839 2403 1908 pueris
2434 1839 2485 1892 in
2514 1839 2806 1908 tranquillo
2833 1848 2976 1894 statu
3009 1840 3155 1894 velut
3189 1841 3240 1894 in
3265 1841 3447 1910 aliqua

1887 1931 2138 1984 arborum
2171 1932 2363 1986 umbra
2397 1932 2707 1989 constitutis
2759 1933 3135 2004 suppeditans,
3171 1935 3463 1989 exhibens-

1885 2035 2010 2090 que.
2039 2019 2214 2075 Facta
2239 2032 2313 2076 est
2344 2022 2503 2086 enim,
2528 2022 2726 2090 inquit,
2755 2023 2887 2076 sicut
2923 2023 3136 2091 spiritus
3167 2024 3301 2079 roris
3333 2025 3463 2078 sibi-

1884 2113 2002 2166 lans
2026 2113 2093 2166 ⁹¹.
2131 2113 2196 2166 Ει
2224 2123 2374 2168 certe
2397 2113 2567 2168 multo
2598 2114 2974 2169 admirabilius
3009 2123 3092 2168 est
3131 2115 3272 2186 ig'nis
3297 2127 3457 2170 natu-

1885 2220 2000 2258 ram
2039 2204 2311 2268 intercidi,
2338 2221 2502 2275 quam
2534 2219 2684 2259 mare
2711 2205 2956 2260 Rubrum
2993 2205 3043 2259 in
3068 2216 3247 2275 partes
3268 2208 3454 2262 dividi.

1883 2293 2134 2347 Attamen
2190 2292 2403 2346 Domini
2431 2307 2532 2347 vox
2597 2293 2772 2363 ignem
2814 2303 3003 2364 suapte
3051 2305 3242 2349 natura
3287 2299 3460 2352 couti-

1885 2397 2048 2436 nuum
2069 2397 2131 2436 ac
2148 2382 2247 2436 sibi
2271 2382 2425 2452 121
2451 2383 2810 2438 cohaerentem
2831 2384 3115 2440 intercidit.
3139 2385 3460 2456 Quanquam

1885 2472 2050 2540 igitur
2091 2473 2228 2542 ignis
2274 2474 2520 2530 consiliis
2583 2474 2836 2530 humanis
2885 2477 3195 2532 insecabilis
3257 2493 3323 2533 ac
3382 2480 3463 2532 in-

1886 2563 2136 2620 dividuus
2166 2563 2381 2620 videtur
2423 2579 2565 2630 esse,
2606 2566 2955 2622 nihilominus
3009 2577 3186 2624 tamen
3249 2569 3460 2625 Domini

1881 2651 2032 2723 jussu
2065 2656 2402 2712 interciditur
2436 2671 2501 2712 ac
2545 2657 2819 2712 dividitur.
2876 2657 3060 2727 Ignem
3116 2669 3296 2716 autem
3318 2703 3334 2729 ,
3367 2661 3460 2730 qui

1887 2745 2097 2800 diabolo
2127 2755 2182 2800 et
2210 2745 2415 2817 angelis
2444 2746 2560 2816 ejus
2587 2749 2642 2800 in
2687 2747 3008 2818 supplicium
3039 2757 3264 2820 paratus
3293 2750 3457 2814 est“.

1885 2853 2016 2892 voce
2059 2837 2268 2894 Domini
2324 2839 2570 2894 intercidi
2611 2855 2736 2895 reor
2787 2859 2800 2896 :
2845 2849 2903 2896 ut
2945 2857 3066 2896 cum
3103 2841 3221 2896 dum
3250 2843 3361 2898 sint
3407 2845 3460 2897 in

1888 2930 2010 2997 igne
2049 2927 2354 2994 facultates,
2391 2943 2620 3000 quarum
2677 2946 2785 2985 una
2815 2933 3107 2998 comburit,
3169 2933 3339 2990 altera
3397 2934 3459 2989 il-

189 3025 362 3097 δριμὺ
391 3026 484 3078 καὶ
517 3025 836 3079 κολαστικὸν
857 3025 950 3079 τοῦ
986 3026 1156 3097 πυρὸς
1186 3029 1298 3089 τοῖς
1319 3025 1490 3090 ἀξίοις
1516 3027 1620 3097 τῆς
1643 3026 1772 3080 καύ-

1887 3023 2125 3088 lustrat,
2167 3023 2309 3093 ignis
2339 3023 2556 3093 quidem
2603 3025 2892 3095 asperitas,
2927 3040 2991 3080 ac
3024 3025 3305 3095 torquendi
3335 3013 3468 3096 pro:

193 3130 338 3176 σεως
385 3114 821 3186 προσαπομείνῃ,
876 3113 937 3166 τὸ
993 3114 1050 3167 δὲ
1090 3116 1416 3183 φωτιστικὸν
1467 3115 1632 3169 αὑτοῦ
1684 3115 1780 3169 καὶ

189 3206 452 3276 λαμπρὸν
495 3209 560 3277 τῇ
593 3207 910 3278 φαιδρότητι
935 3206 1043 3260 τῶν
1073 3207 1509 3278 εὐφραινομένων
1543 3210 1783 3280 ἀποκλη-

195 3297 372 3369 ρωθῇ.
415 3299 570 3368 Φωνὴ
603 3293 696 3352 οὖν
737 3299 942 3370 Κυρίου
978 3299 1359 3362 διακόπτοντος
1393 3299 1567 3368 φλόγα
1613 3301 1784 3372 πυρὸς

193 3390 296 3444 καὶ
335 3389 668 3461 μερίζοντος,
719 3391 794 3453 ὡς
825 3391 1076 3461 ἀλαμπὲς
1127 3391 1223 3461 μὲν
1277 3385 1502 3444 εἶναιτὸ
1547 3391 1657 3464 πῦρ
1686 3393 1784 3463 τῆς

193 3481 496 3545 κολάσεως,
530 3483 800 3536 ᾶκαυστον
822 3483 878 3535 δὲ
909 3483 969 3535 τὸ
990 3483 1104 3552 ιρῶς
1132 3483 1232 3552 τῆς
1261 3483 1618 3547 ἀναπαύσεως
1649 3484 1785 3536 ἀπο-

197 3577 406 3644 μεῖναι.
454 3573 626 3642 Φωνὴ
675 3576 898 3642 Κυρίου
946 3575 1344 3640 συσσείοντος
1380 3578 1621 3644 ἔρημον.
1669 3575 1782 3626 Ἐπ’

194 3666 490 3737 εὐεργεσίᾳ
521 3668 620 3737 τῆς
657 3667 867 3738 ἐρήμου
902 3669 929 3720 ό
970 3668 1296 3738 συσσεισμὸς
1335 3669 1469 3740 αὑτῇ
1506 3670 1657 3740 παρὰ
1691 3669 1782 3722 τοῦ

193 3758 406 3830 Κυρίου
435 3760 821 3829 οίκονομεῖται,
863 3759 968 3820 ἵνα,
1003 3758 1374 3829 μεταϐαλοῦσα
1403 3761 1511 3812 ἀπὸ
1535 3761 1626 3813 τοῦ
1655 3761 1783 3832 ἐρη-

199 3867 306 3920 μος
335 3845 494 3913 εἶναι,
539 3851 763 3920 γένηται
793 3850 866 3920 γῆ
903 3851 1322 3920 κατοικουμένη,
1349 3851 1442 3903 καὶ
1474 3851 1780 3924 ἀποθεμένη

189 3941 261 3993 τὸ
293 3941 391 4010 τῆς
419 3942 673 4006 ἀτεκνίας
703 3943 926 4007 δνειδος,
971 3941 1070 4012 τῆς
1122 3943 1481 4006 πολυπαιδίας
1529 3943 1668 4014 λάϐῃ
1694 3944 1783 3996 τὸν

193 4031 422 4086 ἔπαινον
453 4033 682 4100 (Πολλὰ
703 4033 812 4104 γὰρ
841 4035 914 4087 τὰ
937 4033 1118 4086 τέκνα
1146 4033 1254 4102 τῆς
1280 4033 1521 4103 ἐρήμου,
1543 4033 1784 4104 μᾶλλον

193 4125 240 4190 ἣ
271 4122 382 4191 τῆς
424 4125 689 4193 ἐχούσης
746 4125 852 4178 τὸν
875 4123 1108 4194 ἄνδρα),
1170 4125 1264 4178 καί¹
1311 4125 1417 4178 τῶν
1451 4126 1658 4180 ὑδάτων
1687 4127 1780 4180 τοῦ

193 4215 510 4286 πνεύματος
539 4215 907 4286 πληρωθεῖσα,
934 4217 1160 4288 γένηται
1183 4219 1216 4288 ἡ
1243 4219 1348 4289 πρὸ
1367 4217 1556 4272 τούτου
1579 4219 1675 4290 ἔρη
1685 4237 1782 4289 μος

191 4301 280 4362 εἰς
309 4301 504 4372 λίμνας
529 4302 753 4358 ὑδάτων.
789 4303 900 4357 Καὶ
935 4305 1257 4358 συσσείσει
1274 4307 1490 4374 Κύριος
1517 4307 1632 4376 τὴν
1657 4309 1784 4376 ἕρη-

1883 3113 2088 3182 prietas
2121 3114 2186 3169 iis
2220 3113 2312 3184 qui
2353 3113 2641 3170 adustione
2663 3115 2810 3186 digni
2845 3125 2971 3171 sunt
3001 3126 3248 3172 servetur
3281 3117 3460 3174 :illius

1889 3218 2014 3258 vero
2039 3203 2292 3273 Splendor
2336 3213 2390 3258 et
2430 3204 2653 3260 claritas
2687 3205 2754 3260 ad
2790 3205 3119 3262 hilaritatem
3154 3223 3340 3263 eorum
3366 3210 3460 3280 qui

1885 3294 2059 3349 laetam
2105 3309 2169 3350 ac
2214 3297 2426 3350 beatam
2481 3297 2647 3351 vitam
2702 3300 2876 3354 acturi
2940 3307 3086 3366 sunt,
3140 3300 3458 3356 desunetur.

1885 3383 2000 3440 Vox
2030 3387 2194 3455 igitur
2225 3377 2436 3442 Domini
2465 3387 2839 3445 intercidentis
2860 3432 2875 3458 ,
2903 3407 2967 3447 ac
2999 3393 3289 3450 dividentis
3309 3393 3460 3448 llam-

1885 3494 2025 3533 mam
2056 3479 2220 3550 ignis,
2261 3481 2398 3538 adeo
2421 3493 2476 3536 ut
2497 3484 2742 3554 supplicii
2775 3485 2993 3554 quidem
3027 3485 3168 3558 ignis
3197 3488 3461 3543 obscurus

1885 3573 2004 3640 sit,
2066 3573 2156 3628 lux
2220 3589 2351 3629 vero
2377 3576 2680 3645 requietis,
2744 3577 2797 3631 vi
2851 3587 3035 3633 careat
3084 3579 3455 3636 comburendi.

1886 3663 2044 3718 Vens.
2077 3665 2132 3720 8.
2177 3664 2292 3742 Vox
2329 3665 2544 3723 Domini
2598 3671 2946 3725 concutientis
2997 3671 3280 3727 desertum.
3317 3674 3461 3729 Con-

1885 3757 2065 3811 cussio
2129 3757 2217 3812 illa
2281 3773 2312 3812 a
2379 3757 2610 3815 Domino
2641 3761 2987 3830 dispensatur
3020 3763 3312 3819 desertoin
3343 3765 3459 3819 loco

1885 3848 2157 3916 beneﬁcii,
2187 3857 2248 3903 ut
2281 3848 2586 3918 ipsumjam
2618 3855 2984 3919 permutatum
3019 3867 3088 3907 ex
3126 3853 3341 3910 deserto
3369 3855 3462 3909 liat

1887 3949 2026 3994 terra
2095 3937 2374 4006 habitata,
2445 3949 2533 4008 et,
2590 3941 2834 4010 deposito
2884 3942 3186 3999 sterilitatis
3235 3947 3455 4015 probro,

1885 4033 2067 4086 multae
2113 4033 2461 4088 fecunditatis
2509 4033 2725 4090 Iaudem
2783 4037 3034 4105 accipiat.
3081 4035 3262 4106 (Multi
3313 4043 3450 4095 enim

1886 4123 1985 4192 ﬁlii
2015 4125 2250 4188 desertae,
2290 4127 2458 4195 magis
2493 4142 2652 4197 quam
2681 4127 2797 4196 ejus
2827 4143 2945 4193 quin
2986 4128 3136 4182 habet
3166 4129 3336 4183 virum
3355 4133 3454 4202 ³³),

1885 4224 1940 4272 et
1963 4217 2013 4270 id
2039 4219 2181 4286 quod
2210 4225 2367 4272 antea
2383 4218 2657 4274 desertum
2678 4227 2817 4285 erat,
2843 4229 3028 4288 postea
3053 4219 3210 4288 aquis
3235 4221 3459 4290 spiritus

1886 4309 2209 4374 confertum,
2253 4309 2306 4363 in
2335 4317 2524 4381 stagna
2573 4325 2840 4380 aquarum
2870 4311 2982 4366 ﬁat.
3014 4308 3084 4363 Et
3119 4315 3459 4368 commovebit

183 4409 316 4464 μον
342 4393 562 4460 Κάδης.
592 4396 664 4448 Οὐ
705 4397 886 4449 πᾶσαν
913 4391 1006 4449 οὖν
1032 4395 1238 4484 ἔρημον
1272 4399 1300 4450 ό
1330 4373 1534 4468 Κύριος
1571 4373 1772 4453 συσσεί-

1890 4399 2143 4454 Dominus
2195 4373 2457 4454 desertum
2514 4373 2703 4456 Gades.
2747 4401 2933 4470 Itaque
2987 4401 3256 4456 desertum
3297 4416 3459 4457 omne

193 4499 283 4536 σει
310 4483 446 4550 (15),
483 4485 616 4539 ἀλλὰ
660 4487 758 4558 τὴν
791 4487 996 4557 Κάδης,
1039 4489 1303 4554 τουτέστι,
1343 4491 1433 4544 τὸν
1472 4493 1774 4562 ἁγιασμόν·

191 4576 386 4648 Κάδης
439 4577 547 4649 γὰρ
578 4579 870 4648 ἁγιασμὸς
914 4581 1293 4651 ἑρμηνεύεται.
1347 4581 1518 4650 Φωνὴ
1555 4586 1778 4650 Κυρίου

191 4669 658 4740 καταρτιζομένη
698 4671 980 4741 ἐλάφους.
1020 4673 1287 4742 Ὀμότιμα
1329 4673 1432 4744 χρὴ
1461 4677 1573 4737 τοῖς
1635 4693 1772 4746 προ-

271 4763 322 4794 ⁸⁶
345 4761 484 4818 Psal.
537 4781 765 4824 chvm.
797 4766 882 4821 1M.
961 4767 1005 4799 ³⁷
1029 4766 1169 4822 Psal.
1215 4783 1324 4830 cru,
1358 4770 1412 4825 9.
1487 4771 1532 4802 ⁸⁸
1567 4769 1706 4824 Psal.
1744 4786 1879 4828 xvtt.
1907 4771 1961 4824 5.

188 4833 242 4868 ⁸⁸
277 4833 470 4887 Matth.
513 4851 644 4899 xxv,
694 4836 782 4890 41.
861 4835 1033 4892 "Isa.
1089 4853 1196 4900 LIV,
1235 4838 1288 4892 1.

295 4924 515 5001 SiLReg.
551 4930 820 5001 secundus
856 4929 1079 5001 ἐπὶτῶν
1112 4929 1373 5001 χειρόνων
1405 4929 1646 5000 εἰκασίᾳ.

299 4995 616 5080 Ψλᾜοιωη
650 4995 1272 5080 ίιΙιιιΙηπαρειλημμένον
1297 5001 1448 5080 ἔστιν
1471 4995 1672 5071 εὑρεῖν,
1701 4999 1776 5080 ᾡς

185 5065 280 5128 τὸ,
317 5065 554 5140 ’Υψὼσει
605 5070 774 5140 κέρας
792 5065 930 5140 λαοῦ
967 5065 1155 5133 αὑτοῦ,
1194 5073 1247 5124 in
1283 5071 1481 5124 nostris
1530 5065 1774 5124 ututccim

185 5151 332 5190 mss.
384 5137 745 5192 desideratur.
787 5139 985 5194 Videre
1025 5144 1239 5196 esthoc
1275 5142 1394 5195 loco
1445 5141 1496 5194 in
1550 5155 1684 5194 mss.
1722 5149 1778 5193 et

187 5206 518 5278 aliasparvi
565 5211 820 5278 momenti
857 5211 1210 5269 variationes.
1265 5225 1400 5278 quas
1461 5209 1666 5264 referre
1721 5218 1781 5264 ut

187 5275 414 5337 inutile,
452 5276 522 5328 ita
557 5277 720 5331 luerit.
753 5279 1060 5334 molestum.

271 5344 713 5419 (II)_(_]olbert_ini
750 5351 1019 5402 secundus
1055 5359 1111 5403 et
1158 5361 1383 5418 quartus
1418 5351 1476 5402 ὲν
1509 5351 1573 5419 τῇ
1600 5349 1774 5401 Βαϐυ-

187 5413 516 5548 ἒὲξὲθξιοι
557 5417 685 5470 editi
730 5419 1120 5490 ὑπερεξεχύθη.
1155 5413 1225 5474 At
1251 5421 1421 5488 major
1460 5413 1584 5485 pars
1606 5421 1777 5490 ὑπερ-

189 5501 454 5539 εξεγευη.

270 5501 820 5632 ξξξῗτίίιιὶ,ψἘγένετο
854 5559 983 5630 γὰρ,
1015 5560 1200 5632 φησὶν,
1241 5560 1372 5612 ὡσεὶ
1411 5559 1625 5632 πνεῦμα
1649 5559 1771 5632 δρό-

191 5605 298 5704 σου
327 5605 660 5704 δίσιξυρίζονξ
686 5629 763 5704 sic
799 5605 1426 5704 veiteiatf'l‘ilnianuus:
1467 5605 1639 5704 Fuﬁa
1663 5605 1765 5696 ὧι,

187 5695 628 5764 inatti-t,[latuma
656 5698 808 5753 relati
835 5701 1049 5770 spiritus
1081 5701 1214 5755 roris
1251 5702 1402 5756 suavi
1453 5701 1659 5770 spirans
1691 5695 1767 5756 si?

1885 4505 1990 4545 non
2021 4491 2383 4547 commovebit
2415 4491 2694 4560 Dominus,
2725 4493 2820 4547 sed
2846 4493 3116 4546 desertum
3135 4491 3330 4558 Cades,
3359 4494 3463 4550 hoc

1885 4593 1989 4650 est,
2023 4583 2507 4640 sanctiﬁcationem
2543 4603 2556 4639 :
2597 4585 2769 4640 Gades
2814 4585 2956 4638 enim
2985 4594 3092 4652 est,
3125 4587 3171 4640 si
3220 4587 3342 4656 quis
3370 4588 3458 4641 in-

1882 4685 2252 4744 terpretetur,
2309 4677 2685 4746 sanctiﬁcatio.
2743 4676 2903 4732 Vsus.
2956 4676 3009 4731 9.
3089 4675 3208 4730 Vox
3244 4677 3460 4734 Domini

2059 4771 2106 4803 ⁸⁸
2131 4771 2150 4825 I
2179 4769 2302 4826 Cor.
2336 4787 2376 4834 ι,
2412 4771 2504 4826 24.
2603 4772 2648 4803 ⁹⁰
2674 4771 2810 4826 Dan.
2842 4786 2923 4836 Ill,
2966 4769 3054 4824 47.
3131 4769 3176 4802 ⁹¹
3205 4772 3338 4834 ibid.
3368 4774 3456 4831 50.

1884 4928 2010 4982 bilo.
2042 4927 2148 4984 Sed
2176 4943 2321 4998 aegre
2351 4929 2454 4984 fert
2479 4929 2704 4984 Ducasus
2745 4931 3090 4989 Tilmannum
3129 4937 3196 4992 de
3235 4953 3334 4992 suo
3366 4941 3462 4992 νο-

1889 5014 2006 5053 cem
2031 5001 2248 5067 flamma
2275 5000 2550 5055 addidisse
2594 5018 2607 5054 :
2655 5001 3010 5059 Combetisius
3047 5021 3176 5059 vero
3220 5009 3457 5062 additam

1889 5083 2008 5148 eam
2035 5069 2202 5148 fuisse
2225 5069 2291 5123 ad
2323 5079 2561 5148 mentem
2621 5067 2802 5124 Basilii
2845 5072 3098 5148 aﬂirmat.
3153 5076 3312 5130 Plura
3366 5081 3457 5148 qui

1887 5139 2062 5214 vol_et_._
2091 5139 2378 5214 scriptoris
2407 5140 2693 5208 utriusque
2725 5149 2879 5214 notas
2911 5143 3091 5214 legere
3118 5148 3336 5214 poterit.

1960 5207 2072 5282 (i5)
2101 5209 2519 5282 _Colb.__quartns
2547 5207 2932 5282 προστάγματι
2964 5207 3122 5273 Θεοῦ,

1954 5275 2064 5348 (⁷14)
2098 5275 2189 5331 Sic
2216 5275 2344 5332 editi
2374 5287 2428 5332 et
2468 5275 2740 5356 t_res_'mss.
2771 5275 2842 5335 λι
2861 5297 2954 5336 sex
2991 5285 3080 5338 alii
3117 5299 3251 5340 mss.
3284 5287 3456 5356 φωτί-

1884 5347 2528 5422 ζουσαρνοῌφωτιστική.
2558 5349 2724 5422 Paulo
2766 5362 2889 5422 post
2923 5367 3055 5409 mss.
3099 5363 3224 5410 octo
3266 5347 3308 5409 ό’
3336 5373 3460 5412 συσπ-

1885 5418 2143 5490 σεισμός,
2163 5417 2362 5490 Editio
2388 5417 2630 5490 σεισμός.

1869 5493 1872 5496 ’
1948 5487 2068 5561 (15)-
2091 5487 2372 5561 Sic_mu_lti
2397 5487 2624 5561 m_s_s'.AAt
2646 5489 2775 5544 editi
2807 5504 2928 5546 cum
2955 5493 3276 5561 quibusdam
3317 5511 3452 5550 mss.

1880 5558 2142 5612 συσσείει.
2185 5557 2378 5629 Statim
2403 5558 2502 5629 ubi
2549 5559 2744 5629 legitur
2789 5561 2840 5615 in
2865 5557 3026 5617 editis
3063 5577 3118 5618 et
3165 5566 3218 5619 in
3253 5567 3458 5620 nostris

1877 5645 2009 5683 mss.
2044 5627 2504 5706 καταρτιζομένη,
2543 5627 2748 5688 editum
2782 5630 3092 5690 invenimus
3131 5638 3269 5706 apud
3311 5633 3460 5700 LXX

1875 5699 2356 5772 καταρτιζομένου.
2474 5699 2481 5700 “
2842 5739 2848 5746 .
