3818 6220
383 352 493 409 299

1708 352 1766 406 S.
1816 351 1897 407 BA
1910 351 2059 406 SlLll
2099 349 2314 404 MAGNI

3567 351 3671 404 '1'"0

3568 387 3623 404 ν.

3568 387 3623 405 ν.

386 484 695 538 prrrparans
726 484 920 521 cervos.
957 467 1086 534 Quae
1137 467 1201 522 de
1245 469 1638 538 praeparatione
1686 487 1973 525 cervorum

2123 485 2306 538 γουσιν
2351 469 2678 540 ἀποδοθῆναι
2710 469 2820 539 (16)
2860 468 2952 523 καὶ
3004 468 3071 521 τά
3104 467 3350 540 περὶτοῦ
3401 487 3672 540 καταρτιο

387 575 482 629 per
542 573 728 614 vocem
779 560 988 614 Domini
1017 560 1160 614 facta
1211 561 1500 626 dicuntur,
1554 563 1714 616 etiam
1776 565 1964 618 eodem

388 650 549 706 modo
577 665 684 720 quo
720 651 903 721 priora
965 651 1287 721 explicanda
1326 663 1473 706 sunt.
1505 651 1768 718 Quoniam
1804 655 1968 724 igitur

388 759 580 799 cervus
608 745 678 798 ita
703 758 734 797 a
766 753 958 798 natura
987 755 1331 814 comparatus
1349 753 1452 808 est,
1476 755 1534 798 ut
1565 744 1766 799 nullam
1786 762 1814 799 a
1853 761 1968 800 ser-

387 835 639 904 pentibus
657 836 886 906 accipiat
905 851 1099 891 noxam
1120 855 1133 890 :
1152 837 1259 891 imo
1275 851 1426 900 vero,
1445 845 1502 890 ut
1523 837 1674 890 aiunt
1691 837 1725 890 ii
1747 838 1837 907 qui
1855 837 1970 892 haec

387 928 766 993 observavere,
791 928 990 997 viperae
1011 943 1137 984 esus
1169 929 1274 982 vim
1305 927 1422 995 ejus
1456 929 1720 998 purgandi
1749 928 1966 992 habeat,

387 1027 442 1070 et
469 1017 726 1085 quoniam
766 1027 1032 1074 venenata
1083 1021 1264 1074 omnia
1294 1019 1548 1074 animalia
1579 1035 1703 1075 cum
1731 1019 1889 1074 malis
1916 1029 1970 1074 et

388 1108 631 1163 adversis
659 1109 953 1166 virtutibus
987 1123 1393 1182 comparantur,
1437 1127 1561 1167 cum
1595 1112 1854 1167 Dominus
1884 1114 1958 1167 di-

388 1208 476 1253 cat
501 1216 515 1252 :
553 1199 688 1253 Dedi
711 1201 854 1255 vobis
899 1211 1203 1272 potestatem
1227 1203 1467 1257 calcandi
1492 1221 1652 1272 supra
1683 1215 1967 1273 serpentes,

388 1300 435 1343 et
465 1293 783 1359 scorpiones,
819 1301 867 1346 et
897 1309 1052 1362 super
1076 1310 1278 1348 omnem
1306 1296 1541 1348 virtutem
1582 1296 1784 1349 inimici
1804 1297 1883 1363 “;
1917 1307 1971 1351 et

390 1399 512 1436 cum
541 1398 728 1437 rursus
751 1384 992 1452 psalmus
1015 1383 1294 1452 Propheta:
1319 1388 1630 1455 promittat:
1653 1385 1821 1456 Super
1833 1389 1975 1455 aspi-

390 1479 507 1528 dem
545 1487 590 1529 ει
624 1477 924 1530 basiliscum
979 1477 1346 1544 ambulabis”;
1387 1494 1608 1534 necesse
1645 1490 1728 1534 est
1763 1491 1818 1534 ut
1849 1497 1969 1534 cum

392 1582 589 1622 nomen
623 1569 768 1623 cervi
819 1570 872 1623 iu
923 1568 1206 1638 Scriptura
1253 1570 1526 1635 audimus,
1559 1586 1871 1626 sermonem
1904 1573 1971 1627 ad

393 1659 674 1716 meliorem
729 1662 1144 1717 similitudinem
1209 1665 1513 1745 trahamus.
1563 1664 1700 1720 Nam
1766 1663 1972 1720 Montes

389 1753 583 1808 excelsi
633 1757 799 1809 cervis
823 1756 901 1820 ⁹⁶;
938 1757 1102 1810 item:
1142 1755 1412 1810 Desiderat
1458 1773 1636 1812 cervus
1681 1760 1750 1812 ad
1799 1757 1971 1826 fontes

392 1859 650 1914 aquarum
669 1844 734 1899 ’⁷.
779 1844 1012 1901 Proinde
1043 1861 1168 1900 cum
1197 1857 1250 1900 et
1272 1846 1458 1916 justus
1488 1849 1666 1904 omnis
1689 1850 1742 1904 in
1767 1850 1968 1904 altissi-

395 1937 499 1989 mis
546 1948 940 2001 commoretur,
975 1936 1141 1992 Juxta
1171 1956 1387 2006 scopum
1423 1956 1733 2009 persequens
1757 1943 1824 1993 ad
1851 1942 1972 1993 bra-

393 2029 532 2080 vium
553 2041 793 2094 superna:
815 2027 1102 2079 vocationis
1119 2025 1189 2093 ",
1219 2028 1382 2079 etiam
1413 2025 1480 2080 ad
1510 2026 1825 2094 poculentos
1852 2027 1971 2081 fon—

396 2129 476 2170 tes
502 2117 762 2180 accurrit,
797 2115 1084 2184 theologia:
1123 2117 1390 2187 principia
1435 2118 1609 2186 prima
1653 2117 1963 2186 requirens.

395 2205 587 2262 Trahit
619 2216 796 2262 autem
832 2222 1027 2262 cervus
1049 2209 1164 2262 oris
1199 2209 1280 2261 sui
1313 2209 1673 2278 respiratione
1702 2218 1967 2263 venenata

395 2301 650 2354 animalia
677 2300 971 2365 latitantia,
1004 2316 1177 2369 eaque
1211 2302 1260 2355 vi
1291 2302 1518 2371 spiritus
1563 2303 1643 2356 sui
1676 2317 1704 2356 e
1733 2301 1972 2356 latibulis

396 2393 598 2446 educit.
630 2391 1098 2458 Quemadmodum
1136 2393 1304 2463 igitur
1337 2403 1561 2448 sanctus
1607 2393 1785 2463 aquila
1841 2394 1972 2448 dici-

398 2497 505 2549 tur,
537 2485 679 2553 quod
723 2484 974 2538 sublimia
1021 2493 1188 2552 petat,
1232 2493 1286 2540 et
1337 2484 1626 2552 plurimum
1657 2501 1686 2539 a
1716 2495 1856 2540 terra
1887 2486 1971 2538 di-

395 2586 539 2638 stet;
569 2586 622 2629 et
659 2575 1113 2645 quemadmodum
1165 2576 1369 2631 dicitur
1401 2577 1520 2631 ovis
1560 2577 1630 2632 ob
1663 2589 1974 2632 mansuetu-

397 2672 579 2724 dinem
638 2677 694 2723 et
747 2682 928 2722 rerum
1000 2681 1220 2721 suarum
1275 2667 1858 2732 communicationem;
1919 2677 1976 2720 et.

397 2765 542 2818 aries
580 2763 649 2818 ob
699 2762 1019 2831 imperium;
1063 2769 1119 2815 et
1153 2759 1403 2816 columba
1445 2770 1666 2830 propter
1707 2761 1972 2814 innocen-

403 2858 530 2910 tiam
567 2874 579 2910 :
621 2855 694 2909 ita
724 2870 940 2924 quoque
971 2852 1172 2908 dicitur
1207 2867 1402 2907 cervus
1445 2853 1514 2907 ob
1543 2868 1662 2906 eam
1692 2867 1854 2921 quam
1886 2852 1977 2904 ha-

400 2953 490 3004 bet
529 2949 794 3004 adversus
845 2962 1010 3018 prava
1069 2945 1510 3016 repugnantiam.
1552 2946 1680 2999 Ideo
1718 2953 1772 2999 et
1821 2944 1974 2998 Salo-

389 3063 522 3103 mon
553 3049 629 3100 ait
657 3065 669 3099 :
702 3044 896 3100 Cervus
928 3043 1196 3104 amicitiae,
1227 3051 1276 3094 et
1309 3041 1489 3111 pullus
1531 3050 1744 3094 tuarum
1773 3039 1974 3109 gratia-

2075 561 2213 632 σμοῦ
2265 561 2372 614 τῶν
2418 561 2654 630 ἐλάφων,
2682 561 2795 633 δνή
2832 561 2982 632 φωνὴ
3011 560 3104 614 τοῦ
3165 561 3368 631 Κυρίου
3424 562 3670 633 ἐνεργεῖ.

2088 655 2240 708 Ἐπεὶ
2282 654 2520 723 τοίνυνὴ
2573 653 2772 721 ἔλαφος
2813 652 3066 722 τοιαύτης
3110 651 3264 722 ἐτυχε
3327 652 3437 722 τῆς
3494 670 3674 706 κατα-

2078 754 2277 822 σκευῆς
2303 751 2379 813 ὡς
2408 750 2670 820 κρείττων
2711 748 2820 819 (17)
2855 744 2993 801 εἶναι
3027 749 3123 818 τῆς
3161 749 3225 800 ἐκ
3259 747 3368 801 τῶν
3413 749 3672 819 ἑρπετῶν

2075 843 2302 914 βλάϐης,
2333 843 2469 896 ἀλλὰ
2494 842 2588 894 καὶ
2618 841 2983 912 καθαρτήριον
3019 842 3154 910 αὐτῇ
3185 841 3354 902 ἐστιν,
3388 841 3474 904 ὥς
3505 857 3674 908 φασιν

2070 936 2120 987 οἱ
2165 935 2232 988 τὰ
2262 935 2485 988 τοιαῦτα
2521 934 2902 1005 τετηρηκότες,
2951 933 3133 1002 τὸτῆς
3179 933 3393 1002 ἐχίδνης
3446 932 3672 1003 βρῶμα,

2073 1027 2253 1080 πάντα
2289 1027 2342 1078 δὲ
2365 1026 2433 1079 τὰ
2470 1026 2644 1079 ἰοϐόλα
2681 1028 2817 1098 πρὸς
2840 1025 2938 1096 τὴν
2969 1025 3076 1077 τῶν
3105 1024 3354 1094 πονηρῶν
3384 1028 3491 1077 καὶ
3517 1026 3672 1085 ἀντι-

2074 1120 2342 1188 κειμένων
2364 1117 2644 1189 δυνάμεων
2681 1117 2862 1172 εἰκόνα
2891 1117 3223 1188 λαμϐάνεται
3251 1118 3364 1189 (18)
3391 1117 3517 1188 (τοῦ
3560 1121 3678 1171 Ku-

2075 1211 2191 1280 ρίου
2219 1209 2468 1277 λέγοντος
2489 1227 2500 1238 ·
2537 1208 2770 1262 Δέδωκα
2812 1208 2955 1278 ὑμῖν
2985 1208 3098 1276 τὴν
3135 1210 3432 1272 ἑξσυσίαν
3456 1211 3680 1263 πατεῖν

2071 1301 2271 1355 ἐπάνω
2301 1302 2512 1370 ὄφεων,
2545 1301 2641 1354 καὶ
2676 1302 3004 1369 σκορπίων,
3045 1302 3141 1354 καὶ
3167 1302 3265 1354 ἐπὶ
3297 1300 3520 1354 πᾶσαν
3563 1303 3678 1370 τὴν

2073 1393 2328 1462 δύναμιν
2365 1395 2470 1448 τοῦ
2513 1394 2728 1462 ἐχθροῦ
2748 1412 2760 1424 ⁸
2793 1395 2885 1447 καὶ
2916 1394 3008 1448 τοῦ
3042 1394 3256 1465 ψαλμοῦ
3291 1395 3462 1448 πάλιν
3495 1400 3680 1464 ἐπαγ-

2074 1485 2398 1555 γελλομένου
2428 1486 2505 1556 τῷ
2527 1488 2802 1560 προφήτῃ,
2833 1487 2916 1539 ὅτι
2952 1486 3075 1538 Ἐπὶ
3103 1487 3336 1540 ἀσπίδα
3363 1489 3475 1542 καὶ
3499 1490 3682 1552 ﬁam.

2073 1580 2294 1632 λίσκον
2315 1578 2619 1647 ἐπιϐήσῃ)ο
2639 1579 2873 1649 ἀνάγκη,
2893 1579 3019 1631 ὃταν
3049 1578 3247 1647 ἐλάφου
3264 1580 3443 1649 ὄνομα
3470 1581 3687 1633 ἀκούω-

2079 1687 2177 1741 μεν
2213 1672 2270 1723 ἐν
2291 1673 2356 1740 τῇ
2393 1671 2603 1742 Γραφῇ,
2641 1670 2777 1741 πρὸς
2795 1671 2895 1741 τὴν
2918 1671 3156 1740 βελτίονα
3187 1672 3374 1724 εἰκόνα
3393 1673 3496 1725 τὸν
3518 1673 3685 1740 λόγον

2075 1762 2274 1815 ἐλκειν.
2316 1763 2454 1829 Ὄρη
2502 1761 2610 1832 γὰρ
2663 1762 2737 1814 τὰ
2790 1765 2999 1829 ὑψηλὰ
3032 1762 3160 1828 ταῖς
3197 1761 3492 1830 ἐλάφοις-
3543 1766 3671 1824 καὶ,

2087 1853 2390 1906 Ἐπιποθεῖ
2425 1854 2463 1920 ἡ
2499 1853 2724 1922 ἔλαφος
2756 1854 2852 1909 ἐπὶ
2881 1854 2988 1918 τὰς
3016 1855 3210 1924 πηγὰς
3253 1854 3377 1908 τῶν
3406 1855 3683 1910 ὑδάτων.

2085 1947 2236 1998 Ἐπεὶ
2283 1941 2376 1999 οὖν
2408 1947 2504 1999 καὶ
2547 1948 2653 2009 πᾶς
2684 1947 2891 2009 δίκαιος
2929 1950 2986 2000 ἐν
3028 1947 3252 2016 ὑψηλοῖς
3279 1948 3396 2018 ἔχει
3433 1950 3540 2019 τὴν
3571 1950 3689 2004 δια-

2069 2037 2284 2108 τριϐὴν,
2319 2036 2480 2090 Κατὰ
2515 2039 2752 2090 σκοπὸν
2774 2037 3004 2091 διώκων
3033 2039 3126 2091 ἐπὶ
3147 2039 3211 2091 τὸ
3236 2039 3543 2106 βραϐεῖον
3565 2042 3683 2111 (19)

2069 2127 2181 2196 τῆς
2212 2129 2334 2182 ἅνω
2372 2127 2666 2194 κλήσεως,
2706 2129 2800 2182 καὶ
2847 2129 2984 2199 πρὸς
3027 2129 3127 2193 τὰς
3171 2130 3447 2200 ποτίμους
3489 2134 3683 2203 πηγὰς

2069 2223 2380 2294 ἀνατρέχει,
2424 2222 2526 2284 τὰς
2560 2220 2782 2292 πρώτας
2816 2221 2988 2294 ἀρχάς
3014 2223 3111 2292 τῆς
3144 2222 3429 2291 θεολογίας
3464 2224 3680 2294 ἀναζη-

2070 2313 2197 2364 τῶν.
2235 2312 2424 2364 Ἔλκει
2451 2311 2508 2364 δὲ
2540 2310 2793 2382 ήὲλαφος
2817 2313 2882 2381 τῇ
2913 2313 3151 2382 ἀναπνοῇ
3176 2312 3269 2364 τοῦ
3299 2314 3587 2384 στόματος
3616 2317 3683 2369 τὰ

2073 2404 2381 2473 φωλεύοντα
2410 2403 2517 2456 τῶν
2549 2403 2790 2465 ἰοϐόλων,
2819 2403 2911 2455 καὶ
2941 2404 3048 2456 ἀπὸ
3073 2405 3180 2457 τῶν
3204 2408 3572 2462 καταδύσειαν
3602 2411 3689 2475 ἐξ-

2072 2496 2196 2564 άγει
2234 2498 2298 2566 τῇ
2347 2494 2437 2565 βίᾳ
2479 2493 2572 2547 τοῦ
2613 2494 2942 2565 πνεύματος.
2986 2496 3193 2567 Ὥσπερ
3227 2494 3320 2551 οὖν
3368 2500 3540 2564 ἀετὸς
3572 2501 3684 2571 (20]

2073 2589 2288 2656 λέγεται
2341 2589 2368 2640 ὁ
2412 2586 2564 2654 ἅγιος
2617 2587 2706 2639 διὰ
2744 2587 2804 2639 τὸ
2853 2589 3285 2660 μετεωροπόρον,
3316 2592 3416 2644 καὶ
3481 2593 3578 2646 διὰ
3628 2596 3686 2647 τὸ

2072 2679 2361 2751 διηρμένον
2387 2678 2493 2730 ἀπὸ
2527 2677 2631 2746 γῆς
2663 2679 2755 2730 ἐπὶ
2782 2679 2964 2731 πλεῖον
2984 2695 2998 2710 ·
3041 2681 3134 2732 καὶ
3173 2680 3250 2744 ὼς
3279 2682 3574 2752 πρόϐατον
3601 2684 3687 2738 διὰ

2073 2773 2134 2824 τὸ
2167 2773 2373 2842 ἥμερον
2398 2771 2490 2823 καὶ⁸
2509 2770 2858 2840 μεταδοτικὸν
2891 2764 2966 2824 ὧν
2998 2772 3106 2841 ἔχει
3134 2790 3146 2802 ο
3185 2774 3280 2825 καὶ
3312 2775 3477 2845 κριὸς
3508 2777 3603 2830 διὰ
3628 2779 3688 2830 τὸ

2075 2862 2430 2933 ἡγεμονικόν·
2462 2860 2556 2914 καὶ
2585 2861 2885 2931 περιστερὰ
2921 2861 3008 2914 διὰ
3042 2863 3102 2914 τὸ
3132 2864 3342 2916 ἄκακον
3363 2882 3376 2893 ·
3409 2865 3567 2920 οὕτω
3598 2871 3688 2920 καὶ

2077 2953 2272 3022 ἔλαφος
2293 2951 2382 3004 διὰ
2414 2950 2512 3021 τὴν
2541 2949 2675 3022 πρὸς
2700 2950 2769 3003 τὰ
2793 2951 3006 3022 πονηρὰ
3035 2954 3372 3008 ἐναντίωσιν.
3403 2957 3504 3009 Διὸ
3536 2960 3632 3010 καὶ
3661 2960 3687 3010 ὁ

2079 3040 2327 3112 Σολομὼν
2377 3057 2540 3117 φηςιν
2563 3056 2576 3068 '
2619 3041 2881 3108 Ἔλαφος
2906 3043 3129 3109 φιλίας,
3175 3043 3272 3096 καὶ
3301 3047 3522 3112 πῶλος
3558 3047 3688 3101 σῶν

397 3157 513 3194 rum
542 3137 905 3207 confabuletur
931 3134 1180 3190 tecum”.
1211 3132 1318 3189 Nos
1336 3143 1512 3188 autem
1536 3134 1691 3186 docet
1711 3146 1973 3186 memora-

2123 3133 2341 3199 αρίτων
2379 3131 2653 3199 όμιλεὶτω
2679 3145 2810 3184 σοι’
2847 3131 3111 3186 διδάσκων
3139 3135 3284 3204 ἡμᾶς
3321 3138 3452 3198 τοὺς
3491 3155 3686 3209 προει-

402 3244 482 3286 tos
513 3244 702 3286 cervos
734 3229 801 3282 ad
835 3225 1120 3297 theologia
1154 3225 1458 3280 doctrinam
1483 3239 1603 3278 esse
1625 3222 1870 3278 idoneos.

475 3412 526 3466 7.
586 3411 743 3480 122
790 3409 904 3465 Vox
952 3409 1165 3463 Domini
1220 3424 1527 3476 praeparans
1585 3421 1786 3460 cervos.
1837 3402 1975 3459 Cum

406 3505 569 3573 igitur
586 3501 892 3573 quempiam
937 3501 1030 3555 Dei
1065 3501 1340 3556 hominem
1381 3501 1677 3569 perfectum
1699 3499 1982 3554 etabsolu-

405 3608 517 3649 tum
550 3595 868 3658 viderimus,
912 3593 1200 3648 utilitatem
1229 3609 1296 3646 ex
1329 3593 1448 3662 ejus
1497 3607 1797 3660 congressu
1829 3607 1979 3660 quae-

405 3703 606 3742 ramus.
658 3684 790 3740 Nam
838 3701 998 3740 cervo
1053 3695 1325 3754 praesente
1369 3685 1702 3754 serpentium
1763 3685 1982 3754 fugatur

402 3785 605 3838 malitia
641 3783 838 3838 omnis.
897 3781 1014 3836 Non
1060 3783 1204 3837 enim
1252 3782 1410 3851 hujus
1455 3785 1707 3840 animalis
1757 3788 1980 3840 odorem

401 3878 672 3932 virulenta
719 3876 1016 3930 animantia
1055 3875 1355 3945 perferunt,
1391 3884 1446 3929 ut
1490 3892 1610 3945 quae
1639 3878 1722 3931 vel
1754 3877 1820 3932 ad
1854 3893 1981 3933 cor-

406 3981 572 4021 nuum
621 3966 964 4020 cervinorum
1014 3965 1253 4020 sullitum
1307 3965 1589 4020 secedant.
1623 3965 1691 4019 Et
1729 3967 1976 4021 reuelabit

404 4055 688 4106 condensa.
733 4051 975 4106 Primum
1021 4067 1126 4106 vox
1177 4052 1391 4108 Domini
1444 4064 1713 4123 praeparat
1745 4071 1978 4110 cervos:

404 4146 600 4201 deinde
633 4142 836 4197 revelat
865 4145 1136 4198 condensa
1171 4144 1316 4210 loca,
1353 4146 1603 4201 videlicet
1639 4147 1868 4215 consita,
1907 4157 1985 4202 at-

404 4254 510 4308 que
545 4237 748 4299 agresti
781 4253 844 4291 ac
873 4235 1210 4292 infructuosa
1253 4237 1479 4292 materia
1523 4239 1885 4306 condensata;
1929 4241 1981 4294 in

404 4348 525 4401 quaa
567 4331 685 4386 loca
728 4331 982 4385 animalia
1044 4342 1311 4384 venenata
1360 4333 1597 4387 maxime
1636 4333 1876 4402 recipere
1924 4349 1984 4389 se

405 4427 602 4477 solent.
649 4423 916 4488 Quoniam
964 4423 1128 4492 igitur
1169 4438 1264 4491 per
1313 4425 1766 4492 praeparationem
1809 4441 1840 4480 a
1877 4426 1982 4480 Do-

2083 3225 2351 3296 ρημένους
2402 3223 2634 3290 ἐλάφους
2673 3223 3012 3292 ἐπιτηδείους
3053 3219 3189 3278 εἶναι
3231 3227 3369 3296 πρὸς
3397 3226 3684 3298 θεολογίας

2079 3317 2444 3370 διδασκαλίαν.

2151 3409 2202 3460 7.
2245 3406 2418 3474 Φωνὴ
2443 3407 2665 3474 Κιιρίου
2694 3404 3150 3474 καταρτιζομένη
3178 3408 3477 3477 ἐλάφους.
3512 3413 3690 3465 Ὅταν

2081 3496 2173 3553 οὖν
2195 3500 2392 3570 ἴδωμέν
2415 3517 2535 3553 τινα
2565 3500 2848 3571 ἄνθρωπον
2881 3501 3017 3553 Θεοῦ
3052 3501 3255 3555 τέλειον
3285 3504 3381 3554 καὶ
3409 3522 3654 3575 κατηρτι
3674 3535 3686 3545 -

2084 3592 2299 3663 σμένον,
2332 3589 2428 3662 τὴν
2461 3591 2570 3644 ἀπὸ
2605 3591 2705 3660 τῆς
2731 3590 2944 3662 ὁμιλίας
2988 3593 3156 3646 αὐτοῦ
3195 3593 3469 3661 ὠφέλειαν
3517 3615 3689 3665 μετα-

2082 3679 2389 3749 διώκωμεν.
2421 3680 2594 3732 Ὅπου
2628 3681 2737 3750 γὰρ
2767 3679 2965 3749 ἐλάφου
2993 3683 3282 3753 παρουσία,
3309 3685 3686 3751 φυγαδεύεται

2083 3776 2232 3827 πᾶσα
2255 3773 2361 3826 τῶν
2395 3772 2640 3843 ἑρπετῶν
2669 3775 2702 3844 ἡ
2738 3774 2922 3827 κακία.
2955 3775 3029 3826 Οὐ
3052 3774 3159 3847 γάρ
3187 3777 3340 3848 φέρει
3369 3777 3473 3848 τὴν
3505 3778 3687 3850 ὀσμὴν

2083 3869 2177 3921 τοῦ
2212 3869 2350 3935 ζώου
2381 3869 2448 3922 τὰ
2478 3869 2675 3933 ἱοϐύλα,
2710 3870 2844 3922 ὅπου
2872 3887 2934 3937 γε
2961 3871 3055 3923 καὶ
3087 3874 3200 3936 τοῖς
3233 3871 3462 3943 κέρασιν
3500 3874 3689 3926 αὐτῶν

2085 3960 2561 4031 ὑποθυμιωμένοις
2596 3961 2887 4031 ὑποχωρεῖ.
2944 3961 3055 4014 Καὶ
3098 3963 3483 4031 ἀποκαλύψει
3537 3965 3690 4032 δρυ-

2079 4055 2233 4124 μούς
2260 4053 2390 4124 (21).
2429 4053 2650 4124 Πρῶτον
2680 4055 2712 4124 ἡ
2743 4053 2893 4124 φωνὴ
2924 4052 3016 4106 τοῦ
3046 4055 3253 4125 Κυρίου
3291 4055 3690 4124 καταρτίζεται

2084 4149 2180 4210 τὰς
2202 4147 2431 4216 ἐλάφους
2455 4163 2467 4175 ·
2500 4146 2690 4198 ἔπειτα
2719 4145 3094 4199 ἀποκαλύπτει
3120 4145 3379 4216 δρυμοὺς,
3405 4147 3537 4208 τοὺς
3553 4163 3690 4216 συμ-

2086 4237 2284 4304 φύτους
2317 4238 2411 4289 καὶ
2439 4235 2547 4288 ἀπὸ
2572 4235 2767 4306 ἀγρίας
2800 4235 2894 4286 καί
2926 4235 3178 4305 ἀκάρπου
3216 4235 3348 4306 ὕλης
3381 4253 3689 4290 πεπυκνω-

2090 4329 2281 4398 μένους
2322 4328 2541 4389 τόπους,
2572 4319 2653 4389 οἷς
2695 4326 2926 4396 μάλιστα
2969 4329 3336 4397 προσφεύγειν
3387 4328 3456 4379 τὰ
3498 4329 3685 4382 ξοϐὁλα

2087 4420 2350 4487 πέφυκεν.
2389 4418 2540 4471 Ἐπεὶ
2563 4413 2654 4470 οὖν
2681 4418 2782 4487 ἤδη
2805 4417 3151 4471 τετελείωται
3175 4418 3262 4470 διὰ
3282 4418 3374 4472 τὸν
3405 4421 3561 4490 παρά
3588 4421 3684 4473 τοῦ

407 4517 552 4569 ιιιίιιο
585 4513 789 4568 factam
824 4513 936 4582 jam
964 4512 1244 4567 absolutus
1275 4529 1465 4568 cervus
1487 4525 1590 4580 est,
1632 4515 1725 4584 qui
1755 4514 1804 4570 ei
1841 4516 1973 4570 assi-

2123 4511 2292 4580 Lupiou
2345 4509 2635 4578 γενόμενον
2691 4511 3062 4580 καταρτισμὸν
3104 4512 3136 4580 ἡ
3185 4509 3402 4578 ἔλαφος,
3441 4514 3471 4562 ὁ
3505 4512 3686 4584 ταύτῃ

407 4609 630 4661 milatur
664 4604 848 4674 justus
905 4605 1115 4660 revelat
1169 4605 1465 4669 condensa,
1505 4616 1563 4660 ιιι
1623 4609 1747 4664 vitae
1785 4618 1983 4663 nostra:

405 4707 756 4767 corruptores
809 4695 935 4751 nudi
972 4705 1029 4750 et
1065 4697 1302 4765 expediti
1339 4695 1688 4763 objiciantur.
1745 4698 1814 4752 Et
1854 4699 1978 4768 quia

405 4791 627 4858 Lignum
656 4805 827 4853 omne,
850 4789 989 4856 quod
1027 4805 1129 4842 non
1165 4788 1289 4855 facit
1316 4790 1547 4844 fructum
1592 4791 1805 4857 bonum,
1843 4792 1983 4844 exci-

477 4903 525 4936 “
561 4902 692 4956 Luc.
728 4918 781 4965 χ,
816 4901 906 4956 19.
985 4902 1030 4934 ⁹⁵
1056 4901 1198 4954 Psal.
1231 4916 1316 4964 xc,
1347 4902 1434 4958 15.

480 5021 593 5092 (16)
623 5019 695 5072 Ita
727 5018 884 5092 Regii
919 5017 1293 5092 secundushet
1324 5027 1565 5092 quartus
1601 5033 1721 5092 cum
1772 5017 1995 5092 Qolber-

407 5087 521 5146 tino
552 5087 728 5144 sexto.
786 5088 935 5145 Editi
985 5103 1111 5141 eum
1167 5088 1442 5156 aliquibus
1491 5105 1622 5142 mss.
1676 5087 1993 5142 ἀποδοῦναι.

407 5161 645 5216 Subinde
673 5158 826 5214 Colb.
854 5159 891 5212 2
915 5158 1171 5228 τοιαύτης
1195 5157 1377 5227 ἔλαχε,
1409 5175 1512 5212 non
1557 5160 1774 5213 diverso
1807 5174 1990 5212 sensu.

480 5232 593 5304 (l7)
626 5229 790 5283 Notat
817 5232 1045 5304 Ducaeus
1074 5229 1533 5304 similequiddam
1555 5232 1622 5284 de
1650 5229 1826 5284 cervis
1851 5228 1990 5296 apud

406 5297 646 5358 Plinium
683 5301 919 5363 narrari,
945 5310 1001 5354 et
1031 5299 1173 5368 apud
1213 5297 1514 5352 Ailianum.

478 5371 592 5442 (l8)
622 5371 698 5442 Ita
746 5367 1336 5442 rquiuque_mss_._cum
1391 5367 1990 5442 e_t|itione_Basileensi.

406 5437 587 5496 Editio
633 5437 808 5512 Paris.
862 5437 1558 5512 udpukapﬂtvaeatﬂnfra
1604 5439 1754 5512 illud,
1806 5437 1991 5512 πάλιν,

407 5514 561 5565 deest
584 5513 638 5564 in
670 5511 883 5567 duobus
910 5507 1044 5566 niss.
1084 5507 1329 5565 Subinde
1360 5507 1495 5579 Reg.
1524 5510 1799 5564 secundus
1828 5508 1994 5564 ἀκού-

409 5597 613 5634 σωμεν.

475 5599 613 5650 ›μεν.

475 5649 584 5718 (19)
614 5649 912 5705 Colbertini
957 5650 1229 5704 secundus
1269 5656 1324 5701 et
1351 5660 1578 5716 quartus
1626 5648 1719 5702 ἐπὶ
1769 5647 1830 5702 τὺ
1882 5649 1994 5703 ἄνω

413 5719 799 5790 BpaﬁJbidem
824 5736 925 5773 vox
951 5721 1123 5790 ἀρχάς
1154 5737 1180 5773 a
1208 5721 1545 5789 typographo
1581 5723 1784 5775 omissa
1817 5719 1992 5775 fuerat

415 5805 466 5841 ιιι
501 5789 737 5844 editione
764 5788 939 5844 Paris.

1511 4901 1557 4934 “
1587 4900 1729 4956 Psal.
1767 4917 1881 4965 cm,
1921 4899 2008 4955 18.

2092 4601 2443 4672 ὁμοιούμενος
2475 4601 2679 4664 δίκαιος
2713 4601 3087 4653 ἀποκαλύπτει
3125 4602 3249 4664 τοὺς
3284 4601 3557 4671 δρυμοὺς,
3603 4605 3687 4655 ἶνα

2090 4695 2287 4765 γυμνοὶ
2337 4695 2430 4748 καὶ
2471 4693 2678 4763 ἕτοιμοι
2722 4693 3100 4764 παραδοοῶσιν
3153 4694 3202 4744 οἱ
3247 4692 3545 4762 φθαρτικοὶ
3590 4694 3690 4762 ἧς

2097 4787 2241 4858 ζωῆς
2291 4785 2470 4858 ἡμῶν.
2531 4789 2644 4840 Καὶ
2698 4785 2889 4857 ἐπειδὴ
2929 4785 3060 4840 Πᾶν
3107 4785 3297 4850 ξύλον
3339 4785 3427 4853 μὴ
3469 4786 3690 4839 ποιοῦν

2085 4901 2128 4931 ’⁷
2156 4900 2299 4954 Psal.
2328 4915 2437 4965 XLI,
2467 4900 2523 4954 ‘2.
2601 4900 2647 4932 ’⁸
2673 4900 2906 4969 Philipp.
2943 4915 3026 4963 ιιι,
3069 4899 3156 4952 14.
3230 4899 3276 4928 θ’
3300 4896 3462 4954 Prov.
3498 4915 3552 4965 v,
3601 4901 3683 4953 19.

2175 5016 2287 5088 (-20)
2335 5015 2390 5068 In
2437 5016 2827 5088 dtmbus_mss.
2875 5014 3302 5088 Ιίοςὶῑιιιήὲῶσπερ
3332 5013 3444 5084 γὰρ
3505 5018 3684 5079 ἀετός.

2106 5085 2302 5157 Statim
2341 5096 2462 5157 tres
2497 5102 2627 5140 mss.
2661 5085 3013 5157 διῃρημένον.
3045 5086 3147 5138 Alii
3181 5105 3209 5134 ιι
3235 5100 3310 5139 ss.
3353 5100 3487 5157 cum
3523 5089 3688 5139 editis

2102 5156 2412 5278 διῃρμιὲνον.
2443 5156 2607 5210 Paulo
2637 5155 2764 5226 poSt
2801 5155 2955 5211 Colb.
3002 5167 3228 5224 quartus
3279 5155 3444 5209 habet
3489 5160 3687 5225 σοφίας

2102 5245 2198 5278 [ιι-υ
2222 5245 2280 5278 ot
2303 5244 2422 5278 .tae.
3130 5275 3138 5278 _

2142 5247 2198 5280 ro
2222 5244 2422 5290 φιλιας.
3130 5275 3138 5281 .

2100 5245 2475 5368 ριιξὲςῆιίιῐῗῧὲω
2499 5294 2675 5368 meum
2698 5296 2826 5364 legi,
2845 5275 3276 5368 Augusliluisita
3307 5301 3365 5345 ut
3395 5297 3683 5352 vertimus.

2104 5364 2352 5436 Vulgata,
2381 5366 2451 5420 Et
2481 5365 2724 5419 reuelabit
2751 5364 3034 5419 condensa.
3069 5364 3393 5436 Pauloppost
3422 5368 3514 5419 ubi
3554 5368 3688 5436 legi-

2100 5447 2191 5492 tur
2214 5433 2278 5491 in
2317 5437 2500 5490 rt'mltis
2534 5453 2664 5490 mss.
2697 5446 2751 5490 et
2798 5437 2850 5487 in
2877 5436 3040 5489 editis
3075 5433 3414 5506 συμφύτους,
3450 5433 3688 5490 habetur

2100 5508 2155 5562 in
2183 5508 2385 5562 Catena
2415 5507 2746 5561 Corderiana
2783 5505 3160 5575 άσυμφύτους,
3197 5510 3312 5559 sine
3342 5507 3535 5560 ordine
3568 5525 3686 5560 con-

2099 5581 2228 5633 sita.
2251 5579 2360 5632 Etsi
2391 5587 2569 5630 autem
2603 5579 2872 5645 scriptura
2924 5578 3086 5646 plane
3113 5578 3328 5629 diversa
3352 5586 3462 5640 est,
3491 5592 3688 5631 sensus

2104 5658 2285 5702 tamen
2317 5649 2506 5702 eodem
2542 5647 2699 5700 redit.
2739 5647 2890 5712 Quod
2928 5649 3071 5701 enim
3107 5662 3136 5699 a
3170 5656 3366 5699 natura
3401 5647 3523 5700 sine
3570 5659 3688 5701 arte

2101 5719 2443 5787 producitur,
2502 5717 2554 5773 id
2610 5721 2916 5786 promiscue
2981 5727 3035 5772 et
3089 5718 3208 5773 sine
3268 5718 3463 5771 ordine
3537 5718 3687 5772 nasci

2100 5790 2258 5846 solet.
