3818 6220
205 285 309 344 501

1311 286 1597 342 llOMlLlA
1639 285 1706 339 ΙΝ
1745 285 2074 341 PSALMUM
2114 285 2353 341 XXVIII.

3358 283 3470 342 ’503

206 403 442 472 καρπὸν
471 401 664 454 καλὸν
681 401 1035 456 ἐκκόπτεται
1059 403 1176 457 ὑπὸ
1203 401 1310 470 τῆς
1333 401 1568 466 ἀξίνης,
1588 399 1686 453 καὶ
1711 401 1796 465 εὶς

1907 401 2043 452 ditur
2059 402 2256 468 securi,
2275 411 2322 454 et
2359 401 2415 452 in
2443 400 2608 470 ignem
2637 397 2920 468 conjicitur
2939 397 2978 462 ⁸,
3005 397 3311 453 necessario
3333 414 3470 454 con-

205 497 330 563 πῦρ
357 493 674 560 βάλλεται,
723 497 1038 564 ἀναγκαίως
1078 498 1125 549 οἱ
1165 496 1360 568 δρυμοὶ
1403 493 1793 565 ἀνακαθαίρον-

204 603 320 650 ται,
349 588 406 640 αἱ
440 586 660 650 ὑλώδεις
686 585 876 658 ψυχαὶ,
908 591 965 641 ὲν
994 584 1099 652 αἷς,
1131 587 1320 658 ὥσπερ
1356 586 1481 640 τινὰ
1507 586 1692 656 θηρία,
1727 585 1796 638 τὰ

207 677 429 730 ποικίλα
463 677 609 748 πάθη
639 677 746 731 τῶν
775 679 1059 750 ἁμαρτιῶν
1093 680 1418 750 ὲμφωλεύει,
1459 678 1562 731 ὑπὸ
1584 677 1678 730 τοῦ
1705 677 1794 730 λὸ-

207 784 330 834 γου,
357 767 415 830 ὃς
450 769 566 820 ἐστι
595 768 902 840 τομώτερος
938 771 1079 841 ὑπὲρ
1108 774 1288 824 πᾶσαν
1321 773 1594 842 μάχαιραν
1619 771 1794 823 δίστο-

211 873 334 925 μον.
383 857 538 910 Ἐπεὶ
574 857 632 909 δὲ
667 857 850 911 πολλοὶ
880 860 988 930 (2‘2)
1021 861 1126 913 τῶν
1166 859 1490 932 ἀνθρώπων,
1537 875 1796 930 πεφορτι-

209 945 403 1014 σμένοι
459 949 578 1010 ταῖς
642 947 920 1017 βιωτικαῖς
987 950 1297 1021 μερίμναις,
1354 945 1464 1003 οἷόν
1527 967 1647 1003 τινα
1689 949 1795 1019 γῆν

209 1035 585 1107 ἀκανθοφόρον
626 1037 725 1100 τὰς
765 1039 970 1090 ἑαυτῶν
1003 1039 1174 1110 ψυχὰς
1211 1039 1412 1110 ἔχουσι,
1447 1037 1540 1094 καὶ
1568 1039 1667 1092 οὐκ
1697 1039 1798 1090 ἐῶ-

209 1148 300 1183 σιν
321 1131 490 1194 αὑτὰς
511 1134 590 1195 είς
607 1131 703 1202 τὴν
727 1133 820 1184 τοῦ
845 1134 1004 1201 λόγου
1033 1134 1404 1205 καρποφορίαν
1421 1133 1794 1203 ἐντρέφεσθαι,

213 1221 588 1275 ἀποκαλύπτει
639 1227 666 1276 ὁ
695 1225 902 1300 Κύριος
954 1227 1081 1288 τοὺς
1117 1227 1372 1297 δρυμοὺς,
1430 1225 1696 1290 τουτέστι,
1738 1226 1798 1278 τὸ

213 1313 465 1384 ᾇσχημον
511 1315 606 1367 καὶ
642 1315 887 1386 ἀπρεπὲς
929 1318 1024 1370 καὶ
1053 1316 1312 1388 βλαϐερὸν
1343 1317 1453 1370 τῶν
1497 1319 1557 1370 ὲν
1587 1315 1664 1386 τῷ
1700 1316 1798 1388 βίῳ

211 1403 388 1474 τούτῳ
417 1405 730 1476 φροντίδων,
755 1408 862 1470 ἵνα,
887 1409 1254 1479 τρανωθέντος
1273 1408 1364 1462 τοῦ
1397 1409 1522 1477 περὶ
1546 1408 1640 1460 τοῦ
1663 1411 1800 1476 ἀγα-

213 1495 312 1549 θοῦ
351 1498 442 1550 καὶ
477 1497 647 1551 κακοῦ
683 1499 874 1564 τόπου,
931 1500 1005 1572 μὴ
1049 1500 1242 1570 ἔχωσιν
1286 1502 1334 1553 οἱ
1385 1501 1659 1571 ἄνθρωποι
1696 1501 1800 1553 ὑπὸ

213 1588 456 1658 ἀμαθίας
515 1590 611 1652 τὰς
660 1593 787 1659 περὶ
837 1591 945 1644 τῶν
998 1591 1336 1662 πραγμάτων
1381 1593 1591 1663 κρίσεις
1641 1591 1798 1662 ὲνηλ-

212 1679 514 1748 λαγμένας.
567 1678 761 1731 Πολλοὶ
790 1681 898 1750 γὰρ
945 1681 1010 1732 τὰ
1043 1681 1140 1750 μὲν
1167 1679 1365 1747 ἀγαθὰ,
1412 1681 1539 1734 ὅταν
1568 1679 1800 1732 ἐπίπονα

213 1766 274 1840 ᾖ.
315 1769 460 1821 κακά
507 1769 818 1838 νομίζουσι’
863 1771 930 1822 τὰ
969 1769 1026 1823 δὲ
1067 1771 1213 1823 κακά
1243 1769 1332 1822 διὰ
1361 1769 1461 1841 τὴν
1491 1768 1798 1840 προσοῦσαν

213 1862 400 1923 αὐτοῖς
429 1861 618 1930 ἡδονὴν
657 1861 732 1923 ὡς
775 1860 955 1928 ἁγαθά
984 1859 1374 1930 μεταδιώκουσι
1400 1877 1413 1890 ·
1450 1861 1543 1913 καὶ
1581 1859 1796 1932 ἀμύθη-

209 1969 308 2013 τος
341 1951 452 2016 (23)
496 1953 552 2003 ὲν
599 1950 907 2021 ἀνθρώποις
951 1953 984 2022 ἡ
1037 1952 1164 2023 περὶ
1207 1951 1274 2004 τὰ
1322 1950 1542 2004 τοιαῦτα
1599 1949 1795 2020 πλάνη.

217 2040 376 2092 Ἐστι
409 2041 506 2109 μὲν
545 2035 638 2092 οὖν
662 2041 763 2109 τῆς
789 2040 895 2092 τῶν
923 2040 1142 2110 ἀγαθῶν
1173 2039 1388 2108 φύσεως
1423 2039 1554 2105 ξύλα
1590 2056 1800 2110 καρπο-

215 2133 366 2202 φόρα
403 2133 496 2184 καὶ
533 2133 706 2186 πᾶσαι
739 2132 940 2203 κέδροι,
975 2131 1008 2186 ἃ
1033 2135 1124 2186 καὶ
1163 2133 1295 2205 πρὸς
1325 2133 1416 2185 τὸν
1444 2128 1589 2185 αἶνον
1623 2148 1802 2202 παρα-

213 2223 548 2294 λαμϐάνεται
569 2241 582 2254 ·
615 2223 724 2278 τῶν
749 2225 806 2277 δὲ
835 2225 1023 2278 κακῶν
1061 2228 1108 2278 οἱ
1139 2226 1355 2297 δρυμοὶ,
1384 2224 1500 2288 οὓς,
1539 2225 1678 2296 ὑπὲρ
1705 2222 1800 2277 τοῦ

217 2315 298 2386 μὴ
327 2315 672 2386 ἀπατηθῆναι
705 2317 831 2378 τοὺς
863 2315 1181 2386 νομίζοντας
1215 2317 1470 2387 εὑρήσειν
1508 2317 1630 2371 τινά
1664 2336 1800 2390 καρ-

215 2406 324 2460 πὸν
355 2409 622 2477 χρήσιμον
651 2410 710 2460 ὲν
733 2410 935 2472 αὐτοῖς,
971 2407 1344 2461 ἀποκαλύπτει
1375 2410 1467 2461 καὶ
1497 2412 1718 2480 φανεροῖ
1765 2412 1798 2480 ἡ

215 2498 316 2552 τοῦ
349 2499 482 2552 Θεοῦ
507 2502 678 2570 φωνή.
723 2501 834 2554 Καὶ
883 2501 952 2553 ἑν
977 2499 1054 2565 τῷ
1081 2499 1205 2566 ναῷ
1227 2500 1414 2554 αὐτοῦ
1442 2499 1560 2568 πᾶς
1583 2519 1674 2566 τις
1695 2502 1798 2555 λέ-

213 2607 308 2659 γει
349 2591 556 2655 δόξαν.
603 2592 974 2644 Ἀκουέτωσαν
1003 2591 1109 2644 τῶν
1151 2593 1409 2663 ῥημάτων
1437 2591 1530 2645 τοῦ
1557 2591 1796 2664 ψαλμοῦ,

213 2684 318 2736 καὶ
355 2685 782 2754 ὲντραπήτωσαν
820 2685 868 2736 oi
913 2686 1026 2746 τοῖς
1067 2685 1294 2754 μακροῖς
1336 2684 1514 2753 λόγοις
1571 2686 1799 2748 ἑαυτοὺς

215 2775 565 2839 ἐπιδιδόντες.
602 2776 666 2828 Τί
689 2793 850 2847 φησιν
891 2778 919 2830 ὁ
958 2775 1207 2845 ψαλμός;
1251 2775 1308 2828 Ὀ
1346 2778 1404 2829 έν
1437 2775 1516 2846 τῷ
1549 2775 1662 2847 ναῷ
1704 2777 1797 2830 τοῦ

213 2867 354 2920 Θεοῦ
394 2868 682 2938 γενόμενος
729 2869 790 2920 οὐ
824 2867 1168 2935 κακολογίαν,
1207 2867 1265 2920 οὐ
1311 2867 1667 2937 ματαιότητα,
1698 2869 1798 2922 οὐκ

215 2957 460 3028 αἰσχρῶν
509 2958 850 3030 πραγμάτων
895 2958 1135 3028 γέμοντα
1176 2959 1395 3030 ῥήματα
1443 2960 1797 3029 ἀπαγγέλλει,

217 3049 334 3103 ἀλλ’
371 3052 428 3102 ἐν
469 3049 547 3120 τῷ
585 3051 698 3122 ναῷ
735 3051 899 3105 αὑτοῦ
943 3052 1053 3114 πᾶς
1083 3067 1168 3114 τις
1197 3051 1344 3119 λέγει
1377 3050 1554 3116 δόξαν.
1609 3052 1800 3124 Ἑστή-

217 3159 380 3195 κασιν
405 3143 516 3212 (24)
551 3143 600 3194 οἱ
635 3143 1079 3214 ἀπογραφόμενοι
1117 3143 1185 3197 τά
1219 3143 1434 3213 ῥήματα
1463 3144 1606 3212 ἅγιοι
1635 3145 1800 3214 ἄγγε-

214 3233 336 3287 λοιο
370 3235 632 3304 πάρεστιν
659 3238 688 3288 ό
718 3235 922 3306 Κύριος
957 3234 1056 3298 τὰς
1094 3234 1361 3298 διαθέσεις
1392 3235 1499 3288 τῶν
1525 3237 1799 3290 εἰσιόντων

215 3327 559 3380 ἐπισκοπῶν.
638 3327 699 3379 Ἦ
773 3327 1046 3397 προσευχὴ
1113 3328 1341 3380 ἑκάστου
1419 3329 1799 3400 πεφανέρωται

216 3419 340 3489 Θεῷ
362 3436 376 3450 ’
401 3419 484 3482 τίς
507 3420 572 3472 ἐκ
597 3419 910 3482 διαθέσεως,
935 3419 1018 3482 τίς
1051 3420 1244 3488 ὲπιστη
1254 3419 1428 3489 μόνως
1461 3421 1709 3490 ἐπιζητεῖ
1733 3423 1801 3474 τά

219 3513 556 3582 ὲπουράνια’
591 3512 677 3573 τίς
709 3511 1119 3581 ἀφωσιωμένως
1152 3512 1342 3580 ἄκροις
1366 3514 1478 3574 τοῖς
1505 3513 1705 3582 χείλεσι
1734 3513 1802 3566 τά

223 3603 446 3673 ῥήματα
481 3601 799 3670 φθέγγεται,
822 3603 854 3672 ἡ
878 3601 934 3654 δὲ
963 3601 1157 3672 καρδία
1189 3602 1353 3654 αὐτοῦ
1394 3604 1582 3674 πόρρω
1607 3603 1802 3674 ἀπέχει

219 3696 331 3749 ἀπὸ
356 3695 514 3750 Θεοῦ.
541 3696 655 3749 Κᾶν
680 3693 926 3766 εὔχηται,
959 3695 1168 3763 ὑγίειαν
1193 3695 1412 3764 σαρκὸς,
1441 3697 1536 3748 καὶ
1563 3713 1803 3766 σωματι-

223 3787 322 3840 κὸν
349 3785 599 3854 πλοῦτον,
631 3787 730 3840 καΐ
747 3787 904 3852 δόξαν
932 3787 1280 3856 ἀνθρωπίνην
1323 3787 1589 3856 ἐπιζητεῖ.
1624 3791 1715 3840 Δεῖ
1747 3789 1803 3842 δὲ

221 3879 374 3932 οὐδὲν
403 3879 626 3942 τούτων,
659 3878 736 3940 ὡς
766 3881 794 3931 ό
821 3878 980 3946 λόγος
1019 3877 1280 3945 διδάσκει,
1320 3878 1434 3932 ἀλλ’
1479 3880 1536 3932 ἐν
1582 3879 1660 3952 τῷ
1694 3880 1804 3950 ναῶ

223 3969 392 4022 αὐτοῦ
433 3972 542 4032 πᾶς
573 3986 656 4032 τις
687 3969 833 4038 λέγει
875 3969 1050 4033 δόξαν.
1085 3973 1148 4024 Οἱ
1182 3969 1422 4038 οὐρανοὶ
1457 3969 1804 4040 διηγοῦνται

221 4063 415 4126 δόξαν
455 4061 622 4116 Θεοῦ.
668 4062 942 4130 Ἀγγέλοις
989 4061 1148 4133 ἔργον
1178 4061 1476 4130 δοξολογεῖν
1509 4063 1641 4116 Θεόν
1669 4065 1801 4136 (25).

225 4156 383 4226 Πάσῃ
407 4157 472 4226 τῇ
504 4156 733 4226 στρατιᾷ
754 4153 862 4207 τῶν
884 4154 1221 4226 ἐπουρανίων
1247 4155 1306 4207 ἓν
1337 4153 1495 4208 τοῦτο
1516 4155 1696 4225 ἔργον,
1719 4157 1805 4210 δό-

223 4249 325 4316 ξαν
353 4249 700 4319 ἀναπέμπειν
732 4247 810 4319 τῷ
843 4249 1108 4300 κτίσαντι.
1156 4247 1221 4299 Ἥ
1264 4246 1441 4310 κτίσις
1469 4250 1638 4312 πᾶσα,
1669 4249 1704 4320 ἥ
1744 4267 1804 4303 τε

223 4342 512 4406 σιωπῶσα,
547 4341 641 4393 καὶ
668 4342 700 4410 ὴ
726 4339 1090 4410 φθεγγομένη,
1121 4339 1236 4409 ἦτε
1270 4340 1654 4410 ὐπερκόσμιος,
1683 4343 1716 4412 ἦ
1743 4360 1804 4395 τε
1843 4345 1852 4354 ’

1895 491 2076 546 densae
2105 493 2272 560 silva),
2307 495 2434 561 ipsa
2459 491 2706 546 videlicet
2736 491 2928 544 animae
2957 489 3320 558 silvestres,in
3345 492 3468 560 qui-

1895 585 1997 638 bus
2035 584 2196 638 variae
2242 593 2590 653 peccatorum
2638 579 2974 644 affeCtiones,
3021 569 3168 634 velut
3217 582 3464 650 quaedam

1896 673 2043 739 ferre,
2087 675 2319 738 latitant,
2369 677 2438 730 ab
2481 687 2546 728 eo
2600 687 2874 736 sermone,
2921 673 3014 742 qui
3063 677 3256 740 quovis
3289 673 3468 742 gladio

1898 769 2156 836 utrinque
2197 767 2470 822 incidente
2499 765 2873 848 penetranti'or
2902 766 3045 830 est',
3085 775 3466 835 repurgantur.

1899 858 2005 912 Sed
2037 873 2160 912 cum
2196 859 2346 912 multi
2385 859 2632 912 homines
2661 857 2784 911 vitae
2829 857 2978 911 curis
3028 857 3327 928 aggravati,
3353 858 3470 912 ani-

1899 965 2016 1004 mas
2063 965 2190 1006 suas
2252 951 2406 1020 quasi
2438 947 2752 1019 spiniferam
2779 948 3069 1018 quamdam
3125 961 3318 1003 terram
3369 950 3468 1004 ha-

1899 1046 2080 1108 beant,
2112 1058 2212 1100 nec
2239 1045 2422 1100 sinam
2445 1058 2540 1098 eas
2568 1044 2638 1098 ad
2667 1041 2948 1096 ferendum
2979 1041 3147 1096 divini
3197 1043 3469 1096 sermonis

1899 1136 2134 1192 fructum
2175 1137 2418 1202 educari,
2475 1136 2682 1191 revelat
2728 1135 2990 1190 Dominus
3039 1135 3334 1198 condensa,
3369 1135 3472 1188 hoc

1899 1241 2002 1294 est,
2037 1245 2287 1283 curarum
2314 1229 2364 1284 in
2397 1230 2500 1284 hac
2523 1229 2628 1284 vita
2661 1227 3040 1282 assistentium
3073 1226 3469 1286 deformitatem

1901 1331 1954 1374 et
1985 1321 2284 1375 fmditatem
2321 1330 2376 1375 et
2403 1318 2804 1374 incommodum
2832 1335 2845 1370 :
2874 1328 2931 1370 ut
2963 1317 3080 1372 loco
3111 1319 3232 1372 boni
3259 1333 3322 1370 ac
3346 1317 3469 1371 mali

1901 1413 2136 1479 delecto,
2166 1428 2274 1466 non
2327 1425 2582 1481 perverse
2633 1413 2699 1466 de
2736 1410 2899 1466 rebus
2939 1407 3183 1478 judicent
3229 1411 3474 1465 homines

1901 1518 2010 1573 prae
2045 1504 2282 1560 inscitia.
2316 1502 2465 1557 Multi
2501 1503 2648 1556 enim
2687 1503 2851 1570 bona,
2881 1504 3097 1574 quando
3127 1503 3393 1558 laboriosa
3419 1512 3472 1556 et

1902 1596 2136 1651 dillicilia
2168 1605 2316 1662 sunt,
2349 1597 2486 1650 mala
2517 1597 2828 1651 existimant
2861 1613 2874 1648 :
2910 1596 3047 1650 mala
3079 1609 3204 1650 vero
3227 1597 3296 1650 ob
3335 1595 3472 1650 insi-

1905 1694 2012 1738 tam
2044 1686 2148 1740 sibi
2184 1686 2536 1756 voluptatem,
2587 1695 2644 1740 ut
2687 1690 2827 1741 bona
2858 1695 3280 1750 consectantur;
3313 1697 3474 1755 atque

1831 1746 1872 1802 Β
1905 1777 2180 1830 hominum
2238 1791 2481 1832 errorem
2529 1777 2653 1832 inde
2704 1777 3136 1844 proficiscentem
3170 1776 3476 1846 perdillicile

1902 1867 2221 1922 estdicere.
2251 1865 2534 1922 Pertinent
2586 1869 2749 1936 igitur
2797 1867 2865 1922 ad
2905 1868 3172 1922 bonorum
3225 1877 3474 1920 naturam

1905 1958 2186 2012 fructifera
2221 1958 2362 2027 ligna
2395 1973 2458 2012 ac
2485 1959 2631 2013 cedri
2687 1973 2894 2023 omnes,
2923 1973 3041 2027 quae
3066 1959 3227 2014 etiam
3261 1961 3326 2014 ad
3369 1959 3478 2012 lau-

1904 2049 2024 2102 dem
2060 2047 2402 2118 accipiuntur
2431 2065 2444 2102 :
2471 2048 2534 2100 ad
2573 2047 2835 2102 malorum
2869 2063 2997 2102 vero
3050 2057 3300 2102 naturam
3339 2062 3474 2102 con-

1905 2139 2072 2192 densa
2107 2153 2290 2207 :quze,
2343 2153 2410 2191 ne
2458 2139 2798 2207 decipiantur
2861 2139 2951 2207 qui
3008 2138 3196 2194 utilem
3240 2138 3474 2208 aliquem

1905 2229 2140 2284 fructum
2163 2230 2216 2283 in
2250 2229 2330 2284 eis
2353 2231 2668 2284 inventuros
2699 2243 2761 2296 se
2790 2238 3002 2298 putant,
3033 2229 3256 2294 revelat,
3290 2245 3355 2284 ac
3382 2229 3478 2286 de-

1907 2322 2037 2392 ιμείι
2068 2320 2162 2374 Dei
2194 2334 2319 2374 vox.
2353 2319 2420 2373 Et
2475 2320 2530 2374 in
2575 2321 2766 2387 templo
2809 2320 2924 2390 ejus
2959 2336 3133 2374 omnes
3161 2321 3333 2375 dicent
3361 2322 3477 2392 glo-

1905 2414 2060 2467 riam.
2091 2413 2328 2466 Audiant
2381 2411 2496 2466 haec
2543 2412 2734 2482 psalmi
2776 2413 2940 2467 verba
2991 2429 3055 2466 ac
3105 2423 3473 2476 revereantur,

1904 2504 1996 2573 qui
2031 2503 2273 2572 prolixos
2309 2503 2512 2556 habent
2553 2515 2852 2558 sermones.
2881 2502 3019 2569 Quid
3046 2503 3177 2557 dicit
3205 2503 3478 2572 psalmus?

1903 2597 2006 2662 Qui
2035 2595 2090 2650 in
2124 2593 2322 2662 templo
2353 2593 2446 2648 Dei
2466 2603 2571 2658 est,
2601 2608 2704 2648 non
2732 2595 2999 2660 convicia,
3029 2609 3132 2648 non
3166 2609 3254 2650 res
3283 2609 3475 2659 vanas,

1907 2702 2013 2740 non
2045 2685 2209 2739 verba
2262 2683 2515 2737 obscenis
2554 2684 2716 2738 rebus
2764 2681 2967 2737 referta
3021 2683 3250 2752 profert,
3293 2684 3387 2738 sed
3419 2685 3475 2739 in

1905 2775 2106 2846 templo
2135 2775 2252 2844 ejus
2281 2774 2512 2844 quisque
2577 2774 2708 2829 dicit
2758 2774 3005 2845 gloriam.
3055 2777 3251 2830 Astant
3303 2777 3476 2830 sancti

1904 2869 2100 2939 angeli,
2131 2867 2226 2937 qui
2259 2869 2373 2921 inec
2405 2866 2568 2920 verba
2625 2865 2974 2921 describant:
3006 2869 3157 2922 adest
3196 2867 3475 2930 Dominus,

1903 2964 1994 3031 qui
2029 2960 2269 3014 animum
2301 2958 2719 3028 ingredientium
2767 2958 3026 3014 intuetur.
3072 2957 3265 3014 Preces
3293 2959 3478 3014 unius-

1905 3052 2166 3122 cujusque
2191 3050 2494 3106 manifestae
2525 3051 2635 3106 Deo
2657 3059 2812 3118 sunt;
2847 3051 2970 3121 quis
3007 3066 3074 3106 ex
3114 3051 3328 3116 affectu,
3357 3053 3478 3120 quis

1903 3145 2038 3197 scite
2064 3143 2316 3212 exquirat
2364 3143 2609 3198 coelestia
2633 3161 2647 3210 ;
2675 3144 2800 3213 quis
2823 3143 3194 3214 perfunctorie
3219 3154 3273 3198 et
3303 3151 3481 3198 extre-

1905 3234 2008 3288 mis
2045 3234 2214 3290 labris
2245 3234 2410 3290 verba
2453 3236 2788 3305 pronuntiet,
2815 3251 2909 3291 cor
2940 3251 3069 3292 vero
3101 3237 3270 3306 ipsius
3291 3235 3484 3305 procul

1907 3343 1934 3378 a
1977 3327 2086 3382 Deo
2124 3328 2218 3382 sit.
2243 3325 2399 3394 Quod
2429 3329 2474 3382 si
2513 3338 2654 3392 orat,
2681 3329 2863 3384 carnis
2893 3327 3206 3391 sanitatem,
3239 3341 3480 3396 opesque

1847 3481 1858 3492 _
1905 3435 2199 3490 corporeas
2240 3429 2295 3474 et
2351 3422 2643 3476 humanam
2697 3419 2924 3492 gloriam
2959 3419 3240 3490 efﬂagitat.
3275 3419 3477 3474 Horum

1907 3520 2091 3566 autem
2119 3511 2258 3566 nihil
2285 3512 2576 3581 petendum
2607 3522 2707 3574 est,
2740 3521 2800 3566 ut
2831 3511 3110 3580 Scriptura
3149 3512 3306 3566 docet
3334 3525 3350 3566 :
3385 3512 3480 3566 sed

1907 3603 1960 3656 in
2001 3603 2204 3672 templo
2267 3603 2384 3673 ejus
2444 3604 2817 3673 unusquisque
2870 3603 3002 3658 dicit
3045 3602 3292 3673 gloriam.
3351 3600 3480 3657 Coeli

1905 3703 2158 3747 enarranl
2199 3694 2446 3763 gloriam’
2470 3693 2569 3747 Dei
2585 3693 2626 3748 ³.
2660 3693 2826 3749 Deum
2860 3693 3031 3764 gloria
3061 3693 3278 3748 allicere
3319 3708 3481 3762 ange-
3528 3751 3534 3758 ,

1909 3784 2081 3838 lorum
2117 3801 2312 3840 munus
2363 3794 2472 3840 est.
2518 3784 2634 3840 Hoc
2676 3801 2840 3840 unum
2887 3793 2970 3839 est
3025 3787 3191 3842 totius
3243 3785 3483 3839 cmlestis

1906 3877 2182 3933 exercitus
2222 3876 2479 3944 cilicium,
2515 3878 2723 3932 referre
2755 3875 2998 3932 Creatori
3033 3877 3280 3948 gloriam.
3312 3875 3482 3930 Crea-

1909 3981 2030 4023 tura
2062 3970 2260 4032 omnis.
2294 3981 2406 4022 tum
2437 3969 2620 4033 silens,
2651 3977 2762 4022 tum
2798 3967 3046 4038 loquens,
3085 3976 3198 4022 tum
3221 3967 3478 4034 ctelestis,

1909 4069 2020 4112 tum
2069 4071 2307 4125 terrena,
2367 4061 2458 4114 dat
2509 4059 2734 4128 gloriam
2783 4059 3087 4114 Conditori.
3145 4056 3480 4112 Miserabiles

1907 4153 2038 4207 vero
2085 4152 2353 4218 homines,
2393 4161 2682 4221 postquam
2725 4149 2928 4206 aedibus
2984 4151 3098 4206 suis
3153 4149 3356 4204 relictis
3412 4151 3480 4202 ad

1909 4241 2163 4312 templum
2193 4251 2610 4308 concurrerunt,
2642 4243 2798 4311 quasi
2844 4241 3120 4311 quidpiam
3160 4239 3316 4310 123
3349 4255 3480 4296 con-

1907 4334 2145 4388 secuturi
2193 4334 2565 4400 emolumenti,
2597 4344 2773 4389 tamen
2828 4333 2920 4388 Dei
2961 4332 3142 4389 verbis
3173 4347 3332 4390 aures
3365 4349 3474 4388 non

224 4433 506 4504 περίγειος
537 4433 748 4499 δοξάζει
777 4431 868 4485 τὸν
889 4433 1167 4486 κτίσαντα.
1206 4432 1511 4504 ’Ἄνθρωποι
1551 4433 1606 4486 δὲ
1641 4435 1801 4488 ἐλεει-

1911 4425 2172 4494 praebent,
2225 4442 2379 4481 suam
2430 4427 2668 4496 ipsorum
2727 4435 2974 4482 naturam
3029 4441 3135 4481 non
3189 4425 3473 4481 sentiunt:

220 4525 330 4582 νοὶ,
361 4523 750 4586 καταλιπόντες
776 4523 902 4584 τοὺς
933 4521 1115 4584 οἴκους
1153 4521 1246 4573 καὶ
1274 4521 1365 4574 ἐπὶ
1397 4521 1487 4572 τὸν
1521 4522 1646 4575 ναὸν
1681 4539 1804 4575 συν-

220 4615 544 4687 δραμόντες,
596 4613 672 4677 ὼς
707 4613 770 4683 δή
800 4631 854 4666 τι
893 4613 1119 4675 ἑαυτοὺς
1151 4611 1544 4681 ὠφελήσοντες,
1581 4614 1679 4683 οὐχ
1706 4614 1808 4667 ὑπ-

222 4707 413 4776 έχουσι
479 4705 580 4768 τάς
647 4707 814 4767 ἀκοὰς
876 4703 1052 4772 λόγοις
1117 4703 1273 4768 Θεοῦ,
1333 4703 1394 4756 ού
1442 4703 1806 4772 λαμϐάνουσιν

221 4798 480 4867 αἴσθησιν
527 4799 624 4866 τῆς
669 4797 878 4850 ἑαυτῶν
918 4797 1151 4866 φύσεως,
1186 4798 1246 4850 οὐ
1279 4795 1572 4849 λυποῦνται
1608 4795 1808 4867 προλη-

223 4889 454 4959 φθέντες
488 4891 596 4944 ὑπὸ
638 4890 747 4960 (26)
783 4889 882 4960 τῆς
912 4889 1214 4962 ἁμαρτίας’
1271 4889 1330 4942 ού
1384 4887 1678 4942 λυποῦνται
1729 4891 1808 4952 είς

305 5001 322 5032 ³
349 5002 536 5056 Matth.
567 5017 652 5066 ιιι,
681 5003 767 5058 l0.

297 5119 412 5188 (Ἡ)
443 5118 575 5187 Reg.
607 5117 874 5172 secundus
916 5118 1103 5190 ἐπειδὴ
1140 5118 1343 5172 πολλοί.
1382 5117 1674 5190 Μοκ-Ιὶρε.
1713 5133 1799 5190 se-

224 5187 461 5248 cundus.
488 5199 716 5256 quartus
752 5199 808 5242 et
840 5199 1024 5243 sextus
1055 5187 1176 5243 cum
1220 5190 1456 5242 editione
1496 5187 1660 5241 Basil.
1698 5187 1804 5256 γῆν

225 5257 625 5328 ἀκανθοφόρον,
659 5269 852 5328 terram
887 5262 1064 5328 spinas
1107 5259 1380 5327 ferentem,
1432 5259 1588 5312 bene.
1629 5257 1806 5328 Editio

225 5329 406 5384 Paris.
441 5327 835 5398 ἀκανθορόφον.
866 5327 976 5382 Nec
1011 5330 1083 5382 ita
1127 5328 1300 5381 multo
1342 5337 1460 5396 post
1493 5329 1658 5382 editio
1700 5327 1804 5380 Pa-

225 5397 730 5470 ris._é_xtpécpseﬂgt.
757 5397 825 5470 At
847 5413 938 5451 sex
960 5414 1096 5470 mss.
1127 5397 1504 5470 ἐντρέφεσθαι.

305 5449 418 5538 (9.5)
451 5449 828 5522 sannio-is;
848 5449 938 5521 "ei
959 5449 1095 5538 res;
1123 5449 1351 5535 dannt
1379 5449 1501 5521 to"
1521 5465 1806 5538 ἀμύθητὸς

225 5537 406 5592 ἐστιν.
445 5539 599 5602 illud,
631 5540 802 5598 ἐστιν,
833 5538 981 5592 deest
1027 5537 1079 5592 in
1113 5540 1234 5593 aliis
1287 5553 1382 5592 sex
1436 5553 1567 5592 mss.
1603 5537 1802 5589 Ibidem

230 5623 347 5680 tres
381 5624 512 5680 mss.
557 5611 684 5680 περὶ
705 5607 1132 5680 ,ταῦταίπλάνψ
1168 5609 1372 5680 Statim
1415 5605 1800 5680 edi_t_io_P_aris:

225 5679 458 5750 ἑαυτοὺς
483 5679 541 5750 έν
565 5675 644 5750 τῇ
662 5677 956 5749 Ἐκκλησία
972 5675 1297 5742 ἐπιδιδόντες
1313 5697 1327 5710 ·
1354 5679 1448 5732 sed
1483 5677 1630 5750 illud,
1654 5675 1712 5750 έν
1733 5676 1798 5744 τῇ

244 5748 572 5818 Ἐκκλησία,
601 5747 654 5806 in
685 5747 890 5804 nostris
921 5747 1168 5805 undecim
1201 5765 1330 5804 mss.
1365 5763 1470 5803 non
1507 5747 1797 5810 invenitur,

862 5005 883 5034 ³
911 5001 1074 5058 Hebr.
1109 5017 1180 5066 ιν,
1225 5001 1312 5057 12.
1390 5003 1411 5034 ³
1444 5001 1591 5055 Psal.
1620 5016 1776 5066 xvm,
1811 4999 1865 5054 ‘2.

1911 4519 2270 4587 praeoccupati
2295 4529 2540 4589 peccato,
2577 4534 2683 4573 non
2721 4518 3070 4588 afﬂiguntur;
3107 4534 3213 4574 non
3249 4529 3484 4574 mcerent

1913 4612 2038 4664 dum
2069 4613 2494 4667 reminiscnntur
2539 4621 2918 4681 peccatorum;
2961 4627 3066 4666 non
3121 4612 3310 4665 timent
3336 4609 3481 4679 judi-

1914 4702 2052 4754 cium
2078 4719 2093 4768 ;
2127 4702 2220 4756 sed
2249 4702 2572 4766 arridentes,
2596 4709 2648 4757 et
2674 4701 2815 4756 inter
2843 4714 2902 4755 se
2920 4699 3209 4770 iungentes
3235 4701 3478 4764 dextras,

1915 4794 2242 4862 precationis
2271 4794 2488 4848 domum
2533 4795 2587 4848 in
2638 4794 2816 4848 locum
2849 4793 3150 4847 immodica:
3183 4792 3481 4862 loquacita-

1917 4887 1985 4938 tis
2022 4893 2256 4950 vertunt,
2283 4885 2556 4954 aspernati
2587 4885 2853 4953 psalmum
2890 4883 3258 4938 declarantem
3289 4899 3352 4938 ac
3394 4884 3478 4938 di-

1910 5129 2012 5170 nee
2053 5111 2278 5174 mirum,
2307 5124 2430 5164 cum
2463 5109 2593 5164 satis
2614 5125 2678 5164 ex
2709 5123 2768 5164 se
2794 5108 3030 5178 suppleri
3057 5109 3249 5176 possit.

1981 5183 2092 5251 (‘24)
2125 5181 2298 5251 Editio
2325 5179 2819 5251 Parist‘éc-rﬁxaot
2861 5180 3016 5251 yo'tp._
3039 5179 3196 5233 Deest
3219 5178 3478 5251 particula

1907 5249 2018 5323 γάρ
2044 5249 2095 5305 in
2129 5249 2312 5323 multis
2343 5265 2471 5323 mss.
2511 5249 2696 5318 Neque
2719 5263 2852 5323 vero
2892 5249 3085 5323 dubito
3115 5251 3246 5316 quin
3285 5250 3479 5303 melius

1907 5318 2071 5381 absit,
2099 5336 2220 5372 cum
2249 5321 2350 5374 hoc
2391 5321 2513 5374 loco
2545 5319 2815 5387 superflua
2843 5334 2966 5373 esse
3002 5318 3266 5373 videatur.

1983 5391 2096 5456 (25)
2130 5389 2262 5456 Reg.
2292 5389 2559 5444 secundus
2583 5389 2883 5458 δοξολογεῖν
2913 5387 3054 5458 Θεῷ.

1977 5461 2089 5529 (26)
2121 5458 2329 5530 Rursus
2364 5459 2496 5526 Reg.
2522 5457 2787 5514 seenndns
2829 5460 2890 5530 οὐ
2921 5457 3216 5530 λυποῦνται
3244 5457 3480 5530 προὸλη-

1913 5528 2096 5593 θέντες
2123 5528 2246 5601 ύπό.
2275 5530 2418 5601 Reg._
2437 5540 2664 5601 quartus
2691 5529 3146 5601 προσληφθέντες.
3167 5528 3318 5580 Multi
3343 5545 3476 5601 mss.

1913 5599 2340 5680 προληφθέντες.
2361 5597 2494 5680 Μοξ
2535 5597 2899 5680 Reg._tert_ius
2921 5597 2925 5598 ⁷
2943 5599 3294 5680 ἀφικόμενοι..
3335 5597 3476 5680 Infra
3495 5641 3507 5680 ι

1909 5668 2338 5742 Reg.sec_undus
2383 5669 2495 5742 ναῷ
2539 5668 2706 5725 αὑτοῦ
2751 5671 2878 5734 πᾶς,
2930 5685 3028 5724 nec
3074 5669 3234 5722 aliter
3283 5668 3517 5737 legitur“-

1907 5737 2046 5811 apud
2082 5737 2243 5794 LXX".
