3818 6220
437 310 546 371 303
1755 306 1812 364 S.
1854 304 2098 362 BASlLll
2133 303 2348 359 MAGNI
3603 295 3687 351 3N

441 440 656 489 centetn
684 449 698 486 :
734 429 800 485 In
835 429 1028 498 templo
1075 428 1192 500 ejus
1219 430 1576 498 unusquisque
1607 429 1730 482 dicit
1765 430 2010 500 gloriam.

2125 427 2340 496 μνήμην
2391 421 2500 474 τῶν
2551 420 2831 491 ἁμαρτιῶν
2869 419 3276 488 ἀφικνούμενοι,
3319 416 3380 470 οὐ
3445 416 3688 486 τρέμουσι
3763 416 3765 484 1

448 521 528 576 Tu
582 536 714 577 vero
761 536 867 577 non
915 521 1074 576 modo
1103 535 1211 575 non
1243 520 1512 588 loqueris;
1546 520 1640 574 sed
1672 519 1825 576 alteri
1856 521 2018 576 etiam

2125 517 2224 588 τὴν
2256 515 2436 586 κρίσιν
2457 531 2468 542 ·
2494 513 2628 567 ἀλλά
2658 513 2989 583 μειδιῶντες,
3020 512 3114 564 καὶ
3126 511 3227 576 τὰς
3250 509 3434 576 δεξιὰς
3459 511 3687 582 ἀλλήλοις

442 629 503 668 es
533 612 944 683 impedimento,
978 613 1072 682 qui
1108 626 1230 666 eum
1277 611 1371 664 tibi
1402 610 1596 664 reddas
1621 619 1914 675 attentum,
1940 620 2022 665 at-

443 719 550 770 que
583 719 680 773 per
706 713 856 758 tuum
881 703 1166 758 tumultum
1189 716 1382 756 sonum
1404 701 1662 771 majorem
1697 703 1826 757 edas
1857 716 2016 772 quam

447 792 682 861 Spiritus
705 793 974 848 doctrina.
1011 792 1155 847 Cave
1186 807 1254 847 ne
1294 793 1510 862 quando
1551 792 1738 858 abeas,
1763 807 1870 846 una
1896 807 2017 847 cum

445 885 514 939 iis
539 885 630 954 qui
685 885 848 955 impia
881 893 936 940 et
965 883 1360 939 contumeliosa
1407 884 1570 938 verba
1605 884 1658 938 in
1697 883 1788 937 Dei
1819 899 2017 940 nomen

442 987 722 1043 evomunt,
759 977 1175 1044 condemnatus,
1232 991 1354 1031 cum
1395 975 1677 1031 debuisses
1709 978 2015 1032 mercedem

442 1082 543 1139 pro
584 1082 764 1123 rerum
819 1069 1124 1122 divinarum
1151 1067 1520 1123 celebratione
1545 1069 1808 1139 recipere.
1838 1067 2018 1125 Habes

441 1159 730 1231 psalmum,
763 1162 931 1217 habes
963 1162 1322 1232 prophetiam,
1357 1173 1623 1233 praecepta
1683 1163 2013 1234 evangelica,

443 1253 806 1322 apostolorum
859 1254 1295 1324 praedicationes.
1342 1255 1547 1325 Lingua
1599 1256 1811 1325 psallat,
1864 1271 2016 1312 mens

442 1356 653 1409 eorum,
685 1360 804 1416 qua:
836 1347 981 1401 dicta
1027 1355 1174 1409 sunt,
1233 1356 1509 1402 scrutetur
1554 1347 1966 1416 intelligentiam
1997 1361 2012 1402 :

442 1448 502 1491 ut
553 1437 754 1507 psallas
811 1438 1028 1508 spiritu,
1066 1438 1266 1508 psallas
1322 1440 1450 1494 item
1500 1449 1552 1492 et
1596 1441 1844 1495 mente‘.
1875 1441 2014 1495 Deus

443 1529 588 1583 enim
641 1528 866 1585 minime
920 1530 1124 1600 indiget
1173 1529 1342 1600 gloria
1373 1549 1386 1584 :
1419 1532 1512 1587 sed
1547 1541 1598 1584 te
1630 1531 1743 1585 vult
1788 1546 1910 1586 esse
1941 1532 2016 1585 di-

444 1635 632 1690 gnum,
664 1621 755 1690 qui
808 1621 1033 1693 gloriam
1088 1637 1445 1692 consequare.
1481 1624 1821 1693 Quapropter
1861 1624 2015 1689 Quod

443 1716 670 1768 seminat
706 1715 881 1780 homo,
929 1715 1025 1768 hoc
1070 1725 1116 1768 et
1161 1725 1310 1770 metet
1330 1716 1372 1770 '.
1421 1715 1638 1771 Semina
1671 1715 2015 1786 gloriﬁcalio-

2128 607 2506 678 ἐμϐάλλοντες,
2543 603 2704 656 τόπον
2739 601 3105 673 μακρολογίας
3138 602 3228 652 τὸν
3247 597 3395 652 οἷκον
3425 599 3684 652 ποιοῦνται

2120 700 2220 770 τῆς
2268 697 2594 768 προσευχῆς,
2651 694 3058 766 παρακούοντες
3097 692 3188 745 τοῦ
3217 690 3438 765 ψαλμοῦ
3467 691 3563 744 τοῦ
3591 693 3684 744 δια-

2126 791 2538 863 μαρτυρομένου
2586 789 2679 842 καὶ
2735 787 3003 855 λέγοντος,
3049 787 3130 838 ὅτι
3184 786 3278 837 Ἐν
3315 784 3397 850 τῷ
3444 782 3571 848 ναῷ
3601 785 3683 836 τοῦ

2125 883 2272 938 Θεοῦ
2306 883 2425 949 πᾶς
2455 901 2546 948 τις
2575 882 2736 950 λέγει
2761 880 2969 944 δόξαν.
3005 879 3076 930 Σὺ
3120 878 3177 930 δὲ
3226 877 3284 930 ού
3329 878 3500 946 μόνον
3535 879 3589 930 ού
3617 876 3683 928 λέ-

2121 990 2259 1042 γεις,
2283 973 2418 1027 ἀλλά
2451 974 2545 1025 καὶ
2573 971 2745 1041 ἑτέρῳ
2774 969 3026 1039 ἐμπόδιον
3064 966 3175 1036 (‘27)
3206 966 3329 1036 γίνῃ
3359 966 3682 1035 ἐπιστρέφων

2121 1069 2257 1138 πρὸς
2290 1066 2500 1130 ἑαυτὸν,
2540 1065 2634 1118 καὶ
2676 1061 2753 1132 τῷ
2786 1061 2898 1131 ἰδίῳ
2927 1059 3142 1130 θορύϐῳ
3174 1057 3474 1128 ὑπερηχῶν
3513 1058 3605 1128 τὴν
3625 1057 3683 1109 δι-

2117 1159 2414 1214 δασκαλίαν
2461 1156 2556 1210 τοῦ
2606 1154 2941 1225 Πνεύματος.
2985 1152 3123 1221 Ὅρα
3162 1152 3234 1221 μή
3268 1167 3404 1202 ποτε
3447 1149 3681 1218 ἀπέλθῃς,

2117 1253 2238 1306 ἀντὶ
2275 1250 2369 1303 τοῦ
2405 1248 2592 1320 μισθὸν
2631 1247 2811 1299 λαϐεῖν
2841 1245 2932 1297 ἐπὶ
2959 1242 3254 1313 δοξολογίᾳ,
3280 1244 3398 1304 τοῖς
3445 1242 3508 1293 τὸ
3540 1241 3684 1309 ὄνομα

2117 1341 2210 1396 τοῦ
2255 1340 2391 1394 Θεοῦ
2441 1336 2820 1410 βλασφημοῦσι
2877 1331 3424 1403 συγκαταδικασθείς.
3481 1330 3684 1398 Ψαλμὸν

2117 1436 2281 1506 ἔχεις,
2313 1432 2652 1505 προφητείαν
2676 1429 2841 1498 ἔχεις,
2884 1425 3213 1495 εὐαγγελικά
3241 1423 3680 1495 παραγγέλματα,

2115 1528 2184 1581 τὰ
2230 1525 2339 1578 τῶν
2372 1523 2686 1578 ἀποστόλων
2723 1519 3072 1590 κηρύγματα.
3139 1518 3202 1568 Ἢ
3237 1515 3466 1584 γλῶσσα
3513 1512 3684 1582 dam-

2116 1638 2211 1684 τω,
2251 1621 2279 1671 ὁ
2315 1616 2441 1680 νοῦς
2493 1614 2768 1687 ὲρευνάτω
2814 1613 2913 1682 τὴν
2945 1609 3180 1662 διάνοιαν
3225 1607 3334 1659 τῶν
3377 1605 3680 1676 εἰρημένων,

2118 1713 2204 1764 ἵνα
2249 1709 2456 1780 eam;
2490 1707 2568 1777 τῷ
2595 1705 2884 1775 πνεύματι,
2911 1702 3116 1772 ψὰλλῃς
3150 1701 3205 1752 δὲ
3240 1698 3334 1751 καὶ
3381 1697 3454 1767 τῷ
3484 1698 3582 1751 νοῒ.
3608 1696 3682 1764 Μὴ

443 1821 590 1871 nem,
625 1816 680 1861 ut
729 1821 958 1862 coronas
1016 1806 1359 1878 honoresque
1407 1817 1462 1863 et
1493 1808 1679 1863 laudes
1740 1809 1791 1862 in
1849 1824 2014 1880 regno

2125 1802 2226 1872 γὰρ
2253 1801 2411 1871 δόξης
2440 1799 2710 1852 ἐπιδέεται
2744 1797 2772 1848 ό
2807 1795 2958 1857 Θεὸς,
2985 1793 3120 1846 άλλά
3160 1809 3217 1842 σε
3255 1788 3510 1860 βούλεται
3558 1786 3685 1850 ἀξιον

441 1897 700 1953 caelorum
745 1908 935 1954 metas.
970 1899 1094 1955 Haec
1132 1917 1237 1956 non
1281 1902 1380 1957 abs
1413 1917 1473 1956 re
1495 1917 1591 1971 per
1618 1903 2010 1973 digressionem

440 1990 584 2043 dicta
616 2000 742 2043 sunt
771 1991 823 2044 in
846 1990 988 2046 hunc
1011 1991 1186 2046 locum
1220 2015 1231 2047 :
1257 1991 1325 2046 In
1352 1993 1544 2061 templo
1581 1993 1694 2062 ejus
1726 1997 2010 2064 unusquis-

437 2098 540 2151 que
574 2083 703 2138 dicit
745 2084 992 2154 gloriam,
1015 2084 1158 2153 quod
1205 2093 1332 2138 sunt
1359 2086 1450 2153 qui
1478 2083 1727 2154 loquendi
1763 2086 1924 2141 linem
1957 2087 2010 2139 in

442 2173 536 2228 Dei
568 2175 766 2244 templo
819 2190 1095 2245 nunquam
1151 2175 1372 2241 faciant,
1405 2190 1469 2230 ac
1514 2177 1777 2231 inutiliter
1829 2176 2009 2246 ingre-

439 2264 677 2320 diantur.
723 2263 936 2320 Utinam
975 2264 1256 2331 inutiliter,
1293 2280 1399 2320 non
1432 2280 1552 2320 cum
1595 2268 1936 2322 detrimento.

510 2617 563 2672 8.
612 2616 768 2671 Vsus.
813 2618 900 2673 £0.
939 2618 1195 2674 Dominus
1229 2620 1487 2676 diluvium
1514 2623 1811 2678 inhabitare
1835 2623 2008 2692 faciet.

444 2710 714 2764 Diluvium
739 2711 1019 2766 inundatio
1054 2727 1207 2783 aqua;
1235 2724 1336 2779 est,
1365 2715 1626 2784 quidquid
1665 2717 1852 2772 subest
1879 2731 2013 2771 con-

442 2802 697 2871 tegentis,
732 2814 788 2859 et
823 2804 1085 2874 quidquid
1134 2807 1283 2877 prius
1311 2808 1662 2863 sordescebat
1704 2823 2014 2878 expurgan-

443 2895 836 2966 tis..Baptismi
907 2898 1088 2970 itaque
1143 2899 1374 2969 gratiam
1434 2900 1694 2955 diluvium
1744 2901 2011 2965 nominat,

440 2987 576 3042 adeo
619 2997 678 3041 ut
722 2988 902 3046 anima
946 2991 1181 3060 peccatis
1233 2992 1434 3057 abluta,
1477 3001 1532 3047 et
1577 2993 1745 3048 veteri
1798 2994 2015 3048 homine

439 3089 758 3151 expurgata,
788 3081 880 3136 [lat
914 3082 1166 3153 deinceps
1198 3085 1411 3150 idonea,
1443 3099 1559 3154 quae
1597 3085 1649 3138 in
1681 3084 1884 3154 Spiritu
1913 3087 2010 3139 ba-

440 3169 631 3225 bitatio
653 3171 722 3228 sit
751 3174 863 3227 Dei.
899 3172 1070 3229 Porro
1098 3191 1218 3246 quae
1246 3177 1407 3232 etiam
1437 3178 1579 3232 dicta
1625 3187 1752 3232 sunt
1783 3179 1835 3231 in
1867 3177 2013 3247 psal-

444 3277 534 3317 mo
562 3263 838 3318 tricesimo
877 3267 1072 3334 primo,
1104 3281 1228 3321 cum
1263 3268 1346 3322 his
1378 3269 1690 3322 concinunt.
1728 3267 2017 3338 Postquam

442 3353 587 3405 cnim
618 3353 790 3408 dixit:
825 3354 1154 3425 Injustitiam
1182 3374 1352 3412 meam
1385 3360 1644 3428 cognitam
1675 3361 1795 3428 feci,
1829 3369 1877 3412 et
1903 3376 2021 3428 pec-

441 3451 619 3497 catum
681 3461 854 3499 meum
903 3464 1005 3501 non
1055 3451 1344 3514 abscondi;
1375 3449 1510 3546 ‘item
1563 3449 1730 3504 illud:
1766 3448 1872 3504 Pro
1920 3451 2020 3504 hac

441 3537 612 3588 orabit
641 3537 710 3589 ad
737 3547 790 3590 Ie
811 3541 978 3592 onmis
995 3537 1552 3606 sauctus,subjunxit:
1583 3537 1947 3595 Verumtamen
1964 3542 2019 3594 in

440 3625 637 3679 diluvio
659 3645 915 3696 aquarum
939 3631 1224 3684 multarum
1249 3633 1318 3686 ad
1343 3650 1460 3686 eum
1493 3651 1596 3687 non
1628 3635 2018 3703 appropinqua-

441 3717 568 3771 bunt
592 3719 632 3773 ⁸.
649 3718 767 3774 Νοη
792 3723 935 3776 enim
956 3735 1171 3794 peccata
1198 3726 1703 3795 appropinquabant
1723 3725 1798 3790 ei,
1815 3727 1904 3794 qui
1925 3741 2020 3795 per

441 3827 635 3880 aquam
667 3824 721 3870 et
750 3813 1008 3881 Spiritum
1042 3815 1305 3884 baptisma
1344 3816 1680 3870 remissionis
1701 3817 2018 3870 delictorum

440 3905 729 3972 receperit.
766 3903 872 3959 Sed
913 3917 966 3960 et
995 3907 1048 3960 in
1084 3906 1316 3961 Michmaa
1349 3907 1628 3976 prophetia
1662 3907 1916 3976 quiddam
1938 3908 2021 3961 his

443 3995 601 4050 aliine
624 3998 894 4052 invenitur
919 4017 932 4052 :
954 3999 1090 4064 Quia
1104 4000 1276 4053 volens
1292 4001 1707 4054 misericordiam
1733 4011 1832 4064 est,
1853 4018 2020 4054 rever-

443 4099 580 4142 tetur
606 4100 652 4142 et
681 4091 1012 4145 miserebitur
1057 4093 1222 4146 nostri
1248 4109 1266 4146 :
1290 4094 1551 4164 demerget
1577 4103 1786 4161 peccata
1817 4103 2017 4158 nostra,

443 4189 492 4230 et
523 4179 869 4247 projicientur
888 4183 942 4234 in
976 4181 1243 4250 profunda
1268 4185 1485 4236 maris".
1516 4183 1584 4238 Et
1617 4186 1810 4238 sedebit
1849 4186 2020 4238 Darni-

445 4287 542 4323 nus
563 4286 653 4324 rea:
669 4271 724 4324 in
739 4282 1013 4327 wterraum.
1035 4275 1239 4328 Animae
1256 4290 1323 4329 ex
1342 4276 1542 4332 diluvio
1567 4277 1868 4345 splendenti
1891 4279 2021 4331 insi-

445 4360 580 4414 dens
607 4359 766 4425 Deus,
797 4376 915 4416 eam
947 4363 1047 4416 sibi
1078 4363 1242 4418 veluti
1271 4367 1522 4419 thronum
1545 4366 1900 4426 ellicit.Vr:as.
1930 4369 2013 4422 li.

2115 1891 2254 1948 εἶναι
2305 1891 2400 1946 τοῦ
2448 1889 2790 1960 δοξασοῆναι.
2835 1886 2978 1939 Διότι
3012 1888 3072 1937 Ὃ
3105 1883 3335 1952 σπείρει
3372 1881 3682 1948 ἅνθρωπος,

2112 1989 2290 2043 τοῦτο
2325 1986 2422 2040 καὶ
2453 1985 2694 2053 θερίσει.
2730 1983 2960 2052 Σπείρον
2989 1976 3315 2044 δοξολογίαν,
3355 1975 3449 2026 ἵνα
3489 1972 3683 2042 θερίσῃς

2116 2078 2419 2147 στεφάνους
2469 2072 2761 2141 καὶτιμὰς
2818 2072 2912 2123 καὶ
2952 2068 3207 2129 ἐπαίνους
3249 2067 3304 2116 ὲν
3345 2066 3415 2134 τῇ
3465 2061 3682 2132 βασιλείᾳ

2111 2169 2222 2222 τῶν
2263 2164 2530 2238 οὐρανῶν.
2576 2162 2761 2215 Ταῦτα
2800 2161 2901 2212 ούκ
2939 2158 3226 2229 ἀχρήστως
3273 2155 3330 2205 ὲν
3366 2149 3681 2220 παρεκὸἀσει

2113 2262 2327 2333 εἴρηται
2362 2260 2441 2321 είς
2474 2257 2553 2321 τὸ,
2611 2257 2713 2309 Ἐν
2750 2251 2829 2317 τῷ
2871 2250 2996 2315 ναῷ
3034 2247 3218 2305 αὐτοῦ
3266 2243 3389 2310 πᾶς
3423 2263 3515 2309 τις
3547 2242 3680 2333 λέγει

2113 2332 2320 2418 δόξαν,
2345 2351 2436 2405 διὰ
2463 2350 2523 2401 τὺ
2548 2349 2671 2410 τοὺς
2701 2348 2758 2398 έν
2788 2343 2866 2415 τῷ
2889 2344 3002 2414 ναῷ
3027 2341 3121 2394 τοῦ
3152 2339 3286 2392 Θεοῦ
3311 2337 3568 2390 ἀπαυστα
3588 2332 3676 2400 ('28)

2113 2440 2601 2515 γλωσσαλγοῦντας
2633 2438 2727 2491 καὶ
2755 2434 3045 2505 ἀνωφελῶς
3072 2432 3341 2491 εἰσιόντας
3359 2447 3376 2460 ο
3405 2428 3516 2481 εἴθε
3539 2426 3590 2478 δὲ
3612 2425 3680 2476 ἀν-

2114 2534 2346 2604 ωφελῶς
2369 2533 2462 2586 καὶ
2491 2531 2566 2603 μὴ
2587 2527 2914 2590 ὲπι6λα6ὦς.

2184 2629 2237 2682 8.
2279 2628 2496 2695 Κύριος
2528 2628 2635 2678 τὸν
2667 2619 3099 2688 κατακλυσμὸν
3125 2614 3419 2670 κατοικιεῖ
3438 2612 3564 2683 (‘29).
3587 2611 3676 2663 Κα-

2112 2719 2422 2790 τακλυσμὸς
2451 2716 2643 2779 ὕδατός
2671 2717 2816 2767 ἐστιν
2845 2710 3127 2773 ἐπίκλυσις
3154 2706 3567 2776 ἐξαφανίζοντος
3591 2703 3675 2754 πᾶν

2115 2813 2174 2865 τὸ
2202 2811 2581 2878 ὑποκείμενον,
2622 2806 2716 2859 καὶ
2750 2802 3142 2874 καθαρίζοντος
3168 2799 3311 2852 ἅπαν
3332 2798 3400 2850 τὸ
3435 2795 3674 2866 aposph-

2117 2904 2384 2972 πωμένον.
2430 2900 2540 2970 Τὴν
2572 2894 2664 2951 οὖν
2693 2896 2784 2950 τοῦ
2828 2895 3201 2965 βαπτίσματος
3235 2890 3400 2961 χάριν
3439 2887 3675 2940 κατακλυ-

2119 2997 2251 3068 σμὸν
2277 2993 2554 3064 ὀνομάζει,
2579 2992 2718 3044 ὥστε
2746 2990 2843 3060 τὴν
2881 2983 3335 3054 ἀποπλυναμένην
3369 2981 3441 3033 τὰ
3465 2977 3676 3068 ἀμαρτή-

2121 3067 2263 3160 ματα
2315 3086 2514 3156 ψυχὴν,
2570 3085 2664 3136 καὶ
2710 3077 3206 3150 ἀποκαθηραμένην
3238 3075 3324 3127 τὸν
3359 3071 3580 3125 παλαιὸν
3605 3067 3677 3120 ἂν·

2120 3180 2356 3250 θρωπον,
2400 3175 2710 3245 ἐπιτηδείαν
2741 3169 2875 3225 εἶναι
2908 3171 3090 3223 λοιπὸν
3122 3169 3254 3239 πρὸς
3287 3164 3674 3233 κατοικητήριον

2119 3271 2214 3322 τοῦ
2259 3267 2393 3321 Θεοῦ
2443 3270 2500 3320 ὲν
2545 3265 2842 3334 Πνεύματι.
2887 3261 3107 3332 Συνᾴδει
3134 3259 3190 3312 δὲ
3216 3257 3394 3327 τούτῳ
3428 3256 3521 3309 καὶ
3551 3251 3609 3304 τὰ
3632 3250 3677 3299 ἐν

2121 3363 2196 3434 τῷ
2222 3358 2528 3434 τριακοστῷ
2555 3356 2756 3429 πρώτῳ
2784 3353 2983 3424 ψαλμῷ
3012 3351 3293 3424 εἰρημένα.
3325 3348 3485 3401 Μετὰ
3509 3345 3606 3414 γάρ
3626 3339 3677 3434 Ϋτδ

2121 3433 2314 3516 εἰπεῖν,
2369 3454 2450 3506 ὅτι
2500 3451 2618 3518 Τὴν
2668 3447 2926 3515 ἀνομίαν
2959 3463 3079 3514 μου
3115 3444 3432 3511 ἐγνώρισα,
3464 3438 3554 3490 καὶ
3587 3433 3678 3498 τὴν

2120 3545 2414 3615 ἁμαρτίαν
2465 3559 2583 3612 μου
2633 3542 2744 3593 οὐκ
2795 3535 3112 3604 ἐκάλυψα·
3151 3535 3243 3586 καὶ
3291 3531 3374 3597 τὸ,
3416 3533 3497 3583 ὅτι
3538 3523 3677 3589 Ὑπὲρ

2121 3633 2311 3702 αὐτῆς
2341 3633 2448 3704 (50)
2477 3629 2871 3699 προσεύξεται
2912 3627 3060 3694 πρὸς
3103 3625 3178 3678 σὲ
3225 3621 3340 3688 πᾶς
3381 3622 3573 3684 ὅσιος·
3603 3618 3679 3704 ἑπ-

2095 3728 2323 3797 ·ήγαγε·
2379 3721 2551 3791 Πλὴν
2608 3723 2678 3775 ἐν
2726 3715 3132 3784 κατακλυσμῷ
3175 3714 3413 3768 ὑδάτων
3465 3703 3678 3797 πολλῶν

2121 3819 2269 3886 πρὸς
2305 3818 2490 3869 αὑτὸν
2532 3817 2643 3868 οὐκ
2679 3813 3003 3884 ἐγγιοῦσιν.
3057 3809 3130 3862 Οὑ
3171 3808 3282 3878 γὰρ
3322 3804 3596 3873 ἐγγιοῦσιν
3634 3796 3676 3849 αἱ

2121 3911 2384 3981 ἁμαρτίαι
2424 3907 2500 3978 τῷ
2528 3907 2744 3960 λαϐόντι
2783 3906 2843 3957 τὸ
2874 3905 3156 3975 βάπτισμα
3192 3900 3290 3968 τῆς
3316 3899 3563 3967 ἀφέσεως
3592 3890 3678 3943 τῶν

2123 4001 2582 4074 παραπτωμάτων
2610 3999 2699 4052 διὰ
2751 3996 2843 4051 τοῦ
2885 3996 3075 4058 ὓδατος
3119 3994 3213 4046 καὶ
3245 3991 3336 4044 τοῦ
3368 3989 3674 4084 Πνεύματος.

2122 4089 2390 4156 Συγγενὲς
2423 4087 2480 4141 δὲ
2510 4088 2683 4155 τούτῳ
2711 4085 2804 4139 καὶ
2831 4088 2888 4138 ὲν
2916 4086 2982 4154 τῇ
3015 4082 3318 4154 προφητείᾳ
3349 4080 3581 4148 Μιχαίου
3607 4080 3678 4123 ευ·

2126 4200 2317 4256 ρηττι’
2369 4184 2496 4234 Ὅτι
2542 4178 2801 4246 θελητὴς
2857 4177 3071 4241 ἐλέους
3123 4174 3314 4236 ἐστὶν,
3361 4166 3676 4236 ἑπιστμέῐέτί

2122 4277 2220 4330 καί
2285 4273 2524 4341 ἐλεήσει
2592 4269 2780 4340 ἡμᾶς’
2854 4268 3182 4322 καταδύσει
3249 4266 3353 4326 τὰς
3424 4261 3677 4333 ἁμαρτίας

2122 4365 2310 4433 ἡμῶν,
2349 4364 2445 4417 καὶ
2494 4359 3012 4429 ἀπορῤιςρήσονται
3050 4361 3136 4422 εὶς
3165 4356 3234 4410 τὰ
3269 4354 3433 4422 ,βάθη
3478 4350 3579 4418 τῆς
3601 4350 3678 4400 θα-

446 4449 700 4506 Dominus
721 4454 962 4508 virtutem
982 4455 1173 4522 populo
1187 4472 1284 4510 suo
1300 4457 1468 4518 dabit:
1487 4457 1742 4513 Dominus
1759 4461 2019 4516 benedice:

2125 4456 2389 4523 λάσσης.
2432 4454 2542 4507 Καὶ
2590 4452 2872 4506 καθιεῖται
2897 4453 3110 4518 Κύριος
3143 4447 3448 4514 ,ϐασιλεὺς
3488 4446 3565 4506 εἰς
3595 4439 3676 4534 τίς

442 4543 635 4612 populo
655 4561 750 4598 suo
776 4547 830 4600 in
844 4563 991 4611 pace.
1016 4547 1062 4601 A
1081 4548 1276 4618 populo
1302 4549 1519 4613 quidem
1545 4561 1831 4617 peccatore
1855 4551 2016 4605 robu-

445 4644 589 4689 stum
618 4644 672 4689 et
703 4637 977 4691 robustam
1003 4639 1214 4692 auferet
1237 4639 1531 4692 Dominus8
1557 4657 1570 4693 :
1599 4639 1864 4706 justitiam
1888 4655 2018 4693 vero

445 4727 666 4781 facienti
697 4729 860 4782 robur
891 4729 1122 4783 confert.
1153 4730 1286 4785 Nam
1320 4731 1476 4786 Omni
1506 4733 1718 4787 habenti
1747 4734 2017 4787 dabitur”.

447 4816 715 4871 Caeterum
748 4819 842 4888 qui
875 4821 939 4873 ad
977 4822 1303 4890 perﬁcienda
1343 4826 1480 4877 bona
1509 4839 1670 4892 opera
1700 4828 2022 4880 corrobora-

448 4917 534 4962 tus
559 4919 665 4974 est,
700 4909 748 4965 is
788 4910 850 4964 ﬁt
893 4913 1085 4985 dignus
1128 4915 1221 4968 Dei
1265 4917 1663 4971 benedictione.
1695 4915 1807 4970 Pax
1841 4927 2024 4972 autem

527 5050 551 5084 ⁵
575 5050 594 5104 Ι
619 5051 742 5107 Cor.
777 5069 887 5119 xw,
923 5055 1009 5109 ‘15.

524 5188 804 5265 (97)B_eg.
835 5194 1024 5265 tertius
1070 5193 1243 5264 ἑτέρῳ
1295 5194 1524 5265 ἐμπόρῳ
1567 5193 1842 5264 ἐμπόδιον.
1887 5194 2027 5260 Quid

449 5273 633 5334 autem
660 5261 813 5334 illud,
841 5263 1092 5334 ἐμπόρῳ,
1123 5261 1225 5318 hoc
1249 5261 1368 5318 loco
1394 5261 1506 5318 sibi
1529 5261 1679 5329 velit,
1707 5280 1812 5319 non
1845 5266 2022 5320 video.

527 5330 642 5398 (‘28)
669 5330 823 5386 Colb.
860 5330 1128 5388 secundus
1159 5335 1474 5398 ἀπαύστως.

528 5401 640 5471 (29)
667 5401 757 5456 Sic
783 5403 948 5457 editio
978 5403 1141 5459 Basil.
1176 5415 1229 5458 et
1263 5405 1405 5459 Oliv.
1434 5421 1554 5459 cum
1599 5408 1803 5460 nostris
1837 5407 2023 5460 decem

454 5487 613 5544 ξιτεδ),
640 5486 739 5526 nec
768 5473 926 5528 aliter
949 5476 1151 5527 editum
1180 5475 1280 5528 fuit
1308 5476 1446 5544 apud
1486 5475 1650 5530 LXX.
1683 5476 1862 5530 Editio
1892 5490 2020 5527 vero

454 5540 628 5614 Paris.
660 5550 714 5594 et
741 5558 880 5596 unus
894 5554 985 5598 aut
1011 5548 1147 5599 alter
1163 5561 1262 5599 ms.
1288 5540 1534 5614 enostris
1567 5549 1830 5599 κατοικεῖ·
1861 5561 2022 5614 quam

455 5610 744 5682 lectionem
801 5629 1040 5682 quoque,
1106 5624 1243 5669 teste
1286 5613 1516 5680 Nobilio,
1561 5626 1778 5669 tuentur
1826 5610 1891 5670 εί
1937 5615 2027 5669 alii

459 5680 672 5756 Ἧιίάὲξιη
702 5681 847 5756 libri.
886 5680 1048 5756 Certe
1089 5701 1153 5739 ex
1191 5685 1422 5756 liciier
1445 5688 1608 5739 vertit
1645 5687 2027 5756 Hieronyums,

461 5747 713 5804 Dominus
755 5751 1007 5807 diluvium
1056 5756 1333 5810 inhabitat.
1385 5753 1767 5826 Hieronymum
1808 5747 2029 5812 sumtus

1114 5057 1134 5087 ³
1161 5055 1277 5112 Gal.
1305 5073 1377 5122 VI,
1413 5057 1464 5112 7.
1541 5066 1562 5096 ⁸
1586 5056 1727 5113 Psal.
1764 5073 1914 5122 xxxx,
1939 5057 1992 5120 5,
2023 5057 2074 5111 6.
2154 5059 2172 5089 ⁷
2212 5057 2417 5111 Michm.
2467 5071 2562 5119 vn,
2595 5055 2681 5109 19.

2124 4547 2330 4602 αἰῶνα.
2384 4547 2462 4616 Τῇ
2513 4545 2804 4616 λαμπούσῃ
2843 4543 2989 4614 ψυχῇ
3038 4542 3145 4595 ἀπὸ
3186 4539 3281 4593 τοῦ
3325 4524 3673 4602 κατακλυσμῡῦ

2128 4641 2424 4714 ὲνιδρυθεὶς
2466 4639 2576 4711 (51)
2627 4642 2656 4692 ὁ
2691 4639 2844 4702 Θεὸς,
2889 4638 3049 4690 οἱονεὶ
3093 4636 3278 4707 θρόνον
3316 4633 3484 4701 αὐτὴν
3533 4622 3675 4690 ἑαυτῷ

2130 4732 2522 4802 ἀπεργάζεται.
2555 4731 2774 4798 Κύριος
2810 4729 2994 4799 ἰσχὺν
3019 4727 3099 4793 τῷ
3130 4725 3256 4792 ,2αῷ
3278 4723 3467 4778 αὑτοῦ
3498 4718 3672 4772 δώσει·

2133 4827 2347 4893 Κύριος
2397 4825 2719 4892 εὐλογήσει
2776 4821 2885 4875 τόν
2921 4821 3076 4876 λαὸν
3125 4819 3311 4873 αὐτοῦ
3365 4820 3435 4871 ἐν
3480 4810 3671 4880 εἰρήνη-

2149 4919 2280 4969 Ἀπὸ
2316 4916 2412 4986 μὲν
2439 4915 2532 4969 τοῦ
2558 4913 2881 4986 ἀμαρτωλοῦ
2907 4913 3038 4967 λαοῦ
3065 4911 3250 4980 ἀφελεῖ
3274 4909 3476 4980 Κύριος
3503 4899 3672 4971 ἰσχύον·

2775 5055 2794 5085 ⁸
2819 5055 2916 5107 lsa.
2951 5069 3031 5117 ιιι,
3063 5054 3113 5105 l.
3189 5052 3210 5082 ³
3242 5048 3429 5103 Matth.
3459 5059 3574 5102 ur,
3600 5037 3670 5091 9.9.

2134 5201 2218 5246 est
2254 5190 2610 5299 gurgustinus.
2636 5190 2932 5259 Aliquanto
2976 5200 3097 5257 post
3149 5188 3280 5257 Reg.
3332 5187 3515 5241 tertius
3538 5184 3669 5253 ὲρρυ-

2133 5279 2409 5314 πωμενον.

2206 5319 2318 5399 (30)
2371 5332 2500 5400 Reg.
2540 5330 2808 5383 secundus
2841 5330 2937 5383 καὶ
2964 5331 3048 5383 ὅτι
3098 5329 3237 5400 ὑπὲρ
3262 5327 3481 5400 ταύτης.
3501 5323 3594 5376 Nec
3615 5319 3668 5397 ita

2133 5398 2307 5455 multo
2343 5398 2472 5469 post
2502 5400 2654 5455 Colb.
2701 5411 2929 5467 quartus
2977 5398 3226 5468 ἀφέσεως
3270 5398 3391 5469 τῶν
3427 5398 3668 5469 άμιιρτεωγ

2129 5472 2223 5524 καὶ
2266 5464 2374 5524 τῶν
2415 5464 2898 5542 παραπτωμάτων.
2926 5464 3167 5525 Subinde
3201 5484 3330 5522 mss.
3365 5468 3468 5520 duo
3504 5464 3668 5517 habent

2133 5544 2464 5628 εἴρηται-μεθ
2487 5541 2739 5628 εὓρηταιἒ

2207 5601 2318 5680 (3i)
2356 5601 2484 5680 Reg.
2541 5601 2813 5666 secundus
2870 5610 3215 5680 ὲνιδρυνθείς.
3250 5608 3366 5680 Μοτ
3400 5619 3546 5680 "mss.
3584 5601 3663 5651 duo

2138 5678 2351 5736 ἑαυτοῦ.
2395 5678 2546 5740 Haud
2589 5682 2744 5753 longe
2780 5681 2906 5751 Reg.
2933 5678 3200 5737 secundus
3235 5678 3520 5746 ἀφελεῖται.
