3818 6220
154 268 283 330 δίιό

167 495 264 533 σιν
295 481 467 552 ἰσχύν.
498 485 643 540 Διότι
674 485 756 553 Τῷ
787 490 989 558 ἔχοντι
1025 495 1201 548 παντὶ
1244 494 1581 567 δοθήσεται.
1637 502 1752 555 Ἐν-

163 571 510 664 δυναμωθεὶς
535 577 591 632 δὲ
614 580 751 651 πρὸς
763 581 862 654 τὴν
880 583 991 638 τῶν
1010 586 1229 654 ἀγαθῶν
1252 588 1426 660 ἔργων
1450 593 1748 664 ἐνέργειαν,

166 662 324 728 ἄξιος
360 665 567 734 γίνεται
604 670 706 741 τῆς
746 673 854 727 ἀπὸ
880 672 974 727 τοῦ
1003 674 1135 730 Θεοῦ
1167 678 1437 749 εὐλογίας.
1480 662 1663 738 ’Ἐοικε
1694 686 1750 740 δὲ

166 754 481 829 τελειοτάτη
519 761 626 815 τῶν
666 762 929 833 εὐλογιῶν
969 764 1109 822 εἶναι
1145 771 1177 841 ἡ
1218 773 1426 844 εἰρήνη,
1462 775 1751 831 εὐστάθεια

164 863 258 941 τις
296 845 429 941 οὖσα
454 851 547 904 τοῦ
573 854 925 926 ἡγεμονικοῦ·
961 858 1102 913 ὥστε
1146 862 1236 916 τὸν
1273 865 1545 935 εἰρηνικὸν
1582 869 1749 941 ἄνδρα

168 937 231 990 ἒν
258 938 337 1009 τῷ
362 943 722 999 κατεστάλθαι
751 948 820 1002 τὰ
847 948 949 1021 ήθη
985 956 1482 1027 χαρακτηρίζεσθαι
1500 977 1513 990 °
1567 962 1659 1016 τὸν
1680 937 1749 1017 ᾐδὲ

167 1028 578 1120 πολεμούμενον
619 1036 723 1090 ὑπὸ
770 1038 880 1094 τῶν
925 1042 1110 1097 παθῶν
1142 1047 1309 1117 μήπω
1340 1050 1438 1120 τῆς
1476 1051 1585 1105 ἀπὸ
1612 1055 1747 1108 Θεοῦ

169 1117 398 1190 εἰρήνης
427 1125 840 1194 μετεσχηκέναι,
873 1130 939 1199 ἣν
971 1132 1000 1183 6
1031 1131 1235 1202 Κύριος
1265 1117 1431 1191 ἔδωκε
1473 1143 1587 1204 τοῖς
1625 1144 1749 1196 ἑαυ-

166 1204 270 1258 τοῦ
316 1207 605 1279 μαθηταῖς,
637 1212 778 1282 ἥτις,
811 1216 1149 1288 ὑπερέχουσα
1182 1221 1360 1275 πάντα
1401 1223 1546 1290 νοῦν,
1583 1244 1749 1297 φρου-

173 1298 331 1368 ρήσει
355 1299 454 1364 τὰς
473 1301 649 1372 ψυχὰς
672 1304 780 1358 τῶν
803 1306 986 1373 ἀξίων.
1015 1310 1229 1383 Ταύτην
1248 1312 1342 1367 καὶ
1364 1316 1391 1368 ό
1428 1316 1747 1384 Ἀπόστολος

168 1388 461 1460 ἐπεύχεται
482 1396 600 1458 ταῖς
628 1395 993 1467 Ἐκκλησίαις,
1026 1400 1199 1468 λέγων
1220 1420 1233 1433 °
1260 1403 1440 1473 Χάρις
1472 1407 1616 1476 ὑμῖν
1647 1411 1745 1464 καὶ

166 1478 377 1548 εἰρήνη
410 1484 799 1553 πληθυνθείη.
826 1488 1039 1543 Γένοιτο
1063 1486 1155 1544 οῦν
1187 1494 1316 1563 ἡμῖν
1342 1494 1522 1560 καλῶς
1551 1498 1748 1567 ἀγωνι-

170 1572 449 1641 σαμένοις,
478 1574 571 1626 καὶ
593 1576 653 1628 τὸ
674 1577 929 1649 φρόνημα
952 1581 1054 1651 τῆς
1072 1584 1275 1654 σαρκὸς
1295 1588 1747 1660 καταστρεψαμέ-

167 1674 306 1724 νοις,
330 1661 359 1714 ὅ
382 1663 527 1715 ἐστιν
553 1663 724 1737 ἔχθρα
752 1669 831 1731 είς
854 1667 1005 1736 Θεὸν,
1032 1672 1091 1723 ὲν
1118 1672 1445 1745 γαληνιὼσει
1478 1676 1573 1730 καὶ
1608 1679 1744 1733 ἀκύ-

173 1768 299 1821 μονι
321 1755 650 1810 καταστάσει
672 1758 771 1829 τῆς
802 1759 981 1832 ψυχῆς
1011 1766 1327 1836 γενομένης,
1352 1770 1572 1841 εἰρήνης
1597 1773 1745 1844 ἡμᾶς
1775 1753 1817 1807 Β

170 1844 321 1907 υἱοὺς
352 1844 725 1917 χρηματίζειν,
756 1851 847 1903 καὶ
882 1852 980 1923 τῆς
1010 1855 1258 1925 εὐλογίας
1282 1859 1376 1912 τοῦ
1406 1862 1540 1915 Θεοῦ
1570 1881 1741 1934 μετα-

1276 284 1558 343 HOMILIA
1601 291 1675 346 IN
1710 292 2049 356 PSALMUM
2087 299 2277 358 XXIX.

159 404 241 442 τα
273 387 368 443 καὶ
398 390 704 463 ἰσχύουσαν,
748 396 826 467 τῷ
852 399 909 452 δὲ
940 399 1417 475 δικαιοπραγοῦντι
1453 406 1566 480 (32)
1597 408 1751 464 δίδω-
1779 422 1827 475 Α

3317 327 3420 387 306

1854 430 1973 484 quae
2008 422 2209 512 mentis
2242 431 2326 478 est
2354 423 2584 484 ﬁrmitas
2613 430 2773 505 124
2808 436 3051 505 quaedam
3091 448 3255 512 alque
3292 460 3413 502 con-

1852 510 2076 577 stantia,
2118 510 2556 574 benedictionum
2599 523 2991 591 perfectissima
3018 544 3138 587 esse
3168 510 3418 601 videtur;

1852 615 2022 694 quare
2060 607 2270 674 paciﬁci
2312 609 2414 665 viri
2461 613 2745 672 character
2779 619 2833 674 in
2882 626 3199 694 compositis
3232 643 3297 684 ac
3328 645 3419 686 se-

1853 692 1994 749 datis
2020 698 2261 753 moribus
2288 701 2425 758 situs
2455 714 2539 760 est
2562 720 2577 757 :
2601 720 2812 776 contra,
2852 714 2942 781 qui
2971 692 3421 787 adcupiditatibus

1852 794 2216 881 oppugnatur,
2247 791 2484 848 nondum
2522 797 2673 864 pacis
2701 794 2793 855 Dei
2822 807 3095 876 particeps
3118 818 3222 874 est,
3254 826 3417 881 quam

1850 887 2037 966 pacem
2066 876 2346 949 discipulis
2370 884 2484 939 suis
2515 885 2777 946 Dominus
2815 893 2987 961 dedit,
3018 912 3139 966 qua:
3177 876 3304 954 cum
3334 902 3418 957 in-

1851 963 2123 1060 tellectum
2160 984 2373 1027 omnem
2409 988 2629 1047 superet
2648 978 2712 1045 “,
2746 997 2953 1051 eorum,
2982 963 3071 1056 qui
3098 990 3246 1058 digni
3269 1003 3419 1060 sunt,

1850 1055 2060 1151 animas
2088 1061 2347 1120 tuebitur.
2385 1064 2537 1123 Hanc
2570 1073 2844 1139 apostolus
2871 1055 3130 1136 Ecclesiis
3156 1055 3416 1151 appreca;

1994 1149 2180 1207 dicens
2214 1170 2230 1205 :
2260 1151 2447 1211 Gratia
2496 1161 2642 1215 vobis
2695 1173 2747 1217 et
2796 1183 2903 1234 pax
2943 1149 3328 1239 multiplicetur
3351 1177 3416 1230 “.

1850 1236 2068 1330 Utinam
2102 1241 2265 1330 igitur
2311 1258 2597 1318 postquam
2641 1263 2864 1311 strenue
2910 1236 3322 1330 certaverimus,
3355 1281 3420 1321 ac

1845 1328 2031 1382 carnis
2093 1328 2343 1387 aﬂ'ectum
2419 1339 2509 1406 qui
2584 1339 2865 1399 inimicitia
2923 1350 3185 1406 adversus
3250 1328 3417 1409 Deum

1847 1428 1955 1513 est,
1990 1419 2045 1474 in
2078 1426 2395 1482 servitutem
2430 1432 2814 1503 redegerimus,
2852 1439 3033 1493 anima
3068 1441 3120 1495 in
3159 1446 3420 1513 tranquil-

1846 1507 1996 1564 litate
2024 1525 2087 1568 ac
2126 1517 2308 1584 quieto
2344 1530 2486 1575 statu
2519 1525 2834 1594 constituta,
2860 1528 2952 1582 ﬁlii
2985 1532 3137 1599 pacis
3170 1507 3409 1602 appelle-

1845 1614 1990 1696 mur,
2019 1612 2183 1674 atque
2230 1608 2283 1662 in
2319 1625 2453 1679 pace
2488 1613 2680 1671 ﬁamus
2714 1618 3110 1678 benedictionis
3138 1623 3232 1680 Dei
3289 1642 3417 1696 par-

1847 1690 2077 1761 ticipes:
2108 1696 2159 1750 in
2194 1699 2415 1756 Christo
2443 1700 2567 1760 Jesu
2604 1706 2828 1763 Domino
2868 1722 3077 1782 nostro,
3110 1716 3196 1769 cui
3247 1690 3416 1785 gloria

1846 1790 1901 1833 et
1936 1783 2241 1854 imperium,
2275 1806 2418 1848 nunc
2447 1803 2502 1849 et
2530 1809 2765 1867 semper,
2793 1811 2849 1856 et
2885 1802 2936 1855 in
2966 1805 3160 1860 saecula
3190 1783 3417 1862 steculo-

1848 1886 1988 1927 rum.
2018 1876 2211 1934 Amen.

168 1938 416 2054 σχεῖν
679 1940 752 2054 ἐν.
767 1942 985 2054 ξριστῷ
1026 1945 1198 2018 Ἰησοῦ
1228 1950 1304 2022 τῷ
1333 1952 1523 2024 Κυρίῳ
1552 1956 1585 2025 ή
1595 1956 1732 2027 μῶν,
1773 1950 1818 2026 ᾧ
1837 1962 1871 2032 ἡ
1892 1962 2019 2030 δόξα
2044 1968 2139 2022 καὶ
2164 1969 2225 2023 τὸ
2253 1972 2453 2046 κράτος
2474 1975 2569 2032 νῦν
2599 1979 2693 2034 καὶ
2719 1981 2829 2047 ἀεὶ,
2864 1984 2955 2037 καὶ
3012 1989 3090 2050 εἰς
3143 1988 3269 2054 τοὺς
3289 1988 3419 2043 αἰῶ-

168 2042 268 2090 νας
299 2026 405 2080 τῶν
432 2028 660 2084 αἰώνων.
707 2032 896 2105 Ἀμήν.

206 2162 3396 2227 μ-ἊἪ-Ὰ

558 2251 668 2305 ΕΙΣ
706 2253 844 2307 ΤΟΝ
886 2255 996 2308 KG’
1036 2258 1356 2316 ΨΑΛΜΟΝ.

278 2339 525 2410 Ψαλμὸς
564 2340 726 2413 ᾠδῆς
770 2344 1291 2488 Ξῗιιέίὲγᾶιέἷισμοῦ
1334 2353 1441 2407 τοῦ
1468 2354 1637 2410 οἴκου

240 2501 292 2555 1.
323 2501 510 2574 Ψαλτή
522 2520 631 2575 ριον
680 2505 778 2576 μὲν
825 2510 1119 2579 τροπικῶς,
1164 2512 1260 2566 καὶ
1304 2513 1532 2586 ὄργανον
1573 2520 1746 2590 ήρμο-

168 2592 365 2663 σμένον
387 2595 659 2665 μουσικῶς
702 2598 783 2661 είς
822 2596 1025 2670 ὕμνους
1069 2602 1162 2656 τοῦ
1196 2604 1330 2657 Θεοῦ
1357 2606 1535 2677 ἡμῶν,
1588 2609 1744 2680 ήτοῦ

168 2684 418 2754 σώματός
443 2688 559 2743 ἐστι
598 2694 943 2764 κατασκευή·
975 2692 1189 2765 ψαλμὸς
1216 2697 1273 2749 δὲ
1306 2698 1361 2750 αἱ
1389 2699 1477 2754 διὰ
1511 2701 1606 2754 τοῦ
1640 2702 1745 2755 σώ-

172 2792 341 2846 ματος
367 2777 616 2849 πράξεις,
645 2782 701 2834 αἱ
729 2782 809 2846 είς
837 2782 993 2849 δόξαν
1020 2784 1153 2838 Θεοῦ
1187 2787 1589 2860 ἀποδιδόμεναι,
1615 2792 1743 2846 ὅταν

167 2868 277 2922 ὑπὸ
308 2869 402 2923 τοῦ
431 2870 588 2940 λόγου
621 2874 965 2945 ἡρμοσμένου
1007 2876 1173 2947 μηδὲν
1205 2878 1437 2949 ἐκμελὲς
1468 2881 1743 2935 ἀποτελῶ-

174 2977 274 3030 μεν
318 2962 377 3013 ὲν
418 2964 530 3026 τοῖς
569 2965 885 3035 κινήμασιν.
931 2966 1053 3039 ’ῼδὴ
1083 2967 1138 3021 δέ
1181 2970 1350 3033 ἐστιν,
1378 2970 1479 3024 ὅσα
1512 2971 1745 3043 θεωρίας

172 3029 353 3124 ἔχεται
400 3055 608 3127 ὑψηλῆς
652 3029 763 3128 (54)
808 3058 902 3111 καὶ
933 3029 1230 3128 θεολογίας.
1270 3029 1432 3115 ’Ὥστε
1474 3065 1502 3117 6
1531 3029 1745 3135 ψαλμδς
1774 3029 1817 3090 C

170 3146 327 3215 λόγος
361 3148 478 3201 ἐστὶ
518 3149 795 3219 μουσικὸς,
823 3151 950 3204 ὅταν
983 3152 1272 3223 εὐρύθμως
1312 3154 1451 3207 κατὰ
1486 3156 1612 3220 τοὺς
1647 3158 1748 3227 ἁρ-

172 3240 427 3309 μονικοὺς
453 3238 642 3308 λόγους
679 3240 815 3311 πρὸς
852 3242 912 3294 τὸ
966 3242 1198 3314 ὄργανον
1234 3246 1519 3316 κρούηται·
1554 3247 1664 3320 ᾠδὴ
1693 3248 1750 3301 δὲ

170 3330 323 3401 φωνὴ
366 3330 610 3402 ἐμμελὴς
648 3332 1006 3405 ἀποδιδομένη
1041 3336 1406 3406 ὲναρμονίως,
1436 3339 1610 3411 χωρὶς
1647 3341 1748 3410 τῆς

172 3424 525 3497 συνηχήσεως
566 3425 659 3478 τοῦ
707 3426 959 3497 ὀργάνου.
1012 3428 1273 3483 Ἐνταῦθα
1320 3431 1517 3495 τοίνυν,
1562 3432 1749 3504 ἐπειδὴ

171 3521 595 3592 ἐπιγέγραπται,
655 3522 901 3591 Ψαλμός
947 3522 1126 3590 ᾠδῆς,
1169 3524 1449 3594 ἡγούμεθα
1487 3526 1584 3596 τὴν
1619 3527 1749 3579 ἀκό-

173 3612 362 3667 λουθον
386 3613 585 3685 πρᾶξιν
615 3616 679 3684 τῇ
721 3613 924 3685 θεωρίᾳ.
957 3615 1049 3667 τὸν
1078 3615 1234 3683 λόγον
1263 3615 1622 3668 αἰνίσσεσθαι.
1654 3608 1753 3668 Οὗ-

171 3723 264 3769 τος
284 3704 341 3758 δὲ
363 3708 392 3759 6
418 3705 630 3776 ψαλμὸς
666 3706 767 3775 τῆς
794 3705 959 3777 ᾠδῆς,
988 3706 1131 3760 κατὰ
1166 3708 1264 3778 τὴν
1291 3708 1623 3779 ἐπιγραφὴν,
1655 3707 1750 3760 τοῦ

174 3796 532 3867 ἑγκαινισμοῦ
568 3795 663 3848 τοῦ
710 3796 859 3849 οἴκου
906 3795 1149 3867 περιέχει
1191 3795 1344 3859 τινας
1390 3796 1602 3866 λόγους.
1644 3796 1753 3848 Καὶ

173 3890 322 3943 ἔοικε
350 3889 490 3942 κατὰ
527 3888 624 3959 μὲν
663 3887 724 3941 τὺ
758 3888 1068 3958 σωματικὸν
1089 3928 1103 3951 ,
1136 3888 1229 3940 ἐπὶ
1259 3887 1367 3940 τῶν
1407 3887 1614 3958 χρόνων
1657 3886 1751 3940 τοῦ

175 3981 539 4052 Σολομῶντος,
567 3980 951 4051 ἀνεγερθέντος
1118 3980 1211 4033 τοῦ
1245 3979 1571 4051 περιϐοήτου
1596 3978 1750 4044 ναοῦ,

172 4080 204 4131 ὁ
221 4077 378 4144 λόγος
405 4074 817 4141 διεξοδεύεσθαι,
848 4076 986 4147 πρὸς
1007 4076 1068 4128 τὸ
1092 4074 1391 4146 ψαλτήριον
1417 4074 1656 4144 μελῳδού
1666 4093 1756 4144 με-

173 4184 295 4231 νος*
331 4166 470 4221 κατὰ
502 4167 559 4220 δὲ
588 4167 648 4220 τὸ
691 4167 902 4235 νοητὸν,
930 4167 1030 4238 τὴν
1064 4165 1453 4236 ὲνσωμάτωσιν
1484 4163 1578 4216 τοῦ
1618 4160 1752 4214 Θεοῦ

173 4259 352 4328 Λόγου
381 4260 667 4330 σημαίνειν
707 4259 842 4330 (56),
873 4259 970 4312 καὶ
997 4258 1090 4311 τὸν
1120 4255 1474 4326 ἐγκαινισμὸν
1501 4254 1595 4308 τοῦ
1627 4270 1753 4307 και-

171 4352 286 4416 νῶς
327 4354 422 4405 καὶ
450 4350 766 4422 παραδόξως
795 4351 958 4405 αὑτοῦ
1001 4348 1539 4411 κατασκευασθέντος
1566 4346 1715 4400 οἴκου
1737 4386 1752 4411 ,

246 4465 293 4499 ¹⁵
314 4464 543 4534 Philipp.
573 4479 647 4528 tv,
679 4463 733 4517 7.
812 4463 853 4494 ¹¹
885 4460 1080 4517 lPetr.
1114 4476 1154 4526 t,
1187 4461 1241 4513 ‘2.

2299 2278 2366 2332 ΙΝ
2406 2279 2736 2338 PSALMUM
2774 2285 2963 2341 XXIX.

1959 2391 2210 2448 Psalmus
2237 2396 2429 2449 cantici
2454 2397 2511 2450 in
2541 2398 2874 2454 dedicatione
2902 2402 3087 2456 domus
3114 2403 3305 2457 David.

1925 2525 1978 2580 1.
2032 2525 2314 2581 Structura
2364 2531 2625 2600 corporis,
2685 2532 2998 2602 psalterium
3059 2534 3274 2603 quidem
3337 2545 3421 2590 est

1853 2629 1950 2685 per
2023 2618 2438 2688 metaphoram,
2504 2619 3075 2692 instrumentumque,
3137 2626 3278 2694 quod
3351 2640 3416 2680 ex

1851 2706 2071 2761 musica:
2103 2708 2302 2779 regulis
2334 2708 2398 2763 ad
2432 2710 2795 2765 concinendos
2826 2711 2933 2765 Deo
2962 2721 3148 2767 nostro
3181 2715 3421 2783 hymnos

1852 2798 2163 2869 adaptatum
2199 2807 2282 2854 est
2315 2819 2327 2853 :
2371 2801 2500 2871 ipsa:
2547 2816 2678 2855 vero
2716 2804 2960 2871 corporis
2998 2804 3239 2858 actiones
3279 2806 3419 2873 psal-

1850 2904 1972 2943 mus
2001 2899 2126 2943 sunt
2152 2907 2168 2945 :
2195 2906 2313 2961 qua:
2336 2893 2401 2944 ad
2428 2893 2517 2946 Dei
2550 2892 2773 2960 gloriam
2803 2893 3112 2947 referuntur
3141 2903 3274 2958 tum,
3296 2911 3419 2949 cum

1852 2983 2065 3035 ratione
2095 2981 2165 3035 ita
2196 2983 2444 3037 concinni
2477 2982 2758 3049 efﬁcimur,
2791 2992 2850 3036 ut
2875 2985 3256 3038 inconcinnurn
3286 2986 3420 3040 nihil

1854 3072 1906 3125 in
1973 3075 2173 3127 nostris
2228 3075 2462 3129 motibus
2520 3090 2861 3145 peragamus.
2919 3074 3188 3144 Quidquid
3241 3086 3419 3131 autem

1852 3159 2070 3214 sublimi
2129 3163 2567 3231 contemplationi
2610 3179 2674 3216 ac
2728 3164 3010 3234 theologia:
3055 3164 3419 3233 coniungitur,

1851 3253 2121 3305 canticum
2170 3263 2275 3307 est.
2321 3253 2567 3308 Psalmus
2598 3256 2780 3325 itaque
2815 3272 2992 3311 sermo
3026 3265 3110 3310 est
3158 3258 3418 3319 musicus,

1852 3358 1972 3396 cum
2003 3344 2270 3397 concinne
2305 3353 2533 3413 apteque
2563 3360 2629 3399 ex
2658 3346 2953 3400 harmoniae
2982 3348 3193 3400 ratione
3226 3347 3292 3399 ad
3325 3361 3419 3399 or—

1852 3451 2047 3506 ganum
2082 3435 2329 3504 pulsatur
2356 3451 2371 3488 :
2414 3437 2682 3491 canticum
2715 3453 2853 3492 .vero
2885 3454 2982 3491 vox
3018 3449 3102 3491 est
3133 3437 3419 3498 concinna,

1853 3540 1970 3592 quia:
2001 3525 2269 3579 modulate
2296 3525 2430 3579 citra
2455 3527 2640 3594 organi
2664 3541 2852 3580 sonum
2880 3526 3165 3579 emittitur.
3189 3525 3423 3579 Proinde

1854 3631 1973 3669 cum
2006 3617 2093 3669 hic
2131 3617 2409 3684 inscriptio
2459 3617 2551 3681 sit,
2607 3616 2858 3670 Psalmus
2900 3618 3130 3681 cantici,
3172 3626 3422 3686 putamus

1854 3707 1939 3760 his
1970 3706 2150 3759 verbis
2197 3706 2513 3776 signiﬁcari,
2560 3709 2701 3775 quod
2736 3707 3242 3774 contemplationem
3281 3705 3423 3758 actio

1854 3806 2134 3865 sequatur.
2167 3796 2267 3851 Hic
2303 3812 2430 3851 vero
2466 3798 2705 3867 psalmus
2733 3798 2964 3861 cantici,
3001 3798 3296 3850 secundum
3340 3795 3425 3849 in»

1855 3891 2200 3959 scriptionem
2224 3931 2238 3956 ,
2272 3890 2516 3959 quaedam
2554 3890 2619 3943 de
2653 3889 2846 3943 domus
2877 3888 3219 3943 dedicatione
3261 3903 3423 3959 argu-

1856 3990 2036 4035 menta
2068 3982 2329 4035 continet.
2362 3982 2427 4034 Et
2456 3982 2599 4049 quod
2631 3980 2695 4034 ad
2721 3981 3054 4049 corporalem
3087 3995 3307 4034 sensum
3344 3990 3427 4032 at-

1859 4073 2013 4135 tinet,
2045 4072 2256 4126 videtur
2279 4071 2365 4124 hic
2400 4085 2579 4125 sermo
2614 4073 2945 4140 temporibus
2971 4070 3300 4137 Salomonis,
3329 4084 3422 4124 ce-

1857 4162 2144 4215 leberrimo
2195 4161 2285 4215 illo
2332 4161 2527 4228 templo
2566 4171 2873 4226 exstructo,
2922 4162 3183 4216 recitatos
3224 4159 3423 4226 fuisse,

1858 4263 2019 4321 atque
2067 4255 2132 4305 ad
2180 4253 2424 4322 psalterii
2472 4254 2895 4308 modulationem
2945 4253 3423 4316 accommodatus;

1860 4354 1915 4397 at
1953 4358 2080 4398 vero
2126 4345 2419 4399 secundum
2461 4345 2792 4415 spiritualem
2828 4344 3236 4414 intelligentiam
3262 4382 3278 4409 ,
3332 4342 3427 4398 Dei

249 4580 373 4652 (52);
399 4578 506 4652 Ubi
549 4581 757 4652 legitur
789 4581 844 4636 in
883 4579 1045 4633 editis
1076 4575 1583 4652 δικαιοπραγοῦντι,
1618 4576 1748 4652 seri:

1860 4588 1971 4641 ipsa
2003 4572 2199 4652 nativa,
2222 4568 2385 4652 milia:
2419 4567 2543 4622 llaec
2599 4566 2706 4622 ille.
2759 4565 2892 4621 Cum
2913 4575 3111 4652 tamen
3144 4562 3197 4616 in
3231 4561 3430 4617 nostris

170 4645 327 4707 bitur
347 4645 414 4703 in
469 4645 796 4706 Colbértinis
813 4652 1052 4705 secundo
1091 4660 1146 4702 et
1194 4645 1387 4715 quarto
1431 4645 1626 4713 δικαίῳ
1661 4645 1756 4698 καὶ

171 4719 560 4791 εὐπράττοντι.
590 4720 718 4783 Sed,
746 4721 848 4775 nisi
871 4735 959 4774 me
991 4718 1131 4771 fallit
1151 4718 1395 4791 _animns,
1423 4717 1537 4791 boc_
1556 4718 1752 4791 factum

175 4801 267 4847 est
291 4783 335 4843 'a
360 4790 603 4865 librario,
646 4791 760 4865 qui,
810 4791 953 4859 quod
1002 4803 1104 4842 vox
1145 4783 1627 4865 δικαιοπραγοῦντι
1653 4784 1754 4865 sibi

173 4875 373 4931 parum
409 4853 625 4930 elegans
648 4853 973 4931 videretur,“
997 4859 1290 4912 emendare
1323 4853 1519 4912 vdiuit.
1559 4853 1757 4907 Statim

176 4928 285 4986 τοι
313 4928 671 5001 ἔργων’ἀεεει
700 4935 763 5001 in
795 4928 1064 5001 aliquibus
1093 4942 1224 5001 mss.

251 4993 536 5080 (539—1113,
571 4998 805 5080 :Yditb-gm
849 4993 1179 5080 σε,“Κύριε,
1217 4997 1299 5080 ὅτι
1345 4993 1612 5080 ὑπέλαϐές
1645 5009 1756 5080 ριξξ,

175 5062 529 5144 reperiuntur
571 5071 627 5125 in
651 5062 1126 5144 'editioneParis.
1154 5076 1278 5144 post
1316 5080 1503 5144 vocem
1565 5062 1751 5144 Δαῆίδς

177 5134 281 5195 sed
311 5154 430 5193 cum
466 5140 519 5193 in
562 5156 693 5195 mss.
727 5141 932 5197 desint.
956 5153 1017 5191 ea
1046 5137 1370 5191 delevimus.
1404 5135 1527 5204 ipso
1556 5134 1751 5201 psalmi

176 5210 338 5266 initio
367 5208 570 5263 habent
603 5209 732 5264 editi
767 5208 887 5262 κατ’
916 5207 1166 5278 ὄργανον.
1196 5207 1266 5278 At
1306 5204 1532 5278 Duc-.ens
1566 5217 1753 5278 eumen-

174 5280 415 5333 dandnm
452 5289 637 5333 censet
665 5294 733 5332 ex
762 5280 902 5334 Oliv.
953 5271 1413 5341 scribendumque
1440 5274 1534 5327 καὶ
1586 5271 1754 5341 ὄργα-

174 5366 292 5405 νον.
330 5349 421 5422 Ait
453 5351 668 5417 quidem
719 5347 1075 5422 Combeﬁsius
1126 5343 1442 5422 illud,_xat‘
1493 5344 1747 5422 ὀργανον,

181 5414 506 5493 mendosum
538 5434 659 5473 esse
688 5438 701 5473 :
734 5420 832 5493 sed
880 5420 934 5471 in
976 5415 1101 5493 ipsa
1134 5414 1314 5493 Duczei
1342 5414 1745 5493 emendatione,

176 5490 374 5543 vitium
405 5503 621 5563 quoque
666 5490 894 5563 subesse
936 5484 1187 5563 aﬂi‘rmat.
1219 5484 1544 5563 _Legendum
1588 5484 1752 5563 igitur

177 5568 337 5626 putat
369 5554 491 5612 καθ’
519 5554 773 5635 ὄργανον,
806 5558 857 5612 id
894 5557 1035 5626 quod
1066 5557 1180 5623 ipse
1218 5554 1308 5635 ita‘
1338 5554 1748 5635 interpretatur,

175 5621 295 5702 qua,
326 5621 608 5698 organum'
641 5630 832 5702 musice
860 5621 1201 5702 coaptatitm.
1262 5621 1498 5702 Feiellit,
1555 5622 1750 5702 inquit2

176 5690 459 5769 aspiratio,
488 5712 729 5771 sequente
763 5700 867 5753 leni
900 5714 915 5752 :
949 5690 1037 5751 sed
1069 5696 1164 5749 illa
1190 5709 1292 5748 non
1325 5710 1356 5747 a
1388 5692 1490 5747 leni
1529 5700 1626 5758 est,
1656 5690 1745 5743 sed

1862 4633 2141 4695 duodecim
2194 4656 2325 4694 mss.
2371 4640 2815 4712 legaturquoqne
2843 4635 2936 4689 καὶ
2965 4633 3214 4712 ὄργανον,
3242 4647 3432 4712 quem-

1864 4713 2154 4765 admodum
2181 4720 2235 4763 et
2271 4711 2323 4763 in
2375 4703 2510 4763 Oliv.
2544 4703 2698 4771 libro,
2726 4703 2912 4774 'Ionge
2957 4703 3128 4758 tutius
3169 4703 3431 4774 duximus

1862 4784 2187 4849 scripturam
2240 4789 2318 4833 tot
2377 4780 2623 4851 codicum
2686 4772 2997 4851 testimonio
3037 4772 3428 4851 conﬁrmat-am

1863 4841 2035 4919 sequi,
2063 4866 2223 4919 quam
2252 4852 2510 4919 incertam
2539 4847 2683 4899 illam
2716 4860 2778 4900 ac
2820 4846 2990 4900 levem
3037 4842 3274 4897 hominis
3299 4841 3431 4894 alio-

1865 4918 1953 4989 qui
1980 4920 2331 4991 eruditissimi
2364 4918 2756 4991 conjecturam.
3247 4978 3288 4991 “
3365 4978 3399 4991 η

1936 4989 2046 5060 (54)
2074 4990 2165 5042 Sic
2193 4978 2790 5060 Collierginitertius_et
2836 4991 3064 5053 quartus
3093 4994 3217 5060 cum
3247 4978 3431 5060 Regiis

1864 5049 2059 5113 onarto
2085 5067 2139 5113 et
2169 5068 2340 5113 sexto.
2374 5057 2514 5112 Editi
2535 5065 2590 5109 et
2623 5054 2794 5117 major
2817 5049 2941 5121 pars
2963 5066 3090 5106 mss.
3117 5049 3301 5120 ἔχεται
3338 5049 3431 5117 ψι-

1863 5130 1981 5199 λῆς.
2015 5129 2171 5183 male.
2199 5126 2332 5180 Nam
2372 5142 2556 5199 vocem
2600 5124 2762 5194 ψιλῆς
2801 5123 2926 5177 huic
2970 5122 3090 5176 loco
3122 5135 3433 5199 accommo-

1861 5188 1978 5254 dari
2031 5214 2136 5252 non
2189 5211 2349 5268 posse
2398 5188 2862 5268 videutj'opinor,
2913 5205 3124 5247 omnes.
3190 5188 3433 5243 Subinde

1860 5270 2096 5324 nonnulli
2130 5265 2257 5322 més.
2290 5266 2495 5338 θεωρίᾳ
2534 5265 2642 5338 τῶν
2669 5265 2864 5338 λόγων.

1933 5340 2043 5411 (55)
2074 5338 2174 5411 Ubi
2226 5340 2276 5391 in
2314 5324 2481 5411 edi'tis'
2507 5337 2703 5411 legitur
2740 5324 3148 5411 avayspb‘evsog,
3196 5324 3432 5411 habetur

1856 5410 1913 5464 in
1938 5397 2256 5478 quibusdam
2276 5422 2409 5462 mss.
2440 5397 2814 5469 ἀνατεθέντος,
2843 5397 2897 5457 in
2911 5397 3033 5456 aliis
3052 5412 3182 5455 vero
3203 5397 3438 5448 ἀνασταα

1858 5479 2065 5542 θέντος,
2082 5479 2240 5549 baud
2267 5478 2515 5530 dissimili
2540 5491 2724 5549 sensti.
2842 5543 2853 5549 _
2877 5542 2909 5549 __
3072 5548 3075 5549 ν
3253 5544 3264 5549 _
3287 5536 3301 5549 ,

1928 5535 2221 5621 (δώρου).
2259 5556 2483 5621 quartus
2524 5546 2800 5618 σημαίνει.
2829 5542 3117 5613 Aliquanto
3150 5544 3271 5609 post
3287 5535 3434 5592 idem

1857 5617 2026 5679 codex
2052 5617 2291 5688 εὕραμεν
2326 5620 2401 5670 ὲν.
