3818 6220
357 256 462 314 3H

1722 254 1781 313 S.
1822 252 2068 310 BASILII
2109 254 2328 312 MAGNI

3607 246 3728 302 522

362 375 469 429 tieo
504 373 668 429 statui
700 371 973 428 convenit.
1017 368 1257 423 Clamavi
1286 368 1355 421 ad
1393 378 1478 435 te,
1512 380 1561 424 et
1608 372 1816 425 sanasti
1842 387 1939 425 me.

2114 370 2145 423 Li.
2171 372 2457 443 πρέπουσα
2476 371 2542 442 τῇ
2570 367 2880 439 προφητικῇ
2915 363 3265 418 καταστάσει.
3307 360 3723 428 Ἑκέκραξα

360 464 510 519 Nihil
542 462 850 518 intercessit
890 460 1052 515 medii
1085 459 1227 514 inter
1256 474 1441 514 vocem
1477 474 1653 514 meam
1698 468 1754 514 et
1797 470 1944 515 tuam

361 555 617 625 gratiam,
668 554 762 609 sed
811 550 974 607 simul
1015 561 1179 620 atque
1224 550 1473 615 clamavi,
1524 549 1733 604 medela
1760 565 1947 604 acces-

362 649 454 701 sit.
490 646 678 699 Adhuc
708 644 852 699 enim
898 643 1139 713 loquente
1186 652 1235 696 te
1258 682 1273 708 ,
1306 642 1520 712 inquit,
1554 643 1731 696 dicam
1754 681 1771 707 ,
1809 640 1949 697 Ecce

362 742 551 794 adsum
579 738 644 791 ³³.
686 735 919 792 Proinde
942 750 1134 806 magna
1172 750 1302 789 voce
1334 734 1480 804 loqui
1517 743 1733 805 Oportet
1776 748 1900 789 eum
1929 774 1944 799 ,

362 830 455 899 qui
485 830 651 884 Deum
682 835 957 897 precatur,
986 838 1051 881 ut
1079 826 1188 882 cita
1216 835 1579 896 promptaque
1606 826 1820 880 sanatio
1852 841 1951 880 no-

364 923 450 976 bis
476 921 774 976 exoriatur.
811 919 978 973 Vens.
1015 919 1071 974 4.
1106 918 1360 983 Domine,
1386 917 1614 971 eduxisti
1644 918 1709 970 ab
1739 916 1949 985 inferno

365 1013 600 1066 animum
630 1028 820 1065 meam.
858 1011 933 1065 De
980 1010 1078 1064 hac
1122 1010 1408 1064 sanatione
1451 1009 1652 1079 gratias
1694 1010 1803 1064 Deo
1840 1010 1952 1076 agit

368 1102 435 1165 is,
462 1105 552 1172 qui
580 1101 858 1156 descendit
880 1100 1101 1170 quidem
1131 1116 1195 1153 ex
1226 1100 1546 1154 infirmitate
1574 1101 1624 1154 in
1654 1100 1949 1165 infernum,

367 1197 461 1250 sed
498 1205 788 1250 revocatur
824 1210 891 1249 ex
934 1192 1148 1247 inferno
1196 1208 1290 1261 per
1330 1193 1623 1262 potentiam
1668 1193 1809 1259 ejus,
1857 1195 1949 1261 qni

369 1302 466 1357 pro
496 1286 652 1341 nobis
684 1286 879 1340 mortis
911 1286 1212 1354 principem
1243 1300 1308 1338 ac
1341 1285 1738 1338 dominatorem
1781 1298 1951 1352 expu-

370 1378 572 1449 gnavit.
603 1377 835 1433 Saleasti
860 1394 939 1431 me
980 1396 1013 1430 a
1054 1378 1489 1431 descendentibus
1517 1378 1570 1430 in
1606 1381 1801 1430 lacum.
1835 1378 1952 1431 Ste-

371 1485 669 1539 penumeru
711 1469 860 1524 lacus
887 1468 1237 1523 nominantur
1266 1467 1642 1524 subterranea:
1673 1469 1853 1535 fossa},
1887 1473 1952 1523 al

372 1564 678 1617 vinctorum
707 1564 1013 1617 custodiam
1038 1561 1325 1631 adaptatae.
1355 1562 1448 1616 Sic
1471 1562 1615 1617 enim
1642 1563 1845 1617 dictum
1873 1574 1954 1617 est

374 1656 429 1710 in
459 1654 647 1710 Exodo
674 1674 686 1710 :
713 1656 756 1708 Α
785 1654 1130 1724 primogenita
1165 1651 1462 1707 Pharaonis
1489 1695 1505 1721 ,
1542 1670 1706 1724 usque
1750 1656 1819 1708 ad
1853 1655 1957 1722 pri-

374 1749 695 1817 mogenitum
724 1748 968 1817 captivw,
1009 1763 1127 1816 qua:
1161 1755 1275 1800 erat
1308 1746 1361 1798 in
1392 1746 1513 1798 lacu
1538 1746 1604 1801 “.
1648 1745 1753 1800 Sed
1784 1755 1838 1799 et
1862 1745 1946 1801 Je-
1992 1726 2031 1779 Β

375 1838 602 1894 tentiam
630 1838 681 1892 in
713 1837 889 1892 laeum
931 1836 1273 1892 demiserunt
1304 1836 1383 1902 ";
1427 1846 1483 1891 et
1510 1834 1709 1907 Joseph
1748 1837 1800 1890 in
1835 1836 1957 1890 lacu

376 1945 574 2000 aquam
616 1944 724 1985 non
768 1928 1002 1984 habente
1046 1928 1246 1983 fratres
1304 1943 1416 1997 pra:
1463 1927 1662 1982 invidia
1720 1926 1957 1983 incluse-

376 2031 508 2076 runt
535 2022 601 2075 ".
631 2021 819 2090 Itaque
849 2022 995 2075 actio
1025 2020 1283 2089 quaelibet
1325 2029 1420 2073 aut
1452 2033 1549 2073 nos
1576 2029 1801 2088 peccato
1835 2036 1959 2089 gra-

375 2122 533 2168 vatos
562 2113 630 2167 ad
653 2112 912 2168 inferiora
943 2111 1219 2181 deprimit,
1243 2120 1337 2163 aut
1365 2124 1463 2164 nos
1487 2109 1643 2177 quasi
1673 2110 1865 2178 pennis
1896 2111 1961 2163 ad

379 2204 551 2259 Deum
596 2202 768 2257 elatos
806 2203 873 2257 ad
914 2200 1197 2270 superiora
1246 2199 1447 2254 evehit.
1484 2199 1568 2254 Me
1615 2199 1779 2268 igitur
1813 2199 1964 2268 prius

378 2295 546 2348 vitam
583 2292 824 2361 iniquam
859 2301 1106 2361 agentem
1147 2292 1403 2353 servasti,
1440 2284 1607 2358 atque
1652 2304 1681 2343 a
1732 2291 1961 2345 descen-

380 2383 636 2439 dentibus
672 2384 724 2438 in
766 2384 1114 2438 tenebrosum
1148 2396 1212 2437 ac
1259 2380 1514 2452 frigidum
1558 2381 1737 2437 locum
1783 2384 1964 2453 sejun-

380 2477 531 2533 xisti.
560 2476 796 2547 ldipsum
833 2477 997 2546 igitur
1028 2474 1370 2544 signiﬁcatur
1400 2474 1580 2530 verbis
1608 2474 1737 2539 illis,
1775 2476 1965 2530 Susce-

379 2573 508 2644 pisti
542 2589 656 2639 me;
688 2574 790 2628 hoc
813 2581 918 2638 est,
947 2571 1233 2626 Reduxisti
1267 2586 1351 2626 me
1383 2587 1411 2626 a
1448 2571 1656 2628 ferente
1681 2588 1768 2627 me
1804 2574 1965 2628 deor-

384 2680 506 2719 sum
541 2665 765 2735 impetu,
785 2672 845 2719 ut
870 2678 938 2719 ne
963 2663 1268 2720 delectandi
1287 2664 1355 2720 de
1378 2680 1465 2721 me
1483 2665 1704 2721 occasio
1731 2666 1967 2722 inimicis

384 2755 624 2811 daretur.
643 2753 797 2823 Quod
823 2756 989 2828 igitur
1002 2755 1133 2811 alibi
1152 2756 1231 2812 ait
1256 2775 1270 2812 :
1297 2757 1403 2823 Qui
1414 2758 1633 2828 perfecit
1657 2760 1814 2827 pedes
1829 2774 1969 2814 meos

386 2858 637 2919 tanquam
659 2849 818 2914 cerui,
852 2859 900 2903 et
922 2865 1078 2920 super
1098 2851 1304 2905 excelsa
1323 2860 1562 2905 statuens
1587 2867 1669 2905 me
1694 2852 1738 2883 ³⁷
1761 2869 1777 2919 ;
1800 2851 1852 2905 id
1879 2852 1970 2908 hic

385 2941 616 2997 reditum
635 2942 702 2996 ad
719 2940 955 3006 excelsa,
976 2941 1346 2998 liberationem
1367 2958 1395 2995 a
1419 2941 1536 2997 lacu
1548 2944 1973 3014 susceptionem-

385 3049 492 3102 que
518 3034 771 3104 appellat.
804 3033 970 3091 Vsus.
1003 3034 1055 3088 5.
1088 3032 1311 3089 Psallite
1355 3035 1601 3101 Domino,
1631 3036 1802 3090 sancti
1828 3037 1964 3106 ejus.

387 3124 503 3181 Non
530 3128 784 3182 continuo
807 3129 848 3181 si
886 3127 1156 3196 quispiam
1188 3127 1381 3197 psalmi
1411 3128 1572 3183 verba
1612 3142 1707 3183 ore
1742 3131 1967 3197 profert,

388 3217 476 3272 hic
500 3217 728 3273 Domino
748 3218 931 3288 psallit
961 3238 973 3272 :
1001 3219 1095 3274 sed
1119 3220 1431 3289 quicunque
1454 3235 1521 3274 ex
1543 3233 1678 3288 puro
1700 3220 1863 3273 corde
1884 3219 1974 3272 de-

390 3317 646 3378 promunt
667 3310 1045 3380 psalmodiam,
1075 3311 1233 3380 127
1253 3320 1309 3366 et
1329 3320 1594 3381 quotquot
1623 3320 1749 3365 sunt
1772 3310 1969 3375 sancti,

390 3398 482 3465 qui
506 3413 629 3469 erga
667 3400 832 3454 Deum
856 3411 1075 3456 servant
1098 3402 1389 3470 justitiam,
1415 3403 1449 3457 ii
1475 3404 1528 3456 in
1561 3402 1829 3470 rhythmis
1857 3403 1971 3471 spi-

392 3484 682 3539 ritualibus
732 3488 1002 3541 concinno
1060 3488 1253 3543 ordine
1301 3490 1534 3558 psallere
1577 3489 1688 3542 Deo
1724 3498 1969 3557 possunt.

393 3576 533 3641 Quot
564 3574 944 3655 fornicatores,
971 3591 1105 3650 quot
1140 3579 1289 3635 fures
1314 3581 1404 3634 hic
1445 3580 1633 3634 stant?
1675 3579 1817 3646 Quot
1846 3589 1973 3633 sunt

391 3666 484 3735 qui
512 3666 692 3721 dolum
718 3684 782 3723 ac
803 3671 1144 3726 mendacium
1168 3676 1221 3726 in
1246 3671 1409 3726 corde
1432 3669 1975 3726 abscondunt?Psal-

394 3757 505 3813 lere
539 3762 756 3829 quidem
798 3771 1076 3832 putantur,
1107 3778 1297 3817 revera
1339 3772 1522 3817 autem
1557 3777 1661 3817 non
1711 3760 1973 3831 psallunt.

398 3850 660 3903 Sanctum
683 3852 827 3905 enim
861 3856 928 3907 ad
954 3852 1191 3922 psalmos
1218 3852 1584 3907 concinendus
1617 3865 1798 3906 sermo
1833 3850 1974 3903 invi—

399 3948 496 3993 tat.
531 3938 653 3996 Non
689 3952 855 4010 potest
888 3945 1049 3998 arbor
1078 3944 1223 3999 mala
1268 3945 1429 3999 bonos
1471 3945 1677 4014 [ructus
1707 3942 1881 4011 facere
1911 3941 1979 4008 ’⁸,

398 4048 576 4102 neque
609 4050 703 4088 eor
738 4036 939 4091 malum
982 4038 1107 4093 vita:
1148 4037 1313 4092 verba
1359 4036 1620 4107 proferre.
1654 4033 1842 4088 Facite
1874 4036 1981 4087 ita—

397 4140 499 4191 que
532 4133 775 4180 arborem
815 4129 1026 4193 bonam,
1066 4138 1113 4182 et
1146 4127 1354 4197 fructus
1389 4128 1504 4197 ejus
1544 4128 1706 4181 bonos
1737 4126 1803 4183 ²⁹.
1843 4124 1981 4180 Pur-

2046 461 2198 529 πρὸς
2230 459 2327 527 σὲ,
2381 461 2481 515 καὶ
2525 458 2673 513 ideo)
2716 474 2811 527 με.
2862 456 3027 510 Οὐδὲν
3072 455 3295 523 ἐγένετο
3338 453 3557 523 μέσην
3616 453 3722 521 τῆς

2047 553 2187 623 έμῆς
2230 551 2413 623 φωνῆς
2447 549 2541 605 καί
2564 549 2666 619 τῆς
2695 550 2794 620 σῆς
2832 548 3079 619 χάριτος,
3108 545 3227 599 ἀλλ’
3255 543 3419 615 ὁμοῦ
3456 561 3543 596 τε
3582 545 3721 596 ἐχέ-

2050 642 2249 716 κραξα,
2281 643 2375 696 καὶ
2406 640 2712 713 προσῆλθεν
2738 641 2771 710 ἡ
2806 640 2968 703 ἴασις.
3003 640 3124 691 Ἔτι
3148 636 3262 707 γὰρ
3288 635 3719 698 λαλοῦντός

2048 754 2185 801 σου,
2233 736 2416 808 φησὶν,
2446 735 2577 803 ἐρῶ·
2632 732 2776 789 Ἰδοὺ
2828 731 3083 801 πάρειμι.
3125 728 3376 798 Μεγάλα
3444 723 3573 781 οὖν
3630 727 3718 779 δεῖ

2050 829 2379 900 φθέγγεσθαι
2427 827 2717 899 εὐχόμενον
2743 824 2821 896 τῷ
2844 824 2985 895 Θεῷ,
3018 825 3105 878 ἵνα
3132 826 3339 893 ταχεῖα
3379 822 3552 890 ἡμῖν
3605 821 3717 872 £1:-

2049 922 2305 994 ανατείλῃ
2330 921 2441 993 (45)
2467 923 2500 991 ἡ
2525 921 2686 983 ῐασις.
2706 920 2902 987 Κύριε,
2928 916 3225 986 ἀνήγαγες
3240 915 3317 979 ἐξ
3352 912 3542 979 ᾅδου
3580 910 3711 976 τὴν

2050 1011 2262 1082 ψυχήν
2286 1029 2426 1081 μου.
2455 1012 2589 1083 Περὶ
2610 1009 2817 1081 ταύτης
2846 1009 2944 1078 τῆς
2983 1009 3175 1070 ἰάσεως
3214 1006 3597 1075 εὐχαριστεῖ
3621 1000 3709 1070 τῷ

2051 1106 2170 1176 Θεῷ
2194 1109 2223 1160 ὁ
2255 1104 2529 1159 κατελθὼν
2561 1104 2658 1175 μὲν
2690 1104 2748 1170 ἐξ
2774 1103 3055 1165 ἀσθενείας
3080 1104 3157 1164 είς
3183 1100 3355 1172 ᾅδην,
3398 1095 3705 1166 rivales";

2053 1198 2109 1251 δὲ
2142 1196 2249 1251 ἀπὸ
2280 1195 2376 1250 τοῦ
2421 1196 2547 1267 ᾅδου
2573 1196 2662 1250 διὰ
2697 1198 2796 1266 τῆς
2832 1194 3111 1265 δυνάμεως
3155 1191 3253 1245 τοῦ
3298 1191 3471 1261 ὑπὲρ
3520 1187 3701 1259 ἡμῶν

2054 1288 2560 1350 καταπαλαίσαντος
2595 1287 2685 1340 τὸν
2718 1286 2780 1339 τὸ
2808 1286 3007 1357 κράτος
3032 1284 3223 1355 ἔχοντα
3255 1282 3360 1335 τοῦ
3399 1280 3697 1335 θανάτου.

2058 1377 2340 1444 Ἕσωσάς
2358 1396 2435 1449 με
2472 1378 2591 1433 ἀπὸ
2618 1376 2735 1431 τῶν
2758 1378 3235 1430 καταϐαινόντων
3267 1377 3369 1440 είς
3402 1371 3695 1427 λάκκον.

2055 1472 2332 1541 Πολλαχοῦ
2391 1471 2489 1541 μὲν
2545 1472 2593 1524 oi
2645 1470 2837 1524 λάκκοι
2883 1467 3237 1538 ὀνομάζονται
3288 1466 3370 1518 τὰ
3433 1465 3698 1530 ὑπόγεια

2056 1562 2364 1634 ὀρύγματα,
2418 1564 2496 1625 εἰς
2558 1560 2806 1631 φυλακὴν
2861 1559 3096 1629 δεσμίων
3146 1556 3694 1626 ἐπιτετηδευμένα.

2060 1656 2216 1709 Οὕτω
2244 1655 2352 1726 γὰρ
2384 1656 2597 1726 είρηται
2629 1656 2685 1707 ὲν
2717 1656 2782 1725 τῇ
2830 1652 3043 1722 Ἐξὸδῳ·
3086 1649 3227 1703 Ἀπὸ
3263 1649 3700 1717 πρωτοτόκια)

2062 1748 2272 1817 Φαραὼ
2292 1748 2403 1815 ἕως
2422 1748 2802 1816 πρωτοτόκου
2830 1744 2940 1812 τῆς
2965 1742 3427 1814 αἰχμαλωτίδος
3458 1740 3595 1808 τῆς
3627 1741 3701 1792 ἐν

2061 1840 2141 1905 τῷ
2171 1840 2393 1906 λάκκῳ.
2435 1837 2594 1891 Ἀλλὰ
2629 1837 2725 1891 καλ⁵
2750 1836 2842 1889 τὸν
2882 1835 3148 1907 Ἱερεμίαν
3192 1835 3277 1896 εἰς
3320 1833 3566 1886 λάκκον
3602 1834 3700 1884 ὲν-

2063 1933 2286 1987 έϐαλον*
2331 1934 2425 1986 καὶ
2453 1931 2545 1985 τὸν
2587 1929 2783 2000 Ἰωσὴφ
2816 1928 2921 1983 ὑπὸ
2951 1927 3044 1981 τοῦ
3093 1926 3292 1996 φθόνου
3336 1928 3397 1978 οἱ
3453 1921 3698 1992 ἀδελφοὶ

2062 2027 2251 2096 λάκκῳ
2282 2024 2668 2078 ἐναπέκλεισαν
2712 2022 2855 2095 ὕδωρ
2897 2020 2972 2092 μὴ
3016 2019 3211 2091 ἔχοντι.
3272 2018 3550 2088 Έκάστη
3591 2012 3693 2069 οὖν

2067 2119 2263 2192 πρᾶξις
2311 2118 2344 2188 ἢ
2393 2118 2485 2170 ἐπὶ
2532 2116 2601 2169 τὰ
2648 2115 2799 2168 κάτω
2847 2115 2995 2185 ἡμᾶς
3034 2111 3290 2179 κατάγει,
3342 2108 3695 2181 βαρύνουσι

2066 2212 2211 2281 ἡμᾶς
2237 2208 2345 2278 (46)
2368 2206 2455 2259 διὰ
2488 2207 2586 2276 τῆς
2614 2204 2908 2276 ἁμαρτίας,
2934 2203 2968 2273 ἦ
3015 2202 3107 2254 ἐπὶ
3136 2200 3204 2254 τὰ
3229 2201 3350 2255 ἄνω
3391 2197 3691 2267 κουφίζει,

2068 2299 2344 2370 πτεροῦσα
2368 2299 2514 2369 ἡμᾶς
2541 2297 2673 2368 πρὸς
2696 2296 2787 2349 τὸν
2815 2295 2969 2347 Θεόν.
3002 2295 3251 2355 Ἐσωσας
3278 2287 3380 2345 οὖν
3409 2291 3527 2361 ἐμὲ
3552 2288 3690 2358 πρό-

2067 2412 2124 2447 τε
2136 2411 2223 2465 ρον
2250 2393 2379 2445 ὄντα
2407 2393 2465 2445 ἐν
2513 2390 2613 2461 βίῳ
2648 2388 2893 2460 πονηρῷ,
2926 2387 3165 2457 χωρίσας
3186 2384 3321 2438 ’ἀπὸ
3348 2385 3481 2437 τῶν
3515 2400 3689 2437 κατα-

2072 2483 2364 2539 ϐαινόντων
2412 2484 2491 2545 εἰς
2534 2481 2625 2534 τὸν
2664 2480 3048 2549 ὲσκοτισμὲνον
3094 2477 3189 2531 καὶ
3235 2476 3685 2547 κατεψυγμένον

2067 2578 2249 2630 τόπον.
2267 2574 2461 2628 ’Τοῦτο
2481 2569 2574 2627 οὖν
2602 2574 2718 2625 ἐστι
2748 2571 2830 2636 τὸ,
2873 2569 3187 2635 ’Υπέλαόἐς
3210 2586 3289 2638 με
3313 2585 3329 2597 °
3360 2568 3683 2631 τουτέστιν,

2083 2667 2459 2739 Ἐπανήγαγές
2492 2682 2558 2737 με
2582 2664 2691 2719 ἀπὸ
2716 2666 2815 2736 τῆς
2844 2664 2924 2727 είς
2954 2662 3015 2715 τὸ
3056 2662 3206 2715 κάτω
3236 2661 3456 2731 φορᾶς,
3499 2661 3581 2723 ὡς
3608 2659 3683 2730 μὴ

2070 2762 2252 2816 δοῦναι
2291 2760 2484 2832 καιρὸν
2522 2756 2966 2830 ὲπευφρανθῆναί
3007 2772 3097 2826 μοι
3128 2754 3255 2817 τοὺς
3299 2752 3576 2826 ἐχθρούς.
3617 2754 3683 2805 '0

2071 2851 2165 2910 οὖν
2192 2851 2428 2924 ἀλλαχοῦ
2456 2852 2710 2923 εἴρηκεν,
2736 2851 2818 2902 ὅτι
2852 2844 3355 2915 Καταρτιζόμενος
3385 2845 3546 2911 τοὺς
3576 2845 3682 2897 ,πό-

2072 2945 2184 3009 δας
2225 2960 2344 3013 μου
2379 2940 2523 2995 ὡσεὶ
2555 2940 2808 3009 ἐλάφου,
2843 2938 2942 2992 καὶ
2976 2935 3073 2990 ἐπὶ
3106 2935 3179 2989 τὰ
3219 2935 3449 3002 ὑψηλὰ
3492 2932 3682 2987 ἱστῶν

1997 3080 2042 3140 C
2069 3056 2146 3108 με
2192 3037 2325 3107 (47),
2361 3035 2458 3105 τὴν
2506 3037 2586 3098 είς
2624 3033 2692 3086 τὰ
2724 3032 2905 3104 ὑψηλὰ
2940 3029 3198 3084 ἐπάνοδον
3237 3027 3462 3081 λάκκου
3501 3028 3678 3081 ἀπα).-

2073 3129 2243 3200 λαγὴν
2268 3129 2361 3180 καὶ
2391 3125 2662 3195 ὑπόληψιν
2686 3122 2962 3195 ὀνομάζει.
3003 3120 3240 3175 Ψὰλατε
3266 3118 3351 3183 τῷ
3373 3120 3601 3187 Κιερίῳ,
3626 3121 3680 3170 ci

2074 3223 2228 3276 ὅσιοι
2250 3220 2457 3273 αὑτοῦ.
2491 3219 2604 3271 Οὐκ
2628 3217 2784 3280 εἴτις
2816 3215 2894 3286 τῷ
2926 3215 3154 3284 στόματι
3184 3212 3463 3283 προφέρει
3492 3212 3562 3264 τὰ
3585 3210 3678 3263 τοῦ

2072 3313 2285 3384 ψαλμοῦ
2322 3313 2563 3383 ῥήματα,
2603 3305 2759 3372 οὗτος
2789 3307 2984 3378 ψάλλει
3016 3305 3095 3375 τῷ
3138 3304 3332 3376 Κυρίῳ
3354 3321 3367 3333 ·
3404 3304 3530 3356 ἀλλ’
3561 3304 3677 3356 ὅσοι
3722 3363 3736 3377 _

2073 3405 2183 3461 ἀπὸ
2216 3404 2439 3474 καρδίας
2481 3402 2728 3473 καθαρᾶς
2769 3400 3159 3470 ἀναπέμπουσι
3189 3396 3289 3460 τὰς
3320 3395 3674 3466 ψαλμῳδίας,

2080 3497 2176 3552 καὶ
2204 3498 2317 3549 ὅσοι
2345 3495 2483 3548 εἰσὶν
2513 3496 2672 3559 ὅσιοι,
2710 3490 2976 3556 σώζοντες
3005 3490 3103 3562 τὴν
3135 3489 3271 3561 πρὸς
3301 3488 3441 3541 Θεὸν
3472 3489 3679 3541 δικαιο-

2083 3588 2271 3659 σύνην,
2304 3582 2450 3642 οὗτοι
2480 3585 2590 3657 (48)
2620 3585 2875 3639 δύνανται
2919 3583 3141 3653 ψάλλειν
3188 3581 3267 3651 τῷ
3295 3580 3420 3650 Θεῷ
3446 3584 3563 3642 τοῖς
3590 3582 3675 3651 ῥυ-

2082 3680 2239 3750 θμοῖς
2272 3680 2381 3741 τοῖς
2413 3678 2804 3747 πνευματικοῖς
2838 3674 3187 3746 ἁρμοζόντως
3220 3667 3669 3731 ἀκολουθοῦντες.

2082 3772 2246 3824 Πόσοι
2276 3770 2384 3823 ἀπὸ
2414 3769 2524 3839 (49)
2556 3767 2815 3837 πορνείας
2845 3767 3066 3819 ἑστᾶσιν
3095 3763 3353 3827 ἐνταῦθα,
3379 3763 3541 3815 πόσοι
3567 3759 3679 3812 ἀπὸ

2087 3859 2321 3929 κλοπῆςῐ
2347 3863 2502 3911 πόσοι
2534 3858 2706 3921 δόλον,
2740 3858 2895 3910 πόσοι
2920 3854 3272 3925 ψευδολογίαν
3302 3854 3363 3905 ἐν
3395 3854 3519 3913 ταῖς
3547 3867 3675 3919 καρ-

2086 3952 2226 4015 δίαις
2256 3950 2622 4022 κρύπτοντεςί
2658 3949 2897 4003 Ψάλλειν
2930 3948 3162 4014 οἴονται,
3204 3948 3272 4016 τῇ
3318 3943 3551 4014 ἀληθείᾳ
3595 3941 3673 4011 μὴ

2087 4045 2402 4115 ψάλλοντες.
2441 4044 2627 4095 ’Ὀσιον
2665 4044 2775 4115 γὰρ
2804 4042 2961 4096 καλεῖ
2991 4041 3127 4112 πρὸς
3163 4035 3671 4108 ψαλμολογίανβυ)

2091 4136 2120 4187 ὁ
2150 4134 2323 4202 λόγος.
2360 4135 2443 4187 Οὐ
2488 4132 2737 4187 δύναται
2783 4131 3035 4201 δένδρον
3086 4130 3354 4198 πονηρὸν
3405 4126 3671 4195 καρποὺς

403 4229 528 4286 gate
561 4222 724 4275 corda
759 4231 816 4276 ut
848 4222 899 4277 in
932 4224 1127 4292 spiritu
1172 4223 1406 4279 fructum
1443 4223 1651 4290 feratis,
1684 4230 1738 4278 et
1764 4221 1966 4292 possiti:

2114 4226 2357 4296 ὶγαθοὺς
2385 4226 2598 4291 ποιεῖν,
2628 4226 2750 4279 οὐδὲ
2795 4225 2994 4297 καρδία
3036 4223 3247 4294 πονηρὰ
3285 4223 3505 4293 ῥήματα
3533 4217 3671 4289 ζωῆς

404 4315 579 4368 sancti
616 4316 821 4382 ell'eeti,
858 4318 1158 4387 prudenter
1186 4317 1417 4372 Domino
1447 4317 1703 4387 psallere.

2096 4317 2398 4371 ἐκϐάλλειν.
2436 4318 2737 4384 Ποιήσατε
2767 4313 2883 4372 οὖν
2911 4316 2980 4370 τὸ
3029 4315 3283 4382 δένδρον
3326 4312 3535 4372 καλὸν,
3572 4310 3665 4362 καὶ

402 4411 548 4477 τοὺς
579 4413 848 4481 καρποὺς
877 4414 1064 4468 αὐτοῦ
1099 4415 1347 4479 καλούς.
1380 4412 1675 4482 Καθάρατε
1720 4409 1818 4475 τὰς
1858 4409 2102 4482 καρδίας,
2170 4414 2260 4467 ἵνα
2325 4416 2711 4485 καρποφορῆτε
2779 4411 2857 4484 τῷ
2900 4409 3194 4480 πνεύματι,
3261 4408 3357 4460 καὶ
3391 4403 3662 4473 δυνηθῆτε,

401 4509 539 4565 ὅσιοι
572 4509 877 4580 γενόμενοι,
905 4509 1127 4579 ψάλλειν
1164 4508 1402 4572 συνετῶς
1426 4508 1504 4580 τῷ
1532 4507 1741 4577 Κυρίῳ.

476 4600 531 4657 4.
574 4599 644 4653 Et
688 4601 1012 4668 conﬁtemini
1049 4602 1316 4656 memoria:
1358 4602 1660 4654 sanctitatis
1698 4601 1834 4668 ejus.
1868 4597 1983 4652 Non

2162 4594 2216 4650 4.
2256 4593 2366 4649 Καὶ
2411 4591 2873 4663 ἐξομολογεῖσθε
2904 4588 2979 4658 τῇ
3017 4586 3228 4658 μνήμῃ
3274 4582 3387 4651 τῆς
3428 4581 3662 4653 circumi-

482 4784 531 4817 ³³
559 4782 662 4836 lsa.
693 4796 844 4845 Lvm,
873 4781 927 4836 9.
1004 4780 1052 4813 "
1079 4780 1252 4845 Exod,
1276 4795 1376 4847 ιιι,
1400 4779 1494 4835 ‘29.
1569 4779 1615 4811 "
1635 4777 1838 4833 Jercm.
1861 4788 2089 4841 xxxvtn,
2112 4772 2167 4829 6.
2242 4774 2287 4805 ’⁸
2311 4771 2447 4828 Gen.
2478 4768 2795 4839 xxxvn,9.4.
2874 4763 3341 4831 "’Psal.xvn,'54.
3414 4764 3461 4795 "
3485 4762 3655 4819 Matth.

410 4872 507 4922 vn,
542 4855 630 4910 18.
707 4855 751 4885 ³⁸
785 4852 977 4907 Matth.
1011 4867 1110 4919 xu,
1136 4852 1225 4909 5'5.

486 5029 846 5106 (45)1_._egi_tur
871 5027 924 5082 in
948 5027 1159 5106 duobus
1192 5042 1324 5082 mss.
1351 5023 1709 5106 ἐπανατέλλῃ.

486 5090 612 5177 (‘46,)?
634 5090 859 5177 Editiet
913 5098 1156 5177 nonnulli
1194 5113 1324 5151 mss.
1354 5090 1869 5177 papfivouqa'ﬂpig'
1902 5090 1995 5146 sed

415 5165 761 5241 ιιιιόειὴμᾶςί
784 5170 837 5223 in
876 5168 1067 5241 majori
1102 5178 1253 5241 parte
1288 5165 1744 5241 ιιιέδέίίΙωι-ιὶεξιζἐ
1794 5178 1996 5241 secuti:

2104 5015 2415 5087 ἐγγίζοντες
2447 5016 2513 5086 τῇ
2539 5013 2676 5085 πρὸς
2702 5010 2836 5087 Θεὸν
2862 5007 3201 5087 δικαιοσύνῃ,
3229 5000 3399 5087 οξτοι,
3428 5016 3527 5062 etc.
3565 5007 3652 5063 Sed

2104 5079 2198 5159 qui
2231 5079 2296 5141 ea:
2324 5079 2663 5159 corde'pu'ro
2684 5084 3002 5159 depromunt
3032 5079 3406 5159 psalmodiam,
3444 5087 3491 5157 et
3522 5088 3652 5143 quot-

2104 5148 2227 5227 quot
2263 5167 2381 5212 sunt
2400 5148 2545 5227 justi
2576 5154 2663 5222 qui
2695 5155 2765 5204 ad
2806 5149 3207 5227 Qei__juslitiam_
3238 5148 3648 5227 appropinquant,

414 5249 516 5300 dus
548 5216 801 5303 Ἕξωσδάς
851 5256 918 5311 με
952 5216 1045 5292 όῦν
1092 5216 1355 5310 πρότερον
1408 5236 1538 5289 ὅντα
1580 5238 1638 5288 ὲν
1792 5233 1892 5305 βίῳ
1923 5249 1966 5284 τι

2114 5216 2186 5287 hi.
2220 5236 2322 5313 etc.
2349 5216 2639 5294 Aliquanto
2671 5231 2794 5292 post
2818 5216 2970 5276 Colb.
3004 5220 3276 5275 secundus
3326 5216 3541 5289 ῥυθμοῖς
3573 5219 3648 5272 τοῦ

417 5332 659 5386 πονηρῳε

493 5368 622 5455 (ιη’
651 5382 830 5437 Editio
870 5380 1042 5435 Paris.
1075 5379 1267 5455 ἐπὶ-τὰ
1307 5377 1414 5455 oon
1451 5395 1519 5449 με
1549 5375 1733 5455 ιστῶν.
1771 5375 1841 5429 At
1873 5388 2003 5455 mss:

2111 5313 2443 5359 πνευματος.

2185 5316 2528 5439 ῗῖὤατὲῧὲιίο
2560 5362 2751 5439 Paris.
2817 5361 2976 5414 πόσοι
3030 5360 3089 5413 δὲ
3133 5357 3263 5439 and.
3303 5357 3437 5439 “sed
3488 5359 3647 5439 vocula

426 5427 632 5520 sepieiln
857 5427 1282 5506 etﬁii'éiiii'fn'e}
1314 5427 1414 5503 ibi.
1451 5427 1625 5502 inulto
1669 5427 1813 5518 post“
1830 5427 2007 5512 aliqui
2111 5427 2303 5520 δέξειρῇ
2328 5437 2535 5520 legitur
2559 5435 2726 5520 insert
2770 5427 3643 5520 mss,ipequeinpeditionegasil;

424 5539 578 5594 ιιεςε.
594 5522 894 5594 προσφέρει
921 5520 1009 5594 τά.

2100 5538 2105 5543 ι
2181 5506 2293 5579 (50)
2327 5496 2475 5579 Rég.
2515 5505 2708 5579 tertius
2755 5496 3290 5579 πρὸςψαλμιρδίαν.
3336 5496 3646 5579 N_ec_proeul

500 5568 1083 5655 ('isi'ébitifiééiiﬂuus
1109 5590 1224 5643 ἀλλ’
1261 5591 1310 5644 οἳ
1349 5590 1458 5644 ἀπὸ
1489 5587 1715 5658 καρδίας
1757 5584 1966 5658 καθαρὰ·

2114 5568 2245 5658 Reg.
2274 5568 2548 5658 secundus
2596 5568 3234 5658 καθαρίσατεζβεὶξςίιιι,
3262 5580 3326 5626 ut
3361 5569 3513 5626 lectio
3538 5568 3642 5635 alia,

428 5650 811 5731 ἀναπέμπουσι
841 5662 938 5724 τὰς
969 5660 1320 5732 ψαλμῳδίαςσ
1364 5661 1458 5715 καὶ
1513 5650 1627 5715 ὅσοι
1675 5658 1779 5711 εἰσὶ
1808 5650 1966 5710 δίκαις

2114 5650 2411 5723 καθάρατε,
2444 5650 2499 5703 in
2517 5650 2764 5716 margine
2791 5650 3029 5715 ascripta
3056 5650 3151 5699 sit.
