3818 6220
118 347 257 405 315

1298 343 1583 404 HOMILlA
1622 343 1689 399 lN
1730 344 2059 404 PSALMUM
2100 347 2295 402 XXIX.

3323 336 3435 404 3M

120 488 268 539 γης
313 471 519 526 αὑτοῦ.
556 473 670 526 Ούκ
702 468 874 537 εἶπεν,
910 472 1345 544 Ἐξομολογεῖσθε
1377 476 1441 543 τῇ
1473 470 1744 541 ἁγιωσύνῃ

1854 470 2012 535 dixit,
2049 468 2395 526 Conlitemini
2451 469 2726 524 sanctitati
2780 468 2931 537 ejus,
2974 467 3107 533 sed,
3157 467 3432 522 Memoria.-

126 564 349 628 αὐτοῦ,
392 563 558 629 ἀλλὰ,
606 564 685 634 Τῇ
728 566 936 636 μνήμῃ
983 564 1093 634 τῆς
1139 565 1481 635 ἁγιωσύνης
1525 561 1742 616 αὐτοῦ·

129 656 458 723 τουτέστιν,
508 657 911 729 Εύχαριστεῖτε.
965 658 1030 710 Ἦ
1071 655 1180 725 γάρ
1227 654 1609 725 ἐξομολόγησις
1659 654 1746 705 ὲν-

132 747 335 801 ταῦθα
380 749 502 803 ἀντὶ
551 748 903 820 εὐχαριστίας
952 747 1311 820 λαμϐάνεται.
1358 746 1747 816 Εὐχαριστεῖτε

131 839 275 903 οὖν,
313 841 399 897 ὅτι
443 842 500 894 ἐν
536 842 727 912 μνήμῃ
764 840 863 910 τῆς
894 838 1205 910 ἁγιωσύνης
1252 838 1417 891 αὐτοῦ
1464 836 1744 906 ἐγένεσθε*

136 933 198 984 οἳ
234 933 529 1004 πρότερον,
567 932 658 985 διὰ
700 931 760 986 τὸ
804 930 1130 1003 ἐμϐαθύνειν
1166 932 1234 1001 τῇ
1268 930 1456 999 κακίᾳ,
1501 930 1595 982 καὶ
1627 930 1748 990 ταῖς

138 1025 525 1097 ἁκαθαρσίαις
572 1025 673 1095 τῆς
729 1024 930 1095 σαρκὸς
996 1021 1394 1093 ὲμμολύνεσθαι
1464 1020 1612 1091 (51),
1669 1022 1745 1082 είς

137 1115 335 1186 λήθην
369 1114 560 1184 ἦλθετε
605 1114 704 1183 τῆς
738 1111 1048 1181 ἁγιωσύνης
1091 1109 1183 1163 τοῦ
1227 1110 1550 1178 ποιήσαντος
1579 1108 1743 1177 ὑμᾶς.

154 1204 347 1274 Ὑπὲρ
381 1202 473 1257 οὖν
500 1204 594 1257 τοῦ
638 1200 928 1273 ἐξιλασμοῦ
958 1202 1067 1254 τῶν
1110 1200 1533 1271 ἡμαρτημένων,
1569 1199 1750 1269 ἐξομο-

141 1297 409 1367 λογεῖσθε
444 1298 571 1366 περὶ
598 1296 704 1349 τῶν
728 1296 826 1366 ούχ
856 1294 1023 1363 ὑγιῶς
1058 1295 1184 1364 ὑμῖν
1210 1291 1744 1363 προπεπραγμένων,

145 1390 289 1443 Ὅτι
317 1388 461 1458 ὀργὴ
491 1389 562 1441 ἐν
588 1387 667 1453 τῷ
700 1387 864 1455 θυμῷ
911 1385 1121 1448 αὑτοῦ,
1159 1384 1256 1438 καὶ
1296 1382 1404 1451 ζωὴ
1439 1384 1508 1435 ἐν
1544 1381 1623 1446 τῷ
1652 1384 1747 1435 θε-

142 1477 387 1545 λήματι
415 1474 621 1529 αὐτοῦ.
650 1475 922 1546 Πρότερον
957 1469 1078 1526 εἶπε
1108 1473 1170 1526 τὸ
1202 1471 1546 1541 σκυθρωπὸν,
1576 1471 1746 1543 ὀργὴν

146 1568 217 1620 ἐν
270 1566 351 1638 τῷ
402 1566 559 1636 θυμῷ
595 1565 689 1618 τοῦ
744 1565 913 1618 Θεοῦ·
965 1561 1089 1618 εἶτα
1131 1564 1192 1618 τὸ
1240 1563 1610 1635 φαιδρότερον,
1650 1563 1749 1633 τὴν

148 1660 311 1731 ζωὴν
341 1662 400 1713 ἐν
442 1659 519 1731 τῷ
552 1660 813 1729 θελήματι
847 1658 1033 1712 αὑτοῦ.
1069 1659 1226 1720 Δοκεῖ
1253 1656 1575 1726 ταυτολογία
1607 1651 1747 1709 εῐναι

147 1755 278 1814 τοῖς
324 1750 401 1823 μὴ
447 1751 762 1821 δυναμένοις
792 1750 890 1820 τῆς
934 1747 1219 1819 άκριὸείας
1261 1748 1369 1801 τῶν
1414 1746 1749 1819 σημαινομέ-

1850 562 2148 615 sanctitatis
2185 556 2299 631 ejus
2329 573 2348 612 :
2385 560 2489 615 hoc
2532 570 2639 625 est,
2680 560 2900 615 Gratias
2945 561 3106 631 agite.
3149 559 3431 615 Confessio

1849 667 2085 723 namque
2129 653 2219 708 hic
2252 666 2351 723 pro
2384 652 2679 722 gratiarum
2721 652 2935 706 actione
2968 652 3251 719 accipitur.
3293 649 3431 705 Gra-

1856 746 1963 801 tias
1994 746 2159 816 igitur
2194 745 2357 817 agite,
2392 743 2531 814 quod
2573 743 2627 797 in
2664 744 2926 798 memoria
2961 742 3266 797 sanctitatis
3307 740 3425 811 ejus

1851 839 1971 894 sitis
2002 856 2014 892 :
2048 838 2139 908 qui
2183 838 2357 908 prius,
2393 847 2579 909 utpote
2618 836 2880 906 profunda
2925 835 3161 889 immersi
3194 834 3420 899 malitia,

1849 942 1906 987 et
1949 931 2132 985 carnis
2190 931 2466 1000 Spurcitiis
2517 928 2892 992 contaminati,
2933 928 2987 981 in
3041 926 3158 995 ejus
3200 927 3292 995 qui
3332 940 3426 980 vos

1856 1022 2101 1078 condidit
2148 1021 2475 1077 oblivionem
2519 1021 2814 1075 veneratis.
2848 1018 3033 1088 itaque
3076 1018 3142 1073 ad
3182 1018 3432 1073 obtinen-

1852 1115 1977 1167 dam
2018 1122 2363 1181 peccatorum
2418 1111 2657 1174 veniam,
2704 1111 2770 1164 de
2815 1110 2898 1163 bis
2931 1124 3050 1179 qua:
3083 1119 3239 1163 antea
3270 1123 3299 1161 a
3330 1122 3429 1162 vo-

1851 1206 1938 1261 bis
1965 1221 2071 1261 non
2095 1215 2244 1259 recte
2268 1212 2417 1274 gesta
2448 1212 2575 1257 sunt
2600 1202 2991 1257 conﬁteamini.
3016 1200 3179 1256 Vens.
3202 1199 3255 1254 6.
3286 1199 3433 1266 Quo-

1850 1301 1994 1353 niam
2039 1300 2121 1352 ira
2160 1300 2213 1352 in
2245 1297 2604 1367 indignatione
2634 1295 2770 1364 ejus,
2804 1303 2851 1347 et
2901 1294 3010 1348 vita
3057 1294 3114 1347 in
3160 1293 3431 1346 voluntate

1850 1393 1989 1460 ejus.
2025 1390 2184 1445 Prius
2237 1389 2390 1443 triste
2437 1387 2691 1458 quiddam
2736 1387 2894 1450 dixit,
2934 1386 3067 1440 iram
3104 1386 3154 1439 in
3188 1386 3431 1454 indigna-

1853 1481 1999 1535 tione
2030 1479 2121 1534 Dei
2159 1500 2172 1535 :
2209 1479 2404 1534 deinde
2446 1478 2648 1547 aliquid
2689 1477 2884 1542 laetius,
2921 1477 3085 1531 vitam
3134 1476 3187 1531 in
3234 1477 3429 1531 volun-

1852 1581 1964 1626 tate
1998 1572 2135 1640 ejus.
2165 1571 2388 1625 Videtur
2417 1568 2668 1640 repetitio
2696 1582 2837 1633 csse,
2869 1568 2935 1622 iis
2968 1569 3057 1637 qui
3093 1566 3429 1637 signiﬁcato-

1851 1679 1970 1718 rum
2005 1662 2412 1732 intelligentiam
2445 1669 2757 1714 accuratam
2787 1659 2998 1728 assequi
3028 1674 3130 1713 non
3163 1667 3426 1727 possunt:

1852 1752 2285 1822 quandoquidem
2318 1750 2578 1821 propheta
2614 1749 2747 1803 dicit
2794 1750 2927 1803 iram
2968 1763 3089 1803 esse
3120 1748 3175 1801 in
3213 1748 3303 1803 Dei
3340 1749 3428 1801 in-

154 1811 275 1895 νων
308 1811 665 1911 ἐφάπτεσθαι,
696 1811 790 1895 τοῦ
841 1811 1116 1912 προφήτου
1146 1811 1413 1909 -λέγοντος
1457 1811 1625 1910 δργὴν
1654 1811 1744 1892 ἐἷα

1854 1811 2186 1914 dignatio-nc,
2217 1811 2373 1912 quasi
2419 1811 2501 1895 ira
2532 1848 2586 1893 et
2618 1840 2914 1909 indignatio
2960 1839 3100 1894 idem
3144 1839 3276 1899 sint,
3304 1854 3427 1895 cum

151 1954 253 1989 ναι
290 1935 401 2006 (52)
428 1936 487 1987 ἐν
516 1934 594 2005 τῷ
623 1932 778 2004 θυμῷ
815 1932 909 1986 τοῦ
952 1931 1110 1995 Θεοῦ,
1140 1931 1216 1995 ὡς
1258 1930 1352 1983 τοῦ
1391 1931 1553 1983 αὑτοῦ
1598 1930 1750 1994 ὄντος

153 2029 337 2100 ὀργῆς
381 2027 472 2080 καὶ
516 2026 722 2097 θυμοῦ·
769 2026 1016 2079 πλεῖστον
1059 2024 1117 2077 δὲ
1150 2022 1212 2076 τὸ
1256 2023 1530 2094 διάφορον.
1568 2023 1750 2093 Θυμὸς

160 2119 270 2186 μὲν
311 2116 420 2189 γάρ
450 2117 596 2169 ἐστιν
626 2118 660 2186 ὴ
695 2115 873 2187 κρίσις
907 2113 1001 2167 τοῦ
1036 2114 1334 2185 ἐπαχθῆναι
1365 2114 1490 2167 τάδε
1523 2113 1644 2167 τινὰ
1683 2113 1751 2166 τά

158 2209 469 2281 σκυθρωπὰ
504 2208 584 2280 τῷ
627 2207 794 2277 ἀξίῳο
837 2207 975 2279 ὀργὴ
1018 2208 1076 2260 δὲ
1124 2208 1152 2259 ὁ
1201 2207 1361 2269 πόνος
1405 2206 1527 2277 ἥδη,
1577 2204 1672 2257 καὶ
1714 2204 1748 2273 ἡ

156 2301 388 2365 κόλασις
421 2302 455 2372 ἡ
491 2300 599 2353 άπὸ
642 2299 735 2353 τοῦ
769 2299 979 2353 δικαίου
1026 2296 1214 2369 κριτοῦ
1264 2297 1405 2351 κατὰ
1450 2296 1511 2349 τὸ
1552 2295 1749 2367 μέτρον

154 2394 267 2463 τῆς
320 2392 534 2455 ἀδικίας
593 2388 929 2460 ἐπαγομένη.
994 2387 1126 2440 Ἀπὸ
1191 2385 1635 2458 παραδείγματος
1691 2381 1749 2434 δὲ

159 2481 504 2553 σαφέστερον
532 2479 560 2533 ὃ
597 2479 740 2550 λέγω
788 2480 1078 2549 γενήσεται
1112 2475 1248 2546 (55).
1291 2473 1749 2545 Σημειωσάμενος

155 2574 193 2626 ὁ
234 2573 422 2644 ίατρὸς
446 2573 507 2625 τὸ
534 2571 865 2643 φλεγμαῖνον
898 2571 1062 2641 μέρος
1097 2568 1190 2621 καὶ
1224 2566 1477 2630 ὓπουλον,
1508 2562 1750 2636 ἐγκρίνει

155 2667 270 2740 τὴν
298 2666 471 2737 τομὴν
502 2663 806 2733 ἀναγκαίαν
835 2658 972 2715 εἶναι
1002 2659 1081 2731 τῷ
1110 2658 1391 2730 κάμνοντι.
1434 2655 1604 2709 Τοῦτο
1652 2654 1748 2707 θυ-

164 2758 283 2830 μὸν
303 2754 557 2826 ὀνομάζει
594 2755 628 2825 ἡ
663 2753 877 2825 Γραφή.
909 2749 1065 2805 Μετὰ
1090 2749 1146 2802 δὲ
1182 2748 1282 2819 τὴν
1310 2748 1403 2801 ἐπὶ
1430 2746 1505 2817 τῷ
1550 2746 1749 2817 βοηθή-

166 2866 304 2920 ματι
336 2846 518 2919 κρίσιν
558 2845 650 2898 τοῦ
694 2842 877 2915 ἰατροῦ
907 2840 1263 2895 ἐπακολουθεῖ
1300 2839 1486 2892 λοιπὸν
1520 2841 1551 2910 ἡ
1598 2838 1750 2909 ἐνέρ-

164 2958 293 3010 γεια
327 2941 407 3004 εἰς
452 2939 608 3009 ἔργον
655 2936 766 3009 (54)
806 2937 1013 3005 ἄγουσα
1056 2934 1126 2988 τὰ
1167 2932 1453 3005 κριθέντα,
1484 2932 1578 2985 καὶ
1606 2933 1635 2985 ὁ
1672 2931 1751 2985 σί-

162 3034 331 3104 δηρος
384 3033 599 3103 τέμνων
646 3031 741 3083 κα)⁸
792 3030 984 3102 ὀδύνην
1036 3028 1279 3099 ἐμποιῶν
1330 3026 1409 3096 τῷ
1458 3026 1747 3079 διακοπτο-

168 3120 339 3191 μένῳ.
386 3119 555 3172 Τοῦτο
604 3118 740 3190 ὀργὴ
792 3118 927 3171 Θεοῦ
978 3117 1310 3188 ὠνόμασται.
1368 3116 1521 3168 Ἐλθὲ
1566 3115 1748 3169 τοίνυν
1774 3147 1816 3205 C

165 3211 264 3264 ἐπὶ
286 3211 349 3264 τὸ
394 3209 773 3280 προκείμενον,
808 3209 902 3262 καὶ
946 3210 1198 3280 εὑρήσεις
1226 3208 1287 3260 τὸ
1328 3206 1616 3260 ἀκόλουθον
1647 3206 1747 3276 τῆς

164 3302 399 3367 ἐννοίας.
426 3302 548 3355 Ὅτι
595 3300 741 3371 ὀργὴ
774 3301 845 3354 ἐν
890 3300 969 3367 τῷ
1016 3300 1179 3369 θυμῷ
1226 3299 1434 3354 αὐτοῦ.
1476 3298 1744 3369 Τιμωρία,

70 3436 85 3449 .
168 3396 313 3452 κατὰ
359 3395 420 3449 τὸ
450 3394 656 3448 δίκαιον
703 3396 876 3464 κρῖμα
928 3392 1025 3446 τοῦ
1078 3392 1234 3446 Θεοῦ·
1274 3390 1405 3459 Ζωὴ
1451 3390 1519 3444 δὲ
1560 3391 1631 3443 ἐν
1666 3388 1748 3455 τῷ

166 3488 458 3557 θελήματι
484 3487 690 3540 αὐτοῦ.
720 3486 784 3538 Τί
824 3481 916 3539 οὖν
950 3502 1146 3557 φησιν;
1182 3486 1302 3539 Ὅτι
1331 3484 1359 3537 ὃ
1393 3484 1492 3555 μὲν
1537 3482 1680 3536 θέλει
1717 3484 1747 3536 ὁ

168 3578 326 3643 Θεὸς,
351 3578 509 3632 τοῦτό
537 3580 674 3643 ἐστι,
707 3577 917 3641 πάντας
950 3577 1198 3648 μετέχειν
1226 3576 1392 3631 αὑτοῦ
1429 3577 1528 3647 τῆς
1567 3576 1710 3646 ζωῆς
1729 3592 1743 3606 ⁸

168 3672 239 3726 τὰ
265 3672 320 3725 δὲ
354 3670 729 3745 περιστατικά,
768 3671 889 3740 οὐχ).
935 3669 1011 3740 τῷ
1054 3669 1319 3740 θελήματι
1368 3667 1535 3722 αὐτοῦ
1590 3669 1745 3738 ἐνερ-

168 3763 370 3831 γεῖται,
411 3761 548 3815 ἀλλά
589 3764 655 3833 τῇ
707 3760 833 3831 ἀξίᾳ
866 3759 976 3812 τῶν
1026 3759 1425 3830 ἡμαρτηκότων
1458 3759 1744 3825 ἐπάγεται.

171 3855 284 3926 Τὴν
318 3855 414 3924 μὲν
446 3848 539 3907 οὖν
574 3852 717 3925 ζωὴν
748 3853 776 3904 ὁ
805 3851 937 3915 Θεὸς
965 3850 1045 3921 τῷ
1081 3850 1195 3921 ἰδίῳ
1234 3849 1497 3920 θελήματι
1533 3850 1747 3921 ἑκάστῳ

171 3948 477 4018 χαρίζεται,
505 3947 605 4018 τὴν
637 3945 695 3999 δὲ
725 3945 895 4017 ὀργὴν
938 3944 1098 4007 αὐτὸς
1143 3943 1373 4005 ἕκαστος
1420 3942 1599 4013 ἐαυτῷ
1647 3942 1743 4012 θη-

172 4038 416 4110 σαυρίζει
445 4038 558 4110 (55)
594 4039 690 4091 Ἐν
732 4036 925 4107 ἡμέρᾳ
960 4035 1142 4105 ὀργῆς
1181 4035 1280 4089 καὶ
1307 4035 1749 4103 ἀποκαλύψεως

170 4130 272 4185 καὶ
297 4130 726 4198 δικαιοκρισίας
766 4129 872 4183 τοῦ
915 4128 1083 4182 Θεοῦ.
1110 4126 1347 4198 Σύνηθες
1375 4126 1432 4178 δὲ
1459 4129 1525 4197 τῇ
1556 4127 1745 4197 Γραφῇ

171 4221 498 4292 προτάσσειν
543 4221 614 4275 τὰ
658 4221 958 4293 σκυθρωπὰ
1000 4220 1107 4273 τῶν
1159 4218 1573 4291 χρηστοτέρων’
1614 4219 1746 4272 διότι

171 4309 335 4381 ἡδίων
362 4310 509 4363 ἐστὶν
547 4312 581 4381 ἡ
613 4310 932 4373 ἀπόλαυσις,
974 4307 1552 4380 προκαθηγησαμένων
1580 4308 1748 4378 αὐτῆς

169 4400 282 4458 τῶν
313 4402 649 4457 λυπούντων.
705 4401 853 4472 Ἐγὼ
902 4401 1013 4470 γὰρ
1056 4396 1397 4461 ἀποκτενῶ,
1450 4399 1611 4469 φησὶ,
1648 4399 1746 4453 καί

1853 1944 2029 1990 tamen
2090 1934 2381 2004 plurimum
2440 1932 2713 1988 diﬁ'erant.
2775 1930 3077 2000 Indignatio
3135 1930 3279 1984 enim
3345 1939 3431 1983 est

1845 2026 2104 2096 judicium
2155 2026 2221 2081 de
2265 2024 2565 2094 inlligendis
2612 2023 2841 2077 merenti
2892 2021 3058 2077 certis
3100 2022 3427 2091 quibusdam

1853 2118 2097 2174 tristibus
2131 2136 2145 2173 :
2176 2117 2256 2171 ira
2306 2131 2432 2171 vero
2488 2116 2639 2169 labor
2691 2124 2745 2169 et
2801 2114 3146 2183 supplicium,
3194 2113 3337 2183 quod
3397 2129 3428 2166 a

1845 2209 1991 2279 justo
2032 2208 2214 2277 judice
2254 2223 2352 2277 pro
2399 2206 2675 2277 injustitite
2722 2220 2974 2261 mensura
3020 2204 3132 2272 jam
3175 2203 3424 2258 infertur.

1850 2298 2001 2366 Quod
2054 2309 2236 2353 autem
2293 2298 2451 2361 dico,
2508 2297 2562 2351 id
2614 2296 2864 2364 exemplo
2925 2296 3263 2350 manifestius
3312 2296 3425 2348 ﬁet.

1850 2388 2089 2443 Medicus
2137 2388 2185 2443 si
2229 2402 2389 2458 quam
2426 2396 2634 2458 partem
2683 2386 3108 2455 inﬂammatione
3152 2386 3426 2451 affectam,

1850 2489 1905 2534 et
1948 2479 2102 2534 sanie
2148 2479 2357 2535 occulta
2395 2477 2650 2533 refertam
2683 2479 3075 2543 observaverit,
3107 2478 3428 2535 incisionem

1844 2570 2055 2641 judicat
2078 2585 2199 2625 esse
2227 2569 2512 2641 agrotanti
2545 2570 2929 2626 necessariam.
2973 2568 3107 2625 Illud
3147 2570 3427 2640 Scriptura

1852 2648 2275 2730 indignationem
2316 2668 2494 2715 vocat.
2531 2659 2637 2715 Sed
2674 2669 2797 2730 post
2846 2660 3112 2729 prolatam
3149 2676 3177 2713 a
3214 2662 3429 2717 medico

1850 2753 1916 2808 de
1948 2750 2223 2807 ali'erendo
2265 2750 2505 2805 remedio
2550 2750 2893 2817 sententiam,
2925 2751 3068 2806 actio
3101 2751 3316 2805 tandem
3348 2764 3432 2805 se-

1850 2846 2055 2915 quitur,
2088 2859 2193 2913 qua
2230 2843 2374 2912 quod
2413 2841 2692 2896 decretum
2729 2851 2813 2896 est
2846 2841 3143 2911 perﬁcitur,
3194 2841 3430 2896 ferrum-

1849 2953 1976 3008 que,
2004 2938 2147 3007 quod
2187 2935 2400 3001 incidit,
2430 2944 2485 2989 et
2513 2935 2751 2990 dolorem
2800 2936 2941 3005 parit
2980 2936 3297 2991 incisionem
3332 2952 3430 3005 pa-

1852 3030 2026 3095 tienti,
2067 3028 2374 3083 adhibetur.
2425 3027 2555 3081 lllttd
2594 3027 2671 3080 ira
2713 3027 2802 3081 Dei
2834 3026 3156 3096 appellatum
3190 3039 3293 3083 est.
3327 3027 3430 3081 Ve-

1852 3122 1971 3175 nias
1999 3136 2127 3191 ergo
2155 3120 2222 3174 ad
2251 3119 2603 3189 propositum,
2638 3127 2692 3172 et
2731 3118 2890 3189 hujus
2917 3119 3200 3173 sententiae
3233 3134 3430 3173 conse»

1853 3211 2127 3280 qttentiam
2182 3209 2443 3264 invenies.
2499 3206 2763 3273 Quoniam
2818 3209 2900 3261 ira
2949 3210 3003 3261 in
3067 3209 3430 3279 indignatione

1852 3301 1988 3371 ejus.
2027 3301 2215 3364 Poena,
2247 3299 2541 3354 secundum
2590 3298 2795 3364 justum
2828 3299 2921 3354 Dei
2966 3299 3269 3368 judicium:
3307 3297 3431 3353 Vita

1854 3401 1982 3439 vero
2010 3386 2067 3438 in
2096 3384 2363 3438 voluntate
2395 3384 2529 3453 ejus.
2570 3385 2710 3451 Quid
2743 3400 2872 3456 ergo
2896 3385 3062 3440 dicit?
3094 3385 3247 3453 Quod
3282 3387 3430 3442 Deus

1852 3476 1986 3542 vult,
2016 3481 2117 3531 hoc
2156 3490 2297 3541 esse,
2327 3487 2386 3529 ttt
2418 3478 2542 3532 vitas
2578 3478 2694 3548 ejus
2737 3477 2848 3531 sint
2891 3480 3185 3549 participes
3215 3495 3427 3535 omnes.

1854 3565 1989 3619 Mala
2041 3574 2216 3620 autem
2266 3581 2372 3620 non
2421 3566 2539 3635 ejus
2589 3567 2867 3621 voluntate
2916 3569 3072 3632 ﬁunt,
3108 3572 3205 3626 sed
3234 3572 3432 3626 merito

1854 3671 2039 3712 eorum
2062 3657 2153 3727 qui
2216 3668 2574 3726 peccaverunt
2635 3659 2959 3715 inferuntur.
3022 3662 3201 3717 Vitam
3266 3663 3434 3733 igitttr

1854 3748 2050 3817 cuique
2091 3747 2227 3801 Deus
2277 3747 2496 3817 propria
2541 3748 2819 3804 voluntate
2867 3750 3053 3805 tribuit
3086 3768 3101 3805 :
3134 3751 3268 3805 iram
3302 3767 3433 3806 vero

1854 3842 1954 3895 sibi
1992 3841 2220 3910 quisque
2261 3842 2504 3911 congerit
2529 3840 2598 3895 In
2631 3843 2715 3895 die
2754 3844 2873 3907 ine,
2905 3853 2952 3895 et
2991 3843 3348 3908 reuelationis,
3379 3853 3457 3903 et,

1846 3930 1981 4001 justi
2021 3930 2215 4001 judicii
2249 3930 2346 3985 Dei
2378 3931 2444 3986 ³ο.
2494 3931 2692 3986 Tristia
2729 3941 2911 3987 autem
2966 3943 3092 3987 ante
3141 3950 3229 3989 res
3282 3935 3433 3989 laetas

1854 4025 2116 4081 collocare
2144 4024 2281 4080 solet
2311 4022 2616 4094 Scriptura,
2649 4035 2936 4095 propterea
2968 4026 3112 4095 quod
3145 4027 3431 4083 delectatio

1848 4115 2136 4185 jucundior
2172 4125 2287 4180 est,
2333 4125 2479 4180 tum,
2521 4131 2642 4171 cum
2684 4132 2806 4187 qua:
2845 4129 3133 4172 maerorem
3176 4117 3429 4185 aﬂcrunt,

1857 4206 2027 4277 ipsam
2080 4215 2494 4275 prtecesserunt.
2543 4206 2656 4276 Ego
2712 4207 2882 4272 enim,
2923 4208 3114 4277 inquit,
3171 4210 3427 4276 occidam,

1853 4307 1902 4352 et
1935 4298 2101 4352 vivere
2133 4297 2325 4366 faciam
2362 4297 2429 4351 ³⁸.
2465 4296 2793 4352 Beneﬁcium
2830 4313 2989 4367 ptena
3025 4309 3110 4353 est
3141 4300 3429 4368 posterius.

1854 4387 2180 4452 Percutiam,
2212 4396 2262 4442 et
2303 4404 2396 4459 ego
2428 4387 2625 4443 sonabo
2654 4389 2718 4441 ³².
2751 4389 2868 4459 Ipse
2900 4390 3045 4443 enim
3084 4387 3241 4445 ali'ért
3280 4391 3432 4447 dolo-

170 4492 281 4563 ζῇν
326 4492 581 4558 ποιήσω.
634 4492 874 4562 Δευτέρα
919 4493 952 4561 ή
1006 4489 1294 4559 εὐεργεσία
1353 4488 1491 4558 μετὰ
1535 4489 1633 4560 τὴν
1663 4492 1744 4545 κό-

1860 4494 1997 4545 rem,
2028 4487 2083 4534 et
2134 4495 2322 4536 rursus
2368 4490 2579 4535 recreat
2619 4499 2633 4536 :
2671 4481 2954 4550 percussit,
2984 4489 3039 4535 et
3080 4496 3276 4538 manus
3315 4482 3431 4550 ejus

169 4583 344 4637 λασιν.
370 4580 638 4647 Πατάξω,
680 4580 842 4650 κάγὼ
899 4580 1161 4649 ἰάσομαι.
1203 4578 1376 4641 Αύτὸς
1423 4578 1532 4650 γὰρ
1563 4580 1750 4648 ἀλγεῖν

170 4675 350 4737 ποιεῖ,
396 4673 491 4726 καὶ
542 4672 705 4727 πάλιν
754 4671 1216 4743 ἀποκαθίστησινο
1267 4670 1488 4737 ἔπαισε,
1542 4672 1638 4724 καὶ
1692 4675 1751 4727 αἱ

172 4766 351 4836 χεῖρες
391 4762 557 4818 αὑτοῦ
603 4766 842 4819 ίάσαντο.
894 4763 1276 4835 Προλαμϐάνει
1321 4762 1391 4816 τὰ
1442 4762 1747 4827 κακοῦντα,

172 4858 260 4911 ἵνα
294 4855 658 4927 μονιμώτεραι
695 4857 825 4926 ἡμῖν
856 4856 914 4908 αἱ
948 4855 1168 4926 χάριτες
1193 4854 1475 4923 γένωνται,
1508 4855 1751 4926 σφοδρῶς

170 4946 623 5018 ἁντιποιηθέντων
672 4947 830 5019 ἡμῶν
864 4946 966 5017 τῆς
1016 4945 1264 5015 φυλακῆς
1312 4944 1419 4998 τῶν
1464 4944 1747 4999 δοθέντων.

176 5037 247 5093 Τὸ
273 5038 537 5106 ἑσπέρας
574 5037 1018 5105 αὐλισθήσεται
1050 5035 1384 5105 κλαυθμὸς,
1431 5036 1528 5089 καί
1563 5038 1649 5101 εὶς
1683 5035 1749 5089 τὸ

1858 4583 2208 4630 sanaverunt.
2243 4575 2576 4631 Antecedunt
2611 4575 2772 4641 mala,
2806 4591 2911 4645 quo
2948 4576 3110 4647 128
3148 4575 3301 4631 nobis
3334 4577 3430 4632 be-

1858 4667 2051 4722 neﬁcia
2100 4668 2376 4723 Stabiliora
2422 4669 2555 4724 ﬁant
2606 4679 2768 4738 atque
2817 4670 3077 4736 ﬁrmiora,
3112 4671 3307 4741 quippe
3337 4671 3431 4740 qui

1857 4766 1989 4812 tunc
2045 4771 2371 4827 magnopere
2418 4760 2541 4814 data
2592 4760 2976 4816 cuStodiamus.
3029 4760 3111 4813 Ad
3166 4778 3430 4827 vesperum

1857 4846 2219 4899 demorabitur
2256 4848 2431 4914 ﬂetus,
2462 4858 2511 4902 et
2542 4848 2611 4902 ad
2650 4850 2969 4903 matutinum
3011 4850 3219 4906 la’titia.
3250 4850 3433 4907 Remi-

1859 4940 2069 4993 niscere
2120 4938 2374 5007 temporis
2426 4940 2698 5010 passionis
2746 4940 2985 5009 Domini,
3038 4951 3094 4996 et
3142 4944 3431 4999 verborum

1857 5035 2100 5090 invenies
2131 5036 2562 5107 intelligentiam.
2590 5038 2670 5092 Ad
2702 5027 2982 5109 vesperam
3016 5040 3159 5095 enim
3187 5041 3435 5095 demora-

169 5130 316 5198 πρωὶ
346 5130 730 5201 ἀγαλλίασις.
749 5128 1033 5201 Μνήσθητι
1060 5128 1155 5180 τοῦ
1182 5127 1374 5199 καιροῦ
1405 5125 1496 5180 τοῦ
1527 5125 1670 5178 κατὰ
1696 5126 1744 5178 τὲ

1866 5135 1951 5180 tus
1980 5137 2062 5183 est
2094 5126 2253 5185 ﬂetus
2299 5132 2351 5184 in
2396 5130 2608 5186 Domini
2641 5131 2942 5202 discipulis,
2973 5148 3095 5186 cum
3134 5147 3255 5188 eum
3287 5133 3436 5187 vide-

237 5220 284 5251 ³⁸
307 5218 462 5277 Rom.
488 5238 548 5288 tt,
580 5222 635 5277 5.
710 5221 754 5253 “
772 5223 928 5275 Deut.
959 5235 1133 5286 xxxn,
1167 5219 1256 5274 59.
1330 5219 1375 5250 ³⁸
1406 5219 1535 5273 ibid.

262 5314 367 5385 5|),
387 5314 561 5385 Editio
592 5313 765 5370 Paris.
806 5313 1148 5385 μολύνεσθαι.
1178 5315 1243 5385 At
1268 5328 1407 5385 mss.
1432 5312 1737 5385 ἐμμολύνε-

170 5382 481 5456 σθαι.Μοχί
515 5393 625 5439 tres
654 5401 783 5440 mss.
808 5382 1301 5456 ἐξομολογήσασθε.
1335 5382 1539 5438 ibidem
1579 5384 1733 5439 Colb.

171 5455 433 5526 secundus
461 5455 1049 5526 Opiv_nsrrpatypévwv.

242 5524 349 5594 (52)
375 5521 531 5594 Deest
563 5521 704 5580 εἶναι
728 5521 779 5578 in
811 5521 1078 5594 aliquibus
1109 5537 1219 5594 mss

239 5591 351 5665 (55)
375 5592 476 5648 Ubi
498 5606 752 5665 corrupte
782 5591 976 5665 legitur
1009 5596 1062 5648 in
1081 5593 1319 5665 editione
1344 5600 1526 5665 nostra
1564 5591 1737 5665 Paris.

185 5663 309 5716 Ἀπὸ
352 5662 793 5737 παραδείγματος
836 5662 895 5718 δὲ
940 5666 968 5719 ὁ
990 5662 1339 5737 σαφέστερον
1368 5662 1559 5731 ὃλέγω
1579 5664 1741 5737 γενήτ

174 5750 340 5796 σεται,
372 5734 637 5803 scripturn
668 5736 940 5792 invenitur
986 5736 1039 5789 in
1096 5735 1372 5802 aliquibus
1412 5748 1542 5803 mss.
1604 5734 1736 5786 Ἀπὸ

174 5802 609 5876 παραδείγματος
650 5807 705 5860 δὲ
740 5806 1069 5878 σαφέστερον
1093 5805 1143 5869 ὃ,
1181 5814 1306 5869 etc.,
1347 5804 1401 5860 in
1452 5802 1585 5874 Reg.
1614 5820 1741 5862 vero

1845 5313 2007 5389 tertio
2049 5313 2181 5366 Ἀπὸ
2201 5314 2647 5386 παραδείγματος
2670 5316 2727 5369 δὲ
2758 5316 2787 5370 ὃ
2813 5315 2955 5386 λέγω
2984 5317 3315 5389 σαφέστερον
3340 5332 3433 5385 γε·

1845 5384 2066 5453 νὴσεται
2095 5400 2125 5453 ογ
2163 5398 2229 5437 ex
2259 5384 2367 5453 quo
2408 5384 2558 5439 vario
2606 5384 2894 5440 verborum
2942 5384 3132 5442 ordine
3185 5384 3429 5442 errorem

1849 5452 2202 5525 typographis
2229 5452 2499 5523 objectum
2526 5472 2651 5525 esse
2674 5456 3038 5524 suspicamur.

1920 5523 2032 5597 (54)
2060 5522 2196 5597 Reg.
2226 5522 2497 5579 seCundus
2528 5528 2606 5597 εἰς
2632 5524 2689 5577 ἓν
2707 5522 2888 5597 ἔργον.
2919 5527 3045 5582 Mox
3063 5527 3227 5583 editio
3252 5526 3425 5583 Paris.

1847 5595 1876 5646 ὁ
1897 5593 2130 5664 τέμνων.
2159 5593 2320 5649 Deest
2351 5596 2612 5651 articulus
2646 5598 2698 5650 in
2731 5593 2861 5650 mss.
3442 5634 3445 5637 η

1923 5664 2038 5801 (55g
2071 5663 2264 5719 Nostra
2298 5666 2460 5722 editio
2493 5664 2669 5722 Paris.
2703 5665 3168 5739 θησαυρίζειν.Αι
3191 5686 3319 5726 mss.
3340 5669 3433 5743 θη-

1923 5753 2001 5801 υρι
2041 5753 2112 5790 ει.

1844 5751 2112 5804 σαυριςει.
