3818 6220
105 325 246 382 517

1278 328 1564 386 HOMILIA
1604 327 1671 383 IN
1715 326 2048 384 PSALMUM
2091 322 2285 384 XXIX.

3305 331 3431 405 318,

102 446 370 519 ἀρετὰς,
407 448 877 512 ἐπακολουθούσας
908 451 1028 512 ταῖς
1059 449 1122 502 ἐκ
1154 448 1545 520 θεωρημάτων.
1574 447 1722 503 Κατᾶ

1837 463 1978 511 mur,
2014 464 2136 518 qum
2196 447 2532 503 formidanda
2579 457 2724 516 sunt,
2762 460 2856 505 aut
2898 466 3004 507 non
3047 452 3405 508 formidanda.

106 539 250 609 γὰρ
303 539 405 609 τὴν
437 539 780 611 συμμετρίαν
833 542 927 594 καὶ
960 541 1225 611 ἁρμονίαν
1270 540 1378 594 τῶν
1409 541 1508 610 τῆς
1549 540 1728 611 ψυχῆς

112 629 325 703 Θεωρη
335 631 543 701 μάτων,
574 631 704 685 ἔνιοι
739 632 845 686 τῶν
878 633 1057 703 σοφῶν
1098 635 1382 704 νενοήκασι
1409 634 1472 686 τὸ
1498 633 1721 697 κάλλος·

112 722 287 775 κατὰ
336 722 396 776 δὲ
450 723 511 775 τὸ
563 723 979 777 ἀποτελεστικὸν
1010 724 1120 778 τῶν
1170 724 1620 795 ὑποδαλλομένων
1665 725 1728 778 ὲκ

110 811 253 864 τῶν
283 812 639 884 θεωρητικῶν
671 814 904 885 ἀρετῶν,
932 815 1030 886 τὴν
1067 816 1219 886 ἰσχὺν
1250 818 1555 886 νενοήκασι.
1580 815 1727 885 Πλὴν

119 902 224 955 ἵνα
279 905 377 958 καὶ
409 904 604 967 κάλλος
654 905 975 976 ἐπιγένηται
1007 909 1072 977 τῇ
1123 907 1305 977 ψυχῇ,
1353 908 1446 959 καὶ
1501 906 1728 977 δύναμις

113 995 250 1048 τῶν
286 996 959 1069 δεόντων-ὲπιτελεστικὴ,
1006 996 1156 1060 Θείας
1188 999 1267 1061 είς
1306 997 1464 1051 τοῦτο
1506 999 1728 1069 χάριτος

115 1088 448 1161 χρῄζομεν.
481 1090 568 1154 Ὦς
598 1090 779 1144 τοίνυν
810 1091 922 1145 ἄνω
952 1090 1194 1162 εἴρηκεν,
1225 1093 1354 1145 Ὅτι
1389 1090 1501 1159 ζωὴ
1547 1092 1616 1145 ἐν
1647 1090 1727 1156 τῷ

119 1179 436 1249 θελήματι
472 1180 686 1234 αὐτοῦ·
718 1179 862 1234 οὕτω
902 1180 996 1235 νῦν
1045 1181 1169 1251 ί)ψοί
1199 1182 1289 1235 τὸν
1335 1182 1467 1235 Θεὸν
1508 1182 1597 1235 διά
1627 1183 1727 1253 τῆς

119 1273 497 1343 εὐχαριστίας
533 1271 705 1341 λέγων
743 1272 875 1343 (65),
913 1274 996 1327 ὅτι
1039 1275 1133 1327 Ἐν
1164 1274 1243 1339 τῷ
1283 1274 1574 1343 θελήματί
1604 1290 1721 1327 σου

120 1362 456 1431 παρέσχου
483 1361 564 1427 τῷ
592 1361 805 1417 κάλλει
829 1381 948 1433 μου
973 1363 1248 1433 δύναμιν.
1277 1363 1454 1426 Καλὸς
1483 1364 1582 1434 μὲν
1614 1363 1725 1433 γάρ

119 1456 294 1525 ἥμην
345 1454 490 1508 κατά
527 1454 627 1522 τὴν
681 1454 862 1523 φύσιν,
908 1456 1139 1527 ἀσθενὴς
1189 1456 1245 1509 δὲ
1276 1456 1365 1509 διὰ
1412 1456 1473 1509 τὸ
1506 1455 1564 1522 eg
1599 1457 1722 1509 ὲπι-

123 1545 349 1616 ϐουλῆς
402 1545 496 1598 τοῦ
548 1545 724 1614 ὄφεως
776 1546 1116 1617 νεκρωθῆναι
1166 1544 1244 1615 τῷ
1294 1544 1720 1617 παραπτώματι.

122 1636 231 1707 Τῷ
263 1634 360 1690 οὖν
386 1637 572 1691 κάλλει
614 1655 735 1708 μου,
763 1637 792 1690 ὃ
819 1637 969 1709 παρά
996 1638 1089 1691 σοῦ
1129 1638 1317 1690 ἔλαϐον
1351 1639 1416 1690 ὲκ
1453 1637 1554 1706 τῆς
1580 1636 1726 1709 πρώ-

122 1746 242 1799 της
280 1729 643 1799 κατασκευῆς,
688 1727 1029 1799 προσέθηκας
1062 1727 1287 1796 δύναμιν
1324 1727 1421 1796 τὴν
1447 1728 1556 1779 τῶν
1583 1726 1724 1780 δεόν-

1840 539 2038 593 Verum
2067 541 2219 595 aiunt
2248 540 2704 609 pulchritudinem
2738 557 2804 598 ac
2836 544 3001 599 robur
3029 546 3258 599 virtutes
3289 559 3411 612 spe-

1836 630 2124 686 culatrices
2142 647 2246 686 non
2260 647 2398 695 esse,
2414 647 2534 686 cum
2550 632 2659 687 sint
2678 634 3125 703 spcculatricibus
3142 636 3409 703 posterioo

1836 738 1940 778 res.
1958 721 2091 778 Nam
2109 740 2174 781 ex
2197 725 2572 781 convenientia
2591 726 2981 796 liarmoniaque
2998 727 3157 798 129
3167 736 3409 783 contem-

1834 815 2132 883 plationum
2167 816 2381 880 animm,
2409 818 2677 885 sapientes
2703 819 2920 885 quidem
2949 820 3403 888 pulchritudinem

1836 906 2221 961 intellexerunt
2255 927 2268 961 :
2302 916 2361 961 at
2390 923 2518 963 vero
2542 925 2607 963 ex
2635 910 2687 963 vi
2717 910 2983 965 etliciente
3013 926 3202 967 eorum
3231 927 3349 982 quia:
3374 928 3405 966 a

1835 995 2126 1051 virtutibus
2156 996 2605 1066 speculatricibus
2634 1009 3029 1068 proponuntur,
3063 1001 3227 1056 robur
3257 1016 3377 1057 com

1836 1088 2000 1141 menti
2034 1098 2181 1142 sunt.
2221 1085 2603 1144 Verumtamen
2644 1100 2702 1143 ut
2733 1101 2786 1145 et
2824 1091 2988 1148 decor
3026 1094 3217 1147 anima:
3252 1107 3410 1148 acce-

1834 1179 1944 1245 dat,
1979 1188 2033 1233 et
2071 1179 2212 1234 adsit
2258 1182 2341 1235 vis
2381 1197 2569 1236 eorum
2614 1197 2734 1251 quae
2779 1181 2935 1239 oﬂicii
2980 1194 3104 1239 sunt
3141 1183 3403 1248 effectrix,

1835 1273 1987 1326 nobis
2017 1273 2083 1326 ad
2114 1273 2221 1328 hoc
2248 1288 2386 1343 opus
2412 1285 2495 1329 est
2521 1275 2700 1329 divina
2729 1276 2925 1343 gratia.
2959 1275 3026 1331 lit
3056 1277 3223 1346 igitur
3249 1286 3404 1330 antea

1833 1363 1989 1427 dixit,
2039 1363 2304 1428 Quoniam
2349 1367 2457 1419 vita
2501 1367 2560 1419 in
2614 1366 2882 1421 voluntate
2932 1368 3046 1437 ejus
3092 1384 3111 1423 :
3148 1370 3229 1423 sic
3264 1385 3407 1424 nunc

1833 1453 2000 1508 Deum
2038 1456 2338 1523 gratiarum
2370 1457 2584 1512 actione
2610 1457 2819 1513 exaltat
2852 1459 3038 1513 dicens
3066 1474 3081 1512 :
3114 1458 3182 1512 In
3218 1461 3405 1513 volun-

1833 1549 1939 1595 tate
1992 1552 2085 1597 tua
2132 1544 2426 1611 proastitisti
2464 1546 2642 1601 decori
2694 1562 2806 1600 meo
2859 1548 3122 1602 virtutem.
3178 1546 3406 1602 Pulcher

1830 1634 2045 1702 quidem
2094 1648 2243 1688 eram
2289 1636 2588 1689 secundum
2629 1646 2915 1700 naturam;
2952 1641 3046 1693 sed
3098 1638 3401 1709 languidus,

1832 1733 2117 1794 propterea
2152 1727 2294 1795 quod
2340 1743 2406 1782 ex
2449 1729 2716 1797 serpentis
2758 1729 2966 1783 insidiis
3006 1741 3226 1797 peccato
3259 1745 3403 1784 moro

124 1837 254 1875 των
285 1822 598 1892 πρακτικήν
650 1820 780 1890 (66).
830 1820 982 1892 Καλὴ
1037 1822 1133 1892 μὲν
1174 1816 1267 1873 οὖν
1311 1813 1459 1873 πᾶσα
1501 1820 1645 1891 ψυχὴ
1692 1822 1722 1892 ἠ

1834 1827 1954 1871 tuus
1985 1832 2154 1873 cram.
2187 1818 2579 1876 Pulchritudini
2627 1837 2756 1891 ergo
2790 1837 2941 1885 meae,
2972 1837 3133 1891 quam
3164 1838 3232 1878 ex
3266 1832 3318 1877 te
3349 1825 3401 1877 in

128 1912 198 1964 ὲν
248 1909 562 1980 συμμετρίᾳ
609 1908 716 1963 τῶν
753 1910 966 1962 οἰκείων
1023 1909 1302 1979 δυνάμεων
1337 1908 1721 1981 θεωρουμένηο

128 2000 341 2064 κάλλος
392 2000 450 2053 δὲ
493 1998 766 2069 ἀληθινὸν,
814 1999 907 2052 καὶ
960 1996 1391 2070 ἐρασμιώτατον,
1443 2000 1590 2069 μόνῳ
1647 1999 1726 2071 τῷ

126 2094 232 2148 τὸν
274 2094 399 2148 νοῦν
434 2093 830 2164 κεκαθαρμένῳ
862 2092 1157 2164 θεωρητὸν,
1187 2093 1249 2145 τὸ
1276 2092 1405 2165 περὶ
1440 2092 1539 2162 τὴν
1575 2093 1727 2147 θείαν

124 2187 233 2239 καὶ
282 2184 558 2255 μακαρίαν
596 2184 777 2254 φύσιν.
816 2178 890 2238 Ub
922 2186 951 2238 ό
988 2183 1301 2247 ὲνατενίσας
1341 2186 1459 2248 ταῖς
1508 2201 1728 2255 μαρμα-

131 2277 341 2347 ρυγαῖς
371 2275 464 2328 καὶ
498 2275 619 2336 ταῖς
649 2273 855 2342 χάρισι,
892 2271 1296 2343 μεταλσμῦἀνει
1323 2289 1373 2324 τι
1404 2272 1498 2325 ἀπ’
1534 2270 1723 2334 αὑτοῦ,

127 2364 333 2436 ὥσπερ
371 2364 481 2418 ἀπό
525 2380 669 2426 τινος
713 2362 923 2433 βαφῆς,
960 2361 1154 2434 αἴγλην
1198 2360 1321 2416 τινὰ
1366 2361 1606 2432 ἀνθηρὰν
1645 2362 1727 2424 εἰς

128 2456 241 2527 τὴν
284 2456 491 2510 οἰκείαν
531 2457 653 2527 ὄψιν
696 2454 1202 2527 ἀναχρωννύμενος.
1226 2452 1387 2507 Ὅθεν
1420 2455 1513 2507 καὶ
1561 2454 1727 2507 Μωῦ-

135 2549 278 2616 σῆς,
314 2547 394 2618 τῷ
446 2547 829 2618 μετειληφέναι
872 2546 965 2599 τοῦ
1014 2546 1244 2609 κάλλους
1291 2544 1499 2598 ἐκείνου
1549 2547 1605 2598 ἐν
1647 2543 1726 2614 τῷ

129 2640 353 2712 ὁμιλεῖν
395 2640 534 2711 Θεῷ,
562 2640 820 2712 ἐδοξάσθη
866 2640 927 2694 τὸ
976 2640 1283 2712 πρόσωπον.
1324 2640 1382 2692 ὐ
1414 2636 1505 2692 οὖν
1545 2638 1728 2692 αἰσθό-

137 2718 446 2801 μενος“τῆς
477 2729 671 2784 ἑαυτοῦ
704 2728 925 2800 ἀρετῆς,
968 2728 1066 2799 τὴν
1093 2726 1478 2798 εὐχαριστικὴν
1522 2725 1726 2795 ταύτην

133 2821 337 2891 ἀφίησι
371 2824 584 2893 φωνήν·
624 2822 819 2890 Κύριε,
846 2822 917 2875 ἐν
972 2818 1052 2885 τῷ
1080 2818 1371 2889 θελήματι
1411 2835 1528 2871 σου
1575 2834 1725 2884 παρ-

136 2914 339 2983 ἐσχου
380 2911 460 2979 τῷ
501 2912 714 2968 κάλλει
753 2930 873 2983 μου
926 2911 1200 2981 δύναμιν.
1250 2914 1455 2981 Ὥσπερ
1503 2910 1560 2962 δὲ
1606 2911 1724 2971 ταῖς

135 3004 503 3075 Θεωρητικαῖς
560 3005 782 3075 ἀρεταῖς
823 3002 1121 3074 ἀθεώρητοι
1177 3000 1549 3067 ἀκολουθοῦσι,
1578 2999 1638 3053 τό
1665 3015 1724 3052 τε

138 3098 342 3163 κάλλος
394 3100 487 3154 καὶ
538 3101 572 3171 ἡ
616 3099 876 3170 δύναμις,
941 3098 1113 3160 οὕτως
1165 3095 1270 3149 είσί
1322 3112 1466 3159 τινες
1525 3094 1717 3148 κακίαι

136 3150 957 3258 gi‘.;:,,;,.;;;‘g;.aspis.
997 3150 1148 3257 καίὴ
1180 3150 1464 3238 ἀσθένειαῖ
1501 3185 1565 3236 τι
1611 3185 1720 3257 γὰρ
1746 3150 1788 3205 ο

138 3279 451 3350 ἀωρότερον
494 3280 589 3333 καὶ
615 3279 1016 3350 εἰδεχθέστερον
1055 3278 1232 3349 ψυχῆς
1262 3276 1581 3347 ἐμπαθοῦςς
1614 3276 1718 3329 Ἴδε

142 3388 237 3441 μοι
283 3370 376 3425 τὸν
425 3370 784 3442 θυμούμενον,
829 3372 921 3424 καὶ
949 3371 1047 3441 τὴν
1095 3370 1154 3425 ἐν
1199 3368 1348 3439 αὐτῷ
1400 3368 1717 3440 ἀγριότητα.

138 3462 348 3515 Θέασαι
382 3463 474 3516 τὸν
523 3462 877 3533 λυπούμενον,
924 3462 1018 3515 καὶ
1058 3460 1117 3514 τὸ
1164 3462 1222 3514 ἐν
1268 3459 1418 3532 αὐτῷ
1465 3460 1720 3514 ταπεινὸν

140 3554 240 3607 καὶ
296 3553 693 3624 συμπεπτωκὸς
752 3554 850 3623 τῆς
897 3553 1096 3623 ψυχῆς.
1123 3552 1226 3605 Τὸν
1270 3552 1328 3606 δὲ
1370 3551 1644 3621 λαγνείαις
1688 3551 1721 3624 ἢ

142 3646 611 3717 γαστριμαργίαις
640 3644 1094 3709 ὑποπεπτωκότα,
1138 3643 1171 3714 ἢ
1216 3642 1401 3712 φόϐοις
1449 3642 1722 3713 ἐπτοημέ-

144 3752 257 3798 νον,
287 3736 369 3799 τίς
395 3735 461 3789 ἂν
487 3736 583 3789 καὶ
611 3735 947 3807 προσϐλέψαι
992 3733 1307 3803 ἀνάσχοιτο;
1337 3733 1719 3803 διαϐαινούσης

149 3825 311 3897 μέχρι
346 3825 452 3879 τῶν
502 3826 753 3898 περάτων
786 3825 878 3878 τοῦ
927 3824 1174 3895 σώματος
1218 3824 1317 3894 τῆς
1361 3823 1502 3877 κατά
1543 3822 1719 3895 ψυχὴν

144 3916 462 3980 διαθέσεως’
494 3916 683 3988 ὥσπερ
716 3911 806 3969 οὗν
839 3915 932 3969 καὶ
967 3914 1034 3968 τά
1062 3913 1171 3984 (67)
1204 3914 1323 3985 ίχνη
1364 3913 1457 3967 τοῦ
1492 3914 1723 3978 κάλλους

143 4008 247 4076 τῆς
274 4007 450 4077 ψυχῆς
473 4009 532 4060 ὲν
571 4010 636 4078 τῇ
670 4006 1001 4060 καταστάσει
1036 4003 1129 4058 τοῦ
1166 4004 1320 4072 ἁγίου
1362 4004 1721 4073 διαφαίνεται.

145 4100 477 4171 Προνοητέον
506 4100 686 4172 τοίνυν
714 4097 808 4152 τοῦ
844 4098 1072 4161 κάλλους
1101 4100 1252 4168 ἡμῖν,
1277 4097 1364 4150 ἵνα
1395 4097 1490 4150 καὶ
1527 4100 1556 4151 ό
1584 4114 1724 4167 νυμ-

148 4190 271 4259 φίος
299 4191 469 4260 Λόγος
499 4190 897 4262 ἀποδεξάμενος
929 4191 1075 4260 ἡμᾶς
1104 4189 1264 4261 είπῃ·
1292 4189 1441 4256 Ὂλη
1480 4188 1639 4256 καλὴ
1680 4188 1720 4256 ἠ

149 4284 416 4351 πλησίον
440 4301 583 4353 μου,
612 4283 713 4338 καὶ
742 4280 945 4352 μῶμος
966 4283 1077 4335 οὐκ
1104 4280 1276 4334 ἐστιν
1297 4281 1367 4334 ἐν
1391 4280 1513 4334 σοι.

1829 1909 2001 1978 prima
2050 1912 2328 1966 creatione
2366 1914 2570 1983 accepi,
2604 1914 2856 1969 addidisti
2890 1916 3164 1979 virtutem,
3211 1929 3401 1970 eorum

1828 2016 1950 2070 qua!
1979 2002 2046 2057 ad
2077 2002 2311 2059 ofﬁcium
2331 2007 2600 2075 pertinent
2623 2005 2962 2062 efﬁcientem.
2984 2005 3214 2062 Pulchra
3239 2009 3404 2078 igitur

1828 2102 1911 2146 est
1935 2093 2118 2147 anima
2144 2095 2345 2161 omnis,
2376 2113 2497 2166 quae
2523 2097 2576 2151 in
2602 2099 2939 2167 propriarum
2962 2100 3225 2155 virtutum
3254 2117 3405 2174 sym-

1830 2186 2024 2239 metria
2074 2188 2433 2258 conspicitur.
2474 2189 2825 2245 Pulchritudo
2864 2202 3043 2246 autem
3074 2208 3224 2259 vera,
3252 2209 3405 2248 ama-

1828 2278 2233 2349 bilissimaque,
2284 2297 2449 2350 quam
2511 2283 2556 2337 is
2606 2283 2754 2339 solus
2797 2284 2888 2353 qni
2932 2301 3120 2355 puram
3165 2296 3402 2342 mentem

1827 2366 1990 2423 habet
2023 2371 2373 2441 contemplari
2405 2382 2601 2443 potest,
2630 2375 2771 2429 circa
2820 2376 3056 2430 divinam
3094 2392 3160 2432 ac
3190 2378 3400 2433 beatam

1829 2467 2083 2514 naturam
2129 2464 2401 2517 consistit.
2451 2464 2618 2533 Cujus
2668 2465 2904 2535 fulgores
2955 2477 3011 2520 et
3059 2468 3261 2536 gratias
3309 2469 3401 2537 qui

1828 2544 2037 2601 intente
2065 2553 2429 2619 conspexerit,
2469 2553 2537 2607 ab
2565 2568 2629 2609 ea
2666 2556 2812 2611 velut
2847 2556 2916 2611 ab
2955 2557 3133 2626 aliqua
3166 2559 3403 2614 tinctura

1827 2638 2074 2692 nonnihil
2108 2651 2408 2707 mutuatur,
2449 2642 2698 2699 ﬂoridum
2735 2646 3023 2713 quemdam
3064 2647 3401 2716 splendorem

1828 2728 1882 2781 in
1935 2731 2214 2799 propriam
2264 2734 2460 2789 faciem
2514 2734 2850 2804 imprimens.
2905 2735 3058 2792 Unde
3105 2746 3160 2792 et
3203 2738 3404 2809 Moysis

1826 2816 1996 2875 facies
2024 2822 2185 2876 simul
2221 2830 2385 2892 atque
2427 2840 2492 2881 ex
2535 2825 2790 2880 familiari
2820 2842 2942 2881 cmn
2976 2826 3088 2882 Deo
3112 2843 3405 2895 congressu

1826 2913 2245 2980 pulchritudinis
2292 2916 2436 2971 illius
2483 2917 2757 2987 particeps
2791 2916 2913 2981 fuit,
2956 2918 3252 2974 clarificata
3293 2930 3402 2976 est.

1828 3004 2062 3060 Proinde
2104 3006 2323 3061 virtutis
2358 3021 2468 3061 sua:
2495 3006 2586 3075 qui
2618 3007 2870 3062 conscius
2902 3018 3005 3074 est,
3045 3009 3183 3064 hanc
3215 3025 3403 3066 vocem

1825 3103 2004 3164 grates
2053 3096 2436 3165 rependentem
2486 3096 2732 3151 emittit:
2764 3095 3006 3161 Domine,
3038 3099 3092 3151 in
3137 3098 3404 3154 voluntate

1828 3195 1918 3240 tua
1945 3187 2239 3255 prwstitiui
2278 3187 2455 3240 decori
2491 3202 2605 3240 meo
2631 3188 2893 3242 virtutem.
2935 3189 3400 3255 Quemadmodum

1826 3288 2011 3332 autem
2049 3292 2128 3332 ea:
2164 3278 2398 3332 virtutes
2427 3292 2549 3346 qua:
2575 3277 2626 3331 in
2662 3276 3121 3346 contemplatione
3147 3279 3266 3334 sitae
3294 3295 3403 3335 non

1827 3380 1975 3435 sunt,
2008 3370 2240 3426 virtutes
2288 3368 2679 3441 speculatrices
2726 3380 3042 3439 sequuntur,
3075 3380 3202 3440 puta
3241 3371 3406 3428 decor

1828 3473 1884 3520 et
1925 3465 2095 3519 robur
2140 3479 2153 3516 :
2205 3461 2286 3517 sic
2334 3471 2461 3516 sunt
2502 3461 2747 3530 quaedam
2790 3461 2921 3516 vitia
2965 3463 3401 3533 contemplatiOni

1831 3568 1938 3609 non
1968 3550 2237 3620 subjecta,
2263 3564 2456 3619 nempe
2481 3549 2698 3604 fwditas
2721 3559 2775 3604 et
2800 3549 3068 3607 debilitas.
3093 3551 3232 3618 Quid
3258 3552 3400 3608 enim

1827 3644 2167 3699 invenustius
2198 3658 2261 3696 ac
2300 3641 2600 3697 deformius
2627 3642 2807 3696 dedita
2859 3640 3141 3697 aﬂ‘ectibus
3183 3644 3405 3699 anima?

1827 3733 1985 3798 Vide,
2016 3746 2221 3801 quaeso,
2248 3730 2465 3793 iratum,
2496 3740 2693 3784 etcam
2720 3745 2881 3798 quam
2911 3746 3020 3799 pra:
3046 3748 3104 3787 se
3135 3731 3240 3786 fert
3272 3732 3401 3788 ieri-

1830 3833 2019 3879 tatem.
2082 3823 2317 3878 Tristem
2382 3837 2446 3876 ac
2502 3831 2757 3877 mmstum
2817 3825 3132 3889 considera,
3181 3824 3406 3895 ejusque

1829 3914 2212 3969 demissionem
2262 3922 2316 3968 et
2369 3912 2539 3966 animi
2591 3913 2949 3979 abjectionem
2995 3914 3229 3970 intuere.
3271 3914 3406 3983 Quis

1829 4020 1961 4061 vero
1996 4005 2205 4061 libidini
2235 4014 2329 4059 aut
2365 4004 2504 4073 gulae
2536 4004 2946 4071 inservientem,
2975 4016 3069 4060 aut
3107 4008 3406 4063 terroribus

1831 4109 2257 4161 consternatum,
2298 4097 2384 4152 vel
2418 4097 2663 4165 aspicere
2699 4098 2902 4166 queat't
2936 4112 3059 4152 cum
3090 4098 3207 4154 haec
3235 4100 3403 4153 animi

1831 4187 2043 4244 affectio
2070 4190 2137 4243 ad
2164 4196 2406 4244 extrema
2440 4204 2609 4258 usque
2633 4190 2877 4259 corporis
2907 4191 3186 4258 pervadat,
3214 4205 3405 4259 quem-

1832 4281 2119 4337 admodum
2154 4296 2185 4336 e
2223 4281 2499 4335 contrario
2531 4280 2755 4349 vestigia
2784 4282 2948 4334 etiam
2985 4281 3404 4349 pulchritudinis

148 4373 341 4428 anima:
382 4374 446 4427 inv
477 4374 580 4427 viri
626 4371 797 4428 sancti
842 4372 1033 4426 habitu
1084 4370 1445 4439 resplendent.
1494 4370 1864 4438 Comparanda
1928 4371 2112 4440 itaque
2181 4371 2338 4426 nobis
2397 4381 2479 4427 est
2534 4371 2720 4427 istbacc
2752 4371 3112 4441 pulchritudo,
3147 4382 3204 4427 ut
3238 4388 3402 4443 spon-

150 4480 243 4521 sus
292 4465 526 4521 Verbum
584 4466 893 4534 approbans
938 4478 1038 4518 nos
1086 4463 1230 4516 dicat
1270 4478 1285 4516 :
1316 4461 1443 4515 Tota
1481 4461 1720 4530 pulchra,
1759 4462 1998 4531 proxima
2021 4479 2161 4528 mea,
2183 4474 2230 4517 et
2254 4465 2463 4520 macula
2493 4481 2595 4519 non
2625 4474 2700 4518 est
2730 4465 2786 4518 in
2817 4474 2866 4517 te
2887 4464 2952 4518 ³⁸.

222 4556 276 4611 6.
326 4556 726 4626 Ἀπέστρεψας
756 4557 824 4611 δὲ
852 4556 916 4612 τὸ
957 4555 1282 4624 πρόσωπόν
1315 4569 1454 4617 σου,
1489 4553 1589 4606 καὶ
1612 4555 1722 4623 ἐγε-

1901 4553 1954 4609 6.
1994 4558 2244 4610 Avertisti
2299 4569 2472 4612 autem
2525 4557 2717 4627 [aciem
2781 4568 2947 4623 tuam,
2985 4564 3033 4611 et
3069 4557 3241 4626 factus
3285 4573 3402 4612 sum

148 4648 343 4717 νήθην
399 4650 853 4719 τεταραγμένος.
902 4649 1047 4711 Ἕως
1106 4646 1203 4718 μὲν
1257 4647 1383 4710 ὅτε,
1433 4646 1620 4718 φησὶν,
1665 4647 1723 4699 ai.

149 4741 363 4805 ἀκτῖνες
398 4742 496 4814 τῆς
543 4743 847 4811 ἐπισκοπῆς
884 4758 976 4794 σου
1009 4738 1327 4809 ὲπὲλαμπόν
1373 4755 1494 4809 μοι,
1534 4739 1592 4791 ὲν
1636 4739 1725 4791 εὑ-

222 4878 268 4911 ³⁸
288 4877 441 4933 Cant.
468 4892 543 4945 tv,
569 4879 620 4932 7.

227 5039 339 5111 (65)
394 5040 526 5109 Reg.
565 5040 833 5111 secundus
877 5041 935 5111 ὲν
982 5037 1076 5111 τῷΔ
1115 5037 1380 5111 θελήματί
1425 5035 1729 5111 σουςμοῦτω

154 5108 247 5167 νῦν
285 5109 406 5179 ὑψοῖ
432 5112 524 5165 τὸν
571 5111 704 5166 Θεὸν
753 5109 841 5163 διὰ
880 5109 981 5181 τῆς
1014 5108 1488 5181 χάριτοςλλέγων.
1524 5108 1727 5161 Ibidem

154 5182 316 5236 editio
365 5190 546 5236 nostra
592 5182 766 5237 Paris.
821 5179 1129 5249 παράσχου.
1179 5179 1327 5233 Multi
1394 5195 1522 5233 mss.
1584 5194 1728 5247 παρ-

157 5252 334 5307 έσγου.

370 5318 522 5388 Regii
558 5320 786 5389 primus,
819 5319 1089 5392 sectimliis
1111 5318 1430 5392 et.qu_intus_
1447 5332 1583 5392 cum
1606 5315 1728 5369 Col-

161 5385 376 5445 bertinis
420 5385 612 5459 quinjo
643 5400 697 5445 et
750 5400 903 5446 sexto
952 5388 1179 5457 δύναμιν
1224 5387 1321 5458 τὴν
1364 5385 1470 5439 τῶν
1496 5386 1727 5440 δεόντων

160 5452 508 5531 παρεκτικῆν,
540 5452 659 5531 Vim
685 5478 747 5514 ea
789 5475 905 5529 qua:
946 5452 1250 5531 oﬂicii_sunt
1279 5452 1728 5531 'lar‘gientemZAt

166 5526 268 5585 tres
298 5532 386 5585 alii
415 5526 547 5586 "iss.
582 5530 732 5599 Regii
769 5526 824 5585 et
856 5526 1058 5599 septem
1090 5526 1534 5599 Coiberltnicum
1561 5526 1724 5599 editis

164 5612 210 5653 et
245 5615 361 5653 cum
399 5600 597 5668 Catena
622 5594 951 5655 Gorderiana
975 5596 1202 5668 δύναμιν
1228 5595 1325 5668 τὴν
1357 5595 1466 5650 τῶν
1496 5594 1723 5668 δεόντων

165 5671 481 5741 πρακτικήν,
530 5664 646 5724 Vim
677 5685 856 5741 eorum
900 5683 1019 5737 qua:
1051 5664 1202 5736 ofﬁcii
1234 5664 1353 5741 sunt
1384 5666 1712 5734 eﬂectricem.

161 5739 345 5810 Aptata
397 5739 615 5810 quidem
664 5753 720 5796 et
781 5740 1026 5795 idoneam
1077 5739 1398 5792 sententiam
1454 5752 1521 5792 ex
1565 5746 1715 5789 utra-

1830 4648 2195 4701 conturbatus.
2222 4647 2470 4716 Quandiu
2495 4649 2662 4713 enim,
2694 4649 2891 4717 inquit,
2917 4649 3272 4717 inspectionis
3299 4658 3403 4702 tua:

1833 4738 1968 4793 radii
2003 4739 2133 4793 mihi
2166 4739 2440 4806 aﬂ'ulsere,
2472 4740 2525 4794 in
2557 4749 2703 4795 statu
2738 4739 2894 4794 firmo
2924 4750 3085 4809 atque
3114 4737 3402 4806 tranquillo

1831 5049 1936 5103 que
1974 5032 2202 5089 lectione
2226 5032 2362 5088 efﬁci
2398 5048 2555 5101 posse
2587 5039 2799 5087 constat
2830 5051 2845 5087 :
2877 5034 2971 5088 sed
3002 5030 3130 5103 quin
3148 5045 3405 5103 atpaxtto

1831 5100 1936 5175 κήν
1968 5106 2067 5174 legi
2104 5100 2647 5175 oporteaudubitari
2702 5118 2807 5157 non
2859 5116 3017 5175 posse
3047 5100 3398 5175 arbitramur.

1832 5169 2044 5229 Etenim
2070 5174 2113 5228 si
2153 5169 2284 5227 nihil
2314 5173 2482 5239 aliud,
2518 5172 2632 5241 ipsa
2655 5182 2804 5226 certe
2828 5169 3091 5241 orationis
3121 5171 3400 5241 seriesita

1830 5243 2114 5312 legendum
2143 5257 2264 5297 esse
2311 5236 2494 5312 aperte
2524 5236 2778 5312 ostendit.
2825 5242 2958 5312 Cum
2994 5239 3136 5312 enim
3170 5236 3402 5312 Basilius

1830 5308 1989 5382 paulo
2016 5324 2140 5367 ante
2169 5308 2469 5379 scripserit,
2500 5310 2852 5382 καὶδύναμις
2882 5309 2992 5364 τῶν
3018 5308 3244 5382 δεόντων
3280 5309 3395 5382 ἐπι-

1825 5378 2133 5450 τελεστική,
2164 5378 2346 5435 debuit
2381 5396 2531 5443 sane,
2577 5381 2620 5434 si
2663 5378 2772 5436 sibi
2811 5391 3059 5436 coastare
3089 5378 3272 5450 voluit,
3316 5378 3402 5431 hic

1827 5447 2452 5523 πρακτικήνμδονὼριο,
2493 5461 2548 5504 ιιι
2582 5465 2679 5523 vox
2716 5468 2819 5523 una
2853 5447 3274 5523 alteri_omnino
3317 5462 3403 5523 re-
3490 5489 3498 5499 .

1825 5518 2107 5591 spondeat.
2143 5520 2275 5574 Nam
2328 5519 2389 5572 τὸ
2438 5521 2839 5574 ὲπιτελεστικόν
2887 5529 2941 5574 et
2989 5518 3049 5591 τὸ
3099 5518 3371 5588 πρακτικό

1825 5589 1982 5661 plane
2019 5593 2154 5646 idem
2188 5592 2368 5645 valere
2404 5607 2584 5653 nemo,
2620 5595 2830 5658 opinor,
2856 5589 3095 5661 negabit.

1872 5661 2009 5745 '(67)
2041 5661 2133 5716 Sic
2184 5672 2308 5717 octo
2338 5675 2469 5715 mss.
2526 5664 2594 5716 At
2641 5657 2807 5717 editio
2855 5657 3028 5715 Paris.
3076 5657 3269 5729 ὥσπερ
3306 5657 3403 5714 καὶ

1823 5748 1911 5786 τα.
