3818 6220
434 312 542 370 319

1777 315 1835 372 S.
1879 315 2126 373 BASILII
2164 319 2383 376 MAGNI

3611 326 3721 381 530

434 431 584 500 vixi;
612 440 897 503 postquam
929 448 1057 489 vero
1092 434 1340 490 avertisti
1379 434 1573 491 faciem
1604 443 1770 501 tuam,
1800 447 1985 508 pertur

2136 440 2306 493 ιταθεῖ
2356 444 2686 498 καταστάσει
2733 445 2825 498 καὶ
2857 444 3113 517 άταράχῳ
3158 447 3388 518 διῆγον·
3425 446 3628 520 ἐπιδὴ
3658 450 3717 503 δὲ

438 521 585 575 hatio
623 521 817 577 anima:
865 522 1235 593 tumultusque
1279 526 1717 595 deprehenditur.
1754 527 2015 583 Avertere

437 623 617 667 autem
639 611 830 668 faciem
855 629 1007 669 suam
1026 616 1226 671 dicitur
1245 617 1388 673 Deus
1410 626 1545 684 tum,
1563 634 1686 673 cum
1711 618 2013 677 alilictionis

435 712 679 772 tempore
714 707 1106 763 tentationibus
1141 708 1422 778 expositos
1456 709 1735 781 relinquit,
1769 721 1828 767 ut
1856 710 2013 767 forti-

435 794 564 851 tudo
615 799 875 855 certantis
927 809 1311 871 cognoscatur.
1368 802 1602 859 Proinde
1653 804 1699 859 si
1750 819 1851 873 pax
1891 820 2012 875 quae

432 884 771 942 intellectum
829 904 1050 946 omnem
1099 903 1321 963 superat
1354 894 1399 927 ³⁸
1466 897 1780 952 custodierit
1846 900 2009 955 corda

436 986 661 1044 nostra,
748 981 1099 1050 cupiditatum
1173 984 1458 1040 tumultum
1529 988 2009 1062 confusionemque

428 1069 605 1126 vitare
639 1085 947 1140 possumus.
989 1074 1121 1129 Cum
1166 1076 1330 1146 igitur
1366 1078 1460 1134 Dei
1495 1080 1754 1136 voluntati
1794 1085 2008 1140 aversio

432 1171 762 1230 opponatur,
815 1164 1201 1233 pulchritudini
1256 1185 1385 1226 vero
1444 1180 1498 1227 et
1541 1172 1727 1228 decori
1788 1176 2005 1230 virtuti-

428 1267 534 1323 que
574 1257 941 1323 perturbatio;
988 1260 1172 1328 utique
1224 1262 1562 1331 perturbatio
1609 1263 1773 1319 fuerit
1818 1268 2004 1322 defor-

430 1346 591 1401 initas
632 1357 690 1403 et
744 1349 1034 1407 inﬁrmitas
1093 1354 1309 1419 animae,
1360 1370 1427 1409 ex
1474 1355 1798 1413 alienatione
1838 1376 1865 1413 a
1899 1361 2005 1416 Deo

430 1440 774 1505 proveniens.
810 1440 1105 1498 Precemur
1151 1445 1334 1515 itaque
1388 1463 1604 1519 semper
1639 1452 1794 1506 nobis
1834 1460 1891 1505 ut
1922 1452 2003 1505 af-

430 1528 631 1599 fulgeat
665 1532 758 1587 Dei
798 1532 986 1598 facies,
1014 1544 1073 1589 ut
1102 1536 1155 1590 in
1184 1549 1370 1592 sancto
1429 1555 1494 1595 ac
1554 1541 1811 1611 religioso
1857 1553 2000 1599 statu

428 1624 621 1691 simus,
656 1636 712 1682 et
747 1629 930 1695 mites,
959 1639 1015 1685 et
1043 1632 1217 1687 modis
1250 1636 1503 1690 omnibus
1558 1639 1871 1708 tranquilli,
1932 1656 2000 1696 ex

426 1718 595 1772 animi
645 1719 711 1774 ad
762 1721 900 1776 bona
955 1728 1367 1795 praeparatione.
1424 1727 1658 1783 Paratus
1694 1731 1851 1802 130
1879 1749 1996 1786 sum

2116 530 2464 602 ἀπέστρεψάς
2518 551 2611 587 σου
2655 536 2716 588 τὸ
2748 536 3060 607 πρόσωπον,
3101 540 3162 592 τὸ
3189 540 3456 611 ἐμπαθὲς
3491 543 3593 595 καὶ
3628 562 3717 597 τε-

2114 620 2482 694 θορυϐημένον
2510 626 2607 697 τῆς
2638 626 2814 698 ψυχῆς
2841 629 3177 702 ἀπηλέγχθη.
3218 633 3635 706 ’Δποστρέφειν
3658 638 3719 691 5’s

2112 712 2329 781 λέγεται
2368 717 2429 770 τὸ
2469 719 2661 772 ἐαυτοῦ
2708 722 2997 793 πρόσωπον
3039 726 3069 778 ὀ
3109 724 3277 791 Θεὸς,
3318 728 3467 781 ὅταν
3507 731 3571 781 ὲν
3602 734 3717 793 rei;

2109 802 2218 856 τῶν
2270 809 2640 876 περιστάσεων
2686 814 2898 883 καιροῖς
2929 812 3175 879 ἐκδότους
3222 816 3369 889 ἀφίῃ
3421 821 3547 883 τοῖς
3599 820 3715 889 (68)

2109 900 2455 966 πειρασμοῖς,
2504 899 2596 952 ἐπὶ
2624 901 2686 954 τὸ
2716 903 3024 975 γνωσθῆναι
3050 905 3111 958 τὸ
3140 906 3375 962 ἐὔτονον
3419 910 3525 963 τοῦ
3564 912 3715 977 ἀγω-

2107 984 2410 1058 νιζομένου.
2455 992 2578 1045 Ἐὰν
2623 988 2779 1066 οὗνή
2822 997 3011 1069 εἰρήνη
3050 999 3084 1069 ή
3129 1000 3489 1070 ὑπερέχουσα
3528 1004 3715 1057 πάντα

2106 1078 2231 1133 νοῦν
2273 1084 2552 1155 φρουρήσῃ
2601 1084 2699 1149 τὰς
2752 1088 2979 1158 καρδίας
3035 1090 3210 1160 ήμῶν,
3259 1091 3565 1163 δυνάμεθα
3607 1096 3709 1165 τὴν

2104 1169 2349 1241 ταραχὴν
2387 1173 2480 1225 καὶ
2531 1173 2630 1244 τὴν
2684 1174 2945 1246 σύγχυσιν
2990 1178 3095 1231 τῶν
3140 1178 3329 1234 παθῶν
3385 1180 3709 1251 διαφυγεῖν.

2118 1259 2268 1312 Ἐπεὶ
2316 1258 2407 1315 οὖν
2452 1265 2751 1320 ἀντίκειται
2781 1266 2860 1335 τῷ
2900 1268 2996 1337 μὲν
3029 1268 3291 1339 θελήματι
3344 1270 3453 1324 τοῦ
3494 1271 3637 1325 Θεοῦ
3667 1277 3704 1344 ἡ

2104 1352 2454 1426 ἀποστροφὴ,
2496 1356 2573 1427 τῷ
2602 1356 2657 1410 δὲ
2697 1357 2883 1411 κάλλει
2918 1359 3013 1413 καὶ
3039 1362 3104 1431 τῇ
3147 1361 3458 1432 ὡραιότητι
3496 1366 3602 1419 καί
3639 1369 3709 1435 τῇ

2101 1440 2327 1514 δυνάμει
2356 1446 2388 1516 ἡ
2421 1450 2630 1519 ταραχή
2657 1466 2669 1478 ·
2702 1451 2785 1521 εἴη
2818 1450 2883 1504 ἂν
2917 1454 2949 1521 ἡ
2978 1453 3189 1523 ταραχὴ
3220 1452 3335 1525 (69)
3358 1452 3572 1527 αἶσχος
3612 1461 3709 1510 καὶ

2100 1534 2352 1588 ἀσθένεια
2380 1537 2577 1609 ψυχῆς,
2610 1542 2673 1594 ἐκ
2704 1542 2804 1612 τῆς
2828 1543 2937 1595 άπὸ
2962 1543 3094 1597 Θεοῦ
3137 1545 3574 1618 ἀλλοτριώσεως
3604 1552 3711 1617 ἐγ-

2100 1626 2377 1697 γινομένη.
2434 1630 2736 1700 Εὐχὼμεθα
2790 1630 2883 1687 οὖν
2934 1636 3022 1689 ἀεὶ
3067 1637 3407 1708 ἐπιλάμπιν
3462 1643 3605 1711 ἡμῖν
3643 1644 3707 1694 τὸ

2100 1716 2391 1785 πρόσωπον
2442 1720 2534 1773 τοῦ
2589 1722 2763 1790 Θεοῦ,
2824 1726 2910 1780 ἵνα
2970 1730 3028 1780 ἐν
3083 1733 3483 1802 καταστήματι
3552 1728 3707 1805 ὦμεν

955 1780 969 1792 .
1066 1780 1081 1795 .
1352 1780 1366 1784 -
1426 1780 1431 1781 κ
1493 1780 1519 1782 η
1694 1780 1849 1802 -..ν
1879 1780 1985 1786 η--ς

425 1809 587 1872 enim,
634 1810 842 1880 inquit,
880 1822 927 1867 et
960 1831 1066 1868 non
1116 1832 1231 1869 sum
1267 1819 1509 1873 turbatus
1536 1820 1602 1876 ⁸ο.
1632 1819 1797 1878 Vens.
1826 1824 1878 1879 9.
1913 1823 1985 1878 Aa

2144 1780 2155 1785 -
2748 1780 2761 1790 .
3273 1780 3482 1802 --η-νη
3554 1780 3701 1805 νιπ-

2136 1815 2432 1881 ιροπρεπεῖ,
2457 1815 2549 1868 καὶ
2589 1817 2772 1886 πρᾶοι,
2810 1819 2902 1871 καὶ
2924 1821 3085 1873 παντὶ
3111 1822 3297 1893 τρόπῳ
3321 1824 3610 1897 ἁτάραχοι
3639 1829 3707 1879 ὲκ

425 1907 494 1964 te,
538 1899 781 1966 Domine;
812 1903 1078 1970 ciamabo,
1104 1916 1153 1959 et
1183 1908 1252 1960 ad
1272 1908 1443 1985 Deum
1468 1928 1635 1965 meum
1654 1914 1993 1982 deprecabor.

425 1990 581 2061 Saepe
603 1994 804 2049 dictum
834 2006 917 2051 est
950 1997 1017 2051 de
1041 1999 1277 2054 clamore
1304 2004 1368 2054 ad
1400 2002 1706 2068 Dominum,
1751 2008 1892 2073 quod
1925 2008 1997 2062 sit

422 2082 541 2152 ejus
588 2086 756 2142 solius
788 2088 879 2157 qui
912 2104 1103 2159 magna
1149 2099 1203 2145 et
1250 2092 1494 2148 coelestia
1529 2096 1696 2165 cupit,
1733 2098 1993 2154 clamare.

425 2174 482 2227 Si
519 2174 644 2244 quis
672 2185 853 2231 autem
876 2192 1043 2248 parva
1075 2190 1130 2233 et
1156 2190 1369 2237 terrena
1417 2197 1447 2237 a
1481 2183 1590 2239 Deo
1636 2187 1894 2256 petierit,
1944 2190 1991 2244 is

423 2278 590 2330 parva
623 2274 679 2320 et
699 2265 935 2320 demissa
968 2282 1122 2334 voce,
1159 2283 1331 2337 eaque
1365 2286 1471 2326 non
1516 2275 1583 2326 ad
1612 2275 1844 2330 sublime
1869 2293 1993 2346 per-

425 2353 685 2422 tingente,
718 2370 819 2409 nec
854 2356 921 2410 ad
952 2356 1162 2412 Domini
1211 2373 1371 2416 aures
1406 2364 1757 2430 perveniente
1799 2366 1988 2421 utitur.

426 2441 588 2499 Vens.
627 2444 710 2501 ll).
749 2445 881 2511 ρυω
914 2449 1116 2503 utilitas
1165 2452 1219 2504 in
1252 2453 1508 2522 sanguine
1557 2471 1702 2521 meo,
1737 2459 1862 2511 dum
1900 2461 1993 2514 de-

420 2537 611 2589 scendo
641 2537 694 2590 in
732 2540 1163 2608 corruptionem?
1210 2542 1342 2608 Cur,
1392 2544 1589 2614 inquit,
1637 2548 1910 2605 clamavi?
1938 2563 1992 2607 et

417 2642 540 2697 quae
590 2637 643 2684 te
691 2630 977 2685 Dominum
1039 2646 1215 2687 meum
1245 2649 1312 2689 ac
1355 2636 1522 2692 Deum
1553 2656 1727 2694 meum
1763 2644 1992 2713 rogavi?

417 2720 578 2788 Quid,
605 2722 799 2791 inquit,
824 2723 961 2779 bona
985 2727 1167 2782 carnis
1196 2727 1530 2794 habitudine,
1558 2741 1649 2785 aut
1668 2734 1835 2788 multo
1865 2752 1991 2791 san-

415 2812 578 2881 guine
616 2815 748 2870 mihi
775 2830 910 2885 opus
937 2826 1021 2872 est
1055 2837 1068 2872 :
1097 2833 1223 2873 cum
1248 2834 1445 2891 corpus
1469 2824 1809 2882 dissolutioni
1846 2843 1990 2884 com-

417 2904 564 2958 muni
588 2905 769 2960 statim
793 2907 1111 2961 trademlnm
1134 2909 1323 2963 sit?At
1340 2913 1543 2982 castigo
1568 2931 1758 2985 corpus
1792 2935 1984 2987 meum,

413 3004 461 3049 et
491 2996 552 3050 in
578 2997 879 3052 servitutem
905 2999 1086 3068 redigo
1118 2999 1184 3066 “,
1235 3008 1294 3054 ut
1327 3016 1395 3057 ne
1443 3005 1678 3074 vigente,
1716 3010 1986 3082 nimisque

2095 1901 2195 1971 τῆς
2236 1904 2373 1974 πρὸς
2418 1904 2486 1959 τά
2532 1906 2672 1960 καλὰ
2706 1909 3069 1980 ἑτοιμότητος.
3111 1913 3538 1985 Ἠτοψάσθην
3570 1917 3703 1987 γὰρ,

2097 1994 2250 2063 φησὶ,
2282 1996 2378 2048 καὶ
2409 1998 2520 2050 οὐκ
2548 1998 2906 2069 ἐταράχθην.
2933 2003 3089 2070 Πρὸς
3111 2004 3205 2070 σὲ,
3233 2008 3452 2074 Κύριε,
3491 2010 3708 2079 κεκρὰο

2096 2084 2290 2154 ξομαι,
2321 2089 2418 2143 καὶ
2449 2090 2599 2158 πρὸς
2633 2090 2743 2144 τὸν
2769 2094 2916 2147 Θεόν
2945 2112 3065 2163 μου
3101 2095 3515 2168 δεηθήσομαι.
3563 2101 3703 2155 Πολ-

2094 2175 2251 2241 λάκις
2277 2179 2488 2252 εἴρηται
2518 2183 2646 2253 περ).
2676 2183 2770 2236 τοῦ
2799 2186 3128 2256 κεκραγέναι
3170 2190 3310 2260 πρὸς
3332 2192 3582 2263 Κύρων,
3616 2196 3701 2248 ὅτι

2096 2267 2255 2338 μόνου
2287 2268 2382 2322 τοῦ
2418 2271 2629 2341 μεγάλα
2660 2272 2755 2326 καὶ
2782 2275 3077 2346 ἐπουράνια
3119 2277 3541 2350 ἐπιθυμοῦντος
3582 2286 3699 2339 ἐστι

2091 2359 2152 2413 τὸ
2194 2360 2437 2432 κράζειν.
2485 2364 2548 2417 El
2574 2364 2631 2417 δέ
2680 2382 2765 2429 τις
2808 2366 2980 2438 μικρὰ
3006 2369 3099 2421 καὶ
3129 2370 3350 2438 ἐπίγεια
3380 2375 3579 2446 αἱτοέη
3606 2375 3700 2429 τὸν

2090 2450 2245 2518 Θεὸν,
2286 2456 2456 2524 μικρᾷ
2502 2455 2596 2508 καὶ
2646 2461 2872 2529 ταπεινῇ
2925 2460 3205 2531 κέχρηται·
3241 2465 3312 2533 τῇ
3366 2469 3563 2537 φωνῇ,
3620 2467 3693 2538 μὴ

2091 2542 2366 2620 φθανούσῃ
2414 2548 2493 2611 εἰς
2546 2547 2699 2618 ὕψος,
2750 2552 2884 2622 μηδὲ
2920 2554 3184 2626 ἐρχομένῃ
3223 2557 3305 2621 εἰς
3356 2558 3475 2623 τὰς
3522 2561 3695 2626 ἀκοὰς

2088 2634 2183 2690 τοῦ
2217 2637 2442 2708 Κυρίου.
2480 2640 2577 2706 Τίς
2598 2640 2851 2710 ὠφέλεια
2875 2644 2946 2697 ἐν
2973 2645 3052 2710 τῷ
3087 2647 3291 2717 αἵματί
3315 2666 3472 2717 μου,
3509 2652 3583 2706 ἐν
3614 2653 3693 2718 τῷ

2089 2731 2470 2785 καταϐαίνειν
2512 2734 2627 2803 (70)
2682 2752 2758 2804 με
2807 2738 2895 2802 εὶς
2937 2736 3306 2808 διαφθοράν;
3346 2743 3461 2809 Τί,
3500 2747 3689 2815 φησὶν,

2089 2821 2389 2893 ἐκέκραξα;
2436 2825 2527 2877 καὶ
2572 2827 2699 2897 περὶ
2733 2825 2875 2890 τίνος
2903 2827 3127 2902 ἐδεήθην
3153 2831 3296 2903 πρὸς
3330 2831 3395 2885 σὲ
3440 2835 3544 2890 τὸν
3573 2836 3691 2889 Κύ-

2089 2914 2202 2983 ριόν
2248 2931 2348 2985 μου
2393 2916 2487 2969 καὶ
2530 2916 2620 2970 τὸν
2661 2918 2792 2971 Θεὸν
2839 2936 2982 2990 μου;
3027 2920 3123 2987 Τις
3147 2938 3237 2993 μοι
3280 2926 3479 2997 χρεία,
3531 2928 3687 2998 φησὶ,

2088 3006 2290 3077 σαρκὸς
2321 3008 2615 3073 εὐπαθείας
2662 3010 2755 3063 καὶ
2802 3012 3032 3082 αἵματος
3072 3012 3345 3086 πλήθους,
3389 3020 3691 3091 μέλλοντος

413 3096 745 3141 θιωειυίιυιο
773 3102 893 3142 meo
916 3090 1215 3159 sanguine,
1245 3093 1589 3164 corpulentia
1632 3101 1846 3155 occasio
1888 3102 1983 3157 tiat

2136 3114 2208 3151 πον
2230 3098 2440 3153 οὐδέπω
2471 3102 2853 3171 παραδίδοσθαι
2888 3106 2952 3175 τῇ
2987 3109 3135 3178 κοινῇ
3167 3107 3419 3163 διαλύσει
3451 3113 3553 3166 τοῦ
3583 3113 3689 3167 σώ-

414 3179 642 3244 pcccati.
677 3177 839 3233 Carni
894 3189 998 3233 tua:
1048 3196 1117 3235 ne
1143 3182 1469 3254 obsequare,
1514 3201 1725 3256 somno,
1767 3190 1982 3261 balneo,

413 3285 478 3325 ac
503 3269 752 3324 mollibus
785 3271 1047 3337 culcitris,
1088 3287 1303 3343 semper
1325 3276 1464 3331 hanc
1488 3289 1739 3348 repetens
1764 3292 1986 3337 senten-

414 3360 543 3413 tiam
577 3376 592 3414 :
626 3359 758 3425 Qua:
782 3361 987 3415 utilitas
1013 3363 1066 3416 in
1102 3366 1359 3432 sanguine
1390 3382 1525 3433 meo,
1571 3370 1697 3423 dum
1724 3373 1983 3430 descendo

410 3449 469 3503 in
496 3452 929 3521 corruptionem?
954 3453 1090 3520 Quid
1129 3454 1281 3510 foves
1308 3459 1450 3527 quod
1481 3460 1641 3529 paulo
1674 3475 1789 3532 post
1814 3466 1983 3522 inter-

413 3544 613 3596 iturum
661 3544 790 3598 est?
830 3546 957 3613 quid
990 3551 1207 3617 saginas
1239 3558 1290 3604 te
1322 3552 1493 3620 ipsutn
1522 3562 1576 3608 et
1598 3556 1986 3627 pinguefacis?

410 3631 491 3684 An
516 3630 732 3701 ignoras
761 3634 901 3703 quod
928 3646 1132 3703 quanto
1156 3638 1407 3709 pinguius
1458 3642 1554 3697 tibi
1584 3658 1782 3714 corpus
1813 3650 1983 3704 conti-

411 3723 510 3789 (δῖε,
539 3732 689 3778 tanto
712 3727 1015 3794 graviorem
1050 3741 1329 3783 carcerem
1359 3733 1555 3787 animae
1582 3737 1788 3792 struis?
1820 3738 1980 3795 Nun-

409 3814 538 3885 quid
564 3815 899 3884 conﬁtebitur
927 3817 1021 3869 tibi
1044 3817 1239 3885 pulvis,
1284 3830 1377 3874 aut
1408 3826 1746 3880 annuntiabit
1786 3830 1981 3884 verita-

407 3919 512 3961 tem
558 3909 748 3961 tuam?
798 3908 1079 3974 Quomodo
1131 3912 1273 3964 enim
1323 3915 1604 3971 terrestris
1635 3932 1699 3972 ac
1740 3934 1977 3979 carneus

410 4000 571 4055 homo
602 4000 697 4055 tibi
741 4001 851 4056 Deo
892 4001 1279 4057 conﬁtebitur?
1339 4006 1610 4073 quomodo
1653 4023 1783 4065 vero
1810 4013 1976 4069 etiam

408 4090 751 4146 annuntiabit
780 4092 1080 4153 veritatem,
1122 4092 1214 4163 qui
1259 4108 1434 4162 neque
1483 4097 1780 4168 disciplinis
1829 4103 1977 4158 dedit

409 4194 618 4254 tempus
645 4184 834 4249 ullum,
867 4194 922 4240 et
944 4185 1100 4254 cujus
1126 4202 1281 4242 mens
1330 4189 1381 4242 in
1415 4198 1561 4245 tanta
1618 4195 1798 4250 carnis
1837 4200 1977 4253 mole

406 4276 619 4329 defossa
649 4283 733 4330 est
766 4290 830 4329 ac
852 4276 1083 4331 obruta?
1107 4275 1187 4333 Ob
1222 4279 1278 4333 id
1325 4280 1493 4349 igitur
1536 4298 1755 4341 carnem
1798 4306 1971 4346 meam

407 4383 643 4433 macero,
692 4383 790 4423 nec
846 4384 1009 4439 parco
1059 4384 1179 4426 meo
1222 4373 1493 4443 sanguini,
1544 4379 1635 4445 qui
1668 4379 1720 4433 in
1753 4395 1971 4437 carnem

2093 3207 2293 3260 ματος;
2343 3192 2494 3246 Ἀλλ’
2540 3193 2850 3254 ὑπωπιάζω
2890 3195 3001 3267 (71)
3040 3216 3159 3267 μου
3208 3200 3276 3253 τὸ
3315 3203 3536 3273 σῶμα,
3585 3209 3686 3261 καὶ

2087 3283 2463 3353 δουλαγωγῶ,
2515 3286 2709 3357 μήπως
2768 3288 3114 3354 εὐεκτοῦντος
3164 3292 3259 3345 κα)¹
3311 3294 3691 3366 ὑπερζέοντάς

2091 3394 2180 3447 μοι
2212 3376 2307 3430 τοῦ
2337 3377 2589 3448 αἵματος,
2626 3380 2846 3452 ἀφορμὴ
2875 3382 3009 3454 πρὸς
3032 3385 3311 3455 ἁμαρτίαν
3338 3389 3373 3457 ή
3404 3388 3689 3461 πολυσαρ-

2086 3469 2180 3522 κία
2219 3470 2462 3541 γένηται.
2493 3470 2584 3541 Μὴ
2609 3472 2869 3525 κολάκευέ
2895 3490 2988 3526 σου
3019 3475 3119 3546 τὴν
3154 3476 3338 3548 σάρκα
3362 3478 3566 3545 ὕπνοις
3591 3482 3689 3535 καὶ

2084 3561 2329 3633 λουτροῖς
2371 3563 2464 3615 καὶ
2505 3564 2767 3634 μαλακοῖς
2792 3567 3106 3638 στρώμασιν
3129 3610 3143 3633 ,
3184 3570 3273 3622 ἀεὶ
3308 3573 3595 3643 ἐπιλέγων
3626 3575 3687 3629 τύ

2085 3653 2236 3723 ῥῆμα
2266 3653 2426 3706 τοῦτο
2447 3672 2460 3686 ·
2498 3656 2591 3721 Τίς
2617 3656 2871 3725 ὠφέλεια
2896 3658 2967 3711 ἐν
2995 3658 3075 3723 τῷ
3102 3661 3468 3731 αἵματίμου,
3505 3667 3581 3719 ἐν
3608 3667 3687 3731 τῷ

2082 3745 2461 3798 καταϐαίνειν
2506 3763 2583 3815 με
2623 3750 2708 3812 εὶς
2753 3747 3083 3817 διαφθοράν
3101 3766 3122 3814 ;
3169 3752 3236 3803 Τί
3275 3756 3580 3825 περιέπεις
3627 3758 3686 3810 τὸ

2083 3835 2279 3905 μικρὸν
2309 3834 2532 3907 ὕστερον
2558 3837 3004 3909 φθαρησόμενονς
3031 3840 3082 3892 τί
3107 3845 3504 3910 καταπιαίνεις
3531 3864 3687 3900 σεαυ-

2077 3926 2168 3979 τὸν
2201 3926 2295 3981 καὶ
2322 3932 2709 4000 περισαρκοῖς;
2748 3931 3080 4000 Ἦσάγνοεῖς.
3112 3933 3193 3986 ὃτι
3220 3934 3333 4005 ὅσῳ
3355 3939 3685 4010 παχυτέραν

2076 4019 2176 4089 τὴν
2216 4021 2392 4089 σάρκα
2447 4020 2657 4091 σεαυτῷ
2712 4024 2904 4086 ποιεῖς,
2959 4023 3197 4094 τοσούτῳ
3243 4024 3560 4097 βαρύτερον
3611 4034 3679 4102 τῇ

2075 4108 2218 4179 ψυχῇ
2255 4111 2683 4176 κατασκευάζεις
2721 4114 2782 4165 τὸ
2819 4113 3221 4186 δεσμωτήριον;
3255 4118 3355 4185 Μὴ
3382 4118 3683 4189 ἐξομολο-

2075 4201 2325 4270 γήσεται
2345 4221 2441 4258 σοι
2465 4205 2633 4274 χοῦς,
2666 4207 2704 4274 ἢ
2729 4207 3050 4277 ἀναγγελεῖ
3062 4208 3176 4275 τὴν
3196 4209 3498 4277 ἀλήθειάν
3516 4228 3643 4269 σου
3659 4233 3681 4279 ;

2075 4295 2200 4357 Πῶς
2245 4296 2352 4366 γὰρ
2403 4298 2432 4348 ὁ
2486 4297 2668 4366 χοῖκὸς
2720 4297 3008 4370 ἄνθρωπος
3040 4301 3132 4353 καὶ
3167 4302 3426 4373 σάρκινος
3473 4302 3675 4377 ἐξομοο

2074 4386 2362 4458 λογήσεταί
2406 4405 2487 4440 σοι
2535 4388 2613 4458 τῷ
2641 4388 2795 4459 Θεῷ;
2851 4389 2970 4453 πῶς
3018 4391 3075 4443 δὲ
3115 4392 3209 4444 καὶ
3242 4394 3551 4462 ἀναγγελεί
3574 4398 3676 4467 τὴν

406 4459 709 4514 coalescere
733 4458 891 4525 solet,
933 4468 992 4515 ut
1024 4460 1473 4530 impedimentum
1503 4467 1709 4522 nullum
1744 4472 1875 4527 mihi
1905 4476 1977 4530 sit

2136 4480 2332 4550 ,ήθειαν
2373 4479 2488 4547 (72)
2537 4482 2567 4533 ὁ
2619 4458 2755 4552 μήτε
2806 4480 3090 4552 μαθήμασι
3125 4485 3315 4555 καιρὸν
3356 4458 3525 4553 δοὺς,
3577 4458 3673 4544 καὶ

408 4553 476 4608 ad
506 4552 927 4616 confessionem,
957 4566 1131 4622 neque
1157 4555 1227 4609 ad
1260 4555 1506 4612 veritatis
1540 4560 1973 4632 intelligentiam.

2081 4573 2139 4624 ἐν
2167 4571 2403 4642 τοσούτῳ
2438 4570 2594 4643 βάρει
2637 4573 2735 4642 τῆς
2776 4573 2977 4642 σαρκὸς
3004 4574 3095 4627 τὸν
3134 4573 3260 4628 νοῦν
3296 4577 3499 4631 ἑαυτοῦ
3538 4597 3673 4648 συγ-

401 4648 745 4720 κεχωσμένον
772 4648 944 4719 ἕχων;
983 4648 1082 4702 Διὰ
1110 4650 1267 4703 τοῦτο
1290 4651 1470 4706 τοίνυν
1500 4655 1717 4726 ἐκτήκω
1749 4676 1850 4728 μου
1886 4666 1988 4735 τὴν
2041 4667 2239 4739 σάρκα,
2302 4668 2394 4719 καὶ
2425 4665 2631 4735 ἀφειδῶ
2674 4666 2767 4719 τοῦ
2796 4668 3027 4737 αἵματος
3064 4669 3201 4738 ὅπερ
3225 4671 3305 4731 εἰς
3340 4671 3529 4741 σάρκα
3568 4674 3669 4726 πέ-

401 4756 539 4810 φυκε
581 4738 1056 4810 μεταπήγνυσθαι,
1108 4741 1195 4794 ἵνα
1244 4741 1408 4813 μηδέν
1464 4760 1552 4813 μοι
1685 4747 1798 4820 (75)
1848 4756 1987 4824 πρὸς
2028 4738 2469 4829 ἐξομολόγησινῆ
2506 4758 2642 4829 πρὸς
2662 4757 2760 4828 τὴν
2787 4758 2886 4828 τῆς
2922 4758 3179 4829 ἀληθείας
3214 4738 3556 4832 κατανόήσιν
3580 4767 3671 4836 ἐμο

401 4834 635 4887 ποδίζον.

469 4834 519 4886 δί
556 4850 635 4887 ον.

469 4833 713 4984 Ἄζνειιε.
744 4929 831 4984 Η.
857 4928 1075 4984 Audiuit
1110 4929 1382 4994 Dominus,
1401 4939 1709 4992 etmiserlus
1731 4950 1804 4993 est
1828 4944 1963 4998 mei:

2147 4943 2196 4996 7.
2228 4943 2492 4997 Ἤκουσε
2512 4941 2745 5008 Κύριος,
2779 4939 2875 4993 καὶ
2894 4939 3124 5008 ἠλέησέ
3144 4957 3221 5009 με
3242 4958 3255 4970 ·
3279 4943 3505 5009 Κύριος
3541 4943 3667 5013 ἐτέ-

465 5020 509 5053 ³⁹
534 5020 765 5089 Philipp.
791 5035 866 5085 tv,
888 5022 939 5076 7.
1014 5021 1059 5053 ἰο
1075 5020 1216 5077 Psal.
1242 5038 1431 5093 cxvnt,
1460 5026 1552 5082 60.
1627 5030 1668 5060 ⁸³
1694 5029 1858 5085 lCor.
1882 5034 2069 5099 111,27.

463 5116 577 5187 (68)
622 5115 799 5199 Editio
820 5114 1191 5199 Daris._5it_<psin
1224 5122 1357 5199 τοῖς.
1386 5121 1465 5199 _At
1506 5139 1635 5199 mss.
1660 5140 1772 5199 seu
1798 5127 1958 5199 ἀφίῃ.

394 5185 540 5258 Reg.
563 5195 749 5258 sextus
769 5185 979 5258 ἀφίησι.
1005 5185 1201 5242 Ibidem
1234 5191 1396 5258 aliqui
1432 5208 1560 5245 mss.
1591 5194 1683 5247 ἐπὶ
1702 5194 1782 5249 τό.

461 5256 573 5330 (69)
613 5256 726 5323 llla,
749 5257 837 5327 εἴη
868 5257 934 5311 ἂν
959 5260 992 5330 ἡ
1013 5260 1249 5330 ταραχή,
1281 5256 1475 5315 desunt
1501 5264 1550 5315 in
1583 5265 1787 5318 duolms
1814 5279 1942 5319 mss.

389 5328 672 5404 Aliquanto
718 5328 1127 5404 postmonnulli
1163 5328 1293 5404 mss.
1319 5331 1608 5404 εὐχόμεθα.
1640 5334 1744 5387 Alii
1785 5334 1957 5404 εὐχώ-

392 5399 550 5474 μεθα.
583 5395 872 5474 Μοῂθιιὶιί
919 5399 1114 5474 ἥσυχοι
1163 5400 1259 5474 καὶ
1302 5395 1483 5472 πρὲῖοί.
1523 5402 1629 5457 Sed
1668 5419 1770 5458 vox
1815 5395 1955 5474 ῆὲυ-

389 5482 473 5537 χοι
488 5469 649 5537 deest
679 5468 731 5519 in
762 5469 962 5522 nostris
991 5468 1237 5522 undecim
1273 5468 1401 5525 mss.

409 5525 423 5537 ’
459 5536 591 5615 (7(1)~
611 5534 779 5615 Coll);
804 5548 1033 5615 quartus
1096 5540 1317 5605 perinde
1363 5550 1525 5609 atque
1764 5544 1822 5615 ἐν
1869 5544 1949 5615 τῷ

388 5604 709 5723 καὲαᾷῆναι.
740 5605 878 5660 Editi
912 5621 1040 5661 vero
1069 5604 1125 5662 et
1156 5624 1284 5664 mss.
1315 5624 1418 5665 non
1437 5604 1611 5679 'pauci
1641 5614 1699 5666 ἐν
1742 5613 1819 5683 τῷ
1854 5604 1954 5666 xci—

388 5690 455 5723 τα
494 5690 681 5723 αινειν.

388 5690 608 5725 ταοαινε
615 5690 681 5725 ιν.

461 5744 574 5811 (7t)
611 5740 724 5797 Duo
756 5758 885 5801 mss.
929 5760 1050 5802 cum
1102 5755 1249 5806 textu
1294 5762 1453 5805 sacro
1486 5750 1807 5816 ὑπωπιάζω.
1843 5751 1952 5809 Alii

2069 5127 2174 5182 duo
2208 5122 2533 5185 ὐποπιάζω,
2575 5130 2851 5188 corrupte,
2898 5134 2997 5188 pro
3027 5117 3355 5181 ὑπωπιάζω.
3402 5116 3661 5176 Nonnulli

2068 5196 2156 5249 alii
2189 5191 2647 5262 D‘l‘tOﬁtéCwLMOx
2679 5190 2832 5262 Regii
2870 5190 3141 5262 secundus
3168 5198 3223 5242 et
3258 5190 3455 5262 tertius
3484 5190 3665 5262 ὐπερ-

2063 5264 2279 5330 ζέοντός
2310 5279 2435 5333 μου.
2478 5260 2622 5333 Editi
2655 5268 2710 5311 et
2744 5259 2836 5312 alii
2851 5259 3086 5333 ﬂuidam
3123 5273 3253 5333 mss.
3273 5258 3658 5333 parapgégyza;

2065 5327 2177 5406 μοι.
2214 5327 2324 5406 Nec
2370 5333 2441 5406 it_a
2472 5329 2645 5406 multo
2680 5337 2804 5396 post
2851 5327 2986 5397 Reg.
3033 5328 3240 5406 tertius_
3272 5327 3459 5406 habet.
3489 5332 3659 5406 ῥητάν

2058 5396 3143 5537 aut“3.5322523"saxeae:
3170 5396 3251 5469 τῷ
3276 5396 3657 5455 “eam

2145 5492 2155 5526 l
2189 5489 2238 5525 ιο
2272 5488 2299 5521 v
2587 5506 2600 5520 ,
3134 5506 3149 5521 .

2130 5485 2238 5526 lllIO
2272 5485 2398 5524 vero
2428 5485 2600 5522 rarts.
2631 5485 2689 5521 εν
2722 5485 2800 5538 τῳ
2826 5485 3149 5537 καταοηναι.

2130 5543 2244 5611 (Η)
2285 5539 2438 5595 Unus
2472 5537 2865 5611 ιιιεχάλήθειάν
2895 5553 3013 5593 σου.
3044 5537 3247 5611 Ibidem
3275 5538 3448 5592 editio
3474 5538 3654 5595 Paris.

2061 5607 2309 5684 {subiisse
2328 5608 2542 5684 καιρόν..
2574 5607 2845 5684 δοίῐηιεε.
2871 5618 3007 5684 octo
3031 5607 3339 5677 μαθήμασ..

2132 5675 2245 5750 (75)
2295 5675 2445 5743 Illud,
2497 5675 2554 5750 ᾖ,
2603 5680 2849 5750 deest._in
2892 5675 3316 5750 Colb._quartq._
3355 5678 3423 5750 In
3458 5679 3655 5750 eodem

2059 5735 2148 5809 iud
2202 5735 2394 5808 codice
2433 5735 2629 5808 'sa‘it'im
2676 5748 2872 5818 legitur
2915 5735 3222 5815 ἐμποδίζοι.
3271 5745 3430 5803 Haud
3488 5747 3651 5818 longe
