3818 6220
139 307 264 363 321

1322 309 1601 367 llflMlLlA
1641 310 1708 366 IN
1748 313 2077 371 PSALMUM
2116 316 2308 372 XXIX.

3342 322 3450 378 5‘22

135 421 323 490 νήθη
353 421 586 487 ,Βοηθός
630 436 770 490 μου.
817 418 973 473 Μετὰ
1017 419 1080 474 τὸ
1118 409 1479 493 διηγήσασθαι
1519 423 1640 477 τίνα
1694 420 1710 479 i

1863 425 2125 482 Dominus
2156 428 2334 498 [actus
2358 435 2438 481 est
2470 427 2692 497 adjutor
2716 443 2884 484 metu.
2927 428 3222 501 Postquam
3260 446 3450 488 narra'

134 514 181 570 ἃ.
218 515 370 587 πρὸς
391 514 483 567 τὸν
504 513 637 566 Θεὸν
660 511 976 584 ἐκέκραξεν,
1012 512 1173 578 εὐθὺς
1200 515 1519 587 αἰσθόμενος
1546 517 1646 589 τῆς
1665 519 1761 571 ἀν-

137 609 441 680 τιλήψεως
478 606 574 660 τοῦ
607 605 764 670 Θεοῦ,
813 606 1114 679 παρορμῶν
1160 610 1308 680 ἡμᾶς
1345 609 1481 683 πρὸς
1507 612 1607 682 τὴν
1650 611 1760 666 τῶν

136 701 366 770 ὁμοίιον
392 700 625 770 αἴτησιν,
663 699 940 762 Ἤκουσε,
968 701 1124 772 φησί,
1148 702 1382 770 Κύριος,
1408 703 1508 757 καί
1527 703 1760 772 ἠλέησέ

137 811 224 864 με
254 809 272 823 ⁸
321 794 541 861 Κύριος
577 790 832 861 ἐγενήθη
867 792 1098 861 ,βοηθός
1120 813 1260 863 μου.
1313 795 1619 867 Εύχώμεθα
1665 792 1759 852 οὖν

139 886 251 940 καὶ
298 887 503 957 ἡμεῖς,
556 885 649 938 καὶ
689 883 983 955 κράξωμεν
1032 884 1130 957 τὴν
1177 889 1551 960 πνευματικὴν
1605 888 1755 961 βοὴν,

139 977 475 1048 αἰτούμενοι
501 961 567 1030 τὰ
605 976 835 1047 μεγάλα,
871 977 945 1048 μὴ
967 979 1402 1052 ἀντιποιούμενοι
1428 984 1527 1052 τῆς
1555 982 1758 1054 σαρκὸς

140 1068 238 1139 (Ol
267 1069 384 1138 γὰρ
407 1069 478 1121 ἐν
507 1070 687 1137 σαρκί
719 1069 910 1136 ὄντες,
939 1070 1061 1136 Θεῷ
1091 1071 1303 1139 ἀρέσαι
1332 1075 1404 1127 οὑ
1424 1073 1753 1142 δύνανται),

140 1160 245 1215 ἵνα
280 1162 380 1214 καὶ
410 1160 568 1232 ήμῶν
600 1161 882 1236 ἐπακούσῃ
922 1164 951 1216 6
983 1162 1209 1235 Κύριος,
1245 1164 1475 1236 ἐλεήσας
1508 1167 1665 1238 ήμῶν
1695 1167 1756 1220 τὸ

140 1251 409 1319 ἀσθενὲς,
454 1252 547 1304 καὶ
582 1255 682 1321 της
731 1250 882 1316 θείας
931 1251 1182 1323 βοηθείας
1213 1252 1620 1320 ἀπολαύσαντες
1660 1256 1755 1310 καὶ

142 1345 322 1414 ἡμεῖς
363 1344 639 1414 εἴπωμεν·
689 1345 1034 1413 Ἕστρεψας
1073 1345 1182 1398 τόν
1223 1347 1480 1400 κοπετόν
1514 1365 1633 1415 μου
1666 1350 1755 1413 εἰς

140 1434 360 1504 χαρὰν
380 1435 532 1504 ἐμοί.
582 1436 655 1489 Οὐ
686 1438 754 1507 τῇ
784 1437 1021 1509 τυχούσῃ
1052 1436 1196 1509 ψυχῇ
1226 1439 1259 1510 ή
1290 1439 1400 1492 ἀπὸ
1428 1439 1563 1493 Θεοῦ
1608 1441 1753 1513 χαρὰ

142 1527 460 1597 ἐγγίνεται,
501 1526 615 1581 ἀλλ’
643 1526 698 1581 εί
732 1545 818 1591 τις
862 1527 1035 1582 πολλὰ
1066 1530 1165 1601 τήν
1194 1531 1469 1603 ἁμαρτίαν
1494 1531 1591 1602 τὴν
1624 1534 1752 1586 ἐαυ-

141 1619 249 1674 τοῦ
307 1618 728 1684 ἀπεκλαύσατο,
786 1621 1027 1692 ἰσχυροῖς
1086 1621 1341 1693 ὀδυρμοῖς
1389 1624 1484 1677 καὶ
1533 1624 1752 1696 θρήνοις

140 1710 482 1781 διηνεκέσιν,
516 1711 592 1775 ὡς
631 1712 725 1765 ἐπ)⁵
754 1711 1012 1766 τεθνεῶτι
1057 1712 1236 1785 ἑαυτῷ
1282 1714 1511 1769 κοπετὸν
1557 1717 1748 1788 ἐποιή-

1864 518 1941 572 vit
1970 534 2219 589 quamam
2274 517 2478 575 fuerint
2537 534 2658 589 quae
2694 520 2808 590 ipse
2865 521 2930 577 ad
2986 522 3271 581 Dominum
3329 527 3446 582 cla-

1862 610 2050 671 mavit,
2105 608 2288 663 statim
2330 608 2424 663 Dei
2484 609 2725 664 sentiens
2785 610 3071 681 auxilium,
3114 629 3213 669 nos
3262 617 3329 670 ad
3358 631 3450 686 pe-

1863 702 2021 755 tenda
2055 701 2249 756 similia
2275 711 2556 772 provocat.
2599 705 2854 769 Audivit,
2905 707 3117 776 inquit,
3155 708 3439 775 Dominus,

1860 801 1907 843 et
1939 791 2183 844 misertus
2198 801 2272 845 est
2290 793 2390 846 mei
2407 808 2426 846 :
2452 792 2710 848 Dominus
2729 796 2904 863 factus
2926 808 3003 851 est
3030 799 3251 868 adjulor
3270 818 3437 857 meus.

1860 880 2093 938 Oremus
2116 884 2281 955 igitur
2306 893 2363 938 et
2394 900 2514 947 nos,
2548 900 2611 940 ac
2649 886 2987 955 spiritualem
3013 888 3310 945 clamorem
3334 892 3442 947 cla-

1860 988 2092 1039 memus,
2126 990 2232 1029 non
2282 990 2446 1045 parva
2496 988 2759 1042 petentes,
2802 995 2901 1034 nec
2952 983 3101 1035 carni
3162 984 3441 1039 studentes

1859 1061 1989 1133 (Qui
2022 1064 2160 1116 enim
2183 1065 2241 1117 in
2257 1080 2413 1118 carne
2444 1075 2586 1132 sunt,
2606 1066 2714 1120 Deo
2731 1067 2939 1135 placere
2968 1086 3072 1123 non
3094 1087 3313 1140 possunt
3344 1072 3435 1143 δ’),

1859 1163 1917 1207 ιιι
1947 1164 2002 1206 et
2030 1169 2130 1209 nos
2160 1155 2420 1210 exaudiat
2450 1155 2613 1220 Deus,
2643 1159 2972 1215 debilitatem
3009 1174 3249 1217 nostram
3280 1165 3441 1219 misc-

1858 1255 2030 1307 ralus,
2066 1254 2231 1313 atque
2275 1247 2480 1301 auxilio
2521 1248 2707 1303 divino
2752 1248 2902 1305 fruiti
2941 1254 3106 1307 etiam
3154 1270 3253 1311 nos
3282 1257 3438 1313 dica-

1856 1348 1975 1387 mus
2005 1350 2020 1388 :
2059 1334 2222 1390 Vsus.
2256 1335 2344 1388 12.
2384 1334 2701 1393 Convertiin
2725 1338 2998 1409 planctum
3023 1359 3193 1398 meum
3221 1345 3274 1399 in
3299 1361 3437 1415 gau~

1854 1425 2000 1478 dium
2048 1426 2199 1480 mihi.
2254 1426 2370 1482 Non
2410 1428 2461 1481 in
2493 1430 2735 1499 qualibet
2761 1433 2940 1486 anima
2994 1434 3136 1489 inest
3181 1438 3436 1506 gaudium

1857 1517 1949 1571 Dei
1977 1534 1992 1570 :
2026 1517 2119 1571 sed
2145 1518 2191 1571 si
2223 1519 2346 1589 quis
2381 1519 2607 1574 multum
2637 1532 2923 1591 peccatqu
2949 1540 3107 1578 suum
3142 1527 3432 1596 planxerit,

1854 1610 2162 1664 vehementi
2216 1610 2470 1666 videlicet
2509 1613 2678 1675 luctu,
2729 1624 2785 1669 et
2835 1616 3070 1671 assiduis
3102 1620 3431 1688 gemitibus,

1852 1703 2079 1770 perinde
2102 1704 2258 1773 quasi
2289 1719 2349 1760 se
2385 1706 2499 1775 ipse
2530 1717 2801 1762 mortuum
2835 1709 3156 1779 plauxissct,
3195 1713 3321 1768 huic
3346 1715 3435 1771 isti

144 1818 324 1869 σατο,
353 1804 446 1857 τοῦ
478 1804 722 1858 τοιούτου
756 1805 786 1857 ὁ
820 1805 1049 1870 κοπετὸς
1095 1808 1174 1870 εἰς
1216 1807 1391 1877 χαρὰν
1440 1805 1706 1880 στρέφετα

1855 1796 2107 1862 planctus
2144 1795 2196 1849 in
2237 1796 2490 1867 gaudium
2519 1800 2767 1856 vertitur.
2800 1802 3162 1869 Quod'autcm
3193 1805 3436 1863 laudabi.

146 1898 285 1965 ζοτι
325 1899 385 1953 δέ
419 1902 569 1954 ἐστιν
604 1899 906 1965 ἐπαινετῶς
955 1900 1260 1971 κόψασθαι,
1306 1902 1556 1975 δηλοῦσιν
1598 1907 1647 1958 οἰ
1692 1907 1751 1960 ἐν

142 1995 278 2055 ταῖς
303 1994 529 2064 ἀγοραῖς
559 1991 858 2063 καθήμενοι
913 1993 1120 2058 παῖδες,
1156 1996 1204 2047 οἰ
1239 1994 1516 2062 λέγοντες·
1555 1997 1752 2066 Ἐθρη-

140 2080 435 2151 νήσαμεν
460 2082 623 2152 ὑμῖν,
668 2082 767 2136 καὶ
807 2085 921 2136 οὐκ
955 2083 1266 2152 ἐκόψασθε
1295 2084 1440 2156 (74)’
1476 2086 1753 2155 ηὺλήσα-

141 2187 269 2243 μεν
288 2172 453 2243 ὑμῖν,
485 2173 585 2227 καὶ
609 2175 720 2228 οὐκ
745 2171 1126 2243 ὠρχήσασθε.
1158 2176 1312 2228 Ἐστι
1339 2176 1397 2230 δὲ
1423 2178 1453 2230 6
1479 2176 1640 2242 αὐλὸς
1660 2177 1752 2251 δρ-

144 2279 323 2333 γανον
346 2264 611 2336 μουσικὸν
655 2263 925 2336 πνεύματι
974 2263 1224 2337 συνεργῷ
1267 2266 1406 2338 πρὸς
1465 2266 1562 2340 τὴν
1624 2269 1751 2340 μελ-

144 2356 322 2426 ῳδίαν
338 2355 640 2428 χρώμενον.
660 2355 861 2428 Διόπερ
894 2352 1048 2426 οἶμαι
1077 2357 1256 2411 πάντα
1282 2356 1436 2426 ἅγιον
1462 2359 1751 2431 προφήτην

144 2447 319 2501 αὐλὸν
353 2446 626 2520 τροπικῶς
665 2447 1029 2519 ὀνομάζεσθαι
1072 2447 1160 2502 διὰ
1200 2447 1299 2521 τὴν
1341 2451 1405 2504 ἐκ
1450 2451 1546 2504 τοῦ
1590 2451 1746 2520 ἁγίου

146 2536 475 2608 Πνεύματος
527 2537 761 2607 κίνησιν.
814 2538 1046 2610 Διόπερ,
1114 2540 1312 2610 φησὶν,
1375 2540 1749 2611 Ηύλήσαμεν

142 2629 318 2699 ὑμῖν,
351 2629 450 2683 καὶ
468 2632 580 2685 οὐκ
600 2631 983 2701 ὠρχήσασθε.
1021 2633 1084 2684 Ol
1109 2631 1219 2703 γὰρ
1246 2633 1572 2704 προφητικοί
1598 2633 1747 2703 λόγοι

144 2720 560 2792 προτρέπονται
618 2722 770 2793 ήμᾶς
816 2720 911 2774 ἐπὶ
969 2719 1069 2792 τὴν
1115 2718 1385 2792 εὔρυθμον
1434 2719 1536 2791 τῆς
1583 2720 1747 2790 ἁγίας

144 2813 490 2886 προφητείας
526 2814 829 2887 ἐνέργειαν,
887 2814 1009 2885 ἥτις
1048 2813 1261 2885 εἴρηται
1292 2813 1538 2884 ὄρχησις.
1586 2811 1745 2867 Ἀλλὰ

146 2906 246 2958 καὶ
282 2904 570 2978 θρηνοῦσιν
599 2907 732 2977 ἡμῖν
772 2905 820 2957 οἱ
867 2905 1142 2976 προφῆται
1168 2944 1182 2967 ,
1232 2904 1312 2967 εἰς
1340 2902 1745 2974 κοπετὸνήμᾶς

146 2999 608 3070 προκαλούμενοι,
642 2999 750 3063 ἵνα,
784 2999 862 3062 εἰς
887 2996 1240 3068 συναίσθησιν
1273 2995 1518 3060 ἐλθόντες
1549 2997 1614 3049 ἐκ
1636 2997 1744 3050 τῶν

150 3091 511 3163 προφητικῶν
532 3079 707 3160 λόγων
733 3090 828 3143 ἐπὶ
855 3092 969 3153 τοῖς
997 3087 1206 3142 ἐαυτῶν
1241 3088 1620 3190 ἁμαρτήμασι,
1648 3105 1745 3190 καί-
1769 3130 1813 3190 c

145 3182 582 3253 ταπενθήσωμεν
617 3180 774 3253 ήμῶν
822 3181 922 3253 τὴν
967 3179 1241 3234 ἀπώλειαν
1264 3221 1279 3246 ,
1317 3181 1374 3232 ἐν
1421 3180 1614 3244 κόποις
1652 3181 1744 3233 καὶ

150 3273 371 3344 μόχθοις
411 3274 511 3345 τὴν
559 3273 739 3346 σάρκα
791 3272 950 3344 ἡμῶν
1002 3270 1438 3335 καταπιέσαντες
1473 3270 1605 3342 (75).
1653 3268 1745 3342 Τῷ

147 3365 379 3438 τοιούτῳ
422 3366 604 3419 τοίνυν
643 3367 1079 3438 περιρρήγνυται
1132 3363 1229 3435 μὲν
1266 3363 1327 3416 τὸ
1357 3361 1610 3417 πενθικδν
1656 3362 1743 3418 ἕν-

146 3456 318 3529 δυμα,
364 3457 393 3510 ὃ
423 3456 782 3512 καταπενθῶν
829 3457 1020 3510 ἐαυτοῦ
1051 3456 1151 3527 τὴν
1178 3456 1454 3527 ἁμαρτίαν
1487 3455 1744 3527 περιεδὰ-

147 3553 292 3607 λετο.
344 3551 686 3625 Περιτίθεται
714 3551 771 3604 δὲ
802 3550 952 3622 αὐτῷ
988 3552 1016 3604 ὁ
1049 3548 1215 3622 χιτὼν
1247 3549 1348 3620 τῆς
1378 3548 1740 3622 εὐφροσύνης,

148 3644 335 3699 καὶτὸ
381 3644 595 3715 ίμὰτιον
638 3643 732 3698 τοῦ
766 3641 1057 3713 σωτηρίου,
1095 3641 1165 3695 τὰ
1197 3640 1399 3713 φαιδρὰ
1430 3639 1602 3694 ταῦτα
1647 3642 1743 3696 καὶ

148 3738 363 3811 γαμικὰ
384 3737 679 3808 ἐνδύματα,
707 3730 790 3800 οἷς
819 3736 848 3788 6
872 3734 1288 3806 κεκοσμημένος
1316 3737 1381 3787 ἐκ
1406 3732 1500 3787 τοῦ
1524 3733 1745 3806 νυμφῶ-

149 3846 241 3894 νος
268 3831 367 3883 οὐκ
397 3827 814 3900 ἐκϐληθήσεται.
846 3825 1171 3895 Διέρῤηξας
1198 3824 1307 3879 τὸν
1340 3822 1574 3879 σάκκον
1594 3841 1738 3894 μου,

150 3922 251 3975 καί
275 3919 630 3989 περιέζωσὰς
649 3936 726 3989 με
743 3919 1156 3988 εὐφροσύνην.
1182 3917 1451 3989 Συνεργὸς
1473 3916 1553 3980 εἰς
1576 3915 1741 3987 μετά-

148 4028 298 4066 νοιαν
316 4013 345 4065 6
368 4012 590 4077 σάκκος,
612 4009 996 4074 ταπεινώσεως
1021 4009 1286 4082 ὑπάρχων
1313 4009 1581 4081 σύμϐολον
1603 4009 1736 4081 (76).

150 4105 343 4161 Πάλαι
365 4108 475 4176 γὰρ
507 4104 585 4160 ἂν
616 4104 687 4159 ἐν
718 4105 948 4171 σάκκῳ,
999 4104 1155 4176 φησὶ,
1206 4102 1307 4156 καὶ
1349 4102 1560 4169 σποδῷ
1595 4106 1738 4158 καθ-

149 4198 355 4270 ήμενοι
368 4199 768 4269 μετενόησαν.
785 4197 940 4251 Ἐπεὶ
967 4197 1025 4251 δὲ
1047 4199 1077 4250 6
1110 4195 1430 4260 Ἀπόστολος
1461 4195 1573 4266 (77)
1602 4198 1742 4251 ἀνα·

150 4292 576 4362 κεκαλυμμένοι
612 4289 912 4359 προσώπιιι
947 4287 1063 4357 τὴν
1100 4286 1297 4356 αὐτὴν
1327 4289 1532 4342 εἰκόνα
1573 4304 1739 4358 μετα-

153 4383 451 4457 μορφοῦται
480 4382 601 4438 ἀπὸ
629 4382 819 4451 δόξης
847 4385 936 4448 εὶς
961 4380 1170 4446 δόξαν,
1193 4380 1293 4452 τὴν
1312 4380 1559 4434 δοθεῖσαν
1586 4378 1738 4451 αὐτῷ

1852 1884 1919 1941 lis
1944 1887 2016 1942 sit
2044 1887 2218 1944 luctus
2244 1891 2483 1960 quidam,
2515 1895 2807 1949 ostendunt
2828 1897 2977 1964 pueri
3010 1898 3060 1951 in
3086 1898 3205 1955 foro
3237 1900 3435 1956 seden-

1853 1988 1935 2033 tes
1966 1995 2030 2035 ac
2056 1980 2302 2037 dicentes
2328 1999 2343 2037 :
2372 1982 2679 2039 Lamentati
2716 2003 2900 2042 sumus
2931 1989 3096 2053 vobis,
3116 2001 3285 2045 etnon
3315 1990 3434 2059 plo-

1851 2073 2014 2127 rastia
2036 2089 2058 2129 :
2105 2077 2435 2131 cantavimus
2468 2076 2612 2131 vobis
2645 2078 2811 2145 tibiis,
2846 2089 2898 2134 et
2947 2097 3052 2136 non
3083 2083 3321 2138 saltauit
3361 2082 3430 2140 “.

1851 2162 2005 2218 Tibia
2038 2174 2219 2221 autem
2246 2167 2664 2224 instrumentum
2713 2172 2978 2227 musicum
3006 2183 3110 2238 est,
3146 2176 3292 2245 quod
3335 2175 3433 2230 ﬂa-

1852 2261 1941 2308 tus
1975 2269 2076 2325 ope
2106 2255 2350 2312 melodize
2382 2257 2632 2316 inservit.
2678 2257 2888 2316 Idcirco
2923 2275 3174 2318 sanctum
3201 2266 3434 2334 quemli-

1850 2346 1944 2401 bet
1968 2348 2287 2418 prophetam
2328 2350 2514 2406 tibiam
2543 2368 2640 2422 per
2692 2354 3106 2410 translationem
3159 2358 3431 2414 nominari

1849 2438 2106 2507 arbitror,
2146 2443 2218 2497 ob
2275 2444 2451 2499 sancti
2493 2444 2729 2514 Spiritus
2753 2455 2976 2503 motum.
3016 2446 3383 2516 Quamobrem
3411 2491 3430 2518 ,

1849 2531 2045 2602 inquit,
2076 2531 2416 2590 Cantavimus
2439 2536 2580 2591 vobis
2611 2538 2779 2603 tibiis,
2802 2548 2853 2593 et
2878 2555 2982 2595 non
3007 2541 3265 2597 saltastia.
3294 2544 3429 2597 Nam

1847 2624 2150 2694 pr0phetici
2174 2639 2458 2682 sermones
2482 2628 2841 2685 adhortantur
2860 2645 2957 2684 nos
2986 2631 3053 2685 ad
3075 2643 3277 2688 sanctae
3305 2649 3433 2703 pro-

1845 2715 2042 2785 phetize
2060 2716 2380 2771 concinnam
2403 2720 2694 2786 actionem,
2720 2735 2839 2789 quae
2853 2721 2993 2777 dicta
3005 2722 3249 2794 131est
3268 2724 3434 2779 salta-

1847 2806 2092 2874 tio.Quiu
2108 2807 2271 2862 etiam
2288 2818 2472 2865 nostra
2491 2825 2652 2866 causa
2668 2811 3033 2868 lamentantur
3047 2819 3343 2886 prophetae,
3360 2819 3430 2874 ad

1847 2897 2051 2954 luctum
2082 2914 2181 2955 nos
2213 2901 2591 2971 cohortantes,
2619 2913 2676 2958 ut
2701 2919 2797 2974 per
2838 2908 3184 2976 propheticos
3213 2924 3427 2965 sermo-

1847 3005 1945 3046 nes
1975 3001 2326 3059 peccatorum
2363 3004 2674 3049 nostrorum
2706 2998 2909 3052 conscii
2946 2999 3156 3065 ell'ecti,
3196 3002 3425 3057 exitium

1847 3092 2094 3137 nostrum
2119 3082 2424 3151 lugeamus,
2465 3085 2743 3142 laboribus
2784 3105 2848 3144 ac
2887 3093 3146 3147 arumnis
3200 3109 3425 3151 carnem

1847 3184 2086 3229 nostram
2118 3177 2465 3247 castigantes.
2495 3176 2612 3233 Tali
2640 3180 3026 3248 igiturhomini
3052 3183 3298 3240 luctuosa
3327 3203 3425 3242 ve-

1845 3267 1946 3321 stis
1967 3268 2362 3335 conscinditur,
2392 3284 2701 3338 quamcum
2749 3282 3035 3343 peccatum
3085 3290 3243 3331 suum
3279 3278 3426 3347 plan-

1844 3365 2019 3425 geret,
2057 3356 2331 3412 induerat.
2386 3357 2630 3428 Denique
2661 3359 2710 3414 ei
2759 3361 3191 3432 circumpouitnr
3240 3364 3425 3420 tunica

1844 3447 2062 3512 lmtitiae,
2088 3456 2145 3503 et
2170 3447 2392 3517 pallium
2427 3449 2644 3515 salutis,
2669 3450 2953 3522 splendida
2995 3453 3207 3508 scilicet
3249 3454 3339 3509 illa
3369 3464 3427 3512 et

1844 3539 2111 3609 nuptialia
2140 3541 2484 3605 indumenta,
2516 3543 2716 3613 quibus
2751 3545 2798 3599 si
2832 3545 2956 3614 quis
2984 3544 3146 3600 fuerit
3171 3556 3422 3610 ornatus.

1843 3647 1874 3688 e
1899 3633 2129 3701 nuptiali
2156 3633 2393 3689 thalamo
2429 3650 2537 3688 non
2568 3636 2834 3706 ejicietur.
2862 3636 3183 3694 Conscidisti
3211 3654 3424 3695 saccum

1841 3741 2037 3789 meum,
2054 3736 2104 3780 et
2119 3726 2515 3781 circumdedisti
2529 3743 2611 3782 me
2637 3728 2849 3783 laetitia.
2870 3728 3074 3785 Saccus
3106 3730 3425 3801 adjumeuto

1841 3825 1926 3872 est
1975 3816 2042 3871 ad
2087 3817 2483 3887 paenitentiam,
2533 3832 2656 3873 cum
2707 3820 2921 3889 signum
2968 3824 3041 3875 sit
3077 3820 3420 3877 humilitatis.

1843 3905 1986 3963 Olim
2016 3909 2184 3973 enim,
2219 3908 2413 3978 inquit,
2447 3909 2504 3963 in
2528 3923 2681 3962 sacco
2703 3918 2753 3963 et
2793 3911 2966 3963 cinere
2999 3913 3235 3965 sedentes
3260 3914 3425 3982 paeni-

1841 4000 2060 4054 tentiam
2091 4009 2309 4069 egerunt
2337 3997 2405 4052 “.
2429 3999 2694 4066 Quoniam
2734 4013 2864 4054 vero
2894 4000 3221 4070 Apostolus,
3279 4019 3424 4058 reuc-

1838 4092 1951 4147 lata
1985 4093 2142 4162 facie,
2188 4093 2258 4147 ad
2313 4093 2548 4146 eamdem
2597 4091 2882 4160 imaginem
2936 4092 3360 4149 transformatur
3387 4112 3423 4151 ε

1837 4184 2011 4256 gloria
2028 4185 2084 4239 in
2104 4184 2330 4256 gloriam
2343 4184 2412 4249 ης
2443 4183 2641 4239 idcirco
2665 4183 2845 4238 datam
2869 4183 2972 4239 sibi
2997 4200 3026 4239 a
3051 4184 3281 4240 Domino
3297 4201 3421 4257 gra-

1840 4279 1991 4343 tiam,
2023 4276 2299 4347 propriam
2332 4276 2559 4345 gloriam
2585 4286 2764 4331 vocat.
2804 4275 2966 4333 Vnus.
3001 4278 3090 4332 15.
3135 4275 3208 4332 Ut
3240 4288 3420 4333 cantet

1838 4368 1936 4422 tibi
1951 4367 2125 4438 gloria
2149 4383 2287 4422 mea.
2305 4365 2489 4422 Gloria
2514 4366 2670 4435 justi,
2691 4367 2916 4437 spiritus
2940 4368 3029 4437 qui
3074 4367 3124 4421 in
3164 4368 3284 4438 ipso
3312 4378 3417 4424 est.

150 4477 306 4548 χάριν
337 4475 445 4529 ἀπὸ
468 4475 565 4528 τοῦ
596 4474 803 4546 Κυρίου
852 4473 990 4527 ἰδίαν
1028 4471 1178 4541 λέγει
1205 4472 1384 4539 δόξαν.
1439 4471 1632 4537 Ὅπως
1657 4469 1710 4525 ἂι

1850 4460 2096 4529 Quisquis
2123 4460 2288 4529 igitur
2323 4460 2515 4531 spiritu
2552 4460 2755 4531 psallit,
2787 4462 2934 4515 dicat
2965 4479 2978 4516 :
3032 4459 3100 4515 Ut
3124 4469 3300 4515 cantet
3325 4462 3420 4516 tibi

148 4567 317 4638 ψάλῃ
343 4582 440 4621 σοι
461 4568 498 4634 ἠ
525 4565 674 4630 δόξα
685 4583 825 4635 μου.
844 4565 982 4631 Δόξα
1012 4564 1221 4619 δικαίου
1252 4565 1314 4618 τὸ
1338 4562 1553 4634 πνεῦμα
1578 4562 1640 4616 τὸ
1671 4564 1730 4615 ἐν

150 4659 314 4730 αὐτῷ.
367 4660 424 4712 Ὁ
455 4654 549 4712 οὖν
575 4657 793 4727 ψάλλων
816 4656 895 4728 τῷ
932 4656 1227 4728 πνεύματι,
1258 4655 1465 4726 λεγέτω
1484 4672 1498 4686 ο
1530 4656 1731 4720 Ὅπως

1836 4555 2008 4626 gloria
2035 4571 2174 4619 mea,
2212 4564 2260 4607 et
2290 4569 2393 4607 non
2417 4568 2760 4622 compungar.
2796 4552 2911 4607 Non
2940 4552 3188 4623 amplius,
3220 4553 3417 4622 inquit,

1837 4647 2122 4703 admittam
2150 4645 2278 4711 ulla,
2325 4648 2392 4701 ob
2428 4659 2550 4717 quae
2593 4646 2717 4715 jure
2760 4660 2825 4700 ac
2872 4646 3068 4700 merito
3110 4659 3206 4699 cor
3236 4658 3416 4699 meum

219 4821 263 4855 “
291 4822 440 4878 Rom.
468 4839 587 4887 vm,
637 4824 691 4880 8.
767 4821 814 4854 “
840 4820 971 4877 Luc.
1002 4836 1101 4885 vn,
1135 4821 1228 4875 52.
1300 4820 1348 4852 ιε
1375 4818 1509 4875 Luc.
1545 4835 1602 4885 ι,
1634 4818 1710 4874 15.

1874 4812 1916 4867 ll
1949 4809 2075 4867 Cor.
2105 4826 2186 4877 ιιι,
2219 4809 2287 4864 18

145 4982 309 5039 editio
346 4981 515 5035 Paris.
558 4978 897 5052 ἀντιλήψεως
941 4979 1042 5052 τῆς
1084 4977 1204 5034 τοῦ.
1255 4977 1364 5035 Sed
1398 4977 1550 5044 illud,
1593 4977 1716 5049 τῆς,

150 5054 275 5109 delit
304 5053 351 5105 in
372 5056 608 5119 quinque
630 5068 759 5106 mss.

241 5123 325 5187 74)
363 5117 565 5175 Τειιιιε
596 5137 752 5176 sacer
788 5117 1114 5173 ἐκλαύσατε.

241 5123 325 5187 74)
363 5123 565 5175 Τειιιιε
596 5137 752 5176 sacer
788 5123 1114 5173 ἐκλαύσατε.

218 5123 323 5266 iis)
359 5192 804 5266 C0lb._quartt_ts__
836 5189 1163 5266 _mé_gatv_rec.
1220 5187 1432 5266 Statim
1484 5186 1704 5266 plurimi

1900 4974 2014 5046 (τι)
2053 4974 2167 5046 Alii
2207 4990 2339 5032 mss.
2384 4988 2511 5046 cum,
2563 4973 2796 5046 editis_6
2852 4971 3194 5046 Ἀπόστολος.
3232 4971 3341 5046 Alii
3382 4972 3414 5026 6

1826 5042 2014 5112 ἅγιος,
2062 5045 2262 5100 omissa
2312 5059 2443 5099 voce
2503 5042 2847 5107 Ἀπόστολος.
2898 5044 3095 5113 Regius
3144 5044 3414 5113 secundus

1826 5118 2046 5171 exhibet
2071 5126 2359 5185 utramque
2384 5115 2692 5178 lectionem,
2717 5130 2877 5167 unam
2907 5115 2958 5167 in
2985 5112 3415 5185 comerxtutalte-

1814 5201 1932 5238 ram
1953 5186 2004 5237 in
2030 5182 2292 5253 margine:
2310 5186 2440 5253 Reg.
2457 5186 2677 5253 quintus
2695 5194 2980 5254 utramque
2996 5184 3195 5254 junxit,
3210 5185 3237 5236 6
3257 5182 3414 5251 ἅγιος

1824 5255 2171 5317 Ἀπόστολος.
2208 5256 2448 5325 Respicit
2470 5254 2724 5325 _Basilius
2760 5254 2827 5307 ad
2859 5263 3022 5323 caput
3051 5253 3280 5325 tertiqu
3327 5268 3412 5304 se-

1811 5327 2004 5380 cunda:
2058 5321 2333 5394 Epistolm‘
2353 5325 2420 5378 ad
2456 5323 2772 5378 Corinthios
2814 5321 2959 5394 vers.
3008 5322 3093 5384 18,
3132 5325 3220 5374 ubi
3254 5321 3410 5394 Apo-

1810 5394 1982 5473 stolus
2021 5389 2409 5473 sic-loquitur;
2454 5393 2652 5473 ξΗμεῖς
2676 5394 2745 5473 ’δὲ
2780 5393 2983 5473 παντες
3022 5389 3411 5473 ἀνακεκαλυμ-

1812 5464 1958 5536 μένῳ
1992 5463 2385 5536 προσιῖιπῳ.....
2414 5463 2541 5536 τῆν’
2566 5464 2737 5536 αὐτὴν
2792 5465 2979 5518 εἰκόνα
3027 5463 3410 5536 μεταμορφού-

1812 5530 1955 5605 μεθά
1990 5530 2100 5589 ἀπὸ
2130 5530 2288 5605 δόξης
2320 5535 2401 5598 εἰς
2427 5530 2609 5599 δόξαν,
2651 5530 2765 5588 Nos
2800 5551 2920 5595 vero
2952 5530 3131 5605 omnes
3173 5530 3407 5584 revelata

1810 5603 2115 5674 facie...“
2164 5606 2217 5658 in
2246 5603 2493 5659 eamdem
2543 5606 2832 5672 imaginem
2875 5603 3331 5674 transformamur.
3369 5614 3408 5655 tt

1812 5672 2059 5730 claritate
2094 5676 2154 5730 in
2200 5676 2517 5731 claritatem.
2562 5676 2764 5730 Ibidem
2815 5672 3034 5745 plurimi
3082 5687 3213 5728 mss.
3251 5672 3407 5725 tm-

1815 5745 1956 5817 διιι.

2008 5839 2013 5849 ‘
3007 5835 3070 5896 ιι

149 5257 276 5337 mss.
304 5257 672 5337 περιεϐάλετο.
709 5259 887 5315 Editio
935 5258 1105 5337 Paris.
1154 5259 1562 5337 περιεϐάλλετο.
1599 5257 1709 5313 lbi-

146 5335 263 5390 dem
294 5328 458 5398 maior
490 5348 615 5401 pars
644 5346 771 5386 mss.
796 5328 1134 5401 περιτίθεται
1163 5328 1436 5401 δὲήαίιτοῦ.

220 5403 322 5473 (76)
359 5396 534 5457 Ειίῑιῖο
568 5411 749 5457 nostra
785 5396 966 5473 Puris:
984 5415 1105 5473 cum
1143 5396 1437 5473 quoCnlb.
1466 5396 1706 5473 σύμϐου-

144 5468 252 5529 λον.
296 5468 362 5527 At
424 5473 572 5525 qulti
632 5485 761 5524 mss.
822 5468 1111 5539 σύμϐολον.
1162 5468 1365 5522 Ibidem
1421 5470 1589 5523 editio
1644 5469 1702 5520 ἐν

147 5545 345 5611 σάκκῳ,
393 5543 580 5611 φησὶν,
615 5542 666 5595 οἱ
710 5540 979 5610 πατέρες,
1012 5549 1119 5594 etc.
1169 5540 1243 5611 At
1273 5539 1442 5611 illud,
1491 5539 1541 5591 oi
1593 5554 1703 5611 πα-

143 5597 495 5687 τέρεςξῖἰθὶηὲι
528 5597 745 5687 ιιι-ιιιεε.
776 5597 1006 5687 perinde
1032 5597 1553 5687 atque_in_editigt_te
1593 5607 1699 5659 Bn-

144 5676 228 5739 sil'.
255 5676 443 5739 Ibidem
462 5682 612 5735 multi
633 5697 760 5735 mss.
777 5676 905 5750 cum
927 5676 1164 5750 editione
1185 5677 1348 5731 Basil.
1372 5676 1708 5750 καθήμεναι.

144 5756 243 5810 Alii
283 5769 406 5809 mss.
434 5768 554 5808 cum
593 5751 829 5805 editione
862 5748 1032 5803 Paris.
1063 5748 1388 5819 καθήμενοι.

448 5845 733 5949 Pyram...
771 5847 890 5905 Gn.
936 5839 1183 5906 XXIX'
