3818 6220
354 294 462 351 325
1702 295 1759 351 S.
1801 289 2047 349 BASILII
2087 284 2305 344 MAGNI
3550 283 3663 337 3‘24
3764 103 3784 251 ἀ

355 422 772 485 compungatur,
814 411 1267 482 conlodialurque
1300 412 1370 468 ob
1404 413 1612 482 peccati
1659 414 1762 468 mei
1815 430 1863 468 m

2155 406 2309 475 βάλῃ
2339 420 2437 458 σοι
2479 405 2517 472 ὴ
2562 402 2713 466 δόξα
2741 419 2888 471 μου,
2922 401 3023 455 καί
3062 402 3134 455 οὐ
3168 400 3258 471 μὴ
3292 396 3663 465 manentia.

358 509 607 562 moriam.
642 504 859 558 Domine
888 502 1027 557 Deus
1054 518 1225 566 meus,
1256 504 1313 556 in
1345 512 1602 557 teternum
1644 504 1866 572 con/ilco

2162 500 2241 552 ἐτι
2286 498 2381 569 μὴ,
2435 498 2586 568 φησι,
2628 497 2838 567 ποιήσω
2880 493 3006 559 ἀξια
3049 493 3145 547 τοῦ
3188 492 3665 546 καπνύτσεσθαι

358 600 454 653 tibi
485 614 503 652 :
541 600 641 652 hoc
663 604 768 659 est,
799 594 970 665 Agam
1002 595 1228 665 gratias.
1253 594 1386 649 Cum
1411 596 1556 650 enim
1581 605 1799 665 propter
1825 612 1866 666 pr

2169 588 2615 645 xataxsvreioeat
2660 589 2761 659 τὴν
2812 586 3039 658 καρδίαν
3082 586 3175 639 ἐπὶ
3221 588 3289 657 τῇ
3323 585 3668 654 ὑπομνήσει

360 691 641 747 nitentiam
672 689 800 743 mihi
831 688 1042 743 veniam
1068 688 1302 753 dederis,
1330 702 1544 755 meque,
1568 689 1778 743 sublato
1804 704 1868 757 pe

2193 679 2466 751 ἁμαρτίας
2518 695 2639 750 μου.
2694 678 2869 745 Κύριε
2916 679 2950 729 ό
3007 677 3152 741 Θεός
3189 691 3333 744 μου,
3395 675 3493 737 είς
3548 671 3666 723 τὸν

358 794 603 836 catorum
645 782 933 844 dedecore,
980 780 1047 833 ad
1104 779 1332 850 gloriam
1371 780 1674 841 reduxeris.
1704 780 1825 833 ideo

2150 790 2232 826 ννα
2250 770 2767 842 ἐξομολογήσομαί
2784 784 2906 822 σοι·
2932 768 3052 821 ἀντὶ
3071 767 3186 829 τοῦ,
3208 765 3658 837 Εὐχαριστήσω.

359 889 521 929 omne
550 888 723 926 aevum
751 872 1051 927 conﬁtebor
1079 872 1196 925 tibi.
1239 870 1388 936 Quod
1412 871 1554 925 enim
1582 881 1791 925 tantum
1814 886 1867 925 es

2156 867 2278 937 εειδὴ
2308 866 2418 935 γάρ
2468 863 2675 927 ἔδωκάς
2708 880 2796 934 μοι
2827 861 2921 933 τὴν
2958 862 3024 915 ὲκ
3055 861 3157 929 τῆς
3184 859 3491 931 μετανοίας
3524 874 3664 922 συγ-

361 967 536 1032 possit
573 965 834 1033 temporis
863 964 1229 1026 intervallum,
1271 965 1415 1032 quod
1463 971 1738 1016 tantorum
1772 964 1869 1017 ben

2156 974 2308 1029 metu,
2342 957 2438 1010 καὶ
2471 954 2817 1025 ἐπανήγαγές
2863 970 2931 1023 με
2964 955 3043 1015 είς
3070 951 3245 1018 δόξαν,
3273 950 3381 1033 τὴν
3428 951 3499 1002 ὲκ
3542 947 3664 1000 τῶν

360 1053 605 1109 liciorum
630 1054 957 1107 oblivionem
983 1054 1176 1105 anima:
1206 1066 1339 1103 mene
1372 1049 1624 1103 inducere
1655 1049 1862 1117 queat?

2153 1050 2459 1121 ιρτημάτων
2514 1048 2776 1119 αίσχύνην
2835 1044 3136 1117 περιελὼν,
3195 1043 3286 1097 διά
3342 1030 3522 1095 τοῦτο
3575 1043 3661 1103 εἰς

359 1148 536 1201 πάντα
579 1146 673 1199 τὸν
720 1144 893 1199 αἰῶνα
942 1142 1406 1215 ἐξομολογησομαί
1459 1159 1561 1195 σοι.
1610 1142 1674 1195 Τί
1722 1142 1830 1213 γὰρ
1882 1142 1947 1198 ἂν
1985 1142 2200 1211 γένοιτο
2228 1144 2481 1197 τοσοῦτον
2519 1142 2711 1215 χρόνου
2780 1141 3089 1212 διάστημα,
3138 1139 3167 1192 ὃ
3220 1140 3288 1209 τῇ
3335 1140 3455 1208 ἐμῇ
3500 1137 3662 1207 ψυχῇ

360 1239 530 1312 λήθην
567 1238 676 1292 τῶν
717 1236 1049 1310 τηλικούτων
1097 1234 1429 1307 εὐεργεσιῶν
1469 1236 1764 1306 ἐμποιῆσαι
1800 1236 2123 1306 δυνήσεται;

813 1430 878 1484 ΙΝ
914 1426 1241 1484 PSALMUM
1270 1426 1484 1482 XXXII.
2247 1425 2321 1478 Τ(

2247 1424 2386 1478 ΤΟΥ
2411 1425 2644 1477 ΑΥΤΟΥ
2669 1424 2777 1477 ΕΙΣ
2805 1424 2941 1476 ΤΟΝ
2964 1424 3066 1476 AB'
3096 1423 3424 1477 ΨΑΛΜΟΝ.

363 1550 665 1614 Exsultate,
681 1545 912 1618 justi,in
931 1543 1156 1598 Domino
1182 1557 1200 1596 :
1233 1552 1399 1596 rectos
1430 1541 1574 1596 decet
1594 1540 1871 1596 collaudat

2123 1514 2531 1580 Ἀναλλιᾱσθε,
2567 1516 2806 1579 δίκαιοι,
2833 1517 2904 1568 ἐν
2929 1516 3152 1582 Κυρίῳ·
3194 1514 3320 1581 τοῖς
3356 1516 3586 1571 εῠθέσι

2579 1586 2793 1654 πρέπει
2842 1587 3101 1652 αῖνεσις.

435 1686 488 1741 l.
523 1684 816 1752 Scriptura;
845 1678 1132 1733 familiaris
1162 1685 1243 1730 est
1263 1674 1643 1731 exsultationis
1671 1690 1796 1740 vox,
1815 1690 1941 1744 per-

2154 1722 2164 1734 .
2203 1678 2449 1751 Συνήθης
2489 1682 2556 1750 τῇ
2598 1680 2790 1750 Γραφῇ
2839 1678 2937 1749 τῆς
2969 1676 3338 1746 ἀγαλλιάσεως
3375 1679 3414 1749 ἠ
3470 1678 3662 1750 φωνὴ,

361 1791 525 1848 quam
550 1774 777 1830 hilarem
805 1787 867 1826 ac
898 1770 1078 1823 laetum
1113 1769 1310 1822 animae
1355 1777 1555 1822 statum
1613 1768 1668 1821 in
1716 1767 1801 1822 bis
1846 1784 1869 1837 ι]

2155 1771 2412 1843 δροτάτην
2437 1771 2557 1825 τινὰ
2585 1771 2681 1824 καὶ⁵
2717 1769 2994 1843 περιχαρῆ
3035 1770 3375 1823 κατάστασιν
3411 1769 3523 1841 τῆς
3548 1771 3663 1839 ψει-

364 1868 547 1923 ltetitia
567 1864 711 1936 digni
740 1873 866 1919 sunt
888 1860 1203 1917 ostendens.
1236 1856 1521 1914 Exsultate
1556 1858 1759 1930 itaque,
1781 1859 1872 1928 jus

2189 1864 2283 1915 ἐπὶ
2325 1866 2438 1926 τοῖς
2484 1862 2658 1929 ἀξίοις
2698 1862 2964 1932 εὐθυμίας
3014 1861 3376 1933 ἐμφαίνουσα.
3445 1864 3662 1931 Ἀταλ-

362 1961 419 2014 in
454 1959 715 2023 Domino;
742 1971 848 2010 non
873 1970 997 2010 cum
1037 1968 1124 2009 res
1168 1954 1312 2007 domi
1344 1952 1497 2007 vobis
1521 1967 1781 2021 prospere
1820 1969 1870 2008 su

2154 1956 2257 2006 σθε
2306 1948 2418 2018 οῦν,
2465 1952 2703 2015 δίκαιοι,
2749 1952 2820 2005 ἐν
2847 1952 3041 2018 Κυρίῳ
3063 1967 3079 1982 ο
3123 1950 3199 2022 μὴ
3232 1951 3361 2003 ὅταν
3392 1951 3535 2022 ὑμῖν
3563 1953 3662 2004 εύ-

364 2053 588 2114 cedunt,
634 2066 740 2105 non
772 2063 895 2104 cum
927 2047 1069 2102 bona
1123 2044 1291 2099 fuerit
1332 2045 1582 2114 corporis
1635 2045 1872 2099 habitudt

2154 2047 2274 2117 ῆται
2303 2045 2370 2099 τά
2412 2045 2557 2099 κατά
2599 2045 2691 2099 τὸν
2736 2039 2884 2098 οἶκον
2918 2043 3055 2115 (78),
3096 2042 3170 2114 μὴ
3214 2044 3346 2097 ὅταν
3376 2044 3662 2112 εὐεκτῆτε

367 2160 473 2199 non
501 2160 625 2198 cum
661 2142 775 2212 agri
814 2140 1079 2194 fructibus
1105 2136 1406 2207 omnigenis
1433 2135 1615 2190 referti
1654 2145 1779 2191 sunt
1810 2151 1875 2191 :s

2161 2138 2395 2209 σώματι,
2432 2137 2507 2209 μὴ
2544 2138 2673 2191 ὅταν
2710 2139 2765 2191 αί
2802 2137 3035 2208 ἄρουραι
3060 2134 3380 2205 πληθύνωσι
3414 2136 3662 2207 καρπιῖθν

366 2234 509 2303 quod
545 2232 832 2287 Dominum
862 2228 1092 2286 habetis.
1123 2226 1216 2280 tali
1244 2225 1671 2294 pulchritudine,
1719 2225 1809 2279 tali
1846 2226 1874 2280 b

2155 2227 2402 2282 τοδαπῶν
2423 2244 2435 2256 ·
2475 2226 2591 2281 ἀλλ’
2619 2227 2701 2279 ὅτι
2736 2224 2943 2296 Κύριον
2968 2223 3141 2294 ἔχετε,
3174 2222 3430 2275 τοιοῦτον
3465 2224 3571 2293 μὲν
3598 2222 3663 2275 τὸ

367 2326 557 2387 nitate,
591 2321 680 2375 tali
727 2319 993 2388 sapientia
1051 2316 1355 2384 prmditum.
1410 2313 1650 2369 Sulliciat
1698 2315 1850 2370 vobis

2155 2321 2261 2386 λος,
2292 2318 2534 2374 τοιοῦτον
2570 2319 2628 2372 δὲ
2656 2320 2755 2390 τὴν
2788 2317 3121 2389 ἀγαθότητα,
3158 2316 3256 2387 τὴν
3309 2316 3518 2383 σοφίαν
3546 2332 3663 2366 τοι·

365 2415 550 2471 lzmitia
575 2430 693 2484 qua:
715 2414 766 2467 in
799 2412 913 2482 ipso
941 2420 1043 2464 est.
1068 2408 1131 2461 Et
1152 2408 1398 2477 quisquis
1423 2407 1474 2461 in
1504 2423 1561 2462 re
1588 2408 1766 2477 aliqua
1783 2423 1873 2475 qu:

2152 2430 2221 2465 sv.
2268 2412 2534 2483 Ἀρκείτω
2585 2412 2714 2481 ὑμῖν
2760 2414 2795 2482 ὴ
2841 2411 2930 2462 ἐπ’
2962 2408 3111 2480 αὐτῷ
3146 2393 3660 2479 εὐφροσύνη.’Καὶ

368 2509 583 2579 plurimi
618 2506 766 2567 facit,
801 2517 921 2557 cum
954 2501 1138 2555 laetitia
1195 2514 1260 2555 ac
1318 2501 1515 2570 gaudio
1558 2500 1819 2565 exsultat,

2153 2522 2223 2558 ιεν
2264 2506 2292 2557 ὁ
2334 2506 2450 2575 μετ’
2480 2502 2819 2575 εὐφροσύνης
2860 2502 2956 2555 καὶ
2987 2502 3161 2573 χαρᾶς
3201 2500 3661 2571 ὲπαγαλλόμενός

368 2615 490 2652 eum
543 2598 759 2652 modum
811 2596 864 2647 in
922 2608 984 2646 ea
1025 2590 1300 2645 exsultare
1338 2590 1575 2644 videtur.
1608 2590 1876 2659 Quapropt

2149 2594 2285 2650 ,τῶν
2317 2594 2798 2666 περισπουδάστων
2819 2633 2833 2657 ,
2868 2592 3044 2656 οὕτως
3087 2591 3356 2661 ἀγαλλιᾷν
3403 2591 3530 2660 (79)
3565 2592 3657 2642 ἐπ’

367 2693 539 2761 iustos
576 2702 757 2742 sermo
810 2687 1152 2749 adhortatur,
1194 2691 1253 2736 ut
1280 2696 1433 2736 suam
1474 2681 1793 2751 dignitatem
1825 2696 1875 2751 pi

2153 2689 2218 2761 ᾦ.
2269 2688 2359 2741 Διὸ
2401 2690 2528 2761 τοὺς
2571 2688 2814 2750 δικαίους
2845 2686 3103 2757 παρορμᾷ
3128 2687 3155 2738 ὁ
3197 2684 3361 2752 λόγος
3398 2683 3661 2737 αἰσθάνε-

370 2758 640 2844 sentiant;
698 2778 938 2847 itemque
976 2786 1035 2830 ut
1071 2772 1344 2829 exsultent
1368 2769 1513 2841 quod
1567 2770 1686 2825 talis
1728 2773 1878 2826 Domi

2158 2799 2173 2833 t
2222 2781 2361 2851 μετά
2408 2779 2504 2843 τοῦ
2550 2778 2882 2850 ἀξιώματος,
2937 2779 3019 2831 ὅτι
3070 2777 3319 2830 τοιούτου
3372 2778 3661 2830 Δεσπὸτου

370 2874 512 2930 servi
533 2887 654 2927 esse
684 2869 889 2940 dignati
920 2868 1052 2931 sint,
1083 2868 1135 2921 in
1166 2865 1307 2920 illius
1336 2864 1563 2918 servitio
1593 2879 1717 2918 cum
1750 2879 1878 2933 gaut

2152 2873 2230 2925 λοι
2266 2868 2403 2926 εἶναι
2442 2871 2883 2943 κατηξιώθησαν,
2919 2871 3015 2924 καὶ
3043 2868 3457 2938 ὲπαγάλλεσθαι
3489 2868 3660 2922 αὑτοῦ

372 2964 720 3022 inenarrabili
742 2974 793 3018 et
819 2976 942 3016 cum
976 2959 1244 3029 tripudiis,
1289 2959 1452 3013 corde
1484 2972 1555 3012 ex
1582 2954 1763 3009 alnatu
1812 2954 1880 3009 dil

2154 2962 2355 3034 δουλείᾳ
2392 2964 2530 3034 μετά
2565 2964 2739 3034 χαρᾶς
2770 2962 3057 3034 ἀμυθήτου
3101 2961 3194 3014 καὶ
3229 2960 3662 3031 σκιρτημάτων,

373 3057 571 3114 ctionis
601 3055 725 3110 boni
757 3054 913 3125 quasi
942 3052 1284 3107 subsiliente.
1311 3050 1367 3105 Si
1397 3050 1614 3120 quando
1646 3060 1750 3116 ,tuo
1799 3064 1881 3104 cor

2193 3053 2419 3124 καρδίας
2475 3052 2637 3105 οἱονεὶ
2689 3051 2943 3122 πηδώσης
2995 3050 3074 3122 τῷ
3120 3049 3515 3121 ὲνθουσιασμῷ
3560 3050 3662 3120 τῆς

373 3153 466 3207 lux
497 3152 743 3221 quaedam
771 3146 929 3219 quasi
968 3145 1178 3213 illapsa,
1205 3143 1539 3213 repentinam
1576 3140 1669 3195 Dei
1695 3141 1874 3209 coguit

2156 3163 2271 3217 ιπης
2307 3146 2400 3199 τοῦ
2450 3142 2677 3213 ἀγαθοῦ.
2725 3145 2793 3197 Εἴ
2823 3143 2953 3197 ποτέ
2998 3160 3091 3196 σου
3123 3145 3190 3213 τῇ
3239 3142 3453 3214 καρδίᾳ
3497 3145 3664 3195 οἱονεὶ

374 3261 498 3301 nem
544 3242 821 3302 indiderit,
856 3249 1019 3308 atque
1071 3238 1306 3291 animam
1355 3245 1500 3290 tuam
1552 3233 1877 3288 illustraveri

2157 3255 2170 3301 ;
2213 3237 2452 3308 ἐμπεσὸν
2500 3235 2703 3306 ἀθρόαν
2745 3235 2879 3288 Θεοῦ
2926 3234 3132 3288 ἔννοιαν
3178 3235 3515 3303 ἐνεποίησε,
3565 3232 3665 3287 καὶ

374 3341 509 3393 adeo
548 3348 606 3391 ut
653 3335 820 3389 Deum
863 3333 1075 3401 diligas,
1113 3330 1368 3383 mundum
1409 3327 1566 3398 132
1599 3343 1725 3383 vero
1770 3342 1882 3381 acr

2156 3328 2395 3400 ιιέλαμψέ
2424 3344 2515 3381 σου
2553 3327 2652 3391 τὴν
2688 3325 2897 3397 ψυχὴν,
2944 3324 3084 3377 ὥστε
3115 3323 3410 3393 ἀγαπῆσαι
3441 3324 3543 3394 μὲν
3572 3323 3664 3375 τὸν

374 3445 565 3486 omnes
596 3441 888 3496 corporeus
905 3434 1238 3484 contemnas,
1268 3435 1332 3473 ex
1355 3420 1585 3473 obscura
1610 3417 1701 3472 illa
1726 3428 1779 3471 et
1802 3418 1882 3472 δι’(

2157 3440 2206 3489 ν,
2254 3422 2667 3492 καταφρονῆσαι
2714 3418 2771 3471 δὲ
2820 3419 3023 3488 κόσμου
3057 3415 3150 3469 καὶ
3179 3415 3291 3468 τῶν
3326 3415 3665 3485 σωματικῶν

379 3521 740 3574 similitudine
774 3531 989 3571 omnem
1024 3512 1298 3583 iustorum
1330 3521 1528 3566 statum
1562 3510 1800 3581 intellige
1861 3525 1887 3579 q

2158 3532 2308 3579 ιτων,
2376 3516 2441 3567 ὲκ
2505 3513 2603 3584 τῆς
2669 3511 2914 3582 ἀμυδράς
2971 3508 3188 3578 ἐκείνης
3247 3507 3348 3560 καὶ
3397 3506 3666 3577 βραχεπ

376 3611 715 3681 aequabiliter
780 3607 1258 3674 indesinenterque
1320 3603 1372 3657 in
1422 3601 1534 3657 Deo
1587 3602 1884 3657 delectauit

2160 3606 2265 3668 Suo;
2310 3603 2578 3675 γνώρισον
2623 3604 2723 3673 τὴν
2772 3602 2899 3673 ὅλην
2952 3600 3060 3654 τῶν
3110 3599 3338 3652 δικαίων
3385 3601 3668 3652 κατάστα-

378 3703 497 3757 Tibi
538 3702 753 3772 quidem
795 3699 886 3752 Dei
920 3696 1324 3765 dispensatione
1359 3694 1672 3763 aliquando,
1704 3694 1799 3749 sed
1827 3709 1886 3747 ra

2161 3739 2166 3759 .
2225 3696 2445 3769 ὁμαλῶς
2503 3696 2600 3750 καὶ.
2655 3693 2965 3756 ἀδιακὸπως
3005 3693 3104 3763 τὴν
3141 3691 3234 3743 ἐπὶ
3276 3690 3359 3760 τῷ
3401 3690 3532 3761 Θεῷ
3585 3690 3669 3742 εὖ·

378 3796 569 3850 incidit
591 3792 853 3862 ejusmodi
878 3788 1197 3852 exsultatio,
1228 3797 1288 3842 ut
1308 3797 1359 3840 te
1382 3802 1477 3856 per
1506 3786 1777 3840 modicum
1808 3786 1879 3840 hu

2160 3787 2338 3858 miqu
2409 3784 2843 3857 κατορθούντων.
2900 3784 2993 3836 Σοὶ
3064 3782 3164 3852 μὲν
3216 3779 3330 3852 γάρ
3391 3782 3668 3851 ἐμπίπτει

378 3896 617 3955 gustum,
656 3897 842 3937 eorum
884 3879 1081 3951 quibus
1118 3877 1359 3945 privatus
1390 3889 1479 3941 es,
1531 3875 1842 3931 admoneat.

2163 3879 2190 3931 ὲ
2242 3876 2485 3941 σπανίως
2545 3878 2722 3931 ὲκεῖνο
2777 3875 2841 3928 τὸ
2891 3873 3205 3943 ἀγαλλίαμα
3266 3873 3391 3925 κατ’
3457 3875 3669 3925 οἰκονο·

379 3991 510 4031 vero
532 3974 680 4043 justo
697 3982 954 4044 perpetua
984 3980 1069 4023 est
1106 3967 1289 4021 divina
1334 3981 1399 4020 ac
1443 3965 1680 4021 caelestis
1719 3964 1887 4019 limiti:

2163 3988 2191 4022 ν
2236 3968 2392 4034 Θεοῦ,
2445 3969 2531 4022 ἵνα
2584 3985 2644 4021 σε
2700 3967 2789 4020 διὰ
2841 3965 3041 4038 μικροῦ
3090 3964 3365 4034 γεύματος
3392 3965 3479 4027 είς
3534 3964 3670 4017 ὑπὸ·

379 4070 523 4137 qnod
558 4066 723 4122 semel
754 4067 804 4117 in
841 4063 958 4132 ipso
989 4060 1261 4115 inhabitat
1306 4057 1580 4127 Spiritus;
1613 4057 1820 4125 primus
1859 4070 1887 4109 a

2161 4078 2257 4133 ισιν
2308 4062 2492 4134 ἀγάγῃ
2546 4061 2673 4114 οἴων
2722 4061 3018 4131 ἐστέρησαν.
3054 4057 3196 4129 (80)'
3242 4056 3320 4127 τῷ
3358 4056 3417 4109 δὲ
3470 4057 3669 4127 δικαίῳ

383 4169 490 4214 t'em
534 4157 764 4211 Fructus
791 4155 1008 4224 spiritus
1039 4161 1113 4206 est
1148 4151 1405 4212 Charitas,
1440 4149 1721 4218 gaudium,
1754 4162 1860 4217 ραι
1889 4154 1891 4171 ‘

2159 4156 2287 4226 ρκής
2352 4154 2570 4223 ἐστινὴ
2624 4152 2744 4205 θεία
2804 4153 2899 4205 καὶ
2959 4150 3278 4221 ἐπουράνιος
3324 4149 3667 4221 εὐφροσύνη,

383 4252 664 4306 Exsultute
709 4248 893 4315 igitur,
936 4244 1095 4314 justi,
1133 4243 1189 4296 in
1219 4241 1462 4295 Domino.
1498 4240 1663 4295 Velut
1691 4240 1843 4295 locus
1873 4239 1891 4309 j

2159 4263 2193 4299 ιι
2259 4242 2406 4309 άπαξ
2457 4243 2605 4315 αὐτῷ
2651 4245 2850 4297 ἐνοικεῖ
2915 4242 2978 4295 τὸ
3026 4241 3282 4312 Πνεῦμα·
3332 4242 3565 4313 πρῶτος
3612 4243 3667 4297 δὲ

384 4354 589 4399 storum
629 4352 712 4395 εει
734 4339 991 4392 Dominus
1013 4350 1204 4404 capax,
1234 4334 1287 4387 in
1326 4348 1435 4403 quo
1462 4333 1554 4402 qui
1580 4346 1683 4399 est,
1713 4349 1836 4388 eum
1864 4334 1892 4387 l:

2157 4336 2302 4405 ρπὸς
2362 4336 2469 4390 τοῦ
2521 4336 2872 4405 Πνεύματός
2941 4333 3113 4387 ἐστιν
3164 4332 3406 4403 ἀγάπη,
3487 4339 3665 4405 χαρὰ,

384 4435 486 4488 tari
512 4442 567 4487 et
590 4430 861 4487 exsultare
889 4427 1111 4483 omnino
1143 4440 1364 4479 necesse
1393 4434 1497 4477 est.
1545 4423 1633 4478 Fit
1670 4427 1834 4479 etiam
1872 4425 1890 4492 j

2158 4429 2294 4498 ήνη.
2366 4429 2759 4498 Ἀγαλλιᾶσθε
2816 4423 2943 4491 οῦν,
2994 4426 3248 4488 δίκαιοι,
3305 4426 3380 4479 ἐν
3438 4430 3662 4496 Κιτίῳ.

383 4536 521 4592 stus,
541 4524 689 4577 locus
718 4521 963 4585 Domino,
985 4534 1108 4573 cum
1135 4516 1282 4571 illum
1312 4517 1363 4570 in
1391 4531 1451 4571 se
1476 4517 1683 4587 recipit.
1711 4518 1813 4585 Qui
1834 4533 1891 4573 ve

2152 4523 2243 4574 »νεὶ
2265 4522 2429 4584 τόπος
2456 4520 2764 4592 χωρητικός
2789 4520 2905 4572 ἐστι
2934 4517 3045 4570 τῶν
3071 4516 3296 4571 δικαίων
3343 4520 3373 4572 ὁ
3413 4518 3630 4591 Κύριος
3648 4537 3660 4550 ·

385 4626 591 4687 peccat,
621 4616 794 4668 locum
827 4613 917 4665 dat
938 4610 1178 4674 diabolo,
1207 4624 1317 4662 non
1347 4609 1733 4678 obtemperans
1770 4611 1817 4664 ei
1867 4626 1893 4680 q

2164 4607 2208 4681 ᾧ
2238 4614 2327 4666 τὸν
2373 4613 2663 4683 γενόμενον
2709 4613 2858 4664 πᾶσα
2905 4609 3121 4679 ἀνάγκη
3167 4608 3535 4679 εὐθυμεῖσθαι
3576 4613 3664 4665 καὶ

387 4708 516 4762 dicit
546 4725 559 4761 :
620 4704 799 4758 Nolite
846 4702 1020 4755 locum
1059 4703 1186 4754 dare
1208 4698 1419 4753 diabolo
1452 4699 1496 4730 ’⁸⁷
1526 4717 1539 4753 :
1571 4714 1745 4769 neque
1775 4701 1895 4755 Eccl

2155 4704 2545 4777 ιυφραίνεσθαι.
2587 4704 2800 4757 Γίνεται
2828 4704 2922 4755 καὶ
2945 4702 2974 4753 ὁ
3003 4702 3207 4765 δίκαιος
3233 4702 3397 4766 τόπος
3438 4704 3525 4775 τῷ
3556 4706 3663 4757 Ku-

387 4800 585 4862 siastaa,
643 4794 699 4850 Si
735 4794 965 4863 Spiritus
1018 4799 1329 4862 potestatem.
1368 4790 1612 4843 habentis
1657 4792 1895 4845 ascendet

2154 4816 2191 4861 ›,
2234 4796 2527 4867 λαμϐάνων
2558 4795 2723 4850 αὐτὸν
2754 4797 2811 4848 ὲν
2852 4793 3051 4864 ἑαυτῷ.
3102 4792 3159 4847 Ὀ
3201 4793 3301 4863 μὲν
3328 4795 3662 4864 ἁμαρτάνων

386 4911 543 4963 super
570 4904 641 4957 te,
671 4890 840 4944 locum
869 4900 1015 4940 tuum
1044 4902 1107 4939 ne
1144 4883 1406 4936 dimiseris
1436 4881 1505 4935 “.
1552 4881 1608 4935 lu
1637 4881 1754 4951 ipso
1778 4884 1894 4953 itaqw

2163 4892 2180 4963 )
2210 4890 2395 4944 δίδωσι
2424 4890 2586 4943 τόπον
2613 4888 2691 4959 τῷ
2720 4888 2970 4954 διαϐόλῳ,
3002 4885 3330 4958 παρακούων
3361 4886 3457 4939 τοῦ
3488 4889 3665 4955 λέγον-

392 4987 618 5039 Domino
646 4983 991 5043 exsistentes,
1042 4986 1095 5032 et
1137 4984 1400 5044 quantum
1437 4972 1593 5026 nobis
1621 4972 1749 5026 licet
1778 5013 1794 5037 ,
1841 4974 1900 5043 ejl

2156 4998 2196 5044 ς·
2242 4982 2407 5051 Μηδὲ
2451 4981 2650 5037 δίδοτε
2702 4984 2892 5035 τόπον
2948 4977 3030 5044 τῷ
3077 4978 3335 5042 διαϐόλῳ
3367 4995 3384 5010 ο
3430 4980 3534 5033 καὶ
3576 4976 3664 5032 τα]

391 5076 657 5132 mirabilia
687 5072 970 5142 speculati,
1000 5070 1071 5122 ita
1101 5082 1167 5121 ex
1202 5068 1305 5120 hac
1343 5063 1804 5133 contemplatione
1837 5080 1899 5119 c0

2154 5072 2540 5143 κκλησιαστοῦ·
2595 5072 2737 5126 Ἐὰν⁴
2768 5071 3005 5140 πνεῦμα
3052 5069 3160 5124 τοῦ
3198 5069 3662 5135 ἐξουσιάζοντες

391 5171 548 5224 dibus
580 5168 784 5223 nostris
829 5162 1073 5218 laetitiam
1128 5170 1526 5228 comparemus.
1578 5153 1770 5210 Rectos
1812 5157 1899 5211 dcc

2153 5164 2267 5234 αὸῆ
2301 5164 2401 5218 ἐπὶ
2438 5162 2533 5228 σὲ,
2583 5164 2769 5217 τόπον
2793 5178 2910 5215 σου
2934 5160 3022 5230 μὴ
3051 5158 3233 5228 ἀφῇς.
3278 5159 3372 5213 Ἐν
3395 5160 3551 5232 αὐτῷ
3578 5156 3661 5214 οὖν

460 5310 508 5341 u
536 5308 654 5363 Gal,
683 5322 733 5372 ν,
772 5316 864 5362 τι,
937 5302 981 5333 ⁸⁷
1010 5300 1209 5370 Ephes.
1259 5312 1331 5361 ιν,
1378 5294 1469 5349 27.
1545 5297 1593 5329 “
1630 5297 1805 5353 Eccle.
1834 5313 1887 5362 Χ,
1919 5297 1972 5352 4.

464 5444 574 5515 (78)
614 5441 783 5511 Major
807 5454 938 5515 pars
971 5450 1099 5490 mss.
1126 5432 1268 5515 κατά
1313 5430 1599 5515 τδνηοῖκον.
1646 5431 1789 5515 Editi
1838 5448 1962 5515 cum

2290 5427 2442 5515 Multi
2477 5419 2793 5515 ιῐιξξ..ρῦτος
2823 5424 3112 5515 ἀγαλλιίᾷν.
3143 5425 3327 5515 Editio
3339 5423 3528 5515 ‘Pa‘ris.
3546 5442 3660 5483 cum

396 5496 722 5570 duobusau't
751 5496 923 5564 tri'bus
955 5522 1082 5561 mss.
1113 5503 1255 5557 κατά
1278 5504 1369 5557 τὸν
1409 5502 1543 5572 βίον,
1574 5520 1654 5555 res
1695 5504 1763 5554 ad
1800 5505 1904 5556 vita

397 5593 681 5620 «ηρριηηιρ.
736 5582 988 5620 nim-mm
1025 5591 1128 5620 nnn
1160 5583 1240 5620 est
1280 5589 1488 5620 sensus.
1535 5572 1652 5620 Mox
1690 5574 1794 5620 duo
1832 5588 1904 5620 ms

2064 5496 2425 5571 Regi'quarto
2450 5508 2504 5553 et
2534 5498 2687 5551 Colb.
2720 5499 2957 5565 septimo
2982 5497 3161 5560 οὕτως
3193 5498 3229 5550 ἀ
3272 5496 3488 5567 αλλιᾷν.

2137 5569 2249 5620 (801
2291 5569 2445 5620 Colb.
2491 5577 2719 5620 uuartus
2764 5566 2968 5620 ἀγάγοι
3012 5562 3089 5620 ὧν
3135 5513 3458 5620 ὲστέοησαι.

394 5566 702 5649 spectantes.
736 5582 988 5634 Diversus
1006 5591 1129 5649 mon
1160 5583 1240 5627 est
1280 5566 1488 5627 sensus.
1516 5572 1652 5649 Δἣξριι
1690 5574 1794 5625 duo
1823 5588 1902 5649 ius

2154 5566 2265 5642 30f
2291 5569 2445 5649 qub.
2491 5566 2968 5649 quartus-tityon
3012 5566 3089 5620 ὧν
3135 5566 3458 5638 ἐστέρησαι.
3501 5566 3662 5623 Paulo

394 5636 625 5723 ἄρουραι
686 5650 950 5723 πλήθωσι.
992 5646 1144 5723 C9lb_.
1166 5714 1177 5723 θ
1196 5653 1448 5723 quartus“
1474 5641 1801 5723 πλήθουσι...
1822 5640 1902 5723 Re

1474 5641 1801 5723 πλήθουσι...
1822 5640 1959 5723 Reg.
2062 5636 2371 5723 post_lilttlti
2407 5636 2538 5693 mss.
2562 5636 2796 5723 meum
2822 5637 2981 5723 διότι.

395 5705 614 5787 uiridius
647 5705 994 5789 πληθύνουσι.
1043 5705 1227 5771 Εύὶιίό
1250 5728 1375 5769 vero
1409 5705 1583 5769 Paris;
1609 5725 1664 5770 et
1713 5713 1805 5767 alii
1855 5713 1903 5770 ιιι

2159 5709 2250 5778 8i)
2291 5707 2442 5789 Reg._
2474 5709 2743 5789 secundth
2846 5706 2905 5759 δὲ
2921 5707 3129 5789 “apag.
3180 5705 3589 5789 licgiLtertius
3616 5713 3667 5763 et

397 5776 530 5845 mss.
555 5776 886 5859 πληθύνωσι.

2066 5776 2296 5854 quartus
2325 5780 2354 5831 ὁ
2382 5776 2485 5849 μὲν
2519 5777 2651 5850 γάρ.
2686 5776 2885 5835 Statim
2920 5776 3056 5849 Reg.
3079 5776 3291 5834 tertius
3314 5776 3464 5836 δότε.
