3818 6220
200 293 318 349 39.5

1341 284 1623 347 HOMILIA
1657 291 1727 346 IN
1767 282 2094 348 PSALMUM
2134 281 2351 347 XXXII.

3346 286 3454 355 320

199 411 490 483 γενόμενοι
515 410 594 481 τῷ
622 411 832 482 Κυρίῳ,
859 411 954 464 καὶ
977 410 1205 465 καθόσον
1227 412 1390 482 ἐσμὲν
1406 411 1638 477 δυνατοὶ,
1668 428 1789 465 κατ-

1899 410 2155 466 laudau‘o.
2181 408 2643 478 Quemadmodum
2689 418 2785 478 pes
2822 404 3071 467 ubtortus
3094 406 3279 469 calceo
3305 431 3456 473 recto

200 501 536 564 οτι-τεύοντες
569 501 736 554 αὐτοῦ
780 501 851 555 τὰ
885 502 1187 572 θαυμάσια,
1222 502 1363 555 οὕτω
1400 504 1793 574 συναγάγωμεν

204 595 279 646 ἐκ
321 594 423 664 τῆς
469 592 702 664 θεωρίας
757 595 876 656 ταῖς
922 593 1171 664 καρδίαις
1218 593 1376 663 ήμῶν
1432 593 1790 665 εὐφροσύνην.

207 684 344 747 Τοῖς
384 682 564 736 εὐθέσι
622 683 825 753 πρέπει
872 684 1078 748 αἴνεσις
1110 700 1123 713 ⁸
1160 684 1350 755 ὥσπερ
1399 685 1610 747 σκολιὸς
1660 684 1794 747 ποῦς

207 776 365 848 ὀρθῷ
394 775 700 846 ὑποδήματι
743 776 843 828 οὐκ
882 775 1255 847 ὲναρμόξεται,
1302 775 1474 839 οὔτως
1502 776 1622 828 οὐδὲ
1656 792 1794 847 καρ-

207 867 358 931 δίαις
402 866 804 936 ἐνδιαστρόφοις
845 870 878 938 ή
918 867 1123 930 αἷνεσις
1175 866 1271 920 τοῦ
1321 867 1456 920 Θεοῦ
1505 867 1795 939 ἐπιπρέπει

211 956 354 1026 (82).
385 955 482 1009 Διὰ
506 957 684 1021 τοῦτο,
726 952 901 1026 οἶμαι,
930 956 1005 1020 ὡς
1037 958 1097 1009 οὐ
1128 958 1429 1029 πρέποντος
1461 956 1539 1027 τῷ
1571 958 1795 1028 στόματι

208 1046 325 1098 τῶν
351 1046 617 1115 δαιμόνων
644 1044 737 1098 τοῦ
771 1046 896 1117 περὶ
923 1045 1017 1099 τοῦ
1048 1047 1298 1117 Σωτῆρος
1326 1046 1485 1115 λόγου
1506 1088 1521 1112 ,
1549 1049 1797 1118 ἀφαιρεῖ-

208 1151 306 1186 ται
335 1135 513 1187 αὐτῶν
540 1133 636 1203 τὴν
660 1134 925 1199 ἐξουσίαν,
962 1136 1048 1189 ἵνα
1089 1136 1162 1206 μὴ
1201 1136 1430 1209 φανερὸν
1452 1136 1612 1189 αὐτὸν
1642 1140 1797 1208 ποιή-

212 1240 375 1277 σωσι.
425 1223 534 1277 Καὶ
575 1223 653 1293 τῷ
692 1223 905 1278 Πύθωνι
948 1228 976 1279 6
1014 1224 1224 1289 Παῦλος
1266 1227 1525 1296 ἐπιτιμᾷ,
1581 1228 1664 1280 ἵνα
1720 1229 1794 1299 μὴ

211 1314 328 1366 ἀπὸ
375 1313 683 1384 ἀκαθάρτου
734 1316 763 1367 6
810 1316 962 1383 ἅγιος
1017 1317 1351 1386 συνιστῆται.
1405 1316 1655 1372 Τοιοῦτον
1702 1320 1796 1372 καὶ

209 1405 299 1466 τὸ,
343 1405 425 1469 Τῷ
466 1405 533 1458 δὲ
563 1406 889 1475 ἁμαρτωλῷ
911 1408 1079 1461 εἶπεν
1126 1412 1158 1463 ό
1195 1410 1368 1473 Θεός·
1428 1411 1560 1464 Ἵνα
1605 1411 1662 1464 τι
1713 1411 1795 1464 σὺ

208 1495 464 1566 ἐκδιηγῇ
514 1498 585 1553 τὰ
640 1498 997 1568 δικαιώματά
1036 1514 1189 1567 pou;
1241 1499 1654 1571 Φιλοτιμὼμεθα
1703 1498 1796 1556 οὖν

211 1590 412 1656 φυγεῖν
452 1589 558 1641 πᾶν
603 1589 811 1641 σκολιὸν
859 1589 1017 1660 ἔργον
1057 1590 1149 1641 καὶ
1195 1590 1650 1661 στραγγαλιώδες,
1702 1592 1796 1646 καὶ

225 1677 653 1749 ιατορθώσωμεν
702 1679 778 1741 ὼς
812 1679 944 1749 εύθῆ
975 1681 1177 1734 κανόνα
1222 1680 1312 1733 τὸν
1346 1680 1470 1734 νοῦν
1513 1683 1669 1753 ἡμῶν
1702 1685 1796 1738 καὶ

1897 517 2002 555 non
2045 503 2367 571 adaptatur;
2406 501 2477 555 ita
2513 516 2685 570 neque
2712 503 2951 557 distortis
2982 504 3240 562 cordibus
3269 503 3455 561 lau'da-

1897 588 1972 640 tio
1998 586 2093 641 Dei
2117 589 2390 643 convenit.
2414 587 2772 658 Quapropter,
2808 591 3025 661 opinor,
3057 595 3316 661 quoniam
3346 611 3454 652 εει-ι

1895 693 1984 733 mo
2012 679 2100 747 qui
2134 680 2199 733 de
2221 677 2507 734 Servatore
2531 681 2760 736 habetur
2796 683 3094 737 daemonum
3124 700 3185 739 os
3219 701 3326 740 non
3360 688 3456 743 de.

1896 778 2002 827 cet,
2032 768 2230 822 idcirco
2258 768 2335 821 eis
2365 769 2553 823 adimit
2580 769 2907 835 facultatem,
2933 780 2990 825 ut
3016 787 3086 826 ne
3109 777 3452 835 manifestum

1896 857 2071 927 ipsum
2104 858 2328 912 faciant.
2354 844 2419 914 Et
2444 859 2744 931 Pythonem
2778 862 3018 932 increpat
3068 850 3266 923 Paulus
3298 860 3366 938 “,
3395 869 3455 926 ut

1897 964 1964 1002 ne
1990 949 2059 1003 ab
2100 950 2309 1018 impuro
2347 960 2565 1006 sanctus
2599 954 3025 1033 commendetur.
3063 940 3193 1014 Tale
3217 970 3301 1015 est
3328 967 3451 1029 hoc,

1899 1039 2177 1095 Peccatori
2212 1054 2387 1095 autem
2432 1044 2564 1097 dixit
2611 1030 2749 1099 Dew
2774 1030 3009 1112 :‘Quare
3041 1060 3095 1103 tu
3117 1067 3334 1107 enarra:

1895 1134 2067 1186 atilias
2104 1150 2243 1187 meas
2271 1135 2362 1188 ‘°?
2396 1134 2665 1190 Conemur
2706 1138 2881 1207 igitur‘
2902 1126 3086 1210 fugere
3131 1154 3290 1200 omne
3319 1148 3455 1216 Opus

1896 1225 2171 1292 obliquum
2205 1240 2269 1279 ac
2301 1235 2638 1293 tortuosum;
2680 1238 2841 1296 atque
2874 1241 3106 1287 mentem
3138 1243 3379 1291 nOStram
3403 1236 3459 1293 et

1896 1315 2339 1384 animijudicinm
2367 1317 2418 1370 in
2463 1319 2677 1373 modum
2710 1322 2869 1374 rectae
2910 1317 3107 1392 regula}
3141 1327 3453 1397 dirigamus;

1898 1417 1955 1462 ut
1988 1422 2107 1462 cum
2138 1410 2266 1463 recti
2295 1409 2578 1477 fuerimus,
2602 1413 2791 1469 deceat
2817 1432 2914 1473 nos
2957 1417 3166 1474 Domini
3192 1411 3452 1479 landatim

1895 1498 1971 1553 lta
2005 1500 2149 1555 enim
2174 1505 2378 1570 peccati
2404 1512 2591 1558 auctor
2612 1521 2857 1575 serpens,
2909 1509 3160 1579 obliquus
3217 1515 3412 1569 dicitur
3435 1555 3453 1580 ,

1896 1602 1950 1645 et
1972 1591 2176 1661 gladius
2202 1592 2293 1646 Dei
2319 1593 2589 1649 inducitur
2615 1596 2666 1651 in
2699 1598 2986 1654 draconem
3019 1604 3320 1672 serpentem
3348 1616 3458 1661 tor:-

1898 1689 2110 1736 tuosum
2139 1682 2208 1746 ",
2235 1686 2376 1753 quod
2398 1686 2572 1755 spiras
2596 1703 2659 1742 ac
2695 1690 2920 1745 divortia
2961 1693 3014 1748 in
3042 1694 3236 1751 itinere
3268 1697 3451 1753 faciat;

212 1768 278 1822 τὸ
315 1769 596 1839 κριτήριον
637 1768 738 1838 τῆς
793 1769 988 1839 ψυχῆς,
1036 1771 1123 1823 ἵνα
1177 1771 1488 1842 γενομένοις
1539 1752 1670 1844 ημῖν
1702 1776 1789 1827 εὐ-

1902 1772 2111 1825 Etenim
2139 1752 2266 1827 dum
2302 1752 2567 1844 serpentis
2599 1785 2800 1833 tractus
2828 1782 3061 1847 ducitur,
3108 1786 3161 1839 in
3191 1792 3331 1842 terra
3367 1790 3453 1843 iis

212 1856 368 1911 θέσιν
418 1859 694 1931 ἐπιπρέψῃ
725 1861 758 1929 ἡ
795 1859 999 1921 αἴνεσις
1043 1860 1136 1913 τοῦ
1169 1862 1396 1932 Κυρίου.
1446 1864 1655 1936 Ὥσπερ
1690 1864 1798 1937 γὰρ

210 1950 245 2001 6
281 1952 380 2020 τὴν
420 1951 689 2021 ἁμαρτίαν
729 1951 1180 2023 καθηγησάμενος
1221 1953 1344 2021 ὄφις
1383 1955 1599 2019 σκολιὸς
1644 1956 1799 2025 λέγε-

211 2053 331 2102 ται,
364 2041 460 2092 καὶ
505 2041 769 2108 ἐπάγεται
801 2044 834 2111 ὴ
862 2042 955 2095 τοῦ
982 2042 1115 2095 Θεοῦ
1148 2043 1393 2116 μάχαιρα
1430 2047 1523 2098 ἐπὶ
1560 2046 1651 2101 τὸν
1678 2048 1800 2119 δρά-

212 2145 382 2182 κοντα
409 2130 499 2183 τὸν
531 2130 654 2200 ὅφιν
697 2131 811 2201 (85)
851 2133 942 2184 τὸν
982 2132 1212 2197 σκολιὸν,
1255 2136 1335 2187 ὅτι
1381 2135 1580 2200 πολλὰς
1622 2138 1799 2191 ἐκκλί-

214 2234 334 2280 σεις
366 2219 458 2270 καὶ
496 2218 765 2289 ἐκτροπάς
790 2219 847 2271 ἐν
885 2222 950 2290 τῇ
982 2219 1176 2291 πορείᾳ
1203 2223 1455 2273 ποιεῖται.
1490 2222 1796 2293 Συρόμενος

212 2308 329 2378 γὰρ
357 2309 384 2360 6
409 2307 564 2371 ὁλκὸς
600 2309 694 2361 τοῦ
727 2308 900 2377 ὄφεως
922 2309 1221 2379 ἀνωμάλως
1357 2313 1427 2382 γῇ
1453 2311 1792 2382 ὲπισύρεται,

217 2398 395 2462 ἄλλως
430 2398 722 2469 ὁρμώντων
750 2399 858 2453 τῶν
888 2400 1214 2471 ἔμπροσθεν,
1251 2403 1344 2454 καὶ
1386 2402 1627 2470 πλαγίως
1671 2405 1796 2472 ἐφε-

214 2491 469 2561 πομένων
518 2491 626 2544 τῶν
665 2491 828 2562 ἑξῆς,
882 2493 975 2545 καὶ
1020 2492 1182 2546 πάλιν
1225 2492 1332 2546 τῶν
1372 2495 1607 2565 οὐραίων
1660 2485 1795 2566 πρὸς

212 2584 280 2636 τὸ
309 2581 551 2636 ἐναντίον
576 2583 964 2637 ἀπονευόντων.
1003 2584 1167 2638 Ὥστε
1198 2587 1226 2639 6
1279 2585 1376 2655 μὲν
1405 2586 1483 2656 τῷ
1521 2587 1639 2655 ὄφει
1678 2578 1796 2640 ἐπό-

218 2690 384 2744 μενος
423 2674 633 2727 σκολιὸν
667 2676 761 2727 καὶ
802 2674 1087 2746 ἀνώμαλον
1116 2677 1210 2729 καὶ
1252 2678 1669 2748 ἐναντιωμάτων
1697 2678 1791 2747 γέ-

219 2781 390 2830 μοντα
418 2764 510 2818 τὸν
558 2765 670 2831 βίον
710 2764 901 2818 ἑαυτοῦ
933 2765 1258 2832 ἐπιδείξεται
1279 2783 1293 2796 ο
1329 2768 1357 2819 6
1384 2766 1439 2819 δὲ
1473 2758 1646 2821 ὀπίσω
1678 2770 1793 2822 Κυ-

1899 1863 2177 1930 aequaliter
2214 1864 2541 1934 imprimitur
2575 1872 2588 1921 ὲ
2620 1882 2743 1923 cum
2784 1872 2944 1927 aliter
2981 1879 3274 1944 procedant
3302 1888 3455 1937 ante.

1900 1952 2073 2007 riores
2094 1965 2296 2023 partes,
2331 1967 2386 2011 et
2418 1946 2634 2027 oblique
2661 1961 3010 2032 insequantur
3037 1979 3453 2040 consequentes,

1897 2054 1951 2098 et
1969 2060 2178 2099 rursum
2198 2049 2381 2103 caudae
2406 2059 2584 2118 partes
2602 2051 2654 2104 in
2672 2057 3000 2112 contrarium
3019 2071 3259 2131 vergant.
3275 2055 3455 2131 Quare

1896 2139 1986 2207 qui
2024 2150 2326 2207 serpentem
2378 2144 2644 2213 sequitur,
2693 2160 2843 2201 suam
2879 2152 3041 2206 vitam
3073 2142 3342 2225 obliquant
3373 2159 3457 2212 in-

1895 2229 2262 2300 aequalemqiw
2285 2241 2337 2287 et
2367 2237 2835 2294 contrarietatibus
2853 2239 3097 2297 refertam
3113 2238 3453 2303 demonstras

1893 2318 2012 2373 bit:
2044 2322 2134 2390 qui
2166 2337 2294 2376 vero
2332 2337 2469 2390 pone
2512 2312 2793 2381 Dominum
2827 2319 2994 2384 Deum
3031 2326 3246 2399 incedit,
3278 2342 3453 2393 rectas

1893 2410 2114 2465 setnitas
2129 2420 2182 2466 et
2214 2421 2357 2467 recta
2382 2414 2601 2485 vestigia
2626 2419 2816 2486 pedum
2840 2426 3056 2477 suorum
3086 2416 3234 2482 facit.
3265 2427 3455 2485 Rectus

1893 2501 2035 2554 enim
2074 2500 2326 2556 Dominus
2362 2503 2501 2558 Deus
2542 2516 2737 2573 noster,
2768 2506 2814 2561 ei
2846 2524 2962 2579 qua:
2998 2524 3137 2568 recta
3173 2529 3295 2572 sunt
3329 2518 3454 2573 vidil

1894 2588 2052 2657 facies
2085 2590 2248 2659 ipsius
2269 2592 2360 2646 δι’.
2382 2586 2596 2660 Regulae
2620 2595 2738 2649 duae
2766 2594 2808 2651 si
2836 2599 2990 2669 juxta
3020 2593 3079 2658 se
3101 2605 3451 2675 collocentur,

1892 2695 2077 2735 earum
2116 2683 2381 2737 rectitudo
2427 2684 2566 2739 inter
2599 2701 2657 2740 se
2693 2692 2976 2756 convenit;
3011 2694 3054 2747 si
3088 2710 3218 2752 vero
3255 2699 3455 2754 distors

1894 2785 2004 2828 tum
2039 2774 2240 2843 lignum
2271 2777 2337 2829 ad
2378 2775 2612 2846 regulam
2646 2792 2964 2849 apponatur,
2999 2785 3269 2843 obtortum
3302 2801 3454 2862 repe-

216 2854 337 2926 ρίου
370 2853 462 2909 τοῦ
484 2855 619 2908 Θεοῦ
658 2846 1021 2929 πορευόμενος
1049 2848 1265 2920 εὐθείας
1292 2860 1523 2910 ποιεῖται
1551 2858 1650 2921 τὰς
1682 2859 1734 2927 (8
1748 2857 1789 2931 1)

1899 2864 2030 2918 ritur
2078 2875 2223 2919 recto
2266 2882 2370 2920 non
2415 2881 2730 2936 congruere.
2774 2870 3037 2937 Quoniam
3094 2877 3257 2945 igitdr
3307 2846 3453 2937 recta

214 2946 459 3016 τρίϐους,
509 2947 603 3000 καὶ
645 2947 811 3018 ὀρθὰς
848 2948 945 3010 τὰς
994 2948 1213 3019 τροχιὰς
1253 2947 1360 3001 τῶν
1393 2949 1568 3000 ποδῶν
1606 2948 1788 3001 αὐτοῦ.

1899 2965 1975 3009 est
2013 2946 2104 3010 Del
2141 2952 2392 3020 laudatio,
2439 2969 2586 3012 recto
2617 2974 2749 3028 opus
2792 2971 2874 3017 est
2922 2966 3103 3032 corde,
3150 2963 3199 3024 ei
3246 2983 3304 3025 ut
3336 2969 3453 3028 laus

212 3036 415 3103 Εὺθὴς
449 3038 557 3107 γὰρ
594 3028 810 3105 Κύριος
836 3041 880 3091 .ό
919 3038 1060 3104 Θεὸς
1094 3038 1281 3107 ἡμῶν,
1324 3039 1421 3092 καὶ
1464 3040 1789 3106 εὐθύτητας

1899 3048 2171 3101 conveniat
2204 3058 2594 3116 competatque.
2624 3050 2773 3116 Quod
2807 3053 2851 3106 si
2891 3068 3048 3110 nemo
3078 3059 3219 3115 valet
3265 3064 3444 3119 dicere

216 3123 340 3181 εἶδε
367 3128 434 3181 τὸ
467 3130 790 3197 πρόσωπον
826 3124 1034 3184 αὐτοῦ.
1080 3122 1204 3183 Ἐὰν
1237 3121 1329 3183 δύο
1363 3130 1588 3194 κανόνες
1627 3129 1789 3200 ἀλλή-

1899 3134 2176 3192 Dominum
2207 3138 2386 3194 Jesum
2418 3142 2519 3197 nisi
2556 3144 2607 3196 in
2639 3143 2840 3211 Spiritu
2871 3152 3060 3203 sancto
3084 3150 3151 3215 ",
3182 3155 3452 3222 quomodo

215 3212 332 3284 λοις
383 3220 794 3293 παρατεθῶσιν,
842 3223 875 3292 ἡ
933 3221 1163 3291 εὐθύτης
1218 3222 1397 3274 αὐτῶν
1462 3220 1789 3292 συναρμόζει

1899 3224 2137 3294 proferes
2170 3227 2401 3291 laudem,
2426 3246 2546 3284 cum
2584 3242 2789 3287 rectum
2820 3236 3071 3304 Spiritum
3104 3212 3214 3296 non
3247 3242 3450 3299 habeas

217 3313 500 3384 ἀλλήλοις·
527 3313 621 3366 ἐάν
649 3313 706 3366 δὲ
738 3313 1063 3385 διάστροφον
1087 3312 1240 3377 ξύλον
1273 3312 1455 3366 κανόνι
1486 3314 1789 3384 παρατεθῇ,

1899 3312 1951 3366 in
1984 3315 2088 3368 tuis
2121 3317 2414 3373 visceribus
2446 3321 2755 3377 innoVatum
2777 3316 2857 3379 "2

218 3402 631 3473 άσυνάρμοστον
686 3392 998 3473 εὑρίσκεται
1053 3402 1132 3472 τῷ
1189 3397 1334 3473 ὀρθῷ
1397 3403 1458 3455 τὸ
1510 3403 1785 3474 στρεϐλόν.
1842 3405 1994 3461 Ἐπεὶ
2033 3401 2126 3459 οὖν
2172 3409 2335 3481 εύθής
2378 3414 2587 3483 ἐστινὴ
2622 3415 2717 3467 τοῦ
2782 3416 2915 3470 Θεοῦ
2980 3422 3214 3488 αἶ’νεσις,⁸
3244 3415 3456 3494 εύθείας

218 3495 379 3565 χρεία
399 3496 647 3567 καρδίας,
663 3496 1189 3569 ἴναὲπιπρέψῃαύτῇ
1214 3494 1308 3550 καὶ
1348 3490 1635 3568 ἐφαρμόσῃ
1671 3498 1699 3550 6
1722 3496 1831 3568 (85)
1871 3493 2036 3562 αἶνος.
2061 3501 2124 3553 Εἰ
2160 3501 2217 3554 δὲ
2276 3503 2449 3567 οὐδεὶς
2478 3503 2697 3561 δύναται
2727 3510 2901 3564 εἰπεῖν
2930 3513 3131 3585 Κύριον
3170 3518 3373 3589 Ἰησοῦν
3405 3490 3453 3575 ei

223 3591 301 3662 μὴ
324 3592 381 3644 ἐν
414 3591 692 3662 Πνεύματι
725 3592 886 3662 άγίῳ,
918 3592 1036 3656 πῶς
1065 3593 1130 3646 ἂν
1157 3582 1387 3665 ἐνέγκῃς
1411 3593 1500 3646 τὸν
1539 3589 1709 3660 αἶνον,
1754 3593 1829 3663 μὴ
1869 3592 2005 3665 ἔχων
2041 3597 2102 3649 τὸ
2133 3592 2287 3662 εύθές
2314 3599 2533 3672 πνεῦμα
2595 3604 2934 3672 ἐγκαινισθὲν
2971 3582 3029 3661 ἐν
3056 3613 3167 3675 τοῖς
3205 3582 3455 3681 ἐγκάτοις

221 3699 319 3735 σου
338 3699 353 3747 ;

292 3776 346 3828 2.
393 3776 887 3848 Ἐξομολογεῒσθε
941 3777 1021 3842 τῷ
1070 3779 1264 3846 Κυρίῳ
1307 3779 1377 3832 ἐν
1427 3779 1669 3848 κιθάρᾳ,
1720 3781 1790 3835 ἐν

218 3870 534 3938 ﬁrm/impio)
571 3856 911 3938 δεκαχόρδῳ
938 3858 1174 3938 audiatis
1217 3869 1396 3936 αὐτῷ.
1428 3856 1602 3943 ’Πρότε
1614 3888 1703 3943 ρον
1732 3872 1791 3926 ἐν

221 3958 424 4029 κιθάρᾳ
471 3958 553 4011 δεῖ
602 3959 1099 4028 ἐξομολογήσασθαι
1151 3960 1260 4031 (86)
1298 3960 1375 4031 τῷ
1408 3963 1632 4033 Κυρίῳ·
1669 3980 1793 4016 του-

221 4049 394 4111 τέστι,
427 4049 528 4112 τὰς
558 4049 646 4102 διὰ
703 4049 797 4102 τοῦ
857 4049 1108 4121 σώματος
1166 4053 1445 4123 ἐνεργείας
1502 4054 1791 4108 ἀποδοῦναι

222 4140 577 4211 ἑναρμονίως.
623 4136 839 4212 Ἐπειδὴ
865 4141 973 4212 γάρ
1002 4145 1060 4195 ἐν
1086 4143 1161 4214 τῷ
1189 4143 1400 4213 σώματι
1450 4146 1787 4217 ἡμάρτομεν,

221 4230 312 4283 ὅτε
342 4231 762 4300 παρεστήσαμεν
790 4232 857 4284 τά
895 4232 1032 4303 μέλη
1059 4232 1224 4303 «ἡμῶν
1249 4233 1412 4286 δοῦλα
1442 4237 1508 4306 τῇ
1545 4237 1790 4308 ἁμαρτίᾳ

222 4320 307 4381 εἰς
330 4319 427 4389 τὴν
460 4319 707 4390 ἀνομίαν,
741 4319 819 4390 τῷ
858 4320 1068 4391 σώματι
1107 4323 1200 4375 καὶ
1246 4318 1786 4397 ἐξομολογησὼμεθα,

222 4409 302 4478 τῷ
338 4408 485 4479 αὐτῷ
511 4411 843 4482 κεχρημένοι
872 4413 1087 4482 ὀργάνῳ
1115 4412 1251 4481 πρὸς
1275 4412 1375 4482 τὴν
1407 4415 1664 4470 ἀνάλυσιν
1688 4418 1789 4489 τῆς

224 4500 518 4571 ἁμαρτίας.
581 4501 989 4572 Ἐλοιδόρησας;
1040 4504 1355 4574 εύλόγησον.
1399 4507 1785 4581 Ἐπλεονέκτη-

1963 3778 2016 3833 2.
2058 3777 2212 3834 Vens.
2261 3779 2315 3836 2.
2353 3779 2687 3851 Conﬁlemini
2737 3777 2961 3843 Domino
3009 3791 3064 3844 in
3113 3793 3349 3863 cithara,
3400 3792 3456 3851 iii

1892 3870 2141 3938 psalterio
2173 3872 2346 3926 decem
2384 3877 2701 3929 chordarum
2735 3878 2943 3945 psallite
2983 3882 3082 3936 illi.
3120 3884 3359 3942 Primum
3400 3893 3452 3943 in

1894 3962 2098 4015 cithara
2136 3962 2358 4017 Domino
2395 3964 2638 4019 confiteri
2670 3977 2912 4035 oportet;
2951 3971 3051 4026 hoc
3077 3981 3180 4038 est,
3211 3980 3456 4044 corporis

1897 4043 2136 4108 actiones
2171 4055 2432 4109 concinne
2464 4057 2760 4113 absolvere.
2792 4059 3053 4125 Quoniam
3100 4065 3244 4120 enim
3294 4062 3450 4140 133

1898 4137 1952 4199 in
1991 4154 2217 4213 corpore
2248 4147 2608 4215 peccavimus,
2635 4163 2757 4202 cum
2797 4160 2980 4205 nostra
3011 4155 3253 4210 membra
3297 4137 3455 4214 serv—tt

1895 4248 2116 4303 peccato
2148 4236 2214 4289 ad
2257 4237 2592 4304 iniquitatem
2631 4241 2976 4308 prmbuimus,
3020 4257 3244 4313 corpore
3290 4249 3456 4304 etiam

1895 4326 2272 4393 cantiteamur,
2314 4329 2503 4383 eodem
2539 4339 2752 4386 utentes
2779 4331 3136 4388 instrumento
3163 4336 3229 4389 ad
3263 4352 3455 4407 pecca-

1897 4422 2006 4473 tum
2058 4420 2451 4475 dissolvendum
2476 4423 2542 4477 “.
2598 4423 2942 4480 Conviciattts
2996 4427 3091 4482 es?
3141 4428 3451 4489 benedicast

1897 4507 2150 4580 Eripnisti
2215 4512 2430 4568 aliena?
2489 4516 2715 4572 reddito.
2766 4516 3061 4574 Inebriatus
3110 4519 3204 4575 es?
3247 4520 3453 4593 jejuna;

227 4607 359 4655 σας;
403 4590 620 4654 ἀπόδος.
664 4591 998 4664 Ἐμεθύσθης
1037 4594 1178 4664 (87);
1208 4599 1523 4666 νήστευσον.
1568 4600 1789 4666 Ἠλαζο-

1899 4602 2169 4671 Superbus
2200 4604 2391 4660 fuisti?
2422 4617 2538 4661 esto
2580 4608 2814 4663 humilis.
2865 4609 3153 4665 lnvidisti?
3204 4590 3451 4669 obsecra.

226 4680 436 4746 νεύσω;
502 4683 886 4755 ταπεινώθητι.
953 4685 1319 4757 Ἐφθόνησας;
1386 4691 1787 4760 παρακάλεσον.

238 4760 594 4841 Ἒφόνευσας
633 4775 1077 4848 μαρτύρησονοῆ
1125 4775 1193 4830 τὰ
1242 4777 1661 4850 ἰσοδυναμοῦντα
1714 4782 1792 4853 τῷ

271 4882 342 4957 to
381 4885 499 4957 Αει,
541 4901 652 4957 ιη,
711 4885 843 4957 18.7
888 4888 934 4919 ⁵ο
981 4887 1126 4943 Psal.
1160 4905 1286 4946 χιιι
1314 4932 1331 4957 ,
1366 4891 1455 4948 16.

224 4953 274 4986 ⁸³
302 4952 444 5008 Psal.
481 4971 532 5018 ι,
565 4955 650 5010 12.
730 4956 778 4987 ⁸¹⁶
816 4956 972 5011 Rom;
1002 4974 1073 5020 vn,
1113 4960 1204 5013 l9.

299 5064 408 5135 (8'2)
449 5065 582 5135 Reg.
614 5068 804 5121 tertius
833 5068 966 5122 Θεοῦ
1008 5071 1225 5135 πρέπει.

296 5134 409 5208 (εξ)
448 5134 624 5189 Editio
680 5136 851 5191 Paris.
897 5140 988 5193 τὸν
1037 5134 1179 5208 ὅφιν.
1233 5138 1393 5193 Deest
1426 5138 1686 5195 articulus
1734 5141 1789 5196 in

224 5204 495 5330 ginn'tjbus,
536 5220 670 5273 quos
717 5208 847 5261 mihi
894 5204 1112 5279 quidem
1158 5210 1342 5264 videre
1387 5211 1646 5280 contigit,
1692 5225 1788 5266 co-

268 5290 330 5327 It:l
373 5289 454 5327 us.

268 5289 454 5327 ICIDIIS.

354 5343 407 5412 4)
447 5343 597 5399 Colb.
626 5355 851 5412 quartus
882 5350 1022 5400 ποιεῖ
1050 5347 1165 5411 τάςε

320 5413 408 5489 85)
444 5413 593 5467 Colb.
616 5426 841 5484 quartus
886 5419 980 5489 καὶ
1030 5416 1345 5489 ἐφαρμοσθῇ
1393 5418 1443 5473 6.
1473 5418 1591 5474 Mox
1630 5421 1779 5486 Regii

227 5484 414 5556 tertius
435 5494 488 5536 et
513 5494 698 5556 scitus
720 5500 839 5556 cu_m
862 5484 1095 5541 editione
1120 5484 1284 5542 Basit.
1311 5484 1634 5554 coniunctim
1664 5484 1782 5556 πῶς

224 5552 540 5626 άνενέγκῃς.
569 5552 746 5626 Egilio
766 5553 939 5610 Paris.
967 5572 1088 5609 cum
1118 5556 1247 5624 Reg.
1271 5552 1458 5624 quinto
1489 5552 1778 5626 separatim

225 5622 290 5697 ᾂν
329 5622 750 5697 ἐνέγκῃς-ἕξει
777 5622 1375 5697 secunduscum—Colb.
1397 5622 1632 5697 septimo
1663 5629 1781 5697 πῶς

225 5692 547 5760 ἁνενέγκειςι
574 5693 722 5750 Golb.
746 5705 968 5765 quartus
988 5695 1105 5760 πῶς
1131 5694 1194 5750 ἂν
1219 5692 1481 5770 ἐνενέγκςί
1507 5698 1597 5753 τὸν
1629 5692 1777 5755 αἶνον

1565 4895 1610 4926 ⁸⁸
1643 4893 1747 4951 Isa.
1781 4913 1952 4966 xxvu,
1983 4900 2034 4954 l.

1895 4691 2184 4751 Occidisti?
2222 4700 2534 4770 martyrium
2572 4698 2842 4769 perferas;
2892 4701 2975 4755 vel
3012 4701 3153 4771 quod
3196 4705 3455 4775 martyrio

1896 4801 1994 4855 par
2023 4796 2127 4853 est,
2169 4804 2265 4858 per
2296 4789 2685 4846 confessionem
2730 4806 2924 4860 corpus
2968 4802 3112 4847 tuum
3147 4792 3342 4865 aﬂlige.
3382 4794 3454 4850 Et

2132 4901 2203 4936 ⁸⁸·
2242 4902 2387 4958 Psal.
2416 4920 2527 4970 xei,
2566 4906 2667 4974 l6;
2727 4923 2782 4971 ι,
2811 4904 2865 4959 Sa
2964 4907 3012 4939 "
3042 4906 3064 4960 Ι
3089 4907 3213 4963 Coro
3269 4924 3365 4976 Ill.
3394 4909 3449 4964 5-

1884 5074 2115 5164 6pm...
2145 5080 2203 5164 ἐν
2248 5083 2361 5164 τοῖς
2401 5082 2656 5153 ἐγκάτοις
2704 5086 2902 5153 αὐτοῦ;
2956 5088 3229 5155 Quomodo
3272 5091 3318 5147 ia
3365 5095 3455 5164 qui

1886 5161 1988 5198 non
2022 5149 2195 5213 habet,
2222 5162 2329 5204 etc.

1956 5215 2182 5290 (86)_lta
2215 5222 2450 5290 quinque
2483 5238 2610 5280 mss.
2642 5241 2764 5280 cum
2797 5228 3033 5282 editione
3064 5227 3230 5283 Basil.
3266 5230 3449 5285 Editio

1884 5298 2013 5368 vero
2063 5287 2256 5368 Paris;
2257 5300 2311 5342 et
2350 5287 2587 5347 nonnulli
2638 5312 2771 5368 mss.
2814 5296 3275 5368 ἐξομολογεῖσθαι.
3326 5300 3452 5356 Mox

1885 5353 2021 5439 editi,
2049 5371 2169 5436 cum
2221 5358 2352 5426 Reg.
2396 5375 2590 5439 quarto
2637 5353 2938 5439 ἀποδοῦναι
2976 5353 3337 5439 ἐναρμονίοις.

1885 5424 2239 5505 aliiquinque
2276 5424 2773 5505 ηἱεείέναρμονίως
2809 5424 3136 5493 ἀποδιδόνάιῖ

1958 5494 2091 5580 ςβη
2108 5494 2239 5565 Reg.
2271 5494 2550 5580 secundus
2574 5494 2701 5580 cum
2729 5494 3112 5580 Δ(Ξοιὺκίμιριιιο
3138 5507 3448 5580 ῌέμέθυσαςι

1884 5561 1986 5650 alii
2006 5561 2148 5650 nisi.
2178 5561 2299 5650 cum
2330 5571 2490 5627 editis
2517 5571 2845 5647 ἐμεθύσθης.
2886 5561 3269 5636 suassuas.
3295 5561 3452 5650 quia;

1885 5640 1973 5689 tus
1998 5632 2381 5706 ἡλαξονεύθηςι
