3818 6220
372 268 478 325 521
1728 265 1782 321 S.
1826 265 2067 321 BASILII
2107 266 2321 321 MAGNI
3544 273 3659 327 328

375 400 501 442 tunc
538 398 659 457 post
708 384 1134 449 confessionem,
1179 384 1370 453 dignus
1416 398 1475 437 es
1521 384 1611 452 qui
1678 385 1730 438 in
1785 388 1883 439 dcc

2152 387 2359 457 κυρίῳ,
2390 386 2477 438 διὰ
2504 387 2601 456 τῆς
2638 386 3077 458 ἐξομολογήσεως
3110 387 3339 442 σεαυτοῦ
3384 388 3451 441 τὸ
3483 388 3660 458 σῶμα

373 483 578 536 ehordo
623 480 877 549 psalterio
930 478 1037 532 Deo
1086 476 1282 546 psallas
1305 476 1375 529 ".
1426 473 1586 530 Prius
1636 476 1779 529 enim
1825 492 1881 531 co

2156 494 2327 532 εωσον.
2371 478 2479 530 Καὶ
2520 478 2641 530 τότε
2684 479 2820 547 μετὰ
2847 479 2946 547 τὴν
2990 479 3378 549 ἐξομολόγησιν
3410 479 3573 545 ἄξιος
3605 476 3664 532 εἴ

376 575 523 643 poris
575 574 815 627 actiones
865 580 1079 639 Oportet
1122 570 1438 634 emendari,
1482 577 1539 621 ut
1589 579 1884 638 congruent

2156 570 2425 640 μαλτηρίῳ
2462 570 2769 641 δεκαχόρδῳ
2815 571 3038 639 ψάλλειν
3080 570 3316 641 τῷζξΘεῷ
3361 572 3507 641 (88).
3559 574 3664 625 Δεῖ

374 666 557 721 divino
604 664 769 719 verbo
816 664 1301 731 convenienterque
1354 661 1725 732 perﬁciantur,
1760 664 1875 731 sicq

2149 663 2443 733 >πρότερον
2478 663 2818 734 κατορθῶσαι
2850 665 2947 726 τὰς
2970 664 3057 717 διὰ
3087 664 3179 717 τοῦ
3204 662 3466 733 σώματος
3491 667 3657 734 svsp-

374 774 540 828 queas
595 758 660 811 ad
719 772 898 809 rerum
955 755 1368 824 intelligibilium
1432 756 1882 825 contemplatione

2149 773 2223 819 ιις,
2260 754 2400 807 ὥστε
2430 755 2705 825 ἁρμονίως
2735 755 2813 825 τῷ
2859 756 2988 825 θείῳ
3014 756 3155 825 λόγῳ
3194 758 3516 814 ἀποτελεῖν.
3552 758 3657 810 καὶ

374 849 687 905 ascendere.
741 847 1011 903 FortaSsis
1073 847 1215 900 enim
1275 860 1457 911 mens,
1529 860 1649 914 quae
1717 862 1882 915 super]

2150 865 2226 910 ως
2256 849 2348 901 ἐπὶ
2386 846 2487 917 τὴν
2523 847 2754 917 Θεωρίαν
2790 848 2901 902 τῶν
2932 848 3137 917 νοητῶν
3160 848 3457 917 ἀναϐῆναι.
3491 849 3658 900 Ψαλ-

373 943 599 1013 quzerit,
649 941 962 1011 psalterium
1019 940 1161 993 dicta
1207 948 1323 1002 est,
1360 941 1500 1007 quod
1559 936 1718 1003 hujus
1757 953 1881 1008 orga

2145 957 2235 992 nov
2265 940 2374 1010 γὰρ
2408 941 2547 1010 τάχα
2586 942 2614 992 ὁ
2639 939 2762 1003 νοῦς
2791 940 3003 1011 εἴρηται
3025 943 3053 993 ὁ
3079 941 3144 993 τὰ
3170 941 3282 995 ἀνω
3310 941 3525 1010 ζητῶν.
3560 942 3653 994 διὰ

374 1044 643 1089 structura
698 1049 728 1088 a
779 1033 1041 1102 superiori
1086 1041 1236 1101 parte
1277 1031 1384 1083 vim
1450 1040 1793 1084 resonantem
1851 1046 1879 1083 a

2147 1030 2227 1101 ῖὴν
2261 1029 2605 1101 κατασκευὴν
2634 1030 2727 1083 τοῦ
2766 1032 2998 1102 ὀργάνου
3039 1031 3227 1085 τούτου
3258 1032 3362 1102 τὴν
3394 1033 3655 1101 ἠχοῦσαν

374 1128 525 1197 cipit.
556 1126 811 1195 Corporis
844 1126 1021 1193 itaque
1052 1139 1212 1194 opera
1256 1123 1397 1177 velut
1436 1137 1503 1176 ex
1550 1122 1775 1176 infernis
1819 1137 1882 1177 co

2148 1140 2279 1192 αμιν
2309 1124 2373 1175 ἐκ
2411 1122 2518 1175 τῶν
2553 1122 2758 1176 ἀνωθεν
2796 1123 2960 1193 ἔχειν.
2993 1122 3072 1176 Τά
3119 1124 3215 1194 μὲν
3266 1120 3363 1176 οὖν
3402 1124 3502 1177 τοῦ
3544 1124 3656 1177 σώ-

372 1220 592 1273 litentur
632 1218 780 1272 Deo:
812 1232 930 1285 qua:
960 1230 1088 1269 vero
1138 1230 1233 1284 per
1285 1224 1517 1268 mentem
1555 1215 1878 1268 annuntiant

2144 1236 2217 1282 τος
2268 1218 2405 1289 ἔργα
2445 1218 2605 1271 οἱονεὶ
2638 1217 2882 1271 κάτωθεν
2922 1217 3326 1287 ἐξομολογεῖται
3356 1218 3446 1288 τῷ
3483 1219 3652 1288 Θεῷ·

371 1310 665 1382 mysteria,
713 1326 743 1365 e
778 1310 1023 1378 supernis
1085 1307 1423 1362 occasionem
1479 1306 1712 1369 habent,
1768 1322 1879 1361 mea

2145 1309 2197 1361 δὲ
2225 1308 2311 1362 διὰ
2345 1309 2439 1361 τοῦ
2469 1310 2560 1361 νοῦ
2601 1309 3042 1379 ἐπαγγελλόμενα.
3070 1310 3181 1379 (89)
3218 1314 3509 1382 μυστήρια
3544 1312 3653 1374 τὰς

370 1404 517 1457 velut
565 1418 754 1456 sonum
795 1417 889 1471 per
937 1401 1181 1470 spiritum
1231 1399 1582 1468 adipiscente.
1624 1395 1723 1463 Qui
1779 1399 1874 1467 igit

2143 1402 2304 1472 ιρμάς
2360 1401 2564 1455 ἄνωθεν
2620 1402 2755 1471 ἔχει,
2804 1404 2969 1455 οἱονεὶ
3003 1403 3367 1473 ἐνηχουμένου
3402 1405 3503 1457 διὰ
3549 1404 3651 1457 τοῦ

370 1496 436 1548 ad
471 1497 649 1549 omnia
698 1503 959 1562 praecepta
1001 1492 1248 1561 respicit,
1292 1506 1358 1545 ex
1406 1492 1591 1559 eisque
1638 1493 1781 1546 velut
1814 1507 1878 1547 co

2144 1493 2374 1563 κύματος.
2420 1493 2478 1546 '0
2511 1494 2688 1546 τοίνυν
2715 1495 2808 1547 ἐπὶ
2838 1494 3016 1557 πάσας
3048 1495 3146 1555 τὰς
3177 1495 3400 1558 ἐντολάς
3425 1497 3652 1550 ἐπιϐλέο

370 1600 586 1642 centum
639 1604 700 1641 ac
756 1588 1124 1659 symphoniam
1195 1584 1357 1652 facit,
1402 1586 1446 1640 is
1494 1585 1547 1638 in
1608 1585 1878 1641 decachort

2143 1604 2183 1650 ν,
2245 1588 2341 1640 καὶ
2392 1587 2555 1640 οἱονεὶ
2614 1587 2874 1657 συνῳδίαν
2924 1587 3102 1640 αὐτῶν
3151 1590 3243 1641 καὶ
3300 1592 3651 1658 συμφωνίαν

368 1682 626 1752 psalterio
669 1683 773 1736 Deo
816 1681 1029 1749 psallit,
1078 1680 1216 1747 quod
1268 1676 1538 1747 generalia
1575 1678 1759 1732 decem
1808 1694 1876 1748 pr:

2141 1674 2406 1743 ὧν,οὗτος
2434 1682 2493 1733 ὲν
2525 1680 2834 1751 δεκαχὸρδῳ
2848 1680 3129 1752 ψαλτηρίῳ
3156 1681 3346 1750 ψάλλει
3376 1683 3463 1753 τῷ
3493 1684 3649 1754 Θεῷ,

369 1788 527 1846 cepta
590 1775 883 1829 secundum
942 1774 1166 1841 primam
1226 1771 1355 1840 legis
1410 1773 1753 1827 traditionem
1812 1789 1875 1828 co

2175 1770 2236 1823 τὸ
2289 1770 2421 1824 δέκα
2468 1766 2606 1823 εἷναι
2655 1772 2755 1835 τὰς
2801 1773 3022 1841 γενικὰς
3074 1773 3290 1837 ἐντολὰς
3336 1776 3491 1828 κατὰ
3540 1780 3648 1847 τὴν

367 1866 563 1933 scripta
593 1873 733 1917 sunt.
776 1863 937 1917 Vens.
965 1863 1018 1917 5.
1053 1861 1272 1915 Cantate
1306 1860 1528 1915 Domino
1558 1865 1821 1917 canticum
1854 1881 1875 1916 ri

2140 1861 2269 1932 ἱιτην
2301 1863 2393 1915 τοῦ
2428 1863 2589 1935 νόμου
2619 1863 2916 1935 παράδοσιν
2954 1866 3365 1936 γεγραμμένας.
3408 1868 3648 1936 ’ᾼσατε

366 1974 507 2011 vum.
544 1956 653 2011 Hoc
687 1965 803 2019 est,
846 1955 966 2009 Non
1004 1956 1058 2009 in
1098 1964 1347 2009 vetustate
1386 1955 1593 2023 littera,
1639 1958 1728 2009 sed
1764 1961 1817 2009 in
1850 1972 1874 2008 η

2150 1955 2343 2022 Κυρίῳ
2372 1948 2536 2024 ᾆσμα
2569 1955 2678 2025 (90)
2715 1958 2943 2010 καινόν.
2971 1958 3280 2019 Τουτέστιν,
3318 1958 3426 2027 Μὴ
3462 1961 3540 2013 ἐν
3567 1961 3647 2029 τῇ

366 2050 523 2103 vitate
556 2048 773 2116 spiritus
810 2047 970 2100 Deum
1004 2045 1162 2098 colite
1191 2045 1258 2098 ⁵⁸.
1288 2044 1390 2111 Qui
1430 2061 1533 2099 non
1579 2046 1870 2117 corporalit

2133 2047 2391 2113 .lmo'tntt
2420 2046 2525 2099 τοῦ
2555 2045 2913 2115 γράμματος,
2941 2048 3076 2101 ἀλλ’
3106 2049 3175 2101 ἑν
3201 2048 3277 2116 τῇ
3317 2054 3641 2117 καινότητι

366 2142 535 2210 legem
571 2140 787 2209 accipit,
834 2140 928 2194 sed
992 2139 1135 2193 illius
1171 2140 1316 2192 novit
1355 2139 1651 2208 spiritalem
1688 2154 1874 2193 sensur

2138 2139 2499 2207 inreﬁyatoc
2527 2136 2815 2209 λατρεύετε
2836 2139 2914 2209 τῷ
2940 2139 3077 2210 Θεῷ.
3109 2140 3166 2193 '0
3194 2142 3267 2211 μὴ
3294 2144 3646 2212 σωματικὰ

367 2237 455 2290 hie
497 2235 766 2289 canticum
816 2246 1012 2286 novum
1069 2240 1270 2285 cantat.
1303 2229 1437 2284 Nam
1479 2241 1633 2287 vetus
1678 2240 1734 2286 et
1783 2247 1875 2286 sen

2132 2228 2397 2298 ηαμϐἀνων
2428 2229 2518 2281 τὸν
2566 2229 2751 2299 νόμον,
2784 2230 2922 2283 ἀλλὰ
2953 2231 3015 2284 τὸ
3046 2234 3426 2301 πνευματικὸν
3467 2238 3640 2292 αὐτοῦ

366 2342 524 2381 scens
590 2325 989 2379 Testamentum
1061 2323 1407 2393 pertransiit,
1463 2338 1656 2376 novum
1708 2339 1836 2379 vero

2133 2320 2338 2390 ›ρίζων,
2380 2313 2535 2382 οὗτος
2568 2320 2680 2391 ᾅδει
2714 2320 2775 2373 τὺ
2818 2322 3001 2375 καινὸν
3042 2318 3210 2393 ᾆσμα.
3240 2326 3392 2378 Διότι
3436 2328 3500 2379 τὸ
3540 2330 3641 2399 μὲν

368 2419 722 2471 instauratum
771 2414 1038 2468 canticum
1084 2414 1343 2468 doctrina:
1386 2415 1592 2467 Domini
1631 2430 1736 2469 non
1774 2430 1876 2470 exe

2132 2410 2439 2479 tatodpsvov
2476 2413 2569 2464 καὶ
2606 2412 2883 2483 γηράσκον
2918 2413 3016 2483 τῆς
3043 2412 3317 2485 Διαθήκης
3346 2416 3545 2489 διέϐη·
3578 2421 3640 2472 τὸ

367 2507 466 2573 pit,
509 2503 991 2576 quacjuveututem
1034 2513 1296 2567 nostram,
1328 2505 1471 2559 velut
1515 2505 1729 2574 aquilae,
1772 2522 1875 2560 rem

2129 2504 2308 2556 καινὸν
2332 2506 2424 2557 καὶ
2452 2504 2844 2576 ἀνανεούμενον
2885 2502 3034 2577 ᾆσμα
3066 2508 3215 2578 ἡμᾶς
3242 2509 3347 2578 τῆς
3378 2511 3482 2563 τοῦ
3518 2514 3637 2565 Κυ-

365 2608 457 2652 vat
483 2598 555 2663 ⁵⁷,
587 2597 675 2650 ubi
731 2594 1138 2664 corruperimus
1188 2606 1468 2648 externum
1524 2596 1830 2659 hominem,

2126 2615 2151 2648 υ
2205 2596 2550 2661 διδασκαλίας
2596 2598 2865 2665 διεδέξατο
2921 2600 3065 2669 (91),
3115 2602 3235 2671 ἥτις
3278 2603 3634 2671 ἀνακαινίζει

364 2687 604 2742 renovati
654 2685 913 2739 fuerimus
952 2685 1016 2737 de
1055 2684 1139 2737 die
1171 2685 1222 2737 in
1255 2686 1393 2738 diem
1422 2685 1490 2741 ⁸⁸.
1540 2685 1643 2739 Sed
1672 2695 1726 2740 et
1755 2686 1845 2753 qui

2129 2687 2607 2761 Βν,ὼςάετοῦ,τὴν
2640 2691 2887 2761 νεότητα,
2909 2692 3034 2745 ὃταν
3067 2694 3381 2764 φθείρωμεν
3412 2699 3516 2767 μὲν
3543 2699 3637 2750 τὸν

366 2781 434 2836 ad
473 2779 741 2835 anteriora
771 2778 1039 2837 extendit,
1066 2791 1277 2847 semper
1308 2792 1366 2831 se
1402 2778 1517 2847 ipso
1548 2780 1821 2833 recentior
1850 2780 1874 2831 ﬁ

2125 2798 2136 2831 ›
2169 2779 2474 2846 ἄνθρωπον,
2506 2782 2927 2853 ἀνακαινώμεθα
2970 2785 3027 2837 δὲ
3054 2785 3233 2856 ἡμέρα
3281 2787 3378 2838 καὶ
3418 2790 3633 2860 ἡμέρα.

362 2873 540 2942 Quare
582 2871 671 2941 qui
718 2885 776 2925 se
810 2871 923 2936 ipso
964 2869 1022 2923 ﬁt
1062 2884 1277 2939 semper
1320 2871 1608 2933 recentior,
1663 2872 1863 2925 recenti

2130 2870 2205 2923 .λά
2232 2872 2326 2924 καὶ
2351 2874 2378 2925 ὁ
2406 2875 2517 2935 τοῖς
2546 2872 2853 2945 ἔμπροσθεν
2880 2877 3326 2946 ἐπεκτεινόμενος
3361 2881 3461 2932 ἀεὶ
3514 2884 3638 2935 ἐαυ-

361 2967 629 3020 canticum
666 2963 774 3017 Deo
808 2962 974 3017 canit.
1022 2962 1314 3019 Recentius
1353 2972 1532 3017 autem
1563 2977 1629 3016 ex
1666 2977 1815 3017 more
1845 2963 1869 3016 d

2154 2963 2467 3034 καινότερος
2504 2964 2732 3032 γίνεται.
2767 2966 2928 3018 Ὥστε
2962 2969 2989 3019 ὁ
3022 2969 3108 3020 ἀεὶ
3148 2969 3475 3042 καινότερος
3507 2975 3636 3027 ἐαυ-

363 3058 508 3112 citur
532 3056 616 3109 vel
649 3056 701 3108 id
728 3054 868 3121 quod
898 3062 980 3107 est
1006 3053 1345 3117 admirabile,
1370 3052 1453 3105 vel
1484 3051 1533 3105 id
1563 3053 1704 3121 quod
1740 3066 1871 3106 recel

2153 3055 2435 3125 γινόμενος
2467 3056 2777 3127 καινότερον
2803 3053 2953 3129 ᾆσμα
2996 3060 3109 3130 ᾄδει
3133 3060 3210 3130 τῷ
3238 3061 3382 3131 Θεῷ.
3426 3066 3635 3119 Καινό-

357 3160 537 3203 ortum
565 3147 767 3200 habuit.
798 3146 926 3200 Sive
958 3145 1119 3215 igitur
1147 3142 1536 3199 incarnationis
1570 3143 1782 3198 Domini
1815 3160 1863 3196 ιιι

2121 3162 2185 3197 ιον
2206 3146 2261 3198 δέ
2297 3147 2328 3216 ἧ
2370 3146 2429 3198 τὸ
2464 3147 2763 3217 παράδοξον
2796 3150 2899 3202 ὑπὸ
2924 3150 3023 3219 τῆς
3055 3152 3346 3220 συνηθείας
3373 3154 3629 3223 λέγεται,

356 3243 487 3295 dum
529 3240 897 3294 admirabilem
932 3248 986 3293 et
1026 3248 1213 3292 natura
1240 3237 1384 3291 omni
1418 3237 1753 3305 superiorem
1803 3251 1864 3289 na

2123 3239 2151 3291 ὸ
2179 3240 2505 3310 προσφάτως
2532 3241 2798 3310 παρελθὸν
2835 3244 2914 3305 εἰς
2941 3242 3037 3313 τὴν
3064 3245 3277 3312 γένεσιν
3311 3246 3455 3318 (92).
3497 3251 3631 3304 Ἐάν

366 3356 475 3405 res,
524 3338 794 3393 recentius
845 3351 909 3391 ac
947 3335 1222 3391 insolitum
1264 3332 1533 3387 canticum
1593 3333 1874 3388 concinnis

2125 3324 2217 3383 οὖν
2267 3330 2357 3381 τὸν
2391 3330 2691 3401 Θαυμάσιον
2725 3333 2923 3403 τρόπον
2967 3334 3058 3386 καὶ
3086 3337 3265 3387 πᾶσαν
3296 3337 3400 3408 τὴν
3456 3342 3631 3408 φύσιν

363 3436 479 3489 sive
526 3435 690 3489 totius
723 3435 901 3488 mundi
935 3448 1030 3502 per
1059 3441 1340 3503 peccatum
1375 3430 1657 3486 inveterati
1705 3445 1866 3500 regen

2122 3421 2423 3492 ιρόαίνοντα
2456 3424 2555 3493 τῆς
2580 3424 3041 3495 ἐνανθρωπήσεως
3061 3427 3221 3498 διηγῇ
3246 3430 3345 3482 τοῦ
3380 3433 3630 3504 Κυρίου,

360 3525 625 3581 rationem
680 3525 1190 3593 renovationemque
1226 3538 1535 3587 recenseas,
1582 3537 1645 3577 ac
1686 3537 1868 3577 resurr

2124 3514 2339 3584 νότερον
2366 3510 2515 3585 ᾆσμα
2540 3516 2632 3568 καὶ
2665 3515 2812 3579 ξένον
2846 3517 2993 3589 ᾄδεις
3014 3535 3026 3547 ⁸
3061 3518 3153 3571 ἐάν
3179 3536 3235 3571 τε
3264 3522 3367 3591 τὴν
3388 3524 3630 3592 ἀναγέν-

357 3617 553 3673 ctionis
591 3618 991 3672 annuntiaveris
1025 3616 1302 3686 mysteria,
1345 3616 1423 3671 sic
1456 3628 1671 3687 quoque
1723 3628 1863 3668 novu

2121 3623 2183 3659 rw
2212 3608 2305 3659 καὶ
2333 3608 2631 3661 ἀνανέωσιν
2654 3608 2747 3661 τοῦ
2776 3610 2978 3673 παντὸς
3015 3610 3218 3679 κόσμου
3251 3612 3350 3664 τοῦ
3383 3614 3499 3668 ὑπὸ
3527 3619 3629 3687 τῆς

360 3722 424 3762 ac
455 3722 644 3762 recens
669 3708 943 3762 canticum
973 3707 1142 3762 canis.

2120 3700 2297 3771 ιρτίας
2329 3700 2729 3765 παλαιωθέντος
2760 3701 2985 3775 διεξίῃς,
3026 3705 3120 3755 καὶ
3149 3703 3218 3755 τὰ
3242 3704 3347 3774 τῆς
3375 3707 3628 3762 ἀναστά-

2028 3805 2165 3852 σεως
2212 3791 2563 3863 ἀπαγγέλλῃς
2611 3793 2906 3863 μυστήρια,
2951 3795 3044 3845 καὶ
3097 3792 3241 3845 οὕτω
3277 3796 3481 3850 καινὸν
3528 3801 3627 3852 καὶ

2026 3880 2336 3952 πρόσφατον
2365 3882 2510 3954 ᾄδεις
2539 3883 2598 3936 τὸ
2620 3879 2789 3955 ᾆσμα.

420 3980 473 4035 5.
515 3980 654 4034 Bene
689 3978 898 4048 psallite
934 3980 981 4032 ei
1012 3979 1068 4033 in
1112 3978 1506 4047 vociferatione.
1544 3977 1739 4033 Audite
1779 3992 1919 4047 prae-

2116 3974 2145 4027 i.
2172 3974 2381 4041 Καλῶς
2402 3977 2636 4043 ψάλατε
2664 3974 2824 4041 αὐτῷ
2858 3977 2928 4029 ἐν
2959 3976 3308 4047 ἀλαλαγμῷ.
3353 3982 3624 4037 Ἀκούετε

354 4080 593 4143 ceptum.
620 4070 758 4125 Bene
786 4070 1026 4141 psallite;
1057 4081 1235 4124 mente
1276 4080 1503 4136 attenta,
1544 4072 1756 4125 sincero
1788 4068 1862 4123 aﬂ

2142 4069 2622 4140 παραγγέλματος.
2651 4070 2858 4135 Καλῶς
2894 4069 3131 4138 tritate
3151 4087 3163 4097 ·
3211 4072 3624 4147 ἁμετεωρέστῳ

350 4174 462 4221 ctu.
508 4161 575 4217 In
625 4162 997 4232 vociferatione
1048 4162 1276 4229 psallite.
1313 4160 1476 4215 Velut
1526 4160 1652 4215 boni
1703 4159 1858 4229 quide

2130 4160 2356 4231 διανοίᾳ,
2408 4161 2692 4234 εἰλικρινεῖ
2737 4165 2804 4232 τῇ
2838 4162 3098 4217 διαθέσει.
3149 4163 3623 4237 Ἐι-ἀλαιιατμῷ

351 4257 550 4311 milites
582 4266 700 4324 post
747 4263 953 4323 partam
986 4253 1049 4306 de
1082 4251 1327 4306 hostibus
1373 4252 1679 4317 victoriam,
1718 4250 1859 4306 refer

2112 4255 2276 4305 λατε.
2314 4253 2523 4324 Ὠσπερ
2569 4253 2715 4316 τινὲς
2762 4254 2920 4307 καλοὶ
2978 4254 3309 4325 στρατιῶται
3352 4258 3503 4325 μετὰ
3550 4258 3620 4311 τὰ

350 4350 578 4421 hymnos
616 4347 824 4401 auctori
856 4345 1110 4399 victoriae.
1144 4342 1424 4410 Con/ﬁdite,
1464 4343 1659 4413 inquit,
1695 4358 1787 4412 ego
1819 4344 1858 4397 vi

2112 4344 2312 4414 ητήρια
2336 4344 2404 4397 τά
2439 4346 2581 4398 κατὰ
2612 4346 2720 4398 τῶν
2750 4346 2994 4417 ἐχθρῶν,
3036 4347 3370 4414 ἀνενέγκατε
3402 4348 3620 4419 ὕμνους

346 4440 600 4493 mundum
624 4438 690 4491 ⁸³.
724 4437 854 4503 Quis
881 4437 1159 4490 hominum
1191 4436 1448 4489 adversus
1488 4434 1761 4489 diabolum
1803 4433 1854 4488 bt

2124 4438 2280 4504 αἰτίῳ
2308 4438 2407 4508 τῆς
2427 4440 2603 4509 νίκης.
2628 4442 2929 4507 Θαρσειτε,
2961 4441 3145 4511 φησὶν,
3168 4441 3282 4508 ἐγὼ
3312 4444 3618 4511 νενίκηκα

346 4530 454 4583 lum
485 4545 672 4599 gerere
702 4529 900 4599 possit,
948 4527 1047 4580 nisi
1076 4528 1140 4581 ad
1175 4526 1479 4595 praesidium
1529 4526 1783 4593 potentiae
1816 4526 1851 4580 it

2106 4543 2125 4566 θ
2158 4527 2407 4595 κόσμον.
2445 4528 2540 4590 Τίς
2571 4528 2873 4600 ἀνθρώπων
2910 4530 3093 4593 ἱκανὸς
3136 4531 3614 4602 ἀντιστρατεύω-

344 4623 609 4691 peratoris
660 4619 1062 4691 confugientes,
1112 4620 1259 4673 illine
1312 4634 1410 4689 per
1464 4617 1622 4672 (idem
1678 4633 1797 4687 qua:

2106 4616 2241 4688 ιιτῴ
2274 4618 2517 4689 πονηρῷ,
2550 4620 2645 4672 ἐὰν
2683 4620 2758 4691 μὴ
2787 4623 2852 4692 τῇ
2885 4623 3060 4694 σκέπῃ
3091 4621 3182 4675 τοῦ
3229 4624 3614 4697 ἀρχιστρατή-

342 4714 460 4783 ipso
504 4722 620 4777 est,
672 4712 947 4765 inimicum
1004 4719 1245 4765 nostrum
1281 4708 1536 4763 feriamus
1588 4723 1654 4763 ac
1696 4708 1850 4779 sagitt

2103 4725 2112 4758 ι
2161 4708 2270 4779 (95)
2317 4710 2413 4779 τῆς
2442 4710 2724 4781 δυνάμεως
2758 4715 3190 4784 προσφυγόντες,
3235 4716 3456 4771 ἐκεῖθεν
3504 4720 3611 4772 ἀπὸ

412 4916 459 4947 ⁵⁵
494 4916 637 4970 Psal.
664 4928 775 4977 xei,
801 4915 855 4969 4.
932 4914 977 4945 ⁸⁸
1016 4912 1174 4966 Rom.
1217 4929 1309 4978 vn,
1343 4911 1397 4967 6.
1473 4912 1516 4945 ⁸⁷
1557 4912 1700 4967 Psal.
1725 4928 1820 4977 cu,
1849 4914 1903 4967 5.

1557 4912 1700 4967 Psal.
1725 4928 1820 4977 cu,
1849 4914 1903 4967 5.
1980 4914 2027 4947 ⁸⁸
2066 4915 2107 4969 ll
2134 4915 2265 4973 Cor.
2293 4931 2366 4981 tv,
2400 4917 2489 4973 16.
2590 4933 2608 4950 ⁴
2639 4933 2796 4974 Joan.
2829 4936 2941 4985 χιιι,
2972 4920 3056 4975 1³5,

414 5097 523 5171 (88)
561 5100 694 5171 Reg.
733 5096 1016 5171 secundus“
1039 5094 1372 5171 cum__altero
1419 5110 1520 5171 ms.
1560 5094 1903 5171 ψάλλειν-τῷ
2002 5097 2218 5171 venitur
2262 5098 2315 5152 in
2371 5097 2555 5168 Regiis
2603 5099 2765 5154 tertio
2813 5110 2869 5154 et
2918 5112 3113 5171 quarto
3141 5112 3195 5156 et
3231 5101 3282 5155 in
3320 5100 3478 5157 Colb.
3514 5119 3604 5161 se-

337 5164 685 5239 ΚυρίῳηΑΙὶἰ
718 5183 847 5223 mss.
874 5166 1127 5239 16.6359.
1154 5164 1258 5219 Nec
1276 5167 1361 5239 ita
1391 5165 1554 5219 multo
1590 5178 1710 5239 p951
1740 5167 1845 5239 edit

680 5171 685 5221 ἱ
718 5183 847 5223 mss.
874 5166 1127 5239 16.6359.
1154 5164 1258 5219 Nec
1276 5167 1361 5239 ita
1391 5165 1554 5219 multo
1590 5178 1710 5239 p951
1740 5164 1904 5239 editio
2003 5170 2188 5239 ptimo.

336 5234 510 5314 Paris.
539 5237 677 5314 ὥστε
713 5234 1083 5308 ἐναρμονίως.
1104 5237 1175 5289 At
1198 5234 1763 5314 quipque_mss._£bora
1804 5237 1839 5287 ἀ

2229 5236 2360 5314 Reg.
2387 5237 2661 5314 secundus
2690 5254 2813 5293 cum
2838 5239 3004 5314 Coisl.
3030 5240 3197 5311 ᾄσατε
3231 5240 3395 5314 αὐτῷ
3417 5236 3596 5314 ᾆσμα.

340 5309 558 5377 μονίως.
595 5309 787 5364 Statim
815 5305 970 5362 Colb.
1012 5317 1236 5374 quartus
1282 5305 1514 5374 θεωρίαν
1544 5308 1652 5359 τῶν
1696 5322 1848 5376 νοημε

2076 5305 2187 5378 (9|)
2233 5307 2365 5376 Reg.
2410 5310 2677 5362 secundus
2728 5325 2849 5361 cum
2907 5305 3057 5364 (Lolli.
3101 5316 3274 5379 primo
3348 5305 3578 5377 ἐδέξατο

336 5376 465 5433 των.
592 5447 605 5449 ᾼ
999 5444 1030 5449 _
1108 5445 1118 5449 _
1731 5446 1740 5449 Α

2094 5392 2123 5428 ιι
2154 5376 2370 5449 eodices
2388 5394 2498 5449 sex
2541 5379 3007 5449 ἁνακαινούμεθα.
3042 5376 3218 5435 Editio
3251 5381 3427 5437 Paris.
3458 5376 3597 5437 lava.-

409 5449 522 5522 _(_89)
563 5446 964 5522 Nostraeditio
999 5444 1171 5499 Paris.
1190 5454 1252 5522 _et
1283 5445 1521 5522 nonnulli
1568 5460 1696 5499 mss.
1720 5446 1902 5522 ἐπαγ-

1772 5461 1902 5522 ταγ-
2008 5446 2342 5522 καινῴμεθα.
2383 5447 2516 5517 Reg.
2547 5444 3280 5522 quartus_dtvaxatvr§6p56a.

335 5515 653 5592 γελλόμενα.
704 5519 807 5571 Alii
858 5532 953 5592 sex
1007 5532 1135 5570 mss.
1178 5516 1648 5592 ἀπαγγελλόμενα.
1713 5515 1843 5592 Obit

2079 5515 2192 5592 (θῇ)
2230 5518 2306 5592 ita
2335 5515 2576 5592 quinilue
2602 5534 2730 5592 mss.
2759 5520 2935 5575 Editio
2969 5515 3142 5574 Paris:
3169 5522 3450 5592 γέννησιν.

336 5586 693 5651 monebimus,
748 5588 993 5666 mutilum
1042 5601 1161 5639 esse
1211 5587 1352 5666 [nunc
1388 5589 1561 5666 locum
1612 5588 1685 5666 in.
1718 5586 1844 5638 mult

2086 5586 2187 5659 [95)
2230 5587 2392 5666 Natat
2421 5586 2779 5644 Gomhelisius
2815 5606 3005 5646 vocem
3040 5586 3489 5666 ἀρχιστράτηγος
3528 5609 3594 5649 ex

333 5669 491 5732 mss,
523 5659 612 5732 qui
655 5660 740 5732 sic_
784 5657 1028 5732 habent:
1076 5657 1364 5732 Μυστὴρια
1412 5654 1618 5732 άνωθεν
1670 5657 1841 5732 ἐνηχοτ

2081 5654 2182 5732 sue:
2211 5673 2263 5720 ν,
2294 5658 2379 5721 14,
2409 5668 2695 5732 sumptam
2748 5676 2867 5716 esse
2909 5682 2922 5719 :
2969 5654 3093 5732 qua.
3114 5654 3272 5719 litate
3309 5654 3589 5720 intellecta

335 5720 497 5790 μένου
532 5726 618 5779 διὰ
650 5725 743 5780 τοῦ
779 5726 1082 5795 πνεύματος
1102 5742 1114 5755 ·
1144 5728 1172 5779 ὁ
1199 5720 1393 5779 τοίνυν.
1430 5728 1533 5782 Sed
1562 5720 1843 5796 integerh

1102 5742 1114 5755 -
1144 5728 1172 5779 ὁ
1199 5720 1393 5779 τοίνυν.
1430 5728 1533 5782 Sed
1562 5720 1899 5796 integerin-
2005 5720 2371 5784 abolebantur
2393 5720 2600 5785 Ariani.
