3818 6220
169 373 302 436 339

1333 375 1616 432 HOMILIA
1655 375 1722 430 ΙΝ
1765 375 2092 431 PSALMUM
2131 372 2342 430 XXXII.

3330 375 3432 431 530

171 496 294 562 τεῆς
321 495 380 546 ὲν
409 491 560 562 αὑτῷ
599 493 834 556 πίστεως
867 492 1114 564 βάλωμεν
1132 493 1240 564 (94)
1263 495 1422 564 ἡμῶν
1445 495 1533 548 τὸν
1555 495 1768 566 ἐχθρὸν,

1883 494 2236 560 impetamus?
2291 494 2430 548 Bene
2473 494 2636 564 igitur
2677 494 2886 563 psallite
2930 495 2984 548 in
3029 493 3434 563 froriferatione.

171 583 290 642 251i.
312 581 690 652 τοξεύσωμεν;
722 582 934 648 Καλῶς
961 582 1052 636 οὖν
1079 577 1316 652 ψᾶλατὲ
1330 585 1399 638 ἐν
1424 585 1768 655 dia/ian“?!-

181 672 360 726 Ἐστι
391 674 448 726 δὲ
474 675 502 726 6
529 673 844 744 ἀλαλαγμὸς
867 678 1016 746 φωνή
1043 693 1127 738 τις
1154 676 1326 747 ἀναρθ
1337 695 1444 748 ρος,
1469 678 1772 749 συμφώνως

181 763 452 835 ἀλλήλοις
507 765 614 818 τῶν
657 766 1096 830 συνασπιζόντων
1146 769 1204 820 ὲν
1261 767 1340 838 τῷ
1383 769 1604 840 πολέμῳ
1651 787 1774 822 συν⁴

179 856 568 928 σπηχούντων.
588 859 676 910 Ἐν
699 861 989 929 συμφωνίᾳ
1017 855 1108 912 οὖν
1141 860 1234 914 καὶ
1267 862 1324 914 ὲν
1356 862 1646 932 συμπνοίᾳ.
1679 862 1774 916 καὶ

179 952 258 1020 τῇ
289 950 380 1002 διά
407 950 504 1019 τῆς
531 950 749 1020 ἀγάπης
777 949 965 1004 ὲνώσει
987 951 1213 1020 ψάλατε.
1239 953 1302 1004 Τί
1325 949 1416 1006 οὖν
1443 954 1523 1006 δεῖ
1548 953 1774 1023 ψάλλον-

181 1058 298 1104 τας
333 1041 544 1110 λέγεινς
578 1042 708 1095 Ὅτι
741 1041 926 1108 εὐθὺς
958 1045 990 1096 ὀ
1028 1043 1210 1112 λόγος
1245 1044 1353 1098 τοῦ
1387 1045 1632 1112 Κυρίου.
1673 1043 1775 1098 Διά

179 1133 360 1186 τοῦτο
393 1134 659 1206 πρότερον
715 1135 843 1197 τοὺς
895 1134 1070 1197 εὐθείς
1122 1136 1279 1188 καλεῖ
1333 1135 1444 1204 (95)
1495 1136 1633 1206 πρὸς
1674 1136 1774 1204 τὴν

183 1228 424 1289 αἴγεσιν,
466 1225 653 1297 ἐπειδὴ
687 1225 848 1296 εὑθής
880 1225 994 1278 ἐστι
1035 1225 1128 1278 καὶ
1166 1228 1193 1278 6
1228 1225 1432 1295 μέλλων
1459 1224 1773 1290 δοξάζεσθαι

185 1316 394 1382 Λόγος,
429 1317 458 1369 6
490 1313 584 1368 τοῦ
615 1315 844 1387 Κυρίου,
873 1316 902 1368 6
939 1317 997 1370 ὲν
1027 1316 1169 1388 ἀρχῇ
1214 1315 1288 1370 ὣν
1323 1316 1458 1386 πρὸς
1483 1316 1574 1368 τὸν
1604 1315 1772 1380 Θεὸν,

187 1407 295 1460 καὶ
323 1407 454 1470 Θεὸς
475 1406 570 1462 ῶν.
609 1407 786 1478 Εὑθὴς
816 1403 907 1460 οὖν
933 1410 960 1460 6
977 1409 1186 1479 Πατήρ·
1208 1408 1371 1478 εὑθὴς
1391 1410 1420 1462 6
1448 1407 1594 1471 Υἱόςο
1619 1407 1774 1471 εὑθὲς

185 1497 258 1548 τὸ
309 1497 462 1564 ἆγιον
513 1497 760 1567 Πνεῦμα.
813 1497 924 1549 Καὶ
979 1498 1158 1551 πάντα
1199 1497 1269 1551 τά
1327 1499 1462 1569 ἔργα
1500 1496 1662 1550 αὑτοῦ
1715 1498 1773 1552 ἐν

189 1587 408 1644 πίστει.
439 1589 503 1641 Τί
525 1589 670 1642 ἐστιν
707 1589 736 1641 ὃ
768 1588 944 1657 λέγει;
984 1588 1184 1658 Ἔργον
1216 1591 1244 1642 6
1267 1588 1512 1658 οὐρανὸς,
1541 1589 1702 1659 ἔργον
1739 1590 1772 1658 ὴ

189 1682 299 1750 γῆ,
341 1681 502 1752 ἔργον
539 1683 572 1752 ἡ
612 1681 886 1742 Θάλασσα,
922 1684 950 1735 6
983 1681 1110 1752 ἀὴρ,
1159 1679 1226 1734 τά
1264 1679 1444 1750 ἄψυχα
1479 1682 1676 1744 πάντα,
1705 1680 1774 1734 τά

191 1773 446 1843 ιμψυχα,
490 1774 560 1826 τά
587 1773 800 1842 λογικὰ,
839 1773 908 1826 τά
939 1773 1130 1840 ἄλογα.
1175 1771 1298 1836 Πῶς
1351 1769 1445 1826 οὖν
1495 1773 1552 1824 ἐν
1591 1772 1771 1824 πίστει

193 1865 418 1928 πάντας
458 1863 586 1918 ποία
623 1863 804 1926 πίστις
837 1865 895 1916 ἐν
933 1867 1046 1926 τοῖς
1071 1862 1322 1933 ἀψύχοιςς
1365 1863 1495 1916 ποία
1523 1863 1704 1925 πίστις
1738 1864 1770 1932 ἡ
1807 1839 1848 1892 Β

192 1954 314 2008 τῶν
363 1954 614 2022 ἀλόγων;
661 1955 800 2008 Ποία
837 1955 894 2008 δὲ
932 1957 1114 2018 πίστις
1157 1957 1214 2008 ὲν
1247 1953 1322 2024 τῷ
1357 1953 1516 2025 idem;
1549 1955 1677 2008 ποία
1717 1953 1772 2008 δὲ

193 2043 388 2109 πίστις
441 2047 498 2098 ὲν
543 2044 620 2116 τῷ
667 2046 816 2111 κυνί;
855 2045 992 2098 Οὔτε
1047 2046 1272 2116 ἄψυχον,
1323 2044 1446 2098 οὔτε
1495 2045 1688 2114 ἄλογον
1717 2047 1772 2098 ἐν

195 2135 408 2190 πίστει.
437 2139 500 2190 Ἠ
548 2138 729 2208 μέντοι
774 2137 1048 2206 ἀπόῃασις
1086 2138 1238 2190 οὐδὲν
1279 2137 1592 2203 ὑπεξείλετο
1639 2137 1772 2206 (96),

195 2228 342 2282 ἁλιλά
385 2229 957 2298 πάνταπεριείληφεν
989 2230 1249 2282 εἰποῦσα·
1287 2227 1488 2282 Πάντα
1523 2227 1596 2282 τὰ
1633 2227 1776 2298 ἔργα

195 2321 392 2374 αὑτοῦ
417 2321 486 2372 ἐν
517 2321 736 2374 πίστει.
779 2321 842 2372 Τί
867 2317 959 2374 οὖν
989 2323 1136 2374 ἐστιν
1167 2322 1194 2374 6
1220 2321 1400 2389 λέγει;
1450 2321 1573 2374 Ἐάν
1601 2338 1660 2374 τε
1683 2322 1775 2374 οὑ-

201 2410 390 2480 ρανὺν,
427 2410 612 2480 φησὶν,
645 2410 780 2480 ἴδῃς,
811 2411 906 2464 καὶ
937 2410 1034 2480 τὴν
1067 2413 1126 2464 ὲν
1155 2411 1302 2481 αὑτῷ
1327 2410 1514 2474 τάξιν,
1543 2408 1778 2474 πίστεώς

199 2504 356 2556 ἐστιν
377 2503 568 2573 ὁδηγός
589 2521 604 2534 ο
637 2504 874 2556 δείκνυσι
901 2505 1008 2576 γὰρ
1042 2505 1132 2558 τὸν
1167 2505 1418 2575 τεχνίτην
1447 2505 1513 2558 δι’
1544 2505 1738 2558 ἑαυτοῦ
1759 2523 1772 2536 ο

201 2598 304 2650 ὲάν
331 2613 392 2649 τε
411 2599 506 2660 τὰς
527 2599 656 2668 περὶ
679 2597 774 2668 τὴν
802 2601 905 2668 γῆν
933 2598 1340 2668 διακοσμήσεις,
1374 2598 1532 2651 πάλιν
1565 2600 1658 2652 καὶ
1692 2599 1780 2652 διὰ

201 2687 412 2742 τούτων
446 2689 668 2754 αὔξεταί
707 2693 849 2760 σοιὴ
887 2691 1014 2761 περ).
1049 2690 1139 2743 τὸν
1169 2691 1302 2745 Θεὸν
1340 2691 1539 2753 πίστις.
1565 2692 1640 2744 UO
1671 2691 1779 2764 γάρ

203 2781 490 2848 σαρκίνοις
521 2780 820 2850 ὀφθαλμοῖς
853 2782 1260 2852 καταμαθόντες
1305 2783 1397 2835 τὸν
1433 2782 1586 2846 Θεὸν,
1615 2799 1778 2836 πεπι-

205 2871 514 2942 στεύκαμεν
539 2875 619 2936 είς
649 2873 830 2936 αὑτὸν,
861 2873 997 2926 ἀλλά
1042 2877 1107 2944 τῇ
1141 2873 1235 2925 τοῦ
1284 2873 1376 2927 νοῦ
1424 2875 1646 2943 δυνάμει
1694 2874 1781 2927 διὰ

203 2962 318 3016 τῶν
341 2964 634 3034 ὁρωμένων
659 2966 750 3019 τὸν
771 2967 1000 3036 ἀόρατον
1021 2967 1237 3038 καθορῶ
1245 2983 1361 3036 μεν.
1381 2967 1582 3019 Πάντα
1599 2961 1690 3018 οὖν
1709 2963 1782 3017 τὰ

205 3050 354 3120 ἔργα
367 3053 554 3106 αὑτοῦ
577 3055 647 3107 ἐν
673 3056 893 3110 πίστει.
915 3055 1032 3108 Κᾶν
1043 3055 1134 3110 τὸν
1147 3055 1292 3108 λίθον
1309 3054 1650 3126 καταμάθῃς,
1671 3053 1780 3123 ἔχει

1875 587 1974 640 Est
2013 597 2194 642 autem
2225 586 2536 642 vociferatio
2563 599 2661 638 vos
2691 588 2931 652 qua-dam
2970 585 3215 650 confusa,
3243 601 3366 642 cum
3398 589 3435 644 ii

1875 677 1966 746 qui
1999 677 2050 731 in
2082 677 2220 732 bello
2255 691 2312 732 se
2337 677 2562 732 invicem
2587 675 2801 744 agmine
2831 675 3072 730 conferto
3099 677 3433 740 adoriuntur,

1873 785 2166 826 consonam
2209 783 2392 824 vocem
2421 769 2606 822 edunt.
2649 767 2832 836 Itaque
2873 766 2924 818 in
2975 777 3234 821 concentu
3280 777 3334 822 et
3381 769 3436 822 in

1874 861 2188 924 concordia,
2227 869 2284 916 et
2320 863 2372 914 in
2423 860 2704 914 charitatis
2764 858 3140 926 conjunctione
3199 859 3434 926 psallite.

1877 954 2014 1021 Quid
2073 955 2236 1024 igitur
2291 951 2582 1021 psallentes
2630 951 2807 1003 dicere
2879 951 3126 1017 oportet?
3175 949 3436 1004 Nimirum

1883 1045 2044 1118 134
2071 1047 2234 1101 Vsus.
2265 1044 2335 1098 4:
2362 1043 2512 1109 Quod
2545 1051 2740 1096 rectum
2773 1053 2843 1096 est
2867 1042 3074 1096 verbum
3099 1041 3328 1097 Domini.
3353 1041 3438 1096 Id-

1874 1141 2024 1196 circo
2053 1149 2232 1194 rectos
2275 1138 2425 1206 prius
2455 1135 2519 1190 ad
2551 1133 2909 1189 laudationem
2943 1143 3116 1196 vocat,
3165 1133 3308 1202 quod
3358 1147 3441 1188 re-

1874 1240 2020 1286 ctum
2067 1237 2150 1283 est
2182 1228 2346 1282 etiam
2397 1225 2524 1280 illud
2573 1223 2784 1278 Domini
2829 1223 3102 1285 Verbum,
3153 1221 3292 1292 quod
3325 1231 3442 1276 erat

1874 1321 2042 1390 gloria
2103 1319 2474 1381 aﬁicieudum,
2523 1316 2666 1384 quod
2716 1315 2768 1370 in
2821 1315 3082 1384 principio
3134 1325 3250 1368 erat
3299 1315 3438 1384 apud

1877 1414 2067 1476 Deum,
2097 1421 2152 1466 et
2189 1411 2328 1465 Deus
2357 1417 2476 1464 erat
2499 1407 2568 1462 σθ.
2600 1405 2802 1461 Rectus
2841 1407 3020 1474 itaque
3047 1405 3227 1468 Pater,
3263 1417 3440 1460 rectus

1875 1505 2063 1568 Filius,
2091 1513 2272 1558 rectus
2302 1502 2535 1570 Spiritus
2559 1511 2798 1556 sanctus.
2825 1499 2894 1552 Et
2933 1501 3107 1553 omnia
3138 1515 3294 1568 opera
3326 1499 3440 1567 ejus

1871 1599 1928 1650 in
1969 1596 2094 1665 fide.
2143 1595 2280 1662 Quid
2331 1605 2416 1650 est
2459 1595 2604 1664 quod
2667 1593 2838 1648 dicit?
2879 1592 3026 1661 Opus
3077 1601 3160 1645 est
3206 1589 3436 1654 ccelutn,

1871 1703 2006 1756 Opus
2040 1698 2212 1750 terra,
2243 1701 2378 1755 opus
2417 1701 2584 1748 mare,
2620 1701 2735 1749 aer,
2769 1685 3061 1740 inanimata
3089 1685 3292 1748 omnia,
3323 1684 3441 1736 aui-

1876 1789 2040 1844 mata,
2087 1779 2406 1844 rationalia,
2456 1777 2810 1832 irrationalia.
2855 1777 3130 1844 Quomodo
3176 1775 3338 1846 igitur
3385 1775 3438 1828 in

1877 1869 1980 1922 lide
2013 1868 2239 1922 omnia?
2287 1866 2543 1934 Quaenam
2591 1867 2644 1920 in
2695 1863 3004 1918 inanimatis
3053 1860 3221 1915 ﬁdes?
3268 1859 3440 1928 qualis

1871 1971 1957 2015 est
1983 1961 2112 2014 ﬁdes
2141 1959 2453 2014 brutorum?
2475 1957 2729 2022 Quianam
2759 1955 2888 2010 ﬁdes
2919 1955 2970 2008 in
3009 1951 3222 2022 lapide?
3253 1965 3440 2004 rursus

1873 2067 1992 2122 quae
2021 2053 2152 2106 ﬁdes
2187 2051 2238 2105 in
2273 2051 2443 2106 cane?
2473 2049 2660 2127 Neque
2687 2048 3059 2108 inanimatum,
3101 2058 3274 2110 neque
3313 2041 3440 2094 bru-

1877 2156 1988 2199 tum
2027 2145 2076 2198 in
2109 2145 2212 2200 ﬁde
2245 2155 2346 2199 est.
2375 2143 2500 2198 Haec
2529 2151 2706 2196 tamen
2733 2139 3001 2195 sententia
3039 2135 3174 2190 nihil
3205 2131 3435 2200 excepit,

1876 2235 1968 2289 sed
1993 2237 2172 2288 omnia
2197 2233 2625 2302 comprehendit,
2650 2233 2834 2288 dicens
2865 2249 2876 2284 :
2916 2229 3106 2284 Omnia
3137 2243 3294 2292 opera
3325 2225 3440 2293 ejus

1876 2327 1930 2378 in
1972 2325 2097 2394 ﬁde.
2129 2325 2266 2392 Quid
2317 2325 2476 2394 igitur
2512 2331 2596 2378 est
2627 2323 2768 2393 quod
2817 2321 2982 2376 dicit?
3032 2319 3178 2381 Sive,
3231 2315 3439 2385 inquit,

1878 2416 2238 2485 contemplere
2293 2415 2490 2472 coelum
2550 2415 2771 2484 ejusque
2826 2415 3108 2473 ordinem,
3163 2408 3284 2464 ﬁdei
3335 2409 3442 2462 dux

1877 2515 2002 2571 est;
2051 2505 2312 2560 artiﬁcem
2357 2505 2500 2559 enim
2548 2521 2644 2574 per
2683 2521 2744 2560 se
2783 2505 2954 2570 ipsum
3005 2501 3240 2556 ostendit
3278 2517 3292 2554 :
3329 2499 3443 2554 sive

1881 2607 2038 2652 terrae
2069 2606 2338 2662 ornatum,
2387 2611 2576 2652 rursus
2621 2611 2834 2666 quoque
2875 2595 2976 2649 hoc
3029 2603 3183 2663 pacto
3216 2599 3443 2660 augetur

1883 2698 1966 2742 tua
2015 2689 2066 2742 in
2103 2687 2266 2742 Deum
2297 2687 2447 2742 ﬁdes.
2479 2685 2592 2740 Non
2627 2687 2770 2742 enim
2819 2686 3028 2741 carneis
3071 2684 3240 2739 oculis
3276 2685 3443 2738 Deum
3501 2683 3512 2698 '

1879 2781 2076 2844 edocti,
2113 2780 2164 2834 itt
2197 2780 2367 2848 ipsum
2399 2778 2748 2843 credidimus,
2787 2779 2880 2833 sed
2914 2777 2962 2830 vi
3013 2775 3207 2829 mentis
3235 2791 3330 2844 per
3361 2774 3444 2827 vi-

1879 2872 2056 2925 sibilia
2101 2870 2420 2924 invisibilem
2471 2869 2850 2940 conspicimus.
2887 2865 3075 2920 Omnia
3109 2879 3238 2936 ergo
3289 2879 3443 2934 opera

1879 2963 1992 3031 ejus
2041 2963 2096 3015 in
2142 2963 2266 3030 ﬁde.
2318 2961 2444 3017 Sive
2487 2961 2716 3032 lapidem
2779 2961 3232 3024 consideraveris,
3285 2957 3446 3013 habet

1881 3051 2042 3105 etiam
2077 3051 2190 3120 ipse
2225 3050 2458 3119 aliquam
2499 3050 2748 3120 potentia:
2779 3050 3074 3106 conditoris
3107 3051 3441 3103 demonstra-

207 3145 304 3198 καὶ
333 3145 496 3208 αὑτός
531 3163 652 3200 τινα
681 3147 781 3216 τῆς
812 3147 1092 3218 δυνάμεως
1119 3147 1214 3201 τοῦ
1250 3147 1609 3217 πεποιηκότος
1641 3147 1778 3200 ἀπό-

1885 3143 2116 3208 tionem;
2159 3143 2272 3198 sive
2315 3141 2618 3206 formicam,
2663 3142 2776 3196 sive
2813 3143 3070 3206 culicem,
3113 3141 3225 3195 sive
3267 3153 3442 3208 apem.

207 3232 409 3298 δειξιν·
453 3235 554 3289 κᾶν
597 3235 898 3307 μύρμηκα,
947 3238 1051 3291 κᾶν
1086 3239 1310 3308 ἐμπίδα,
1347 3237 1448 3291 κάν
1495 3237 1775 3308 μέλισσαν.

209 3325 480 3388 Πολλάκις
521 3329 615 3381 καὶ
644 3331 701 3381 ὲν
726 3331 839 3391 τοῖς
871 3331 1216 3400 μικροτάτοις
1256 3332 1288 3400 ή
1339 3330 1500 3400 σοφία
1546 3328 1639 3382 τοῦ
1689 3328 1780 3397 δη-

215 3414 474 3486 μιουργοῦ
509 3416 867 3486 διαφαίνεται.
915 3419 970 3472 '0
1017 3419 1126 3490 γὰρ
1180 3420 1403 3490 οὐρανὸν
1451 3417 1779 3484 διαπλώσας,

211 3505 306 3558 καὶ
345 3506 412 3560 τα
444 3505 650 3560 ἄπλετα
677 3508 880 3579 μεγέθη
921 3508 1028 3562 τῶν
1064 3509 1316 3577 πελαγῶν
1341 3509 1594 3578 ἀναχέας,
1629 3503 1783 3572 οὗτός

213 3596 360 3649 ἐστιν
387 3597 416 3646 6
451 3597 622 3649 καὶτὸ
646 3598 970 3652 λεπτότατον
1001 3599 1226 3670 κέντρον
1253 3601 1354 3670 τῆς
1386 3599 1646 3670 μελίσσης
1673 3617 1784 3652 κοι-

213 3685 376 3749 λάνας
403 3687 592 3760 ὥσπερ
625 3690 807 3750 αὐλὸν,
848 3689 987 3744 ὥστε
1019 3691 1086 3744 δι’
1127 3691 1292 3744 αὑτοῦ
1323 3691 1413 3744 τὸν
1455 3691 1531 3744 ίδν
1565 3693 1786 3761 ἁποχεί-

217 3778 360 3831 σθαι.
381 3776 584 3830 Πάντα
603 3775 695 3832 οὖν
721 3781 790 3832 τὰ
810 3781 951 3850 ἔργα
966 3782 1151 3836 αὑτοῦ
1178 3781 1247 3834 ἐν
1259 3782 1479 3836 πίστει.
1497 3781 1679 3851 Μηδέν
1704 3797 1785 3834 σοι

214 3866 466 3930 ἀπιστίας
494 3867 701 3935 ἐφόδιον
724 3868 880 3922 ἔστω.
917 3871 1006 3941 Μὴ
1036 3869 1228 3943 εἴπῃς·
1275 3871 1362 3934 Ὠς
1381 3870 1559 3942 ἔτυχε,
1598 3871 1786 3940 γέγονε

217 3957 390 4022 τοῦτο,
407 3961 500 4012 καὶ
525 3962 846 4031 αὐτομάτως
871 3963 1150 4034 ἀπήντησε
1167 3963 1308 4017 τόδε.
1337 3964 1504 4016 Οὑδὲν
1531 3965 1782 4026 ἄτακτον,

217 4051 366 4104 οὐδὲν
389 4052 660 4124 ἀόριστον,
701 4053 852 4106 οὐδὲν
875 4055 993 4124 εἰκῆ
1025 4054 1338 4124 γενόμενον,
1375 4054 1496 4107 οὐδὲ
1533 4055 1606 4118 ὡς
1629 4053 1784 4125 ἔτυχε

219 4142 514 4212 φερόμενον
542 4143 599 4196 ὲν
623 4145 733 4206 τοῖς
766 4139 934 4199 οὖσιν.
975 4145 1065 4208 Ἣ,
1101 4145 1262 4216 Κακὴ
1290 4145 1568 4214 συντυχία,
1599 4143 1654 4215 ἢ,
1679 4145 1784 4196 Πο-

219 4234 356 4306 νηρά
389 4234 524 4306 ὥρα.
571 4235 933 4290 Ἀπαιδεύτων
963 4231 1122 4290 αὗται
1153 4239 1208 4290 αἱ
1242 4237 1440 4307 φωναί.
1491 4236 1638 4305 Οὐχὶ
1677 4235 1786 4290 δύο

221 4327 500 4392 στρουθία
532 4327 832 4394 ἀσσαρίου
856 4327 1132 4380 πωλεῖται
1147 4345 1164 4390 ;
1182 4329 1277 4380 καὶ
1303 4327 1372 4380 ἒν
1399 4327 1468 4392 ἐξ
1486 4325 1684 4381 αὐτῶν
1715 4329 1786 4380 οὐ

221 4417 486 4472 πεσεῖται
525 4418 654 4472 ἄνευ
686 4417 780 4471 τοῦ
809 4419 954 4472 Θείου
985 4419 1286 4489 θελήματος
1321 4420 1453 4490 (97).
1507 4419 1680 4472 Πόσαι
1729 4419 1785 4471 αἱ

1885 3235 2038 3304 Saepe
2081 3237 2162 3291 vel
2193 3237 2248 3291 in
2293 3237 2526 3291 minimis
2555 3235 2730 3291 elucet
2772 3236 2980 3303 Opiticis
3025 3235 3308 3304 sapientia.
3342 3231 3445 3300 Qui

1880 3330 2020 3384 enim
2071 3329 2267 3382 cmlum
2318 3329 2594 3396 expandit,
2625 3340 2680 3383 et
2713 3331 3028 3382 immensam
3066 3326 3234 3396 pelagi
3283 3324 3447 3378 vasti-

1883 3427 2047 3474 tatem
2096 3413 2300 3480 cﬁ‘udit,
2333 3419 2420 3473 ille
2453 3419 2568 3488 ipse
2596 3429 2701 3484 est,
2739 3419 2828 3489 qui
2867 3418 3238 3472 tenuissimum
3282 3417 3444 3472 etiam

1883 3512 1999 3580 apis
2049 3511 2292 3566 aculeum
2329 3511 2493 3566 veluti
2536 3511 2765 3566 ﬁstulam
2791 3511 3100 3578 excavavit,
3153 3521 3208 3563 ut
3253 3523 3352 3580 per
3395 3510 3446 3562 id

1885 3602 2032 3655 virus
2081 3599 2404 3654 eﬁ'undntur.
2448 3599 2638 3654 Omnia
2685 3600 2846 3670 igitur
2875 3616 3029 3668 opera
3063 3599 3174 3667 ejus
3222 3601 3274 3652 in
3321 3599 3446 3666 ﬁde.

1885 3691 2038 3745 Nulla
2083 3692 2176 3746 tibi
2228 3693 2300 3745 sit
2345 3691 2733 3746 incredulitatis
2769 3693 3007 3746 occasio.
3059 3689 3138 3744 Ne
3188 3691 3388 3745 dixeris
3433 3712 3446 3747 :

1886 3781 1998 3837 Hoc
2031 3791 2230 3836 temere
2262 3780 2488 3846 factum,
2521 3792 2572 3837 et
2609 3783 2732 3836 illud
2763 3797 2891 3836 casu
2939 3782 3136 3836 evenit.
3175 3780 3318 3835 Nihil
3368 3781 3450 3835 in-

1885 3875 2188 3930 ordiuatutn
2219 3885 2334 3936 est,
2387 3874 2794 3928 interminatam
2841 3873 3003 3938 nihil,
3061 3873 3196 3927 nihil
3245 3872 3446 3926 frustra

1887 3965 2122 4028 factum,
2179 3977 2352 4031 neque
2407 3961 2696 4031 quidquam
2747 3975 2925 4016 rerum
2979 3959 3202 4015 fortuito
3257 3960 3447 4012 fertur.

1886 4052 2068 4122 Neque
2101 4052 2288 4107 dicas:
2329 4051 2498 4106 Malus
2539 4067 2718 4111 casus.
2761 4061 2851 4104 aut
2887 4049 3056 4104 Prava
3099 4050 3249 4104 hora.
3275 4047 3450 4103 Voces

1887 4144 2018 4214 ipsa:
2059 4157 2187 4202 sunt
2219 4145 2630 4200 ineruditorum.
2681 4143 2870 4196 Nonne
2913 4142 3016 4195 duo
3056 4156 3291 4210 passeres
3334 4155 3450 4194 asse

1887 4249 2128 4305 veneunt,
2161 4249 2209 4293 et
2248 4255 2380 4292 unus
2413 4255 2477 4294 ea:
2506 4238 2608 4292 illis
2641 4253 2743 4290 non
2783 4240 2930 4290 cadet
2971 4237 3086 4290 sine
3133 4236 3311 4290 divina
3357 4249 3450 4288 vo-

1889 4331 2094 4385 luntate
2115 4329 2193 4384 "?
2234 4330 2376 4396 Quot
2417 4330 2594 4398 capilli
2641 4329 2866 4395 capitis!
2926 4327 3072 4383 Unus
3099 4341 3168 4382 ex
3215 4327 3298 4381 his
3343 4335 3450 4379 tra-

1889 4423 2034 4478 ditus
2067 4437 2172 4476 non
2213 4433 2296 4476 est
2329 4420 2585 4478 oblivioni
2612 4421 2678 4475 ⁶¹.
2707 4419 2868 4474 Vides
2911 4419 3147 4473 divinum
3196 4417 3451 4481 oculum,

219 4509 400 4580 τρίχες
421 4511 519 4581 τῆς
547 4511 822 4581 κεφαλῆςί
859 4513 974 4566 Μία
1001 4512 1179 4564 αὑτῶν
1219 4513 1318 4564 οὑκ
1358 4512 1503 4566 ἔστιν
1537 4512 1781 4584 ἐπιλελη-

1891 4515 2156 4582 quomodo
2183 4512 2314 4566 nihil
2346 4512 2824 4567 tninutissintarum
2855 4525 3032 4564 rerum
3063 4509 3450 4579 inspectionem

225 4601 410 4671 σμένη.
449 4603 610 4673 Ὁρᾷς
641 4603 732 4656 τὸν
773 4603 912 4656 θεῖον
935 4603 1228 4674 ὀφθαλμὸν,
1253 4603 1327 4667 ὡς
1352 4603 1502 4656 οὐδὲν
1533 4605 1642 4658 τῶν
1695 4622 1784 4674 μι-

225 4693 496 4762 κροτάτων
547 4695 648 4764 τὴν
702 4695 1007 4764 ἐπισκοπὴν
1073 4695 1236 4748 αὑτοῦ
1293 4693 1569 4764 διαφεύγει
1633 4695 1782 4766 (98);

237 4785 456 4854 Ἀταπᾷ
487 4789 910 4855 ἐλεημοσύνην
943 4787 1039 4840 καὶ
1087 4789 1290 4855 κρίσιν
1328 4791 1360 4841 ό
1387 4789 1629 4856 Κύριος·
1681 4787 1786 4841 τοῦ

223 4875 430 4942 ἐλέους
478 4879 701 4945 Κιιρίου
753 4877 992 4946 πλήρης
1043 4881 1082 4947 ἡ
1293 4878 1357 4932 Ei
1408 4877 1534 4950 ,καθ’
1589 4879 1788 4950 ἑαυτὴν

227 4968 462 5038 ὑπῆρχεν
491 4967 638 5040 ὴτοῦ
665 4969 799 5022 Θεοῦ
821 4970 1020 5040 κρίσις,
1055 4969 1344 5040 ἀποτόμως
1370 4949 1501 5042 ἡμῖν
1524 4971 1664 5024 κατά
1691 4949 1786 5040 τῆν

229 5059 378 5127 ἀξίαν
408 5062 562 5132 ἡμῶν
584 5061 925 5125 ἀποδιδόντος
949 5062 1085 5133 πρὸς
1118 5063 1154 5116 ἃ
1175 5063 1530 5133 ἐποιήσαμεν,
1562 5063 1690 5116 ποία
1719 5059 1786 5132 ἦν

231 5151 404 5218 Panic;
458 5153 541 5217 τίς
569 5151 636 5207 ἂν
676 5155 853 5225 ὲσώοη
891 5155 999 5208 τῶν
1033 5155 1283 5217 πάντων;
1313 5153 1424 5207 Νῦν
1465 5153 1522 5207 δὲ
1567 5153 1786 5222 Ἀγαπᾷ

303 5291 344 5323 ⁸⁸
379 5289 538 5347 Joan.
575 5307 614 5356 ι,
647 5291 696 5344 1.
776 5293 818 5324 ⁸³
863 5291 1048 5346 Matth.
1091 5307 1146 5354 π,
1177 5291 1267 5344 29.
1343 5289 1388 5321 ⁸⁸
1429 5289 1557 5344 ibid.
1585 5289 1672 5346 50.

306 5449 414 5522 (94)
455 5449 551 5522 Sic
575 5451 726 5518 Regii
746 5462 985 5522 quartus
1011 5463 1066 5508 et
1091 5463 1275 5522 sextus
1299 5466 1420 5506 cum
1451 5449 1603 5505 Colb.
1631 5465 1790 5519 quar-

237 5521 502 5593 t_o._’Editio
535 5521 704 5578 Paris.
735 5521 1030 5593 βάλλωμεν.
1059 5522 1178 5576 Mox
1213 5521 1341 5593 lica.
1374 5523 1640 5574 secundus
1669 5537 1788 5593 cum

233 5589 374 5663 Cpib.
411 5594 584 5662 primo
611 5589 939 5663 τοξεῦωμενζ
979 5594 1172 5648 Statim
1216 5589 1366 5646 Colb.
1411 5602 1636 5660 quartus
1675 5589 1790 5642 ἔστι

233 5660 409 5802 ﬂigi
448 5733 600 5786 Colh.
653 5742 876 5796 quartus
925 5729 1368 5802 'exdksz._lhidem
1418 5745 1615 5802 novem
1657 5745 1786 5802 mss.

237 5797 350 5856 cum
390 5797 628 5862 editione
663 5801 826 5860 Basil.
871 5801 1091 5875 Ἐπειδὴ
1119 5797 1274 5864 οὗτός
1312 5803 1445 5853 ἐστι.
1483 5799 1654 5854 Editio
1695 5799 1792 5854 Pa-

1889 4603 2004 4672 ejus
2030 4601 2292 4672 eﬁ‘ugiat?
2328 4603 2488 4658 Vens.
2518 4602 2571 4656 5.
2606 4601 2786 4670 Diligit
2831 4601 3242 4654 misericordiam
3280 4611 3330 4654 et
3362 4599 3456 4668 ju-

1890 4697 2086 4750 dicium
2139 4695 2394 4748 Dominus
2437 4708 2456 4745 :
2503 4695 2864 4748 misericordia
2917 4693 3130 4747 Domini
3176 4694 3331 4760 plena
3373 4701 3450 4747 est

1893 4797 2054 4841 terra.
2099 4785 2156 4840 Si
2191 4785 2479 4853 separatim
2525 4794 2578 4838 et
2610 4785 2902 4838 secundum
2949 4799 3008 4838 se
3055 4784 3148 4838 Dei
3193 4783 3452 4851 judicium

1895 4878 2074 4930 foret:
2111 4876 2182 4930 ita
2217 4885 2276 4930 ut
2325 4876 2480 4930 nobis
2509 4889 2694 4930 severe
2735 4891 2832 4944 pro
2863 4877 3070 4930 meritis
3107 4889 3291 4930 eorum
3336 4891 3456 4944 quae

1894 4970 2120 5039 egimus,
2151 4971 2491 5037 rependeret,
2533 4984 2650 5038 quae
2687 4983 2810 5039 spes
2855 4969 3194 5038 superesset?
3235 4968 3359 5036 quis
3389 4982 3456 5019 ex

1891 5061 2140 5116 omnibus
2172 5061 2353 5116 salvus
2389 5061 2574 5114 ﬁeret?
2613 5061 2766 5116 Nunc
2805 5073 2982 5115 autem
3023 5059 3208 5129 Diligit
3247 5059 3458 5112 miseri-

1894 5151 2132 5206 cordiam
2175 5163 2226 5207 et
2273 5153 2559 5223 judicium.
2607 5151 2964 5223 Posteaquam
3027 5135 3462 5208 misericordiam.

1891 5449 1984 5504 ris.
2029 5446 2244 5516 Ἐπειδὴ
2275 5445 2437 5516 εὑθής
2465 5443 2598 5516 ἐστι.

1965 5519 2078 5586 (96)
2120 5511 2270 5572 Colh.
2299 5511 2523 5586 quartus
2567 5513 2900 5583 ὑφεξείλατο.
2933 5515 3065 5580 Reg.
3099 5511 3289 5568 tertius
3333 5525 3456 5562 cum

1893 5583 2264 5676 (Eollfﬂprimo
2309 5583 2638 5654 ὑφεξείλετο.
2693 5587 2844 5654 Regii
2901 5596 3127 5654 quartus
3175 5592 3228 5640 et
3277 5595 3460 5634 sextus

1895 5655 2222 5722 ὑπεξείλετο.

1969 5728 2079 5796 (97)
2117 5725 2267 5779 Colb.
2293 5734 2517 5796 quartus
2551 5723 2694 5796 Θείου
2729 5721 3086 5796 βουλήματος.

1965 5795 2077 5870 (98)
2121 5796 2250 5866 ltcg.
2287 5795 2474 5852 tertius
2513 5795 2723 5864 φεύγει.
