3818 6220
361 366 461 423 532
1703 366 1760 421 8.
1804 367 1947 423 BASI

2084 366 2297 422 MAGNI
3533 359 3662 415 5'32

360 480 508 543 velut
538 481 640 536 sibi
681 480 1006 536 assidentem
1055 488 1110 535 et
1149 487 1275 534 ante
1322 480 1526 551 regium
1554 481 1741 551 judicii
1789 484 1937 538 thro-

2077 483 2463 552 λεημοσύνην
2495 483 2593 535 καὶ
2631 482 2835 548 κρίσιν
2859 521 2872 535 .
2911 479 3085 533 Οίονεὶ
3124 479 3405 550 πάρεδρον
3453 478 3659 548 ἐαυτῷ

362 591 489 639 num
524 582 755 629 stantem
792 572 1094 635 constituit,
1141 573 1213 626 ita
1247 572 1486 641 singulos
1520 574 1739 628 adducit
1770 574 1822 629 in
1854 575 1939 643 ju-

2077 572 2262 643 39)'c'hv
2279 571 2646 643 ἐλεημοσύνην
2677 571 3061 642 ποιησάμενος,
3087 571 3180 623 καὶ
3212 569 3655 641 προϐληθεῖσαν

362 666 581 724 (licium.
632 663 691 718 Si
737 665 1038 734 iniquitates
1091 664 1476 729 observaveris,
1526 663 1772 731 Domine,
1828 666 1940 720 Do-

2077 666 2119 736 ᾦ
2133 665 2393 737 βασιλικῷ
2412 665 2510 736 τῆς
2527 665 2757 735 κρίσεως
2773 663 2967 735 θρόνῳ,
2984 662 3126 716 οὕτω
3149 662 3400 733 παράγει
3415 664 3503 725 εἰς
3518 662 3659 733 arpi.

361 752 526 813 mine,
570 751 686 818 quis
736 751 1006 805 sustinebit
1036 751 1117 805 “?
1168 750 1352 822 Neque
1403 755 1776 809 misericordia
1823 757 1941 810 sine

2080 778 2127 812 ιν
2179 760 2429 814 ἕκαστον.
2476 758 2618 812 Ἐὰν
2652 758 2904 826 ἀνομίας
2933 755 3397 826 παρατηρήσῃς,
3429 757 3653 825 Κύριε,

356 841 588 910 judicio,
640 858 812 912 neque
856 844 1118 912 judicium
1169 845 1288 900 sine
1354 846 1750 904 misericordia.
1802 850 1942 904 Ante

2077 853 2239 920 ἰύριε,
2270 852 2361 917 τίς
2378 848 2820 917 ὺποστήσεται;
2850 848 2988 902 Οὔτε
3017 852 3049 919 ἡ
3090 848 3440 918 ἐλεημοσύνη
3478 847 3657 917 ἄκρι-

358 935 617 1004 judicium
665 936 824 1006 igitur
873 936 1046 1007 diligit
1093 937 1547 1002 misericordiam,
1578 950 1631 995 et
1672 950 1792 1010 post
1842 943 1941 995 ini-

2079 964 2157 1010 ος,
2199 944 2324 998 οὕτε
2354 946 2387 1015 ἡ
2414 944 2596 1016 κρίσις
2622 943 2956 1013 ἀνελεήμων.
2996 942 3109 1013 Πρὸ
3136 945 3234 1012 τῆς
3272 940 3525 1013 κρίσεως
3546 936 3655 992 οὖν

364 1029 731 1092 sericordiam,
764 1032 912 1085 venit
952 1034 1015 1085 ad
1057 1032 1344 1101 judicium.
1394 1033 1520 1089 Haec
1569 1044 1748 1089 autem
1801 1035 1942 1089 inter

365 1135 425 1175 se
468 1120 751 1188 conjuncta
785 1132 912 1177 sunt
953 1146 965 1179 :
1009 1125 1382 1180 misericordia
1427 1142 1550 1180 cum
1595 1127 1842 1196 judicio:
1875 1143 1942 1183 ue

365 1222 459 1273 aut
491 1214 859 1269 misericordia
910 1215 1021 1270 sola
1080 1217 1355 1271 mollitiem
1401 1219 1609 1287 pariat,
1660 1230 1753 1272 aut
1792 1217 1939 1284 judi-

366 1304 506 1363 cium
544 1304 717 1359 solum
756 1305 944 1361 nﬂerat
994 1308 1442 1377 desperationem.
1477 1308 1604 1365 Vult
1653 1313 1724 1366 tui
1776 1313 1939 1367 mise-

369 1396 476 1450 reri
508 1396 698 1466 judex,
729 1408 887 1466 teque
917 1400 1326 1455 miserationum
1357 1417 1577 1457 suarum
1612 1403 1789 1458 facere
1819 1419 1943 1473 par-

2041 1038 2233 1107 ἁγαπᾷ
2288 1035 2662 1106 ἐλεημοσύνην
2688 1072 2705 1097 ,
2758 1034 2851 1087 καὶ
2910 1032 3049 1103 μετὰ
3095 1033 3191 1103 τὴν
3245 1032 3654 1102 ἐλεημοσύνην

2041 1130 2261 1201 ἔρχεται
2311 1128 2404 1181 ἐπὶ
2455 1128 2555 1195 τὴν
2597 1126 2800 1198 κρίσιν.
2853 1124 3037 1178 Ταῦτα
3079 1124 3136 1177 δέ
3183 1123 3449 1192 ἀλλήλοις
3508 1140 3649 1174 σνν-

2043 1220 2322 1285 έζευκται,
2341 1221 2369 1272 6
2394 1218 2543 1282 ἔλεος
2568 1218 2706 1289 μετὰ
2726 1218 2824 1288 τῆς
2846 1216 3073 1286 κρίσεως
3090 1232 3105 1257 °-
3134 1215 3220 1267 ἵνα
3246 1215 3391 1284 μήτε
3430 1216 3459 1266 6
3488 1213 3653 1274 Ξὶεοις

2046 1311 2205 1381 μόνος
2256 1309 2558 1380 χαυνότητα
2617 1308 2915 1377 ἐμποιήσῃ,
2972 1305 3109 1375 μήτε
3163 1304 3297 1374 μόνη
3351 1305 3388 1373 ἡ
3450 1303 3653 1374 κρίσις

2042 1402 2352 1469 ἀπόγνωσιν
2401 1400 2783 1470 ἐνεργάσηται.
2829 1396 3086 1450 Βούλεταί
3129 1412 3185 1448 σε
3236 1395 3495 1465 ἐλεῆσαι,
3543 1394 3654 1446 καί

370 1485 586 1555 ticipem
613 1500 629 1539 :
662 1489 705 1541 si
760 1488 917 1542 modo
958 1499 1077 1558 post
1110 1500 1393 1559 peccatum
1444 1493 1649 1561 reperit
1684 1502 1734 1548 te
1765 1495 1942 1547 Immi-

2077 1491 2150 1543 ὧν
2179 1489 2370 1543 ἐαυτοῦ
2392 1488 2690 1559 οἰκτιρμῶν
2719 1486 3035 1558 μεταδοῦναι
3064 1487 3092 1538 6
3121 1485 3315 1555 κριτής
3337 1500 3353 1513 ο
3392 1483 3519 1537 ἀλλ’
3544 1486 3653 1536 ἐὰν

370 1580 496 1643 lem,
525 1581 837 1647 contritum,
881 1599 1044 1651 prava
1078 1599 1239 1653 opera
1281 1585 1510 1639 multum
1540 1585 1932 1656 deplorantem,

370 1686 435 1728 ac
462 1687 523 1729 ea
553 1689 673 1743 qua:
702 1674 837 1729 clam
875 1675 1014 1729 facta
1045 1685 1172 1732 sunt
1212 1676 1554 1747 evulgantem
1604 1680 1737 1733 citra
1769 1681 1943 1749 pudo-

370 1778 507 1828 rem,
556 1777 831 1835 regantem
878 1768 1075 1824 fratres
1117 1769 1211 1823 tibi
1255 1780 1314 1823 ut
1362 1770 1471 1824 sint
1514 1770 1829 1839 adjnmento
1872 1771 1939 1825 ad

2043 1581 2180 1655 εὕρῃ
2205 1598 2264 1634 σε
2302 1580 2442 1652 μετὰ
2486 1581 2588 1652 τὴν
2636 1581 2915 1651 ἁμαρτίαν
2954 1578 3235 1641 ταπεινὸν,
3291 1590 3651 1647 συντετριμ-

2046 1674 2226 1745 μένον,
2248 1673 2418 1728 πολλὰ
2439 1673 2887 1745 μετακλαύσαντα
2904 1672 2995 1725 ἐπὶ
3005 1674 3116 1734 τοῖς
3133 1686 3267 1738 πονη
3276 1673 3397 1740 poi;
3422 1669 3649 1740 ἔργοις,

2043 1767 2114 1819 τὰ
2140 1766 2409 1837 γενόμενα
2443 1765 2627 1837 κρυφῆ
2662 1763 3106 1833 ἀνεπαισχύντως
3143 1762 3652 1832 δημοσιεύσαντα,

370 1858 736 1927 accipiendam
777 1862 1060 1915 medelam.
1119 1860 1235 1917 Uno
1284 1876 1450 1917 verno
1496 1864 1540 1919 si
1589 1864 1944 1919 commisera-

2077 1858 2304 1928 εηθέντα
2342 1857 2582 1926 ἀδελφῶν
2617 1856 2693 1927 (ί)
2728 1857 3027 1927 συγκαμεῖν
3055 1871 3136 1907 σοι
3169 1854 3305 1924 πρὸς
3327 1853 3437 1923 τὴν
3468 1854 3651 1915 ἴασιν,

373 1949 517 2004 tione
543 1950 698 2021 135
730 1952 947 2022 dignum
991 1952 1210 2021 viderit,
1258 1953 1473 2010 abunde
1521 1956 1614 2010 tibi
1648 1971 1799 2010 suam
1848 1956 1948 2008 im-

371 2029 652 2106 pertietur'
701 2043 1173 2111 misericordiam;
1230 2045 1276 2099 si
1337 2059 1469 2099 vero
1524 2061 1620 2100 cor
1679 2048 1947 2115 poenitere

373 2131 636 2195 nescium,
681 2145 913 2188 mentem
962 2136 1289 2205 superbam,
1339 2138 1579 2190 animum
1626 2136 1809 2191 futuro
1845 2153 1948 2193 sae-

372 2221 492 2275 culu
540 2239 644 2276 non
697 2228 1043 2291 credentem,
1090 2242 1153 2280 ac
1206 2227 1410 2281 nullum
1457 2228 1645 2298 judicii
1700 2229 1945 2283 timorem

372 2315 746 2381 conspexerit,
792 2324 918 2369 tunc
961 2317 1011 2370 in
1053 2326 1103 2371 te
1135 2318 1401 2387 judicium
1439 2319 1635 2389 diligit.
1683 2318 1760 2373 lta
1799 2322 1943 2376 enim

373 2404 545 2459 bonus
588 2419 651 2460 ac
701 2408 969 2461 humanus
1002 2409 1239 2465 medicus
1272 2411 1525 2466 fomentis
1558 2412 1709 2482 prius
1741 2427 1805 2465 ac
1852 2426 1941 2464 re-

374 2495 565 2550 mediis
608 2497 855 2552 mollibus
907 2508 1171 2554 tumorem
1226 2503 1420 2558 sedare
1467 2514 1694 2558 conatur
1733 2520 1747 2557 ι
1796 2511 1943 2573 post-

375 2602 534 2656 quam
569 2602 698 2643 vero
728 2590 923 2645 viderit
956 2592 1148 2647 molem
1183 2595 1315 2649 nihil
1350 2597 1647 2662 remittere,
1681 2605 1843 2666 atque
1872 2597 1950 2649 in-

376 2680 622 2735 duratam
657 2684 855 2749 reniti;
903 2694 1011 2737 tum
1048 2686 1267 2740 demum
1317 2687 1530 2757 rejectis
1571 2688 1690 2743 oleo
1721 2704 1783 2742 ac
1819 2688 1951 2741 mol-

374 2769 511 2826 Liore
540 2775 759 2828 Curandi
811 2779 1043 2840 ratiOne,
1078 2778 1207 2833 ferri
1268 2795 1423 2833 usum
1491 2781 1725 2837 adhibet.
1768 2781 1950 2852 Diligit

377 2860 541 2932 igitur
569 2865 998 2923 misericordiam
1044 2870 1095 2924 in
1132 2872 1520 2939 pmnitentibus
1565 2890 1579 2928 :
1618 2873 1792 2942 diligit
1822 2888 1949 2928 vero

377 2955 431 3006 in
470 2953 755 3011 obstinatis
788 2956 1074 3024 judicium.
1107 2960 1237 3016 Tale
1264 2964 1392 3032 quid
1424 2963 1592 3018 Isaias
1626 2965 1788 3018 etiam
1822 2966 1950 3018 dicit

378 3042 487 3098 Deo
526 3058 542 3096 :
577 3044 947 3101 Misericordia
994 3059 1085 3102 tua
1132 3051 1185 3103 in
1234 3055 1438 3119 pondus
1463 3052 1529 3106 “.
1577 3051 1711 3106 Nam
1751 3061 1804 3107 et
1864 3053 1950 3107 ille

2048 1948 2186 2013 ὅλως
2212 1948 2445 2002 ἐλεεινόν
2474 1965 2531 2000 σε
2552 1947 2844 2017 γενόμενον
2871 1947 2968 1999 ἐὰν
3009 1945 3113 2016 ἴδῃ,
3138 1942 3377 2011 ἄφθονόν
3413 1959 3507 1995 σοι
3542 1943 3653 2010 τὴν

2048 2040 2241 2095 ἑαυτοῦ
2291 2041 2662 2112 ἐλεημοσύνην
2717 2041 3073 2110 ἐπιχορηγεί·
3130 2038 3224 2091 ἐὰν
3272 2036 3330 2089 δὲ
3404 2036 3653 2108 καρδίαν

2048 2135 2449 2205 ἀμετανόητον,
2495 2135 2751 2204 φρόνημα
2796 2132 3165 2202 ὑπερήφανον,
3220 2129 3497 2182 ἀπιστίαν
3546 2128 3649 2181 τοῖο

2049 2226 2244 2289 αίῶνος
2285 2224 2381 2278 τοῦ
2429 2224 2735 2295 μέλλοντος,
2788 2222 3017 2291 ἀφοϐίαν
3064 2221 3161 2291 τῆς
3208 2221 3485 2291 κρίσεως,
3516 2221 3649 2272 τότε

2049 2319 2241 2388 ἀγαπᾷ
2273 2318 2364 2370 ἐπὶ
2415 2316 2497 2370 σοὶ
2528 2317 2628 2386 τὴν
2656 2314 2856 2384 κρίσιν.
2901 2314 2986 2376 Ὠς
3023 2312 3130 2382 γὰρ
3164 2312 3351 2382 ἰατρὸς
3387 2310 3649 2382 ἐμμελὴς

2049 2408 2143 2461 καὶ
2189 2406 2569 2478 φιλάνθρωπος
2615 2404 3031 2474 καταντλήμασι
3082 2403 3353 2474 πρότερον
3408 2403 3511 2455 καὶ
3546 2419 3651 2454 πε-

2052 2499 2423 2571 ριπλάσμασιν
2446 2496 2675 2560 ἁπαλοῖς
2705 2498 2964 2567 πειρᾶται
2998 2494 3353 2547 καταστεῖλαι
3385 2492 3452 2544 τὸ
3496 2491 3651 2560 οἴδη-

2053 2608 2128 2661 μα
2149 2607 2160 2620 ·
2190 2590 2328 2643 ἐπὰν
2353 2589 2409 2642 δὲ
2458 2588 2532 2659 (Ξ)
2569 2588 2650 2659 ἴδῃ
2685 2588 2981 2649 ἀνενδότως
3010 2587 3104 2639 καὶ
3134 2584 3397 2655 σκληρῶς
3426 2585 3651 2637 ἀντιτυ-

2050 2679 2254 2732 ποῦντα
2283 2680 2374 2732 τὸν
2403 2678 2585 2747 ὄγκον,
2626 2677 2789 2749 ῥίψας
2824 2676 2885 2729 τὸ
2915 2675 3092 2731 ἔλαιον
3121 2675 3214 2728 καὶ
3243 2674 3348 2744 τὴν
3384 2673 3649 2744 μαλακὴν

2050 2771 2296 2842 ἀγωγὴν,
2346 2772 2581 2844 αἱρεῖται
2614 2769 2798 2822 λοιπὸν
2843 2768 2945 2839 τὴν
2989 2766 3083 2821 τοῦ
3127 2767 3354 2836 σιδήρου
3414 2767 3644 2837 χρῆσιν.

2063 2864 2278 2932 Ἀγαπᾷ
2325 2858 2417 2915 οὖν
2467 2860 2837 2932 ἐλεημοσύνην
2874 2860 2969 2913 ἐπὶ
3015 2858 3122 2911 τῶν
3173 2858 3600 2925 μετανοούντων
3626 2873 3646 2887 ·

2048 2956 2239 3026 ἀγαπᾷ
2263 2955 2319 3007 δὲ
2352 2954 2448 3007 καὶ
2477 2954 2658 3024 κρίσιν
2674 2954 2768 3006 ἐπὶ
2793 2952 2902 3005 τῶν
2932 2949 3245 3004 ἀνενδότων.
3284 2948 3552 3001 Τοιοῦτόν
3592 2965 3650 3000 τι

2050 3046 2143 3099 καὶ
2175 3047 2204 3097 6
2249 3046 2475 3108 Ἡσαΐας
2512 3044 2660 3113 λέγει
2709 3043 2786 3114 τῷ
2837 3043 2989 3112 Θεῷ,
3018 3043 3098 3095 ὃτι
3156 3041 3646 3109 Hilarumin

377 3136 808 3193 misericordiam
853 3156 973 3193 cum
1002 3141 1206 3208 judicio
1240 3144 1458 3197 exhibet
1484 3145 1623 3212 ejus,
1661 3148 1749 3212 qui
1789 3144 1944 3211 libra,

2077 3157 2167 3194 που
2195 3142 2284 3205 είς
2314 3140 2584 3207 σταθμόν
2618 3138 2715 3207 (5).
2765 3137 2875 3189 Καὶ
2921 3135 3030 3206 γὰρ
3079 3134 3336 3194 κάκεῖνος
3363 3133 3470 3202 τὴν
3501 3130 3649 3201 μετὰ

375 3238 431 3283 et
464 3243 690 3285 numero
733 3246 796 3286 ac
839 3233 1076 3301 pondere
1111 3252 1213 3305 pro
1259 3235 1521 3310 cujusque
1567 3239 1761 3294 merito
1804 3238 1947 3295 vices

2077 3234 2285 3304 ιρίσεως
2316 3229 2687 3302 ἐλεημοσύνην
2720 3229 3045 3300 παρίστησι,
3102 3223 3251 3295 ζυγῷ
3284 3226 3382 3276 καὶ
3418 3223 3648 3294 ἀριθμῷ

376 3322 639 3391 rependit.

448 3503 505 3558 ι.
550 3503 919 3561 Misericordia
950 3508 1162 3564 Domini
1206 3510 1359 3580 plena
1392 3522 1467 3566 est
1500 3522 1661 3570 terra.
1697 3513 1796 3569 Hic
1839 3515 1952 3570 dis—

375 3597 561 3671 juncta
624 3610 708 3655 est
758 3617 787 3655 a
844 3602 1050 3671 judicio
1128 3605 1519 3661 misericordia.
1600 3608 1725 3662 Sola
1804 3609 1948 3663 enim

378 3689 754 3747 misericordia
810 3694 1021 3750 Domini
1072 3695 1228 3765 plena
1279 3708 1366 3752 est
1421 3709 1598 3764 terra,
1642 3697 1849 3767 judicio
1898 3703 1949 3754 in

379 3784 732 3841 constitutum
784 3796 994 3857 tempus
1045 3800 1342 3846 reservato.
1391 3791 1490 3868 Hic
1543 3795 1722 3861 itaque
1781 3796 1949 3849 mise-

380 3874 615 3929 ricordia
651 3886 735 3931 est
769 3878 888 3933 sine
918 3880 1124 3950 judicio
1170 3901 1183 3935 :
1237 3898 1340 3936 non
1380 3884 1524 3937 enim
1574 3885 1721 3938 venit
1767 3895 1825 3938 ut
1860 3885 1951 3951 ju-

381 3966 524 4021 dieet
550 3969 829 4033 mundum,
864 3972 956 4025 sed
994 3981 1051 4024 ut
1082 3972 1254 4027 salvet
1286 3976 1541 4027 mundum
1567 3975 1632 4028 ⁸⁸.
1674 3973 1787 4029 Illic
1826 3990 1953 4028 vero

381 4070 487 4108 non
532 4066 615 4112 est
666 4059 1035 4116 misericordia
1089 4063 1394 4133 judicium,
1449 4074 1734 4132 propterea
1806 4068 1949 4134 quod

381 4141 545 4197 homo
587 4158 615 4196 a
652 4147 901 4202 sordibus
950 4164 1116 4219 purus
1172 4152 1398 4220 reperiri
1461 4165 1725 4222 nequeat,
1774 4154 1818 4209 si
1871 4153 1954 4209 vel

382 4249 544 4288 unam
591 4237 732 4291 diem
763 4241 963 4296 vixerit
986 4243 1052 4297 “.
1079 4243 1259 4310 Quare
1296 4247 1341 4300 si
1371 4247 1492 4315 quis
1525 4248 1786 4302 malitiam
1821 4264 1956 4319 quo-

382 4326 511 4379 tidie
555 4340 924 4399 grassantem,
970 4343 1026 4388 et
1063 4334 1255 4404 fragile
1300 4336 1574 4391 hominum
1620 4353 1810 4408 genus,
1854 4340 1955 4392 ha-

380 4417 494 4472 bita
573 4430 914 4490 peccatorum
1004 4426 1245 4490 ratione,
1315 4428 1610 4482 innumeris
1693 4430 1956 4485 mortibus

2049 3327 2141 3379 καὶ
2177 3322 2403 3395 σταθμῷ
2443 3322 2585 3375 κατὰ
2618 3322 2717 3395 τὴν
2750 3321 2982 3379 ἑκάστου
3025 3317 3182 3385 ἀξίαν
3233 3315 3647 3388 ἀντιμετροῦν-

2047 3433 2160 3480 τος.
2994 3462 3007 3475 .

2119 3508 2173 3561 4.
2214 3507 2325 3562 Τοῦ
2365 3506 2581 3572 ἐλέους
2626 3505 2851 3573 Κυρίου
2880 3501 3179 3572 πλήρηςὴ
3212 3499 3317 3571 γῆ.
3364 3500 3650 3555 Ἐνταῦθα

2048 3600 2354 3664 διέζευκται
2383 3598 2491 3652 ἀπὸ
2528 3599 2627 3668 τῆς
2652 3598 2887 3669 κρίσεως
2915 3598 2943 3648 6
2978 3595 3145 3657 ἔλεος.
3178 3594 3362 3646 Μόνου
3394 3593 3515 3664 γὰρ
3548 3592 3648 3645 τοῦ

2051 3692 2233 3755 ἐλέους
2265 3692 2472 3764 Κυρίου
2515 3690 2731 3761 πλήρης
2772 3690 2805 3759 ἡ
2847 3687 2954 3757 γῆ,
2998 3687 3096 3757 τῆς
3138 3685 3379 3755 κρίσεως
3423 3687 3512 3748 εἰς
3554 3686 3651 3737 τὸν

2050 3782 2355 3855 ὡρισμένον
2402 3782 2591 3852 καιρὸν
2627 3778 3034 3851 ταμιευθείσης.
3095 3774 3363 3828 Ἐνταῦθα
3410 3775 3521 3844 μὲν
3552 3771 3651 3829 οὖν

2054 3877 2201 3940 ἔλεός
2242 3878 2358 3928 ἐστι
2396 3876 2565 3946 χωρὶς
2602 3874 2837 3944 κρίσεως
2860 3889 2874 3901 ⁸
2906 3872 2969 3924 οὐ
3005 3869 3113 3941 γὰρ
3150 3864 3317 3938 ἦλθεν
3353 3868 3449 3920 ἵνα
3477 3867 3648 3939 κρίνῃ

2053 3970 2143 4022 τὸν
2191 3970 2414 4037 κόσμον,
2466 3966 2582 4020 ἀλλ’
2620 3966 2706 4018 ἵνα
2751 3964 2901 4035 σώσῃ
2952 3962 3042 4015 τὸν
3091 3962 3315 4030 κόσμον.
3373 3960 3537 4011 Ἐκεῖ
3592 3959 3651 4011 δὲ

2054 4064 2153 4115 οὐκ
2194 4061 2399 4131 ἔστινὴ
2434 4059 2618 4130 κρίσις
2660 4059 2828 4128 χωρὶς
2876 4056 3083 4118 ἐλέους,
3123 4053 3212 4106 διὰ
3254 4053 3318 4105 τὸ
3363 4052 3444 4124 μὴ
3491 4054 3653 4106 δύνα-

2058 4154 2181 4207 σθαι
2212 4154 2497 4224 ἄνθρωπον
2530 4150 2767 4221 καθαρὸν
2809 4148 3098 4219 εὑρεθῆναι
3148 4145 3256 4199 ἀπὸ
3292 4145 3504 4216 ῥύπου,
3542 4164 3651 4216 μη-

2055 4247 2111 4299 δὲ
2146 4246 2240 4301 ἐὰν
2278 4245 2373 4317 μία
2409 4238 2645 4315 ήμὲραῇ
2675 4242 2775 4311 τῆς
2820 4242 3085 4309 γενέσεως
3122 4240 3286 4291 αὐτοῦ
3337 4238 3439 4307 (4).
3482 4238 3650 4290 ’Ὥστε

2057 4341 2151 4394 ἐάν
2183 4357 2267 4403 τις
2296 4338 2379 4411 ῐδῃ
2404 4338 2502 4408 τὴν
2540 4336 2738 4388 κακίαν
2779 4333 3050 4403 ὁσημέραι
3082 4331 3413 4401 νεμομένην,
3455 4331 3560 4384 καὶ
3589 4329 3651 4382 τὸ

2058 4432 2318 4501 ἐπίκηρον
2358 4430 2515 4497 γένος
2544 4426 2652 4480 τῶν
2696 4425 2998 4497 ἀνθρώπων
3030 4423 3176 4489 ἄξιον
3217 4422 3427 4493 μυρίων
3465 4422 3636 4475 θανά·

380 4510 599 4579 dignum
638 4514 842 4580 videat,
889 4517 1243 4573 admirabitur
1269 4519 1484 4574 divitias
1530 4520 1787 4575 bonitatis
1841 4523 1947 4585 Dei,

2077 4542 2183 4586 των,
2227 4524 2348 4576 ὅσον
2387 4521 2479 4573 ἐπὶ
2505 4521 2616 4582 τοῖς
2647 4519 3005 4589 ἁμαρτήμασι
3034 4516 3318 4584 τυγχάνον,
3366 4514 3650 4583 θαυμάσει

385 4604 765 4676 patientiaeque
810 4608 1002 4676 ipsius,
1049 4619 1105 4664 et
1154 4610 1478 4666 lenitatis".
1533 4613 1677 4668 Sane
1723 4614 1848 4667 dum
1897 4614 1947 4667 in

2077 4614 2149 4667 τὸν
2175 4611 2402 4665 πλοῦτον
2426 4610 2523 4679 τῆς
2541 4608 2906 4679 χρηστότητος
2925 4605 3019 4659 τοῦ
3039 4604 3194 4666 Θεοῦ,
3214 4604 3420 4673 καὶτῆς
3442 4603 3648 4673 ἀνοχῆς

381 4704 528 4749 terra
564 4713 772 4761 sumus.
818 4702 1188 4759 misericordia
1217 4720 1350 4774 opus
1381 4706 1537 4761 nobis
1559 4716 1657 4760 est.
1699 4704 1834 4759 Nam
1861 4704 1950 4774 qui

383 4788 438 4841 in
466 4789 619 4844 ccelis
650 4803 955 4860 versantur,
998 4795 1141 4865 digni
1174 4809 1319 4863 sunt,
1352 4797 1444 4867 qui
1481 4798 1622 4852 beati
1661 4798 1959 4866 praedicen-

385 4890 490 4945 tur,
545 4898 651 4936 non
688 4899 916 4953 quorum
956 4886 1332 4944 misereamur.
1390 4889 1497 4944 Aut
1554 4888 1803 4947 fortassis
1840 4904 1959 4958 pro-

383 4983 504 5053 pter
533 4976 1041 5033 condemnationem
1076 4980 1128 5036 in
1164 4998 1263 5037 nos
1281 4984 1351 5039 ob
1381 4993 1656 5051 peccatum
1690 4984 1954 5053 prolatam

456 5115 500 5148 ⁸³
536 5113 682 5179 Psal.
708 5132 903 5188 essu,
940 5120 995 5181 ὅ.
1073 5121 1117 5157 ⁸⁸
1155 5121 1257 5179 lsa.
1300 5138 1506 5187 xxvm,
1545 5122 1631 5187 17,
1708 5121 1754 5168 ‘.'
1793 5121 1949 5177 Joan.
1975 5135 2055 5183 in,
2087 5120 2173 5182 17.

459 5255 571 5328 (99)
612 5255 860 5311 NOiinulli
910 5270 1042 5310 mss.
1082 5254 1300 5309 ἐαυτοῦ.
1338 5255 1439 5328 Alii
1488 5255 1685 5328 ἐαυτῷ.
1736 5254 1847 5309 Nec
1886 5255 1956 5308 ita

385 5326 557 5382 nullo
592 5337 716 5395 post
746 5337 951 5397 septem
988 5342 1117 5381 mss.
1146 5326 1535 5397 παρατηρήσῃ.
1574 5326 1705 5395 Reg.
1734 5334 1959 5391 quartus

386 5407 443 5451 et
462 5397 613 5452 Colb.
630 5400 892 5465 septimus
912 5413 1032 5452 cum
1057 5397 1214 5451 editis
1232 5406 1428 5450 etcum
1452 5405 1599 5467 textu
1621 5411 1775 5451 sacro
1794 5412 1965 5467 παρα-

387 5469 652 5539 τηρήσῃς.
689 5469 827 5534 Infra
865 5469 994 5536 Reg.
1024 5468 1290 5539 secundus
1322 5466 1645 5539 ἐργάζηται.

460 5534 538 5605 Π)
573 5534 711 5609 'Reg.
755 5534 977 5609 quintus
1016 5552 1135 5609 cum
1179 5535 1332 5590 Colb.
1356 5534 1543 5609 primo
1572 5535 1817 5609 ἀδελφόν.
1856 5534 1964 5589 Nec

390 5606 551 5660 aliter
586 5605 800 5661 videtur
840 5608 1035 5672 legisse
1063 5608 1350 5675 interpres,
1381 5606 1475 5673 qui
1501 5616 1675 5661 vertat
1704 5623 1718 5660 :
1752 5605 1815 5660 Si
1851 5609 1967 5673 fra-

393 5685 523 5728 trem
553 5679 806 5730 oraveris.
835 5678 1013 5731 Editio
1033 5678 1207 5730 Paris.
1236 5690 1357 5729 cum
1400 5677 1583 5729 multis
1619 5692 1778 5740 mss,
1808 5676 1964 5729 ἀδελ-

393 5744 528 5816 φῶν.
566 5740 856 5816 ὲιίηυοηὶο
890 5757 1011 5814 post
1041 5745 1550 5816 ϐοηλρτμίηιιιελέπι
1585 5744 1679 5798 σοῦ
1711 5748 1830 5816 τήν.

465 5812 542 5888 (Ἢ
581 5811 715 5884 Beti-
756 5811 1028 5884 secuitdus
1074 5815 1241 5868 ἔπιδ’
1274 5813 1338 5873 ἂν
1385 5814 1463 5884 δέ.
1508 5815 1627 5875 Mox
1670 5811 1799 5879 editi
1844 5831 1963 5877 cum

2057 4703 2222 4758 αὐτοῦ
2258 4702 2470 4771 καὶτῆς
2498 4698 2896 4771 μακροθυμίας.
2940 4697 3028 4748 Ἐν
3067 4698 3133 4766 τῇ
3163 4698 3232 4765 γῇ
3268 4694 3458 4765 μέντοι
3495 4696 3646 4756 ὄντες

2054 4795 2149 4849 τοῦ
2184 4794 2369 4856 ἐλέους
2392 4790 2685 4863 χρῄζομεν.
2724 4791 2788 4841 Οἱ
2818 4788 2927 4857 γὰρ
2959 4789 3016 4840 ἐν
3042 4786 3120 4855 τῷ
3144 4786 3360 4856 οὐρανῷ
3396 4786 3498 4839 τοῦ
3538 4805 3641 4857 μα-

2055 4885 2375 4959 καρίζεσθαί
2408 4886 2565 4949 εἰσιν,
2607 4880 2722 4936 ἀλλ’
2762 4882 2882 4951 οιῖδχλ⁸
2922 4878 3016 4933 τοῦ
3064 4878 3329 4932 ἐλεεῖσθαι
3370 4878 3539 4943 ἄξιοι.
3575 4879 3642 4931 Ἦ

2053 4983 2192 5052 τάχα
2215 4977 2301 5032 διὰ
2328 4976 2427 5048 τὴν
2460 4978 2525 5029 ἐκ
2549 4975 2649 5045 τῆς
2675 4973 2949 5045 ἁμαρτίας
2970 4973 3098 5042 ἡμῖν
3131 4968 3521 5036 ἐπενεχθεῖσαν
3549 4987 3643 5023 κα·

2277 5116 2323 5151 οε
2359 5113 2460 5169 30b
2483 5128 2592 5175 ιιν,
2627 5112 2684 5175 4,
2712 5110 2766 5175 5,
2790 5109 2950 5179 juxta
2972 5106 3138 5169 LXX.
3213 5108 3258 5141 "
3289 5105 3453 5162 Rom.
3493 5126 3560 5175 ll,
3588 5112 3639 5164 4.

2066 5255 2387 5324 quihusdam
2419 5267 2550 5308 mss.
2576 5252 2668 5312 τὸν
2696 5251 2864 5313 ἐλεον.
2887 5249 3299 5324 _At__Colbertin_i
3346 5251 3642 5324 prilnuset

2067 5320 2292 5392 quartus
2317 5340 2437 5378 cum
2472 5324 2601 5392 Reg.
2629 5333 2822 5392 quarto
2852 5320 2931 5392 τὸΔ
2949 5321 3150 5381 ἔλαιον,
3172 5322 3398 5386 optime.
3427 5320 3640 5374 Etenim

2069 5390 2188 5448 eum
2233 5396 2319 5450 hic
2369 5390 2563 5449 sermo
2597 5390 2667 5446 sit
2714 5394 2780 5446 de
2834 5390 3077 5445 molliore
3126 5392 3352 5445 curandi
3409 5392 3639 5451 ratione,

2063 5466 2238 5518 oleum
2272 5465 2690 5534 praetermissum
2739 5477 2843 5534 non
2877 5463 3137 5534 Oportuit,
3175 5463 3320 5530 quod
3362 5463 3417 5514 in
3450 5462 3642 5529 primis

2065 5538 2129 5589 ad
2162 5532 2320 5589 talem
2351 5536 2615 5587 tractandi
2648 5533 2863 5585 modum
2894 5532 3168 5595 pertinere
3201 5540 3389 5586 notum
3424 5540 3537 5586 est:

2135 5606 2214 5674 (5)
2255 5605 2407 5659 Colb.
2436 5613 2658 5671 quartus
2687 5604 2768 5665 εἰς
2796 5601 3079 5674 στᾴθμιον.

2135 5671 2211 5744 (4)
2251 5675 2384 5744 Reg.
2430 5676 2698 5728 secundus
2745 5682 2800 5727 et
2850 5671 3007 5744 Colb.
3038 5673 3255 5744 primus
3309 5674 3413 5743 τῆς
3449 5671 3642 5739 γεννή-

2066 5762 2222 5828 σεισς.
2261 5743 2383 5799 Mox
2420 5744 2574 5811 Colb.
2607 5755 2833 5825 quartus
2865 5743 2961 5803 καὶ
3000 5743 3062 5797 τὸ
3094 5743 3407 5815 ἐπίκαιρον,
3442 5755 3643 5822 tempe:

2068 5832 2293 5877 1'0"qu
