3818 6220
130 300 270 368 335

1319 316 1604 373 HOMILIA
1642 318 1709 373 IN
1749 317 2090 374 PSALMUM
2129 316 2353 374 XXXII.

3342 313 3444 368 ΞΜ

137 421 402 491 ταδικη’ν
431 421 504 491 γῆ
525 422 800 495 λεγόμεθα
830 427 993 496 ἡμεῖς
1021 429 1069 479 οἱ
1096 428 1428 495 ἀκούσαντες
1462 432 1612 503 παρὰ
1633 432 1769 486 Θεοῦ

1891 447 2018 486 .erra
2045 431 2277 487 dicimur
2302 444 2400 485 nos
2431 430 2522 499 qui
2557 428 2687 486 illud
2716 445 2745 484 a
2774 430 2886 484 Deo
2914 427 3257 483 audivimus:
3286 426 3448 481 Term

139 513 246 578 τὸ,
278 513 379 583 Γῆ
401 511 474 580 εἶ,
503 513 603 568 καὶ
622 507 709 579 ἑὶς
734 508 851 583 qui;
875 516 1189 587 ἀπελεύσῃ
1212 534 1226 548 ⁸
1264 519 1313 572 οἳ
1348 520 1577 593 πλήρεις
1603 521 1769 591 ἐσμὲν

142 604 277 659 τῶν
308 605 613 679 οἰκτιρμῶν
642 605 736 659 τοῦ
759 606 894 660 θεοῦ
917 624 930 638 ο
966 606 1240 678 Νεκροὺς
1274 611 1383 683 γὰρ
1411 611 1589 679 ὄντας
1614 612 1771 683 ἡμᾶς

145 698 303 765 ταῖς
336 700 647 768 ἁμαρτίαις
691 698 786 752 καὶ
832 702 945 764 τοῖς
996 702 1440 774 παραπτώμασιν
1473 706 1703 777 ἐλεήσας
1743 709 1773 760 6

149 788 311 854 Θεὸς
340 791 824 859 συνεζωοποίησε
847 791 928 858 τῷ
959 793 1213 862 Χριστῷ.
1250 795 1333 861 Τῷ
1369 798 1529 867 λόγῳ
1551 799 1771 866 Κυρίου

150 883 218 936 οι
248 881 507 949 οὐρανοὶ
546 881 1020 950 ἐστερεώθησαν,
1070 885 1169 939 καὶ
1211 885 1293 952 τῷ
1337 889 1632 957 πνεύματι
1665 888 1773 941 τοῦ

150 973 481 1042 στόματος
515 974 702 1026 αὺτοῦ
733 972 901 1028 πᾶσα
954 977 993 1043 ἡ
1034 974 1288 1046 δύναμις
1330 978 1547 1033 αὐτῶν.
1578 978 1690 1033 Ποῦ
1724 982 1774 1032 οἱ

149 1065 227 1121 τὸ
278 1066 512 1138 Πνεῦμα
544 1065 988 1133 ὲξουθενοῦντεςς
1031 1068 1134 1121 ποῦ
1183 1070 1233 1122 οἱ
1283 1072 1608 1141 χωρίζοντες
1643 1073 1776 1125 αὐτὸ

156 1158 287 1212 ἀπὸ
332 1160 431 1231 τῆς
473 1159 875 1231 δημιουργικῆς
909 1159 1226 1231 δυνάμεως;
1286 1162 1389 1215 ποῦ
1418 1164 1468 1215 οἱ
1504 1162 1604 1233 τῆς
1639 1162 1777 1234 πρὸς

157 1250 403 1323 Πατέρα
463 1252 558 1304 καὶ
624 1252 749 1304 Υἱὸν
810 1252 1107 1320 συναφείας
1165 1254 1299 1307 αὐτὸ
1358 1253 1773 1326 διατέμνοντεςς

174 1338 570 1395 Ἀκουὲτωσαν
594 1340 687 1393 τοῦ
711 1340 923 1412 ψαλμοῦ
943 1341 1192 1411 λέγοντος
1214 1361 1227 1373 ·
1265 1343 1348 1409 Τῷ
1374 1346 1532 1414 λόγῳ
1557 1346 1778 1415 Κυρίου

162 1435 228 1486 ol
263 1432 517 1501 οὐρανοὶ
555 1432 1029 1501 ἐστερεώθησαν,
1071 1434 1170 1487 καὶ
1218 1433 1297 1500 τῷ
1339 1437 1632 1505 πνεύματι
1672 1437 1780 1491 τοῦ

163 1526 485 1594 στόματος
517 1527 703 1580 αὑτοῦ
742 1524 911 1581 πᾶσα
960 1528 1000 1595 ἡ
1058 1525 1313 1597 δύναμις
1362 1527 1584 1581 αὐτῶν.
1643 1528 1780 1582 Οὔτε

165 1617 293 1687 γὰο
317 1617 491 1687 Λόγος
523 1618 622 1689 (5),
655 1621 689 1690 ἡ
721 1619 874 1691 κοινὴ
906 1620 1043 1691 αῦτη
1079 1619 1259 1683 λαλιά,
1302 1620 1691 1692 νομισθήσεται
1724 1621 1783 1686 ἐξ

1871 541 1946 588 es,
1971 533 2022 576 et
2053 524 2108 578 in
2131 535 2327 577 terram
2356 523 2455 577 ibis
2483 521 2549 580 ⁸⁸.
2589 521 2762 578 Porro
2788 520 2972 589 repleti
3008 536 3193 575 sumus
3227 520 3318 574 Dei
3352 522 3448 573 mi—

1872 614 2268 679 serationibus;
2307 628 2431 668 cum
2463 615 2606 669 enim
2652 613 2855 668 Μοντιιὶ
2896 628 3126 667 essemus
3157 611 3368 667 delictis
3395 621 3451 667 et

1876 707 2127 775 peccatis,
2150 706 2409 760 misertus
2431 706 2574 760 Deus
2606 705 2882 775 viviﬁcavit
2907 720 2999 757 nos
3020 720 3135 756 cum
3159 702 3450 757 Christo”.

1878 797 2043 852 Vens.
2070 797 2125 852 6.
2169 796 2333 851 Verbo
2364 797 2581 851 Domini
2621 797 2735 851 caeli
2769 796 2972 865 ﬁrmati
3012 806 3152 861 sunt,
3184 803 3231 847 et
3262 794 3451 861 spiritu

1876 892 1983 945 oris
2010 894 2122 959 ejus
2152 891 2321 944 omnis
2351 890 2517 943 virtus
2544 906 2743 944 eorum.
2780 888 2882 944 Ubl
2917 887 3156 956 suntqui
3192 886 3451 956 Spiritum

1877 981 2289 1037 floccifaciunt?
2322 982 2409 1035 ubi
2439 992 2567 1035 sunt
2600 980 2691 1051 qui
2743 981 2895 1034 illum
2948 994 2979 1033 a
3015 977 3256 1047 potentia
3292 992 3453 1032 crea-

1880 1074 2015 1128 trice
2038 1074 2331 1143 separant?
2353 1073 2442 1127 ubi
2476 1073 2569 1142 qui
2602 1073 2776 1142 ipsum
2804 1088 2833 1126 a
2866 1072 3044 1126 Patris
3076 1086 3140 1126 ac
3179 1071 3298 1125 Filii
3322 1085 3453 1125 con-

1874 1164 2153 1234 iunctione
2202 1165 2503 1218 dirimunt?
2530 1163 2770 1218 Audiant
2831 1163 3094 1234 psalmum
3134 1162 3403 1217 dicentem
3438 1178 3452 1215 :

1887 1253 2057 1308 Verbo
2090 1254 2305 1309 Domini
2356 1255 2472 1309 caeli
2510 1255 2713 1324 ﬁrmati
2738 1266 2882 1318 sunt,
2906 1265 2954 1308 et
2981 1254 3169 1323 spiritu
3204 1255 3313 1306 oris
3340 1252 3456 1322 ejus

1882 1348 2232 1403 omnis'virlus
2259 1365 2461 1403 eorum.
2501 1347 2686 1417 Neque
2718 1349 2863 1404 enim
2890 1347 3126 1403 Verbum
3178 1345 3457 1401 existima-

1880 1438 2028 1493 bitur
2055 1441 2361 1494 communis
2395 1441 2509 1494 haec
2548 1440 2746 1494 locutio
2776 1455 2921 1503 esse,
2955 1454 3075 1508 quae
3118 1452 3185 1493 ex
3221 1435 3459 1491 nomini-

1884 1528 1985 1585 bus
2011 1545 2075 1585 ac
2113 1531 2440 1587 dictionibus
2472 1532 2723 1587 consistit.
2774 1550 2789 1586 :
2820 1546 2995 1601 neque
3025 1530 3262 1600 Spiritus
3287 1543 3454 1599 vapor

1885 1620 1938 1673 in
1984 1636 2110 1674 aera
2136 1619 2396 1688 diffusus;
2435 1621 2528 1677 sed
2552 1630 2608 1676 et
2644 1622 2901 1687 Verbum,
2934 1625 3075 1691 quod
3109 1622 3162 1675 in
3193 1618 3458 1690 principio

168 1711 466 1781 ὀνομάτων
500 1713 593 1765 καὶ
625 1713 886 1783 ῥημάτων
914 1713 1013 1783 τὴν
1040 1712 1300 1767 σύστασιν
1321 1713 1542 1784 ἔχουσα,
1569 1713 1693 1767 οὔτε
1722 1715 1783 1771 τὸ

1891 1722 2004 1766 erat
2050 1715 2187 1782 apud
2236 1714 2402 1767 Deum
2422 1713 2490 1778 7°,
2528 1725 2583 1768 et
2627 1714 2862 1784 Spiritus
2910 1724 3148 1780 sanctus,
3197 1713 3287 1783 qui
3322 1711 3463 1766 hanc

170 1802 413 1875 Πνεῦμα
437 1805 601 1875 ἀτμὶς
629 1807 708 1869 είς
731 1806 870 1878 ὰέρα
895 1806 1217 1877 διαχεομένη
1234 1824 1246 1836 ⁸
1279 1805 1415 1859 ἀλλὰ
1439 1808 1533 1860 καὶ
1559 1807 1730 1876 Λόγος
1754 1808 1782 1860 6

1891 1805 2100 1874 praprie
2134 1805 2360 1859 sortitus
2402 1816 2485 1859 est
2514 1804 2946 1875 appellationem.
2996 1804 3457 1871 Quemadmodum

172 1895 239 1945 ὲν
282 1894 428 1966 ἀρχῇ
470 1893 547 1948 ὢν
578 1896 713 1967 πρὸς
738 1895 829 1950 τὸν
864 1896 1017 1958 Θεὸν,
1054 1898 1148 1951 καὶ
1182 1897 1407 1969 Πνεῦμα
1446 1899 1507 1952 τὸ
1540 1898 1715 1969 ἆγιον,
1753 1898 1782 1951 ὅ

178 1984 341 2049 ἰδίως
365 1986 464 2057 τῆς
499 1988 875 2059 προσηγορίας
906 1988 1110 2059 ταύτης
1143 1988 1463 2059 τετύχηκεν.
1503 1990 1590 2053 Ὠς
1629 1986 1721 2043 οὖν
1753 1991 1783 2043 6

172 2077 522 2148 δημιουργὸς
563 2081 735 2149 Λόγος
781 2081 1080 2151 ὲστερέωσε
1128 2081 1218 2134 τὸν
1258 2083 1506 2154 οὐρανὸν,
1542 2083 1684 2137 οὕτω
1723 2083 1783 2136 τὸ

177 2168 416 2239 Πνεῦμα
461 2170 523 2223 τὸ
570 2172 638 2224 ἐκ
671 2172 763 2225 τοῦ
797 2172 956 2235 Θεοῦ,
1000 2173 1028 2226 ὃ
1060 2173 1212 2245 παρὰ
1242 2175 1335 2228 τοῦ
1371 2177 1585 2247 Πατρὸς
1616 2177 1783 2228 ἐκπο-

182 2258 411 2328 ρεύεται
447 2260 770 2332 (τουτέστιν,
796 2262 823 2314 ὃ
843 2264 907 2314 ἐκ
939 2262 1031 2315 τοῦ
1064 2263 1332 2333 στόματος
1362 2264 1549 2328 αὐτοῦ,
1587 2264 1674 2317 ἵνα
1710 2265 1784 2337 μὴ

178 2352 303 2405 τῶν
334 2352 535 2419 ἔξωθέν
566 2372 619 2409 τι
651 2356 874 2408 καὶτῶν
902 2357 1217 2428 κτισμάτων
1245 2358 1377 2411 αὐτὸ
1419 2360 1634 2430 κρίνῃς,
1669 2356 1783 2414 ἁλλ’

181 2446 266 2509 ὡς
294 2446 524 2525 ἐκσθεοῦ
546 2447 668 2518 ἕχον
694 2448 792 2518 τὴν
822 2449 1121 2503 ὑπόστασιν
1141 2450 1415 2524 δοξάζῃς),
1444 2451 1663 2515 ἁπάσας
1688 2451 1787 2517 τὰς

185 2537 248 2588 ὲν
272 2536 424 2606 αὐτῷ
450 2538 711 2608 δυνάμεις
743 2540 1099 2610 συνεπέφερε.
1129 2542 1220 2612 Τῷ
1250 2538 1343 2595 οὖν
1371 2542 1650 2614 Πνεύματι
1684 2548 1790 2599 πᾶ-

188 2642 263 2678 σα
292 2628 327 2697 ἡ
360 2626 589 2698 δύναμις
620 2629 653 2699 ἡ
689 2629 1011 2699 ἐπουράνιος
1036 2630 1109 2699 (6)
1151 2629 1484 2703 ὲστερεώθη·
1513 2632 1785 2697 τουτέστι,

186 2717 252 2770 τὸ
282 2716 498 2771 εὔτονον
531 2716 627 2772 καὶ
656 2719 852 2788 πάγιον
892 2721 988 2774 καὶ
1023 2721 1238 2791 βέϐαιον
1275 2724 1333 2776 ὲν
1371 2724 1649 2795 ἁγιασμῷ,
1693 2725 1789 2778 καὶ

188 2812 349 2883 πάσῃ
386 2813 452 2882 τῇ
487 2811 772 2886 πρεπούσῃ
799 2815 920 2877 ταῖς
950 2815 1122 2885 ἱεραῖς
1151 2815 1445 2885 δυνάμεσιν
1480 2816 1672 2888 ἀρετῇ,
1725 2820 1789 2870 ὲκ

189 2904 296 2974 τῆς
323 2902 417 2956 τοῦ
445 2904 763 2976 Πνεύματος
795 2907 1116 2977 ἐπικουρίας
1150 2906 1390 2977 ἔχουσιν.
1439 2908 1658 2963 Ἐνθὰδε
1692 2910 1791 2982 μὲν

192 2992 293 3049 οὖν
316 2995 543 3066 Πνεῦμα
583 2996 850 3067 στόματος
877 2997 1044 3049 αὑτοῦ
1075 2998 1518 3072 ἀναγέγραπται·
1556 3001 1790 3073 εὑρήσο-

197 3102 302 3158 μεν
326 3084 384 3138 ss
403 3084 637 3156 ἀλλαχοῦ
673 3087 769 3138 καὶ
791 3086 963 3155 Λόγον
997 3087 1263 3158 στόματος
1284 3089 1448 3142 αὐτοῦ
1478 3091 1787 3161 εἰρημένον,

194 3177 288 3230 ἵνα
315 3176 481 3247 νοηθῇ
514 3178 544 3229 6
578 3178 768 3249 Σωτὴρ
794 3178 891 3248 (7),
930 3180 1024 3232 καὶ
1064 3180 1124 3234 τὸ
1154 3180 1310 3248 ἁγιον
1348 3180 1513 3235 αὑτοῦ
1565 3181 1791 3253 Πνεῦμα

195 3271 263 3322 ἐκ
286 3269 381 3322 τοῦ
404 3269 636 3341 Πατρός.
678 3271 831 3324 Ἐπεὶ
860 3267 953 3325 οῦν
984 3273 1153 3340 Λόγος
1178 3273 1277 3343 μὲν
1300 3276 1505 3346 Κυρίου
1528 3276 1555 3329 6
1576 3276 1789 3347 Σωτὴρ,

196 3364 294 3417 καί
326 3362 549 3434 Πνεῦμα
577 3363 673 3417 τοῦ
717 3364 986 3435 στόματος
1033 3364 1196 3417 αὐτοῦ
1239 3365 1299 3418 τὸ
1350 3365 1501 3434 ἁγιον
1542 3366 1789 3435 Πνεῦμα,

199 3453 487 3525 ἀμφότερα
526 3454 582 3508 δὲ
623 3456 934 3527 συνήργησε
965 3457 1030 3526 τῇ
1065 3455 1241 3509 κτίσει
1273 3456 1380 3508 τῶν
1411 3457 1657 3528 οὐρανῶν
1696 3462 1791 3511 και

199 3546 309 3599 τῶν
347 3548 404 3600 ὲν
432 3548 615 3611 αὐτοῖς
643 3547 951 3617 δυνάμεων,
978 3546 1065 3599 διὰ
1096 3546 1254 3601 τοῦτο
1290 3547 1506 3619 εἴρηται
1528 3566 1540 3579 ·
1576 3547 1664 3615 Τῷ
1688 3550 1793 3603 Λό-

202 3656 287 3707 τῳ
332 3638 555 3705 Κυρίου
613 3641 668 3693 οὶ
718 3639 961 3707 οὐρανοὶ
1020 3638 1494 3707 ἐστερεώθησαν,
1558 3641 1653 3693 καὶ
1711 3637 1793 3705 τῷ

207 3730 500 3798 Πνεύματι
537 3729 643 3784 τοῦ
676 3732 973 3799 στόματος
1013 3730 1200 3783 αὑτοῦ
1250 3730 1418 3784 πᾶσα
1458 3732 1496 3798 ἡ
1540 3730 1793 3800 δύναμις

205 3823 421 3880 ἀυτῶν.
463 3824 630 3878 Οὐδὲν
657 3824 765 3895 γὰρ
794 3821 1103 3893 ἁγιάζεται,
1134 3825 1183 3876 εἰ
1215 3824 1289 3894 μὴ
1326 3824 1401 3893 (8)
1428 3826 1491 3895 τῇ
1524 3823 1794 3895 παρουσίᾳ

206 3915 299 3970 τοῦ
333 3916 673 3987 Πνεύματος.
716 3917 987 3984 ’Δγγέλων
1015 3915 1147 3985 γοῦν
1178 3916 1276 3987 τὴν
1314 3916 1413 3986 μὲν
1445 3917 1525 3979 εἰς
1556 3916 1617 3967 τὸ
1652 3910 1792 3968 εἶναι

207 4007 436 4079 πάροδον
486 4011 515 4062 6
567 4008 897 4080 δημιουργὸς
948 4008 1122 4075 Λόγος
1172 4010 1201 4061 6
1238 4008 1469 4078 ποιητὴς
1508 4007 1617 4060 τῶν
1656 4007 1794 4061 ὅλων

208 4099 525 4165 παρείχετο·
561 4098 654 4151 τὸν
714 4098 983 4168 ἁγιασμὸν
1033 4098 1091 4150 δὲ
1134 4098 1317 4161 αὐτοῖς
1359 4096 1420 4150 τό
1464 4097 1686 4168 Πνεῦμα
1730 4098 1793 4151 τὸ

210 4188 361 4256 ἆγιον
389 4187 775 4258 συνεπέφερεν.
812 4188 888 4240 Οὐ
923 4186 1033 4256 γὰρ
1064 4188 1245 4258 νήπιοι
1275 4185 1586 4249 κτισῢέντες
1620 4188 1667 4239 οἱ
1691 4185 1792 4255 ἄγ-

211 4276 375 4343 γελοι,
414 4273 532 4329 εἶτα
564 4275 942 4338 τελειωθέντες
967 4278 1035 4347 τῇ
1068 4277 1186 4328 κατ’
1219 4275 1399 4344 ὀλίγον
1444 4274 1666 4346 μελέτῃ,
1702 4274 1794 4327 οῦ-

210 4383 315 4430 τως
356 4366 494 4433 ἄξιοι
530 4366 633 4436 τῆς
675 4364 765 4419 τοῦ
798 4365 1115 4437 Πνεύματος
1163 4366 1429 4437 ὑποδοχῆς
1469 4365 1788 4435 γεγόνασιν⁶

212 4452 407 4511 ἀλλ”ὲν
438 4458 504 4528 τῇ
543 4454 736 4528 πρώτῃ
767 4456 1023 4508 συστάσει
1067 4457 1161 4509 καὶ
1193 4455 1270 4525 τῷ
1312 4456 1473 4507 οἱονεὶ
1512 4450 1791 4526 φυράματι

212 4548 308 4619 τῆς
335 4550 522 4613 οὐσίας
566 4548 746 4602 αὐτῶν
789 4547 1327 4619 συγκαταόληθεῖσαν
1372 4546 1449 4617 (9)
1492 4546 1648 4619 ἔσχον
1692 4549 1793 4620 τὴν

214 4639 487 4709 ἀγιότητα.
514 4639 605 4691 Διὸ
627 4639 723 4691 καὶ
753 4637 1139 4709 δυσμετάθετοί
1168 4639 1273 4691 εἱσι
1301 4636 1436 4707 πρὸς
1458 4638 1678 4706 κακίαν,
1704 4639 1795 4691 εὑ-

1887 1897 2054 1965 igitur
2085 1894 2319 1950 Verbum
2365 1895 2546 1963 opifex
2586 1895 2823 1950 ﬁrmavit
2864 1896 3079 1963 coelum,
3110 1896 3190 1951 sic
3227 1894 3461 1966 Spiritus

1883 1986 1976 2055 qui
2012 2000 2080 2039 ex
2111 1984 2241 2050 Deo,
2273 1988 2423 2056 quia
2461 1986 2623 2041 Patre
2658 1987 2921 2055 procedit,
2949 1988 3051 2041 hoc
3097 1995 3199 2052 est,
3248 1986 3340 2054 qui
3392 2000 3459 2039 ex

1882 2092 1979 2132 ore
2019 2077 2161 2130 illius
2181 2087 2264 2132 est
2295 2078 2378 2148 (ut
2402 2092 2470 2132 ne
2495 2078 2671 2147 ipsum
2703 2086 2984 2133 externam
3015 2078 3304 2145 quamdam
3335 2091 3450 2131 rem

1882 2177 1979 2223 aut
2008 2178 2314 2223 creaturam
2359 2168 2728 2239 essejudices,
2774 2170 2868 2224 sed
2910 2180 3166 2238 tanquam
3201 2170 3459 2239 byposta-

1883 2262 1985 2315 sim
2017 2276 2081 2316 ex
2115 2262 2224 2317 Deo
2275 2261 2563 2317 habentem
2608 2261 2923 2333 glorifices),
2972 2277 3163 2318 omnes
3208 2260 3325 2330 ejus
3354 2261 3465 2316 vir-

1884 2361 2028 2407 tutes
2051 2352 2213 2407 simul
2239 2353 2438 2407 intulit.
2462 2352 2648 2423 itaque
2676 2353 2915 2408 caelestis
2936 2352 3115 2407 omnis
3141 2352 3312 2406 virtus
3343 2350 3467 2419 Spi-

1884 2446 1993 2500 ritu
2042 2446 2258 2499 [irmata
2292 2456 2378 2500 est
2411 2462 2426 2501 :
2462 2446 2565 2500 hoc
2602 2456 2705 2510 est,
2738 2444 3087 2509 soliditatem,
3123 2443 3464 2496 ﬁrmitatem-

1890 2552 1996 2607 que
2029 2545 2085 2592 et
2123 2538 2513 2603 constantiam,
2542 2538 2595 2591 in
2639 2536 2951 2600 sanctitate,
2981 2545 3035 2590 et
3082 2534 3231 2588 omni
3260 2533 3466 2587 virtute

1887 2630 2063 2683 sacris
2095 2628 2461 2699 potestatibus
2495 2628 2873 2689 conveniente.
2902 2641 2968 2680 ex
3001 2624 3240 2696 Spiritus
3267 2624 3469 2679 auxilio

1888 2721 2070 2776 habet.
2128 2719 2230 2774 Hic
2259 2720 2421 2790 igitur
2456 2719 2694 2789 Spiritus
2746 2719 2859 2773 oris
2906 2717 3024 2785 ejus
3075 2716 3312 2785 scriptus
3361 2726 3468 2769 est.

1887 2812 2227 2867 Inveniemus
2249 2824 2429 2867 autem
2461 2811 2591 2865 alibi
2622 2822 2678 2865 et
2701 2811 2939 2867 Verbum
2966 2812 3081 2865 oris
3108 2809 3279 2880 ipsius
3310 2807 3473 2880 136

1889 2907 2117 2970 dictum,
2169 2916 2229 2960 ut
2276 2904 2612 2975 intelligatur
2660 2904 2911 2958 Salvator
2935 2903 3075 2972 ipse,
3133 2911 3188 2957 et
3243 2911 3470 2956 sanctus

1896 2996 2017 3065 ejus
2071 2995 2311 3067 Spiritus
2344 3010 2410 3051 ex
2452 2995 2634 3050 Patre.
2689 2994 2958 3062 Quoniam
3015 2994 3179 3065 igitur
3213 2992 3474 3049 Servator

1895 3089 2136 3145 Verbum
2176 3089 2392 3144 Domini
2419 3100 2527 3155 est,
2554 3099 2608 3143 et
2634 3088 2871 3157 Spiritus
2900 3097 3122 3141 sanctus
3149 3085 3261 3140 oris
3303 3085 3473 3153 ipsius

1896 3182 2128 3244 Spiritus
2154 3190 2260 3249 est,
2299 3191 2529 3250 uterque
2563 3189 2744 3235 autem
2776 3179 2829 3233 in
2872 3177 3027 3233 caelis
3069 3186 3125 3231 et
3151 3191 3338 3231 eorum
3362 3176 3474 3229 vir-

1893 3275 2105 3330 tutibus
2154 3275 2409 3330 creandis
2462 3275 2670 3344 pariter
2696 3287 2916 3343 operam
2958 3269 3215 3334 contulit,
3270 3268 3473 3322 idcirco

1892 3369 2093 3424 dictant
2120 3377 2206 3421 est
2242 3384 2258 3422 :
2299 3365 2464 3421 Verbo
2498 3366 2709 3419 Domini
2735 3365 2849 3420 ειείί
2873 3364 3074 3433 ﬁrmati
3103 3371 3245 3425 sunt,
3274 3370 3321 3414 et
3349 3357 3471 3427 Spi-

1892 3460 1996 3512 ritu
2015 3459 2123 3513 oris
2149 3458 2265 3528 ejus
2300 3458 2470 3512 omnis
2503 3459 2666 3512 virtus
2690 3473 2895 3511 eorum.
2928 3455 3070 3510 Nihil
3110 3455 3251 3509 enim
3273 3452 3475 3506 sancti-

1894 3560 2057 3625 tatem
2092 3550 2434 3618 adipiscitur,
2475 3550 2578 3603 nisi
2612 3564 2705 3617 per
2738 3547 2974 3618 Spiritus
3016 3546 3191 3602 sancti
3228 3558 3468 3614 praesen-

1894 3641 2044 3695 tiam.
2092 3638 2278 3709 Itaque
2308 3641 2452 3710 quod
2506 3639 2682 3709 angeli
2734 3648 2881 3703 sunt,
2940 3638 3009 3693 ab
3056 3638 3252 3707 cpitice
3296 3634 3474 3690 Verbo

1894 3731 2271 3785 universorum
2305 3729 2586 3785 conditore
2632 3730 2837 3785 habent
2882 3745 2896 3782 :
2938 3729 3018 3782 eis
3052 3742 3181 3781 vero
3216 3723 3476 3778 sanctita-

1894 3832 2002 3876 tem
2038 3821 2274 3891 Spiritus
2308 3833 2530 3878 sanctus
2578 3820 2890 3891 impertivit.
2920 3818 3038 3872 Non
3064 3818 3210 3873 enim
3245 3814 3477 3870 infantes

1894 3915 2069 3969 creati
2097 3924 2223 3968 sunt
2257 3914 2459 3983 angeli,
2509 3914 2704 3967 deinde
2739 3912 2997 3982 paulatim
3050 3910 3314 3966 exercitio
3353 3923 3477 3976 per-

1894 4005 2043 4069 fecti,
2079 4004 2160 4057 sic
2203 4003 2334 4059 facti
2363 4014 2491 4059 sunt
2524 4004 2671 4075 digni
2710 4006 2801 4073 qui
2839 4003 3102 4071 Spiritum
3133 4002 3471 4069 reciperent;

1895 4095 1987 4148 sed
2024 4094 2079 4147 in
2116 4095 2290 4163 prima
2334 4095 2745 4159 constitutione,
2775 4104 2832 4149 et
2863 4109 2967 4148 una
2991 4109 3114 4148 cum
3153 4093 3473 4148 substantia:

1893 4200 2006 4239 suae
2045 4186 2203 4256 quasi
2246 4185 2481 4240 mixtura
2532 4185 2767 4241 infusam
2822 4186 3065 4241 habuere
3109 4185 3474 4241 sanctitatem.

1893 4273 2236 4345 Quapropter
2279 4278 2443 4331 etiam
2482 4291 2626 4348 aegre
2661 4279 2727 4331 ad
2754 4277 3039 4346 {malitiam
3066 4285 3388 4331 convertere
3418 4292 3479 4330 se

1895 4376 2140 4435 possunt,
2181 4368 2382 4437 quippe
2417 4368 2511 4437 qui
2556 4367 2701 4423 illico
2748 4368 3132 4432 sanctimonia,
3169 4367 3334 4421 veluti
3379 4367 3481 4420 tiu-

1897 4466 2047 4509 ctura
2073 4461 2311 4528 quadam
2369 4459 2900 4534 corroborati_sint,
2957 4459 3378 4527 firmitatemque
3421 4458 3477 4512 in

1899 4552 2098 4605 virtute
2132 4566 2197 4607 ac
2246 4552 2613 4607 constantiam
2664 4554 2807 4607 dono
2842 4552 3082 4621 Spiritus
3121 4550 3297 4606 sancti
3319 4564 3477 4605 acceo

1899 4642 2097 4711 perint.

215 4731 326 4794 θὺς,
352 4733 515 4786 οἱονεὶ
541 4731 686 4802 βαφῇ
718 4747 845 4797 τινι,
880 4729 958 4801 τῷ
991 4730 1247 4802 ἁγιασμῷ
1277 4730 1665 4794 στομωθὲντες,
1696 4731 1791 4786 καὶ
1828 4733 1888 4786 τὸ
1955 4735 2182 4808 μόνιμον
2246 4735 2326 4803 εἰς
2347 4735 2547 4808 ἀρετὴν
2570 4739 2635 4810 τῇ
2660 4735 2839 4809 δωρεᾷ
2862 4734 2956 4790 τοῦ
2986 4734 3141 4805 ἁγίου
3166 4732 3481 4805 Πνεύματος

219 4821 442 4894 ἔχοντες.

287 4938 484 4995 “Gen.
515 4952 598 5001 ιιι,
629 4937 715 4993 19.
775 4937 821 4970 ⁶⁹
850 4937 1047 5008 Ephes.
1085 4953 1146 5002 ιιι,
1182 4937 1236 4995 5.
1313 4937 1360 4968 '°
1385 4934 1541 4993 Joan.
1574 4953 1616 5003 ι,
1654 4938 1708 4993 1.

288 5059 359 5129 (5)
384 5060 561 5114 Editio
587 5058 762 5113 Paris.
809 5060 838 5112 6
867 5058 1063 5126 Λόγος.
1108 5058 1215 5129 Sed
1244 5057 1682 5113 deestarticulus
1732 5057 1790 5129 in

221 5126 307 5186 sex
328 5126 457 5200 mss.
485 5129 605 5184 Mox
636 5130 766 5197 Reg.
788 5132 1056 5200 secundus
1078 5126 1301 5199 Πνεῦμα
1340 5129 1402 5181 τὸ
1426 5129 1582 5197 ἆγιον
1605 5128 1791 5200 ἀτμίς.

288 5201 359 5271 (6)
389 5199 544 5254 Colb.
574 5198 1143 5271 ρι’ἰηιυεῄοὐράνιος.
1230 5198 1237 5271 ί
1306 5269 1321 5271 Δ
1419 5268 1428 5271 _
1526 5246 1572 5271 __.

289 5267 359 5341 (7)
401 5271 532 5339 Reg.
576 5267 775 5341 tertius
819 5267 906 5321 ἵνα
939 5268 1169 5341 νομισθῇ
1218 5270 1247 5322 6
1285 5268 1495 5341 Σωτήρ.
1526 5267 1644 5341 Vox
1687 5269 1789 5322 αὐ-

220 5339 483 5408 τοῦ,⁷(ιιιαι
515 5340 761 5408 proxime
813 5340 1080 5406 sequitur,
1130 5339 1285 5393 deest
1343 5340 1397 5392 in
1430 5339 1623 5392 multis
1652 5354 1788 5393 mss.

227 5412 322 5465 Sed
346 5426 467 5465 eam
503 5411 645 5463 male
687 5410 944 5462 omissam
992 5423 1114 5462 esse
1154 5426 1183 5460 a
1235 5409 1470 5463 librariis
1513 5419 1787 5478 putamus.

227 5490 328 5535 tum
362 5482 506 5550 quod
542 5482 594 5533 iu
624 5479 810 5532 multis
838 5478 957 5550 aliis
984 5495 1115 5531 mss.
1142 5478 1373 5549 legatur,
1411 5489 1520 5531 tum
1559 5479 1790 5550 maxime

227 5552 355 5615 quod
380 5548 725 5604 'inveniatur
773 5550 825 5602 in
882 5548 1116 5602 Eusebio
1176 5548 1215 5603 εί
1255 5564 1285 5601 a
1319 5563 1426 5617 quo
1455 5557 1624 5601 totum
1659 5548 1786 5600 illud

227 5621 596 5690 fragmentum.
627 5621 701 5690 uti
732 5620 784 5672 in
819 5618 1136 5690 praefatione
1162 5620 1482 5690 ostenditur,
1514 5628 1785 5690 sumptum

228 5687 325 5743 est.
354 5691 527 5744 Aliter
564 5691 631 5743 de
664 5689 776 5752 illo,
805 5691 871 5741 ὲκ
898 5687 994 5741 τοῦ
1028 5689 1262 5759 Πατρός,
1285 5688 1787 5759 iudicandumcen-

231 5773 417 5817 scmus.
470 5760 605 5817 Cum
637 5762 781 5817 enim
812 5759 965 5825 illud,
1015 5759 1078 5813 ὲκ
1123 5756 1217 5813 τοῦ
1252 5756 1485 5826 Πατρός,
1542 5756 1681 5814 desit
1732 5757 1788 5811 in

1903 5053 2087 5123 multis
2115 5066 2275 5118 mss.,
2302 5067 2404 5107 nec
2450 5052 2664 5123 legatur
2692 5066 2908 5122 quoque
2951 5051 3006 5105 iu
3033 5049 3481 5123 _Commentariis

1902 5122 2147 5195 Eusebii,
2178 5124 2242 5195 id
2290 5124 2395 5178 huc
2449 5120 2628 5195 inepte
2651 5120 2975 5178 ac'cerSitum
3024 5120 3194 5177 fuisse
3221 5120 3364 5173 haud
3398 5120 3480 5174 in-

1895 5193 2041 5262 juria
2062 5194 2208 5248 credi
2240 5200 2437 5263 potest.

1972 5263 2049 5333 (8)
2090 5256 2467 5332 Editi'etlteg.
2492 5268 2680 5333 sex_tus
2737 5266 2791 5312 et
2817 5256 2968 5333 Coll).
3024 5267 3248 5333 qutntus
3290 5259 3340 5333 si
3375 5259 3474 5330 μή.

1899 5328 2061 5388 Deest
2110 5334 2159 5387 ei
2214 5333 2265 5386 in
2306 5328 2524 5388 Eusébii
2553 5329 2991 5391 Commentariis,
3043 5338 3098 5381 et
3128 5328 3179 5380 in
3238 5328 3480 5397 quinque

1900 5420 2029 5457 mss.
2081 5402 2203 5456 Mox
2251 5403 2417 5456 editio
2460 5399 2635 5454 Paris.
2685 5398 2713 5449 6
2769 5397 3101 5470 δημιουργὸς
3142 5397 3252 5452 τῶν
3280 5398 3417 5452 ὅλων
3450 5400 3481 5457 6

1896 5474 2129 5544 ποιητὴς
2175 5471 2347 5543 Λόγος
2389 5471 2709 5544 παρείχετο,
2737 5468 2981 5544 confuse;
3031 5468 3387 5544 Restituiums
3424 5476 3478 5521 et

1898 5561 1962 5599 ex
1998 5538 2131 5597 mss.
2158 5549 2212 5595 et
2243 5538 2307 5596 ex
2335 5538 3158 5611 ipsisEusebiiCommentariis
3188 5539 3476 5609 pristinum

1900 5630 1963 5669 ac
1992 5613 2283 5669 aerminum
2322 5609 2605 5666 verborum
2630 5609 2899 5663 ordinem.

2027 5629 2283 5665 emunum
2322 5629 2605 5666 verborum
2630 5629 2899 5663 ormnem.

1967 5629 2221 5763 (§)Colb.
2252 5692 2475 5762 quartus
2534 5676 3254 5763 aoyxasaﬁngeiong,,_.nnii
3301 5687 3474 5763 recte.

1894 5748 2063 5811 Paulo
2095 5763 2219 5824 post
2246 5748 2485 5823 quinque
2510 5766 2641 5807 mss.
2680 5751 2757 5813 ὡς
2780 5748 2967 5803 ἀσκόν.
3004 5748 3144 5804 Euiti
3183 5748 3333 5805 ὡσεί.
