3818 6220
359 267 468 325 335

1717 271 1775 328 s.
1819 257 2064 326 BA'SILII
2105 270 2319 326 MAGNI

3569 267 3682 320 εδδ

435 389 488 444 5.
521 388 684 441 Vsus.
709 388 763 442 7.
802 387 1136 459 Congregans
1183 392 1315 444 sicut
1351 403 1516 444 utrem
1548 408 1712 458 aquas
1752 393 1936 455 maris,

2113 391 2164 444 5.
2185 395 2469 460 Συναγων
2486 393 2565 456 ὡς
2587 390 2780 444 ἀσκὸν
2805 391 2991 444 ὕδατα
3009 391 3352 458 θαλάσσης,
3371 390 3594 454 τιθεὶς
3607 391 3678 442 ἐν·

358 496 557 552 ponens
584 480 637 533 in
664 479 923 533 thesauris
952 483 1188 550 abyssos.
1240 481 1356 536 Non
1385 483 1543 546 dixit,
1593 483 1941 553 Congregans

363 588 538 646 aquas
573 577 738 631 maris
767 575 910 628 sicut
935 576 988 629 in
1023 586 1164 640 utre,
1200 577 1318 643 sed,
1355 574 1423 630 Ut
1462 586 1650 639 utrem,
1674 577 1747 630 ita
1772 591 1942 645 aquas

365 671 533 725 maris
586 684 938 741 congregans.
993 670 1111 725 Jam
1167 685 1298 725 vero
1359 671 1670 734 considera,
1730 685 1938 740 quaso;

363 761 504 815 utris
541 773 817 826 naturam,
853 778 974 831 qua:
1007 778 1147 816 nunc
1168 763 1382 832 quidem
1415 761 1650 829 inflatur,
1696 779 1819 816 cum
1851 777 1942 816 co-

365 851 505 905 rium
543 851 836 908 intercluso
878 853 1070 923 spiritu
1121 855 1418 908 distentum
1457 863 1576 920 est;
1633 870 1772 909 nunc
1814 869 1944 906 vero

364 943 730 1007 contrahitur,
767 960 886 998 cum
927 944 1088 1000 ﬂatus
1132 944 1220 1000 ille
1261 961 1368 1014 quo
1406 945 1816 1000 distendebatur
1858 959 1943 999 se-

367 1035 553 1089 cessit.
611 1035 705 1090 Sic
757 1036 940 1105 itaque
993 1053 1144 1092 mare
1190 1037 1481 1108 aliquando
1521 1037 1834 1092 intumescit
1881 1051 1944 1090 ac

367 1120 676 1178 effervescit
732 1127 908 1180 ventis
949 1126 1230 1180 efferatum
1267 1143 1329 1181 ac
1363 1137 1601 1189 tumens,
1655 1126 1946 1196 aliquando

369 1227 499 1268 vero
541 1230 728 1269 rursus
772 1217 1167 1283 tranquillitate
1224 1218 1278 1272 in
1323 1219 1529 1272 humile
1582 1218 1942 1273 contrahitur.

373 1305 539 1375 Igitur
570 1315 627 1360 ut
650 1317 848 1372 utrem,
894 1307 966 1360 ita
994 1308 1267 1362 contrahit
1307 1323 1372 1360 ac
1397 1307 1650 1377 deprimit
1689 1307 1947 1362 Dominus

371 1413 566 1467 aquam
608 1399 796 1455 maris.
838 1399 1144 1455 Invenimus
1188 1411 1367 1456 autem
1415 1402 1464 1454 in
1499 1401 1818 1470 quihusdam
1846 1416 1944 1453 ex-

369 1492 729 1562 emplaribus,
770 1492 1104 1564 Congregam
1131 1495 1265 1548 velut
1307 1495 1361 1548 in
1392 1505 1508 1548 utre
1534 1512 1699 1565 aquas
1733 1497 1895 1550 maris
1927 1510 1945 1548 :

372 1585 572 1653 quibus
619 1586 800 1640 verbis
845 1587 912 1640 ad
957 1595 1192 1641 veterem
1261 1587 1547 1642 historiam
1610 1587 1946 1652 deducimur,

374 1690 497 1727 cum
532 1691 682 1739 mare
712 1677 978 1746 Rubrum,
1015 1680 1231 1734 nemine
1259 1678 1310 1732 id
1350 1694 1524 1747 neque
1556 1679 1830 1732 dividente
1857 1695 1949 1732 ne-

377 1783 485 1838 que
513 1773 851 1831 continente.
879 1773 1054 1841 ipsum
1086 1775 1151 1826 ad
1184 1789 1242 1828 se
1267 1774 1442 1843 ipsum
1473 1784 1809 1828 contractum
1844 1780 1946 1834 est,

374 1860 616 1928 quasi'in
655 1872 773 1916 utre
814 1865 1048 1933 quodam
1087 1863 1422 1934 colligatum,
1479 1865 1662 1918 divino
1695 1864 1949 1918 mandato

377 1950 504 2004 illud
532 1950 729 2006 eﬂuudi
763 1969 868 2007 non
909 1954 1139 2008 sinente.
1174 1952 1406 2016 Peneus,
1438 1952 1631 2020 inquit,
1668 1955 1720 2004 in
1749 1953 1952 2004 thesau-

373 2043 446 2094 ris
480 2051 718 2113 abyssos.
761 2044 894 2099 Erat
943 2046 1223 2100 sententiae
1263 2044 1536 2098 communi
1596 2043 1768 2112 magis
1820 2059 1951 2097 con-

376 2151 569 2204 gruum
605 2137 786 2193 dicere
832 2155 846 2192 :
888 2137 1103 2193 Ponens
1147 2141 1199 2194 in
1239 2138 1448 2209 abyssis
1480 2139 1766 2192 thesauros
1806 2136 1952 2190 :hoc

372 2236 477 2291 est,
529 2227 582 2280 in
647 2230 910 2300 mysterio
968 2230 1188 2284 divitias
1253 2230 1538 2284 continens
1600 2243 1748 2282 suas.
1798 2225 1954 2280 Nunc

368 2335 502 2376 vero
546 2321 689 2374 velut
735 2337 865 2390 opes
891 2322 1149 2392 quasdam
1181 2322 1381 2376 divinis
1419 2320 1690 2376 thesauris
1737 2318 1948 2388 dignas,

373 2414 600 2484 abyssos
627 2415 772 2481 ipsas
811 2430 933 2470 esse
972 2415 1122 2469 dicit.
1163 2414 1415 2481 Nunquid
1458 2427 1588 2482 ergo
1629 2411 1819 2480 judicii
1867 2411 1949 2464 di-

375 2508 490 2561 vini
531 2509 768 2562 rationes
817 2508 1212 2563 inenarrabiles
1266 2518 1320 2564 et
1354 2507 1592 2562 humano
1639 2505 1819 2576 captui
1865 2503 1952 2556 in-

374 2598 914 2667 comprehensibiles,
947 2600 1130 2670 abyssi
1163 2599 1438 2663 dicuntur,
1465 2613 1587 2652 cum
1627 2597 1680 2650 in
1713 2595 1827 2652 sola
1855 2593 1949 2648 Dei

373 2692 686 2761 cognitione
721 2692 972 2761 reposita:
1003 2693 1113 2746 sint
1159 2694 1416 2755 ratibnes,
1469 2690 1627 2758 juxta
1670 2703 1808 2756 quas
1840 2687 1953 2738 sin-

373 2781 494 2852 gula
520 2785 878 2839 moderatur?
915 2784 1070 2852 Quod
1102 2786 1244 2840 enim
1278 2784 1384 2839 lata
1413 2785 1482 2839 de
1509 2780 1949 2852 singulisjudicia

372 2877 602 2946 abyssus
663 2887 847 2930 vocata
890 2877 1020 2942 sint,
1066 2879 1118 2932 in
1155 2877 1260 2931 alio
1309 2877 1518 2948 psalmo
1557 2876 1845 2929 didicimus
1877 2874 1953 2926 di-

372 2977 548 3032 cente,
579 2967 796 3022 Judicia
843 2979 934 3022 tua
988 2970 1206 3038 abyssus
1234 2968 1400 3022 multa
1421 2968 1489 3023 "'.
1535 2967 1875 3036 Quapropter
1904 2964 1948 3017 si

372 3060 594 3127 qnzeris,
623 3074 743 3124 cur,
783 3061 891 3114 vita
927 3062 1229 3130 peccatoris
1253 3071 1563 3130 prorogata,
1596 3059 1724 3128 justi
1755 3060 1869 3112 dies
1896 3057 1948 3110 in

373 3152 476 3206 hoc
509 3151 806 3207 incolarum
831 3154 948 3208 loco
971 3157 1311 3219 brevientur,
1330 3171 1427 3209 cur
1452 3156 1682 3225 injustus
1712 3153 1948 3208 secunda

378 3251 566 3296 utatur
594 3241 836 3310 fortuna,
864 3243 1043 3311 justus
1078 3248 1326 3308 adversa,
1358 3263 1457 3300 cur
1477 3246 1546 3299 sit
1577 3245 1835 3315 puerulus
1865 3260 1953 3296 ra-

375 3344 500 3401 ptus
518 3343 644 3388 ante
657 3337 833 3390 aetatis
859 3336 1266 3404 perfectionem,
1289 3338 1430 3391 unde
1448 3337 1604 3402 bella,
1624 3352 1719 3391 cur
1737 3336 1953 3389 naufra-

373 3423 485 3494 gia,
525 3435 682 3478 terrae
705 3436 901 3490 motus,
939 3427 1238 3487 siccitates,
1272 3428 1484 3496 pluvim.
1529 3443 1629 3482 cur
1660 3442 1780 3496 qua:
1819 3426 1953 3479 leta-

371 3513 597 3570 lia‘sunt
624 3517 932 3573 hominibus
948 3531 1131 3574 creata
1165 3521 1291 3581 sint,
1321 3521 1478 3591 137
1500 3537 1601 3574 cur
1623 3521 1710 3575 hic
1739 3535 1950 3582 servus,

374 3608 466 3663 ille
497 3608 655 3674 liber,
695 3626 792 3664 cur
823 3611 960 3665 alius
982 3613 1153 3677 dives,
1180 3613 1317 3666 alius
1348 3628 1552 3682 pauper
1581 3621 1765 3683 (atque
1787 3612 1949 3666 etiam

375 3700 603 3754 multum
640 3712 724 3756 est
753 3703 1086 3757 discriminis
1123 3705 1172 3757 in
1215 3706 1453 3773 peccatis
1482 3720 1545 3758 ac
1576 3715 1721 3758 recte
1746 3703 1899 3757 factis
1935 3722 1949 3758 :

375 3791 492 3844 haec
528 3793 672 3846 enim
705 3793 841 3846 lenae
865 3795 1101 3859 vendita,
1129 3795 1178 3847 vi
1215 3795 1266 3847 in
1313 3804 1532 3862 peccato
1563 3803 1669 3856 est,
1709 3793 1794 3846 illa
1821 3808 1951 3847 vero

371 3883 442 3937 ab
469 3883 624 3938 initio
665 3885 853 3939 heram
899 3887 1097 3940 bonam
1152 3897 1331 3951 nacta,
1382 3886 1435 3938 in
1469 3885 1781 3954 virginitate
1815 3887 1952 3939 edu-

372 3987 492 4030 cata
531 3977 657 4047 est),
689 3992 788 4030 cur
814 3978 928 4031 lure
978 3976 1171 4032 affecta
1224 3978 1488 4031 beneficio
1533 3979 1602 4032 sit
1647 3995 1660 4031 :
1697 3977 1785 4032 illa
1825 3994 1953 4033 vero

372 4072 737 4124 condemnata
767 4087 782 4137 ;
832 4080 887 4124 et
919 4072 1047 4140 quid
1073 4071 1142 4125 sit
1164 4072 1455 4140 unicuique
1482 4072 1676 4125 horum
1712 4087 1739 4124 ο
1771 4071 1953 4141 judice

377 4163 786 4216 retribuendum
813 4180 827 4228 ;
859 4164 1057 4231 quibus
1084 4162 1340 4215 omnibus
1370 4161 1464 4216 tibi
1497 4163 1548 4214 in
1582 4170 1817 4216 mentem
1863 4176 1954 4214 ve-

377 4254 674 4316 nientibus,
723 4255 897 4315 coaita
949 4253 1039 4308 Dei
1072 4255 1272 4322 judicia
1325 4254 1554 4324 abyssos
1601 4269 1740 4318 esse,
1781 4268 1879 4306 nec
1923 4268 1953 4306 a

378 4343 625 4410 quolibet
667 4343 827 4397 facile
853 4343 1239 4413 comprehendi
1274 4357 1454 4411 posse,
1487 4345 1628 4410 quod
1667 4344 1718 4396 in
1759 4343 1954 4397 divinis

2043 480 2372 549 θησαυροῖς
2402 481 2736 544 ἀϐύσσους.
2771 481 2884 534 Οὐκ
2914 476 3054 543 εἷπε,
3073 481 3334 549 Συνάγων
3368 481 3450 532 τὰ
3490 480 3673 531 ὕδατα

2041 574 2143 642 τῆς
2181 573 2455 643 θαλάσσης
2483 573 2560 636 ὼς
2588 575 2646 626 ἐν
2675 574 2847 643 ἀσκῷ,
2873 573 2985 628 ἀλλ’
3026 575 3117 639 Ὠς
3135 573 3359 636 ἀσκὸν,
3395 572 3576 624 οὓτω
3607 573 3673 623 τὰ

2045 662 2214 716 ῦδατα
2245 666 2343 733 τῆς
2370 663 2646 734 Θαλάσσης
2672 665 2936 732 συνάγων.
2971 664 3180 733 Νόησον
3205 663 3259 716 δέ
3300 681 3397 734 μοι
3429 663 3553 732 τὴν
3573 676 3669 714 1-6-3

2044 755 2216 808 ἁσκοῦ
2243 756 2422 824 φύσιν,
2452 755 2545 809 νῦν
2575 757 2674 826 μὲν
2700 756 3134 827 διαφυσωμένην,
3167 757 3294 808 ὅταν
3328 756 3412 826 τῷ
3445 758 3670 807 ἐναπο-

2045 846 2301 919 ληφθέντι
2337 849 2447 919 (ιιι)
2484 849 2754 920 πνεύματι
2794 849 2855 901 τὸ
2882 849 3057 920 δέρμα
3103 846 3378 920 περιταθῇ
3401 864 3416 878 ·
3465 846 3581 898 νῦν
3617 846 3672 898 δέ

2047 942 2497 1013 συστελλομένην,
2539 944 2666 998 ὅταν
2696 944 3026 1014 ὑποχωρήσῃ
3061 943 3120 996 τὸ
3154 943 3455 996 διατεῖνον.
3500 940 3672 992 Οῦτω

2045 1037 2225 1089 τοίνυν
2253 1038 2286 1108 ἡ
2310 1036 2552 1090 θάλασσα
2583 1036 2712 1089 ποτέ
2744 1037 2841 1108 μὲν
2871 1036 3254 1106 ἐκφλεγμαίνει
3281 1037 3383 1089 καὶ
3422 1033 3528 1098 ζεῖ
3557 1038 3672 1095 τοῖς

2047 1129 2352 1198 πνεύμασιν
2392 1128 2781 1198 ἀγριαινομένη
2827 1130 2921 1182 καὶ
2962 1127 3360 1192 ἐξοιδαίνουσα·
3405 1125 3560 1178 ποτέ
3613 1125 3669 1177 δὲ

2049 1221 2212 1274 πάλιν
2245 1220 2348 1272 ὑπὸ
2381 1220 2624 1291 γαλήνης
2657 1222 2737 1283 εἰς
2761 1220 3016 1272 ταπεινὸν
3055 1218 3526 1272 καταστέλλεται.
3581 1217 3669 1278 Ὠς

2047 1311 2139 1368 οὖν
2171 1315 2356 1378 ἀσκὸν,
2387 1313 2559 1375 οῦτως
2582 1313 2855 1366 συστέλλει
2878 1315 2970 1366 καὶ
3001 1314 3245 1366 ταπεινοῖ
3275 1310 3538 1380 τδῦδωρ
3565 1309 3667 1377 τῆς

2050 1405 2326 1476 θαλάσσης
2360 1407 2388 1457 6
2427 1405 2648 1477 Κύριος.
2681 1404 2929 1476 Εὖρομεν
2953 1403 3139 1474 (11)δὲ
3172 1405 3229 1456 ἐν
3261 1419 3379 1454 τισι
3411 1401 3536 1454 τῶν
3574 1401 3669 1452 ἀν-

2049 1497 2351 1568 τιγράφων,
2395 1497 2682 1564 Συνάγιων
2736 1497 2816 1562 ὡς
2860 1496 2929 1549 ἐν
2979 1495 3148 1560 ἀσκῷ
3178 1494 3376 1547 ὕδατα
3417 1493 3668 1546 θαλάσ-

2053 1605 2193 1656 σης,
2232 1589 2323 1641 ἐπὶ
2347 1588 2447 1658 τὴν
2481 1586 2717 1641 παλαιὰν
2746 1588 2985 1658 ἱστορίαν
3023 1586 3296 1654 τοῦλόγου
3327 1587 3492 1655 ἡμᾶς
3525 1584 3667 1637 ἀνα-

2054 1681 2384 1752 πέμποντος,
2425 1682 2512 1733 δτε
2547 1683 2579 1751 ή
2631 1680 2867 1753 Ἐρυθρὰ
2896 1679 3157 1743 θάλασσα,
3204 1679 3432 1741 οὐδενὸς
3479 1678 3667 1745 αὐτὴν

2050 1771 2403 1842 διαιροῦντος,
2427 1772 2548 1824 οὐδὲ
2573 1772 2905 1842 συνέχοντος,
2936 1770 3073 1841 αὑτὴ
3109 1771 3241 1841 πρὸς
3270 1769 3484 1840 ἑαυτὴν
3536 1786 3665 1821 συν-

2051 1866 2316 1931 ειστήκει,
2350 1859 2461 1917 οἷον
2503 1863 2656 1933 ἀσκῷ
2689 1881 2792 1916 τινι
2827 1863 3140 1934 ἐνδεδεμένη
3182 1863 3316 1932 (19.),
3366 1860 3468 1914 τοῦ
3509 1861 3660 1913 θείου

2052 1955 2472 2027 προστάγματος
2502 1955 2840 2026 προχυθῆναι
2864 1957 3033 2028 αὐτὴν
3053 1955 3150 2007 οὐκ
3171 1953 3398 2016 ἐῶντος.
3439 1954 3660 2017 Τιθεὶς,

2052 2048 2237 2117 φησὶν.
2269 2049 2339 2101 ἐν
2361 2048 2685 2115 θησαυροῖς
2713 2048 3044 2112 ἀϐύσσους.
3086 2044 3559 2116 Ἀκολουθὸτερον
3595 2041 3662 2114 ἦν

2050 2141 2125 2206 ὡς
2160 2142 2297 2214 πρὸς
2322 2142 2418 2213 τὴν
2447 2144 2630 2213 κοινὴν
2665 2142 2871 2194 ἔννοιαν
2913 2144 3104 2206 εἰπεῖν,
3136 2141 3318 2203 Τιθεὶς
3370 2142 3435 2191 ἐν
3484 2139 3665 2192 ἀϐύσ-

2054 2250 2167 2296 σοις
2212 2233 2336 2295 τοὺς
2385 2233 2727 2304 θησαυρούς·
2773 2234 3068 2295 τουτέστιν,
3110 2234 3166 2283 ἐν
3195 2230 3498 2302 μυστηρίῳ
3538 2247 3664 2282 συν-

2053 2325 2190 2394 έχων
2219 2326 2311 2378 τὸν
2345 2325 2535 2378 ἐαυτοῦ
2564 2325 2808 2377 πλοῦτον.
2843 2324 2956 2376 Νῦν
2987 2325 3040 2376 δέ
3074 2324 3261 2392 ὥσπερ
3295 2322 3430 2373 τινὰ
3459 2323 3660 2391 κειμή-

2053 2416 2142 2470 λια
2169 2415 2291 2480 ἄξια
2313 2417 2422 2472 τῶν
2446 2417 2605 2470 θείων
2641 2416 2930 2488 θησαυρῶν
2958 2415 3056 2478 τὰς
3085 2414 3358 2477 ἀϐύσσους
3381 2411 3532 2466 εἷναί
3564 2431 3662 2483 φηο

2055 2524 2128 2563 σι.
2161 2510 2386 2581 Μήποτε
2417 2504 2509 2561 οῦν
2541 2510 2589 2561 οἱ
2617 2511 2742 2579 περὶ
2769 2508 2869 2577 τῆς
2894 2508 3042 2566 θείας
3067 2507 3304 2577 κρίσεως
3334 2507 3514 2574 λόγοι,
3555 2508 3655 2578 ἆῤ-

2055 2605 2208 2672 ρητοι
2257 2600 2408 2663 ὅντες
2449 2601 2542 2653 καὶ
2587 2601 2959 2670 ἀκατάληπτοι
3000 2603 3117 2661 ταῖς
3156 2597 3544 2669 ἀνθρωπίναις
3575 2599 3658 2650 ἐν-

2052 2693 2243 2757 νοίαις,
2279 2692 2502 2746 ἄϐυσσοι
2534 2691 2802 2760 λέγονται,
2825 2693 2881 2744 ἐν
2907 2691 3038 2761 μόνη
3059 2689 3247 2760 τῇθτοῦ
3278 2687 3421 2741 Θεοῦ
3451 2689 3656 2757 γνώσει

2052 2785 2430 2855 ἀποκειμένων
2491 2783 2598 2837 τῶν
2641 2783 2834 2852 λόγων,
2893 2781 3014 2835 καθ’
3057 2781 3400 2843 οὖς’ἐκαστα
3448 2783 3657 2833 οίκονο-

2056 2881 2150 2949 μεῖ
2178 2878 2287 2947 (15)
2311 2895 2325 2943 ;
2351 2879 2475 2929 Ὅτι
2507 2876 2613 2948 γὰρ
2641 2875 2707 2928 τὰ
2736 2875 2861 2946 περὶ
2882 2875 3108 2926 ἕκαστον
3133 2874 3381 2943 κρίματα
3412 2873 3655 2936 ἄϐυσσος

2055 2966 2493 3040 προσηγορεύθη,
2530 2969 2588 3019 ἐν
2621 2966 2793 3037 ἐτέρῳ
2825 2965 3025 3035 ψαλμῷ
3053 2961 3416 3032 δεδιδάγμεθα
3462 2964 3651 3030 λέγον-

2053 3077 2106 3112 τι
2126 3076 2140 3090 ο
2175 3062 2249 3113 Τὰ
2274 3057 2526 3127 χρίματὰ
2555 3073 2670 3112 σου
2705 3057 2975 3119 ἄϐυσσος
3004 3053 3224 3120 πολλή.
3264 3055 3395 3108 Ἐὰν
3417 3051 3516 3108 οῦν
3539 3057 3654 3107 ἐπι-

2056 3153 2246 3224 ζητῇς,
2275 3152 2360 3204 διὰ
2386 3153 2439 3205 τί
2466 3150 2559 3205 τοῦ
2595 3150 2693 3221 μὲν
2723 3149 3047 3222 ἀμαρτωλοῦ
3092 3152 3125 3221 ἡ
3161 3149 3272 3219 ζωὴ
3317 3150 3654 3218 παρατείνε-

2052 3263 2163 3311 ται,
2185 3245 2279 3298 τοῦ
2306 3244 2362 3296 δέ
2395 3245 2603 3298 δικαίου
2627 3245 2680 3296 αἱ
2703 3244 2905 3314 ἡμέραι
2941 3244 3037 3314 τῆς
3063 3243 3358 3312 παροικίας
3383 3244 3505 3312 (Li)
3539 3259 3655 3294 mav-

2050 3340 2359 3409 τέμνονται,
2409 3337 2495 3390 διὰ
2548 3338 2599 3388 τί
2641 3340 2670 3390 6
2718 3337 2817 3407 μὲν
2869 3337 3052 3399 ἄδικος
3111 3335 3450 3406 εὐθηνεῖται,
3511 3339 3538 3388 6
3596 3336 3651 3388 δὲ

2049 3431 2257 3494 δίκαιος
2291 3431 2550 3492 θλίϐεται,
2574 3430 2662 3482 διά
2699 3429 2750 3482 τί
2780 3428 2840 3482 τὸ
2867 3429 3074 3482 παιδίον
3100 3431 3228 3499 πρὶν
3254 3430 3335 3490 εὶς
3367 3427 3650 3480 τελείωσιν

2051 3523 2223 3576 ἐλθεῖν
2257 3521 2605 3593 ἀνηρπάσθη,
2634 3520 2796 3574 πόθεν
2820 3521 3064 3590 πόλεμοι,
3097 3520 3184 3572 διὰ
3217 3520 3266 3571 τί
3294 3519 3367 3571 τὰ
3385 3523 3646 3588 ναυάγια,

2051 3616 2100 3667 οἱ
2137 3615 2369 3684 σεισμοὶ,
2399 3615 2448 3666 οἱ
2472 3613 2694 3683 αὐχμοὶ,
2732 3615 2786 3665 αἱ
2822 3612 3141 3683 ἐπομϐρίαι,
3173 3611 3261 3664 διὰ
3292 3611 3346 3663 τί
3379 3611 3452 3664 τὰ
3479 3615 3648 3683 φθαρ-

2051 3703 2177 3756 τικὰ
2226 3703 2334 3756 τῶν
2363 3701 2668 3776 ἀνθρώπων
2713 3703 3193 3774 δεδημιούργηται,
3239 3701 3332 3754 διὰ
3369 3704 3424 3755 τί
3477 3707 3507 3755 6
3551 3706 3647 3774 μὲν

2051 3795 2256 3860 δοῦλος,
2286 3798 2315 3849 6
2363 3797 2418 3849 δέ
2453 3796 2758 3866 ἐλεύθερος,
2803 3797 2830 3848 ὁ
2875 3796 2974 3865 μὲν
3000 3794 3236 3858 πλουτεῖ,
3270 3795 3298 3846 ὁ
3330 3795 3387 3848 δέ
3421 3797 3645 3850 πένετα;

2052 3888 2210 3953 (πολὺ
2243 3889 2299 3941 δέ
2330 3889 2424 3942 καὶ
2454 3890 2511 3941 ἐν
2539 3890 2651 3951 τοῖς
2680 3889 3147 3959 ἁμαρτανομένοις
3193 3886 3225 3957 ἢ
3268 3888 3645 3960 κατορθουμέ-

2053 3997 2164 4042 νοις
2195 3980 2311 4031 ἐστὶ¹
2341 3979 2402 4031 τὸ
2426 3978 2708 4049 διάφορον·
2747 3981 2779 4049 ἡ
2823 3978 2921 4048 μὲν
2963 3977 3072 4048 γὰρ
3108 3977 3467 4049 πορνοϐοσκῷ
3504 3999 3642 4052 πρα-

2053 4071 2207 4124 θεῖσα
2237 4070 2372 4140 πρδς
2397 4071 2642 4140 ἀνάγκην
2673 4070 2818 4122 ἐστὶν
2839 4070 2897 4121 ἐν
2931 4071 2995 4138 τῇ
3031 4069 3271 4139 ἁμαρτία
3291 4087 3303 4096 ·
3334 4070 3367 4139 ἠ
3397 4068 3455 4120 δὲ
3485 4070 3642 4135 εὐθὺς

2053 4163 2268 4232 ἀγαθῆς
2307 4163 2420 4231 (15)
2450 4161 2739 4230 δεσποίνης
2780 4161 3115 4231 ἐπιτυχοῦσα
3149 4161 3526 4232 πνεξετράφη
3577 4168 3637 4234 τῇ

2054 4254 2366 4325 παρθενίᾳ),
2422 4252 2509 4305 διὰ
2540 4253 2592 4304 τί
2625 4251 2763 4323 αῦτη
2817 4251 2912 4322 μέν
2951 4251 3315 4322 εὐηργετήθη,
3367 4253 3553 4324 ἐκείνη
3585 4255 3638 4307 δὲ

2054 4345 2415 4417 κατεδικάσθη
2438 4362 2450 4374 ’
2481 4345 2666 4407 καὶτίς
2691 4347 2724 4414 ἡ
2755 4345 2837 4412 ἐφ’
2863 4344 3092 4396 ἑκάστου
3125 4343 3234 4413 (16)
3259 4342 3467 4395 τούτων
3496 4347 3638 4416 παρά

377 4436 648 4493 thesauris
678 4436 936 4491 conclusa
972 4447 1117 4490 sunt.
1162 4435 1267 4490 Sed
1307 4445 1362 4489 et
1395 4437 1632 4489 credenti
1674 4437 1797 4490 data
1831 4453 1950 4505 pro-

2082 4438 2153 4490 τοῦ
2186 4436 2372 4508 κριτοῦ
2415 4436 2774 4498 ἀνταπόδοσις
2793 4453 2806 4465 °
2847 4435 3020 4489 ταῦτα
3050 4435 3228 4489 πάντα
3254 4435 3437 4490 λαϐὼν
3459 4439 3538 4503 εἰς
3565 4439 3638 4490 ἓν·

378 4528 565 4582 missio
601 4538 685 4583 est
715 4543 743 4581 a
789 4528 920 4590 Deo.
954 4529 1223 4590 vidi-licet,
1268 4528 1416 4583 Dabo
1439 4529 1533 4582 tibi
1559 4529 1831 4583 thesauros
1857 4534 1951 4583 ab-

375 4620 642 4674 sconditos
665 4629 712 4674 et
747 4620 1032 4673 invisibiles
1059 4621 1126 4673 τ’.
1171 4619 1462 4689 Postquam
1497 4623 1659 4692 igitur
1678 4636 1741 4675 ea
1775 4622 1956 4691 cogni-

378 4715 524 4768 tione
549 4727 670 4783 quae
694 4723 779 4767 est
809 4714 947 4768 facie
969 4713 1033 4766 ad
1058 4711 1273 4778 faciem,
1303 4713 1448 4781 digni
1477 4711 1644 4766 habiti
1671 4712 1951 4780 fuerimus,

450 4931 494 4963 τ’
526 4929 669 4985 Psal.
713 4946 876 4997 xxxv,
919 4931 974 4986 7.
1052 4931 1098 4962 "
1135 4931 1238 4985 lsa.
1271 4947 1395 4997 ην,
1429 4932 1482 4984 5.

456 5113 569 5186 (Νι)
597 5111 1140 5186 Colbertiui-primus
1171 5120 1226 5164 et
1249 5123 1476 5186 quartus
1498 5110 1958 5186 évaaroletqieéyjt.

381 5181 523 5240 Editi
552 5181 678 5238 vero
725 5193 780 5238 et
837 5182 926 5253 alii
954 5197 1084 5236 mss.
1123 5181 1576 5253 ἐναποληφθέντι.
1621 5183 1779 5253 bene.
1844 5182 1963 5236 Mox

381 5254 517 5325 Reg.
581 5256 774 5307 tertius
806 5252 1224 5325 ἐμφλεγμαίνει.
1267 5252 1488 5325 Νοοηί-ιει
1535 5252 1858 5325 ninltopost
1890 5269 1968 5305 se-

381 5322 524 5395 ptem
560 5341 691 5379 mss.
728 5325 807 5386 είς
852 5322 1614 5395 ταπεινὸν,λκαταστέλλουσα⁸
1659 5323 1799 5376 Editi
1839 5338 1965 5376 cum

381 5392 702 5464 quihusdam
736 5410 865 5448 mss.
893 5392 1334 5456 καταστέλλεται.

457 5464 566 5533 (Η)
617 5465 768 5518 Colb.
819 5477 1042 5532 quartus
1096 5464 1360 5534 εὕραμεν.
1418 5464 1612 5518 Statim
1667 5461 1962 5518 Colbertiui

382 5536 590 5603 primus
628 5545 683 5586 et
707 5547 932 5603 quartus
961 5535 1036 5598 ὼς
1069 5537 1148 5598 εἰς
1170 5535 1358 5588 ἀσκόν.

458 5603 568 5672 (12)
604 5604 734 5671 Reg.
783 5608 1050 5659 secundus
1084 5605 1137 5658 in
1181 5615 1433 5658 contextu
1468 5603 1807 5673 ἐνδεδεμένη,
1847 5603 1959 5673 cin-

385 5683 523 5725 ctum
556 5687 576 5725 :
621 5675 716 5728 sed
759 5673 898 5729 idem
957 5677 1122 5730 codex
1162 5675 1430 5745 vulgatam
1474 5672 1783 5742 lectionem,
1817 5672 1962 5725 ἐνδε-

2059 4545 2229 4593 νοιαν,
2266 4527 2620 4598 ἐνθυμήθητι,
2648 4527 2730 4580 δτι
2761 4527 2995 4592 ἄϐυσσος
3024 4529 3138 4580 ἐστι
3177 4529 3243 4582 τὰ
3270 4529 3516 4598 κρίματα
3547 4531 3632 4583 τοῦ

2059 4619 2219 4682 Θεοῦ,
2256 4619 2350 4674 καὶ
2410 4619 2488 4688 τῷ
2532 4621 2644 4681 τοῖς
2694 4617 2986 4690 θησαυροῖς
3017 4622 3128 4682 τοῖς
3176 4619 3338 4683 θείοις
3390 4624 3634 4676 ἐναποκε·

2063 4713 2326 4778 κλεῖσθαι,
2359 4711 2458 4765 οὐκ
2491 4709 2734 4782 εὔληπτα
2759 4714 2869 4775 τοῖς
2891 4711 3134 4783 τυχοῦσι.
3160 4713 3271 4765 Καὶ
3306 4713 3386 4783 τῷ
3419 4715 3631 4767 πιστεύο

2063 5108 2543 5180 δυμένημῃιαξίειί
2574 5125 2789 5179 quoque
2811 5110 2865 5163 in
2896 5113 3160 5177 margine.

2283 5178 2533 5255 ξονι-ιυΗί
2561 5178 3108 5255 ῃιεετξοίκονομεῖται.
3150 5181 3253 5234 Alii
3281 5184 3565 5255 οἰκονομεῖ.

2136 5183 2182 5319 ὶί
2197 5183 2250 5320 5;
2283 5183 2533 5258 Normulli
2566 5197 2693 5234 mss.
2721 5183 3108 5250 οἰκονομεῖται.
3150 5183 3253 5234 Alii
3281 5184 3565 5255 οἰκονομεῖ.

2165 5249 2228 5302 14
2288 5250 2426 5320 Editi
2459 5259 2514 5302 et
2561 5250 2710 5320 Regii
2764 5266 2993 5318 quartus
3021 5263 3074 5305 et
3120 5263 3307 5306 sextus
3334 5270 3452 5306 cuin
3486 5257 3625 5311 (Inlh.

2065 5319 2295 5398 septimo
2328 5319 2384 5372 αί
2423 5319 2661 5398 ,ἡμέραι
2679 5324 2780 5398 τῆς
2808 5322 3130 5398 ’παροικίας
3165 5337 3178 5351 ·
3210 5324 3306 5376 sed
3363 5325 3507 5390 illud,
3540 5330 3630 5398 τῆς

2067 5389 2376 5460 παροικίας,
2405 5389 2566 5445 deest
2593 5393 2644 5444 in
2671 5389 2852 5444 multis
2885 5389 3014 5445 mss.

2142 5459 2253 5531 (15)
2290 5459 2442 5534 Colb.
2476 5472 2705 5530 quartus
2733 5463 2766 5531 ἡ
2804 5459 2861 5534 δέ
2891 5461 3089 5534 ὁδηγοῦ
3122 5463 3358 5531 ἀγαθῆς,
3397 5476 3520 5532 etc.,
3551 5487 3628 5521 ua-

2070 5540 2158 5600 cta
2190 5534 2369 5583 lteram
2398 5532 2604 5589 bonum.
2632 5547 2747 5600 qua:
2780 5533 2914 5584 viam
2949 5532 3414 5590 cautmoustrabat.

2141 5599 2502 5676 (liiLCodices
2527 5603 2762 5676 nonnulli
2786 5603 2870 5669 ἐφ’
2901 5604 3138 5676 ἐκάστω.
3161 5605 3264 5656 Alii
3292 5607 3376 5676 ἐφ’
3395 5606 3623 5662 ἑκάστου.

2069 5661 2212 5726 infra
2238 5661 2385 5740 Reg._
2407 5672 2678 5728 secundus
2703 5661 3006 5741 ἐπαγγελία
3037 5661 3255 5728 δίδοται.
