3818 6220
116 314 234 370 557

1262 321 1544 377 HOItIiLlA
1571 321 1656 384 ,ΙΝ
1699 323 2030 382 PSALMUM
2067 327 2285 384 XXXII.

3277 333 3382 389 558

115 443 238 480 οντι
266 427 322 480 δὲ
342 426 643 496 ἐπαγγελία
674 427 882 484 δέδοται
916 431 1066 504 παρὰ
1085 432 1244 496 Θεοῦ,
1279 435 1362 488 ὅτι
1394 435 1571 488 Δώσω
1605 453 1702 490 σοι

1825 441 1981 492 etiam
2022 457 2114 495 ens
2155 457 2273 510 qua:
2297 443 2348 496 in
2383 441 2473 496 Dei
2508 444 2774 500 thesauris
2808 453 2934 499 sunt
2957 443 3180 513 abyssos
3211 443 3383 496 intue-

115 517 473 584 θησαυροὺς
515 520 925 589 ἀποκρύφους,
971 524 1286 592 ἀοράτους.
1341 527 1588 581 Ἐπειδὰν
1619 525 1710 581 οὖν

117 604 554 678 καταξιωθῶμεν
600 608 699 678 τῆς
748 609 1037 680 πρόσωπον
1078 613 1212 684 πρὸς
1252 615 1542 684 πρόσωπον
1571 616 1706 684 γνώ-

117 713 290 760 σεως,
322 695 564 766 ὀψόμεθα
613 699 707 750 καὶ
747 700 844 762 τὰς
887 701 944 752 ὲν
988 705 1098 763 τοῖς
1124 703 1410 774 θησαυροῖς
1447 704 1541 757 τοῦ
1576 707 1710 759 Θεοῦ

115 785 419 850 ἀϐύσσους.
455 789 713 856 Συνάγων
757 791 813 843 δὲ
851 789 920 844 τὰ
954 793 1010 844 ὲν
1041 795 1108 863 τῇ
1147 795 1334 864 Γραφῇ
1370 797 1498 865 περὶ
1527 797 1710 851 ἀσκῶν

117 881 413 950 εἰρημένα,
440 882 637 951 μᾶλλον
665 885 870 956 γενήσῃ
904 887 960 938 ὲν
987 889 1230 958 περινοίᾳ
1253 888 1346 940 τοῦ
1374 890 1709 960 βουλήματος

115 971 221 1024 τοῦ
251 973 590 1044 προφητικοῦ
619 976 752 1044 (l7).
783 978 844 1029 Οί
875 977 970 1046 μὲν
993 975 1084 1030 οὖν
1110 979 1396 1032 ἀνακαινοῦ
1407 999 1557 1050 μενοι
1584 982 1710 1051 ἡμέ-

120 1081 200 1134 ρᾳ
230 1066 326 1118 καὶ
365 1066 566 1137 ἡμέρᾳ,
599 1068 692 1120 καὶ
715 1069 805 1121 τὸν
828 1070 1013 1122 καινὸν
1037 1066 1177 1122 οἶνον
1205 1072 1312 1124 ἀπὸ
1337 1072 1436 1140 τῆς
1465 1073 1707 1142 ἀμπέλου

114 1156 515 1230 τῆς-ἀληθινῆς
547 1159 869 1230 χωροῦντες,
898 1160 1055 1213 ἀσκοὶ
1096 1157 1236 1214 εἶναι
1263 1162 1510 1228 λέγονται
1545 1165 1600 1214 ὲν
1631 1162 1709 1232 τῷ

115 1247 447 1318 Εὐαγγελίῳ
469 1248 642 1301 καινοί
667 1266 680 1279 ·
713 1252 761 1302 οἱ
792 1249 848 1303 δὲ
872 1250 1096 1320 μηδέπω
1123 1251 1212 1302 τὸν
1239 1250 1463 1304 παλαιὸν
1502 1252 1709 1322 ἄνθρω-

117 1358 232 1394 πον
259 1341 581 1410 ἀποθέμενοι
611 1342 767 1396 ἀσκοί
788 1345 892 1396 εἰσι
929 1343 1165 1406 παλαιοὶ,
1199 1343 1273 1413 μὴ
1297 1343 1581 1412 δυνάμενοι
1621 1361 1710 1397 πι-

119 1431 419 1484 στεύεσθαι
457 1433 556 1502 τὴν
590 1432 856 1504 ὑποδοχὴν
894 1433 986 1486 τοῦ
1023 1433 1142 1486 νέου
1171 1433 1334 1486 οἴνου.
1383 1434 1570 1497 Οὐδεὶς
1600 1435 1708 1507 γὰρ

119 1523 316 1592 βάλλει
345 1520 482 1576 οἶνον
511 1522 629 1576 νέον
671 1526 750 1586 είς
787 1525 988 1587 ἀσκοὺς
1016 1523 1296 1588 παλαιοὺς,
1334 1525 1419 1577 ἵνα
1455 1526 1528 1595 μὴ
1559 1527 1653 1578 καὶ
1681 1528 1710 1579 ὁ

116 1607 272 1674 οἶνος
321 1610 521 1683 ἐκχυθῇ
555 1611 688 1681 (18),
731 1612 824 1664 καὶ
854 1612 1030 1682 πάντη
1062 1611 1372 1664 ἀπόλωνται
1413 1615 1608 1666 ἐκεῖνοι
1657 1614 1706 1665 οἱ

115 1704 310 1767 ἀσκοὶ,
347 1705 600 1775 οὐδεμιᾶς
647 1705 954 1775 ἀξιούμενοι
993 1705 1326 1775 συγγνώμης
1358 1705 1458 1770 ἔτι,
1495 1705 1588 1758 ἐὰν
1616 1706 1708 1760 τὸν

1813 530 2009 584 bimnr.
2041 533 2192 597 Quod
2215 533 2260 586 si
2285 549 2346 587 ea
2377 549 2494 601 qua:
2524 536 2576 586 in
2600 533 2878 604 Scriptura
2905 535 2970 588 de
2998 534 3206 588 utribus
3237 534 3377 585 dicta

1811 633 1954 687 Sunt,
1985 623 2284 691 collegeris,
2318 623 2642 691 prophetica:
2665 625 2946 677 sententiae
2966 623 3376 692 intelligentiam

1813 714 1982 779 magis
2017 717 2341 779 assequeris.
2376 713 2474 779 Qui
2523 714 2686 782 igitur
2731 715 2795 768 de
2830 715 2914 768 die
2965 714 3017 766 in
3051 715 3188 767 diem
3227 729 3378 767 reno-

1810 813 2026 864 vantur,
2059 811 2113 854 et
2135 802 2316 854 vinum
2349 816 2542 854 novum
2567 819 2593 853 a
2619 816 2746 854 vera
2777 802 2880 853 vite
2909 801 3194 867 accipiunt,
3231 809 3378 854 utres

1811 894 1930 945 novi
1957 908 2076 946 esse
2116 894 2166 945 in
2201 893 2490 960 Evangelia
2527 893 2796 946 dicuntur.
2841 893 2942 959 Qui
2989 907 3120 944 vero
3145 891 3376 944 nondum

1813 994 2046 1036 veterem
2079 984 2361 1038 hominem
2413 993 2700 1046 exuerunt,
2763 995 2890 1038 sunt
2953 991 3167 1037 veteres
3199 991 3371 1045 utres,

1811 1075 2005 1140 quibus
2055 1075 2377 1144 suscipiendi
2417 1075 2525 1128 vini
2585 1076 2708 1128 novi
2741 1075 2967 1128 facultas
3010 1075 3230 1127 concedi
3270 1089 3373 1126 non

1812 1176 2010 1234 potest.
2046 1165 2215 1220 Nemo
2269 1167 2412 1219 enim
2466 1166 2628 1219 mittit
2655 1167 2838 1218 vinum
2891 1181 3084 1218 novum
3131 1165 3182 1218 in
3231 1175 3379 1218 utres

1810 1271 2038 1322 veteres,
2067 1269 2123 1311 ut
2151 1274 2216 1312 ne
2248 1268 2301 1311 et
2333 1259 2514 1312 vinum
2553 1255 2879 1321 eﬂ'undatur,
2927 1265 2982 1311 et
3009 1257 3084 1310 illi
3114 1267 3260 1310 utres
3289 1273 3378 1324 pe-

1810 1347 1956 1400 nitus
2001 1355 2224 1414 pereant
2250 1347 2321 1410 7’,
2375 1347 2574 1401 nullam
2610 1345 2838 1416 amplius
2871 1346 3079 1400 veniam
3119 1360 3378 1398 consecu-

1813 1440 1958 1502 turi,
2028 1439 2072 1492 si
2144 1439 2342 1492 bonum
2411 1453 2472 1492 ac
2526 1453 2722 1492 novum
2785 1437 2966 1490 vinum
3021 1435 3374 1490 inetfundanl.

1809 1530 2016 1583 Novum
2073 1530 2214 1583 enim
2255 1531 2436 1584 vinum
2471 1529 2526 1582 in
2549 1537 2700 1584 utres
2723 1545 2896 1584 novos
2921 1537 3005 1584 est
3034 1527 3375 1582 mittendum.

1813 1620 2005 1673 Vinum
2029 1619 2170 1686 quod
2219 1633 2413 1671 novmn
2448 1633 2510 1670 ac
2547 1617 2822 1686 spirituale
2869 1618 2959 1682 sit,
2989 1618 3238 1686 quodque
3265 1615 3376 1686 Spl-

1815 1706 1916 1758 ritu
1942 1717 2131 1759 saneto
2160 1705 2384 1768 ferveat,
2413 1707 2583 1773 ipsam
2615 1705 2866 1760 videlicet
2899 1707 3147 1760 veritatis
3178 1704 3380 1761 intelli-

117 1794 292 1848 καλὸν
323 1797 415 1850 καὶ
443 1797 627 1850 καινὸν
670 1795 930 1865 ἐκχέωσιν
968 1791 1127 1849 οἶνον.
1184 1793 1336 1849 Οἶνον
1375 1797 1482 1866 γὰρ
1522 1798 1705 1850 καινὸν

1825 1796 2038 1865 gentiam
2067 1812 2340 1864 nunquam
2382 1807 2830 1860 veterascentem,
2867 1797 2918 1849 in
2967 1811 3161 1850 novum
3206 1796 3378 1850 homi-

115 1889 210 1950 εἰς
270 1887 472 1950 ἀσκοὺς
518 1887 735 1950 καινοὺς
783 1885 1026 1957 βλητέον.
1065 1887 1167 1938 Τὸν
1197 1886 1379 1939 καινὸν
1413 1888 1506 1939 καὶ
1542 1904 1706 1940 πνευ-

121 1978 358 2047 ματικὸν
411 1973 571 2042 οἶνον,
627 1979 720 2031 καὶ
782 1976 861 2046 τῷ
925 1977 1201 2048 Πνεύματι
1257 1977 1336 2046 τῷ
1383 1978 1520 2048 ἁγίῳ
1565 1977 1710 2041 ζέον-

117 2087 218 2134 τα,
251 2068 345 2122 τὸν
389 2069 660 2140 μηδέποτε
708 2067 1100 2138 παλαιούμενον
1149 2069 1248 2138 τῆς
1297 2068 1552 2138 ἀληθείας
1585 2070 1708 2124 νοῦν

117 2167 208 2230 είς
275 2166 368 2218 τὸν
426 2165 609 2218 καινὸν
673 2163 960 2236 ἄνθρωπον
1019 2163 1281 2234 βλητέον’
1353 2164 1444 2230 ὃς,
1509 2163 1595 2217 διὰ
1653 2167 1714 2220 τὸ
1787 2170 2017 2222 πάντοτε
2073 2167 2174 2238 τὴν
2233 2167 2498 2238 νέκρωσιν
2557 2165 2650 2220 τοῦ

1814 1903 1934 1942 nem
1965 1889 2176 1941 mittere
2222 1903 2396 1956 operae
2435 1888 2662 1956 pretium
2691 1897 2810 1952 est;
2843 1889 2958 1958 qni,
2986 1887 3128 1956 quod
3169 1900 3382 1955 semper

1813 1981 2282 2034 mortiﬁcationem
2317 1977 2441 2032 Jesn
2469 1981 2518 2031 in
2551 1995 2778 2050 corpore
2808 1980 3120 2035 circumfert
3147 1981 3216 2046 ⁷⁸,
3261 1991 3384 2033 uter

1811 2089 1984 2128 novus
2034 2073 2140 2126 dici
2171 2074 2364 2126 merito
2396 2082 2588 2140 potest.

2731 2166 2904 2238 Ἰησοῦ
2963 2169 3020 2221 ἐν
3074 2163 3151 2237 τῷ
3200 2164 3384 2236 σώμα-

117 2277 178 2312 τι
227 2257 561 2328 περιφέρειν,
625 2257 791 2319 ἀσκὸς
837 2256 902 2309 ἂν
948 2255 1157 2324 λέγοιτο
1209 2251 1348 2308 εἶναι
1407 2257 1590 2320 καινὸς
1634 2259 1879 2324 δικαίως.

197 2349 252 2406 ϐ.
285 2347 597 2416 Φοϐηθήτω
617 2349 723 2402 τὸν
747 2350 966 2416 Κύριον
989 2347 1158 2403 πᾶσα
1187 2350 1223 2416 ὴ
1255 2349 1328 2419 γῆ
1351 2367 1362 2379 ·
1396 2351 1494 2403 ἀπ’
1525 2351 1710 2405 αὐτοῦ

119 2441 196 2494 δὲ
244 2439 716 2506 σαλευθήτωσαν
777 2439 1004 2506 πάντες
1047 2445 1098 2494 οὶ
1125 2441 1542 2508 κατοικοῦντες
1595 2443 1709 2508 τὴν

123 2530 513 2600 οἰκουμένην.
573 2529 790 2602 Ἐπειδὴ
842 2531 1008 2600 φόϐος
1055 2531 1280 2602 Κυρίου·
1321 2533 1464 2604 ἁρχὴ
1529 2533 1715 2604 αἰσθή-

130 2639 275 2686 σεως
305 2623 437 2692 (19),
462 2623 512 2674 οἱ
539 2621 606 2674 τὰ
631 2623 796 2692 γήινα
819 2623 1142 2694 φρονοῦντες
1168 2623 1256 2676 διὰ
1280 2623 1444 2692 φόϐου
1463 2624 1716 2677 παιδευέ-

133 2715 371 2767 σθωσαν.
427 2715 514 2777 Ὠς
583 2713 682 2784 μὲν
732 2713 840 2786 γὰρ
892 2715 1252 2782 είσαγωγικὸς
1302 2718 1381 2778 είς
1434 2716 1715 2769 εὐσέϐειαν

127 2806 446 2876 ἀναγκαίως
479 2806 965 2877 παραλαμϐάνεται
1002 2809 1030 2860 ό
1063 2808 1246 2876 φόϐος,
1280 2808 1466 2878 ἀγάπη
1494 2809 1572 2872 δὲ,
1603 2809 1714 2861 λοι-

129 2900 236 2952 πὸν
269 2897 659 2969 παραλαϐοῦσα
682 2897 808 2960 τοὺς
836 2897 1230 2968 ρυθμισθέντας
1249 2899 1356 2951 ἀπὸ
1377 2898 1471 2951 τοῦ
1495 2901 1716 2969 ἐπιστη-

133 2989 359 3062 μονικοῦ
389 2991 576 3058 φόϐου,
607 2991 818 3043 τελειοῖ.
864 2991 1020 3062 Πάσῃ
1046 2986 1138 3044 οὖν
1178 2993 1243 3060 τῇ
1275 2993 1344 3061 γῇ
1378 2990 1540 3059 φόϐον
1577 3007 1716 3062 παρ-
1744 3035 1788 3094 C

129 3083 392 3154 αγγέλλει
423 3085 451 3135 ό
477 3083 652 3152 λόγος.
689 3085 1168 3149 Σαλευθήτωσαν
1187 3083 1274 3149 δὲ,
1304 3087 1456 3154 φησι,
1485 3085 1586 3139 ἀπ’
1617 3087 1716 3138 αὑ-

130 3177 242 3230 τοῦ
308 3174 534 3240 πάντες
583 3178 634 3228 οἱ
691 3173 1112 3239 κατοικοῦντες
1167 3176 1282 3242 τὴν
1331 3175 1711 3244 οἰκουμένην.

134 3267 314 3320 Οἰονεὶ
345 3268 454 3320 πᾶν
481 3266 703 3336 κίνημα,
743 3265 850 3318 εἴτε
887 3265 1026 3318 κατὰ
1056 3265 1199 3326 νοῦν,
1225 3265 1334 3318 εἴτε
1368 3267 1510 3319 κατὰ
1533 3283 1717 3336 σωμα-

130 3359 296 3427 τικὴν
323 3356 600 3426 ἐνέργειαν
627 3355 872 3408 ὲπιτελού
882 3373 1062 3426 μενον,
1091 3355 1236 3409 κατὰ
1269 3357 1330 3408 τὸ
1355 3357 1600 3428 βούλημα
1623 3358 1719 3410 αὐ-

132 3453 248 3514 τοῖς
272 3447 366 3502 τοῦ
397 3447 530 3501 Θεοῦ
553 3447 899 3518 ὲνεργείσθω.
933 3448 1088 3502 Οὕτω
1116 3448 1224 3520 γὰρ
1263 3449 1369 3503 νοῶ
1389 3450 1468 3516 τὸ,
1497 3453 1719 3502 Σαλεν-

135 3541 418 3606 θήτωσαν
449 3541 548 3594 ἀπ’
577 3539 788 3594 αὐτοῦ.
824 3541 1000 3592 Οἰονεὶ
1029 3541 1162 3610 μήτε
1190 3540 1466 3610 ὀφθαλμὸς
1501 3538 1722 3592 σαλευέ-

139 3634 254 3687 σθω
285 3633 398 3704 (20)
433 3633 558 3686 ἄνευ
589 3631 758 3684 Θεοῦ·
801 3631 876 3702 μὴ
913 3632 1033 3703 χεὶρ
1086 3631 1340 3685 κινείσθω
1379 3633 1504 3686 ἄνευ
1552 3629 1717 3683 Θεοῦ·

140 3725 216 3796 μὴ
256 3725 289 3794 ὴ
342 3722 536 3793 καρδία
580 3721 896 3774 διανοείσθω
939 3721 1008 3774 τά
1046 3723 1119 3793 μὴ
1155 3723 1422 3793 εὐάρεστα
1469 3720 1546 3790 τῷ
1581 3720 1720 3790 Θεῷ.

139 3815 274 3892 Καὶ,
305 3813 442 3876 ὅλως
489 3813 596 3866 ἀπὸ
632 3813 857 3884 μηδενὸς
898 3813 1056 3866 ἄλλου
1106 3813 1540 3883 σαλευθήτωσαν,
1590 3811 1724 3882 μηδὲ

140 3907 342 3968 αὐτούς
369 3924 422 3958 τι
453 3907 692 3970 κινείτω,
729 3907 776 3958 εἱ
811 3905 884 3978 μὴ
917 3908 945 3960 ό
979 3905 1072 3959 τοῦ
1099 3905 1232 3959 Θεοῦ
1259 3904 1444 3972 φόϐος.
1478 3904 1599 3955 ’Ότι
1625 3905 1727 3956 αὐ-

139 3999 244 4062 τὸς
266 3995 418 4062 εἷπε,
456 3997 554 4050 καὶ
577 3996 954 4066 ἐγενήθησαν
975 4014 988 4026 ·
1023 3997 1204 4062 αὐτὸς
1231 3995 1590 4056 ἐνετείλατο,
1625 3992 1728 4046 καὶ

139 4090 533 4156 ἐκτίσθησαν.
574 4089 720 4159 Πρὸς
755 4088 847 4142 δύο
873 4088 941 4140 τὰ
967 4089 1276 4160 προάγοντα
1314 4087 1406 4139 δύο
1436 4085 1684 4155 ἐπήγαγε
1708 4101 1722 4113 ·

142 4183 458 4248 Φοϐηθήτω
484 4182 653 4235 πᾶσα
673 4183 712 4249 ἠ
743 4181 842 4250 γῆ,
865 4183 976 4242 καὶ.
1001 4179 1480 4244 Σαλευθήτωσαν
1503 4177 1728 4242 πάντες

142 4277 198 4328 οι
241 4273 658 4338 κατοικοῦντες
700 4271 814 4337 τὴν
844 4271 1222 4340 οἰκουμένην,
1254 4272 1335 4334 τὸ,
1361 4269 1552 4335 Αὐτὸς
1577 4265 1728 4332 εἷπε,

1879 2356 1933 2410 6.
1965 2353 2134 2408 Vsus.
2167 2357 2220 2409 8.
2253 2354 2454 2408 Timeat
2501 2353 2780 2408 Dominum
2816 2353 2984 2406 omnis
3016 2361 3156 2405 terra
3181 2368 3200 2406 :
3233 2351 3297 2404 ab
3325 2367 3384 2405 eo

1810 2455 1984 2498 autem
2042 2456 2468 2498 commoveantur
2526 2459 2702 2497 omnes
2766 2443 3120 2497 inhabitantes
3183 2444 3382 2495 orbem.

1814 2534 2260 2604 Quandoquidem
2293 2535 2453 2587 timor
2493 2533 2697 2586 Domini
2735 2533 2946 2586 initium
2991 2543 3074 2586 est
3105 2547 3297 2586 sensus
3317 2531 3384 2592 ⁷⁵,

1814 2636 2024 2678 terrena
2071 2626 2163 2693 qui
2205 2627 2440 2693 sapiunt,
2485 2640 2580 2690 per
2627 2624 2874 2678 timorem
2925 2624 3264 2676 erudiuntur.
3299 2621 3389 2676 Ti-

1813 2731 1931 2770 mor
1961 2716 2104 2768 enim
2149 2715 2294 2768 velut
2325 2716 2390 2768 ad
2429 2715 2682 2784 pietatem
2733 2715 3100 2779 introducens,
3143 2729 3392 2768 necessa-

1821 2808 1902 2860 rio
1931 2807 2218 2860 adhibetur
2253 2826 2266 2860 :
2311 2807 2552 2862 Charitas
2599 2822 2727 2860 vero
2774 2807 3032 2873 deinceps
3075 2805 3389 2871 succedens,

1821 2913 1914 2953 eos
1936 2913 2068 2966 quos
2099 2899 2258 2952 timor
2301 2899 2368 2950 ad
2420 2898 2774 2952 erudiendum
2820 2898 3046 2952 idoneus
3089 2898 3392 2950 concinna-

1820 2990 1917 3056 vit,
1951 2989 2178 3058 perlicit.
2225 2989 2412 3057 Itaque
2455 2999 2612 3042 terra:
2637 2988 2783 3041 omni
2831 2992 2992 3040 verba
3027 2989 3212 3041 isthaac
3245 2988 3394 3040 tima-

1821 3095 1934 3134 rem
1967 3081 2290 3148 praecipiunt
2323 3077 2800 3133 :Commoreantur
2849 3091 3044 3143 autent,
3090 3079 3282 3146 inquit,
3327 3095 3392 3131 α)

1821 3188 1879 3224 eo
1907 3187 2084 3225 omnes
2137 3172 2488 3224 inhabitantes
2516 3171 2712 3224 orbem.
2757 3170 3021 3223 Nimirum
3073 3179 3247 3223 motus
3279 3183 3396 3223 0m-

1825 3261 1930 3322 nis,
1963 3261 2185 3327 tumqui
2219 3275 2282 3312 ex
2317 3271 2518 3323 mente,
2548 3270 2656 3313 tum
2688 3261 2778 3328 qui
2801 3275 2867 3314 ex
2891 3259 3156 3326 corporali
3181 3260 3396 3313 actione

1823 3351 2019 3415 Oritur,
2061 3350 2357 3404 secundum
2394 3349 2486 3403 Dei
2520 3352 2850 3404 voluntatem
2877 3351 2943 3404 ab
2980 3351 3110 3419 ipsis
3145 3351 3396 3418 perﬁcia-

1828 3452 1935 3495 tur.
1966 3442 2058 3496 Sie
2089 3443 2234 3495 enim
2274 3442 2516 3512 intelligo
2575 3442 2724 3505 illud,
2755 3440 3189 3496 Commoveantur
3222 3444 3286 3494 ab
3315 3457 3394 3496 eo.

1827 3535 2072 3602 Exempli
2103 3535 2298 3602 gratia,
2345 3549 2520 3602 neque
2548 3535 2736 3587 oculos
2779 3544 3058 3587 moveatur
3101 3535 3218 3587 sine
3259 3533 3390 3598 Deo,

1830 3641 2004 3695 neque
2041 3641 2230 3680 nianus
2275 3628 2510 3693 agitetur
2563 3627 2679 3678 sine
2739 3625 2868 3691 Deo,
2931 3641 3030 3679 nec
3058 3641 3151 3679 cor
3201 3627 3402 3693 COgitet

1831 3734 1952 3786 qua:
1990 3718 2102 3772 Deo
2165 3733 2270 3772 non
2304 3718 2536 3784 placent.
2587 3716 2650 3769 Et
2684 3717 2735 3770 in
2783 3733 3016 3781 summa,
3053 3735 3082 3770 a
3116 3717 3262 3770 nullo
3288 3717 3396 3768 alio

1833 3819 2156 3862 moveantur
2201 3825 2214 3861 :
2253 3823 2428 3876 neque
2476 3807 2620 3875 ipsos
2670 3809 2963 3876 quidquam
3023 3819 3254 3872 moveat,
3296 3809 3398 3862 nisi

1833 3899 1928 3954 Dei
1971 3901 2150 3954 timor.
2209 3899 2371 3954 Vens.
2410 3899 2462 3952 9.
2524 3899 2790 3962 Quoniam
2825 3901 2934 3966 ipse
2971 3901 3126 3960 dixit.
3165 3911 3212 3954 et
3258 3899 3401 3968 facta

1832 4002 1988 4057 sunt;
2017 3992 2126 4058 ipse
2151 3993 2440 4054 mandauit,
2475 4003 2525 4044 et
2573 3999 2750 4042 creata
2782 4003 2920 4044 sunt.
2956 3991 3170 4046 Duobus
3201 4005 3404 4058 praece-

1834 4083 2092 4137 dentibus
2117 4083 2222 4134 duo
2252 4082 2492 4136 subdidit
2531 4097 2545 4134 :
2579 4081 2830 4148 primum,
2871 4079 3072 4133 Timent
3099 4081 3266 4134 omnis
3301 4091 3406 4134 ter-

1837 4192 1918 4236 ra,
1956 4185 2040 4237 et;
2069 4173 2503 4226 Cammoueantur
2561 4188 2736 4224 omnes
2779 4171 3134 4225 inhabitantes
3177 4176 3350 4224 orbem
3386 4183 3405 4222 :

1837 4265 1957 4332 Ipse.
1996 4265 2152 4330 dixit,
2208 4275 2254 4316 et
2291 4265 2436 4330 facta
2471 4273 2592 4317 sunt
2634 4276 2652 4312 :
2682 4263 2896 4327 deinde,
2951 4262 3074 4332 Ipsa
3117 4264 3404 4332 mandarit,

143 4363 248 4418 καὶ
274 4361 670 4432 ἐγενήθησαν,
711 4362 901 4428 Αὐτὸς
933 4364 1293 4424 ἐνετείλατο,
1325 4361 1424 4414 καὶ
1451 4361 1721 4426 ἐκτίσθη-

1839 4363 1886 4406 et
1923 4363 2096 4407 creata
2144 4363 2288 4406 sunt.
2337 4352 2560 4418 Quando
2623 4362 2952 4418 composuus
3002 4352 3161 4402 homo
3213 4360 3298 4403 est
3334 4365 3402 4404 ex

143 4471 286 4510 σαν.
325 4455 542 4525 Ἐπειδὴ
585 4453 833 4516 σύνθετος
867 4455 895 4506 ό
924 4452 1208 4523 ἅνθρωπος
1241 4452 1304 4504 ἐκ
1331 4469 1388 4504 τε
1413 4450 1505 4503 τοῦ
1533 4450 1724 4520 γηίνου

145 4546 462 4615 πλάσματος
488 4545 582 4598 καὶ
605 4546 668 4596 ἐκ
696 4545 795 4614 τῆς
827 4543 1140 4614 ὲνοικούσης
1178 4541 1356 4611 ψυχῆς
1382 4539 1457 4610 τῷ
1489 4539 1726 4609 σώματι,

142 4637 216 4706 γῆ
246 4635 342 4704 μὲν
369 4634 583 4702 λέγεται
609 4634 670 4686 τὸ
694 4635 756 4686 ὲκ
777 4632 876 4702 τῆς
902 4632 1006 4700 γῆς
1031 4629 1432 4700 πεπλασμένον,
1461 4627 1732 4680 κατοικῶν

141 4727 200 4778 δὲ
227 4726 324 4793 τὴν
345 4725 691 4796 οἰκουμένην,
723 4726 756 4794 ἡ
783 4723 879 4793 τὴν
908 4725 967 4775 ὲν
1001 4721 1216 4791 σώματι
1239 4718 1512 4789 διαγωγὴν
1539 4715 1735 4788 λαχοῦ-

145 4833 216 4868 σα
237 4816 404 4886 ψυχή.
439 4815 801 4884 Καταλλήλως
833 4810 923 4867 οὖν
961 4817 1028 4884 τῇ
1053 4815 1122 4883 γῇ
1155 4812 1472 4866 ἀποδέδοται
1500 4809 1581 4872 τὸ,
1610 4811 1729 4863 Αὑ-

144 4909 251 4972 τὸς
286 4902 435 4971 εἷπε,
467 4906 566 4960 καὶ
603 4905 980 4974 ἐγενήθησαν
1005 4905 1149 4974 (21)·
1189 4903 1282 4956 ἐπὶ
1321 4901 1419 4972 μὲν
1467 4899 1561 4952 τοῦ
1591 4897 1726 4951 πλά-

219 5023 268 5054 ⁷³
301 5023 489 5078 Matth.
517 5040 594 5086 Ix,
625 5024 711 5078 Π.
785 5023 833 5055 ⁷⁸
861 5023 900 5077 ll
929 5023 1054 5076 Cor.
1087 5039 1162 5085 ιν,
1191 5021 1278 5075 10.

219 5181 332 5249 (I7)
365 5179 512 5249 Regii
553 5181 740 5234 tertius
764 5187 818 5234 et
837 5189 1022 5232 Sextus
1049 5177 1431 5249 προϐλήματος
1461 5175 1552 5229 τοῦ
1590 5191 1724 5246 προ-

147 5249 403 5321 φητικοῦ.
438 5249 566 5320 Reg.
607 5250 874 5304 Secundus
917 5253 1236 5321 scripturam
1290 5261 1574 5321 utrumque
1627 5261 1724 5300 ex-

151 5317 301 5376 hibet
333 5335 345 5370 :
382 5317 541 5372 unam
570 5321 620 5371 in
653 5328 924 5380 cnntextn,
953 5319 1174 5371 alteram
1209 5319 1260 5370 in
1293 5317 1552 5385 margine.

225 5391 334 5458 (l8)
371 5389 502 5452 lteg.
536 5397 760 5456 quartus
791 5388 1012 5458 ἐκχεθῇ.

224 5453 337 5528 (19)
375 5453 585 5510 Editnm
617 5453 918 5528 invenimus
947 5453 997 5510 iii
1045 5457 1213 5528 veteri
1257 5453 1722 5528 interpretatione.

153 5521 336 5582 Timor
359 5528 568 5580 Domini
593 5527 804 5579 initium
834 5537 908 5580 est
939 5527 1232 5594 sapientim,
1272 5524 1430 5577 male.
1469 5521 1595 5588 Ejus
1627 5523 1729 5575 loci

152 5615 280 5667 pars
332 5600 502 5651 inedia
555 5609 766 5661 sumpta
808 5609 892 5650 est
937 5593 1007 5650 ex,
1049 5599 1257 5664 pSalino
1303 5609 1391 5656 cx,
1428 5593 1515 5655 l0,
1562 5594 1728 5645 altera

155 5685 283 5721 vero
311 5683 375 5720 ex
405 5667 562 5720 Prov.
591 5683 629 5728 I,
656 5667 708 5718 7.

222 5737 338 5808 (ῗο)
362 5737 512 5794 Colb.
541 5747 766 5808 quartus
791 5733 1069 5805 ὀφθαλμὸς
1093 5731 1422 5804 σαλευθήτω.
1456 5731 1572 5786 Mox
1599 5729 1729 5800 Reg.

1354 5019 1400 5050 ⁷
1437 5017 1598 5070 Prov.
1635 5031 1670 5081 ι,
1701 5017 1753 5070 7.

1838 4456 2052 4500 terreno
2106 4445 2378 4514 ﬁgmento,
2445 4452 2502 4496 et
2553 4457 2618 4494 ex
2682 4441 3016 4494 inhabitante
3077 4439 3130 4493 in
3180 4453 3408 4506 corpore

1839 4537 2018 4590 anima
2063 4555 2076 4588 :
2109 4538 2160 4589 id
2187 4535 2326 4604 quod
2359 4550 2388 4586 e
2425 4543 2572 4588 terra
2615 4531 2908 4585 formatum
2957 4543 3060 4596 est,
3095 4543 3235 4584 terra
3269 4532 3404 4585 dici-

1841 4637 1927 4679 tnr
1958 4645 1970 4680 :
2023 4627 2206 4679 anima
2244 4639 2375 4680 vero
2403 4623 2792 4678 habitationem
2841 4624 2892 4675 in
2943 4637 3168 4691 corpore
3195 4626 3408 4686 sortita,

1839 4719 2022 4770 orbem
2043 4717 2356 4769 inhabitans
2379 4727 2620 4768 vocatur.
2645 4712 2833 4781 Itaque
2863 4713 3024 4784 138
3053 4723 3411 4780 congruenter

1835 4817 1993 4860 terra;
2022 4807 2513 4872 convenienterque
2545 4805 2749 4858 editum
2785 4816 2869 4858 est
2922 4823 2934 4856 :
2973 4805 3095 4872 Ipse
3141 4805 3299 4868 dixit,
3361 4813 3410 4856 et

1835 4899 1976 4954 facta
1997 4908 2115 4952 sunt
2134 4913 2154 4963 ;
2177 4913 2299 4951 cum
2317 4897 2406 4951 illa
2439 4897 2620 4964 verba,
2649 4895 2818 4949 Facta
2850 4909 2993 4960 sunt,
3017 4899 3082 4949 de
3104 4905 3287 4949 nostro
3325 4894 3414 4964 lig—

1834 5173 2022 5226 tertius
2040 5170 2346 5224 διανοείτω.

1903 5243 2016 5312 (21)
2051 5242 2228 5294 Editio
2265 5241 2438 5312 Paris.
2488 5245 2542 5291 et
2569 5232 2981 5312 nonnullinniss.
3032 5229 3142 5312 καὶ
3159 5229 3416 5312 ἐγενήθη-

1832 5299 1952 5365 σαν.
2001 5299 2177 5373 Ἀὺτὸς
2206 5309 2531 5366 ἐνετείλατο,
2581 5305 2674 5358 καὶ
2717 5299 3064 5373 ἐκτίσθησαν.
3111 5301 3213 5373 Sed
3248 5299 3412 5373 totum

1832 5383 1982 5442 illud,
2038 5369 2210 5442 Αὑτδς
2269 5377 2576 5432 ἐνετείλατο
2608 5374 2702 5427 καὶ
2735 5369 3081 5442 ἐκτίσθησαν,
3141 5370 3290 5422 deest
3351 5369 3410 5442 in

1833 5438 2067 5518 quatuor
2100 5438 2231 5502 Inss.
2267 5459 2323 5501 et
2352 5449 2405 5500 in
2436 5446 2671 5518 editione
2701 5442 2862 5496 Basil.
2894 5438 3060 5518 get-te
3099 5455 3220 5518 ctuti
3253 5440 3414 5518 verba

1836 5509 1922 5575 illa
1988 5521 2150 5586 paulo
2197 5529 2325 5570 ante
2365 5513 2758 5586 proliita_siiit,
2801 5510 2983 5586 statin:
3015 5509 3204 5586 eadem
3241 5509 3407 5571 repeti

1838 5577 2026 5644 inutile
2060 5591 2280 5642 omnino
2325 5577 2448 5640 esse
2491 5583 2842 5637 arbitramur.
2877 5577 3080 5634 Vocula
3139 5577 3261 5648 μέν,
3295 5594 3414 5646 quae

1838 5676 1960 5716 mox
1999 5660 2270 5729 sequitur,
2303 5659 2454 5713 abest
2480 5670 2510 5708 a
2543 5667 2671 5708 mss.
