  <div class='ocr_page' id='page_1' title='image "/cluster/home/n/w/nwhite01/storage/ocr_20150623/29/nnc1.0046978755/626.png"; bbox 0 0 3818 6220; ppageno 0'>
   <div class='ocr_carea' id='block_1_1' title="bbox 93 326 194 392">
    <p class='ocr_par' dir='ltr' id='par_1_1' title="bbox 93 326 194 392">
     <span class='ocr_line' id='line_1_1' title="bbox 93 326 194 392; baseline 0 -9"><span class='ocrx_word' id='word_1_1' title='bbox 93 326 194 392; x_wconf 76' lang='grc'><strong>341</strong></span> 
     </span>
    </p>
   </div>
   <div class='ocr_carea' id='block_1_2' title="bbox 1284 344 2291 415">
    <p class='ocr_par' dir='ltr' id='par_1_2' title="bbox 1284 344 2291 415">
     <span class='ocr_line' id='line_1_2' title="bbox 1284 344 2291 415; baseline 0.015 -14"><span class='ocrx_word' id='word_1_2' title='bbox 1284 344 1565 406; x_wconf 84' lang='lat' dir='ltr'><strong>HOMILIA</strong></span> <span class='ocrx_word' id='word_1_3' title='bbox 1606 352 1673 407; x_wconf 88' lang='lat' dir='ltr'><strong>IN</strong></span> <span class='ocrx_word' id='word_1_4' title='bbox 1708 353 2036 413; x_wconf 83' lang='lat' dir='ltr'><strong>PSALMUM</strong></span> <span class='ocrx_word' id='word_1_5' title='bbox 2076 359 2291 415; x_wconf 77' lang='lat' dir='ltr'><strong>XXXII.</strong></span> 
     </span>
    </p>
   </div>
   <div class='ocr_carea' id='block_1_3' title="bbox 3218 366 3387 424">
    <p class='ocr_par' dir='ltr' id='par_1_3' title="bbox 3218 366 3387 424">
     <span class='ocr_line' id='line_1_3' title="bbox 3218 366 3387 424; baseline -0.012 0"><span class='ocrx_word' id='word_1_6' title='bbox 3218 366 3226 377; x_wconf 88' lang='grc'><strong>”</strong></span> <span class='ocrx_word' id='word_1_7' title='bbox 3281 368 3387 424; x_wconf 72' lang='grc'><strong>542</strong></span> 
     </span>
    </p>
   </div>
   <div class='ocr_carea' id='block_1_4' title="bbox 162 451 1682 542">
    <p class='ocr_par' dir='ltr' id='par_1_4' title="bbox 162 451 1669 539">
     <span class='ocr_line' id='line_1_4' title="bbox 162 451 1669 539; baseline 0.015 -36"><span class='ocrx_word' id='word_1_8' title='bbox 162 452 216 504; x_wconf 85' lang='grc'><strong>7.</strong></span> <span class='ocrx_word' id='word_1_9' title='bbox 248 452 323 511; x_wconf 83' lang='grc' dir='ltr'><em>Ἦ</em></span> <span class='ocrx_word' id='word_1_10' title='bbox 345 451 419 506; x_wconf 84' lang='grc' dir='ltr'>δὲ</span> <span class='ocrx_word' id='word_1_11' title='bbox 436 453 650 523; x_wconf 75' lang='grc' dir='ltr'>,βουλὴ</span> <span class='ocrx_word' id='word_1_12' title='bbox 681 456 788 512; x_wconf 79' lang='grc' dir='ltr'>τοῦ</span> <span class='ocrx_word' id='word_1_13' title='bbox 809 460 1028 528; x_wconf 81' lang='grc' dir='ltr'><strong>Κυρίου</strong></span> <span class='ocrx_word' id='word_1_14' title='bbox 1049 463 1132 528; x_wconf 83' lang='grc' dir='ltr'>εις</span> <span class='ocrx_word' id='word_1_15' title='bbox 1157 464 1265 518; x_wconf 74' lang='grc' dir='ltr'>τὸν</span> <span class='ocrx_word' id='word_1_16' title='bbox 1297 466 1484 522; x_wconf 74' lang='grc' dir='ltr'>αἰῶνα</span> <span class='ocrx_word' id='word_1_17' title='bbox 1500 470 1669 539; x_wconf 69' lang='grc' dir='ltr'>μένει</span> 
     </span>
    </p>
   </div>
   <div class='ocr_carea' id='block_1_5' title="bbox 1793 451 3387 542">
    <p class='ocr_par' dir='ltr' id='par_1_5' title="bbox 1876 477 3387 542">
     <span class='ocr_line' id='line_1_5' title="bbox 1876 477 3387 542; baseline 0.009 -13"><span class='ocrx_word' id='word_1_18' title='bbox 1876 477 1928 532; x_wconf 85' lang='lat'><strong>7.</strong></span> <span class='ocrx_word' id='word_1_19' title='bbox 1969 477 2130 533; x_wconf 72' lang='lat' dir='ltr'><strong>Vens.</strong></span> <span class='ocrx_word' id='word_1_20' title='bbox 2168 480 2251 533; x_wconf 80' lang='grc'><strong>11.</strong></span> <span class='ocrx_word' id='word_1_21' title='bbox 2295 477 2585 535; x_wconf 83' lang='lat' dir='ltr'><strong>Consilium</strong></span> <span class='ocrx_word' id='word_1_22' title='bbox 2618 490 2791 535; x_wconf 82' lang='lat' dir='ltr'><strong>autem</strong></span> <span class='ocrx_word' id='word_1_23' title='bbox 2819 482 3030 537; x_wconf 78' lang='lat' dir='ltr'><strong>Domini</strong></span> <span class='ocrx_word' id='word_1_24' title='bbox 3057 485 3110 537; x_wconf 91' lang='lat' dir='ltr'><strong>in</strong></span> <span class='ocrx_word' id='word_1_25' title='bbox 3134 495 3387 542; x_wconf 73' lang='lat' dir='ltr'><strong>(etei-num</strong></span> 
     </span>
    </p>
   </div>
   <div class='ocr_carea' id='block_1_6' title="bbox 91 545 1700 633">
    <p class='ocr_par' dir='ltr' id='par_1_6' title="bbox 91 545 1700 633">
     <span class='ocr_line' id='line_1_6' title="bbox 91 545 1700 633; baseline 0.017 -41"><span class='ocrx_word' id='word_1_26' title='bbox 91 545 377 613; x_wconf 72' lang='grc' dir='ltr'>λογισμοί</span> <span class='ocrx_word' id='word_1_27' title='bbox 418 545 540 615; x_wconf 80' lang='grc' dir='ltr'>τῆς</span> <span class='ocrx_word' id='word_1_28' title='bbox 582 549 830 618; x_wconf 78' lang='grc' dir='ltr'><strong>καρδίας</strong></span> <span class='ocrx_word' id='word_1_29' title='bbox 868 554 1057 608; x_wconf 84' lang='grc' dir='ltr'>αὐτοῦ</span> <span class='ocrx_word' id='word_1_30' title='bbox 1094 559 1183 622; x_wconf 84' lang='grc' dir='ltr'><strong>εἰς</strong></span> <span class='ocrx_word' id='word_1_31' title='bbox 1203 561 1420 627; x_wconf 75' lang='grc' dir='ltr'>γενεὰν</span> <span class='ocrx_word' id='word_1_32' title='bbox 1466 564 1569 617; x_wconf 81' lang='grc' dir='ltr'>καὶ</span> <span class='ocrx_word' id='word_1_33' title='bbox 1606 582 1700 633; x_wconf 80' lang='grc' dir='ltr'>γε-</span> 
     </span>
    </p>
   </div>
   <div class='ocr_carea' id='block_1_7' title="bbox 90 633 1699 722">
    <p class='ocr_par' dir='ltr' id='par_1_7' title="bbox 90 633 1699 722">
     <span class='ocr_line' id='line_1_7' title="bbox 90 633 1699 722; baseline 0.011 -33"><span class='ocrx_word' id='word_1_34' title='bbox 90 633 258 689; x_wconf 78' lang='grc' dir='ltr'>νεάν.</span> <span class='ocrx_word' id='word_1_35' title='bbox 287 636 407 708; x_wconf 86' lang='grc' dir='ltr'><strong>Οὐχ</strong></span> <span class='ocrx_word' id='word_1_36' title='bbox 426 639 567 709; x_wconf 80' lang='grc' dir='ltr'>ὁρᾷς</span> <span class='ocrx_word' id='word_1_37' title='bbox 594 639 665 693; x_wconf 85' lang='grc' dir='ltr'>τὰ</span> <span class='ocrx_word' id='word_1_38' title='bbox 690 640 799 695; x_wconf 88' lang='grc' dir='ltr'><strong>τῶν</strong></span> <span class='ocrx_word' id='word_1_39' title='bbox 825 642 995 697; x_wconf 82' lang='grc' dir='ltr'>ἐθνῶν</span> <span class='ocrx_word' id='word_1_40' title='bbox 1026 645 1293 717; x_wconf 79' lang='grc' dir='ltr'><strong>δόγματα,</strong></span> <span class='ocrx_word' id='word_1_41' title='bbox 1326 650 1426 721; x_wconf 85' lang='grc' dir='ltr'>τὴν</span> <span class='ocrx_word' id='word_1_42' title='bbox 1463 654 1699 722; x_wconf 85' lang='grc' dir='ltr'><strong>ματαίαν</strong></span> 
     </span>
    </p>
   </div>
   <div class='ocr_carea' id='block_1_8' title="bbox 89 727 1699 817">
    <p class='ocr_par' dir='ltr' id='par_1_8' title="bbox 89 727 1699 817">
     <span class='ocr_line' id='line_1_8' title="bbox 89 727 1699 817; baseline 0.012 -38"><span class='ocrx_word' id='word_1_43' title='bbox 89 727 295 799; x_wconf 80' lang='grc' dir='ltr'>ταύτην</span> <span class='ocrx_word' id='word_1_44' title='bbox 344 730 699 801; x_wconf 76' lang='grc' dir='ltr'><strong>φιλοσοφίαν,</strong></span> <span class='ocrx_word' id='word_1_45' title='bbox 736 736 883 799; x_wconf 84' lang='grc' dir='ltr'>ὅπως</span> <span class='ocrx_word' id='word_1_46' title='bbox 925 735 1113 791; x_wconf 77' lang='grc' dir='ltr'>λεπτοὶ</span> <span class='ocrx_word' id='word_1_47' title='bbox 1155 741 1251 795; x_wconf 76' lang='grc' dir='ltr'>καὶ</span> <span class='ocrx_word' id='word_1_48' title='bbox 1284 744 1530 814; x_wconf 78' lang='grc' dir='ltr'>περιττοὶ</span> <span class='ocrx_word' id='word_1_49' title='bbox 1570 746 1699 817; x_wconf 74' lang='grc' dir='ltr'>περὶ</span> 
     </span>
    </p>
   </div>
   <div class='ocr_carea' id='block_1_9' title="bbox 91 820 1699 903">
    <p class='ocr_par' dir='ltr' id='par_1_9' title="bbox 91 820 1699 903">
     <span class='ocr_line' id='line_1_9' title="bbox 91 820 1699 903; baseline 0.012 -31"><span class='ocrx_word' id='word_1_50' title='bbox 91 820 189 882; x_wconf 82' lang='grc' dir='ltr'>τὰς</span> <span class='ocrx_word' id='word_1_51' title='bbox 210 821 479 893; x_wconf 84' lang='grc' dir='ltr'><strong>εὑρήσεις</strong></span> <span class='ocrx_word' id='word_1_52' title='bbox 509 825 617 878; x_wconf 87' lang='grc' dir='ltr'><strong>τῶν</strong></span> <span class='ocrx_word' id='word_1_53' title='bbox 640 825 924 899; x_wconf 82' lang='grc' dir='ltr'><strong>δογμάτων</strong></span> <span class='ocrx_word' id='word_1_54' title='bbox 954 831 1091 885; x_wconf 81' lang='grc' dir='ltr'>εἰσὶν</span> <span class='ocrx_word' id='word_1_55' title='bbox 1119 832 1175 885; x_wconf 80' lang='grc' dir='ltr'><strong>ἐν</strong></span> <span class='ocrx_word' id='word_1_56' title='bbox 1200 851 1259 886; x_wconf 91' lang='grc' dir='ltr'><strong>τε</strong></span> <span class='ocrx_word' id='word_1_57' title='bbox 1300 835 1538 903; x_wconf 84' lang='grc' dir='ltr'><strong>λογικοῖς</strong></span> <span class='ocrx_word' id='word_1_58' title='bbox 1567 837 1699 891; x_wconf 86' lang='grc' dir='ltr'>θεω-</span> 
     </span>
    </p>
   </div>
   <div class='ocr_carea' id='block_1_10' title="bbox 96 914 1697 996">
    <p class='ocr_par' dir='ltr' id='par_1_10' title="bbox 96 914 1697 996">
     <span class='ocr_line' id='line_1_10' title="bbox 96 914 1697 996; baseline 0.012 -32"><span class='ocrx_word' id='word_1_59' title='bbox 96 914 301 983; x_wconf 83' lang='grc' dir='ltr'>ρήμασι</span> <span class='ocrx_word' id='word_1_60' title='bbox 334 916 433 969; x_wconf 74' lang='grc' dir='ltr'>καὶ</span> <span class='ocrx_word' id='word_1_61' title='bbox 470 917 693 986; x_wconf 74' lang='grc' dir='ltr'>ἠθικαῖς</span> <span class='ocrx_word' id='word_1_62' title='bbox 721 921 1016 987; x_wconf 83' lang='grc' dir='ltr'>διατάξεσι,</span> <span class='ocrx_word' id='word_1_63' title='bbox 1055 925 1149 979; x_wconf 79' lang='grc' dir='ltr'><strong>καὶ</strong></span> <span class='ocrx_word' id='word_1_64' title='bbox 1185 927 1554 996; x_wconf 84' lang='grc' dir='ltr'>φυσιολογίαις</span> <span class='ocrx_word' id='word_1_65' title='bbox 1584 932 1697 984; x_wconf 75' lang='grc' dir='ltr'>τισὶ</span> 
     </span>
    </p>
   </div>
   <div class='ocr_carea' id='block_1_11' title="bbox 95 1004 1693 1090">
    <p class='ocr_par' dir='ltr' id='par_1_11' title="bbox 95 1004 1693 1090">
     <span class='ocr_line' id='line_1_11' title="bbox 95 1004 1693 1090; baseline 0.012 -34"><span class='ocrx_word' id='word_1_66' title='bbox 95 1004 186 1063; x_wconf 78' lang='grc' dir='ltr'><strong>καὶ</strong></span> <span class='ocrx_word' id='word_1_67' title='bbox 208 1005 488 1078; x_wconf 80' lang='grc' dir='ltr'><strong>δόγμασιν</strong></span> <span class='ocrx_word' id='word_1_68' title='bbox 513 1009 695 1075; x_wconf 83' lang='grc' dir='ltr'>ἄλλοις</span> <span class='ocrx_word' id='word_1_69' title='bbox 724 1015 836 1077; x_wconf 89' lang='grc' dir='ltr'>τοῖς</span> <span class='ocrx_word' id='word_1_70' title='bbox 857 1016 1171 1079; x_wconf 82' lang='grc' dir='ltr'>ἐποπτικοῖς</span> <span class='ocrx_word' id='word_1_71' title='bbox 1202 1018 1315 1085; x_wconf 87' lang='grc'><strong>(26)</strong></span> <span class='ocrx_word' id='word_1_72' title='bbox 1344 1018 1657 1090; x_wconf 84' lang='grc' dir='ltr'><strong>λεγομένοις</strong></span> <span class='ocrx_word' id='word_1_73' title='bbox 1679 1039 1693 1089; x_wconf 90' lang='grc'><strong>;</strong></span> 
     </span>
    </p>
   </div>
   <div class='ocr_carea' id='block_1_12' title="bbox 95 1097 1696 1183">
    <p class='ocr_par' dir='ltr' id='par_1_12' title="bbox 95 1097 1696 1183">
     <span class='ocr_line' id='line_1_12' title="bbox 95 1097 1696 1183; baseline 0.011 -34"><span class='ocrx_word' id='word_1_74' title='bbox 95 1097 211 1161; x_wconf 87' lang='grc' dir='ltr'><strong>πῶς</strong></span> <span class='ocrx_word' id='word_1_75' title='bbox 247 1098 634 1157; x_wconf 79' lang='grc' dir='ltr'>διεσκέδασται</span> <span class='ocrx_word' id='word_1_76' title='bbox 658 1103 857 1169; x_wconf 87' lang='grc' dir='ltr'>πάντα,</span> <span class='ocrx_word' id='word_1_77' title='bbox 882 1106 976 1159; x_wconf 72' lang='grc' dir='ltr'><strong>καὶ</strong></span> <span class='ocrx_word' id='word_1_78' title='bbox 995 1107 1311 1177; x_wconf 80' lang='grc' dir='ltr'>ἠχρείωται,</span> <span class='ocrx_word' id='word_1_79' title='bbox 1346 1110 1481 1181; x_wconf 89' lang='grc' dir='ltr'>μόνη</span> <span class='ocrx_word' id='word_1_80' title='bbox 1513 1112 1569 1164; x_wconf 80' lang='grc' dir='ltr'><strong>δὲ</strong></span> <span class='ocrx_word' id='word_1_81' title='bbox 1598 1115 1696 1183; x_wconf 88' lang='grc' dir='ltr'>ἐμ-</span> 
     </span>
    </p>
   </div>
   <div class='ocr_carea' id='block_1_13' title="bbox 95 1190 1694 1272">
    <p class='ocr_par' dir='ltr' id='par_1_13' title="bbox 95 1190 1694 1272">
     <span class='ocr_line' id='line_1_13' title="bbox 95 1190 1694 1272; baseline 0.009 -29"><span class='ocrx_word' id='word_1_82' title='bbox 95 1190 443 1245; x_wconf 84' lang='grc' dir='ltr'>πολιτεύεται</span> <span class='ocrx_word' id='word_1_83' title='bbox 484 1192 583 1248; x_wconf 82' lang='grc' dir='ltr'>νῦν</span> <span class='ocrx_word' id='word_1_84' title='bbox 637 1195 714 1267; x_wconf 82' lang='grc' dir='ltr'>τῷ</span> <span class='ocrx_word' id='word_1_85' title='bbox 742 1197 933 1269; x_wconf 84' lang='grc' dir='ltr'>κόσμῳ</span> <span class='ocrx_word' id='word_1_86' title='bbox 973 1201 1005 1270; x_wconf 84' lang='grc' dir='ltr'>ἡ</span> <span class='ocrx_word' id='word_1_87' title='bbox 1058 1199 1283 1271; x_wconf 74' lang='grc' dir='ltr'>ἀλήθεια</span> <span class='ocrx_word' id='word_1_88' title='bbox 1321 1203 1414 1256; x_wconf 83' lang='grc' dir='ltr'>τοῦ</span> <span class='ocrx_word' id='word_1_89' title='bbox 1450 1204 1694 1272; x_wconf 82' lang='grc' dir='ltr'>Εὐαγγέ-</span> 
     </span>
    </p>
   </div>
   <div class='ocr_carea' id='block_1_14' title="bbox 96 1282 1689 1365">
    <p class='ocr_par' dir='ltr' id='par_1_14' title="bbox 96 1282 1689 1365">
     <span class='ocr_line' id='line_1_14' title="bbox 96 1282 1689 1365; baseline 0.009 -30"><span class='ocrx_word' id='word_1_90' title='bbox 96 1282 246 1349; x_wconf 90' lang='grc' dir='ltr'>λίου;</span> <span class='ocrx_word' id='word_1_91' title='bbox 296 1286 509 1341; x_wconf 75' lang='grc' dir='ltr'>Πολλαὶ</span> <span class='ocrx_word' id='word_1_92' title='bbox 543 1287 652 1356; x_wconf 81' lang='grc' dir='ltr'>γὰρ</span> <span class='ocrx_word' id='word_1_93' title='bbox 691 1291 745 1342; x_wconf 82' lang='lat' dir='ltr'><strong>al</strong></span> <span class='ocrx_word' id='word_1_94' title='bbox 799 1290 983 1359; x_wconf 84' lang='grc' dir='ltr'>βουλαὶ</span> <span class='ocrx_word' id='word_1_95' title='bbox 1038 1292 1096 1345; x_wconf 81' lang='grc' dir='ltr'><strong>ἐν</strong></span> <span class='ocrx_word' id='word_1_96' title='bbox 1135 1292 1333 1365; x_wconf 80' lang='grc' dir='ltr'><strong>καρδίᾳ</strong></span> <span class='ocrx_word' id='word_1_97' title='bbox 1362 1294 1689 1365; x_wconf 58' lang='grc' dir='ltr'>ἀνθρώπων</span> 
     </span>
    </p>
   </div>
   <div class='ocr_carea' id='block_1_15' title="bbox 96 1375 1694 1454">
    <p class='ocr_par' dir='ltr' id='par_1_15' title="bbox 96 1375 1694 1454">
     <span class='ocr_line' id='line_1_15' title="bbox 96 1375 1694 1454; baseline 0.006 -27"><span class='ocrx_word' id='word_1_98' title='bbox 96 1375 208 1428; x_wconf 83' lang='grc' dir='ltr'>ἀλλ’</span> <span class='ocrx_word' id='word_1_99' title='bbox 241 1379 276 1447; x_wconf 84' lang='grc' dir='ltr'><strong>ἡ</strong></span> <span class='ocrx_word' id='word_1_100' title='bbox 317 1377 489 1450; x_wconf 79' lang='grc' dir='ltr'>βουλὴ</span> <span class='ocrx_word' id='word_1_101' title='bbox 516 1378 611 1432; x_wconf 82' lang='grc' dir='ltr'>τοῦ</span> <span class='ocrx_word' id='word_1_102' title='bbox 653 1381 861 1451; x_wconf 86' lang='grc' dir='ltr'>Κυρίου</span> <span class='ocrx_word' id='word_1_103' title='bbox 915 1381 1206 1454; x_wconf 86' lang='grc' dir='ltr'>ἐκράτησε.</span> <span class='ocrx_word' id='word_1_104' title='bbox 1259 1384 1370 1436; x_wconf 75' lang='grc' dir='ltr'>Καὶ</span> <span class='ocrx_word' id='word_1_105' title='bbox 1399 1385 1694 1453; x_wconf 81' lang='grc' dir='ltr'>ἀναγκαῖόν</span> 
     </span>
    </p>
   </div>
   <div class='ocr_carea' id='block_1_16' title="bbox 96 1472 1691 1549">
    <p class='ocr_par' dir='ltr' id='par_1_16' title="bbox 96 1472 1691 1549">
     <span class='ocr_line' id='line_1_16' title="bbox 96 1472 1691 1549; baseline 0.006 -27"><span class='ocrx_word' id='word_1_106' title='bbox 96 1486 186 1538; x_wconf 84' lang='grc' dir='ltr'><strong>γε,</strong></span> <span class='ocrx_word' id='word_1_107' title='bbox 219 1472 269 1523; x_wconf 81' lang='grc' dir='ltr'><strong>εί</strong></span> <span class='ocrx_word' id='word_1_108' title='bbox 303 1472 497 1542; x_wconf 83' lang='grc' dir='ltr'>μέλλοι</span> <span class='ocrx_word' id='word_1_109' title='bbox 545 1474 658 1543; x_wconf 89' lang='grc'>(27)</span> <span class='ocrx_word' id='word_1_110' title='bbox 708 1475 932 1546; x_wconf 84' lang='grc' dir='ltr'>μόνιμος</span> <span class='ocrx_word' id='word_1_111' title='bbox 978 1477 1073 1530; x_wconf 73' lang='grc' dir='ltr'><strong>καὶ</strong></span> <span class='ocrx_word' id='word_1_112' title='bbox 1105 1477 1291 1548; x_wconf 83' lang='grc' dir='ltr'>ἐδραία</span> <span class='ocrx_word' id='word_1_113' title='bbox 1333 1480 1365 1549; x_wconf 79' lang='grc' dir='ltr'>ἡ</span> <span class='ocrx_word' id='word_1_114' title='bbox 1403 1477 1554 1549; x_wconf 82' lang='grc' dir='ltr'>παρὰ</span> <span class='ocrx_word' id='word_1_115' title='bbox 1597 1479 1691 1531; x_wconf 82' lang='grc' dir='ltr'>τοῦ</span> 
     </span>
    </p>
   </div>
   <div class='ocr_carea' id='block_1_17' title="bbox 98 1562 1689 1641">
    <p class='ocr_par' dir='ltr' id='par_1_17' title="bbox 98 1562 1689 1641">
     <span class='ocr_line' id='line_1_17' title="bbox 98 1562 1689 1641; baseline 0.006 -26"><span class='ocrx_word' id='word_1_116' title='bbox 98 1562 227 1616; x_wconf 83' lang='grc' dir='ltr'><strong>Θεοῦ</strong></span> <span class='ocrx_word' id='word_1_117' title='bbox 253 1563 420 1636; x_wconf 80' lang='grc' dir='ltr'>βουλὴ</span> <span class='ocrx_word' id='word_1_118' title='bbox 452 1569 576 1630; x_wconf 91' lang='grc' dir='ltr'>ταῖς</span> <span class='ocrx_word' id='word_1_119' title='bbox 610 1566 808 1638; x_wconf 74' lang='grc' dir='ltr'>ψυχαῖς</span> <span class='ocrx_word' id='word_1_120' title='bbox 847 1570 878 1637; x_wconf 81' lang='grc' dir='ltr'><strong>ἡ</strong></span> <span class='ocrx_word' id='word_1_121' title='bbox 890 1568 1005 1639; x_wconf 90' lang='grc' dir='ltr'><strong>μῶν</strong></span> <span class='ocrx_word' id='word_1_122' title='bbox 1042 1570 1420 1640; x_wconf 85' lang='grc' dir='ltr'>ἐναπομένειν,</span> <span class='ocrx_word' id='word_1_123' title='bbox 1468 1570 1689 1641; x_wconf 87' lang='grc' dir='ltr'>προδια-</span> 
     </span>
    </p>
   </div>
   <div class='ocr_carea' id='block_1_18' title="bbox 102 1655 1692 1732">
    <p class='ocr_par' dir='ltr' id='par_1_18' title="bbox 102 1655 1692 1732">
     <span class='ocr_line' id='line_1_18' title="bbox 102 1655 1692 1732; baseline 0.005 -25"><span class='ocrx_word' id='word_1_124' title='bbox 102 1655 468 1727; x_wconf 84' lang='grc' dir='ltr'>σκεδασθῆναι</span> <span class='ocrx_word' id='word_1_125' title='bbox 498 1658 765 1731; x_wconf 86' lang='grc' dir='ltr'>πρότερον</span> <span class='ocrx_word' id='word_1_126' title='bbox 794 1660 852 1713; x_wconf 88' lang='grc' dir='ltr'><strong>ἐν</strong></span> <span class='ocrx_word' id='word_1_127' title='bbox 887 1663 1016 1731; x_wconf 83' lang='grc' dir='ltr'>ἡμῖν</span> <span class='ocrx_word' id='word_1_128' title='bbox 1044 1662 1170 1724; x_wconf 81' lang='grc' dir='ltr'>τοὺς</span> <span class='ocrx_word' id='word_1_129' title='bbox 1202 1660 1572 1732; x_wconf 82' lang='grc' dir='ltr'>ἀνθρωπίνους</span> <span class='ocrx_word' id='word_1_130' title='bbox 1605 1662 1692 1715; x_wconf 87' lang='grc' dir='ltr'>λο-</span> 
     </span>
    </p>
   </div>
   <div class='ocr_carea' id='block_1_19' title="bbox 99 1747 1687 1825">
    <p class='ocr_par' dir='ltr' id='par_1_19' title="bbox 99 1747 1687 1825">
     <span class='ocr_line' id='line_1_19' title="bbox 99 1747 1687 1825; baseline 0.006 -27"><span class='ocrx_word' id='word_1_131' title='bbox 99 1747 347 1817; x_wconf 74' lang='grc' dir='ltr'>γισμούς.</span> <span class='ocrx_word' id='word_1_132' title='bbox 394 1749 611 1822; x_wconf 82' lang='grc' dir='ltr'>Ὥσπερ</span> <span class='ocrx_word' id='word_1_133' title='bbox 654 1752 764 1822; x_wconf 85' lang='grc' dir='ltr'>γὰρ</span> <span class='ocrx_word' id='word_1_134' title='bbox 811 1755 840 1806; x_wconf 88' lang='grc' dir='ltr'>ὁ</span> <span class='ocrx_word' id='word_1_135' title='bbox 889 1754 1122 1823; x_wconf 72' lang='grc' dir='ltr'>γράφειν</span> <span class='ocrx_word' id='word_1_136' title='bbox 1179 1754 1387 1824; x_wconf 77' lang='grc' dir='ltr'>μέλλων</span> <span class='ocrx_word' id='word_1_137' title='bbox 1410 1755 1467 1807; x_wconf 88' lang='grc' dir='ltr'><strong>ἐν</strong></span> <span class='ocrx_word' id='word_1_138' title='bbox 1512 1753 1687 1825; x_wconf 78' lang='grc' dir='ltr'>κηρῷ,</span> 
     </span>
    </p>
   </div>
   <div class='ocr_carea' id='block_1_20' title="bbox 100 1841 1688 1915">
    <p class='ocr_par' dir='ltr' id='par_1_20' title="bbox 100 1841 1688 1915">
     <span class='ocr_line' id='line_1_20' title="bbox 100 1841 1688 1915; baseline 0.006 -25"><span class='ocrx_word' id='word_1_139' title='bbox 100 1841 581 1911; x_wconf 83' lang='grc' dir='ltr'>προκαταλεαίνων</span> <span class='ocrx_word' id='word_1_140' title='bbox 611 1844 893 1915; x_wconf 84' lang='grc' dir='ltr'>πρότερον,</span> <span class='ocrx_word' id='word_1_141' title='bbox 921 1844 1093 1909; x_wconf 74' lang='grc' dir='ltr'>οὕτως</span> <span class='ocrx_word' id='word_1_142' title='bbox 1126 1847 1404 1902; x_wconf 78' lang='grc' dir='ltr'>ἐπιϐάλλει</span> <span class='ocrx_word' id='word_1_143' title='bbox 1436 1848 1563 1911; x_wconf 76' lang='grc' dir='ltr'>τοὺς</span> <span class='ocrx_word' id='word_1_144' title='bbox 1592 1847 1688 1900; x_wconf 87' lang='grc' dir='ltr'><strong>τύ-</strong></span> 
     </span>
    </p>
   </div>
   <div class='ocr_carea' id='block_1_21' title="bbox 101 1933 1687 2012">
    <p class='ocr_par' dir='ltr' id='par_1_21' title="bbox 101 1933 1687 2012">
     <span class='ocr_line' id='line_1_21' title="bbox 101 1933 1687 2012; baseline 0.006 -28"><span class='ocrx_word' id='word_1_145' title='bbox 101 1948 231 1997; x_wconf 85' lang='grc' dir='ltr'>πους</span> <span class='ocrx_word' id='word_1_146' title='bbox 258 1933 353 1998; x_wconf 80' lang='grc' dir='ltr'><strong>οὓς</strong></span> <span class='ocrx_word' id='word_1_147' title='bbox 395 1935 496 1989; x_wconf 78' lang='grc' dir='ltr'>ἐὰν</span> <span class='ocrx_word' id='word_1_148' title='bbox 524 1935 653 2010; x_wconf 82' lang='grc' dir='ltr'>θέλῃ</span> <span class='ocrx_word' id='word_1_149' title='bbox 672 1954 685 1966; x_wconf 87' lang='grc'><strong>·</strong></span> <span class='ocrx_word' id='word_1_150' title='bbox 717 1937 859 1992; x_wconf 78' lang='grc' dir='ltr'>οὕτω</span> <span class='ocrx_word' id='word_1_151' title='bbox 900 1940 994 1992; x_wconf 80' lang='grc' dir='ltr'><strong>καὶ</strong></span> <span class='ocrx_word' id='word_1_152' title='bbox 1034 1939 1259 2010; x_wconf 80' lang='grc' dir='ltr'>καρδίαν</span> <span class='ocrx_word' id='word_1_153' title='bbox 1289 1940 1394 2012; x_wconf 78' lang='grc' dir='ltr'><strong>χρὴ</strong></span> <span class='ocrx_word' id='word_1_154' title='bbox 1424 1941 1522 2012; x_wconf 84' lang='grc' dir='ltr'>τὴν</span> <span class='ocrx_word' id='word_1_155' title='bbox 1558 1941 1687 2011; x_wconf 86' lang='grc' dir='ltr'>μέλ-</span> 
     </span>
    </p>
   </div>
   <div class='ocr_carea' id='block_1_22' title="bbox 102 2023 1689 2106">
    <p class='ocr_par' dir='ltr' id='par_1_22' title="bbox 102 2023 1689 2106">
     <span class='ocr_line' id='line_1_22' title="bbox 102 2023 1689 2106; baseline 0.007 -30"><span class='ocrx_word' id='word_1_156' title='bbox 102 2023 293 2079; x_wconf 76' lang='grc' dir='ltr'>λουσαν</span> <span class='ocrx_word' id='word_1_157' title='bbox 326 2027 549 2098; x_wconf 83' lang='grc' dir='ltr'>τρανῶς</span> <span class='ocrx_word' id='word_1_158' title='bbox 583 2028 937 2099; x_wconf 80' lang='grc' dir='ltr'>ὑποδέχεσθαι</span> <span class='ocrx_word' id='word_1_159' title='bbox 968 2028 1036 2082; x_wconf 82' lang='grc' dir='ltr'>τὰ</span> <span class='ocrx_word' id='word_1_160' title='bbox 1071 2029 1187 2083; x_wconf 88' lang='grc' dir='ltr'>θεῖα</span> <span class='ocrx_word' id='word_1_161' title='bbox 1232 2029 1407 2099; x_wconf 83' lang='grc' dir='ltr'>λόγια,</span> <span class='ocrx_word' id='word_1_162' title='bbox 1442 2033 1689 2106; x_wconf 79' lang='grc' dir='ltr'>καθαρὰν</span> 
     </span>
    </p>
   </div>
   <div class='ocr_carea' id='block_1_23' title="bbox 102 2112 1686 2190">
    <p class='ocr_par' dir='ltr' id='par_1_23' title="bbox 102 2112 1686 2190">
     <span class='ocr_line' id='line_1_23' title="bbox 102 2112 1686 2190; baseline 0.004 -21"><span class='ocrx_word' id='word_1_163' title='bbox 102 2112 163 2169; x_wconf 77' lang='grc' dir='ltr'>ὲκ</span> <span class='ocrx_word' id='word_1_164' title='bbox 191 2113 298 2166; x_wconf 86' lang='grc' dir='ltr'><strong>τῶν</strong></span> <span class='ocrx_word' id='word_1_165' title='bbox 328 2117 594 2169; x_wconf 79' lang='grc' dir='ltr'>ἐναντίων</span> <span class='ocrx_word' id='word_1_166' title='bbox 634 2117 909 2188; x_wconf 83' lang='grc' dir='ltr'>λογισμῶν</span> <span class='ocrx_word' id='word_1_167' title='bbox 950 2119 1354 2190; x_wconf 76' lang='grc' dir='ltr'>ἀποδειχθῆναι.</span> <span class='ocrx_word' id='word_1_168' title='bbox 1400 2123 1686 2190; x_wconf 78' lang='grc' dir='ltr'>Λογισμοί</span> 
     </span>
    </p>
   </div>
   <div class='ocr_carea' id='block_1_24' title="bbox 104 2203 1688 2282">
    <p class='ocr_par' dir='ltr' id='par_1_24' title="bbox 104 2203 1688 2282">
     <span class='ocr_line' id='line_1_24' title="bbox 104 2203 1688 2282; baseline 0.006 -26"><span class='ocrx_word' id='word_1_169' title='bbox 104 2203 207 2272; x_wconf 84' lang='grc' dir='ltr'>τῆς</span> <span class='ocrx_word' id='word_1_170' title='bbox 225 2207 480 2275; x_wconf 83' lang='grc' dir='ltr'>καρδίας</span> <span class='ocrx_word' id='word_1_171' title='bbox 520 2209 709 2263; x_wconf 84' lang='grc' dir='ltr'>αὐτοῦ</span> <span class='ocrx_word' id='word_1_172' title='bbox 738 2212 826 2275; x_wconf 83' lang='grc' dir='ltr'><strong>είς</strong></span> <span class='ocrx_word' id='word_1_173' title='bbox 865 2211 1080 2278; x_wconf 73' lang='grc' dir='ltr'>γενεὰν</span> <span class='ocrx_word' id='word_1_174' title='bbox 1114 2212 1213 2265; x_wconf 74' lang='grc' dir='ltr'>καὶ</span> <span class='ocrx_word' id='word_1_175' title='bbox 1259 2211 1491 2282; x_wconf 71' lang='grc' dir='ltr'>γενεάν.</span> <span class='ocrx_word' id='word_1_176' title='bbox 1537 2214 1688 2266; x_wconf 72' lang='grc' dir='ltr'>Ἐπεὶ</span> 
     </span>
    </p>
   </div>
   <div class='ocr_carea' id='block_1_25' title="bbox 103 2292 1688 2372">
    <p class='ocr_par' dir='ltr' id='par_1_25' title="bbox 103 2292 1688 2372">
     <span class='ocr_line' id='line_1_25' title="bbox 103 2292 1688 2372; baseline 0.007 -24"><span class='ocrx_word' id='word_1_177' title='bbox 103 2292 189 2349; x_wconf 81' lang='grc' dir='ltr'><strong>οὗν</strong></span> <span class='ocrx_word' id='word_1_178' title='bbox 215 2297 307 2350; x_wconf 88' lang='grc' dir='ltr'><strong>δύο</strong></span> <span class='ocrx_word' id='word_1_179' title='bbox 360 2301 504 2352; x_wconf 78' lang='grc' dir='ltr'>εἰσὶν</span> <span class='ocrx_word' id='word_1_180' title='bbox 553 2303 601 2353; x_wconf 91' lang='grc' dir='ltr'><strong>οἰ</strong></span> <span class='ocrx_word' id='word_1_181' title='bbox 637 2301 884 2355; x_wconf 78' lang='grc' dir='ltr'>ἐκλεκτοὶ</span> <span class='ocrx_word' id='word_1_182' title='bbox 930 2302 1043 2372; x_wconf 87' lang='grc'>(28)</span> <span class='ocrx_word' id='word_1_183' title='bbox 1086 2302 1226 2365; x_wconf 76' lang='grc' dir='ltr'>λαοὶ,</span> <span class='ocrx_word' id='word_1_184' title='bbox 1257 2305 1351 2357; x_wconf 77' lang='grc' dir='ltr'><strong>καὶ</strong></span> <span class='ocrx_word' id='word_1_185' title='bbox 1384 2304 1477 2358; x_wconf 77' lang='grc' dir='ltr'><strong>δύο</strong></span> <span class='ocrx_word' id='word_1_186' title='bbox 1505 2306 1688 2369; x_wconf 82' lang='grc' dir='ltr'>αὐτοῖς</span> 
     </span>
    </p>
   </div>
   <div class='ocr_carea' id='block_1_26' title="bbox 103 2386 1688 2463">
    <p class='ocr_par' dir='ltr' id='par_1_26' title="bbox 103 2386 1688 2463">
     <span class='ocr_line' id='line_1_26' title="bbox 103 2386 1688 2463; baseline 0.005 -23"><span class='ocrx_word' id='word_1_187' title='bbox 103 2386 346 2459; x_wconf 81' lang='grc' dir='ltr'>διαθῆκαί</span> <span class='ocrx_word' id='word_1_188' title='bbox 377 2393 486 2444; x_wconf 88' lang='grc' dir='ltr'>εἰσι</span> <span class='ocrx_word' id='word_1_189' title='bbox 518 2391 919 2463; x_wconf 85' lang='grc' dir='ltr'>δεδωρημέναι,</span> <span class='ocrx_word' id='word_1_190' title='bbox 955 2393 1208 2448; x_wconf 80' lang='grc' dir='ltr'>δύνανται</span> <span class='ocrx_word' id='word_1_191' title='bbox 1248 2394 1388 2448; x_wconf 82' lang='grc' dir='ltr'>κατὰ</span> <span class='ocrx_word' id='word_1_192' title='bbox 1429 2394 1524 2460; x_wconf 85' lang='grc' dir='ltr'><strong>τὺ,</strong></span> <span class='ocrx_word' id='word_1_193' title='bbox 1578 2400 1688 2450; x_wconf 89' lang='grc' dir='ltr'><strong>Λο-</strong></span> 
     </span>
    </p>
   </div>
   <div class='ocr_carea' id='block_1_27' title="bbox 102 2482 1684 2559">
    <p class='ocr_par' dir='ltr' id='par_1_27' title="bbox 102 2482 1684 2559">
     <span class='ocr_line' id='line_1_27' title="bbox 102 2482 1684 2559; baseline 0.008 -28"><span class='ocrx_word' id='word_1_194' title='bbox 102 2483 294 2549; x_wconf 79' lang='grc' dir='ltr'>γισμοὶ</span> <span class='ocrx_word' id='word_1_195' title='bbox 321 2482 431 2551; x_wconf 84' lang='grc' dir='ltr'>τῆς</span> <span class='ocrx_word' id='word_1_196' title='bbox 460 2485 711 2553; x_wconf 79' lang='grc' dir='ltr'>καρδίας</span> <span class='ocrx_word' id='word_1_197' title='bbox 740 2487 926 2540; x_wconf 81' lang='grc' dir='ltr'>αὐτοῦ</span> <span class='ocrx_word' id='word_1_198' title='bbox 957 2489 1046 2554; x_wconf 82' lang='grc' dir='ltr'><strong>είς</strong></span> <span class='ocrx_word' id='word_1_199' title='bbox 1082 2488 1297 2557; x_wconf 78' lang='grc' dir='ltr'>γενεὰν</span> <span class='ocrx_word' id='word_1_200' title='bbox 1330 2487 1429 2542; x_wconf 82' lang='grc' dir='ltr'>καὶ</span> <span class='ocrx_word' id='word_1_201' title='bbox 1452 2488 1684 2559; x_wconf 76' lang='grc' dir='ltr'>γενεὰν,</span> 
     </span>
    </p>
   </div>
   <div class='ocr_carea' id='block_1_28' title="bbox 104 2571 1686 2650">
    <p class='ocr_par' dir='ltr' id='par_1_28' title="bbox 104 2571 1686 2650">
     <span class='ocr_line' id='line_1_28' title="bbox 104 2571 1686 2650; baseline 0.008 -26"><span class='ocrx_word' id='word_1_202' title='bbox 104 2571 179 2634; x_wconf 81' lang='grc' dir='ltr'><strong>δίς</strong></span> <span class='ocrx_word' id='word_1_203' title='bbox 208 2572 304 2642; x_wconf 82' lang='grc' dir='ltr'>τῆς</span> <span class='ocrx_word' id='word_1_204' title='bbox 327 2577 528 2642; x_wconf 81' lang='grc' dir='ltr'>γενεᾶς</span> <span class='ocrx_word' id='word_1_205' title='bbox 563 2577 968 2650; x_wconf 77' lang='grc' dir='ltr'>ὀνομαζομένης</span> <span class='ocrx_word' id='word_1_206' title='bbox 988 2621 1001 2644; x_wconf 92' lang='grc'><strong>,</strong></span> <span class='ocrx_word' id='word_1_207' title='bbox 1032 2580 1124 2634; x_wconf 88' lang='grc' dir='ltr'><strong>δύο</strong></span> <span class='ocrx_word' id='word_1_208' title='bbox 1147 2581 1385 2635; x_wconf 82' lang='grc' dir='ltr'>νοεῖσθαι</span> <span class='ocrx_word' id='word_1_209' title='bbox 1415 2582 1508 2635; x_wconf 73' lang='grc' dir='ltr'><strong>καὶ</strong></span> <span class='ocrx_word' id='word_1_210' title='bbox 1542 2581 1686 2650; x_wconf 83' lang='grc' dir='ltr'>λογι-</span> 
     </span>
    </p>
   </div>
   <div class='ocr_carea' id='block_1_29' title="bbox 107 2662 1686 2745">
    <p class='ocr_par' dir='ltr' id='par_1_29' title="bbox 107 2662 1686 2745">
     <span class='ocr_line' id='line_1_29' title="bbox 107 2662 1686 2745; baseline 0.008 -30"><span class='ocrx_word' id='word_1_211' title='bbox 107 2664 251 2734; x_wconf 88' lang='grc' dir='ltr'>σμοί·</span> <span class='ocrx_word' id='word_1_212' title='bbox 278 2662 358 2731; x_wconf 72' lang='grc' dir='ltr'>εἷς</span> <span class='ocrx_word' id='word_1_213' title='bbox 390 2669 497 2738; x_wconf 86' lang='grc' dir='ltr'><strong>μὲν</strong></span> <span class='ocrx_word' id='word_1_214' title='bbox 524 2670 646 2723; x_wconf 81' lang='grc' dir='ltr'>καθ’</span> <span class='ocrx_word' id='word_1_215' title='bbox 679 2670 736 2723; x_wconf 80' lang='grc' dir='ltr'>ὃν</span> <span class='ocrx_word' id='word_1_216' title='bbox 775 2672 875 2743; x_wconf 85' lang='grc' dir='ltr'>τὴν</span> <span class='ocrx_word' id='word_1_217' title='bbox 910 2672 1180 2745; x_wconf 74' lang='grc' dir='ltr'>προτέραν</span> <span class='ocrx_word' id='word_1_218' title='bbox 1224 2673 1522 2744; x_wconf 81' lang='grc' dir='ltr'>ἐδεξάμεθα</span> <span class='ocrx_word' id='word_1_219' title='bbox 1559 2676 1686 2727; x_wconf 84' lang='grc' dir='ltr'>Δια-</span> 
     </span>
    </p>
   </div>
   <div class='ocr_carea' id='block_1_30' title="bbox 107 2756 1684 2838">
    <p class='ocr_par' dir='ltr' id='par_1_30' title="bbox 107 2756 1684 2838">
     <span class='ocr_line' id='line_1_30' title="bbox 107 2756 1684 2838; baseline 0.008 -30"><span class='ocrx_word' id='word_1_220' title='bbox 107 2756 290 2828; x_wconf 85' lang='grc' dir='ltr'>θήκην,</span> <span class='ocrx_word' id='word_1_221' title='bbox 336 2760 526 2831; x_wconf 77' lang='grc' dir='ltr'>ἕτερος</span> <span class='ocrx_word' id='word_1_222' title='bbox 568 2762 626 2815; x_wconf 86' lang='grc' dir='ltr'><strong>δέ</strong></span> <span class='ocrx_word' id='word_1_223' title='bbox 670 2765 699 2815; x_wconf 85' lang='grc' dir='ltr'><strong>ὀ</strong></span> <span class='ocrx_word' id='word_1_224' title='bbox 746 2763 844 2834; x_wconf 81' lang='grc' dir='ltr'>τὴν</span> <span class='ocrx_word' id='word_1_225' title='bbox 895 2765 1085 2836; x_wconf 84' lang='grc' dir='ltr'>καινὴν</span> <span class='ocrx_word' id='word_1_226' title='bbox 1140 2768 1234 2819; x_wconf 58' lang='grc' dir='ltr'><strong>καὶ¹</strong></span> <span class='ocrx_word' id='word_1_227' title='bbox 1276 2767 1540 2838; x_wconf 82' lang='grc' dir='ltr'>σωτήριον</span> <span class='ocrx_word' id='word_1_228' title='bbox 1591 2765 1684 2820; x_wconf 80' lang='grc' dir='ltr'>τοῦ</span> 
     </span>
    </p>
   </div>
   <div class='ocr_carea' id='block_1_31' title="bbox 107 2849 1688 2929">
    <p class='ocr_par' dir='ltr' id='par_1_31' title="bbox 107 2849 1688 2929">
     <span class='ocr_line' id='line_1_31' title="bbox 107 2849 1688 2929; baseline 0.007 -28"><span class='ocrx_word' id='word_1_229' title='bbox 107 2849 332 2919; x_wconf 78' lang='grc' dir='ltr'>Χριστοῦ</span> <span class='ocrx_word' id='word_1_230' title='bbox 384 2853 738 2910; x_wconf 88' lang='grc' dir='ltr'>διδασκαλίαν</span> <span class='ocrx_word' id='word_1_231' title='bbox 778 2859 908 2927; x_wconf 77' lang='grc' dir='ltr'>ἡμῖν</span> <span class='ocrx_word' id='word_1_232' title='bbox 947 2857 1333 2929; x_wconf 87' lang='grc' dir='ltr'>χαρισάμενος.</span> <span class='ocrx_word' id='word_1_233' title='bbox 1386 2859 1688 2928; x_wconf 75' lang='grc' dir='ltr'>Μακάρων</span> 
     </span>
    </p>
   </div>
   <div class='ocr_carea' id='block_1_32' title="bbox 108 2940 1687 3016">
    <p class='ocr_par' dir='ltr' id='par_1_32' title="bbox 108 2940 1687 3016">
     <span class='ocr_line' id='line_1_32' title="bbox 108 2940 1687 3016; baseline 0.009 -26"><span class='ocrx_word' id='word_1_234' title='bbox 108 2940 170 2991; x_wconf 82' lang='grc' dir='ltr'>τὸ</span> <span class='ocrx_word' id='word_1_235' title='bbox 207 2940 380 3009; x_wconf 78' lang='grc' dir='ltr'>ἔθνος</span> <span class='ocrx_word' id='word_1_236' title='bbox 403 2941 480 3000; x_wconf 83' lang='grc' dir='ltr'>οὗ</span> <span class='ocrx_word' id='word_1_237' title='bbox 513 2946 644 2999; x_wconf 87' lang='grc' dir='ltr'>ἐστι</span> <span class='ocrx_word' id='word_1_238' title='bbox 675 2948 889 3015; x_wconf 86' lang='grc' dir='ltr'>Κύριος</span> <span class='ocrx_word' id='word_1_239' title='bbox 928 2952 960 3002; x_wconf 82' lang='grc' dir='ltr'>ό</span> <span class='ocrx_word' id='word_1_240' title='bbox 1004 2948 1147 3012; x_wconf 80' lang='grc' dir='ltr'>Θεὸς</span> <span class='ocrx_word' id='word_1_241' title='bbox 1189 2949 1396 3012; x_wconf 85' lang='grc' dir='ltr'>αὐτοῦ,</span> <span class='ocrx_word' id='word_1_242' title='bbox 1442 2950 1595 3016; x_wconf 74' lang='grc' dir='ltr'><strong>λαός</strong></span> <span class='ocrx_word' id='word_1_243' title='bbox 1616 2950 1687 3004; x_wconf 80' lang='grc' dir='ltr'><strong>ὃν</strong></span> 
     </span>
    </p>
   </div>
   <div class='ocr_carea' id='block_1_33' title="bbox 109 3030 1686 3115">
    <p class='ocr_par' dir='ltr' id='par_1_33' title="bbox 109 3030 1686 3115">
     <span class='ocr_line' id='line_1_33' title="bbox 109 3030 1686 3115; baseline 0.008 -31"><span class='ocrx_word' id='word_1_244' title='bbox 109 3030 417 3098; x_wconf 74' lang='grc' dir='ltr'>ἐξελέξατο</span> <span class='ocrx_word' id='word_1_245' title='bbox 464 3039 554 3102; x_wconf 90' lang='grc' dir='ltr'><strong>εἰς</strong></span> <span class='ocrx_word' id='word_1_246' title='bbox 576 3040 978 3108; x_wconf 70' lang='grc' dir='ltr'>κληρονομίαν</span> <span class='ocrx_word' id='word_1_247' title='bbox 1009 3039 1221 3106; x_wconf 83' lang='grc' dir='ltr'><strong>ἐαυτῷ.</strong></span> <span class='ocrx_word' id='word_1_248' title='bbox 1245 3043 1431 3106; x_wconf 77' lang='grc' dir='ltr'>Οὐδεὶς</span> <span class='ocrx_word' id='word_1_249' title='bbox 1454 3043 1686 3115; x_wconf 86' lang='grc' dir='ltr'>μακαρί-</span> 
     </span>
    </p>
   </div>
   <div class='ocr_carea' id='block_1_34' title="bbox 112 3121 1753 3222">
    <p class='ocr_par' dir='ltr' id='par_1_34' title="bbox 112 3121 1753 3222">
     <span class='ocr_line' id='line_1_34' title="bbox 112 3121 1753 3222; baseline 0.007 -47"><span class='ocrx_word' id='word_1_250' title='bbox 112 3121 187 3222; x_wconf 80' lang='grc' dir='ltr'>ζει</span> <span class='ocrx_word' id='word_1_251' title='bbox 219 3125 308 3179; x_wconf 80' lang='grc' dir='ltr'><strong>τὸν</strong></span> <span class='ocrx_word' id='word_1_252' title='bbox 665 3128 952 3195; x_wconf 83' lang='grc' dir='ltr'>Ἰουδαίων,</span> <span class='ocrx_word' id='word_1_253' title='bbox 999 3132 1135 3185; x_wconf 84' lang='grc' dir='ltr'>ἀλλὰ</span> <span class='ocrx_word' id='word_1_254' title='bbox 1166 3134 1257 3186; x_wconf 84' lang='grc' dir='ltr'><strong>τὸν</strong></span> <span class='ocrx_word' id='word_1_255' title='bbox 1284 3133 1409 3187; x_wconf 78' lang='grc' dir='ltr'>λαὸν</span> <span class='ocrx_word' id='word_1_256' title='bbox 1447 3134 1538 3187; x_wconf 87' lang='grc' dir='ltr'><strong>τὸν</strong></span> <span class='ocrx_word' id='word_1_257' title='bbox 1579 3135 1685 3188; x_wconf 85' lang='grc' dir='ltr'><strong>ἀπὸ</strong></span> <span class='ocrx_word' id='word_1_258' title='bbox 1712 3165 1753 3222; x_wconf 78' lang='lat' dir='ltr'>C</span> 
     </span>
    </p>
   </div>
   <div class='ocr_carea' id='block_1_35' title="bbox 114 3218 1686 3296">
    <p class='ocr_par' dir='ltr' id='par_1_35' title="bbox 114 3218 1686 3296">
     <span class='ocr_line' id='line_1_35' title="bbox 114 3218 1686 3296; baseline 0.006 -27"><span class='ocrx_word' id='word_1_259' title='bbox 114 3218 318 3272; x_wconf 80' lang='grc' dir='ltr'>πάντων</span> <span class='ocrx_word' id='word_1_260' title='bbox 358 3221 470 3274; x_wconf 88' lang='grc' dir='ltr'><strong>τῶν</strong></span> <span class='ocrx_word' id='word_1_261' title='bbox 517 3220 659 3276; x_wconf 87' lang='grc' dir='ltr'>λαῶν</span> <span class='ocrx_word' id='word_1_262' title='bbox 704 3223 1013 3296; x_wconf 83' lang='grc' dir='ltr'>ἀριστίνδην</span> <span class='ocrx_word' id='word_1_263' title='bbox 1048 3224 1441 3296; x_wconf 81' lang='grc' dir='ltr'>ἐξειλεγμένον.</span> <span class='ocrx_word' id='word_1_264' title='bbox 1496 3226 1686 3296; x_wconf 85' lang='grc' dir='ltr'>Ἡμεῖς</span> 
     </span>
    </p>
   </div>
   <div class='ocr_carea' id='block_1_36' title="bbox 113 3308 1680 3389">
    <p class='ocr_par' dir='ltr' id='par_1_36' title="bbox 113 3308 1680 3389">
     <span class='ocr_line' id='line_1_36' title="bbox 113 3308 1680 3389; baseline 0.005 -27"><span class='ocrx_word' id='word_1_265' title='bbox 113 3309 210 3379; x_wconf 72' lang='grc' dir='ltr'><strong>γάρ</strong></span> <span class='ocrx_word' id='word_1_266' title='bbox 248 3312 412 3382; x_wconf 83' lang='grc' dir='ltr'>ἐσμεν</span> <span class='ocrx_word' id='word_1_267' title='bbox 434 3313 500 3366; x_wconf 84' lang='grc' dir='ltr'><strong>τὸ</strong></span> <span class='ocrx_word' id='word_1_268' title='bbox 539 3313 711 3379; x_wconf 78' lang='grc' dir='ltr'>ἔθνος,</span> <span class='ocrx_word' id='word_1_269' title='bbox 750 3308 824 3368; x_wconf 83' lang='grc' dir='ltr'>ὧν</span> <span class='ocrx_word' id='word_1_270' title='bbox 874 3317 990 3369; x_wconf 86' lang='grc' dir='ltr'>ἐστι</span> <span class='ocrx_word' id='word_1_271' title='bbox 1028 3316 1234 3389; x_wconf 83' lang='grc' dir='ltr'>Κύριος</span> <span class='ocrx_word' id='word_1_272' title='bbox 1270 3320 1298 3370; x_wconf 91' lang='grc' dir='ltr'>ὁ</span> <span class='ocrx_word' id='word_1_273' title='bbox 1327 3316 1458 3381; x_wconf 83' lang='grc' dir='ltr'>Θεὸς</span> <span class='ocrx_word' id='word_1_274' title='bbox 1487 3317 1644 3389; x_wconf 78' lang='grc' dir='ltr'>ἡμῶν</span> <span class='ocrx_word' id='word_1_275' title='bbox 1666 3336 1680 3349; x_wconf 93' lang='grc'><strong>·</strong></span> 
     </span>
    </p>
   </div>
   <div class='ocr_carea' id='block_1_37' title="bbox 114 3398 1682 3479">
    <p class='ocr_par' dir='ltr' id='par_1_37' title="bbox 114 3398 1682 3479">
     <span class='ocr_line' id='line_1_37' title="bbox 114 3398 1682 3479; baseline 0.006 -27"><span class='ocrx_word' id='word_1_276' title='bbox 114 3398 262 3469; x_wconf 70' lang='grc' dir='ltr'>ἡμεῖς</span> <span class='ocrx_word' id='word_1_277' title='bbox 296 3404 467 3474; x_wconf 88' lang='grc' dir='ltr'>ἐσμεν</span> <span class='ocrx_word' id='word_1_278' title='bbox 500 3405 594 3457; x_wconf 80' lang='grc' dir='ltr'><strong>καὶ</strong></span> <span class='ocrx_word' id='word_1_279' title='bbox 634 3404 763 3468; x_wconf 82' lang='grc' dir='ltr'>λαὸς</span> <span class='ocrx_word' id='word_1_280' title='bbox 793 3405 852 3458; x_wconf 86' lang='grc' dir='ltr'>ὃν</span> <span class='ocrx_word' id='word_1_281' title='bbox 880 3405 1162 3470; x_wconf 75' lang='grc' dir='ltr'>ἐξελέξατο</span> <span class='ocrx_word' id='word_1_282' title='bbox 1200 3408 1281 3471; x_wconf 87' lang='grc' dir='ltr'><strong>εἰς</strong></span> <span class='ocrx_word' id='word_1_283' title='bbox 1319 3407 1682 3479; x_wconf 85' lang='grc' dir='ltr'>κληρονομίαν</span> 
     </span>
    </p>
   </div>
   <div class='ocr_carea' id='block_1_38' title="bbox 116 3491 1672 3568">
    <p class='ocr_par' dir='ltr' id='par_1_38' title="bbox 116 3491 1672 3568">
     <span class='ocr_line' id='line_1_38' title="bbox 116 3491 1672 3568; baseline 0.006 -25"><span class='ocrx_word' id='word_1_284' title='bbox 116 3491 313 3565; x_wconf 81' lang='grc' dir='ltr'>ἐαυτῷ·</span> <span class='ocrx_word' id='word_1_285' title='bbox 366 3496 522 3560; x_wconf 75' lang='grc' dir='ltr'>ἔθνος</span> <span class='ocrx_word' id='word_1_286' title='bbox 575 3497 694 3568; x_wconf 85' lang='grc' dir='ltr'>μὲν,</span> <span class='ocrx_word' id='word_1_287' title='bbox 728 3498 815 3551; x_wconf 83' lang='grc' dir='ltr'>διὰ</span> <span class='ocrx_word' id='word_1_288' title='bbox 847 3497 998 3563; x_wconf 84' lang='grc' dir='ltr'><strong>τὸέξ</strong></span> <span class='ocrx_word' id='word_1_289' title='bbox 1038 3498 1207 3553; x_wconf 85' lang='grc' dir='ltr'>ἐθνῶν</span> <span class='ocrx_word' id='word_1_290' title='bbox 1252 3498 1463 3553; x_wconf 85' lang='grc' dir='ltr'>πολλῶν</span> <span class='ocrx_word' id='word_1_291' title='bbox 1508 3516 1672 3552; x_wconf 84' lang='grc' dir='ltr'>συνει-</span> 
     </span>
    </p>
   </div>
   <div class='ocr_carea' id='block_1_39' title="bbox 116 3582 1680 3663">
    <p class='ocr_par' dir='ltr' id='par_1_39' title="bbox 116 3582 1680 3663">
     <span class='ocr_line' id='line_1_39' title="bbox 116 3582 1680 3663; baseline 0.007 -29"><span class='ocrx_word' id='word_1_292' title='bbox 116 3582 307 3655; x_wconf 83' lang='grc' dir='ltr'>λέχθαι,</span> <span class='ocrx_word' id='word_1_293' title='bbox 337 3589 465 3653; x_wconf 85' lang='grc' dir='ltr'>λαὸς</span> <span class='ocrx_word' id='word_1_294' title='bbox 492 3588 570 3654; x_wconf 81' lang='grc' dir='ltr'><strong>δέ,</strong></span> <span class='ocrx_word' id='word_1_295' title='bbox 608 3590 697 3644; x_wconf 79' lang='grc' dir='ltr'>διὰ</span> <span class='ocrx_word' id='word_1_296' title='bbox 733 3591 794 3644; x_wconf 86' lang='grc' dir='ltr'>τὸ</span> <span class='ocrx_word' id='word_1_297' title='bbox 824 3592 944 3645; x_wconf 73' lang='grc' dir='ltr'>ἀντὶ</span> <span class='ocrx_word' id='word_1_298' title='bbox 982 3591 1075 3644; x_wconf 79' lang='grc' dir='ltr'><strong>τοῦ</strong></span> <span class='ocrx_word' id='word_1_299' title='bbox 1119 3591 1518 3663; x_wconf 78' lang='grc' dir='ltr'>άποϐληθέντος</span> <span class='ocrx_word' id='word_1_300' title='bbox 1550 3592 1680 3645; x_wconf 80' lang='grc' dir='ltr'>λαοῦ</span> 
     </span>
    </p>
   </div>
   <div class='ocr_carea' id='block_1_40' title="bbox 119 3681 1686 3756">
    <p class='ocr_par' dir='ltr' id='par_1_40' title="bbox 119 3681 1686 3756">
     <span class='ocr_line' id='line_1_40' title="bbox 119 3681 1686 3756; baseline 0.004 -23"><span class='ocrx_word' id='word_1_301' title='bbox 119 3681 527 3753; x_wconf 80' lang='grc' dir='ltr'>προσκληθῆναι.</span> <span class='ocrx_word' id='word_1_302' title='bbox 576 3684 687 3737; x_wconf 75' lang='grc' dir='ltr'>Καὶ</span> <span class='ocrx_word' id='word_1_303' title='bbox 729 3684 915 3756; x_wconf 84' lang='grc' dir='ltr'>ἐπειδὴ</span> <span class='ocrx_word' id='word_1_304' title='bbox 958 3686 1181 3738; x_wconf 77' lang='grc' dir='ltr'><strong>Πολλοὶ</strong></span> <span class='ocrx_word' id='word_1_305' title='bbox 1224 3684 1454 3752; x_wconf 75' lang='grc' dir='ltr'>κλητοὶ,</span> <span class='ocrx_word' id='word_1_306' title='bbox 1496 3687 1686 3756; x_wconf 71' lang='grc' dir='ltr'>ὀλίγοι</span> 
     </span>
    </p>
   </div>
   <div class='ocr_carea' id='block_1_41' title="bbox 118 3766 1684 3848">
    <p class='ocr_par' dir='ltr' id='par_1_41' title="bbox 118 3766 1684 3848">
     <span class='ocr_line' id='line_1_41' title="bbox 118 3766 1684 3848; baseline 0.005 -26"><span class='ocrx_word' id='word_1_307' title='bbox 118 3766 181 3822; x_wconf 78' lang='grc' dir='ltr'>δὲ</span> <span class='ocrx_word' id='word_1_308' title='bbox 213 3771 497 3840; x_wconf 57' lang='grc' dir='ltr'>ἐκλεκτοὶ,</span> <span class='ocrx_word' id='word_1_309' title='bbox 525 3774 813 3846; x_wconf 83' lang='grc' dir='ltr'>μακαρίζει</span> <span class='ocrx_word' id='word_1_310' title='bbox 846 3776 968 3847; x_wconf 75' lang='grc' dir='ltr'>οὐχὶ</span> <span class='ocrx_word' id='word_1_311' title='bbox 998 3776 1090 3829; x_wconf 87' lang='grc' dir='ltr'><strong>τὸν</strong></span> <span class='ocrx_word' id='word_1_312' title='bbox 1114 3775 1401 3848; x_wconf 79' lang='grc' dir='ltr'>κληθέντα,</span> <span class='ocrx_word' id='word_1_313' title='bbox 1430 3776 1565 3830; x_wconf 84' lang='grc' dir='ltr'>ἀλλὰ</span> <span class='ocrx_word' id='word_1_314' title='bbox 1592 3776 1684 3830; x_wconf 84' lang='grc' dir='ltr'><strong>τὸν</strong></span> 
     </span>
    </p>
   </div>
   <div class='ocr_carea' id='block_1_42' title="bbox 120 3860 1683 3939">
    <p class='ocr_par' dir='ltr' id='par_1_42' title="bbox 120 3860 1683 3939">
     <span class='ocr_line' id='line_1_42' title="bbox 120 3860 1683 3939; baseline 0.005 -25"><span class='ocrx_word' id='word_1_315' title='bbox 120 3860 447 3934; x_wconf 79' lang='grc' dir='ltr'>ὲκλεχθέντα.</span> <span class='ocrx_word' id='word_1_316' title='bbox 480 3869 765 3939; x_wconf 82' lang='grc' dir='ltr'>Μακάριος</span> <span class='ocrx_word' id='word_1_317' title='bbox 784 3867 893 3938; x_wconf 85' lang='grc' dir='ltr'>γὰρ</span> <span class='ocrx_word' id='word_1_318' title='bbox 921 3869 979 3921; x_wconf 85' lang='grc' dir='ltr'>ὃν</span> <span class='ocrx_word' id='word_1_319' title='bbox 1008 3867 1286 3933; x_wconf 78' lang='grc' dir='ltr'>ἐξελέξατο</span> <span class='ocrx_word' id='word_1_320' title='bbox 1320 3870 1451 3936; x_wconf 87' lang='grc'><strong>(29).</strong></span> <span class='ocrx_word' id='word_1_321' title='bbox 1499 3870 1595 3932; x_wconf 86' lang='grc' dir='ltr'>Τίς</span> <span class='ocrx_word' id='word_1_322' title='bbox 1625 3869 1683 3922; x_wconf 83' lang='grc' dir='ltr'>δὲ</span> 
     </span>
    </p>
   </div>
   <div class='ocr_carea' id='block_1_43' title="bbox 120 3956 1682 4033">
    <p class='ocr_par' dir='ltr' id='par_1_43' title="bbox 120 3956 1682 4033">
     <span class='ocr_line' id='line_1_43' title="bbox 120 3956 1682 4033; baseline 0.005 -26"><span class='ocrx_word' id='word_1_323' title='bbox 120 3956 150 4022; x_wconf 81' lang='grc' dir='ltr'>ἡ</span> <span class='ocrx_word' id='word_1_324' title='bbox 182 3957 320 4010; x_wconf 89' lang='grc' dir='ltr'>αἰτία</span> <span class='ocrx_word' id='word_1_325' title='bbox 354 3959 448 4012; x_wconf 84' lang='grc' dir='ltr'>τοῦ</span> <span class='ocrx_word' id='word_1_326' title='bbox 494 3960 879 4031; x_wconf 78' lang='grc' dir='ltr'>μακαρισμοῦ;</span> <span class='ocrx_word' id='word_1_327' title='bbox 922 3961 988 4013; x_wconf 86' lang='grc' dir='ltr'><em>Ἢ</em></span> <span class='ocrx_word' id='word_1_328' title='bbox 1020 3962 1442 4033; x_wconf 85' lang='grc' dir='ltr'>προσδοκωμένη</span> <span class='ocrx_word' id='word_1_329' title='bbox 1484 3962 1682 4033; x_wconf 86' lang='grc' dir='ltr'>κληρο-</span> 
     </span>
    </p>
   </div>
   <div class='ocr_carea' id='block_1_44' title="bbox 122 4052 1685 4126">
    <p class='ocr_par' dir='ltr' id='par_1_44' title="bbox 122 4052 1685 4126">
     <span class='ocr_line' id='line_1_44' title="bbox 122 4052 1685 4126; baseline 0.003 -23"><span class='ocrx_word' id='word_1_330' title='bbox 122 4052 268 4119; x_wconf 83' lang='grc' dir='ltr'>νομία</span> <span class='ocrx_word' id='word_1_331' title='bbox 309 4053 416 4107; x_wconf 90' lang='grc' dir='ltr'><strong>τῶν</strong></span> <span class='ocrx_word' id='word_1_332' title='bbox 465 4055 698 4109; x_wconf 86' lang='grc' dir='ltr'>αἰωνίων</span> <span class='ocrx_word' id='word_1_333' title='bbox 744 4056 983 4124; x_wconf 85' lang='grc' dir='ltr'>ἀγαθῶν.</span> <span class='ocrx_word' id='word_1_334' title='bbox 1043 4057 1111 4107; x_wconf 92' lang='grc' dir='ltr'>Ἢ</span> <span class='ocrx_word' id='word_1_335' title='bbox 1150 4057 1357 4126; x_wconf 85' lang='grc' dir='ltr'>μήποτε</span> <span class='ocrx_word' id='word_1_336' title='bbox 1413 4055 1552 4107; x_wconf 83' lang='grc' dir='ltr'><strong>κατὰ</strong></span> <span class='ocrx_word' id='word_1_337' title='bbox 1595 4055 1685 4107; x_wconf 85' lang='grc' dir='ltr'><strong>τὸν</strong></span> 
     </span>
    </p>
   </div>
   <div class='ocr_carea' id='block_1_45' title="bbox 133 4140 1684 4218">
    <p class='ocr_par' dir='ltr' id='par_1_45' title="bbox 133 4140 1684 4218">
     <span class='ocr_line' id='line_1_45' title="bbox 133 4140 1684 4218; baseline 0.005 -24"><span class='ocrx_word' id='word_1_338' title='bbox 133 4140 470 4210; x_wconf 84' lang='grc' dir='ltr'>Ἀπόστολον,</span> <span class='ocrx_word' id='word_1_339' title='bbox 520 4146 740 4218; x_wconf 80' lang='grc' dir='ltr'>ἐπειδὴ,</span> <span class='ocrx_word' id='word_1_340' title='bbox 794 4148 920 4200; x_wconf 84' lang='grc' dir='ltr'>ὅταν</span> <span class='ocrx_word' id='word_1_341' title='bbox 962 4147 1023 4199; x_wconf 75' lang='grc' dir='ltr'>τὸ</span> <span class='ocrx_word' id='word_1_342' title='bbox 1071 4146 1344 4217; x_wconf 82' lang='grc' dir='ltr'>πλήρωμα</span> <span class='ocrx_word' id='word_1_343' title='bbox 1379 4147 1485 4199; x_wconf 88' lang='grc' dir='ltr'><strong>τῶν</strong></span> <span class='ocrx_word' id='word_1_344' title='bbox 1515 4146 1684 4201; x_wconf 87' lang='grc' dir='ltr'>ἐθνῶν</span> 
     </span>
    </p>
   </div>
   <div class='ocr_carea' id='block_1_46' title="bbox 123 4232 1684 4309">
    <p class='ocr_par' dir='ltr' id='par_1_46' title="bbox 123 4232 1684 4309">
     <span class='ocr_line' id='line_1_46' title="bbox 123 4232 1684 4309; baseline 0.006 -27"><span class='ocrx_word' id='word_1_345' title='bbox 123 4232 339 4306; x_wconf 82' lang='grc' dir='ltr'>εἰσέλθῃ,</span> <span class='ocrx_word' id='word_1_346' title='bbox 374 4238 497 4292; x_wconf 87' lang='grc' dir='ltr'>τότε</span> <span class='ocrx_word' id='word_1_347' title='bbox 530 4240 638 4302; x_wconf 74' lang='grc' dir='ltr'><strong>πᾶς</strong></span> <span class='ocrx_word' id='word_1_348' title='bbox 691 4238 905 4309; x_wconf 85' lang='grc' dir='ltr'>Ἰσραὴλ</span> <span class='ocrx_word' id='word_1_349' title='bbox 931 4238 1265 4308; x_wconf 83' lang='grc' dir='ltr'>σωθήσεται,</span> <span class='ocrx_word' id='word_1_350' title='bbox 1312 4238 1527 4309; x_wconf 86' lang='grc' dir='ltr'>πρῶτον</span> <span class='ocrx_word' id='word_1_351' title='bbox 1577 4256 1684 4307; x_wconf 89' lang='grc' dir='ltr'>μα-</span> 
     </span>
    </p>
   </div>
   <div class='ocr_carea' id='block_1_47' title="bbox 123 4325 1685 4401">
    <p class='ocr_par' dir='ltr' id='par_1_47' title="bbox 123 4325 1685 4401">
     <span class='ocr_line' id='line_1_47' title="bbox 123 4325 1685 4401; baseline 0.004 -26"><span class='ocrx_word' id='word_1_352' title='bbox 123 4325 320 4394; x_wconf 76' lang='grc' dir='ltr'>καρίζει</span> <span class='ocrx_word' id='word_1_353' title='bbox 342 4329 402 4383; x_wconf 85' lang='grc' dir='ltr'><strong>τὸ</strong></span> <span class='ocrx_word' id='word_1_354' title='bbox 430 4329 704 4401; x_wconf 83' lang='grc' dir='ltr'>πλήρωμα</span> <span class='ocrx_word' id='word_1_355' title='bbox 726 4330 832 4383; x_wconf 86' lang='grc' dir='ltr'><strong>τῶν</strong></span> <span class='ocrx_word' id='word_1_356' title='bbox 871 4330 1040 4383; x_wconf 85' lang='grc' dir='ltr'>ἐθνῶν</span> <span class='ocrx_word' id='word_1_357' title='bbox 1059 4373 1073 4395; x_wconf 89' lang='grc'><strong>,</strong></span> <span class='ocrx_word' id='word_1_358' title='bbox 1110 4330 1296 4383; x_wconf 75' lang='grc' dir='ltr'>ἔπειτα</span> <span class='ocrx_word' id='word_1_359' title='bbox 1337 4329 1429 4382; x_wconf 81' lang='grc' dir='ltr'><strong>τὸν</strong></span> <span class='ocrx_word' id='word_1_360' title='bbox 1458 4329 1685 4401; x_wconf 77' lang='grc' dir='ltr'>ὕστερον</span> 
     </span>
    </p>
   </div>
   <div class='ocr_carea' id='block_1_48' title="bbox 126 4418 1681 4493">
    <p class='ocr_par' dir='ltr' id='par_1_48' title="bbox 126 4418 1681 4493">
     <span class='ocr_line' id='line_1_48' title="bbox 126 4418 1681 4493; baseline 0.003 -24"><span class='ocrx_word' id='word_1_361' title='bbox 126 4418 409 4490; x_wconf 76' lang='grc' dir='ltr'>σωζόμενον</span> <span class='ocrx_word' id='word_1_362' title='bbox 477 4421 729 4493; x_wconf 81' lang='grc' dir='ltr'>Ἰσραήλ;</span> <span class='ocrx_word' id='word_1_363' title='bbox 790 4421 1027 4485; x_wconf 78' lang='grc' dir='ltr'>Σώζεται</span> <span class='ocrx_word' id='word_1_364' title='bbox 1082 4422 1167 4484; x_wconf 85' lang='grc' dir='ltr'><strong>δέ,</strong></span> <span class='ocrx_word' id='word_1_365' title='bbox 1210 4422 1486 4493; x_wconf 83' lang='grc' dir='ltr'>δηλονότι,</span> <span class='ocrx_word' id='word_1_366' title='bbox 1522 4423 1619 4492; x_wconf 86' lang='grc' dir='ltr'><strong>οὐχ</strong></span> <span class='ocrx_word' id='word_1_367' title='bbox 1652 4423 1681 4474; x_wconf 82' lang='grc' dir='ltr'>ὁ</span> 
     </span>
    </p>
   </div>
   <div class='ocr_carea' id='block_1_49' title="bbox 123 4510 1682 4586">
    <p class='ocr_par' dir='ltr' id='par_1_49' title="bbox 123 4510 1682 4586">
     <span class='ocr_line' id='line_1_49' title="bbox 123 4510 1682 4586; baseline 0.003 -25"><span class='ocrx_word' id='word_1_368' title='bbox 123 4510 301 4580; x_wconf 80' lang='grc' dir='ltr'>τυχὼν,</span> <span class='ocrx_word' id='word_1_369' title='bbox 331 4514 466 4569; x_wconf 82' lang='grc' dir='ltr'>ἀλλὰ</span> <span class='ocrx_word' id='word_1_370' title='bbox 496 4515 559 4569; x_wconf 80' lang='grc' dir='ltr'><strong>τὸ</strong></span> <span class='ocrx_word' id='word_1_371' title='bbox 602 4515 809 4586; x_wconf 88' lang='grc' dir='ltr'>λεῖμμα</span> <span class='ocrx_word' id='word_1_372' title='bbox 847 4515 1006 4585; x_wconf 85' lang='grc' dir='ltr'>μόνον</span> <span class='ocrx_word' id='word_1_373' title='bbox 1044 4514 1106 4567; x_wconf 85' lang='grc' dir='ltr'><strong>τὸ</strong></span> <span class='ocrx_word' id='word_1_374' title='bbox 1144 4515 1266 4568; x_wconf 86' lang='grc' dir='ltr'>κατ’</span> <span class='ocrx_word' id='word_1_375' title='bbox 1312 4514 1543 4584; x_wconf 85' lang='grc' dir='ltr'>ἐκλογὴν</span> <span class='ocrx_word' id='word_1_376' title='bbox 1592 4514 1682 4584; x_wconf 68' lang='grc' dir='ltr'><strong>χὰν</strong></span> 
     </span>
    </p>
   </div>
   <div class='ocr_carea' id='block_1_50' title="bbox 128 4605 1683 4680">
    <p class='ocr_par' dir='ltr' id='par_1_50' title="bbox 128 4605 1683 4680">
     <span class='ocr_line' id='line_1_50' title="bbox 128 4605 1683 4680; baseline 0.004 -26"><span class='ocrx_word' id='word_1_377' title='bbox 128 4619 276 4671; x_wconf 83' lang='grc' dir='ltr'>ριτος.</span> <span class='ocrx_word' id='word_1_378' title='bbox 303 4608 398 4662; x_wconf 80' lang='grc' dir='ltr'><strong>Διὰ</strong></span> <span class='ocrx_word' id='word_1_379' title='bbox 421 4607 578 4661; x_wconf 78' lang='grc' dir='ltr'>τοῦτό</span> <span class='ocrx_word' id='word_1_380' title='bbox 601 4625 767 4680; x_wconf 81' lang='grc' dir='ltr'>φησι·</span> <span class='ocrx_word' id='word_1_381' title='bbox 798 4607 957 4673; x_wconf 84' lang='grc' dir='ltr'>Λαὸς</span> <span class='ocrx_word' id='word_1_382' title='bbox 983 4606 1055 4660; x_wconf 84' lang='grc' dir='ltr'><strong>ὃν</strong></span> <span class='ocrx_word' id='word_1_383' title='bbox 1077 4605 1396 4671; x_wconf 77' lang='grc' dir='ltr'>ἐξελέξατο</span> <span class='ocrx_word' id='word_1_384' title='bbox 1418 4608 1505 4672; x_wconf 86' lang='grc' dir='ltr'>εὶς</span> <span class='ocrx_word' id='word_1_385' title='bbox 1537 4610 1683 4674; x_wconf 75' lang='grc' dir='ltr'>κλη-</span> 
     </span>
    </p>
   </div>
   <div class='ocr_carea' id='block_1_51' title="bbox 120 4698 622 4767">
    <p class='ocr_par' dir='ltr' id='par_1_51' title="bbox 120 4698 622 4767">
     <span class='ocr_line' id='line_1_51' title="bbox 120 4698 622 4767; baseline 0.012 -19"><span class='ocrx_word' id='word_1_386' title='bbox 120 4700 389 4767; x_wconf 78' lang='grc' dir='ltr'>ρονομίαν</span> <span class='ocrx_word' id='word_1_387' title='bbox 411 4698 622 4766; x_wconf 83' lang='grc' dir='ltr'>ἐαυτῷ.</span> 
     </span>
    </p>
   </div>
   <div class='ocr_carea' id='block_1_52' title="bbox 1802 573 3384 643">
    <p class='ocr_par' dir='ltr' id='par_1_52' title="bbox 1802 573 3384 643">
     <span class='ocr_line' id='line_1_52' title="bbox 1802 573 3384 643; baseline 0.008 -21"><span class='ocrx_word' id='word_1_388' title='bbox 1802 584 1974 624; x_wconf 87' lang='lat' dir='ltr'><strong>manet</strong></span> <span class='ocrx_word' id='word_1_389' title='bbox 1999 586 2018 623; x_wconf 93' lang='lat'><strong><em>:</em></strong></span> <span class='ocrx_word' id='word_1_390' title='bbox 2051 573 2401 641; x_wconf 78' lang='lat' dir='ltr'><strong>cogitationes</strong></span> <span class='ocrx_word' id='word_1_391' title='bbox 2435 573 2614 626; x_wconf 85' lang='lat' dir='ltr'><strong>cordis</strong></span> <span class='ocrx_word' id='word_1_392' title='bbox 2649 574 2764 642; x_wconf 88' lang='lat' dir='ltr'><strong>ejus</strong></span> <span class='ocrx_word' id='word_1_393' title='bbox 2812 575 2866 627; x_wconf 91' lang='lat' dir='ltr'><strong>in</strong></span> <span class='ocrx_word' id='word_1_394' title='bbox 2914 579 3297 643; x_wconf 79' lang='lat' dir='ltr'><strong>generationem</strong></span> <span class='ocrx_word' id='word_1_395' title='bbox 3333 587 3384 634; x_wconf 78' lang='lat' dir='ltr'><strong>et</strong></span> 
     </span>
    </p>
   </div>
   <div class='ocr_carea' id='block_1_53' title="bbox 1799 662 3384 736">
    <p class='ocr_par' dir='ltr' id='par_1_53' title="bbox 1799 662 3384 736">
     <span class='ocr_line' id='line_1_53' title="bbox 1799 662 3384 736; baseline 0.007 -22"><span class='ocrx_word' id='word_1_396' title='bbox 1799 664 2209 731; x_wconf 74' lang='lat' dir='ltr'><strong>generationem.</strong></span> <span class='ocrx_word' id='word_1_397' title='bbox 2242 662 2357 717; x_wconf 88' lang='lat' dir='ltr'><strong>Non</strong></span> <span class='ocrx_word' id='word_1_398' title='bbox 2390 665 2540 720; x_wconf 86' lang='lat' dir='ltr'><strong>vides</strong></span> <span class='ocrx_word' id='word_1_399' title='bbox 2598 666 2840 734; x_wconf 75' lang='lat' dir='ltr'><strong>gentium</strong></span> <span class='ocrx_word' id='word_1_400' title='bbox 2872 667 3146 736; x_wconf 76' lang='lat' dir='ltr'><strong>dogmata,</strong></span> <span class='ocrx_word' id='word_1_401' title='bbox 3188 684 3384 725; x_wconf 89' lang='lat' dir='ltr'><strong>vanam</strong></span> 
     </span>
    </p>
   </div>
   <div class='ocr_carea' id='block_1_54' title="bbox 1801 753 3385 826">
    <p class='ocr_par' dir='ltr' id='par_1_54' title="bbox 1801 753 3385 826">
     <span class='ocr_line' id='line_1_54' title="bbox 1801 753 3385 826; baseline 0.008 -21"><span class='ocrx_word' id='word_1_402' title='bbox 1801 753 1941 808; x_wconf 88' lang='lat' dir='ltr'><strong>hanc</strong></span> <span class='ocrx_word' id='word_1_403' title='bbox 1991 755 2408 824; x_wconf 84' lang='lat' dir='ltr'><strong>philosophiam,</strong></span> <span class='ocrx_word' id='word_1_404' title='bbox 2465 772 2625 826; x_wconf 90' lang='lat' dir='ltr'><strong>quam</strong></span> <span class='ocrx_word' id='word_1_405' title='bbox 2674 758 2899 812; x_wconf 83' lang='lat' dir='ltr'><strong>subtiles</strong></span> <span class='ocrx_word' id='word_1_406' title='bbox 2948 760 3058 813; x_wconf 89' lang='lat' dir='ltr'><strong>sint</strong></span> <span class='ocrx_word' id='word_1_407' title='bbox 3101 768 3157 814; x_wconf 91' lang='lat' dir='ltr'><strong>et</strong></span> <span class='ocrx_word' id='word_1_408' title='bbox 3196 761 3385 817; x_wconf 80' lang='lat' dir='ltr'><strong>eximii</strong></span> 
     </span>
    </p>
   </div>
   <div class='ocr_carea' id='block_1_55' title="bbox 1800 846 3385 916">
    <p class='ocr_par' dir='ltr' id='par_1_55' title="bbox 1800 846 3385 916">
     <span class='ocr_line' id='line_1_55' title="bbox 1800 846 3385 916; baseline 0.008 -19"><span class='ocrx_word' id='word_1_409' title='bbox 1800 848 1945 899; x_wconf 85' lang='lat' dir='ltr'><strong>circa</strong></span> <span class='ocrx_word' id='word_1_410' title='bbox 2011 846 2325 916; x_wconf 82' lang='lat' dir='ltr'><strong>dogmatum</strong></span> <span class='ocrx_word' id='word_1_411' title='bbox 2368 848 2708 903; x_wconf 87' lang='lat' dir='ltr'><strong>inventiones</strong></span> <span class='ocrx_word' id='word_1_412' title='bbox 2733 889 2749 914; x_wconf 92' lang='lat'><strong>,</strong></span> <span class='ocrx_word' id='word_1_413' title='bbox 2798 858 2908 903; x_wconf 89' lang='lat' dir='ltr'><strong>tum</strong></span> <span class='ocrx_word' id='word_1_414' title='bbox 2946 853 2996 904; x_wconf 92' lang='lat' dir='ltr'><strong>in</strong></span> <span class='ocrx_word' id='word_1_415' title='bbox 3029 854 3385 909; x_wconf 75' lang='lat' dir='ltr'><strong>rationalibus</strong></span> 
     </span>
    </p>
   </div>
   <div class='ocr_carea' id='block_1_56' title="bbox 1799 938 3381 1014">
    <p class='ocr_par' dir='ltr' id='par_1_56' title="bbox 1799 938 3381 1014">
     <span class='ocr_line' id='line_1_56' title="bbox 1799 938 3381 1014; baseline 0.006 -23"><span class='ocrx_word' id='word_1_416' title='bbox 1799 938 2366 1004; x_wconf 86' lang='lat' dir='ltr'><strong>contemplationibus,</strong></span> <span class='ocrx_word' id='word_1_417' title='bbox 2397 940 2557 1010; x_wconf 79' lang='lat'><strong>139</strong></span> <span class='ocrx_word' id='word_1_418' title='bbox 2581 950 2690 994; x_wconf 89' lang='lat' dir='ltr'><strong>tum</strong></span> <span class='ocrx_word' id='word_1_419' title='bbox 2724 943 2777 995; x_wconf 91' lang='lat' dir='ltr'><strong>in</strong></span> <span class='ocrx_word' id='word_1_420' title='bbox 2832 942 3126 998; x_wconf 81' lang='lat' dir='ltr'><strong>moralibus</strong></span> <span class='ocrx_word' id='word_1_421' title='bbox 3177 959 3381 1014; x_wconf 67' lang='lat' dir='ltr'><strong>praet-e-</strong></span> 
     </span>
    </p>
   </div>
   <div class='ocr_carea' id='block_1_57' title="bbox 1798 1028 3382 1101">
    <p class='ocr_par' dir='ltr' id='par_1_57' title="bbox 1798 1028 3382 1101">
     <span class='ocr_line' id='line_1_57' title="bbox 1798 1028 3382 1101; baseline 0.008 -21"><span class='ocrx_word' id='word_1_422' title='bbox 1798 1028 2092 1096; x_wconf 77' lang='lat' dir='ltr'><strong>ptionibus,</strong></span> <span class='ocrx_word' id='word_1_423' title='bbox 2125 1038 2179 1083; x_wconf 85' lang='lat' dir='ltr'><strong>et</strong></span> <span class='ocrx_word' id='word_1_424' title='bbox 2202 1031 2254 1082; x_wconf 88' lang='lat' dir='ltr'><strong>in</strong></span> <span class='ocrx_word' id='word_1_425' title='bbox 2288 1030 2523 1101; x_wconf 85' lang='lat' dir='ltr'><strong>physicis</strong></span> <span class='ocrx_word' id='word_1_426' title='bbox 2558 1032 2877 1101; x_wconf 87' lang='lat' dir='ltr'><strong>quibusdam</strong></span> <span class='ocrx_word' id='word_1_427' title='bbox 2912 1036 3211 1090; x_wconf 89' lang='lat' dir='ltr'><strong>rationibus</strong></span> <span class='ocrx_word' id='word_1_428' title='bbox 3234 1038 3382 1093; x_wconf 79' lang='lat' dir='ltr'><strong>aliis-</strong></span> 
     </span>
    </p>
   </div>
   <div class='ocr_carea' id='block_1_58' title="bbox 1798 1121 3380 1197">
    <p class='ocr_par' dir='ltr' id='par_1_58' title="bbox 1798 1121 3380 1197">
     <span class='ocr_line' id='line_1_58' title="bbox 1798 1121 3380 1197; baseline 0.011 -31"><span class='ocrx_word' id='word_1_429' title='bbox 1798 1134 1903 1187; x_wconf 89' lang='lat' dir='ltr'><strong>qne</strong></span> <span class='ocrx_word' id='word_1_430' title='bbox 1938 1121 2226 1189; x_wconf 80' lang='lat' dir='ltr'><strong>epopticis,</strong></span> <span class='ocrx_word' id='word_1_431' title='bbox 2260 1137 2378 1190; x_wconf 65' lang='lat' dir='ltr'><strong>quae</strong></span> <span class='ocrx_word' id='word_1_432' title='bbox 2426 1135 2646 1190; x_wconf 84' lang='lat' dir='ltr'><strong>vocant,</strong></span> <span class='ocrx_word' id='word_1_433' title='bbox 2690 1124 3032 1194; x_wconf 74' lang='lat' dir='ltr'><strong>dogmatibus</strong></span> <span class='ocrx_word' id='word_1_434' title='bbox 3061 1128 3380 1197; x_wconf 87' lang='lat' dir='ltr'><strong>?quomodo</strong></span> 
     </span>
    </p>
   </div>
   <div class='ocr_carea' id='block_1_59' title="bbox 1796 1211 3382 1279">
    <p class='ocr_par' dir='ltr' id='par_1_59' title="bbox 1796 1211 3382 1279">
     <span class='ocr_line' id='line_1_59' title="bbox 1796 1211 3382 1279; baseline 0.006 -14"><span class='ocrx_word' id='word_1_435' title='bbox 1796 1211 2053 1279; x_wconf 86' lang='lat' dir='ltr'><strong>dissipata</strong></span> <span class='ocrx_word' id='word_1_436' title='bbox 2100 1212 2208 1264; x_wconf 90' lang='lat' dir='ltr'><strong>sint</strong></span> <span class='ocrx_word' id='word_1_437' title='bbox 2253 1214 2457 1277; x_wconf 80' lang='lat' dir='ltr'><strong>omnia,</strong></span> <span class='ocrx_word' id='word_1_438' title='bbox 2509 1223 2563 1267; x_wconf 90' lang='lat' dir='ltr'><strong>et</strong></span> <span class='ocrx_word' id='word_1_439' title='bbox 2617 1215 2825 1267; x_wconf 79' lang='lat' dir='ltr'><strong>inutilia</strong></span> <span class='ocrx_word' id='word_1_440' title='bbox 2874 1216 3009 1270; x_wconf 83' lang='lat' dir='ltr'><strong>laeta</strong></span> <span class='ocrx_word' id='word_1_441' title='bbox 3040 1257 3054 1278; x_wconf 89' lang='lat'><strong>,</strong></span> <span class='ocrx_word' id='word_1_442' title='bbox 3090 1233 3193 1270; x_wconf 92' lang='lat' dir='ltr'><strong>una</strong></span> <span class='ocrx_word' id='word_1_443' title='bbox 3252 1233 3382 1275; x_wconf 89' lang='lat' dir='ltr'><strong>vero</strong></span> 
     </span>
    </p>
   </div>
   <div class='ocr_carea' id='block_1_60' title="bbox 1797 1301 3379 1374">
    <p class='ocr_par' dir='ltr' id='par_1_60' title="bbox 1797 1301 3379 1374">
     <span class='ocr_line' id='line_1_60' title="bbox 1797 1301 3379 1374; baseline 0.004 -19"><span class='ocrx_word' id='word_1_444' title='bbox 1797 1301 2074 1370; x_wconf 78' lang='lat' dir='ltr'><strong>Evangelii</strong></span> <span class='ocrx_word' id='word_1_445' title='bbox 2107 1303 2308 1357; x_wconf 89' lang='lat' dir='ltr'><strong>veritas</strong></span> <span class='ocrx_word' id='word_1_446' title='bbox 2332 1319 2476 1357; x_wconf 89' lang='lat' dir='ltr'><strong>nunc</strong></span> <span class='ocrx_word' id='word_1_447' title='bbox 2510 1304 2561 1355; x_wconf 93' lang='lat' dir='ltr'><strong>in</strong></span> <span class='ocrx_word' id='word_1_448' title='bbox 2592 1307 2794 1358; x_wconf 84' lang='lat' dir='ltr'><strong>nmndo</strong></span> <span class='ocrx_word' id='word_1_449' title='bbox 2819 1305 3027 1374; x_wconf 82' lang='lat' dir='ltr'><strong>vigeat?</strong></span> <span class='ocrx_word' id='word_1_450' title='bbox 3046 1305 3204 1359; x_wconf 85' lang='lat' dir='ltr'><strong>Multa</strong></span> <span class='ocrx_word' id='word_1_451' title='bbox 3233 1309 3379 1361; x_wconf 87' lang='lat' dir='ltr'><strong>enim</strong></span> 
     </span>
    </p>
   </div>
   <div class='ocr_carea' id='block_1_61' title="bbox 1796 1393 3380 1468">
    <p class='ocr_par' dir='ltr' id='par_1_61' title="bbox 1796 1393 3380 1468">
     <span class='ocr_line' id='line_1_61' title="bbox 1796 1393 3380 1468; baseline 0.004 -21"><span class='ocrx_word' id='word_1_452' title='bbox 1796 1393 1847 1447; x_wconf 91' lang='lat' dir='ltr'><strong>in</strong></span> <span class='ocrx_word' id='word_1_453' title='bbox 1882 1395 2158 1448; x_wconf 84' lang='lat' dir='ltr'><strong>hominum</strong></span> <span class='ocrx_word' id='word_1_454' title='bbox 2197 1397 2449 1450; x_wconf 89' lang='lat' dir='ltr'><strong>cordibus</strong></span> <span class='ocrx_word' id='word_1_455' title='bbox 2482 1397 2795 1452; x_wconf 84' lang='lat' dir='ltr'><strong>volutantur</strong></span> <span class='ocrx_word' id='word_1_456' title='bbox 2819 1398 3041 1453; x_wconf 89' lang='lat' dir='ltr'><strong>consilia</strong></span> <span class='ocrx_word' id='word_1_457' title='bbox 3075 1416 3089 1463; x_wconf 91' lang='lat'><strong>;</strong></span> <span class='ocrx_word' id='word_1_458' title='bbox 3117 1400 3207 1453; x_wconf 87' lang='lat' dir='ltr'><strong>sed</strong></span> <span class='ocrx_word' id='word_1_459' title='bbox 3239 1416 3380 1468; x_wconf 75' lang='lat' dir='ltr'><strong>pra:-</strong></span> 
     </span>
    </p>
   </div>
   <div class='ocr_carea' id='block_1_62' title="bbox 1794 1486 3375 1560">
    <p class='ocr_par' dir='ltr' id='par_1_62' title="bbox 1794 1486 3375 1560">
     <span class='ocr_line' id='line_1_62' title="bbox 1794 1486 3375 1560; baseline 0.005 -23"><span class='ocrx_word' id='word_1_460' title='bbox 1794 1486 1965 1540; x_wconf 87' lang='lat' dir='ltr'><strong>valuit</strong></span> <span class='ocrx_word' id='word_1_461' title='bbox 1992 1487 2202 1542; x_wconf 90' lang='lat' dir='ltr'><strong>Domini</strong></span> <span class='ocrx_word' id='word_1_462' title='bbox 2237 1490 2542 1544; x_wconf 87' lang='lat' dir='ltr'><strong>consilium.</strong></span> <span class='ocrx_word' id='word_1_463' title='bbox 2577 1491 2644 1544; x_wconf 85' lang='lat' dir='ltr'><strong>Et</strong></span> <span class='ocrx_word' id='word_1_464' title='bbox 2683 1493 2897 1560; x_wconf 91' lang='lat' dir='ltr'><strong>quidem</strong></span> <span class='ocrx_word' id='word_1_465' title='bbox 2930 1507 3153 1547; x_wconf 85' lang='lat' dir='ltr'><strong>necesse</strong></span> <span class='ocrx_word' id='word_1_466' title='bbox 3180 1503 3284 1558; x_wconf 89' lang='lat' dir='ltr'><strong>est,</strong></span> <span class='ocrx_word' id='word_1_467' title='bbox 3329 1493 3375 1548; x_wconf 89' lang='lat' dir='ltr'><strong>si</strong></span> 
     </span>
    </p>
   </div>
   <div class='ocr_carea' id='block_1_63' title="bbox 1794 1578 3374 1640">
    <p class='ocr_par' dir='ltr' id='par_1_63' title="bbox 1794 1578 3374 1640">
     <span class='ocr_line' id='line_1_63' title="bbox 1794 1578 3374 1640; baseline 0.004 -8"><span class='ocrx_word' id='word_1_468' title='bbox 1794 1578 1888 1632; x_wconf 89' lang='lat' dir='ltr'><strong>Dei</strong></span> <span class='ocrx_word' id='word_1_469' title='bbox 1922 1580 2204 1634; x_wconf 87' lang='lat' dir='ltr'><strong>consilium</strong></span> <span class='ocrx_word' id='word_1_470' title='bbox 2232 1582 2429 1636; x_wconf 86' lang='lat' dir='ltr'><strong>stabile</strong></span> <span class='ocrx_word' id='word_1_471' title='bbox 2479 1597 2543 1636; x_wconf 88' lang='lat' dir='ltr'><strong>ac</strong></span> <span class='ocrx_word' id='word_1_472' title='bbox 2584 1585 2799 1637; x_wconf 89' lang='lat' dir='ltr'><strong>lirmum</strong></span> <span class='ocrx_word' id='word_1_473' title='bbox 2832 1582 2886 1636; x_wconf 90' lang='lat' dir='ltr'><strong>in</strong></span> <span class='ocrx_word' id='word_1_474' title='bbox 2932 1584 3127 1638; x_wconf 86' lang='lat' dir='ltr'><strong>animis</strong></span> <span class='ocrx_word' id='word_1_475' title='bbox 3172 1586 3374 1640; x_wconf 84' lang='lat' dir='ltr'><strong>nostris</strong></span> 
     </span>
    </p>
   </div>
   <div class='ocr_carea' id='block_1_64' title="bbox 1792 1672 3378 1745">
    <p class='ocr_par' dir='ltr' id='par_1_64' title="bbox 1792 1672 3378 1745">
     <span class='ocr_line' id='line_1_64' title="bbox 1792 1672 3378 1745; baseline 0.006 -21"><span class='ocrx_word' id='word_1_476' title='bbox 1792 1686 2111 1740; x_wconf 83' lang='lat' dir='ltr'><strong>permanere</strong></span> <span class='ocrx_word' id='word_1_477' title='bbox 2166 1672 2355 1739; x_wconf 89' lang='lat' dir='ltr'><strong>debet,</strong></span> <span class='ocrx_word' id='word_1_478' title='bbox 2402 1683 2459 1728; x_wconf 91' lang='lat' dir='ltr'><strong>ut</strong></span> <span class='ocrx_word' id='word_1_479' title='bbox 2512 1676 2662 1745; x_wconf 91' lang='lat' dir='ltr'><strong>prius</strong></span> <span class='ocrx_word' id='word_1_480' title='bbox 2708 1676 2760 1729; x_wconf 90' lang='lat' dir='ltr'><strong>in</strong></span> <span class='ocrx_word' id='word_1_481' title='bbox 2808 1676 2965 1731; x_wconf 88' lang='lat' dir='ltr'><strong>nobis</strong></span> <span class='ocrx_word' id='word_1_482' title='bbox 3019 1677 3378 1744; x_wconf 76' lang='lat' dir='ltr'><strong>cogitationes</strong></span> 
     </span>
    </p>
   </div>
   <div class='ocr_carea' id='block_1_65' title="bbox 1796 1764 3375 1838">
    <p class='ocr_par' dir='ltr' id='par_1_65' title="bbox 1796 1764 3375 1838">
     <span class='ocr_line' id='line_1_65' title="bbox 1796 1764 3375 1838; baseline 0.003 -22"><span class='ocrx_word' id='word_1_483' title='bbox 1796 1764 2043 1819; x_wconf 61' lang='lat' dir='ltr'><strong>humanae</strong></span> <span class='ocrx_word' id='word_1_484' title='bbox 2090 1765 2438 1835; x_wconf 86' lang='lat' dir='ltr'><strong>dissipentur.</strong></span> <span class='ocrx_word' id='word_1_485' title='bbox 2490 1768 2948 1833; x_wconf 78' lang='lat' dir='ltr'><strong>Quemadmodum</strong></span> <span class='ocrx_word' id='word_1_486' title='bbox 2998 1769 3141 1823; x_wconf 87' lang='lat' dir='ltr'><strong>enim</strong></span> <span class='ocrx_word' id='word_1_487' title='bbox 3179 1769 3269 1838; x_wconf 91' lang='lat' dir='ltr'><strong>qui</strong></span> <span class='ocrx_word' id='word_1_488' title='bbox 3319 1769 3375 1822; x_wconf 87' lang='lat' dir='ltr'><strong>in</strong></span> 
     </span>
    </p>
   </div>
   <div class='ocr_carea' id='block_1_66' title="bbox 1792 1857 3371 1929">
    <p class='ocr_par' dir='ltr' id='par_1_66' title="bbox 1792 1857 3371 1929">
     <span class='ocr_line' id='line_1_66' title="bbox 1792 1857 3371 1929; baseline 0.002 -20"><span class='ocrx_word' id='word_1_489' title='bbox 1792 1871 1912 1909; x_wconf 89' lang='lat' dir='ltr'><strong>cera</strong></span> <span class='ocrx_word' id='word_1_490' title='bbox 1933 1857 2232 1927; x_wconf 90' lang='lat' dir='ltr'><strong>scripturus</strong></span> <span class='ocrx_word' id='word_1_491' title='bbox 2263 1867 2366 1922; x_wconf 89' lang='lat' dir='ltr'><strong>est,</strong></span> <span class='ocrx_word' id='word_1_492' title='bbox 2385 1874 2445 1912; x_wconf 88' lang='lat' dir='ltr'><strong>ea</strong></span> <span class='ocrx_word' id='word_1_493' title='bbox 2477 1860 2625 1926; x_wconf 86' lang='lat' dir='ltr'><strong>prius</strong></span> <span class='ocrx_word' id='word_1_494' title='bbox 2669 1860 3119 1929; x_wconf 86' lang='lat' dir='ltr'><strong>complanata,ita</strong></span> <span class='ocrx_word' id='word_1_495' title='bbox 3156 1862 3371 1914; x_wconf 88' lang='lat' dir='ltr'><strong>demum</strong></span> 
     </span>
    </p>
   </div>
   <div class='ocr_carea' id='block_1_67' title="bbox 1791 1935 3428 2017">
    <p class='ocr_par' dir='ltr' id='par_1_67' title="bbox 1791 1935 3428 2017">
     <span class='ocr_line' id='line_1_67' title="bbox 1791 1935 3428 2017; baseline 0.002 -18"><span class='ocrx_word' id='word_1_496' title='bbox 1791 1960 1925 2014; x_wconf 90' lang='lat' dir='ltr'><strong>quas</strong></span> <span class='ocrx_word' id='word_1_497' title='bbox 1953 1945 2064 1999; x_wconf 87' lang='lat' dir='ltr'><strong>vult</strong></span> <span class='ocrx_word' id='word_1_498' title='bbox 2100 1946 2304 2000; x_wconf 77' lang='lat' dir='ltr'><strong>formas</strong></span> <span class='ocrx_word' id='word_1_499' title='bbox 2329 1948 2588 2015; x_wconf 89' lang='lat' dir='ltr'><strong>imprimit</strong></span> <span class='ocrx_word' id='word_1_500' title='bbox 2632 1966 2646 2001; x_wconf 92' lang='lat'><strong>:</strong></span> <span class='ocrx_word' id='word_1_501' title='bbox 2682 1948 2761 2001; x_wconf 85' lang='lat' dir='ltr'><strong>sic</strong></span> <span class='ocrx_word' id='word_1_502' title='bbox 2790 1957 2843 2001; x_wconf 89' lang='lat' dir='ltr'><strong>et</strong></span> <span class='ocrx_word' id='word_1_503' title='bbox 2872 1964 2967 2002; x_wconf 89' lang='lat' dir='ltr'><strong>cor</strong></span> <span class='ocrx_word' id='word_1_504' title='bbox 3004 1950 3144 2017; x_wconf 91' lang='lat' dir='ltr'><strong>quod</strong></span> <span class='ocrx_word' id='word_1_505' title='bbox 3191 1948 3374 2002; x_wconf 76' lang='lat' dir='ltr'><strong>divina</strong></span> <span class='ocrx_word' id='word_1_506' title='bbox 3425 1935 3428 1939; x_wconf 43' lang='grc'><strong><em>’</em></strong></span> 
     </span>
    </p>
   </div>
   <div class='ocr_carea' id='block_1_68' title="bbox 1789 2037 3375 2109">
    <p class='ocr_par' dir='ltr' id='par_1_68' title="bbox 1789 2037 3375 2109">
     <span class='ocr_line' id='line_1_68' title="bbox 1789 2037 3375 2109; baseline -0.001 -17"><span class='ocrx_word' id='word_1_507' title='bbox 1789 2037 2005 2092; x_wconf 86' lang='lat' dir='ltr'><strong>oracula</strong></span> <span class='ocrx_word' id='word_1_508' title='bbox 2065 2037 2212 2092; x_wconf 88' lang='lat' dir='ltr'><strong>clare</strong></span> <span class='ocrx_word' id='word_1_509' title='bbox 2261 2048 2636 2107; x_wconf 90' lang='lat' dir='ltr'><strong>suscepturum</strong></span> <span class='ocrx_word' id='word_1_510' title='bbox 2686 2049 2801 2105; x_wconf 91' lang='lat' dir='ltr'><strong>est,</strong></span> <span class='ocrx_word' id='word_1_511' title='bbox 2841 2055 3031 2109; x_wconf 88' lang='lat' dir='ltr'><strong>purum</strong></span> <span class='ocrx_word' id='word_1_512' title='bbox 3069 2055 3099 2093; x_wconf 88' lang='lat' dir='ltr'><strong>a</strong></span> <span class='ocrx_word' id='word_1_513' title='bbox 3155 2049 3375 2096; x_wconf 88' lang='lat' dir='ltr'><strong>contra-</strong></span> 
     </span>
    </p>
   </div>
   <div class='ocr_carea' id='block_1_69' title="bbox 1788 2129 3375 2202">
    <p class='ocr_par' dir='ltr' id='par_1_69' title="bbox 1788 2129 3375 2202">
     <span class='ocr_line' id='line_1_69' title="bbox 1788 2129 3375 2202; baseline 0 -18"><span class='ocrx_word' id='word_1_514' title='bbox 1788 2131 1886 2184; x_wconf 88' lang='lat' dir='ltr'><strong>riis</strong></span> <span class='ocrx_word' id='word_1_515' title='bbox 1924 2129 2337 2198; x_wconf 78' lang='lat' dir='ltr'><strong>cogitatiouibus</strong></span> <span class='ocrx_word' id='word_1_516' title='bbox 2385 2131 2534 2185; x_wconf 86' lang='lat' dir='ltr'><strong>reddi</strong></span> <span class='ocrx_word' id='word_1_517' title='bbox 2580 2141 2809 2201; x_wconf 84' lang='lat' dir='ltr'><strong>oportet.</strong></span> <span class='ocrx_word' id='word_1_518' title='bbox 2856 2132 3212 2202; x_wconf 82' lang='lat' dir='ltr'><strong>Cogitationes</strong></span> <span class='ocrx_word' id='word_1_519' title='bbox 3256 2147 3375 2186; x_wconf 76' lang='lat' dir='ltr'><strong>cor—</strong></span> 
     </span>
    </p>
   </div>
   <div class='ocr_carea' id='block_1_70' title="bbox 1788 2219 3374 2291">
    <p class='ocr_par' dir='ltr' id='par_1_70' title="bbox 1788 2219 3374 2291">
     <span class='ocr_line' id='line_1_70' title="bbox 1788 2219 3374 2291; baseline 0.002 -18"><span class='ocrx_word' id='word_1_520' title='bbox 1788 2221 1869 2273; x_wconf 85' lang='lat' dir='ltr'><strong>dis</strong></span> <span class='ocrx_word' id='word_1_521' title='bbox 1913 2219 2026 2289; x_wconf 86' lang='lat' dir='ltr'><strong>ejus</strong></span> <span class='ocrx_word' id='word_1_522' title='bbox 2074 2221 2131 2272; x_wconf 89' lang='lat' dir='ltr'><strong>in</strong></span> <span class='ocrx_word' id='word_1_523' title='bbox 2178 2221 2564 2289; x_wconf 83' lang='lat' dir='ltr'><strong>generationem</strong></span> <span class='ocrx_word' id='word_1_524' title='bbox 2624 2233 2668 2274; x_wconf 87' lang='lat' dir='ltr'><strong>et</strong></span> <span class='ocrx_word' id='word_1_525' title='bbox 2733 2223 3138 2291; x_wconf 87' lang='lat' dir='ltr'><strong>generationem.</strong></span> <span class='ocrx_word' id='word_1_526' title='bbox 3187 2220 3374 2290; x_wconf 85' lang='lat' dir='ltr'><strong>Itaque</strong></span> 
     </span>
    </p>
   </div>
   <div class='ocr_carea' id='block_1_71' title="bbox 1788 2310 3372 2381">
    <p class='ocr_par' dir='ltr' id='par_1_71' title="bbox 1788 2310 3372 2381">
     <span class='ocr_line' id='line_1_71' title="bbox 1788 2310 3372 2381; baseline 0.001 -17"><span class='ocrx_word' id='word_1_527' title='bbox 1788 2311 1963 2381; x_wconf 70' lang='lat' dir='ltr'><strong>polluli</strong></span> <span class='ocrx_word' id='word_1_528' title='bbox 2002 2310 2157 2366; x_wconf 91' lang='lat' dir='ltr'><strong>electi</strong></span> <span class='ocrx_word' id='word_1_529' title='bbox 2196 2311 2304 2365; x_wconf 88' lang='lat' dir='ltr'><strong>duo</strong></span> <span class='ocrx_word' id='word_1_530' title='bbox 2348 2327 2468 2365; x_wconf 91' lang='lat' dir='ltr'><strong>cum</strong></span> <span class='ocrx_word' id='word_1_531' title='bbox 2510 2312 2644 2377; x_wconf 89' lang='lat' dir='ltr'><strong>sint,</strong></span> <span class='ocrx_word' id='word_1_532' title='bbox 2676 2313 2889 2381; x_wconf 92' lang='lat' dir='ltr'><strong>duoque</strong></span> <span class='ocrx_word' id='word_1_533' title='bbox 2939 2313 3019 2367; x_wconf 91' lang='lat' dir='ltr'><strong>eis</strong></span> <span class='ocrx_word' id='word_1_534' title='bbox 3053 2314 3244 2368; x_wconf 88' lang='lat' dir='ltr'><strong>tradita</strong></span> <span class='ocrx_word' id='word_1_535' title='bbox 3292 2323 3372 2367; x_wconf 57' lang='lat' dir='ltr'><strong>te-</strong></span> 
     </span>
    </p>
   </div>
   <div class='ocr_carea' id='block_1_72' title="bbox 1788 2402 3372 2475">
    <p class='ocr_par' dir='ltr' id='par_1_72' title="bbox 1788 2402 3372 2475">
     <span class='ocr_line' id='line_1_72' title="bbox 1788 2402 3372 2475; baseline 0.001 -17"><span class='ocrx_word' id='word_1_536' title='bbox 1788 2413 2053 2458; x_wconf 86' lang='lat' dir='ltr'><strong>stamenta</strong></span> <span class='ocrx_word' id='word_1_537' title='bbox 2075 2445 2090 2470; x_wconf 95' lang='lat'><strong>,</strong></span> <span class='ocrx_word' id='word_1_538' title='bbox 2120 2418 2216 2473; x_wconf 83' lang='lat' dir='ltr'><strong>per</strong></span> <span class='ocrx_word' id='word_1_539' title='bbox 2247 2403 2394 2468; x_wconf 90' lang='lat' dir='ltr'><strong>illud,</strong></span> <span class='ocrx_word' id='word_1_540' title='bbox 2436 2402 2793 2473; x_wconf 77' lang='lat' dir='ltr'><strong>Cogitationes</strong></span> <span class='ocrx_word' id='word_1_541' title='bbox 2836 2406 3007 2459; x_wconf 82' lang='lat' dir='ltr'><strong>cordis</strong></span> <span class='ocrx_word' id='word_1_542' title='bbox 3038 2405 3150 2473; x_wconf 86' lang='lat' dir='ltr'><strong>ejus</strong></span> <span class='ocrx_word' id='word_1_543' title='bbox 3182 2406 3237 2462; x_wconf 82' lang='lat' dir='ltr'><strong>in</strong></span> <span class='ocrx_word' id='word_1_544' title='bbox 3281 2422 3372 2475; x_wconf 86' lang='lat' dir='ltr'><strong>ge-</strong></span> 
     </span>
    </p>
   </div>
   <div class='ocr_carea' id='block_1_73' title="bbox 1789 2496 3375 2567">
    <p class='ocr_par' dir='ltr' id='par_1_73' title="bbox 1789 2496 3375 2567">
     <span class='ocr_line' id='line_1_73' title="bbox 1789 2496 3375 2567; baseline 0.001 -18"><span class='ocrx_word' id='word_1_545' title='bbox 1789 2496 2109 2549; x_wconf 85' lang='lat' dir='ltr'><strong>nerationem</strong></span> <span class='ocrx_word' id='word_1_546' title='bbox 2160 2505 2209 2550; x_wconf 80' lang='lat' dir='ltr'><strong>et</strong></span> <span class='ocrx_word' id='word_1_547' title='bbox 2263 2497 2683 2566; x_wconf 86' lang='lat' dir='ltr'><strong>generationem,</strong></span> <span class='ocrx_word' id='word_1_548' title='bbox 2725 2506 2982 2567; x_wconf 89' lang='lat' dir='ltr'><strong>possunt,</strong></span> <span class='ocrx_word' id='word_1_549' title='bbox 3025 2497 3375 2565; x_wconf 76' lang='lat' dir='ltr'><strong>generatione</strong></span> 
     </span>
    </p>
   </div>
   <div class='ocr_carea' id='block_1_74' title="bbox 1791 2587 3369 2659">
    <p class='ocr_par' dir='ltr' id='par_1_74' title="bbox 1791 2587 3369 2659">
     <span class='ocr_line' id='line_1_74' title="bbox 1791 2587 3369 2659; baseline -0.001 -17"><span class='ocrx_word' id='word_1_550' title='bbox 1791 2589 1874 2642; x_wconf 91' lang='lat' dir='ltr'><strong>bis</strong></span> <span class='ocrx_word' id='word_1_551' title='bbox 1926 2589 2238 2650; x_wconf 87' lang='lat' dir='ltr'><strong>nominata,</strong></span> <span class='ocrx_word' id='word_1_552' title='bbox 2295 2589 2415 2642; x_wconf 67' lang='lat' dir='ltr'><strong>dua:</strong></span> <span class='ocrx_word' id='word_1_553' title='bbox 2452 2603 2665 2659; x_wconf 90' lang='lat' dir='ltr'><strong>quoque</strong></span> <span class='ocrx_word' id='word_1_554' title='bbox 2706 2589 3064 2659; x_wconf 78' lang='lat' dir='ltr'><strong>cogitationes</strong></span> <span class='ocrx_word' id='word_1_555' title='bbox 3125 2587 3369 2659; x_wconf 82' lang='lat' dir='ltr'><strong>intelligi.</strong></span> 
     </span>
    </p>
   </div>
   <div class='ocr_carea' id='block_1_75' title="bbox 1791 2677 3370 2748">
    <p class='ocr_par' dir='ltr' id='par_1_75' title="bbox 1791 2677 3370 2748">
     <span class='ocr_line' id='line_1_75' title="bbox 1791 2677 3370 2748; baseline -0.001 -16"><span class='ocrx_word' id='word_1_556' title='bbox 1791 2678 1906 2733; x_wconf 87' lang='lat' dir='ltr'><strong>Una</strong></span> <span class='ocrx_word' id='word_1_557' title='bbox 1939 2679 2156 2747; x_wconf 87' lang='lat' dir='ltr'><strong>quidem</strong></span> <span class='ocrx_word' id='word_1_558' title='bbox 2204 2680 2501 2732; x_wconf 89' lang='lat' dir='ltr'><strong>secundum</strong></span> <span class='ocrx_word' id='word_1_559' title='bbox 2548 2693 2708 2747; x_wconf 91' lang='lat' dir='ltr'><strong>quam</strong></span> <span class='ocrx_word' id='word_1_560' title='bbox 2767 2679 2917 2748; x_wconf 88' lang='lat' dir='ltr'><strong>prius</strong></span> <span class='ocrx_word' id='word_1_561' title='bbox 2964 2677 3370 2733; x_wconf 85' lang='lat' dir='ltr'><strong>Testamentum</strong></span> 
     </span>
    </p>
   </div>
   <div class='ocr_carea' id='block_1_76' title="bbox 1789 2768 3368 2838">
    <p class='ocr_par' dir='ltr' id='par_1_76' title="bbox 1789 2768 3368 2838">
     <span class='ocr_line' id='line_1_76' title="bbox 1789 2768 3368 2838; baseline -0.001 -15"><span class='ocrx_word' id='word_1_562' title='bbox 1789 2770 2097 2837; x_wconf 90' lang='lat' dir='ltr'><strong>accepimus</strong></span> <span class='ocrx_word' id='word_1_563' title='bbox 2142 2785 2158 2822; x_wconf 92' lang='lat'><strong>:</strong></span> <span class='ocrx_word' id='word_1_564' title='bbox 2197 2768 2367 2822; x_wconf 90' lang='lat' dir='ltr'><strong>altera</strong></span> <span class='ocrx_word' id='word_1_565' title='bbox 2418 2783 2570 2833; x_wconf 88' lang='lat' dir='ltr'><strong>vero,</strong></span> <span class='ocrx_word' id='word_1_566' title='bbox 2608 2783 2728 2838; x_wconf 57' lang='lat' dir='ltr'><strong>quas</strong></span> <span class='ocrx_word' id='word_1_567' title='bbox 2755 2784 2946 2822; x_wconf 85' lang='lat' dir='ltr'><strong>novam</strong></span> <span class='ocrx_word' id='word_1_568' title='bbox 2983 2777 3037 2823; x_wconf 90' lang='lat' dir='ltr'><strong>et</strong></span> <span class='ocrx_word' id='word_1_569' title='bbox 3076 2769 3368 2824; x_wconf 88' lang='lat' dir='ltr'><strong>salutarem</strong></span> 
     </span>
    </p>
   </div>
   <div class='ocr_carea' id='block_1_77' title="bbox 1787 2859 3370 2929">
    <p class='ocr_par' dir='ltr' id='par_1_77' title="bbox 1787 2859 3370 2929">
     <span class='ocr_line' id='line_1_77' title="bbox 1787 2859 3370 2929; baseline -0.001 -13"><span class='ocrx_word' id='word_1_570' title='bbox 1787 2860 1987 2916; x_wconf 85' lang='lat' dir='ltr'><strong>Christi</strong></span> <span class='ocrx_word' id='word_1_571' title='bbox 2019 2861 2322 2916; x_wconf 89' lang='lat' dir='ltr'><strong>doctrinam</strong></span> <span class='ocrx_word' id='word_1_572' title='bbox 2353 2861 2510 2915; x_wconf 91' lang='lat' dir='ltr'><strong>nobis</strong></span> <span class='ocrx_word' id='word_1_573' title='bbox 2534 2862 2724 2929; x_wconf 82' lang='lat' dir='ltr'><strong>largita</strong></span> <span class='ocrx_word' id='word_1_574' title='bbox 2755 2871 2857 2914; x_wconf 87' lang='lat' dir='ltr'><strong>est.</strong></span> <span class='ocrx_word' id='word_1_575' title='bbox 2882 2859 3042 2914; x_wconf 70' lang='lat' dir='ltr'><strong>Vens.</strong></span> <span class='ocrx_word' id='word_1_576' title='bbox 3080 2860 3168 2914; x_wconf 76' lang='grc'><strong>12.</strong></span> <span class='ocrx_word' id='word_1_577' title='bbox 3202 2860 3370 2914; x_wconf 85' lang='lat' dir='ltr'><strong>Beata</strong></span> 
     </span>
    </p>
   </div>
   <div class='ocr_carea' id='block_1_78' title="bbox 1785 2949 3369 3021">
    <p class='ocr_par' dir='ltr' id='par_1_78' title="bbox 1785 2949 3369 3021">
     <span class='ocr_line' id='line_1_78' title="bbox 1785 2949 3369 3021; baseline -0.002 -17"><span class='ocrx_word' id='word_1_578' title='bbox 1785 2967 1907 3021; x_wconf 84' lang='lat' dir='ltr'><strong>gens</strong></span> <span class='ocrx_word' id='word_1_579' title='bbox 1937 2950 2087 3019; x_wconf 80' lang='lat' dir='ltr'><strong>cujus</strong></span> <span class='ocrx_word' id='word_1_580' title='bbox 2123 2960 2195 3004; x_wconf 82' lang='lat' dir='ltr'><strong>est</strong></span> <span class='ocrx_word' id='word_1_581' title='bbox 2250 2950 2505 3004; x_wconf 87' lang='lat' dir='ltr'><strong>Dominus</strong></span> <span class='ocrx_word' id='word_1_582' title='bbox 2554 2949 2693 3002; x_wconf 88' lang='lat' dir='ltr'><strong>Deus</strong></span> <span class='ocrx_word' id='word_1_583' title='bbox 2753 2949 2913 3017; x_wconf 85' lang='lat' dir='ltr'><strong>ejus;</strong></span> <span class='ocrx_word' id='word_1_584' title='bbox 2946 2952 3172 3018; x_wconf 88' lang='lat' dir='ltr'><strong>populus</strong></span> <span class='ocrx_word' id='word_1_585' title='bbox 3217 2965 3369 3014; x_wconf 86' lang='lat' dir='ltr'><strong>quem</strong></span> 
     </span>
    </p>
   </div>
   <div class='ocr_carea' id='block_1_79' title="bbox 1786 3037 3372 3110">
    <p class='ocr_par' dir='ltr' id='par_1_79' title="bbox 1786 3037 3372 3110">
     <span class='ocr_line' id='line_1_79' title="bbox 1786 3037 3372 3110; baseline -0.001 -15"><span class='ocrx_word' id='word_1_586' title='bbox 1786 3042 1936 3110; x_wconf 84' lang='lat' dir='ltr'><strong>elegit</strong></span> <span class='ocrx_word' id='word_1_587' title='bbox 1996 3041 2053 3094; x_wconf 89' lang='lat' dir='ltr'><strong>in</strong></span> <span class='ocrx_word' id='word_1_588' title='bbox 2100 3040 2456 3095; x_wconf 80' lang='lat' dir='ltr'><strong>hwreditatem</strong></span> <span class='ocrx_word' id='word_1_589' title='bbox 2486 3040 2605 3094; x_wconf 87' lang='lat' dir='ltr'><strong>sibi.</strong></span> <span class='ocrx_word' id='word_1_590' title='bbox 2639 3037 2810 3093; x_wconf 86' lang='lat' dir='ltr'><strong>Nemo</strong></span> <span class='ocrx_word' id='word_1_591' title='bbox 2857 3041 3073 3093; x_wconf 89' lang='lat' dir='ltr'><strong>beatum</strong></span> <span class='ocrx_word' id='word_1_592' title='bbox 3116 3041 3372 3109; x_wconf 65' lang='lat' dir='ltr'><strong>praedicat</strong></span> 
     </span>
    </p>
   </div>
   <div class='ocr_carea' id='block_1_80' title="bbox 1786 3129 3370 3201">
    <p class='ocr_par' dir='ltr' id='par_1_80' title="bbox 1786 3129 3370 3201">
     <span class='ocr_line' id='line_1_80' title="bbox 1786 3129 3370 3201; baseline -0.003 -16"><span class='ocrx_word' id='word_1_593' title='bbox 1786 3130 2093 3185; x_wconf 65' lang='lat' dir='ltr'><strong>.ludaeorum</strong></span> <span class='ocrx_word' id='word_1_594' title='bbox 2127 3131 2402 3201; x_wconf 87' lang='lat' dir='ltr'><strong>populum,</strong></span> <span class='ocrx_word' id='word_1_595' title='bbox 2440 3130 2533 3185; x_wconf 91' lang='lat' dir='ltr'><strong>sed</strong></span> <span class='ocrx_word' id='word_1_596' title='bbox 2565 3146 2688 3184; x_wconf 88' lang='lat' dir='ltr'><strong>eum</strong></span> <span class='ocrx_word' id='word_1_597' title='bbox 2723 3129 3000 3198; x_wconf 87' lang='lat' dir='ltr'><strong>populum,</strong></span> <span class='ocrx_word' id='word_1_598' title='bbox 3035 3131 3124 3199; x_wconf 84' lang='lat' dir='ltr'><strong>qui</strong></span> <span class='ocrx_word' id='word_1_599' title='bbox 3158 3143 3226 3181; x_wconf 75' lang='lat' dir='ltr'><strong>ex</strong></span> <span class='ocrx_word' id='word_1_600' title='bbox 3252 3144 3370 3182; x_wconf 89' lang='lat' dir='ltr'><strong>om-</strong></span> 
     </span>
    </p>
   </div>
   <div class='ocr_carea' id='block_1_81' title="bbox 1789 3221 3371 3291">
    <p class='ocr_par' dir='ltr' id='par_1_81' title="bbox 1789 3221 3371 3291">
     <span class='ocr_line' id='line_1_81' title="bbox 1789 3221 3371 3291; baseline -0.001 -16"><span class='ocrx_word' id='word_1_601' title='bbox 1789 3223 1944 3276; x_wconf 90' lang='lat' dir='ltr'><strong>nibus</strong></span> <span class='ocrx_word' id='word_1_602' title='bbox 1970 3222 2181 3291; x_wconf 90' lang='lat' dir='ltr'><strong>populis</strong></span> <span class='ocrx_word' id='word_1_603' title='bbox 2227 3222 2305 3277; x_wconf 88' lang='lat' dir='ltr'><strong>sic</strong></span> <span class='ocrx_word' id='word_1_604' title='bbox 2344 3222 2547 3277; x_wconf 87' lang='lat' dir='ltr'><strong>electus</strong></span> <span class='ocrx_word' id='word_1_605' title='bbox 2594 3230 2697 3287; x_wconf 86' lang='lat' dir='ltr'><strong>est,</strong></span> <span class='ocrx_word' id='word_1_606' title='bbox 2733 3231 2794 3276; x_wconf 90' lang='lat' dir='ltr'><strong>ut</strong></span> <span class='ocrx_word' id='word_1_607' title='bbox 2829 3221 3016 3290; x_wconf 86' lang='lat' dir='ltr'><strong>optimi</strong></span> <span class='ocrx_word' id='word_1_608' title='bbox 3051 3222 3249 3290; x_wconf 92' lang='lat' dir='ltr'><strong>quique</strong></span> <span class='ocrx_word' id='word_1_609' title='bbox 3283 3236 3371 3274; x_wconf 79' lang='lat' dir='ltr'><strong>se-</strong></span> 
     </span>
    </p>
   </div>
   <div class='ocr_carea' id='block_1_82' title="bbox 1786 3313 3367 3385">
    <p class='ocr_par' dir='ltr' id='par_1_82' title="bbox 1786 3313 3367 3385">
     <span class='ocr_line' id='line_1_82' title="bbox 1786 3313 3367 3385; baseline -0.001 -17"><span class='ocrx_word' id='word_1_610' title='bbox 1786 3314 1910 3369; x_wconf 80' lang='lat' dir='ltr'><strong>lecti</strong></span> <span class='ocrx_word' id='word_1_611' title='bbox 1968 3316 2099 3370; x_wconf 87' lang='lat' dir='ltr'><strong>sint.</strong></span> <span class='ocrx_word' id='word_1_612' title='bbox 2131 3313 2329 3369; x_wconf 89' lang='lat' dir='ltr'><strong>Sumus</strong></span> <span class='ocrx_word' id='word_1_613' title='bbox 2380 3315 2523 3369; x_wconf 92' lang='lat' dir='ltr'><strong>enim</strong></span> <span class='ocrx_word' id='word_1_614' title='bbox 2554 3329 2687 3385; x_wconf 85' lang='lat' dir='ltr'><strong>gens</strong></span> <span class='ocrx_word' id='word_1_615' title='bbox 2722 3313 2809 3367; x_wconf 88' lang='lat' dir='ltr'><strong>illa</strong></span> <span class='ocrx_word' id='word_1_616' title='bbox 2854 3328 2969 3379; x_wconf 88' lang='lat' dir='ltr'><strong>nos,</strong></span> <span class='ocrx_word' id='word_1_617' title='bbox 3002 3329 3232 3382; x_wconf 92' lang='lat' dir='ltr'><strong>quorum</strong></span> <span class='ocrx_word' id='word_1_618' title='bbox 3281 3323 3367 3368; x_wconf 84' lang='lat' dir='ltr'><strong>est</strong></span> 
     </span>
    </p>
   </div>
   <div class='ocr_carea' id='block_1_83' title="bbox 1785 3405 3359 3474">
    <p class='ocr_par' dir='ltr' id='par_1_83' title="bbox 1785 3405 3359 3474">
     <span class='ocr_line' id='line_1_83' title="bbox 1785 3405 3359 3474; baseline -0.003 -11"><span class='ocrx_word' id='word_1_619' title='bbox 1785 3410 2043 3463; x_wconf 87' lang='lat' dir='ltr'><strong>Dominus</strong></span> <span class='ocrx_word' id='word_1_620' title='bbox 2099 3409 2238 3463; x_wconf 90' lang='lat' dir='ltr'><strong>Deus</strong></span> <span class='ocrx_word' id='word_1_621' title='bbox 2280 3417 2463 3463; x_wconf 84' lang='lat' dir='ltr'><strong>noster</strong></span> <span class='ocrx_word' id='word_1_622' title='bbox 2502 3426 2517 3463; x_wconf 87' lang='lat'>:</span> <span class='ocrx_word' id='word_1_623' title='bbox 2552 3423 2651 3462; x_wconf 86' lang='lat' dir='ltr'><strong>nos</strong></span> <span class='ocrx_word' id='word_1_624' title='bbox 2683 3422 2868 3461; x_wconf 88' lang='lat' dir='ltr'><strong>sumus</strong></span> <span class='ocrx_word' id='word_1_625' title='bbox 2912 3406 3074 3461; x_wconf 90' lang='lat' dir='ltr'><strong>etiam</strong></span> <span class='ocrx_word' id='word_1_626' title='bbox 3106 3405 3359 3474; x_wconf 88' lang='lat' dir='ltr'><strong>populus,</strong></span> 
     </span>
    </p>
   </div>
   <div class='ocr_carea' id='block_1_84' title="bbox 1783 3498 3366 3569">
    <p class='ocr_par' dir='ltr' id='par_1_84' title="bbox 1783 3498 3366 3569">
     <span class='ocr_line' id='line_1_84' title="bbox 1783 3498 3366 3569; baseline -0.001 -17"><span class='ocrx_word' id='word_1_627' title='bbox 1783 3513 1941 3567; x_wconf 90' lang='lat' dir='ltr'><strong>quem</strong></span> <span class='ocrx_word' id='word_1_628' title='bbox 1967 3498 2127 3569; x_wconf 79' lang='lat' dir='ltr'><strong>elegit</strong></span> <span class='ocrx_word' id='word_1_629' title='bbox 2144 3498 2195 3552; x_wconf 92' lang='lat' dir='ltr'><strong>in</strong></span> <span class='ocrx_word' id='word_1_630' title='bbox 2215 3498 2581 3553; x_wconf 81' lang='lat' dir='ltr'><strong>haereditatem</strong></span> <span class='ocrx_word' id='word_1_631' title='bbox 2604 3498 2705 3553; x_wconf 85' lang='lat' dir='ltr'><strong>sibi</strong></span> <span class='ocrx_word' id='word_1_632' title='bbox 2725 3499 2804 3564; x_wconf 78' lang='grc'><strong>⁸¹;</strong></span> <span class='ocrx_word' id='word_1_633' title='bbox 2831 3513 2962 3568; x_wconf 78' lang='lat' dir='ltr'><strong>gens</strong></span> <span class='ocrx_word' id='word_1_634' title='bbox 2985 3498 3220 3568; x_wconf 89' lang='lat' dir='ltr'><strong>quidem,</strong></span> <span class='ocrx_word' id='word_1_635' title='bbox 3241 3498 3366 3568; x_wconf 82' lang='lat' dir='ltr'><strong>quia</strong></span> 
     </span>
    </p>
   </div>
   <div class='ocr_carea' id='block_1_85' title="bbox 1788 3590 3365 3660">
    <p class='ocr_par' dir='ltr' id='par_1_85' title="bbox 1788 3590 3365 3660">
     <span class='ocr_line' id='line_1_85' title="bbox 1788 3590 3365 3660; baseline -0.001 -14"><span class='ocrx_word' id='word_1_636' title='bbox 1788 3606 1853 3646; x_wconf 80' lang='lat' dir='ltr'><strong>ex</strong></span> <span class='ocrx_word' id='word_1_637' title='bbox 1886 3591 2067 3645; x_wconf 86' lang='lat' dir='ltr'><strong>multis</strong></span> <span class='ocrx_word' id='word_1_638' title='bbox 2105 3592 2353 3660; x_wconf 76' lang='lat' dir='ltr'><strong>gentibus</strong></span> <span class='ocrx_word' id='word_1_639' title='bbox 2382 3590 2595 3645; x_wconf 83' lang='lat' dir='ltr'><strong>collecti</strong></span> <span class='ocrx_word' id='word_1_640' title='bbox 2640 3607 2825 3645; x_wconf 90' lang='lat' dir='ltr'><strong>sumus</strong></span> <span class='ocrx_word' id='word_1_641' title='bbox 2840 3590 2926 3642; x_wconf 73' lang='grc' dir='ltr'>⁸²ι</span> <span class='ocrx_word' id='word_1_642' title='bbox 2957 3591 3183 3660; x_wconf 87' lang='lat' dir='ltr'><strong>populus</strong></span> <span class='ocrx_word' id='word_1_643' title='bbox 3216 3607 3365 3656; x_wconf 79' lang='lat' dir='ltr'><strong>vero,</strong></span> 
     </span>
    </p>
   </div>
   <div class='ocr_carea' id='block_1_86' title="bbox 1789 3681 3372 3752">
    <p class='ocr_par' dir='ltr' id='par_1_86' title="bbox 1789 3681 3372 3752">
     <span class='ocr_line' id='line_1_86' title="bbox 1789 3681 3372 3752; baseline 0.001 -18"><span class='ocrx_word' id='word_1_644' title='bbox 1789 3682 1912 3752; x_wconf 86' lang='lat' dir='ltr'><strong>quia</strong></span> <span class='ocrx_word' id='word_1_645' title='bbox 1939 3681 1993 3735; x_wconf 90' lang='lat' dir='ltr'><strong>in</strong></span> <span class='ocrx_word' id='word_1_646' title='bbox 2018 3682 2194 3749; x_wconf 90' lang='lat' dir='ltr'><strong>populi</strong></span> <span class='ocrx_word' id='word_1_647' title='bbox 2215 3681 2407 3749; x_wconf 74' lang='lat' dir='ltr'><strong>abiecti</strong></span> <span class='ocrx_word' id='word_1_648' title='bbox 2432 3681 2606 3735; x_wconf 92' lang='lat' dir='ltr'><strong>locum</strong></span> <span class='ocrx_word' id='word_1_649' title='bbox 2638 3682 2882 3736; x_wconf 89' lang='lat' dir='ltr'><strong>advocati</strong></span> <span class='ocrx_word' id='word_1_650' title='bbox 2910 3696 3113 3735; x_wconf 86' lang='lat' dir='ltr'><strong>sumus.</strong></span> <span class='ocrx_word' id='word_1_651' title='bbox 3148 3681 3211 3734; x_wconf 85' lang='lat' dir='ltr'><strong>Et</strong></span> <span class='ocrx_word' id='word_1_652' title='bbox 3236 3697 3372 3750; x_wconf 86' lang='lat' dir='ltr'><strong>quo-</strong></span> 
     </span>
    </p>
   </div>
   <div class='ocr_carea' id='block_1_87' title="bbox 1788 3773 3365 3842">
    <p class='ocr_par' dir='ltr' id='par_1_87' title="bbox 1788 3773 3365 3842">
     <span class='ocr_line' id='line_1_87' title="bbox 1788 3773 3365 3842; baseline -0.003 -12"><span class='ocrx_word' id='word_1_653' title='bbox 1788 3775 1932 3830; x_wconf 88' lang='lat' dir='ltr'><strong>niam</strong></span> <span class='ocrx_word' id='word_1_654' title='bbox 1962 3773 2120 3827; x_wconf 81' lang='lat' dir='ltr'><strong>Multi</strong></span> <span class='ocrx_word' id='word_1_655' title='bbox 2153 3786 2271 3828; x_wconf 87' lang='lat' dir='ltr'><strong>sunt</strong></span> <span class='ocrx_word' id='word_1_656' title='bbox 2300 3774 2494 3837; x_wconf 82' lang='lat' dir='ltr'><strong>vocati,</strong></span> <span class='ocrx_word' id='word_1_657' title='bbox 2518 3776 2675 3842; x_wconf 84' lang='lat' dir='ltr'><strong>pauci</strong></span> <span class='ocrx_word' id='word_1_658' title='bbox 2724 3790 2839 3828; x_wconf 80' lang='lat' dir='ltr'><strong>vero</strong></span> <span class='ocrx_word' id='word_1_659' title='bbox 2880 3773 3029 3827; x_wconf 80' lang='lat' dir='ltr'><strong>electi</strong></span> <span class='ocrx_word' id='word_1_660' title='bbox 3047 3773 3116 3837; x_wconf 82' lang='grc'><strong>⁸³,</strong></span> <span class='ocrx_word' id='word_1_661' title='bbox 3150 3775 3365 3827; x_wconf 89' lang='lat' dir='ltr'><strong>beatum</strong></span> 
     </span>
    </p>
   </div>
   <div class='ocr_carea' id='block_1_88' title="bbox 1787 3863 3366 3932">
    <p class='ocr_par' dir='ltr' id='par_1_88' title="bbox 1787 3863 3366 3932">
     <span class='ocr_line' id='line_1_88' title="bbox 1787 3863 3366 3932; baseline -0.003 -12"><span class='ocrx_word' id='word_1_662' title='bbox 1787 3866 1917 3921; x_wconf 84' lang='lat' dir='ltr'><strong>dicit</strong></span> <span class='ocrx_word' id='word_1_663' title='bbox 1945 3881 2050 3918; x_wconf 87' lang='lat' dir='ltr'><strong>non</strong></span> <span class='ocrx_word' id='word_1_664' title='bbox 2077 3873 2347 3929; x_wconf 89' lang='lat' dir='ltr'><strong>vocatum,</strong></span> <span class='ocrx_word' id='word_1_665' title='bbox 2367 3864 2460 3917; x_wconf 90' lang='lat' dir='ltr'><strong>sed</strong></span> <span class='ocrx_word' id='word_1_666' title='bbox 2486 3863 2946 3919; x_wconf 86' lang='lat' dir='ltr'><strong>electum.Beatus</strong></span> <span class='ocrx_word' id='word_1_667' title='bbox 2970 3878 3198 3932; x_wconf 87' lang='lat' dir='ltr'><strong>namque</strong></span> <span class='ocrx_word' id='word_1_668' title='bbox 3212 3877 3366 3929; x_wconf 87' lang='lat' dir='ltr'><strong>quem</strong></span> 
     </span>
    </p>
   </div>
   <div class='ocr_carea' id='block_1_89' title="bbox 1786 3953 3365 4026">
    <p class='ocr_par' dir='ltr' id='par_1_89' title="bbox 1786 3953 3365 4026">
     <span class='ocr_line' id='line_1_89' title="bbox 1786 3953 3365 4026; baseline -0.003 -15"><span class='ocrx_word' id='word_1_669' title='bbox 1786 3958 1969 4026; x_wconf 78' lang='lat' dir='ltr'><strong>elegit.</strong></span> <span class='ocrx_word' id='word_1_670' title='bbox 2015 3956 2145 4021; x_wconf 66' lang='lat' dir='ltr'><strong>Quae</strong></span> <span class='ocrx_word' id='word_1_671' title='bbox 2176 3965 2355 4008; x_wconf 90' lang='lat' dir='ltr'><strong>autem</strong></span> <span class='ocrx_word' id='word_1_672' title='bbox 2387 3954 2737 4009; x_wconf 88' lang='lat' dir='ltr'><strong>beatitudinis</strong></span> <span class='ocrx_word' id='word_1_673' title='bbox 2778 3970 2943 4008; x_wconf 88' lang='lat' dir='ltr'><strong>causa</strong></span> <span class='ocrx_word' id='word_1_674' title='bbox 2988 3955 3008 4006; x_wconf 69' lang='grc' dir='ltr'><strong>ί</strong></span> <span class='ocrx_word' id='word_1_675' title='bbox 3047 3953 3365 4023; x_wconf 82' lang='lat' dir='ltr'><strong>Exspectata</strong></span> 
     </span>
    </p>
   </div>
   <div class='ocr_carea' id='block_1_90' title="bbox 1787 4043 3364 4112">
    <p class='ocr_par' dir='ltr' id='par_1_90' title="bbox 1787 4043 3364 4112">
     <span class='ocr_line' id='line_1_90' title="bbox 1787 4043 3364 4112; baseline -0.005 -11"><span class='ocrx_word' id='word_1_676' title='bbox 1787 4049 2048 4102; x_wconf 86' lang='lat' dir='ltr'><strong>bonorum</strong></span> <span class='ocrx_word' id='word_1_677' title='bbox 2085 4057 2409 4100; x_wconf 69' lang='lat' dir='ltr'><strong>aeternorum</strong></span> <span class='ocrx_word' id='word_1_678' title='bbox 2451 4044 2757 4099; x_wconf 62' lang='lat' dir='ltr'><strong>haereditas.</strong></span> <span class='ocrx_word' id='word_1_679' title='bbox 2793 4045 2874 4097; x_wconf 83' lang='lat' dir='ltr'><strong>An</strong></span> <span class='ocrx_word' id='word_1_680' title='bbox 2921 4043 3057 4099; x_wconf 82' lang='lat' dir='ltr'><strong>forte</strong></span> <span class='ocrx_word' id='word_1_681' title='bbox 3111 4043 3364 4112; x_wconf 86' lang='lat' dir='ltr'><strong>quoniam</strong></span> 
     </span>
    </p>
   </div>
   <div class='ocr_carea' id='block_1_91' title="bbox 1784 4136 3369 4211">
    <p class='ocr_par' dir='ltr' id='par_1_91' title="bbox 1784 4136 3369 4211">
     <span class='ocr_line' id='line_1_91' title="bbox 1784 4136 3369 4211; baseline -0.003 -18"><span class='ocrx_word' id='word_1_682' title='bbox 1784 4141 1939 4211; x_wconf 84' lang='lat' dir='ltr'><strong>juxta</strong></span> <span class='ocrx_word' id='word_1_683' title='bbox 1990 4139 2309 4210; x_wconf 87' lang='lat' dir='ltr'><strong>Apostolum</strong></span> <span class='ocrx_word' id='word_1_684' title='bbox 2343 4138 2414 4201; x_wconf 64' lang='grc'><strong>⁸⁸,</strong></span> <span class='ocrx_word' id='word_1_685' title='bbox 2451 4147 2737 4207; x_wconf 87' lang='lat' dir='ltr'><strong>postquam</strong></span> <span class='ocrx_word' id='word_1_686' title='bbox 2803 4137 3041 4206; x_wconf 78' lang='lat' dir='ltr'><strong>gentium</strong></span> <span class='ocrx_word' id='word_1_687' title='bbox 3090 4136 3369 4203; x_wconf 84' lang='lat' dir='ltr'><strong>plenitudo</strong></span> 
     </span>
    </p>
   </div>
   <div class='ocr_carea' id='block_1_92' title="bbox 1787 4227 3367 4297">
    <p class='ocr_par' dir='ltr' id='par_1_92' title="bbox 1787 4227 3367 4297">
     <span class='ocr_line' id='line_1_92' title="bbox 1787 4227 3367 4297; baseline -0.005 -10"><span class='ocrx_word' id='word_1_688' title='bbox 1787 4233 2091 4297; x_wconf 81' lang='lat' dir='ltr'><strong>intraverit,</strong></span> <span class='ocrx_word' id='word_1_689' title='bbox 2156 4240 2281 4285; x_wconf 91' lang='lat' dir='ltr'><strong>tunc</strong></span> <span class='ocrx_word' id='word_1_690' title='bbox 2321 4229 2482 4285; x_wconf 85' lang='lat' dir='ltr'><strong>lsrael</strong></span> <span class='ocrx_word' id='word_1_691' title='bbox 2530 4229 2708 4283; x_wconf 88' lang='lat' dir='ltr'><strong>omnis</strong></span> <span class='ocrx_word' id='word_1_692' title='bbox 2763 4227 3090 4289; x_wconf 88' lang='lat' dir='ltr'><strong>salvabitnr,</strong></span> <span class='ocrx_word' id='word_1_693' title='bbox 3133 4228 3367 4296; x_wconf 90' lang='lat' dir='ltr'><strong>primum</strong></span> 
     </span>
    </p>
   </div>
   <div class='ocr_carea' id='block_1_93' title="bbox 1787 4318 3369 4393">
    <p class='ocr_par' dir='ltr' id='par_1_93' title="bbox 1787 4318 3369 4393">
     <span class='ocr_line' id='line_1_93' title="bbox 1787 4318 3369 4393; baseline -0.006 -13"><span class='ocrx_word' id='word_1_694' title='bbox 1787 4327 2001 4381; x_wconf 86' lang='lat' dir='ltr'><strong>beatam</strong></span> <span class='ocrx_word' id='word_1_695' title='bbox 2061 4322 2321 4393; x_wconf 66' lang='lat' dir='ltr'><strong>praedicat</strong></span> <span class='ocrx_word' id='word_1_696' title='bbox 2390 4320 2627 4390; x_wconf 73' lang='lat' dir='ltr'><strong>gentium</strong></span> <span class='ocrx_word' id='word_1_697' title='bbox 2694 4318 3132 4388; x_wconf 89' lang='lat' dir='ltr'><strong>plenitudinem:</strong></span> <span class='ocrx_word' id='word_1_698' title='bbox 3178 4318 3369 4371; x_wconf 85' lang='lat' dir='ltr'><strong>deinde</strong></span> 
     </span>
    </p>
   </div>
   <div class='ocr_carea' id='block_1_94' title="bbox 1786 4410 3364 4486">
    <p class='ocr_par' dir='ltr' id='par_1_94' title="bbox 1786 4410 3364 4486">
     <span class='ocr_line' id='line_1_94' title="bbox 1786 4410 3364 4486; baseline -0.007 -12"><span class='ocrx_word' id='word_1_699' title='bbox 1786 4419 2070 4483; x_wconf 90' lang='lat' dir='ltr'><strong>lsraelem,</strong></span> <span class='ocrx_word' id='word_1_700' title='bbox 2105 4417 2194 4485; x_wconf 89' lang='lat' dir='ltr'><strong>qui</strong></span> <span class='ocrx_word' id='word_1_701' title='bbox 2233 4424 2507 4486; x_wconf 88' lang='lat' dir='ltr'><strong>postremo</strong></span> <span class='ocrx_word' id='word_1_702' title='bbox 2567 4411 2901 4467; x_wconf 68' lang='lat' dir='ltr'><strong>sals-abitur?</strong></span> <span class='ocrx_word' id='word_1_703' title='bbox 2950 4410 3143 4464; x_wconf 85' lang='lat' dir='ltr'><strong>Salvus</strong></span> <span class='ocrx_word' id='word_1_704' title='bbox 3188 4420 3364 4475; x_wconf 77' lang='lat' dir='ltr'><strong>autem</strong></span> 
     </span>
    </p>
   </div>
   <div class='ocr_carea' id='block_1_95' title="bbox 1788 4503 3367 4576">
    <p class='ocr_par' dir='ltr' id='par_1_95' title="bbox 1788 4503 3367 4576">
     <span class='ocr_line' id='line_1_95' title="bbox 1788 4503 3367 4576; baseline -0.006 -13"><span class='ocrx_word' id='word_1_705' title='bbox 1788 4509 1847 4564; x_wconf 85' lang='lat' dir='ltr'><strong>lit</strong></span> <span class='ocrx_word' id='word_1_706' title='bbox 1876 4524 1981 4563; x_wconf 92' lang='lat' dir='ltr'><strong>non</strong></span> <span class='ocrx_word' id='word_1_707' title='bbox 2014 4507 2210 4576; x_wconf 86' lang='lat' dir='ltr'><strong>quivis,</strong></span> <span class='ocrx_word' id='word_1_708' title='bbox 2242 4504 2337 4559; x_wconf 88' lang='lat' dir='ltr'><strong>sed</strong></span> <span class='ocrx_word' id='word_1_709' title='bbox 2384 4504 2625 4572; x_wconf 73' lang='lat' dir='ltr'><strong>reliquize</strong></span> <span class='ocrx_word' id='word_1_710' title='bbox 2663 4503 2834 4555; x_wconf 87' lang='lat' dir='ltr'><strong>solum</strong></span> <span class='ocrx_word' id='word_1_711' title='bbox 2856 4541 2870 4566; x_wconf 93' lang='lat'><strong>,</strong></span> <span class='ocrx_word' id='word_1_712' title='bbox 2903 4515 3022 4567; x_wconf 63' lang='lat' dir='ltr'><strong>qua)</strong></span> <span class='ocrx_word' id='word_1_713' title='bbox 3067 4510 3227 4554; x_wconf 82' lang='lat' dir='ltr'><strong>erunt</strong></span> <span class='ocrx_word' id='word_1_714' title='bbox 3277 4516 3367 4554; x_wconf 86' lang='lat' dir='ltr'><strong>se-</strong></span> 
     </span>
    </p>
   </div>
   <div class='ocr_carea' id='block_1_96' title="bbox 1787 4591 3366 4665">
    <p class='ocr_par' dir='ltr' id='par_1_96' title="bbox 1787 4591 3366 4665">
     <span class='ocr_line' id='line_1_96' title="bbox 1787 4591 3366 4665; baseline -0.008 -8"><span class='ocrx_word' id='word_1_715' title='bbox 1787 4602 2019 4657; x_wconf 83' lang='lat' dir='ltr'><strong>cundum</strong></span> <span class='ocrx_word' id='word_1_716' title='bbox 2051 4600 2372 4653; x_wconf 83' lang='lat' dir='ltr'><strong>electionem</strong></span> <span class='ocrx_word' id='word_1_717' title='bbox 2407 4596 2596 4665; x_wconf 68' lang='lat' dir='ltr'><strong>gratiae</strong></span> <span class='ocrx_word' id='word_1_718' title='bbox 2625 4595 2695 4649; x_wconf 83' lang='lat'><strong>&quot;.</strong></span> <span class='ocrx_word' id='word_1_719' title='bbox 2731 4593 2856 4648; x_wconf 91' lang='lat' dir='ltr'><strong>Ideo</strong></span> <span class='ocrx_word' id='word_1_720' title='bbox 2908 4594 3039 4648; x_wconf 90' lang='lat' dir='ltr'><strong>dicit</strong></span> <span class='ocrx_word' id='word_1_721' title='bbox 3074 4611 3088 4647; x_wconf 89' lang='lat'><strong>:</strong></span> <span class='ocrx_word' id='word_1_722' title='bbox 3133 4591 3366 4662; x_wconf 83' lang='lat' dir='ltr'><strong>Papulas</strong></span> 
     </span>
    </p>
   </div>
   <div class='ocr_carea' id='block_1_97' title="bbox 1787 4688 2759 4764">
    <p class='ocr_par' dir='ltr' id='par_1_97' title="bbox 1787 4688 2759 4764">
     <span class='ocr_line' id='line_1_97' title="bbox 1787 4688 2759 4764; baseline -0.009 -16"><span class='ocrx_word' id='word_1_723' title='bbox 1787 4711 1938 4764; x_wconf 72' lang='lat' dir='ltr'><strong>quem</strong></span> <span class='ocrx_word' id='word_1_724' title='bbox 1969 4692 2124 4761; x_wconf 86' lang='lat' dir='ltr'><strong>elegit</strong></span> <span class='ocrx_word' id='word_1_725' title='bbox 2156 4693 2210 4744; x_wconf 88' lang='lat' dir='ltr'><strong>in</strong></span> <span class='ocrx_word' id='word_1_726' title='bbox 2241 4690 2603 4743; x_wconf 61' lang='lat' dir='ltr'><strong>haereditatem</strong></span> <span class='ocrx_word' id='word_1_727' title='bbox 2635 4688 2759 4740; x_wconf 84' lang='lat' dir='ltr'><strong>sibi.</strong></span> 
     </span>
    </p>
   </div>
   <div class='ocr_carea' id='block_1_98' title="bbox 189 4778 1682 4863">
    <p class='ocr_par' dir='ltr' id='par_1_98' title="bbox 189 4787 1682 4863">
     <span class='ocr_line' id='line_1_98' title="bbox 189 4787 1682 4863; baseline -0.001 -18"><span class='ocrx_word' id='word_1_728' title='bbox 189 4789 234 4843; x_wconf 89' lang='lat'><strong>8.</strong></span> <span class='ocrx_word' id='word_1_729' title='bbox 285 4794 376 4859; x_wconf 77' lang='grc' dir='ltr'><strong>Ἐξ</strong></span> <span class='ocrx_word' id='word_1_730' title='bbox 401 4794 659 4863; x_wconf 82' lang='grc' dir='ltr'>οὐρανοῦ</span> <span class='ocrx_word' id='word_1_731' title='bbox 680 4794 1017 4861; x_wconf 71' lang='grc' dir='ltr'>ἐπέϐλεψεν</span> <span class='ocrx_word' id='word_1_732' title='bbox 1046 4795 1335 4860; x_wconf 85' lang='grc' dir='ltr'>όΚύριος·</span> <span class='ocrx_word' id='word_1_733' title='bbox 1374 4787 1495 4845; x_wconf 75' lang='grc' dir='ltr'>εἶδε</span> <span class='ocrx_word' id='word_1_734' title='bbox 1533 4792 1682 4845; x_wconf 75' lang='grc' dir='ltr'>πάν-</span> 
     </span>
    </p>
   </div>
   <div class='ocr_carea' id='block_1_99' title="bbox 1793 4778 3366 4863">
    <p class='ocr_par' dir='ltr' id='par_1_99' title="bbox 1860 4778 3366 4847">
     <span class='ocr_line' id='line_1_99' title="bbox 1860 4778 3366 4847; baseline -0.009 -3"><span class='ocrx_word' id='word_1_735' title='bbox 1860 4790 1912 4844; x_wconf 87' lang='grc'><strong>8.</strong></span> <span class='ocrx_word' id='word_1_736' title='bbox 1940 4788 2103 4842; x_wconf 75' lang='lat' dir='ltr'><strong>Veas.</strong></span> <span class='ocrx_word' id='word_1_737' title='bbox 2138 4785 2226 4847; x_wconf 78' lang='grc'><strong>15,</strong></span> <span class='ocrx_word' id='word_1_738' title='bbox 2254 4783 2342 4837; x_wconf 72' lang='grc'><strong>14.</strong></span> <span class='ocrx_word' id='word_1_739' title='bbox 2378 4782 2452 4835; x_wconf 91' lang='lat' dir='ltr'><strong>De</strong></span> <span class='ocrx_word' id='word_1_740' title='bbox 2484 4781 2610 4835; x_wconf 69' lang='lat' dir='ltr'><strong>caelo</strong></span> <span class='ocrx_word' id='word_1_741' title='bbox 2642 4780 2868 4847; x_wconf 70' lang='lat' dir='ltr'><strong>respexit</strong></span> <span class='ocrx_word' id='word_1_742' title='bbox 2909 4778 3205 4841; x_wconf 84' lang='lat' dir='ltr'><strong>Dominus;</strong></span> <span class='ocrx_word' id='word_1_743' title='bbox 3239 4778 3366 4831; x_wconf 83' lang='lat' dir='ltr'><strong>vidit</strong></span> 
     </span>
    </p>
   </div>
   <div class='ocr_carea' id='block_1_100' title="bbox 126 4886 1678 4955">
    <p class='ocr_par' dir='ltr' id='par_1_100' title="bbox 126 4886 1678 4955">
     <span class='ocr_line' id='line_1_100' title="bbox 126 4886 1678 4955; baseline -0.001 -15"><span class='ocrx_word' id='word_1_744' title='bbox 126 4897 221 4948; x_wconf 82' lang='grc' dir='ltr'><strong>τας</strong></span> <span class='ocrx_word' id='word_1_745' title='bbox 244 4888 378 4955; x_wconf 82' lang='grc' dir='ltr'>τοὺς</span> <span class='ocrx_word' id='word_1_746' title='bbox 402 4890 574 4955; x_wconf 83' lang='grc' dir='ltr'>υἱοὺς</span> <span class='ocrx_word' id='word_1_747' title='bbox 588 4888 705 4943; x_wconf 83' lang='grc' dir='ltr'>τῶν</span> <span class='ocrx_word' id='word_1_748' title='bbox 718 4886 1044 4955; x_wconf 75' lang='grc' dir='ltr'>ἀνθρώπων</span> <span class='ocrx_word' id='word_1_749' title='bbox 1061 4886 1129 4951; x_wconf 78' lang='grc' dir='ltr'><strong>ἐξ</strong></span> <span class='ocrx_word' id='word_1_750' title='bbox 1151 4887 1387 4955; x_wconf 77' lang='grc' dir='ltr'>ἑτοίμου</span> <span class='ocrx_word' id='word_1_751' title='bbox 1404 4903 1678 4952; x_wconf 79' lang='grc' dir='ltr'>κατοικη-</span> 
     </span>
    </p>
   </div>
   <div class='ocr_carea' id='block_1_101' title="bbox 127 4973 1678 5050">
    <p class='ocr_par' dir='ltr' id='par_1_101' title="bbox 127 4973 1678 5050">
     <span class='ocr_line' id='line_1_101' title="bbox 127 4973 1678 5050; baseline -0.002 -20"><span class='ocrx_word' id='word_1_752' title='bbox 127 4978 311 5041; x_wconf 79' lang='grc' dir='ltr'>τηρίου</span> <span class='ocrx_word' id='word_1_753' title='bbox 330 4980 533 5035; x_wconf 84' lang='grc' dir='ltr'>αὑτοῦ.</span> <span class='ocrx_word' id='word_1_754' title='bbox 552 4981 690 5043; x_wconf 77' lang='grc' dir='ltr'>Τοὺς</span> <span class='ocrx_word' id='word_1_755' title='bbox 714 4980 823 5048; x_wconf 76' lang='grc'><strong>(50)</strong></span> <span class='ocrx_word' id='word_1_756' title='bbox 844 4979 1101 5050; x_wconf 89' lang='grc' dir='ltr'>μένοντας</span> <span class='ocrx_word' id='word_1_757' title='bbox 1117 4979 1209 5031; x_wconf 73' lang='grc' dir='ltr'><strong>ἐπὶ</strong></span> <span class='ocrx_word' id='word_1_758' title='bbox 1229 4976 1322 5030; x_wconf 83' lang='grc' dir='ltr'>τοῦ</span> <span class='ocrx_word' id='word_1_759' title='bbox 1351 4976 1481 5029; x_wconf 85' lang='grc' dir='ltr'>ἰδίου</span> <span class='ocrx_word' id='word_1_760' title='bbox 1512 4973 1678 5039; x_wconf 79' lang='grc' dir='ltr'>ἀξιώ-</span> 
     </span>
    </p>
   </div>
   <div class='ocr_carea' id='block_1_102' title="bbox 1788 4869 3362 4947">
    <p class='ocr_par' dir='ltr' id='par_1_102' title="bbox 1788 4869 3362 4947">
     <span class='ocr_line' id='line_1_102' title="bbox 1788 4869 3362 4947; baseline -0.007 -14"><span class='ocrx_word' id='word_1_761' title='bbox 1788 4895 1965 4933; x_wconf 88' lang='lat' dir='ltr'><strong>omnes</strong></span> <span class='ocrx_word' id='word_1_762' title='bbox 1996 4877 2136 4947; x_wconf 81' lang='lat' dir='ltr'><strong>ﬁlios</strong></span> <span class='ocrx_word' id='word_1_763' title='bbox 2164 4875 2433 4929; x_wconf 86' lang='lat' dir='ltr'><strong>hominum</strong></span> <span class='ocrx_word' id='word_1_764' title='bbox 2477 4873 2541 4925; x_wconf 83' lang='lat' dir='ltr'><strong>de</strong></span> <span class='ocrx_word' id='word_1_765' title='bbox 2580 4882 2872 4941; x_wconf 69' lang='lat' dir='ltr'><strong>pra&#39;parato</strong></span> <span class='ocrx_word' id='word_1_766' title='bbox 2912 4869 3214 4923; x_wconf 81' lang='lat' dir='ltr'><strong>habitacula</strong></span> <span class='ocrx_word' id='word_1_767' title='bbox 3246 4885 3362 4922; x_wconf 77' lang='lat' dir='ltr'><strong>suo.</strong></span> 
     </span>
    </p>
   </div>
   <div class='ocr_carea' id='block_1_103' title="bbox 1789 4962 3367 5040">
    <p class='ocr_par' dir='ltr' id='par_1_103' title="bbox 1789 4962 3367 5040">
     <span class='ocr_line' id='line_1_103' title="bbox 1789 4962 3367 5040; baseline -0.006 -15"><span class='ocrx_word' id='word_1_768' title='bbox 1789 4974 1891 5026; x_wconf 81' lang='lat' dir='ltr'><strong>Eos</strong></span> <span class='ocrx_word' id='word_1_769' title='bbox 1915 4972 2005 5040; x_wconf 85' lang='lat' dir='ltr'><strong>qui</strong></span> <span class='ocrx_word' id='word_1_770' title='bbox 2052 4977 2272 5023; x_wconf 88' lang='lat' dir='ltr'><strong>manent</strong></span> <span class='ocrx_word' id='word_1_771' title='bbox 2323 4969 2378 5022; x_wconf 91' lang='lat' dir='ltr'><strong>in</strong></span> <span class='ocrx_word' id='word_1_772' title='bbox 2428 4964 2647 5037; x_wconf 87' lang='lat' dir='ltr'><strong>propria</strong></span> <span class='ocrx_word' id='word_1_773' title='bbox 2688 4964 2982 5035; x_wconf 77' lang='lat' dir='ltr'><strong>dignitate,</strong></span> <span class='ocrx_word' id='word_1_774' title='bbox 3022 4972 3077 5017; x_wconf 91' lang='lat' dir='ltr'><strong>et</strong></span> <span class='ocrx_word' id='word_1_775' title='bbox 3119 4962 3367 5017; x_wconf 58' lang='lat' dir='ltr'><strong>humana;</strong></span> 
     </span>
    </p>
   </div>
   <div class='ocr_carea' id='block_1_104' title="bbox 190 5062 1682 5134">
    <p class='ocr_par' dir='ltr' id='par_1_104' title="bbox 190 5066 1682 5134">
     <span class='ocr_line' id='line_1_104' title="bbox 190 5066 1682 5134; baseline 0 -13"><span class='ocrx_word' id='word_1_776' title='bbox 190 5066 266 5121; x_wconf 81' lang='grc'><strong>⁸¹1</strong></span> <span class='ocrx_word' id='word_1_777' title='bbox 301 5069 441 5127; x_wconf 89' lang='lat' dir='ltr'><strong>Petr.</strong></span> <span class='ocrx_word' id='word_1_778' title='bbox 474 5089 535 5134; x_wconf 85' lang='lat' dir='ltr'><strong>tl,</strong></span> <span class='ocrx_word' id='word_1_779' title='bbox 558 5070 613 5127; x_wconf 80' lang='lat'><strong>9.</strong></span> <span class='ocrx_word' id='word_1_780' title='bbox 690 5072 734 5103; x_wconf 81' lang='grc'><strong>⁸²</strong></span> <span class='ocrx_word' id='word_1_781' title='bbox 765 5071 895 5127; x_wconf 88' lang='lat' dir='ltr'><strong>ibid.</strong></span> <span class='ocrx_word' id='word_1_782' title='bbox 975 5071 1022 5102; x_wconf 84' lang='grc'>⁸³</span> <span class='ocrx_word' id='word_1_783' title='bbox 1046 5070 1231 5123; x_wconf 84' lang='lat' dir='ltr'><strong>Matth.</strong></span> <span class='ocrx_word' id='word_1_784' title='bbox 1257 5068 1451 5132; x_wconf 74' lang='lat' dir='ltr'><strong>xx,16.</strong></span> <span class='ocrx_word' id='word_1_785' title='bbox 1527 5068 1575 5100; x_wconf 64' lang='grc'><strong>⁸⁵</strong></span> <span class='ocrx_word' id='word_1_786' title='bbox 1609 5067 1682 5121; x_wconf 77' lang='grc' dir='ltr'><strong>Ιὶο</strong></span> 
     </span>
    </p>
   </div>
   <div class='ocr_carea' id='block_1_105' title="bbox 1793 5062 2228 5134">
    <p class='ocr_par' dir='ltr' id='par_1_105' title="bbox 1794 5062 2228 5127">
     <span class='ocr_line' id='line_1_105' title="bbox 1794 5062 2228 5127; baseline 0 -8"><span class='ocrx_word' id='word_1_787' title='bbox 1794 5083 1869 5127; x_wconf 71' lang='grc' dir='ltr'>χι,</span> <span class='ocrx_word' id='word_1_788' title='bbox 1890 5064 1944 5120; x_wconf 82' lang='lat'><strong>5.</strong></span> <span class='ocrx_word' id='word_1_789' title='bbox 2019 5063 2066 5095; x_wconf 77' lang='grc'><strong>⁸⁸</strong></span> <span class='ocrx_word' id='word_1_790' title='bbox 2096 5062 2228 5119; x_wconf 80' lang='lat' dir='ltr'><strong>ibid.</strong></span> 
     </span>
    </p>
   </div>
   <div class='ocr_carea' id='block_1_106' title="bbox 193 5160 1682 5234">
    <p class='ocr_par' dir='ltr' id='par_1_106' title="bbox 193 5160 1682 5234">
     <span class='ocr_line' id='line_1_106' title="bbox 193 5160 1682 5234; baseline -0.001 -19"><span class='ocrx_word' id='word_1_791' title='bbox 193 5160 292 5229; x_wconf 70' lang='lat'><strong>(26‘:</strong></span> <span class='ocrx_word' id='word_1_792' title='bbox 324 5166 577 5234; x_wconf 75' lang='lat' dir='ltr'><strong>Dogmata</strong></span> <span class='ocrx_word' id='word_1_793' title='bbox 609 5166 695 5219; x_wconf 91' lang='lat' dir='ltr'><strong>illa</strong></span> <span class='ocrx_word' id='word_1_794' title='bbox 735 5181 853 5233; x_wconf 68' lang='lat' dir='ltr'><strong>quae</strong></span> <span class='ocrx_word' id='word_1_795' title='bbox 887 5165 978 5219; x_wconf 86' lang='lat' dir='ltr'><strong>hic</strong></span> <span class='ocrx_word' id='word_1_796' title='bbox 1014 5166 1258 5230; x_wconf 79' lang='lat' dir='ltr'><strong>epoptica</strong></span> <span class='ocrx_word' id='word_1_797' title='bbox 1287 5175 1573 5234; x_wconf 79' lang='lat' dir='ltr'><strong>vocantur,</strong></span> <span class='ocrx_word' id='word_1_798' title='bbox 1596 5179 1682 5234; x_wconf 82' lang='lat' dir='ltr'><strong>sa-</strong></span> 
     </span>
    </p>
   </div>
   <div class='ocr_carea' id='block_1_107' title="bbox 131 5233 1682 5306">
    <p class='ocr_par' dir='ltr' id='par_1_107' title="bbox 131 5233 1682 5306">
     <span class='ocr_line' id='line_1_107' title="bbox 131 5233 1682 5306; baseline 0.001 -23"><span class='ocrx_word' id='word_1_799' title='bbox 131 5234 341 5306; x_wconf 56' lang='lat' dir='ltr'><strong>cratiora</strong></span> <span class='ocrx_word' id='word_1_800' title='bbox 358 5233 602 5306; x_wconf 77' lang='lat' dir='ltr'><strong>qutedam</strong></span> <span class='ocrx_word' id='word_1_801' title='bbox 624 5251 820 5290; x_wconf 84' lang='lat' dir='ltr'><strong>arcana</strong></span> <span class='ocrx_word' id='word_1_802' title='bbox 850 5251 971 5288; x_wconf 85' lang='lat' dir='ltr'><strong>esse</strong></span> <span class='ocrx_word' id='word_1_803' title='bbox 1003 5246 1274 5306; x_wconf 85' lang='lat' dir='ltr'><strong>putamus.</strong></span> <span class='ocrx_word' id='word_1_804' title='bbox 1305 5233 1423 5306; x_wconf 54' lang='lat' dir='ltr'><strong>Mn;</strong></span> <span class='ocrx_word' id='word_1_805' title='bbox 1450 5234 1562 5295; x_wconf 85' lang='lat' dir='ltr'><strong>illa,</strong></span> <span class='ocrx_word' id='word_1_806' title='bbox 1585 5233 1682 5285; x_wconf 80' lang='grc' dir='ltr'>νῦν</span> 
     </span>
    </p>
   </div>
   <div class='ocr_carea' id='block_1_108' title="bbox 130 5298 1679 5377">
    <p class='ocr_par' dir='ltr' id='par_1_108' title="bbox 130 5298 1679 5377">
     <span class='ocr_line' id='line_1_108' title="bbox 130 5298 1679 5377; baseline 0 -21"><span class='ocrx_word' id='word_1_807' title='bbox 226 5298 425 5377; x_wconf 58' lang='lat' dir='ltr'><strong>uda-pq),</strong></span> <span class='ocrx_word' id='word_1_808' title='bbox 482 5309 677 5361; x_wconf 87' lang='lat' dir='ltr'><strong>desunt</strong></span> <span class='ocrx_word' id='word_1_809' title='bbox 722 5307 773 5359; x_wconf 89' lang='lat' dir='ltr'><strong>in</strong></span> <span class='ocrx_word' id='word_1_810' title='bbox 821 5306 983 5358; x_wconf 86' lang='lat' dir='ltr'><strong>editis</strong></span> <span class='ocrx_word' id='word_1_811' title='bbox 1005 5298 1034 5356; x_wconf 75' lang='grc' dir='ltr'>ἐ</span> <span class='ocrx_word' id='word_1_812' title='bbox 1081 5304 1173 5358; x_wconf 85' lang='lat' dir='ltr'><strong>sed</strong></span> <span class='ocrx_word' id='word_1_813' title='bbox 1235 5304 1587 5377; x_wconf 72' lang='lat' dir='ltr'><strong>reperiuntur</strong></span> <span class='ocrx_word' id='word_1_814' title='bbox 1628 5306 1679 5377; x_wconf 91' lang='lat' dir='ltr'><strong>in</strong></span> 
     </span>
    </p>
   </div>
   <div class='ocr_carea' id='block_1_109' title="bbox 135 5366 1679 5450">
    <p class='ocr_par' dir='ltr' id='par_1_109' title="bbox 135 5366 1679 5450">
     <span class='ocr_line' id='line_1_109' title="bbox 135 5366 1679 5450; baseline 0.001 -24"><span class='ocrx_word' id='word_1_815' title='bbox 135 5366 295 5450; x_wconf 57' lang='lat' dir='ltr'><strong>llegiis</strong></span> <span class='ocrx_word' id='word_1_816' title='bbox 321 5366 577 5441; x_wconf 67' lang='lat' dir='ltr'><strong>secundo,</strong></span> <span class='ocrx_word' id='word_1_817' title='bbox 600 5378 757 5431; x_wconf 88' lang='lat' dir='ltr'><strong>tertio</strong></span> <span class='ocrx_word' id='word_1_818' title='bbox 779 5383 1058 5444; x_wconf 90' lang='lat' dir='ltr'><strong>etquarto,</strong></span> <span class='ocrx_word' id='word_1_819' title='bbox 1086 5384 1250 5444; x_wconf 89' lang='lat' dir='ltr'><strong>atque</strong></span> <span class='ocrx_word' id='word_1_820' title='bbox 1277 5366 1328 5425; x_wconf 82' lang='lat' dir='ltr'><strong>in</strong></span> <span class='ocrx_word' id='word_1_821' title='bbox 1352 5374 1679 5428; x_wconf 77' lang='lat' dir='ltr'><strong>Colbertinis</strong></span> 
     </span>
    </p>
   </div>
   <div class='ocr_carea' id='block_1_110' title="bbox 135 5452 609 5515">
    <p class='ocr_par' dir='ltr' id='par_1_110' title="bbox 135 5452 609 5515">
     <span class='ocr_line' id='line_1_110' title="bbox 135 5452 609 5515; baseline 0.03 -28"><span class='ocrx_word' id='word_1_822' title='bbox 135 5452 287 5515; x_wconf 63' lang='lat' dir='ltr'><strong>primo</strong></span> <span class='ocrx_word' id='word_1_823' title='bbox 313 5458 364 5498; x_wconf 82' lang='lat' dir='ltr'><strong>et</strong></span> <span class='ocrx_word' id='word_1_824' title='bbox 397 5458 609 5515; x_wconf 84' lang='lat' dir='ltr'><strong>quarto.</strong></span> 
     </span>
    </p>
   </div>
   <div class='ocr_carea' id='block_1_111' title="bbox 195 5509 1674 5584">
    <p class='ocr_par' dir='ltr' id='par_1_111' title="bbox 195 5509 1674 5584">
     <span class='ocr_line' id='line_1_111' title="bbox 195 5509 1674 5584; baseline -0.003 -14"><span class='ocrx_word' id='word_1_825' title='bbox 195 5509 296 5584; x_wconf 48' lang='grc' dir='ltr'><strong>(ᾗ)</strong></span> <span class='ocrx_word' id='word_1_826' title='bbox 326 5509 659 5584; x_wconf 70' lang='grc' dir='ltr'>Ιιτιάυεηυοι·</span> <span class='ocrx_word' id='word_1_827' title='bbox 683 5532 814 5571; x_wconf 91' lang='lat' dir='ltr'><strong>mss.</strong></span> <span class='ocrx_word' id='word_1_828' title='bbox 848 5515 1024 5568; x_wconf 85' lang='lat' dir='ltr'><strong>Editio</strong></span> <span class='ocrx_word' id='word_1_829' title='bbox 1052 5529 1179 5564; x_wconf 78' lang='lat' dir='ltr'><strong>vero</strong></span> <span class='ocrx_word' id='word_1_830' title='bbox 1195 5512 1367 5584; x_wconf 76' lang='lat' dir='ltr'><strong>Paris.</strong></span> <span class='ocrx_word' id='word_1_831' title='bbox 1391 5514 1441 5565; x_wconf 82' lang='grc' dir='ltr'>εἰ</span> <span class='ocrx_word' id='word_1_832' title='bbox 1472 5510 1674 5584; x_wconf 83' lang='grc' dir='ltr'>μέλλει.</span> 
     </span>
    </p>
   </div>
   <div class='ocr_carea' id='block_1_112' title="bbox 196 5581 1683 5653">
    <p class='ocr_par' dir='ltr' id='par_1_112' title="bbox 196 5581 1683 5653">
     <span class='ocr_line' id='line_1_112' title="bbox 196 5581 1683 5653; baseline -0.005 -13"><span class='ocrx_word' id='word_1_833' title='bbox 196 5581 295 5647; x_wconf 62' lang='grc'><strong>(28)</strong></span> <span class='ocrx_word' id='word_1_834' title='bbox 339 5581 489 5641; x_wconf 86' lang='lat' dir='ltr'><strong>Colh.</strong></span> <span class='ocrx_word' id='word_1_835' title='bbox 533 5596 757 5653; x_wconf 86' lang='lat' dir='ltr'><strong>quartus</strong></span> <span class='ocrx_word' id='word_1_836' title='bbox 806 5586 902 5639; x_wconf 83' lang='grc' dir='ltr'><strong>δύο</strong></span> <span class='ocrx_word' id='word_1_837' title='bbox 953 5584 1060 5638; x_wconf 79' lang='grc' dir='ltr'>εἰσὶ</span> <span class='ocrx_word' id='word_1_838' title='bbox 1085 5583 1219 5637; x_wconf 83' lang='grc' dir='ltr'>Θεοῦ</span> <span class='ocrx_word' id='word_1_839' title='bbox 1265 5583 1530 5653; x_wconf 84' lang='grc' dir='ltr'>ἐκλεκτοί,</span> <span class='ocrx_word' id='word_1_840' title='bbox 1580 5588 1683 5653; x_wconf 77' lang='lat' dir='ltr'><strong>duo</strong></span> 
     </span>
    </p>
   </div>
   <div class='ocr_carea' id='block_1_113' title="bbox 137 5652 1684 5725">
    <p class='ocr_par' dir='ltr' id='par_1_113' title="bbox 137 5652 1684 5725">
     <span class='ocr_line' id='line_1_113' title="bbox 137 5652 1684 5725; baseline -0.001 -19"><span class='ocrx_word' id='word_1_841' title='bbox 137 5660 240 5725; x_wconf 65' lang='lat' dir='ltr'><strong>gnat</strong></span> <span class='ocrx_word' id='word_1_842' title='bbox 272 5653 359 5708; x_wconf 88' lang='lat' dir='ltr'><strong>Dei</strong></span> <span class='ocrx_word' id='word_1_843' title='bbox 387 5652 563 5725; x_wconf 80' lang='lat' dir='ltr'><strong>populi</strong></span> <span class='ocrx_word' id='word_1_844' title='bbox 602 5657 769 5710; x_wconf 85' lang='lat' dir='ltr'><strong>electi.</strong></span> <span class='ocrx_word' id='word_1_845' title='bbox 806 5655 998 5709; x_wconf 88' lang='lat' dir='ltr'><strong>Statim</strong></span> <span class='ocrx_word' id='word_1_846' title='bbox 1038 5669 1164 5708; x_wconf 84' lang='lat' dir='ltr'><strong>oeto</strong></span> <span class='ocrx_word' id='word_1_847' title='bbox 1187 5669 1326 5725; x_wconf 19' lang='lat' dir='ltr'><strong>Amss.</strong></span> <span class='ocrx_word' id='word_1_848' title='bbox 1352 5652 1573 5725; x_wconf 79' lang='grc' dir='ltr'>δύναται</span> <span class='ocrx_word' id='word_1_849' title='bbox 1624 5652 1684 5704; x_wconf 81' lang='grc' dir='ltr'>τὸ</span> 
     </span>
    </p>
   </div>
   <div class='ocr_carea' id='block_1_114' title="bbox 139 5723 1681 5795">
    <p class='ocr_par' dir='ltr' id='par_1_114' title="bbox 139 5723 1681 5795">
     <span class='ocr_line' id='line_1_114' title="bbox 139 5723 1681 5795; baseline -0.01 -7"><span class='ocrx_word' id='word_1_850' title='bbox 139 5723 422 5795; x_wconf 48' lang='lat' dir='ltr'><strong>“Italici...</strong></span> <span class='ocrx_word' id='word_1_851' title='bbox 446 5727 540 5781; x_wconf 83' lang='grc' dir='ltr'>δύο</span> <span class='ocrx_word' id='word_1_852' title='bbox 566 5725 802 5780; x_wconf 85' lang='grc' dir='ltr'>νοεῖσθαι</span> <span class='ocrx_word' id='word_1_853' title='bbox 819 5726 911 5779; x_wconf 73' lang='grc' dir='ltr'><strong>καὶ</strong></span> <span class='ocrx_word' id='word_1_854' title='bbox 942 5723 1254 5795; x_wconf 84' lang='grc' dir='ltr'>λογισμούς,</span> <span class='ocrx_word' id='word_1_855' title='bbox 1281 5724 1432 5791; x_wconf 86' lang='lat' dir='ltr'><strong>quasi</strong></span> <span class='ocrx_word' id='word_1_856' title='bbox 1463 5723 1681 5795; x_wconf 78' lang='lat' dir='ltr'><strong>verbum</strong></span> 
     </span>
    </p>
   </div>
   <div class='ocr_carea' id='block_1_115' title="bbox 140 5792 1678 5865">
    <p class='ocr_par' dir='ltr' id='par_1_115' title="bbox 140 5792 1678 5865">
     <span class='ocr_line' id='line_1_115' title="bbox 140 5792 1678 5865; baseline 0.002 -21"><span class='ocrx_word' id='word_1_857' title='bbox 140 5792 351 5849; x_wconf 77' lang='grc' dir='ltr'>νοεῖσθαι</span> <span class='ocrx_word' id='word_1_858' title='bbox 374 5799 459 5855; x_wconf 89' lang='lat' dir='ltr'><strong>hic</strong></span> <span class='ocrx_word' id='word_1_859' title='bbox 488 5799 627 5855; x_wconf 88' lang='lat' dir='ltr'><strong>sumi</strong></span> <span class='ocrx_word' id='word_1_860' title='bbox 646 5797 840 5853; x_wconf 87' lang='lat' dir='ltr'><strong>debeat</strong></span> <span class='ocrx_word' id='word_1_861' title='bbox 858 5812 954 5865; x_wconf 90' lang='lat' dir='ltr'><strong>pro</strong></span> <span class='ocrx_word' id='word_1_862' title='bbox 975 5812 1058 5860; x_wconf 89' lang='lat' dir='ltr'><strong>eo,</strong></span> <span class='ocrx_word' id='word_1_863' title='bbox 1089 5792 1229 5865; x_wconf 86' lang='lat' dir='ltr'><strong>quod</strong></span> <span class='ocrx_word' id='word_1_864' title='bbox 1247 5804 1348 5863; x_wconf 88' lang='lat' dir='ltr'><strong>est,</strong></span> <span class='ocrx_word' id='word_1_865' title='bbox 1369 5793 1678 5863; x_wconf 75' lang='lat' dir='ltr'><strong>exprimere,</strong></span> 
     </span>
    </p>
   </div>
   <div class='ocr_carea' id='block_1_116' title="bbox 1791 5150 3366 5216">
    <p class='ocr_par' dir='ltr' id='par_1_116' title="bbox 1791 5150 3366 5216">
     <span class='ocr_line' id='line_1_116' title="bbox 1791 5150 3366 5216; baseline -0.006 -3"><span class='ocrx_word' id='word_1_866' title='bbox 1791 5162 2053 5213; x_wconf 79' lang='lat' dir='ltr'><strong>indicare.</strong></span> <span class='ocrx_word' id='word_1_867' title='bbox 2091 5159 2269 5214; x_wconf 85' lang='lat' dir='ltr'><strong>Editio</strong></span> <span class='ocrx_word' id='word_1_868' title='bbox 2313 5173 2444 5212; x_wconf 90' lang='lat' dir='ltr'><strong>vero</strong></span> <span class='ocrx_word' id='word_1_869' title='bbox 2477 5155 2649 5210; x_wconf 86' lang='lat' dir='ltr'><strong>Paris.</strong></span> <span class='ocrx_word' id='word_1_870' title='bbox 2683 5153 2938 5207; x_wconf 85' lang='grc' dir='ltr'>δύνανται</span> <span class='ocrx_word' id='word_1_871' title='bbox 2988 5151 3129 5205; x_wconf 77' lang='grc' dir='ltr'>κατὰ</span> <span class='ocrx_word' id='word_1_872' title='bbox 3162 5150 3243 5216; x_wconf 80' lang='grc' dir='ltr'><strong>τὸ,</strong></span> <span class='ocrx_word' id='word_1_873' title='bbox 3277 5151 3366 5204; x_wconf 81' lang='grc' dir='ltr'>λο-</span> 
     </span>
    </p>
   </div>
   <div class='ocr_carea' id='block_1_117' title="bbox 1789 5222 3364 5301">
    <p class='ocr_par' dir='ltr' id='par_1_117' title="bbox 1789 5222 3364 5301">
     <span class='ocr_line' id='line_1_117' title="bbox 1789 5222 3364 5301; baseline -0.006 -17"><span class='ocrx_word' id='word_1_874' title='bbox 1789 5229 2015 5301; x_wconf 50' lang='grc' dir='ltr'>γισμοί,</span> <span class='ocrx_word' id='word_1_875' title='bbox 2033 5240 2138 5283; x_wconf 88' lang='lat' dir='ltr'><strong>etc.</strong></span> <span class='ocrx_word' id='word_1_876' title='bbox 2188 5239 2246 5282; x_wconf 91' lang='lat' dir='ltr'><strong>ut</strong></span> <span class='ocrx_word' id='word_1_877' title='bbox 2275 5228 2635 5301; x_wconf 64' lang='lat' dir='ltr'><strong>incontextu.</strong></span> <span class='ocrx_word' id='word_1_878' title='bbox 2689 5225 2914 5282; x_wconf 81' lang='lat' dir='ltr'><strong>Vereor,</strong></span> <span class='ocrx_word' id='word_1_879' title='bbox 2961 5238 3027 5275; x_wconf 88' lang='lat' dir='ltr'><strong>ne</strong></span> <span class='ocrx_word' id='word_1_880' title='bbox 3054 5233 3248 5301; x_wconf 58' lang='lat' dir='ltr'><strong>praeter</strong></span> <span class='ocrx_word' id='word_1_881' title='bbox 3278 5222 3364 5274; x_wconf 88' lang='lat' dir='ltr'><strong>illa</strong></span> 
     </span>
    </p>
   </div>
   <div class='ocr_carea' id='block_1_118' title="bbox 1789 5296 3364 5368">
    <p class='ocr_par' dir='ltr' id='par_1_118' title="bbox 1789 5296 3364 5368">
     <span class='ocr_line' id='line_1_118' title="bbox 1789 5296 3364 5368; baseline -0.006 -18"><span class='ocrx_word' id='word_1_882' title='bbox 1789 5296 1952 5368; x_wconf 63' lang='lat' dir='ltr'><strong>quiec</strong></span> <span class='ocrx_word' id='word_1_883' title='bbox 1977 5299 2396 5354; x_wconf 81' lang='lat' dir='ltr'><strong>Cmnmentariis</strong></span> <span class='ocrx_word' id='word_1_884' title='bbox 2419 5296 2636 5368; x_wconf 75' lang='lat' dir='ltr'><strong>Eusebii</strong></span> <span class='ocrx_word' id='word_1_885' title='bbox 2664 5304 2876 5368; x_wconf 72' lang='lat' dir='ltr'><strong>sumpta</strong></span> <span class='ocrx_word' id='word_1_886' title='bbox 2896 5308 3016 5368; x_wconf 83' lang='lat' dir='ltr'><strong>esse</strong></span> <span class='ocrx_word' id='word_1_887' title='bbox 3039 5296 3364 5368; x_wconf 75' lang='lat' dir='ltr'><strong>notavimus,</strong></span> 
     </span>
    </p>
   </div>
   <div class='ocr_carea' id='block_1_119' title="bbox 1786 5362 3366 5439">
    <p class='ocr_par' dir='ltr' id='par_1_119' title="bbox 1786 5362 3366 5439">
     <span class='ocr_line' id='line_1_119' title="bbox 1786 5362 3366 5439; baseline -0.006 -16"><span class='ocrx_word' id='word_1_888' title='bbox 1786 5362 1887 5423; x_wconf 77' lang='lat' dir='ltr'><strong>alia</strong></span> <span class='ocrx_word' id='word_1_889' title='bbox 1921 5384 2136 5439; x_wconf 88' lang='lat' dir='ltr'><strong>quoque</strong></span> <span class='ocrx_word' id='word_1_890' title='bbox 2172 5369 2400 5439; x_wconf 74' lang='lat' dir='ltr'><strong>orationi</strong></span> <span class='ocrx_word' id='word_1_891' title='bbox 2449 5366 2731 5439; x_wconf 59' lang='lat' dir='ltr'><strong>Basiliante</strong></span> <span class='ocrx_word' id='word_1_892' title='bbox 2783 5362 3013 5417; x_wconf 86' lang='lat' dir='ltr'><strong>admista</strong></span> <span class='ocrx_word' id='word_1_893' title='bbox 3057 5362 3210 5415; x_wconf 88' lang='lat' dir='ltr'><strong>sint:</strong></span> <span class='ocrx_word' id='word_1_894' title='bbox 3260 5375 3366 5430; x_wconf 86' lang='lat' dir='ltr'><strong>qua</strong></span> 
     </span>
    </p>
   </div>
   <div class='ocr_carea' id='block_1_120' title="bbox 1786 5436 2653 5505">
    <p class='ocr_par' dir='ltr' id='par_1_120' title="bbox 1786 5436 2653 5505">
     <span class='ocr_line' id='line_1_120' title="bbox 1786 5436 2653 5505; baseline -0.012 -10"><span class='ocrx_word' id='word_1_895' title='bbox 1786 5444 1851 5495; x_wconf 90' lang='lat' dir='ltr'><strong>de</strong></span> <span class='ocrx_word' id='word_1_896' title='bbox 1891 5436 1952 5492; x_wconf 67' lang='lat' dir='ltr'><strong>re</strong></span> <span class='ocrx_word' id='word_1_897' title='bbox 1984 5440 2210 5490; x_wconf 81' lang='lat' dir='ltr'><strong>aliorum</strong></span> <span class='ocrx_word' id='word_1_898' title='bbox 2243 5436 2653 5505; x_wconf 86' lang='lat' dir='ltr'><strong>eritjmlicium.</strong></span> 
     </span>
    </p>
   </div>
   <div class='ocr_carea' id='block_1_121' title="bbox 1855 5500 3368 5578">
    <p class='ocr_par' dir='ltr' id='par_1_121' title="bbox 1855 5500 3368 5578">
     <span class='ocr_line' id='line_1_121' title="bbox 1855 5500 3368 5578; baseline -0.003 -16"><span class='ocrx_word' id='word_1_899' title='bbox 1855 5509 1969 5578; x_wconf 67' lang='grc'>(29)</span> <span class='ocrx_word' id='word_1_900' title='bbox 2000 5508 2176 5578; x_wconf 75' lang='lat' dir='ltr'><strong>Editio</strong></span> <span class='ocrx_word' id='word_1_901' title='bbox 2201 5500 2383 5560; x_wconf 57' lang='lat' dir='ltr'><strong>Paris:</strong></span> <span class='ocrx_word' id='word_1_902' title='bbox 2407 5504 2709 5570; x_wconf 79' lang='grc' dir='ltr'>ἐξελέξατο.</span> <span class='ocrx_word' id='word_1_903' title='bbox 2740 5504 2895 5574; x_wconf 82' lang='grc' dir='ltr'>φησί.</span> <span class='ocrx_word' id='word_1_904' title='bbox 2927 5501 3088 5556; x_wconf 84' lang='lat' dir='ltr'><strong>Deest</strong></span> <span class='ocrx_word' id='word_1_905' title='bbox 3143 5500 3277 5571; x_wconf 84' lang='grc' dir='ltr'><strong>φησί</strong></span> <span class='ocrx_word' id='word_1_906' title='bbox 3308 5500 3368 5557; x_wconf 86' lang='lat' dir='ltr'><strong>in</strong></span> 
     </span>
    </p>
   </div>
   <div class='ocr_carea' id='block_1_122' title="bbox 1792 5577 2615 5647">
    <p class='ocr_par' dir='ltr' id='par_1_122' title="bbox 1792 5577 2615 5647">
     <span class='ocr_line' id='line_1_122' title="bbox 1792 5577 2615 5647; baseline -0.006 -13"><span class='ocrx_word' id='word_1_907' title='bbox 1792 5577 2024 5647; x_wconf 21' lang='lat' dir='ltr'><strong>iis’quos</strong></span> <span class='ocrx_word' id='word_1_908' title='bbox 2050 5577 2283 5630; x_wconf 85' lang='lat' dir='ltr'><strong>vidimus</strong></span> <span class='ocrx_word' id='word_1_909' title='bbox 2317 5578 2615 5647; x_wconf 62' lang='lat' dir='ltr'><strong>codicibus.</strong></span> 
     </span>
    </p>
   </div>
   <div class='ocr_carea' id='block_1_123' title="bbox 1864 5639 3362 5718">
    <p class='ocr_par' dir='ltr' id='par_1_123' title="bbox 1864 5639 3362 5718">
     <span class='ocr_line' id='line_1_123' title="bbox 1864 5639 3362 5718; baseline -0.006 -15"><span class='ocrx_word' id='word_1_910' title='bbox 1864 5639 1974 5718; x_wconf 69' lang='lat'><strong>(30)</strong></span> <span class='ocrx_word' id='word_1_911' title='bbox 2035 5648 2131 5718; x_wconf 72' lang='lat' dir='ltr'><strong>Sic</strong></span> <span class='ocrx_word' id='word_1_912' title='bbox 2177 5647 2350 5718; x_wconf 76' lang='lat' dir='ltr'><strong>editio</strong></span> <span class='ocrx_word' id='word_1_913' title='bbox 2397 5644 2746 5718; x_wconf 75' lang='lat' dir='ltr'><strong>Paris._cum</strong></span> <span class='ocrx_word' id='word_1_914' title='bbox 2799 5639 3362 5718; x_wconf 36' lang='lat' dir='ltr'><strong>vetustissimoullea.</strong></span> 
     </span>
    </p>
   </div>
   <div class='ocr_carea' id='block_1_124' title="bbox 1791 5712 3364 5783">
    <p class='ocr_par' dir='ltr' id='par_1_124' title="bbox 1791 5712 3364 5783">
     <span class='ocr_line' id='line_1_124' title="bbox 1791 5712 3364 5783; baseline -0.005 -12"><span class='ocrx_word' id='word_1_915' title='bbox 1791 5712 1987 5783; x_wconf 79' lang='lat' dir='ltr'><strong>quarto</strong></span> <span class='ocrx_word' id='word_1_916' title='bbox 2020 5727 2072 5771; x_wconf 88' lang='lat' dir='ltr'><strong>et</strong></span> <span class='ocrx_word' id='word_1_917' title='bbox 2096 5716 2248 5771; x_wconf 87' lang='lat' dir='ltr'><strong>Colb.</strong></span> <span class='ocrx_word' id='word_1_918' title='bbox 2273 5718 2522 5783; x_wconf 85' lang='lat' dir='ltr'><strong>septimo.</strong></span> <span class='ocrx_word' id='word_1_919' title='bbox 2551 5715 2654 5768; x_wconf 88' lang='lat' dir='ltr'><strong>Alii</strong></span> <span class='ocrx_word' id='word_1_920' title='bbox 2690 5726 2797 5767; x_wconf 88' lang='lat' dir='ltr'><strong>tres</strong></span> <span class='ocrx_word' id='word_1_921' title='bbox 2823 5729 2950 5765; x_wconf 88' lang='lat' dir='ltr'><strong>mss.</strong></span> <span class='ocrx_word' id='word_1_922' title='bbox 2983 5712 3364 5783; x_wconf 81' lang='lat' dir='ltr'><strong>etnn_editione</strong></span> 
     </span>
    </p>
   </div>
   <div class='ocr_carea' id='block_1_125' title="bbox 1791 5776 3359 5857">
    <p class='ocr_par' dir='ltr' id='par_1_125' title="bbox 1791 5776 3359 5857">
     <span class='ocr_line' id='line_1_125' title="bbox 1791 5776 3359 5857; baseline -0.008 -12"><span class='ocrx_word' id='word_1_923' title='bbox 1791 5776 1953 5845; x_wconf 72' lang='lat' dir='ltr'><strong>Basil.</strong></span> <span class='ocrx_word' id='word_1_924' title='bbox 1972 5787 2097 5851; x_wconf 74' lang='grc' dir='ltr'>τοὺς</span> <span class='ocrx_word' id='word_1_925' title='bbox 2116 5787 2213 5857; x_wconf 83' lang='grc' dir='ltr'><strong>μὲν</strong></span> <span class='ocrx_word' id='word_1_926' title='bbox 2235 5776 2412 5849; x_wconf 78' lang='grc' dir='ltr'>ὄντας.</span> <span class='ocrx_word' id='word_1_927' title='bbox 2440 5785 2569 5855; x_wconf 75' lang='lat' dir='ltr'><strong>Reg.</strong></span> <span class='ocrx_word' id='word_1_928' title='bbox 2592 5783 2930 5857; x_wconf 58' lang='lat' dir='ltr'><strong>tertiuscoi);</strong></span> <span class='ocrx_word' id='word_1_929' title='bbox 2952 5781 3049 5852; x_wconf 79' lang='grc' dir='ltr'><strong>μὲν</strong></span> <span class='ocrx_word' id='word_1_930' title='bbox 3071 5776 3163 5835; x_wconf 76' lang='grc' dir='ltr'><strong>οὖν</strong></span> <span class='ocrx_word' id='word_1_931' title='bbox 3183 5780 3359 5840; x_wconf 75' lang='grc' dir='ltr'>ὄντας.</span> 
     </span>
    </p>
   </div>
  </div>
