3818 6220
80 268 181 331 345

1174 278 1463 335 HUMILIA
1504 279 1569 335 IN
1611 279 1948 335 PSALMUM
1987 281 2212 338 XXXII.

3245 294 3349 351 546

78 394 166 449 οὖν
185 395 434 467 βασιλεὺς
466 399 528 453 οὐ
552 397 703 470 παρὰ
724 397 823 471 τὴν
840 398 1041 471 πολλὴν
1068 400 1320 472 δύναμιν,
1342 401 1477 456 ἀλλὰ
1509 400 1660 473 παρὰ

1777 417 1853 455 ΜΓ
1905 402 2069 474 igitur
2097 418 2189 458 rex
2228 416 2333 457 non
2367 417 2465 472 per
2509 402 2734 458 multam
2785 409 3065 473 virtutem,
3118 409 3213 463 sed
3255 426 3352 479 per

80 489 173 558 τὴν
203 487 349 541 θείαν
394 489 576 562 χάριν.
617 490 782 543 Ὥστε
821 491 997 563 ἀληθῆ
1041 494 1138 547 καὶ
1164 493 1377 557 τούτοις
1408 492 1545 547 εἶναι
1568 493 1659 546 τὸν

80 576 246 646 λόγον,
290 580 372 633 ὅτι
393 580 598 649 Χάριτί
642 581 786 635 ἐστε
828 581 1226 653 σεσωσμένοι.
1278 585 1490 657 Ὥσπερ
1538 583 1660 636 οὐδὲ

81 670 309 741 γεωργὸς
363 672 621 726 τοσοῦτον
656 672 745 727 διὰ
804 673 905 747 τὴν
955 677 1270 748 γεωργικὴν
1343 676 1662 747 ἐπιμέλειαν

81 763 322 833 τυγχάνει
342 765 437 818 τοῦ
460 768 773 837 γεωργικοῦ
796 770 1016 841 μέρους,
1051 771 1174 824 ὅσον
1199 770 1287 825 διὰ
1314 770 1406 824 τὸν
1432 769 1662 836 αὔξοντα

82 856 146 910 τὰ
188 857 577 929 γεωργούμενα
621 860 776 915 Θεόν.
819 862 970 916 Οὔτε
1006 863 1170 932 rapti
1205 865 1481 933 φυτεύων
1527 864 1662 918 ἐστι

84 965 151 1013 τι,
183 949 318 1004 οὔτε
363 953 395 1004 ό
421 950 693 1014 ποτίζων,
721 953 869 1007 ἀλλ’
908 957 941 1008 ό
981 954 1263 1019 αὐξάνων
1302 958 1466 1023 Θεός.
1511 958 1575 1010 Et
1604 958 1663 1011 δὲ

85 1041 267 1109 καρδία
301 1039 566 1111 βασιλέως
600 1045 658 1096 ὲν
687 1045 831 1113 χειρὶ
853 1044 1020 1108 Θεοῦ,
1068 1047 1130 1098 ού
1184 1045 1415 1112 σώζεται
1447 1047 1535 1101 διὰ
1563 1047 1661 1120 τὴν

84 1132 350 1203 ὁπλιτικὴν
377 1133 630 1205 δύναμιν,
658 1135 794 1190 ἀλλὰ
820 1137 907 1191 διὰ
944 1139 1041 1210 τὴν
1076 1138 1227 1192 Θείαν
1266 1141 1659 1211 χειραγωγίαν.

97 1221 176 1276 Ἐν
205 1224 344 1296 χειρὶ
382 1224 440 1278 δὲ
467 1225 604 1279 Θεοῦ
638 1229 786 1282 ἐστιν
826 1229 927 1298 οὐχ
972 1231 1001 1282 ὁ
1041 1228 1257 1299 τυχὼν,
1295 1229 1408 1282 ἀλλ’
1441 1233 1470 1284 ό
1513 1229 1660 1295 ἄξιος

86 1314 177 1384 τῆς
202 1316 293 1368 τοῦ
336 1315 604 1386 βασιλέως
641 1320 1032 1392 προσηγορίας.
1083 1321 1361 1393 Ὠρίσαντο
1417 1323 1475 1376 δέ
1519 1341 1665 1388 τινες

91 1407 350 1478 βασιλείαν
391 1405 532 1463 εἶναι
569 1411 667 1482 τὴν
700 1411 924 1482 ἔννομον
969 1413 1326 1476 ἐπιστασίαν,
1369 1413 1402 1485 ἢ
1443 1414 1540 1485 τὴν
1570 1416 1663 1468 ἐπὶ

88 1507 239 1559 πᾶσιν
282 1506 454 1578 ἀρχὴν
488 1506 860 1561 ἀνυπεύθυνον
904 1509 1171 1579 ἁμαρτίᾳ.
1210 1510 1321 1563 Καὶ
1373 1512 1543 1579 γίγας
1590 1513 1662 1564 οὐ

88 1596 408 1665 σωθήσεται
439 1598 513 1652 ἐν
547 1597 767 1665 πλήθει
805 1601 1020 1669 ἰσχύος
1058 1600 1264 1654 αὐτοῦ.
1308 1601 1545 1669 Γίγαντα
1573 1602 1655 1656 λέ-

89 1704 166 1756 γει
190 1688 275 1741 τὸν
313 1693 516 1761 φυσικῇ
555 1690 784 1761 δυνάμει
826 1692 922 1745 καὶ
959 1691 1099 1762 τόνῳ
1131 1692 1428 1763 σωματικῷ
1468 1711 1664 1766 κεχρη-

94 1779 258 1849 μένον.
280 1778 418 1834 Οὗτε
446 1777 543 1835 οὖν
575 1781 829 1852 βασιλεὺς
860 1783 959 1854 τὴν
1005 1787 1070 1837 ὲκ
1103 1782 1198 1837 τοῦ
1225 1784 1503 1839 ὁπλιτικοῦ
1537 1786 1664 1858 βεη-

92 1869 226 1923 Θειαν
254 1872 530 1943 ἀρκοῦσαν
565 1873 678 1944 ἔχει
705 1874 843 1946 πρὸς
867 1875 1162 1946 σωτηρίαν,
1198 1875 1321 1930 οὕτε
1365 1879 1394 1931 ό
1427 1878 1667 1949 ἀνδρεῖος

94 1961 255 2033 ἐαυτῷ
277 1964 412 2036 πρὸς
435 1966 617 2021 πάντα
656 1969 920 2037 ἐπαρκεῖν
950 1969 1099 2020 ἐστιν
1143 1969 1344 2033 ἱκανός.
1389 1971 1666 2024 Ἀσϐένεια

95 2056 192 2128 γάρ
224 2058 336 2112 ἐστι
379 2059 474 2112 καὶ
518 2058 788 2130 ἀδυναμία
836 2059 1015 2113 πάντα
1056 2060 1191 2131 ὁμοῦ
1238 2062 1307 2115 τὰ
1351 2062 1667 2134 ἀνθρώπινα

95 2149 218 2221 πρὸς
263 2149 358 2222 τὴν
420 2150 682 2223 ἀληθινὴν
747 2149 976 2222 δύναμιν
1036 2152 1515 2225 παραϐαλλόμενα.
1568 2155 1667 2208 Διὰ

94 2240 236 2295 τοῦτο
272 2241 347 2296 Τὰ
368 2241 602 2311 ἀσθενῆ
636 2241 744 2297 τοῦ
783 2245 1019 2313 κόσμου
1068 2244 1388 2311 ἐξελέξατο
1423 2250 1456 2302 ὁ
1500 2249 1666 2315 Θεὸς,

95 2331 185 2384 ira
226 2336 599 2404 καταισχύνῃ
672 2335 747 2390 τὰ
810 2335 1062 2405 ισχυράο
1123 2339 1217 2391 καὶ
1280 2342 1345 2393 ἐκ
1403 2341 1669 2410 στόματος

96 2424 287 2493 νηπίων
352 2425 446 2479 καὶ
501 2426 844 2498 θηλαζόντων
905 2430 1274 2502 κατηρτίσατο
1324 2431 1436 2503 ('58)
1498 2431 1666 2495 αἶνον,

95 2510 172 2564 ἶνα
220 2514 493 2588 καταλύσῃ
551 2516 644 2570 τὸν
694 2516 888 2591 ἐχθρὸν
956 2520 1057 2577 καὶ,
1114 2521 1426 2593 ἐκδικητὴν.
1489 2523 1667 2577 Μάλι-

98 2621 188 2658 στα
217 2607 321 2678 γὰρ
350 2607 593 2679 ἔλαμψεν
627 2612 660 2681 ἡ
690 2610 811 2664 θεία
851 2611 1012 2683 χάρις
1061 2615 1120 2666 ὲν
1160 2617 1273 2677 τοῖς
1314 2615 1529 2686 νηπίοις
1574 2615 1667 2670 καὶ

96 2697 323 2769 ἀνοήτοις
392 2702 783 2773 ἐνεργουμένη.
851 2703 1091 2771 Ψευδὴς
1171 2705 1356 2772 ἵππος
1405 2709 1494 2773 εις
1555 2724 1669 2761 σω-

97 2790 323 2855 τηρίανο
370 2792 441 2845 ἐν
493 2792 565 2846 δὲ
619 2793 837 2861 πλήθει
861 2795 1170 2865 δυνάμεως
1213 2797 1401 2853 αὐτοῦ
1441 2801 1515 2852 οὺ
1549 2815 1668 2853 σω-

103 2879 352 2945 θήσεται.
417 2884 776 2957 Ἐκὸέὸληται
818 2888 918 2958 τῆς
963 2891 1211 2959 χρήσεως
1262 2890 1372 2944 τῶν
1417 2891 1590 2960 ἁγίων
1639 2893 1668 2945 ὁ

104 2969 273 3037 ἵππος.
315 2975 423 3028 Kal.
461 2976 590 3030 οὔτε
628 2979 686 3031 ὲν
735 2978 993 3051 πολέμοις
1036 2982 1324 3055 εὐημερῶν
1373 2984 1402 3036 ὁ
1449 2985 1668 3056 Ἰσραὴλ

100 3062 276 3163 ἱππικῇ
300 3065 527 3138 δυνάμει
555 3069 686 3122 ποτὲ
720 3071 969 3141 φαίνεται
1016 3076 1377 3145 κεχρημένος,
1409 3074 1534 3130 οὔτε
1561 3077 1666 3149 ἰδίᾳ
1693 3107 1736 3163 c

100 3169 173 3217 τις
194 3157 296 3210 τῶν
342 3160 512 3228 ἁγίων
556 3162 656 3233 τὴν
692 3164 888 3234 χρῆσιν
922 3164 1033 3218 τῶν
1068 3167 1250 3220 ἵππων
1282 3168 1358 3232 t'o;
1391 3170 1667 3241 ἁρμόζου-

100 3264 187 3300 σαν
225 3252 574 3323 παρεδέξατο*
622 3255 823 3327 Φαραὼ
861 3257 918 3310 δὲ
965 3257 1118 3329 ἵππῳ
1148 3260 1261 3332 (59)
1310 3263 1534 3334 χρῆται,
1578 3263 1672 3317 καὶ⁵

100 3337 417 3415 Σεναχηρεὶμ
450 3348 483 3399 ὁ
518 3346 868 3420 ὑπερήφανος
889 3351 956 3421 τῇ
1006 3353 1299 3424 περιουσίᾳ
1345 3355 1455 3408 τῶν
1488 3356 1671 3411 ἵππων

104 3430 228 3499 μέγα
255 3440 454 3506 φρονεῖ.
494 3438 695 3511 Διόπερ
728 3439 821 3493 τοῦ
856 3441 953 3511 μὲν
985 3442 1186 3515 Φαραὼ
1217 3445 1385 3500 ἵππον
1413 3449 1505 3502 καὶ
1541 3452 1674 3504 ἀνα-

100 3520 252 3612 βάτην
290 3526 513 3600 ἔρριψεν
562 3533 643 3595 εἰς
687 3530 1001 3587 Θάλασσανσ
1059 3533 1154 3589 τοῦ
1220 3536 1277 3589 δὲ
1327 3538 1672 3612 Σεναχηρεὶμ

100 3611 372 3680 ἐνύσταξαν
404 3620 609 3683 πάντες
640 3620 689 3673 οί
718 3620 1112 3694 ἐπιϐεϐηκότες
1138 3626 1252 3689 τοῖς
1293 3626 1480 3691 ἵπποις
1500 3647 1515 3661 ’
1546 3611 1672 3684 ὅθεν

102 3702 186 3755 καὶ
210 3706 237 3758 ὁ
266 3706 353 3762 διὰ
379 3710 857 3783 Μωῡσέωςίνόμος
889 3714 961 3768 τὰ
991 3716 1121 3785 περὶ
1148 3714 1415 3786 βασιλέων
1441 3719 1555 3793 (40)
1588 3738 1674 3775 νο-

104 3795 341 3890 μσθετῷν,
385 3804 469 3857 Οὐ
515 3805 831 3872 πληθυνεῖ,
869 3807 1056 3878 φησιν,
1100 3806 1294 3874 ἐαυτῷ
1323 3810 1538 3890 ἵππον..
1570 3814 1674 3868 Ἐν

101 3880 161 3935 δὲ
183 3888 387 3956 πλήθει
415 3891 728 3962 δυνάμεως
758 3894 948 3949 αὐτοῦ
984 3898 1057 3950 οὐ
1086 3895 1449 3964 σωθήσεται.
1485 3880 1673 3955 ’ὁταν

1762 494 2000 549 divinam
2033 497 2286 566 gratiam.
2317 496 2497 562 Quare
2518 506 2572 549 et
2599 510 2729 566 erga
2758 495 2856 551 hos
2883 512 3008 553 vera
3038 509 3163 553 sunt
3185 501 3352 556 verba

1763 583 1872 649 illa,
1910 581 2097 638 Gratia
2146 584 2339 639 saluati
2370 585 2494 637 estis
2517 584 2585 637 ".
2628 582 2703 638 Ita
2744 601 2813 639 ne
2854 587 3088 657 agricola
3130 589 3350 658 quidem

1763 689 1860 744 per
1897 675 2304 743 agricolationis
2349 674 2681 744 diligentiam
2735 686 2943 732 tantum
2989 677 3225 734 fructum
3256 694 3351 735 as-

1763 769 2028 837 sequitur,
2064 780 2324 837 quantum
2354 783 2449 837 per
2474 769 2640 822 Deum
2664 781 2876 837 segetes
2906 784 3215 842 augentem.
3237 771 3323 827 Ne

1760 877 1859 931 que
1886 863 2026 915 enim
2068 861 2159 930 qui
2195 859 2424 930 plantat,
2461 870 2536 913 est
2589 861 2812 931 aliquid,
2842 880 3003 933 neque
3041 865 3132 933 qui
3174 866 3352 935 rigat;

1761 954 1852 1007 sed
1871 955 1962 1022 qui
1996 955 2370 1007 incrementum
2392 952 2482 1006 dat
2518 952 2657 1007 Deus
2680 955 2748 1009 ⁸³.
2783 953 2934 1021 Quod
2963 956 3007 1010 si
3057 971 3154 1010 cor
3206 962 3351 1028 reg‘s

1766 1042 1817 1096 in
1849 1060 2010 1097 manu
2048 1042 2204 1098 Dei“
2237 1060 2252 1096 :
2290 1059 2395 1098 non
2435 1059 2534 1113 per
2572 1060 2847 1099 armorum
2890 1048 3205 1116 potentiam,
3253 1049 3351 1104 sed

1765 1151 1861 1205 per
1904 1136 2142 1191 divinum
2203 1136 2515 1205 praesidium
2572 1148 2841 1192 servatur.
2878 1137 2935 1193 In
2983 1156 3141 1194 manu
3172 1148 3352 1196 autem

1767 1226 1856 1282 Dei
1889 1243 1992 1281 non
2026 1236 2110 1281 est
2157 1227 2408 1295 quilibet,
2446 1228 2538 1282 sed
2589 1229 2681 1297 qui
2714 1230 2913 1300 dignus
2959 1232 3170 1287 exsisdt
3210 1237 3355 1302 regis

1765 1321 2139 1390 appellatione.
2173 1319 2505 1375 Deliuiernnt
2528 1329 2707 1375 autem
2739 1324 2956 1393 quidam
2986 1340 3207 1394 regnum
3231 1339 3354 1379 esse

1766 1413 2067 1479 legitimum
2114 1411 2473 1478 dominatum,
2515 1426 2607 1466 aut
2643 1414 3000 1483 principatum
3036 1415 3090 1469 in
3139 1430 3349 1480 omnes,

1765 1504 1844 1557 sic
1871 1512 1929 1557 ut
1972 1511 2193 1572 peccato
2221 1503 2489 1558 obnoxius
2531 1519 2636 1558 non
2679 1507 2767 1560 sit.
2811 1503 2880 1557 Et
2918 1506 3063 1575 gigas
3107 1522 3213 1561 non
3240 1505 3353 1560 sal-

1765 1595 1973 1647 t'abitur
2010 1594 2066 1647 in
2109 1594 2452 1649 multitudine
2494 1596 2703 1649 virtutis
2743 1613 2875 1651 sum.
2901 1597 3182 1667 Gigantem
3221 1598 3355 1653 dicit

1766 1685 2013 1756 enm,qui
2035 1685 2264 1739 naturali
2290 1686 2339 1738 vi
2368 1696 2422 1740 et
2445 1688 2710 1755 corporali
2735 1688 2894 1753 pollet
2920 1691 3128 1744 robore.
3169 1687 3355 1759 Neque

1769 1775 1931 1839 igitur
1969 1791 2064 1832 rex
2107 1790 2172 1830 ex
2218 1778 2387 1831 armis
2433 1776 2702 1832 suﬂicieus
2737 1778 2803 1832 ad
2833 1779 3060 1833 salutem
3093 1778 3352 1833 auxilium

1768 1870 1948 1938 habet,
1970 1885 2147 1940 neque
2176 1862 2332 1926 fortis
2355 1871 2438 1925 vir
2469 1871 2571 1926 sibi
2593 1872 2659 1926 ad
2678 1872 2856 1926 omnia
2887 1869 3131 1928 sullicere
3151 1881 3351 1938 potest.

1766 1962 2113 2018 lmbecillitas
2130 1965 2275 2018 enim
2308 1972 2363 2019 et
2392 1965 2679 2020 inlirmitas
2704 1975 2831 2020 sunt
2857 1965 3036 2020 omnia
3069 1964 3233 2020 simul
3252 1968 3355 2020 huc

1768 2070 1947 2119 mana,
1974 2056 2017 2110 si
2046 2071 2168 2110 cum
2199 2071 2323 2111 vera
2356 2058 2596 2126 potentia
2625 2069 3029 2128 comparentur.
3054 2056 3352 2128 Propterea

1767 2144 1993 2215 Inﬁrma
2032 2146 2218 2199 mundi
2268 2144 2420 2215 elegit
2467 2144 2632 2212 Deus,
2663 2156 2719 2200 ut
2763 2148 3052 2216 confundat
3080 2146 3349 2217 fortia";

1767 2249 1822 2292 et
1844 2254 1908 2292 ex
1927 2254 2023 2294 ore
2052 2237 2338 2293 infantium
2363 2248 2417 2295 et
2445 2238 2760 2294 lactentium
2792 2240 3016 2309 perfecit
3035 2242 3271 2304 laudem,
3296 2250 3357 2295 ut

1769 2331 2012 2384 destruat
2051 2330 2330 2384 inimicum
2360 2340 2416 2383 et
2452 2331 2767 2384 ultorem”.
2798 2330 2930 2385 Nam
2971 2330 3150 2384 divina
3178 2330 3355 2401 gratia

1774 2421 1928 2494 14],
1973 2422 2025 2476 in
2079 2421 2380 2477 infantibus
2414 2436 2478 2476 ac
2537 2422 2762 2478 rudibus
2809 2439 3076 2494 operans,
3117 2424 3357 2480 maxime

1770 2514 2126 2582 resplenduit.
2157 2513 2327 2569 Vens.
2371 2514 2460 2568 17.
2504 2512 2705 2568 Fallax
2724 2530 2887 2585 equus
2915 2517 2982 2568 ad
3007 2515 3228 2569 salutem
3253 2532 3273 2570 :
3301 2517 3357 2572 in

1769 2604 2113 2659 multitudine
2152 2617 2328 2660 autem
2374 2608 2584 2661 uirtutis
2620 2624 2732 2662 sua:
2767 2625 2870 2663 non
2900 2611 3211 2667 saluabitur.
3244 2613 3355 2666 Ex-

1769 2697 1955 2753 clusus
1992 2708 2073 2753 est
2099 2699 2169 2753 ab
2199 2716 2297 2753 usu
2338 2710 2654 2754 sanctorum
2686 2717 2877 2770 equus.
2923 2703 3029 2759 Sed
3074 2722 3254 2775 neque
3274 2705 3354 2762 ls-

1770 2789 1887 2844 rae}
1914 2791 2040 2844 dum
2066 2789 2118 2844 ei
2151 2805 2239 2845 res
2277 2791 2332 2845 in
2370 2791 2528 2846 bellis
2549 2806 2613 2845 ex
2657 2794 2824 2851 animi
2859 2799 3126 2849 sententia
3165 2812 3357 2853 succe-

1770 2885 1986 2948 derent,
2021 2897 2260 2952 unquam
2300 2885 2541 2953 equestri
2576 2888 2813 2954 potentia
2836 2901 2979 2967 usus
3011 2888 3180 2945 fuisse
3201 2906 3356 2945 com-

1771 2978 2001 3048 peritur,
2040 2993 2218 3046 neque
2251 2980 2540 3049 quisquam
2576 2968 3172 3052 sanctorumprivatint
3195 3001 3351 3041 usum

1770 3085 2033 3139 equorum
2061 3072 2212 3125 velut
2231 3074 2644 3128 convenientem
2671 3074 2913 3130 admisit.
2942 3075 3012 3129 At
3038 3090 3170 3131 vero
3210 3075 3355 3131 Pha-

1771 3179 1867 3218 rao
1888 3164 2134 3232 equitatu
2158 3164 2337 3219 utitur
2365 3163 2435 3229 “,
2467 3174 2521 3219 et
2554 3168 2822 3236 superbus
2860 3168 2949 3222 ille
2980 3167 3355 3223 Sennacherib

1771 3256 1839 3311 de
1871 3271 2139 3327 equorum
2194 3257 2538 3313 multitudine
2574 3259 2839 3328 gloriatur
2875 3260 2942 3312 "’.
2987 3259 3353 3326 Quamobrem

1769 3346 2074 3401 Pharaonis
2099 3363 2297 3418 equum
2319 3358 2371 3402 et
2398 3364 2743 3405 ascensorem
2769 3351 2993 3421 projecit
3022 3354 3071 3406 in
3105 3368 3256 3408 mare
3271 3354 3351 3408 "z

1769 3455 1962 3496 omnes
1991 3456 2123 3495 vero
2161 3440 2539 3497 Sennacherib
2558 3444 2767 3513 equites
2808 3428 3353 3503 dormitaverunt‘”.

1776 3528 1928 3586 Unde
1977 3533 2145 3587 etiam
2188 3532 2295 3587 lata
2331 3549 2429 3602 per
2461 3533 2679 3605 Moysen
2724 3537 2791 3590 de
2836 3552 3018 3607 regum
3050 3537 3239 3593 olliciis
3269 3538 3354 3594 lex

1773 3626 1845 3679 ita
1870 3627 2090 3679 sancit:
2145 3622 2273 3678 Non
2316 3624 2692 3691 multiplicabit
2730 3626 2830 3679 sibi
2872 3628 3165 3697 equitatum
3197 3629 3236 3683 ¹.
3289 3628 3357 3685 In

1769 3715 2110 3769 multitudine
2130 3725 2304 3769 autem
2334 3716 2545 3769 virtutis
2569 3731 2681 3771 sua:
2721 3734 2826 3771 non
2860 3719 3172 3775 salvabitur.
3219 3721 3356 3776 Cum

1770 3809 1931 3875 enim,
1964 3809 2161 3877 inquit,
2187 3808 2451 3877 inﬁrmor,
2489 3819 2614 3864 tunc
2634 3820 2816 3879 potens
2834 3826 2950 3864 sum
2978 3813 3020 3868 ³.
3056 3811 3192 3867 Nam
3225 3830 3354 3870 cor-

1772 3914 2057 3969 porearum
2109 3898 2304 3952 virium
2342 3899 2628 3954 multitudo
2676 3900 2837 3954 saluti
2874 3900 3099 3969 Spiritus
3150 3903 3352 3959 obstat.

100 3976 198 4045 γὰρ
222 3980 469 4066 dederit},
499 3984 655 4053 φησὶ,
688 3986 823 4039 τότε
860 3987 1117 4053 δυνατός
1148 3990 1283 4058 ειμι.
1331 3989 1404 4042 Τὸ
1434 3989 1493 4042 δὲ
1522 3989 1723 4064 πλῆθος
1749 3994 1848 4064 τῆς
1881 3987 2204 4062 σωματικῆς
2261 3988 2545 4061 δυνάμεως
2575 3988 2830 4062 ἐμπόδιόν
2887 3991 3004 4043 ἐστι
3061 3991 3199 4064 πρὸς
3256 3995 3357 4066 τὴν

103 4062 354 4145 σωτηρίαν
383 4078 478 4131 τοῦ
516 4079 847 4149 πνεύματος.
1090 4098 1093 4099 ⁷

162 4163 243 4219 10.
287 4166 440 4223 Ἰδοὺ
467 4172 522 4223 ol
560 4170 858 4239 ὀφθαλμοὶ
888 4171 1110 4239 Κυρίου
1138 4172 1236 4227 ἐπὶ
1275 4174 1419 4240 τοὺς
1450 4177 1670 4244 φοϐου-

97 4252 301 4324 μένους
334 4262 539 4315 αὐτόν.
585 4261 846 4333 Ἀλλαχοῦ
889 4262 988 4333 μὲν
1031 4263 1249 4336 εἴρηται
1271 4281 1287 4297 ·
1342 4266 1666 4336 Ὀφθαλμοί

102 4348 302 4415 Κυρίου
322 4351 417 4407 ἐπὶ
445 4351 736 4421 δικαίουςι
761 4354 996 4409 ἐνταῦθα
1016 4356 1096 4422 δὲ,
1125 4356 1257 4411 Ἐπὶ
1278 4358 1421 4425 τοὺς
1443 4362 1634 4429 φοϐου

1838 4174 1926 4229 10.
1962 4174 2125 4228 Vens.
2158 4171 2245 4227 18.
2276 4169 2416 4227 Ecce
2450 4170 2591 4225 oculi
2639 4168 2855 4223 Domini
2886 4187 3043 4237 super
3072 4180 3354 4229 metuentes

1766 4283 1906 4322 eum.
1978 4264 2120 4320 Alibi
2164 4264 2385 4335 quidem
2446 4263 2651 4317 dictum
2706 4272 2791 4317 est
2849 4279 2864 4316 :
2928 4262 3083 4317 Oculi
3137 4262 3354 4318 Domini

1764 4375 1923 4428 super
1945 4359 2127 4426 justas
2158 4357 2214 4423 ³;
2259 4357 2350 4411 llic
2390 4370 2541 4420 vero,
2562 4371 2721 4425 super
2752 4365 3037 4409 metuentes
3071 4372 3211 4411 eum.
3250 4355 3352 4411 Ubi

160 4505 420 4579 "_Ephes.
464 4528 523 4575 ιι,
580 4512 632 4568 5.
720 4515 767 4546 θ’
795 4512 814 4565 1
843 4513 969 4568 Cor.
1009 4530 1089 4575 ut.
1126 4515 1176 4569 7.
1250 4517 1296 4548 "
1321 4516 1479 4570 Prov.
1521 4534 1633 4579 χχι,

1808 4497 1852 4550 δ*
1894 4518 1910 4571 l
1961 4517 2087 4572 Cor.
2148 4532 2187 4579 ι,
2226 4516 2318 4571 27.
2395 4515 2441 4549 ⁸⁸
2468 4512 2612 4568 Psal.
2648 4527 2769 4575 vm,
2805 4512 2860 4568 '5.
2938 4512 2986 4544 "
3014 4513 3188 4567 Exod.
3236 4528 3349 4575 xw.

101 4573 150 4639 9,
192 4573 288 4633 25;
363 4581 407 4613 ’⁷
433 4573 517 4637 IV?
538 4580 617 4635 Re

102 4643 127 4675 ⁸
153 4646 286 4703 Psal.
322 4666 516 4716 xum,
555 4643 645 4708 i6:

619 4599 671 4652 ις.
711 4600 825 4650 nx,
867 4586 960 4640 25.
1034 4586 1082 4621 ⁸⁸
1116 4586 1285 4640 Exod.
1332 4603 1424 4652 xv,
1470 4588 1523 4642 1.
1597 4588 1883 4658 ⁹⁹ΙῊὶος.
1921 4605 2035 4652 XIX,
2086 4588 2176 4642 55.

2257 4590 2272 4618 ³
2307 4590 2462 4642 Deut.
2503 4600 2635 4650 xvu,
2682 4584 2770 4638 16.
2840 4584 2860 4614 ³
2898 4581 2942 4637 ιι
2966 4583 3094 4638 Cor.
3125 4598 3226 4648 xu,
3262 4583 3348 4638 i0.

166 4740 271 4812 (58)
313 4742 410 4799 Ubi
458 4746 656 4816 legitur
690 4738 1024 4803 in'editione
1053 4744 1225 4799 Paris.
1271 4753 1326 4800 et
1365 4745 1417 4800 in
1471 4745 1653 4800 multis
1683 4748 1728 4803 D
1759 4745 2064 4816 timeivero.
2091 4742 2137 4816 si
2169 4743 2397 4816 scribas,
2423 4746 2661 4815 perfecit,
2686 4753 2744 4799 ut
2773 4746 3028 4801 destruat.

103 4824 218 4888 mss.
256 4816 589 4888 κατηρτίσω,
622 4817 902 4888 perfecisti,
958 4816 1218 4883 scriptum
1260 4816 1564 4888 invenimus
1595 4817 1652 4888 in

103 4877 220 4957 Reg.
245 4877 432 4953 quart'o
464 4900 520 4940 et
558 4877 797 4957 in'Co'lb.
832 4877 1022 4957 quinto
1057 4877 1445 4957 κατηρτίσατο,
1485 4887 1654 4955 perfe-

102 4951 184 5014 cit,
213 4951 276 5008 et‘
299 4957 370 5008 ita
422 4956 705 5025 legendum
736 4951 863 5011 esse
915 4951 1265 5025 arbitramur.
1313 4958 1449 5025 Cum
1486 4951 1651 5008 enim

102 5032 214 5098 ante
237 5024 603 5098 scriptumsit,
637 5026 722 5098 Ta,
756 5026 959 5098 ἀσθενῆ
1004 5024 1111 5098 tot?
1129 5026 1339 5098 κόσμου
1368 5024 1652 5098 ἐξελέξατο

100 5090 143 5169 ὁ¹
167 5091 309 5169 Gabi,
343 5090 429 5148 ἵνα
460 5097 797 5169 καταισχύνῃ
827 5097 896 5151 τὰ
925 5090 1141 5167 ἰσχυρά,
1168 5090 1419 5169 _I_nfirma
1457 5096 1651 5169 mundi

103 5160 235 5235 elegit
262 5165 416 5227 Deus,
448 5176 505 5219 ut
531 5160 816 5235 confundat
846 5160 1028 5234 fertili,
1052 5160 1361 5235 'verisimile
1384 5166 1537 5235 nobis
1570 5165 1648 5230 tit,

103 5228 183 5284 hic
197 5234 302 5308 legi
339 5237 536 5290 debere
565 5228 953 5308 καίτηρτίσάτο,
978 5228 1067 5290 ἵνα
1088 5234 1388 5308 καταλύσῃ,
1408 5228 1647 5308 periecit,

104 5310 151 5349 ut
176 5302 420 5377 destruat,
447 5315 582 5377 Aetc.
628 5302 760 5377 Nam
797 5310 896 5361 ltoc
931 5316 1115 5377 pacto,
1144 5302 1651 5359 meliusculm’rebit

103 5374 277 5446 gratio.
309 5375 458 5441 Quod
494 5377 542 5430 si
597 5376 860 5443 ejusmodi
904 5374 1044 5431 ratio
1103 5376 1273 5430 levior
1328 5376 1644 5429 videbitur:

104 5438 223 5513 illud
246 5438 476 5511 gravius,
511 5438 656 5513 quod
703 5447 869 5501 editio
894 5456 950 5502 et
997 5446 1165 5500 Basil.
1201 5456 1257 5499 et
1286 5459 1476 5499 omnes
1520 5458 1651 5498 mss.

105 5510 369 5588 Praeiei-aut
404 5510 681 5588 καταλύσῃ
703 5557 719 5580 ,
755 5518 1011 5580 destruat,
1038 5518 1423 5588 utiperperam
1448 5513 1652 5588 editum

111 5590 185 5655 est
215 5583 262 5635 in
291 5586 521 5640 editione
546 5583 861 5641 Parisiensi.
892 5588 997 5641 Sed
1037 5587 1083 5640 si
1127 5583 1320 5655 legeris
1343 5583 1649 5655 καταλύσῃ,

113 5643 258 5726 legas
278 5656 636 5726 κατηρτίσατο
662 5657 818 5725 plane
846 5671 1064 5712 necesse
1092 5643 1207 5711 est:
1227 5654 1343 5710 Non
1377 5655 1521 5710 enim
1556 5643 1652 5709 eo;

120 5716 321 5779 haerebit
337 5716 531 5796 oratio,
563 5729 610 5784 si
637 5716 808 5797 dicas,
843 5727 1132 5799 perfecisti,
1150 5736 1206 5782 ut
1238 5727 1472 5782 destruat
1501 5738 1521 5777 .'
1545 5740 1646 5796 op-

1833 4814 2117 4887 (59)_Edili
2177 4824 2233 4868 et
2276 4813 2573 4887 Golbertini
2628 4817 2923 4887 tertiuset
2948 4824 3138 4870 sextus
3172 4816 3346 4887 ἵππῳ.

1757 4885 1865 4940 Alii
1887 4884 2127 4958 quinque
2154 4884 2543 4958 ln§8.lﬁﬁtxﬁ,
2575 4888 2663 4940 ubi
2693 4885 3170 4958 supplerioportet
3196 4884 3353 4940 δυνά-

1762 4972 1874 5025 μει.
1921 4956 2032 5009 Hoc
2073 4958 2188 5027 ipso
2219 4955 2418 5027 inloco
2468 4955 2667 5027 legitur
2693 4955 3057 5027 inaliquibus
3086 4971 3213 5027 mss.
3255 4957 3350 5010 κέ-

1757 5042 1976 5150 ﬁgurat.
2028 5025 2268 5079 Subinde
2317 5025 2694 5096 septem‘mss.
2733 5026 2879 5098 μέγα
2917 5028 3125 5098 φρονεῖ.
3170 5026 3348 5082 Editio

1802 5111 1930 5150 arts.
1967 5095 2383 5150 μεγαλοφωνεί.

1802 5095 1930 5166 aris.
1966 5095 2383 5166 ueyaloepovsi.

2708 5165 2964 5220 ασιλέων.
2990 5166 3059 5220 At
3089 5183 3217 5223 mss.
3250 5181 3347 5222 sex

1831 5166 1949 5306 (4οῤ
1975 5166 2153 5218 Editio
2186 5166 2357 5219 Paris.
2391 5166 2641 5237 περὶτῶν
2673 5166 2964 5292 ἱασιλέων.
2990 5166 3059 5220 At
3079 5183 3217 5249 .mss.
3250 5181 3347 5222 sex

1757 5236 1901 5307 scapi
1954 5233 2208 5307 ασιλέων.
2234 5234 2510 5307 Ᾱῦετθᾼοδι
2540 5238 2668 5290 Com
2715 5238 2888 5301 elism,
2913 5238 3054 5307 quod
3074 5247 3350 5307 interpres

1756 5306 1810 5386 in
1832 5304 2351 5389 editi-(incitamenta
2381 5304 2571 5389 Graeca
2598 5308 2678 5361 sic
2698 5304 3027 5389 reddiderit,
3062 5305 3187 5389 Non
3208 5304 3349 5387 ntul-

1755 5376 2007 5441 tiplicabit
2056 5375 2156 5427 sibi
2206 5389 2417 5442 equum.
2465 5376 2762 5431 Contendit
2821 5378 2961 5431 verti
3014 5377 3361 5446 nportuisse,,

1762 5443 1889 5499 Non
1915 5444 2291 5502 multipltcabit
2327 5445 2427 5498 sibi
2460 5449 2680 5502 equites.
2730 5462 2826 5502 seu
2888 5448 3195 5502 equitatum.
3239 5446 3347 5500 Sed

1762 5462 1889 5499 non
1915 5462 2291 5513 mutttpucaatt
2327 5462 2426 5498 εισι
2460 5462 2680 5514 equites,
2730 5462 2826 5502 seu
2888 5462 3195 5518 equitatum.
3239 5462 3345 5500 aeu

1759 5515 2135 5598 conqueritur,
2157 5523 2215 5566 ut
2245 5515 2376 5568 mihi
2409 5518 2626 5598 quidem
2661 5517 2895 5598 videtur,
2925 5533 3028 5570 non
3047 5515 3192 5584 jure.
3210 5513 3345 5598 Nam

1757 5585 1862 5639 hoc
1886 5588 2002 5641 loco
2030 5599 2230 5653 equum
2266 5600 2364 5653 pro
2379 5587 2621 5653 equitatu
2641 5586 2786 5639 sumi
2815 5588 2898 5641 vel
2924 5601 3068 5641 caeco
3093 5592 3343 5656 apparet.

1762 5654 1961 5727 Vellem
1981 5657 2149 5727 prius
2198 5654 2418 5724 legisset
2447 5665 2603 5713 notas
2629 5654 2850 5725 Nobilii,
2882 5672 3047 5727 quam
3091 5669 3218 5712 eum
3253 5671 3344 5710 re-

1754 5724 2156 5794 prebendisset.

1831 5165 1944 5237 (40)
1975 5165 2153 5237 Editio
2186 5165 2357 5237 Paris.
2391 5165 2641 5237 περὶτῶν
