3818 6220
409 292 508 346 531

1728 282 1786 338 S.
1831 278 2079 341 BASILII
2121 281 2338 336 MAGNI

3601 277 3698 333 353

412 407 622 461 Pharao
653 403 810 468 item,
840 402 930 472 qui
958 411 1074 471 post
1100 410 1332 470 quatuor
1372 401 1750 472 generationes
1787 399 1977 470 Moysi:

2106 397 2222 452 ιαὼ.
2254 398 2504 452 Φαίνεται
2539 397 2646 468 γὰρ
2677 396 2877 467 Φαραὼ
2918 395 3206 465 λεγόμενος
3239 394 3344 446 καὶ
3375 395 3406 447 6
3435 393 3546 445 ἐπὶ
3593 392 3699 445 Ἰω-

421 511 578 555 tctate
605 515 695 553 rex
725 496 945 566 Egypti
972 495 1070 549 fuit
1093 512 1108 561 ;
1145 494 1351 547 Pharao
1372 508 1609 562 quoque,
1635 493 1727 560 qui
1751 495 1988 545 Salomo-

423 592 508 645 nis
536 602 776 658 lempore
800 603 978 641 rerum
997 586 1301 651 potiebatur
1321 603 1336 640 :
1359 585 1567 652 Accepit
1589 585 1757 646 enim,
1791 584 1984 650 inquit,

418 682 586 750 ﬁliam
641 679 938 733 Pharaonis
1000 676 1078 742 '°;
1143 687 1199 728 et
1244 677 1335 744 qui
1391 685 1630 743 tempore
1692 672 1986 742 prophetiae

418 771 664 827 Jeremiae
690 771 863 831 vixit,
897 769 1108 822 Pharao
1139 778 1362 820 vocatus
1393 774 1494 819 est.
1532 767 1622 820 Sic
1663 765 1825 817 etiam
1857 764 1984 816 Abi-

415 863 621 916 meleeh
666 857 1070 912 :etateAbrahzc
1097 865 1245 915 erat,
1280 864 1334 906 et
1360 862 1517 906 aetate
1545 852 1694 904 Isaac
1725 869 1737 904 :
1771 859 1825 903 et
1847 849 1984 901 alius

413 968 552 1006 nunc
581 950 919 1019 temporibus
961 947 1176 1000 Davidis
1223 945 1442 997 dicitur.
1471 942 1537 995 Et
1572 943 1638 994 de
1671 957 1736 994 eo
1767 941 1982 1008 quidem

411 1044 500 1112 qui
561 1053 800 1109 tempore
846 1039 1076 1093 Abrahae
1122 1044 1259 1098 erat,
1301 1035 1502 1086 dictum
1552 1043 1674 1086 est:
1729 1031 1795 1083 Et
1849 1031 1982 1082 dixit

410 1131 727 1193 Abimetecli,
767 1137 815 1182 et
850 1127 1448 1193 llochozathpronubus
1491 1123 1604 1190 ejus
1629 1161 1644 1185 ,
1675 1132 1721 1173 et
1768 1117 1982 1171 Pliiloclt

410 1225 648 1293 princeps
697 1220 956 1275 exercitus
1007 1217 1120 1286 ejus
1174 1217 1242 1267 ad
1297 1212 1562 1268 Abraham
1613 1211 1876 1262 dicens“.
1919 1209 1984 1262 Et

413 1317 606 1370 iterum
648 1317 713 1368 de
748 1330 812 1368 eo
839 1313 928 1382 qui
972 1323 1214 1378 tempore
1255 1311 1404 1363 Isaac
1436 1309 1609 1360 vixit:
1642 1304 1770 1358 Fuit
1808 1314 1981 1357 autent

413 1409 578 1462 multo
605 1420 830 1474 tempore
868 1405 957 1459 ibi.
991 1403 1123 1456 Cum
1148 1419 1264 1456 vero
1293 1403 1646 1469 prospexisset
1682 1396 1981 1450 Abimelech

413 1519 503 1555 rex
547 1499 824 1553 l’hilistiim
865 1512 958 1565 per
1001 1498 1283 1564 fenestram
1309 1533 1325 1558 ,
1366 1492 1498 1544 vidit
1533 1493 1686 1542 Isaac
1717 1505 1834 1543 cum
1882 1487 1982 1539 Re-

415 1593 570 1645 becca
599 1591 861 1642 ludentem
901 1589 963 1643 ".
997 1586 1088 1640 Sic
1123 1587 1284 1654 igitur
1319 1593 1373 1636 et
1420 1599 1561 1636 nunc
1592 1581 1806 1634 Davidis
1845 1590 1982 1632 tem-

413 1699 544 1752 pore
571 1680 881 1735 Abimeleclt
911 1681 962 1732 in
995 1677 1348 1745 inscriptione
1377 1675 1552 1728 dictus
1577 1684 1678 1738 est,
1709 1671 1980 1726 communi

2096 493 2203 560 σήφ
2221 508 2234 520 ·
2261 489 2458 561 Φαραὼ
2483 490 2576 542 καὶ
2605 491 2633 541 6
2665 489 2756 540 ἐπὶ
2795 487 3069 549 Μωῦσέως
3103 486 3239 556 μετά
3265 485 3575 556 τέσσαρας
3610 501 3698 552 γε·

2091 583 2217 645 νεάς
2253 581 2496 652 ἐγερθεὶς
2526 581 2777 650 βασιλεὺς
2805 579 3076 647 Αἰγύπτου
3094 595 3107 607 ·
3139 578 3348 650 Φαραὼ
3373 580 3477 630 καὶ
3498 579 3533 630 ὀ
3558 579 3696 630 κατὰ

2090 675 2214 736 τοὺς
2263 674 2485 744 χρόνους
2537 672 2909 742 Σολομῶντος·
2948 673 3159 724 Ἐλαόε
3196 672 3334 742 γὰρ,
3371 673 3544 739 φησι,
3589 670 3697 732 τὴν·

2091 764 2382 834 θυγατέρα
2417 762 2657 831 Φαραώ·
2709 764 2803 816 καὶ
2857 765 2885 816 6
2928 762 3068 816 κατὰ
3119 762 3244 825 τοὺς
3296 763 3554 832 χρόνους
3602 763 3698 828 τῆς

2091 856 2424 927 προφητείας
2463 856 2575 924 (55)
2633 855 2893 926 Ἱερεμίου
2951 853 3146 924 Φαραὼ
3204 856 3692 924 προσηγορεύετο.

2091 949 2245 1001 Οὕτω
2259 949 2313 1000 δὲ
2332 950 2424 1000 καὶ
2452 948 2735 1018 Ἀϐιμέλεχ
2758 947 2898 1000 κατὰ
2920 949 3043 1010 τοὺς
3061 946 3282 1018 χρόνους
3303 942 3379 1015 ἦν
3407 945 3694 1016 Ἀϐρααμ,

2090 1040 2185 1093 καὶ
2210 1040 2504 1115 καταστοὺς
2541 1039 2766 1110 χρόνους
2810 1038 2992 1090 Ἰσαάκ
3013 1055 3026 1068 ·
3063 1038 3220 1091 καὶὸ
3251 1037 3351 1089 νῦν
3386 1037 3694 1106 λεγόμενες

2089 1133 2182 1185 ἐπὶ
2211 1133 2318 1185 τῶν
2345 1131 2552 1203 καιρῶν
2579 1130 2760 1182 Δαϐίδ.
2805 1130 2928 1182 Ἐπὶ
2959 1129 3059 1198 μὲν
3083 1128 3190 1198 γὰρ
3233 1127 3507 1197 Ἀϐραὰμ.
3541 1132 3691 1198 εἰρη-

2088 1242 2198 1288 ται,
2223 1227 2304 1277 ὅτι
2331 1225 2439 1279 Καὶ
2467 1220 2635 1276 εἶπεν
2671 1222 2988 1290 Ἀϐιμέλεχ,
3019 1222 3118 1275 καὶ
3174 1222 3432 1288 Ὀχοζάθ
3469 1227 3507 1274 c’-
3543 1239 3692 1289 νυμ-

2087 1315 2359 1385 φαγωγὸς
2389 1313 2595 1375 αὑτοῦ,
2635 1313 2732 1366 καὶ
2761 1313 2947 1380 Φιιιὸχ
2981 1315 3013 1365 ὁ
3051 1312 3554 1380 ἀρχιστράτηγος
3583 1311 3694 1377 τῆς

2088 1407 2394 1475 δυνάμεως
2419 1407 2604 1459 αὐτοῦ
2639 1405 2788 1473 πρὸς
2832 1405 3094 1474 Ἀϐραὰμ,
3121 1404 3336 1474 λέγων.
3368 1407 3485 1457 Καὶ
3527 1407 3694 1458 πάλιν

2089 1499 2337 1571 περὶτοῦ
2381 1499 2598 1552 Ἰσαάκ’
2650 1496 2916 1566 Ἐγένετο
2961 1497 3029 1549 δὲ
3075 1500 3494 1565 πολυχρόνιος
3545 1499 3693 1550 ἐκεῖ.

2087 1593 2453 1660 Παρακύψας
2479 1591 2547 1643 δὲ
2584 1590 2880 1659 Ἁϐιμέλεχ
2919 1590 3030 1658 (56)
3070 1593 3101 1642 ὁ
3134 1591 3447 1654 βασιλεὺς
3501 1593 3694 1643 Φυλι-

2087 1684 2262 1751 στεὶμ
2293 1682 2390 1735 διὰ
2416 1681 2522 1748 τῆς
2550 1681 2811 1749 θυρίδος,
2856 1679 2978 1734 εἶδε
3014 1682 3293 1742 παίζοντα
3328 1682 3444 1734 τὸν
3472 1684 3694 1736 Ἰσαὰκ

412 1774 562 1844 regni
597 1774 833 1826 nomine.
869 1771 1064 1824 Verum
1107 1767 1327 1821 Auchus
1373 1781 1565 1818 nomen
1620 1766 1873 1818 traditum
1917 1764 1977 1815 ah

2106 1774 2230 1827 ιετὰ
2262 1772 2593 1837 Ῥεϐέκκας.
2628 1772 2814 1837 Οὕτως
2843 1770 2936 1826 οὖν
2967 1775 3061 1827 καὶ
3088 1774 3181 1827 νῦν
3219 1775 3366 1826 κατὰ
3394 1775 3533 1836 τοὺς
3565 1773 3696 1844 χρό-

412 1865 640 1918 historia
673 1873 792 1924 est,
833 1861 974 1930 quod
1017 1858 1220 1914 scilicet
1255 1859 1302 1912 ei
1337 1859 1592 1928 privatim
1641 1872 1669 1908 a
1707 1855 1986 1908 nalivitate

415 1955 721 2024 impositum
759 1963 924 2006 esset.
962 1952 1150 2019 Itaque
1193 1966 1374 2004 coram
1422 1951 1523 2002 hoc
1568 1948 1872 2000 immolavit
1904 1948 1985 1998 la-

412 2048 549 2101 ciem
579 2061 754 2110 suam,
781 2051 1089 2113 asportatos
1113 2042 1360 2095 manibus
1385 2055 1684 2100 servorum,
1708 2046 1761 2091 et
1780 2041 1988 2091 obstre-

411 2151 544 2205 pens
581 2135 647 2188 ad
688 2146 873 2203 portas
898 2131 1170 2194 civitatis,
1205 2128 1601 2197 distillansqne,
1643 2129 1835 2197 inquit,
1860 2128 1986 2181 sali-

408 2243 527 2282 vam
556 2242 705 2279 suam
733 2227 782 2278 in
812 2224 1031 2278 barbam
1059 2240 1072 2275 :
1114 2222 1186 2275 ita
1223 2229 1280 2274 ut
1311 2221 1515 2273 diceret
1551 2220 1774 2272 Auchus
1805 2221 1870 2272 ad
1905 2217 1985 2272 fa-

417 2319 589 2371 mulos
619 2335 632 2370 :
665 2317 840 2381 Quare
857 2314 1156 2367 adduxistis
1185 2329 1302 2366 eum
1329 2311 1398 2364 ad
1419 2327 1499 2364 me
1522 2311 1548 2364 Σ)
1571 2309 1706 2367 Num
1732 2325 1830 2379 ego
1852 2325 1986 2379 opus

412 2408 586 2461 habeo
607 2406 867 2459 comitiali
898 2405 1090 2457 morbo
1117 2401 1427 2468 correptis?
1462 2403 1658 2470 quippe
1693 2402 1987 2454 introduxi-

410 2498 510 2549 stis
534 2513 678 2553 elllll.
699 2505 754 2546 ut
780 2493 966 2546 morbo
987 2491 1245 2546 comitiali
1277 2505 1456 2544 coram
1483 2506 1567 2544 me
1594 2492 1981 2559 corriperetur.

413 2589 479 2642 Et
507 2587 586 2642 sic
627 2586 769 2640 illinc
792 2586 1069 2644 dimissus.
1099 2582 1313 2636 salvum
1352 2598 1411 2635 se
1448 2583 1668 2649 recepit,
1703 2581 1896 2650 inquit,
1930 2582 1982 2636 in

412 2680 728 2748 speluncam
772 2677 1014 2732 Odollam
1051 2675 1114 2728 ¹³.
1161 2675 1328 2744 Igitur
1369 2689 1626 2742 tanquam
1665 2689 1730 2728 ex
1790 2689 1985 2743 magno

410 2770 652 2838 periculo
675 2769 910 2836 elapsus,
945 2767 1084 2820 banc
1111 2769 1412 2836 gratiarum
1443 2765 1706 2818 actionem
1741 2768 1984 2832 rependit
2033 2773 2042 2788 '

406 2877 507 2916 suo
532 2860 808 2916 liberatori
863 2861 988 2914 Deo.
1022 2859 1182 2913 Vens.
1224 2857 1280 2911 2.
1311 2856 1625 2910 Benedicam
1666 2857 1944 2911 Dominum
1967 2897 1981 2920 ,

407 2952 614 3019 inquit,
649 2953 703 3003 in
747 2951 889 3003 omni
923 2962 1172 3017 tempore.
1205 2949 1434 3017 Ereptus
1477 2964 1544 3001 ex
1592 2959 1788 3012 marte,
1829 2951 1981 3017 quasi

407 3043 670 3097 terminos
726 3044 847 3094 vitae
895 3041 996 3094 sibi
1031 3044 1144 3109 ipse
1185 3039 1520 3108 praescribit,
1572 3053 1834 3105 suamque
1863 3041 1981 3093 ani-

2087 1883 2211 1929 νους
2254 1865 2418 1918 Δαὸὶδ
2467 1865 2752 1935 Ἀὄιμέλεχ
2809 1866 3021 1936 εἴρηται
3064 1867 3121 1916 ὲν
3155 1868 3218 1935 τῇ
3258 1867 3591 1935 ἐπιγραφῇ,
3633 1866 3696 1917 τὸ

2086 1958 2263 2010 κοινὸν
2291 1959 2388 2028 τῆς
2415 1957 2688 2026 βασιλείας
2725 1957 2914 2027 ὄνομα.
2957 1958 3181 2028 Ἀγχοὺς
3210 1957 3269 2010 δὲ
3302 1960 3691 2029 παραδέδοται

2087 2049 2189 2102 ὑπὸ
2231 2050 2328 2120 τῆς
2361 2049 2618 2120 ἱστορίας,
2666 2051 2802 2121 ὅπερ
2843 2050 2986 2113 ἰδίως
3030 2046 3097 2120 ἦν
3140 2051 3287 2121 αὐτῷ
3330 2054 3404 2103 ἐκ
3453 2053 3690 2120 γενετῆς

2086 2141 2447 2212 ἐπικείμενον.
2509 2143 2630 2194 Ἐπὶ
2670 2141 2860 2195 τούτου
2906 2144 3084 2194 τοίνυν
3129 2143 3436 2210 ἠλλοίωσεν
3480 2145 3690 2197 ἑαυτοῦ

2085 2234 2146 2286 τὸ
2170 2233 2480 2303 πρόσωπον,
2505 2235 2956 2305 παραφερόμενος
2979 2237 3036 2286 ὲν
3062 2238 3179 2299 ταῖς
3205 2237 3372 2307 χερσὶ
3399 2237 3517 2289 τῶν
3538 2241 3687 2290 οἰκε-

2085 2327 2214 2391 τῶν,
2249 2327 2343 2378 καὶ
2394 2325 2582 2395 ψοφῶν
2618 2327 2768 2397 παρὰ
2815 2327 2912 2390 τὰς
2956 2326 3129 2389 πύλας
3169 2327 3269 2410 της
3304 2327 3552 2391 πόλεως,
3590 2329 3688 2380 καὶ

2087 2418 2405 2490 καταρρέων
2434 2419 2566 2488 (57),
2602 2419 2754 2488 φησὶ,
2794 2419 2862 2472 τὰ
2904 2419 3054 2471 σίελα
3096 2415 3261 2470 αὑτοῦ
3307 2420 3408 2471 ἐπὶ
3437 2420 3535 2470 τὸν

2085 2525 2270 2575 γωναο
2301 2507 2440 2560 ὥστε
2467 2509 2638 2562 εἰπεῖν
2667 2508 2759 2560 τὸν
2794 2509 3018 2577 Ἀγχοῦς
3062 2511 3171 2571 τοῖς
3208 2507 3370 2561 παισί
3398 2525 3414 2537 ·
3461 2510 3525 2562 Τί
3554 2511 3684 2561 εισ-

2083 2598 2323 2667 εφέρετε
2357 2598 2544 2651 αὑτὸν
2583 2597 2731 2666 πρὸς
2749 2598 2868 2666 μέ;
2907 2599 2998 2669 Μὴ
3038 2598 3320 2667 ὲπιδέομαι
3351 2599 3684 2669 emit;me

2085 2687 2216 2755 ἐγὼ,
2247 2688 2328 2740 ὅτι
2365 2688 2716 2758 εἰσηνέγκατε
2742 2687 2902 2740 αὑτὸν
2935 2687 3399 2757 ὲττιληπτεύεσθαι
3546 2690 3683 2758 api;

2085 2779 2197 2832 Καὶ
2224 2779 2394 2842 οὕτως
2421 2779 2710 2842 ἀπολυθεὶς
2733 2780 2966 2842 ἐκεῖθεν,
2991 2779 3240 2849 διεσώθη,
3274 2781 3472 2849 φησὶν,
3509 2783 3596 2843 εἰς
3625 2781 3685 2831 τὸ

2087 2868 2348 2941 σπήλαιον
2414 2869 2686 2940 Ὀδολλὰμ.
2746 2871 2832 2932 Ὠς
2876 2865 2968 2922 οὖν
3015 2871 3078 2921 ὲκ
3135 2869 3376 2939 μεγάλου
3424 2870 3682 2922 κινδύνου

2084 2961 2389 3031 διεκφυγὼν
2423 2961 2555 3031 (58),
2590 2961 2792 3032 ταύτην
2835 2961 3150 3031 ἀναπέμπει
3181 2960 3279 3031 τὴν
3315 2963 3683 3031 εὐχαριστίαν

2084 3053 2162 3124 τῷ
2189 3053 2476 3124 ῥυσαμένῳ
2503 3053 2664 3106 αὐτὸν
2697 3051 2834 3123 Θεῷ.
2862 3052 3213 3122 Εὑλογήσω,
3241 3054 3405 3122 φησὶ,
3437 3054 3548 3106 τὸν
3568 3057 3682 3108 Κύ-

409 3149 551 3186 mam
597 3129 833 3187 instituit
867 3149 929 3186 ac
961 3131 1158 3185 format
1207 3133 1272 3184 ad
1308 3133 1615 3185 accuratius
1652 3133 1862 3185 vivendi
1897 3149 1977 3202 ge-

2106 3163 2214 3198 πον
2253 3146 2322 3198 ἐν·
2373 3145 2549 3198 παντὶ
2583 3143 2781 3212 καιρῷ.
2819 3143 3132 3214 Διεκιρυγὼν
3174 3146 3238 3197 ὲκ
3278 3145 3377 3197 τοῦ
3415 3147 3679 3208 θανάτου,

408 3239 532 3286 nus,
559 3224 693 3277 adeo
723 3234 778 3276 ut
815 3223 958 3276 nullo
986 3233 1223 3292 tempore
1242 3222 1676 3275 benedictionem
1708 3224 1976 3277 intermit-

408 3323 508 3376 tat,
535 3317 624 3367 sel
653 3330 829 3367 rerum
861 3323 972 3366 tum
997 3330 1312 3382 magnarum
1339 3325 1448 3369 tum
1475 3332 1756 3386 parvarum
1783 3320 1979 3388 princi-

401 3404 550 3468 pium
580 3403 778 3455 refcrat
804 3403 855 3456 iu
883 3403 1072 3456 Deum.
1096 3403 1210 3456 Non
1234 3404 1559 3458 existimabo
1578 3445 1593 3471 ,
1621 3406 1796 3475 inquit
1815 3448 1830 3472 ,
1856 3410 1979 3462 dili-

410 3494 586 3561 gentia
608 3509 722 3548 mea
750 3494 1042 3562 quidquam
1069 3495 1220 3561 lieri;
1251 3511 1424 3565 neque
1455 3496 1678 3553 fortuito
1708 3516 1976 3556 concursu

403 3587 732 3655 contingere,
749 3586 839 3639 sed
859 3584 925 3640 In
944 3589 1082 3641 omni
1103 3599 1329 3656 tempore
1351 3591 1651 3644 benedicam
1670 3593 1976 3659 Dominum;

407 3691 511 3729 nou
539 3676 591 3729 in
621 3677 741 3729 vita:
777 3677 949 3730 solum
987 3682 1344 3746 prosperitate
1369 3721 1382 3743 ,
1429 3683 1519 3734 sed
1557 3683 1608 3736 iu
1647 3686 1978 3754 temporibus

401 3769 566 3822 etiam
597 3769 842 3822 adversis
877 3779 1035 3837 atque
1058 3771 1407 3826 calamitosis.
1439 3772 1572 3828 Hinc
1591 3775 1811 3830 edoctus
1834 3777 1974 3831 Pau-

402 3858 504 3919 lus.
529 3859 603 3911 ait
627 3875 640 3911 :
676 3860 892 3927 Semper
922 3862 1164 3928 gaudete,
1189 3862 1301 3914 sine
1324 3863 1708 3918 intermissione
1730 3880 1895 3929 orate,
1920 3871 1977 3921 in

401 3951 640 4004 omnibus
664 3952 863 4020 gratias
892 3953 1028 4020 agite
1052 3953 1114 4005 “.
1151 3952 1335 4006 Viden’
1367 3965 1568 4023 quanta
1610 3957 1773 4010 luerit
1798 3959 1977 4013 chari-

402 4051 486 4095 tas
524 4041 662 4094 viri?
695 4041 954 4095 Malorum
998 4043 1374 4098 assiduitatem
1411 4047 1593 4100 animo
1643 4048 1828 4118 iniquo
1863 4068 1970 4105 non

402 4133 628 4199 ferebat,
666 4150 786 4186 cmn
824 4148 926 4186 nou
961 4135 1134 4188 solum
1171 4150 1235 4187 ex
1268 4141 1441 4205 pitria
1472 4139 1678 4205 pulsus,
1715 4151 1770 4194 et
1809 4156 1837 4193 a
1879 4158 1973 4196 co—

402 4223 578 4290 gnatis
606 4224 1028 4290 domesticisque
1054 4223 1360 4292 sejuncms,
1387 4242 1449 4281 ac
1479 4227 1634 4282 bouis
1669 4231 1932 4300 spoliatus
1958 4251 1970 4286 :

401 4327 584 4365 verum
622 4313 782 4365 etiam
827 4329 948 4366 cum
992 4315 1235 4369 hostibus
1267 4327 1409 4370 esset
1439 4333 1532 4386 per
1563 4321 1667 4372 vim
1705 4324 1932 4376 traditus
1955 4365 1970 4389 ,

403 4403 473 4456 ita
499 4413 556 4456 ut
580 4402 688 4457 fere
710 4405 776 4456 ab
792 4403 871 4456 eis
899 4405 1234 4458 membratim
1264 4406 1460 4460 dilania
1473 4420 1640 4464 retur.
1660 4408 1778 4464 Non
1802 4414 1968 4468 dixit:

2080 3232 2191 3288 οἷον
2229 3237 2387 3306 ὅρους
2424 3234 2601 3306 ἑαυτῴ
2637 3235 2844 3288 τίθεται
2893 3236 2994 3304 τῆς
3039 3234 3202 3305 ζωῆς,
3244 3237 3444 3288 τυπῶν
3479 3239 3680 3292 ἑαυτοῦ

2077 3329 2175 3399 τὴν
2200 3327 2376 3399 ψυχὴν
2405 3328 2540 3398 πρὸς
2572 3327 2630 3379 τὸ
2667 3327 2765 3397 τῆς
2806 3327 3078 3390 πολιτείας
3118 3327 3380 3399 ἀκριϐές·
3435 3330 3514 3393 ὡς
3570 3349 3680 3401 μη-

2076 3421 2201 3474 δένα
2221 3419 2412 3492 καιρὸν
2431 3419 2810 3489 διαλιμπὰνειν
2831 3419 2928 3489 τῆς
2946 3418 3212 3486 εὐλογίας,
3229 3419 3370 3471 ἀλλά
3393 3423 3496 3473 καὶ
3515 3424 3680 3491 μεγά-

2077 3512 2182 3565 λων
2195 3512 2288 3565 καὶ
2305 3510 2641 3582 μικροτέρων
2659 3511 2998 3581 πραγμάτων
3016 3513 3105 3563 ἐπὶ
3119 3511 3209 3562 τὸν
3221 3511 3360 3563 θεον
3376 3514 3680 3586 ἀναφέρειν

2075 3603 2173 3675 τὴν
2203 3591 2407 3675 ἀρχήν.’
2428 3604 2562 3673 Οὐχὶ
2602 3604 2899 3675 ἡγήσομαι,
2928 3605 3082 3672 φησὶ,
3114 3603 3254 3656 κατὰ
3286 3605 3390 3676 τὴν
3430 3607 3676 3677 ἐμαυτοῦ

2077 3697 2394 3766 ἐπιμέλειαν
2417 3695 2679 3764 γίνεσθαι,
2698 3694 2817 3747 οὐδὲ
2841 3696 2904 3746 ἐκ
2924 3695 3022 3764 τῆς
3042 3695 3350 3765 αὐτομάτου
3376 3700 3678 3768 συντυχίας

2078 3787 2413 3858 συμϐαίνειν,
2438 3785 2551 3840 ἀλλ’
2581 3786 2676 3838 Ἐν
2701 3785 2876 3839 παντὶ
2898 3783 3078 3852 καιρῷ
3091 3784 3413 3853 εὐλογήσω
3437 3787 3549 3841 τὸν·
3566 3791 3679 3842 Κύ-

2067 3895 2204 3947 ριον
2224 3919 2238 3940 ,
2267 3879 2366 3930 οὐκ
2390 3880 2445 3929 ὲν
2465 3880 2584 3940 ταῖς
2610 3877 2928 3947 εὐημερίαις
2955 3873 3113 3945 μόνον
3132 3873 3223 3926 τοῦ
3245 3873 3387 3944 βίου,
3414 3877 3564 3931 ἀλλὰ
3583 3878 3678 3930 καὶ

2077 3973 2136 4023 ὲν
2160 3972 2270 4035 τοῖς
2298 3972 2699 4040 περιστατικοῖς
2721 3971 2952 4038 καιροῖς.
2982 3965 3261 4018 Ἐντεῦθεν
3298 3966 3676 4037 μαθητευθεὶς

2075 4064 2104 4114 6
2154 4061 2502 4124 Ἀπόστολος,
2558 4059 2841 4122 Πάντοτε,
2892 4059 3047 4126 φησι,
3091 4058 3348 4126 χαίρετε,
3397 4059 3673 4113 ἀδιαλεί-

2076 4168 2234 4218 πτως
2256 4157 2689 4223 προσεύχεσθε,
2716 4155 2785 4207 ἐν
2817 4155 2993 4206 παντὶ
3022 4153 3460 4220 εὐχαριστεῖτε.
3509 4155 3672 4224 Ὁρᾷς

2073 4239 2238 4315 ἡλίκη
2268 4245 2361 4298 τοῦ
2401 4245 2592 4316 ἀνδρὸς
2624 4248 2657 4316 ἡ
2691 4246 2913 4314 ἀγάπης
2951 4245 3063 4297 Οὐκ
3110 4243 3484 4297 ἀπεδυσπέτει
3533 4247 3670 4315 πρὸς

2074 4335 2172 4406 τὴν
2194 4336 2472 4406 συνέχειαν
2499 4335 2605 4388 τῶν
2631 4333 2836 4395 κακῶν,
2863 4335 2954 4386 ὅτε
2977 4334 3038 4386 οὐ
3067 4331 3175 4400 (59)
3208 4332 3370 4400 μόνον
3401 4332 3670 4402 πατρίδες

2078 4427 2405 4497 ἀπελήλατο,
2439 4429 2533 4480 καὶ
2565 4427 2904 4494 συγγενείας,
2934 4427 3027 4477 καὶ
3051 4423 3286 4481 οἰκείων.
3317 4425 3413 4475 καὶ
3445 4427 3664 4492 κτημά-

401 4494 688 4562 Qnousque
725 4495 984 4549 malorum
1020 4495 1350 4551 assiduitas?
1379 4516 1482 4553 non
1524 4501 1814 4570 despondit
1845 4509 1966 4558 ani-

2107 4537 2212 4581 ων,
2240 4477 2382 4572 Ιἀλλὰ
2423 4520 2518 4572 καὶ
2565 4477 2693 4582 τοῖς.
2720 4518 3000 4586 πολεμίοις
3040 4515 3368 4586 παραδοθεὶς
3410 4517 3526 4568 ὑπὸ

403 4602 547 4638 ιιιιιιιι
574 4594 791 4654 propter
818 4585 1123 4640 afﬂictionis
1155 4587 1314 4660 1M
1336 4594 1794 4659 prorogationem,
1826 4597 1967 4649 haud

404 4677 676 4747 ignorans,
717 4677 869 4742 Quod
908 4679 1184 4731 tribulatio
1217 4681 1528 4747 patientiam
1559 4695 1826 4751 operatur,
1876 4705 1970 4754 pa-

402 4769 582 4820 tientia
629 4777 803 4820 autem
850 4769 1242 4835 probationent,
1282 4771 1527 4839 probatio
1567 4789 1683 4825 vero
1722 4791 1863 4841 spem
1901 4777 1964 4829 ¹⁵.

473 4954 515 4985 ¹⁰
543 4953 605 5006 Ill
643 4954 716 5006 lie

402 5025 446 5056 ”
487 5025 646 5080 lium.
697 5041 747 5085 v,
780 5025 835 5085 5,
865 5025 919 5078 4.

469 5145 580 5220 (ἥξξ)
615 5143 764 5220 |_|_|ud,
795 5149 892 5216 τῆς
923 5149 1276 5217 προφητείας,
1319 5149 1469 5203 deest
1509 5150 1560 5202 in
1615 5150 1747 5220 Reg.
1782 5154 1963 5210 tertio.

398 5213 590 5292 siuna.
621 5216 756 5292 ᾔεις.
793 5213 1059 5270 secutulus
1092 5213 1280 5292 rursus
1303 5213 1726 5292 προσηγόρευτοῖ

471 5285 585 5360 (56)
619 5287 707 5338 Sic
737 5302 882 5360 mss._
903 5299 1153 5360 quatuor.
1196 5290 1250 5341 In
1283 5285 1518 5343 edit-ioue
1547 5285 1718 5347 Paris.
1751 5293 1967 5360 ponitur

396 5358 816 5431 articulus__anle
865 5357 1178 5431 ῘΑϐιμέλεχ.
1237 5361 1524 5427 Aliquanto
1558 5374 1676 5429 post
1719 5357 1850 5431 Heg.
1885 5381 1970 5416 sc-

394 5431 610 5500 cundtis
634 5427 845 5494 εἴρηται
861 5428 920 5500 ξεν
955 5430 1019 5498 τῇ
1051 5427 1258 5500 Γραφῇ.
1289 5433 1391 5482 Sed
1423 5427 1745 5498 scripturam
1786 5427 1966 5485 vei-aut

395 5496 453 5568 ὲν
476 5497 558 5568 τῇ
597 5498 874 5566 ἐπιγραφῇ
909 5496 1123 5568 ρι’ςιξιιϊι
1152 5496 1364 5566 quoque
1401 5502 1450 5552 in
1485 5496 1748 5568 margine.
1794 5503 1959 5564 lul'r-t,

399 5567 706 5640 til_i_i_l_egilnr
725 5567 1198 5640 παραφερόμενος,
1226 5581 1355 5625 elc..
1384 5571 1461 5623 sic
1492 5567 1692 5622 editum
1714 5585 1795 5625 est
1822 5577 1961 5640 apud

397 5631 539 5709 LXX
574 5652 586 5685 :
617 5631 961 5709 παρεφέρετο
994 5631 1049 5688 ἐν
1082 5641 1201 5701 ταῖς
1233 5640 1418 5709 χερσὶν
1444 5641 1627 5692 αὑτοῦ.
1671 5642 1820 5696 Unde
1854 5631 1965 5694 An-

398 5705 640 5770 gustiuus
671 5703 1008 5759 {Ferebatur
1034 5710 1084 5761 in
1113 5703 1348 5762 "mnibus
1377 5715 1484 5763 suis
1520 5728 1536 5762 :
1565 5713 1760 5780 quibus
1785 5715 1962 5766 verbis

2077 4609 2342 4680 ἀνάγκης,
2391 4610 2589 4680 μικροῦ
2640 4609 2974 4663 διασπᾶσθαι
3024 4611 3152 4680 παρ’
3184 4607 3366 4660 αὐτῶν
3407 4607 3659 4677 ἔμελλεν.

2076 4699 2190 4751 Οὐκ
2221 4698 2372 4752 εἶπε·
2406 4701 2584 4772 Μέχρι
2615 4701 2760 4763 τίνος
2795 4703 2828 4771 ὴ
2864 4699 3114 4770 συνέχεια
3147 4699 3255 4750 τῶν
3291 4697 3528 4762 κακῶν;
3563 4700 3661 4751 οὐκ

2075 4791 2490 4864 ἀπεδυσπέτησε
2519 4794 2656 4865 πρὸς
2692 4794 2788 4864 τὴν
2820 4792 3128 4862 παράτασιν
3155 4791 3254 4860 τῆς
3287 4789 3554 4860 θλίψεως,
3584 4790 3660 4841 εἰ-

723 4968 892 5042 g._m:
921 4954 971 5007 1.
1049 4955 1090 4985 ¹¹
1123 4953 1257 5010 Gen.
1285 4973 1398 5022 XXI,
1420 4957 1508 5012 22.
1589 4960 1631 4989 ¹²
1654 4958 1790 5015 Gen.
1815 4978 1965 5036 Xxvi,

2123 4971 2213 5025 ιιι
2246 4971 2377 5042 Reg.
2411 4988 2522 5039 XXI,
2556 4972 2659 5036 l5;
2702 4987 2834 5035 mi,
2880 4972 2934 5027 i.
3012 4971 3057 5002 “
3094 4969 3328 5024 lTbess.
3355 4983 3408 5037 v,
3439 4967 3535 5031 16,
3567 4966 3652 5022 l8.

2065 5155 2227 5210 Pater
2263 5157 2618 5224 gravissimus
2647 5154 2957 5208 adumbrari
2979 5154 3093 5207 vult
3124 5155 3530 5208 sanctissimam
3558 5157 3655 5208 Eo-

2066 5228 2407 5287 charistiam,
2461 5229 2678 5293 quando
2731 5226 2982 5278 videlicet
3033 5225 3290 5278 Dominus
3351 5227 3406 5277 in
3458 5229 3649 5278 ultima

2066 5309 2221 5350 caena
2253 5312 2309 5348 se
2340 5299 2452 5362 ipse
2480 5299 2591 5348 suis
2618 5295 2864 5346 manibus
2895 5295 3036 5346 tulit.

2140 5364 2252 5434 (57)
2301 5361 2372 5417 Ita
2429 5382 2617 5417 novem
2656 5379 2792 5417 mss.
2825 5379 2950 5416 cum
2975 5364 3208 5418 editione
3237 5361 3407 5418 Basil.
3465 5363 3650 5418 Editio

2067 5450 2195 5488 veto
2239 5436 2412 5506 Paris.
2453 5437 2768 5506 κατέρρεον.

2141 5505 2250 5575 (58)
2279 5505 2527 5575 Nonnulli
2561 5501 2686 5557 nisis.
2718 5501 3022 5575 διαφυγών.
3043 5502 3237 5559 Statim
3272 5512 3483 5572 septem
3515 5518 3650 5559 mss.

2069 5573 2258 5628 rursus
2285 5573 2566 5643 διαφυγὼν
2594 5577 2657 5627 ἐκ
2686 5573 2803 5626 τοῦ.

2141 5645 2251 5716 (59)
2296 5642 2423 5714 ιιρε.
2449 5649 2714 5700 secundus
2745 5645 2825 5696 ὅτι
2855 5642 2937 5696 οὺ.

3779 455 3802 670 l

3797 1033 3810 1304 1

3801 1325 3810 1616 Ι

3805 1977 3810 2138 l
