3818 6220
178 303 296 358 555

1354 315 1639 371 IIOMELIA
1678 317 1744 371 IN
1786 315 2118 410 PSALMUSI
2161 320 2394 377 XXXIII.

3384 337 3491 395 355

140 416 311 487 ,δὼς,
346 420 493 477 Ὅτι
532 423 569 492 ἡ
602 427 810 495 θλίψις
844 431 1163 500 ὑπομονὴν
1193 433 1625 503 κατεργάζεται,
1664 439 1701 505 ἡ
1734 440 1748 489 t'

1906 439 2039 495 Natu
2088 457 2145 495 re
2184 444 2296 512 ipsa
2334 441 2652 501 adﬂictiones
2676 488 2689 513 ,
2729 449 2884 516 quasi
2926 449 3180 506 athletica
3233 456 3485 523 quedam

174 514 482 584 ὑπομονὴ
536 516 822 590 δοκιμὴν,
861 523 898 591 ἠ
933 524 1003 577 δὲ
1029 525 1245 596 δοκιμὴ
1278 528 1517 583 ἐλπίδα.
1561 529 1652 601 Τῷ
1684 530 1797 584 ὅντι

174 601 294 676 γὰρ
324 609 451 673 τοῖς
499 611 686 676 καλῶς
719 619 1265 690 παρεσκευασμένοις
1305 623 1363 674 αἱ
1392 620 1600 692 θλίψεις
1633 625 1797 677 οἱονεὶ¹

176 698 393 767 τροφαί
428 701 583 766 τινές
615 706 751 758 εἰσιν
787 707 1080 780 ἀθλητικαὶ
1120 713 1213 766 καὶ
1245 714 1543 783 γυμνάσια,
1578 716 1671 768 ἐπὶ
1697 716 1796 788 τὴν

176 788 466 860 πατρῴαν
510 792 667 858 δόξαν
697 797 790 850 τὸν
825 799 1134 873 ἀγωνιστὴν
1174 803 1635 875 προϐιὸάζουσαι·
1668 807 1797 860 ὅταν

178 875 604 969 λοιδορούμενοι
642 887 955 962 εὐλογῶμεν
977 934 992 958 ,
1027 892 1509 966 βλασφημούμενοι
1542 915 1797 969 παρακα-

178 967 395 1041 λῶμεν,
418 979 899 1051 καταπονούμενοι
917 983 1353 1057 εὐχαριστῶμεν,
1375 967 1680 1059 θλιϐόμενοι
1702 990 1796 1043 ἐπὶ

179 1064 248 1133 τῇ
303 1062 497 1135 θλίψει
552 1069 906 1142 καυχώμεθα.
963 1076 1197 1147 Αἰσχρὸν
1249 1076 1361 1150 γὰρ
1399 1081 1644 1150 εὐλογεῖν
1695 1083 1794 1153 μὲν

180 1153 339 1225 ἡμᾶς
366 1158 470 1211 ἐπὶ
496 1164 614 1225 τοῖς
638 1165 1044 1237 χρηστοτέρας,
1076 1171 1288 1241 σιωπᾷν
1314 1171 1371 1225 δὲ
1400 1174 1493 1226 ἐπὶ
1524 1177 1633 1238 τοῖς
1665 1193 1795 1229 σκυ-

181 1241 580 1320 θρωποτέροις
616 1255 711 1306 καὶ
752 1255 1031 1320 ἐπιπόνοις
1065 1260 1405 1330 πράγμασιν.
1467 1263 1628 1318 Ἀλλὰ
1670 1266 1793 1320 τότε

181 1336 281 1389 καὶ
320 1338 499 1393 πλέον
544 1342 888 1416 εὐχαριστεῖν
915 1347 1013 1410 δεῖ,
1053 1349 1284 1416 εἰδότας,
1319 1353 1401 1405 ὅτι
1440 1356 1549 1407 Ὃν
1592 1356 1794 1425 ἀγαπᾷ

180 1431 412 1498 Κύριος
445 1435 744 1491 παιδεύει·
777 1442 1055 1511 μαστιγοῖ
1092 1443 1160 1496 δὲ
1188 1443 1383 1497 πάντα
1414 1446 1549 1499 υἱὸν
1578 1447 1650 1500 ὃν
1683 1462 1794 1503 πα-

176 1522 536 1592 ραδέχεται.
597 1531 931 1598 Διαπαντὸς
982 1535 1020 1602 7';
1074 1534 1311 1602 αἵνεσις
1350 1538 1537 1591 αὐτοῦ
1589 1539 1658 1591 ἐν
1711 1538 1792 1605 τῷ

182 1617 454 1686 στόματί
488 1638 633 1689 μου.
686 1624 847 1678 Δοκεῖ
878 1625 1139 1682 ἀδύνατόν
1190 1645 1243 1681 τι
1294 1630 1727 1698 ἐπαγγέλλεσθαι
1762 1634 1791 1685 ὁ

183 1709 507 1781 προφήτης.
540 1712 663 1777 Πῶς
685 1714 794 1787 γὰρ
823 1715 1116 1782 διαπαντὸς
1145 1720 1176 1789 ἡ
1208 1719 1413 1784 αἵνεσις
1444 1721 1537 1774 τοῦ
1567 1722 1701 1775 Θεοῦ
1730 1725 1790 1777 ἐν

1907 535 2161 591 alimenta
2192 552 2255 591 ac
2288 540 2713 596 exercitationes
2739 551 2866 596 sunt
2888 543 3027 599 bene
3051 549 3370 618 praeparatis
3406 561 3485 604 at-

1906 640 2016 696 que
2045 627 2328 684 instructis
2358 645 2372 683 :
2403 646 2522 700 quae
2553 631 2814 687 athletam
2845 635 2910 689 ad
2942 646 3225 706 paternam
3255 639 3485 710 gloriam

1907 720 2209 787 deducunt;
2245 724 2288 776 si
2325 726 2542 792 quando
2571 727 2832 780 conviciis
2877 727 3109 798 impetiti
3141 731 3485 789 benedixeri-

1909 828 2048 877 mus,
2078 813 2434 884 blasphemiis
2463 817 2696 872 laeessiti
2722 819 3207 890 obsecraverimus,
3241 825 3481 881 divexati

1905 907 2172 974 egerimus
2197 910 2421 977 gratias,
2454 908 2633 965 amicti
2669 913 2723 966 in
2751 913 3045 970 alllictione
3071 916 3289 987 gloriati
3320 917 3481 974 fueri-

1905 1011 2027 1052 mus
2058 998 2121 1051 “.
2151 996 2329 1069 Turpe
2355 1001 2499 1055 enim
2531 1012 2614 1056 est
2647 1019 2745 1058 nos
2773 1003 3094 1062 benedicere
3128 1008 3182 1064 in
3216 1011 3378 1066 rebus
3408 1026 3483 1064 se-

1904 1089 2111 1156 cundis,
2135 1091 2297 1146 silere
2318 1107 2446 1147 vero
2473 1094 2524 1147 in
2553 1096 2800 1152 tristibus
2829 1109 2883 1151 et
2905 1099 3169 1155 adversis.
3205 1099 3318 1156 Imo
3349 1113 3474 1157 tunc

1902 1180 2062 1235 etiam
2101 1182 2303 1250 gratias
2335 1183 2615 1240 uberiores
2643 1200 2806 1256 agere
2831 1196 3068 1257 oportet,
3106 1206 3227 1246 cum
3257 1195 3474 1248 noveri-

1902 1288 2021 1327 mus
2050 1274 2190 1343 qttod
2222 1273 2388 1340 Quem
2423 1275 2596 1346 diligit
2631 1275 2911 1347 Dominus,
2949 1281 3214 1351 castigat;
3239 1285 3475 1356 ﬂagellat

1899 1372 2080 1416 autent
2108 1380 2312 1419 onmem
2358 1366 2531 1436 ﬁlium
2571 1385 2725 1439 quem
2771 1373 2950 1440 recipit
2985 1374 3048 1428 ".
3102 1374 3321 1446 Semper
3359 1377 3478 1433 laus

1899 1454 2014 1524 ejus
2037 1456 2092 1509 in
2126 1473 2216 1510 ore
2238 1474 2371 1512 meo.
2402 1460 2628 1516 Videtur
2661 1466 2921 1534 propheta
2959 1467 3011 1522 id
3039 1472 3183 1536 quod
3212 1471 3329 1526 ﬁeri
3367 1489 3473 1529 non

1900 1554 2097 1613 potest,
2125 1546 2387 1615 polliceri.
2415 1549 2698 1617 Quomodo
2719 1554 2863 1608 enim
2896 1568 3116 1627 semper
3145 1558 3264 1616 laus
3298 1563 3390 1617 Dei
3416 1564 3469 1618 in

1898 1650 1994 1690 ore
2024 1637 2260 1693 hominis
2290 1654 2410 1696 esse
2443 1644 2664 1710 potest?
2696 1644 2834 1699 Cum
2867 1658 3126 1705 consueta
3154 1661 3205 1707 et
3234 1654 3302 1707 ad
3351 1656 3473 1710 vitae

1899 1740 2055 1780 usum
2083 1730 2388 1796 spectantia
2417 1731 2687 1802 colloquia
2721 1734 2873 1803 facit,
2919 1736 2972 1792 in
3007 1752 3105 1795 ore
3133 1739 3349 1797 laudem
3379 1744 3473 1800 Dei

180 1799 261 1869 τῷ
296 1800 539 1872 στόματι
573 1804 866 1877 ἀνθρώπου
910 1808 1020 1880 (60)
1054 1805 1194 1865 εἶναι
1226 1810 1483 1878 δύναται;
1518 1814 1646 1868 Ὅτε
1679 1814 1748 1868 διε

1899 1830 2003 1870 non
2045 1815 2228 1872 habet.
2255 1817 2389 1873 Cum
2432 1799 2654 1888 dormit,
2693 1799 2916 1880 omnino
2942 1827 3144 1884 silebit.
3190 1832 3474 1898 Quomodo

182 1890 410 1960 λέγεται
438 1896 542 1960 τὰς
575 1898 827 1970 συνήθεις
855 1901 949 1954 καὶ
978 1902 1241 1972 βιωτικὰς
1274 1905 1512 1976 ὁμιλίας,
1544 1907 1644 1960 οὐκ
1674 1907 1784 1979 ἔχει

188 1985 274 2038 τὸν
312 1983 472 2043 αῖνον
504 1990 601 2043 τοῦ
643 1992 778 2047 Θεοῦ
813 1996 872 2046 ἐν
913 1995 990 2065 τῷ
1031 1996 1280 2067 στόματι.
1336 1999 1468 2052 Ὅτε
1512 1999 1783 2066 καθεύδει,

184 2081 534 2147 σιωπήσεται
570 2084 807 2150 πάντως.
862 2088 1164 2152 Ἐσθίοντος
1192 2089 1249 2142 δὲ
1275 2089 1369 2143 καὶ
1398 2090 1641 2155 πίνοντος
1670 2093 1787 2159 πῶς

181 2168 480 2244 ἐνεργήσει
512 2174 575 2228 τὸ
605 2176 781 2247 στόμα
822 2177 921 2249 τὴν
954 2179 1194 2244 αῖνεσιν;
1232 2180 1375 2251 Πρὸς
1412 2180 1477 2250 δὴ
1515 2185 1675 2235 τοῦτο
1703 2183 1786 2237 λέ-

180 2276 378 2331 γομεν,
423 2265 510 2318 ὅτι
540 2264 655 2319 ἔστι
687 2267 788 2338 μέν
824 2286 875 2322 τι
922 2269 1016 2322 καὶ
1060 2269 1249 2340 νοητὸν
1292 2270 1467 2341 στόμα
1499 2270 1594 2324 τοῦ
1639 2271 1785 2326 ἔνδον

179 2351 501 2427 ἀνθρώπου,
528 2351 574 2426 ᾧ
600 2359 858 2430 τρέφεται
890 2360 1001 2431 (61)
1033 2361 1467 2432 μεταλαμϐάνων
1499 2362 1593 2416 τοῦ
1621 2362 1784 2433 λόγου

181 2444 282 2514 τῆς
312 2448 486 2519 ζωῆς,
531 2451 589 2514 ὃς
625 2452 773 2505 ἐστιν
806 2451 970 2523 ἄρτος
998 2456 1063 2506 ἐκ
1108 2452 1204 2506 τοῦ
1247 2453 1478 2525 ούρανοῦ
1513 2456 1778 2521 καταϐάς.

182 2535 321 2609 Περὶ
370 2542 589 2596 ἐκείνου
634 2543 729 2597 τοῦ
766 2545 1035 2615 στόματος
1078 2546 1177 2599 καὶ
1215 2548 1244 2598 ό
1282 2547 1576 2618 Προφήτης
1618 2548 1782 2620 φησὶν

180 2629 283 2685 ὅτι·
323 2636 397 2688 Τὸ
428 2636 627 2706 στόμα
646 2655 767 2706 μου
801 2637 1050 2707 ﬁred-ia,
1086 2638 1185 2691 καὶ
1222 2639 1485 2693 εἵλκυσά
1522 2639 1777 2710 πνεῦμα.

195 2723 403 2780 Ἐκεῖνο
445 2729 545 2782 καὶ
582 2732 610 2783 ὁ
638 2729 844 2801 Κύριος
887 2729 1239 2801 προκαλεῖται
1279 2732 1427 2801 ἡμᾶς
1468 2731 1779 2804 εὐρύχωρον

184 2813 326 2883 ἔχειν
362 2820 446 2883 εἰς
480 2820 744 2892 ὑποδοχὴν
796 2815 1184 2892 ἅφθονωτέραν
1251 2821 1359 2875 τῶν
1415 2822 1634 2894 τροφῶν
1679 2824 1779 2894 τῆς

182 2906 465 2977 ἀληθείας.
517 2912 837 2967 Πλάτωνον
881 2916 1013 2983 γὰρ,
1065 2914 1220 2985 φησὶ,
1272 2914 1337 2967 τὸ
1386 2906 1588 2984 στόμα
1634 2932 1772 2980 σου,

184 2998 278 3050 καὶ
311 3001 618 3072 πληρώσω
658 3006 827 3059 αὐτό.
859 3005 1091 3059 Δύναται
1131 3002 1224 3059 οὖν
1275 3009 1309 3078 ἡ
1354 3007 1775 3079 ἐντετυπωμένη

184 3086 327 3157 ἅπαξ
352 3096 449 3147 καὶ
471 3096 637 3149 οἱονεὶ
659 3095 769 3167 (62)
793 3098 1210 3170 ἐσφραγισμένη
1236 3098 1315 3169 τῷ
1344 3100 1656 3170 ἡγεμονικῷ
1676 3102 1775 3172 ’τῆς

183 3179 359 3253 ψυχῆς
391 3187 523 3259 περὶ
554 3187 690 3241 Θεοῦ
732 3188 910 3242 ἔννοια
959 3190 1164 3253 αῖνεσις
1196 3190 1558 3261 ὀνομάζεσθαι
1602 3193 1768 3254 Θεοῦ,

183 3272 473 3343 διαπαντὸς
511 3282 892 3353 ἐνυπάρχουσα
937 3285 1003 3354 τῇ
1056 3283 1225 3355 ψυχῇ.
1274 3283 1505 3337 Δύναται
1546 3284 1603 3337 δὲ
1651 3287 1765 3351 καὶ,

186 3367 322 3421 κατὰ
351 3371 453 3443 τὴν
487 3373 849 3445 ἁποστολικὴν
879 3374 1181 3447 ὑποθήκην,
1216 3378 1244 3428 ό
1272 3376 1558 3441 σπουδαῖος
1589 3378 1767 3431 πάντα

188 3461 354 3511 ποιεῖν
389 3463 473 3525 εἰς
504 3462 662 3529 δόξαν
686 3463 844 3527 Θεοῦ,
890 3463 1031 3517 ὥστε
1060 3467 1239 3519 πᾶσαν
1281 3466 1499 3537 πρᾶξιν,
1530 3467 1624 3520 καὶ
1658 3469 1765 3522 πᾶν

188 3545 352 3619 ῥῆμα,
377 3554 480 3607 καὶ
505 3556 688 3609 πᾶσαν
717 3556 1003 3627 ἐνέργειαν
1028 3557 1239 3629 γοερὰν,
1263 3558 1521 3621 αἰνέσεως
1550 3559 1768 3629 ἐπέχειν

184 3636 428 3713 δύναμιν.
455 3647 580 3699 Εῖτε
605 3646 714 3720 γὰρ
747 3647 918 3702 ἐσθίει
948 3651 977 3702 ὁ
996 3648 1226 3714 δίκαιος,
1251 3651 1359 3703 εἴτε
1390 3650 1557 3713 πίνει,
1589 3652 1766 3706 πάντα

183 3732 259 3795 εις
291 3733 448 3801 δόξαν
495 3739 630 3793 Θεοῦ
677 3743 839 3794 ποιεῖ.
886 3740 994 3794 Τοῦ
1044 3741 1288 3796 τοιούτου
1332 3744 1685 3809 καθεύδοντος
1729 3747 1761 3816 ή

1893 1922 2021 1964 vero
2045 1909 2258 1966 edentis
2288 1921 2380 1965 aut
2419 1913 2655 1971 bibentis
2686 1931 2747 1971 os
2783 1918 2996 1975 laudem
3027 1920 3120 1977 Dei
3152 1926 3471 1995 depromet?

1887 1999 1970 2054 Ad
2007 2000 2108 2055 hoc
2144 2005 2547 2071 respondemus,
2572 2007 2839 2074 quoddam
2879 2010 3043 2065 etiam
3079 2027 3201 2070 esse
3236 2015 3470 2073 hominis

1890 2090 2086 2146 intenti
2114 2093 2396 2162 spirituale
2419 2110 2481 2151 os
2504 2107 2667 2167 atque
2690 2098 3048 2170 intelligibile,
3072 2118 3182 2174 quo
3204 2109 3462 2174 ttutritur,

1887 2182 2015 2238 dum
2042 2183 2271 2241 verbum
2294 2189 2421 2243 vita
2446 2190 2660 2258 recipit,
2694 2194 2785 2262 qui
2814 2204 2898 2249 est
2920 2195 3096 2265 panis,
3119 2199 3210 2268 qui
3235 2201 3302 2255 de
3326 2200 3466 2257 ctelo

1887 2277 2166 2334 descendit
2195 2280 2260 2333 ⁸⁸.
2300 2281 2375 2336 De
2417 2281 2505 2337 illo
2535 2297 2631 2339 ore
2660 2285 2823 2339 etiam
2865 2286 3136 2356 Propheta
3169 2290 3408 2360 loquitur
3441 2311 3456 2349 :

1887 2367 1960 2424 0s
1989 2387 2161 2426 meum
2185 2375 2367 2443 aperui
2399 2385 2449 2430 et
2483 2378 2684 2431 attraxi
2711 2380 2952 2444 spiritum
2989 2381 3050 2435 ¹⁹.
3076 2379 3337 2439 Hortatur
3365 2401 3465 2441 nos

1885 2462 2049 2516 etiam
2083 2462 2365 2532 Dominus,
2403 2475 2463 2522 ut
2492 2469 2728 2538 amplum
2759 2485 2821 2525 os
2858 2472 3179 2541 habeamus,
3213 2490 3321 2544 quo
3364 2492 3463 2533 co-

1887 2552 2091 2619 piosius
2143 2555 2474 2627 uberiusque
2511 2559 2768 2616 alimenta
2823 2565 3068 2621 veritatis
3107 2567 3460 2638 accipiamus.

1884 2643 2063 2698 Ditata
2110 2647 2268 2711 enim,
2310 2649 2508 2719 inquit,
2552 2669 2609 2706 os
2648 2665 2818 2718 tuum,
2861 2665 2910 2709 et
2953 2657 3175 2724 implebo
3223 2657 3361 2713 illud
3390 2660 3459 2713 ²⁶.

1882 2734 2069 2805 Itaque
2109 2736 2205 2793 Dei
2251 2741 2514 2811 cogitatio
2560 2744 2724 2800 semel
2768 2747 3066 2817 impressa,
3113 2759 3167 2804 et
3198 2750 3352 2819 quasi
3398 2751 3453 2805 in

1882 2830 2150 2900 praecipua
2174 2833 2370 2889 animae
2396 2844 2551 2903 parte
2574 2837 2881 2907 obsignata,
2914 2840 3034 2895 laus
3069 2842 3159 2897 Dei
3195 2845 3455 2915 appellari

1880 2931 2081 2988 potest,
2125 2937 2342 2993 semper
2374 2924 2428 2979 in
2454 2926 2636 2980 anima
2667 2928 2931 2984 insidens.
2960 2928 3148 2987 Potest
3173 2945 3354 2989 autem
3410 2947 3464 2990 et

1874 3008 2029 3077 juxta
2061 3012 2417 3080 apostolicam
2454 3015 2880 3071 admonitionem
2928 3020 3010 3073 vir
3036 3023 3241 3090 probus
3270 3027 3454 3080 omnia

1878 3119 2039 3174 agere
2068 3105 2136 3159 ad
2167 3106 2258 3161 Dei
2287 3106 2547 3176 gloriam,
2578 3109 2649 3163 ita
2686 3120 2745 3163 ut
2772 3112 2916 3166 actio
2947 3115 3146 3181 omnis,
3186 3131 3458 3188 omneque

1882 3196 2131 3263 verbum,
2188 3206 2246 3252 et
2286 3198 2587 3268 spiritualis
2633 3201 2812 3257 omnis
2851 3204 3092 3273 operatio
3124 3206 3232 3260 vim
3280 3207 3459 3266 laudis

1876 3287 2142 3345 obtineat.
2174 3288 2303 3344 Sive
2337 3291 2484 3344 enim
2526 3291 2640 3345 edit
2662 3292 2882 3358 justus,
2913 3294 3030 3348 sive
3068 3295 3244 3365 bibit,
3268 3302 3454 3358 omnia

1877 3376 1929 3430 in
1973 3378 2065 3432 Dei
2107 3378 2332 3449 gloriam
2378 3380 2513 3436 facit
2536 3383 2604 3437 ’⁸.
2643 3383 2717 3437 Eo
2762 3386 3085 3451 dormiente,
3129 3403 3224 3444 cor
3267 3391 3454 3462 vigilat

1870 3467 2024 3535 juxta
2054 3484 2212 3536 eum,
2260 3473 2354 3542 qui
2384 3472 2437 3528 in
2485 3473 2711 3530 Cantico
2751 3478 3089 3535 canticorum
3126 3482 3257 3555 dicit
3286 3500 3301 3537 :
3336 3484 3449 3555 Ego

1873 3560 2099 3627 dormio,
2114 3571 2164 3616 et
2186 3579 2277 3617 cor
2305 3581 2476 3618 meum
2500 3567 2678 3636 vigilat
2696 3570 2763 3622 ³³.
2786 3569 2998 3625 Etenim
3020 3572 3148 3628 visa:
3169 3572 3219 3627 in
3243 3554 3450 3631 somnis

1874 3651 2083 3719 species
2115 3662 2241 3707 sunt
2266 3668 2371 3708 non
2400 3669 2525 3708 raro
2558 3656 2871 3712 diurnarum
2903 3661 3291 3731 cogitationum
3319 3664 3452 3719 ima-

1870 3756 2043 3811 grues.

186 3823 370 3895 καρδία
436 3829 763 3901 ἐγρήγορεν,
798 3829 942 3885 κατὰ
975 3831 1068 3885 τὸν
1104 3831 1328 3886 εἰπόντα
1363 3836 1420 3886 ἐν
1453 3831 1530 3904 τῷ
1574 3832 1811 3904 ’ᾼσματι
1851 3830 1959 3885 τῶν
1988 3831 2252 3903 ᾀσμάτων
2274 3851 2287 3864 ’
2337 3832 2486 3903 Ἐγὼ
2519 3838 2806 3901 καθεύδω,
2852 3839 2953 3893 καὶ
2997 3841 3036 3908 ἡ
3084 3843 3300 3910 καρδία
3325 3863 3448 3914 μου

185 3918 466 3985 γρηγορεῖ.
521 3921 610 3984 Ὠς
647 3921 757 3993 γὰρ
793 3921 888 3975 ἐπὶ
917 3922 1052 3975 πολὺ
1083 3922 1152 3977 τὰ
1198 3922 1321 3977 καθ’
1367 3924 1533 3979 ῦπνον
1572 3927 1931 3997 φαντάσματα
1970 3925 2070 3996 τῆς
2120 3924 2493 3998 μεθημερινῆς
2536 3928 2745 3992 ἐννοίας
2784 3930 2932 3983 ἐστὶν
2969 3932 3333 4005 ἁπηχήματα.

249 4006 300 4060 2.
341 4011 442 4065 Ἐν
477 4010 557 4077 τῷ
593 4014 790 4081 Κυρίῳ
821 4015 1285 4083 ἐπαινεθήσεται
1330 4015 1369 4083 ἡ
1417 4017 1588 4087 ψυχή
1617 4035 1757 4087 μου.

183 4097 398 4171 Μηδεὶς,
433 4104 600 4176 φησὶ,
625 4105 727 4178 τὴν
752 4107 892 4178 ἐμὴν
933 4106 1202 4173 ἐπίνοιαν,
1232 4107 1356 4162 καθ’
1398 4108 1466 4179 ἢν
1498 4108 1761 4178 διεσώθην

185 4190 245 4244 ἐκ
278 4196 382 4250 τῶν
411 4198 695 4264 κινδύνων,
732 4200 1046 4255 ἐπαινείτω.
1082 4202 1158 4254 Οὐ
1186 4199 1296 4272 γὰρ
1326 4202 1384 4254 ἐν
1408 4200 1636 4271 δυνάμει
1667 4202 1760 4254 ἁν-

187 4282 415 4357 θρώπου,
451 4290 574 4345 οὐδὲ
600 4292 659 4345 ἐν
693 4289 807 4363 (6'5)
852 4292 1037 4363 σοφία,
1080 4291 1195 4345 ἀλλ’
1228 4295 1286 4346 ἐν
1329 4295 1396 4363 τῇ
1443 4293 1626 4363 χάριτι
1662 4293 1758 4345 τοῦ

184 4373 308 4432 Θεοῦ
323 4382 468 4437 ἐστιν
490 4386 523 4454 ή
545 4385 810 4456 σωτηρία.
832 4383 931 4452 Μὴ
951 4384 1294 4453 καυχάσθω,
1311 4384 1494 4454 φησὶν,
1518 4387 1552 4438 ὁ
1570 4385 1757 4438 πλού-

183 4483 306 4536 σιος
332 4474 401 4528 ἐν
446 4474 528 4542 τῷ
560 4477 804 4542 πλούτῳ
834 4475 1043 4540 αὐτοῦ,
1079 4475 1235 4545 μήτε
1275 4479 1308 4530 ό
1340 4475 1535 4544 σοφὸς
1570 4476 1647 4529 ’ἐν
1678 4475 1754 4544 τῇ

184 4567 353 4634 σοφίᾳ
382 4569 592 4632 αὐτοῦ,
616 4566 773 4637 μήτε
795 4571 828 4622 ό
853 4568 1105 4636 ἰσχυρὸς
1135 4568 1205 4621 ἐν
1231 4565 1309 4635 τῇ
1343 4568 1514 4637 ἰσχύϊ
1538 4567 1747 4621 αὐτοῦ’

180 4651 305 4710 ἀλλ’
332 4660 368 4729 ἢ
396 4661 466 4714 ἐν
495 4662 684 4724 τούτῳ
710 4659 1038 4730 καυχάσθω
1068 4662 1100 4713 ό
1128 4657 1636 4729 καυχώμενος-,ἑυν-
1670 4658 1750 4724 τῷ

183 4754 400 4809 avrtle
438 4757 537 4810 καὶ
576 4754 897 4824 γινώσκειν
934 4755 1157 4822 Κύριον
1207 4754 1316 4807 τὸν
1348 4753 1496 4807 Θεὸν
1537 4752 1746 4807 αὑτοῦ.

193 4835 340 4912 Ὁρᾷς
363 4846 453 4899 τὸν
489 4844 809 4898 Ἀπόστολον
837 4843 955 4907 πῶς
979 4844 1108 4907 τοὺς
1131 4843 1429 4914 συνεργοὺς
1453 4841 1546 4895 τοῦ
1572 4842 1749 4911 Εὖαγ-

1937 4018 1993 4069 ‘2.
2035 4015 2199 4070 Vsus.
2240 4018 2294 4071 ὅ.
2350 4017 2420 4072 1η
2468 4018 2693 4074 Domino
2739 4022 3043 4078 laudabitur
3080 4028 3260 4082 anima
3305 4046 3442 4087 mea.

1865 4107 2095 4173 Nullus,’
2119 4109 2317 4178 inquit,
2353 4124 2528 4164 meam
2555 4113 2900 4182 industriam,
2928 4132 3023 4186 per
3048 4133 3210 4188 quam
3233 4133 3265 4174 e
3293 4123 3442 4191 peri-

1864 4200 2002 4255 culis
2027 4200 2313 4255 incolumis
2333 4202 2517 4267 evasi,
2549 4202 2754 4261 laudet.
2781 4204 2968 4276 Neque
2996 4208 3143 4263 enim
3171 4209 3226 4264 in
3251 4221 3441 4281 potens

1867 4292 1939 4345 tia
1978 4290 2234 4356 hominis,
2279 4307 2456 4361 neque
2494 4294 2547 4348 in
2583 4296 2879 4364 sapientia.
2917 4301 3012 4355 sed
3049 4299 3101 4355 in
3140 4301 3233 4357 Dei
3265 4306 3440 4374 gratia

1862 4381 2009 4436 salus
2026 4391 2127 4437 est.
2159 4382 2285 4436 Non
2309 4384 2592 4453 glorietur,
2619 4389 2816 4457 inquit,
2841 4390 2983 4445 dives
3006 4392 3063 4447 in
3083 4395 3281 4451 divitiis
3305 4399 3438 4465 suis,

1861 4488 2026 4543 neque
2054 4473 2263 4542 sapiens
2290 4476 2345 4528 in
2370 4476 2633 4543 sapientia
2666 4494 2786 4544 sua,
2822 4496 2985 4550 neque
3012 4480 3168 4548 fortis
3193 4485 3251 4540 in
3276 4485 3439 4554 {orti-

1859 4564 2045 4619 tudine
2074 4581 2174 4620 sua
2210 4580 2230 4619 :
2261 4569 2353 4619 sed
2376 4567 2432 4620 in
2461 4565 2559 4620 hoc
2586 4568 2842 4636 glorietur
2861 4572 2955 4639 qui
2978 4575 3269 4643 gloriatur,
3298 4582 3439 4647 quod

1858 4657 2104 4727 intelligit
2130 4667 2182 4712 et
2202 4660 2466 4728 cognoscit
2495 4660 2782 4716 Dominum
2810 4662 2977 4718 Deum
2998 4682 3154 4722 suum
3177 4669 3245 4724 “.
3274 4669 3438 4728 Vides

1855 4750 2126 4817 quomodo
2182 4750 2479 4820 Apostolus
2528 4754 2804 4822 adjutores
2864 4754 3145 4826 Evangelii
3200 4760 3434 4818 laudet?

1856 4838 1961 4906 Qui
1986 4849 2060 4893 est
2090 4856 2367 4895 conservus
2391 4853 2437 4895 et
2466 4844 2703 4898 minister
2722 4855 2895 4900 vester
2916 4849 2972 4902 in
3003 4849 3232 4906 Domino
3265 4853 3336 4911 “.
3372 4856 3431 4910 Si

179 4930 343 4997 γελίου
371 4937 617 5002 ἐπαινεῖς
655 4937 765 5003 ’ος
791 4936 923 4989 ἐστι
960 4934 1309 5001 σύνδουλος
1337 4933 1436 4988 καὶ
1465 4932 1745 4998 διάκονος

1885 4932 1976 4999 uis
2011 4941 2191 4988 autem
2226 4933 2296 4989 ob
2331 4937 2577 5004 corporis
2615 4938 2959 5008 elegantiam,
2996 4952 3089 4998 aut
3138 4956 3427 5014 parentum

179 5020 330 5091 ὑμῶν
360 5028 470 5101 (64)
500 5030 570 5084 ἐν
601 5029 817 5098 Κιφίῳ.
870 5026 995 5081 Ἐὰν
1036 5027 1218 5099 μέντοι
1248 5044 1331 5091 τις
1367 5026 1462 5080 ἐπὶ
1492 5024 1745 5097 σώματος

1886 5024 2232 5080 laritudinem
2286 5025 2561 5094 laudatur,
2624 5045 2731 5084 non
2787 5031 2841 5086 in
2893 5032 3122 5092 Domino
3174 5036 3432 5092 laudatur

241 5182 280 5256 ’,⁸
304 5184 466 5245 lCor.
490 5206 565 5256 tv,
590 5189 682 5255 ιε,
722 5190 815 5245 15.
894 5190 936 5221 ³⁷
961 5189 1125 5244 Hebr.
1152 5204 1250 5256 xu,
1281 5186 1335 5243 6.
1414 5187 1457 5222 “
1479 5186 1633 5256 Joan.
1666 5200 1742 5256 vt,

1934 5184 1977 5216 ¹⁹
2004 5182 2147 5256 Psal.
2178 5200 2367 5252 cxvm,
2400 5185 2522 5242 151.
2598 5186 2645 5219 ⁸⁸
2661 5185 2808 5244 Psal.
2840 5204 3001 5255 Lux,
3026 5189 3115 5245 II.
3191 5188 3430 5250 “ICor.

179 5264 228 5317 ι,
256 5230 466 5312 sum?"
491 5230 815 5326 ὃᾶπίῗνξέξ
882 5260 929 5292 ιι
962 5230 1396 5324 ἷὲῗέιὲιῗῖἐ,”ἑε,
1419 5230 1634 5312 ei“;
1663 5230 1748 5311 (id

1924 5268 2001 5320 tv,
2054 5254 2106 5310 7.

237 5391 512 5517 sﬂﬂhglt’llli
543 5415 673 5457 mss.
702 5397 993 5471 ἀνθρώπου
1018 5399 1137 5456 sine
1171 5397 1418 5455 articulo.
1462 5394 1609 5452 Editi
1640 5395 1734 5450 τοῦ

177 5458 459 5539 ἀνθρώπου.
809 5458 822 5471 ·
1219 5537 1251 5550 η
1648 5536 1659 5548 ,
1691 5536 1704 5548 ,

181 5591 210 5619 ς
242 5536 338 5619 (tit)
357 5540 605 5596 Nonnulli
634 5555 765 5596 mss.
784 5539 813 5593 ὃ
840 5538 1122 5611 τρέφεται.
1148 5537 1252 5592 Ain
1278 5552 1412 5595 mss.
1431 5551 1555 5593 cum
1575 5537 1737 5593 edttts

367 5629 483 5665 εται
492 5652 505 5667 .

177 5611 219 5669 Ψ
241 5611 505 5731 τὲέφεται.
1116 5680 1130 5692 ε
1162 5680 1175 5692 .
1426 5654 1442 5691 ..
1606 5646 1609 5647 ν

242 5679 256 5731 (
292 5680 340 5731 Ξὶ
367 5681 614 5731 Nonnulli
645 5696 778 5731 mss.
811 5680 997 5731 οἱονεί.
1034 5679 1177 5731 Edttt
1205 5674 1568 5731 οἷον.11)ιίιειιι
1596 5678 1609 5731 I

242 5674 353 5753 (hij
366 5681 614 5737 Nonnulli
645 5696 778 5753 mss.
811 5680 997 5735 οἱονεί.
1034 5679 1177 5736 Editi
1205 5674 1341 5735 οἷον.
1362 5675 1568 5737 Ibidem
1596 5677 1733 5751 Reg.

182 5749 345 5807 tertius
368 5751 870 5824 ἐνεσςρραγισμένη.

428 5847 705 5910 Ρηιιοι..
743 5847 862 5911 Gtt.
901 5839 1145 5907 XXlX.

1846 5468 1874 5520 ἐ

1918 5394 2030 5468 (65)
2066 5396 2246 5453 Editio
2292 5397 2474 5455 Paris.
2515 5398 2550 5472 ἢ
2597 5402 2677 5456 ἐν.
2720 5399 2794 5456 At
2839 5401 3078 5472 quinque
3131 5416 3263 5458 mss.
3306 5400 3431 5457 οὐδὲ

1876 5483 2036 5615 νὶβι),
2062 5538 2238 5594 Editio
2257 5505 2583 5615 _Paris.'cum
2612 5539 2765 5615 σου).
2790 5551 2947 5598 sexto
2972 5542 3219 5607 διάκονος
3243 5541 3427 5615 ἡμῶν,

1847 5615 1903 5679 et
1931 5607 2228 5679 italegerat
2256 5609 2548 5679 interpres,
2579 5613 2820 5667 minister
2852 5624 3057 5668 noster.
3081 5607 3426 5670 Editio"vero

1844 5675 2012 5736 Basil.
2042 5675 2101 5736 ei
2123 5689 2248 5738 octo
2266 5675 2668 5746 mss.'6ta'tuovog
2694 5683 2869 5757 ὑμῶν,
2899 5694 3067 5741 recte.

3003 5842 3086 5906 12
