3818 6220
380 315 493 369 355
1722 318 1781 378 5.
1822 320 2069 378 BASlLll
2112 320 2327 381 MAGNI
3586 324 3691 377 336

385 433 564 487 anima
601 433 767 501 ipsius
805 450 820 488 :
858 434 950 488 sed
986 432 1231 503 quisquis
1282 433 1408 490 talis
1455 443 1559 498 est,
1616 436 1668 489 in
1723 440 1893 493 vanita

2182 450 2268 501 lat,
2306 441 2339 511 ἢ
2367 440 2567 508 γονέων
2593 440 2921 513 ἰτεριιρανείιξ¹
2945 442 3273 501 ἐπαινεῖται,
3301 440 3426 494 οὐκ
3468 441 3540 492 ἐν
3580 440 3690 492 Κο-

380 524 751 582 eonstituitur.
784 525 967 593 Neque
1001 526 1147 579 enim
1188 526 1378 581 media:
1412 536 1558 581 artes
1585 528 1796 583 laudem
1831 545 1888 584 ve

2192 533 2494 583 ἐπαινεῖται
2521 532 2686 586 αὐτοῦ
2712 535 2745 604 ὴ
2771 532 2938 603 ψυχὴ,
2983 532 3094 585 ἀλλ’
3122 534 3178 584 ἐν
3216 534 3284 602 τῇ
3319 533 3686 602 ματαιότητέ

381 625 694 672 merentur:
729 617 1156 685 gubernatores,
1198 618 1418 683 medici,
1455 627 1702 675 oratores
1733 629 1828 674 aut
1870 636 1889 675 ι

2212 621 2322 674 τῶν
2354 622 2607 676 τοιούτων
2639 623 2886 689 ἕκαστος.
2936 624 3069 677 Οὐδὲ
3109 622 3220 692 γὰρ
3265 625 3325 675 αἱ
3364 621 3568 691 μέσαι
3606 624 3686 674 τέ·

381 706 624 773 cbitecti,
654 708 743 777 qui
774 710 958 771 urbes,
993 718 1087 762 aut
1116 710 1447 780 pyramides,
1478 710 1889 783 autlabyrintht

2174 728 2183 762 ι
2210 712 2323 781 (65)
2351 714 2411 765 τὸ
2440 712 2708 783 ἀληθινῶς
2738 716 3021 768 ἐπαινετὸν
3054 716 3255 787 έχουσι,
3283 718 3682 789 κυϐερνῆται,

386 808 482 853 aut
511 799 673 853 aliam
704 801 994 869 quamdam
1031 809 1403 869 sumptuosam
1428 817 1491 856 ac
1509 805 1795 870 superbam
1826 819 1889 858 ait

2176 804 2253 867 io‘t,
2276 805 2572 877 ρήτορες,ἢ
2595 807 2974 877 ἀρχιτέκτονες
3012 810 3195 874 πόλεις
3221 812 3684 882 οἰκοδομοῦντες

385 892 626 946 liciorum
657 892 851 944 molem
882 900 1196 946 exstruunt.
1226 889 1309 945 Ob
1341 892 1457 947 btec
1503 894 1594 961 qui
1643 893 1893 949 laudantu

2171 897 2515 968 υραμίδας,ἢ
2547 898 2979 971 λαϐυρίνθους,ῆ
3016 902 3179 965 ἄλλας
3212 903 3377 967 τινὰς
3412 904 3679 974 δαπανη-

381 998 486 1037 ηοη
519 983 572 1037 in
600 982 828 1037 Domino
852 999 1004 1037 suam
1044 984 1244 1039 habent
1272 985 1534 1039 animam.
1566 984 1713 1040 Satis
1739 996 1824 1042 est
1854 1004 1885 1041 n

2199 985 2232 1056 ἢ
2280 986 2617 1058 ὑπερόγκους
2662 989 3109 1060 οἰκοδομημάτων
3156 993 3581 1057 κατασκευάς.
3620 997 3680 1047 0i

380 1074 466 1127 bis
495 1073 562 1126 ad
596 1087 813 1127 omnem
838 1073 1181 1143 dignitatem,
1219 1075 1354 1128 tanti
1386 1073 1601 1129 Domini
1641 1092 1828 1131 servos
1859 1095 1888 1131 n

2176 1075 2385 1141 τούτοις
2422 1079 2825 1150 ἐπαινούμενοι.
2859 1082 2957 1134 οὐκ
2989 1083 3046 1134 ἐν
3082 1083 3271 1154 Κυρίῳ
3312 1083 3451 1154 (66)
3486 1085 3677 1155 ἔχουσι

381 1166 595 1223 minari.
622 1164 871 1236 Nunquid
902 1166 1046 1220 enim
1072 1166 1165 1236 qui
1212 1167 1323 1237 regi
1357 1165 1515 1238 145
1543 1166 1858 1236 famulatur,

2182 1168 2389 1221 ἑαυτῶν
2421 1169 2621 1241 ψυχήν.
2664 1172 2850 1243 Ἀρκεῖ
2878 1175 3009 1243 ἡμῖν
3055 1176 3192 1245 πρὸς
3240 1176 3405 1229 ἅπαν
3447 1178 3680 1248 ἀξίωμα

382 1260 501 1314 ideo
528 1260 754 1329 jactabit
782 1260 923 1329 quod
962 1259 1016 1313 in
1062 1259 1163 1315 hoc
1191 1269 1282 1314 aut
1316 1262 1367 1314 in
1408 1262 1499 1315 illo
1536 1262 1825 1318 ministerii
1858 1279 1890 1318 o

2164 1259 2479 1330 τηλικούτου
2526 1263 2799 1315 Δεσπότου
2832 1263 3049 1327 δούλους
3080 1267 3225 1336 ἡμᾶς
3252 1267 3672 1336 ὀνομάζεσθαι.

384 1352 510 1406 dine
533 1351 832 1407 collocatus
853 1360 938 1407 est
961 1370 974 1405 :
1008 1353 1099 1422 qui
1129 1368 1259 1407 vero
1286 1353 1479 1423 dignus
1509 1354 1726 1409 habitus
1752 1365 1837 1411 est
1864 1372 1892 1426 q

2168 1351 2325 1423 Ξήπου
2352 1353 2461 1424 γὰρ
2492 1354 2701 1424 βασιλεῖ
2743 1355 2841 1426 μέν
2876 1374 2959 1420 τις
2987 1358 3275 1430 ὑπηρετῶν
3311 1360 3489 1428 μέγα
3540 1378 3676 1430 φρο-

378 1441 489 1498 Deo
517 1442 756 1507 serviat,
791 1441 1007 1497 aliunde
1052 1441 1239 1496 laudes
1270 1442 1372 1497 sibi
1406 1443 1764 1513 excogitabit,
1796 1460 1886 1513 qn:

2165 1463 2229 1509 ει,
2265 1447 2351 1501 διὰ
2384 1449 2445 1501 τὸ
2498 1451 2555 1501 ἐν
2601 1450 2725 1520 τῇδε
2768 1454 2833 1521 τῇ
2878 1451 3029 1517 τάξει
3063 1454 3161 1520 τῆς
3196 1454 3545 1522 ὑπηρεσίας
3584 1472 3673 1507 τε·

380 1536 449 1590 ad
477 1550 694 1590 omnem
723 1534 908 1605 gloriae
935 1534 1344 1605 splendorisque
1363 1535 1638 1590 cumulum
1668 1537 1888 1607 appellat

2168 1538 2282 1591 θαιο
2317 1540 2437 1610 Θεῷ
2479 1540 2536 1593 δὲ
2580 1541 2938 1607 καταξιωθεὶς
2983 1543 3285 1614 λατρεύειν,
3342 1544 3676 1615 ἀλλαχόθεν

380 1629 591 1685 Domini
626 1629 728 1685 sibi
760 1643 864 1683 non
892 1626 1161 1683 sulliciat?
1191 1624 1262 1681 In
1294 1625 1523 1681 Domino
1563 1628 1727 1697 igitur
1759 1628 1888 1682 laud

2168 1649 2178 1693 ;
2224 1632 2479 1696 ἐπαίνους
2511 1634 2688 1704 ἐαυτῷ
2723 1637 3065 1707 περινοήσει,
3113 1637 3188 1699 ὡς
3218 1637 3319 1689 οὐκ
3365 1639 3676 1709 ἀπκούσης

377 1723 520 1774 bitur
571 1719 754 1774 anima
806 1734 941 1772 mea.
992 1717 1227 1770 Audiant
1266 1717 1551 1780 mansueti,
1584 1728 1631 1771 et
1683 1717 1885 1772 latenti

2166 1721 2205 1792 ᾦ
2232 1722 2330 1794 τῆς
2358 1725 2697 1795 ἐπικλήσεως
2726 1725 2818 1778 τοῦ
2854 1727 3058 1797 Κυρίου
3088 1729 3224 1800 πρὸς
3258 1732 3461 1784 πᾶσαν
3510 1732 3674 1803 δόξης

376 1811 819 1880 Quandoquidem
859 1809 975 1864 sine
1016 1809 1234 1878 praelia,
1278 1808 1472 1878 inquit,
1523 1823 1587 1863 ex
1633 1809 1744 1863 sola
1796 1808 1878 1863 fac

2172 1817 2526 1887 περιφανείας
2556 1818 2888 1891 ὑπερϐολήν;
2925 1820 3026 1874 Ἔν
3050 1797 3351 1889 τῷΨΚυρίῳ
3373 1820 3487 1876 οὖν
3508 1797 3672 1878 ἐπαι·

379 1903 753 1958 immutatione
806 1901 1042 1956 inimicis
1089 1916 1183 1970 per
1227 1899 1321 1955 Dei
1373 1900 1633 1954 auxilium
1675 1901 1883 1971 decepti

2164 1907 2372 1975 ήσεται
2406 1909 2443 1975 ἢ
2491 1910 2661 1978 ψυχή
2707 1929 2847 1979 μου.
2906 1911 3367 1967 Ἀκουσάτωσαν
3417 1915 3667 1981 πραεῖς,

379 1997 508 2052 mihi
537 2003 689 2066 parta
718 1995 866 2050 salus
888 2003 972 2049 est
998 2012 1010 2046 :
1043 1994 1277 2047 Audiant
1306 1992 1589 2059 mansueti,
1642 1991 1759 2047 ﬁeri
1790 2009 1887 2063 pos

2192 2000 2720 2069 εὐφρανθήτωσαν.
2781 2003 2996 2073 Ἐπειδὴ
3031 2004 3156 2057 ἄνευ
3187 2004 3470 2075 πολέμου,
3508 2007 3667 2076 φησὶ,

377 2099 435 2144 ut
462 2095 513 2143 et
541 2088 881 2159 quiescentes
920 2086 1132 2157 erigant
1167 2093 1448 2154 troptnum,
1490 2093 1547 2138 et
1590 2084 1815 2139 minime
1851 2100 1882 2153 p

2158 2092 2395 2164 τωρθώθη
2440 2111 2530 2164 μοι
2559 2092 2668 2164 (67)
2705 2097 2737 2165 ἡ
2775 2096 3019 2165 σωτηρία
3060 2098 3122 2148 ἐκ
3152 2096 3322 2168 μόνης
3367 2100 3486 2169 τῆς
3524 2100 3666 2153 κατὰ

378 2189 629 2252 gnantes,
656 2180 893 2235 victores
915 2177 1294 2234 declarentur:
1325 2175 1393 2230 Et
1417 2176 1679 2241 loztentur,
1714 2177 1780 2231 ad
1807 2192 1886 2231 ma

2154 2183 2347 2236 ἱσωπον
2382 2184 2739 2249 ἀλλοιώσεως,
2774 2186 2863 2238 διὰ
2903 2186 3002 2256 τῆς
3033 2186 3124 2239 τοῦ
3154 2186 3291 2239 Θεοῦ
3336 2191 3662 2260 συνεργέας

376 2271 714 2326 suetudinem
742 2267 1172 2336 amplectendam
1203 2260 1322 2319 meo
1347 2265 1596 2335 exemplo
1620 2266 1880 2322 conlirma

2151 2272 2442 2345 ιτηθέντων
2467 2274 2574 2327 τῶν
2598 2274 2891 2345 πολεμίων
2928 2275 3393 2331 Ἀκουσιὴωσαν
3417 2280 3659 2347 πραεῖς,

376 2364 492 2419 Hoc
517 2362 663 2417 enim
693 2360 875 2430 accepi
912 2358 1152 2414 muneris
1182 2373 1210 2411 a
1244 2358 1372 2420 Deo,
1400 2357 1543 2425 quod
1576 2368 1884 2412 mansnettn

2159 2365 2385 2419 δυνατὸν
2423 2368 2515 2419 καὶ
2558 2367 2931 2437 ἡσυχάζοντας
2975 2370 3186 2440 ἐγεῖραι
3224 2372 3539 2440 τρόπαιον,
3569 2373 3661 2425 καὶ

376 2468 499 2508 nem
556 2450 791 2521 implevi.
843 2448 1127 2514 Memento,
1179 2447 1425 2512 Domine,
1450 2448 1641 2511 David,
1681 2458 1729 2503 et
1776 2465 1884 2501 omi

2165 2458 2507 2528 μαχομένους
2547 2458 2775 2529 νικητάς
2803 2460 3177 2530 ἀποφανθῆναι
3198 2477 3211 2489 ·
3242 2461 3358 2514 Kal
3383 2465 3658 2531 εὐφραν-

373 2543 793 2599 mansuetudinis
816 2544 932 2613 ejus
954 2541 1023 2599 ³⁸.
1055 2540 1286 2596 Maxima
1310 2540 1455 2595 enim
1484 2541 1764 2608 virtutum,
1795 2556 1880 2595 ma

2150 2564 2349 2611 ’ωσαν,
2395 2547 2771 2619 βεόαιούμενοι
2804 2551 2883 2613 είς
2926 2550 3025 2620 τὴν
3074 2550 3359 2622 πραότητα
3394 2552 3486 2623 τῷ
3537 2553 3658 2605 κατ’

375 2638 604 2693 suetudo
638 2646 740 2701 est,
769 2644 1100 2706 quapropter
1131 2642 1186 2689 et
1211 2633 1353 2688 inter
1381 2632 1744 2688 beatitudines
1775 2633 1881 2687 adn

2148 2677 2151 2685 ,
2203 2637 2581 2709 ὑποδείγματι.
2630 2638 2865 2692 Ἔλαϐον
2907 2639 3018 2712 γὰρ
3064 2640 3273 2709 ταύτην
3323 2644 3435 2713 τὴν
3493 2642 3656 2715 χάριν

373 2738 633 2782 meratur.
660 2725 809 2780 Beati
837 2726 996 2788 enim,
1027 2724 1407 2794 inquit,mites,
1420 2722 1673 2793 quoniam
1702 2723 1802 2793 ipsi
1825 2740 1881 2792 po

2149 2728 2203 2782 id
2229 2728 2362 2782 Θεοῦ
2387 2770 2402 2797 ,
2432 2729 2622 2801 ἐπειδὴ
2657 2730 2994 2802 κατώρθωσα
3019 2730 3118 2800 τὴν
3147 2731 3471 2803 πραότητα..
3498 2733 3657 2799 Μνή-

370 2817 610 2873 sidebunt
647 2827 842 2870 terram
869 2816 937 2870 ".
971 2815 1104 2869 Nam
1149 2826 1291 2869 terra
1329 2812 1451 2879 illa,
1498 2814 1740 2869 caelestis
1785 2813 1878 2868 Jer

2148 2838 2245 2889 in,
2268 2824 2464 2890 Κύριε,
2485 2823 2591 2876 τοῦ
2616 2823 2793 2877 Δαὸὶὸ
2813 2823 2912 2876 καὶ
2940 2822 3144 2892 πάσης
3159 2824 3271 2891 τῆς
3299 2828 3656 2895 πραότητος

370 2908 561 2975 saleni,
594 2908 822 2979 Spolium
874 2921 980 2962 non
1012 2914 1093 2960 est
1126 2903 1478 2975 pugnantium
1512 2917 1527 2956 :
1561 2903 1655 2959 sed
1698 2918 1878 2972 aequat

2147 2913 2254 2967 rei}.
2308 2915 2554 2988 Μεγίστη
2604 2916 2713 2987 γὰρ
2749 2914 2857 2968 τῶν
2897 2915 3104 2986 ἀρετῶν
3148 2919 3181 2987 ή
3222 2918 3526 2990 πραότης’
3577 2920 3655 2972 διὸ

371 3018 582 3058 morum
616 3016 681 3057 ac
710 3011 1114 3057 mansuetorum
1146 3002 1388 3056 virorum
1422 2996 1708 3053 baereditas
1739 3013 1879 3068 prop

2172 3010 2284 3070 τοῖς
2313 3011 2683 3080 μακαρισμοῖς
2710 3010 3143 3078 ἐγκατείλεκται.
3175 3010 3485 3078 Μακάριοι
3518 3011 3649 3081 τὰρ,

367 3095 536 3150 nitur.
568 3094 710 3149 idem
743 3102 923 3148 autem
951 3092 1094 3146 Valet
1121 3091 1244 3157 hoc,
1279 3089 1513 3143 Audiam
1549 3088 1834 3152 mansueti,
1862 3102 1875 3141 :

500 3187 553 3202 u-
612 3187 626 3202 ι
696 3187 711 3202 Α
783 3186 815 3202 ι·
897 3197 907 3202 -
942 3183 999 3202 ΠΙ
1052 3185 1063 3202 ρ
1097 3184 1131 3202 ,ε
1170 3181 1409 3202 J-,_3_.__l:
1457 3180 1727 3202 0--.---2-
1760 3190 1875 3202 ---ι-

2144 3098 2235 3162 ῖὶν,
2269 3102 2322 3153 οἱ
2354 3099 2581 3166 πραεῖς,
2611 3099 2700 3153 ὅτι
2738 3101 2907 3154 αὐτοὶ
2953 3082 3506 3168 κληρονομήσουσι
3542 3101 3652 3168 τήν

366 3203 475 3258 que
500 3187 651 3252 illud,
676 3186 907 3240 Audiant
937 3183 1131 3239 Christi
1159 3181 1430 3252 discipuli.
1456 3180 1729 3237 Fortassis
1758 3190 1874 3234 aute

2141 3206 2184 3242 ν’.
2216 3190 2428 3262 Ἐκείνη
2451 3191 2560 3263 γὰρ
2585 3193 2617 3263 ή
2638 3194 2782 3262 γῆ,ἡ
2814 3193 3133 3263 ἐπουράνιος
3167 3193 3566 3264 Ἰερουσαλὴμ.
3590 3192 3649 3247 οὑ

369 3280 683 3351 prophetico
726 3279 841 3333 vult
892 3276 1208 3332 miraculum
1254 3274 1502 3331 beneﬁcii
1542 3288 1573 3327 a
1620 3272 1730 3327 Deo
1780 3274 1838 3327 in

2140 3299 2258 3337 εται
2289 3283 2397 3336 τῶν
2431 3285 2756 3355 μαχομένων
2800 3285 3059 3356 λάφυρον,
3088 3284 3222 3338 ἀλλά
3257 3286 3648 3358 μακροθύμων

369 3373 550 3428 collati
596 3373 662 3426 ad
690 3384 788 3426 nos
820 3383 993 3440 usque
1025 3367 1330 3438 pervenire.
1367 3366 1606 3422 Audiant
1650 3365 1796 3419 enim
1846 3381 1877 3433 q

2140 3410 2143 3423 .
2171 3373 2509 3442 πραῦπαθῶν
2539 3374 2748 3447 ἀνδρῶν
2779 3376 3068 3448 πρόκειται
3094 3376 3467 3448 κληρονομία.
3508 3381 3648 3432 Ἴσον

370 3464 554 3520 multis
600 3472 743 3533 post.
781 3461 1227 3532 generationibus
1286 3458 1451 3514 l'uturi
1505 3468 1633 3515 sunt
1684 3458 1878 3529 discipt

2138 3464 2349 3518 Βύναται
2371 3467 2451 3527 τὸ,
2492 3467 2946 3523 Ἄκουσάτωσαν
2969 3469 3194 3537 πραεῖς,
3218 3471 3412 3534 καὶτὸ,
3450 3474 3646 3527 Ἀκου-

369 3556 592 3613 Christi.
628 3554 906 3637 Siquidem
955 3556 1053 3610 bos
1097 3553 1397 3607 nominavit
1447 3560 1780 3616 mansuetos,
1824 3567 1877 3621 qi

2139 3570 2331 3610 ιωσαν
2364 3557 2477 3629 (68)
2511 3564 2565 3613 οἱ
2606 3562 2866 3629 Χριστοῦ
2892 3564 3173 3633 μαθηταί.
3222 3564 3379 3634 Τάχα
3422 3566 3488 3619 δὲ
3518 3582 3647 3637 πί»-

368 3651 467 3704 bus
516 3648 774 3703 Dominus
814 3648 889 3701 ait
931 3664 945 3699 :
999 3646 1193 3699 Discite
1221 3661 1253 3697 a
1297 3660 1377 3698 me
1409 3645 1539 3712 quia
1572 3643 1715 3697 mitis
1746 3658 1865 3697 sum

2136 3647 2295 3710 τικῶς
2345 3648 2592 3719 βούλεται
2628 3652 2821 3723 μέχρις
2852 3654 3011 3724 ἡμῶν
3040 3654 3293 3724 διαϐῆναι
3341 3655 3411 3709 τὸ
3458 3657 3644 3727 θαῦμα

366 3740 579 3795 humilis
608 3740 761 3794 corde
794 3740 860 3795 ’⁷.
901 3739 1001 3805 Qui
1034 3737 1177 3793 enim
1234 3733 1438 3790 sedatis
1482 3741 1608 3791 sunt
1671 3732 1874 3788 moribu

2136 3754 2146 3798 ;
2179 3736 2274 3789 τοῦ
2321 3738 2456 3791 Θεοῦ
2500 3741 2580 3805 είς
2615 3741 2778 3795 αὐτὸν
2809 3744 3151 3814 εὐεργεσίας.
3208 3746 3644 3798 Ἀκουσάτωσαν

367 3844 420 3887 et
454 3833 522 3887 ab
548 3833 699 3886 omni
738 3832 1100 3886 commotione
1144 3828 1324 3893 liberi,
1358 3830 1495 3882 adeo
1528 3835 1587 3881 ut
1634 3825 1779 3881 nulla
1810 3825 1875 3880 in:

2132 3845 2153 3900 ρ
2181 3830 2231 3882 oi
2260 3830 2485 3895 πολλαῖς
2515 3830 2740 3906 ὕστερον
2771 3837 2988 3903 γενεαῖς
3010 3834 3342 3906 γενήσεσθαι
3372 3838 3479 3891 τοῦ
3507 3839 3640 3906 Χρι-

369 3925 421 3979 in
456 3940 642 3980 eorum
676 3924 872 3979 animis
907 3922 1266 3993 perturbatio,
1296 3922 1332 3975 ii
1363 3920 1628 3989 mansueti
1657 3918 1877 3988 appellan

2134 3918 2177 3972 δῦ
2244 3920 2483 3994 μαθηιτιιλ¹
2543 3923 2848 3994 μέλλοντες.
2911 3924 3143 3989 Τούτους
3198 3926 3313 3996 γὰρ
3379 3926 3642 3999 ὠνόμασε

365 4026 475 4073 tur.
506 4017 844 4089 Quapropter
872 4018 1034 4071 etiam
1078 4014 1285 4085 Moyses
1331 4028 1495 4083 supra
1528 4026 1718 4067 omnes
1761 4013 1873 4067 bow

2128 4015 2265 4076 αεῖς,
2301 4009 2383 4078 οἷς
2413 4015 2443 4067 ὁ
2473 4015 2677 4087 Κύριος
2700 4015 3006 4085 διαλέγεται
3026 4033 3040 4049 ·
3066 4016 3296 4071 Μάθετε
3324 4019 3431 4072 ἀπ’
3470 4017 3636 4088 ἐμοῦ,

369 4124 466 4166 nes
505 4120 662 4165 terra:
694 4117 1006 4164 mansuetus
1034 4106 1202 4161 fuisse
1224 4105 1541 4175 perhibetur
1566 4105 1632 4158 ⁸⁸.
1722 4110 1727 4117 ’

2130 4123 2139 4156 ι
2172 4107 2364 4173 πραῢς
2399 4109 2516 4178 ειμι
2554 4108 2667 4181 (69)
2715 4109 2814 4163 καὶ
2861 4111 3142 4176 ταπεινὸς
3177 4109 3253 4179 τῇ
3292 4111 3539 4180 καρδίᾳ.
3578 4110 3638 4163 0i

367 4201 877 4273 κατεσταλμένωτά
898 4202 1003 4274 ἢθη
1026 4202 1121 4256 καὶ
1146 4198 1347 4263 παντὸς
1408 4198 1617 4262 πάθους
1673 4196 2109 4267 ἀπηλλαγμένοι,
2179 4197 2256 4261 ὼς
2305 4200 2575 4271 μηδεμίαν
2613 4202 2759 4272 ἔχειν
2799 4203 3043 4275 ταραχὴν
3091 4202 3417 4259 ἐνοικοῦσαν
3459 4202 3637 4258 αὐτῶν

366 4300 483 4360 ταῖς
507 4296 734 4367 ψυχαῖς,
766 4288 908 4348 οὗτοι
940 4296 1133 4366 πραεῖς
1165 4291 1684 4365 προσαγορεύονται.
1752 4289 1843 4343 Διὸ
1878 4290 1972 4343 καὶ
2010 4291 2251 4364 Μωῦσῆς
2303 4295 2723 4366 μεμαρτύρηται
2775 4296 2955 4367 πραῢς
3027 4292 3168 4350 εἶναι
3219 4298 3379 4368 παρὰ
3428 4299 3635 4358 πάντας

369 4386 688 4458 ἀνθρώπους
712 4386 805 4439 ἐπὶ
831 4386 928 4456 τῆς
953 4385 1078 4455 γῆς.
2012 4446 2015 4451 ,

439 4481 493 4533 5.
537 4478 698 4533 Vsus.
741 4478 796 4533 4.
834 4477 1178 4546 Magniﬁcate
1210 4475 1495 4529 Dominum
1537 4491 1761 4529 mecum.
1790 4473 1938 4529 Con-

2123 4474 2168 4527 5.
2213 4475 2597 4542 Μεγαλύνατε
2626 4474 2733 4527 τὸν
2758 4476 2977 4543 Κύριον
3005 4476 3128 4529 σὺν
3154 4477 3309 4546 ἐμοι.
3345 4480 3631 4550 Πρέπσντα

366 4571 671 4626 venientem
700 4570 802 4625 sibi
825 4570 1051 4625 chorum
1088 4568 1157 4623 ad
1189 4568 1474 4623 Dominum
1515 4567 1866 4639 glorilicandu

2119 4564 2217 4636 ιτῷ
2248 4567 2406 4638 χορὸν
2434 4568 2514 4631 είς
2550 4567 2860 4636 δοξολογίαν
2893 4569 2984 4621 τοῦ
3026 4571 3235 4641 Κυρίου
3265 4572 3627 4644 παραλαμϐά-

437 4759 485 4790 "
518 4756 659 4813 Psal.
725 4771 905 4818 cum,
959 4755 1010 4812 1.
1084 4756 1130 4786 ¹⁶
1172 4754 1357 4808 Matth.
1411 4770 1467 4817 v,
1524 4730 1577 4807 4.
1654 4756 1697 4785 ’⁷
1734 4753 1920 4808 Matth.

1172 4754 1357 4808 Matth.
1411 4770 1467 4817 v,
1524 4730 1577 4807 ιζ
1654 4756 1697 4785 ιτ
1734 4753 1920 4808 Matth.
1948 4751 2135 4820 mea
2211 4750 2258 4783 ιι
2299 4750 2455 4805 Num.
2486 4765 2584 4816 xtl,
2610 4752 2662 4807 δ.

440 4912 747 4984 (65)Editio
770 4910 934 4964 Basil.
963 4927 1083 4963 cum
1113 4909 1264 4984 Coll).
1298 4912 1458 4984 tertio
1492 4911 1549 4984 αἱ
1582 4912 1638 4963 ἐν
1663 4908 1927 4984 μέσῳ-τέ-

980 4927 1083 4963 :um
1113 4909 1264 4984 Coll).
1298 4912 1458 4984 tertio
1492 4911 1549 4984 αἱ
1582 4912 1638 4963 ἐν
1663 4908 1927 4984 μέσῳ-τέ·
2035 4913 2215 4984 epota
2242 4922 2488 4984 ρητορες.

367 4976 510 5057 χναι.
538 4976 638 5037 ἈιῙί
671 4984 853 5057 decem
897 4996 1028 5057 mss.
1074 4991 1127 5057 et
1158 4981 1358 5057 _Cat_ena
1398 4982 1622 5057 Corder.
1663 4976 1717 5032 αἱ
1768 4976 1929 5057 μέσαι
2039 4976 2082 5057 _'
2113 4976 2340 5048 (66')'|t'a
2378 4976 2598 5057 'septem
2651 4976 2926 5057 mss._Nec
2972 4978 3126 5057 aliter
3169 4977 3372 5057 Legisse
3418 4979 3621 5057 videtur

367 5048 554 5125 τέχναι
576 5072 588 5107 :
612 5066 731 5125 quae
755 5053 943 5125 eadem
971 5050 1126 5125 lec_t_i_o
1159 5050 1352 5125 legitur
1374 5064 1586 5119 quoque
1610 5052 1661 5103 in
1690 5048 1932 5125 margine
2038 5048 2329 5125 interpres,
2361 5050 2454 5125 qui
2496 5050 2721 5125 verterit
2747 5066 2762 5102 :
2791 5049 2845 5102 in
2884 5049 3132 5125 Domino.
3169 5049 3308 5125 Editi
3343 5049 3618 5125 cumBeg.

369 5117 520 5181 Golb.
556 5117 721 5177 tertii.
758 5121 862 5173 Sed
903 5135 1023 5192 cunt
1054 5120 1199 5192 illud,
1231 5117 1441 5192 τέχναι,
1471 5134 1580 5192 non
1611 5120 1877 5192 probareti

2114 5128 2231 5192 arto
2274 5118 2334 5192 ἐν
2379 5119 2621 5192 Χριστῷ.
2659 5117 2755 5192 Hic
2799 5133 2895 5185 pro
2926 5118 3622 5192 tituxﬁvsuspicaturcomo

368 5194 584 5258 Docteo,
608 5207 674 5248 ex
694 5205 760 5245 eo
785 5191 1024 5260 τεχνῖται
1039 5188 1397 5253 eﬁ‘ecit,etita
1432 5190 1483 5243 in
1501 5190 1733 5243 editione
1760 5188 1876 5241 Pari

2113 5189 2265 5260 lipsius
2298 5188 2582 5260 legendum
2625 5188 2915 5257 καύχησιν,
2950 5188 3288 5243 αιιιαῖνεσιν
3322 5208 3336 5243 :
3376 5190 3473 5245 sed
3515 5190 3621 5257 ejus

367 5265 632 5319 edendum
665 5259 893 5315 curavit.
946 5260 1054 5315 Nos
1099 5274 1229 5313 vero
1276 5260 1596 5326 scripturam
1628 5273 1771 5319 eam,
1812 5274 1931 5325 quae
2037 5259 2405 5321 conjecturam
2444 5259 2616 5313 codex
2649 5259 3049 5313 nullnstnetur.

368 5344 450 5389 tot
481 5334 734 5387 librorum
768 5333 1088 5400 auctoritate
1115 5325 1551 5392 conﬁrmaretur,
1594 5330 1928 5400 retinendam
2088 5327 2224 5400 “(67)
2258 5325 2512 5400 Nonnulli
2537 5344 2666 5383 mss.
2689 5327 3028 5400 κατωρθώθη
3056 5344 3179 5399 μου.
3202 5328 3305 5383 Alii
3349 5344 3483 5384 mss.
3509 5339 3619 5381 cum

367 5420 488 5459 esse
520 5402 900 5472 judicavimns.
927 5399 1036 5472 Nec
1056 5399 1390 5472 Contbelisio
1423 5414 1637 5472 quoque
1666 5397 1875 5472 Duczeai

1192 5399 1390 5453 ιὶιείίεἱο
1423 5414 1637 5472 quoque
1666 5397 1930 5472 Duczeana
2037 5397 2561 5472 editisuxacwplltbon
2594 5416 2700 5469 μοι.

368 5466 673 5527 etneinlatio
706 5472 874 5540 magis
894 5470 1110 5540 placuit.
1136 5468 1425 5537 Postquam
1442 5466 1599 5522 'eniin
1621 5470 1670 5540 in
1697 5469 1929 5540 medium
2091 5466 2221 5540 (68)
2270 5466 2347 5521 Ita
2379 5466 2508 5522 inss.
2534 5466 2675 5522 orto.
2706 5468 2849 5523 Editi
2884 5484 3015 5540 vero
3039 5469 3264 5522 δύναται
3294 5469 3395 5539 τῷ,
3430 5468 3615 5540 ’Δίωνι

368 5543 592 5609 protulit
618 5533 821 5599 multa:
848 5533 1042 5609 quibus
1086 5538 1215 5611 falsa
1247 5533 1332 5611 illa
1366 5539 1873 5611 scripturainiirma

2110 5533 2289 5590 τωσαν
2331 5541 2527 5609 πραεῖς
2561 5540 2656 5592 καὶ
2699 5539 3187 5611 εὐφρανθήτωσαν,
3224 5540 3310 5608 τὸ,
3343 5533 3616 5594 ’Ἄκαισά-

369 5606 558 5677 possit,
589 5622 769 5665 notam
793 5606 943 5663 suam
972 5610 1241 5665 concludit
1263 5610 1347 5663 his
1370 5610 1580 5663 verbis:
1610 5606 1759 5660 Nihil
1780 5624 1925 5677 ergo,
2035 5625 2238 5663 τωσαν.

370 5676 564 5752 inquit,
594 5682 813 5752 uiolente
845 5683 908 5732 ab
940 5680 1141 5752 artibus
1181 5679 1249 5752 ad
1264 5679 1510 5752 artiﬁces
1540 5681 1725 5752 transit
1770 5676 1878 5752 Bas

1625 5681 1725 5732 nsit
1770 5676 1929 5752 ροισι-
2106 5680 2218 5750 (ϋ9)
2245 5678 2495 5736 Nonnulli
2525 5695 2653 5739 mss.
2681 5681 2762 5736 ὅτι
2784 5678 2962 5752 πρᾶός
2994 5680 3133 5751 εἰμι.

370 5751 495 5815 lius,
529 5750 619 5803 sed
655 5752 800 5803 docte
831 5765 892 5803 ac
928 5750 1199 5803 rhetorice.
1232 5749 1355 5805 Mox
1383 5763 1514 5805 mss.
1549 5750 1756 5819 aliquot
1789 5747 1926 5817 ἢία-
