3818 6220
179 379 291 434 357

1326 378 1613 437 HOMILIA
1652 380 1719 435 lN
1759 378 2093 437 PSALMUM
2130 378 2373 436 XXXIII.

3351 378 3456 435 358

179 517 288 554 νει.
311 498 515 569 Μηδεὶς
539 498 877 573 ταραχώδης,
907 500 1043 571 μηδὲ
1067 499 1525 573 τεθορυϐημένος,
1556 502 1693 573 μηδὲ
1716 503 1768 556 ὲκ

1891 504 2139 558 assumit.
2177 502 2348 557 Nemo
2380 497 2743 565 turbulentus,
2773 512 2934 569 nemo
2959 495 3329 568 perturbatus,
3357 511 3458 551 nec

186 590 297 645 τῶν
324 589 513 643 παθῶν
542 592 639 662 τῆς
672 590 875 662 σαρκὸς
908 592 1006 661 τὴν
1037 590 1217 663 ψυχὴν
1264 593 1614 664 παροιστρῶν
1658 592 1768 665 (70)

1891 596 2172 664 quisquam
2213 594 2304 663 qui
2352 605 2676 647 carnearum
2715 587 3058 645 aﬁ‘ectionum
3091 597 3260 644 (nstro
3289 593 3456 643 exsti.

183 682 618 752 ὲγκαταμιγήτω
650 698 759 752 μοι·
789 681 906 735 ἀλλ’
936 683 1094 753 ὑμεῖς
1110 684 1160 736 oi
1185 688 1407 755 πραεῖς,
1437 686 1488 739 oi
1521 686 1581 739 τὸ
1614 684 1772 756 βεϐη-

182 774 287 840 κὸς
327 775 422 828 καὶ
465 774 723 838 εὐσταθὲς
765 775 866 847 τῆς
906 775 1086 846 ψυχῆς
1128 776 1577 848 κατωρθωκότες,
1619 778 1681 830 τὸ
1719 778 1776 830 δὲ

180 866 395 936 νωθρὸν
431 865 524 919 καὶ
558 866 799 930 ὑπνῶδες
828 867 963 937 πρὸς
988 867 1085 931 τὰς
1110 866 1217 921 τῶν
1247 867 1598 939 καθηκόντων
1628 872 1779 941 ἐνερ-

181 957 344 1025 γείας
389 958 788 1029 άποσειόμενοι,
846 959 1004 1029 ὑμεῖς
1062 958 1399 1028 μεγαλύνατε
1448 961 1539 1014 τὸν
1571 960 1781 1031 Κύριον

187 1050 291 1102 σὺν
318 1049 461 1119 ἐμοί.
485 1049 796 1118 Μεγαλύνει
820 1050 877 1102 δὲ
904 1050 996 1103 τὸν
1037 1049 1244 1121 Κύριον
1273 1052 1301 1102 ὁ
1329 1051 1538 1123 μεγάλῃ
1568 1051 1778 1123 διανοίᾳ

185 1141 290 1195 καὶ
320 1141 510 1212 ταύρῳ
555 1142 634 1213 τῷ
667 1144 975 1214 φρονήματι
1014 1144 1110 1197 καὶ
1144 1143 1441 1215 ἐπηρμένῳ
1477 1145 1603 1207 τοὺς
1634 1144 1778 1215 ὑπὲρ

182 1231 294 1301 τῆς
336 1230 617 1294 εὐσεϐείας
667 1232 1012 1302 πειρασμοὺς
1063 1232 1374 1303 ὑπομένων.
1440 1233 1672 1286 Ἔπειτα
1719 1233 1778 1286 δὲ

184 1323 289 1375 καὶ
320 1324 348 1375 ό
376 1322 587 1393 μεγάλῃ
619 1325 685 1395 τῇ
718 1322 927 1394 διανοίᾳ
958 1323 1051 1377 καὶ
1097 1324 1417 1395 θεωρήμασι
1458 1323 1780 1393 βαθυτάτοις

184 1414 261 1467 ’τὰ
295 1413 497 1485 μεγέθη
528 1415 627 1485 τῆς
656 1415 885 1478 κτίσεως
911 1415 1182 1487 καθορῶν,
1218 1415 1285 1469 ἵν’
1311 1419 1375 1469 ὲκ
1396 1416 1489 1469 τοῦ
1518 1417 1781 1488 μεγέθους

185 1507 291 1561 καὶ
336 1508 433 1579 τῆς
483 1507 748 1579 καλλονῆς
795 1507 903 1560 τῶν
956 1509 1274 1578 κτισμάτων
1324 1508 1414 1562 τὸν
1465 1526 1778 1581 γενεσιουρ-

184 1600 290 1670 γδν
325 1599 435 1669 (71)
479 1600 655 1655 αὐτῶν
696 1600 971 1673 θεωρήσῃ.
1011 1602 1160 1672 Ὅσῳ
1198 1602 1307 1675 γάρ
1350 1620 1434 1666 τις
1465 1603 1557 1655 ἐπὶ
1596 1602 1779 1657 πλεῖον

183 1690 487 1763 ὲμϐαθύνει
531 1695 645 1755 τοῖς
676 1691 855 1761 λόγοις
894 1690 1017 1745 καθ’
1057 1692 1151 1755 οὓς
1194 1692 1485 1763 γεγένηται
1524 1692 1592 1746 τὰ
1628 1692 1777 1756 ὄντα,

185 1784 291 1835 ’καὶ
328 1783 447 1836 καθ’
491 1783 585 1847 οὒς
627 1786 1031 1855 οἰκονομεῖται,
1063 1783 1305 1855 τοσούτῳ
1354 1783 1554 1854 μᾶλλον
1587 1782 1782 1854 θεωρεῖ

182 1873 293 1946 τήν
339 1875 813 1947 μεγαλοπρέπειαν
860 1875 952 1928 τοῦ
998 1876 1238 1947 Κυρίου,
1284 1878 1377 1929 καὶ
1415 1876 1476 1928 τὸ
1525 1875 1648 1928 ὅσον
1697 1874 1781 1944 ἐφ’

185 1965 407 2036 ἑαυτῷ,
457 1966 749 2038 μεγαλύνει
783 1968 874 2021 τὸν
932 1968 1155 2038 Κύριον.
1213 1968 1366 2021 Ἐπεὶ
1396 1964 1487 2021 οὖν
1535 1962 1615 2030 εἷς
1659 1967 1782 2030 νοῦς

184 2057 288 2110 καὶ
316 2058 431 2121 ἐνὸς
473 2058 667 2129 ἀνδρὸς
701 2058 933 2129 μελέτη,
964 2059 1085 2113 οὐδὲ
1127 2059 1264 2130 πρὸς
1299 2059 1473 2129 βραχὺ
1518 2058 1787 2129 αὐταρκεῖ

184 2149 331 2221 πρὸς
351 2149 447 2220 τὴν
475 2149 585 2203 τῶν
616 2150 921 2220 μεγαλείων
940 2151 1034 2204 τοῦ
1060 2150 1196 2204 Θεοῦ
1223 2150 1549 2223 κατάληψιν,
1579 2151 1785 2214 πάντας

186 2240 330 2312 ὁμοῦ
360 2242 485 2305 τοὺς
511 2244 705 2312 πραεῖς
728 2245 809 2306 εἰς
836 2244 935 2314 τὴν
961 2243 1247 2297 κοινωνίαν
1272 2242 1480 2314 ταύτης
1504 2243 1605 2314 τῆς
1632 2245 1787 2315 ἐνερ-

182 2333 350 2401 γείας
394 2336 834 2407 παραλαμϐάνει.
887 2338 977 2390 Δεῖ
1009 2336 1118 2407 γὰρ
1169 2337 1349 2392 πᾶσαν
1404 2336 1599 2409 σχολὴν
1631 2337 1784 2406 ἄγειν

182 2426 303 2479 ἀπὸ
337 2424 579 2497 θορύϐων
612 2429 721 2482 τῶν
750 2429 972 2494 ἔξωθεν,
1006 2430 1101 2483 κα)⁵
1142 2433 1323 2485 πᾶσαν
1357 2431 1587 2501 ἡσυχίαν
1620 2431 1678 2484 ἐν
1707 2429 1786 2501 τῷ

185 2519 424 2590 κρυπτῷ
450 2521 551 2592 τῆς
581 2520 808 2593 καρδίας
845 2520 1215 2593 βουλευτηρίῳ
1251 2523 1580 2593 ποιήσαντα,
1614 2521 1786 2586 οὕτως

186 2611 507 2665 ἐπιϐάλλειν
554 2615 620 2684 τῇ
682 2612 886 2685 θεωρίᾳ
923 2614 1024 2685 τῆς
1069 2612 1353 2683 ἀληθείας.
1395 2614 1641 2678 Ἀκούεις
1689 2614 1784 2667 τοῦ

187 2703 690 2777 ἐξομολογούμενοι)
739 2708 837 2778 τὴν
886 2708 1183 2778 ἁμαρτίαν,
1233 2707 1285 2760 τί
1342 2724 1546 2778 φησιν;
1616 2708 1784 2762 Ἑτα-

175 2796 388 2867 ράχθη
431 2798 549 2851 ἀπὸ
588 2800 778 2868 θυμοῦ
820 2800 852 2851 ὁ
895 2799 1204 2868 ὀφθαλμός
1237 2817 1377 2869 μου.
1410 2800 1486 2852 Οὐ
1532 2799 1692 2870 μόνον
1728 2800 1786 2853 δὲ

188 2889 389 2959 θυμὸς,
427 2888 562 2942 ἀλλὰ
603 2891 698 2942 καὶ
749 2890 1033 2961 ἐπιθυμία,
1089 2892 1182 2944 καὶ
1228 2890 1421 2952 δειλία,
1465 2890 1561 2944 καὶ
1593 2891 1787 2961 φθόνος

187 2980 474 3051 ὀφθαλμὸν
503 2980 682 3051 ψυχῆς
718 2981 1050 3053 ἐκταράσσει
1069 2999 1083 3013 ·
1117 2982 1212 3035 καὶ
1243 2981 1581 3046 ἁπαξαπλῶς
1610 2984 1787 3037 πάντα

188 3074 265 3127 τὰ
296 3073 443 3144 πάθη
475 3073 778 3145 συγχυτικὰ
809 3075 904 3128 καὶ
934 3075 1308 3147 ὲκταρακτικὰ
1342 3075 1435 3129 τοῦ
1476 3074 1784 3147 διορατικοῦ

188 3167 299 3238 τῆς
350 3167 529 3239 ψυχῆς
586 3170 722 3222 ἐστι.
779 3169 888 3221 Καὶ
932 3168 1005 3231 ὡς
1054 3169 1113 3222 ού
1161 3168 1386 3221 δυνατὸν
1429 3168 1787 3240 τεθολωμὲνῳ

1888 686 2060 740 mulet
2084 685 2345 747 animam,
2379 684 2512 737 mihi
2544 684 2910 753 adjungatur:
2942 681 3037 736 sed
3067 695 3164 735 vos
3194 682 3461 735 mansueti

1885 777 1979 845 qui
1999 775 2351 830 stabilitatem
2374 773 2800 842 ﬁrmitatemque
2824 770 2993 826 animi
3011 771 3284 826 consecuti
3306 771 3464 837 estis,

1884 870 2188 927 socordiam
2220 880 2400 924 autem
2437 883 2503 923 ac
2537 881 2787 937 soporem
2816 867 2882 918 ad
2907 864 3083 921 oﬂicia
3114 865 3460 933 exsequenda

1884 962 2227 1027 excussistis,
2265 975 2362 1015 vos
2391 960 2734 1030 magniﬁcate
2762 956 3046 1012 Dominum
3074 971 3306 1011 mecum.
3344 955 3461 1009 Ma-

1886 1055 2109 1126 gniﬁcat
2136 1064 2315 1109 autem
2349 1053 2633 1107 Dominum
2670 1051 2750 1113 is,
2795 1050 2886 1119 qui
2923 1063 3117 1120 magna
3154 1057 3369 1114 mente,
3410 1058 3465 1103 et

1886 1145 2030 1200 elato
2058 1158 2121 1198 ac
2144 1152 2331 1197 erecto
2358 1140 2553 1210 spiritu
2580 1140 2907 1195 tentationes
2944 1152 3041 1206 pro
3070 1139 3272 1208 pietate
3300 1138 3468 1193 susti-

1887 1246 1999 1291 net.
2036 1234 2237 1290 Deinde
2262 1233 2449 1297 etiam,
2484 1232 2577 1300 qui
2609 1245 2805 1299 magno
2839 1229 3022 1283 animo
3059 1236 3117 1283 et
3145 1228 3462 1299 profundis-

1886 1329 2044 1384 simis
2094 1320 2644 1395 contemplationibus
2704 1320 3105 1392 magnitudines
3171 1321 3468 1376 creationis

1887 1417 2218 1482 considerat,
2251 1425 2307 1468 ut
2343 1428 2411 1468 ex
2442 1410 2812 1483 magnitudine
2846 1419 3224 1466 creaturarum
3267 1420 3322 1465 et
3348 1410 3467 1481 pul-

1888 1509 2197 1566 chritudine
2245 1517 2399 1561 ortus
2467 1519 2656 1560 earum
2706 1512 2989 1559 auctorem
3042 1503 3465 1573 contempletur.

1888 1605 2102 1673 Quanto
2145 1605 2290 1659 enim
2327 1602 2449 1672 quis
2491 1601 2654 1657 altius
2694 1609 2944 1669 penetrat
2972 1601 3236 1666 rationes,
3269 1599 3468 1668 quibus

1888 1701 2102 1757 condita
2135 1708 2259 1753 sunt
2282 1712 2346 1751 ac
2376 1706 2638 1765 reguntur
2659 1694 2933 1760 universa,
2962 1701 3113 1748 tanto
3144 1692 3317 1763 magis
3352 1693 3462 1747 Do-

1894 1791 2025 1848 mini
2063 1788 2518 1860 magnificentiam
2549 1786 2884 1858 speculatur,
2924 1796 2980 1841 et
3017 1794 3281 1854 quantum
3315 1783 3367 1837 in
3408 1795 3468 1838 se

1816 1876 1858 1935 Β
1886 1896 1990 1952 est,
2016 1884 2304 1939 Dominum
2330 1880 2657 1951 magniﬁcat.
2684 1880 2950 1948 Quoniam
2974 1880 3260 1950 igituruna
3283 1891 3457 1942 mens,

1885 1987 1941 2034 et
1966 1976 2128 2030 unius
2164 1973 2265 2028 viri
2299 1972 2574 2028 meditatio
2606 1986 2674 2026 ne
2698 1970 2765 2025 ad
2796 1970 2964 2026 breve
2998 1969 3217 2039 quidem
3254 1976 3469 2037 tempus

1884 2067 2080 2125 subicit
2123 2067 2190 2122 ad
2230 2064 2515 2136 magniﬁca
2553 2078 2719 2133 opera
2782 2063 2874 2119 Dei
2914 2061 3467 2134 comprehendenda:

1886 2176 2077 2217 omnes
2113 2158 2274 2214 simul
2317 2166 2628 2213 mansuetos
2658 2156 2724 2211 ad
2759 2154 2918 2225 hujus
2952 2153 3183 2210 actionis
3218 2156 3463 2209 societa-

1888 2263 1995 2309 tem
2029 2252 2279 2308 assumit.
2312 2249 2540 2321 Oportet
2572 2249 2719 2304 enim
2752 2249 2820 2303 ab
2865 2247 3109 2303 externis
3150 2247 3471 2302 tumultibus

1876 2346 2108 2421 omnino
2150 2343 2312 2417 15.6
2336 2357 2556 2406 vacare,
2588 2350 2642 2397 et
2672 2340 2819 2396 omni
2854 2341 3037 2410 quiete
3059 2340 3114 2394 in
3146 2340 3469 2395 abscondito

1887 2436 2067 2492 cordis
2092 2450 2308 2490 recessu
2332 2433 2657 2496 constituta,
2683 2439 2796 2485 tum
2824 2429 3041 2485 demum
3073 2428 3322 2484 veritatis
3346 2444 3472 2484 con-

1890 2525 2225 2596 templationi
2282 2525 2526 2579 animum
2584 2523 2840 2593 adjicere.
2895 2521 3067 2577 Audis
3119 2522 3471 2579 conﬁtentem

1886 2626 2193 2688 peccatum,
2245 2616 2376 2687 quid
2408 2614 2583 2671 dicit?
2633 2612 2898 2668 Turbatus
2942 2623 3021 2668 est
3066 2615 3132 2668 ab
3165 2614 3249 2668 ira
3288 2612 3471 2667 oculus

1888 2727 2033 2765 meus
2054 2710 2123 2764 ²⁹.
2175 2708 2291 2764 Νοιι
2324 2717 2506 2763 autem
2539 2707 2620 2761 ira
2655 2707 2850 2771 solum,
2897 2705 2994 2762 sed
3024 2705 3469 2775 concupiscentia

1888 2802 2052 2859 etiam
2083 2812 2137 2857 et
2182 2801 2466 2866 timiditas,
2501 2810 2556 2854 et
2603 2798 2804 2853 invidia
2835 2797 3049 2853 oculum
3094 2798 3290 2852 animm
3340 2811 3472 2853 con-

1890 2893 2106 2961 turbat;
2132 2901 2188 2948 et
2214 2893 2266 2946 in
2296 2892 2629 2956 universum,
2659 2889 3053 2945 commotiones
3077 2903 3267 2944 omnes
3293 2889 3469 2953 aciem

1892 2986 2059 3042 animi
2094 2993 2259 3055 atque
2290 2982 2761 3054 perspicacitatem
2793 2981 3129 3037 confundunt
3159 2996 3224 3038 ac
3256 2991 3474 3051 pertur-

1890 3082 2041 3136 bant.
2070 3078 2139 3133 Et
2160 3079 2612 3148 quemadmodum
2639 3077 2752 3133 ﬁeri
2778 3092 2881 3133 non
2907 3084 3080 3145 potest
3110 3085 3169 3131 ut
3194 3085 3471 3140 accurate,

1892 3174 2048 3230 oculo
2086 3173 2300 3228 turbato
2349 3169 2829 3240 deprehendantur
2857 3168 3092 3225 visibilia
3130 3186 3145 3223 :
3186 3169 3265 3225 sic
3310 3171 3474 3225 etiam

186 3255 465 3327 ὀφθαλμῷ
491 3256 694 3329 ἀκριϐῆ
734 3256 920 3310 λαϐεῖν
950 3257 1057 3310 τῶν
1088 3258 1299 3329 ὁρατῶν
1335 3258 1435 3329 τὴν
1463 3239 1767 3330 κατάληψιν

1896 3266 2111 3321 turbato
2142 3264 2327 3327 corde,
2361 3239 2431 3317 ad
2458 3262 2706 3317 veritatis
2733 3260 3247 3341 contemplationem
3273 3262 3477 3316 ineunt-

186 3350 372 3413 οῦτως
417 3350 536 3402 οὐδὲ
579 3348 925 3423 τεθολωμένῃ
960 3349 1160 3422 καρδίᾳ
1206 3353 1273 3421 τῇ
1316 3352 1644 3422 κατανοήσει
1691 3351 1790 3422 τῆς

190 3445 458 3517 ἀληθείας
505 3446 808 3500 ἐπιϐαλεῖν.
868 3446 1243 3517 Ἀναχωρῆσαι
1291 3440 1384 3498 οὖν
1428 3445 1507 3498 δεῖ
1542 3445 1650 3499 τῶν
1694 3445 1788 3499 τοῦ

192 3539 407 3609 κόσμου
448 3539 824 3612 πραγμάτων,
854 3540 951 3593 καὶ
1002 3541 1141 3610 μήτε
1188 3539 1255 3592 δι’
1292 3538 1608 3610 ὀφθαλμῶν,
1652 3541 1789 3611 μήτε

187 3633 266 3686 δι’
297 3630 472 3696 ὢτων,
507 3634 642 3705 μήτε
677 3633 744 3685 δι’
772 3632 940 3704 ἄλλης
962 3633 1109 3697 τινὸς
1142 3632 1450 3703 αἰσθήσεως
1475 3632 1789 3701 ἐπεισάγειν

191 3726 513 3798 ἀλλοτρίους
540 3728 832 3798 λογισμοὺς
866 3730 930 3798 τῇ
958 3727 1126 3798 ψυχῇ.
1161 3725 1420 3798 Θορύϐων
1447 3726 1556 3797 γὰρ
1596 3727 1791 3797 ἀσιγή-

188 3838 309 3874 των
342 3821 435 3873 καὶ
468 3822 710 3874 στάσεων
753 3819 1127 3873 ἀδιαλλάκτων
1156 3819 1553 3890 ἀναπιμπλῶσι
1597 3819 1666 3872 τὰ
1704 3818 1791 3872 ἑν·-

188 3913 286 3967 δον
312 3915 360 3966 οί
390 3913 486 3966 τοῦ
513 3916 855 3986 φρονήματος
887 3913 987 3984 τῆς
1012 3912 1216 3985 σαρκὸς
1242 3911 1664 3983 ἐπανιστάμενοι
1690 3912 1789 3965 πό-

188 4006 254 4059 λε
264 4023 374 4076 μοι.
414 4006 770 4073 Ἐξεζήτησα
800 4005 906 4060 τὸν
930 4006 1174 4074 Κύριον,
1198 4006 1298 4059 καὶ
1319 4005 1630 4075 ἐπήκουσέ
1644 4022 1783 4075 μου.

190 4095 417 4162 Ταῦτα,
448 4098 642 4167 φησὶν,
674 4098 1066 4152 ἀκουσάτωσαν
1097 4101 1149 4152 οἱ
1187 4101 1405 4171 πραεῖς,
1448 4099 1531 4151 ὅτι
1571 4097 1684 4168 ἐγὼ
1728 4100 1789 4151 ὲν

186 4188 277 4259 τῷ
302 4189 481 4261 καιρῷ
504 4189 697 4261 ὲκείνῳ
721 4190 798 4261 τῷ
827 4190 1071 4262 χαλεπῷ,
1096 4192 1185 4244 ὅτε
1211 4192 1320 4254 πᾶς
1355 4192 1452 4262 μὲν
1484 4190 1653 4262 θυμὸς
1678 4189 1788 4243 τῶν

192 4279 687 4350 μνησικακούντων
728 4281 961 4335 ἐκινεῖτο
1007 4281 1120 4353 (72)
1160 4283 1279 4335 κατ’
1332 4280 1488 4352 ἐμοῦ,
1534 4282 1683 4334 πᾶσα
1728 4278 1786 4331 δὲ

187 4370 321 4442 χεὶρ
350 4372 437 4423 ἐπ’
471 4371 573 4442 ἐμὲ
617 4371 919 4438 ὡπλίζετο,
952 4374 1157 4445 γυμνὸς
1204 4373 1262 4426 δὲ
1302 4372 1414 4442 ἐγὼ
1452 4373 1547 4426 καὶ
1588 4370 1787 4434 ἄοπλος

186 4461 414 4531 ἕτοιμος
453 4464 534 4525 είς
562 4464 742 4516 πᾶσαν
775 4465 963 4517 αἰκίαν
1006 4463 1298 4535 ὲξεκείμην
1326 4465 1439 4526 τοῖς
1483 4460 1783 4533 πολεμίοις,

185 4543 319 4641 τότε
346 4552 419 4641 ού
445 4553 745 4641 συνεχύθην
784 4556 912 4618 τοὺς
948 4554 1332 4627 διαλογισμοὺς
1359 4554 1439 4625 τῷ
1477 4554 1648 4623 φόϐῳ,
1684 4554 1784 4606 οὐκ
1816 4586 1861 4641 D

186 4639 563 4711 ἐξεκρούσθην
596 4645 661 4695 ὲκ
694 4642 795 4712 τῆς
820 4642 913 4695 τοῦ
943 4643 1079 4696 Θεοῦ
1126 4643 1334 4705 ἐννοίας
1353 4684 1367 4709 ,
1402 4642 1503 4695 οὐκ
1530 4642 1783 4709 άπέγνων

183 4730 295 4799 τῆς
322 4731 562 4799 ἐμαυτοῦ
590 4733 882 4803 σωτηρίας,
913 4733 1028 4786 ἀλλ’
1052 4732 1384 4803 ἐξεζήτησα
1409 4730 1518 4785 τὸν
1538 4731 1762 4798 Κύριον

185 4824 333 4892 υύχὶ
365 4821 608 4895 ἐζήτησα
655 4825 814 4896 μόνον
844 4824 1023 4895 ἁπλῆν
1061 4842 1179 4878 τινα
1223 4825 1318 4878 κα)⁸
1355 4821 1611 4895 χρονικὴν
1644 4820 1779 4893 πρὸς

182 4913 285 4965 τὸν
310 4912 517 4984 Κύριον
539 4913 749 4978 ἐλπίδα,
772 4915 885 4969 ἀλλ’
906 4914 1228 4987 ἐξεζήτησα.
1255 4914 1445 4968 Πλεῖον
1467 4914 1575 4985 γάρ
1594 4929 1647 4965 τι
1669 4912 1780 4983 (75)

181 5004 343 5077 δηλοῖ
374 5006 524 5076 παρὰ
567 5007 627 5060 τὸ
659 5005 909 5076 ζητῆσαι
953 5008 987 5079 ή
1032 5006 1271 5078 ἔμφασις
1306 5005 1397 5059 τοῦ
1437 5004 1779 5073 ἐπιζητῆσαι,

180 5097 266 5160 ὡς
301 5098 396 5151 καὶ
425 5097 575 5169 παρὰ
604 5099 704 5170 τὴν
730 5098 957 5170 ἔρευναν
983 5102 1017 5171 ἡ
1051 5099 1417 5169 ὲξερεύνησις.
1459 5094 1778 5160 Ἐξέλιπον

182 5189 303 5259 γὰρ
329 5187 761 5256 ἐξερευνῶντες
799 5188 1237 5258 ἐξερευνήσεις.
1280 5186 1488 5257 Πολλὴν
1533 5180 1627 5239 οὖν
1658 5202 1779 5239 τινα

185 5280 391 5351 σχολὴν
437 5281 530 5334 καὶ
565 5280 865 5353 ἀταραξίαν
919 5283 948 5335 ό
997 5280 1155 5350 λόγος
1203 5279 1501 5349 παρίστησι
1546 5274 1634 5329 διὰ
1678 5275 1778 5346 τῆς

179 5372 559 5443 ὲκζητήσεως.

259 5486 310 5521 ⁸⁸
344 5482 571 5542 Psal.“
622 5486 676 5543 8.
757 5488 803 5520 ”
842 5487 985 5544 Psal.
1036 5503 1193 5553 LXIII,
1238 5486 1291 5542 7.

284 5636 498 5719 ZO)'_S_ic
527 5642 855 5719 multi_mss._
871 5645 943 5719 At
964 5644 1090 5700 editi
1115 5646 1559 5719 ὲμπαροιστρῶν.

284 5650 378 5712 70)
405 5650 498 5697 Sic
527 5650 681 5699 multi
709 5659 841 5701 mss.
871 5650 942 5699 At
964 5650 1090 5700 editi
1115 5650 1559 5719 ὲμπαροιστρῶν.

259 5650 378 5783 ίἹΙ)
404 5712 597 5786 Nostra
629 5716 794 5770 editio
826 5715 997 5770 Paris.
1019 5730 1306 5785 operarum
1333 5719 1620 5773 oscitantia
1647 5735 1774 5786 γεν-

181 5783 507 5867 νεσιουργόν
546 5799 644 5855 pro
675 5783 1080 5867 γενεσιουργόνζ
1138 5787 1305 5867 uti__itt
1362 5803 1497 5845 mss.
1554 5783 1772 5862 legitur.

185 5854 391 5912 Statim
416 5854 561 5926 Reg.
585 5855 854 5914 secundus
880 5854 1134 5912 τοσοῦτον
1166 5856 1405 5929 μᾶλλον..

1892 3359 2021 3414 bere
2044 3373 2150 3412 non
2179 3370 2486 3427 possumus.
2515 3353 2782 3410 Secedere
2803 3352 2972 3425 igitur
2993 3365 3209 3423 oportet
3229 3367 3260 3407 a
3288 3353 3473 3407 mundi

1892 3451 2077 3513 rebus,
2106 3460 2159 3503 et
2191 3464 2365 3519 neque
2396 3462 2492 3518 per
2517 3446 2726 3511 oculos,
2755 3460 2929 3515 neque
2957 3461 3056 3514 per
3087 3460 3268 3508 aures,
3297 3460 3478 3515 neque

1891 3554 1987 3609 per
2015 3539 2181 3592 alium
2206 3536 2371 3592 ullum
2402 3550 2623 3591 sensum
2652 3535 3021 3605 cogitationes
3044 3534 3249 3589 alienas
3271 3534 3325 3589 in
3357 3535 3477 3589 aui-

1893 3647 2035 3686 mam
2062 3631 2431 3686 introducere.
2459 3626 2591 3694 Quae
2636 3627 2780 3681 enim
2804 3642 2868 3682 ex
2894 3627 3079 3682 carnis
3123 3626 3357 3681 elatione
3380 3641 3479 3680 ex-

1890 3722 2140 3778 oriuntur
2153 3720 2313 3787 bella,
2332 3718 2649 3773 tumultibus
2666 3718 2938 3773 continuis
2961 3728 3019 3773 et
3040 3718 3477 3788 implacabilibus

1890 3814 2246 3870 seditionibus
2273 3812 2533 3867 interiora
2557 3811 2850 3881 complent.
2880 3809 3072 3883 (Vens.
3099 3810 3178 3881 5.)
3204 3810 3478 3881 Exquisivi

1892 3909 2211 3972 Dominum,
2251 3918 2299 3961 et
2327 3905 2595 3960 exaudivit
2644 3921 2746 3958 me.
2795 3903 2954 3970 Haec,
2991 3905 3202 3974 inquit,
3252 3904 3479 3958 audiant

1890 4002 2180 4064 mansueti,
2208 3999 2355 4069 quod
2385 4013 2486 4069 ego
2512 3998 2721 4054 difﬁcili
2750 3998 2846 4054 illo
2874 4008 3117 4069 tempore
3144 4013 3267 4053 cum
3296 3997 3476 4052 omnis

1890 4094 2237 4149 inimicorum
2292 4091 2372 4145 ira
2420 4100 2730 4145 moveretur
2775 4100 2966 4145 contra
3025 4104 3150 4157 me,
3186 4092 3477 4160 omnisque

1891 4199 2083 4240 manus
2121 4184 2388 4238 adversus
2417 4197 2504 4237 me
2542 4189 2867 4247 armaretur,
2900 4197 3002 4249 ego
3047 4196 3180 4237 vero
3212 4183 3388 4237 nudus
3415 4192 3472 4237 et

1889 4276 2114 4333 inermis
2141 4276 2207 4331 ad
2240 4290 2400 4331 omne
2429 4274 2750 4345 supplicium
2779 4273 3168 4345 perferendum
3193 4275 3473 4346 expositus

1889 4370 2136 4427 hostibus
2156 4384 2356 4435 essem,
2381 4383 2485 4424 non
2513 4378 2690 4423 tamen
2717 4360 3125 4423 tunc'conlusus
3146 4381 3264 4422 sum
3286 4367 3470 4421 animo

1888 4475 1999 4532 pra:
2026 4460 2257 4524 timore,
2286 4473 2392 4513 non
2432 4472 2550 4513 sum
2598 4472 2631 4511 a
2661 4456 2753 4512 Dei
2801 4457 3133 4527 cogitatione
3178 4466 3472 4523 avocatus,

1889 4568 1993 4608 non
2027 4551 2253 4607 salutem
2290 4564 2468 4605 meam
2513 4549 2817 4620 desperavi,
2863 4547 2958 4604 sed
3001 4547 3263 4618 exquisivi
3292 4546 3474 4602 Domi-

1889 4659 2034 4697 num.
2068 4641 2183 4696 Non
2215 4641 2438 4712 quaesivi
2483 4640 2658 4697 solum
2703 4639 2936 4710 simplici
2968 4639 3200 4710 quadam
3232 4650 3287 4695 et
3318 4648 3473 4694 tem-

1889 4733 2103 4804 poraria
2144 4732 2198 4787 in
2250 4732 2540 4787 Dominum
2592 4746 2721 4802 spe,
2774 4731 2869 4786 sed
2916 4731 3210 4802 exquisivi.
3249 4729 3464 4786 Etenim

1886 4827 2160 4895 emphasis
2189 4826 2338 4882 verbi
2370 4828 2643 4897 exquirere
2672 4824 2902 4895 amplius
2947 4823 3204 4895 quiddam
3249 4824 3459 4895 signiﬁ-

1887 4926 1994 4984 cat,
2022 4933 2184 4989 quam
2233 4919 2459 4973 verbum
2492 4933 2750 4987 φαεν-ενι,
2802 4915 3260 4987 quemadmodum
3303 4915 3466 4970 etiam

1886 5010 2249 5078 perscrutatio
2289 5009 2412 5078 plus
2447 5010 2578 5065 dicit
2612 5022 2777 5079 quam
2826 5007 3114 5063 scrutatio.
3148 5004 3463 5075 Defecerunt

1884 5100 2020 5154 enim
2052 5111 2438 5169 perscrutantes
2470 5101 2916 5167 perscrutationes
2943 5099 3010 5152 ³⁸.
3052 5095 3281 5152 Multum
3309 5096 3474 5165 igitur

1885 5193 1980 5247 otii
2012 5208 2077 5247 ac
2124 5193 2531 5263 tranquillitatis
2560 5193 2781 5250 exhibet
2823 5192 2915 5247 hic
2955 5204 3135 5247 sermo
3189 5203 3286 5260 per
3316 5187 3464 5242 illam

1887 5285 2325 5355 exquisitionem.

1958 5646 2072 5716 (72)
2120 5644 2254 5716 Reg.
2280 5642 2470 5716 tertius
2500 5640 2801 5716 ἐκεκίνητο.
2842 5640 2964 5699 Mox
2987 5640 3121 5716 Reg.
3146 5641 3355 5716 _tertius
3393 5637 3465 5716 in

1885 5709 2144 5772 conteittu
2176 5709 2493 5784 λογισμούς,
2520 5713 2574 5766 in
2609 5709 2861 5784 margine
2893 5728 3018 5769 vero
3058 5709 3462 5782 διαλογισμούς.

1958 5786 2071 5858 (75)
2102 5788 2174 5858 l_ta
2226 5783 2379 5839 multi
2420 5783 2781 5858 Inss._l£_ditio
2821 5796 2947 5841 vero
2999 5784 3170 5841 Paris.
3225 5785 3331 5852 γάρ
3360 5796 3463 5836 τοι.

1888 5850 2085 5915 Statim
2110 5856 2246 5930 Reg.
2276 5854 2544 5914 secundus
2568 5850 2865 5919 ἐξέλειπον,
