3818 6220
414 332 522 389 559

1738 334 1779 390 S
1838 333 2085 390 BASILII
2120 335 2332 392 MAGNI

3592 337 3689 392 369

487 454 541 509 4.
602 451 668 508 Ει
716 463 793 506 ea:
838 450 1077 505 omnibus
1132 450 1563 505 tribulationibus
1626 457 1755 508 meis
1800 456 1977 522 eripui

2146 442 2219 510 ‘4.
2263 455 2373 510 Καὶ
2411 456 2478 507 ἐκ
2517 454 2731 509 πασῶν
2765 453 2883 508 τῶν
2919 456 3182 524 θλίψεων
3212 473 3334 524 μου
3379 454 3691 522 capuam

413 562 518 604 me.
556 544 690 601 Tota
736 544 866 614 justi
910 546 1021 597 vita
1054 542 1105 595 in
1138 540 1521 598 aﬂlictionibus
1564 545 1741 615 posita
1785 555 1892 609 est,
1941 563 1971 599 e

2091 565 2188 618 με.
2236 549 2393 602 Πᾶσα
2433 549 2466 618 ὴ
2513 547 2606 601 τοῦ
2644 547 2847 601 δικαίου
2882 547 2992 618 ζωὴ
3022 546 3358 617 τεθλιμμένη
3397 547 3555 608 ἐστὶ,
3604 549 3689 600 καὶ

412 636 577 690 Arcta
628 644 782 705 atque
844 642 1069 702 angusta
1108 643 1182 686 est
1231 633 1312 687 via
1356 633 1440 699 ³¹ς
1487 643 1543 687 et
1588 632 1774 689 Multce
1822 635 1994 690 tribu-

413 727 635 782 lationes
657 726 928 797 iustorum
971 726 1036 777 “.
1085 725 1294 781 Idcirco
1340 734 1395 781 et
1422 726 1713 796 Apostolus
1764 728 1881 783 ait:
1931 729 1994 783 In

412 820 651 874 omnibus
694 818 969 890 afﬂicti”;
1006 828 1082 882 et,
1125 817 1389 883 Quoniam
1423 834 1517 887 per
1563 821 1762 873 multas
1809 821 1986 874 tribu-

410 911 630 966 lationes
666 921 863 980 oportet
903 927 998 963 nos
1028 912 1229 963 intrare
1260 910 1316 964 in
1354 926 1571 980 regnum
1622 911 1801 965 Dei“.
1832 911 1993 966 Libe-

407 1013 497 1062 rat
524 1012 703 1057 autem
736 1018 803 1057 ex
850 1001 1202 1056 tribulatione
1255 1012 1476 1057 sanctos
1511 1018 1639 1058 suos
1678 1004 1840 1067 Deus,
1883 1021 1991 1060 non

407 1096 555 1166 quod
591 1095 712 1150 illos
769 1094 907 1149 citra
949 1096 1321 1164 probationem
1368 1094 1661 1167 relinquat,
1708 1100 1803 1153 sed
1849 1099 1990 1168 quod

406 1187 723 1258 patientiam
771 1186 904 1255 ipsis
952 1186 1237 1256 largiatur.
1287 1185 1422 1243 Nam
1472 1188 1517 1244 si
1560 1187 1857 1243 Tribulatio
1895 1207 1991 1260 pa-

405 1279 649 1335 tientiam
678 1289 947 1347 operatur,
978 1281 1234 1347 patientia
1274 1295 1391 1333 vero
1422 1279 1783 1349 probationem
1802 1281 1868 1347 ³⁸,
1896 1283 1988 1352 qui

407 1372 810 1429 tribulationem
851 1372 1139 1434 detrectat,
1172 1371 1495 1441 probatione
1526 1388 1586 1426 se
1640 1373 1753 1444 ipse
1785 1374 1983 1443 privat.

406 1465 870 1535 Quemadmodum
900 1478 1029 1532 ergo
1060 1478 1218 1517 nemo
1252 1477 1552 1519 coronatur
1579 1464 1699 1519 sine
1730 1466 1987 1521 adversa-

405 1554 527 1613 rio:
554 1554 632 1608 sic
666 1567 840 1623 neque
872 1553 1133 1622 probatus
1187 1552 1476 1622 quisquam
1519 1552 1859 1621 pronuntiari
1894 1569 1988 1622 po-

403 1656 533 1713 test,
562 1645 665 1701 nisi
701 1659 796 1714 per
824 1642 1223 1698 tribulationes.
1263 1639 1348 1696 Ex
1400 1642 1642 1697 omnibus
1683 1643 1849 1713 igitur
1890 1646 1985 1698 tri-

405 1738 761 1795 bulationibus
794 1736 921 1790 meis
956 1751 1036 1788 me
1063 1735 1281 1800 eripuit,
1311 1749 1417 1789 non
1448 1736 1591 1804 quod
1618 1736 1859 1791 divexari
1900 1751 1984 1790 me

2095 638 2286 707 Στενὴ
2336 639 2433 692 καὶ
2491 636 2843 707 τεθλιμμένη
2900 639 2935 700 7’:
2987 637 3156 703 ὁδός·
3190 638 3304 703 καὶ,
3354 638 3603 690 [10.1.1112
3635 641 3690 692 ai

2094 733 2333 800 θλίψεις
2368 730 2488 784 τῶν
2540 730 2803 784 δικαίων.
2843 730 2941 782 Διά
2977 731 3132 783 τοῦτο
3170 731 3261 783 καὶ
3311 731 3345 781 ὁ
3418 732 3686 783 Ἄποπι-

2093 817 2184 881 λός
2225 835 2410 889 φησιν,
2475 819 2572 871 Ἐν
2619 817 2797 871 παντί
2843 820 3209 886 θλιϐόμενον
3247 819 3371 881 καὶ,
3423 819 3559 872 Ὅτι
3590 820 3681 872 διὰ

2093 910 2341 965 πολλῶν
2364 912 2629 979 θλίψεων
2657 910 2755 963 δεῖ
2776 909 2933 980 ἡμᾶς
2959 912 3047 975 εὶς
3065 912 3178 979 τὴν
3209 912 3567 976 ,ϐασιλείαν
3586 912 3683 966 τοῦ

2095 1003 2244 1057 Θεοῦ
2263 1002 2580 1057 εἰσελθεῖν.
2626 1002 2842 1056 Ῥύεται
2879 1002 2936 1054 δὲ
2973 1003 3037 1057 ὲκ
3070 1001 3296 1072 θλίψεως
3324 1005 3469 1067 τοὺς
3501 1004 3684 1072 ἀγίοκ

2092 1094 2258 1149 αὐτοῦ
2288 1096 2316 1148 ό
2344 1095 2495 1158 Θεὸς,
2530 1095 2628 1147 οὐκ
2660 1094 3054 1167 ἀδοκιμάστους
3086 1096 3283 1160 αὐτοὺς
3314 1097 3681 1164 καταλιμπά-

2091 1203 2219 1250 νων,
2255 1185 2391 1239 ἀλλὰ
2414 1186 2511 1259 τὴν
2543 1187 2819 1259 ὑπομονὴν
2845 1188 3028 1251 αὐτοῖς
3061 1187 3453 1260 χαριζόμενος.
3490 1190 3559 1243 ΕΞ
3585 1189 3683 1259 γὰρ

2103 1278 2173 1332 Ἦ
2188 1278 2393 1346 θλίψις
2421 1278 2738 1349 ὑπομονὴν
2766 1280 3191 1350 κατεργάζεται,
3228 1281 3268 1348 ἡ
3296 1280 3371 1334 δὲ
3400 1281 3679 1350 ὑπομονὴ

2088 1368 2380 1439 δοκιμήν’
2422 1373 2450 1424 ὁ
2493 1371 2590 1443 τὴν
2635 1371 2812 1443 θλίψιν
2862 1373 3260 1444 ἀφαιρούμενκ
3303 1374 3417 1445 τῆς
3452 1373 3683 1444 δοκιμῆς

2087 1460 2279 1513 ἑαυτὸν
2301 1461 2693 1532 ἀπεστέρησεν.
2722 1463 2810 1528 Ὠς
2833 1458 2925 1516 οὖν
2954 1464 3128 1527 οὐδεὶς
3157 1464 3539 1533 στεφανοῦται
3564 1464 3681 1516 ἄνευ

2086 1554 2515 1624 ἀνταγωνιστοῦ,
2548 1553 2720 1618 οὕτως
2751 1555 2872 1609 οὐδὲ
2906 1555 3125 1626 δόκιμος
3163 1556 3567 1625 ἀποφανθῆναι
3598 1554 3682 1607 δύ-

2085 1664 2240 1700 ναται
2278 1650 2326 1700 εί
2366 1648 2440 1719 μὴ
2485 1647 2597 1718 (74)
2631 1647 2719 1700 διὰ
2749 1647 3001 1716 θλίψεων.
3047 1649 3142 1701 Ἐκ
3178 1647 3405 1701 πασῶν
3441 1644 3545 1701 οὖν
3569 1648 3681 1700 τῶι·

2085 1737 2352 1805 θλίψεων
2382 1736 2677 1805 ἐρῤὐσατό
2705 1754 2802 1806 με,
2849 1738 2969 1807 οὐχ),
3005 1736 3080 1809 μὴ
3112 1735 3214 1789 ἑῶν
3258 1754 3323 1807 με
3358 1736 3678 1798 θλίϐεσθαι,

404 1846 512 1886 non
550 1830 715 1896 sinat,
747 1827 839 1882 sed
882 1828 1024 1899 quod
1074 1842 1197 1882 cum
1249 1827 1551 1882 tentatione
1588 1828 1792 1883 exitum
1819 1827 1977 1883 etiam

2086 1804 2219 1881 ἀλλά
2257 1829 2353 1881 σὺν
2507 1804 2796 1899 πειρασμῷ
2832 1804 3080 1899 καιτῆνῑ
3104 1804 3350 1891 ἔκϐασιν,
3389 1828 3495 1881 τοῦ
3526 1828 3676 1881 δύνα-

403 1920 665 1991 przebeat,
694 1918 828 1972 adeo
845 1928 903 1971 ut
935 1917 1075 1971 ferre
1094 1917 1300 1971 valeam
1324 1917 1390 1972 “.
1419 1917 1605 1989 (Vens.
1641 1917 1719 1990 6.)
1748 1919 1985 1973 Accedite

401 2011 471 2063 ad
502 2026 641 2073 eum,
671 2017 719 2061 et
749 2007 1158 2072 illumiuamini;
1202 2018 1249 2060 et
1295 2006 1457 2076 facies
1496 2019 1679 2063 vestra:
1715 2025 1817 2062 non
1859 2026 1985 2063 con-

400 2102 712 2172 fundentur.
745 2100 847 2168 Qui
893 2098 947 2153 in
995 2098 1237 2154 tenebris
1269 2108 1324 2154 et
1356 2099 1411 2154 iu
1453 2101 1644 2155 umbra
1684 2102 1873 2155 mortis
1905 2117 1985 2155 sc-

400 2195 548 2259 dent,
582 2207 677 2248 eos
720 2191 972 2247 hortatur
1002 2200 1061 2244 ut
1094 2190 1160 2245 ad
1209 2189 1497 2245 Dominum
1545 2192 1891 2258 accedant",
1920 2207 1984 2248 ac

399 2285 566 2340 radiis
611 2282 911 2337 divinitatis
953 2282 1121 2351 ipsius
1158 2282 1615 2352 appropinquent,
1653 2291 1710 2336 ut
1763 2299 1828 2337 ex
1882 2301 1981 2355 ap-

397 2375 849 2450 propinquatione
896 2389 992 2446 per
1027 2374 1312 2428 veritatem
1353 2374 1632 2440 illustrati,
1668 2376 1981 2431 illustratio-

397 2487 522 2529 nem
548 2470 668 2541 ejus
707 2484 804 2539 per
835 2467 1066 2538 gratiam
1118 2466 1172 2522 in
1206 2481 1265 2522 se
1308 2467 1454 2537 ipsos
1510 2467 1793 2538 recipiant.
1828 2467 1981 2522 Sicut

320 2577 329 2584 ‘
395 2561 538 2619 enim
569 2562 683 2615 haec
711 2559 800 2613 lux
830 2558 1101 2614 sensibilis
1124 2574 1226 2613 non
1252 2558 1501 2613 omnibus
1524 2559 1772 2614 similiter
1795 2561 1976 2614 exori-

396 2663 502 2716 tur,
523 2653 614 2710 scd
634 2654 697 2707 iis
714 2653 804 2722 qui
823 2652 1019 2708 habent
1038 2651 1239 2719 oculos,
1257 2649 1413 2722 147
1433 2652 1780 2722 vigilantque,
1801 2654 1981 2709 etsiue

400 2745 510 2800 ullo
543 2744 928 2815 impedimento
974 2742 1106 2796 solis
1145 2743 1435 2812 praesentia
1471 2743 1573 2797 frui
1599 2756 1832 2813 possunt
1860 2762 1873 2798 :
1904 2747 1978 2800 ita

394 2839 558 2894 etiam
590 2835 816 2907 justitize
842 2835 920 2890 sol
944 2834 1010 2900 ³⁸,
1052 2833 1190 2889 Vera
1238 2835 1354 2901 lux,
1406 2852 1523 2905 quae
1572 2837 1839 2890 illuminat
1874 2854 1981 2892 om-

396 2947 512 2985 nent
563 2928 827 2983 hominem
882 2927 1170 2982 venientem
1204 2928 1260 2981 in
1305 2929 1444 2981 [tunc
1498 2930 1838 2996 mundum",
1872 2945 1976 2985 non

394 3022 649 3077 omnibus
690 3019 1035 3091 splendorem
1081 3034 1239 3074 suum
1286 3018 1538 3089 largitur,
1599 3020 1694 3074 sed
1743 3020 1848 3086 iis,
1884 3022 1975 3091 qui

395 3115 614 3186 dignam
662 3114 779 3184 ipso
822 3113 989 3169 vitam
1023 3115 1244 3182 degunt.
1276 3110 1397 3165 Lua:
1425 3113 1586 3177 enim,
1619 3113 1815 3182 inquit,
1857 3124 1972 3167 orta
2004 3150 2050 3211 Ο

392 3221 490 3276 est,
524 3224 628 3263 non
666 3207 965 3279 peccatori,
1016 3208 1109 3261 sed
1143 3209 1292 3275 justo
1312 3204 1378 3259 “.
1414 3204 1484 3260 Ut
1512 3206 1656 3259 enim
1700 3216 1853 3261 ortus
1892 3217 1974 3261 est

394 3298 498 3363 sol,
536 3297 630 3351 sed
677 3312 784 3350 non
834 3295 1332 3365 vespertilionibus,
1366 3308 1466 3348 nec
1497 3295 1619 3349 aliis
1648 3296 1975 3352 animalibus

393 3396 558 3444 noctu
614 3386 681 3441 ad
731 3386 984 3456 pabulum
1035 3385 1421 3455 prodeuntibus
1450 3402 1467 3437 :
1504 3385 1575 3439 ita
1620 3402 1832 3456 quoque
1882 3387 1970 3442 lux

393 3493 493 3534 sua
522 3476 741 3546 quidem
786 3484 978 3530 natura
1019 3474 1297 3546 splendida
1329 3486 1439 3542 est,
1467 3492 1530 3532 ac
1559 3476 1610 3530 vi
1636 3477 1971 3533 illuminandi

390 3568 651 3645 prazdita;
680 3583 783 3623 non
819 3578 996 3622 tamen
1025 3583 1215 3623 omnes
1240 3568 1506 3625 claritatis
1535 3571 1652 3640 ejus
1687 3572 1987 3641 participes.

392 3670 542 3720 sunt.
582 3662 673 3716 Sic
702 3671 757 3716 et
788 3659 972 3717 Omnis
1019 3661 1111 3731 qui
1160 3660 1303 3714 mala
1351 3662 1506 3732 facit,
1553 3662 1663 3715 odit
1705 3661 1893 3724 lucem,
1924 3671 1973 3716 et

390 3771 498 3810 non
567 3754 705 3807 venit
767 3754 836 3806 ad
905 3753 1074 3807 lucem
1131 3766 1187 3806 ut
1245 3769 1350 3806 non
1403 3752 1807 3822 manifestentur
1858 3755 1972 3823 ejus

391 3847 551 3915 opera
568 3845 636 3899 ".
657 3845 903 3899 Accedite
930 3845 1092 3914 igitur
1107 3843 1177 3897 ad
1203 3859 1319 3897 eum
1338 3852 1385 3897 et
1407 3843 1804 3907 illuminamini,
1821 3855 1866 3898 et
1885 3846 1973 3915 [a-

391 3937 495 3990 cies
526 3945 711 3991 vestra:
749 3951 853 3986 non
894 3933 1307 4003 confundentur.
1358 3930 1581 4001 Beatus,
1636 3934 1726 4003 qui
1779 3934 1834 3987 in
1886 3935 1974 3989 die

387 4027 520 4098 justi
571 4024 758 4094 judicii
798 4026 911 4091 Dei,
945 4042 1068 4079 cum
1094 4027 1306 4080 venerit
1340 4026 1601 4080 Dominus
1651 4028 1715 4078 ad
1773 4025 1970 4079 illumi-

392 4120 626 4174 nandum
669 4118 983 4172 abscondita
1028 4117 1397 4183 tenebrarum,
1431 4126 1487 4171 et
1517 4116 1970 4170 manifestandum

391 4210 616 4266 consilia
652 4211 896 4265 cordium
917 4209 986 4275 “,
1017 4223 1181 4265 ausus
1198 4209 1362 4264 fuerit
1400 4210 1548 4264 illam
1590 4210 1856 4264 examinis
1890 4210 1972 4264 Ιιιο

391 4318 508 4358 cem
551 4304 753 4368 subire,
796 4318 859 4357 ac
886 4317 1140 4358 reversus
1165 4302 1329 4356 fuerit
1368 4319 1472 4358 non
1506 4304 1872 4373 pudibundus,
1905 4317 1969 4357 ex

388 4409 457 4451 eo
486 4396 627 4466 quod
663 4394 1053 4450 conscientiam
1091 4395 1275 4464 pravis
1330 4395 1586 4464 operibus
1629 4394 1971 4449 contamina-

2087 1918 2210 1973 σθαι
2268 1920 2378 1992 (75)
2444 1921 2806 1989 ὑπενεγκεῖν,
2868 1918 3243 1991 χαριζόμενος.
3295 1919 3677 1988 Προσέλθετε

2085 2012 2470 2081 πρύςιιὺτόν,
2528 2011 2626 2066 καὶ
2679 2013 3047 2081 φωτίσθητε·
3101 2011 3197 2065 καὶ
3247 2010 3323 2064 τὰ
3374 2014 3675 2080 πρόσωπα

2083 2100 2249 2171 ὑμῶν
2305 2104 2377 2156 οὐ
2425 2104 2511 2172 μὴ
2556 2086 2994 2170 καταισχυνθῇ.
3045 2102 3174 2166 Τοῖς
3229 2098 3583 2173 καθημένοις
3622 2105 3675 2156 ὲν

2084 2196 2267 2248 σκότει
2284 2194 2377 2247 καὶ
2392 2196 2519 2265 σκιᾷ
2544 2193 2795 2257 Θανάτου,
2825 2196 3033 2258 τούτοις
3049 2193 3500 2265 παρακελεύεται
3523 2212 3676 2268 προσο

2083 2286 2257 2340 ελθεῖν
2288 2285 2365 2357 τῷ
2420 2287 2635 2359 Κυρίῳ,
2663 2285 2756 2339 καὶ
2783 2286 2996 2354 ἐγγίσαι
3024 2285 3187 2338 αὑτοῦ
3211 2290 3336 2350 ταῖς
3362 2287 3561 2340 ἀκτῖσι
3584 2285 3674 2356 τῆς

2082 2379 2353 2451 θεότητος,
2379 2380 2467 2443 ἵν’,
2496 2383 2559 2433 ὲκ
2588 2380 2681 2433 τοῦ
2721 2377 3128 2449 προσεγγισμοῦ
3158 2378 3578 2449 ὲλλαμφθέντες
3611 2383 3668 2449 τῇ

2082 2471 2331 2543 ἀληθείᾳ,
2363 2472 2549 2544 χάριτι
2576 2472 2665 2525 τὸν
2686 2471 2795 2543 (76)
2831 2471 3107 2541 φωτισμὸν
3132 2471 3299 2525 αὑτοῦ
3332 2475 3420 2536 είς
3452 2474 3667 2535 ἑαυτοὺς

2080 2564 2426 2636 χωρήσωσιν.
2465 2564 2676 2635 ’Ὥσπερ
2722 2564 2830 2634 γὰρ
2868 2563 2927 2616 τὸ
2969 2562 3222 2634 αἰσθητὸν
3246 2563 3420 2617 τοῦτο
3463 2566 3584 2636 φῶς
3614 2566 3667 2616 οὗ

2081 2656 2247 2709 πᾶσιν
2278 2656 2479 2726 ὁμοίως
2515 2655 2827 2719 ἀνατέλλει,
2880 2654 3015 2708 ἀλλά
3048 2658 3159 2718 τοῖς
3203 2654 3431 2725 ἔχουσιν
3478 2656 3668 2725 oebal-

2084 2748 2237 2818 μοὺς,
2276 2748 2368 2800 καὶ
2416 2747 2778 2818 ἐγρηγορόσι,
2831 2748 2924 2801 καὶ
2967 2749 3059 2801 ὑπ’
3085 2748 3301 2811 οὐδενὸς
3344 2749 3670 2821 κωλύματος

2080 2836 2372 2889 ἀπολαύειν
2402 2836 2716 2907 δυναμένοις
2743 2837 2843 2906 τῆς
2872 2836 2964 2889 τοῦ
2992 2837 3143 2908 ἡλίου
3176 2838 3667 2908 ἐπιδημίας-ὀὓτω

2080 2931 2175 2984 καὶ
2206 2933 2234 2983 ὁ
2266 2930 2365 3001 τῆς
2398 2929 2746 2998 δικαιοσύνης
2782 2929 2951 3001 ἥλιος,
3000 2930 3071 2985 Τὸ
3107 2931 3412 2997 ἀληθινὸν
3452 2931 3599 3001 ςὲὧς,
3638 2930 3666 2983 ὃ

2078 3021 2306 3092 φωτίζει
2329 3021 2527 3074 πάντα
2581 3021 2898 3090 ἄνθρωπον
2928 3022 3254 3092 ἐρχόμενον
3282 3026 3373 3088 εἰς
3421 3025 3537 3077 τὸν
3565 3024 3659 3076 κέ·

2078 3128 2257 3182 σ’μον,
2274 3113 2333 3166 οὐ
2353 3113 2485 3165 πᾶσι
2501 3111 2598 3182 τὴν
2625 3111 2818 3164 ἑαυτοῦ
2839 3112 3175 3183 φαιδρότητα
3197 3113 3520 3185 χαρίζεται,
3541 3112 3665 3167 ἀλλὰ

2078 3208 2189 3267 τοῖς
2226 3201 2390 3267 ἀξίως
2417 3203 2580 3255 αὑτοῦ
2612 3203 3066 3274 πολιτευομένοις.
3101 3205 3229 3272 Φῶς
3266 3207 3382 3274 γὰρ
3405 3249 3423 3269 ,
3478 3207 3660 3278 φησιν,

2077 3294 2402 3358 ἀνέτειλεν,
2428 3294 2548 3365 οὐχ).
2577 3294 2655 3365 τῷ
2682 3294 3008 3366 ἁμαρτωλῷ,
3034 3296 3167 3349 ἀλλά
3194 3295 3276 3361 τῷ
3304 3296 3547 3366 δικαίῳ.
3587 3298 3664 3360 Ὠς

2077 3388 2185 3459 γὰρ
2214 3386 2451 3440 ἀνέτειλε
2485 3386 2583 3457 μὲν
2609 3388 2637 3438 ὁ
2674 3387 2845 3456 ἥλιος,
2881 3387 2996 3441 ἀλλ’
3020 3389 3139 3458 οὐχὶ
3164 3387 3276 3457 (77)
3319 3392 3449 3454 ταῖς
3480 3407 3659 3444 νυκτε-

2079 3482 2240 3554 ρίσιν,
2273 3480 2391 3533 οὐδὲ
2422 3482 2531 3543 τοῖς
2564 3479 2741 3543 ἄλλοις
2771 3479 2930 3544 ζώοις
2958 3484 3072 3543 τοῖς
3101 3483 3460 3552 νυκτινόμοις
3483 3501 3498 3514 ο
3531 3482 3661 3536 οὕτω

2076 3570 2255 3624 καὶτὸ
2295 3568 2409 3638 φῶς
2436 3572 2501 3641 τῇ
2541 3570 2641 3640 μὲν
2692 3569 2887 3622 ἑαυτοῦ
2919 3570 3079 3639 φύσει
3107 3570 3364 3642 λαμπρόν
3410 3576 3535 3626 ἐστι
3576 3572 3659 3627 καὶ

2077 3658 2490 3731 φαιδρυντικόν’
2544 3658 2605 3711 οὐ
2641 3657 2844 3721 πάντες
2888 3658 2945 3711 δὲ
2984 3658 3149 3712 αὑτοῦ
3180 3660 3280 3730 τῆς
3315 3659 3659 3733 λαμπηδόνος

2079 3749 2609 3821 μεταλαμϐάνουσιν.
2639 3747 2797 3801 Οὕτω
2815 3748 2907 3801 καὶ
2929 3748 3053 3813 Πᾶς
3072 3752 3105 3802 ὁ
3136 3748 3209 3802 τὰ
3233 3751 3453 3818 φαῦλα
3477 3750 3660 3821 πράσ-

2075 3857 2205 3894 σων
2220 3839 2393 3910 μισεῖ
2418 3840 2486 3894 τὸ
2521 3839 2666 3909 φῶς,
2700 3839 2798 3893 καὶ
2830 3842 2941 3893 οὐκ
2979 3841 3212 3908 ἔρχεται
3234 3842 3392 3910 πρὸς
3414 3844 3490 3897 τὸ
3522 3843 3656 3914 φῶς,

2074 3931 2176 3984 ἵνα
2201 3930 2288 4000 μὴ
2319 3929 2633 3999 φανερωθῇ
2664 3927 2852 3983 αὐτοῦ
2881 3930 2954 3984 τὰ
2967 3930 3128 3999 ἔργα.
3150 3932 3537 3999 Προσὲλθετε
3558 3927 3660 3986 οὖν

2075 4022 2227 4091 πρὸς
2254 4022 2441 4075 αὐτὸν
2462 4022 2559 4075 καὶ
2585 4023 2941 4090 φωτίσθητε,
2962 4021 3060 4077 καὶ
3083 4022 3154 4075 τὰ
3178 4023 3487 4089 πρόσωπα
3505 4023 3659 4093 ὑμῶν

2074 4118 2147 4169 οὐ
2166 4115 2252 4185 μὴ
2284 4112 2719 4183 καταισχυνθῇ.
2752 4115 3039 4186 Μακάριος
3076 4117 3104 4167 ό
3145 4115 3204 4167 ὲν
3231 4117 3295 4185 τῇ
3344 4116 3536 4188 ἡμέρᾳ
3569 4115 3657 4183 τῆς

2074 4206 2474 4278 δικαιοκρισίας
2496 4205 2590 4258 τοῦ
2618 4204 2777 4270 Θεοῦ,
2810 4206 2938 4259 ὅταν
2979 4204 3108 4278 ἔλθῃ
3137 4206 3164 4257 ὁ
3189 4205 3402 4276 Κύριος
3432 4207 3655 4275 φωτίσαι

2072 4297 2140 4349 τὰ
2173 4296 2393 4367 κρυπτά
2417 4296 2510 4349 τοῦ
2547 4294 2794 4360 σκότους,
2834 4296 2928 4349 καὶ
2966 4294 3278 4366 φανερῶσαι
3329 4296 3436 4359 τὰς
3475 4294 3655 4368 βουλὰς

2072 4388 2181 4441 τῶν
2198 4388 2456 4461 καρδιῶν,
2470 4388 2748 4459 τολμήσας
2767 4388 2872 4442 ὑπὸ
2892 4388 2952 4441 τὸ
2965 4386 3081 4456 φῶς
3097 4388 3270 4439 ἐκεῖνο
3287 4386 3401 4439 τῶν
3428 4386 3652 4457 ἐλέγχων

390 4496 502 4546 tam
551 4504 655 4545 non
695 4488 912 4542 habeat.
942 4486 1045 4553 Qui
1088 4486 1233 4540 enim
1276 4489 1415 4541 mala
1448 4497 1756 4558 patrarunt,
1790 4489 1840 4540 in
1876 4504 1973 4555 op-

2081 4480 2367 4549 γενὲσθαι,
2421 4480 2517 4533 καὶ
2568 4479 2877 4534 ἐπανελθὼν
2937 4478 3372 4547 ἀνεπαίσχυντος
3425 4479 3542 4548 (78)
3588 4474 3652 4544 τῷ

390 4582 668 4651 probrium
717 4595 783 4634 ac
834 4577 1205 4634 confusionem
1261 4588 1572 4648 resurgent,
1611 4577 1664 4631 in
1718 4592 1776 4631 se
1835 4576 1967 4645 ipsis

390 4673 780 4743 turpitudinem
816 4679 869 4725 et
905 4669 1109 4724 formas
1160 4678 1505 4738 peccatorum
1554 4670 1846 4736 impressas
1887 4668 1970 4721 in-

388 4763 702 4835 spicientes.
738 4760 803 4814 Et
821 4758 1071 4815 fortassis
1093 4773 1155 4813 ea
1179 4757 1445 4823 confusio,
1472 4758 1525 4811 in
1561 4773 1668 4827 qua
1706 4768 1965 4812 aeternum

388 4857 574 4913 vivent
598 4862 937 4925 peccatores,
970 4851 1241 4906 horrenda
1266 4858 1353 4906 est
1387 4850 1583 4917 magis,
1615 4866 1777 4918 quam
1816 4858 1967 4902 tene-

461 4991 714 5048 “Matth.
738 5007 835 5054 vn,
861 4991 948 5046 M.
1025 4990 1069 5021 ⁸²
1107 4989 1249 5044 Psal.
1279 5004 1465 5053 sum,
1499 4986 1588 5042 20.
1666 4989 1711 5020 ³³
1733 4988 1776 5041 ll
1808 4988 1933 5043 Cor.
1965 5003 2039 5049 Iv,

461 5103 480 5114 .
555 5062 599 5095 ³⁷
631 5061 764 5114 Luc.
797 5078 838 5114 ι.
867 5061 956 5114 79.
1035 5060 1080 5092 ³⁸
1105 5059 1334 5114 Malach.
1388 5075 1460 5114 ιν.
1500 5059 1554 5112 2.
1632 5058 1676 5090 ³⁸
1705 5057 1861 5114 Joan.
1898 5074 1935 5114 I.
1973 5058 2027 5111 9.

389 5064 480 5120 15.
555 5062 599 5095 ³⁷
631 5061 764 5118 Luc.
797 5078 838 5127 ι,
867 5061 956 5117 79.
1035 5060 1080 5092 ³⁸
1105 5059 1334 5115 Malach.
1388 5075 1460 5125 ιν,
1500 5059 1554 5112 2.

458 5180 571 5249 (74)
602 5179 744 5235 Editi
787 5187 843 5233 et
874 5178 1008 5248 Reg.
1036 5185 1265 5245 quartus
1297 5186 1375 5249 et“
1396 5176 1551 5249 (Iolb.
1596 5177 1888 5249 septimus
1914 5175 1965 5226 εί

437 5247 493 5374 3'.
524 5245 592 5304 At
619 5250 842 5335 deestel
876 5245 1141 5329 inumultis
1172 5263 1301 5302 mss.
1340 5247 1542 5330 ibidem
1576 5245 1728 5331 ‘Reg.
1761 5245 1961 5326 tertius

525 5318 776 5374 θλίψεως.
809 5322 1005 5373 blattm
1041 5316 1174 5374 Reg.
1230 5327 1422 5371 tertius
1466 5328 1517 5369 et
1551 5315 1703 5370 Lolb.
1740 5325 1961 5374 qumtus

479 5290 493 5303 .
524 5268 592 5304 At
619 5268 773 5305 0685!.
794 5268 842 5301 ει
876 5268 926 5303 In
959 5268 1141 5301 ItlUIlls
1172 5268 1301 5302 tltss.
1340 5268 1542 5302 mtuet"
1595 5268 1728 5313 “eg.
1763 5268 1961 5297 wl'uus

525 5318 776 5390 θλίψεως.
809 5320 1005 5390 Statim
1041 5316 1174 5385 Reg.
1218 5318 1422 5390 tertius
1466 5315 1963 5390 et_Colb._quintus

386 5386 479 5445 οὖν
511 5386 878 5460 τῶνθλίψεών
913 5404 1035 5460 μου.
1100 5392 1169 5440 At
1199 5389 1351 5442 deest
1395 5403 1495 5457 μου
1529 5387 1583 5440 in
1616 5386 1797 5439 multis
1833 5399 1961 5438 mss.

387 5469 444 5512 et
470 5461 523 5513 in
557 5461 733 5515 editis.

461 5528 574 5601 (75)
605 5529 784 5601 Editio
812 5528 984 5584 Paris.
1008 5528 1084 5600 τῷ
1111 5527 1396 5601 δύνασθαι..
1425 5527 1532 5601 Sed
1558 5536 1793 5597 quatuor
1824 5539 1957 5581 mss.

388 5596 613 5668 perinde
649 5609 814 5668 atque
838 5609 1015 5654 textus
1044 5596 1199 5655 sacer
1220 5596 1314 5651 τοῦ
1338 5596 1622 5668 δύνασθαι.

461 5665 571 5737 (76)
604 5664 896 5737 Golbertini
928 5670 1134 5737 primus
1164 5677 1426 5737 etsextus
1456 5683 1578 5721 cum
1614 5665 1748 5737 Reg.
1795 5664 1957 5721 tertio

388 5734 788 5806 ὲλλαμφθέντες
824 5734 1062 5809 ’τῇ’τῆς
1115 5736 1372 5809 ἀληθείας
1422 5737 1625 5808 χάριτι,
1677 5736 1789 5805 τόν⁹
1826 5746 1954 5802 ctc.,

2076 4571 2376 4637 ἀμόλυντον
2412 4568 2552 4640 ἔχειν
2582 4569 2644 4622 τὸ
2668 4570 2906 4633 συνειδὸς
2933 4569 3041 4622 ἀπὸ
3071 4566 3325 4638 πονηρῶν
3367 4568 3566 4640 ἔργων.
3597 4567 3648 4619 ΟΞ

2074 4663 2183 4734 γὰρ
2209 4662 2275 4715 τὰ
2304 4661 2484 4731 φαῦλα
2508 4662 2815 4733 πράξαντες
2844 4664 2924 4726 είς
2950 4658 3252 4730 ὀνειδισμὸν
3274 4661 3377 4712 καὶ
3402 4660 3648 4732 αἰσχύνην

2072 4754 2499 4823 ἀναστήσονται,
2541 4751 2836 4824 ἐνορῶντες
2877 4753 2935 4805 ὲν
2982 4752 3194 4814 ἑαυτοῖς
3233 4750 3297 4804 τὸ
3338 4747 3535 4823 αἶσχος
3568 4748 3647 4803 καὶ

2072 4847 2196 4908 τοὺς
2234 4845 2440 4909 τύπους
2471 4845 2580 4898 τῶν
2621 4844 3045 4918 ἡμαρτημένων.
3084 4845 3193 4898 Καὶ
3231 4843 3383 4915 τάχα
3418 4844 3647 4916 φοϐερω-

2069 4986 2122 5039 8.
2201 4986 2247 5017 ³⁸
2273 4988 2393 5040 Act.
2430 5001 2539 5047 xw,
2584 4986 2678 5040 2i.
2760 4985 2805 5017 ³⁸
2839 4985 2996 5040 Rom.
3024 5001 3079 5048 v,
3117 4985 3171 5052 5,
3198 4985 3253 5039 4.
3331 4986 3381 5019 ³⁸
3406 4984 3641 5047 ICor.x.

2106 5057 2150 5087 ἰο
2183 5056 2324 5111 Psal.
2347 5072 2491 5117 XCVI.
2518 5057 2609 5110 ll.
2686 5056 2730 5089 “
2754 5055 2912 5111 Joan.
2941 5072 3025 5122 ιιι,
3061 5055 3149 5110 ‘20.
3228 5056 3273 5086 δ’
3298 5055 3322 5110 Ι
3348 5057 3480 5112 Cor.
3504 5072 3574 5122 tv,
3594 5056 3641 5110 5.

2076 5173 2312 5242 veritatis
2346 5173 2518 5239 gratia
2544 5173 2824 5228 illustrati.
2853 5172 2926 5242 At
2951 5171 3081 5227 editi
3114 5185 3238 5226 eum
3274 5170 3474 5242 majori
3509 5179 3643 5242 parte

2072 5241 2639 5314 ιιιδξηελλαμφθέντες
2666 5245 2731 5313 τῇ
2759 5241 3013 5314 ἀληθᾴᾳ,
3039 5242 3223 5314 χάριτι
3249 5241 3370 5314 τόν,
3398 5253 3511 5314 etc.

2147 5311 2260 5383 (77)
2300 5306 2383 5383 ιιιι
2423 5306 2657 5383 quatuor
2705 5306 2862 5367 'inss:
2908 5306 3089 5366 Editiu
3117 5306 3279 5383 ’νει-ο
3330 5312 3511 5367 Paris.

2068 5378 2315 5452 οὐζιΙΙιιιι
2363 5378 2508 5451 quod
2541 5399 2663 5437 mox
2720 5384 2991 5452 sequitur,
3030 5382 3439 5452 φαιδρυντικόν,
3481 5378 3641 5452 dupli—

2069 5467 2185 5505 cem
2228 5448 2417 5536 .ltabet_
2444 5448 2901 5536 intelligentiam.
2956 5448 3090 5505 Nam
3124 5448 3234 5504 vim
3288 5448 3638 5512 illumiuaudi,

2069 5532 2161 5576 aut
2191 5520 2298 5574 vim
2333 5520 2670 5576 exhilarandi
2703 5522 3022 5591 significare
3055 5531 3258 5590 potest.

2140 5591 2264 5661 (78‘,
2300 5585 2879 5666 Scriptumjpven'itur
2900 5593 2951 5645 in
2989 5585 3236 5666 margine
3264 5590 3403 5662 Reg.
3433 5585 3636 5666 secundi

2065 5659 2531 5734 ἀνεπαίσχύντως.
2585 5661 2708 5720 Mox
2753 5672 2986 5734 quatuor
3010 5659 3143 5719 mss'.
3186 5659 3426 5727 ἑαυτοῖς.
3478 5659 3639 5717 Editio

2065 5730 2137 5786 Pa
2147 5733 2236 5788 ris.
2267 5732 2474 5796 αὐτοῖς.
