3818 6220
186 289 321 348 561

1357 307 1647 366 HOMILIA
1686 310 1748 365 IN
1792 310 2127 369 PSALMUM
2163 313 2405 370 XXXIII.

3381 311 3487 366 362

188 411 356 483 τέρα
373 413 469 507 τού
490 414 714 482 σκότους
736 420 829 473 καὶ
854 420 947 475 τοῦ
968 423 1140 495 πυρὸς
1162 424 1256 479 τοῦ
1280 429 1505 484 αἰωνίου
1523 433 1556 503 ή
1577 432 1807 503 αἰσχύνη

1916 435 2023 489 brae
2047 444 2100 489 et
2132 435 2273 507 ignis
2287 446 2544 501 aeternus,
2573 449 2695 489 cum
2735 434 2962 505 vestigia
2992 432 3214 489 admissi
3246 433 3298 486 in
3322 447 3487 488 carne

194 503 402 568 ἐστὶν,
436 499 469 580 ᾖ
506 507 760 577 μέλλουσι
805 512 1225 581 συνδιαιωνίζειν
1254 520 1304 572 οἱ
1338 499 1805 594 ἁμαρτωλοὶ,νάεὶ

194 596 272 687 ὲν
313 596 616 670 ὀφθαλμοῖς
653 601 870 673 ἔχοντες
908 606 978 661 τὰ
1024 607 1143 679 ἴχνη
1181 610 1282 682 τῆς
1320 612 1380 665 ἐν
1417 616 1582 686 σαρκὶ
1620 617 1806 687 ἁμαρ-

194 686 363 780 τείας,
397 692 559 744 οἱονεί
585 710 729 758 τινος
761 696 937 769 βαφῆς
976 696 1333 769 ἀνεκπλύτοῦ,
1367 708 1433 777 τῇ
1480 709 1668 780 μνήμῃ
1707 710 1806 780 τῆς

195 775 403 849 ψυχῆς
427 781 608 835 αὐτῶν
634 786 715 850 είς
758 787 819 840 τὸ
848 788 1099 861 διηνεκὲς
1140 775 1548 865 παραμένοντα.
1573 775 1804 867 λολίγων

196 868 270 921 δέ
310 871 426 923 ἐστι
450 872 509 924 τὸ
545 876 864 945 προσελθεῖν
890 879 967 951 τῷ
987 883 1127 950 φωτὶ
1156 884 1236 955 τῷ
1264 886 1522 959 ἀληθινῷ,
1557 891 1651 943 καὶ
1673 891 1807 943 ἀπο-

202 959 481 1054 αιαλύφαι,
512 964 604 1017 καί¹
627 967 764 1036 μετὰ
789 969 887 1041 τὴν
914 972 1256 1044 ἀποκάλυψιν
1278 978 1385 1031 τῶν
1417 980 1696 1050 κρυπτῶν,
1729 982 1803 1054 μὴ

201 1049 476 1105 ἀπελθεῖν
506 1055 891 1125 αἰσχυνθέντας
923 1062 992 1114 τὰ
1025 1064 1311 1134 πρόσωπα.
1364 1064 1369 1069 ’

289 1141 349 1196 5.
377 1140 563 1212 Οὗτος
593 1152 625 1201 ό
650 1152 887 1220 πτωχὸς
907 1153 1212 1223 ἐκέχραξε,
1235 1160 1333 1213 καὶ
1359 1163 1391 1213 ὀ
1431 1163 1645 1229 Κύριος
1683 1167 1806 1218 είσ-
1865 1220 1871 1227 ,

202 1232 492 1300 ἤκουσεν
515 1241 724 1295 αὐτοῦ.
760 1244 874 1297 Οὐκ
905 1246 994 1299 ἀεὶ
1041 1249 1300 1321 ἐπαινετὴ
1322 1253 1354 1318 ὴ
1396 1255 1659 1325 πτωχεία.
1690 1258 1804 1310 ἀλλ’

206 1327 250 1396 ή
289 1328 357 1379 ἐκ
384 1332 755 1401 προαιρέσεως
785 1336 926 1390 κατὰ
959 1338 1049 1391 τὸν
1066 1340 1427 1409 εύαγγελικὸν
1448 1346 1651 1400 σκοπὸν
1670 1366 1803 1401 κατ-

206 1418 548 1510 ορθουμὲνη.
598 1424 791 1479 Πολλοὶ
853 1429 963 1499 γὰρ
992 1432 1199 1502 πτωχοὶ
1247 1433 1346 1504 μὲν
1379 1439 1444 1507 τῇ
1494 1440 1802 1510 περιουσίᾳ,

208 1507 738 1568 πλεονεκτικώτατοι
766 1516 821 1570 δὲ
855 1522 920 1590 τῇ
958 1524 1272 1593 προαιρέσει
1302 1528 1684 1596 τυγχάνουσιν·
1712 1532 1805 1597 οὓς

205 1601 321 1671 οὐχ
361 1604 393 1673 ἡ
425 1603 601 1658 ἔνδεια
646 1607 831 1676 σώζει,
868 1613 982 1665 ἀλλ’
1015 1617 1048 1686 ἡ
1098 1619 1420 1688 προαίρεσις
1462 1625 1802 1695 κατακρίνει.

208 1694 296 1747 Οὐ
331 1695 504 1750 τοίνυν
527 1698 555 1750 6
582 1700 766 1771 ἐνδεὴς
796 1704 1013 1791 πάντως
1046 1709 1403 1779 μακαριστὸς,
1437 1712 1552 1765 ἀλλ’
1573 1716 1601 1767 6
1625 1722 1806 1786 κρείτ-

1914 527 2125 594 peccati
2170 529 2221 580 in
2279 528 2498 581 modum
2548 525 2850 582 indelebilis
2904 525 3184 593 cujusdam
3236 525 3488 580 tinctura

1907 633 2124 687 semper
2165 621 2276 674 sint
2323 619 2560 675 habituri
2611 622 2680 674 ob
2720 619 2906 674 oculos
2934 636 2946 671 :
2973 633 3094 687 quae
3132 628 3393 688 perpetuo
3433 617 3485 671 in

1906 709 2104 764 animae
2135 724 2322 764 eorum
2370 711 2634 766 memoria
2671 725 3029 781 permansura
3082 718 3229 764 sunt.
3281 708 3491 763 Pauco-

1911 817 2029 856 rum
2074 812 2258 857 autem
2285 813 2369 858 est
2410 803 2672 858 accedere
2701 804 2768 858 ad
2800 818 2981 857 veram
3017 801 3213 863 lucem,
3238 816 3301 855 ac
3332 814 3488 855 reve-

1908 894 2041 958 lare,
2087 905 2143 950 et
2188 906 2311 964 post
2368 895 2709 951 occultorum
2779 895 3155 952 °evelationem
3207 893 3347 949 facie
3379 908 3486 948 non

1907 986 2133 1039 confusa
2163 985 2336 1040 abire.

1976 1164 2030 1219 5.
2076 1162 2238 1218 Vsus.
2281 1162 2336 1217 7.
2405 1162 2511 1217 Hic
2561 1180 2760 1233 pauper
2819 1162 3103 1224 clamauit,
3139 1171 3187 1216 et
3229 1160 3489 1218 Dominus

1906 1255 2178 1308 exaudivit
2228 1270 2364 1307 eum.
2404 1253 2520 1308 Non
2567 1270 2781 1323 semper
2829 1253 3117 1308 laudabilis
3153 1263 3235 1308 est
3260 1268 3488 1322 pauper-

1911 1358 2011 1411 tas,
2041 1346 2133 1401 sed
2164 1362 2286 1416 quas
2308 1346 2466 1416 juxta
2510 1347 2881 1416 evangelicum
2915 1344 3201 1400 consilium
3229 1360 3296 1399 ex
3320 1345 3483 1399 libera

1906 1438 2185 1495 voluntate
2212 1440 2510 1509 perﬁcitur.
2544 1439 2823 1509 Siquidem
2855 1438 3009 1492 multi
3043 1446 3172 1492 sunt
3197 1452 3484 1506 pauperes,

1909 1531 2199 1587 lacullates
2229 1532 2274 1586 si
2304 1541 2518 1601 spectes
2546 1550 2558 1586 :
2586 1542 2641 1585 at
2674 1530 2951 1600 proposito
2985 1528 3289 1582 avarissimi
3339 1538 3486 1593 sunt.

1906 1639 2044 1692 quos
2094 1640 2197 1679 non
2255 1625 2427 1680 salvat
2474 1624 2793 1694 indigentia,
2832 1621 2927 1676 sed
2974 1620 3308 1690 propositum
3358 1635 3488 1672 con-

1910 1717 2150 1769 demnat.
2187 1715 2302 1769 Non
2337 1717 2499 1787 igitur
2529 1716 2618 1785 qui
2656 1724 2795 1785 eget,
2843 1716 3101 1768 continuo
3131 1714 3326 1769 beatus
3356 1725 3490 1781 prte-

205 1802 350 1839 τονα
376 1789 721 1861 ἡγησάμενος
753 1794 860 1847 τῶν
889 1796 985 1850 τοῦ
1019 1800 1221 1870 κόσμου
1258 1802 1545 1876 θησαυρῶν
1579 1806 1676 1878 τὴν
1712 1810 1799 1862 ἐν-

1912 1807 2167 1862 dicandus
2194 1820 2296 1871 est,
2319 1784 2412 1863 sed
2447 1784 2764 1876 quiCI’tristi
2799 1809 3112 1860 marrdatum
3147 1806 3330 1861 mundi
3362 1808 3485 1861 the-

206 1876 382 1949 ⁴τολὴν
410 1879 505 1932 τοῦ
536 1883 793 1953 Χριστοῦ.
828 1886 1060 1952 Τούτους
1090 1892 1182 1944 καὶ
1212 1894 1239 1946 6
1270 1894 1472 1964 Κύριος
1508 1876 1801 1970 μακαρίζει

205 1968 424 2037 λέγων’
456 1973 747 2043 Μακάριοι
784 1980 837 2030 οἱ
872 1983 1094 2049 πτωχοὶ
1139 1983 1218 2049 τῷ
1257 1989 1580 2056 πνεύματν
1626 1968 1724 2061 ούχ
1754 1995 1801 2044 οἱ

209 2062 455 2155 πένητες
484 2068 626 2120 κατά
668 2070 766 2139 τὴν
804 2076 1139 2143 περιουσίαν,
1176 2078 1291 2131 ἀλλ’
1314 2081 1363 2133 οί
1394 2081 1492 2152 τὴν
1529 2085 1803 2155 πτωχείαν

207 2155 283 2207 ἐκ
318 2154 428 2225 (79)
445 2155 622 2229 ψυχῆς
647 2162 1020 2233 προελόμενοι.
1050 2167 1214 2220 Οὐδὲν
1242 2170 1350 2240 γὰρ
1371 2172 1479 2225 τῶν
1507 2154 1805 2248 ἀπροαιρέ-

208 2263 331 2299 των
356 2254 710 2320 μακαριστόν.
748 2256 891 2307 Διὸτι
910 2259 1057 2311 πᾶσα
1090 2259 1282 2331 ἀρετὴ,
1318 2264 1551 2332 μάλιστα
1579 2266 1635 2319 δὲ
1662 2267 1800 2340 αὕτη

353 2341 586 2407 πάντων,
608 2344 687 2415 τῷ
710 2346 820 2417 (80)
850 2351 1083 2422 ἑκουσίῳ
1098 2356 1584 2427 χαρακτηρίζεται.
1614 2357 1804 2429 Οὗτος

206 2426 335 2526 οὖν,
368 2436 560 2526 φησὶν,
598 2440 631 2491 ό
657 2441 895 2509 πτωχὸς
918 2443 1227 2511 ἐκέκραξε.
1268 2448 1615 2524 Τῇδεικτικῇ
1650 2426 1800 2526 φωνῇ

211 2521 315 2573 ἐπὶ
357 2524 447 2576 τὸν
482 2526 832 2597 πτωχεύοντα
878 2532 1019 2585 κατὰ
1061 2534 1215 2598 Θεὸν,
1251 2539 1344 2589 καὶ
1390 2521 1682 2606 πεινῶντα,
1709 2521 1804 2595 καί

207 2611 478 2681 διψῶντα,
505 2618 599 2670 καὶ
638 2622 1085 2691 γυμνητεύοντα,
1122 2628 1222 2697 τὴν
1260 2628 1499 2684 διάνοιάν
1529 2648 1621 2685 σου
1665 2652 1798 2705 προ·

212 2702 502 2757 καλεῖται·
553 2705 744 2777 Οὗτος
789 2715 822 2765 ό
867 2715 1144 2782 πτωχὸς,
1214 2722 1498 2792 μονονουχὶ
1555 2723 1804 2793 δακτύλῳ

210 2797 451 2861 δεικνύς·
486 2793 655 2865 Οὗτος
688 2805 716 2856 6
748 2805 996 2879 μαθητὴς
1028 2811 1288 2880 Χριστοῦ.
1326 2814 1561 2869 Δυνατὸν
1600 2819 1694 2871 καὶ
1723 2822 1803 2883 εἰς

210 2888 456 2980 Χριστὸν
506 2891 699 2956 ἁνάξαι
729 2895 820 2949 τὸν
856 2896 1014 2966 λόγον
1052 2900 1189 2970 (Si),
1231 2901 1311 2965 ὃς,
1346 2903 1600 2970 πλούσιος
1629 2907 1703 2961 ὢν
1736 2913 1802 2980 τῇ

212 2979 401 3050 φύσει,
444 2981 578 3036 διότι
620 2985 799 3040 πάντα
840 2989 910 3042 τὰ
946 2989 1039 3043 τοῦ
1087 2992 1299 3062 Πατρὸς
1338 2996 1502 3049 αὑτοῦ
1544 2998 1694 3064 ἐστι,
1735 2979 1803 3053 διδ

1905 1901 2083 1954 sauris
2109 1900 2386 1969 antiquius
2438 1901 2617 1955 habet.
2662 1900 2771 1954 Hos
2806 1909 2859 1953 et
2898 1899 3158 1957 Dominus
3189 1900 3378 1954 beatos
3405 1899 3488 1953 di-

1905 1989 2000 2052 cit,
2035 1989 2222 2043 dicens
2248 2006 2260 2043 :
2292 1987 2445 2042 Beati
2464 2005 2718 2058 pauperes
2749 1990 2934 2060 spiritu
2958 1988 3005 2020 “
3025 2006 3039 2055 ;
3063 2003 3169 2043 non
3198 1989 3314 2057 qui,
3344 1985 3487 2057 quod

1905 2080 1973 2133 ad
2012 2079 2301 2135 facultates
2346 2081 2565 2147 attinet,
2605 2095 2874 2149 pauperes
2907 2091 3055 2145 sunt,
3092 2081 3185 2135 sed
3228 2080 3320 2148 qui
3355 2094 3460 2147 pau

1905 2180 2169 2238 pertatem
2201 2186 2268 2225 ex
2305 2171 2488 2224 animo
2532 2171 2866 2240 selegerunt.
2904 2170 3174 2240 Quidquid
3213 2172 3356 2225 enim
3387 2184 3478 2226 τοι

1905 2260 2201 2315 luntariutn
2249 2279 2353 2316 non
2405 2271 2509 2328 est,
2538 2265 2755 2317 beatum
2801 2263 2906 2317 dici
2942 2278 3048 2317 non
3082 2273 3315 2332 oportet.
3351 2263 3485 2317 Nam

1906 2352 2079 2404 virtus
2108 2352 2310 2415 omnis,
2340 2363 2394 2405 et
2446 2353 2561 2406 haec
2594 2353 2850 2419 maxime,
2884 2352 2937 2406 in
2970 2354 3162 2421 primis
3195 2353 3364 2409 libero
3391 2370 3481 2408 ar-

1909 2443 2073 2497 bitrio
2104 2458 2204 2497 ceu
2237 2444 2559 2497 charactere
2588 2443 2898 2514 insigniter.
2939 2443 3045 2497 Hic
3071 2444 3256 2514 igitur,
3290 2445 3486 2510 inquit,

1903 2550 2103 2604 pauper
2128 2534 2398 2589 clamavit.
2434 2535 2868 2591 Demonstrativa
2912 2550 3045 2591 voce
3071 2537 3137 2590 ad
3168 2550 3482 2606 pauperem,

1904 2637 1959 2681 et
2006 2627 2357 2690 esurientem,
2402 2637 2457 2682 et
2488 2627 2785 2695 sitientem,
2814 2638 2871 2683 et
2920 2630 3123 2683 nudum
3182 2630 3484 2685 secundum

1906 2718 2096 2783 Deum,
2130 2720 2399 2789 protrahit
2426 2730 2661 2775 mentem
2687 2732 2831 2774 tuam
2862 2738 2876 2775 :
2907 2720 3010 2776 Hic
3035 2739 3252 2791 pauper,
3281 2731 3490 2777 tantum

1908 2829 2012 2865 ιιωιι
2050 2811 2219 2876 digito
2273 2812 2728 2866 ostendens:ﬂic
2763 2813 2964 2869 Christi
3014 2813 3336 2885 discipulus.
3382 2813 3489 2870 Po-

1908 2912 2014 2957 test
2046 2911 2101 2956 et
2125 2903 2191 2957 ad
2219 2902 2496 2957 Christum
2543 2902 2633 2957 hic
2682 2918 2866 2959 sermo
2900 2903 3119 2969 rel‘erri,
3155 2907 3247 2975 qui
3298 2914 3488 2960 natura

1906 2998 2057 3051 dives
2096 3012 2218 3050 cum
2253 3006 2421 3059 esset,
2453 3006 2744 3064 propterea
2798 2997 2942 3066 quod
2978 2997 3161 3051 omnia
3210 2998 3353 3052 bona
3387 2996 3491 3051 Pa-

209 3074 367 3143 ἡμᾶς
424 3075 790 3147 ἐπτώχευσεν,
845 3081 932 3135 ἵνα
976 3085 1140 3154 ἡμεῖς
1185 3089 1251 3157 τῇ
1300 3088 1509 3142 ἐκείνου
1559 3091 1804 3163 πτωχείᾳ

1912 3090 2006 3143 tris
2051 3088 2221 3156 ipsius
2257 3095 2404 3152 sunt,
2432 3095 2660 3154 pr0pter
2691 3101 2789 3140 nos
2833 3101 3040 3158 pauper
3073 3086 3247 3141 factus
3290 3094 3398 3150 est,
3430 3096 3492 3141 ut

213 3165 633 3237 πλουτήσωμεν.
656 3170 851 3240 Σχεδὸν
872 3172 981 3243 γὰρ
1011 3176 1211 3239 παντὸς
1237 3176 1401 3247 ἔργον
1423 3178 1515 3232 τοῦ
1540 3182 1806 3250 προάγονο

212 3274 311 3321 τος
342 3260 433 3311 ἐπὶ
453 3261 546 3313 τὸν
582 3266 935 3334 μακαρισμὸν
961 3267 1124 3332 αὐτὸς
1161 3266 1328 3341 ἧρξεν
1363 3274 1391 3324 6
1426 3272 1656 3344 Κύριος,
1689 3292 1835 3329 πασ-

216 3348 496 3421 ράδειγμα
527 3355 643 3415 τοῖς
667 3354 1032 3423 μανθάνουσιν
1065 3360 1253 3412 ἑαυτὸν
1272 3361 1551 3431 προ-τιθείς
1607 3365 1805 3418 Ἐπάν-

215 3458 322 3510 ηκε
357 3442 450 3494 ἐπὶ
489 3444 615 3508 τοὺς
661 3449 1068 3517 μακαρισμοὺς,
1134 3454 1228 3503 καὶ
1268 3453 1496 3506 ἕκαστον
1543 3455 1805 3522 ἐξετάσας

216 3534 492 3605 εὑρήσεις,
516 3536 598 3589 ὅτι
624 3537 888 3607 προέλαϐε
917 3541 1015 3610 τὴν
1046 3544 1109 3594 ὲκ
1142 3542 1236 3596 τοῦ
1260 3544 1419 3612 λόγου
1450 3546 1804 3606 διδασκαλίαν

214 3628 333 3690 τοῖς
359 3627 563 3699 ἔργοις.
589 3629 877 3697 Μακάριοι
905 3635 958 3685 01
983 3635 1209 3701 πραεῖς.
1251 3638 1374 3700 Πῶς
1402 3635 1493 3691 οὖν
1543 3640 1803 3711 μάθωμεν

214 3720 319 3790 τὴν
341 3722 657 3793 πραότητα;
708 3725 935 3780 Μάθετε
958 3728 1059 3781 ἀπ’
1081 3728 1248 3797 ἐμοῦ,
1279 3731 1461 3800 φησὶν,
1499 3732 1587 3785 ὅτι
1612 3735 1803 3802 πρᾶός

215 3813 338 3879 ειμι
373 3812 472 3864 καὶ
503 3815 782 3881 ταπεινὸς
814 3817 889 3885 τῇ
917 3818 1149 3887 καρδίᾳ.
1183 3822 1471 3891 Μακάριοι
1492 3827 1547 3877 οἱ
1571 3827 1804 3893 εἰρηνο-

218 3903 400 3955 ποιοί.
433 3904 530 3967 Τίς
557 3907 703 3976 ἡμᾶς
722 3906 920 3974 διδάξει
951 3910 1011 3962 τὸ
1028 3911 1126 3981 τῆς
1147 3913 1370 3983 εἰρήνης
1402 3915 1599 3982 καλόν;
1634 3918 1806 3983 Αὐτὸς

218 3995 249 4046 ὁ
267 3995 625 4065 εἰρηνοποιὸς,
647 4001 675 4051 6
706 4000 874 4052 ποιῶν
904 4003 1152 4072 εἰρήνην,
1182 4004 1277 4057 καὶ
1307 4006 1805 4062 ἀποκαταλλάσσων

217 4084 348 4148 τοὺς
382 4085 476 4139 δύο
503 4090 585 4151 εὶς
621 4088 718 4142 ’ἑνα
746 4091 932 4144 καινὸν
974 4091 1262 4163 ἄνθρωπον
1282 4111 1295 4125 ·
1325 4097 1353 4148 6
1384 4097 1806 4170 εἰρηνοποιήσας

220 4173 311 4228 διὰ
334 4174 428 4228 τοῦ
459 4176 693 4248 αἵματος
727 4179 822 4232 τοῦ
860 4181 1094 4250 σταυροῦ
1136 4182 1299 4236 αὑτοῦ
1333 4184 1443 4238 εἴτε
1489 4186 1559 4239 τὰ
1606 4189 1663 4240 ἐν
1692 4193 1806 4254 τοῖς

220 4267 471 4337 οὐρανοῖς
497 4269 608 4323 εἴτε
635 4270 703 4324 τὰ
732 4271 826 4323 ἐπὶ
850 4273 949 4342 τῆς
981 4273 1107 4341 γῆς.
1155 4274 1445 4343 Μακάριοι
1477 4281 1530 4331 οἱ
1560 4281 1803 4349 πτωχοί.

221 4359 395 4423 Δύτός
425 4361 573 4414 ἐστιν
602 4363 631 4415 6
665 4363 1007 4433 πτωχεύσας,
1041 4366 1134 4417 καὶ
1162 4365 1406 4432 κενώσας
1436 4370 1626 4423 ἑαυτὸν
1658 4372 1716 4426 ὲν
1740 4375 1804 4445 τῇ

1911 3198 2008 3236 nos
2054 3180 2200 3235 illius
2241 3185 2558 3249 paupertate
2604 3179 2996 3234 ditesceremus
3018 3179 3086 3233 δ”.
3123 3179 3335 3235 Etenim
3370 3194 3486 3233 om-

1908 3291 2029 3329 nem
2058 3272 2174 3329 fere
2201 3273 2472 3328 actionem
2500 3286 2620 3342 qua:
2645 3286 2743 3327 nos
2766 3274 2831 3325 ad
2863 3272 3258 3327 beatitudinem
3290 3286 3490 3342 provo-

1907 3375 2014 3429 cat,
2050 3364 2310 3419 Dominus
2352 3364 2466 3433 ipse
2490 3364 2803 3434 auspicatus
2843 3375 2948 3426 est,
2988 3378 3050 3418 se
3078 3364 3253 3434 ipsum
3288 3378 3489 3433 propo-

1909 3472 2044 3511 nens
2076 3455 2385 3526 excmplum
2418 3455 2772 3511 discentibus.
2818 3456 2950 3510 Redi
2981 3455 3049 3511 ad
3091 3455 3488 3521 beatitudines;

1906 3560 1963 3604 et
1992 3550 2221 3617 singulis
2245 3549 2524 3618 expensis,
2567 3564 2692 3603 eum
2719 3550 2965 3603 invenies
2996 3548 3253 3619 operibus
3281 3547 3491 3602 doctri-

1909 3657 2035 3696 nam
2070 3643 2223 3696 verhi
2280 3640 2646 3710 praevertisse.
2716 3638 2868 3694 Beati
2922 3641 3070 3694 mites
3088 3639 3157 3692 ιδ.
3209 3638 3494 3704 Quomodo

1908 3734 2072 3805 igitur
2101 3733 2455 3789 didicerimus
2491 3732 2656 3805 148
2683 3730 3191 3786 mansuetudinem?
3221 3730 3423 3784 Discite
3456 3745 3495 3785 a

1908 3845 2009 3892 me,
2039 3827 2231 3896 inquit,
2264 3828 2388 3896 quia
2427 3828 2568 3880 mitis
2596 3842 2713 3879 sum
2748 3834 2797 3878 et
2825 3824 3038 3878 humilis
3069 3824 3227 3878 corde
3249 3823 3316 3878 “.
3339 3822 3497 3878 Beati

1908 3918 2118 3987 paciﬁci
2140 3917 2209 3975 “.
2239 3916 2339 3983 Qui
2376 3931 2476 3972 nos
2508 3917 2723 3972 docebit
2754 3915 2905 3983 pacis
2942 3914 3183 3969 bonum?
3229 3912 3351 3983 Ipse
3400 3913 3492 3968 ille

1910 4011 2189 4079 pacilicus,
2221 4009 2313 4078 qui
2364 4007 2497 4063 facit
2548 4024 2759 4077 pacem,
2794 4019 2846 4062 et
2883 4007 3202 4062 recouciliat
3249 4007 3387 4062 duos
3429 4008 3487 4061 in

1911 4119 2077 4155 unum
2121 4117 2320 4156 novum
2356 4103 2628 4156 hominem
2649 4100 2725 4166 ⁴⁸;
2756 4101 2847 4170 qui
2882 4101 3190 4170 paciticavit
3237 4114 3335 4171 per
3360 4116 3493 4154 san-

1909 4195 2125 4265 guinem
2153 4194 2335 4250 crucis
2365 4208 2495 4260 suae,
2528 4204 2640 4247 tum
2682 4207 2802 4262 qua
2833 4192 2885 4246 in
2919 4192 3094 4255 ccelis,
3130 4201 3242 4246 tum
3269 4208 3392 4262 qua:
3436 4195 3492 4247 in

1911 4297 2054 4341 terra
2101 4284 2306 4340 sunt".
2333 4283 2487 4339 Beati
2513 4299 2768 4354 pauperes
2789 4281 2859 4336 ".
2892 4282 3012 4352 Ipse
3039 4292 3125 4338 est
3158 4283 3252 4353 qui
3286 4296 3493 4354 pauper

1912 4374 2104 4440 fuit,et
2126 4390 2185 4431 se
2219 4375 2394 4444 ipsum
2432 4374 2484 4428 in
2515 4373 2688 4429 forma
2711 4374 2855 4429 servi
2882 4373 3268 4441 exinanivit",
3311 4382 3369 4429 ut
3393 4388 3495 4429 nos

218 4452 318 4506 τοῦ
341 4452 529 4506 δούλου
564 4458 766 4528 μορφῇ,
805 4457 894 4509 ἵνα
936 4459 1095 4528 ἡμεῖς
1130 4460 1332 4523 πάντες
1362 4463 1426 4514 ὲκ
1456 4463 1550 4515 τοῦ
1584 4464 1804 4536 πληρὼ-

1912 4482 2102 4521 omnes
2141 4481 2206 4520 ex
2240 4464 2358 4534 ejus
2392 4464 2725 4535 plenitudine
2774 4464 3129 4533 accipiamus,
3161 4474 3217 4518 et
3260 4462 3490 4533 gratiam

229 4560 394 4615 ματος
424 4544 594 4597 αὑτοῦ
642 4545 916 4617 λάϐωμεν,
954 4547 1050 4601 καὶ
1090 4550 1253 4621 χάριν
1295 4552 1416 4605 ἀντὶ
1450 4554 1691 4625 χάριτος.
1742 4558 1809 4610 ΕΖ

222 4652 307 4698 τις
333 4632 447 4700 οὖν,
489 4636 597 4689 ἀπὸ
635 4638 728 4691 τοῦ
758 4638 869 4707 (82)
906 4640 1061 4707 ἁγίου
1093 4644 1186 4695 καὶ
1216 4643 1597 4715 φιλανθρώπου
1638 4649 1807 4702 Πνεύ-

229 4744 395 4797 ματος
430 4729 717 4799 ἀγόμενος,
751 4731 824 4802 μὴ
858 4732 1068 4802 φρονῶν
1099 4734 1183 4801 ἐφ’
1209 4734 1408 4805 ἐαυτῷ,
1437 4736 1575 4790 ἀλλὰ
1612 4756 1806 4793 ταπει-

224 4816 328 4869 νῶν
359 4818 571 4878 ἑαυτὸν,
609 4819 694 4871 ἵνα
723 4821 847 4883 τοὺς
864 4820 1055 4884 ἄλλους
1080 4823 1290 4896 ὑψώσῃ,
1320 4823 1515 4895 κράζοι
1542 4826 1618 4897 τῷ
1650 4831 1807 4882 πνεύ-

228 4925 356 4979 ματι
383 4909 451 4962 τὰ
492 4910 704 4979 μεγάλα
738 4912 1062 4982 εὐχόμενος,
1106 4916 1197 4967 καὶ
1230 4915 1398 4986 μηδὲν
1429 4921 1808 4990 μικροπρεπὲς

226 5000 360 5075 μηδὲ
402 5004 656 5058 ταπεινὸν
710 5004 1004 5074 φθέγγοιτο
1053 5008 1118 5060 ἐκ
1163 5007 1259 5061 τοῦ
1311 5008 1381 5063 τά
1438 5012 1659 5079 ἐπίγεια
1712 5016 1806 5068 καὶ

1915 4577 2011 4628 pro
2034 4560 2206 4628 gratia
2224 4560 2293 4613 ".
2318 4558 2374 4613 Si
2405 4559 2527 4628 quis
2548 4557 2714 4627 igitur
2745 4571 2776 4611 a
2803 4567 2994 4611 sancto
3024 4565 3080 4610 et
3117 4555 3353 4631 benigno
3377 4555 3495 4623 Spi-

1915 4650 2022 4705 ritu
2067 4656 2280 4711 duetus,
2313 4650 2364 4702 in
2397 4650 2691 4716 semetipso
2744 4661 2847 4701 non
2883 4646 3081 4710 elatus,
3108 4646 3203 4700 sed
3247 4659 3371 4700 sese
3398 4646 3495 4698 lut-

1913 4743 2154 4806 milians,
2181 4751 2241 4795 ut
2270 4739 2407 4794 alios
2434 4739 2655 4805 exaltet,
2696 4739 2892 4807 spiritu
2931 4738 3131 4794 clamet
3179 4752 3373 4808 magna
3406 4753 3496 4791 ro-

1914 4851 2067 4904 gans,
2109 4848 2209 4887 nec
2262 4832 2557 4902 quidquam
2598 4830 2867 4901 abjectum
2916 4839 3011 4883 aut
3063 4828 3267 4884 humile
3306 4829 3495 4898 loqua-

1919 4938 2027 4988 tur,
2057 4941 2125 4979 ex
2164 4939 2232 4978 eo
2276 4926 2418 4992 qtiod
2458 4934 2675 4978 terrena
2708 4931 2763 4977 et
2800 4921 3069 4975 mundana
3102 4930 3332 4990 quaerat,
3371 4919 3496 4973 talis

1917 5018 2020 5069 viri
2071 5017 2277 5071 clamor
2303 5034 2332 5069 a
2368 5014 2595 5070 Domino
2632 5013 2977 5068 exaudietur.
3020 5011 3282 5079 Quisnam
3331 5011 3497 5078 igitur

295 5218 336 5249 ιε
362 5216 553 5274 Matth.
584 5180 636 5283 νζ
666 5219 721 5272 3.
780 5216 1281 5284 “IICor.vm,9.
1355 5216 1402 5250 ιι
1433 5217 1623 5275 Matth.
1656 5238 1709 5283 ν,
1746 5223 1797 5278 5.

1912 5224 1921 5253 ⁵
1957 5222 2144 5275 Matth.
2183 5235 2258 5283 χι,
2289 5219 2379 5275 ‘29.
2456 5218 2501 5251 "
2530 5217 2720 5273 Matth.
2764 5232 2815 5283 v,
2846 5218 2900 5273 9.
2977 5217 3023 5249 "
3058 5215 3257 5286 Ephes.
3304 5231 3364 5281 ll,
3400 5214 3489 5269 15.

227 5288 503 5345 "Coloss.
539 5306 577 5353 ι,
606 5291 696 5345 20.
742 5288 788 5320 ⁸⁰
817 5287 1007 5342 Matth.
1038 5303 1091 5355 v,
1118 5289 1169 5342 5.
1246 5290 1290 5320 ⁸¹
1330 5287 1562 5360 Philipp.
1597 5307 1660 5357 ll,
1691 5294 1744 5348 7.

1912 5294 2051 5348 lum.
2089 5308 2129 5355 l,
2164 5291 2248 5345 16.

293 5422 405 5493 (79)
437 5421 567 5493 Reg.
600 5423 866 5493 tertiusoi
894 5420 995 5493 τῂν
1022 5421 1215 5493 πενίαν
1265 5421 1350 5493 ὲκ.
1408 5419 1610 5475 Ibidem
1666 5421 1801 5493 Reg.

226 5491 455 5563 quartus
481 5492 747 5563 ἑλόμενοι.
778 5491 894 5545 Mox
931 5491 1063 5558 Reg.
1093 5491 1284 5563 tertius
1314 5491 1396 5563 ὅτι
1417 5493 1589 5546 πᾶσα.

297 5562 408 5626 (80)
440 5560 514 5616 Ita
569 5560 775 5625 septem
829 5576 984 5623 tuss.,
1021 5571 1077 5614 et
1129 5563 1202 5616 ita
1237 5561 1336 5629 legi
1378 5571 1630 5629 oportere
1666 5563 1803 5617 satis

226 5635 569 5717 Ριιᾭβὶςξιιιηξ
606 5643 706 5686 est.
731 5632 885 5714 Editi
930 5645 1062 5685 vero
1091 5645 1214 5685 eum
1261 5629 1413 5686 Colb.
1469 5632 1660 5701 quinto
1695 5634 1801 5702 μά-

230 5701 383 5757 λιστα
403 5702 468 5772 δὴ
500 5702 719 5756 πάντων
747 5701 846 5772 τῷ.

298 5774 410 5842 ιδι)
442 5770 637 5829 'I‘otum
659 5770 810 5838 illud,
849 5771 1076 5827 δυνατὸν
1109 5771 1203 5827 καὶ
1236 5773 1315 5837 είς
1342 5772 1575 5827 Χοιστὸν
1606 5770 1799 5828 ἀνάξαι

1905 5426 1997 5479 τὸν
2022 5424 2281 5494 λόγονῄη
2331 5423 2570 5491 quinque
2602 5436 2737 5476 mss.
2763 5435 2870 5475 non
2904 5419 3150 5494 legitur‘g
3192 5415 3286 5494 sed
3339 5431 3497 5494 repe-

1908 5498 2044 5550 ritur
2096 5489 2148 5549 in
2200 5489 2607 5564 Regiisquarto
2635 5501 2692 5546 et
2723 5501 2879 5545 sexto
2927 5501 2981 5545 et
3025 5491 3079 5543 iu
3110 5489 3267 5544 Colb.
3297 5490 3496 5558 quinto

1905 5581 2059 5635 atque
2099 5579 2164 5619 ac
2199 5565 2252 5618 in
2281 5563 2462 5617 editis.

1972 5626 2091 5715 182)
2132 5635 2207 5691 lla
2265 5634 2505 5704 quinque
2548 5646 2682 5690 mss.
2728 5630 3089 5692 Editiovero
3146 5626 3325 5685 Paris.
3385 5626 3497 5684 ὑπὸ

1904 5724 2022 5762 του.
