3818 6220
621 507 626 510 '
667 483 784 563 έίρᾳ
811 493 911 562 τὴν
939 493 1282 564 χρηστότητα
1311 494 1633 548 καταλαϐεῖν
1665 495 1758 547 τοῦ

581 588 757 639 ιασθε
781 585 836 638 δὲ
855 625 868 648 ,
911 582 1051 650 εἷπε,
1095 587 1190 639 καὶ
1222 587 1341 656 οὐχ).
1373 587 1724 658 ἐμπλήσθητε
1743 604 1756 617 ·

431 737 434 740 _
479 719 482 722 .
525 663 568 728 iv
591 676 656 728 ἐκ
684 677 880 747 μέρους
905 677 1268 748 γινώσκομεν,
1295 679 1387 732 καὶ
1405 679 1470 732 δι’
1497 680 1761 750 ἐσόπτρου

477 769 582 832 ,καὶ
614 767 936 838 αἰνίγματος
967 770 1066 840 τὴν
1088 769 1364 840 ἀλήθειαν·
1398 771 1518 840 ἥξει
1551 771 1606 824 δέ
1633 788 1764 824 ποτε

363 859 450 914 νῦν
479 859 759 931 ἀρραϐὼν,
788 862 882 915 καὶ
907 863 970 914 τὸ
994 862 1178 933 γεῦμα
1213 863 1372 916 τοῦτο
1415 865 1514 933 τῆς
1545 864 1766 934 χάριτος

165 958 270 1016 εις
323 954 630 1024 τελειότητα
670 956 802 1024 ἡμῖν
849 955 947 1024 τῆς
1002 955 1354 1018 ἀπολαύσεως
1417 957 1762 1026 καταντήσει.

169 1045 365 1097 Ὦσπε
375 1061 404 1114 ρ
418 1045 472 1097 δὲ
494 1046 539 1096 οι
560 1045 958 1115 στομαχοῦντες
975 1047 1069 1098 καὶ
1098 1047 1148 1098 ot
1179 1046 1472 1110 κακόσιτοι,
1499 1046 1767 1117 ἀποστρε-

173 1134 415 1203 φόμενοι
442 1134 509 1186 τὰ
546 1135 722 1200 σιτία,
760 1135 866 1188 ὑπὸ
896 1135 1002 1189 τῶν
1034 1136 1234 1208 ἰατρῶν
1278 1135 1672 1206 θεραπεύονται
1705 1137 1766 1188 τὺ

171 1225 536 1297 δυσάρεστον,
571 1226 948 1298 διεγειρόντων
983 1228 1083 1293 τὰς
1113 1228 1325 1300 ὀρέξεις
1355 1229 1447 1282 διά
1475 1247 1620 1292 τινος
1649 1232 1767 1282 ἐπι-

171 1316 492 1388 τηδεύσεως
515 1318 616 1387 τῆς
645 1321 704 1372 ἐν
729 1321 840 1382 τοῖς
867 1317 1170 1390 βρώμασιν,
1218 1320 1378 1384 ὥστε,
1414 1320 1518 1373 ὑπὸ
1550 1321 1646 1391 τῆς
1671 1338 1768 1374 κα-

186 1407 416 1478 ρυκείας
457 1408 673 1478 ἐκείνης
721 1408 1110 1481 ἐρεθιζομένης
1155 1414 1254 1482 τῆς
1296 1411 1636 1482 αἰσθήσεως,
1683 1413 1768 1466 ἀεὶ

185 1499 330 1570 πρὸς
360 1500 418 1551 τὸ
453 1499 634 1552 πλεῖον
677 1501 786 1571 (89)
819 1503 1186 1558 ἐπιτείνεσθαι
1216 1504 1314 1568 τὰς
1343 1505 1554 1576 ὀρέξεις
1575 1521 1586 1534 ·
1628 1504 1770 1557 οὕτω

181 1592 289 1642 καὶ
315 1592 404 1642 ἐπὶ
434 1591 526 1644 τοῦ
555 1592 712 1660 λόγου
745 1594 846 1672 τῆς
879 1594 1158 1666 ἀληθείας,
1193 1597 1361 1667 Αὐτὴ,
1407 1597 1592 1666 φησὶν,
1627 1597 1771 1667 ὑμᾶς

181 1675 224 1752 ἢ
245 1685 411 1753 πεῖρα
435 1683 569 1754 πρὸς
585 1685 646 1737 τὸ
665 1685 960 1756 ἀκόρεστον
985 1687 1086 1756 τῆς
1103 1687 1398 1758 ἐπιθυμίας
1417 1689 1504 1742 ἀεὶ
1529 1706 1770 1760 προσκα-

363 296 370 300 -
446 241 510 372 ‘xll’
579 369 582 372 γ
761 283 794 298 τ·
1325 284 1610 341 ilOMlLlA
1651 285 1720 341 1N
1758 286 1795 340 Ρ

1893 286 2090 342 LMUM
2131 284 2370 340 XXXIII.

758 403 848 458 ἐπὶ
891 404 1050 459 πλέον
1089 404 1497 474 βασανίσαντες.
1525 406 1764 476 δυνηθῶ-

1891 423 2106 476 ρςοτυιη
2143 406 2474 476 experientia
2505 404 2930 476 apprehendere.
2965 401 3186 459 Gustate
3233 415 3436 471 autemi

3333 288 3443 346 356

1865 502 2063 570 inquit,
2094 515 2200 554 non
2235 510 2414 554 autem
2445 499 2797 567 impleamini.
2836 497 2970 551 Nam
3031 513 3172 553 nunc
3221 497 3434 566 quidem

1865 605 1930 644 ex
1959 598 2112 659 parte
2137 590 2534 659 cognoscimus,
2569 599 2622 644 et
2649 605 2746 656 per
2778 591 3053 657 speculum
3098 605 3160 643 ac
3189 589 3282 658 p'er
3308 593 3440 645 aeni-

1865 697 1986 752 gma
2043 683 2289 740 videmus
2340 682 2623 736 veritatem
2646 681 2694 714 ⁸⁸
2725 699 2736 732 :
2768 681 2951 736 veniet
2998 693 3176 736 autem
3229 692 3439 752 tempus

1865 786 1988 825 cum
2024 785 2262 840 praesens
2295 771 2553 836 arrhabo,
2587 779 2641 823 et
2663 769 2754 823 hic
2781 769 2968 839 gratiae
2997 777 3184 838 gustus
3221 769 3285 822 ad
3317 784 3438 837 per-

1867 864 2064 918 fectam
2106 861 2420 916 fruitionem
2457 861 2615 915 nobis
2641 869 2905 915 vertetur.
2959 860 3027 914 Ut
3083 860 3226 915 enim
3264 861 3300 914 ii
3343 860 3436 929 qul

1867 954 2152 1009 stomacho
2187 953 2436 1008 laborant
2485 963 2859 1021 nauseantque
2914 963 3230 1006 aversantes
3262 953 3436 1018 cibos,

1868 1047 1935 1101 ab
1967 1046 2070 1100 hac
2097 1047 2318 1101 molesta
2349 1045 2632 1100 aﬂ‘ectione
2657 1051 2918 1098 curantur
2947 1060 2974 1095 a
3003 1043 3242 1107 medicis,
3267 1044 3312 1098 si
3345 1058 3440 1111 ap-

1868 1139 2162 1207 petentiam
2199 1137 2438 1191 excitent
2467 1151 2560 1204 per
2591 1138 2879 1206 quemdam
2917 1136 3160 1189 ciborum
3205 1150 3436 1204 appara-

1871 1239 2016 1294 tum;
2045 1230 2179 1284 adeo
2213 1240 2290 1294 ut,
2324 1245 2483 1283 sensu
2527 1243 2626 1297 per
2661 1229 2806 1282 illam
2835 1228 3172 1282 c0udituram
3204 1228 3436 1292 irritata,

1872 1322 2182 1390 appetentia
2215 1321 2390 1390 magis
2412 1336 2478 1376 ac
2507 1321 2682 1390 magis
2720 1335 2936 1390 semper
2955 1329 3256 1391 augeatur:
3282 1320 3356 1374 ita
3387 1327 3442 1375 et

1869 1417 1924 1469 in
1951 1417 2120 1470 verbo
2142 1416 2407 1480 veritatis,
2444 1415 2581 1486 Ipsa,
2617 1417 2812 1484 inquit,
2835 1415 3170 1479 experientia
3201 1416 3266 1469 ad
3291 1413 3441 1469 insa-

1874 1505 2110 1559 tiabilem
2142 1505 2444 1573 apperitum
2480 1519 2577 1561 vos
2611 1520 2826 1574 semper
2849 1505 3185 1576 provocabit.
3213 1505 3441 1568 Idcirco,

1872 1599 1966 1660 ait,
1997 1593 2240 1661 Guetate,
2274 1607 2332 1651 ut
2363 1596 2504 1652 beati
2534 1597 2655 1652 sitis
2691 1611 2908 1666 semper
2935 1598 3236 1651 esurientes
3257 1596 3445 1651 sitien-

1873 1695 2062 1757 tesque
2084 1685 2372 1755 justitiam.
2399 1687 2598 1742 Beatus
2633 1689 2711 1742 vir
2749 1689 2839 1758 qui
2881 1698 3052 1757 sperat
3087 1689 3142 1742 in
3175 1703 3314 1742 eum.
3343 1686 3448 1754 Qui

75 1805 86 1818 ο
181 1775 429 1828 λέσεται.
447 1775 548 1828 Διά
569 1776 750 1842 τοῦτο,
771 1755 924 1847 φησὶ,
943 1755 1281 1844 Γεύσασθε,
1293 1779 1378 1832 ἵνα
1410 1755 1668 1852 μακάριοι
1686 1781 1772 1849 γέ-

1898 1755 2069 1849 ugiter
2105 1779 2256 1834 verbi
2279 1780 2548 1834 desiderio
2573 1755 2806 1845 tenetur,
2833 1780 2884 1834 in
2908 1755 3051 1834 nulla
3078 1794 3135 1833 re
3153 1780 3254 1834 alia
3283 1793 3448 1848 quam

187 1867 359 1937 νησθε
374 1869 458 1922 ἀεὶ
472 1868 765 1932 πεινῶντες
778 1871 870 1923 καὶ
882 1869 1142 1939 διψῶντες
1157 1871 1253 1942 τὴν
1271 1872 1638 1944 δικαιοσύνην.
1658 1877 1776 1927 Μα-

185 1959 394 2028 κάριος
420 1962 573 2030 ἀνὴρ
587 1961 655 2028 ὃς
669 1961 890 2023 ἐλπίζει
911 1965 1003 2016 ἐπ’
1024 1966 1226 2018 αὐτόν.
1247 1966 1304 2016 ’0
1331 1966 1416 2018 ἀεὶ
1439 1966 1497 2018 ἐν
1515 1965 1670 2019 ἐπιθυ
1679 1966 1777 2036 μίᾳ

183 2049 270 2105 ὣν
285 2049 378 2103 τοῦ
399 2050 576 2120 λόγου,
595 2053 846 2105 ἐπὀὺδὲν
863 2053 1048 2123 ἕτερον
1071 2053 1294 2124 θήσεται
1309 2056 1406 2125 τὴν
1429 2055 1664 2125 ἐλπίδαῆ
1685 2055 1777 2108 ἐπ)¹

181 2140 286 2192 τον
317 2139 537 2210 Κύριον.
563 2140 862 2209 Φοϐήθητε
889 2143 995 2196 τὸν
1029 2144 1269 2211 Κύριον,
1295 2143 1518 2210 πάντες
1543 2149 1595 2198 οὶ
1623 2145 1778 2215 ἅγιοι

185 2231 384 2286 αὐτοῦ
403 2249 418 2264 '
449 2233 540 2286 ὅτι
568 2236 678 2286 οὐκ
702 2233 873 2287 ἔστιν
902 2234 1210 2304 ὑστέρημα
1242 2236 1366 2301 τοῖς
1388 2235 1778 2305 φοϐουμένοις

187 2327 406 2378 αὐτόν.
450 2326 573 2378 Ἐὰν
604 2325 677 2397 μὴ
708 2327 870 2394 φόϐος
897 2327 1129 2400 παιδεύῃ
1157 2327 1311 2398 ἡμῶν
1347 2327 1444 2398 τὴν
1476 2327 1618 2399 ζωὴν
1643 2327 1776 2398 (90),

185 2415 478 2486 ἀμήχανον
505 2419 914 2490 κατορθωθῆναι
936 2421 1027 2472 τὸν
1051 2420 1322 2491 ἁγιασμὺν
1355 2421 1412 2472 ἐν
1443 2419 1520 2491 τῷ
1548 2418 1776 2490 σώματι.

187 2507 570 2574 Καθήλωσον
622 2510 750 2580 γὰρ,
806 2512 959 2581 φησὶ.
1013 2512 1082 2565 ἐκ
1129 2514 1234 2566 τοῦ
1278 2513 1465 2581 φόϐου
1507 2529 1622 2566 σου
1673 2513 1781 2578 τὰς

189 2597 434 2666 σάρκας
461 2618 602 2668 μου.
657 2601 744 2666 Ὡς
768 2601 876 2673 γὰρ
918 2605 966 2656 οἱ
1010 2602 1113 2655 ὑπὸ
1149 2603 1258 2655 τῶν
1291 2603 1434 2674 ἥλων
1481 2604 1783 2675 διαπεπαρ-

195 2681 360 2760 μένοι
401 2692 468 2745 τὰ
516 2693 650 2764 μέλη
697 2694 790 2746 τοῦ
847 2694 1097 2765 σώματος
1140 2696 1370 2766 ἀκίνητα
1417 2695 1598 2766 ἔχουσι
1647 2697 1782 2767 πρὸς

195 2784 504 2855 ἐνέργειαν,
534 2785 706 2850 οὕτως
733 2789 782 2839 οἱ
811 2787 889 2858 τῷ
921 2788 1050 2858 θείῳ
1080 2789 1230 2860 φόϐῳ
1261 2789 1360 2860 τὴν
1394 2790 1571 2860 ψυχὴν
1599 2807 1782 2842 κατει-

191 2877 470 2948 λημμένοι
529 2880 710 2932 πᾶσαν
753 2880 848 2950 τὴν
903 2882 967 2933 ἐκ
1014 2881 1123 2934 τῶν
1155 2880 1344 2934 παθῶν
1379 2883 1476 2953 τῆς
1508 2882 1783 2953 ἁμαρτίας

197 2969 484 3040 ἐνόχλησιν
518 2970 889 3040 διαφεύγουσι.
925 2973 1014 3043 Τῷ
1037 2969 1127 3027 οὖν
1158 2973 1474 3044 φοϐουμένῳ
1509 2975 1608 3026 οὐκ
1637 2975 1783 3027 ἔστιν

197 3063 527 3133 ὑστέρημα·
577 3065 846 3126 τουτέστι,
891 3067 1026 3136 πρὸς
1080 3067 1334 3136 οὐδεμίαν
1383 3068 1582 3138 ἀρετήν
1635 3068 1782 3120 ἐστιν

195 3153 428 3223 ἐλλιπὴς
481 3156 509 3206 6
548 3149 652 3207 ὑπὸ
697 3155 790 3208 τοῦ
845 3157 1008 3225 φόϐου
1057 3157 1165 3210 ἀπὸ
1195 3159 1374 3229 πάσης
1411 3158 1612 3228 ἀτόπου
1641 3157 1781 3229 πρά-

199 3243 344 3308 ξεως
371 3245 730 3317 κωλυόμενος,
768 3247 902 3302 ἀλλὰ
947 3249 1150 3312 τέλειός
1199 3249 1335 3313 ἐστι,
1395 3249 1620 3320 μηδενὸς
1673 3249 1782 3302 τῶν

201 3337 606 3393 ἐπιϐαλλόντων
649 3345 714 3412 τῇ
760 3341 1074 3413 ἀνθρωπίνῃ
1103 3343 1260 3410 φύσει
1289 3342 1467 3395 καλῶν
1494 3341 1784 3396 ἀπολειπό-

201 3447 392 3500 μενος.
423 3433 512 3495 Ὡς
536 3433 643 3505 γὰρ
673 3435 774 3486 οὐκ
807 3433 921 3486 ἔστι
945 3434 1148 3498 τέλειος
1177 3436 1232 3486 ἐν
1265 3433 1342 3504 τῷ
1372 3433 1587 3504 σώματι
1617 3433 1728 3503 (91)
1754 3435 1782 3486 ὁ

201 3522 265 3576 ἐν
291 3541 398 3576 τινι
435 3525 588 3597 μέρει
627 3526 734 3579 τῶν
769 3527 1083 3594 ἀναγκαίων
1112 3526 1474 3597 ἐλλιμπόινων,
1515 3525 1626 3578 ἀλλ’
1657 3526 1787 3579 ἀτε-

205 3615 312 3684 λής
355 3616 469 3669 ἐστι
535 3617 669 3670 καθ’
721 3618 750 3670 ὂ
803 3617 1069 3671 ἐλλείπει·
1126 3616 1267 3670 οὕτω
1307 3619 1398 3670 καὶ
1436 3621 1464 3671 ὁ
1499 3618 1625 3688 περὶ
1662 3618 1788 3686 μίαν

209 3707 326 3760 τῶν
384 3707 610 3760 ἐντολῶν
667 3708 1148 3781 καταφρονητικῶς
1205 3708 1560 3778 διακείμενος,
1607 3707 1691 3760 διὰ
1731 3707 1790 3758 τὸ

211 3799 464 3868 ὑστερεῖν
523 3799 712 3870 αὐτῆς,
774 3801 966 3871 ἀτελής
1033 3803 1146 3854 ἐστι
1216 3800 1356 3852 κατὰ
1413 3801 1472 3852 τὸ
1526 3799 1787 3853 ἐλλεῖπον.

225 3889 286 3942 'U
346 3890 404 3942 δὲ
459 3893 550 3944 τὸν
600 3893 803 3946 τέλειον
870 3893 1031 3961 φόϐον
1097 3892 1438 3963 ἀνειληφὼς,

1876 1872 1929 1926 in
1965 1871 2194 1936 Domino
2220 1887 2368 1941 spem
2405 1882 2647 1940 reponet.
2673 1871 2862 1942 (Vens.
2898 1870 3013 1942 10.)
3038 1871 3238 1925 Timete
3261 1869 3450 1924 Domi-

1876 1979 2027 2028 num,
2057 1979 2234 2018 omnes
2291 1965 2461 2017 sancti
2495 1966 2610 2032 ejus
2643 1978 2661 2015 :
2685 1963 2936 2033 quoniam
2982 1979 3087 2017 non
3134 1971 3210 2017 est
3269 1963 3449 2031 inopia

1878 2056 2176 2109 timentibus
2231 2073 2371 2110 eum.
2427 2055 2540 2110 Nisi
2590 2056 2751 2110 timor
2802 2055 3102 2110 instituerit
3153 2055 3317 2108 vitam
3351 2067 3452 2107 no-

1877 2147 2444 2212 stram,sanctimonia
2464 2150 2515 2201 in
2539 2161 2766 2216 corpore
2791 2161 2980 2215 compa
2992 2147 3095 2200 rari
3116 2159 3218 2200 non
3251 2155 3448 2214 potest,

1879 2238 2114 2309 Conﬁge,
2163 2240 2357 2309 inquit,
2403 2241 2591 2294 timore
2638 2249 2727 2292 tuo
2759 2255 2942 2292 carnes
2981 2255 3122 2293 meas
3143 2239 3214 2294 ⁵⁸.
3247 2238 3452 2306 Quem-

1879 2333 2164 2386 admodum
2210 2332 2354 2387 enim
2382 2332 2474 2402 qui
2511 2331 2678 2387 clavis
2721 2331 2965 2386 transﬁxi
3015 2342 3163 2396 sunt,
3213 2331 3462 2385 membra

1879 2424 2124 2493 corporis
2163 2425 2228 2478 ad
2280 2426 2546 2494 agendum
2599 2424 2892 2480 immobilia
2939 2424 3288 2480 habentzsic
3320 2439 3457 2494 quo—

1880 2530 1998 2568 rum
2049 2515 2226 2568 anima
2277 2515 2462 2570 divino
2509 2516 2701 2571 timore
2755 2523 3004 2584 correpta
3033 2524 3139 2580 est,
3173 2515 3210 2569 ii
3241 2529 3462 2569 omnem

1881 2607 2344 2678 perturbationem
2389 2622 2456 2662 ex
2499 2609 2703 2676 peccati
2736 2607 3108 2662 affectionibus
3139 2607 3460 2676 proveniet}-

1885 2709 1990 2754 tem
2017 2701 2212 2754 vitant.
2233 2699 2464 2753 Timenti
2497 2700 2681 2770 itaque
2721 2716 2824 2755 non
2858 2709 2940 2755 est
2970 2699 3186 2768 inopia;
3221 2700 3325 2755 hoc
3350 2707 3458 2764 est,

1882 2791 1972 2858 qui
2002 2805 2098 2859 per
2122 2792 2370 2844 timorem
2399 2791 2466 2846 ab
2492 2791 2638 2845 omni
2665 2790 2917 2845 indecora
2950 2801 3003 2845 et
3031 2790 3263 2845 absurda
3288 2791 3458 2845 actio-

1885 2897 1951 2937 ne
1994 2891 2234 2948 arcetur,
2269 2885 2318 2938 ei
2369 2883 2502 2937 nihil
2545 2883 2699 2938 deest
2745 2885 2811 2937 ad
2849 2883 3144 2952 quamlibet
3179 2885 3456 2949 virtutem,
3501 2927 3506 2932 .

1885 2975 1980 3030 sed
2011 2975 2286 3044 perfectus
2317 2984 2422 3040 est,
2452 2975 2598 3030 nullo
2631 2975 2776 3030 bono
2807 2975 3056 3029 humanae
3081 2983 3288 3028 naturae
3325 2989 3460 3028 con-

1885 3067 2120 3123 venienli
2146 3067 2460 3121 destitutus.
2480 3065 2551 3121 Ut
2570 3066 2710 3121 enim
2733 3065 3006 3136 perfectus
3030 3065 3082 3119 in
3104 3079 3330 3132 corpore
3355 3077 3460 3116 non

1887 3167 1991 3222 cst,
2020 3158 2104 3210 cui
2139 3156 2319 3225 aliqua
2350 3171 2478 3224 pars
2531 3155 2835 3211 necessaria
2885 3156 3046 3220 desit,
3083 3154 3174 3209 sed
3208 3151 3461 3222 imperfe-

1888 3261 2006 3306 ctus
2033 3261 2114 3305 est
2147 3251 2440 3304 secundum
2467 3237 2586 3304 eam
2619 3264 2738 3318 quae
2767 3249 2916 3304 deest
2939 3257 3147 3317 partem
3171 3267 3182 3302 :
3203 3246 3274 3300 ita
3297 3245 3462 3300 etiam

1888 3344 1980 3412 qui
2039 3341 2124 3398 vel
2174 3357 2340 3396 unum
2411 3351 2740 3410 praeceptum
2792 3349 3136 3410 aSpernatur,
3182 3345 3464 3408 propterea

1891 3435 2036 3503 quod
2076 3449 2142 3490 eo
2194 3441 2370 3500 caret,
2407 3435 2754 3504 imperfectus
2803 3441 2890 3487 est
2916 3431 3066 3501 juxta
3111 3430 3164 3484 id
3194 3429 3336 3498 quod
3368 3428 3467 3483 de-

1897 3528 2030 3581 ﬁcit.
2060 3526 2284 3590 Contra,
2334 3525 2427 3594 qui
2479 3525 2777 3594 perfectum
2814 3525 3061 3579 timorem
3101 3521 3356 3591 suscepit,
3403 3533 3469 3574 ac

1896 3617 2077 3671 omnia
2112 3616 2266 3670 timet
2296 3617 2688 3684 circumspecto
2705 3623 2873 3680 metu,
2899 3615 3030 3669 nihil
3057 3614 3322 3684 peccabit,
3345 3626 3468 3666 cum

1899 3707 2034 3761 nihil
2067 3715 2428 3772 contemnat;
2465 3705 2702 3774 inopiam
2745 3713 2923 3760 autem
2977 3719 3084 3758 non
3137 3701 3470 3770 experietur,

1899 3798 2154 3865 quoniam
2180 3805 2440 3866 perpetuo
2472 3796 2519 3850 ei
2552 3795 2705 3850 adest
2737 3795 2898 3848 timor
2933 3795 2984 3846 in
3020 3792 3290 3846 omnibus.

1503 3893 1597 3946 xui.
1649 3893 1824 3944 πάντα
1893 3891 2293 3960 καταπτήσσων
2353 3888 2423 3941 δι’
2487 3887 2792 3950 εὐλάϐειαν,
2855 3885 3005 3938 οὐδὲν
3068 3885 3164 3954 μὲν
3225 3883 3474 3954 ἁμαρτήο

213 4001 374 4038 σεται
429 3986 510 4057 τῷ
577 3987 803 4058 μηδενὸς
868 3990 1174 4060 ὑπερορᾷν·
1247 3989 1342 4058 οὐχ
1409 3987 1518 4054 ἕξει
1576 3987 1631 4040 δὲ
1683 3987 1988 4057 ὑστέρημα,
2058 3984 2134 4054 τῷ
2177 3984 2272 4036 ἐπὶ
2318 3985 2495 4038 πάντα
2548 3983 2788 4053 διαρκῶς
2858 3983 3108 4051 παρεῖναι
3185 3978 3332 4048 αὐτῷ
3383 3977 3475 4031 τὸν

211 4079 404 4148 φόϐον.

289 4171 345 4224 7.
375 4173 664 4226 Πλούσιοι
697 4172 1086 4241 ἐπτώχευσαν
1119 4173 1218 4226 καὶ
1252 4173 1612 4226 ἐπείνασαν·
1647 4175 1700 4225 οἱ
1732 4171 1800 4223 δὲ
1831 4173 1874 4226 D

209 4260 606 4328 ἐκζητοῦντες
660 4261 770 4314 τὸν
832 4262 1051 4327 Κύριον
1109 4262 1220 4314 οὐκ
1283 4259 1799 4324 ἐλαττωθήσονται

209 4351 448 4415 παντὸς
493 4352 738 4421 ἀγαθοῦ.
777 4351 1140 4421 Οἰκοδομείτω
1189 4351 1287 4422 μὲν
1332 4351 1478 4421 ἡμᾶς
1520 4351 1613 4404 καὶ
1665 4350 1801 4420 πρὸς

209 4443 319 4511 τὴν
347 4445 747 4515 καταφρόνησιν
791 4443 886 4496 τοῦ
928 4443 1240 4514 σωματικοῦ
1277 4443 1504 4498 πλούτου
1559 4444 1587 4496 6
1623 4441 1799 4510 λόγος,

213 4537 284 4588 τὸ
319 4537 572 4590 ἀϐέϐαιον
613 4540 711 4607 τῆς
752 4538 861 4590 τῶν
907 4536 1204 4607 χρημάτων
1236 4535 1550 4607 περιουσίας
1590 4535 1802 4587 ἐκδιδά-

219 4649 394 4685 σκων.
421 4631 852 4701 Εὗμετάπτωτος
879 4628 986 4697 γὰρ
1011 4629 1040 4680 6
1069 4627 1316 4690 πλοῦτος,
1345 4627 1439 4680 καὶ
1461 4625 1620 4682 οἱονεὶ
1651 4623 1803 4695 κῦμα

298 4787 350 4821 ⁸⁸
371 4785 391 4842 l
411 4785 536 4842 Cor.
557 4804 675 4850 xm,
710 4787 797 4840 12.
872 4786 918 4818 ⁵⁵
951 4783 1090 4840 Psal.
1117 4798 1304 4846 cxvm,
1337 4782 1459 4836 120.

301 4941 417 5013 (89)
445 4942 520 4997 lla
575 4941 812 5011 quinque
863 4955 994 4995 mss.
1046 4937 1185 4994 Editi
1217 4955 1348 4994 vero
1384 4939 1522 5010 πρὸς
1549 4936 1610 4990 τὸ
1652 4935 1804 4988 πλεῖ-

227 5031 380 5070 στον.

307 5085 420 5154 (90)
457 5081 706 5138 Nonnuili
763 5096 894 5136 mss.
959 5077 1122 5149 φόϐος
1171 5080 1329 5151 ἡμῶν
1390 5077 1636 5133 παιδεύει
1710 5075 1808 5148 τὴν

266 5173 402 5208 ωτιν.

227 5158 418 5294 cogi)
443 5223 620 5294 Edilio
646 5221 816 5294 Paris:
847 5219 1050 5294 τέλειος
1083 5219 1140 5274 ἐν
1163 5218 1240 5294 τῷ
1270 5219 1506 5294 σώματι,
1540 5217 1802 5294 perfectus

227 5315 286 5348 in
315 5285 560 5362 corpore.
587 5293 762 5362 Etlilit)
787 5291 950 5344 Basil.
975 5301 1030 5345 et
1054 5285 1237 5362 nostri
1261 5285 1508 5362 undecim
1541 5285 1700 5341 'mss.
1723 5285 1804 5362 τέ-

231 5366 380 5428 λειος
405 5357 462 5420 ἐν
492 5363 568 5434 τῷ
595 5361 805 5436 Κυρίῳ,
829 5362 1082 5436 perfectus
1117 5361 1171 5413 in
1201 5359 1446 5413 Domino.
1479 5359 1534 5412 In
1560 5373 1667 5436 quo
1701 5357 1806 5436 pri-

233 5452 386 5490 mum
424 5429 591 5488 mirer
619 5429 904 5486 lectionem
939 5432 1333 5494 Basileensem,
1375 5445 1534 5496 quam
1569 5429 1800 5495 ineptis-

235 5507 432 5560 simam
455 5519 572 5558 esse
601 5519 756 5556 nemo
784 5501 1130 5566 iuﬁeiabitur,
1163 5501 1212 5552 in
1255 5507 1334 5554 tot
1374 5497 1650 5552 codicibus
1694 5505 1800 5547 tam

235 5585 557 5630 constanter
583 5573 808 5645 reperiri
834 5587 846 5645 ξ
875 5570 1086 5636 deinde,
1119 5585 1221 5645 qua
1245 5571 1802 5645 _attctoritate,__quove

240 5645 552 5700 testimonio
580 5633 782 5699 editum
805 5641 874 5695 sit
895 5657 924 5694 a
944 5633 1288 5709 typographis
1317 5633 1800 5709 Parisiensj_bus_év

238 5715 322 5788 τῷ
347 5715 578 5786 σώματι,
605 5729 726 5770 cum
763 5709 878 5781 ejus
925 5705 1182 5767 lectio—nis
1225 5723 1489 5778 nusquam
1551 5705 1654 5760 ulla
1707 5705 1803 5758 ﬁat

1977 4170 2027 4222 7.
2064 4167 2228 4220 Vens.
2265 4167 2352 4220 Η.
2401 4165 2596 4218 Divites
2635 4171 2884 4232 eguerunt
2927 4169 2976 4214 et
3029 4161 3353 4223 esurierunl;
3395 4158 3478 4211 in-

1904 4261 2165 4332 quirentes
2187 4267 2360 4311 autem
2395 4255 2673 4308 Dominum
2700 4269 2803 4308 non
2829 4253 3130 4304 minuentur
3156 4250 3299 4303 omni
3324 4250 3474 4303 bona.

1908 4351 2006 4404 llic
2053 4361 2234 4404 sermo
2279 4345 2623 4399 abundantia:
2679 4341 3004 4412 pecuniaria:
3063 4339 3478 4394 inconstantiam

1907 4442 2167 4502 edocens,
2202 4452 2302 4492 nos
2331 4435 2494 4490 etiam
2528 4435 2594 4488 ad
2636 4433 2947 4502 corporales
2977 4431 3194 4488 divitias
3215 4444 3480 4501 spernen—

1910 4532 2006 4586 das
2045 4531 2294 4586 aediﬁcet.
2328 4527 2461 4582 Nam
2516 4526 2674 4582 facile
2715 4525 3026 4580 dilabuntur
3056 4524 3274 4585 divitim,
3311 4531 3365 4586 et
3394 4522 3480 4576 in-

1909 4635 2023 4678 star
2063 4623 2218 4677 unda:
2277 4621 2326 4674 vi
2366 4629 2650 4674 ventorum
2711 4617 2816 4672 huc
2851 4617 2977 4672 illuc
3003 4616 3178 4671 solent
3217 4613 3480 4671 difﬂuere.

1912 4933 2135 4998 mentio,
2173 4947 2348 5000 neque
2377 4931 2515 5000 apud
2557 4929 3075 5000 Ducmunhhnequei
3104 4925 3268 5000 (quod
3308 4923 3480 5000 _eq_ui-

1914 5009 2033 5058 dem
2061 4995 2770 5073 sciam-apudquemquam
2803 4995 2988 5073 alium.
3047 4995 3321 5073 Suspicari
3363 4995 3487 5073 _l'or—

1918 5087 2061 5129 tasse
2115 5065 2650 5144 possit-quispiam,
2677 5084 2843 5122 unum
2887 5067 3130 5144 aliquem
3177 5065 3472 5144 librarium

1918 5134 2176 5214 scriptum
2212 5134 2480 5212 reperisse
2507 5142 2559 5194 in
2584 5134 3065 5214 aliqttqcodiceﬁy
3096 5134 3234 5214 χρῷ,
3270 5135 3326 5187 in
3354 5149 3486 5214 ﬁcor-

1915 5202 2060 5282 ρον-ἑ,
2094 5215 2187 5267 scd
2218 5202 2286 5268 de
2329 5229 2446 5278 suo,
2471 5209 2612 5284 quod
2669 5202 2782 5284 vitii
2838 5206 3044 5284 aliquid
3071 5202 3315 5284 sii'tiesse"
3353 5202 3487 5284 falso

1908 5273 2274 5356 existimaret,
2333 5273 2532 5351 pro'e'v
2591 5278 2708 5350 χρῷ
2762 5273 3006 5346 posuisse
3067 5273 3484 5356 evnequupt'tp,

1912 5355 2147 5423 hianue
2180 5343 2378 5423 factum
2410 5343 2781 5423 esseut-circi
2811 5363 2880 5402 ex
2911 5345 3226 5423 uno__co_tl_ice
3263 5343 3488 5423 inalios

1909 5438 2030 5478 sese
2060 5415 2431 5478 iransfutlerit.
2463 5419 2530 5474 Ut
2557 5430 2610 5472 ut
2644 5421 2756 5472 haec
2796 5428 2944 5479 sunt,
2973 5415 3106 5468 nihil
3137 5417 3188 5467 in
3221 5420 3487 5468 contextu

1910 5495 2222 5547 mutandum
2258 5491 2586 5545 censuimus.
2623 5489 2700 5542 Eo
2742 5487 2934 5554 magis,
2977 5485 3116 5554 quod
3154 5485 3228 5554 ad
3269 5495 3488 5554 sensum

1909 5563 2040 5636 nihil
2081 5565 2300 5627 referat,
2334 5563 2447 5616 sive
2493 5561 2550 5614 ἐν
2609 5557 2754 5632 χρῷ,
2793 5550 2905 5613 sive
2955 5550 3012 5608 ἐν
3043 5553 3124 5636 τῷ.
3165 5551 3378 5624 σώματι
3413 5550 3492 5612 ιε..

1909 5650 2070 5704 geris.
