3818 6220
73 315 220 370 369

1275 315 1560 372 HOMILlA
1599 317 1664 370 IN
1701 317 2034 372 PSALMUM
2073 314 2313 371 XXXIII.

3293 317 3400 372 570

79 433 408 497 πολλάκις,
439 434 498 486 ἐν
527 433 671 504 λιμῷ
693 433 786 485 καὶ
802 431 942 502 δίψει
977 431 1107 503 (99),
1133 433 1191 485 ἐν
1219 433 1492 503 νηστείαις
1513 433 1710 487 πολλά-

1841 435 1979 488 nodo
2033 449 2138 488 non
2183 432 2528 486 minuebatur
2573 423 2949 497 corporalibus
2981 423 3184 478 bouis?
3219 423 3404 480 Evehe

81 547 228 592 κις,
265 529 328 580 ἐν
357 526 510 596 κόπῳ
537 527 632 578 καὶ
669 524 871 596 μόχθῳ,
903 527 960 578 ἐν
985 525 1251 592 ἀνάγκαις
1287 525 1566 589 πολλάκις.
1597 525 1712 580 Μέ-

84 637 210 690 χρι
285 619 390 689 τῆς
429 617 664 688 ἐσχάτης
711 617 859 687 ῶρας
901 617 996 670 καὶ
1044 616 1244 670 πεινῶν
1286 616 1589 688 ἅνθρωπος,
1623 617 1715 669 καὶ

83 709 322 792 διψῶν,
347 709 440 762 καὶ
461 725 528 777 γυ
537 707 842 779 μνητεύων,
874 708 970 760 καὶ
992 707 1440 778 κολαφιζόμενος,
1475 707 1592 771 πῶς
1612 709 1712 761 οὐκ

1821 526 2004 594 igitur,
2035 540 2239 594 quaeso,
2267 535 2504 580 mentem
2539 523 2608 576 ad
2638 522 2690 575 id
2721 520 2862 589 quod
2894 531 3022 572 vere
3055 515 3255 570 bonum
3292 523 3398 580 est,

1818 627 1878 669 ut
1913 628 1968 670 et
2001 617 2293 687 Scriptum
2322 615 2736 670 consensionem
2781 609 3068 678 intelligas,
3099 617 3156 662 et
3183 622 3250 662 ne
3273 623 3404 663 con-

1811 707 1969 776 jicias
2001 717 2054 762 te
2080 707 2134 760 in
2173 707 2334 761 ullam
2368 705 2648 760 sententiae
2687 699 3114 768 ambiguitatem.

87 789 426 870 ἠλαττοῦτο
471 799 580 852 τῶν
622 799 950 870 σωματικῶν
1011 800 1270 869 ἀγαθῶν;
1340 801 1608 869 Ἀνάγαγε
1655 797 1750 854 οὖν
1791 817 1880 871 μοι
1920 801 2019 870 τὴν
2061 800 2300 854 διάνοιαν
2345 799 2438 851 ἐπὶ
2479 797 2542 850 τὸ
2602 795 2772 858 ὅντως
2797 792 3022 862 ἀγαθὸν,
3060 791 3148 844 ἵνα
3181 789 3276 842 καὶ
3303 787 3402 859 τὴν

87 895 450 965 συμφωνίαν
473 893 574 963 τῆς
594 894 816 968 Γραφῆς
839 893 1096 964 ἐπιγνῷς,
1125 895 1219 949 καὶ
1251 895 1473 949 σεαυτὸν
1511 895 1584 966 μὴ
1612 895 1926 969 καταϐάλῃς
1947 899 2013 967 τῇ
2045 896 2344 968 ἀμφιϐολίᾳ
2363 894 2464 965 τῆς
2489 893 2716 955 ἐννοίας.

181 987 246 1042 8.
287 985 488 1050 Δεῦτε,
525 985 724 1050 τέκνα,
760 985 1060 1040 ἀκούσατέ
1089 1005 1209 1056 μου
1231 1005 1244 1018 ·
1270 989 1458 1056 φόϐον
1493 987 1713 1054 Κυρίου

81 1077 349 1142 διδάξω
403 1077 578 1147 ὑμᾶς.
652 1076 986 1131 Ἐνδιαθέτου
1034 1077 1110 1151 (l)
1165 1079 1482 1132 διδασκάλου
1539 1077 1710 1148 φωνὴ,

83 1167 606 1238 προσκαλουμένω
643 1169 722 1229 είς
755 1167 990 1238 μάθησιν
1019 1167 1104 1220 διὰ
1135 1168 1408 1239 πατρικῆς
1441 1168 1715 1236 εὐσπλαγ-

85 1260 304 1330 χνίας.
325 1261 436 1313 Καὶ
457 1261 568 1332 γὰρ
591 1262 780 1314 τέκνον
805 1262 922 1314 ἐστὶ
954 1261 1316 1331 πνευματικὸν
1347 1261 1442 1314 τοῦ
1464 1261 1716 1316 διδασκά-

87 1353 212 1405 λου
247 1354 282 1406 6
312 1352 578 1424 μαθητής.
623 1355 681 1407 'O
707 1353 816 1424 γὰρ
844 1355 992 1425 παρά
1015 1371 1160 1417 τινος
1183 1353 1282 1426 τὴν
1309 1356 1588 1425 μόρφωσιν
1613 1354 1714 1424 τῆς

91 1445 412 1508 εὐσεϐείας
448 1445 756 1515 δεχόμενος,
793 1441 946 1508 οὗτος
969 1446 1132 1498 οἱονεὶ
1166 1445 1550 1499 διαπλάττεται
1585 1447 1712 1516 παρ’

91 1537 320 1600 αὑτοῦ,
351 1538 442 1590 καὶ
485 1539 565 1600 εἰς
597 1537 852 1590 σύστασιν
888 1537 1100 1604 ἄγεται,
1147 1536 1337 1607 ὥσπερ
1372 1537 1464 1590 καὶ
1493 1537 1713 1608 ὑπὸτῆς

89 1629 506 1701 κυοφορούσης
555 1631 622 1684 τά
653 1633 710 1682 ἐν
740 1631 877 1700 αὐτῇ
921 1629 1364 1701 διαμορφούμενα
1406 1629 1479 1702 (2)
1511 1629 1706 1702 βρέφη.

1890 990 1945 1043 8.
1970 987 2134 1044 Vens.
2163 989 2247 1042 12.
2295 987 2494 1049 Venite,
2528 986 2646 1054 ﬁlii,
2673 983 2854 1036 audite
2877 997 2994 1046 me;
3023 981 3262 1032 timorem
3295 975 3402 1030 Do-

1821 1081 1949 1133 mini
1982 1080 2174 1134 docebo
2216 1096 2321 1134 vos.
2351 1077 2602 1132 Benevoli
2639 1075 2884 1145 magistri
2931 1087 3032 1128 vox
3071 1078 3177 1136 est,
3211 1071 3277 1123 ad
3318 1066 3404 1122 di-

1820 1171 2102 1240 sciplinam
2164 1179 2392 1240 paterna
2443 1167 2917 1224 commiseratione
2967 1162 3270 1218 invitantis.
3303 1161 3398 1214 Et-

1820 1265 1964 1318 enim
2002 1261 2302 1332 discipulus
2339 1259 2484 1314 filius
2517 1255 2818 1328 spiritualis
2870 1241 2956 1310 est
2998 1251 3262 1321 magistri.
3293 1248 3400 1318 Qui

1821 1354 1962 1408 enim
1990 1353 2060 1406 ab
2099 1353 2278 1422 aliquo
2309 1349 2798 1406 conformationem
2831 1345 3047 1417 pietatis
3073 1342 3318 1414 suscipit,
3349 1341 3398 1395 is

1823 1449 1967 1504 velut
2001 1447 2324 1503 informatur
2369 1447 2436 1502 ab
2487 1447 2631 1515 ipso,
2660 1453 2714 1500 et
2759 1443 3144 1513 compingitur,
3177 1441 3402 1511 perinde

1819 1551 1879 1594 ut
1939 1556 1969 1595 a
2021 1549 2334 1611 praegnante
2391 1538 2658 1606 infantes,
2711 1537 2804 1606 qui
2859 1535 2911 1589 in
2959 1549 3022 1588 ea
3071 1532 3399 1588 formantur.

1819 1633 1977 1689 Unde
2005 1633 2170 1687 etiam
2207 1631 2404 1688 Paulus
2461 1639 2629 1686 totam
2661 1628 2977 1684 Galatarum
3015 1624 3331 1687 Ecclesium,
3369 1637 3400 1677 a

93 1719 296 1774 Ὀθεν
347 1721 442 1774 καὶ
477 1721 688 1784 Παῦλος
721 1720 848 1792 ὅλην
895 1721 992 1791 τὴν
1033 1721 1358 1792 Ἐκκλησίαν
1395 1721 1504 1774 τῶν
1537 1723 1575 1774 Γ
1579 1721 1710 1774 αλα-

1841 1723 2089 1780 irioribus
2129 1723 2428 1794 disciplinis
2467 1721 2752 1791 dilapsam,
2787 1729 2842 1775 et
2869 1717 3024 1790 151
3061 1715 3216 1784 quasi
3237 1715 3401 1770 aboro

89 1810 252 1874 τῶν,
294 1811 358 1863 ἐκ
382 1809 490 1864 τῶν
521 1811 803 1882 προτέρων
827 1809 1190 1864 διαπεσοῦσαν
1225 1811 1584 1882 μαθημάτων,
1615 1813 1711 1865 καὶ

95 1904 292 1958 οἱονεὶ
311 1903 708 1974 ἀμϐλωθεῖσαν,
731 1903 892 1956 πάλιν
921 1903 1337 1975 ἀναλαμϐάνων,
1369 1905 1463 1958 καὶ
1491 1905 1713 1976 μορφῶν

99 1995 338 2050 ἄνωθεν
393 1997 450 2048 ὲν
503 1997 686 2058 αὐτοῖς
737 1995 828 2048 τὸν
881 1996 1134 2067 Χριστὸν,
1180 1998 1344 2050 τέκνα
1391 1997 1576 2066 ἔλεγε·
1619 1997 1714 2050 καὶ

99 2084 318 2156 ἐπειδὴ
355 2087 471 2156 μετ’
503 2084 697 2154 ὀδύνης
737 2085 830 2137 καὶ¹
859 2083 1088 2154 θλίψεως
1121 2087 1355 2139 ἐποιεῖτο
1383 2087 1491 2139 τῶν
1515 2087 1714 2154 ἐσφαλ-

105 2177 312 2248 μένων
365 2177 464 2248 τὴν
502 2175 894 2245 ἐπανόρθωσιν,
941 2175 1151 2230 ὠδίνειν
1185 2177 1334 2246 ἔλεγε
1365 2180 1428 2248 τῇ
1457 2177 1600 2249 ψυχῇ
1626 2177 1714 2232 διὰ

99 2269 222 2337 τὴν
273 2265 368 2318 ἐπὶ⁸
407 2268 519 2328 τοῖς
566 2265 902 2318 ἀπο-πεσοῦσι
939 2265 1131 2336 λύπην.
1182 2266 1394 2320 Τεκνία
1425 2285 1565 2336 μου,
1607 2267 1714 2332 οὓς

104 2359 318 2412 πάλιν
339 2357 550 2419 ὠδίνω,
581 2355 754 2427 ἄχρις
781 2353 852 2413 οὗ
874 2359 1162 2428 μορφωθῇ
1189 2359 1444 2427 Χριστὸς
1464 2361 1532 2413 ἐν
1551 2361 1708 2429 ὑμῖν.

103 2451 310 2504 Δεῦτε
329 2446 442 2512 οὖν,
467 2449 664 2512 τέκνα,
697 2449 997 2504 ἀκούσατέ
1011 2468 1150 2519 μου.
1182 2451 1246 2504 Τί
1275 2469 1404 2505 ποτε
1437 2452 1544 2522 ἄρα
1571 2452 1714 2506 διδά-

108 2559 282 2596 σκειν
325 2541 506 2611 μέλλει
556 2543 584 2593 6
633 2541 1003 2612 πνευματικὸς
1045 2541 1200 2612 ἡμῶν
1234 2545 1452 2615 πατήρ;
1499 2545 1711 2611 Φόϐον,

107 2635 284 2708 φησὶ,
323 2635 546 2702 Κυρίου
571 2632 790 2698 διδάξω
805 2633 981 2703 ὑμᾶς.
1023 2635 1240 2706 Ἐπειδὴ
1269 2637 1380 2689 ἅνω
1413 2637 1712 2708 προσέταξε

109 2723 414 2793 φοϐεῖσθαι
449 2723 540 2775 τὸν
573 2723 798 2795 Κύριον,
832 2724 925 2776 καῖ¹
971 2725 1032 2777 τὸ
1079 2725 1143 2778 ἐκ
1177 2725 1268 2779 τοῦ
1311 2729 1476 2795 φόϐου
1525 2729 1714 2800 κέρδος

109 2814 430 2879 ὑπέδειξεν,
479 2815 668 2878 εἰπὼν,
718 2815 838 2868 ’Ὁτι
879 2817 990 2869 οὐκ
1031 2817 1202 2870 ἔστιν
1243 2819 1548 2889 ὑστέρημα
1591 2821 1715 2886 τοῖς

111 2905 525 2976 φοϐουμένοις
553 2908 759 2960 αὐτόν·
797 2906 891 2960 νῦν
931 2909 1026 2960 καὶ
1057 2908 1410 2964 διδασκαλίαν
1459 2912 1582 2966 τινὰ
1619 2912 1712 2967 τοῦ

113 2999 276 3054 θείου
323 3001 488 3068 φόϐου
542 3002 672 3071 ἡμῖν
715 3001 1069 3072 παραδίδωσι.
1105 3003 1178 3056 Τὸ
1210 3005 1306 3075 μὲν
1336 3005 1461 3077 γὰρ,
1501 3009 1583 3060 ὅτι
1609 3007 1713 3079 χρὴ

1817 1818 1983 1870 tivam
2019 1815 2216 1870 iterum
2253 1813 2549 1876 suscitans,
2573 1827 2636 1867 ac
2675 1813 2852 1868 denuo
2887 1813 2940 1864 in
2977 1809 3080 1862 illis
3124 1806 3402 1861 Christum

1814 1907 2078 1970 formans,
2107 1905 2246 1960 filios
2271 1905 2610 1976 appellabat:
2631 1912 2684 1958 et
2714 1904 2968 1972 quoniam
2994 1899 3261 1966 collapsos
3275 1911 3402 1950 cum

1815 2000 2002 2054 dolore
2046 2007 2100 2054 et
2146 1997 2396 2068 angustia
2427 1997 2782 2060 emendabat,
2816 1993 3010 2061 spiritu
3045 1989 3316 2061 parturire
3341 2001 3406 2042 se

1814 2092 1972 2154 dixit,
2003 2091 2072 2144 ob
2107 2101 2426 2158 conceptam
2455 2089 2522 2143 de
2543 2087 2706 2157 lapsis
2743 2085 3042 2139 tristitiam.
3067 2081 3252 2134 Filioti
3276 2079 3400 2143 mei,

1814 2199 1942 2248 quos
1975 2183 2170 2236 iterum
2207 2183 2467 2250 periurio,
2508 2179 2670 2232 donec
2699 2179 2956 2245 {armetur
2987 2177 3042 2228 in
3083 2174 3223 2227 vobis
3244 2171 3404 2224 Chri-

1814 2270 2010 2323 stus“.
2061 2267 2240 2324 Venite
2287 2269 2468 2342 igitur,
2497 2268 2823 2337 ﬁlii,audite
2851 2281 2954 2320 me.
3001 2263 3138 2331 Quid
3185 2263 3405 2317 tandem

1797 2371 1916 2416 'uos
1945 2360 2247 2429 spiritualis
2297 2370 2482 2416 noster
2509 2367 2668 2430 pater
2713 2361 2910 2412 docere
2953 2357 3112 2414 vult?
3141 2355 3406 2410 Timorem

1821 2453 2054 2518 Domini,
2085 2453 2281 2521 inquit,
2321 2453 2516 2507 docebo
2547 2468 2657 2506 vos.
2689 2450 2982 2518 Postquam
3025 2448 3406 2518 superiusjus-

1815 2547 1888 2602 sit
1931 2547 2218 2602 Dominum
2279 2547 2506 2612 timere,
2543 2545 2864 2613 lucrumque
2903 2542 3047 2612 quod
3097 2555 3166 2594 ex
3212 2539 3407 2601 timore

1814 2639 2148 2709 percipitur,
2179 2639 2418 2694 ostendit
2457 2640 2541 2693 his
2595 2637 2777 2692 verbis
2815 2651 2828 2687 :
2871 2633 3137 2699 Quoniam
3181 2649 3287 2685 non
3329 2640 3406 2684 est

1814 2733 1993 2800 inopia
2045 2731 2344 2786 timentibus
2383 2747 2498 2785 eum
2533 2738 2695 2796 ;tum
2757 2729 2976 2783 demum
3039 2725 3196 2780 nobis
3240 2723 3408 2777 tradit

1816 2825 2054 2892 aliquam
2082 2823 2248 2878 divini
2283 2822 2494 2876 timoris
2533 2820 2858 2875 doctrinam.
2893 2817 3028 2872 Nam
3077 2818 3218 2884 quod
3252 2825 3406 2870 recte

1815 2917 1996 2970 valere
2025 2924 2296 2984 oporteat,
2323 2913 2614 2984 cujuslibet
2637 2913 2722 2968 vel
2768 2913 2948 2966 idiota:
2987 2909 3148 2964 fuerit
3176 2909 3358 2964 dicere
3387 2927 3402 2962 :

1819 3007 2088 3079 quomodo
2141 3021 2270 3062 vero
2314 3007 2684 3076 comparanda
2735 3005 2944 3060 sanitas
2995 3003 3089 3066 sit,
3125 3001 3254 3056 illud
3291 3001 3405 3070 jam

117 3093 418 3162 ὑγιαίνειν,
453 3093 652 3156 παντός
696 3095 844 3147 ἐστιν
887 3097 1082 3160 εἰπεῖν,
1112 3098 1204 3150 καὶ
1236 3097 1330 3150 τοῦ
1362 3097 1569 3152 ἰδιώτου
1593 3119 1606 3132 ο
1653 3099 1712 3153 τὸ

1841 3101 2092 3171 iroprium
2121 3108 2207 3155 est
2245 3097 2419 3166 illius,
2457 3098 2548 3168 qui
2579 3107 2752 3150 artem
2789 3095 3054 3149 medicam
3081 3093 3250 3148 novit.
3291 3091 3404 3146 Non

115 3186 210 3247 δὲ,
241 3183 358 3247 πῶς
381 3182 488 3254 χρὴ
525 3183 830 3254 κτήσασθαι
868 3185 966 3255 τὴν
998 3186 1206 3253 ὑγείαν,
1247 3185 1404 3239 τοῦτο
1438 3187 1566 3242 ἴδιον
1612 3187 1711 3260 ἤδη

115 3273 226 3328 τοῦ
253 3275 354 3346 τὴν
390 3275 639 3345 ἰατρικὴν
660 3275 854 3346 τέχνην
881 3276 1265 3346 ἐπισταμένου.
1302 3279 1377 3330 Ού
1415 3281 1521 3341 πᾶς
1553 3280 1715 3348 φόϐος

120 3367 337 3436 ἀγαθόν
366 3369 480 3420 ἐστι
509 3368 606 3420 καὶ
629 3369 913 3438 σωτήριον,
949 3369 1063 3421 ἀλλ’
1115 3369 1230 3422 ἐστι
1267 3388 1352 3434 τις
1386 3373 1480 3424 καὶ
1523 3372 1716 3444 ἐχθρὸς

125 3461 320 3532 φόϐος,
347 3461 406 3514 6v
431 3460 728 3530 ἀπεύχεται
753 3465 780 3515 6
797 3463 1091 3534 Προφήτης
1115 3466 1432 3533 ἐγγενέσθαι
1460 3468 1624 3521 αὑτοῦ
1647 3473 1713 3540 τῇ

123 3553 301 3622 ψυχῇ,
337 3551 538 3618 λέγων·
597 3552 729 3604 Ἀπὸ
764 3554 950 3620 φόϐου
990 3555 1207 3622 ἐχθροῦ
1247 3557 1322 3627 (5)
1355 3559 1571 3620 ἐξελοῦ
1605 3561 1718 3628 τὴν

125 3641 348 3710 ψυχήν
369 3659 512 3709 μου.
557 3640 782 3711 Ἐχθρὸς
811 3643 918 3714 γάρ
949 3643 1111 3711 φόϐος
1137 3645 1165 3696 6
1194 3644 1424 3698 θανάτου
1453 3651 1585 3718 ἡμῖν
1609 3649 1717 3702 δει-

127 3734 256 3786 λίαν
283 3732 547 3804 ἐμποιῶν,
577 3734 604 3784 6
639 3732 946 3803 προσώπων
995 3735 1267 3806 ὑπεροχάς
1312 3741 1717 3810 καταπτήσσειν

131 3825 286 3896 ἡμᾶς
311 3823 640 3877 ἀναπείθων.
677 3823 800 3887 Πῶς
825 3825 934 3897 γὰρ
966 3827 995 3878 6
1025 3827 1197 3880 ταῦτα
1218 3827 1553 3900 φοϐούμενος
1572 3833 1720 3902 δυνή-

135 3929 294 3967 σεται
329 3915 386 3964 ἐν
423 3911 600 3982 καιρῷ
634 3913 936 3984 μαρτυρίου
981 3913 1142 3985 μέχρι
1185 3915 1416 3970 θανάτου
1455 3919 1592 3990 πρὸς
1623 3921 1720 3992 τὴν

135 4005 416 4078 ἁμαρτίαν
443 4005 898 4076 ἀντικαταστῆναι
931 4007 1030 4078 (4),
1061 4009 1154 4060 καὶ
1187 4009 1478 4064 ἀποδοῦναι
1505 4012 1583 4084 τῷ
1609 4016 1720 4068 Κυ-

139 4099 246 4171 ρίῳ
295 4096 394 4168 τὴν
449 4097 690 4166 ὀφειλὴν,
738 4095 816 4166 τῷ
869 4099 1008 4169 ὑπὲρ
1058 4099 1214 4170 ἡμῶν
1273 4102 1598 4157 ἀποθανόντι
1628 4107 1722 4158 καὶ

137 4189 455 4262 ἐγερθέντις
485 4189 594 4242 Καὶ
619 4192 647 4241 ὁ
670 4189 774 4242 ὑπὸ
796 4191 1062 4260 δαιμόνων
1089 4194 1388 4264 εύπτόητος
1415 4197 1506 4250 τὸν
1532 4197 1723 4269 ἐχθρὸν

141 4283 258 4354 ἔχει
283 4281 444 4351 φόϐον
474 4283 532 4334 ἐν
559 4283 753 4352 ἐαυτῷ.
781 4283 890 4338 Καὶ
913 4285 1070 4348 ὅλως,
1095 4288 1123 4339 6
1149 4287 1390 4352 τοιοῦτος
1415 4291 1578 4359 φόϐος
1598 4294 1724 4346 ἀπι-

145 4373 300 4436 στίας
344 4373 518 4426 ἔοικεν
576 4373 795 4442 ἔγγονον
851 4369 991 4429 εἶναι
1040 4377 1230 4441 πάθος.
1266 4379 1460 4444 Οὐδεὶς
1492 4382 1599 4454 γὰρ
1638 4401 1726 4436 πι-

1815 3195 1960 3247 enim
1985 3191 2163 3262 quivis
2202 3193 2364 3246 timor
2393 3193 2570 3245 bonus
2608 3199 2692 3244 est
2719 3197 2814 3242 aut
2857 3185 3137 3250 salutaris,
3185 3184 3296 3238 imo
3325 3192 3410 3238 est.

1815 3287 1976 3341 etiam
2009 3285 2229 3354 quidam
2267 3283 2480 3338 hostilis
2510 3283 2690 3346 timor,
2727 3295 2888 3350 quem
2921 3282 3244 3347 deprecatur
3269 3273 3408 3329 Pro-

1817 3380 1997 3447 pheta,
2026 3391 2094 3432 ne
2129 3376 2298 3446 ipsius
2347 3375 2544 3428 animae
2592 3373 2840 3435 accedat,
2870 3371 3059 3426 dicens
3097 3383 3114 3423 :
3145 3369 3190 3422 Α
3221 3367 3409 3420 timore

1817 3469 2029 3522 inimico
2053 3469 2194 3536 eripe
2220 3467 2452 3521 animum
2484 3481 2655 3518 meam
2673 3465 2739 3517 “.
2781 3463 3037 3518 Inimicus
3066 3461 3212 3516 enim
3245 3460 3410 3513 timor

1819 3568 1901 3614 est
1930 3559 2020 3627 qui
2055 3557 2214 3612 nobis
2244 3558 2386 3627 parit
2410 3559 2602 3610 mortis
2633 3566 2856 3620 metum,
2883 3555 3162 3624 nobisque,
3183 3561 3243 3606 ut
3279 3563 3408 3621 per-

1819 3667 2070 3704 sonarum
2120 3650 2413 3720 dignitates
2451 3649 2833 3716 formidamus,
2873 3645 3085 3702 suadet.
3123 3643 3410 3711 Quomodo

1820 3743 1960 3797 enim
1998 3741 2090 3810 qui
2139 3743 2327 3795 istltaac
2359 3741 2582 3804 metuit,
2620 3740 2819 3809 poterit
2863 3747 3109 3806 tempore
3159 3731 3409 3804 martyrii

1822 3835 1886 3888 ad
1919 3841 2147 3887 mortem
2175 3847 2349 3902 usque
2382 3843 2609 3900 peccato
2647 3832 2922 3894 resistere,
2961 3844 3024 3882 ac
3053 3827 3286 3882 Domino
3313 3826 3410 3894 qui

1823 3941 1918 3993 pro
1945 3925 2100 3978 nobis
2121 3933 2366 3978 mortuus
2393 3934 2474 3978 est
2496 3933 2551 3978 et
2589 3923 2908 3986 resurrexit,
2939 3921 3182 3976 debitum
3227 3915 3409 3972 exsol-

1825 4033 1949 4071 vere
1973 4017 1998 4070 ?
2027 4017 2091 4070 Et
2118 4017 2206 4086 qui
2234 4031 2262 4070 a
2291 4016 2638 4071 daemonibus
2675 4016 2834 4070 facile
2865 4024 3224 4085 perterretur,
3253 4013 3306 4066 in
3349 4026 3414 4066 se

1825 4111 1942 4178 ipso
1967 4109 2246 4164 inimicum
2281 4110 2530 4164 timorem
2561 4109 2742 4162 habet.
2773 4109 2834 4161 Et
2873 4124 2979 4162 uno
3007 4107 3194 4168 verbo,
3229 4104 3412 4174 hujus-

1825 4202 1968 4256 modi
2015 4202 2175 4256 timor
2221 4201 2556 4270 perturbatio
2606 4201 2851 4270 quaedam
2908 4215 2974 4254 ex
3033 4196 3420 4252 incredulitate

1826 4302 2086 4362 prognata
2125 4294 2339 4347 videtur
2371 4307 2513 4348 esse.
2557 4291 2727 4346 Nemo
2779 4291 2921 4346 enim
2962 4289 3056 4359 qui
3090 4289 3191 4344 sibi
3220 4288 3414 4342 adesse

1829 4385 2004 4437 credit
2047 4383 2242 4438 fortem
2291 4384 2694 4448 auxiliatorem,
2736 4383 2888 4436 timet
2935 4381 3169 4449 aliquem
3198 4393 3408 4441 eorum,

145 4461 352 4518 στεύων
389 4462 606 4534 ἰσχυρὸν
655 4464 804 4536 αὐτῷ
844 4467 1097 4536 παρεῖναι
1129 4471 1220 4520 τὸν
1254 4469 1446 4540 βοηθὸν
1481 4471 1725 4542 φοϐεῖται

1841 4476 1926 4545 qui
1965 4475 2138 4545 ipsum
2185 4477 2514 4529 conturbare
2555 4483 2840 4528 conantur.
2880 4473 3066 4527 Timor
3091 4481 3270 4524 autem
3316 4469 3410 4538 qui

143 4555 256 4608 ἀπὸ
281 4571 424 4616 τινος
451 4554 560 4606 τῶν
590 4556 1008 4627 ἐπιχειρούντων
1036 4560 1199 4612 αὑτὸν
1221 4563 1601 4634 ἐκταράσσειν.
1631 4566 1728 4618 Φό-

147 4649 246 4710 ϐος
275 4648 330 4700 δὲ
365 4650 394 4700 6
432 4649 720 4718 σωτήριος,
755 4649 848 4700 καὶ
895 4649 1058 4716 φόϐος
1105 4652 1378 4722 ἀγιασμοῦ
1427 4657 1728 4726 ποιητικὸς,

149 4740 311 4811 φόϐος
339 4741 368 4792 6
395 4740 512 4793 κατ’
543 4741 902 4810 ἐπιτήδευσιν,
929 4743 1022 4795 καὶ
1054 4744 1174 4813 οὐχὶ
1211 4745 1352 4798 κατὰ
1379 4747 1546 4811 πάθος
1578 4751 1730 4816 ἐγγι-

148 4834 370 4902 νόμενος
403 4833 468 4901 τῇ
502 4831 669 4902 ψυχῇ,
706 4832 856 4896 ποῖός
883 4833 958 4904 (ὅ)
998 4834 1111 4886 ἐστι
1136 4833 1311 4903 βούλει
1347 4838 1728 4910 διηγήσωμαι;

227 4991 268 5020 ⁸³
309 4988 430 5044 Gal.
463 5005 538 5054 tv,
567 4989 652 5046 l9.
729 4991 774 5023 “
797 4990 942 5046 Psal.
971 5007 1105 5050 unt
1128 5033 1143 5059 ,
1173 4995 1226 5050 2.

236 5125 523 5202 (99)_tloib.
547 5129 755 5202 primus
781 5131 875 5183 καὶ
902 5129 1052 5202 δίψῃ.

235 5197 306 5268 il)
328 5197 460 5252 'Vox
481 5199 786 5263 ἐνδιάθετος
820 5202 948 5254 mihi
970 5197 1081 5256 hoc
1121 5199 1238 5256 loco
1267 5202 1407 5255 idem
1441 5204 1624 5258 valere
1653 5206 1734 5259 vi-

161 5269 497 5348 deturdquod
551 5286 660 5348 vos
692 5270 991 5348 ἐμπαθὴς]
1037 5273 1281 5348 magistri
1338 5274 1500 5348 intus_
1530 5275 1730 5344 aﬁ‘ecti,

162 5339 679 5402 amantis,benevoli.
713 5339 820 5394 Sed
855 5339 1014 5408 paulo
1056 5342 1210 5393 aliter
1259 5343 1424 5394 sentit
1461 5339 1732 5398 Couiibeti—

163 5413 298 5490 sius,
315 5410 466 5478 cujus
494 5409 606 5464 haec
627 5421 805 5490 suntl:
850 5409 1154 5490 ἐνδιαθέτου
1177 5411 1546 5490 διδασκάλου,
1577 5416 1728 5482 quasi

163 5477 422 5552 ἐμψύχου,
455 5494 525 5552 ea;
549 5481 724 5534 animo
755 5480 1012 5552 loquentis
1047 5483 1284 5552 magistri
1314 5500 1412 5536 vox
1441 5499 1458 5536 :
1494 5477 1730 5538 sincere:

167 5565 278 5604 stve
302 5549 485 5612 etiam,
509 5550 676 5614 intus,
709 5553 766 5603 in
793 5549 970 5604 corde.

237 5617 306 5695 (ᾖ)
325 5617 408 5695 lta_
430 5633 538 5695 sex‘
552 5635 684 5676 mss.
713 5621 854 5695 Editi
886 5637 1015 5676 vero
1041 5621 1412 5694 κυοφορούσης
1456 5623 1524 5678 τὰ
1553 5619 1726 5695 βρέφη

163 5689 233 5744 τὸ
256 5688 318 5762 ν
350 5689 487 5762 αὐτῇ
514 5689 972 5762 διαμορφούμενα.

246 5759 316 5828 (5i
349 5759 510 5814 Recte
551 5759 615 5814 ac
659 5759 792 5817 sritc
823 5759 1113 5819 annotavit
1147 5763 1504 5821 Combcfisius
1561 5765 1726 5820 inter.

1835 4567 2089 4623 salutaris
2121 4578 2226 4634 est,
2247 4579 2300 4620 et
2321 4568 2480 4621 timor
2503 4568 2591 4636 qui
2616 4567 2828 4621 confert
2851 4565 3216 4629 sanctitatem,
3249 4562 3412 4615 tiatur.

1836 4661 1928 4730 qui
1955 4661 2020 4714 de
2051 4661 2337 4726 industria,
2372 4671 2426 4715 et
2465 4677 2571 4714 non
2605 4661 2900 4713 secundum
2933 4655 3271 4712 affectionem
3296 4653 3414 4706 ani-

1841 4769 1929 4808 mo
1959 4755 2175 4818 accidit,
2205 4756 2286 4808 vis
2310 4769 2575 4824 exponam
2603 4753 2779 4822 qualis
2809 4751 2918 4804 sit?
2941 4750 3020 4803 Ad
3053 4747 3269 4816 aliquod
3295 4760 3416 4815 pec~

1839 4855 2018 4900 catum
2065 4844 2262 4914 impelli
2302 4853 2352 4899 te
2401 4861 2522 4898 cum
2553 4843 2776 4909 videris,
2819 4839 3144 4896 horrendum
3196 4837 3322 4891 illud
3359 4846 3414 4889 et

1840 5149 2047 5204 pretem
2099 5145 2338 5190 veterem
2401 5135 2775 5202 imprudenter
2823 5129 3106 5204 vulgatam
3167 5139 3412 5204 secutum

1843 5199 2033 5267 fuisse,
2094 5221 2192 5259 nec
2227 5205 2417 5274 psalmi
2443 5199 2604 5258 verba
2632 5205 2718 5257 hic
2753 5203 2888 5274 verti
2945 5199 3214 5274 debuisse.
3275 5215 3308 5248 a
3349 5203 3416 5274 ti-

1841 5293 1982 5328 more
2013 5269 2240 5339 inimici,
2273 5275 2389 5338 sed,
2422 5292 2454 5327 α
2491 5277 2675 5328 timore
2705 5273 2942 5326 inimico.
2971 5271 3075 5322 lies
3104 5271 3171 5320 ita
3207 5269 3418 5336 perspi-

1840 5361 1939 5399 cua
1969 5357 2076 5408 est,
2113 5355 2170 5398 ut
2226 5361 2400 5408 nemo,
2443 5349 2668 5412 opinor,
2723 5343 2888 5396 homo
2923 5343 3014 5412 qui
3057 5339 3200 5392 hunc
3237 5339 3418 5392 locum

1839 5425 2044 5468 attente
2073 5415 2282 5484 legerit,
2318 5431 2380 5468 ea
2407 5411 2566 5468 deire
2587 5413 2934 5484 dubitaturus
2965 5411 3057 5464 sit.

1911 5487 1990 5554 (ιι)
2019 5478 2152 5551 Ριθεῖ
2179 5485 2446 5538 secundus
2469 5484 2826 5554 καταστῆναι.
2846 5481 2965 5535 Mox
2987 5495 3116 5535 mss.
3143 5493 3234 5534 sex
3259 5478 3418 5552 ἐγερ-

1839 5555 2010 5614 θέντι.
2039 5557 2178 5610 Editi
2205 5569 2332 5608 vero
2355 5555 2648 5608 ἀναστάντι

1912 5629 1989 5696 (5)
2029 5627 2099 5680 Ita
2133 5635 2365 5694 quatuor
2388 5641 2517 5682 mss.
2548 5641 2670 5681 cum
2725 5623 2963 5682 editione
3005 5620 3168 5676 Basil.
3235 5619 3418 5676 Editio

1837 5712 1963 5753 vero
1993 5697 2160 5753 Puris.
2187 5696 2390 5758 ὁποῖος.

1830 5865 1860 5880 α
