3818 6220
398 285 500 343 ὅτι
1755 292 1813 347 S.
1854 290 2103 347 BASlLll
2145 291 2360 350 MAGNI
3601 296 3692 349 $72

396 386 739 452 intolerabile
778 394 980 451 Christi
1005 396 1264 462 tribunal,
1297 413 1500 468 quaeso,
1529 401 1708 473 cogita
1736 423 1751 459 :
1793 406 1847 459 in
1878 421 1986 475 quo

2118 407 2259 458 Οταν
2292 404 2492 478 μέλλῃς
2518 404 2611 458 ἐπί
2636 421 2757 460 τινα
2779 404 2956 476 ὀρμᾷν
2980 405 3280 477 ἁμαρτίαν,
3307 407 3594 479 ὲννόησύν
3620 426 3693 479 μοι

396 489 650 562 [insidet
700 488 915 557 quidem
947 488 1112 558 judex
1150 492 1203 544 in
1250 490 1361 547 alto
1398 491 1633 562 quodam
1672 505 1727 550 et
1770 498 1983 553 sublimi

2122 500 2267 549 κεῖνο
2296 497 2357 550 τὸ
2393 498 2620 568 φρικτὸν
2648 498 2742 551 καὶ
2778 497 3100 551 ἀνύποιστον
3135 499 3230 552 τοῦ
3257 500 3523 570 Χριστοῦ
3552 501 3692 554 δαι-

402 582 616 644 throno,
629 580 807 634 omnis
837 594 969 634 vero
992 591 1239 636 creatura
1281 584 1351 637 ob
1381 584 1674 656 gloriosum
1706 588 1824 659 ejus
1862 605 1988 645 οοη-

2118 591 2333 660 τήριον,
2384 590 2443 642 ὲν
2476 582 2521 657 ᾧ
2561 588 2960 662 προκαθέζεται
3007 589 3105 659 μὲν
3149 592 3243 643 ὲπὶ
3291 592 3507 663 θρόνου
3562 591 3693 655 τινὸς

398 678 640 740 spectum
672 671 1101 726 contremiscens
1127 682 1303 739 astat;
1339 674 1449 731 imo
1479 692 1611 733 vero
1634 678 1874 735 futurum
1904 690 1989 737 est

2118 678 2297 749 ιψηλοῦ
2323 680 2416 735 καὶ
2449 680 2759 752 ἐπηρμένου
2790 681 2819 732 ὁ
2846 680 3061 752 κριτὴς,
3093 681 3423 753 παρέστηκε
3453 682 3525 735 δὲ
3556 684 3697 735 mia

396 769 460 817 nt
496 759 691 829 singuli
732 761 1085 826 adducamur,
1116 779 1304 819 eorum
1338 782 1458 836 quin
1487 768 1540 823 in
1575 770 1682 824 vita
1714 772 1988 840 egerimus

2118 793 2123 842 ι
2150 772 2326 835 κτίσις
2347 772 2735 843 ὑποτρέμουσα
2771 773 2869 843 τὴν
2899 773 3218 840 ἐπιφάνειαν
3252 773 3439 827 αὐτοῦ
3475 777 3588 844 τὴν
3620 775 3697 825 έν-

401 865 629 907 examen
656 853 910 909 subituri.
943 855 1147 911 Deinde
1172 858 1244 924 ei,
1279 860 1371 929 qui
1402 861 1570 916 multa
1605 863 1745 918 mala
1776 880 1872 932 per
1904 866 1986 920 vi-

2120 860 2268 927 οξον·
2303 862 2649 934 παράγεσθαι
2692 862 2748 915 δὲ
2781 862 3044 933 μέλλομεν
3083 864 3203 917 καθ’
3236 865 3342 918 ἕνα
3384 868 3474 929 εἰς
3502 865 3701 929 ἐξέτα-

402 953 512 1000 tam
543 949 957 1016 perpetraverit,
991 951 1283 1007 horribiles
1306 952 1526 1022 quidam
1566 969 1629 1010 ac
1665 957 1865 1012 morosi
1897 973 1989 1012 an-

2118 972 2175 1008 rtv
2219 954 2327 1008 τῶν
2375 955 2723 1026 βεϐιωμένων
2771 956 2923 1025 ἡμῖν.
2969 951 3102 1008 Εἶτα
3135 956 3222 1028 τῷ
3246 957 3435 1010 πολλά
3478 958 3701 1029 πονηρά

402 1038 507 1108 geli
545 1039 819 1108 assident,
865 1042 1044 1111 ignem
1098 1057 1164 1098 ex
1212 1045 1387 1099 oculis
1430 1047 1774 1114 emittentes,
1808 1049 1986 1120 ignem

2118 1045 2415 1116 πεποιηκότι
2450 1045 2591 1099 κατά
2616 1045 2708 1098 τὸν
2730 1044 2843 1115 βίον
2872 1045 3091 1117 φοϐεροί
3115 1064 3263 1111 τινες
3294 1049 3397 1102 καὶ
3419 1053 3704 1119 xc:qu

403 1133 700 1201 spirantes,
754 1147 976 1205 propter
1019 1138 1184 1191 animi
1226 1140 1600 1206 acerbitatem,
1658 1143 1802 1197 nocti
1839 1142 1988 1199 vultu

2118 1139 2452 1209 παρίστανται
2481 1138 2725 1206 ἄγγελοι,
2758 1137 2868 1209 πῦρ
2898 1137 3206 1207 βλέποντες,
3236 1140 3355 1212 πῦρ
3384 1142 3701 1195 ἀναπνέονι

402 1225 625 1289 similes,
658 1227 727 1284 ob
767 1226 921 1284 faciei
965 1230 1312 1286 telricitatem
1361 1242 1417 1288 et
1464 1234 1744 1289 hominum
1782 1235 1986 1292 odium.

2118 1247 2201 1293 ἐς,
2245 1229 2331 1283 διὰ
2358 1231 2458 1300 τὴν
2504 1230 2729 1300 πικρίαν
2763 1229 2865 1298 τῆς
2890 1231 3282 1302 προαιρέσεως,
3324 1231 3499 1284 νυκτὶ
3525 1231 3703 1284 ἐοικέ-

403 1313 594 1369 Postea
626 1315 808 1372 animo
852 1317 943 1372 tibi
979 1318 1150 1389 ﬁngas
1185 1321 1500 1378 barathrum
1532 1325 1878 1394 profundum,
1908 1335 1988 1382 te-

2118 1336 2181 1381 s;
2222 1318 2291 1371 τά
2318 1318 2602 1389 πρόσωπα,
2652 1317 2743 1372 διά
2771 1318 2831 1372 τὸ
2858 1321 3097 1389 κατηφὲς
3133 1321 3228 1374 καὶ
3264 1321 3705 1393 μισάνθρωπον.

404 1408 601 1464 nebras
629 1410 1093 1480 impenetrabiles,
1131 1414 1307 1484 ignem
1357 1414 1661 1485 splendoris
1690 1428 1987 1486 expertem,

2118 1409 2224 1466 Εἶτα
2277 1412 2549 1485 βάραθρον
2590 1412 2749 1484 βαθὺ,
2792 1413 2886 1467 καὶ
2933 1413 3124 1476 σκότος
3154 1412 3567 1480 ἀδιεξόδευτον,
3616 1416 3707 1467 καὶ

404 1501 515 1554 vim
545 1501 761 1570 quidem
796 1505 986 1559 urendi
1026 1504 1080 1559 in
1114 1507 1353 1562 tenebris
1393 1508 1703 1577 habentem,
1731 1510 1825 1565 sed
1872 1509 1989 1565 luce

2118 1504 2204 1576 ιῦρ
2228 1505 2506 1575 ἀλαμπές’
2540 1507 2598 1557 ἐν
2623 1504 2700 1576 τῷ
2736 1504 2917 1558 σκότει
2938 1505 3037 1575 τὴν
3072 1505 3169 1575 μὲν
3194 1506 3519 1575 καυστικὴν
3540 1506 3712 1557 δῦνα-

406 1592 721 1647 destitutum
751 1612 765 1648 :
800 1593 1032 1650 subinde
1069 1597 1334 1652 vermium
1367 1600 1638 1669 quoddam
1692 1616 1862 1671 genus
1901 1617 1989 1657 ve-

2118 1614 2187 1649 ιιν
2210 1596 2352 1666 ἔχον,
2392 1596 2454 1649 τὸ
2481 1595 2537 1649 δὲ
2562 1596 2764 1665 φέγγος
2803 1596 3178 1667 ἀφῃρημένον.
3211 1591 3354 1649 Εἶτα
3386 1595 3711 1666 σκωλήκων

405 1694 665 1737 uenatum
701 1698 766 1739 ac
797 1684 1167 1752 carnivorunt,
1212 1689 1379 1744 edens
1437 1690 1844 1758 insatiabiliter,
1893 1706 1989 1746 nec

2118 1688 2248 1752 ’ένος
2274 1687 2476 1741 ἰοϐόλον
2513 1687 2607 1740 καὶ
2640 1688 3007 1758 σαρκοφάγον,
3028 1686 3321 1758 ἀπλήστως
3356 1686 3577 1751 ἐσθίον,
3611 1688 3711 1738 καὶ

406 1786 645 1842 unquam
682 1776 1032 1841 exsatiatum,
1067 1777 1437 1837 intolerabiles
1477 1782 1691 1838 dolores
1723 1783 1989 1837 morsibus

2118 1779 2367 1849 ιηδέποτε
2410 1778 2825 1849 κορεννύμενον,
2860 1779 3166 1849 ἀφορήτους
3192 1778 3395 1841 ὀδύνας
3423 1778 3710 1848 ἐμποιοῦν

404 1861 708 1919 inducens:
744 1874 1019 1934 postremo
1073 1869 1396 1939 supplicium
1448 1875 1689 1928 omnium
1733 1876 1994 1945 gravissi-

404 1969 579 2024 mum,
611 1955 874 2024 probrum
916 1957 1044 2013 illud
1075 1970 1129 2014 et
1157 1962 1391 2019 dedecus
1422 1965 1832 2034 sempiternum.
1867 1967 1992 2023 Haec

2092 1873 2158 1941 τῇ
2190 1868 2553 1942 καταϐρώσει.
2592 1866 2724 1924 Εἶτα
2755 1871 2854 1943 τὴν
2885 1871 3073 1924 πασῶν
3096 1870 3507 1942 χαλεπωτάτην
3536 1870 3710 1924 κόλα-

2093 1977 2200 2026 σιν,
2233 1961 2324 2014 τὸν
2344 1960 2644 2030 ὀνειδισμὸν
2674 1962 2876 2013 ἐκεῖνον
2902 1961 2995 2014 καὶ
3022 1962 3119 2030 τὴν
3142 1960 3415 2031 αἰσχύνην
3434 1962 3546 2032 τὴν
3569 1960 3712 2015 ciebo

3784 726 3809 999 l

405 2044 557 2111 time,
585 2054 642 2100 et
676 2046 783 2102 hoc
810 2049 1004 2103 timore
1024 2051 1288 2119 eruditus,
1326 2056 1478 2123 quasi
1503 2054 1658 2112 freno
1694 2059 1926 2128 quodam
1960 2074 1989 2112 a

405 2136 587 2205 pravis
618 2139 1074 2207 concupiscentiis
1125 2150 1272 2197 tuam
1316 2145 1508 2201 cohibe
1543 2148 1802 2203 animam.
1835 2147 1991 2204 Hunc

405 2227 617 2282 Domini
647 2229 894 2285 timorem
932 2231 1090 2302 152
1140 2234 1425 2290 doclurqu
1463 2253 1522 2293 se
1568 2254 1665 2294 nos
1710 2251 1864 2310 pater
1901 2241 1993 2297 ille

404 2323 692 2392 promisit;
752 2339 859 2379 non
907 2325 1384 2383 indiscriminatim
1419 2330 1635 2399 quidem
1677 2331 1995 2398 doclurum,

406 2412 499 2466 sed
534 2426 649 2479 eos,
675 2415 769 2484 qui
818 2416 867 2471 ei
910 2418 1223 2475 auscultare
1269 2420 1493 2488 volunt,
1523 2439 1629 2477 non
1682 2424 1772 2478 diu
1825 2425 1992 2480 colla—

406 2517 554 2571 psos,
598 2505 693 2558 sed
727 2520 846 2571 eos,
884 2509 975 2576 qui
1010 2518 1232 2579 propter
1275 2511 1468 2566 salutis
1516 2512 1847 2569 desiderium
1894 2531 1986 2571 ao-

407 2602 634 2646 curruut
658 2612 671 2647 :
701 2610 804 2649 non
835 2608 1111 2652 extraneos
1140 2616 1171 2652 a
1192 2598 1534 2657 Testamentis
1557 2603 1623 2669 “,
1651 2604 1743 2659 sed
1767 2619 1881 2669 eos,
1900 2606 1992 2675 qui

408 2700 475 2737 ex
523 2683 848 2755 baptismate
884 2689 1051 2743 verbo
1091 2691 1396 2761 adaptionis
1437 2694 1485 2748 ei
1521 2694 1794 2762 conjuncti
1845 2706 1990 2752 sunt.

407 2775 721 2843 Propterea,
762 2779 959 2849 inquit,
1000 2784 1211 2847 venite;
1248 2783 1349 2837 hoc
1375 2792 1475 2847 est,
1515 2800 1611 2854 per
1653 2786 1791 2840 bona
1824 2801 1991 2854 opera

409 2868 834 2938 :ippropinquate
865 2873 932 2924 ad
968 2888 1073 2941 me,
1112 2873 1227 2938 lilii,
1260 2874 1406 2945 digni
1440 2876 1607 2930 habiti
1636 2878 1729 2947 qui
1784 2893 1879 2946 per
1912 2892 1994 2932 re-

409 2962 809 3029 generationem
846 2963 937 3017 ﬁlii
986 2963 1123 3019 lucis
1167 2968 1363 3021 essetis
1388 2968 1453 3022 ⁸⁸.
1486 2969 1703 3034 Audite,
1762 2986 1859 3025 vos
1899 2972 1990 3040 qui

2092 2068 2224 2106 νιον.
2253 2052 2436 2105 Ταῦτα
2476 2052 2644 2121 φοϐοῦ
2665 2068 2679 2082 ⁸
2721 2053 2818 2106 καὶ
2849 2052 3024 2123 τούτῳ
3053 2051 3132 2122 τῷ
3160 2051 3312 2123 φόϐῳ
3359 2054 3707 2124 παιδευόμε-

2092 2162 2202 2209 νος,
2238 2145 2403 2199 οἱονεῖ⁵
2436 2145 2638 2216 χαλινῷ
2667 2163 2772 2199 τινι
2807 2146 3081 2199 ἀνάκοπτε
3112 2146 3207 2216 τὴν
3234 2146 3425 2218 ψυχὴν
3453 2148 3571 2201 ἀπὸ
3601 2147 3707 2215 τῆς

2093 2236 2230 2309 πρὸς
2257 2236 2325 2290 τὰ
2355 2236 2533 2305 φαῦλα
2563 2237 2876 2308 ἐπιθυμίας.
2896 2236 3099 2290 Τοῦτον
3132 2237 3221 2289 τὸν
3247 2236 3424 2305 φόϐον
3460 2238 3566 2292 τοῦ
3596 2239 3709 2290 Κυ-

2094 2328 2210 2399 ρίου
2239 2327 2509 2382 διδάσκειν
2535 2331 2681 2400 ὴμᾶς
2706 2331 2734 2382 ὁ
2756 2328 2936 2399 πατὴρ
2965 2328 3357 2399 ἐπηγγείλατο·
3387 2329 3495 2400 οὐχ
3510 2328 3706 2389 ἁπλῶς

2089 2420 2383 2487 διδάσκειν,
2423 2421 2558 2475 ἀλλά
2584 2422 2708 2485 τοὺς
2736 2422 2956 2476 ἀκούειν
2991 2420 3154 2474 αὐτοῦ
3184 2421 3701 2492 προαιρουμένους

2091 2511 2152 2564 οὐ
2189 2512 2317 2575 τοὺς
2348 2510 2568 2582 μακρὰν
2601 2512 2979 2574 ἀποπεσόντας
3004 2510 3103 2581 (6),
3142 2509 3277 2563 ἀλλά
3302 2512 3436 2575 τοὺς
3480 2512 3553 2563 δι’
3580 2514 3708 2564 ἐπι-

2093 2601 2290 2673 θυμίαν
2323 2604 2417 2656 τοῦ
2447 2602 3135 2676 σωθῆναιπροστρέχοντας
3158 2620 3170 2632 ·
3197 2603 3260 2655 οὐ
3291 2602 3446 2667 τοὺς
3478 2602 3705 2667 ξένους

2092 2694 2212 2749 τῶν
2238 2694 2565 2763 Διαθηκῶν,
2603 2695 2738 2750 ἀλλά
2772 2698 2897 2760 τοὺς
2943 2699 3008 2749 ὲκ
3037 2696 3130 2749 τοῦ
3160 2684 3577 2767 βαπτίσματοξ
3601 2698 3701 2765 τῆς

2093 2788 2366 2851 υἱοθεσίας
2406 2789 2808 2859 οἰκειουμένους
2841 2787 2921 2858 τῷ
2958 2788 3119 2859 λόγῳ.
3170 2789 3271 2842 Διά
3303 2789 3494 2852 τοῦτο,
3540 2790 3699 2860 φησι,

2091 2878 2245 2932 δεῦτε
2263 2896 2276 2910 ·
2304 2879 2573 2943 τουτέστι,
2600 2879 2687 2932 διὰ
2708 2878 2814 2932 τῶν
2836 2878 3054 2947 ἀγαθῶν
3078 2878 3256 2949 ἔργων
3282 2880 3559 2947 ὲγγίσατέ
3584 2897 3696 2950 μοι,

2094 2973 2280 3033 τέκνα,
2338 2973 2442 3024 υἱοὶ
2494 2971 2672 3042 φωτὸς
2726 2971 2980 3039 γενέσθαι
3015 2970 3103 3025 διά
3127 2971 3224 3041 τῆς
3259 2970 3698 3040 παλιγγενεσίας

410 3066 572 3105 aures
600 3053 780 3106 cordis
815 3052 1026 3108 habetis
1062 3065 1310 3125 apertas;
1341 3059 1582 3113 timorem
1609 3060 1818 3115 Domini
1846 3064 1989 3116 doce-

2118 3062 2543 3128 ιαταξιωθέντες.
2604 3063 2919 3126 Ἀκούσατε,
2977 3064 3027 3116 οἱ
3069 3062 3284 3133 ἔχοντες
3330 3062 3405 3116 τὰ
3459 3057 3583 3117 ὦτα
3621 3063 3695 3133 (7)

411 3143 473 3198 bo
523 3161 606 3199 vos
638 3162 658 3210 ;
688 3161 808 3199 eum
855 3147 1106 3203 videlicet
1145 3164 1307 3218 quem
1359 3151 1510 3207 vobis
1548 3151 1827 3223 aliquanto
1866 3164 1992 3209 ante

409 3238 811 3307 descripsimus.

480 3416 535 3470 9.
575 3416 734 3471 Vens.
769 3417 852 3471 15.
884 3415 1015 3482 Quis
1042 3428 1116 3472 est
1140 3419 1295 3473 homo
1321 3421 1408 3490 qui
1435 3420 1539 3474 vult
1569 3422 1748 3487 vitam,
1769 3423 1990 3493 diligens

409 3506 521 3561 dies
550 3508 724 3561 uidere
751 3509 957 3562 bonos?
988 3508 1043 3562 Si
1076 3511 1220 3579 quis,
1256 3511 1455 3579 inquit,
1507 3514 1621 3567 vult
1659 3514 1850 3581 vitam,
1885 3533 1990 3570 non

410 3614 755 3653 communem
790 3599 953 3665 hanc,
1012 3616 1175 3670 quam
1206 3610 1261 3655 et
1290 3601 1447 3656 bruta
1478 3603 1689 3669 vivunt,
1737 3606 1832 3659 sed
1870 3620 1989 3659 eam

412 3704 533 3759 qua:
566 3704 691 3744 vere
740 3691 847 3745 vita
897 3701 1003 3756 est,
1055 3700 1109 3747 et
1145 3702 1321 3747 morte
1359 3709 1464 3749 non
1514 3696 1810 3750 dirimitur.
1839 3697 1993 3754 Nunc

409 3782 576 3846 enim,
598 3782 793 3851 inquit,
818 3784 1111 3850 morimini,
1137 3784 1203 3838 Et
1234 3786 1340 3840 vita
1367 3798 1546 3840 nostra
1577 3799 1650 3841 est
1680 3789 1991 3844 abscondita

410 3889 529 3927 cum
561 3871 770 3928 Christo
799 3876 850 3928 in
880 3875 1020 3929 Deo:
1064 3893 1183 3931 cum
1210 3894 1328 3932 vero
1357 3877 1601 3934 Christus
1643 3883 1948 3949 apparuerit
1973 3921 1988 3947 ,

411 3965 513 4015 vita
551 3974 730 4017 nostra
754 4005 770 4032 ,
807 3974 930 4019 tunc
960 3977 1006 4019 et
1038 3984 1126 4021 vos
1158 3969 1478 4036 apparebitis
1514 3986 1629 4022 cum
1648 3971 1763 4037 ipso
1796 3974 1850 4024 in
1879 3972 1992 4041 glo-

410 4056 492 4107 ria
525 4054 589 4110 ".
626 4056 791 4125 Igitur
843 4070 975 4111 vere
1019 4060 1128 4112 vita
1185 4069 1270 4114 est
1304 4060 1576 4124 Christus,
1610 4073 1663 4115 et
1714 4074 1899 4117 nostra
1937 4065 1989 4119 in

414 4147 532 4223 ipso
579 4147 927 4202 conversatio
958 4149 1072 4202 vita
1105 4164 1234 4202 vera
1277 4159 1382 4204 est.
1413 4149 1679 4205 Similiter
1713 4162 1893 4207 autem
1936 4161 1990 4208 et

418 4239 536 4292 dies
587 4239 676 4292 alii
718 4250 845 4293 sunt
877 4240 1027 4309 boni,
1064 4256 1199 4311 quos
1251 4242 1306 4296 in
1338 4244 1698 4312 promissione
1735 4249 1990 4315 proponit

408 4328 697 4401 Propheta.
719 4330 848 4398 Quis
875 4343 951 4387 est
977 4338 1132 4388 homo
1159 4336 1248 4406 qui
1279 4335 1386 4389 υιιίι
1414 4337 1593 4399 vitam,
1626 4336 1851 4408 diligens
1880 4340 1989 4394 dies

2094 3158 2194 3227 τῆς
2245 3156 2470 3227 καρδίας
2535 3156 2896 3226 ἀνεῳγμένα·
2949 3158 3142 3209 Φόϐον
3184 3157 3417 3222 Κιιρίου
3469 3155 3697 3221 διδάξω

2096 3247 2282 3317 ὑμᾶς·
2329 3247 2540 3313 τοῦτον,
2577 3248 2636 3301 ὃν
2673 3250 2853 3318 μικρῷ
2895 3247 3130 3320 πρόσθεν
3171 3249 3200 3299 ό
3227 3246 3393 3316 λόγος
3425 3248 3562 3318 ὑμῖν
3597 3250 3699 3302 ὺπ-

2095 3346 2355 3418 έγραψεν.

2164 3440 2215 3493 9.
2268 3436 2361 3503 Τίς
2410 3438 2569 3491 ἐστιν
2622 3436 2930 3504 ἅνθρωπος
2981 3439 3015 3489 ὁ
3068 3434 3259 3489 θέλων
3303 3435 3503 3503 ζωὴν,
3542 3437 3692 3507 ἁγια-

2096 3527 2226 3582 πῶν
2270 3528 2493 3597 ἡμέρας
2545 3526 2693 3580 ἰδεῖν
2724 3526 2992 3594 ἀγαθάς;
3054 3525 3122 3579 Εἴ
3165 3543 3250 3588 τις
3304 3524 3479 3591 θέλει,
3536 3528 3695 3598 φησὶ,

2095 3620 2261 3690 ζωὴν,
2295 3621 2358 3673 οὐ
2407 3618 2508 3688 τὴν
2557 3616 2742 3687 κοινὴν
2781 3613 2982 3687 ταύτην
3019 3618 3085 3686 ἡν
3134 3616 3229 3669 καὶ
3260 3615 3336 3669 τὰ
3380 3617 3562 3687 ἄλογα
3608 3618 3694 3689 ζῇ,

2094 3709 2231 3763 ἀλλά
2249 3710 2348 3781 τὴν
2370 3708 2538 3770 ὅντως
2570 3705 2713 3776 ζωὴν
2737 3706 2835 3777 τὴν
2878 3704 3095 3774 θανάτῳ
3126 3705 3200 3774 μὴ
3226 3703 3694 3777 διακοπτομένην.

2093 3801 2208 3854 Νῦν
2240 3800 2368 3871 γὰρ,
2393 3800 2576 3869 φησὶν,
2603 3796 2997 3864 ἀποθνήσκετε,
3034 3795 3145 3849 Καὶ
3177 3797 3215 3863 ἡ
3252 3794 3368 3860 ζωὴ
3398 3796 3582 3865 ἡμῶν
3616 3798 3692 3867 (8)

2094 3892 2413 3962 κέκρυπται
2442 3890 2563 3942 σὺν
2598 3887 2677 3953 τῷ
2703 3886 2935 3955 Χριστῷ
2957 3887 3026 3939 ἐν
3060 3885 3137 3951 τῷ
3160 3884 3315 3951 Θεῷο
3353 3886 3513 3941 ὅταν
3550 3888 3626 3941 δὲ
3668 3890 3699 3942 ό

2091 3984 2346 4053 Χριστὸς
2416 3978 2761 4051 φανερωθῇ,
2822 3980 2861 4046 ἠ
2931 3976 3043 4045 ζωὴ
3102 3977 3308 4045 ἡμῶν,
3384 3981 3529 4034 τότε
3600 3979 3700 4033 καί

2091 4074 2260 4144 ὑμεῖς
2288 4074 2410 4127 σὺν
2438 4070 2598 4136 αὐτῷ
2627 4069 3131 4140 φανερωθήσεσθε
3168 4070 3239 4122 ἐν
3263 4069 3443 4140 δόξῃ.
3483 4070 3699 4126 Οὐκοῦν

2092 4168 2188 4220 καὶ
2220 4167 2253 4237 ἡ
2283 4164 2448 4227 ὅντως
2478 4161 2592 4234 ζωὴ
2619 4164 2648 4215 ό
2677 4160 2930 4232 Χριστὸς,
2962 4161 3058 4213 καὶ
3084 4162 3117 4229 ὴ
3152 4160 3405 4231 ἡμετέρα
3436 4163 3500 4214 ἐν
3532 4163 3694 4232 αὐτῷ

2091 4257 2333 4328 διαγωγὴ
2368 4255 2479 4325 ζωή
2510 4257 2658 4307 ἐστιν
2687 4252 2936 4323 ἀληθινή.
2979 4253 3211 4323 Ὁμοίως
3243 4252 3300 4304 δὲ
3330 4254 3430 4306 καὶ
3462 4256 3525 4308 αἱ
3551 4256 3693 4324 ὴμέ-

2097 4367 2185 4421 ραι
2211 4348 2364 4401 ἄλλαι
2385 4348 2524 4400 εἰσὶν
2552 4345 2755 4413 ἀγαθαὶ
2778 4384 2792 4406 ,
2822 4344 2889 4407 ἀς
2920 4347 2977 4398 ὲν
3007 4343 3313 4415 ἐπαγγελία
3354 4346 3695 4416 προτίθησιν

410 4424 586 4478 videre
625 4424 825 4478 bonos?
858 4424 981 4480 Dies
1008 4426 1154 4480 enim
1203 4426 1365 4497 hujus
1406 4428 1614 4495 szeculi,
1660 4431 1783 4483 mali
1814 4439 1941 4485 sunt
1970 4450 1982 4485 :

2150 4440 2463 4511 Προφήτης.
2501 4439 2596 4503 Τίς
2638 4438 2810 4490 ἐστιν
2851 4435 3160 4503 ἅνθρωπος
3197 4438 3230 4487 ό
3274 4434 3473 4489 θέλων
3516 4436 3691 4504 ζωὴν,

410 4515 679 4585 siquidem
708 4516 891 4572 ethoc
920 4517 1203 4586 sarculum,
1235 4534 1491 4573 mensura
1523 4536 1644 4574 cum
1678 4521 1748 4575 sit
1780 4523 1985 4586 mundi,

410 4611 477 4659 (le
509 4622 616 4676 quo
648 4608 849 4661 dictum
904 4619 988 4663 est
1020 4627 1035 4664 :
1079 4608 1311 4663 Mundus
1347 4620 1485 4665 (olus
1546 4614 1598 4665 in
1633 4614 1863 4683 maligno
1891 4631 1987 4682 po-

410 4699 547 4752 situs
576 4709 652 4753 est
684 4698 729 4731 ⁸⁷
756 4741 771 4766 ,
813 4710 1021 4756 natura:
1052 4702 1259 4765 mundi,
1293 4718 1455 4773 quem
1491 4704 1775 4758 dimetitur
1797 4746 1813 4771 ,
1854 4707 1989 4760 assi-

413 4789 654 4845 milatur.
691 4790 755 4845 Hi
784 4803 964 4847 autem
994 4794 1109 4849 dies
1142 4805 1323 4864 partes
1358 4803 1489 4850 sunt
1520 4797 1679 4866 hujus
1703 4800 1985 4865 temporis.

412 4882 755 4952 Quapropter
797 4884 929 4939 dicit
980 4886 1316 4954 Apostolus:
1372 4886 1705 4943 Redimentes
1765 4900 1988 4956 tempus,

410 4975 661 5042 quoniam
715 4975 828 5029 dies
877 4978 1004 5031 mali
1045 4988 1165 5031 sunt
1221 4980 1288 5032 ⁸⁸.
1321 4979 1562 5048 Itemque
1591 4978 1756 5035 Jacob
1789 5001 1801 5035 :
1842 4980 1987 5047 Dies,

412 5067 608 5133 inquit,
637 5084 893 5121 annorum
923 5088 1152 5124 meorum
1205 5072 1362 5139 pauci
1390 5082 1438 5125 et
1466 5072 1595 5124 mali
1628 5081 1751 5126 sunt
1783 5074 1849 5127 ‘9.
1876 5074 1984 5127 Ita-

487 5205 531 5236 “
563 5202 757 5270 Ephes.
791 5220 852 5270 ιι,
877 5204 962 5258 12.
1041 5205 1085 5237 ⁸⁸
1117 5204 1134 5258 ι
1165 5204 1357 5261 Thess.
1392 5221 1443 5269 ν.
1483 5205 1537 5258 5.

417 5289 591 5340 nm,
633 5272 668 5328 9

487 5430 565 5499 (6)
613 5432 760 5497 Τοὺς
778 5429 1019 5500 μακρὰν
1040 5430 1498 5496 ἀποπεσόντας,
1540 5438 1691 5487 verte
1727 5447 1742 5486 :
1787 5448 1873 5487 eos
1911 5433 2000 5501 qui

417 5502 600 5569 procul
639 5503 772 5568 lapsi
806 5513 948 5556 sunt.
979 5501 1190 5557 MARAN.

491 5571 567 5640 t7)
599 5571 669 5625 Ita
697 5564 856 5633 'mss.,
890 5586 994 5624 non
1023 5574 1198 5639 pauci.
1232 5572 1372 5627 Editi
1396 5571 1608 5641 ἔχοντες
1632 5564 1769 5625 ὦτα.
1794 5571 1996 5626 Ibidem

420 5641 570 5694 (Lolli.
606 5643 809 5706 primus
839 5641 1178 5711 ὴνεῳγμένα.

493 5712 567 5781 (8)
593 5710 685 5767 Sic
723 5710 869 5767 mss.
892 5723 945 5766 et
966 5713 1131 5768 editio
1150 5712 1314 5770 Basil.
1349 5728 1469 5768 cum
1497 5712 1709 5784 vulgato
1736 5712 1982 5783 Scriptu-

1630 5206 1687 5256 .“
1717 5204 1922 5261 Coloss.
1956 5224 2036 5271 ιιι,
2066 5208 2117 5271 5,
2152 5209 2205 5263 4.

2098 4530 2348 4601 ἀγαπῶν
2389 4529 2617 4599 ἡμέρας
2654 4528 2802 4582 ἰδεῖν
2824 4526 3091 4598 draddc;
3137 4527 3201 4579 Ai
3236 4526 3346 4597 γὰρ
3370 4527 3470 4579 τοῦ
3497 4529 3692 4591 αἰῶνος

2097 4623 2518 4695 τούτουὴμέραι
2570 4620 2842 4692 πονηραὶ,
2890 4619 3079 4690 ἐπειδὴ
3123 4619 3216 4672 καί⁵
3253 4620 3282 4672 ὁ
3325 4618 3466 4673 αίὼν
3512 4614 3689 4683 0370;,

2095 4719 2190 4771 τοῦ
2240 4718 2445 4787 κόσμου
2480 4717 2677 4786 μέτρον
2710 4698 3009 4787 ὑπάρχων,
3048 4715 3176 4785 περὶ
3217 4706 3277 4767 οὗ
3311 4714 3563 4784 εἴρηται,
3606 4717 3691 4769 δτι

2108 4810 2159 4861 Ὀ
2178 4810 2404 4877 κόσμος
2428 4807 2573 4871 ὅλος
2597 4807 2667 4859 ἐν
2685 4805 2765 4871 τῷ
2794 4803 3036 4873 πονηρῷ
3055 4805 3257 4867 κεῖται,
3285 4803 3657 4875 συναφομοιοῦ
3682 4839 3689 4844 -

2095 4917 2185 4953 ται
2216 4901 2283 4970 τῇ
2334 4897 2491 4967 φύσει
2520 4895 2614 4950 τοῦ
2648 4897 2853 4966 κόσμου
2880 4894 2939 4948 ὃν
2962 4897 3237 4966 ὲκμετρεῖ.
3280 4895 3440 4967 Μέρη
3488 4897 3549 4950 δὲ
3593 4896 3688 4950 τοῦ

2098 4988 2291 5058 χρόνου
2331 4987 2521 5040 τούτου
2561 4987 2617 5040 αί
2664 4985 2871 5056 ἡμέραι
2905 4978 3087 5037 αῦται.
3136 4985 3233 5037 Διά
3263 4984 3424 5038 τοῦτό
3457 5002 3629 5054 φησιν
3656 4987 3687 5038 ὁ

2107 5076 2456 5138 Ἀπόστολος·
2502 5073 3014 5144 Ἐξαγοραζόμενοι
3058 5073 3165 5126 τὸν
3212 5075 3446 5141 καιρὸν,
3491 5073 3584 5128 ὅτι
3622 5078 3687 5128 αι

2310 5208 2353 5240 ⁸⁷
2391 5205 2587 5261 lJoan.
2629 5222 2683 5271 v,
2711 5204 2799 5260 i9.
2915 5204 2960 5235 ⁸⁸
2987 5203 3188 5274 Ephes.
3217 5203 3385 5271 v,16.
3467 5203 3515 5236 ⁸⁸
3548 5203 3683 5261 Gen.

2108 5444 2371 5511 raitcyrtu.
2403 5432 2580 5488 Editio
2611 5431 2819 5511 Daris.‘
2848 5430 3171 5511 {mh_6tu?w.
3218 5428 3319 5511 illa
3351 5442 3476 5497 quas
3527 5429 3684 5511 paulo

2106 5504 2244 5556 infra
2277 5505 2552 5572 leguntur,
2591 5504 2711 5557 τότε
2734 5502 2830 5556 καὶ
2861 5500 3148 5573 ὑμεῖςσὺν
3179 5500 3329 5570 αὐτῷ
3366 5516 3504 5570 φανε

2106 5569 2356 5651 σεσθέὲν
2393 5573 2541 5651 δόξῃ,
2577 5575 2775 5651 desunt
2801 5569 3020 5651 quidem
3063 5572 3118 5626 in
3146 5569 3685 5651 (ιιιιιιιιιιςηιεέηκό

2104 5647 2450 5716 reperiuntur
2493 5642 2561 5703 in
2597 5644 2717 5701 aliis
2746 5642 2971 5714 perinde
2991 5652 3154 5712 atque
3185 5642 3237 5696 in
3264 5642 3459 5701 editis.

3800 1642 3818 2209 ἑ

3812 2548 3818 2797 4

3806 2238 3818 2463 l
