3818 6220
59 297 180 354 3'75
1256 304 1547 362 HOMILIA
1585 306 1654 362 IN
1696 306 2031 367 PSALMUM
2070 311 2320 367 XXXIII.
3285 312 3390 369 574
3448 366 3451 367 ν

62 422 304 495 ἡμέραι
336 429 628 496 πονηραί
651 431 789 483 εἱσι.
821 431 933 484 Ka‘t
958 433 986 484 6
1027 430 1222 484 Ἰακὼϐ
1249 432 1307 485 δὲ
1342 432 1440 503 (9),
1473 438 1542 486 At
1574 432 1715 500 ἡμέ·

1825 449 1925 503 que
1956 434 2172 488 nuncin
2206 434 2315 488 vita
2356 448 2463 488 non
2492 448 2703 500 sumus,
2738 433 2832 489 sed
2877 433 2931 487 in
2961 441 3153 489 morte.
3189 431 3394 488 ldcirco

64 532 194 615 pfu,
239 518 420 617 φησι,
448 518 580 572 τῶν
599 519 750 573 ἑτῶν
764 538 885 589 μου
910 522 1114 590 μικραὶ
1140 522 1239 574 καὶ
1261 524 1540 591 πονηραί.
1573 524 1716 576 Οὐκ-

1825 529 1987 580 etiam
2017 528 2213 581 orabat
2240 528 2553 595 Apostolus,
2585 529 2771 582 dicens
2802 547 2814 582 :
2873 527 3005 593 Quis
3050 544 3130 582 me
3152 527 3394 581 liberabit

70 610 173 660 οὖν
248 610 357 661 νῦν
419 610 537 680 μὲν
571 612 672 665 οὐκ
706 613 871 682 ἐσμὲν
910 614 968 666 ἐν
1023 612 1168 684 ζωῇ,
1215 615 1332 667 ἀλλ’
1373 616 1431 667 ἐν
1475 615 1710 685 θανάτῳ.

1825 627 1885 673 de
1918 635 2140 688 corpore
2164 621 2347 674 mortis
2372 620 2532 690 hujus
2556 620 2601 652 "°
2618 621 2643 673 ?
2667 621 2785 673 Alia
2807 630 2984 674 autem
3013 621 3256 689 quaedam
3285 620 3395 673 vita

1818 718 1926 775 est,
1954 711 2023 764 ad
2051 725 2216 778 quam
2240 718 2433 763 vocant
2460 725 2560 763 nos
2595 709 2784 763 isthmc
2805 708 3005 772 verba;
3031 717 3086 762 et
3114 723 3260 762 nunc
3283 709 3398 776 qui-

1818 799 1940 853 dem
1998 799 2115 854 dies
2175 800 2346 853 nostri
2389 798 2513 852 mali
2549 808 2709 864 sunt,
2734 797 2823 852 alii
2849 813 2979 853 vero
3010 798 3228 866 quidam
3270 806 3398 852 sunt

1820 893 1969 956 boni,
2011 907 2148 961 quos
2170 906 2275 946 nox
2306 906 2416 945 non
2456 891 2749 945 intercidit.
2773 890 2890 944 Erit
2913 891 3055 945 enim
3082 890 3223 945 Deus
3252 889 3398 958 ipso-

1821 999 1940 1037 rum
1969 984 2059 1037 lux
2089 984 2442 1052 sempiterna,
2475 997 2569 1036 eos
2596 983 2782 1052 gloriae
2806 997 2918 1038 suae
2946 982 3064 1038 luce
3094 981 3394 1036 illustrans.

1821 1073 1899 1127 Ne
1926 1074 2092 1144 igitur
2126 1088 2249 1127 cum
2291 1072 2531 1126 audieris
2576 1072 2693 1127 dies
2735 1071 2931 1135 bonos,
2971 1078 3294 1138 prasentem
3319 1067 3397 1122 is-

1822 1178 1930 1220 tam
1957 1168 2122 1221 vitam
2147 1165 2433 1229 existimes
2456 1164 2551 1219 tibi
2584 1163 2811 1233 proponi
2838 1163 2892 1217 in
2916 1161 3393 1231 promissionibus.

1823 1258 1956 1312 Nam
1983 1272 2120 1326 quos
2149 1258 2266 1311 dies
2284 1256 2363 1311 sol
2389 1254 2663 1311 sensibilis
2692 1254 2919 1325 peragit,
2958 1254 2993 1307 ii
3019 1261 3142 1307 sunt
3167 1251 3352 1307 caduci
3376 1264 3395 1305 :

1821 1350 1957 1404 nihil
1994 1359 2173 1403 autem
2204 1348 2471 1403 caducum
2517 1347 2716 1418 poterit
2756 1360 2877 1401 esse
2928 1345 3257 1399 conveniens
3300 1345 3398 1399 do-

1820 1459 1948 1496 num
1980 1440 2349 1510 corruptionis
2383 1439 2612 1508 experti.
2641 1436 2855 1491 Etenim
2906 1437 2950 1490 si
2994 1436 3171 1489 anima
3206 1448 3397 1490 corru-

1821 1534 1989 1604 ptioni
2050 1545 2394 1600 nequaquam
2440 1526 2676 1584 obnoxia
2722 1535 2841 1590 est,
2882 1540 2983 1580 nec
3011 1525 3175 1578 etiam
3212 1537 3400 1577 corru-

72 696 171 749 Διὸ
197 698 308 751 καὶ
342 697 574 770 ηὔχετο
593 703 623 754 6
651 702 993 766 Ἀπόστολος,
1017 702 1190 772 λέγων
1211 722 1224 734 ·
1262 706 1356 769 Τίς
1369 722 1447 774 με
1463 707 1716 772 ῥύσεται

72 785 147 838 ἐκ
193 788 315 841 τοῦ
367 787 667 858 σώματος
710 791 816 845 τοῦ
852 792 1110 846 θανάτου
1146 795 1396 857 τούτου;
1446 795 1613 867 Ἀλλη
1659 796 1715 849 δέ

75 878 167 940 τίς
191 880 321 931 ἐστι
355 879 515 953 ζωὴ,
558 884 696 957 πρὸς
728 884 798 955 ἣν
837 884 990 938 καλεῖ
1023 888 1171 956 ἡμᾶς
1207 888 1236 940 6
1266 887 1456 956 λόγος·
1493 888 1588 940 καὶ
1620 887 1716 942 νῦν

81 968 187 1039 μὲν
228 972 290 1022 αἱ
340 972 573 1044 ἡμέραι
605 974 761 1045 ἡμῶν
806 977 1063 1047 πονηραὶ,
1103 977 1258 1032 ἄλλαι
1297 978 1355 1031 δέ
1393 979 1537 1041 τινές
1580 981 1716 1032 εἰσιν

78 1060 324 1127 ἀγαθαὶ,
365 1062 442 1127 ἃς
471 1064 578 1129 νὺξ
624 1067 684 1119 οὐ
728 1067 1009 1122 διακόπτει
1030 1087 1044 1100 σ
1085 1068 1239 1122 ἔσται
1271 1069 1379 1141 γὰρ
1404 1071 1433 1121 6
1459 1068 1591 1133 Θεὸς
1620 1069 1716 1122 αὺ-

79 1151 197 1205 τῶν
224 1152 355 1222 φῶς
386 1155 623 1211 αἰώνιον
643 1198 657 1220 ,
691 1158 1064 1231 καταλάμπων
1101 1159 1274 1224 αὑτὰς
1322 1160 1400 1231 τῷ
1430 1161 1570 1230 φωτὶ
1616 1162 1715 1233 τῆς

85 1245 296 1299 ἑαυτοῦ
325 1247 531 1319 δόξης.
569 1250 660 1320 Μὴ
688 1251 888 1318 τοίνυν,
919 1252 1049 1305 ὅταν
1073 1252 1315 1326 ἀκούσῃς
1334 1252 1561 1324 ἡμερῶν
1581 1254 1718 1320 ἀγα-

87 1339 226 1401 θῶν,
262 1341 374 1411 τὴν
416 1342 665 1396 ἐνταῦθά
706 1361 789 1398 σοι
825 1345 1054 1415 νομίσῃς
1105 1345 1250 1415 ζωὴν
1278 1347 1336 1399 ἐν
1365 1345 1718 1414 ἐπαγγελίαις

88 1431 470 1503 προκεῖσθαι.
514 1434 759 1507 Φθαρταὶ
791 1436 900 1506 γάρ
921 1439 1059 1491 εἰσιν
1091 1432 1275 1501 αὗται,
1310 1436 1378 1500 ἃς
1401 1439 1429 1490 6
1463 1436 1718 1507 αἰσθητὸς

87 1523 248 1593 ἥλιος
289 1524 721 1595 ἀπεργάζεταιο
767 1529 919 1582 οὐδὲν
973 1529 1031 1583 δὲ
1087 1528 1325 1601 φθαρτὸν
1371 1527 1718 1601 ἁρμοζόντως

92 1619 162 1673 ἂν
189 1618 378 1692 δῶρον
408 1622 632 1688 γένοιτο
668 1619 746 1690 τῷ
794 1619 1076 1692 ἀφθάρτῳ.
1126 1621 1190 1673 Ei
1232 1620 1339 1691 γὰρ
1375 1619 1651 1691 ἄφθαρτος
1682 1620 1715 1689 ἡ

1825 1623 1990 1694 ptioni
2029 1621 2267 1676 obnoxia
2299 1619 2503 1674 fuerint
2540 1619 2706 1687 ipsius
2740 1617 2898 1670 dona.
2942 1614 3190 1670 Praeterit
3219 1622 3396 1667 autem

89 1711 267 1782 ψυχὴ,
301 1714 580 1786 ἄφθαρτα
604 1714 774 1784 αὐτῆς
814 1714 907 1767 καὶ
942 1712 1013 1765 τὰ
1037 1712 1374 1784 χαρίσματα.
1425 1711 1537 1764 Καὶ
1563 1714 1717 1777 Παρ-

1825 1718 1995 1786 ﬁgura
2023 1715 2182 1785 hujus
2218 1713 2407 1766 mundi
2441 1713 2509 1766 '“.
2546 1710 2696 1777 Quod
2735 1709 2779 1764 si
2818 1708 2902 1763 lex
2935 1707 3184 1762 umbram
3235 1705 3401 1760 habet

94 1800 233 1871 ἄγει
283 1782 367 1856 τόγ
412 1782 635 1873 σχῆμα
682 1782 789 1857 τοῦ
833 1782 1065 1872 κόσμοι)
1089 1782 1323 1855 τούτου.
1357 1801 1419 1853 Ei
1462 1800 1520 1852 δὲ
1560 1799 1717 1852 σκιάν

1825 1805 2127 1860 futurorum
2173 1805 2438 1858 bonorum
2463 1803 2546 1873 τ’,
2576 1801 2799 1872 eﬂingas
2829 1798 2989 1853 velim
3025 1797 3206 1852 animo
3258 1796 3400 1850 Sab-

94 1893 214 1963 ἔχει
244 1897 275 1948 6
304 1895 491 1965 νόμος
521 1894 632 1949 τῶν
677 1894 978 1966 μελλόντων
1017 1891 1238 1961 ἀγαθῶν
1259 1932 1276 1957 ,
1318 1892 1429 1946 νόει
1476 1889 1567 1962 μοί
1596 1907 1718 1944 τινα

1825 1899 1943 1953 bata
1980 1897 2224 1966 quaadam
2274 1895 2532 1965 jucunda,
2589 1903 2799 1956 sancta,
2839 1906 2906 1945 ex
2955 1890 3173 1945 aeternis
3207 1887 3400 1943 diebus

97 1982 370 2037 Σάϐϐατα
402 1983 659 2055 τρυφερά
680 2024 696 2047 ,
733 1982 866 2051 ἅγια
887 2022 901 2048 ,
931 1984 996 2036 ἐκ
1036 1982 1146 2036 τῶν
1191 1982 1433 2035 αἰωνίων
1468 1978 1715 2051 ἡμερῶν,

1825 1991 2079 2057 conﬂata,
2111 1998 2399 2045 nascentes
2424 1987 2603 2051 lunas,
2634 1986 2766 2040 festa
2804 2004 2818 2040 :
2854 1985 2950 2039 sed
2994 1982 3235 2047 intellige
3279 1981 3353 2034 ita
3380 2016 3397 2044 ,

99 2076 438 2146 νεομηνίας,
488 2076 714 2148 ἑορτάς·
752 2075 846 2129 καὶ
883 2074 993 2129 νόει
1022 2092 1113 2146 μοι
1153 2073 1319 2141 ἀξίως
1352 2071 1445 2127 τοῦ
1481 2088 1719 2141 πνευμα-

1825 2093 1880 2137 ttt
1910 2083 2082 2152 legem
2108 2079 2447 2149 spiritualem
2472 2080 2646 2131 decet.
2673 2074 2861 2146 (Vens.
2896 2072 3008 2142 14.)
3047 2068 3274 2123 Prohibe
3298 2069 3401 2122 lin-

100 2167 261 2220 τικοῦ
296 2170 508 2239 νόμου.
554 2170 806 2223 Παῦσον
838 2167 954 2236 τὴν
991 2165 1283 2238 γλῶσσάν
1313 2181 1428 2219 σου
1464 2163 1583 2219 ἀπὸ
1613 2180 1718 2217 κα-

1825 2191 1978 2244 guam
2009 2185 2154 2226 tuam
2180 2170 2399 2235 amato,
2419 2179 2466 2224 et
2499 2169 2640 2222 labia
2662 2177 2754 2220 tua
2788 2182 2850 2218 ne
2880 2165 3166 2234 loquantur
3195 2161 3398 2214 dolum.

104 2259 241 2325 κοῦ,
288 2261 397 2315 καὶ
442 2262 624 2331 χείλη
661 2276 778 2316 σου
823 2262 932 2315 τοῦ
970 2261 1055 2330 μὴ
1092 2258 1360 2326 λαλῆσαι
1401 2256 1606 2311 δόλον.
1656 2257 1718 2309 Εἰ

1825 2267 1879 2321 Si
1907 2268 1986 2319 vis
2019 2266 2071 2319 in
2108 2263 2299 2318 diebus
2327 2276 2449 2317 esse
2479 2261 2656 2323 bouis,
2683 2260 2726 2313 si
2755 2256 2935 2326 diligis
2968 2255 3156 2319 vitam,
3198 2266 3401 2321 praece-

108 2350 292 2420 βούλει
335 2355 399 2407 ἐν
451 2355 577 2416 ταῖς
614 2353 850 2425 ἡμέραις
895 2352 1146 2419 γενέσθαι
1192 2353 1312 2413 ταῖς
1363 2348 1629 2418 ἀγαθαῖς,
1668 2347 1718 2398 εί

1825 2369 1971 2428 ptum
1996 2358 2120 2411 vita:
2140 2355 2361 2423 pertire.
2389 2352 2493 2417 Qui
2515 2352 2684 2414 enim,
2716 2350 2927 2418 inquit,
2947 2346 3118 2415 diligit
3144 2361 3245 2408 me,
3264 2359 3403 2411 prte-

107 2442 335 2513 ἀγαπᾷς
352 2442 461 2512 τὴν
485 2442 651 2514 ζωὴν,
679 2443 903 2516 ποίησον
922 2444 1024 2513 τὴν
1052 2441 1273 2513 ἐντολὴν
1293 2440 1391 2509 τῆς
1411 2439 1557 2509 ζωῆς
1583 2435 1714 2509 ('10).

1825 2458 1968 2517 cepta
2019 2464 2134 2501 mea
2187 2445 2410 2499 servabit
2448 2444 2515 2495 ⁷³.
2549 2441 2791 2495 Primum
2841 2447 3020 2491 autem
3076 2442 3399 2504 prmeeptum

121 2533 175 2585 '0
237 2535 351 2606 γὰρ
397 2535 655 2606 ἀγαπῶν
711 2553 826 2605 με,
896 2535 1069 2606 φησι,
1124 2532 1232 2598 τὰς
1288 2528 1543 2594 ἐντολάς
1598 2545 1718 2597 μου

1825 2551 1921 2603 est,
1968 2538 2257 2610 prohibere
2302 2537 2537 2605 linguam
2569 2550 2598 2588 a
2624 2532 2788 2595 maio,
2820 2540 2873 2585 et
2895 2529 3061 2594 labia,
3089 2542 3154 2581 ne
3181 2526 3403 2595 loquan-

110 2626 391 2702 τηρήσει.
426 2627 629 2700 Πρώτη
664 2629 721 2680 δὲ
752 2628 941 2699 ἐντολὴ
974 2628 1033 2680 τὸ
1054 2667 1068 2690 ,
1098 2624 1306 2678 παῦσαι
1345 2622 1441 2693 τὴν
1469 2621 1718 2690 γλῶσσαν

1825 2641 1910 2688 tur
1943 2631 2148 2685 dolum.
2210 2629 2500 2685 Peccatum
2548 2628 2691 2681 enim
2734 2626 2877 2694 quod
2914 2638 3010 2691 per
3035 2611 3268 2688 ling'uam
3304 2616 3401 2670 ad-

112 2716 221 2769 ἀπὸ
249 2720 461 2785 κακοῦ,
494 2722 590 2773 καὶ
633 2720 784 2791 χείλη
818 2718 913 2772 τοῦ
948 2718 1021 2790 μὴ
1054 2716 1283 2787 λαλῆσαι
1315 2714 1483 2767 δόλον.
1528 2711 1719 2782 Σχεδὸν

1825 2724 2076 2789 mittitur,
2129 2722 2371 2777 omnium
2420 2721 2534 2775 fere
2567 2716 3052 2772 familiarissimum
3089 2720 3192 2776 est,
3238 2720 3402 2780 atque

115 2807 224 2879 γὰρ
249 2811 283 2880 ἡ
321 2812 730 2883 προχειροτάτη
764 2811 859 2863 καὶ
900 2809 1238 2879 πολύτροπος
1270 2802 1514 2874 ἁμαρτία
1555 2804 1588 2871 ἡ
1632 2800 1719 2854 διὰ

1825 2815 2177 2884 multiplicem
2207 2813 2439 2867 formam
2486 2811 2670 2865 habet.
2710 2809 2885 2863 iratus
2931 2806 3038 2860 es?
3072 2805 3182 2872 jam
3218 2802 3402 2872 lingua

115 2900 375 2974 γλώσσης
447 2904 600 2957 ἐστὶν
667 2901 1058 2974 ἐνεργουμένη.
1142 2896 1464 2969 Ὠργίσθης;
1531 2893 1626 2947 καὶ
1685 2895 1719 2964 ἡ

1825 2905 2129 2975 praecurrit.
2178 2901 2573 2972 Concupiscis?
2602 2901 2768 2954 etiam
2804 2905 2931 2950 ante
2957 2895 3137 2948 omnia
3163 2893 3400 2962 linguam

117 2994 341 3056 γλῶσσα
366 2996 685 3069 προτρέχει,
726 2996 813 3048 Ἐν
836 2992 1156 3062 ἐπιθυμίαις
1178 2986 1228 3042 εἷ
1253 3006 1268 3054 ;
1301 2988 1394 3041 καὶ
1420 2987 1520 3058 τὴν
1546 2984 1719 3053 γλῶσ-

1825 2997 1990 3052 habes
2016 2998 2166 3066 quasi
2201 2996 2488 3065 quamdam
2517 2992 2691 3046 lenam
2717 3000 2771 3045 et
2795 2986 3241 3050 conciliatricem,
3273 2994 3400 3053 pec-

122 3101 217 3139 σαν
261 3086 416 3158 ἔχεις
461 3088 567 3159 πρὸ
614 3087 832 3140 πάντων
888 3083 1048 3140 οἱονεί
1088 3100 1210 3136 τινα
1249 3076 1579 3151 μαστρωπὺν
1627 3076 1719 3128 καὶ

1825 3091 1930 3140 cati
1971 3086 2128 3156 153
2157 3084 2502 3154 adiutricem,
2540 3098 2604 3136 ac
2627 3081 2916 3135 verborum
2957 3075 3230 3132 lenocinio
3265 3089 3394 3143 pro-

124 3182 480 3251 προαγωγὸν,
534 3176 1164 3251 συγκαταπρασσομένην
1195 3176 1263 3244 τῇ
1293 3168 1558 3241 ἁμαρτίᾳ,
1589 3166 1721 3220 καθ-

125 3272 567 3343 υποκρινομένην
626 3271 739 3341 (il)
805 3268 932 3332 τοὺς
977 3265 1224 3336 πλησίον.
1278 3262 1389 3315 Καὶ
1430 3257 1593 3312 ὅπλον
1639 3273 1720 3308 σοι

126 3362 261 3433 πρὸς
307 3364 412 3434 τὴν
455 3363 669 3417 ἀδικίαν
706 3364 739 3434 ἡ
788 3361 1038 3431 γλῶσσα,
1094 3356 1168 3428 μὴ
1227 3353 1299 3408 τά
1345 3352 1454 3406 ἀπὸ
1495 3349 1722 3420 καρδίας

127 3454 505 3527 φθεγγομένη,
532 3455 667 3508 ἀλλά
708 3456 778 3507 τὰ
805 3453 941 3524 πρὸς
965 3450 1181 3519 ἀπάτην
1208 3444 1579 3518 προφέρουσα.
1614 3440 1723 3492 Καὶ

126 3545 179 3596 τί
221 3546 302 3597 δεῖ
336 3549 518 3600 πάντα
547 3545 627 3616 τῷ
673 3545 817 3615 λόγῳ
867 3541 1140 3609 ἐπεξιέναι
1191 3538 1299 3591 τῶν
1340 3535 1428 3588 διὰ
1473 3532 1724 3600 γλώσσης

130 3615 634 3706 ἀμαρτανομένωνς
689 3633 1052 3702 Πεπλήρωται
1082 3625 1238 3699 ἡμῶν
1270 3626 1298 3676 6
1330 3623 1444 3694 βίος
1476 3618 1584 3672 τῶν
1614 3615 1724 3668 ἀπὸ

130 3719 383 3793 γλώσσης
424 3723 783 3794 πταισμάτων
835 3721 968 3792 (12).
1022 3713 1406 3789 Αίσχρολογία,
1458 3709 1724 3778 εὐτραπε-

135 3810 241 3878 λία,
289 3815 623 3888 μωρολογία,
667 3814 736 3868 τά
769 3814 869 3867 οὐκ
914 3813 1207 3882 ἀνήκοντα,
1252 3801 1592 3862 καταλαλιαί,
1629 3797 1721 3850 λό-

134 3916 227 3969 γος
273 3906 467 3976 ἀργὸς,
518 3906 797 3977 ἐπιορκίαι
836 3904 976 3976 (i5),
1005 3894 1494 3972 ψευδομαρτυρίαι,
1545 3888 1724 3941 πάντα

138 3993 307 4048 ταῦτα
337 3997 408 4051 τά
439 3997 608 4060 κακὰ,
652 3999 747 4051 καὶ
782 3997 863 4050 ἔτι
891 3996 1060 4048 πλείω
1086 3992 1310 4052 τούτων,
1338 3986 1437 4056 τῆς
1470 3980 1723 4052 γλώσσης

140 4085 253 4139 ἐστὶ
302 4088 786 4161 δημιουργήματα.
846 4090 909 4142 Οί
967 4087 1024 4140 δὲ
1074 4084 1381 4151 ἀνοίγοντες
1432 4075 1494 4129 τὸ
1548 4071 1722 4141 στόμα

142 4181 277 4232 κατά
330 4185 431 4254 τῆς
481 4181 638 4255 δόξης
669 4181 761 4235 τοῦ
792 4178 958 4241 Θεοῦ,
997 4179 1090 4231 καὶ
1135 4172 1349 4229 ἀδικίαν
1385 4169 1463 4230 είς
1494 4161 1723 4255 τὸῗῦψος

140 4269 446 4342 λαλοῦντες,
474 4275 617 4345 ἄλλῳ
642 4275 750 4327 τινὶ
779 4273 878 4344 τὴν
940 4268 1193 4323 ἀσέϐειαν
1238 4264 1333 4318 καὶ
1369 4259 1490 4329 οὐχὶ
1517 4254 1597 4326 τῷ
1628 4254 1722 4345 ὀρ-

146 4363 291 4435 γάνῳ
312 4368 412 4438 τῆς
437 4344 690 4437 γλώσσης
713 4364 1036 4437 ἐργάζονται
1059 4378 1073 4425 ;
1102 4357 1320 4426 Ἐπειδὴ
1351 4351 1443 4409 οὖν
1479 4352 1575 4402 Ἐκ
1603 4344 1723 4398 τῶν

146 4456 337 4524 λέγων
370 4474 486 4513 σου
523 4456 890 4525 δικαιωθήσῃ
915 4495 931 4521 ,
977 4455 1075 4508 καὶ
1116 4453 1184 4505 ἐκ
1226 4448 1345 4503 τῶν
1380 4446 1575 4515 λόγων
1607 4451 1722 4493 σου

151 4549 573 4619 κατακριθήσῃ,
615 4547 822 4602 παῦσον
853 4548 951 4618 τὴν
977 4543 1227 4613 γλῶσσάν
1258 4559 1349 4595 σου
1377 4538 1486 4593 ἀπὸ
1520 4533 1714 4596 κακοῦ,

150 4639 236 4692 “1‘-
273 4641 345 4713 μὴ
376 4645 677 4713 ἐνεργήσῃς
705 4640 1124 4712 θησαυρίσματα
1147 4635 1368 4705 γλώσσῃ
1394 4632 1579 4701 ψευδεῖ
1614 4626 1719 4697 μά-

148 4746 287 4787 ταια.
332 4735 547 4789 Παῦσον
590 4734 648 4787 δὲ
696 4734 789 4786 καὶ
822 4732 891 4785 τὰ
931 4731 1082 4801 χείλη
1124 4746 1215 4781 σου
1241 4727 1334 4780 τοῦ
1381 4724 1456 4795 μὴ
1495 4723 1721 4792 λαλῆσαι

149 4818 306 4877 δόλονι
347 4828 469 4879 ἀντὶ
499 4824 792 4889 τοῦ,“ολον
812 4824 873 4876 τὸ
902 4822 1131 4893 ὄργανον
1159 4820 1219 4873 τὸ
1247 4818 1383 4890 πρὸς
1413 4818 1511 4888 τὴν
1539 4818 1716 4870 διακο-

1823 3176 2003 3230 ximos
2046 3175 2458 3230 subducentem.
2494 3171 2634 3239 Quin
2688 3171 2852 3225 etiam
2898 3168 3078 3237 lingua
3120 3180 3397 3220 armorum

1823 3267 1941 3321 loco
1976 3266 2068 3320 tibi
2095 3277 2180 3320 est
2212 3263 2277 3318 ad
2311 3263 2688 3330 iniquitatem,
2722 3276 2843 3315 cmn
2873 3273 2939 3313 ex
2974 3256 3139 3311 corde
3185 3269 3290 3309 non
3320 3254 3399 3308 lo—

1823 3358 2031 3426 quitur,
2058 3356 2154 3410 sed
2199 3355 2544 3409 fraudulenta
2581 3352 2851 3421 proponit.
2888 3349 2952 3403 Et
2976 3346 3105 3418 quid
3153 3360 3289 3415 Opus
3319 3354 3403 3400 est

1821 3451 2003 3504 verbis
2026 3448 2274 3518 persequi
2313 3446 2495 3501 omnia
2524 3446 2721 3514 lingua:
2764 3441 3029 3512 peccata?
3068 3438 3187 3492 Vita
3217 3446 3400 3492 nostra

1824 3540 2022 3595 referta
2052 3551 2136 3594 est
2161 3540 2359 3607 lingua:
2387 3536 2619 3592 delictis.
2652 3535 2829 3591 Verba
2860 3535 3121 3595 obscena,
3153 3527 3400 3583 scurrili—

1825 3642 1925 3691 tas.
1956 3629 2376 3698 stultiloquium,
2425 3627 2526 3680 alia
2563 3642 2665 3680 non
2698 3622 3099 3687 convenientia,
3131 3619 3403 3674 obtrecta-

1825 3725 2021 3788 tiones,
2062 3724 2270 3777 otiosus
2325 3735 2527 3784 sermo,
2582 3717 2842 3789 perjuria,
2885 3717 3019 3772 falsa
3068 3717 3398 3781 testimonia,

1822 3814 2003 3869 omnia
2046 3814 2160 3867 haec
2204 3811 2368 3877 mala,
2416 3821 2470 3865 et
2512 3811 2598 3864 his
2629 3811 2808 3864 adhuc
2838 3808 3014 3877 plura,
3042 3808 3239 3879 linguae
3275 3816 3402 3862 sunt

1823 3906 2059 3976 opiﬁcia.
2085 3904 2187 3970 Qui
2214 3918 2342 3958 vero
2372 3902 2636 3957 adversus
2667 3901 2759 3955 Dei
2787 3900 3016 3971 gloriam
3039 3915 3101 3954 os
3129 3900 3399 3969 aperiunt,

1823 4008 1876 4052 et
1914 3997 2257 4065 iniquitatem
2286 3995 2339 4048 in
2372 3993 2647 4048 excelsum
2672 3990 2945 4056 eﬂ‘utiunt,
2978 4006 3073 4060 per
3099 3991 3227 4059 quid
3257 3988 3401 4044 aliud

1823 4090 1925 4143 nisi
1947 4104 2043 4155 per
2060 4089 2257 4157 lingua:
2278 4087 2699 4140 instrumentum
2726 4083 3058 4152 impietatem
3076 4080 3402 4151 perﬁciunt?

1823 4180 2087 4245 Quoniam
2131 4179 2317 4248 igitur}
2348 4176 2432 4229 Ea:
2477 4175 2581 4228 tuis
2631 4174 2799 4227 verbis
2822 4172 3220 4243 justiﬁcaberis,
3252 4183 3300 4227 et
3338 4189 3403 4226 ea:

1825 4272 1996 4326 verbis
2028 4271 2133 4324 tuis
2174 4265 2607 4322 condemnaberis
2638 4264 2706 4331 7”,
2740 4263 2968 4332 prohibe
2997 4262 3231 4329 linguam
3253 4269 3399 4314 tuam

1826 4380 1855 4419 a
1884 4364 2050 4428 malo,
2090 4375 2193 4416 nec
2233 4360 2522 4414 thesauros
2549 4356 2728 4426 lingua
2761 4354 3008 4410 mendaci
3052 4352 3257 4408 cﬂicias
3309 4367 3403 4405 va-

1826 4472 1944 4511 nos.
1986 4456 2322 4521 lnsuperque
2381 4449 2606 4520 prohibe
2656 4447 2794 4501 labia
2847 4454 2957 4510 tua,
3013 4460 3080 4499 ne
3110 4443 3401 4512 loquantur

1824 4549 2004 4604 dolum
2042 4565 2055 4599 :
2102 4546 2203 4599 hoc
2249 4553 2352 4607 est,
2390 4552 2560 4596 totum
2612 4554 2869 4609 organum
2897 4536 2965 4590 ad
2992 4534 3256 4591 sermonis
3285 4548 3403 4587 nut-

1828 4651 1929 4690 nus
1961 4635 2055 4688 tibi
2089 4647 2411 4689 concessum
2467 4646 2495 4684 a
2546 4644 2711 4698 prava
2766 4627 3077 4695 operatione
3119 4637 3396 4679 coerceas.

1832 4728 1925 4780 Est
1954 4734 2135 4778 autem
2170 4723 2323 4778 dolus
2350 4721 2622 4775 occultum
2670 4719 3018 4784 maleﬁcium,
3066 4720 3165 4771 sub
3199 4714 3402 4771 oﬂicio-

1828 4833 1945 4870 rum
1982 4817 2161 4885 specie
2190 4817 2432 4883 proximo
2464 4813 2689 4866 illatum.

150 4914 260 4969 νὶαν
292 4918 383 4972 τοῦ
420 4919 580 4987 λόγου
620 4935 701 4971 σοι
743 4916 1025 4986 δεδομένον
1063 4911 1342 4983 σχολάζειν
1371 4911 1480 4975 ἀπὸ
1507 4910 1603 4981 τῆς
1642 4913 1883 4983 πονηρᾶς
1938 4908 2219 4980 ἐνεργείας
2288 4906 2531 4977 ποίησον.
2567 4907 2722 4958 Ἐστι
2760 4904 2818 4958 δὲ
2854 4906 2883 4958 6
2912 4902 3059 4966 δόλος
3113 4899 3404 4956 κακοποιία.

153 5003 371 5081 λαθραία
408 5013 468 5064 ὲν
499 5012 860 5083 προσποιήσει
904 5009 1013 5062 τῶν
1043 5006 1325 5079 βελτιόνων
1352 5004 1430 5076 τῷ
1464 5003 1691 5076 πλησίον
1726 5002 2169 5074 προσφερομένη.

220 5165 263 5198 ⁷ο
314 5168 464 5223 Rom.
520 5184 619 5231 vn,
649 5166 740 5221 9.4.
816 5167 860 5199 ⁷¹
893 5167 910 5220 l
946 5165 1073 5220 Cor.
1120 5180 1217 5229 VII,
1252 5163 1339 5217 51.
1416 5163 1460 5194 ⁷⁸
1504 5161 1668 5216 Hebr.
1715 5177 1719 5212 ε

1825 5161 1863 5213 ι.
1941 5160 1987 5190 ⁷³
2012 5159 2171 5213 Joan.
2205 5172 2317 5222 xw,
2350 5157 2441 5210 ‘25.

158 5302 292 5424 δέω)
327 5305 503 5360 Editio
534 5304 712 5358 Paris.
759 5302 952 5356 Ἰακώϐ
983 5319 1064 5355 σε.
1099 5300 1169 5354 At
1197 5309 1304 5354 tres
1348 5314 1478 5353 mss.
1523 5296 1716 5352 Ἰακὼϐ

223 5444 326 5516 (10)
355 5445 440 5516 lta
459 5456 662 5516 septem
690 5459 820 5498 mss.
865 5441 1045 5516 _Editi_
1058 5454 1188 5516 vero
1213 5441 1454 5514 τήρησον
1476 5439 1576 5516 τᾲς
1620 5440 1719 5509 τῆς

160 5506 292 5583 ζῳῆς
310 5506 550 5579 ἐντολάς.
589 5517 783 5569 Statim
813 5510 1178 5583 editiirBas_il.
1212 5506 1538 5583 et'itounulli
1584 5506 1719 5562 mss.

162 5580 393 5660 γλῶσσάν
424 5602 583 5660 σου...
604 5584 771 5660 χείλη
808 5581 1160 5660 com-Vocula
1191 5598 1285 5634 σου
1315 5581 1467 5634 deest
1502 5581 1555 5633 in
1606 5582 1720 5635 edi-

164 5654 292 5705 tione
319 5658 487 5710 Paris.
522 5669 574 5709 ct
603 5654 654 5709 iii
685 5654 806 5708 aliis
836 5654 1159 5722 quibusdam
1190 5667 1322 5722 mss.

226 5722 328 5793 (ll)
357 5726 547 5783 Nostra
593 5727 757 5783 editio
794 5718 963 5780 Paris.
1002 5720 1555 5791 καθυποκλινομένην.
1588 5718 1712 5775 Edi-

2517 5156 2565 5187 7"
2594 5156 2904 5218 Mattluu,
2933 5153 3021 5207 5⁵1.

1828 5298 1898 5348 ιίο
1924 5294 2089 5349 Basil.
2120 5293 2690 5365 καθυποκριναμένην.
2732 5292 2802 5344 At
2838 5306 2966 5345 mss.
3005 5288 3400 5360 καθυποκρινο.

1822 5366 2007 5437 μένην.

1893 5426 2003 5503 (ίέ)
2030 5434 2206 5487 Εσίῑῑῑο
2238 5433 2404 5487 Basil.
2441 5442 2496 5487 ct
2542 5442 2648 5487 tres
2692 5445 2822 5503 mss.
2851 5430 2960 5503 τῷν
3002 5428 3110 5503 ἀπὸ
3143 5426 3398 5503 γλώσσης

1820 5497 2196 5576 πταισμάτων.
2256 5505 2433 5557 ΕιΙίιιο
2486 5503 2658 5576 Paris.
2687 5502 2809 5576 τῶν
2840 5501 2948 5576 ἀπὸ
2998 5500 3096 5571 τῆς
3144 5497 3395 5570 γλώσσης

1816 5594 1907 5630 πτ.
1949 5571 2051 5628 Alii
2084 5585 2317 5640 quatuor
2340 5590 2470 5628 mss.
2497 5572 2605 5626 τῶν
2628 5575 2722 5628 ἀπ’
2752 5571 2924 5640 αὐτῆς

1812 5658 1820 5668 ’
1890 5644 2002 5713 (15)
2025 5639 2253 5699 Codices
2291 5644 2530 5710 quinque
2565 5660 2694 5701 mss.
2752 5641 3049 5712 ἐπιορκίαι.
3084 5639 3223 5695 Editi
3269 5655 3405 5704 cu...“

1816 5716 1946 5788 Reg.
1981 5725 2173 5772 ouarto
2200 5714 2471 5785 ἐπιορκία.
