3818 6220
151 308 265 363 διε)

1262 304 1546 362 HOMILIA
1585 304 1654 360 IN
1690 298 2023 361 PSALIIUM
2059 299 2302 359 XXXIII.

3337 303 3443 360 550

152 430 452 500 ἐπήρειαν.
488 430 679 499 Ἀγιον
733 426 791 484 δὲ
851 427 913 483 τὸ
974 428 1143 499 ὄνομα
1204 423 1343 481 εἰναι
1376 428 1595 495 λέγεται
1660 426 1735 480 τοί

1865 426 2159 498 telligentia
2187 438 2374 478 eorum
2409 437 2528 493 qua:
2555 421 2836 491 lpraécipue
2860 421 2911 476 in
2948 423 3065 492 ipso
3106 424 3445 488 contempla-

150 517 316 584 Θεοῦ,
379 520 440 573 οὐ
475 521 694 584 πάντως
743 518 833 574 διὰ
891 519 952 573 τὸ
990 521 1049 572 ὲν
1093 517 1385 581 συλλαϐαῖς
1432 516 1577 586 ἔχειν
1637 517 1761 570 τινὰ

149 607 387 678 δύναμιν
434 609 783 681 ἀγιαστικὴν,
820 610 940 664 ἀλλ’
995 612 1077 664 ὃτι
1127 611 1277 662 πᾶσα
1321 612 1356 678 ὴ
1417 609 1615 680 ἰδιότης
1665 608 1758 662 τοῦ

148 699 318 762 Θεοῦ,
346 701 439 754 καὶ
460 703 492 771 ή
521 700 699 755 ἔννοια
721 700 829 754 τῶν
856 701 1150 773 ἐξαιρέτως
1176 700 1306 771 περί
1331 699 1494 753 αὐτὸν
1520 698 1759 767 θεωρου-

158 787 340 857 μένων
372 789 502 856 ἁγία
534 791 652 842 ἐστὶ
682 791 777 844 καὶ
805 792 964 862 ἁγνή.
985 790 1251 853 Γένοιτο,
1275 791 1473 857 Κύριε,
1492 788 1561 841 τὸ
1586 789 1761 854 ἔλεός

154 893 281 932 σου
304 879 395 948 ἐφ’
422 879 599 949 ἡμᾶς,
634 880 897 949 καθάπερ
918 882 1266 949 ἠλπίσαμεν
1291 880 1390 933 ἐπὶ
1428 881 1548 933 σοί.
1590 880 1752 950 Ὁρᾷς

154 970 283 1034 πῶς
330 972 709 1042 ἐπιστημόνως
755 971 1137 1044 προσηύξατο;
1176 973 1287 1043 Τὴν
1330 971 1466 1027 ἰδίαν
1511 971 1750 1025 διάθεσιν

157 1063 361 1135 μέτρον
390 1064 614 1135 ἐποίησε
651 1065 750 1136 τῆς
786 1065 1147 1136 ἐπιχορηγίας
1174 1063 1283 1118 τῶν
1312 1063 1614 1135 οἰκτιρμῶν
1652 1062 1747 1116 τοῦ

153 1154 319 1209 Θεοῦ.
353 1154 638 1221 Τοσοῦτος,
672 1156 825 1227 φησὶ,
859 1156 1069 1224 γένοιτο
1095 1159 1122 1209 ὁ
1147 1155 1293 1219 ἔλεός
1325 1172 1418 1209 σου
1451 1157 1536 1225 ἐφ’
1580 1157 1750 1226 ἡμᾶς,

151 1248 292 1316 ὅσην
324 1248 630 1316 φθάσαντες
667 1251 827 1319 ἡμεῖς
855 1250 947 1301 ἐπὶ
977 1249 1060 1302 σοὶ
1095 1248 1194 1320 τὴν
1223 1247 1415 1302 ἐλπίδα
1449 1246 1748 1302 κατεϐαλό-

158 1341 325 1410 μεθα.
356 1343 511 1395 Πᾶσα
538 1342 595 1394 δὲ
627 1339 782 1412 ἡμῶν
810 1342 841 1412 ἡ
876 1341 1032 1404 ἐλπὶς
1065 1340 1392 1412 ἐπιπρέψαι
1412 1340 1524 1410 (47)
1552 1341 1633 1402 εἰς
1655 1338 1754 1410 τὴν

1858 535 2003 583 mur,
2037 527 2223 572 sancta
2258 524 2345 571 est
2376 526 2431 570 et
2474 530 2629 584 pura.
2662 513 2825 569 Vsus.
2858 514 2951 568 22.
2995 512 3144 580 Fiat,
3177 512 3401 569 Domine
3422 553 3443 580 ,

1857 609 2226 664 misericordia
2263 617 2355 660 tua
2389 622 2544 675 super
2574 622 2666 659 nos
2688 646 2703 669 ,
2737 605 3177 675 quemadmodum
3208 605 3446 673 speraui-

1857 719 1973 755 mus
1997 703 2049 755 in
2081 712 2148 755 te.
2188 699 2351 756 Vides
2389 700 2661 769 quomodo
2703 700 2841 752 scite
2873 713 2938 753 ac
2982 699 3278 766 prudenter
3310 714 3442 752 ora.

1855 792 2034 848 verit?
2062 791 2344 860 Proprium
2374 788 2650 854 aﬂ‘ectum,
2686 804 2998 843 mensuram
3039 788 3170 843 fecit
3200 787 3442 860 largitio-

1859 885 1945 937 nis
1985 859 2392 938 miserationum
2440 881 2556 934 Dei.
2592 879 2764 933 Tanta
2792 920 2805 944 ,
2845 879 3064 949 inquit,
3096 879 3185 932 iiat
3223 859 3438 931 miseri-

1855 973 2038 1028 cordia
2076 981 2163 1025 tua
2203 985 2366 1040 super
2410 984 2531 1035 nos,
2572 978 2827 1036 quantam
2857 968 2908 1021 in
2942 978 2994 1021 te
3034 981 3185 1034 spem
3227 965 3440 1033 priores

1851 1064 2206 1133 conjecimus.
2242 1061 2458 1116 Reverti
2488 1070 2666 1114 autem
2707 1060 2759 1113 in
2809 1059 3079 1126 requiem,
3115 1065 3226 1111 tota
3252 1066 3434 1110 nostra

1852 1170 1975 1222 Spes
1995 1164 2096 1219 est,
2115 1163 2171 1208 ut
2198 1168 2429 1223 corpore
2446 1152 2771 1206 humilitatis
2797 1160 2996 1205 nostra;
3021 1149 3436 1214 transformato,

1854 1248 1959 1302 hoc
2008 1248 2149 1301 idem
2201 1261 2558 1316 agnoscamus
2594 1245 2806 1314 corpori
2846 1244 3029 1314 gloria
3064 1243 3268 1299 Christi
3301 1258 3435 1298 con-

1854 1340 2026 1392 forme
2060 1338 2334 1394 eii‘eclum.

155 1436 492 1500 ἀνάπαυσιν,
544 1437 653 1501 ἵνα,
711 1436 1316 1506 μετασχηματισθέντος
1360 1434 1453 1488 τοῦ
1502 1434 1756 1506 σώματος
1789 1435 1891 1505 τῆς
1920 1432 2300 1499 ταπεινώσεως
2367 1430 2545 1504 ἡμῶν,
2585 1432 2867 1503 νοήσωμεν
2903 1429 3035 1483 αὐτὸ
3074 1431 3232 1484 τοῦτο
3281 1429 3441 1497 γενό-

160 1545 327 1601 μενον
362 1527 682 1600 σύμμορφον
710 1527 788 1599 τῷ
823 1527 1034 1599 σώματι
1060 1529 1160 1599 τῆς
1186 1527 1344 1599 δόξης
1372 1527 1505 1601 (48).

181 1645 3431 1676 ___________________________.____________—_——-

258 1758 397 1811 ΤΟΥ
439 1759 671 1818 ΑΥΤΟΥ
706 1760 816 1812 ΕΙΣ
863 1760 1002 1812 ΤοΝ
1051 1760 1150 1813 AI"
1188 1758 1493 1813 ΨΑΛΜΟΝ
1520 1758 1657 1827 (49).

161 1849 251 1915 Τῷ
281 1850 477 1913 Δαϐὶδ,
523 1852 703 1904 ὁπότε
744 1851 1048 1917 ἠνίλοίωσε
1093 1851 1158 1902 τὸ
1200 1852 1525 1919 πρόσωπον
1562 1849 1748 1902 αὐτοῦ

229 1921 509 2045 (eia-agger
549 1920 870 1991 Ἀϐιμέλεχ,
911 1922 1009 1974 καὶ
1043 1920 1357 1975 ἀπέλυσεν
1397 1920 1606 1985 αὐτὸν,
1649 1920 1747 1973 καὶ

274 2004 356 2057 πη
440 2008 528 2045 εν.

234 2081 289 2134 1.
338 2081 459 2133 Ἐπὶ
492 2080 585 2133 δύο
618 2080 906 2142 ὑποθέσεις
933 2080 1082 2134 ἒλκει
1117 2082 1150 2152 ἡ
1183 2080 1361 2133 ἔννοια
1387 2080 1481 2133 τοῦ
1509 2079 1744 2150 ψαλμοῦ.

153 2170 244 2223 Τά
288 2187 347 2222 τε
394 2173 451 2222 ὲν
490 2173 556 2241 τῇ
592 2171 787 2242 Νομϐᾷ
817 2173 882 2242 τῇ
918 2171 1070 2223 πόλει
1102 2169 1211 2223 τῶν
1256 2170 1446 2241 ἱερέων
1478 2170 1748 2239 γενόμενα

154 2260 315 2332 παρὰ
336 2260 431 2313 τοῦ
460 2261 626 2314 Δαϐὶδ
652 2261 798 2314 δοκεῖ
823 2262 1039 2325 οἰκείως
1068 2261 1212 2332 ἔχειν
1243 2265 1308 2333 τῇ
1346 2263 1649 2332 ὲπιγραςςῇ,
1680 2260 1750 2313 τά

151 2371 215 2406 τε
252 2355 309 2407 ἐν
342 2357 406 2425 τῇ
438 2355 537 2407 Γὲθ
567 2354 719 2425 παρὰ
742 2353 820 2425 τῷ
855 2355 1081 2424 Ἀγχοῦς
1108 2353 1186 2424 τῷ
1217 2352 1427 2424 βασιλεί
1457 2353 1566 2405 τῶν
1595 2353 1750 2406 ἁλλο-

153 2444 363 2513 φύλων.
406 2444 695 2497 Ἦλλοίωσε
743 2445 840 2514 μὲν
870 2445 978 2516 γὰρ
1009 2444 1174 2498 αὐτοῦ
1210 2445 1269 2497 τὸ
1318 2443 1611 2514 πρόσωπον
1654 2443 1749 2495 καὶ

152 2536 249 2588 ὅτε
279 2534 357 2606 τῷ
406 2534 694 2604 Ἀὄιμέλεχ
737 2533 1007 2602 διελέγετο
1041 2534 1118 2604 τῷ
1170 2535 1324 2605 ἱερεῖ,
1359 2532 1616 2603 κρύπτων
1649 2531 1747 2601 μὲν

153 2625 260 2696 τὴν
318 2625 527 2696 φυγὴν,
589 2625 908 2688 σπουδάζειν
956 2624 1068 2694 (50)
1124 2624 1181 2677 δὲ
1239 2624 1304 2695 δὴ
1365 2624 1748 2693 προστάγματι

155 2718 455 2788 ὑπουργεῖν
501 2715 766 2787 βασιλικῷ
814 2716 1299 2788 προσποιούμενος,
1342 2718 1431 2769 ὅτε
1476 2716 1573 2769 καὶ
1620 2719 1749 2779 τοὺς

153 2811 360 2883 ἄρτους
388 2813 485 2881 τῆς
528 2811 838 2883 προθέσεως
871 2810 1052 2875 ἔλαϐε,
1090 2813 1185 2865 καὶ
1211 2811 1311 2882 τὴν
1342 2810 1618 2882 ῥομφαίαν
1654 2810 1746 2863 τοῦ

154 2901 377 2955 Γολιάο.
420 2902 707 2955 Ἠλλοὶωσε
739 2903 796 2956 δὲ
822 2901 989 2955 αὐτοῦ
1022 2903 1082 2956 τὸ
1115 2902 1406 2975 πρόσωπον
1446 2901 1540 2954 καὶ
1565 2902 1749 2953 δτενὲν

160 2993 351 3063 μέσοις
395 2996 508 3056 τοῖς
551 2992 832 3063 πολεμίοις
884 2991 1257 3060 ἀποληφθεὶς,
1310 2990 1496 3061 ἐπειδὴ
1549 2988 1747 3060 ᾔσθετο

2293 1754 2359 1808 ΙΝ
2400 1753 2731 1809 PSALMUM
2773 1751 3010 1807 XXXIII.

1850 1846 1966 1917 Ipsi
2009 1847 2210 1911 David,
2254 1848 2464 1916 quando
2510 1845 2808 1917 intutulavit
2843 1843 3034 1911 faciem
3071 1859 3222 1917 suam
3256 1857 3435 1896 coram

2088 1914 2411 1982 Abitnetech,
2437 1926 2485 1969 et
2519 1916 2718 1967 dimisit
2754 1917 2949 1983 ipsum.
2979 1925 3024 1967 et
3054 1914 3205 1966 abiit.

1924 2075 1973 2128 I.
2014 2073 2217 2129 Psalmi
2271 2072 2433 2141 hujus
2492 2072 2844 2143 intelligentia
2875 2087 2972 2126 nos
3019 2071 3085 2126 ad
3117 2072 3222 2126 duo
3267 2085 3434 2139 argu-

1850 2179 2031 2222 menta
2081 2169 2272 2225 trahit.
2325 2167 2456 2234 Quae
2510 2169 2653 2222 enim
2703 2176 2813 2220 tum
2870 2167 2921 2219 in
2956 2164 3165 2219 Nomba
3211 2164 3432 2219 civitate

1850 2261 2222 2324 sacerdotum,
2255 2268 2365 2312 tum
2401 2260 2452 2312 in
2487 2258 2624 2312 Gcth
2665 2258 2804 2326 apud
2840 2256 3060 2311 Auchus
3107 2255 3438 2324 alienigena-

1851 2368 1969 2406 rum
2013 2367 2192 2420 regem
2238 2366 2266 2404 a
2324 2350 2527 2404 Davide
2570 2360 2723 2419 gesta
2777 2359 2935 2412 sunt,
2986 2363 3047 2402 ea
3091 2348 3432 2416 inscriptiooi

1850 2440 2104 2494 videntur
2141 2440 2455 2494 convenire.
2500 2437 2634 2492 Nam
2677 2437 2984 2491 itnmutarit
3022 2436 3213 2491 faciem
3242 2451 3429 2498 suam.

1849 2547 1973 2587 cum
2039 2530 2356 2585 Ahimelech
2404 2531 2739 2584 sacerdotem
2781 2530 3172 2599 alloqueretur,
3233 2531 3311 2585 sic
3375 2542 3436 2584 ut

1851 2621 2120 2677 occultata
2158 2621 2303 2691 fuga,
2345 2622 2411 2674 ad
2444 2622 2647 2690 regium
2684 2622 2995 2675 mandatum
3028 2623 3429 2690 exsequendum

1852 2714 2109 2768 festinare
2147 2728 2206 2767 se
2243 2713 2617 2775 simulaverit,
2653 2714 2869 2781 quando
2893 2722 2945 2766 et
2978 2728 3144 2780 panes
3189 2715 3437 2782 proposi-

1850 2806 2013 2859 tionis
2041 2806 2273 2874 accepit,
2307 2813 2361 2858 et
2397 2804 2632 2871 gladium
2660 2803 2895 2858 Goliath.
2920 2802 3128 2858 Rursus
3149 2820 3301 2858 suam
3338 2805 3437 2858 im-

1848 2896 2080 2951 mutavit
2107 2895 2322 2961 faciem,
2358 2911 2481 2949 cum
2516 2896 2569 2947 in
2606 2894 2782 2947 medio
2820 2895 3053 2948 hostium
3078 2905 3268 2963 captus
3293 2935 3307 2960 ,
3341 2910 3436 2950 eos

1850 2989 1995 3044 inter
2026 3002 2087 3042 se
2117 2987 2434 3056 loquentes,
2467 2995 2522 3039 et
2544 3000 2602 3039 se
2635 2985 2700 3038 ad
2744 2985 3031 3038 vindictam
3068 2998 3434 3054 praeparantcs

155 3084 341 3137 αὐτῶν
356 3083 750 3155 διαλεγομένων
769 3083 905 3155 πρὸς
920 3082 1200 3153 ἀλλήλους,
1220 3083 1314 3135 καὶ
1332 3078 1735 3153 παρασκευαζο-

1859 3081 2075 3133 audivit.
2109 3079 2375 3134 Dixerunt
2406 3080 2543 3132 enim
2567 3116 2583 3141 ,
2608 3077 2819 3146 inquit,
2864 3079 3012 3146 pueri
3047 3077 3261 3132 Auchus
3296 3081 3435 3132 inter

159 3174 347 3245 μένων
363 3176 444 3238 εἰς
460 3176 673 3245 ἄμυναν
692 3174 826 3245 (51).
867 3170 1059 3228 Εἶπον
1084 3174 1216 3243 γὰρ,
1242 3173 1429 3244 φησιν,
1463 3175 1515 3225 οἱ
1538 3170 1748 3235 παῖδες

170 3267 417 3337 Ἀγχοὺς
444 3268 594 3336 πρὸς
619 3267 901 3331 ἑαυτούς·
937 3269 1059 3335 Οὐχ
1092 3263 1272 3329 οὗτος
1304 3264 1480 3317 Δαϐὶδ
1507 3268 1539 3317 ό
1562 3265 1747 3328 ,βασι-

154 3360 309 3424 λεὺς
346 3358 457 3426 τῇς
494 3358 641 3429 γῆς;
673 3360 821 3428 Οὐχὶ
852 3360 1043 3425 τούτῳ
1068 3357 1334 3426 ἐξῆρχον
1368 3356 1438 3409 ἐν
1468 3354 1624 3425 χορῷ
1646 3355 1747 3409 λέ-

155 3466 376 3520 γουσαι
397 3449 507 3521 (5'2)
529 3489 543 3514 ,
587 3449 882 3514 Ἐπάταξε
919 3449 1097 3502 Δαϐὶδ
1125 3448 1195 3501 ἐν
1219 3446 1513 3516 μυριάσιν
1537 3447 1745 3511 αὐτοῦ,

157 3543 263 3597 καὶ
288 3544 485 3597 Σαοὺλ
513 3544 582 3597 ἐν
602 3542 875 3613 ’χιλιάσιν
904 3542 1089 3596 αὐτοῦ
1106 3558 1124 3605 ;
1149 3542 1259 3594 Καὶ
1282 3539 1569 3609 ἐφοϐήθη.
1593 3539 1745 3609 φησὶ,

157 3635 340 3689 Δαϐὶδ
368 3635 486 3689 ἀπὸ
521 3635 847 3703 προσώπου
890 3633 1153 3703 Ἀγχοὺς,
1187 3633 1285 3686 καὶ
1335 3632 1637 3699 ἠλλοίωσε
1681 3631 1746 3683 τὸ

158 3727 487 3795 πρόσωπον
513 3727 699 3781 αὐτοῦ
727 3727 854 3779 κατ’
884 3724 1229 3795 ὀφθαλμοὺς
1258 3722 1476 3778 αὐτῶν.
1505 3722 1630 3785 Πῶς
1654 3717 1749 3774 οὖν

157 3818 192 3889 ἡ
247 3818 348 3888 μὲν
392 3818 673 3889 ἐπιγραφὴ
728 3817 1017 3888 Ἀδιμέλεχ
1054 3814 1330 3887 ὀνομάζει,
1379 3817 1412 3885 ὴ
1451 3813 1497 3866 δ’
1541 3813 1749 3884 ἱστορία

170 3911 404 3981 Ἀγχοῦς
453 3910 790 3979 παραδίδωσι
843 3909 935 3962 τὸν
994 3906 1219 3979 βασιλέα
1265 3905 1538 3958 Γετθαίων
1591 3904 1745 3974 (55);

157 4003 414 4055 Τοιοῦτον
463 4002 620 4071 λόγον
667 4001 790 4054 τινὰ
837 4000 1121 4070 φθάσαντα
1164 4000 1229 4051 ὲκ
1279 3996 1629 4067 παραδόσεως
1669 3997 1749 4058 εἰς

154 4095 311 4166 ἡμᾶς
340 4093 554 4165 ἔχομεν,
591 4094 674 4146 ὅτι
712 4095 760 4146 οἰ
808 4092 1048 4163 βασιλεῖς
1082 4090 1191 4144 τῶν
1221 4089 1535 4158 ἀλλοφύλων
1566 4087 1747 4141 κοινὸν

164 4190 267 4243 μὲν
314 4184 455 4258 εἶχον
498 4187 668 4257 ὄνομα
711 4185 773 4238 τὸ
827 4183 1135 4254 Ἀϐιμέλεχ,
1186 4182 1314 4235 ἴδιον
1354 4181 1411 4234 δὲ
1457 4180 1688 4242 ἕκαστος
1720 4177 1748 4230 ὃ

158 4279 598 4351 προσηγορεύετο
624 4277 755 4346 (54).
795 4278 882 4340 Ὠς
907 4276 1001 4330 καὶ
1026 4275 1116 4328 ἐπὶ
1151 4273 1247 4343 τῆς
1282 4273 1599 4341 Ῥωμαῖκῆς
1629 4269 1748 4322 ἐστι

160 4371 436 4442 βασιλείας
462 4371 609 4433 ἰδεῖν,
640 4369 925 4440 Καίσαρας
947 4366 1272 4437 λεγομένους
1300 4362 1495 4423 κοινῶς
1522 4362 1616 4414 καὶ
1639 4361 1746 4413 Αὐ-

1847 3185 1943 3225 se:
1995 3169 2185 3224 Nonne
2237 3172 2320 3224 hic
2363 3180 2437 3223 est
2486 3170 2655 3223 David
2692 3186 2783 3223 rex
2827 3170 3026 3222 terrae?
3073 3169 3262 3224 Nonne
3312 3171 3436 3225 huic

1847 3266 2133 3319 cantabant
2178 3265 2236 3318 in
2275 3263 2471 3331 choro,
2510 3265 2739 3317 dicentes
2781 3279 2800 3316 :
2846 3261 3112 3316 Percussit
3159 3262 3329 3316 David
3378 3264 3437 3317 in

1851 3358 2025 3408 decem
2060 3356 2292 3408 millibus
2323 3355 2452 3416 suis.
2481 3364 2529 3409 et
2561 3354 2699 3409 Saul
2737 3356 2792 3408 in
2821 3355 3053 3407 millibus
3086 3357 3195 3408 suis
3218 3354 3244 3408 2
3272 3354 3337 3407 Et
3365 3356 3438 3408 tio

1847 3447 2001 3511 muit,
2037 3447 2234 3514 inquit,
2270 3446 2439 3499 David
2471 3464 2501 3499 a
2530 3448 2666 3515 [acie
2698 3447 2913 3499 Auchus
2934 3485 2950 3508 ,
2976 3462 3038 3499 ac
3062 3462 3213 3499 suam
3241 3445 3431 3514 {aciem

1848 3549 1970 3590 ante
2019 3539 2231 3591 illorum
2279 3538 2456 3591 oculos
2496 3538 2789 3591 immutavit
2842 3538 2884 3591 ’.
2927 3536 3210 3604 Quomodo
3266 3537 3432 3605 igitur

1849 3630 2129 3696 inscriptio
2154 3629 2398 3682 nominat
2425 3627 2771 3686 Abimelech.
2817 3628 3042 3682 historia
3087 3641 3265 3683 autem
3306 3630 3424 3683 Au-

1849 3722 1985 3776 chus
2017 3721 2362 3776 Getltreorum
2388 3735 2566 3789 regem
2596 3721 2899 3775 memorat?
2930 3719 3112 3774 Talem
3138 3723 3428 3791 quamdam

1850 3814 2113 3867 rationem
2138 3828 2203 3867 ex
2238 3813 2527 3868 traditione
2549 3813 2640 3874 ,ad
2689 3827 2790 3865 nos
2823 3827 2995 3881 usque
3048 3813 3426 3867 transmissum

1853 3914 2120 3970 tenemus,
2147 3905 2288 3971 quod
2324 3904 2749 3972 alienigenarum
2794 3918 2946 3972 reges
2981 3919 3271 3958 commune
3317 3905 3435 3972 qui-

1850 3996 1971 4048 dem
2022 4010 2219 4048 nomen
2260 3994 2575 4048 Abimelech
2634 3994 2962 4059 habuerunt,
2996 3993 3152 4064 143
3203 3991 3432 4062 quilibet

1848 4099 1979 4139 vero
2007 4085 2316 4154 proprium,
2346 4098 2455 4154 quo
2499 4085 2895 4153 appellabatur.
2926 4086 3078 4139 Hunc
3108 4086 3172 4138 ad
3207 4085 3427 4139 modum

1849 4186 1904 4231 et
1946 4177 1999 4231 in
2026 4176 2269 4232 Romano
2300 4177 2526 4244 imperio
2553 4179 2737 4231 videre
2775 4187 2896 4245 est,
2941 4178 3184 4232 Caesares
3224 4186 3275 4232 et
3319 4178 3432 4230 Au-

1849 4279 2037 4338 guStos
2083 4269 2136 4322 in
2184 4271 2458 4324 communi
2497 4270 2793 4339 appellari,
2832 4270 2926 4323 sed
2962 4280 3139 4323 tamen
3180 4284 3275 4324 eos
3325 4270 3433 4324 alia

1850 4360 2069 4413 nomina
2124 4360 2345 4430 propria
2390 4360 2614 4415 habere.
2670 4358 2877 4414 Nomen
2926 4359 3139 4414 Pharao
3172 4373 3257 4414 est
3291 4359 3433 4429 ejus-

157 4461 444 4529 γούστους,
493 4461 627 4514 ἄλλα
660 4458 718 4512 δὲ
767 4458 836 4512 τὰ
887 4456 1052 4528 κύρια
1104 4453 1312 4509 ἑαυτῶν
1368 4450 1735 4520 κεκτημένους

1859 4449 1991 4504 modi
2039 4452 2202 4505 etiam
2255 4452 2396 4522 apud
2446 4451 2751 4522 Egyptios.
2804 4451 2940 4505 Nam
2996 4460 3051 4506 et
3093 4451 3431 4506 Pharaonem

156 4553 421 4623 ὀνόματα.
457 4551 708 4607 Τοιοῦτον
752 4551 846 4603 καὶ
891 4550 1021 4620 παρ’
1055 4545 1372 4616 Αἰγυπτίοις
1395 4544 1511 4597 ἐστὶ
1541 4542 1603 4595 τὸ
1630 4544 1740 4594 Φασ-

232 4645 308 4699 ⁹Ι
348 4644 478 4714 Reg.
514 4661 640 4709 xxI,
673 4642 897 4697 11-15.

238 4746 351 4811 (47)
387 4739 790 4808 Ἐπιστρέψ-αι,
811 4747 868 4791 ut
901 4744 1225 4811 reuertamur
1248 4732 1565 4811 [Respicere
1584 4729 1741 4783 videi

157 4801 257 4871 ll":
277 4801 507 4867 Basilius
532 4801 600 4863 ad
624 4801 759 4883 psal.
799 4823 942 4883 cxt_v,
968 4807 1021 4870 Ἰ,
1052 4801 1399 4882 ἐπίστρεψον,
1420 4801 1591 4883 ψυχή.
1615 4816 1738 4870 μου,

155 4890 241 4950 εἰς
260 4886 355 4956 τὴν
383 4880 686 4956 ἀνάπαυσιν
716 4896 832 4943 σου,
869 4878 1164 4956 Revertere1
1192 4879 1373 4928 anima
1404 4890 1539 4956 nica,
1574 4878 1741 4956 in‘re-

156 4940 334 5028 (μίξειή
366 4963 535 5006 tuam.
583 4940 894 5020 Vulgata'et
928 4947 1092 5001 editio
1126 4946 1390 5010 Romana,
1428 4940 1739 4995 Convertere

236 5030 361 5088 ima,
381 5033 488 5076 etc.

155 5044 561 5166 “2218(1),
592 5105 723 5166 mss.
791 5088 950 5159 δόξης
1005 5084 1114 5166 τοῦ.
1156 5079 1392 5154 Χριστοῦ
1419 5120 1448 5164 ,’
1492 5078 1735 5159 nihilque

156 5150 416 5236 amplius.
466 5162 607 5236 [Editi
641 5150 941 5236 vero__cuu~t
993 5150 1733 5236 όιιοὺξξεῖιιεε.,σώματιττῆς

151 5221 443 5360 ἕςης,ιὲν
484 5229 706 5303 Χριστῷ
765 5226 939 5300 Ἰησοῦ
999 5225 1078 5298 τῷ
1132 5222 1319 5296 Κυρίῳ
1367 5221 1557 5293 ἡμῶν·
1608 5221 1653 5286 ᾧ
1698 5221 1732 5290 ἡ

214 5324 302 5360 ca.
325 5320 355 5357 e
381 5320 430 5357 c.

216 5306 302 5368 ξα,
325 5314 430 5357 etc.

214 5327 506 5446 ἷῖἒῖῗὶὶε.
522 5381 747 5441 quartus
774 5366 987 5446 ψαλμδς
1008 5362 1087 5446 τῷ
1113 5361 1302 5446 Δαὸἰδ,
1329 5370 1382 5415 et
1408 5361 1481 5414 ita
1515 5373 1733 5446 quoque

151 5431 510 5515 Augustinus.
541 5431 995 5515 IAanXLFaM‘LéS'
1034 5431 1086 5515 in
1132 5433 1320 5515 multis
1366 5445 1525 5511 mssa
1556 5431 1731 5515 deest,

154 5499 539 5584 uegexpressa
568 5499 838 5584 invenitur
873 5499 1201 5584 iu_Vngata.
1224 5502 1385 5556 Plura
1432 5500 1526 5570 qui
1548 5499 1729 5567 ,volet,

155 5597 312 5641 notas
347 5578 540 5637 Nobilii
566 5583 746 5651 legere
776 5578 992 5651 poterit.
1177 5641 1196 5651 _
1344 5641 1356 5651 _
1616 5638 1631 5651 ‘
1662 5636 1696 5651 ῃ

227 5637 339 5727 (30)
369 5654 481 5727 ll_la,
504 5637 822 5727 σποξδάζεξν
851 5649 933 5727 δι,
953 5658 1085 5710 etc.,
1110 5641 1393 5727 referenda
1416 5654 1535 5695 esse
1565 5638 1634 5693 ad
1659 5637 1729 5693 li-

153 5722 357 5783 brutn'l
388 5724 593 5794 Regum
620 5740 732 5787 xxi,
761 5723 813 5781 9,
843 5724 1132 5794 obscurum
1166 5729 1271 5794 non
1294 5722 1397 5794 est.

223 5796 336 5868 (51)
361 5782 734 5870 ιὶιιεῖήιθηὶυέ
763 5790 900 5861 πρὸς
950 5787 1185 5860 ἄμυναν.
1232 5782 1435 5839 Ibidem

1849 4549 2064 4595 constat
2097 4543 2275 4597 vocari
2304 4557 2428 4596 eum
2453 4582 2469 4608 ,
2509 4541 2599 4611 qui
2632 4550 2873 4608 tempore
2908 4537 3107 4609 Ioseph
3146 4542 3430 4609 regnavit;

1851 4738 1980 4777 mss.
2019 4735 2139 4775 cum
2171 4719 2406 4773 editione
2432 4716 2601 4769 Basil.
2636 4730 2818 4767 ειπαν.
2851 4712 2980 4782 Reg.
3006 4718 3228 4780 quartus
3249 4707 3423 4764 εἷπον.

1844 4792 2027 4849 Editio
2068 4800 2251 4843 nostra
2282 4788 2452 4841 Paris.
2486 4783 2660 4851 εἶπεν,
2696 4801 2800 4838 non
2835 4786 3140 4836 emendate.

1917 4862 2031 4934 (5‘2)
2067 4860 2167 4934 _It_a
2219 4860 2368 4934 IIegii
2407 4856 2925 4934 quartus,_quintus
2965 4865 3019 4905 et
3069 4861 3256 4934 aestus
3301 4865 3425 4934 cum

1841 4921 2169 4988 Colbertiuis
2201 4921 2391 4998 quinto
2424 4921 2500 4981 ἐι
2528 4921 2779 4998 septimo
2811 4934 2863 4976 et
2904 4939 3026 4998 cum
3064 4921 3428 4998 editione_Ba-

1840 5004 1926 5057 sil.
1956 5002 2130 5056 Editio
2149 4992 2276 5050 vero
2296 4998 2466 5051 Paris.
2491 4992 2735 5068 ἐξῆρχον
2752 4992 3144 5068 ὲγχορεύουσαι
3156 4994 3429 5068 γυναῖκες

1838 5073 2115 5141 λέγουσαι.
2152 5070 2330 5141 Editto
2355 5063 2662 5141 Rmu._r_iiui
2699 5063 2849 5141 σου»
2887 5067 3061 5132 primo
3090 5063 3321 5133 ἐξῆρχον
3371 5063 3426 5112 αἰ

1832 5136 2465 5214 χορεύουσαιηλέγουσαι.
2528 5136 2832 5214 Notandum
2875 5144 3055 5187 tamen
3106 5149 3291 5187 vocem
3328 5148 3429 5200 γυ-

1833 5205 2019 5274 Gaius;
2045 5205 2388 5277 iualiqttiuus
2431 5223 2558 5260 mss.
2602 5205 2853 5277 reperiri.

1905 5270 2019 5355 (55)
2047 5270 2222 5355 Editio
2242 5277 2548 5355 Paris._rd‘)v
2578 5274 2873 5355 Γετθαίων.
2898 5273 3057 5355 Deest
3081 5270 3345 5355 articulus
3372 5272 3427 5324 in

1833 5344 1957 5408 ocIo
1979 5344 2109 5404 titss.
2130 5352 2322 5403 Statim
2351 5347 2441 5402 ubi
2466 5348 2669 5400 mentio
2693 5349 2751 5397 lit
2773 5347 2838 5397 de
2857 5348 3093 5414 quadam
3113 5344 3425 5414 traditione,

1835 5423 2087 5478 librarius
2111 5422 2162 5473 in
2195 5419 2438 5488 margine
2483 5416 2634 5484 Regii
2669 5415 2849 5484 quarti
2874 5410 3153 5488 ascripsit
3180 5412 3292 5488 illa,
3337 5410 3427 5488 λό-

1829 5509 1925 5561 γος
1947 5495 2011 5546 ὲκ
2040 5481 2393 5561 παραδόσεως
2424 5481 2701 5561 ἀγράφου,
2738 5500 2908 5561 sermo
2957 5483 3258 5561 traditionis
3309 5481 3426 5554 ejus

1827 5555 1945 5631 qua:
1959 5555 2156 5624 scripta
2197 5577 2299 5613 non
2332 5571 2431 5612 est.
2460 5555 2572 5612 Hoc
2604 5560 2748 5611 idem
2780 5556 2961 5624 legere
2991 5565 3076 5609 est
3099 5555 3151 5607 in
3180 5567 3427 5624 margine

1827 5634 1979 5689 Coll).
2010 5633 2174 5685 sexti.

1899 5703 2009 5774 (5i)
2044 5701 2177 5768 Reg.
2209 5698 2477 5774 secundus
2499 5704 2552 5751 et
2585 5696 2745 5772 Colh.
2781 5703 2970 5768 sextus
2992 5693 3022 5769 δ
3043 5708 3429 5767 προσηγορευο

1494 5786 1728 5852 quatuor
1823 5762 1919 5830 τοί
1946 5762 2082 5843 Reg.
2112 5762 2340 5841 Quartus
2366 5762 2411 5841 ᾧ
2444 5784 2644 5841 apem.
