3818 6220
385 284 484 339 33!

1703 271 1762 326 S.
1805 265 2054 328 BASILII
2095 268 2313 323 MAGNI

3551 261 3678 318 353

389 400 598 453 Pharao
628 395 785 459 item,
816 393 906 463 qui
933 402 1049 462 post
1075 400 1308 460 quatuor
1347 389 1724 462 generationes
1763 387 1960 458 tlnysis

2088 385 2198 440 ιαώ.
2230 385 2480 439 Φαίνεται
2515 384 2621 454 γὰρ
2651 381 2852 452 Φαραὼ
2894 379 3182 450 λεγόμενος
3216 378 3312 431 καὶ
3339 380 3370 432 6
3397 377 3503 430 ἐπὶ
3545 377 3678 429 Ἰω-

396 503 554 547 αιιιιιε
580 507 672 544 rex
701 488 920 557 Egypti
947 485 1046 539 fuit
1068 503 1084 551 ;
1120 484 1326 538 Pharao
1347 497 1585 551 quoque.
1611 482 1703 550 qni
1726 483 1964 534 Salomo-

399 584 484 637 nis
512 594 752 650 tempore
776 593 953 633 rerum
973 577 1277 642 potiebatur
1297 592 1312 629 :
1335 574 1543 642 Accepit
1565 573 1733 635 enim,
1766 572 1960 638 inquit,

395 675 563 742 ﬁliam
619 671 914 724 Pharaonis
976 667 1054 733 ‘°;
1119 677 1175 719 et
1221 667 1310 734 qui
1366 675 1607 732 tempore
1668 659 1963 730 prophetiae

395 763 641 820 Ieremia:
667 762 840 822 vixit,
873 761 1084 813 Pharao
1115 768 1338 810 vocatus
1369 763 1471 808 est.
1509 756 1598 809 Sic
1639 754 1802 806 etiam
1833 752 1962 804 Abi-

392 855 599 908 melech
643 861 800 903 attate
819 849 1047 902 Abrabm
1074 855 1222 905 erat.
1256 854 1310 896 et
1336 851 1494 895 aetate
1522 841 1670 894 Isaac
1701 857 1714 893 :
1748 847 1802 892 et
1823 837 1961 889 alius

391 959 530 998 nunc
559 941 896 1010 temporibus
938 937 1153 991 Davidis
1200 935 1419 986 dicitur.
1447 932 1514 985 Et
1549 932 1615 983 de
1649 945 1714 984 eo
1743 929 1958 996 quidem

389 1036 478 1104 qui
539 1045 777 1101 tempore
824 1030 1054 1084 Abrahae
1099 1035 1237 1087 erat,
1279 1025 1479 1076 dictum
1529 1032 1651 1075 est:
1706 1019 1772 1072 Et
1827 1019 1959 1070 dixit

388 1123 704 1185 Abimelech,
745 1129 792 1174 et
828 1116 1426 1184 Ilochozathpronubus
1469 1113 1582 1179 ejus
1607 1150 1622 1173 ,
1653 1120 1699 1162 et
1745 1105 1960 1159 Philoclt

389 1217 627 1284 princeps
676 1212 934 1266 exercitus
985 1208 1098 1276 ejus
1152 1207 1219 1258 ad
1275 1202 1540 1257 Abraham
1592 1200 1854 1252 dicens“.
1897 1197 1962 1251 Et

391 1310 585 1363 itermn
627 1309 691 1360 de
726 1321 790 1360 eo
817 1304 906 1373 qui
951 1313 1192 1369 tempore
1232 1301 1382 1353 Isaac
1414 1297 1588 1350 vixit:
1621 1293 1748 1346 Fuit
1786 1302 1959 1345 autem

392 1401 557 1454 multo
584 1411 808 1466 tempore
846 1397 936 1450 ibi.
969 1394 1102 1448 Cum
1126 1409 1242 1447 vero
1272 1392 1624 1460 prospexisset
1661 1383 1960 1438 Abimelech

392 1511 483 1547 rex
519 1491 803 1546 .Philistiim
843 1503 936 1557 per
980 1488 1262 1555 fenestram
1288 1524 1303 1548 ,
1345 1482 1476 1534 vidit
1512 1481 1664 1531 Isaac
1695 1493 1814 1531 cum
1860 1475 1961 1528 Re-

395 1585 549 1638 becca
579 1583 840 1634 ludentem
880 1580 942 1634 ".
976 1577 1067 1631 Sic
1101 1577 1262 1644 igitur
1298 1584 1352 1626 et
1399 1588 1540 1625 nunc
1570 1570 1786 1624 Davidis
1824 1578 1961 1620 tem-

393 1691 524 1745 pore
551 1672 860 1728 Ahimelecb
889 1672 941 1722 in
975 1667 1328 1736 inscriptione
1355 1665 1530 1717 dictos
1557 1673 1658 1727 est,
1688 1659 1960 1714 communi

2072 481 2210 548 σήφο
2237 475 2434 548 Φαραὼ
2458 476 2551 528 καὶ
2581 478 2609 527 6
2641 476 2733 526 ἐπὶ
2772 473 3047 534 Μωῦσέως
3079 471 3215 542 μετὰ
3241 469 3530 540 τέσσαρας
3563 485 3677 536 γε-

2067 570 2193 632 νεὰς
2229 568 2472 639 ἐγερθεὶς
2503 566 2754 637 βασιλεὺς
2781 564 3053 632 Αἰγύπτου
3071 579 3084 592 °
3117 562 3317 634 Φαραὼ
3339 563 3440 615 καὶ
3461 563 3494 613 6
3515 562 3676 614 κατὰ

2066 663 2191 723 τοὺς
2239 661 2462 730 χρόνους
2513 659 2886 729 Σολομῶντος·
2925 658 3137 709 Ἕλαϐε
3173 656 3305 727 γὰρ,
3339 657 3504 724 φησι,
3544 654 3676 717 τὴν

2067 752 2359 822 θυγατέρα
2394 749 2633 817 Φαραώ·
2685 749 2779 802 καὶ
2834 751 2861 801 6
2905 747 3045 801 κατά
3095 747 3221 810 τοὺς
3271 747 3513 816 χρόνους
3558 745 3676 813 τῆς

2068 842 2402 914 προφητείας
2440 841 2552 911 (55)
2609 841 2870 912 Ἰερεμίου
2927 837 3124 909 Φαραὼ
3182 840 3669 909 προσηγορεύετο.

2067 936 2223 989 Οὕτω
2235 936 2290 988 δὲ
2309 936 2401 988 καὶ
2428 933 2713 1004 Ἀϐιμέλεχ
2736 933 2875 985 κατὰ
2897 935 3020 995 τοὺς
3038 931 3258 1002 χρόνους
3277 926 3349 1000 ἦν
3375 929 3669 999 Ἀϐραὰμ,

2067 1027 2162 1080 κα)¹
2188 1027 2327 1080 κατὰ
2342 1028 2482 1102 ,τοὺς
2519 1025 2744 1096 χρόνους
2786 1023 2969 1076 Ἰσαάκ
2990 1041 3004 1053 ·
3040 1024 3134 1075 καὶ
3169 1024 3197 1074 6
3227 1022 3323 1074 νῦν
3355 1020 3670 1089 λεγόμενος

2066 1121 2160 1172 ἐπὶ
2189 1119 2296 1172 τῶν
2323 1117 2530 1189 καιρῶν
2555 1116 2738 1168 Δαϐίδ.
2782 1115 2906 1168 Ἐπὶ
2937 1114 3037 1184 μὲν
3062 1112 3169 1183 γὰρ
3210 1112 3474 1182 Ἀϐραὰμ
3505 1115 3668 1183 εἰρηο

2065 1230 2176 1275 ται,
2201 1214 2282 1265 ὃτι
2309 1212 2417 1266 Καὶ
2445 1207 2613 1263 εἶπεν
2648 1208 2967 1276 Ἀϐιμέλεχ,
2997 1206 3096 1260 καί
3154 1205 3400 1273 Ὀχοζάθ
3439 1211 3474 1258 ό
3507 1223 3666 1272 νυμ-

2066 1302 2338 1372 φαγωγὸς
2367 1300 2573 1362 αὐτοῦ,
2613 1299 2710 1352 καὶ
2740 1298 2925 1366 Φιλὸχ
2959 1301 2991 1350 ὀ
3030 1296 3518 1365 ἀρχιστράτηγος
3544 1295 3667 1361 τῆς

2067 1395 2372 1462 δυνάμεως
2397 1393 2582 1446 αὑτοῦ
2617 1391 2766 1459 πρὸς
2810 1390 3074 1459 Ἀϐραὰμ,
3101 1389 3311 1458 λέγων.
3339 1390 3456 1440 Καὶ
3494 1390 3668 1442 πάλιν

2068 1486 2315 1558 περὶτοῦ
2359 1485 2576 1538 ’1σαάκ’
2629 1482 2895 1551 Ἐγένετο
2940 1482 3007 1534 δὲ
3055 1484 3464 1549 πολυχρόνιος
3512 1481 3667 1534 ἐκεῖ.

2067 1580 2433 1647 Παρακύψας
2459 1577 2526 1629 δὲ
2562 1575 2858 1645 Ἀϐιμέλεχ
2897 1575 3009 1643 (56)
3050 1578 3081 1627 ὀ
3114 1574 3417 1638 ,βασιλεὺς
3472 1576 3668 1626 Φυλι-

2067 1671 2241 1738 στεὶμ
2273 1669 2369 1722 διὰ
2396 1667 2501 1735 τῆς
2529 1667 2790 1735 θυρίδος,
2835 1664 2957 1720 εἶδε
2993 1666 3273 1726 παίζοντα
3305 1666 3413 1718 τὸν
3443 1668 3668 1719 Ἰσαὰκ

393 1767 542 1836 rcgni
576 1765 813 1818 nomine.
849 1762 1044 1815 Verum
1087 1758 1306 1812 Auchus
1353 1770 1544 1807 nomen
1599 1754 1852 1806 traditmn
1897 1752 1960 1802 ab

2088 1760 2210 1814 ιετὰ
2242 1759 2574 1823 Ῥεϐέκκας.
2607 1757 2794 1822 Οὕτως
2823 1755 2915 1811 οὖν
2947 1759 3041 1812 καὶ
3069 1758 3163 1811 νῦν
3200 1759 3342 1810 κατά
3366 1759 3502 1819 τοὺς
3529 1757 3672 1827 χρό-

393 1856 620 1910 historia
653 1864 772 1915 est,
813 1853 954 1922 quod
997 1849 1201 1904 scilicet
1235 1849 1282 1902 ei
1316 1849 1571 1918 privatim
1620 1861 1649 1898 a
1687 1843 1966 1896 nativitate

396 1947 702 2016 impositum
739 1954 904 1998 eSset.
941 1943 1130 2010 Itaque
1173 1955 1354 1994 coram
1401 1940 1503 1992 hoc
1548 1936 1852 1988 immutavit
1884 1935 1965 1986 fa-

393 2039 530 2092 ciem
559 2053 734 2101 snam,
761 2041 1069 2104 asportatus
1093 2031 1340 2085 manibus
1366 2044 1663 2090 servorum,
1689 2034 1741 2080 et
1760 2029 1968 2079 obstre-

393 2144 524 2197 pens
562 2127 628 2180 ad
669 2136 854 2194 portas
879 2121 1151 2184 civitatis,
1185 2117 1582 2186 distillansqne,
1623 2118 1816 2185 inquit,
1840 2115 1966 2168 sali-

389 2235 508 2274 vam
537 2233 686 2270 suam
714 2218 763 2268 in
793 2215 1012 2269 barbam
1040 2230 1053 2265 :
1096 2212 1167 2265 ita
1204 2219 1261 2263 ut
1291 2211 1496 2262 diceret
1532 2209 1754 2261 Anchns
1785 2209 1850 2260 ad
1885 2205 1966 2260 fa-

398 2311 570 2363 nmlos
601 2326 613 2362 :
646 2308 821 2372 Quare
839 2304 1138 2358 adduxistis
1165 2319 1283 2356 eum
1309 2301 1379 2353 ad
1400 2315 1480 2353 me
1503 2300 1529 2353 ?
1552 2298 1688 2356 Num
1713 2314 1811 2367 ego
1833 2313 1966 2366 opus

393 2400 567 2452 habeo
589 2397 848 2451 comitiali
879 2395 1072 2447 morbo
1098 2390 1409 2457 correptis?
1443 2392 1638 2458 quippe
1675 2390 1967 2442 introduxi-

392 2489 492 2540 stis
516 2504 660 2544 eum.
680 2496 736 2537 ut
761 2483 947 2537 morbo
969 2480 1228 2537 comitiali
1258 2495 1438 2534 coram
1465 2495 1548 2533 me
1575 2480 1962 2546 corriperetur.

394 2581 460 2633 Et
489 2579 568 2633 sic
609 2577 751 2631 illinc
774 2576 1050 2634 dimissus.
1081 2572 1294 2626 Salvum
1335 2587 1393 2624 se
1431 2571 1650 2638 recepit,
1685 2571 1878 2638 inquit,
1912 2569 1964 2623 in

394 2671 710 2740 speluncam
755 2668 997 2723 Odollam
1033 2665 1096 2719 ".
1143 2665 1311 2734 Igitur
1352 2678 1608 2731 tanquam
1647 2677 1712 2717 ex
1771 2677 1967 2730 magno

392 2761 634 2830 periculo
657 2760 893 2826 elapsus,
927 2758 1067 2810 hanc
1094 2759 1394 2825 gratiarum
1425 2753 1688 2807 actionem
1723 2755 1967 2820 rependit
2014 2761 2024 2775 ‘

389 2869 489 2909 suo
514 2852 790 2908 liberatori
845 2851 970 2904 Deo.
1005 2849 1166 2903 Vsus.
1207 2847 1262 2900 2.
1294 2846 1608 2899 Benedicam
1649 2845 1964 2908 Dominum,

389 2943 597 3011 inquit,
632 2944 686 2994 in
730 2941 872 2994 omni
907 2952 1156 3008 tempore.
1189 2939 1416 3006 Ereptus
1460 2953 1528 2990 ex
1575 2948 1771 3000 morte,
1811 2939 1964 3005 (“Iasi

391 3034 653 3088 terminos
710 3035 831 3085 vita:
878 3031 980 3085 sibi
1014 3034 1128 3100 ipse
1169 3028 1503 3097 pnnscribit,
1555 3042 1816 3094 suamque
1846 3028 1964 3080 ani-

2067 1870 2191 1916 νους
2234 1852 2398 1904 Δαϐὶδ
2447 1851 2732 1920 ’Δὸιμέλεχ
2789 1851 3000 1922 εἴρηται
3044 1852 3101 1901 ὲν
3137 1852 3200 1920 τῇ
3238 1852 3553 1919 ἐπιγραφῇ,
3598 1848 3672 1900 τό

2066 1945 2243 1997 κοινὸν
2271 1945 2368 2014 τῆς
2395 1943 2668 2013 βασιλείας
2705 1943 2894 2012 ὄνομα.
2937 1943 3163 2012 Ἀγχοῦς
3192 1942 3248 1994 δὲ
3281 1942 3668 2013 παραδέδοται

2066 2036 2168 2089 ὑπὸ
2211 2036 2308 2106 τῆς
2342 2035 2599 2106 ἱστορίας,
2646 2036 2782 2106 ὅπερ
2823 2035 2966 2098 ἰδίως
3010 2031 3079 2105 ἦν
3122 2035 3267 2106 αὐτῷ
3310 2038 3376 2087 ὲκ
3420 2036 3667 2104 γενετῆς

2067 2128 2426 2198 ἐπικείμενον.
2489 2129 2611 2180 Ἐπὶ
2651 2127 2840 2181 τούτου
2887 2128 3065 2180 τοίνυν
3111 2127 3404 2195 ὴλλοίωσεν
3449 2127 3667 2180 ἑαυτοῦ

2066 2221 2126 2274 τὸ
2151 2220 2460 2290 πρόσωπον,
2486 2221 2937 2290 παραφερόμενος
2959 2223 3016 2271 ὲν
3043 2222 3162 2282 ταῖς
3189 2221 3347 2292 χερσὶ
3370 2220 3486 2272 τῶν
3507 2224 3664 2273 οἰκε-

2065 2315 2195 2378 τῶν,
2231 2313 2324 2365 καὶ
2375 2311 2564 2381 ψοφῶν
2599 2312 2750 2383 παρὰ
2796 2312 2894 2374 τὰς
2937 2310 3112 2374 πύλας
3151 2311 3251 2396 τ’ῖγς
3284 2311 3519 2374 πόλεως,
3555 2312 3666 2364 καὶ

2068 2405 2386 2477 καταρρέων
2415 2405 2548 2476 (57),
2583 2405 2736 2473 φησὶ,
2775 2404 2844 2457 τὰ
2887 2403 3036 2456 σίελα
3078 2399 3244 2455 αὐτοῦ
3287 2403 3379 2454 ἐπὶ
3405 2402 3503 2453 τὸν
3541 2401 3668 2452 πώ-

2067 2511 2252 2562 γωνα·
2282 2494 2422 2547 ὥστε
2449 2496 2620 2548 εἰπεῖν
2649 2493 2740 2546 τδν
2777 2494 3000 2562 Ἀγχοῦς
3045 2494 3155 2556 τοῖς
3193 2491 3347 2545 παισί
3370 2507 3384 2521 ⁸
3426 2491 3495 2544 Τί
3523 2494 3664 2543 εἱσ-

2065 2584 2304 2654 εφέρετε
2339 2584 2525 2638 αὐτὸν
2565 2583 2714 2652 πρὸς
2731 2584 2850 2652 μέ;
2890 2584 2980 2653 Μὴ
3020 2583 3300 2653 ὲπιδέομαι
3331 2583 3665 2651 ὲπιλήπτων

2067 2673 2198 2742 ἐγὼ,
2229 2674 2311 2727 ὅτι
2348 2673 2699 2744 εἰσηνέγκατε
2725 2673 2885 2726 αὑτὸν
2919 2670 3372 2741 ὲττιληπτεύεσθαι
3397 2671 3487 2722 ἐπ’
3515 2673 3665 2740 ὲμέ;

2067 2766 2180 2818 Καὶ
2207 2765 2377 2829 οὕτως
2403 2765 2694 2828 ἀπολυθεὶς
2716 2765 2948 2826 ἐκεῖθεν,
2974 2763 3225 2832 διεσώθη,
3256 2764 3440 2832 φησιν,
3479 2765 3562 2824 εἰς
3593 2764 3668 2814 τὸ

2069 2855 2331 2928 σπήλαιον
2397 2855 2670 2925 Ὀδολλὰμ.
2729 2856 2815 2917 Ὧς
2859 2851 2951 2907 οὖν
2997 2856 3062 2906 ὲκ
3120 2853 3352 2923 μεγάλου
3395 2851 3665 2904 κινδύνου

2067 2947 2372 3017 διεκφυγὼν
2406 2948 2538 3018 (58),
2573 2947 2776 3017 ταύτην
2819 2946 3134 3016 ἀναπέμπει
3167 2945 3262 3016 τὴν
3295 2945 3667 3014 εὐχαριστίαν

2067 3039 2145 3110 τῷ
2172 3040 2459 3111 ῥυσαμένῳ
2487 3040 2648 3092 αὑτὸν
2681 3037 2818 3109 Θεῷ.
2845 3037 3199 3107 Εὐλογήσω,
3228 3037 3379 3106 φησὶ,
3406 3037 3518 3088 τὸν
3537 3039 3666 3089 Κύ-

392 3140 534 3177 mam
580 3120 816 3178 instituit
850 3139 913 3176 ac
946 3121 1142 3175 format
1191 3122 1255 3173 ad
1292 3121 1599 3174 accuratius
1636 3121 1845 3173 vivendi
1881 3136 1960 3190 ge-

2088 3150 2198 3185 πον
2237 3132 2306 3184 ἐν
2357 3131 2533 3184 παντὶ
2567 3130 2766 3198 καιρῷ.
2803 3128 3116 3199 Διεκφυγὼν
3159 3131 3224 3182 ὲκ
3261 3129 3354 3181 τοῦ
3389 3129 3664 3190 θανάτου,

392 3231 516 3278 nus,
543 3215 677 3268 adeo
706 3224 763 3266 nt
799 3213 942 3267 nullo
970 3223 1207 3282 tempore
1226 3211 1660 3264 benedictionem
1691 3213 1960 3265 intermit-

391 3315 492 3367 tat,
519 3309 608 3360 sel
637 3321 814 3358 rerum
846 3314 956 3357 tum
981 3319 1296 3371 magnarum
1323 3314 1431 3358 tum
1459 3321 1740 3374 parvarum
1767 3309 1963 3376 princi-

385 3397 534 3461 pimu
564 3394 762 3446 referat
788 3394 839 3446 in
868 3394 1056 3447 Deum.
1080 3393 1194 3446 Non
1219 3393 1543 3447 existimabo
1563 3434 1577 3459 ,
1605 3395 1814 3464 inquit,
1840 3398 1962 3451 dili-

394 3486 570 3554 gentia
593 3500 706 3539 mea
735 3485 1027 3553 quidquam
1053 3485 1205 3551 ﬁeri;
1235 3500 1409 3554 neque
1439 3485 1662 3541 fortuito
1693 3505 1960 3543 concursu

387 3579 718 3646 contingere,
735 3577 824 3630 sed
844 3575 910 3630 In
929 3579 1067 3631 omni
1088 3589 1314 3646 tempore
1337 3580 1637 3633 benedicam
1655 3581 1960 3646 Dominum;

391 3668 577 3721 nonin
606 3668 727 3720 vitae
763 3668 934 3721 solum
973 3671 1329 3736 prosperitate
1354 3709 1368 3733 ,
1414 3671 1504 3723 sed
1543 3672 1594 3724 in
1632 3674 1962 3742 temporibus

385 3761 551 3814 etiam
583 3761 828 3813 adversis
863 3769 1021 3827 atque
1043 3760 1393 3815 calamitosis.
1425 3761 1558 3816 Hinc
1577 3763 1797 3818 edoctus
1819 3765 1960 3818 Pau-

387 3851 489 3911 lus.
514 3850 588 3903 ait
613 3867 626 3902 :
661 3851 877 3918 Semper
909 3851 1151 3918 gaudete,
1175 3851 1287 3904 sine
1310 3853 1693 3906 intermissione
1716 3867 1880 3917 orate,
1906 3858 1962 3908 in

387 3943 625 3996 omnibus
649 3942 849 4012 gratias
879 3944 1015 4011 agite
1038 3942 1100 3995 “.
1136 3942 1321 3996 Videu‘
1353 3954 1554 4012 quanta
1596 3945 1759 3999 tuerit
1785 3947 1962 4000 chari-

388 4044 472 4087 tas
509 4033 648 4087 viri?
682 4031 941 4086 Malorum
985 4033 1360 4088 assiduitatem
1397 4036 1580 4089 animo
1629 4037 1815 4106 iniquo
1849 4055 1955 4092 non

387 4125 615 4190 ferebat,
652 4141 772 4178 cmn
810 4139 913 4177 non
948 4125 1121 4178 solum
1159 4140 1222 4178 ex
1254 4130 1427 4195 putria
1459 4127 1664 4194 pulsus,
1702 4139 1756 4182 et
1795 4144 1824 4181 a
1865 4146 1960 4182 co-

388 4215 564 4284 gnatis
592 4215 1014 4281 domesticisque
1041 4213 1347 4282 sejuncuts,
1374 4231 1436 4270 ac
1466 4217 1621 4272 bonis
1655 4219 1918 4288 spoliatus
1944 4239 1957 4274 :

386 4319 570 4357 verum
609 4304 768 4356 etiam
814 4320 935 4358 cum
979 4305 1222 4358 hostibus
1254 4315 1397 4359 esset
1425 4321 1520 4376 per
1550 4309 1654 4362 vim
1691 4312 1920 4364 traditus
1942 4352 1957 4376 ,

389 4396 459 4449 ita
487 4405 542 4449 ut
567 4394 676 4450 fere
697 4396 762 4448 ab
779 4395 858 4448 eis
886 4395 1222 4448 membratim
1251 4395 1628 4453 dilaniaretnr.
1648 4397 1766 4453 Non
1789 4402 1955 4455 dixit:

2063 3219 2174 3275 οἷον
2212 3224 2372 3293 ὄρους
2408 3220 2585 3291 ἑαυτῷ
2621 3221 2828 3274 τίθεται
2877 3221 2977 3290 τῆς
3023 3219 3188 3290 ζωῆς,
3230 3219 3413 3272 τυπῶν
3448 3222 3665 3274 ἑαυτοῦ

2061 3316 2159 3387 τὴν
2184 3314 2360 3386 ψυχὴν
2389 3315 2524 3385 πρὸς
2556 3313 2615 3365 τὸ
2653 3313 2750 3383 τῆς
2791 3312 3063 3375 πολιτείας
3103 3311 3357 3384 ἀκριϐές·
3406 3311 3485 3374 ὡς
3542 3330 3664 3382 μη-

2060 3408 2186 3461 δένα
2205 3405 2396 3478 καιρὸν
2416 3405 2795 3475 διαλιμπάνειν
2816 3405 2913 3475 τῆς
2931 3403 3198 3471 εὐλογίας,
3215 3403 3349 3455 ἀλλὰ
3369 3405 3464 3455 καί
3485 3407 3664 3474 μεγά-

2061 3499 2167 3552 λων
2180 3499 2273 3552 καὶ
2290 3497 2626 3568 μικροτέρων
2645 3497 2983 3567 πραγμάτων
3001 3497 3090 3548 ἐπὶ
3105 3495 3195 3547 τὸν
3207 3495 3339 3547 Θεὸν
3354 3496 3664 3568 ἀναφέρειν

2059 3591 2158 3662 τὴν
2187 3578 2392 3663 ἀρχήνί
2413 3590 2547 3659 Οὐχὶ
2587 3590 2884 3660 ἡγήσομαι,
2915 3589 3067 3658 φησι,
3100 3588 3241 3641 κατὰ
3269 3589 3368 3659 τὴν
3403 3590 3658 3659 ἐμαυτοῦ

2061 3685 2379 3753 ἐπιμέλειαν
2402 3681 2665 3751 γίνεσθαι,
2683 3679 2804 3732 οὐδὲ
2827 3681 2889 3732 ἐκ
2910 3680 3008 3750 τῆς
3028 3680 3330 3749 αὐτομάτου
3356 3681 3662 3748 συντυχίας

2063 3791 2126 3826 συ
2135 3774 2399 3844 μϐαίνειν,
2424 3771 2536 3826 ἀλλ’
2567 3773 2662 3824 Ἐν
2686 3770 2863 3824 παντὶ
2884 3767 3064 3837 καιρῷ
3078 3767 3390 3837 εὐλογήσω
3409 3769 3522 3822 τὼ·
3539 3772 3663 3824 Κύ-

2053 3883 2190 3934 ριον
2209 3906 2224 3928 ,
2253 3865 2352 3918 οὐκ
2375 3866 2431 3915 ὲν
2451 3866 2569 3926 ταῖς
2596 3861 2914 3932 εὐημερίαις
2942 3859 3099 3930 μόνον
3118 3858 3209 3910 τοῦ
3231 3858 3367 3928 βίου,
3393 3858 3539 3912 ἀλλὰ
3557 3861 3662 3912 καὶ

2063 3960 2122 4010 ὲν
2146 3959 2256 4022 τοῖς
2284 3958 2684 4027 περιστατικοῖς
2707 3956 2938 4024 καιροῖς.
2969 3949 3248 4003 Ἐντεῦθεν
3283 3949 3660 4020 μαθητευθεὶς

2061 4051 2090 4101 6
2140 4047 2488 4110 Ἀπόστολος,
2544 4045 2828 4107 Πάντοτε,
2879 4045 3034 4111 φησι,
3079 4042 3328 4111 χαίρετε,
3377 4041 3656 4095 ἀδιαλεί-

2062 4154 2221 4204 πτως
2243 4142 2675 4209 προσεύχεσθε,
2703 4140 2771 4192 ἐν
2805 4139 2981 4191 παντὶ
3009 4135 3437 4205 εὐχαριστεῖτε.
3483 4137 3656 4208 Ὁρᾷς

2059 4227 2224 4303 ἡλίκη
2255 4231 2348 4284 τοῦ
2388 4232 2579 4302 ἀνδρὸς
2611 4234 2644 4302 ἡ
2677 4231 2901 4300 ἀγάπη;
2939 4231 3051 4282 Οὐκ
3098 4227 3461 4282 ἀπεδυσπέτει
3511 4229 3655 4298 πρὸς

2061 4322 2159 4393 τὴν
2181 4323 2460 4392 συνέχειαν
2486 4321 2592 4374 τῶν
2617 4319 2823 4380 κακῶν,
2851 4320 2941 4371 ὅτε
2965 4319 3025 4371 οὐ
3055 4317 3164 4386 (59)
3196 4316 3353 4386 μόνον
3384 4314 3656 4385 πατρίδος

2065 4415 2393 4484 ἀπελήλατο,
2427 4415 2520 4466 κα)⁵
2554 4412 2891 4481 συγγενείας,
2922 4411 3015 4463 καὶ
3039 4408 3274 4466 οἰκείων,
3303 4407 3397 4458 καὶ
3427 4409 3650 4476 κτημά-

387 4487 676 4554 Qnousque
713 4487 972 4540 malorum
1007 4486 1338 4541 assiduitas?
1368 4505 1470 4542 non
1512 4489 1801 4559 destiondit
1833 4497 1953 4546 ani-

2088 4524 2199 4569 rwv,
2228 4464 2370 4559 ⁸ἀλλὰ
2411 4507 2506 4558 καὶ
2553 4508 2665 4567 τοῖς
2708 4503 2988 4572 πολεμίοις
3027 4499 3351 4571 παραδοθεὶς
3395 4499 3506 4551 ὑπὸ
3552 4501 3651 4569 τῆς

389 4595 534 4631 ιιιιιιιι
561 4586 778 4647 propter
806 4577 1110 4631 aiﬂictionis
1143 4577 1302 4650 144
1324 4583 1782 4648 prorogationem,
1814 4585 1954 4637 haud

392 4671 664 4739 ignorans.
705 4669 857 4734 Quod
896 4671 1171 4722 tribulatio
1205 4671 1516 4737 patientiam
1547 4684 1815 4739 aperatur,
1863 4694 1958 4742 pn-

390 4761 571 4813 tientia
617 4768 792 4811 autem
839 4761 1230 4827 probationem,
1271 4760 1516 4830 probatio
1556 4777 1672 4814 vero
1711 4779 1850 4830 spem
1889 4765 1952 4817 ¹⁵.

461 4945 504 4978 ιο
532 4945 594 4998 ιιι
632 4945 760 5014 Reg.
800 4959 879 5001 ιιι,
909 4945 960 4998 ι.

391 5017 434 5048 ⁸⁵
476 5017 636 5072 ιὶιιιιι.
686 5033 736 5076 v,
770 5016 824 5076 5.
855 5016 908 5069 4.

458 5137 569 5211 (55)
604 5135 754 5211 illud,
784 5139 881 5207 τῆς
912 5139 1266 5208 προφητείας,
1308 5139 1460 5193 deest
1499 5139 1551 5191 in
1605 5139 1738 5209 Reg.
1771 5142 1953 5199 tertio.

387 5206 579 5282 Statiin
611 5208 745 5282 iteg.
783 5206 1048 5261 secundus
1083 5206 1270 5282 rursus
1293 5206 1716 5282 προσηγόρευτο.

460 5277 572 5347 (56)
608 5279 696 5329 Sic
727 5294 871 5350 mss._
893 5290 1143 5350 quatuor.
1187 5280 1240 5332 lu
1273 5277 1508 5333 edit-ioue
1538 5277 1708 5336 Paris.
1741 5281 1956 5350 ponitur

385 5350 806 5420 articulnsante
858 5347 1168 5420 Ἂϐιμέλεχ.
1226 5351 1514 5417 Aliquanto
1548 5363 1667 5418 post
1709 5347 1839 5420 Heg.
1875 5369 1960 5404 sc-

384 5423 591 5490 cundns
624 5418 910 5487 εἴρηταιὲν
945 5421 1010 5489 τῇ
1041 5420 1248 5490 Γραφῇ.
1280 5423 1382 5472 Sed
1414 5422 1735 5486 scripturam
1776 5418 1957 5474 verum

385 5489 547 5567 ὲντῇ
588 5490 865 5566 ἐπιγραφῇ
900 5493 1113 5567 pra-icit
1143 5505 1355 5557 quoque
1392 5492 1440 5567 in
1476 5494 1738 5567 margine.
1785 5492 1950 5567 lnl'r-t,

389 5559 696 5630 n|_)_i_l_egitur
716 5559 1188 5630 παραφερόμενος,
1217 5572 1347 5615 etc..
1374 5562 1453 5613 sic
1484 5564 1683 5613 editum
1705 5574 1786 5614 est
1812 5565 1952 5629 apud

565 5645 577 5678 :
609 5625 952 5706 παρεφέρετο
984 5625 1040 5706 ἐν
1073 5633 1192 5692 ταῖς
1224 5630 1409 5700 χερσὶν
1435 5631 1617 5682 αὑτοῦ.
1662 5631 1810 5685 Unde
1846 5625 1956 5683 Άιι-

389 5698 632 5764 gustinus
663 5696 998 5751 {Ferebatur
1025 5702 1075 5752 iu
1104 5696 1340 5752 manibus
1369 5705 1475 5753 suis
1512 5717 1528 5752 :
1557 5702 1751 5769 quibus
1776 5703 1954 5756 verbis

1039 4946 1078 4975 “
1112 4943 1246 4999 Gen.
1274 4963 1387 5012 χιιι,
1409 4947 1497 5001 2‘2.

1578 4949 1620 4978 "
1644 4947 1778 5004 Gen.
1803 4966 1953 5024 xxvr,
1981 4959 2034 5013 8.

2065 4597 2330 4666 ἀνάγκης,
2379 4597 2577 4668 μικροῦ
2629 4595 2962 4649 διασπᾶσθαι
3012 4596 3141 4666 παρ’
3173 4591 3350 4645 αὐτῶν
3393 4590 3647 4661 ἔμελλεν.

2064 4686 2179 4738 Οὐκ
2208 4685 2360 4740 εἷπε·
2394 4688 2573 4759 Μέχρι
2603 4687 2748 4749 τίνος
2783 4688 2817 4756 ή
2852 4685 3102 4755 συνέχεια
3135 4684 3244 4736 τῶν
3280 4681 3511 4747 κακῶν;
3548 4683 3648 4735 οὐκ

2064 4779 2478 4852 ἀπεδυσπέτησε
2508 4780 2645 4852 πρὸς
2681 4780 2777 4851 τὴν
2808 4778 3117 4848 παράτασιν
3146 4776 3243 4846 τῆς
3277 4774 3538 4844 θλίψεως,
3569 4775 3648 4825 εἰ-

2112 4958 2156 4990 "
2183 4958 2203 5012 1
2234 4959 2366 5029 Reg.
2400 4975 2511 5026 χιι,
2546 4958 2648 5022 15;
2691 4973 2824 5020 uti,
2869 4957 2923 5012 L
3000 4956 3046 4987 "’
3084 4954 3316 5009 lThess.
3341 4967 3396 5020 ν,
3429 4950 3520 5015 16,
3551 4951 3639 5005 18.

2054 5143 2216 5197 Pater
2252 5143 2608 5211 gravissimus
2638 5141 2946 5194 adumbrari
2969 5139 3084 5211 vult
3114 5138 3516 5193 sanctissimam
3545 5140 3643 5192 En-

2056 5209 2397 5274 charistiam,
2451 5215 2667 5280 quando
2721 5212 2971 5263 videlicet
3023 5209 3282 5263 Donnnus
3339 5211 3396 5261 in
3448 5212 3638 5262 ultima

2057 5297 2211 5337 cmna
2242 5300 2299 5335 se
2329 5285 2442 5349 ipse
2470 5285 2581 5335 suis
2608 5282 2854 5332 manibus
2886 5281 3025 5331 tulit.

2129 5351 2243 5418 (57)
2291 5346 2362 5404 tta
2419 5369 2607 5405 novem
2647 5366 2783 5403 mss.
2817 5365 2939 5403 cum
2964 5349 3200 5403 editione
3228 5346 3396 5402 Basil.
3455 5347 3639 5402 Editio

2057 5437 2140 5476 vel
2155 5441 2185 5473 ι)
2228 5419 2297 5476 Pa
2311 5425 2402 5476 ris.
2443 5423 2760 5492 κατέρρεον.

2132 5493 2240 5563 (58)
2270 5493 2518 5563 Nonnulli
2552 5487 2678 5544 nisis.
2709 5487 3012 5563 διαφυγών.
3033 5487 3229 5545 Statim
3263 5496 3474 5557 septem
3503 5502 3640 5543 mss.

2061 5560 2249 5616 rursus
2276 5561 2556 5631 διαφυγὼν
2585 5564 2648 5614 ἐκ
2678 5560 2794 5613 τοῦ.

2133 5633 2242 5704 (59)
2287 5629 2414 5701 Iteg.
2439 5629 2706 5688 Secundus
2737 5632 2817 5682 ὅτι
2846 5629 2928 5682 οὑ.
