3818 6220
217 325 325 380 555

1358 322 1642 378 IiOMlLIA
1682 321 1749 376 IN
1790 320 2123 411 PSALMvaI
2165 320 2398 375 XXXIII.

3389 323 3495 382 355

177 440 340 511 βὼς,
371 440 502 494 Ὀτι
536 440 574 509 ἡ
607 442 816 511 θλίψις
849 441 1168 511 ὑπομονὴν
1198 441 1631 511 κατεργάζεται,
1669 444 1706 510 ἠ
1740 442 1797 494 δὲ

1915 442 2045 497 Nam
2093 458 2150 496 re
2190 444 2301 512 ipsa
2340 439 2658 497 nillictiones
2682 483 2695 507 ,
2734 441 2891 511 quasi
2932 440 3186 497 atbletiea
3239 443 3491 511 quaedam

213 533 493 602 ὑπομονὴ
543 533 828 605 δοκιμὴν,
867 536 904 604 ἠ
940 536 1009 590 δὲ
1036 535 1251 607 δοκιμὴ
1284 535 1524 591 ἐλπίδα.
1568 535 1659 607 Τῷ
1691 535 1804 588 ὄντι

214 623 327 697 γὰρ
353 628 467 691 τοῖς
510 627 693 691 καλῶς
727 630 1272 701 παρεσκευασμένοις
1312 631 1370 683 αἱ
1399 628 1608 699 θλίψεις
1640 629 1805 682 οἱονεὶ

215 717 415 788 τροφαί
447 718 591 782 τινές
624 721 760 774 εἰσιν
795 721 1089 793 ἀθλητικαὶ
1128 723 1221 775 καὶ
1253 723 1552 792 γυμνάσια,
1587 722 1679 774 ἐπὶ
1705 721 1805 793 τὴν

216 807 482 879 πατρῴαν
520 809 676 875 δόξαν
706 811 799 865 τὸν
835 811 1143 884 ἀγωνιστὴν
1183 812 1645 884 προϐιϐάζουσαι·
1678 812 1806 865 ὅταν

217 896 615 971 λοιδορούμενοι
652 902 966 975 εὐλογῶμεν
987 946 1002 970 ,
1038 903 1520 975 βλασφημούμενοι
1552 920 1807 975 παρακα-

218 989 420 1062 λῶμεν,
440 994 911 1066 καταπονούμενοι
929 995 1364 1067 εὐχαριστῶμεν,
1386 995 1692 1066 θλιϐόμενοι
1714 994 1807 1047 ἐπὶ

219 1084 285 1154 τῇ
335 1082 511 1153 θλίψει
565 1085 918 1158 καυχώμεθα.
974 1087 1210 1158 Αἰσχρὸν
1261 1086 1373 1158 γὰρ
1411 1088 1657 1157 εὐλογεῖν
1708 1088 1807 1159 μὲν

220 1174 370 1246 ἡμᾶς
395 1176 490 1229 ἐπὶ
510 1180 626 1241 τοῖς
651 1179 1058 1250 χρηστοτέροις,
1090 1181 1302 1251 σιωπᾷν
1327 1180 1384 1233 δὲ
1414 1181 1507 1233 ἐπὶ
1538 1183 1648 1244 τοῖς
1679 1198 1809 1234 σκυ-

221 1262 595 1338 θρωποτέροις
630 1270 725 1322 καὶ
766 1269 1046 1332 ἐπιπόνοις
1079 1270 1419 1341 πράγμασιν.
1481 1270 1642 1323 Ἀλλὰ
1684 1271 1808 1324 τότε

221 1357 317 1411 καὶ
353 1357 515 1411 πλέον
559 1359 904 1431 εὐχαριστεῖν
931 1361 1029 1424 δεῖ,
1069 1361 1300 1425 εἰδότας,
1335 1362 1416 1414 ὅτι
1455 1364 1565 1415 Ὃν
1608 1361 1809 1430 ἀγαπᾷ

219 1452 438 1517 Κύριος
468 1452 760 1507 παιδεύει·
794 1455 1071 1524 μαστιγοῖ
1109 1454 1177 1507 δὲ
1204 1453 1399 1507 πάντα
1430 1454 1566 1508 υἱὸν
1595 1453 1666 1507 ὃν
1700 1467 1810 1507 πα-

216 1542 554 1612 ραδέχεται.
615 1547 949 1612 Διαπαντὸς
1000 1548 1038 1615 ἡ
1092 1546 1328 1612 αἵνεσις
1368 1545 1555 1599 αὑτοῦ
1606 1545 1676 1597 ἐν
1730 1542 1810 1610 τῷ

220 1637 478 1706 στόματί
509 1655 651 1707 μου.
704 1640 865 1693 Δοκεῖ
896 1639 1157 1694 ἀδύνατόν
1209 1656 1262 1691 τι
1313 1638 1746 1706 ἐπαγγέλλεσθαι
1781 1639 1810 1690 ό

221 1729 529 1800 προφήτης.
560 1729 682 1794 Πῶς
704 1729 814 1802 γάρ
843 1729 1135 1793 διαπαντὸς
1164 1732 1196 1801 ή
1228 1730 1433 1793 αῖνεσις
1464 1729 1556 1782 τοῦ
1587 1728 1721 1781 Θεοῦ
1750 1730 1809 1782 ἐν

1914 537 2167 592 alimenta
2198 551 2262 589 ac
2294 536 2720 591 exercitationes
2746 544 2874 590 sunt
2896 536 3034 591 bene
3058 537 3377 607 praeparatis
3413 548 3492 591 at-

1914 644 2024 698 que
2053 628 2337 683 instructis
2365 644 2380 682 :
2411 643 2530 698 quae
2560 626 2822 682 athletam
2853 628 2918 682 ad
2951 637 3233 698 paternam
3263 627 3493 698 gloriam

1916 722 2217 786 deducunt;
2254 723 2296 775 si
2334 723 2551 790 quando
2580 721 2841 775 conviciis
2886 720 3118 790 impetiti
3151 721 3493 777 benedixeri-

1918 830 2059 879 mus,
2088 814 2444 885 blasphemiis
2473 815 2705 869 lacessiti
2732 813 3216 880 obsecraverimus,
3251 813 3490 869 divexati

1915 909 2183 977 egerimus
2207 909 2432 977 gratias,
2464 905 2644 962 amicti
2680 908 2734 961 in
2762 906 3056 962 nillictione
3082 906 3299 977 gloriati
3331 905 3492 961 fueri-

1917 1014 2038 1053 mus
2068 999 2134 1052 ¹⁶.
2162 996 2340 1069 Turpe
2367 999 2511 1053 enim
2543 1008 2626 1052 est
2659 1014 2756 1052 nos
2784 997 3107 1054 benedicere
3140 998 3194 1054 in
3228 1000 3390 1054 rebus
3420 1013 3495 1051 se-

1916 1091 2125 1157 cundis,
2148 1091 2309 1145 silere
2330 1104 2458 1146 vero
2486 1091 2537 1144 in
2565 1091 2813 1146 tristibus
2841 1101 2896 1144 et
2917 1090 3183 1145 adversis.
3218 1088 3331 1145 lmo
3362 1100 3486 1144 tunc

1917 1182 2077 1237 etiam
2116 1181 2317 1251 gratias
2349 1180 2628 1237 uberiores
2657 1194 2820 1251 agere
2845 1188 3082 1250 oportet,
3119 1196 3240 1235 cum
3271 1182 3488 1236 noveri-

1916 1289 2036 1329 mus
2066 1273 2205 1344 qnod
2237 1273 2402 1339 Quem
2437 1272 2610 1342 diligit
2645 1271 2926 1339 Dominus,
2963 1272 3229 1341 castigat;
3255 1273 3489 1344 ﬂagellat

1916 1374 2096 1419 autem
2124 1381 2328 1419 onmem
2374 1364 2546 1435 ﬁlium
2587 1381 2741 1435 quem
2787 1365 2966 1433 recipit
3000 1365 3063 1419 ".
3117 1364 3336 1435 Semper
3375 1364 3494 1420 laus

1916 1457 2031 1526 ejus
2054 1458 2108 1510 in
2142 1473 2232 1510 ore
2255 1473 2387 1511 meo.
2419 1458 2644 1513 Videtur
2677 1459 2938 1528 propheta
2976 1458 3028 1514 id
3056 1461 3199 1527 quod
3229 1460 3345 1515 Ileri
3383 1477 3490 1517 non

1919 1556 2115 1616 p0test,
2143 1546 2405 1616 polliceri.
2433 1546 2716 1614 Quomodo
2737 1548 2881 1601 enim
2914 1560 3133 1619 semper
3162 1548 3281 1604 laus
3316 1550 3408 1605 Dei
3433 1551 3486 1605 in

1917 1652 2013 1693 ore
2043 1639 2279 1694 hominis
2308 1653 2429 1693 esse
2462 1640 2683 1707 potest?
2715 1639 2852 1694 Cum
2885 1648 3144 1695 consueta
3172 1650 3224 1697 et
3253 1644 3321 1696 ad
3369 1643 3492 1698 vitae

1919 1743 2075 1783 usum
2104 1729 2407 1797 spectantia
2437 1729 2707 1798 colloquia
2741 1729 2893 1796 facit,
2938 1729 2992 1784 in
3026 1744 3125 1785 ore
3153 1730 3368 1785 Iaudem
3398 1731 3493 1787 Dei

218 1820 298 1890 τῷ
333 1820 560 1891 στόματι
594 1821 887 1893 ἀνθρώπου
930 1822 1041 1893 (60)
1074 1818 1215 1876 εἶναι
1246 1821 1504 1887 δόναται;
1538 1822 1667 1875 ’Ὀτε
1700 1820 1797 1873 δια-

1919 1833 2024 1873 non
2066 1817 2248 1873 habet.
2275 1816 2410 1872 Cum
2453 1817 2675 1883 dormit,
2715 1819 2937 1873 omnino
2962 1819 3165 1875 silebit.
3211 1821 3494 1887 Quomodo

219 1912 440 1981 λέγεται
465 1914 564 1978 τὰς
597 1914 849 1986 συνήθεις
875 1916 970 1969 καὶ
1000 1914 1263 1985 βιωτικὰς
1296 1915 1535 1987 ὁμιλίας,
1566 1915 1666 1967 οὐκ
1696 1913 1807 1984 ἔχει

224 2006 311 2059 τὸν
348 2003 497 2061 αἶνον
528 2008 624 2061 τοῦ
666 2008 801 2062 Θεοῦ
836 2011 894 2062 ἐν
936 2008 1012 2079 τῷ
1054 2008 1303 2079 στόματι.
1358 2008 1492 2061 "Ore
1534 2005 1807 2070 καθεύδει,

222 2101 558 2167 σιωπήσεται
594 2101 831 2166 πάντως.
885 2102 1187 2164 Ἑσθίοντος
1216 2100 1272 2153 δὲ
1299 2099 1393 2154 καί⁵
1421 2099 1665 2162 πίνοντος
1695 2099 1811 2163 πῶς

218 2191 507 2264 ἐνεργήσει
537 2192 600 2247 τὸ
629 2193 805 2263 στόμα
847 2191 945 2264 τὴν
978 2192 1219 2255 αῖνεσινς
1255 2190 1399 2261 Πρὸς
1436 2188 1501 2258 δὴ
1539 2192 1700 2242 τοῦτο
1728 2189 1811 2243 λέ-

217 2299 412 2354 γομεν,
453 2284 536 2337 ὄτι
566 2282 682 2336 ἔστι
713 2283 814 2354 μέν
849 2301 901 2336 τι
948 2282 1042 2336 καὶ
1086 2280 1274 2353 νοητὸν
1318 2279 1493 2350 στόμα
1525 2277 1620 2331 τοῦ
1664 2278 1810 2332 ἔνδον

216 2374 529 2449 ἀνθρώπου,
555 2370 601 2445 ᾧ
625 2376 884 2447 τρέφεται
917 2374 1027 2445 (61)
1060 2370 1494 2444 μεταλαμϐάνων
1526 2370 1620 2424 τοῦ
1648 2369 1810 2439 λόγου

217 2467 320 2537 τῆς
350 2469 515 2539 ζωῆς,
558 2469 616 2531 ὃς
653 2469 800 2521 ἐστιν
834 2466 997 2538 ἄρτος
1026 2469 1091 2519 ἐκ
1136 2463 1231 2517 τοῦ
1275 2461 1506 2535 οὐρανοῦ
1541 2462 1806 2526 καταϐάς.

219 2559 360 2631 Περὶ
408 2561 618 2615 ἐκείνου
662 2560 757 2614 τοῦ
795 2560 1064 2630 στόματος
1106 2558 1206 2611 καὶ
1244 2559 1273 2609 ὀ
1309 2556 1605 2627 Προφήτης
1646 2554 1811 2626 φησὶν

217 2653 323 2709 ὅτι·
362 2656 433 2709 Τὸ
462 2654 657 2725 στόμα
676 2672 796 2723 μου
830 2650 1080 2721 ἢνοιξα,
1116 2649 1215 2703 καὶ
1252 2650 1514 2703 εἵλκυσα
1553 2646 1806 2715 πνεῦμα.

233 2746 440 2801 Ἐκεῖνο
480 2748 575 2801 καὶ
612 2750 640 2800 ό
668 2745 874 2817 Κύριος
917 2742 1270 2815 προκαλεῖται
1310 2741 1457 2811 ἡμᾶς
1498 2738 1810 2811 εὐρύχωρον

220 2837 365 2907 ἔχειν
400 2840 481 2902 εἰς
510 2837 776 2909 ὑποδοχὴν
827 2831 1215 2905 ἄφθονωτέραν
1283 2832 1391 2885 τῶν
1446 2830 1666 2902 τροφῶν
1711 2829 1811 2899 τῆς

218 2929 499 2999 ἀληθείας.
549 2930 869 2984 Πλάτυνον
914 2930 1046 2998 γὰρ,
1098 2926 1254 2997 φησὶ,
1305 2924 1370 2978 τὸ
1419 2924 1615 2992 στόμα
1666 2937 1805 2985 σου,

219 3020 318 3073 καὶ
352 3020 652 3090 πληρώσω
692 3021 860 3075 αὑτό.
893 3020 1125 3073 Δύναται
1165 3014 1258 3072 οὖν
1308 3019 1342 3088 ἡ
1387 3014 1808 3085 ἐντετυπωμένη

1915 1925 2043 1966 vero
2067 1911 2280 1966 edentis
2310 1919 2402 1964 aut
2441 1911 2676 1967 bibentis
2707 1926 2768 1966 os
2805 1912 3018 1967 laudem
3049 1912 3142 1968 Dei
3173 1916 3492 1984 depromet?

1910 2003 1993 2057 Ad
2029 2002 2131 2057 hoc
2167 2003 2570 2071 respondemus,
2595 2002 2862 2071 quoddam
2902 2002 3066 2057 etiam
3102 2018 3224 2060 esse
3258 2005 3493 2061 hominis

1913 2094 2111 2149 interni
2137 2093 2419 2163 spirituale
2442 2108 2505 2148 os
2527 2103 2691 2163 atque
2714 2094 3071 2164 intelligibile,
3095 2110 3206 2164 quo
3227 2098 3486 2162 nutritur,

1912 2186 2040 2241 dum
2067 2184 2296 2242 verbum
2319 2188 2446 2241 vita:
2471 2186 2684 2255 recipit,
2719 2188 2810 2257 qui
2839 2197 2923 2242 est
2945 2187 3122 2257 panis,
3143 2189 3235 2258 qui
3259 2190 3327 2243 de
3350 2188 3491 2244 cmlo

1913 2280 2192 2337 descendit
2221 2280 2286 2333 ⁸⁸.
2326 2280 2401 2334 De
2442 2279 2531 2335 illo
2560 2294 2656 2334 ore
2686 2280 2849 2334 etiam
2890 2279 3162 2349 Propheta
3194 2280 3434 2349 loquitur
3467 2298 3482 2335 :

1913 2371 1987 2427 0s
2016 2389 2189 2427 meum
2212 2374 2393 2442 aperui
2425 2383 2475 2428 et
2510 2372 2710 2427 attraxi
2738 2373 2979 2439 spiritum
3015 2374 3077 2427 ¹⁹.
3103 2370 3364 2428 Hortatur
3393 2388 3491 2428 nos

1912 2466 2077 2518 etiam
2111 2464 2393 2531 Dominus,
2431 2473 2490 2519 ut
2520 2465 2756 2534 amplum
2787 2479 2849 2519 os
2885 2464 3205 2531 habeamus,
3240 2480 3348 2533 quo
3391 2480 3491 2520 co-

1915 2555 2120 2622 piosius
2172 2554 2503 2625 uberiusque
2540 2556 2796 2611 alimenta
2852 2557 3097 2612 veritatis
3135 2557 3489 2627 accipiamus.

1915 2647 2093 2700 Ditata
2140 2648 2298 2710 enim,
2340 2648 2538 2717 inquit,
2582 2665 2638 2702 os
2678 2660 2848 2713 tuum,
2891 2658 2940 2702 et
2983 2648 3204 2715 implebo
3253 2646 3391 2702 illud
3419 2647 3488 2700 ³⁸.

1912 2739 2100 2807 Itaque
2140 2738 2236 2793 Dei
2281 2740 2545 2809 cogitatio
2590 2739 2755 2794 semel
2798 2741 3096 2810 impressa,
3143 2748 3198 2795 et
3228 2739 3383 2808 quasi
3429 2738 3483 2793 in

1914 2832 2182 2902 praecipua
2205 2833 2402 2887 anima:
2429 2840 2583 2901 parte
2605 2832 2913 2901 obsignata,
2946 2833 3065 2887 laus
3101 2832 3191 2888 Dei
3227 2833 3485 2904 appellari

1912 2933 2114 2992 potest,
2158 2937 2374 2992 semper
2407 2922 2461 2977 in
2487 2922 2669 2976 anima
2699 2923 2964 2977 insidens.
2993 2920 3181 2977 Potest
3206 2934 3386 2978 autem
3442 2934 3497 2977 et

1907 3012 2063 3081 juxta
2094 3011 2451 3082 apostolicam
2488 3012 2914 3065 admonitionem
2961 3012 3044 3065 vir
3070 3013 3274 3081 probus
3304 3014 3487 3068 omnia

220 3111 367 3178 ἅπαξ
392 3115 485 3166 καὶ
505 3114 671 3168 οἱονεὶ
693 3112 803 3183 (62)
827 3110 1245 3183 ἐσφραγισμένη
1270 3108 1350 3180 τῷ
1379 3106 1690 3179 ἡγεμονικῷ
1710 3107 1797 3178 τῆς

1915 3122 2074 3177 agere
2102 3107 2170 3160 ad
2202 3105 2293 3161 Del
2321 3105 2582 3175 gloriam,
2612 3104 2684 3159 ita
2720 3114 2779 3158 ut
2806 3105 2951 3159 actio
2981 3105 3181 3171 omnis,
3221 3119 3493 3176 omneque

129 3263 132 3267 ,
218 3204 399 3275 ψυχῆς
431 3206 559 3277 περὶ
589 3204 725 3259 Θεοῦ
767 3205 946 3258 ἔννοια
995 3203 1200 3265 αῖνεσις
1231 3199 1594 3271 ὀνομάζεσθαι
1637 3199 1804 3260 Θεοῦ,

218 3297 510 3362 διαπαντὸς
547 3298 928 3370 ἐνυπάρχουσα
973 3299 1040 3367 τῇ
1093 3296 1262 3366 ψυχῇ.
1310 3293 1541 3346 Δύναται
1582 3292 1639 3345 δὲ
1687 3292 1801 3355 καὶ,

220 3389 363 3443 κατὰ
393 3390 492 3462 τὴν
524 3389 886 3461 ἅποστολικὴν
916 3388 1219 3459 ὑποθήκην,
1253 3389 1282 3439 ό
1309 3385 1595 3448 σπουδαῖος
1626 3384 1805 3437 πάντα

222 3483 396 3533 ποιεῖν
432 3482 512 3544 είς
542 3480 700 3547 δόξαν
724 3478 882 3542 Θεοῦ,
929 3478 1069 3532 ὥστε
1098 3479 1277 3531 πᾶσαν
1320 3474 1537 3547 πρᾶξιν,
1569 3473 1662 3526 καὶ
1696 3474 1803 3527 πᾶν

221 3570 394 3643 ῥῆμα,
419 3573 519 3626 καὶ
545 3574 728 3626 πᾶσαν
756 3572 1042 3642 ἐνέργειαν
1068 3568 1278 3640 νοερὰν,
1302 3567 1561 3629 αἰνέσεως
1589 3565 1807 3635 ἐπέχειν

216 3662 471 3735 δύναμιν.
496 3665 621 3717 Είτε
646 3663 754 3736 γὰρ
787 3662 958 3717 ἐσθίει
988 3665 1017 3716 ό
1037 3662 1266 3726 δίκαιος,
1291 3661 1399 3713 εἴτε
1430 3659 1597 3720 πίνει,
1628 3658 1806 3712 πάντα

215 3758 300 3819 είς
333 3756 491 3821 δόξαν
536 3756 672 3810 Θεοῦ
719 3758 881 3810 ποιεῖ.
927 3753 1035 3808 Τοῦ
1085 3753 1328 3807 τοιούτου
1373 3751 1727 3814 καθεύδοντος
1770 3752 1803 3821 ή

1917 3199 2167 3263 verbum,
2224 3206 2281 3252 et
2322 3195 2622 3267 spiritualis
2669 3194 2848 3250 omnis
2886 3195 3128 3266 operatio
3160 3196 3267 3249 vim
3316 3195 3495 3253 laudis

1913 3290 2178 3346 obtineat.
2210 3288 2339 3344 Sive
2374 3289 2520 3343 enim
2562 3286 2675 3341 edit
2699 3286 2882 3354 justus
2903 3327 2919 3349 ,
2950 3286 3067 3341 sive
3105 3286 3281 3354 bibit,
3305 3289 3491 3345 omnia.

1914 3380 1966 3434 in
2009 3380 2103 3434 Dei
2144 3378 2369 3450 gloriam
2417 3378 2641 3433 facit".
2681 3378 2754 3432 Eo
2799 3378 3124 3443 dormiente,
3166 3393 3262 3433 cor
3305 3379 3492 3450 vigilat

1908 3470 2062 3539 juxta
2092 3486 2250 3537 eum,
2298 3472 2392 3541 qui
2422 3471 2475 3526 in
2523 3470 2750 3526 Cantico
2789 3471 3129 3526 canticorum
3165 3472 3295 3527 dicit
3325 3488 3339 3525 :
3375 3471 3488 3543 Ego

1912 3564 2139 3629 dormio,
2154 3572 2203 3617 et
2226 3579 2317 3617 cor
2344 3579 2515 3616 meum
2539 3562 2717 3632 vigilat
2735 3565 2803 3616 ’⁸.
2825 3562 3038 3617 Etenim
3060 3563 3187 3618 visa:
3209 3562 3259 3616 in
3283 3544 3490 3618 somnis

1914 3653 2124 3723 species
2155 3662 2281 3707 sunt
2306 3666 2411 3706 non
2440 3667 2566 3706 raro
2598 3651 2911 3706 diurnarum
2943 3652 3332 3723 cogitationum
3360 3652 3492 3707 ima-

1911 3758 2084 3815 gntes.

216 3846 415 3919 καρδία
479 3847 805 3918 ἐγρήγορεν,
840 3844 984 3898 κατὰ
1018 3844 1110 3897 τὸν
1146 3842 1371 3897 εἰπόντα
1405 3844 1462 3895 ἐν
1494 3838 1573 3911 τῷ
1616 3839 1854 3910 ’ᾼσματι
1894 3833 2001 3888 τῶν
2031 3832 2293 3905 ᾀσμάτων
2316 3850 2329 3863 ·
2379 3830 2528 3901 Ἐγὼ
2561 3832 2848 3895 καθεύδω,
2895 3831 2996 3885 καὶ
3040 3833 3078 3899 ἠ
3127 3832 3343 3900 καρδία
3368 3849 3491 3902 μου

216 3937 511 4010 γρηγορεῖ.
565 3939 653 4002 Ὠς
690 3937 800 4009 γάρ
837 3937 932 3989 ἐπὶ
960 3935 1095 3989 πολὺ
1126 3934 1195 3989 τά
1241 3932 1363 3988 καθ’
1410 3932 1576 3986 ὕπνον
1615 3933 1975 4001 φαντάσματα
2013 3927 2113 3998 τῆς
2163 3923 2536 3997 μεθημερινῆς
2579 3923 2788 3986 ἐννοίας
2827 3923 2975 3977 ἐστὶν
3013 3923 3376 3995 ἁπηχήματα.

288 4031 343 4085 2.
385 4033 489 4084 Ἐν
521 4028 601 4096 τῷ
637 4030 835 4098 Κυρίῳ
866 4027 1330 4095 ἐπαινεθήσεται
1375 4025 1413 4093 ή
1462 4023 1632 4094 ψυχή
1662 4041 1802 4092 μου.

214 4123 445 4196 Μηδεὶς,
479 4122 645 4195 φησὶ,
670 4122 773 4194 τὴν
798 4121 937 4193 ἐμὴν
979 4119 1247 4184 ἐπίνοιαν,
1277 4116 1400 4172 καθ’
1443 4116 1511 4187 ῆν
1543 4115 1806 4184 διεσώθην

215 4219 285 4271 ἐκ
319 4217 430 4271 τῶν
459 4216 742 4279 κινδύνων,
778 4213 1092 4268 ἐπαινείτω.
1128 4213 1204 4265 Οὐ
1232 4210 1343 4282 γὰρ
1372 4211 1430 4263 ὲν
1454 4208 1683 4278 δυνάμει
1713 4208 1807 4259 ἀν-

218 4309 465 4383 θρώπου,
499 4308 621 4363 οὐδὲ
648 4309 706 4360 ἐν
740 4305 854 4377 (63)
900 4305 1085 4376 σοφία,
1127 4303 1242 4357 ἀλλ’
1275 4305 1333 4356 ἐν
1376 4303 1444 4372 τῇ
1490 4300 1673 4371 χάριτι
1710 4298 1805 4351 τοῦ

212 4402 353 4457 Θεοῦ
369 4404 518 4456 ἐστιν
538 4404 572 4473 ἡ
594 4400 858 4472 σωτηρία.
881 4397 979 4466 Μὴ
999 4395 1343 4465 καυχάσθω,
1359 4392 1542 4463 φησὶν,
1566 4394 1600 4445 ό
1618 4390 1805 4444 πλού-

212 4511 352 4560 σιος
380 4495 452 4548 ἐν
497 4492 578 4559 τῷ
610 4493 853 4557 πλούτῳ
883 4488 1092 4553 αὐτοῦ,
1128 4487 1284 4557 μήτε
1325 4488 1357 4540 ό
1389 4483 1584 4553 σοφὸς
1618 4483 1696 4535 ’ἐν
1727 4480 1803 4549 τῇ

211 4590 403 4658 σοφίᾳ
434 4586 642 4649 αὐτοῦ,
667 4583 822 4655 μήτε
845 4586 877 4637 ό
903 4580 1154 4651 ὶσχυρός
1185 4580 1256 4632 ἐν
1281 4576 1358 4645 τῇ
1393 4577 1564 4645 ἰσχύϊ
1588 4573 1796 4628 αὑτοῦ·

208 4681 352 4738 ἀλλ’
381 4680 420 4748 ἢ
449 4679 518 4733 ἐν
548 4679 736 4741 τούτῳ
762 4673 1089 4745 καυχάσθω
1119 4674 1151 4725 ό
1179 4667 1584 4740 καυχώμενος,
1618 4667 1687 4719 ἐν
1720 4663 1802 4729 τῷ

209 4775 454 4834 συνιεῖν
492 4775 589 4829 καὶ
629 4771 948 4843 γινώσκειν
988 4768 1209 4835 Κύριον
1260 4765 1368 4817 τὸν
1400 4761 1548 4816 Θεὸν
1589 4757 1799 4813 αὐτοῦ.

223 4867 391 4938 Ὁρᾷς
416 4866 507 4919 τὸν
543 4861 863 4916 Ἀπόστολον
890 4857 1008 4921 πῶς
1032 4857 1161 4920 τοὺς
1184 4852 1483 4924 συνεργοὺς
1506 4849 1599 4902 τοῦ
1626 4848 1801 4916 Εὔαγ-

206 4958 395 5030 γελίου
425 4958 672 5019 ἐπαινεῖς
709 4954 819 5018 ’Ὃς
845 4951 975 5005 ἐστι
1015 4947 1363 5011 σύνδουλος
1391 4942 1490 4996 καὶ
1519 4939 1798 5004 διάκονος

205 5048 382 5122 ὑμῶν
414 5047 525 5120 (64)
556 5049 626 5103 ἐν
657 5045 873 5114 Κυρίῳ.
924 5040 1051 5094 Ἐάν
1091 5039 1273 5111 μέντοι
1303 5054 1386 5100 τις
1422 5035 1517 5089 ἐπὶ
1547 5032 1799 5104 σώματος

1981 4022 2038 4072 2.
2078 4016 2243 4071 Vens.
2283 4018 2339 4070 ‘5.
2394 4015 2465 4070 In
2512 4015 2738 4069 Domino
2783 4016 3087 4070 laudabitur
3125 4018 3304 4071 anima
3349 4034 3486 4074 mea.

1910 4110 2139 4175 Nullus,“
2164 4108 2362 4178 inquit,
2398 4122 2573 4162 meam
2601 4109 2946 4174 industriam,
2973 4123 3068 4179 per
3093 4123 3255 4178 quam
3278 4122 3310 4162 e
3338 4110 3487 4179 peri-

1911 4203 2049 4259 culis
2073 4200 2358 4256 incolumis
2378 4199 2563 4264 evasi,
2596 4199 2800 4255 laudet.
2827 4198 3014 4269 Neque
3042 4200 3189 4255 enim
3218 4199 3272 4254 in
3297 4208 3487 4269 poten-

1913 4295 1986 4348 tia
2026 4291 2282 4356 hominis,
2326 4304 2503 4359 neque
2541 4291 2594 4345 in
2630 4290 2927 4359 sapientia,
2964 4292 3059 4347 sed
3096 4290 3148 4346 in
3187 4291 3280 4346 Dei
3312 4293 3487 4363 gratia

1910 4384 2057 4440 salus
2074 4392 2175 4439 est.
2207 4381 2333 4437 Non
2358 4382 2641 4452 glorietur,
2667 4383 2864 4452 inquit,
2889 4383 3031 4437 dives
3054 4383 3111 4437 in
3131 4384 3329 4439 divitiis
3353 4386 3486 4453 suis,

1910 4491 2075 4546 neque
2103 4474 2312 4543 sapiens
2338 4475 2393 4526 in
2419 4472 2682 4541 sapientia
2714 4488 2835 4537 sua,
2870 4489 3035 4543 neque
3062 4472 3217 4540 fortis
3242 4474 3300 4529 in
3325 4474 3488 4543 {orti-

1909 4567 2095 4621 tudine
2124 4582 2224 4621 sua
2260 4580 2279 4620 :
2311 4567 2403 4618 sed
2426 4564 2482 4618 in
2511 4562 2609 4617 hoc
2637 4563 2892 4632 glorietur
2911 4564 3004 4632 qui
3029 4565 3320 4635 gloriatur,
3348 4568 3489 4634 quod

1908 4659 2155 4729 intelligit
2181 4667 2232 4712 et
2253 4658 2517 4728 cognoscit
2546 4656 2833 4711 Dominum
2861 4655 3028 4711 Deum
3048 4673 3206 4712 suum
3227 4658 3296 4713 ”.
3324 4657 3489 4715 Vides

1907 4751 2178 4821 quomodo
2234 4749 2531 4819 Apostolus
2580 4750 2856 4818 adjutores
2916 4747 3197 4816 Evangelii
3252 4748 3485 4804 laudet?

1908 4842 2013 4909 Qui
2039 4851 2112 4895 est
2142 4857 2420 4895 conservus
2443 4851 2490 4894 et
2518 4841 2755 4893 minister
2775 4849 2947 4894 vester
2969 4842 3025 4894 in
3056 4840 3285 4896 Domino
3317 4841 3388 4898 “.
3424 4843 3484 4897 Si

1905 4935 2030 5005 quis
2065 4943 2245 4990 autem
2279 4933 2350 4989 ob
2384 4933 2631 5002 corporis
2668 4933 3013 5003 elegantiam,
3050 4943 3143 4989 aut
3192 4943 3481 5004 parentum

1906 5027 2287 5082 claritudinem
2340 5024 2616 5090 laudatur,
2679 5040 2785 5079 non
2841 5025 2896 5079 in
2948 5025 3177 5082 Domino
3228 5025 3487 5081 laudatur

282 5210 328 5242 "
354 5208 525 5266 lCor.
549 5224 622 5273 Iv,
648 5207 740 5272 12,
778 5205 872 5259 15.
951 5204 993 5235 ’⁷
1018 5202 1181 5273 ῌεῡτ.
1208 5215 1307 5266 xn,
1338 5197 1429 5273 6.-
1471 5194 1691 5273 Ἰβοαῃέ
1724 5189 1913 5273 χιηὸὅ.
2061 5185 2203 5273 Ρὶει.
2235 5199 2424 5250 cxvut,
2456 5183 2578 5238 l3l.
2655 5182 2701 5215 ³⁸
2717 5180 2865 5239 Psal.
2896 5195 3057 5245 Lux,
3083 5180 3171 5236 Η.
3248 5176 3487 5237 “ICur.

204 5298 269 5349 ι,
300 5255 525 5337 διῖἻί
550 5255 872 5342 δέη-δνξῖ
940 5274 987 5306 ’³
1022 5255 1222 5328 πέδω.
1256 5255 1332 5335 ti,
1360 5268 1454 5333 23,
1476 5266 1568 5320 24.
1645 5262 1692 5295 ³⁸
1720 5260 1931 5317 Coloss.
1983 5271 2058 5321 tv,
2111 5255 2164 5311 7.

282 5420 397 5491 (60)
418 5418 572 5474 Multi
603 5432 733 5473 mss.
762 5412 1052 5487 ἀνθρώπου
1077 5411 1196 5468 sine
1229 5406 1477 5466 articulo.
1521 5403 1668 5460 Editi
1699 5401 1793 5456 τοῦ

202 5491 521 5565 ἀνθρώτφυο
847 5554 869 5565 -
982 5552 993 5565 .

284 5543 666 5634 (ὗῆαοέιηυιιί
695 5571 826 5613 mss.
844 5554 874 5608 δ
900 5552 1183 5625 τρέφεται.
1209 5548 1312 5603 Alii
1339 5562 1472 5604 mss.
1492 5559 1616 5601 cum
1636 5543 1797 5599 editis

200 5627 257 5705 ᾧ
618 5699 672 5713 ..ι
907 5695 945 5713 εκ
978 5693 1037 5713 .-ι
1096 5691 1237 5713 13.12.:
1270 5684 1380 5713 Αἵ...
1424 5662 1501 5713 Ιιεξ

285 5684 676 5776 (ὅὲγιῖοηὴυιιί
707 5712 840 5776 ιιιειιΣ
873 5693 1060 5749 οἱονεί.
1096 5691 1240 5747 Editi
1267 5684 1403 5744 οἷον.
1424 5684 1631 5745 Ibidem
1658 5684 1796 5756 Reg.

206 5767 404 5836 tertius
429 5767 933 5841 ὲνεσςρραγισμένη.

492 5866 769 5926 Pas-non.
808 5863 927 5926 Gn.
965 5851 1209 5919 XXIX.

1978 5396 2089 5470 (6‘5)
2125 5397 2304 5453 Editio
2350 5395 2532 5452 Paris.
2574 5395 2609 5468 ἢ
2656 5397 2735 5450 ἐν.
2778 5393 2852 5450 At
2898 5394 3137 5464 quinque
3189 5405 3321 5447 mss.
3364 5388 3489 5445 οὐδὲ

1906 5472 2096 5611 allii)!
2121 5538 2298 5594 Editio
2318 5536 2503 5611 Paris.
2522 5551 2643 5592 cum
2672 5535 2825 5611 σου).
2850 5543 3007 5591 sexto
3032 5533 3281 5611 διάκονος
3302 5528 3486 5604 ἡμῶν,

1908 5619 1964 5664 et
1988 5605 2289 5680 lta'legerat
2317 5609 2609 5680 interpres,
2639 5608 2881 5680 minister
2914 5616 3118 5661 noster.
3142 5605 3320 5661 Editio
3356 5617 3487 5658 vero

1905 5680 2074 5739 Basil.
2104 5676 2163 5739 εἰ
2183 5689 2309 5738 octo
2328 5676 2730 5741 mss.6tdtxovo;
2756 5677 2931 5752 ὑμῶν,
2960 5685 3128 5733 recte.

3068 5834 3149 5898 12
