3818 6220
324 307 438 360 355
1667 307 1726 367 Β.
1767 309 2014 367 BASlLll
2056 309 2270 370 MAGNI
3500 311 3615 365 356

330 424 508 478 anima
546 423 713 492 ipsius
750 441 765 478 :
803 424 895 478 sed
931 423 1177 494 quisquis
1227 424 1353 480 talis
1401 433 1505 487 est,
1561 426 1613 479 in
1668 429 1891 482 vanitate

2047 428 2213 490 ἀλλει,
2251 430 2284 499 ἢ
2312 428 2512 497 γονέων
2538 428 2867 501 περιφανείᾳ
2891 430 3219 489 ἐπαινεῖται,
3246 428 3353 481 οὑκ
3385 429 3452 481 ἐν
3492 428 3619 480 Κυ-.

325 516 696 574 constituitur.
730 516 913 584 Neque
946 516 1092 569 enim
1134 515 1324 571 mediae
1357 524 1502 571 artes
1530 517 1741 572 laudem
1776 534 1891 574 verr

2047 519 2109 588 ίῳ
2137 521 2439 572 ἐπαινεῖται
2466 520 2631 575 αὑτοῦ
2658 523 2691 592 ἡ
2717 520 2885 591 ψυχὴ,
2929 519 3042 572 ἀλλ’
3070 521 3127 572 ὲν
3163 522 3230 590 τῇ
3262 520 3611 589 ματαιότητι

326 616 640 663 merentur:
674 608 1102 676 gubernatores,
1143 608 1363 673 medici,
1401 617 1647 664 oratores
1678 618 1773 664 aut
1815 626 1904 664 ar-

327 698 570 764 chitecti,
599 699 689 768 qui
720 701 903 762 urbes,
938 708 1034 752 aut
1062 700 1392 771 pyramides,
1424 699 1900 772 autlabyrinthos,

332 799 428 844 aut
457 790 618 844 aliam
649 791 940 861 quamdam
977 800 1348 859 sumptuosam
1374 807 1437 846 ac
1455 794 1741 860 superbam
1772 795 1902 847 aedi-

331 882 572 937 ﬁciorum
603 883 797 935 molem
829 890 1142 936 exstruunt.
1172 879 1255 936 οι)
1287 882 1403 937 hmo
1449 884 1539 950 qui
1588 883 1900 951 laudantur,

327 990 432 1029 non
464 974 518 1028 in
547 973 774 1029 Domino
798 989 950 1027 suam
990 974 1191 1029 habent
1218 975 1480 1029 animam.
1512 974 1658 1029 Satis
1685 985 1770 1031 est
1800 992 1901 1031 no-

326 1065 413 1120 bis
441 1064 508 1117 ad
542 1078 759 1118 omnem
784 1064 1128 1134 dignitatem,
1164 1065 1300 1118 tanti
1332 1062 1547 1119 Domini
1587 1081 1774 1121 servos
1805 1083 1902 1120 no-

327 1158 542 1214 minari.
568 1156 817 1227 Nunquid
848 1157 992 1211 enim
1019 1156 1112 1226 qui
1158 1156 1270 1227 regi
1303 1155 1461 1228 145
1489 1154 1804 1225 famulatur,
1845 1173 1904 1213 se

328 1252 447 1306 ideo
474 1251 701 1320 iactabit
729 1250 869 1319 quod
908 1249 962 1303 in
1008 1250 1110 1305 hoc
1138 1259 1229 1303 aut
1262 1251 1314 1304 in
1354 1252 1445 1305 illo
1482 1252 1772 1307 ministerii
1805 1267 1902 1307 or-

331 1343 456 1398 dine
480 1343 779 1398 collocatus
800 1352 921 1398 est:
954 1342 1046 1412 qui
1076 1358 1206 1398 vero
1233 1343 1426 1412 dignus
1455 1343 1673 1398 habitus
1699 1354 1783 1399 est
1811 1346 1901 1415 qui

324 1433 435 1491 Deo
463 1434 703 1498 serviat,
737 1432 953 1487 aliunde
998 1432 1186 1486 laudes
1216 1432 1319 1486 sibi
1353 1433 1711 1503 excogitabit,
1742 1434 1897 1502 quasi

327 1528 396 1582 ad
424 1542 641 1582 omnem
670 1525 855 1596 gloriae
882 1524 1291 1595 splendorisque
1310 1525 1585 1579 cumulum
1614 1526 1903 1595 appellatio

326 1621 539 1677 Domini
572 1621 675 1676 sibi
707 1634 811 1674 non
839 1617 1108 1674 sufficiat?
1138 1614 1209 1671 In
1242 1616 1470 1670 Domino
1510 1617 1674 1687 igitur
1707 1618 1900 1671 lauda-

325 1715 467 1766 bitur
518 1711 701 1765 anirna
753 1726 888 1763 mea.
940 1708 1175 1761 Audiant
1214 1706 1498 1770 mansueti,
1532 1717 1579 1761 et
1631 1706 1894 1761 lwtentar.

2005 611 2121 662 ἐστι
2158 609 2268 662 τῶν
2300 610 2552 664 τοιούτων
2584 611 2834 677 ἕκαστος.
2882 611 3016 663 Οὐδὲ
3058 610 3166 680 γὰρ
3211 612 3266 663 αί
3304 610 3480 679 μέσαι
3518 610 3609 662 τέ-

2004 717 2128 769 χναι
2156 700 2269 769 (65)
2297 702 2357 753 τὸ
2386 700 2654 771 ἀληθινῶς
2685 703 2967 756 ἐπαινετὸν
3002 703 3202 774 ἔχουσι,
3231 704 3603 777 κυϐερνῆται,

2008 792 2199 861 ἰατροὶ,
2222 793 2518 865 ρήτορες,ἦ
2541 795 2921 865 ἀρχιτέκτονες
2959 797 3143 860 πόλεις
3168 799 3606 869 οἰκοδομοῦντες

2005 881 2036 951 ἢ
2073 885 2461 956 πυραμίδας,ἢ
2492 887 2925 958 λαϐυρίνθους,ἢ
2963 888 3128 953 ἄλλας
3160 890 3314 954 τινὰς
3342 890 3602 962 δαπανη-

2005 973 2105 1042 ρας
2145 974 2178 1044 ἢ
2227 974 2562 1045 ὑπερόγκους
2609 977 3056 1048 οἰκοδομημάτων
3104 980 3492 1044 κατασκευάς.
3532 983 3600 1034 Οἱ

2004 1064 2096 1115 ἐπὶ
2122 1063 2331 1129 τούτοις
2369 1067 2772 1138 ἐπαινούμενοι.
2804 1070 2904 1121 οὑκ
2937 1070 2994 1122 ὲν
3030 1071 3219 1141 Κυρίῳ
3257 1070 3372 1141 (66)
3400 1072 3599 1142 ἔχουσι

2000 1155 2100 1225 τὴν
2128 1156 2335 1209 ἑαυτῶν
2367 1157 2567 1229 ψυχήν.
2610 1159 2796 1231 Ἀρκεί
2825 1162 2957 1231 ἡμῖν
3003 1163 3140 1232 πρὸς
3187 1163 3335 1216 ἅπαν
3368 1164 3599 1235 ἀξίωμα

2002 1246 2063 1299 τὸ
2108 1248 2426 1318 τηλικούτου
2473 1251 2745 1303 Δεσπότου
2777 1250 2996 1315 δούλους
3028 1254 3172 1323 ἡμᾶς
3199 1254 3592 1323 ὀνομάζεσθαι.

2002 1340 2074 1392 Ού
2102 1340 2272 1411 δήπου
2299 1341 2407 1412 γὰρ
2440 1341 2648 1412 βασιλεῖ
2690 1343 2788 1414 μέν
2822 1361 2906 1407 τις
2936 1344 3221 1417 ὑπηρετῶν
3258 1346 3402 1415 μέγα
3452 1364 3595 1417 φρο-

2003 1436 2176 1505 νήσει,
2212 1435 2298 1489 διὰ
2331 1437 2393 1489 τὸ
2445 1439 2502 1489 ὲν
2548 1438 2673 1508 τῇδε
2715 1441 2779 1509 τῇ
2825 1438 2977 1505 τάξει
3011 1440 3110 1508 τῆς
3146 1441 3457 1509 ὑπηρεσίας
3496 1459 3593 1493 τε·

2001 1527 2230 1597 τάχθαι’
2265 1528 2384 1599 Θεῴ
2426 1528 2483 1581 δὲ
2529 1529 2887 1595 καταξιωθεὶς
2931 1531 3232 1602 λατρεύειν,
3285 1531 3595 1601 ἀλλαχόθεν

2000 1621 2126 1683 τοὺς
2172 1621 2426 1684 ἐπαίνους
2458 1622 2635 1691 ἑαυτῷ
2670 1624 3014 1694 περινοήσει,
3062 1624 3137 1687 ὡς
3167 1625 3267 1676 οὑκ
3304 1626 3597 1696 ἀρκούσης

2001 1710 2152 1781 αύτῷ
2180 1711 2278 1783 τῆς
2306 1713 2644 1784 ἐπικλήσεως
2673 1713 2765 1766 τοῦ
2801 1714 3006 1784 Κυρίου
3037 1716 3172 1787 πρὸς
3204 1719 3382 1771 πᾶσαν
3426 1719 3597 1789 δόξης

324 1802 766 1872 Quandoquidem
806 1800 923 1855 sine
963 1800 1181 1869 ριωιίο,
1226 1799 1419 1868 inquit,
1470 1813 1535 1853 ex
1581 1798 1692 1853 sola
1744 1797 1891 1853 faciei

2042 1804 2094 1856 al.
2120 1805 2474 1875 περιφανείας
2504 1806 2836 1878 ὑπερϐολήν;
2873 1807 2975 1861 Ἐν
2998 1786 3293 1877 τῷίΚυρίῳ
3311 1806 3403 1862 οὖν
3425 1786 3597 1863 ἐπαι-

326 1894 701 1950 immutatione
753 1892 989 1947 inimicis
1036 1906 1130 1960 per
1175 1889 1269 1945 Dei
1321 1890 1581 1944 auxilium
1623 1890 1898 1960 deceptis,

327 1989 456 2043 mihi
485 1995 636 2058 parta
666 1986 813 2041 salus
836 1994 959 2039 est:
991 1984 1224 2038 Audiant
1254 1983 1537 2049 mansueti,
1590 1981 1706 2037 ﬂeri
1738 1998 1897 2053 posse

325 2091 383 2136 ut
411 2087 461 2135 et
489 2080 829 2151 quiescentes
868 2076 1080 2147 erigant
1115 2084 1396 2144 tropaeum,
1439 2083 1494 2128 et
1537 2074 1763 2128 minime
1798 2089 1899 2143 pu-

326 2181 577 2244 gnantes,
604 2171 841 2226 victores
863 2168 1242 2225 declarentur:
1274 2166 1341 2220 Et
1365 2167 1627 2231 laetentur,
1662 2166 1727 2220 ad
1756 2181 1898 2221 man-

325 2262 663 2318 suetudinem
690 2258 1121 2327 amplectendam
1151 2271 1270 2310 meo
1295 2255 1544 2324 exemplo
1568 2256 1894 2312 conﬁrmati.

325 2355 440 2411 Hoc
465 2353 611 2408 enim
642 2351 824 2421 accepi
861 2348 1101 2405 muneris
1130 2364 1159 2401 a
1192 2348 1321 2410 Deo,
1348 2347 1492 2415 quod
1524 2348 1897 2402 mansuetudi-

325 2461 448 2499 nem
504 2441 739 2513 implevi.
793 2439 1075 2505 Memento,
1128 2438 1373 2503 Domine,
1398 2438 1589 2501 David,
1629 2447 1678 2492 et
1725 2439 1895 2492 omnis

321 2534 741 2591 mansuetudinis
765 2535 880 2604 ejus
903 2532 971 2591 ".
1004 2531 1235 2587 Maxima
1259 2530 1404 2585 enim
1432 2531 1712 2597 virtutum,
1743 2545 1899 2585 man—

324 2630 553 2685 suetudo
587 2637 689 2692 est,
718 2635 1049 2697 quapropter
1080 2633 1135 2679 et
1160 2623 1302 2678 inter
1330 2622 1692 2679 beatitudiues
1723 2622 1898 2677 adnu-

322 2728 582 2775 meratur.
609 2716 758 2771 Beati
786 2717 945 2779 enim,
976 2715 1356 2785 inquit,mites,
1369 2712 1623 2783 quoniam
1650 2712 1751 2783 ipsi
1774 2729 1895 2781 pos-

319 2809 559 2865 sidebunt
596 2819 791 2862 terram
818 2807 886 2861 ¹⁶.
920 2805 1054 2859 Nam
1098 2816 1241 2859 terra
1278 2803 1400 2869 illa,
1447 2804 1688 2858 caelestis
1734 2801 1893 2858 Jeru-

320 2900 510 2966 salem,
543 2899 772 2971 spolium
824 2912 930 2952 non
962 2905 1043 2951 cst
1075 2893 1428 2965 pugnantium
1461 2907 1477 2946 :
1510 2892 1605 2949 sed
1648 2893 1861 2961 :equani

320 3009 532 3050 morum
566 3008 631 3048 ac
660 3002 1064 3048 mansuetorum
1096 2992 1337 3046 virorum
1371 2986 1658 3043 baereditas
1688 3000 1891 3057 propo-

316 3087 487 3142 nitur.
518 3085 659 3140 ldem
693 3095 873 3139 autem
901 3083 1043 3137 Valet
1071 3082 1194 3147 hoc,
1229 3079 1463 3133 Audiant
1499 3078 1783 3141 mansueti,
1812 3084 1894 3130 at-

316 3195 425 3250 que
451 3179 601 3244 illud,
626 3178 857 3231 Audiant
887 3174 1081 3230 Christi
1110 3171 1380 3241 discipuli.
1406 3170 1679 3227 Fortassis
1708 3179 1889 3224 autem

319 3271 634 3343 prophetico
677 3270 791 3324 vult
842 3267 1158 3323 miraculum
1205 3265 1452 3320 beneﬁcii
1492 3278 1523 3317 a
1570 3262 1680 3317 Deo
1730 3264 1787 3316 in
1829 3276 1891 3317 se

319 3365 500 3420 collati
546 3364 613 3418 ad
640 3375 738 3418 nos
771 3374 943 3431 usque
975 3358 1280 3429 pervenire.
1318 3356 1556 3412 Audiant
1601 3355 1746 3409 enim
1797 3355 1887 3423 qui

320 3456 504 3513 multis
551 3464 694 3525 post,
732 3452 1177 3523 generationibus
1236 3448 1401 3504 futuri
1456 3458 1583 3504 sunt
1635 3448 1884 3519 discipuli

319 3548 542 3605 Christi.
579 3546 857 3617 Siquidem
906 3547 1004 3601 hos
1048 3542 1348 3598 nominavit
1398 3550 1730 3606 mansuetos,
1775 3540 1899 3610 qui-

319 3642 418 3696 bus
466 3639 724 3695 Dominus
765 3620 840 3692 ait
882 3655 896 3691 :
950 3636 1144 3690 Discite
1172 3652 1203 3687 a
1248 3650 1328 3689 me
1360 3636 1489 3703 quia
1522 3633 1665 3687 mitis
1697 3647 1816 3686 sum
1845 3641 1896 3685 et

318 3732 531 3787 humilis
559 3732 712 3786 corde
745 3732 812 3786 ’⁷.
853 3730 953 3796 Qui
985 3728 1128 3783 enim
1185 3724 1389 3781 sedatis
1433 3732 1559 3780 sunt
1622 3722 1895 3789 moribus,

318 3835 371 3879 et
405 3825 474 3880 ab
499 3825 650 3878 omni
689 3823 1052 3877 commotione
1095 3818 1275 3884 liberi,
1310 3821 1446 3872 adeo
1479 3826 1539 3871 ut
1586 3815 1730 3871 nulla
1762 3814 1893 3869 insit

320 3917 373 3971 in
408 3932 594 3973 eorum
626 3916 824 3971 animis
859 3913 1217 3985 perturbatio,
1247 3912 1284 3966 ii
1314 3910 1579 3979 mansueti
1608 3908 1889 3979 appellan-

316 4017 426 4065 tur.
458 4009 796 4080 Quapropter
824 4009 986 4063 etiam
1029 4004 1237 4075 Moyses
1282 4017 1446 4073 supra
1479 4017 1670 4057 omnes
1713 4000 1889 4056 homi-

322 4116 417 4159 nes
456 4113 614 4157 terra:
646 4109 958 4156 mansuetus
986 4097 1153 4152 fuisse
1176 4096 1492 4165 perhibetur
1518 4095 1584 4149 ³⁸.
1674 4102 1679 4106 ’

2002 1896 2321 1964 νεθήσεται
2354 1897 2392 1963 ἡ
2439 1897 2609 1966 ψυχή
2655 1916 2795 1967 μου.
2854 1898 3307 1953 Ἀκουσάτωσαν
3349 1902 3591 1968 πραεῖς,

2009 1989 2107 2043 καί
2140 1988 2668 2058 εὐφρανθήτωσαν.
2728 1991 2945 2061 Ἐπειδὴ
2980 1992 3105 2045 ἄνευ
3137 1991 3393 2062 πολέμου,
3426 1994 3592 2063 φησὶ,

2010 2080 2343 2152 κατωρθώθη
2388 2099 2479 2152 μοι
2507 2081 2616 2153 (67)
2654 2085 2686 2153 ὴ
2724 2084 2967 2153 σωτηρία
3009 2085 3071 2136 ὲκ
3101 2084 3268 2155 μόνης
3307 2087 3407 2155 τῆς
3443 2087 3592 2140 κατὰ

2003 2172 2295 2243 πρόσωπον
2331 2172 2688 2237 ἀλλοιώσεως,
2723 2174 2812 2226 διὰ
2851 2174 2950 2243 τῆς
2982 2173 3074 2226 τοῦ
3104 2174 3238 2226 Θεοῦ
3281 2177 3590 2245 ωνεργὲας

2001 2260 2391 2333 ἀπατηθέντων
2415 2263 2523 2315 τῶν
2547 2263 2839 2333 πολεμίων·
2878 2262 3330 2318 Ἀκουσάτωσαν
3350 2265 3590 2333 πραεῖς,

1999 2355 2081 2407 ὅτι
2108 2353 2333 2408 δυνατὸν
2371 2356 2464 2408 καὶ
2507 2355 2880 2426 ἡσυχάζοντας
2925 2358 3136 2428 ἐγεῖραι
3174 2358 3461 2428 τρόπαιον,
3492 2360 3591 2412 καὶ

2003 2446 2079 2516 μὴ
2114 2446 2455 2517 μαχομένους
2496 2446 2723 2517 νικητὰς
2752 2447 3127 2518 ἀποφανθῆναι
3148 2464 3161 2477 ·
3191 2448 3299 2501 Καὶ
3323 2451 3591 2516 εὐφραν-

1999 2534 2298 2601 θήτωσαν,
2344 2535 2721 2607 βεϐαιούμενοι
2753 2539 2832 2600 εἰς
2876 2537 2974 2608 τὴν
3023 2538 3302 2609 πραότητα
3332 2538 3411 2609 τῷ
3462 2539 3590 2592 κατ’

1998 2624 2099 2696 ἐμὲ
2151 2625 2530 2698 ὑποδείγματι.
2580 2626 2813 2680 Ἔλαὸον
2857 2626 2967 2699 γὰρ
3013 2627 3220 2697 ταύτην
3267 2630 3367 2700 τὴν
3417 2629 3591 2701 χάριν

1999 2717 2152 2789 παρὰ
2178 2717 2312 2771 Θεοῦ
2335 2759 2351 2785 ,
2382 2717 2572 2790 ἐπειδὴ
2607 2717 2943 2790 κατώρθωσα
2968 2717 3069 2787 τὴν
3096 2718 3399 2790 πραότητα.
3422 2719 3592 2787 Μνή-

1997 2812 2193 2878 σθητι,
2218 2813 2413 2879 Κύριε,
2434 2811 2541 2865 τοῦ
2566 2811 2743 2865 Δαόὶδ
2763 2812 2862 2864 καί
2890 2810 3094 2879 πάσης
3108 2811 3219 2879 τῆς
3247 2813 3592 2880 πραότητος

1996 2902 2203 2956 αὐτοῦ.
2258 2904 2504 2976 Μεγίστη
2554 2904 2664 2975 γὰρ
2699 2902 2807 2955 τῶν
2846 2902 3053 2974 ἀρετῶν
3098 2906 3131 2975 ἠ
3174 2904 3451 2976 πραότης·
3506 2906 3591 2958 διὸ

1997 2995 2091 3049 καὶ
2121 2998 2234 3059 τοῖς
2262 2999 2633 3068 μακαρισμοῖς
2660 2997 3093 3066 ἐγκατείλεκται.
3126 2997 3413 3064 Μακάριοι
3444 2997 3586 3066 τὰρ,

1999 3087 2185 3159 φησὶν,
2219 3091 2272 3141 oi
2304 3087 2531 3155 πραεῖς,
2561 3087 2651 3141 ὅτι
2688 3088 2858 3142 αὐτοὶ
2902 3086 3431 3156 κληρονομήσουσι
3470 3087 3591 3155 τὴν

1996 3177 2134 3248 γῆν.
2165 3179 2378 3250 Ἐκείνη
2401 3180 2510 3251 γὰρ
2535 3181 2567 3251 ἡ
2588 3182 2682 3250 γῆ,
2700 3182 2733 3250 ἡ
2764 3180 3083 3250 ἐπουράνιος
3118 3180 3499 3250 Ἰερουσαλὴμ,
3522 3179 3587 3232 οῦ

1997 3271 2208 3341 γίνεται
2239 3272 2346 3325 τῶν
2382 3273 2706 3343 μαχομένων
2750 3273 3009 3343 λάφυρον,
3038 3272 3173 3326 ἀλλὰ
3209 3272 3588 3343 μακροθύμων

1997 3361 2093 3415 καὶ
2121 3362 2458 3431 πραϋπαθῶν
2489 3362 2698 3435 ἀνδρῶν
2729 3364 3017 3436 πρόκειται
3044 3363 3401 3436 κληρονομία.
3436 3367 3588 3419 Ἴσον

1995 3452 2052 3506 δὲ
2077 3453 2299 3507 δύναται
2321 3456 2402 3516 τὸ,
2442 3456 2897 3511 Ἀκουσάτωσαν
2919 3457 3146 3525 πραεῖς,
3168 3457 3354 3521 καίτδ,
3386 3458 3589 3513 Ἄκου-

1995 3544 2282 3599 σάτωσαν
2315 3546 2427 3617 (68)
2462 3552 2516 3602 οἱ
2556 3550 2816 3617 Χριστοῦ
2843 3551 3125 3620 μαθηταί.
3173 3551 3325 3621 Τάχα
3365 3551 3421 3604 δὲ
3450 3568 3592 3623 προ-

1997 3635 2246 3707 φητικῶς
2296 3636 2542 3708 βούλεται
2579 3641 2771 3711 μέχρις
2803 3641 2961 3712 ήμῶν
2991 3641 3243 3712 διαϐῆναι
3287 3642 3354 3695 τδ
3395 3642 3590 3713 θαῦμα

1994 3725 2097 3794 τῆς
2130 3725 2225 3778 τοῦ
2272 3727 2407 3780 Θεοῦ
2450 3729 2530 3793 εἰς
2565 3729 2729 3783 αὑτὸν
2760 3731 3101 3802 εὐεργεσίας.
3160 3732 3591 3785 ’Δκουσάτωσαν

1997 3818 2104 3890 γὰρ
2133 3819 2182 3871 οἱ
2211 3819 2436 3884 πολλαῖς
2466 3819 2690 3895 ὕστερον
2722 3825 2939 3892 γενεαῖς
2961 3822 3289 3895 γενήσεσθαι
3317 3822 3418 3876 τοῦ
3443 3825 3589 3893 Χρι-

2001 3908 2128 3963 στοῦ
2195 3909 2434 3983 μαθηταὶ
2495 3911 2799 3982 μέλλοντες.
2862 3913 3095 3977 Τούτους
3150 3913 3262 3984 γὰρ
3324 3913 3593 3985 ὠνόμασε

2001 4004 2216 4071 πραεῖς,
2252 3998 2334 4067 οἷς
2365 4004 2394 4056 ὁ
2424 4003 2628 4075 Κύριος
2651 4004 2957 4073 διαλέγεται
2978 4022 2992 4037 ο
3018 4004 3246 4059 Μάθετε
3272 4005 3377 4058 ἀπ’
3412 4006 3589 4074 ἐμοῦ,

2001 4092 2090 4146 ὅτι
2123 4096 2315 4162 πραῢς
2350 4098 2468 4166 ειμι
2506 4097 2617 4169 (69)
2665 4097 2765 4151 καὶ
2812 4099 3094 4165 ταπεινὸς
3129 4096 3203 4167 τῇ
3242 4097 3483 4167 καρδίᾳ.
3525 4099 3592 4152 Οἱ

319 4192 829 4266 κατεσταλμένοιτὰ
850 4193 954 4265 ἡθη
978 4193 1073 4247 καὶ
1097 4189 1298 4254 παντὸς
1360 4188 1569 4252 πάθους
1625 4185 2061 4256 ἀπηλλαγμένοι,
2130 4186 2207 4251 ὡς
2257 4189 2526 4260 μηδεμίαν
2564 4190 2710 4260 ἔχειν
2750 4191 2995 4263 ταραχὴν
3044 4190 3359 4245 ἐνοικοῦσαν
3404 4192 3594 4245 αὐτῶν

318 4292 435 4352 ταῖς
460 4288 687 4358 ψυχαῖς.
718 4280 860 4340 οὗτοι
893 4287 1085 4357 πραεῖς
1118 4281 1636 4355 προσαγορεύονται.
1704 4279 1795 4333 Διὸ
1830 4280 1924 4332 καὶ
1961 4281 2203 4353 Μωῦσῆς
2255 4284 2674 4355 μεμαρτύρηται
2727 4284 2908 4356 πραῢς
2979 4280 3120 4337 εἶναι
3171 4285 3323 4356 παρὰ
3372 4286 3593 4350 πάντας

321 4378 640 4450 ἀνθρώπους
665 4379 758 4431 ἐπὶ
784 4377 881 4448 τῆς
905 4376 1031 4447 γῆς.

392 4434 446 4526 3:
490 4434 650 4526 Vitas.
694 4470 748 4525 4.
787 4434 1130 4538 Magnificam
1163 4466 1446 4520 Dominum
1489 4481 1713 4519 mecum.
1743 4463 1890 4519 Con-

2066 4462 2120 4516 5.
2165 4464 2549 4531 Mercatura“
2578 4463 2685 4516 τὸν
2710 4464 2929 4531 Κύριον
2957 4464 3080 4518 σὺν
3107 4465 3260 4535 ἐμοι.
3293 4466 3592 4537 Upim

319 4564 623 4619 venientem
652 4561 755 4617 sibi
778 4561 1003 4616 chorum
1041 4558 1108 4615 ad
1141 4558 1426 4613 Dominum
1467 4557 1876 4629 gloriﬁcandum

1990 4554 2168 4625 ἑαυτῷ
2201 4556 2358 4627 χορὸν
2386 4556 2466 4619 είς
2502 4555 2811 4625 δοξολογίαν
2845 4556 2936 4609 τοῦ
2978 4558 3186 4629 Κυρίου
3217 4560 3592 4631 παραλαμᾶί-

390 4751 438 4807 9⁸
471 4748 612 4805 Psal.
668 4763 858 4810 «cum,
912 4746 962 4804 l.
1037 4748 1083 4777 “
1124 4744 1309 4799 Matth.
1363 4760 1420 4808 v,
1477 4720 1530 4798 ιζ
1607 4746 1649 4775 ’⁷
1687 4740 2088 4809 lllatth.x1,‘29.
2164 4740 2210 4772 “
2251 4739 2408 4794 Num.
2438 4741 2616 4805 xu,3.

393 4906 507 4977 (65)
527 4904 700 4977 Editio
724 4902 887 4956 Basil.
916 4918 1035 4955 cum
1065 4901 1216 4977 Coll).
1251 4902 1411 4977 tertio
1445 4901 1502 4977 αἱ
1535 4902 1592 4953 ὲν
1616 4898 1881 4977 μέσῳ.τὲ-

320 4971 463 5050 χναι.
491 4971 591 5029 Alii
624 4976 806 5050 decem
850 4988 981 5050 mss.
1027 4982 1080 5050 et
1110 4972 1311 5050 _Cat_ena
1352 4972 1575 5050 Corder.
1616 4972 1670 5022 αἱ
1721 4971 1882 5050 μέσαι

319 5040 508 5118 τέχναι
530 5064 541 5099 :
566 5058 684 5118 quas
708 5044 896 5118 eadem
924 5042 1080 5118 lectio
1112 5040 1305 5118 legitur
1327 5055 1540 5110 quoque
1564 5043 1614 5093 in
1643 5040 1886 5118 margine

321 5111 473 5173 Οόῐι).
509 5111 675 5170 tertii.
711 5113 816 5166 Sed
856 5127 975 5165 cum
1008 5112 1152 5181 illud,
1184 5111 1393 5181 τέχναι,
1424 5125 1530 5165 non
1565 5111 1886 5181 probaretur

322 5187 538 5251 Ducam,
561 5200 627 5241 ex
647 5198 714 5237 eo
738 5183 977 5253 τεχνῖται
992 5179 1351 5253 effecit,etita
1386 5181 1437 5234 in
1454 5181 1687 5234 editione
1714 5179 1884 5233 Paris.

321 5258 586 5312 edendum
618 5251 846 5307 curavit.
899 5251 1007 5307 Nos
1053 5266 1181 5303 vero
1230 5252 1550 5318 scripturam
1583 5264 1725 5310 eam,
1765 5264 1884 5316 quae

322 5337 403 5382 tot
434 5327 687 5380 librorum
722 5324 1042 5377 auctoritate
1069 5321 1505 5383 confirmaretur,
1548 5321 1881 5373 retinendam

322 5414 443 5452 esse
473 5395 854 5465 judicavimus.
882 5391 990 5465 Nec
1008 5391 1343 5465 ACOllllteliSio
1377 5405 1591 5465 quoque
1619 5388 1884 5465 Ducteana

322 5460 627 5520 emendatio
660 5464 828 5533 magis
848 5462 1064 5533 placuit.
1091 5460 1379 5533 Postquam
1411 5461 1553 5533 enim
1575 5461 1626 5533 in
1651 5460 1883 5533 medium

321 5537 546 5604 protulit
572 5529 772 5593 multa:
802 5529 996 5601 quibus
1040 5531 1170 5604 falsa
1201 5531 1287 5604 illa
1320 5529 1880 5604 scrip_tura_i_nli_rmari

322 5597 512 5672 possit,
543 5615 724 5658 notam
747 5597 898 5655 suam
926 5602 1201 5672 concludit
1217 5602 1301 5655 his
1325 5602 1535 5672 verbis:
1564 5597 1714 5651 Nihil
1735 5614 1879 5672 ergo,

323 5667 519 5741 inquit,
549 5674 767 5726 violente
799 5676 862 5725 ab
895 5672 1095 5725 artibus
1135 5671 1204 5723 ad
1235 5671 1464 5738 artifices
1494 5673 1680 5723 transit
1725 5667 1883 5741 Dasi-

324 5737 449 5807 (ἐπὶ,
484 5743 574 5797 sed
610 5745 754 5796 docte
786 5758 846 5795 ac
883 5741 1153 5795 rhetorice.
1187 5741 1310 5797 Mox
1338 5737 1469 5796 mss.
1504 5740 1711 5809 aliquot
1744 5737 1881 5808 ἢία-

1988 4902 2162 4970 τροιίῇ
2196 4912 2442 4970 ρητορες-

2066 4964 2295 5038 (66⁷)Ἰίει
2331 4964 2551 5037 ’δοριειη
2604 4982 2736 5023 mss.
2767 4965 2878 5038 Nec
2925 4966 3079 5022 aliter
3126 4964 3322 5036 legisse
3368 4967 3589 5022 videtur

1991 5037 2283 5105 interpres,
2314 5038 2407 5104 qui
2450 5039 2716 5092 verterit:
2744 5038 2799 5091 in
2836 5037 3086 5090 Domino.
3123 5037 3261 5091 Editi
3295 5053 3421 5091 cum
3449 5038 3585 5105 Reg.

1992 5119 2184 5181 quarto
2228 5108 2287 5181 ὲν
2332 5108 2575 5181 Χριστῷ.
2613 5106 2709 5181 Hic
2753 5122 2847 5174 pro
2879 5107 3590 5181 ψυχήνῌευερίιιαιυῑλϐοίηιο

1994 5176 2218 5232 belisius
2252 5176 2537 5247 legendum
2578 5176 2869 5247 καύχησιν,
2897 5176 3240 5231 ⁷ειιιαῖνεσιν
3276 5197 3291 5231 :
3327 5178 3427 5232 sed
3470 5180 3592 5247 ejus

1991 5248 2359 5310 conjecturam
2397 5248 2570 5302 codex
2603 5249 2779 5300 nullus
2800 5254 3003 5301 tuetur.

2065 5317 2179 5386 (67)
2212 5315 2462 5388 Nonnulli
2491 5334 2620 5373 mss.
2642 5314 2980 5388 κατωρθώθη
3009 5333 3133 5387 μου.
3157 5316 3259 5371 Alii
3303 5332 3439 5372 mss.
3465 5332 3591 5371 cum

1991 5387 2515 5459 θόίνιὶελκατωρθώθη
2548 5405 2655 5458 μοι.

2064 5456 2175 5527 (68)
2224 5455 2302 5511 lta
2333 5455 2462 5512 inss.
2488 5455 2628 5510 octo.
2662 5457 2803 5511 Editi
2837 5472 2968 5510 vero
2993 5456 3218 5510 δύναται
3246 5456 3347 5527 τῷ,
3384 5457 3588 5527 Ἀκου-

1994 5525 2243 5580 aerum
2286 5530 2480 5598 πραεῖς
2515 5529 2610 5582 καὶ
2654 5528 3141 5599 εὐφρανθήτωσαν,
3179 5528 3262 5595 τὸ,
3301 5525 3592 5582 “Amoti-

1990 5615 2192 5653 τωσαν.

2061 5670 2173 5740 (69)
2200 5668 2451 5726 Nonnulli
2479 5685 2608 5727 mss.
2636 5670 2718 5725 ὅτι
2740 5667 2916 5741 πρᾶός
2948 5669 3088 5739 ειμι.

3814 968 3818 975 .
