3818 6220
202 374 305 429 357

1340 373 1628 432 HOMILIA
1667 375 1733 431 IN
1774 374 2108 433 PSALMUM
2146 374 2387 431 XXXIII.

3366 372 3471 429 358

201 512 301 549 νει.
324 494 530 565 Μηδεὶς
554 494 891 567 ταραχώδης,
922 495 1058 567 μηδὲ
1081 494 1540 568 τεθορυϐημένος,
1571 497 1707 568 μηδὲ
1731 499 1784 551 ἐκ

1906 500 2154 553 assumit.
2193 497 2362 552 Nemo
2395 492 2758 559 turbulentus,
2788 506 2948 548 nemo
2974 490 3343 563 perturbatus,
3371 505 3473 546 nec

204 585 310 640 τῶν
338 584 528 638 παθῶν
556 587 653 656 τῆς
687 584 890 657 σαρκὸς
922 586 1021 655 τὴν
1052 586 1231 659 ψυχὴν
1278 588 1629 659 παροιστρῶν
1673 587 1784 660 (70)

1906 591 2186 659 quisquam
2228 589 2319 659 qui
2367 600 2690 642 carnearum
2729 582 3073 639 affectionum
3106 592 3275 639 (nstro
3304 588 3471 637 exsti-

203 677 632 747 ἐγκαταμιγήτω
665 693 773 747 μοι’
803 676 920 730 ἀλλ’
951 678 1108 748 ὑμεῖς
1124 680 1175 732 οί
1200 683 1421 751 πραεῖς,
1452 682 1503 734 οἱ
1535 681 1596 734 τὸ
1629 679 1786 751 βεϐη-

202 770 300 835 κὸς
341 770 436 823 καὶ
480 768 737 833 εὐσταθὲς
780 771 880 842 τῆς
921 770 1101 841 ψυχῆς
1142 772 1592 844 κατωρθωκότες,
1634 773 1696 826 τὸ
1734 773 1791 826 δὲ

202 860 410 932 νωθρὸν
446 861 539 914 καὶ
574 861 814 925 ὑπνῶδες
842 862 977 932 πρὸς
1003 863 1100 926 τὰς
1124 862 1232 917 τῶν
1262 862 1614 935 καθηκόντων
1643 867 1794 936 ἐνερ-

202 952 359 1020 τείας
404 953 802 1024 ἀποσειόμενοι,
861 954 1020 1024 ὑμεῖς
1077 953 1413 1024 μεγαλύνατε
1464 956 1554 1009 τὸν
1586 955 1796 1027 Κύριον

207 1045 305 1097 σὺν
332 1044 475 1114 ἐμοί.
500 1044 811 1113 Μεγαλύνει
835 1045 891 1098 δὲ
919 1045 1011 1098 τὸν
1051 1045 1258 1116 Κύριον
1288 1048 1315 1098 ὁ
1344 1046 1553 1118 μεγάλῃ
1583 1046 1793 1119 διανοίᾳ

205 1136 303 1191 καὶ
334 1136 525 1208 ταύρῳ
570 1138 648 1209 τῷ
682 1139 990 1209 φρονήματι
1030 1139 1125 1193 καὶ
1159 1139 1456 1210 ἐπηρμένῳ
1492 1141 1618 1203 τοὺς
1650 1139 1793 1211 ὑπὲρ

203 1225 306 1296 τῆς
351 1225 632 1290 εὐσεϐείας
681 1227 1027 1298 πειρασμοὺς
1078 1228 1389 1298 ὑπομένων.
1455 1229 1687 1281 Ἔπειτα
1734 1229 1793 1282 δὲ

205 1318 302 1370 καὶ
334 1320 361 1371 ὁ
390 1317 602 1389 μεγάλῃ
633 1320 700 1390 τῇ
733 1318 941 1390 διανοίᾳ
973 1318 1065 1372 καὶ
1112 1319 1432 1390 θεωρήμασι
1473 1318 1795 1389 βαθυτάτοις

205 1410 275 1462 τὰ
309 1409 512 1481 μεγέθη
543 1411 642 1480 τῆς
670 1411 899 1474 κτίσεως
926 1410 1196 1483 καθορῶν,
1233 1411 1300 1464 ἵν’
1326 1414 1391 1465 ἐκ
1411 1411 1504 1465 τοῦ
1533 1411 1795 1483 μεγέθους

205 1502 304 1557 καὶ
350 1503 448 1575 τῆς
499 1502 763 1574 καλλονῆς
810 1502 919 1556 τῶν
972 1504 1289 1574 κτισμάτων
1338 1504 1429 1558 τὸν
1480 1521 1793 1576 γενεσιουρ-

205 1595 303 1665 γδν
339 1594 449 1665 (7!)
494 1596 670 1649 αὐτῶν
710 1596 985 1669 θεωρήσῃ.
1026 1598 1175 1667 ’Ὀσῳ
1213 1598 1322 1671 γάρ
1365 1615 1448 1661 τις
1480 1598 1572 1651 ἐπὶ
1610 1598 1794 1653 πλεῖον

204 1685 503 1758 ἐμϐαθύνει
547 1689 659 1750 τοῖς
691 1687 870 1755 λόγοις
910 1686 1033 1740 καθ’
1072 1687 1166 1751 οὓς
1209 1687 1500 1759 γεγένηται
1539 1687 1607 1741 τὰ
1644 1687 1792 1752 ὅντα,

206 1779 304 1831 καὶ
342 1778 462 1831 καθ’
506 1778 599 1842 οὓς
642 1782 1046 1851 οἰκονομεῖται,
1077 1779 1320 1851 τοσούτῳ
1369 1778 1568 1850 μᾶλλον
1602 1778 1797 1849 θεωρεῖ

204 1869 307 1942 τὴν
353 1870 827 1942 μεγαλοπρέπειαν
875 1871 967 1924 τοῦ
1012 1871 1253 1943 Κυρίου,
1299 1872 1393 1925 καὶ
1430 1871 1491 1923 τὸ
1540 1870 1662 1924 ὅσον
1711 1869 1796 1939 ἐφ’

205 1961 422 2032 ἐαυτῷ,
473 1962 764 2034 μεγαλύνει
798 1964 888 2017 τὸν
947 1963 1171 2033 Κύριον.
1228 1963 1381 2017 Ἐπεὶ
1410 1959 1502 2016 οὖν
1549 1957 1630 2026 εἷς
1674 1962 1797 2025 νοῦς

205 2052 301 2105 καὶ
328 2054 446 2117 ἐνὸς
488 2053 682 2124 ἀνδρὸς
716 2053 948 2124 μελέτη,
978 2054 1100 2108 οὐδὲ
1143 2054 1279 2125 πρὸς
1314 2055 1488 2125 βραχὺ
1533 2053 1801 2124 αὐταρκεῖ

205 2144 345 2216 πρὸς
365 2145 462 2215 τὴν
491 2145 600 2198 τῶν
632 2146 936 2216 μεγαλείων
956 2146 1049 2200 τοῦ
1075 2145 1211 2199 Θεοῦ
1238 2146 1563 2218 κατάληψιν,
1593 2146 1800 2209 πάντας

207 2235 344 2307 ὁμοῦ
375 2237 501 2300 τοὺς
526 2240 721 2308 πραεῖς
743 2239 825 2302 είς
851 2239 950 2310 τὴν
976 2238 1263 2292 κοινωνίαν
1287 2238 1494 2309 ταύτης
1520 2238 1619 2309 τῆς
1647 2241 1802 2310 ἐνερ-

204 2328 364 2396 γείας
408 2331 849 2402 παραλαμϐάνει.
902 2333 993 2385 Δεῖ
1024 2332 1133 2402 γὰρ
1184 2332 1365 2387 πᾶσαν
1419 2332 1615 2404 σχολὴν
1646 2333 1799 2401 ἄγειν

205 2421 316 2474 ἀπὸ
350 2420 594 2493 θορύϐων
627 2424 735 2477 τῶν
765 2423 986 2490 ἔξωθεν,
1021 2425 1116 2477 καὶ
1157 2428 1338 2480 πᾶσαν
1372 2426 1603 2496 ἡσυχίαν
1635 2427 1693 2479 ἐν
1722 2425 1801 2496 τῷ

207 2514 439 2586 κρυπτῷ
465 2516 566 2587 τῆς
596 2516 822 2588 καρδίας
860 2516 1230 2587 βουλευτηρίῳ
1266 2518 1595 2589 ποιήσαντα,
1629 2516 1801 2582 οὕτως

207 2606 522 2660 ἐπιϐάλλειν
568 2611 635 2679 τῇ
697 2607 901 2680 θεωρίᾳ
938 2610 1039 2680 τῆς
1084 2608 1368 2679 ἀληθείας.
1410 2609 1656 2673 ’Δκούεις
1705 2610 1799 2663 τοῦ

209 2698 705 2772 ἐξομολογουμένου
753 2703 852 2774 τὴν
901 2703 1198 2774 ἁμαρτίαν,
1248 2702 1300 2755 τί
1357 2719 1562 2773 φησιν;
1631 2704 1799 2757 Ἑτα-

200 2791 402 2862 ράχθη
446 2793 564 2847 ἀπὸ
603 2796 793 2863 θυμοῦ
835 2796 867 2847 ὀ
910 2794 1219 2863 ὀφθαλμός
1252 2812 1392 2864 μου.
1426 2794 1501 2847 Οὐ
1548 2794 1707 2866 μόνον
1743 2795 1801 2848 δὲ

210 2884 404 2955 θυμὸς,
442 2883 576 2937 ἀλλὰ
618 2886 713 2937 καὶ
764 2885 1048 2956 ἐπιθυμία,
1104 2887 1197 2939 καὶ
1243 2885 1436 2947 δειλία.
1481 2886 1577 2939 καὶ
1608 2886 1801 2957 φθόνος

209 2975 489 3045 ὀφθαλμὸν
518 2975 697 3046 ψυχῆς
733 2976 1065 3048 ἐκταράσσει
1084 2994 1098 3008 ·
1133 2978 1227 3030 καὶ
1258 2976 1595 3041 ἁπαξαπλῶς
1625 2978 1801 3033 πάντα

209 3069 281 3123 τὰ
310 3068 458 3139 πάθη
489 3068 793 3140 συγχυτικὰ
824 3070 918 3123 καὶ
949 3070 1323 3142 ἐκταρακτικὰ
1357 3070 1450 3124 τοῦ
1491 3070 1799 3142 διορατικοῦ

210 3162 313 3233 τῆς
365 3162 544 3234 ψυχῆς
600 3164 737 3217 ἐστι.
793 3164 903 3216 Καὶ
948 3163 1020 3226 ὡς
1069 3164 1128 3217 οὐ
1176 3163 1401 3217 δυνατὸν
1444 3163 1801 3235 τεθολωμένῳ

1903 681 2075 735 mulet
2100 680 2360 742 animam,
2394 679 2526 732 mihi
2558 679 2925 749 adjungatur:
2957 676 3052 731 sed
3082 690 3178 730 vos
3208 677 3476 730 mansueti

1900 773 1994 840 qui
2014 770 2366 825 stabilitatem
2389 768 2815 837 ﬁrmitatemque
2839 765 3007 820 animi
3025 765 3299 821 consecuti
3321 765 3479 831 estis,

1899 865 2203 921 socordiam
2234 875 2415 919 autem
2452 878 2518 917 ac
2551 876 2802 932 soporem
2831 861 2896 914 ad
2922 858 3098 915 oﬂicia
3130 859 3474 928 exsequenda

1899 957 2242 1023 excussistis,
2280 970 2377 1010 vos
2405 954 2749 1025 tnagnilicate
2776 951 3061 1007 Dominum
3088 966 3320 1005 mecum.
3358 950 3476 1004 Ma-

1901 1050 2124 1121 gniﬁcat
2151 1059 2329 1104 autem
2363 1047 2648 1103 Dominum
2685 1046 2765 1108 is,
2810 1045 2901 1113 qui
2938 1059 3132 1115 magna
3169 1052 3384 1109 mente,
3426 1053 3480 1098 et

1901 1140 2045 1195 elato
2073 1154 2136 1193 ac
2159 1147 2346 1193 erecto
2373 1135 2567 1205 spiritu
2595 1135 2922 1190 tentationes
2959 1148 3056 1201 pro
3085 1133 3287 1203 pietate
3314 1133 3482 1188 susti-

1902 1242 2014 1286 net.
2050 1229 2252 1285 Deinde
2277 1228 2463 1293 etiam,
2499 1226 2592 1295 qui
2624 1240 2820 1295 magno
2854 1224 3036 1278 animo
3074 1231 3131 1278 et
3159 1223 3477 1293 profundis-

1901 1324 2059 1379 simis
2109 1314 2659 1390 contemplationibus
2718 1315 3120 1387 magnitudines
3186 1316 3483 1371 creatiouis

1902 1412 2233 1477 considerat,
2267 1420 2322 1463 ιιι
2358 1424 2426 1463 ex
2458 1405 2827 1477 magnitudine
2861 1414 3239 1461 creaturarum
3282 1414 3337 1460 et
3363 1404 3482 1475 pul-

1902 1504 2212 1561 chritudine
2260 1512 2414 1557 ortus
2482 1514 2672 1555 earum
2720 1507 3004 1554 auctorem
3058 1497 3479 1568 contempletur.

1903 1600 2117 1669 Quanto
2160 1600 2306 1655 enim
2343 1598 2463 1667 quis
2506 1596 2669 1652 altius
2709 1605 2959 1664 penetrat
2987 1595 3251 1661 rationes,
3284 1593 3483 1663 quibus

1903 1697 2118 1752 condita
2150 1703 2274 1748 sunt
2297 1707 2361 1746 ac
2391 1702 2653 1761 reguntur
2674 1689 2948 1755 universa,
2977 1696 3128 1743 tanto
3159 1687 3330 1758 magis
3367 1688 3477 1742 Do-

1909 1787 2040 1843 mini
2078 1783 2533 1856 magnificentiam
2564 1781 2898 1853 speculatur,
2940 1791 2995 1836 et
3033 1789 3296 1849 quantum
3330 1778 3381 1832 in
3423 1790 3483 1833 se

1830 1871 1873 1930 Β
1901 1891 2005 1947 est,
2031 1880 2319 1933 Dominum
2345 1874 2672 1947 magniﬁcat.
2699 1874 2965 1943 Quoniam
2989 1875 3154 1944 igitur
3171 1888 3275 1927 una
3298 1886 3472 1937 mens,

1899 1983 1955 2029 et
1981 1971 2142 2026 unius
2178 1968 2279 2023 viri
2314 1967 2590 2023 meditatio
2622 1980 2689 2021 ne
2713 1964 2780 2020 ad
2812 1965 2979 2021 breve
3014 1964 3232 2034 quidem
3270 1971 3484 2032 tempus

1899 2063 2095 2121 suﬁicit
2138 2062 2205 2117 ad
2244 2059 2530 2131 magnifica
2568 2073 2735 2129 opera
2797 2058 2889 2113 Dei
2930 2056 3482 2128 comprehendenda:

1900 2171 2091 2212 omnes
2128 2153 2289 2209 simul
2332 2160 2644 2207 mansuetos
2673 2151 2740 2206 ad
2774 2149 2933 2219 hujus
2967 2148 3199 2205 actionis
3233 2151 3478 2203 societa-

1903 2259 2010 2305 tem
2044 2248 2293 2303 assumit.
2327 2245 2555 2316 Oportet
2588 2244 2735 2298 enim
2767 2244 2836 2297 ab
2880 2242 3124 2298 externis
3164 2242 3486 2298 tumultibus

1892 2342 2123 2415 omnino
2165 2338 2327 2411 146
2352 2352 2572 2401 vacare,
2603 2345 2657 2392 et
2687 2335 2835 2390 omni
2870 2335 3052 2405 quiete
3074 2334 3129 2389 in
3161 2335 3483 2390 abscondito

1902 2431 2082 2487 cordis
2108 2445 2323 2485 recessu
2347 2428 2672 2491 constituta,
2698 2434 2812 2480 tum
2839 2424 3056 2479 demum
3088 2423 3337 2479 veritatis
3360 2439 3487 2479 con-

1905 2520 2241 2591 templationi
2297 2520 2541 2574 animum
2599 2518 2855 2588 adjicere.
2910 2516 3082 2572 Audis
3134 2517 3486 2574 conﬁtentem

1902 2621 2209 2683 peccatum,
2260 2610 2392 2682 quid
2424 2609 2599 2666 dicit?
2648 2607 2913 2663 Turbatus
2957 2618 3036 2663 est
3082 2610 3147 2663 ab
3180 2609 3264 2663 ira
3304 2608 3486 2663 oculus

1904 2722 2048 2760 meus
2069 2706 2138 2759 ".
2190 2703 2306 2759 Non
2339 2712 2522 2759 autem
2555 2702 2636 2757 ira
2670 2702 2866 2767 solum,
2912 2700 3009 2757 sed
3040 2701 3484 2771 concupiscentia

1904 2798 2068 2854 etiam
2098 2807 2153 2852 et
2198 2796 2482 2862 timiditas,
2517 2806 2572 2850 et
2618 2794 2820 2848 invidia
2851 2793 3064 2848 oculum
3109 2793 3306 2847 animat
3355 2806 3487 2848 con-

1905 2889 2122 2956 turbat;
2147 2896 2203 2943 et
2229 2888 2281 2941 in
2312 2888 2645 2952 universum,
2675 2884 3068 2940 commotiones
3092 2898 3282 2940 omnes
3309 2885 3484 2949 aciem

1907 2981 2074 3037 animi
2110 2989 2274 3050 atque
2305 2978 2777 3050 pcrspicacitatem
2808 2977 3145 3033 confundunt
3175 2992 3240 3034 ac
3271 2987 3490 3047 pertur-

1906 3077 2056 3132 bant.
2086 3073 2154 3128 Et
2176 3074 2627 3143 quemadmodum
2654 3073 2767 3129 ﬁeri
2794 3088 2897 3129 non
2923 3081 3097 3141 potest
3126 3081 3185 3127 ut
3210 3080 3487 3136 accurate,

1907 3170 2063 3225 oculo
2101 3168 2315 3223 turbato
2365 3165 2844 3236 deprehendantur
2872 3164 3108 3221 visibilia
3146 3182 3161 3220 :
3202 3164 3281 3221 sic
3325 3168 3489 3221 etiam

208 3251 480 3323 ὀφθαλμῷ
506 3251 709 3324 ἀκριϐῆ
749 3251 935 3305 λαϐεῖν
965 3252 1072 3305 τῶν
1103 3253 1314 3324 ὁρατῶν
1350 3254 1450 3325 τήν
1479 3234 1782 3325 κατάληψιν

1911 3261 2126 3317 turbato
2157 3260 2343 3323 corde,
2377 3259 2442 3313 ad
2473 3258 2722 3313 veritatis
2748 3256 3263 3337 contemplationem
3288 3258 3492 3312 incum-

208 3345 386 3408 οὕτως
431 3345 550 3398 οὐδὲ
594 3344 940 3418 τεθολωμένῃ
975 3344 1175 3417 καρδίᾳ
1221 3348 1289 3416 τῇ
1332 3347 1658 3417 κατανοήσει
1706 3346 1805 3418 τῆς

211 3441 473 3512 ἀληθείας
520 3441 822 3495 ἐπιϐαλεῖν.
883 3441 1259 3512 Ἀναχωρῆσαι
1306 3436 1399 3493 οὖν
1443 3440 1523 3493 δεῖ
1556 3440 1665 3494 τῶν
1709 3440 1803 3494 τοῦ

212 3534 422 3604 κόσμου
464 3534 839 3607 πραγμάτων,
870 3535 965 3588 καὶ
1017 3536 1155 3606 μήτε
1203 3534 1269 3587 δι’
1308 3534 1623 3606 ὀφθαλμῶν,
1667 3536 1804 3607 μήτε

207 3628 282 3682 δι’
312 3626 487 3692 ὢτων,
522 3629 656 3701 μήτε
692 3628 759 3681 δι’
787 3628 955 3699 ἄλλης
977 3629 1124 3692 τινὸς
1157 3627 1465 3698 αἰσθήσεως
1490 3627 1804 3696 ἐπεισάγειν

210 3722 528 3794 ἀλλοτρίους
555 3723 847 3794 λογισμοὺς
881 3726 945 3793 τῇ
973 3722 1140 3793 ψυχῇ.
1176 3720 1435 3794 Θορύϐων
1462 3720 1571 3792 γὰρ
1610 3722 1806 3793 άσιγή-

206 3833 324 3869 των
357 3816 451 3869 καὶ
483 3818 725 3870 στάσεων
768 3815 1142 3869 άδιαλλάκτων
1172 3815 1568 3886 ἁναπιμπλῶσι
1612 3814 1681 3868 τὰ
1718 3814 1805 3867 έν-

206 3909 301 3962 δον
326 3911 375 3962 οί
405 3908 500 3962 τοῦ
528 3911 869 3981 φρονήματος
902 3909 1002 3980 τῆς
1028 3908 1232 3980 σαρκὸς
1256 3907 1679 3979 ἐπανιστάμενοι
1705 3908 1804 3961 πό-

207 4001 269 4053 λε
279 4018 389 4071 μοι.
428 4001 785 4069 Ἐξεζήτησα
814 4001 921 4055 τὸν
945 4003 1189 4070 Κύριον,
1214 4001 1313 4055 καί
1334 4000 1645 4071 ἐπήκουσέ
1659 4018 1798 4070 μου.

208 4090 431 4158 Ταῦτα,
463 4094 657 4163 φησὶν,
689 4094 1081 4147 ἀκουσάτωσαν
1112 4096 1164 4147 οἱ
1202 4097 1420 4167 πραεῖς,
1463 4095 1546 4147 ὅτι
1586 4093 1699 4163 ἐγὼ
1744 4095 1803 4147 ἐν

206 4184 292 4254 τῷ
316 4185 495 4257 καιρῷ
519 4185 712 4256 ἐκείνῳ
736 4185 814 4256 τῷ
842 4186 1086 4257 χαλεπῷ,
1111 4187 1200 4239 ὅτε
1226 4188 1335 4250 πᾶς
1370 4187 1467 4257 μὲν
1499 4185 1667 4257 θυμὸς
1693 4185 1803 4239 τῶν

210 4274 701 4345 μνησικακούντων
743 4277 976 4331 ἐκινεῖτο
1022 4276 1135 4348 (72)
1175 4279 1293 4330 κατ’
1346 4275 1503 4347 ἐμοῦ,
1549 4278 1698 4329 πᾶσα
1742 4273 1802 4327 δὲ

205 4366 337 4437 χεὶρ
365 4368 451 4419 ἐπ’
486 4367 589 4438 ἐμὲ
631 4366 934 4434 ὡπλίζετο,
966 4370 1172 4440 γυμνὸς
1219 4368 1277 4422 δὲ
1317 4368 1429 4437 ἐγὼ
1467 4368 1562 4421 καὶ
1602 4366 1801 4430 ἄοπλος

205 4456 428 4527 ἕτοιμος
468 4459 549 4521 είς
577 4460 758 4512 πᾶσαν
790 4460 977 4513 αίκίαν
1021 4459 1312 4531 ἐξεκείμην
1341 4460 1454 4522 τοῖς
1498 4456 1799 4527 πολεμίοις,

204 4538 334 4600 τότε
362 4548 422 4600 ού
460 4548 760 4619 συνεχύθην
799 4552 926 4613 τοὺς
963 4550 1348 4622 διαλογισμοὺς
1375 4550 1454 4620 τῷ
1492 4549 1663 4619 φόϐῳ,
1699 4550 1799 4603 οὐκ
1831 4581 1876 4636 D

205 4635 578 4707 ἐξεκρούσθην
611 4640 675 4690 ἐκ
710 4638 810 4708 τῆς
835 4638 928 4690 τοῦ
958 4639 1093 4692 Θεοῦ
1140 4639 1349 4701 ἐννοίας
1368 4680 1382 4704 ,
1418 4638 1519 4690 οὐκ
1546 4637 1798 4705 ὰπέγνων

201 4726 312 4795 τῆς
337 4727 577 4795 ἐμαυτοῦ
605 4729 897 4799 σωτηρίας,
928 4728 1043 4782 ἀλλ’
1067 4727 1400 4798 ἐξεζήτησα
1424 4726 1533 4780 τὸν
1553 4726 1777 4794 Κύριον

204 4820 347 4887 Οὐχὶ
379 4817 623 4891 ἐζήτησα
670 4820 829 4891 μόνον
859 4820 1038 4891 ἁπλῆν
1076 4838 1195 4874 τινα
1238 4821 1333 4874 καὶ
1370 4817 1626 4891 χρονικὴν
1659 4816 1794 4889 πρὸς

200 4908 302 4961 τὸν
326 4908 532 4981 Κύριον
554 4909 764 4974 ἐλπίδα,
786 4911 901 4964 ἀλλ’
921 4909 1244 4983 ἐξεζήτησα.
1270 4909 1461 4964 Πλεῖον
1481 4909 1590 4981 γάρ
1608 4926 1662 4961 τι
1684 4908 1795 4979 (75)

199 5000 358 5072 δηλοῖ
388 5002 539 5072 παρὰ
582 5003 642 5056 τὸ
674 5001 923 5071 ζητῆσαι
969 5005 1002 5075 ἡ
1047 5002 1286 5074 ἔμφασις
1322 5000 1412 5055 τοῦ
1453 5000 1793 5069 ἐπιζητῆσαι,

199 5093 283 5156 ὡς
317 5094 411 5146 καὶ
440 5093 591 5165 παρὰ
620 5095 718 5166 τὴν
744 5094 972 5166 ἔρευναν
998 5098 1032 5167 ἡ
1066 5095 1433 5165 ἐξερεύνησις.
1475 5090 1793 5156 Ἕξέλιπον

201 5185 320 5254 τὰρ
345 5183 776 5252 ἐξερευνῶντες
814 5184 1253 5255 ἐξερευνήσας.
1296 5181 1503 5253 Πολλὴν
1549 5176 1642 5235 οὖν
1673 5197 1794 5234 τινα

204 5275 407 5347 σχολὴν
452 5277 545 5330 καὶ
580 5276 880 5349 ἀταραξίαν
934 5279 963 5331 ό
1012 5276 1171 5346 λόγος
1218 5275 1517 5345 παρίστησι
1562 5270 1649 5325 διὰ
1694 5271 1794 5342 τῆς

198 5367 575 5439 ἐκζητήσεως.

277 5482 328 5516 ³⁸
361 5478 587 5538 Psal.vt
638 5482 691 5539 8.
771 5484 818 5516 ³⁰
856 5483 1000 5540 Psal.
1050 5499 1208 5549 LXIII,
1254 5482 1305 5538 7.

278 5638 395 5778 ρο)
420 5637 513 5694 Sic
542 5638 695 5695 multi
718 5655 856 5722 mss.
885 5641 959 5723 At
979 5640 1105 5696 editi
1130 5642 1574 5715 ἐμπαροιστρῶν.

304 5710 395 5777 7|)
421 5708 613 5764 Nostra
645 5713 809 5766 edttto
842 5711 1012 5766 Paris.
1034 5727 1321 5778 operarum
1348 5723 1574 5769 oscttant

304 5710 395 5777 7t)
421 5708 613 5782 Nostra
645 5712 809 5766 editio
842 5711 1012 5766 Paris.
1034 5708 1321 5781 operarum
1348 5708 1635 5769 oscitantia
1662 5731 1789 5782 γεν-

199 5778 523 5857 νεσιουργόν
562 5795 660 5850 pro
690 5778 1095 5857 γενεσιουργόνζ
1153 5784 1320 5857 υιίώίῃ
1377 5799 1512 5842 mss.
1569 5778 1787 5857 legitur.

203 5853 407 5908 Statim
432 5851 566 5923 Reg.
600 5852 869 5910 secundus
895 5851 1150 5909 τοσοῦτον
1180 5853 1420 5926 μᾶλλον..

1906 3353 2036 3409 bere
2058 3368 2165 3407 non
2194 3365 2502 3423 possumus.
2530 3349 2798 3405 Secedere
2820 3349 2988 3421 igitur
3008 3361 3225 3418 oportet
3245 3363 3275 3402 a
3303 3349 3488 3403 mundi

1907 3446 2091 3509 rebus,
2120 3455 2174 3499 et
2206 3459 2381 3514 neque
2412 3458 2508 3514 per
2532 3441 2742 3507 oculos,
2771 3456 2944 3511 neque
2973 3457 3072 3510 per
3102 3456 3283 3503 aures,
3313 3455 3493 3511 neque

1906 3549 2002 3604 per
2030 3534 2197 3587 alium
2222 3532 2387 3587 ullum
2417 3545 2639 3586 sensum
2668 3531 3036 3600 cogitationes
3059 3530 3264 3585 alienas
3286 3530 3341 3584 in
3373 3530 3493 3584 aui-

1907 3642 2049 3682 mam
2077 3626 2447 3681 introducere.
2475 3622 2607 3689 Quae
2652 3622 2795 3677 enim
2820 3638 2884 3677 ex
2910 3623 3094 3677 carnis
3139 3622 3373 3676 elatione
3396 3636 3494 3675 ex-

1905 3717 2155 3773 oriuntur
2168 3715 2328 3783 bella,
2348 3714 2664 3769 tumultibus
2681 3714 2953 3769 coutinuis
2976 3723 3034 3769 et
3056 3713 3492 3783 implacabilibus

1905 3810 2261 3865 seditionibus
2288 3807 2548 3863 interiora
2573 3807 2865 3877 complent.
2896 3805 3088 3878 (Vens.
3114 3806 3193 3877 5.)
3219 3806 3493 3876 Exquist'vt'

1907 3905 2226 3968 Dominum,
2266 3913 2314 3957 et
2343 3900 2611 3956 exaudivit
2659 3916 2761 3954 me.
2811 3899 2970 3966 Haec,
3007 3900 3217 3969 inquit,
3267 3899 3494 3954 audiant

1906 3998 2195 4060 mansueti,
2224 3995 2370 4065 quod
2400 4009 2501 4065 ego
2527 3993 2736 4049 dil‘ticili
2765 3994 2861 4049 illo
2890 4003 3132 4064 tempore
3159 4009 3283 4049 cum
3311 3992 3491 4047 omnis

1905 4090 2253 4144 inimicorum
2307 4087 2387 4142 ira
2435 4096 2746 4141 moveretur
2791 4095 2981 4141 contra
3040 4100 3165 4153 me,
3201 4088 3492 4156 omnisque

1906 4195 2099 4236 manus
2137 4179 2403 4234 adversus
2433 4192 2520 4233 me
2557 4185 2883 4243 armaretur,
2915 4193 3017 4245 ego
3062 4192 3196 4233 vero
3227 4178 3404 4233 nudus
3430 4188 3487 4232 et

1904 4272 2129 4329 inermis
2156 4272 2222 4327 ad
2256 4286 2416 4327 omne
2444 4270 2765 4341 supplicium
2795 4269 3183 4340 perferendum
3209 4271 3488 4341 expositus

1904 4366 2151 4422 hostibus
2172 4380 2371 4430 essem,
2396 4379 2501 4419 non
2528 4374 2705 4419 tamen
2733 4355 3141 4418 tunc'coniusus
3162 4377 3280 4417 sum
3302 4363 3486 4417 animo

1902 4471 2015 4527 pra:
2042 4456 2273 4520 timore,
2301 4469 2407 4509 non
2447 4468 2565 4509 sum
2613 4467 2645 4507 a
2675 4452 2768 4508 Dei
2817 4453 3148 4523 cogitatione
3193 4462 3487 4519 avocatus,

1904 4564 2008 4603 non
2042 4546 2269 4602 salutem
2306 4560 2483 4600 meam
2528 4545 2832 4615 desperavi,
2879 4543 2973 4599 sed
3016 4543 3277 4614 exquisivi
3307 4541 3489 4597 Domi.

1904 4655 2049 4693 num.
2084 4637 2198 4692 Non
2230 4636 2453 4708 quaesivi
2498 4636 2673 4692 solum
2718 4635 2951 4705 simplici
2982 4634 3215 4706 quadam
3248 4646 3303 4690 et
3332 4643 3488 4690 tem-

1904 4728 2119 4800 poraria
2158 4728 2213 4783 in
2266 4728 2556 4783 Dominum
2607 4742 2737 4798 spe,
2789 4726 2885 4781 sed
2930 4726 3225 4797 exquisivi.
3264 4725 3479 4781 Etenim

1901 4823 2176 4891 emphasis
2205 4822 2353 4878 verbi
2384 4824 2659 4893 exquirere
2687 4820 2917 4890 amplius
2962 4819 3219 4891 quiddam
3264 4819 3475 4891 signiti-

1902 4921 2009 4979 cat,
2037 4928 2199 4984 quam
2248 4915 2474 4969 verbum
2507 4928 2765 4983 quwrere,
2817 4911 3275 4982 quemadmodum
3319 4911 3481 4966 etiam

1901 5005 2264 5074 perscrutatio
2304 5005 2427 5074 plus
2462 5005 2593 5061 dicit
2627 5018 2792 5074 quam
2841 5002 3129 5059 scrutatio.
3163 5000 3479 5071 Defecerunt

1899 5096 2035 5149 enim
2066 5107 2453 5165 perscrutantes
2485 5096 2931 5163 perscrutationes
2958 5095 3025 5148 ³⁸.
3067 5091 3296 5148 Multum
3324 5093 3489 5161 igitur

1900 5189 1995 5243 otii
2027 5204 2092 5243 ac
2139 5188 2545 5258 tranquillitatis
2575 5189 2796 5245 exhibet
2839 5188 2930 5243 hic
2970 5200 3150 5243 sermo
3205 5198 3301 5256 per
3332 5183 3480 5238 illam

1902 5279 2340 5351 exquisitionem.

1974 5642 2087 5713 (72)
2134 5640 2269 5713 Reg.
2295 5638 2485 5713 tertius
2515 5636 2816 5713 ἐκεκίνητο.
2857 5636 2979 5696 Mox
3003 5637 3136 5713 Reg.
3162 5637 3370 5713 _tertitts
3408 5634 3480 5713 _ln

1900 5705 2159 5768 coute'xtu
2191 5705 2508 5780 λογισμούς,
2536 5709 2589 5763 in
2626 5705 2877 5780 margine
2908 5724 3033 5766 vero
3073 5705 3478 5779 διαλογισμούς.

1974 5783 2086 5855 (75)
2117 5784 2190 5855 Ita
2241 5779 2394 5836 multi
2435 5779 2796 5855 ttt_ss._!ﬂ_t_litio
2836 5793 2963 5838 vero
3014 5780 3185 5838 Paris.
3240 5781 3347 5849 γάρ
3375 5793 3478 5833 τοι.

1903 5847 2100 5911 Statim
2126 5852 2261 5926 Reg.
2291 5851 2560 5911 secundus
2583 5847 2880 5916 ἐξέλειπον.
