3818 6220
385 336 493 393 359

1708 338 1749 393 S
1808 336 2055 394 BASILll
2090 338 2302 395 MAGNI

3547 339 3653 396 560

457 458 512 513 4.
572 455 639 511 Et
701 471 764 510 ex
809 454 1047 509 omnibus
1103 454 1533 509 tribulationibus
1596 461 1725 512 meis
1770 460 1948 527 eripuit

2116 444 2189 513 ’4.
2232 458 2343 513 Καὶ
2380 459 2449 511 ἐκ
2488 456 2703 512 πασῶν
2737 455 2857 511 τῶν
2894 458 3160 526 θλίψεων
3189 475 3306 527 μου
3348 457 3655 525 ἐρῤὐσατό

384 566 488 608 me.
527 548 661 605 Tota
707 548 837 618 justi
882 549 992 601 vita
1024 546 1076 600 in
1108 543 1492 603 aﬂlictionibus
1534 549 1711 618 posita
1755 559 1862 612 est,
1911 567 1940 603 e

2080 568 2158 607 ue.
2206 552 2363 605 Πᾶσα
2403 553 2437 621 ἡ
2484 550 2576 604 τοῦ
2615 550 2821 603 δικαίου
2856 549 2966 621 ζωὴ
2996 549 3329 620 τεθλιμμένη
3364 550 3512 611 ἐστὶ,
3560 551 3653 604 καὶ

383 640 548 693 Arcta
599 647 753 709 atque
815 646 1039 706 angusta
1078 647 1152 690 est
1202 637 1282 690 via
1327 636 1411 703 ³¹;
1458 646 1513 691 et
1558 636 1744 692 Multa.-
1792 638 1964 693 tribu-

384 731 606 786 latione:
628 730 899 800 justorum
942 729 1008 781 ".
1055 729 1264 784 ldcirco
1311 737 1366 784 et
1393 730 1684 799 Apostolus
1734 732 1851 787 ait:
1901 733 1965 786 In

384 824 622 878 omnibus
665 821 940 893 amicti”;
976 832 1053 886 et,
1095 820 1360 887 Quoniam
1394 837 1488 890 per
1533 824 1733 876 multas
1779 824 1957 877 tribu-

382 915 601 970 latione:
637 925 834 984 oportet
874 930 969 967 nos
1000 915 1201 967 intrare
1232 914 1286 967 in
1325 929 1542 983 regnum
1593 914 1771 968 Dei“.
1802 915 1963 969 ιιιιρ-

378 1017 468 1065 rat
495 1016 674 1061 autem
708 1021 774 1061 ex
821 1004 1173 1059 tribulatione
1226 1014 1447 1060 sanctos
1481 1021 1610 1061 suos
1650 1007 1811 1070 Deus,
1854 1024 1961 1062 non

379 1100 526 1170 quod
562 1099 684 1154 illos
740 1097 878 1152 citra
920 1099 1291 1168 probationem
1339 1097 1632 1170 relinquat,
1679 1103 1774 1155 sed
1819 1102 1961 1170 quod

377 1191 694 1262 patientiam
742 1189 875 1258 ipsis
923 1189 1208 1260 largiatur.
1259 1189 1393 1245 Nam
1443 1191 1488 1247 si
1531 1190 1829 1246 Tribulatio
1865 1210 1962 1263 pa-

376 1283 620 1339 tientiam
649 1292 918 1350 operatur,
950 1284 1206 1351 patientia
1244 1298 1363 1337 vero
1393 1282 1755 1352 probationem
1774 1284 1840 1350 ³⁸,
1866 1285 1959 1354 qui

379 1375 782 1433 tribulationem
822 1375 1111 1438 detrectat,
1143 1374 1466 1445 probatione
1498 1391 1557 1429 se
1610 1376 1724 1447 ipse
1756 1377 1955 1445 privat.

377 1468 841 1537 Quemadmodum
871 1481 1000 1536 ergo
1032 1481 1189 1521 nemo
1224 1480 1524 1522 coronatur
1551 1467 1671 1522 sine
1701 1469 1959 1523 adversa-

376 1558 498 1617 rio:
526 1557 604 1611 sic
637 1571 811 1626 neque
844 1556 1105 1625 probatus
1159 1555 1448 1625 quisquam
1490 1556 1831 1624 pronuntiari
1865 1572 1960 1624 po-

374 1659 505 1716 test,
533 1648 637 1703 nisi
672 1662 767 1717 per
795 1645 1195 1701 tribulationes.
1234 1643 1320 1699 E1:
1372 1646 1614 1700 omnibus
1655 1646 1821 1715 igitur
1861 1649 1957 1700 tri-

377 1741 732 1797 bulationibus
766 1740 893 1793 meis
927 1754 1008 1791 me
1035 1738 1253 1804 eripuit,
1283 1752 1389 1792 non
1420 1739 1562 1807 quod
1590 1738 1831 1793 divexari
1871 1753 1955 1793 me

2065 641 2257 710 Στενὴ
2307 642 2405 695 καὶ
2462 638 2817 710 τεθλιμμένη
2874 642 2909 703 1’:
2961 640 3133 705 ὁδός·
3167 641 3281 706 καὶ,
3324 641 3559 693 Πολλαί
3593 644 3653 695 al

2064 736 2304 803 θλίψεις
2339 733 2459 787 τῶν
2511 733 2776 787 δικαίων.
2816 733 2915 785 Διά
2951 733 3108 786 τοῦτο
3146 733 3238 786 καὶ
3288 733 3317 784 6
3383 735 3652 786 Ἀποστο-

2063 820 2154 883 3.6;
2196 837 2381 892 φησιν,
2447 822 2543 873 Ἐν
2590 820 2769 873 παντί
2817 823 3187 889 θλιϐόμενον
3224 822 3340 885 καὶ,
3388 823 3517 875 Ὅτι
3546 823 3646 876 διὰ

2064 914 2311 967 πολλῶν
2335 915 2601 982 θλίψεων
2629 913 2727 966 δεῖ
2748 912 2908 982 ἡμᾶς
2933 915 3021 978 είς
3040 914 3155 982 τὴν
3186 915 3524 979 βασιλείαν
3545 914 3651 970 τοῦ

2066 1006 2214 1060 Θεοῦ
2233 1005 2551 1059 εἰσελθεῖν.
2598 1005 2816 1059 Ῥύεται
2853 1005 2910 1058 δὲ
2947 1006 3011 1060 ὲκ
3046 1004 3272 1075 θλίψεως
3298 1008 3429 1070 τοὺς
3460 1007 3650 1075 ario»;

2062 1096 2229 1151 αὑτοῦ
2259 1100 2287 1151 6
2315 1098 2468 1161 Θεὸς,
2501 1098 2601 1150 οὐκ
2632 1098 3029 1170 ἀδοκιμάστους
3062 1100 3260 1163 αὐτοὺς
3290 1100 3649 1168 καταλιμπά-

2061 1205 2190 1253 νων,
2226 1188 2362 1243 ἀλλὰ
2385 1190 2482 1261 τὴν
2514 1190 2793 1262 ὑπομονὴν
2818 1191 3003 1254 αὐτοῖς
3036 1191 3413 1263 χαριζόμενος.
3448 1194 3517 1246 El
3543 1193 3651 1265 γὰρ

2074 1281 2145 1334 Ἠ
2159 1280 2365 1349 θλίψις
2392 1281 2711 1351 ὑπομονὴν
2740 1284 3167 1353 κατεργάζεται,
3204 1284 3243 1352 ἠ
3270 1284 3340 1337 δὲ
3366 1285 3649 1353 ὑπομονὴ

2059 1371 2315 1441 δοκιμήν
2340 1391 2351 1402 ·
2393 1376 2422 1426 6
2464 1374 2562 1446 τὴν
2607 1374 2786 1445 θλίψιν
2835 1376 3236 1448 ἀφαιρούμενος
3278 1377 3381 1448 τῆς
3412 1376 3651 1448 δοκιμῆς

2058 1462 2251 1515 ἑαυτὸν
2273 1464 2666 1535 ἀπεστέρησεν.
2695 1466 2783 1530 Ὠς
2806 1460 2899 1518 οὖν
2928 1467 3104 1531 οὐδεὶς
3133 1467 3499 1536 στεφανοῦται
3523 1467 3651 1520 ἄνευ

2057 1557 2487 1627 ἀνταγωνιστοῦ,
2520 1556 2693 1621 οὕτως
2724 1558 2844 1612 οὐδὲ
2879 1557 3101 1629 δόκιμος
3139 1559 3527 1628 ἀποφανθῆναι
3559 1558 3650 1611 δύ-

2057 1667 2211 1703 ναται
2250 1653 2298 1704 εί
2338 1650 2412 1722 μὴ
2457 1650 2569 1720 (74)
2604 1650 2693 1703 διὰ
2722 1650 2975 1719 θλίψεων.
3021 1652 3118 1705 Ἐκ
3155 1650 3371 1704 πασῶν
3405 1647 3505 1703 οὖν
3530 1652 3654 1704 τῶν

2056 1740 2324 1808 θλίψεων
2353 1739 2650 1807 ἐρῤύσατό
2678 1757 2775 1809 με,
2822 1740 2943 1810 οὐχ).
2980 1739 3055 1811 μὴ
3088 1738 3191 1792 ὲῶν
3233 1757 3298 1810 με
3329 1739 3649 1803 θλίϐεσθαι,

376 1850 484 1890 non
521 1833 687 1900 sinat,
718 1830 811 1885 sed
853 1831 996 1902 quod
1045 1845 1169 1885 cum
1220 1830 1523 1885 tentatione
1560 1830 1763 1885 exitum
1790 1830 1948 1886 etiam

2080 1829 2191 1883 ιλλά
2229 1832 2325 1884 σὺν
2367 1830 2445 1901 τῷ
2480 1829 2769 1902 πειρασμῷ
2805 1831 2899 1884 καὶ
2933 1830 3030 1901 τὴν
3080 1830 3323 1893 ἔκϐασιν,
3357 1830 3457 1884 τοῦ
3488 1831 3649 1884 δύνα-

374 1923 636 1994 ριιειιεει,
665 1921 800 1975 adeo
817 1930 875 1974 ut
907 1920 1047 1974 ferre
1066 1920 1272 1973 valeam
1295 1919 1362 1975 ".
1391 1920 1577 1992 (Vens.
1612 1920 1690 1993 6.)
1719 1921 1957 1975 Arcettiw

372 2015 443 2067 ad
474 2029 613 2076 eum,
643 2020 691 2065 et
720 2010 1130 2075 illuminamini;
1174 2021 1220 2063 et
1267 2009 1429 2079 facies
1468 2021 1651 2065 vestra:
1687 2028 1789 2065 non
1831 2029 1956 2065 con-

372 2106 684 2175 fundentur.
717 2103 819 2170 Qui
865 2101 919 2157 in
966 2101 1208 2157 tenebris
1241 2112 1297 2157 et
1328 2102 1383 2157 in
1425 2104 1616 2157 umbra
1656 2105 1845 2158 mortis
1876 2119 1957 2158 sc-

371 2198 520 2261 dent,
554 2210 649 2250 eos
691 2194 944 2250 hortatur
974 2203 1033 2248 ut
1066 2193 1133 2247 ad
1181 2192 1469 2247 Dominum
1517 2194 1863 2261 accedant",
1891 2210 1955 2251 ac

370 2288 538 2344 radiis
583 2285 883 2340 divinitatis
926 2284 1093 2355 ipsius
1130 2285 1587 2355 appmpinquent,
1625 2294 1682 2339 ut
1735 2302 1800 2340 ex
1854 2303 1953 2357 ap.

369 2379 821 2453 propinquatione
868 2392 964 2448 per
999 2377 1285 2431 veritatem
1325 2378 1604 2442 illustrati,
1640 2379 1953 2434 illustratio-

368 2490 494 2532 nem
520 2473 640 2544 ejus
679 2487 777 2542 per
807 2470 1038 2541 gratiam
1090 2469 1144 2525 in
1178 2484 1238 2525 se
1280 2469 1427 2540 ipsos
1483 2471 1764 2540 recipiant.
1800 2470 1953 2524 Sicut

292 2581 302 2588 '
366 2566 510 2623 enim
541 2566 655 2618 htec
682 2562 772 2617 lux
802 2561 1073 2617 sensibilis
1096 2576 1199 2616 non
1224 2561 1473 2616 omnibus
1496 2562 1744 2617 similiter
1767 2564 1948 2617 exori-

368 2667 474 2720 tur.
495 2656 586 2714 sed
606 2657 669 2711 iis
686 2656 776 2725 qui
795 2655 992 2710 habent
1010 2654 1211 2723 oculos,
1405 2654 1752 2724 vigilantque,
1772 2656 1953 2711 etsine

372 2749 482 2804 ullo
515 2747 900 2819 impedimento
947 2745 1079 2799 solis
1118 2746 1408 2815 praesentia
1443 2746 1545 2799 frui
1571 2758 1803 2815 possunt
1831 2765 1845 2801 :
1876 2750 1949 2803 ita

366 2843 530 2898 etiam
561 2839 788 2911 justitia‘.
814 2839 892 2894 sol
917 2838 983 2903 ³⁸,
1025 2836 1163 2892 Vera
1211 2838 1327 2904 lux,
1378 2855 1496 2908 quas
1545 2840 1811 2893 illuminat
1846 2856 1953 2894 om-

368 2950 484 2989 nem
535 2932 798 2986 hominem
854 2931 1143 2985 uenientem
1176 2931 1232 2984 in
1278 2931 1417 2985 hunc
1470 2932 1723 2984 mundum
1743 2932 1810 2998 ”,
1844 2948 1949 2987 non

366 3026 622 3081 omnibus
663 3022 1008 3093 Splendorem
1053 3037 1211 3077 suum
1259 3021 1510 3092 largitur,
1571 3023 1666 3077 sed
1715 3023 1820 3089 iis,
1856 3025 1948 3094 qui

367 3119 586 3191 dignam
635 3118 751 3188 ipso
794 3117 961 3172 vitam
996 3118 1216 3185 degunt.
1248 3113 1370 3168 Lux
1397 3116 1559 3181 enim,
1590 3116 1787 3185 inquit,
1830 3128 1945 3170 orta
1976 3152 2022 3215 C

365 3224 463 3280 est,
496 3228 601 3268 non
638 3211 937 3283 peccatori,
989 3212 1081 3265 sed
1116 3212 1265 3278 justo
1284 3208 1351 3263 “.
1387 3207 1456 3263 Ut
1484 3209 1628 3263 enim
1672 3219 1825 3265 ortus
1864 3221 1946 3264 est

366 3301 471 3367 sol,
509 3302 603 3355 sed
649 3316 756 3354 non
806 3299 1305 3368 vespertiliouibus,
1338 3312 1437 3352 nec
1469 3298 1591 3352 aliis
1620 3300 1947 3355 animalibus

366 3400 530 3447 noctu
586 3391 654 3445 ad
703 3389 956 3460 pabulum
1008 3389 1393 3459 prodeuntibus
1422 3406 1439 3441 :
1476 3389 1547 3443 ita
1591 3405 1804 3460 quoque
1854 3391 1942 3445 lux

365 3496 466 3538 sua
494 3480 712 3550 quidem
758 3488 951 3534 natura
991 3478 1270 3550 splendida
1301 3490 1411 3544 est,
1440 3495 1502 3535 ac
1531 3480 1582 3534 vi
1609 3480 1943 3537 illnminandi

364 3572 623 3648 praedita;
653 3586 756 3627 non
791 3581 969 3626 tamen
998 3587 1187 3627 omnes
1212 3572 1478 3628 claritatis
1507 3575 1624 3643 ejus
1659 3576 1957 3645 participes

365 3674 515 3724 sunt.
555 3665 646 3720 Sic
675 3674 729 3719 et
761 3663 945 3720 Omnis
992 3664 1084 3735 qui
1132 3663 1276 3717 mala
1324 3665 1478 3735 facit,
1526 3666 1635 3718 odit
1677 3665 1865 3727 lucem,
1896 3674 1946 3719 et

362 3774 471 3815 non
540 3758 678 3811 venit
740 3758 809 3810 ad
878 3758 1046 3811 lucent
1104 3768 1160 3809 ut
1218 3772 1323 3809 non
1376 3756 1779 3825 manifestentur
1830 3758 1944 3827 ejus

364 3851 523 3919 opera
541 3849 608 3903 δι.
630 3849 876 3903 Accedite
903 3848 1065 3917 igitur
1080 3846 1149 3900 ad
1176 3862 1292 3901 eum
1311 3856 1357 3900 et
1379 3846 1776 3910 illuminamini,
1793 3859 1839 3902 et
1857 3849 1945 3919 [a-

364 3942 468 3995 cies
499 3948 683 3996 vestra:
722 3954 825 3991 non
867 3937 1280 4006 confundenlur.
1330 3933 1553 4004 Beatus,
1609 3937 1699 4006 qui
1751 3937 1806 3991 in
1859 3939 1947 3993 die

359 4031 493 4102 justi
543 4028 731 4098 judicii
770 4030 883 4094 Dei,
919 4045 1041 4083 cum
1067 4030 1278 4083 venerit
1314 4028 1574 4083 Dominus
1623 4032 1688 4081 ad
1745 4029 1943 4083 illumi-

365 4125 599 4178 nandmn
642 4122 956 4176 abscondita
1001 4120 1370 4186 tenebrarum,
1404 4129 1459 4174 et
1489 4119 1943 4174 manifestandum

364 4215 589 4271 consilia
625 4215 869 4269 cordium
890 4213 959 4279 δ’,
990 4227 1154 4269 ausus
1171 4212 1335 4267 fuerit
1372 4212 1521 4267 illam
1563 4214 1829 4268 examinis
1863 4214 1945 4268 Ιιι-

365 4323 482 4363 cem
524 4308 725 4372 subire,
770 4322 832 4361 ac
859 4321 1113 4362 reversus
1138 4305 1301 4360 fuerit
1341 4321 1445 4361 non
1479 4307 1845 4376 pudibnndns,
1878 4320 1942 4361 ex

362 4414 430 4456 eo
460 4400 601 4471 quod
636 4398 1026 4454 conscientiam
1064 4398 1247 4468 pravis
1302 4398 1559 4467 operibus
1602 4398 1945 4452 contamina-

2059 1921 2181 1975 σθαι
2239 1922 2350 1994 (75)
2416 1924 2779 1991 ὑπενεγκεῖν,
2841 1921 3219 1994 χαριζόμενος.
3269 1922 3649 1991 Προσέλθετε

2056 2015 2205 2084 πρὸς
2233 2016 2442 2079 αὐτὸν,
2501 2014 2599 2069 καὶ
2653 2016 3022 2083 φωτίσθητεο
3077 2014 3173 2068 καὶ
3224 2013 3296 2068 τὰ
3344 2016 3649 2082 πρόσωπα

2055 2103 2221 2173 ὑμῶν
2277 2106 2349 2158 οὺ
2396 2106 2483 2174 μὴ
2529 2089 2968 2173 καταισχυνθῇ.
3020 2104 3151 2169 Τοῖς
3205 2100 3547 2176 καθημένοις
3590 2108 3647 2159 ἐν

2056 2198 2238 2250 σκότει
2257 2197 2350 2250 καὶ
2365 2199 2491 2266 σκιᾷ
2517 2196 2768 2260 Θανάτου,
2799 2199 3008 2261 τούτοις
3024 2196 3463 2268 παρακελεύεται
3485 2216 3650 2271 προσ-

2055 2288 2229 2342 ελθεῖν
2259 2287 2337 2359 τῷ
2393 2289 2608 2361 Κυρίῳ,
2637 2288 2730 2341 καὶ
2757 2289 2971 2356 ἐγγίσαι
2999 2288 3164 2341 αὑτοῦ
3188 2293 3307 2352 ταῖς
3334 2289 3526 2342 ἀκτῖσι
3549 2289 3651 2361 τῆς

2054 2381 2325 2453 θεότητος,
2352 2382 2440 2447 ἵν’,
2468 2385 2532 2436 ὲκ
2560 2382 2655 2435 τοῦ
2695 2380 3103 2453 προσεγγισμοῦ
3135 2381 3544 2452 ὲλλαμφθέντες
3580 2386 3645 2453 τῇ

2053 2473 2303 2545 ἀληθείᾳ,
2337 2474 2522 2547 χάριτι
2549 2475 2639 2528 τὸν
2659 2474 2769 2546 (76)
2805 2473 3082 2544 φωτισμὸν
3107 2475 3271 2528 αὑτοῦ
3302 2477 3385 2539 είς
3415 2477 3645 2539 ἑαυτοὺς

2052 2566 2399 2638 χωρήσωσιν.
2438 2567 2649 2638 Ὠσπερ
2696 2566 2804 2637 γὰρ
2842 2566 2902 2619 τὸ
2944 2565 3200 2637 αἰσθητὸν
3223 2566 3386 2620 τοῦτο
3424 2568 3550 2638 φῶς
3584 2569 3643 2621 οὐ

2053 2659 2219 2711 πᾶσιν
2250 2658 2452 2728 ὁμοίως
2488 2658 2802 2722 ἀνατέλλει,
2854 2657 2989 2710 ἀλλά
3023 2662 3136 2722 τοῖς
3179 2658 3395 2729 ἔχουσιν
3438 2658 3646 2728 ὀφθαλ-

2055 2751 2210 2821 μοὺς,
2248 2751 2341 2803 κα).
2389 2749 2752 2821 ἐγρηγορόσι,
2806 2751 2899 2804 καὶ
2942 2752 3033 2804 ὑπ’
3061 2751 3274 2815 οὐδενὸς
3315 2752 3649 2824 κωλύματος

2052 2838 2345 2893 ἀπολαύειν
2375 2839 2690 2911 δυναμένοις
2717 2840 2818 2909 τῆς
2846 2838 2938 2892 τοῦ
2967 2840 3119 2911 ἡλίου
3153 2841 3451 2911 ἐπιδημίας
3469 2859 3484 2871 ·
3502 2842 3648 2897 οὕτω

2052 2934 2148 2987 καὶ
2179 2936 2206 2987 6
2239 2932 2338 3004 τῆς
2371 2932 2720 3001 δικαιοσύνης
2756 2933 2926 3004 ἥλιος,
2975 2933 3045 2988 Τὸ
3083 2934 3377 3001 ἀληθινὸν
3410 2933 3571 3002 εεῶς,
3615 2934 3647 2987 6

2050 3024 2280 3095 φωτίζει
2303 3024 2500 3078 πάντα
2555 3023 2872 3093 ἄνθρωπον
2902 3026 3231 3095 ἐρχόμενον
3256 3029 3343 3091 είς
3384 3027 3502 3079 τὸν
3534 3028 3639 3080 κό-

2051 3131 2229 3185 σμον,
2248 3116 2306 3169 οὐ
2325 3116 2458 3168 πᾶσι
2474 3114 2571 3185 τὴν
2598 3115 2792 3168 ἑαυτοῦ
2814 3116 3151 3187 φαιδρότητα
3173 3116 3482 3188 χαρίζεται,
3506 3116 3646 3170 ἀλλὰ

2050 3210 2161 3270 τοῖς
2199 3205 2364 3270 ἀξίως
2390 3207 2553 3259 αὑτοῦ
2587 3207 3041 3278 πολιτευομένοις.
3075 3208 3204 3275 Φῶς
3240 3210 3385 3278 γὰρ,
3433 3211 3643 3281 φησιν,

2050 3296 2375 3360 ἀνέτειλεν,
2402 3298 2522 3368 οὐχ).
2551 3297 2628 3368 τῷ
2656 3297 2981 3370 ἁμαρτωλῷ,
3008 3299 3143 3353 ἀλλά
3169 3299 3250 3365 τῷ
3276 3298 3514 3368 δικαίῳ.
3560 3302 3646 3365 Ὧς

2049 3391 2159 3463 γάρ
2187 3389 2424 3444 ἀνέτειλε
2458 3390 2557 3461 μὲν
2582 3391 2610 3441 ὁ
2648 3390 2819 3460 ἥλιος,
2855 3391 2969 3444 ἀλλ’
2994 3392 3114 3461 οὐχὶ
3140 3391 3249 3461 (77)
3288 3395 3407 3456 ταῖς
3436 3411 3645 3448 νυκτε-

2052 3485 2214 3557 ρίσιν,
2247 3483 2365 3537 οὐδὲ
2394 3486 2504 3547 τοῖς
2536 3482 2715 3547 ἄλλοις
2745 3483 2904 3548 ζώοις
2931 3487 3046 3547 τοῖς
3075 3487 3416 3555 νυκτινόμοις
3440 3503 3457 3515 ·
3496 3486 3645 3541 οὕτω

2049 3575 2143 3628 κα).
2167 3574 2228 3627 τὸ
2267 3572 2382 3643 φῶς
2409 3576 2474 3645 τῇ
2514 3574 2615 3643 μὲν
2666 3573 2861 3626 ἑαυτοῦ
2893 3574 3053 3642 φύσει
3082 3574 3333 3646 λαμπρόν
3375 3577 3502 3629 ἐστι
3549 3577 3645 3632 καὶ

2050 3662 2464 3735 φαιδρυντικόν·
2518 3662 2578 3715 οὐ
2615 3661 2818 3725 πάντες
2862 3662 2918 3714 δὲ
2959 3662 3124 3715 αὐτοῦ
3154 3664 3253 3733 τῆς
3285 3662 3644 3735 λαμπηδόνος

2052 3753 2582 3824 μεταλαμϐάνουσιν.
2613 3751 2771 3805 Οὕτω
2788 3752 2881 3805 καὶ
2901 3751 3027 3818 Πᾶς
3046 3756 3080 3806 ὁ
3110 3752 3182 3806 τὰ
3206 3754 3414 3822 φαῦλα
3435 3756 3643 3823 πράσ-

2048 3860 2179 3897 σων
2192 3843 2367 3914 μισεῖ
2392 3843 2459 3898 τὸ
2495 3843 2639 3912 φῶς,
2674 3843 2771 3896 καὶ
2804 3845 2915 3897 οὐκ
2953 3845 3185 3913 ἔρχεται
3208 3845 3360 3913 πρὸς
3379 3845 3450 3899 τὸ
3490 3847 3642 3917 φῶς,

2047 3935 2149 3988 ἵνα
2174 3934 2261 4004 μὴ
2292 3933 2606 4003 φανερωθῇ
2638 3931 2826 3987 αὐτοῦ
2855 3934 2927 3988 τὰ
2942 3934 3102 4003 ἔργα.
3126 3934 3506 4003 Προσέλθετε
3531 3932 3646 3991 οὖν

2048 4027 2200 4095 πρὸς
2227 4025 2415 4079 αὐτὸν
2436 4026 2533 4079 καὶ
2559 4026 2914 4094 φωτίσθητε,
2935 4025 3035 4080 καὶ
3058 4026 3129 4079 τὰ
3153 4027 3447 4093 πρόσωπα
3469 4028 3646 4097 ὑμῶν

2047 4122 2120 4173 οὐ
2139 4118 2225 4189 μὴ
2257 4116 2693 4187 καταισχυνθῇ.
2725 4118 3014 4190 Μακάριος
3051 4121 3079 4171 6
3120 4119 3177 4170 ἐν
3203 4120 3267 4188 τῇ
3311 4118 3506 4190 ἡμέρᾳ
3543 4120 3644 4189 τῆς

2046 4209 2448 4283 δικαιοκρισίας
2470 4208 2563 4262 τοῦ
2592 4208 2751 4274 θεοῦ,
2783 4210 2911 4263 ὅταν
2953 4208 3083 4282 ἔλθῃ
3111 4210 3139 4261 6
3163 4209 3370 4280 Κύριος
3398 4212 3642 4277 φωτίσαι

2045 4301 2113 4353 τὰ
2146 4300 2366 4371 κρυπτὰ
2390 4299 2484 4353 τοῦ
2521 4298 2767 4365 σκότους,
2808 4300 2901 4353 κα)¹
2940 4298 3252 4370 φανερῶσαι
3297 4298 3403 4362 τὰς
3439 4300 3643 4369 βουλὰς

2045 4392 2154 4445 τῶν
2171 4392 2429 4465 καρδιῶν,
2443 4393 2721 4463 τολμήσας
2740 4393 2846 4446 ὑπὸ
2866 4391 2926 4445 τὸ
2939 4391 3055 4460 φῶς
3072 4392 3244 4444 ἐκεῖνο
3259 4389 3369 4443 τῶν
3396 4389 3640 4461 ἐλέγχων

363 4501 476 4551 tam
525 4509 629 4549 non
669 4492 885 4547 habeat.
915 4490 1017 4558 Qui
1061 4490 1206 4544 enim
1249 4492 1388 4545 mala
1422 4500 1730 4561 patrarunt,
1763 4493 1813 4544 in
1849 4507 1946 4559 op-

2080 4485 2340 4549 ἐνὲσθαι,
2395 4484 2491 4538 καὶ
2541 4483 2852 4538 ἐπανελθὼν
2911 4482 3340 4552 ἀνεπαίσχυντος
3393 4482 3514 4552 (78)
3566 4481 3640 4551 τῷ

365 4586 641 4655 probrium
691 4599 756 4638 ac
807 4582 1178 4638 confusionem
1234 4591 1545 4651 resurgent,
1585 4581 1637 4635 in
1691 4596 1749 4635 se
1808 4580 1940 4649 ipsis

363 4677 754 4748 turpitudinem
789 4683 842 4730 et
879 4674 1082 4728 formas
1133 4681 1478 4743 peccatorum
1527 4673 1819 4740 impressas
1861 4673 1944 4726 in-

362 4767 676 4840 spicientes.
712 4764 777 4820 Et
794 4763 1044 4819 fortassis
1066 4778 1129 4818 ea
1152 4761 1419 4826 confusio,
1446 4762 1499 4816 in
1535 4777 1642 4832 qua
1679 4773 1939 4816 aeternum

363 4861 547 4918 vivent
572 4867 910 4929 peccatores,
943 4856 1215 4911 horrenda
1240 4863 1326 4910 est
1360 4855 1557 4922 magis,
1589 4869 1750 4923 quam
1790 4862 1941 4907 tene-

435 4996 688 5053 “Matth.
713 5011 809 5059 vn,
835 4996 923 5051 14.
998 4995 1042 5027 ⁸²
1080 4993 1222 5049 Psal.
1251 5008 1439 5059 ιιιιιι,
1473 4991 1562 5047 20.
1640 4993 1684 5024 ³³
1707 4992 1749 5045 ll
1781 4992 1908 5047 Cor.
1939 5008 1948 5044 ι

2084 5032 2095 5044 .
2176 4992 2220 5022 ³*
2246 4994 2366 5044 Act.
2403 5006 2513 5052 xxv,
2558 4991 2651 5045 2L

2049 4574 2350 4641 ἀμὸλυντον
2385 4573 2526 4644 ἔχειν
2555 4573 2617 4626 τὺ
2643 4574 2879 4637 συνειδὸς
2906 4573 3015 4626 ἀπὸ
3045 4571 3295 4643 πονηρῶν
3334 4570 3543 4643 ἔργων.
3578 4573 3637 4625 Ol

2047 4668 2156 4738 γὰρ
2181 4666 2248 4720 τά
2278 4666 2458 4735 φαῦλα
2482 4666 2789 4738 πράξαντες
2818 4668 2897 4730 εἰς
2923 4663 3225 4734 ὀνειδισμὸν
3249 4664 3343 4717 καὶ
3370 4665 3637 4735 αἰσχύνην

2046 4758 2473 4828 ἀναστήσονται,
2515 4755 2810 4829 ἐνορῶντες
2850 4758 2909 4809 ὲν
2955 4756 3169 4818 ἑαυτοῖς
3205 4755 3269 4808 τὸ
3307 4750 3507 4825 αἶσχος
3546 4755 3637 4809 καὶ

2045 4852 2170 4911 τοὺς
2207 4849 2414 4913 τύπους
2445 4849 2554 4903 τῶν
2594 4849 3019 4922 ἡμαρτημένων.
3056 4849 3168 4902 Καὶ
3204 4847 3350 4919 τάχα
3386 4848 3637 4922 φοϐερω-

2733 4990 2777 5022 ³⁸
2812 4990 2969 5045 Rom.
2998 5006 3054 5053 ν,
3090 4989 3145 5056 5,
3171 4988 3226 5044 4.
3301 4989 3349 5021 ³⁸
3375 4987 3549 5047 ICor.
3574 5006 3631 5055 ι,

363 5070 453 5126 15.
528 5068 573 5100 ³⁷
605 5066 738 5123 Luc.
771 5082 812 5132 ι,
841 5066 931 5122 79.
1009 5065 1054 5097 ³⁸
1079 5064 1307 5120 Malach.
1362 5079 1434 5130 Iv,
1474 5063 1528 5117 2.
1607 5062 1650 5095 ³⁸
1679 5061 1835 5119 Joan.
1871 5078 1909 5129 ι,
1947 5076 1948 5083 ‘

2080 5062 2123 5092 ⁸ο
2157 5061 2297 5117 Psal.
2321 5077 2465 5122 xcvr.
2491 5061 2583 5115 ll.
2661 5061 2703 5094 “
2728 5060 2885 5116 Joan.
2915 5076 2998 5126 ιιι,
3033 5059 3123 5114 ‘20.
3201 5060 3248 5091 ἰ’
3270 5059 3293 5114 ι
3315 5060 3447 5116 Cor.
3472 5077 3554 5128 tv,
3576 5062 3632 5118 5.

433 5186 545 5255 (74)
576 5184 718 5241 Editi
761 5193 817 5239 et
847 5184 981 5253 Reg.
1010 5190 1238 5255 quartus
1270 5191 1349 5255 et__
1369 5181 1525 5255 Colb.
1570 5182 1862 5255 septimus
1888 5179 1939 5231 ει

446 5252 466 5309 ’.
497 5250 565 5310 At
593 5256 747 5310 deest
768 5256 816 5307 εί
850 5257 900 5309 in
932 5250 1114 5306 inultis
1145 5268 1275 5308 mss.
1315 5252 1516 5307 Ibidem
1570 5250 1702 5318 Reg.
1735 5250 1935 5303 tertius

453 5297 466 5309 .
497 5260 565 5310 At
593 5259 747 5310 deest
768 5259 816 5307 ει
850 5259 900 5309 in
932 5259 1114 5306 multis
1145 5268 1275 5308 mss.
1315 5259 1516 5307 Ibidem
1570 5259 1702 5318 tteg.
1735 5260 1935 5303 tertius

359 5259 450 5396 δῇ
499 5324 750 5396 θλίψεως.
783 5325 979 5396 Statim
1014 5321 1148 5391 Reg.
1192 5324 1397 5396 tertius
1440 5320 1937 5396 et_Colb._quintus

359 5393 453 5452 οὖν
484 5391 853 5466 τῶνθλίψεών
886 5410 1009 5466 μου.
1074 5397 1142 5445 At
1172 5394 1326 5448 deest
1369 5409 1469 5463 μου
1503 5392 1556 5446 in
1590 5391 1772 5445 multis
1806 5404 1936 5442 mss.

360 5476 418 5520 et
444 5468 496 5520 in
530 5467 707 5521 editis.

434 5535 547 5607 (73)
578 5536 758 5607 Editio
786 5535 958 5591 Paris.
982 5534 1059 5606 τῷ
1085 5532 1370 5607 δύνασθαι.Δ
1399 5532 1507 5607 Sed
1532 5541 1767 5602 quatuor
1798 5544 1931 5586 mss.

361 5602 587 5675 perinde
623 5615 787 5674 atque
811 5615 989 5661 textus
1018 5602 1174 5661 sacer
1195 5602 1289 5656 τοῦ
1314 5602 1596 5675 δύνασθαι.

434 5674 544 5744 (76)
577 5670 870 5744 Colbertini
903 5676 1108 5744 primus
1128 5683 1401 5744 retgsextus
1430 5688 1552 5744 cum
1588 5670 1723 5744 Reg.
1769 5670 1932 5727 tertio

362 5741 762 5814 ἐλλαμφθέντες
798 5741 1036 5815 ’τῇ“τῆς
1090 5741 1346 5815 ἀληθείας
1396 5742 1600 5814 χάριτι,
1652 5742 1764 5811 τόν,
1801 5752 1929 5807 etc.,

2048 5178 2285 5230 ueritatis
2318 5178 2492 5245 gratia
2518 5178 2797 5233 illustrati.
2825 5176 2899 5231 At
2923 5176 3055 5231 editi
3088 5190 3211 5231 cum
3247 5173 3441 5246 majori
3477 5186 3636 5246 parte

2046 5245 2612 5319 ιιιεεκζελλαμφθέντες
2640 5250 2705 5318 τῇ
2732 5246 2986 5319 ἀληθέα,
3012 5247 3196 5318 χάριτι
3222 5245 3339 5319 τόδ
3369 5256 3479 5319 etc.

2120 5316 2234 5387 (:17)
2273 5313 2356 5369 lla'
2396 5313 2631 5385 quatuor
2679 5313 2834 5371 "iussi
2881 5313 3063 5370 Editio
3090 5313 3252 5387 ivero
3301 5316 3480 5370 Paris.
3516 5313 3635 5387 ἀλλ’

2043 5384 2285 5443 οὐ.ἸΙΙιιιΙ
2337 5384 2481 5455 (ιιιὸό
2515 5404 2637 5441 mox
2694 5388 2964 5456 sequitur,
3002 5386 3412 5456 φαιδρυντικόν,
3449 5384 3634 5456 dupli-

2043 5472 2159 5541 cem
2202 5456 2390 5541 Ilnabet_
2418 5455 2873 5541 intelligentiam.
2928 5455 3063 5510 Nam
3096 5455 3206 5541 vim
3261 5455 3631 5519 illuminandi,

2042 5526 2645 5597 autvimexhilarandi
2678 5527 2994 5597 signiﬁcare
3028 5535 3229 5597 potest.

2114 5596 2238 5667 (78‘,
2274 5595 2546 5667 Scriptum
2580 5593 2924 5667 inveniturin
2961 5593 3208 5667 margine
3238 5595 3376 5667 Reg.
3407 5593 3630 5667 secundi

2039 5664 2505 5789 ἓνειταίσχύντως.
2559 5666 2682 5724 Mox
2726 5677 2959 5738 quatuor
2982 5664 3115 5723 tussi
3159 5664 3401 5733 ἑαυτοῖς.
3451 5665 3633 5722 Editio

2085 5753 2210 5792 arts.
2241 5753 2448 5800 αυτοις.
