3818 6220
343 331 450 388 365

1660 329 1718 384 ὁ.
1761 327 2009 385 BASlLll
2048 324 2266 382 MAGNI

3513 312 3633 367 361

345 441 640 499 auditionis
684 442 807 499 linis
838 444 959 499 est?
996 442 1246 498 Liberari
1294 456 1364 498 ex
1412 442 1668 498 omnibus
1704 443 1845 497 tribu

2129 439 2269 510 puta
2294 436 2479 508 ζητεῖν
2529 435 2664 507 (85).
2698 432 2792 487 τοῦ
2839 432 3083 485 τοιούτου
3126 431 3162 502 ἡ
3216 426 3442 501 κραυγὴ
3502 425 3637 479 εἰα-

346 536 611 603 tionibus,
641 537 777 591 adeo
804 546 864 590 ut
903 551 1010 591 non
1043 536 1121 592 sis
1153 536 1460 599 sauciatus,
1485 550 1593 591 non
1628 534 1923 603 frangaris,

349 640 527 697 neque
560 628 743 682 carnis
771 626 989 681 all'ectui
1020 626 1367 695 manciperis.
1395 626 1529 693 Quis
1548 626 1712 696 igitur
1737 628 1927 681 modus

348 732 445 789 per
463 732 623 788 quem
649 716 913 772 liberatur
934 718 1177 788 pauper?
1199 718 1385 789 (Vens.
1403 718 1481 791 8.)
1499 718 1687 773 Castra
1712 720 1929 773 metabi-

351 821 438 864 tur
465 809 682 879 angelus
735 809 950 864 Domini
995 812 1051 865 in
1091 813 1313 865 circuitu
1350 814 1644 865 timentium
1698 829 1839 876 eum,
1878 822 1930 867 et

351 901 537 970 eripiet
571 917 682 956 eos.
714 899 1104 970 [interpretatus
1130 912 1215 957 est
1242 917 1405 972 quem
1436 903 1583 957 dicat
1611 917 1927 972 pauperem,

355 996 631 1049 timentem
688 993 943 1049 videlicet
989 993 1296 1049 Dominum.
1332 995 1543 1050 Idcirco
1601 996 1695 1065 qui
1746 999 1921 1060 timet,

352 1085 532 1139 adhuc
563 1085 616 1139 in
651 1085 797 1140 servi
837 1084 1027 1140 ordine
1060 1086 1295 1155 est:qui
1331 1100 1463 1142 vero
1489 1086 1758 1141 cbaritate
1804 1100 1929 1155 per-

353 1178 529 1233 fectus
569 1186 673 1239 est,
698 1177 814 1247 jam
864 1178 931 1233 ad
980 1178 1073 1234 ﬁlii
1126 1179 1447 1249 dignitatem
1491 1178 1759 1234 ascendit.
1792 1178 1933 1233 Hinc

356 1283 546 1322 servus
592 1270 757 1323 etiam
792 1284 997 1340 pauper
1032 1270 1253 1336 dicitur,
1296 1278 1582 1339 propterea
1626 1269 1772 1339 quod
1802 1269 1934 1323 nihil

356 1359 519 1415 habet
539 1361 742 1431 proprii
777 1377 791 1414 :
822 1361 967 1415 lilius
995 1375 1123 1415 vero
1150 1359 1262 1429 jam
1292 1361 1445 1416 dives
1471 1371 1576 1425 est,
1599 1361 1742 1431 quod
1770 1362 1935 1415 bono.

358 1466 482 1505 rum
509 1463 860 1521 paternorum
889 1453 960 1508 sit
988 1453 1181 1507 haeres.
1226 1451 1420 1506 Castra
1452 1453 1613 1523 igitur
1649 1452 1935 1506 melabitur

360 1542 581 1612 angelus
612 1542 826 1597 Domini
867 1543 922 1596 in
967 1543 1192 1596 circuitu
1226 1543 1527 1595 timentium
1553 1559 1695 1596 eum.
1723 1542 1937 1597 Assidet

361 1632 589 1701 angelus
632 1632 858 1688 cuilibet
894 1632 947 1686 in
982 1632 1269 1687 Dominum
1311 1632 1579 1695 credenti,
1612 1632 1715 1687 nisi
1747 1647 1845 1687 nos
1874 1632 1937 1686 il-

362 1722 472 1777 lum
497 1722 751 1793 operibus
774 1723 958 1792 pravis
976 1723 1281 1791 abigamus.
1301 1722 1765 1789 Quemadmodum
1790 1722 1934 1776 enim

364 1788 548 1870 fumus
579 1829 709 1883 apes
739 1788 912 1884 fugat,
961 1824 1014 1869 et
1055 1788 1195 1870 fetor
1241 1788 1521 1869 columbas
1567 1814 1789 1883 expellit
1818 1832 1832 1869 :
1860 1814 1940 1870 sic
1971 1788 2015 1843 Β

365 1906 615 1975 angelum
643 1907 765 1962 vitae
798 1916 998 1962 nostrae
1037 1908 1317 1963 custodem
1347 1906 1695 1978 lacrymabile
1727 1920 1793 1961 ac
1818 1920 1940 1972 gra-

2030 530 2274 603 ακουστὴ
2319 529 2398 601 τῷ
2429 528 2639 600 Κυρίῳ.
2668 528 2733 580 Τί
2761 523 2854 580 οὖν
2879 527 2939 579 τὸ
2984 524 3135 586 τέλος
3179 522 3286 593 τῆς
3307 520 3525 591 ἀκοῆς;
3556 518 3640 572 Τδ

2030 624 2294 696 ῥυσθῆναι
2323 622 2431 676 ἀπὸ
2466 620 2656 674 πασῶν
2687 619 2795 673 τῶν
2823 617 3056 687 θλίψεων
3078 615 3339 686 ἄτρωτον,
3385 611 3467 683 μὴ
3497 612 3641 664 ὐπο-

2029 714 2448 777 κατακλιθέντα,
2509 711 2643 783 μηδὲ
2689 708 3007 763 δουλεύοντα
3050 705 3128 775 τῷ
3162 704 3478 775 φρονήματι
3522 702 3637 771 τῆς

2031 807 2255 877 σαρκός.
2290 805 2388 867 Τίς
2419 799 2511 858 οὖν
2543 803 2639 855 καὶ
2662 803 2691 854 6
2711 801 2910 869 τρόπος
2929 798 2998 851 δι’
3019 791 3081 849 οὗ
3113 794 3300 867 ῥύεται
3315 795 3344 846 6
3366 792 3632 861 πτωχόςς

2030 896 2407 967 Παρεμὸαλεῖ
2433 896 2685 965 ἅγγελος
2725 891 2944 960 Κυρίου
2993 889 3200 951 κύκλῳ
3247 884 3370 940 τῶν
3403 885 3638 953 φοϐου-

2024 991 2225 1062 μένων
2250 990 2455 1053 αὐτὸν,
2484 986 2580 1041 καὶ
2596 986 2845 1054 ῥύσεται
2872 981 3112 1045 αὐτούς.
3130 977 3479 1050 Ἡρμήνευσε
3504 974 3637 1027 τίνα

2032 1081 2182 1150 λέγει
2237 1079 2330 1132 τὸν
2354 1078 2587 1147 πτωχὸν,
2618 1075 2710 1128 τὸν
2738 1072 3071 1143 φοϐούμενον
3102 1069 3191 1122 τὸν
3221 1068 3458 1139 Κύριον.
3480 1065 3637 1118 Διότι

2032 1176 2060 1227 6
2095 1171 2428 1242 φοϐούμενος
2456 1168 2536 1221 ἔτι
2569 1169 2628 1219 ὲν
2650 1168 2715 1236 τῇ
2750 1164 2844 1217 τοῦ
2869 1162 3054 1217 δούλου
3086 1159 3235 1227 τάξει
3266 1159 3446 1211 ἐστίν.
3480 1158 3542 1211 '0
3573 1157 3638 1210 δὲ

2036 1265 2140 1317 ὑπὸ
2174 1264 2273 1333 τῆς
2307 1262 2531 1331 ἀγάπης
2575 1256 2994 1327 τετελειωμένος
3040 1254 3178 1325 πρὸς
3217 1252 3315 1323 τὴν
3356 1251 3460 1305 τοῦ
3506 1249 3637 1303 υἱοῦ

2035 1357 2221 1410 λοιπὸν
2272 1354 2430 1418 ἀξίαν
2457 1352 2727 1424 ἀνέδραμε
2754 1349 2884 1420 (84).
2913 1349 3111 1418 Διόπερ
3136 1348 3165 1399 6
3184 1346 3285 1417 μὲν
3309 1344 3509 1407 δοῦλος
3535 1345 3641 1397 καὶ

2036 1446 2250 1517 πτωχὸς
2290 1445 2542 1512 λέγεται,
2583 1441 2662 1512 τῷ
2712 1440 2879 1511 μηδὲν
2922 1439 3054 1491 ἴδιον
3100 1436 3282 1507 ἔχειν·
3330 1436 3360 1487 6
3407 1435 3470 1487 δὲ
3513 1433 3640 1497 υἱὸς

2036 1539 2135 1610 ἤδη
2165 1540 2258 1591 καὶ
2288 1535 2562 1598 πλούσιος,
2608 1532 2686 1603 τῷ
2719 1531 3052 1602 κληρονόμος
3097 1527 3234 1581 εἶναι
3274 1526 3386 1580 τῶν
3424 1544 3639 1596 πατρι-

2037 1628 2149 1682 κῶν
2181 1626 2422 1695 ἀγαθῶν.
2453 1622 2829 1693 Παρεμϐαλεῖ
2857 1617 2950 1675 οὖν
2981 1621 3237 1691 ἅγγελος
3276 1618 3512 1687 Kvplov
3531 1618 3645 1669 κύ-

2039 1725 2165 1784 κλῳ
2192 1718 2310 1773 τῶν
2341 1716 2727 1787 φοϐουμένων
2767 1715 2976 1769 αὐτόν.
3016 1713 3188 1765 Παντὶ
3233 1709 3642 1763 πεπιστευκότι

2041 1816 2123 1875 είς
2148 1812 2238 1864 τὸν
2276 1811 2479 1882 Κύριον
2517 1809 2747 1879 ἄγγελος
2778 1804 3125 1879 παρεδρεύει,
3152 1804 3247 1856 ἐὰν
3295 1804 3517 1874 μήποτε
3549 1803 3650 1854 αύ-

2040 1904 2131 1956 τὸν
2171 1905 2331 1974 ἡμεῖς
2358 1903 2423 1955 ὲκ
2460 1900 2568 1955 τῶν
2595 1898 2848 1972 πονηρῶν
2882 1898 3061 1970 ἔργων
3088 1894 3510 1964 ἀποδιώξωμεν.
3546 1894 3648 1956 ὀς

365 1998 585 2052 veolens
620 2008 901 2065 peccatum
943 1997 1132 2067 abigit.
1171 1996 1345 2066 Opera
1396 1997 1656 2053 custodiae
1687 1998 1873 2066 angelit

2141 1996 2274 2059 ›τάς
2310 1994 2570 2066 μελίσσας
2613 1993 2817 2057 καπνὸς
2846 1991 3164 2062 φυγαδεύει,
3206 1990 3304 2042 καὶ
3343 1987 3451 2051 τὰς
3482 2004 3649 2059 περι-

366 2085 528 2155 digua
556 2085 609 2139 in
655 2094 744 2139 tua
782 2086 962 2141 anima
994 2087 1041 2140 si
1081 2085 1306 2151 habeas,
1331 2094 1386 2141 et
1423 2100 1575 2140 mens
1608 2085 1662 2138 in
1694 2085 1874 2138 verita‘

2142 2087 2241 2158 ράς
2269 2086 2502 2140 δυσωδία
2542 2085 2845 2149 ἐξελαύνει·
2881 2084 3023 2138 οὕτω
3045 2084 3139 2135 καὶ
3162 2082 3253 2135 τὸν
3284 2080 3514 2149 φύλακα
3538 2079 3643 2149 τῆς

366 2177 832 2247 contemplatione
876 2178 1027 2233 dives
1082 2178 1135 2232 in
1196 2188 1248 2233 Ie
1298 2178 1589 2240 inhabitet,
1610 2180 1679 2231 ob
1726 2177 1874 2229 diviti

2138 2182 2190 2251 ῆς
2218 2178 2377 2250 ἡμῶν
2407 2177 2636 2246 ἄγγελον
2661 2178 2694 2247 ἡ
2727 2176 3071 2246 πολύδακρυς
3116 2174 3213 2227 καὶ
3237 2170 3497 2239 δυσώδης
3533 2171 3646 2238 ἀφο

369 2268 752 2334 praeclarorum
794 2282 1020 2338 operum
1050 2268 1289 2332 virtutis,
1323 2267 1467 2323 Deus
1502 2268 1816 2323 necessario
1842 2277 1877 2320 ει

2138 2288 2258 2342 ησιν
2287 2269 2554 2341 ἁμαρτία.
2579 2268 2705 2321 Ἐἀν
2730 2267 2859 2341 ἔχῃς
2882 2267 2939 2318 ὲν
2962 2268 3027 2336 τῇ
3056 2265 3201 2334 ψυχῇ
3227 2263 3355 2329 ἄξια
3389 2260 3646 2328 φυλακῆς

372 2358 650 2426 pulatores
705 2358 800 2412 tibi
834 2365 889 2411 et
922 2358 1177 2413 custodes
1210 2358 1511 2421 constituit,
1541 2367 1699 2425 teque
1732 2356 1880 2426 angel

2140 2362 2345 2433 τελικῆς
2379 2362 2537 2434 ἔργα,
2569 2360 2663 2414 καὶ
2684 2358 2810 2422 νοῦς
2836 2358 3091 2419 πλούσιος
3120 2358 3177 2408 ὲν
3220 2357 3337 2415 τοῖς
3377 2354 3483 2422 τῆς
3513 2350 3648 2419 ἀλη-

371 2464 490 2502 rum
535 2448 833 2503 communit
865 2449 1131 2504 custodia.
1166 2448 1462 2504 Considera
1510 2457 1692 2502 autem
1743 2464 1879 2515 quan

2136 2473 2198 2518 ας
2244 2454 2596 2525 θεωρήμασιν
2640 2453 2823 2522 ὲνοικῇ
2872 2467 2951 2502 σοι
2982 2448 3069 2502 διὰ
3104 2448 3197 2499 τὸν
3248 2444 3489 2499 πλοῦτον
3536 2441 3644 2495 τῶν

371 2542 444 2594 sit
473 2538 789 2608 angelorum
828 2548 1042 2605 natura,
1070 2540 1504 2609 quandoquidem
1545 2540 1803 2595 exercitui
1850 2551 1879 2592 lt

2139 2547 2243 2598 ,ίων
2279 2545 2454 2617 ἔργων
2484 2544 2584 2613 τῆς
2612 2543 2831 2614 ἀρετῆς,
2882 2538 3193 2608 ἀναγκαίως
3238 2534 3525 2606 φρουρούς
3560 2549 3647 2583 σοι

369 2640 431 2686 et
479 2633 679 2685 castris
732 2632 1006 2700 frequenti
1061 2635 1230 2688 milite
1280 2632 1499 2687 refertis
1537 2632 1760 2702 angelus
1810 2647 1877 2684 un

2121 2636 2412 2705 ὶφύλακας
2443 2633 2915 2704 παρακαθίστησιν
2946 2633 2975 2683 6
3007 2630 3157 2692 Θεὸς,
3192 2627 3287 2680 καὶ
3316 2623 3628 2696 περιτειχί-

373 2731 743 2790 comparatur.
798 2722 1031 2793 Propter
1060 2724 1488 2795 magnitudinem
1522 2723 1685 2792 igitur
1711 2722 1829 2792 ejus
1853 2736 1881 2790 q

2164 2745 2221 2779 σε
2250 2727 2463 2796 φυλακῇ
2507 2724 2775 2793 ἀγγέλων.
2828 2721 3028 2774 Σκόπει
3062 2720 3118 2772 δὲ
3159 2717 3325 2789 ἡλίκη
3380 2714 3507 2768 ἐστὶ
3540 2711 3649 2765 τῶν

373 2818 430 2864 te
457 2811 711 2875 custodit,
749 2812 1005 2867 Dominus
1038 2820 1216 2867 castra
1256 2814 1350 2867 tibi
1401 2813 1646 2882 impertit
1680 2830 1692 2866 :
1721 2823 1875 2881 propl

2142 2820 2301 2888 γέλων
2336 2822 2369 2890 ἡ
2415 2818 2603 2887 φύσις·
2643 2818 2726 2871 δτι
2756 2815 2862 2885 ὅλῳ
2897 2812 3244 2885 στρατοπέδῳ
3289 2809 3389 2862 καὶ
3420 2824 3650 2877 παρεμ-

374 2900 748 2957 fortitudinem
794 2917 923 2958 vero
968 2904 1168 2974 angeli,
1206 2903 1369 2957 tutela
1420 2904 1589 2973 ipsius
1643 2918 1742 2958 ceu
1794 2918 1881 2956 mu

2144 2915 2179 2981 κῇ
2214 2908 2625 2981 πολυανθρῶπῳ
2659 2903 3058 2977 παρεικάζεται
3089 2907 3117 2957 6
3147 2898 3228 2965 εἷς
3259 2899 3524 2969 ἄγγελος.
3554 2897 3652 2951 Διὰ

374 2990 649 3047 undelibet
680 3000 732 3047 te
781 2994 973 3049 munit.
1006 2993 1136 3047 Nam
1175 2994 1325 3059 illud,
1357 2994 1425 3048 In
1454 2995 1702 3057 circuitu,
1735 2995 1836 3049 hoc
1865 2995 1947 3063 ip-

2058 3005 2153 3074 μὲν
2180 2999 2271 3056 οὖν
2299 3003 2358 3055 τὸ
2397 3000 2625 3072 μέγεθος
2652 2998 2745 3051 τοῦ
2787 2995 3157 3068 φυλάσσοντός
3188 3010 3247 3046 σε
3282 2989 3655 3063 παρεμϐολήν

376 3100 494 3143 sum
550 3086 843 3155 signiﬁcat.
879 3086 1342 3153 Quemadmodum
1382 3089 1526 3143 enim
1562 3088 1776 3144 urbium
1812 3105 1884 3142 mt

2165 3094 2445 3167 χαρίζεται
2472 3096 2500 3146 ὁ
2528 3092 2732 3163 Κύριος
2749 3107 2761 3120 ·
2793 3090 2881 3144 διὰ
2901 3089 2958 3142 δὲ
2980 3088 3080 3160 τὴν
3109 3087 3259 3156 ἰσχὺν
3284 3083 3383 3137 τοῦ
3409 3082 3653 3150 ἀγγέλου

380 3177 434 3231 in
469 3178 699 3232 circuitu
730 3179 879 3233 omni
906 3194 970 3233 ex
997 3189 1149 3249 parte
1181 3180 1561 3245 circumducti,
1593 3182 1888 3252 undecunqi

2151 3189 2220 3241 νεὶ
2251 3185 2606 3256 περιτειχίζει
2647 3202 2704 3238 σε
2735 3181 2999 3238 πάντοθεν
3031 3183 3098 3250 τῇ
3135 3180 3227 3233 ἀπ’
3267 3175 3439 3230 αὑτοῦ
3477 3177 3659 3242 dega-

379 3265 615 3320 ltostium
647 3267 885 3321 assultus
915 3277 1106 3322 arcent
1138 3286 1151 3322 :
1183 3268 1256 3321 ita
1283 3269 1447 3322 etiam
1471 3269 1698 3339 angelus
1725 3280 1780 3323 et
1815 3285 1955 3339 pra:-

382 3358 560 3411 munit
592 3373 620 3411 a
662 3358 859 3421 fronte.
890 3368 944 3414 et
984 3375 1014 3414 a
1063 3369 1214 3430 tergo
1248 3362 1503 3426 custodit,
1535 3377 1636 3417 nec
1660 3363 1953 3432 quidquam

384 3452 639 3520 utrinque
671 3452 1057 3506 incustoditum
1106 3453 1381 3522 relinquit.
1414 3454 1487 3508 Ea
1544 3457 1611 3509 de
1650 3470 1813 3509 causa
1845 3453 1953 3507 Ca-

379 3544 499 3594 dent
543 3559 575 3594 a
619 3542 780 3596 latere
849 3553 939 3597 luo
997 3544 1161 3609 mille,
1191 3554 1238 3598 et
1290 3546 1465 3599 decem
1499 3545 1668 3600 millia
1695 3563 1728 3600 a
1756 3548 1954 3600 dextris

381 3631 585 3698 tuis”;
627 3634 693 3685 ad
727 3642 778 3687 te
811 3643 990 3687 autem
1044 3649 1111 3687 ne
1156 3634 1311 3705 plaga
1364 3637 1580 3704 quidem
1631 3636 1953 3705 cujusquam

382 3724 557 3776 hostis
586 3724 1056 3793 appropinquabit,
1075 3725 1327 3795 quoniam
1353 3727 1557 3797 angelis
1587 3728 1703 3782 suis
1731 3729 1958 3783 manda-

383 3814 463 3866 Ιιίι
490 3814 555 3866 de
585 3826 654 3871 te.

2062 3279 2202 3350 λείᾳ.
2244 3278 2416 3331 Τοῦτο
2445 3278 2554 3349 γὰρ
2602 3277 2855 3348 σημαίνει
2897 3274 2980 3337 τὸ,
3027 3274 3261 3337 Κύκλῳ.
3294 3270 3523 3339 Ὠσπερ
3550 3266 3658 3337 γὰρ

2064 3373 2112 3423 οἱ
2151 3370 2260 3423 τῶν
2288 3370 2497 3423 πόλεων
2548 3368 2845 3440 περίϐολοι,
2887 3365 3072 3435 κύκλῳ
3113 3364 3312 3424 πάσαις
3347 3360 3467 3431 (85)
3499 3377 3661 3429 περι-

2066 3462 2337 3532 κείμενοι,
2401 3460 2666 3515 πάντοθεν
2720 3459 2818 3524 τάς
2867 3458 2976 3512 τῶν
3014 3456 3288 3526 πολεμίων
3339 3452 3661 3524 upon-601a;

2062 3553 2418 3624 ἀπείργουσιν
2442 3568 2454 3581 ·
2502 3551 2646 3606 οὕτω
2690 3550 2784 3605 καὶ
2826 3552 2854 3603 6
2884 3548 3136 3618 ἄγγελος,
3174 3546 3270 3600 καὶ
3310 3544 3663 3615 προτειχίξει

2065 3646 2128 3697 ὲκ
2155 3644 2264 3698 τῶν
2314 3644 2648 3716 ἔμπροσθεν,
2681 3645 2773 3697 καὶ
2801 3641 3248 3709 ὀπισθοφυλακεῖ,
3302 3637 3401 3691 καὶ
3440 3636 3575 3689 οὐδὲ
3598 3634 3664 3686 τὰ

2065 3736 2410 3808 ἑκατέρωθεν
2439 3737 2727 3805 ἀφύλακτα
2756 3734 3094 3789 καταλείπει.
3122 3731 3219 3784 Διὰ
3254 3728 3419 3781 τοῦτο
3444 3726 3663 3781 Περ-εῖτ

2066 3843 2161 3880 ται
2180 3828 2248 3881 ἐκ
2272 3829 2377 3882 τοῦ
2406 3831 2651 3893 κλίτους
2671 3841 2788 3880 σου
2813 3826 3030 3894 χιλιὰς,
3064 3824 3161 3877 καὶ
3200 3820 3423 3891 μιιοιὰς
3462 3820 3539 3872 ἐκ
3576 3818 3667 3872 δε·

385 3905 531 3971 ξιῶν
556 3922 710 3961 σου*
744 3914 881 3981 πρὸς
918 3913 975 3964 σὲ
1018 3911 1074 3963 δὲ
1119 3913 1237 3965 οὐδὲ
1290 3913 1469 3984 πληγή
1515 3930 1657 3976 τινος
1689 3912 1798 3966 τῶν
1845 3914 1957 3986 (86)
2024 3918 2235 3992 ἐχθρῶν
2284 3923 2477 3990 ἐγγιεῖ,
2523 3922 2604 3973 ὅτι
2653 3922 2765 3983 τοῖς
2814 3918 3063 3987 ἀγγέλοις
3126 3912 3290 3968 αὐτοῦ
3359 3910 3667 3965 ἐντελεῖται

387 4002 517 4071 περ).
539 4002 655 4055 σοῦ.

458 4095 513 4150 6.
558 4093 719 4150 Vens.
759 4096 812 4152 9.
855 4094 1087 4158 Gustale,
1122 4110 1167 4151 et
1196 4100 1363 4152 videte
1395 4101 1645 4168 quoniam
1685 4102 1858 4155 suavis
1885 4112 1961 4155 est

2155 4100 2193 4157 ἲ.
2221 4100 2555 4159 Γεύσασθε,
2595 4096 2691 4149 καὶ
2718 4095 2872 4148 ἴδετε
2906 4093 2996 4145 ὅτι
3036 4088 3300 4160 χρηστὸς
3345 4088 3380 4139 ὀ
3413 4086 3663 4151 Κύριος.

390 4184 669 4241 Dominus.
707 4186 888 4243 Multis
925 4189 977 4242 in
1024 4188 1155 4243 locis
1201 4190 1629 4258 observavimus,
1682 4191 1898 4247 facultat

2158 4191 2347 4261 λλαχοῦ
2402 4190 2787 4260 τετηρήκαμεν
2813 4225 2828 4249 ,
2882 4186 2963 4238 ὅτι
3018 4185 3132 4244 τοῖς
3188 4180 3387 4245 ἔξωθεν
3440 4175 3666 4247 μέλεσιν

394 4277 587 4330 animae
637 4277 825 4332 iisdem
881 4278 1191 4334 nominibus
1242 4289 1406 4350 atque
1453 4290 1676 4336 externa
1725 4283 1900 4336 memh

2156 4282 2380 4352 ωνύμως
2413 4280 2470 4333 αἱ
2494 4280 2593 4349 τῆς
2621 4278 2799 4347 ψυχῆς
2845 4271 3340 4347 προσαγορεύονται
3371 4268 3664 4337 δυνάμεις.

396 4368 675 4437 appellari.
692 4369 825 4424 Cum
846 4380 1024 4425 autem
1047 4372 1303 4427 Dominus
1327 4382 1509 4426 noster
1524 4374 1678 4440 panis
1698 4389 1858 4428 verus
1875 4390 1899 4427 s

2159 4375 2243 4427 πεὶ
2274 4374 2332 4426 δὲ
2365 4372 2529 4443 ἄρτος
2557 4372 2702 4424 ἐστὶν
2734 4368 2988 4440 ἀληθινὸς
3021 4369 3049 4420 6
3074 4366 3276 4436 Κύριος
3297 4361 3481 4434 ἡμῶν,
3514 4359 3667 4429 καλή

395 4462 583 4527 t'tejus
606 4475 733 4514 caro
764 4476 923 4516 verus
957 4463 1145 4528 cibus;
1180 4478 1401 4517 necesse
1430 4473 1510 4518 est
1541 4464 1699 4535 149
1726 4465 1903 4534 volupt

2158 4468 2215 4537 ρξ
2247 4464 2413 4519 αὑτοῦ
2443 4463 2651 4534 ἀληθής
2677 4465 2793 4515 ἐστι
2818 4460 3021 4531 βρῶσις
3041 4474 3056 4490 ·
3088 4457 3302 4524 ἀνάγκη
3332 4454 3436 4523 τὴν
3466 4452 3666 4523 ἡδονην

397 4560 509 4605 tem
557 4552 759 4608 laetitia:
790 4554 945 4623 panis
975 4568 1069 4621 per
1116 4562 1331 4621 gustum
1359 4555 1694 4622 spiritualem
1724 4555 1773 4609 in
1812 4557 1905 4608 nol

2157 4556 2536 4629 ςεύφροσύνης
2576 4554 2669 4609 τοῦ
2693 4555 2857 4625 ἄρτου
2900 4551 2989 4604 διὰ
3020 4549 3259 4619 γεύσεως
3292 4547 3428 4616 ἡμῖν
3461 4543 3665 4615 νοητῆς

398 4646 567 4715 gigni.
613 4645 1073 4712 Quemadmodum
1107 4648 1280 4702 mellis
1311 4657 1500 4701 natura
1531 4664 1636 4701 non
1679 4664 1830 4717 teque
1860 4666 1906 4704 se

2157 4652 2411 4718 γίνεσθαι.
2451 4650 2538 4712 Ὠς
2579 4647 2674 4701 τοῦ
2704 4646 2977 4717 μέλιτοςή
3011 4641 3172 4711 φύσις
3196 4640 3257 4693 οὐ
3294 4635 3562 4690 τοσοῦτον
3590 4632 3665 4700 τῷ

403 4753 581 4803 mone,
620 4741 819 4807 acipso
856 4750 1042 4810 gustus
1076 4756 1235 4795 sensu
1273 4742 1513 4795 exbiberi
1548 4742 1844 4810 inexpertis
1877 4758 1909 4810 p

2156 4759 2221 4810 ίῳ
2246 4741 2467 4794 δύναται
2500 4740 2847 4811 παραστῆναι
2902 4736 3014 4807 (87)
3059 4736 3172 4795 τοῖς
3220 4729 3492 4799 ἀπείροις,
3540 4727 3664 4779 ὅσον

405 4836 512 4881 test
539 4843 553 4879 :
578 4827 659 4881 sic
701 4842 876 4897 neque
904 4828 1142 4884 caelestis
1178 4830 1327 4885 verbi
1382 4830 1593 4885 bonitas
1637 4835 1913 4885 documem

2159 4833 2366 4903 ἀὐτῆς
2414 4833 2511 4899 τῆς
2562 4831 2703 4884 κατὰ
2757 4828 2854 4899 τὴν
2886 4826 3076 4896 γεῦσιν
3104 4821 3442 4893 αἰσθήσεως·
3489 4817 3665 4880 οὕτως

405 4919 552 4973 clare
582 4920 776 4989 exponi
827 4930 1026 4988 potest,
1057 4922 1181 4986 nisi,
1215 4922 1556 4993 dogmatibus
1593 4922 1841 4976 veritatis
1862 4923 1912 4975 di

2159 4924 2197 4974 se
2235 4925 2267 4993 ὴ
2303 4922 2605 4994 χρηστότης
2649 4920 2742 4973 τοῦ
2783 4918 3035 4988 οὐρανίου
3068 4915 3225 4982 λόγου
3260 4908 3514 4981 ἐναργῶς
3558 4926 3667 4962 πα-

406 5009 514 5063 tius
534 5010 881 5075 examinatis,
912 5010 1206 5066 bonitatem
1242 5012 1451 5067 Domini
1493 5013 1759 5081 possimus
1795 5026 1907 5068 nos:

2160 5016 2373 5085 δοθῆναι
2405 5012 2773 5074 διδασκαλίαις
2803 5009 2913 5080 (88)
2936 5008 3178 5067 δύναται,
3206 5003 3300 5057 ὲάν
3336 5001 3435 5072 μὴ,
3469 4998 3543 5052 τά
3570 4999 3668 5068 τῆς

480 5126 526 5157 ³³
559 5125 703 5180 Psal.
734 5142 821 5191 xc,
856 5124 907 5177 7.

481 5262 595 5333 (8'5)
637 5261 730 5317 Sic
752 5272 955 5329 septem
985 5278 1115 5316 mss.
1154 5260 1224 5333 At
1257 5260 1385 5333 editi
1418 5274 1652 5333 φρονειν.
1683 5256 1801 5333 Mo_x
1825 5258 1984 5333 quin-
2118 5330 2128 5333 Α
2165 5257 2275 5333 (86)
2307 5257 2382 5311 lla
2418 5258 2820 5333 quinque_mss.
2849 5251 3017 5333 llaulo
3048 5249 3203 5333 aliter
3230 5245 3429 5333 legito:
3471 5242 3639 5333 "‘1‘qu

412 5314 1105 5401 ηιιὲγῆιςὲξνάπδπασῶν.
1176 5332 1313 5384 Editi
1374 5314 1692 5382 ὲκ’πασῶν.
1748 5314 1914 5380 Subiit

414 5405 649 5455 ouinaue
675 5420 804 5455 mss.
836 5402 1180 5455 δουλεύοντα.
1219 5400 1357 5454 Editi
1412 5398 1791 5452 δουλεύσαντα.
1849 5396 1920 5450 Rc

2166 5314 2181 5388 ξ
2208 5314 2309 5381 hoc.
2358 5314 2514 5383 nlo-do
2550 5314 2733 5396 ε’πρδς
2768 5325 2826 5375 σὲ
2854 5322 2913 5374 δὲ
2957 5321 3058 5374 οὐκ
3101 5319 3277 5386 ἐγγιεί
3313 5314 3437 5367 οὐδὲ
3480 5314 3670 5455 etiam

2162 5416 2235 5455 ρος
2268 5397 2396 5455 τῶν.
2425 5407 2529 5451 etc.
2581 5396 2715 5455 Reg.
2748 5393 2937 5447 tertius
2972 5391 3110 5455 πρὸς
3152 5389 3211 5440 σὲ
3241 5386 3299 5439 δὲ
3334 5383 3461 5437 οὐδὲ
3482 5382 3593 5455 πλη

414 5382 649 5472 quinque
673 5420 804 5475 mss.
836 5402 1180 5475 δουλεύοντα.
1219 5400 1357 5454 Editi
1412 5398 1791 5452 δουλεύσαντα.
1849 5396 1922 5450 Rc.

2090 5382 2235 5460 τινος
2247 5382 2529 5475 _':tIiv_,_elc.
2581 5382 2728 5464 Reg:
2748 5391 3110 5475 ιρτῑίιιευπρδς
3142 5382 3467 5475 ⁷σὶὲηδξξ

415 5453 1177 5539 amissisamisis.”"”
1220 5453 1255 5454 ί
1306 5453 1309 5454 ί
1390 5538 1393 5539 ν
1778 5538 1805 5539 η

2091 5487 2178 5533 τις
2204 5453 2333 5523 τῶν.
2373 5453 2492 5522 Mox
2526 5453 2783 5539 mssise}
2812 5465 2928 5525 τοῖς
2952 5453 3169 5525 ἔξωθεν.
3210 5455 3349 5511 Editi
3382 5456 3497 5516 τοῖς
3540 5453 3566 5504 ἔ

485 5542 597 5611 (84)
622 5543 753 5613 Reg.
778 5544 1048 5599 secundus
1078 5541 1365 5611 ἐνέδραμε.
1384 5538 1519 5610 Reg.
1545 5539 1735 5594 tertius
1762 5538 1985 5607 ἔδραμε.

1762 5538 1985 5607 ἔδραμε.
2093 5539 2341 5613 Moxduo
2370 5554 2500 5592 mss.
2525 5535 2710 5613 ἐπειδὴ
2740 5534 2965 5612 ἀρτοςο,
3216 5612 3221 5613 ί
3259 5596 3270 5607 ,

418 5602 851 5685 Aliidmssfcum
888 5614 1049 5667 editis
1079 5602 1373 5685 ἀνέδραμε.
1825 5602 1836 5607 ’
1898 5602 1909 5607 ν

2162 5608 2279 5685 e2)
2308 5608 2440 5685 “re
2472 5602 3091 5685 ειιιίηιιιέπαρεςττῆῖαει
3127 5612 3235 5685 non.
3258 5602 3339 5685 Ξξῖ
3359 5602 3538 5685 ξξςξες

492 5680 603 5750 (85)
637 5664 858 5739 Εξὶὶἶίνοι
889 5664 999 5738 tres
1036 5664 1164 5737 mss.
1198 5664 1418 5745 πάσαις.
1440 5680 1542 5736 Alii
1574 5689 1685 5736 tres
1712 5693 1842 5734 mss.
1891 5677 1992 5733 πά-

2167 5664 2279 5751 (88)
2315 5664 2417 5735 Si;
2433 5664 2637 5748 septem
2664 5664 2973 5731 mssfla‘diti'
2994 5666 3339 5729 διδασκαλίας
3359 5664 3562 5730 λόγοις.

422 5767 505 5826 σῃ.
