3818 6220
182 282 292 342 585

1327 284 1614 342 HOMILIA
1655 287 1722 342 ΙΝ
1761 286 2092 342 PSALMUM
2133 285 2373 341 XXXlll.

3336 289 3445 346 356

179 403 439 476 ἀληθείας
463 404 712 474 δόγματα
759 403 851 458 ἐπὶ
893 405 1052 460 πλέον
1091 405 1500 475 βασανίσαντες.
1527 407 1766 476 δυνηθῶ-

1893 423 2108 476 ῃεοτιιιη
2145 407 2478 478 experientia
2507 405 2932 477 apprehendere.
2968 403 3188 460 Gustata
3235 417 3437 472 autem,

183 509 287 564 μεν
319 494 386 562 τῇ
422 491 597 562 οἰκείᾳ.
619 492 786 563 πείρᾳ
813 494 914 563 τὴν
941 493 1284 564 χρηστότητα
1313 495 1636 548 καταλαϐεῖν
1667 495 1762 548 τοῦ

181 582 412 653 Κυρίου.
442 584 758 638 Γεύσασθε
783 585 838 638 δέ
857 626 870 648 ,
913 583 1054 650 εἷπε,
1097 588 1193 640 καὶ
1225 588 1344 657 οὐχὶ
1375 588 1759 659 ἐμπλήσθητε·

181 674 318 730 διότι
348 674 444 728 νῦν
471 676 568 746 μὲν
593 677 657 728 ἐκ
685 677 882 748 μέρους
907 677 1270 748 γινώσκομεν,
1297 680 1390 732 καὶ
1407 680 1473 732 δι’
1499 682 1763 751 ἐσόπτρου

185 766 458 838 βλέπομεν
477 769 584 830 ,καὶ
617 767 938 839 αἰνίγματος
969 771 1069 841 τὴν
1090 770 1366 841 ἀλήθειαν·
1401 771 1520 840 ἥξει
1554 772 1608 824 δέ
1635 789 1766 824 ποτε

185 861 276 913 ὅτε
307 862 334 914 ό
353 859 450 914 νῦν
480 859 761 932 ἀρραϐὼν,
789 863 884 916 καὶ
909 863 972 915 τὸ
996 863 1180 934 γεῦμα
1215 863 1374 918 τοῦτο
1416 866 1516 934 τῆς
1548 865 1768 935 χάριτος

187 955 270 1016 είς
319 954 633 1024 τελειότητα
671 956 804 1026 ἡμῖν
851 956 949 1025 τῆς
1005 955 1357 1018 ἀπολαύσεως
1419 958 1764 1027 καταντήσει.

188 1044 402 1115 Ὠσπερ
417 1045 474 1098 δέ
495 1047 541 1097 oi
562 1045 960 1116 στομαχοῦντες
977 1047 1071 1098 καὶ
1100 1047 1148 1098 οἱ
1181 1047 1474 1111 κακόσιτοι,
1501 1047 1769 1118 ἀποστρε-

189 1135 415 1203 φόμενοι
443 1135 511 1187 τά
549 1136 724 1201 σιτία,
762 1137 868 1188 ὑπὸ
898 1136 1004 1190 τῶν
1037 1137 1237 1209 ἰατρῶν
1280 1137 1674 1207 θεραπεύονται
1707 1137 1768 1189 τὺ

187 1226 538 1298 δυσάρεστον,
573 1227 950 1299 διεγειρόντων
985 1229 1084 1294 τὰς
1115 1229 1326 1301 ὀρέξεις
1357 1230 1449 1283 διά
1477 1247 1622 1292 τινος
1651 1233 1769 1282 ἐπι-

187 1317 494 1388 τηδεύσεως
517 1319 618 1388 τῆς
648 1322 705 1372 ἐν
731 1322 842 1383 τοῖς
870 1318 1172 1390 βρώμασιν,
1220 1321 1380 1386 ὥστε,
1415 1321 1520 1374 ὑπὸ
1551 1322 1648 1392 τῆς
1673 1339 1770 1375 κα-

197 1407 418 1478 ρυκείας
459 1409 675 1479 ἐκείνης
723 1408 1112 1482 ἐρεθιζομὲνης
1157 1415 1256 1483 τῆς
1298 1412 1637 1483 αἰσθήσεως,
1685 1413 1771 1466 ἀεὶ

195 1499 330 1570 πρὸς
361 1501 421 1552 τὸ
455 1500 636 1554 πλεῖον
678 1502 788 1572 (89)
821 1503 1188 1558 ἐπιτείνεσθαι
1218 1505 1316 1570 τὰς
1345 1505 1588 1576 ὀρέξεις·
1630 1505 1771 1558 οὕτω

193 1593 289 1643 καὶ
315 1593 406 1644 ἐπὶ
436 1591 529 1644 τοῦ
557 1593 714 1661 λόγου
747 1595 848 1672 τῆς
881 1595 1160 1667 ἀληθείας,
1195 1597 1363 1668 Αὐτὴ,
1409 1598 1594 1666 φησὶν,
1628 1597 1773 1668 ὑμᾶς

191 1677 226 1752 ἢ
247 1686 414 1754 πεῖρα
437 1683 571 1755 πρὸς
587 1685 648 1738 τὸ
666 1686 962 1756 ἀκόρεστον
987 1688 1087 1757 τῆς
1105 1687 1399 1758 ἐπιθυμίας
1419 1690 1506 1742 ἀεὶ
1530 1707 1772 1761 προσκα-

1869 502 2065 570 inquit,
2097 517 2202 556 non
2237 511 2416 554 autem
2448 500 2800 568 impleamini.
2839 497 2972 552 Nam
3031 514 3174 554 nunc
3223 499 3436 567 quidem

1867 606 1934 644 ex
1961 599 2116 660 parte
2139 591 2537 660 cognoscimus,
2571 601 2624 645 et
2651 605 2748 658 per
2780 591 3054 658 speculum
3100 606 3161 644 ac
3191 591 3284 659 p'er
3309 594 3442 646 :eni-

1867 698 1989 753 gma
2045 683 2291 738 videmus
2343 683 2626 737 veritatem
2647 683 2696 716 ”
2727 699 2740 733 :
2771 683 2952 737 veniet
3001 693 3178 736 autem
3230 693 3440 752 tempus

1867 787 1990 826 cum
2027 786 2264 840 praesens
2297 771 2555 837 arrhaho,
2589 780 2642 824 et
2667 770 2756 824 hic
2783 771 2969 840 gratiae
2999 777 3186 840 gustus
3222 770 3287 824 ad
3319 785 3440 838 per-

1869 865 2066 920 fectam
2109 863 2421 917 fruitionem
2459 862 2618 916 nohis
2644 871 2906 916 vertetur.
2961 861 3028 916 Ut
3085 861 3228 916 enim
3265 861 3301 914 ii
3343 861 3437 930 qui

1869 955 2154 1010 stomacho
2189 954 2438 1009 laborant
2487 964 2862 1022 nauseantque
2915 965 3231 1008 aversantes
3263 955 3437 1020 cibos,

1870 1048 1937 1102 ab
1970 1047 2072 1101 hac
2099 1047 2320 1102 molesta
2351 1045 2633 1101 aﬂ‘ectione
2659 1053 2920 1100 curantur
2949 1061 2976 1096 a
3004 1044 3244 1108 medicis,
3269 1045 3312 1099 si
3346 1059 3440 1112 ap-

1870 1140 2164 1208 petentiam
2201 1138 2439 1192 exeitent
2469 1152 2563 1206 per
2592 1138 2881 1207 quemdam
2919 1137 3162 1190 ciborum
3206 1151 3438 1205 appara-

1873 1241 2018 1296 tum;
2047 1231 2181 1284 adeo
2215 1241 2292 1295 ut,
2325 1245 2485 1284 sensu
2529 1244 2627 1298 per
2663 1230 2807 1283 illam
2837 1229 3174 1284 condituram
3205 1229 3437 1292 irritato,

1875 1323 2184 1391 appetentis
2217 1322 2392 1390 magis
2413 1337 2480 1376 ac
2508 1321 2684 1391 magis
2721 1336 2937 1392 semper
2957 1329 3220 1391 augeatur
3242 1337 3257 1376 :
3283 1321 3358 1375 ita
3387 1328 3443 1375 et

1871 1419 1926 1470 in
1953 1417 2122 1471 verbo
2145 1417 2408 1480 veritatis,
2445 1415 2582 1487 Ipsa,
2619 1419 2814 1485 inquit,
2837 1416 3172 1480 experientia
3202 1416 3268 1470 ad
3291 1414 3442 1470 insa-

1875 1506 2112 1560 tiabilem
2144 1506 2446 1574 apperitum
2482 1520 2579 1562 vos
2613 1521 2827 1574 semper
2851 1506 3186 1576 provocabit.
3214 1505 3442 1569 Idcirco,

1873 1600 1968 1660 ait,
1998 1595 2242 1661 Gustata,
2276 1607 2334 1652 ut
2364 1597 2505 1652 beati
2537 1598 2657 1652 sitis
2693 1613 2910 1666 semper
2937 1599 3236 1652 esurientes
3258 1597 3446 1652 sitien-

1875 1695 2064 1758 tesque
2086 1687 2374 1756 justitiam.
2402 1689 2600 1743 Beatus
2635 1689 2712 1742 uir
2751 1689 2841 1758 qui
2882 1699 3053 1756 sperat
3088 1689 3144 1742 in
3177 1704 3314 1742 eum.
3343 1687 3448 1754 Qui

123 1805 132 1818 -
194 1776 431 1828 λέσεται.
449 1775 550 1829 Διὰ
571 1777 752 1843 τοῦτο,
773 1755 926 1848 φησὶ,
945 1755 1283 1844 Γεύσασθε,
1294 1780 1380 1832 ἵνα
1412 1755 1669 1852 μακάριοι
1688 1781 1774 1849 γέ-

1900 1781 2071 1850 ngiter
2107 1780 2258 1835 verbi
2281 1781 2550 1835 desiderio
2574 1789 2807 1844 tenetur,
2835 1781 2886 1834 in
2911 1779 3052 1834 nulla
3079 1795 3136 1834 re
3154 1781 3256 1834 alia
3285 1793 3448 1848 quam

197 1867 360 1942 νησθε
375 1869 460 1922 ἀεὶ
473 1869 766 1932 πεινῶντες
779 1872 872 1924 καὶ
884 1870 1144 1940 διψῶντες
1159 1871 1255 1942 τὴν
1273 1873 1640 1944 δικαιοσύνην.
1660 1877 1778 1928 Μα-

197 1960 394 2029 κάριος
421 1962 656 2031 ἀνὴρός
671 1961 892 2024 ἐλπίζει
913 1965 1005 2016 ἐπ’
1025 1965 1227 2018 αὐτόν.
1249 1966 1305 2016 Ὀ
1331 1967 1418 2018 ἀεὶ
1441 1967 1498 2018 ἐν
1516 1965 1779 2036 ἐπιθυμίᾳ

195 2049 271 2106 ὣν
285 2049 379 2104 τοῦ
401 2051 577 2120 λόγου,
597 2053 847 2106 ἐπὀύδέν
865 2053 1050 2124 ἕτερον
1073 2054 1296 2124 θήσεται
1311 2055 1408 2125 τὴν
1431 2055 1666 2126 ἐλπίδαῆ
1686 2056 1778 2108 ἐπὶ

195 2141 288 2192 τὸν
315 2141 540 2210 Κύριον.
564 2141 864 2210 Φοϐήθητε
891 2143 996 2196 τὸν
1030 2145 1271 2211 Κύριον,
1296 2143 1519 2210 πάντες
1545 2149 1596 2198 οἱ
1625 2145 1778 2216 ἅγιοι

197 2232 384 2286 αὐτοῦ
405 2249 419 2265 ·
451 2233 541 2286 ὅτι
569 2235 678 2287 οὐκ
703 2235 875 2288 ἔστιν
903 2234 1210 2304 ὑστέρημα
1244 2237 1368 2301 τοῖς
1389 2235 1779 2305 φοϐουμένοις

199 2327 408 2378 αὐτόν.
451 2327 574 2380 Ἐἀν
605 2326 678 2397 μὴ
709 2327 870 2394 φόϐος
899 2328 1130 2400 παιδεύῃ
1159 2328 1313 2398 ἡμῶν
1349 2327 1446 2398 τὴν
1478 2328 1620 2399 ζωὴν
1645 2327 1777 2399 (90),

197 2415 479 2487 ἀμήχανον
506 2419 916 2490 κατορθωθῆναι
937 2421 1028 2473 τὸν
1053 2420 1322 2491 ἀγιασμὺν
1357 2421 1412 2472 ἐν
1445 2420 1521 2491 τῷ
1549 2419 1778 2491 σώματι.

200 2507 580 2574 Καθιξλωσον-
623 2510 751 2580 γὰρ,
808 2513 960 2581 φησὶ.
1015 2512 1082 2565 ἐκ
1131 2513 1235 2566 τοῦ
1279 2513 1466 2580 φόϐου
1509 2529 1624 2566 σου
1675 2513 1782 2578 τὰς

201 2596 436 2666 σάρκας
463 2617 604 2668 μου.
658 2601 744 2665 Ὠς
770 2601 876 2673 γὰρ
919 2605 967 2656 οί
1011 2602 1115 2654 ὑπὸ
1152 2603 1259 2655 τῶν
1292 2603 1435 2674 ἥλων
1481 2604 1784 2675 διαπεπαρ-

206 2689 360 2760 μὲνοι
403 2692 468 2744 τὰ
517 2692 652 2763 μέλη
697 2693 792 2747 τοῦ
849 2693 1099 2765 σώματος
1141 2696 1372 2766 ἀκίνητα
1418 2696 1600 2766 ἔχουσι
1648 2697 1784 2767 πρὸς

205 2784 505 2854 ἐνέργειαν,
535 2785 708 2850 οὕτως
735 2789 783 2839 οί
812 2787 890 2858 τῷ
922 2787 1051 2858 θείῳ
1082 2789 1232 2859 φόϐῳ
1263 2789 1362 2860 τὴν
1395 2789 1572 2860 ψυχὴν
1600 2807 1782 2842 κατει-

201 2876 472 2948 λημμένοι
530 2880 712 2932 πᾶσαν
754 2879 850 2950 τὴν
905 2882 968 2934 ἐκ
1016 2881 1124 2934 τῶν
1157 2880 1346 2934 παθῶν
1380 2883 1476 2952 τῆς
1510 2882 1784 2953 ἁμαρτίας

205 2969 485 3040 ἐνόχλησιν
518 2970 890 3040 διαφεύγουσι.
927 2972 1016 3043 Τῷ
1038 2969 1129 3027 οὖν
1159 2973 1476 3044 φοϐουμένῳ
1511 2975 1610 3026 οὐκ
1639 2975 1784 3027 ἔστιν

207 3062 528 3132 ὑστέρημα·
577 3065 848 3126 τουτέστι,
892 3066 1027 3136 πρὸς
1081 3066 1336 3136 οὐδεμίαν
1384 3067 1584 3138 ἀρετήν
1637 3068 1784 3120 ἐστιν

205 3152 430 3223 ἐλλιπὴς
482 3156 510 3206 ὁ
549 3155 654 3206 ὑπὸ
698 3155 791 3208 τοῦ
846 3157 1010 3225 φόϐου
1059 3157 1166 3209 ἀπὸ
1197 3158 1376 3229 πάσης
1412 3158 1614 3228 ἀτόπου
1643 3157 1782 3229 πρά-

207 3243 344 3308 ξεως
371 3245 732 3317 κωλυόμενος,
769 3247 904 3302 ἀλλά
949 3249 1151 3312 τέλειός
1201 3249 1336 3312 ἐστι,
1396 3249 1622 3320 μηδενὸς
1675 3249 1784 3302 τῶν

209 3337 607 3392 ἐπιϐαλλόντων
651 3344 716 3412 τῇ
761 3341 1075 3413 ἀνθρωπίνῃ
1103 3343 1262 3410 φύσει
1290 3342 1468 3395 καλῶν
1495 3341 1785 3395 ἀπολειπό-

209 3446 394 3500 μενος.
425 3433 512 3495 Ὠς
537 3433 644 3504 γάρ
673 3435 774 3486 οὐκ
809 3433 922 3486 ἔστι
947 3434 1150 3498 τέλειος
1178 3436 1233 3486 ἐν
1267 3433 1344 3504 τῷ
1373 3433 1588 3504 σώματι
1619 3433 1728 3502 (91)
1756 3435 1784 3485 ὁ

209 3522 268 3574 ἐν
293 3541 399 3578 τινι
436 3525 588 3596 μέρει
628 3527 735 3579 τῶν
770 3527 1084 3594 ἀναγκαίων
1113 3525 1475 3597 ἐλλιμπάνων,
1516 3525 1626 3578 ἀλλ’
1658 3526 1788 3578 ἁτε-

213 3615 313 3685 λής
355 3617 470 3669 ἐστι
536 3617 669 3671 καθ’
723 3618 751 3670 ὃ
804 3617 1070 3671 ἐλλείπει·
1127 3617 1268 3670 οὕτω
1307 3619 1400 3670 καὶ
1437 3620 1464 3671 ὁ
1500 3618 1626 3688 περὶ
1663 3617 1789 3686 μίαν

217 3707 326 3760 τῶν
385 3707 610 3762 ἐντολῶν
667 3708 1150 3780 καταφρονητικῶς
1207 3707 1562 3778 διακείμενος,
1608 3707 1693 3760 διὰ
1731 3707 1792 3758 τὸ

218 3798 464 3869 ὑστερεῖν
524 3799 714 3870 αὐτῆς,
775 3801 966 3871 ἀτελής
1033 3803 1148 3854 ἐστι
1218 3800 1357 3852 κατὰ
1413 3801 1473 3852 τὸ
1527 3799 1788 3853 ἐλλεῖπον.

1879 1873 1930 1926 in
1965 1871 2195 1936 Domino
2222 1887 2370 1941 spem
2407 1883 2648 1941 reponet.
2675 1871 2863 1943 (Vens.
2900 1871 3014 1942 lo.)
3041 1871 3239 1926 Timete
3263 1869 3450 1924 Domi-

1878 1980 2028 2028 num,
2059 1980 2236 2018 omnes
2293 1965 2462 2018 sancti
2496 1967 2612 2032 ejus
2644 1978 2662 2015 :
2687 1965 2937 2034 quoniam
2983 1979 3088 2018 non
3135 1972 3212 2018 est
3270 1963 3450 2032 inopia

1879 2056 2178 2109 timentibus
2233 2073 2372 2110 eum.
2429 2055 2542 2110 Nisi
2592 2057 2752 2110 timor
2803 2055 3103 2110 instituerit
3154 2054 3318 2109 vitam
3353 2068 3453 2108 no-

1879 2147 2445 2212 stram,sanctimonia
2465 2150 2516 2202 in
2541 2161 2769 2217 corpore
2793 2147 3096 2215 comparari
3117 2159 3219 2200 non
3251 2155 3450 2216 potest,

1880 2239 2115 2310 Con/Ege,
2165 2239 2358 2309 inquit,
2405 2241 2592 2294 timore
2641 2250 2729 2293 tuo
2760 2256 2943 2294 carnes
2983 2257 3123 2294 meas
3145 2240 3216 2296 ⁵⁸.
3249 2239 3452 2307 Quem-

1880 2333 2166 2386 admodum
2212 2333 2355 2387 enim
2384 2331 2475 2402 qui
2513 2331 2679 2387 clavis
2723 2333 2967 2386 transﬁxi
3017 2343 3164 2396 sunt,
3213 2332 3464 2386 membra»

1880 2424 2126 2494 corporis
2165 2425 2230 2478 ad
2281 2426 2548 2494 agendum
2601 2425 2893 2481 immobilia
2941 2425 3290 2480 habent:sic
3321 2439 3458 2495 quo-

1882 2530 2000 2568 rum
2051 2515 2228 2568 anima
2278 2515 2464 2570 divino
2511 2516 2703 2571 timore
2757 2525 3006 2584 correpta
3035 2525 3140 2581 est,
3176 2516 3212 2570 ii
3243 2529 3464 2570 omnem-

1883 2607 2346 2678 perturbatinnem
2390 2622 2457 2662 ex
2501 2609 2705 2677 peccati
2738 2607 3110 2663 aﬂ‘ectionibus
3141 2607 3461 2677 provenien-

1887 2709 1992 2754 tetn
2019 2700 2214 2754 vitant.
2235 2699 2466 2754 Timenti
2499 2700 2682 2770 itaque
2722 2716 2826 2755 non
2859 2709 2942 2755 est
2971 2699 3188 2768 inopia;
3222 2701 3326 2756 hoc
3351 2708 3459 2764 est,

1883 2790 1973 2858 qui
2004 2805 2100 2859 per
2123 2791 2372 2844 timorem
2401 2791 2468 2846 ab
2494 2791 2640 2845 omni
2667 2790 2919 2845 indecora
2951 2802 3004 2845 et
3032 2790 3264 2846 absurda
3290 2792 3460 2845 actio-

1885 2898 1953 2938 ne
1995 2892 2236 2948 arcetur,
2271 2885 2320 2938 ei
2371 2883 2504 2938 nihil
2547 2883 2700 2938 deest
2747 2885 2812 2937 ad
2850 2883 3145 2952 quamlibet
3179 2885 3458 2949 virtutem,
3503 2927 3508 2932 .

1887 2975 1980 3030 sed
2013 2976 2288 3044 perfectus
2319 2984 2424 3040 est,
2454 2975 2600 3029 nullo
2635 2975 2778 3030 bono
2809 2975 3058 3029 humanae
3081 2983 3289 3028 naturae
3327 2981 3461 3029 eon-

1887 3067 2121 3123 venienti
2147 3067 2461 3121 destitutus.
2482 3065 2552 3121 Ut
2571 3066 2711 3120 enim
2735 3065 3007 3136 perfectus
3031 3066 3084 3119 in
3105 3079 3332 3132 corpore
3357 3079 3461 3117 non

1888 3167 1992 3220 est,
2022 3158 2106 3210 cui
2141 3157 2320 3226 aliqua
2351 3171 2479 3225 pars
2531 3156 2836 3212 necessaria
2887 3156 3047 3220 desit,
3084 3154 3176 3209 sed
3210 3152 3463 3222 imperfe-

1889 3261 2008 3306 ctus
2034 3261 2115 3305 est
2147 3251 2440 3304 secundum
2469 3237 2587 3304 eam
2619 3263 2740 3318 qua:
2768 3249 2917 3304 deest
2941 3258 3149 3318 partem
3174 3247 3276 3302 :ita
3299 3245 3462 3300 etiam

1889 3344 1980 3412 qui
2041 3341 2126 3398 vel
2175 3357 2340 3396 unum
2412 3353 2741 3411 praeceptum
2793 3349 3137 3410 aspernatur,
3183 3346 3464 3408 propterea

1893 3435 2036 3503 quod
2077 3449 2144 3490 eo
2196 3443 2370 3500 caret,
2409 3435 2756 3504 imperfectus
2805 3443 2891 3488 est
2917 3433 3067 3502 juxta
3113 3431 3166 3486 id
3196 3431 3338 3500 quod
3370 3429 3469 3484 de-

1899 3528 2032 3581 ﬁcit.
2061 3526 2286 3590 Contra,
2335 3525 2428 3595 qui
2481 3525 2778 3594 perfectum
2815 3526 3063 3580 timorem
3103 3523 3358 3592 suscepit,
3405 3535 3470 3574 ac

1897 3617 2078 3671 omnia
2113 3617 2266 3672 timet
2297 3617 2690 3686 circumspecto
2707 3623 2874 3682 metu,
2901 3617 3033 3670 nihil
3059 3615 3324 3686 peccabit,
3347 3628 3470 3667 cum

1901 3707 2036 3760 nihil
2069 3715 2430 3772 contemnat;
2467 3706 2704 3775 inopiam
2747 3714 2924 3762 autem
2979 3719 3085 3759 non
3139 3702 3472 3772 experietur,

1900 3798 2156 3865 quoniam
2181 3806 2441 3867 perpetuo
2473 3797 2520 3850 ei
2553 3796 2706 3850 adest
2739 3795 2900 3849 timor
2935 3795 2986 3847 in
3023 3793 3292 3848 omnibus.

229 3890 288 3942 ὐ
345 3889 405 3943 δὲ
459 3893 550 3944 τὸν
601 3893 804 3946 τέλειον
871 3893 1032 3961 φόϐον
1097 3892 1439 3963 ἀνειληφὼς,
1503 3893 1598 3946 καὶ
1649 3893 1826 3944 πάντα
1895 3891 2294 3960 καταπτήσσων
2354 3889 2424 3942 δι’
2489 3887 2793 3951 εὐλάϐειαν,
2856 3886 3006 3940 οὐδὲν
3069 3886 3166 3955 μὲν
3227 3885 3475 3954 ἁμαρτή-

221 4001 374 4038 σεται
430 3986 510 4056 τῷ
578 3987 804 4058 μηδενὸς
869 3990 1176 4060 ὑπερορᾷνι
1247 3989 1344 4058 οὐχ
1409 3987 1519 4054 ἕξει
1577 3987 1632 4041 δὲ
1683 3987 1990 4057 ὑστέρημα,
2059 3985 2136 4055 τῷ
2179 3985 2272 4038 ἐπὶ
2320 3985 2496 4038 πάντα
2549 3984 2790 4054 διαρκῶς
2859 3984 3109 4053 παρεῖναι
3186 3979 3334 4050 αὐτῷ
3385 3979 3476 4032 τὸν

219 4079 405 4148 φόϐον.

291 4171 344 4225 7.
377 4173 664 4226 Πλούσιοι
698 4172 1088 4241 ἐπτώχευσαν
1121 4173 1219 4226 καὶ
1252 4173 1612 4226 ἐπείνασαν
1647 4175 1700 4226 οἱ
1733 4171 1801 4224 δὲ
1833 4174 1876 4228 D

216 4261 606 4328 ἐκζητοῦντες
661 4261 771 4314 τὸν
833 4262 1052 4327 Κύριον
1110 4263 1221 4314 οὐκ
1284 4259 1800 4325 ὲλαττωθήσονται

217 4351 450 4416 παντὸς
495 4353 739 4421 ἀγαθοῦ.
777 4351 1140 4421 Οίκοδομείτω
1190 4352 1288 4422 μὲν
1333 4353 1480 4422 ἡμᾶς
1521 4351 1614 4405 καὶ
1666 4351 1802 4421 πρὸς

217 4443 320 4512 τὴν
347 4445 748 4516 καταφρόνησιν
793 4442 889 4498 τοῦ
929 4443 1241 4515 σωματικοῦ
1279 4443 1506 4498 πλούτου
1561 4445 1588 4496 ὁ
1624 4443 1800 4512 λόγος,

221 4537 286 4588 τὸ
319 4537 574 4591 ἀϐέϐαιον
613 4540 712 4608 τῆς
753 4538 861 4591 τῶν
908 4537 1204 4608 χρημάτων
1237 4535 1551 4607 περιουσίας
1591 4535 1802 4588 ἐκδιδά-

225 4649 394 4686 σκων.
420 4631 852 4702 Εὐμετάπτωτος
880 4629 986 4698 γὰρ
1012 4630 1040 4680 ὁ
1071 4627 1318 4690 πλοῦτος,
1345 4628 1440 4680 καὶ
1461 4626 1622 4682 οἱονεὶ
1651 4624 1804 4696 κῦμα

301 4787 675 4852 "160nm",
711 4788 798 4842 l2.
872 4787 919 4820 ³⁵⁸
951 4784 1090 4841 Psal.
1118 4799 1304 4848 cxvm,
1339 4783 1460 4837 120.

303 4943 417 5014 (89)
445 4943 522 4998 Ita
576 4943 812 5012 quinque
863 4955 994 4996 mss.
1047 4939 1186 4995 Editi
1219 4956 1349 4996 vero
1385 4939 1522 5012 πρὸς
1550 4937 1612 4991 τὸ
1653 4936 1805 4989 πλεῖ-

233 5033 380 5070 στον.

308 5086 418 5156 (90)
457 5081 706 5139 Nonnulli
763 5097 894 5137 mss.
959 5079 1122 5150 φόϐος
1171 5081 1330 5152 ἡμῶν
1391 5078 1637 5134 παιδεύει
1711 5075 1808 5148 τὴν

269 5174 401 5209 ωην.

233 5159 418 5296 ζωῖέῆ.)
443 5225 625 5296 Editig
646 5221 818 5296 Paris.
847 5221 1051 5296 τέλειος
1083 5221 1140 5275 ἐν
1163 5220 1240 5296 τῷ
1271 5220 1506 5296 σώματι,
1541 5218 1802 5296 perfectus

233 5315 288 5348 υι
314 5285 562 5362 ‘corpore.
587 5295 762 5347 Editio
787 5292 951 5345 Basil.
975 5302 1030 5346 et
1055 5285 1238 5362 nostri
1263 5285 1508 5362 undecim
1541 5285 1700 5342 'Inss.
1724 5285 1805 5362 τέ-

235 5367 380 5430 λειος
406 5357 463 5420 ἐν
493 5363 568 5434 τῷ
596 5362 805 5436 Κυρίῳ,
829 5363 1083 5436 perfectus
1118 5362 1172 5414 in
1201 5359 1446 5414 Domino.
1481 5360 1535 5412 In
1561 5373 1668 5436 quo
1701 5357 1806 5436 p_ri-

238 5429 386 5490 nnnn
425 5429 592 5489 miror
619 5429 906 5486 lectionem
941 5433 1334 5494 Basileensem,
1375 5446 1535 5497 quam
1570 5429 1801 5496 ineptis-

239 5507 433 5560 simam
456 5520 574 5559 esse
601 5519 757 5556 nemo
784 5501 1131 5566 inliciahitur,
1164 5501 1213 5554 in
1258 5509 1336 5553 tot
1375 5498 1650 5552 codicibus
1694 5505 1802 5548 tam

240 5585 558 5631 constanter
585 5573 810 5646 reperiri
835 5588 848 5646 ξ
877 5571 1087 5637 deinde,
1119 5586 1221 5646 qua
1247 5571 1804 5646 _au_ctoritate,._quove

245 5647 554 5700 testimonio
581 5633 783 5699 editum
806 5641 874 5696 sit
896 5657 924 5695 a
944 5633 1289 5711 typographis
1317 5633 1801 5711 l‘nrisiens_i_b’us_év

243 5715 322 5788 τῷ
347 5715 580 5787 σώματι,
606 5729 726 5770 cum
763 5711 879 5782 ejus
926 5706 1182 5768 lectionis.
1225 5725 1490 5779 nusquam
1553 5706 1656 5761 ulla
1709 5707 1804 5758 ﬁat

1978 4171 2029 4224 7.
2065 4169 2230 4222 Vens.
2267 4168 2354 4222 11.
2401 4165 2597 4219 Divites
2636 4173 2886 4234 eguerunt
2928 4171 2976 4216 et
3029 4162 3354 4223 esurierunt;
3397 4159 3480 4212 in-

1906 4263 2166 4334 quirentes
2189 4268 2362 4312 autem
2396 4257 2674 4309 Dominum
2701 4271 2804 4308 non
2831 4254 3132 4306 minuentur
3157 4251 3300 4304 omni
3325 4251 3475 4304 bona.

1909 4352 2008 4406 llic
2054 4362 2236 4406 sermo
2281 4345 2624 4400 abundantia:
2681 4342 3006 4412 pecuniaria:
3065 4340 3478 4396 inconstantiam

1909 4444 2168 4504 edocens,
2203 4453 2302 4494 nos
2333 4437 2496 4491 etiam
2529 4437 2595 4490 ad
2637 4433 2948 4503 corporales
2979 4433 3195 4488 divitias
3217 4445 3481 4502 spernen-

1911 4533 2007 4588 das
2047 4532 2295 4587 aediﬁcet.
2330 4529 2462 4583 Nam
2517 4527 2675 4583 facile
2717 4526 3028 4582 dilabuntur
3057 4525 3276 4586 divitim,
3312 4532 3366 4588 et
3395 4523 3481 4577 in-

1910 4636 2025 4680 star
2063 4625 2220 4678 unda:
2278 4623 2328 4676 vi
2367 4631 2650 4676 ventorum
2712 4619 2817 4674 huc
2852 4619 2977 4673 illuc
3005 4617 3180 4672 solent
3217 4614 3481 4672 dililuere.

1913 4933 2136 5000 mentio,
2173 4948 2348 5002 neque
2378 4931 2516 5000 apud
2559 4931 3077 5002 Dnczenm,_neqne_
3105 4925 3269 5002 (quod
3309 4925 3481 5002 _eq_ui-

1915 5009 2034 5058 dem
2062 4995 2771 5073 sciannfapud'quemquam
2805 4995 2990 5073 alium}
3048 4996 3321 5073 Sttspjt‘nri
3364 4995 3488 5073 _l'or-

1919 5087 2062 5129 [asse
2116 5066 2650 5144 possit-quispiam,
2677 5084 2844 5122 unum
2888 5067 3132 5144 aliquem
3177 5066 3473 5144 librarium

1919 5135 2187 5218 scriptu-tn
2213 5135 2480 5218 reperisse
2509 5142 2559 5194 in
2585 5135 3065 5218 aliqt_to_c0(_l.ice;é_v
3097 5135 3236 5218 χρῷ,
3271 5136 3327 5188 in
3354 5150 3486 5218 “corf

1916 5203 2062 5282 pore,
2095 5215 2188 5268 sed
2219 5203 2287 5269 de
2330 5229 2448 5279 suo,
2473 5211 2613 5285 quod
2670 5203 2782 5285 vitii
2839 5207 3046 5285 aliquid
3072 5203 3317 5285 subesse”
3353 5203 3488 5285 falso

1909 5274 2276 5357 existimaret,
2335 5274 2442 5352 pro'
2475 5274 2533 5334 ἐν
2591 5279 2709 5351 χρῷ
2763 5278 3006 5346 posuisse
3067 5274 3485 5357 ἐνητῷίὶυρίῳ,

1913 5356 2148 5423 ltianue
2180 5345 2378 5423 factum
2411 5367 2532 5423 esse
2551 5345 2782 5423 ut‘error
2812 5364 2880 5402 ex
2911 5347 3226 5423 uno__co_d_ice
3264 5347 3318 5397 in
3348 5345 3488 5423 alios

1910 5439 2031 5480 sese
2061 5417 2432 5478 iransfuderit.
2463 5419 2530 5475 Ut
2558 5430 2611 5472 ut
2645 5421 2757 5473 haec
2797 5429 2944 5480 sunt,
2974 5417 3108 5470 nihil
3137 5417 3189 5468 in
3222 5421 3488 5468 contextu

1911 5495 2224 5548 mutandum
2259 5491 2588 5546 censuimus.
2625 5489 2702 5542 Eo
2743 5488 2936 5554 magis,
2977 5487 3117 5554 quod
3155 5486 3228 5554 ad,
3269 5497 3489 5554 sensum

1910 5565 2042 5638 nihil
2081 5565 2302 5628 referat,
2335 5563 2447 5618 sive
2495 5563 2551 5614 ἐν
2611 5558 2754 5634 χρῷ,
2794 5552 2906 5614 sive
2957 5552 3013 5610 ἐν
3043 5555 3126 5638 τεῖιὶ
3166 5553 3379 5628 σώματι
3415 5552 3492 5616 les

1911 5651 2071 5706 geris.
