3818 6220
337 301 445 355 567

1655 308 1713 365 S.
1757 309 2003 365 BASIL"
2045 313 2258 370 MAGNI

3501 311 3611 368 568

331 421 438 474 Aut
471 420 610 475 forte
648 423 812 475 etiam
853 424 1076 479 divitem
1101 425 1231 480 dicit
1259 427 1912 496 populumlsraeliticum,

2080 432 2125 484 ιὸ
2153 433 2250 502 τῆς
2276 433 2385 500 (92)
2423 432 2544 502 βίας
2573 431 2682 484 τῶν
2716 430 2931 500 ἀνέμων
2964 428 3150 483 ἄλλοτε
3182 427 3316 498 πρὸς
3338 427 3484 480 ἄλλα
3521 427 3617 496 μὲ-

332 526 564 576 quormn
599 523 683 566 est
708 515 926 583 adoptio
965 530 1029 570 ac
1058 515 1278 572 divinus
1299 518 1497 583 cultus,
1526 535 1754 588 quorum
1791 532 1917 575 sunt

334 603 746 670 promissiones,
781 620 848 659 ex
899 608 1098 674 quibus
1133 619 1260 662 sunt
1299 618 1480 678 patres
1508 610 1574 665 ⁵⁸.
1620 611 1682 665 lli
1734 613 1918 682 itaque

333 693 404 744 ob
437 707 718 763 peccatum
752 697 804 751 in
848 697 1132 755 Dominum
1168 701 1465 758 admissum
1499 715 1786 772 eguerunt.
1813 706 1914 772 Qui

340 800 466 840 vero
500 787 711 841 illorum
746 789 865 844 loco
911 792 1274 861 iuquisieruut
1313 795 1618 863 Dominum,
1653 813 1758 851 non
1805 799 1917 850 mi-

339 890 572 930 nuentur
631 881 778 935 omni
827 882 988 938 bono.
1038 885 1198 956 150
1243 887 1518 957 Eguerunt
1555 899 1733 944 autem
1784 905 1917 960 quo-

336 969 626 1025 dammodo
664 983 718 1028 et
746 976 1080 1032 esurierunt.
1125 977 1420 1048 Postquam
1443 983 1587 1036 enim
1617 999 1808 1053 panem
1834 985 1917 1037 vi-

341 1073 405 1116 ta:
432 1064 475 1095 "
505 1065 918 1135 interfecerunt,
955 1072 1105 1126 venit
1135 1087 1300 1142 super
1335 1074 1481 1142 ipsos
1524 1075 1694 1130 fames
1720 1077 1873 1144 panis
1898 1095 1910 1131 :

338 1165 390 1208 «ιι
425 1166 704 1226 postquam
743 1159 874 1214 fonti
911 1177 1063 1230 aqua!
1099 1165 1234 1218 vivae
1279 1166 1325 1197 ⁸⁸
1371 1177 1618 1220 struxere
1671 1168 1912 1230 insidias,

340 1251 571 1305 accessit
614 1252 680 1308 ad
710 1253 831 1309 illos
861 1255 1005 1320 sitis,
1031 1272 1096 1311 ac
1142 1259 1467 1328 supplicium
1521 1261 1642 1315 sitis
1669 1261 1811 1330 ipsos
1836 1263 1917 1315 in-

339 1342 522 1396 vasit:
567 1342 737 1401 fames
784 1358 987 1410 autem,
1034 1364 1138 1402 non
1185 1353 1339 1418 panis
1396 1353 1702 1414 sensibilis,
1741 1368 1917 1420 neque

338 1433 455 1486 sitis
500 1448 675 1503 aquae,
719 1437 811 1492 sed
850 1439 1018 1493 fames
1071 1442 1322 1494 audiendi
1354 1443 1575 1496 verbum
1612 1444 1817 1497 Domini
1850 1444 1914 1496 ".

342 1524 609 1592 riguerunt
635 1527 806 1597 itaque
825 1541 872 1582 et
906 1532 1223 1586 esurierunt.
1263 1531 1332 1585 At
1361 1547 1486 1586 vero
1519 1534 1611 1602 qui
1643 1548 1709 1588 ex
1743 1536 1917 1604 genti-

341 1617 440 1671 bus
478 1618 762 1674 Dominum
797 1623 1072 1693 inquirere
1100 1626 1428 1690 didicerunt,
1459 1641 1565 1679 non
1606 1627 1921 1680 minuentur

342 1710 450 1765 ullo
486 1713 644 1768 bono.
678 1713 984 1770 Perfectum
1020 1719 1242 1772 omnino
1277 1721 1473 1773 bonum
1507 1717 1649 1774 Deus
1680 1719 1793 1789 ipse
1813 1728 1917 1781 est,

2024 543 2090 596 ρη
2126 525 2384 594 πεφυκὼς
2415 527 2724 596 μεταρρεῖν.
2761 524 2870 576 Καὶ
2901 522 3150 574 πλούσιον
3177 520 3324 587 λέγει
3346 519 3495 587 τάχα
3522 518 3617 572 τὸν

2035 620 2283 690 Ἰσραήλ·
2315 613 2389 672 ὧν
2420 621 2452 689 ή
2486 617 2727 671 υἱοθεσία
2763 616 2856 670 καὶ
2886 618 2918 686 ή
2948 614 3190 684 λατρεία,
3233 607 3310 665 ὧν
3340 614 3399 663 αἱ
3437 614 3614 676 ἐπαγ-

2023 711 2219 780 γελίαι,
2253 709 2310 774 ἐξ
2331 703 2405 762 ὧν
2433 712 2480 762 οἱ
2510 708 2761 778 πατέρες.
2790 700 2948 760 Οὗτοι
2976 704 3152 756 τοίνυν
3176 702 3263 755 διὰ
3287 702 3388 771 τὴν
3419 701 3500 779 είς
3523 698 3617 750 τὸν

2023 799 2226 869 Κύριον
2255 799 2530 870 ἁμαρτίαν
2556 795 2921 866 ὲπτὼχευσαν.
2951 795 3013 846 Οἱ
3040 794 3098 846 δὲ
3125 794 3237 846 ἀντ’
3266 777 3496 843 ἐκείνων
3521 790 3618 840 ὲκ-

2024 891 2355 961 ζητήσαντες
2396 891 2486 942 τὸν
2519 889 2720 960 Κύριον
2764 889 2863 940 οῦκ
2904 885 3366 955 ὲλαττωθήσονται
3412 880 3618 942 παντὸς

2024 984 2250 1052 ἀγαθοῦ.
2303 981 2683 1051 Ἐπτὼχευσαν
2736 980 2792 1031 δέ
2843 996 2958 1040 πως
3008 977 3100 1030 καὶ
3136 975 3245 1046 (95)
3289 974 3613 1028 ἐπείνασαν.

2036 1077 2252 1146 Ἐπειδὴ
2286 1076 2390 1145 γὰρ
2426 1073 2753 1126 ἀπέκτειναν
2794 1071 2885 1123 τὸν
2916 1071 3077 1141 ἄρτον
3108 1069 3206 1138 τῆς
3241 1067 3414 1136 ζωῆς,
3450 1061 3619 1135 ἦλθεν

2023 1168 2109 1220 ἐπ’
2141 1169 2334 1230 αὐτοὺς
2355 1169 2384 1218 ὁ
2415 1166 2570 1236 λιμὸς
2603 1165 2696 1218 τοῦ
2725 1167 2886 1236 ἄρτου
2910 1181 2923 1192 ⁸
2957 1163 3050 1216 καὶ
3076 1159 3256 1230 ἐπειδὴ
3284 1157 3620 1212 ἐπεϐούλευο

2026 1278 2124 1314 σαν
2156 1262 2220 1329 τῇ
2254 1262 2401 1329 πηγῇ
2431 1257 2524 1310 τοῦ
2557 1257 2743 1319 ὓδατος
2770 1255 2864 1308 τοῦ
2893 1254 3110 1318 ζῶντος,
3153 1247 3314 1322 ἦλθεν
3357 1251 3556 1312 αὐτοῖς
3583 1250 3620 1319 ἡ

2024 1353 2172 1420 δίψα.
2212 1352 2306 1404 καὶ
2339 1349 2570 1419 ἐπετέθη
2607 1349 2718 1417 (94)
2743 1348 2923 1409 αὐτοῖς
2955 1348 2988 1416 ἡ
3019 1349 3083 1398 ὲκ
3125 1344 3220 1415 τῆς
3251 1342 3416 1413 δίψης
3453 1342 3622 1393 κόλα-

2029 1462 2110 1508 σις
2132 1462 2143 1474 ·
2172 1444 2327 1513 λιμὸς
2353 1444 2408 1496 δὲ
2442 1442 2559 1511 οὐχ).
2581 1442 2744 1512 ἄρτου
2768 1437 3049 1508 αἰσθητοῦ,
3076 1436 3196 1489 οὐδὲ
3228 1434 3357 1502 δίψα
3396 1434 3620 1496 ὓδατος,

2026 1538 2161 1594 ἀλλὰ
2182 1537 2338 1607 λιμὸς
2359 1536 2451 1592 τοῦ
2476 1535 2706 1588 ἀκοῦσαι
2737 1534 2893 1600 λόγον
2918 1531 3138 1601 Κυρίου.
3185 1527 3626 1594 Ἑπτὼχευσατ⁹

2021 1632 2137 1701 μὲν
2169 1626 2281 1684 οὖν
2320 1629 2415 1680 καὶ
2448 1628 2796 1680 ἐπείνασαν.
2844 1625 2905 1677 Οἱ
2939 1623 3117 1693 μέντοι
3147 1620 3253 1672 ἀπὸ
3282 1619 3393 1672 τῶν
3444 1618 3625 1672 ἑθνιῖἓν

2033 1723 2293 1793 μαθόντες
2327 1719 2574 1789 ὲκζητεῖν
2620 1717 2710 1769 τὸν
2759 1716 2962 1786 Κύριον
3003 1713 3101 1766 ούκ
3143 1710 3624 1779 ὲλαττωθήσο-ηαι

341 1817 449 1869 quo
487 1819 594 1857 non
627 1807 938 1862 minuentur
965 1819 1226 1879 quotquot
1255 1813 1552 1880 exquirunt
1581 1783 1776 1882 ipsum.
1805 1812 1918 1866 Non

2080 1814 2227 1875 ιντὸς
2257 1783 2480 1880 ἀγαθοῦ.
2520 1811 2593 1862 Τὸ
2632 1783 2941 1860 παντέλειον
2963 1804 3163 1872 ἀγαθὸν
3201 1803 3364 1865 αὑτός
3405 1804 3561 1853 ἐστιν
3596 1803 3627 1853 ὁ

342 1895 484 1946 enim
545 1897 675 1951 mihi
730 1900 998 1967 quispiam
1035 1903 1358 1967 ineruditus,
1389 1905 1479 1974 qui
1511 1920 1827 1974 perversum
1856 1906 1923 1960 de

344 1983 482 2040 bono
510 2002 572 2041 ac
626 1990 766 2045 malo
790 1990 1053 2058 judicium
1084 1995 1242 2060 ferat,
1267 1996 1465 2050 bonum
1504 1997 1746 2051 nominet
1777 2012 1920 2060 eum.

345 2077 432 2145 qui
464 2077 786 2147 voluptatem
825 2086 1210 2153 temporariam
1247 2097 1412 2157 atque
1441 2103 1544 2142 una
1569 2104 1693 2143 cum
1730 2104 1924 2157 corpo-

342 2169 418 2222 ris
447 2174 794 2242 corruptione
841 2186 1212 2233 transeuntem
1260 2181 1441 2235 habet.
1483 2181 1585 2248 Qui
1615 2182 1760 2237 enim
1807 2197 1926 2236 cor-

343 2276 536 2329 poreas
563 2279 692 2332 opes
722 2276 777 2321 et
819 2271 1210 2339 przerogativas
1242 2272 1550 2341 corporales
1578 2273 1628 2327 in
1679 2273 1803 2327 boni
1838 2288 1927 2326 or-

345 2357 521 2410 dinem
592 2359 818 2428 redigit.
859 2361 902 2414 is
955 2365 1310 2417 reverendum
1367 2376 1423 2420 et
1471 2364 1569 2418 soli
1624 2365 1734 2419 Deo
1798 2381 1927 2419 con-

348 2449 570 2505 veniens
622 2468 818 2507 nomen
879 2455 944 2507 ad
1001 2470 1091 2510 res
1146 2457 1280 2512 viles
1330 2467 1387 2513 et
1439 2458 1638 2513 nullius
1665 2459 1924 2513 momenti

347 2541 621 2605 transfert.
656 2553 710 2598 et
736 2545 894 2600 simul
923 2548 974 2601 in
999 2551 1443 2606 contrarietatem
1479 2551 1684 2607 incidet
1718 2553 1928 2622 gravis-

346 2633 560 2687 simam.
605 2635 709 2689 Aut
752 2637 896 2690 enim
935 2639 1077 2692 dicet
1123 2641 1420 2709 apostolos,
1450 2651 1736 2712 propterea
1784 2645 1926 2712 quod

349 2738 455 2776 non
512 2725 874 2794 iuquisierunt
933 2728 1253 2796 Dominum,
1309 2741 1592 2786 assecutos
1643 2747 1750 2785 non
1807 2747 1928 2786 esse

350 2818 652 2885 corporalia
677 2818 817 2873 bona
861 2838 875 2874 :
905 2832 997 2874 aut
1023 2823 1067 2876 si
1093 2838 1215 2876 eum
1245 2825 1604 2893 inquirentes,
1632 2825 1758 2879 talia
1789 2827 1928 2881 bona

327 2920 456 2978 _non
482 2911 1242 2982 compararunt,Scripturam
1280 2914 1448 2983 ipsam
1482 2917 1780 2981 accusabit,
1813 2931 1932 2986 quae

351 2998 482 3051 dicit
509 3014 604 3054 eos
642 3003 733 3070 qui
778 3003 1066 3058 Dominum
1111 3006 1416 3075 inquirunt,
1445 3008 1589 3062 bono
1648 3009 1796 3063 nullo
1834 3011 1930 3064 de-

350 3090 522 3147 stitui.
551 3092 658 3148 Sed
687 3104 743 3150 et
773 3096 1140 3164 lnquisierunt
1174 3098 1343 3153 sancti
1367 3097 1678 3160 Dominum.
1709 3108 1764 3153 et
1793 3115 1933 3154 com-
1960 3138 2005 3198 Ο

349 3185 708 3250 prehensione
732 3189 849 3258 ejus
880 3190 969 3258 qui
1004 3191 1293 3259 inquisitus
1339 3199 1441 3254 est,
1471 3206 1579 3246 non
1613 3204 1930 3256 caruerunt,

353 3293 526 3348 neque
550 3279 706 3334 bonis
735 3281 787 3333 in
817 3290 1018 3336 aeterna
1044 3284 1231 3352 requie
1261 3284 1512 3353 repositis
1540 3291 1670 3339 sunt.
1697 3284 1932 3353 spoliati.

353 3370 632 3439 Siquidem
651 3374 717 3426 de
747 3373 850 3427 illis
875 3375 1030 3428 bonis
1050 3376 1154 3428 dici
1183 3377 1397 3444 proprie
1422 3377 1590 3446 possit
1607 3375 1759 3442 illud,
1779 3375 1937 3430 0mm"

355 3469 511 3520 bono.
534 3465 666 3520 Nam
697 3480 972 3534 corporea:
1001 3467 1306 3536 voluptates
1343 3467 1460 3536 plus
1488 3469 1746 3523 molestiae
1773 3484 1933 3537 quam

354 3558 704 3627 iucunditatis
742 3557 960 3612 habent.
977 3557 1269 3613 Procreaut
1293 3559 1436 3613 enim
1457 3561 1655 3628 nuptiae
1676 3559 1934 3614 sterilita-

357 3664 486 3714 tem,
507 3649 843 3712 viduitatem,
864 3657 1082 3718 stupra;
1115 3650 1441 3715 agricultura
1461 3650 1932 3716 infecunditatem;

356 3747 659 3793 mercatura
681 3739 979 3805 naufragia;
999 3738 1196 3793 divitia:
1214 3739 1456 3803 insidias;
1473 3739 1676 3793 deliciae
1693 3741 1938 3794 satietas-

356 3847 460 3902 que
481 3839 536 3886 et
566 3831 800 3885 assiduae
821 3833 1128 3899 voluptates
1155 3831 1374 3885 morbos
1411 3833 1590 3886 varios
1625 3846 1688 3886 ac
1726 3833 1935 3887 diversa

357 3923 702 3979 aﬂ'ectionum
754 3937 973 3992 genera.
1038 3923 1236 3978 Paulus
1292 3924 1477 3992 utique
1527 3931 1582 3978 et
1630 3923 1939 3992 inquirebat

360 4018 667 4080 Dominum,
698 4026 753 4070 et
799 4015 931 4069 nihil
974 4016 1021 4069 ei
1061 4015 1230 4070 defuit
1268 4017 1553 4073 bonorum.
1589 4016 1786 4072 Verum
1819 4018 1941 4087 quis

358 4109 601 4178 corporis
629 4108 930 4170 molestias,
961 4109 1012 4160 in
1047 4109 1243 4176 quibus
1274 4123 1368 4178 per
1399 4117 1565 4163 totam
1596 4124 1749 4164 suam
1772 4109 1937 4163 vitam

361 4191 528 4262 vixit,
549 4209 937 4254 annumeraret
964 4200 987 4252 ?
1016 4199 1124 4253 Ter
1149 4200 1315 4266 virgis
1352 4215 1525 4255 caesus
1549 4209 1652 4264 est,
1671 4199 1838 4255 semel
1858 4209 1942 4255 est

365 4293 655 4363 lapidatus,
681 4301 763 4346 ter
793 4292 1138 4361 naufragium
1190 4293 1337 4356 fecit,
1383 4304 1595 4348 noctem
1628 4308 1692 4348 ac
1720 4293 1862 4347 diem
1888 4293 1939 4344 in

365 4384 632 4450 profundo
664 4385 793 4453 egit,
826 4385 878 4438 in
902 4385 1186 4439 itineribus
1217 4399 1382 4455 saepe,
1408 4387 1458 4440 in
1488 4385 1630 4439 fame
1651 4393 1705 4438 et
1739 4385 1849 4448 siti,
1889 4384 1940 4438 in

366 4478 579 4545 ieiuniis
606 4492 767 4545 saepe,
803 4477 854 4531 in
894 4477 1080 4533 labore
1106 4489 1160 4534 et
1201 4495 1461 4543 aerumna,
1497 4479 1548 4532 in
1601 4478 1940 4534 necessitati-
1974 4496 2023 4554 υ

367 4573 464 4625 lms
487 4585 630 4640 saepe
656 4571 722 4624 ⁸ο.
753 4571 939 4641 Usque
969 4572 1035 4624 ad
1067 4582 1366 4626 extremam
1395 4572 1585 4626 horam
1609 4581 1664 4626 et
1696 4571 1942 4626 esuriens

368 4670 551 4728 homo,
581 4671 636 4716 et
659 4663 940 4726 sitiens,et
969 4664 1145 4717 nudus
1167 4680 1229 4720 ac
1256 4663 1500 4732 colaphis
1526 4677 1698 4717 caesus
1723 4663 1789 4729 σι,
1809 4676 1943 4731 quo-

438 4783 484 4813 ⁵⁸
516 4781 671 4836 Rom.
725 4796 802 4842 ix,
845 4779 938 4838 45.
1018 4779 1232 4836 "Joan.
1280 4795 1354 4842 vr,
1393 4779 1482 4832 48.

369 4852 410 4882 "
439 4852 608 4907 lCor.
641 4866 715 4916 tv,
741 4851 830 4904 Η.

445 4990 560 5062 (92)
599 4990 733 5060 Reg.
783 4988 1054 5044 secundus
1090 4987 1197 5062 ἀπὸ
1227 4987 1343 5056 τῆς.
1377 4985 1498 5039 Mox
1531 4983 1661 5038 editi
1693 4983 1956 5051 πεφυκός.

375 5065 444 5116 At
476 5058 848 5130 septem—mss.
892 5058 1174 5130 πεφυκώς.

447 5128 558 5204 (93)
606 5131 770 5186 Deest
820 5130 916 5185 καί
952 5131 1026 5204 in
1084 5128 1352 5204 aliquibus
1421 5141 1552 5179 mss.

375 5199 606 5273 quartus
641 5209 696 5256 et
728 5210 915 5256 sextus
941 5201 973 5270 ἡ
1002 5199 1179 5273 λιμός.

448 5273 560 5343 (94)
593 5273 668 5326 lta
693 5287 827 5343 mss.
858 5261 973 5325 non'
993 5261 1172 5339 pauci.
1203 5267 1344 5321 Editi
1376 5262 1539 5337 ἦλθεν
1574 5265 1660 5316 ἐπ’
1696 5262 1892 5324 αὐτοὺς
1925 5261 1959 5330 ἡ

377 5341 527 5413 δίψα,
545 5341 816 5412 ἐπετέθη.

449 5403 562 5482 (95)
599 5413 718 5475 Illa,
752 5403 1066 5483 ἀδιάκριτον
1099 5408 1328 5483 ἔχω-1....
1358 5408 1542 5483 τόπον,
1571 5406 1667 5483 εἰς,
1697 5403 1961 5483 interpre-

386 5474 937 5543 tat‘ur'Combelisius;
1001 5474 1162 5534 Haud
1190 5494 1376 5533 sanum
1411 5479 1607 5531 habent
1638 5474 1956 5543 judicium”:

386 5569 546 5620 quam
573 5541 1079 5617 interpretationem
1118 5551 1254 5620 satis
1297 5549 1584 5616 probatum
1640 5541 1705 5597 iri
1737 5541 1958 5620 _intell_i—

389 5612 637 5689 gentibus
663 5612 814 5692 puto,
865 5637 986 5692 etim
1023 5622 1110 5672 vix
1169 5612 1388 5672 dubium
1444 5631 1579 5692 esse
1608 5614 1796 5684 possit,
1829 5612 1956 5692 quin

391 5683 492 5744 hoc
534 5683 810 5746 loco-vos
866 5691 1028 5753 τύπος
1089 5706 1186 5759 pro
1250 5703 1378 5744 voce
1429 5687 1708 5758 κριτήριον
1785 5683 1955 5753 posita

393 5775 480 5812 SH.

1632 5123 1750 5177 Mox
1806 5121 1959 5190 Regii

1571 4780 1616 4809 ⁵⁸
1647 4777 1804 4832 Joan.
1865 4793 1936 4842 tv,
1984 4777 2048 4829 10
2081 4792 2231 4844 seqq.

2027 1903 2156 1966 θεός
2178 1921 2190 1932 ο
2225 1895 2285 1954 οῦ
2309 1902 2408 1954 ούκ
2439 1898 2900 1968 ὲλαττωθήσονται
2934 1896 3132 1956 πάντες
3169 1896 3216 1946 οἱ
3251 1891 3625 1962 έκζητοῦντες

2028 1996 2205 2048 αὐτόν.
2233 1995 2324 2064 Μὴ
2367 1996 2474 2063 γάρ
2514 1991 2604 2062 μοί
2639 2009 2718 2052 τις
2755 1989 3098 2050 ἀπαίδευτος,
3129 1986 3448 2055 ἀδιάκριτον
3479 1983 3628 2053 ἔχων

2036 2087 2116 2138 ιὸν
2148 2085 2275 2155 περὶ
2307 2083 2399 2136 τοῦ
2427 2080 2633 2151 ἀγαθοῦ
2678 2080 2771 2133 καὶ
2809 2077 2980 2131 κακοῦ
3027 2077 3189 2130 τόπον
3229 2075 3366 2144 (95),
3412 2073 3627 2141 ἀγαθὸν

2026 2175 2338 2247 ὀνομαζέτω
2413 2177 2503 2228 τὸν
2568 2173 2902 2244 πρόσκαιρον
2962 2170 3149 2240 ἔχοντα
3211 2168 3308 2237 τὴν
3367 2167 3626 2220 ἀπόλαυ-

2030 2287 2113 2321 σιν
2145 2267 2256 2336 (96)
2310 2266 2404 2319 καὶ
2437 2268 2501 2335 τῇ
2552 2264 2727 2334 φθορᾷ
2772 2261 2865 2314 τοῦ
2912 2261 3157 2330 σώματος
3198 2259 3627 2330 συναπερχομὲ-

2027 2379 2144 2431 νην.
2181 2363 2237 2413 Ὀ
2261 2359 2367 2431 γάρ
2394 2359 2483 2411 τὸν
2509 2355 2818 2427 σωματικὸν
2847 2353 3076 2406 πλοῦτον
3106 2353 3198 2405 καὶ
3225 2351 3292 2403 τὰ
3326 2349 3628 2420 σωματικὰ

2029 2453 2420 2524 προτερήματα
2454 2451 2532 2510 εἰς
2563 2450 2659 2519 τὴν
2689 2447 2781 2501 τοῦ
2811 2445 3017 2514 ἀγαθοῦ
3043 2443 3195 2510 τάξιν
3221 2446 3516 2510 κατάγων,
3541 2444 3626 2505 εἰς

2030 2544 2330 2615 πράγματα
2360 2540 2548 2608 εύτελῆ
2571 2539 2663 2591 καὶ
2692 2537 2902 2601 οὐδενὸς
2935 2536 3095 2604 λόγου
3127 2535 3252 2598 ἄξια
3282 2534 3408 2602 ἄγει
3439 2535 3504 2586 τὸ
3540 2551 3629 2586 σε-

2033 2636 2162 2706 μνὸν
2187 2634 2280 2686 καὶ
2307 2632 2453 2702 μόνῳ
2487 2629 2606 2698 Θεῷ
2641 2629 2846 2700 πρέπον
2879 2629 3068 2697 ὄνομα,
3093 2629 3188 2680 καὶ
3217 2627 3335 2695 ἅμα
3363 2624 3630 2694 ἐναντιῲ-

2035 2744 2162 2796 ματι
2192 2721 2559 2793 χαλεπωτάτῳ
2583 2722 2978 2790 περιπεσεῖται.
3006 2719 3074 2770 Ἤ
3099 2716 3206 2788 γὰρ
3228 2718 3356 2779 τοὺς
3387 2716 3632 2768 ἀποστό-

2030 2819 2155 2880 λους
2195 2819 2329 2886 ἐρεῖ,
2367 2814 2515 2885 παρὰ
2569 2813 2630 2865 τὸ
2688 2812 2763 2882 μὴ
2809 2811 3106 2880 ἐκζητῆσαι
3150 2810 3241 2861 τὸν
3278 2809 3516 2879 Κύριον,
3554 2808 3632 2879 μὴ

2030 2909 2389 2979 τετυχηκέναι
2445 2905 2553 2959 τῶν
2599 2903 2924 2974 σωματικῶν
2972 2901 3226 2970 ἀγαθῶν·
3361 2902 3409 2953 εί
3464 2901 3631 2970 sxa}-

2032 3003 2251 3063 τοῦντες
2279 2998 2651 3067 ἀπετύγχανον
2678 2995 2785 3048 τῶν
2808 2994 3063 3048 τοιούτων
3088 2993 3330 3060 ἀγαθῶν,
3355 2993 3461 3062 τῆς
3489 2993 3633 3062 Γρα-

2038 3097 2142 3166 φῆς
2187 3093 2358 3161 αὐτῆς
2411 3090 2776 3159 κατηγορήσει
2831 3086 3094 3154 λεγούσης
3144 3085 3375 3155 μηδενὸς
3415 3085 3632 3151 ἀγαθοῦ

2038 3184 2386 3240 ἐλαττοῦσθαι
2415 3183 2539 3244 τοὺς
2566 3178 2930 3250 ὲκζητοῦντας
2955 3178 3045 3230 τὸν
3073 3177 3299 3247 Κύριον.
3340 3177 3511 3229 Ἀλλὰ
3539 3177 3634 3229 καὶ

2038 3276 2320 3347 ὲξεζήτουν
2348 3276 2397 3326 oi
2427 3275 2569 3340 ἅγιοι
2597 3272 2684 3324 τὸν
2715 3270 2936 3340 Κύριον,
2967 3270 3060 3322 καὶ
3089 3269 3188 3340 τῆς
3209 3268 3378 3320 αὑτοῦ
3403 3269 3508 3321 τοῦ
3533 3269 3633 3339 ζη-

2036 3369 2297 3440 τουμένου
2320 3365 2675 3435 καταλήψεως
2699 3363 2798 3415 οὐκ
2826 3361 3169 3431 ἠλαττοῦντο,
3197 3359 3319 3412 οὐδὲ
3347 3359 3463 3411 τῶν
3496 3361 3636 3412 ἀπο-

2038 3463 2305 3532 κειμένων
2337 3463 2394 3516 ὲν
2423 3462 2489 3528 τῇ
2521 3458 2713 3525 αἰωνίᾳ
2741 3455 3044 3509 ἀναπαύσει
3078 3453 3190 3523 (97)
3217 3452 3444 3519 ἀγαθῶν
3478 3455 3637 3505 ἑστε-

2043 3557 2302 3626 ρήθησαν.
2340 3551 2474 3622 Περὶ
2523 3549 2745 3603 ἐκείνων
2790 3548 2897 3617 γὰρ
2943 3547 3152 3615 λέγοιτο
3185 3545 3251 3598 ἂν
3291 3545 3509 3615 κυρίως
3550 3546 3633 3609 τι,

2039 3647 2270 3710 Παντὸς
2327 3643 2570 3713 ἀγαθοῦ.
2639 3642 2703 3694 Al
2751 3640 2858 3710 γὰρ
2926 3639 3230 3708 σωματικαὶ
3287 3638 3638 3700 ἀπολαύσεις

2041 3740 2221 3793 πλεῖον
2251 3737 2312 3792 τὸ
2342 3734 2599 3805 ὀδυνηρὸν
2625 3733 2805 3802 ἔχουσι
2852 3731 2946 3783 τοῦ
2988 3730 3173 3799 ἡδέος·
3223 3731 3270 3782 οἱ
3311 3731 3490 3800 γάμοι
3537 3731 3642 3792 τὰς

2040 3829 2317 3892 ἀπαιδίας,
2351 3826 2448 3889 τὰς
2468 3825 2718 3896 χηρείας,
2754 3824 2852 3886 τὰς
2881 3822 3209 3893 διαφθοράς·
3257 3823 3313 3872 αἱ
3355 3824 3642 3892 γεωργίαι

2040 3921 2138 3992 τὴν
2177 3916 2456 3988 ἀκαρπίαν
2479 3932 2490 3944 ο
2532 3915 2588 3966 αἱ
2618 3912 2880 3983 ἐμπορίαι
2908 3914 2976 3964 τὰ
3004 3911 3236 3978 ναυάγια
3255 3927 3268 3938 ·
3317 3911 3368 3961 οἱ
3405 3911 3641 3964 πλοῦτοι

2041 4014 2138 4077 τὰς
2176 4009 2468 4072 ἐπιϐουλάς
2493 4025 2505 4038 ·
2538 4009 2594 4061 αἱ
2628 4006 2834 4076 τρυφαὶ
2876 4005 2970 4057 καὶ
2996 4006 3044 4057 oi
3071 4004 3243 4075 κόροι,
3277 4004 3375 4056 καὶ
3413 4005 3476 4055 αι
3509 4021 3641 4056 συν·

2042 4105 2185 4172 εχεῖς
2215 4098 2542 4160 ἀπολαύσεις
2573 4096 2633 4148 τὸ
2661 4093 2902 4148 ποικίλον
2932 4093 3040 4146 τῶν
3067 4091 3422 4161 νοσημάτων,
3451 4094 3556 4146 καὶ
3581 4093 3644 4145 τὸ

2043 4191 2318 4252 πολυειδὲς
2376 4187 2485 4240 τῶν
2544 4184 2750 4239 παθῶν.
2806 4182 3015 4245 Παῦλος
3072 4183 3251 4252 μέντοι
3303 4182 3402 4232 καὶ
3441 4182 3646 4252 ἐξεζή-

2042 4305 2122 4339 τει
2155 4284 2265 4357 (98)
2299 4283 2391 4335 τὸν
2414 4279 2637 4350 Κύριον,
2671 4278 2764 4331 καὶ
2791 4276 2942 4329 οὐδὲν
2974 4274 3122 4344 αὐτῷ
3143 4274 3324 4326 ἔλειπε
3354 4273 3471 4324 τῶν
3502 4275 3643 4342 ἁγα-

2045 4378 2170 4432 θῶν.
2207 4373 2398 4429 Καίτοι
2450 4371 2532 4433 τίς
2577 4368 2644 4422 ἂν
2683 4367 3108 4439 ἐξαριθμήσαιτο
3144 4364 3210 4416 τὰ
3249 4362 3346 4415 τοῦ
3375 4362 3644 4433 σώματεδς

2046 4466 2272 4539 ὀχληρὰ,
2325 4457 2405 4526 οἷς
2462 4459 2614 4532 παρά
2647 4459 2825 4512 πάντα
2863 4459 2955 4530 τὸν
2997 4457 3187 4510 ἑαυτοῦ
3231 4455 3344 4525 βίον
3390 4456 3638 4525 συνέζης

2048 4561 2090 4612 Τ
2097 4562 2178 4631 pi;
2217 4552 2566 4629 ὲρῤαϐδίσθη,
2616 4550 2762 4614 ἅπαξ
2814 4548 3094 4620 ἐλιθάσθη,
3131 4549 3248 4620 τρὶς
3295 4549 3636 4618 ὲναιιάγησε,

2049 4652 2390 4723 νυχθήμερον
2449 4647 2507 4698 ὲν
2538 4644 2616 4716 τῷ
2649 4643 2793 4714 βυθῷ
2842 4643 3160 4713 πεποίηκεν,
3196 4644 3252 4694 ἐν
3295 4640 3641 4712 ὁδοιπορίαις

2327 4772 2372 4804 δ’
2399 4771 2563 4822 Amos
2628 4781 2744 4828 vm,
2792 4765 2880 4817 Η.
2956 4762 2999 4794 ⁶⁰
3031 4760 3072 4815 ll
3115 4762 3237 4814 Cor.
3297 4776 3378 4827 XI,
3408 4759 3508 4828 25,
3546 4761 3636 4813 27.

2135 4977 2246 5044 (96)
2275 4975 2416 5029 Editi
2457 4985 2512 5028 et.
2544 4973 2710 5026 nostri
2747 4971 3162 5044 umlecimmss.
3208 4968 3308 5044 τὸν
3367 4966 3642 5044 πρύσκαι-

2068 5038 2158 5118 ρον
2180 5038 2371 5118 ἔχοντα
2387 5045 2483 5118 τὴν
2497 5044 2815 5118 ἀπόλαυσιν.
2845 5041 2948 5118 __Sed
2981 5040 3061 5118 vir
3079 5038 3434 5118 doctissimus
3463 5039 3640 5118 idem:

2064 5106 2169 5189 que
2193 5106 2688 5189 confidentissimus
2711 5108 3077 5189 (Σοιιώείὶεἰιιε-
3097 5124 3194 5162 suo
3231 5106 3476 5189 periculo
3536 5107 3641 5189 legi

2065 5177 2177 5243 vult
2209 5187 2268 5239 τὸ
2299 5187 2630 5256 πρόσκαιρον
2666 5183 2808 5252 ἕχον,
2845 5192 2976 5240 ele.,
3028 5180 3080 5231 id
3109 5181 3251 5256 quod
3284 5179 3356 5230 ita
3384 5178 3501 5244 ipse
3543 5177 3644 5230 La-

2068 5261 2176 5313 tine
2205 5249 2454 5318 reddidit,
2500 5249 3022 5318 B'ortunt‘nuncupet,
3063 5249 3203 5315 quod
3237 5257 3644 5312 temperance»:

2069 5330 2221 5381 habet
2258 5327 2668 5395 jucundimtem.
2695 5321 3091 5395 Alii_qui_dlibet
3112 5319 3212 5372 sibi
3264 5318 3430 5395 licere
3483 5330 3646 5382 puta-

2067 5388 2281 5456 verint';
2309 5407 2364 5448 at
2399 5397 2551 5448 nobis
2581 5393 2766 5461 religio
2796 5391 2960 5444 fuerit
2981 5390 3248 5442 editorum
3272 5388 3434 5442 simul
3460 5398 3521 5441 et
3569 5392 3650 5439 tot

2068 5470 2316 5523 codicum
2350 5480 2480 5519 mss.
2515 5463 2893 5518 auctoritatem
2917 5472 3197 5526 spernere.

2141 5538 2250 5608 (97)
2281 5534 2638 5608 Reg._tertius
2660 5533 2855 5608 αἰωνίᾳ
2883 5528 3200 5592 ἀπολαύσει,
3233 5537 3290 5582 et
3329 5527 3406 5582 ita
3443 5526 3647 5597 legitur

2068 5610 2121 5662 in
2151 5604 2402 5673 margine
2429 5605 2558 5674 Reg.
2594 5604 2839 5658 secundi.

2134 5677 2249 5811 £98)
2275 5668 2347 5728 I'ta
2394 5690 2486 5729 sex
2512 5668 2644 5729 iuss.
2683 5674 2748 5727 At
2778 5673 2901 5727 editi
2936 5669 3133 5740 ἐζήτει.
3182 5668 3314 5738 Reg.
3374 5669 3647 5724 secundus

2166 5764 2298 5811 ητει.

2066 5749 2298 5819 ἐκζήτει.
