3818 6220
129 313 240 370 ’569

1280 311 1566 368 HOMILIA
1605 312 1670 366 IN
1707 311 2040 366 PSALMUM
2077 309 2318 365 XXXIII.

3299 309 3406 364 570

131 433 414 496 πολλάκις,
445 433 503 484 ὲν
532 430 676 502 λιμῷ
697 431 792 484 καὶ
807 429 948 498 δίψει
982 428 1113 500 (99),
1139 429 1196 482 ὲν
1225 429 1498 500 νηστείαις
1519 429 1716 482 πολλά-

1853 429 1984 482 nodo
2038 443 2144 482 non
2188 426 2534 481 minuebatur
2579 417 2955 490 corporalibus
2987 415 3190 471 bonis?
3224 416 3410 472 Evebe

131 545 246 591 κις,
275 527 332 578 ὲν
363 524 516 594 κόπῳ
543 523 638 576 καὶ¹
674 522 876 594 μόχθῳ,
909 525 966 575 ὲν
990 522 1257 588 ἀνάγκαις
1293 521 1572 585 πολλάκις.
1603 521 1718 575 Μέ-

133 635 230 690 χρι
293 617 394 688 τῆς
435 615 670 685 ἐσχάτης
717 613 864 684 ὧρας
907 613 1002 667 καὶ
1049 613 1250 666 πεινῶν
1291 612 1596 684 ἄνθρωπος,
1629 613 1722 664 καὶ

131 707 328 792 διψῶν,
353 707 447 760 καὶ
467 723 534 775 γυ
544 705 847 776 μνητεύων,
879 705 975 758 καὶ
999 703 1447 774 κολαφιζόμενος,
1482 703 1599 767 πῶς
1618 705 1718 756 οὐκ

1826 521 2010 589 igitur,
2040 535 2245 588 quaeso,
2273 527 2508 574 mentem
2545 517 2614 570 ad
2643 515 2696 568 id
2725 513 2868 582 quod
2901 523 3028 565 vere
3061 507 3260 564 bonum
3299 515 3404 572 est,

1824 621 1884 664 ut
1919 623 1974 666 et
2006 612 2298 681 Scriptum
2328 608 2742 664 consensionem
2787 602 3074 671 intelligas,
3106 609 3162 654 et
3189 615 3256 654 ne
3279 615 3410 655 con-

1817 701 1975 770 jicias
2007 712 2060 756 te
2086 703 2141 755 in
2179 701 2340 755 ullam
2373 698 2654 754 sententia:
2693 691 3120 762 ambiguitatem.

133 789 432 869 ἠλαττοῦτο
477 797 586 850 τῶν
627 795 956 867 σωματικῶν
1017 796 1276 866 ἀγαθῶν;
1346 797 1614 864 Ἀνάγαγε
1661 793 1756 848 οὖν
1798 812 1886 865 μοι
1925 795 2025 864 τὴν
2067 795 2306 849 διάνοιαν
2351 792 2444 845 ἐπὶ
2485 791 2548 844 τὸ
2609 789 2778 852 ὅντως
2803 785 3029 856 ἀγαθὸν,
3067 784 3154 836 ἵνα
3189 781 3284 834 καὶ
3311 778 3408 851 τὴν

135 893 456 964 συμφωνίαν
479 891 582 961 τῆς
601 892 822 965 Γραφῆς
845 890 1102 960 ἐπιγνῷς,
1131 891 1226 946 καὶ
1257 892 1480 946 σεαυτὸν
1517 891 1591 962 μὴ
1619 890 1933 964 καταϐάλῃς
1953 895 2020 962 τῇ
2051 891 2350 962 ἀμφιϐολίᾳ
2369 888 2470 959 τῆς
2495 886 2723 949 ἐννοίας.

205 985 260 1040 8.
296 983 494 1048 Δεῦτε,
531 981 730 1046 τέκνα,
766 982 1066 1038 ἀκούσατέ
1096 1001 1216 1053 μου
1237 1001 1250 1014 ο
1277 986 1464 1052 φόϐον
1500 983 1720 1050 Κυρίου

131 1075 356 1140 διδάξω
409 1074 584 1145 ὑμᾶς.
659 1073 994 1128 Ἐνδιαθέτου
1041 1075 1117 1146 (1)
1171 1074 1488 1128 διδασκάλου
1547 1073 1717 1144 φωνὴ,

131 1164 614 1237 προσκαλουμένου
650 1166 728 1227 είς
762 1165 998 1236 μάθησιν
1025 1164 1112 1217 διὰ
1142 1165 1415 1235 πατρικῆς
1447 1164 1722 1231 εὐσπλαγ-

130 1259 310 1328 χνίας.
331 1259 442 1310 Καὶ
465 1258 575 1329 γὰρ
599 1259 786 1312 τέκνον
811 1259 928 1310 ἐστὶ
961 1258 1323 1328 πνευματικὸν
1355 1257 1449 1310 τοῦ
1471 1257 1722 1312 διδασκά-

131 1351 229 1403 λου
261 1352 290 1404 6
319 1351 586 1422 μαθητής.
632 1352 688 1405 Ὀ
715 1350 823 1422 γὰρ
851 1351 1000 1422 παρὰ
1023 1368 1167 1413 τινος
1191 1349 1288 1422 τὴν
1317 1353 1596 1421 μόρφωσιν
1621 1349 1722 1420 τῆς

133 1443 420 1506 εὐσεϐείας
455 1443 763 1513 δεχόμενος,
801 1438 954 1505 οὗτος
977 1443 1139 1496 οἱονεὶ
1173 1442 1557 1495 διαπλάττεται
1593 1443 1720 1512 παρ’

133 1535 327 1598 αὐτοῦ,
357 1535 450 1588 καὶ
493 1537 572 1597 είς
605 1534 860 1588 σύστασιν
896 1534 1108 1602 ἄγεται,
1155 1533 1344 1603 ὥσπερ
1379 1533 1472 1586 καὶ
1501 1533 1606 1587 ὑπὸ
1623 1534 1720 1604 τῆς

131 1627 514 1699 κυοφορούσης
563 1629 630 1681 τὰ
661 1630 718 1679 ὲν
749 1627 886 1697 αὐτῇ
929 1626 1372 1697 διαμορφούμενα
1413 1625 1487 1697 (9..)
1519 1625 1714 1698 βρέφη.

1897 984 1951 1038 8.
1977 983 2142 1039 Vsus.
2171 983 2254 1038 12.
2301 981 2500 1044 Venite,
2535 979 2653 1048 ﬁlii,
2679 977 2861 1031 audite
2884 991 3000 1038 me;
3030 973 3268 1026 timorem
3303 967 3409 1022 Do-

1827 1076 1956 1128 mini
1989 1075 2181 1129 docebo
2223 1091 2328 1128 vos.
2358 1071 2608 1126 Benevoli
2645 1067 2892 1138 magistri
2938 1081 3038 1120 vox
3077 1071 3184 1128 ‘est,
3218 1063 3284 1115 ad
3325 1058 3412 1114 di-

1827 1167 2109 1236 sciplinam
2171 1173 2398 1235 paterna
2449 1161 2941 1236 commiseratione
2975 1155 3276 1210 invitantis.
3309 1153 3405 1206 Et-

1827 1259 1970 1313 enim
2010 1255 2309 1326 discipulus
2347 1253 2491 1308 ﬁlius
2525 1249 2825 1322 spiritualis
2877 1235 2963 1302 est
3005 1244 3270 1314 magistri.
3301 1240 3408 1310 Qui

1829 1349 1970 1403 enim
1997 1347 2066 1402 ab
2106 1347 2285 1416 aliquo
2317 1343 2806 1400 conformationem
2837 1337 3054 1410 pietatis
3079 1335 3326 1406 suscipit,
3357 1333 3406 1387 is

1829 1443 1975 1499 velut
2009 1443 2332 1498 informatur
2377 1441 2444 1496 ab
2495 1440 2638 1509 ipso,
2667 1447 2722 1493 et
2767 1435 3151 1506 compingitur,
3185 1433 3409 1503 perinde

1827 1546 1887 1589 ut
1945 1551 1977 1590 a
2029 1543 2342 1606 praegnante
2399 1532 2665 1599 infantes,
2719 1530 2812 1599 qui
2865 1529 2918 1582 in
2967 1541 3030 1581 ea
3079 1525 3406 1580 formantur.

1827 1628 1984 1683 Unde
2013 1627 2178 1682 etiam
2214 1625 2412 1682 Paulus
2469 1633 2637 1679 totam
2669 1622 2985 1678 Galatarum
3023 1615 3339 1680 Ecclesium,
3377 1629 3408 1669 a

133 1718 302 1772 Ὅθεν
355 1718 451 1772 καὶ
485 1719 696 1781 Παῦλος
729 1718 856 1788 ὅλην
903 1717 1000 1788 τὴν
1041 1718 1365 1788 Ἐκκλησίαν
1403 1717 1512 1770 τῶν
1545 1717 1718 1770 Γαλα-

1853 1719 2097 1774 mioribus
2137 1718 2438 1788 disciplinis
2475 1715 2760 1784 dilapsam,
2797 1723 2850 1768 et
2877 1711 3032 1782 151
3069 1707 3224 1777 quasi
3246 1707 3409 1762 abor-

129 1807 264 1872 τῶν,
301 1809 368 1861 ὲκ
390 1807 499 1861 τῶν
530 1808 812 1880 προτέρων
836 1807 1199 1860 διαπεσοῦσαν
1233 1808 1593 1879 μαθημάτων,
1623 1808 1720 1861 καὶ

133 1901 300 1954 οἱονεὶ
320 1901 717 1972 ἀμϐλωθεῖσαν,
739 1899 901 1953 πάλιν
931 1900 1346 1972 ἀναλαμϐάνων,
1377 1901 1471 1954 καλ⁵
1499 1901 1721 1972 μορφῶν

135 1993 346 2048 ἄνωθεν
402 1995 460 2046 ὲν
513 1994 695 2056 αὐτοῖς
747 1993 836 2044 τὸν
889 1993 1142 2064 Χριστὸν,
1189 1994 1352 2046 τέκνα
1399 1993 1586 2062 ἐλεγε-
1628 1992 1722 2045 καὶ

135 2083 326 2153 ἐπειδὴ
363 2085 480 2153 μετ’
513 2081 705 2151 ὀδύνης
747 2082 840 2134 καὶ
867 2081 1097 2150 θλίψεως
1131 2083 1364 2134 ἐποιεῖτο
1391 2082 1500 2134 τῶν
1523 2083 1723 2150 ἐσφαλ-

139 2175 318 2246 μένων
373 2175 474 2246 τὴν
511 2172 904 2242 ἐπανόρθωσιν,
950 2171 1160 2226 ὠδίνειν
1195 2173 1344 2242 ἔλεγε
1375 2176 1438 2244 τῇ
1465 2173 1608 2244 ψυχῇ
1635 2173 1722 2226 διὰ

133 2266 236 2335 τὴν
283 2263 377 2316 ἐπὶ
417 2265 528 2325 τοῖς
575 2261 912 2315 ἀποπεσοῦσι
947 2261 1140 2333 λύπην.
1191 2263 1404 2316 Τεκνία
1434 2281 1574 2331 μου,
1615 2263 1722 2327 οὓς

135 2357 328 2410 πάλιν
347 2355 560 2416 ὠδίνω,
591 2353 763 2424 ἄχρις
791 2350 862 2409 οὗ
884 2355 1172 2424 μορφωθῇ
1199 2355 1453 2423 Χριστὸς
1473 2357 1542 2408 ἐν
1559 2357 1718 2424 ὑμῖν.

135 2449 318 2502 Δεῦτε
339 2444 452 2510 οὖν,
477 2447 675 2508 τέκνα,
707 2445 1007 2501 ἀκούσατέ
1021 2465 1161 2516 μου.
1192 2447 1256 2500 Τί
1285 2465 1414 2501 ποτε
1447 2449 1554 2518 ἄρα
1581 2448 1724 2501 διδά-

139 2557 292 2593 σκειν
336 2539 516 2609 μέλλει
567 2540 594 2590 6
645 2537 1012 2608 πνευματικὸς
1055 2537 1210 2608 ἡμῶν
1244 2541 1462 2611 πατήρ;
1509 2541 1721 2607 Φόϐον,

137 2633 294 2706 uno},
333 2633 556 2699 Κυρίου
582 2629 801 2694 διδάξω
815 2629 991 2700 ὑμᾶς.
1034 2631 1250 2702 Ἐπειδὴ
1279 2633 1391 2686 ἄνω
1423 2633 1722 2704 προσέταξε

138 2721 424 2790 φοϐεῖσθαι
461 2721 552 2773 τὸν
583 2720 809 2792 Κύριον,
843 2721 936 2772 καὶ
981 2721 1042 2774 τὸ
1089 2723 1154 2774 ὲκ
1187 2721 1279 2775 τοῦ
1321 2724 1486 2790 φόϐου
1535 2723 1724 2795 κέρδος

137 2812 440 2876 ὑπέδειξεν,
489 2812 678 2876 εἰπὼν,
729 2813 850 2865 ’Ότι
889 2813 1001 2866 οὐκ
1041 2813 1212 2867 ἐστιν
1253 2815 1558 2885 ὑστέρημα
1601 2816 1726 2882 τοῖς

137 2903 537 2974 φοϐουμένοις
565 2905 770 2957 αὐτόν·
807 2902 902 2958 νῦν
941 2906 1038 2956 καὶ
1068 2905 1421 2959 διδασκαλίαν
1469 2907 1593 2960 τινὰ
1629 2907 1724 2962 τοῦ

137 2997 288 3052 θείου
335 2997 500 3066 φόϐου
553 2999 684 3068 ἡμῖν
727 2998 1080 3069 παραδίδωσι.
1117 3001 1189 3052 Τὸ
1221 3002 1317 3070 μὲν
1347 3002 1472 3072 γὰρ,
1513 3004 1595 3056 ὃτι
1621 3002 1724 3074 χρὴ

1825 1813 1992 1866 tivam
2029 1811 2224 1864 iterum
2261 1809 2558 1870 suscitans,
2581 1821 2644 1861 ac
2683 1806 2861 1861 denuo
2897 1807 2948 1857 in
2985 1801 3088 1855 illis
3132 1798 3410 1854 Christum

1822 1902 2086 1965 formans,
2115 1901 2254 1955 ﬁlios
2281 1899 2586 1970 appellabat
2607 1917 2618 1951 :
2639 1906 2692 1952 et
2723 1897 2978 1965 quoniam
3003 1892 3269 1960 collapsos
3284 1902 3410 1942 cum

1823 1995 2010 2049 dolore
2054 2003 2109 2050 et
2155 1991 2404 2063 angustia
2436 1990 2792 2054 emendabat,
2825 1987 3018 2054 spiritu
3054 1981 3325 2054 parturire
3351 1992 3414 2034 se

1823 2087 1980 2149 dixit,
2011 2087 2080 2140 ob
2115 2095 2434 2152 conceptam
2464 2084 2530 2138 de
2553 2081 2714 2150 lapsis
2753 2079 3052 2132 tristitiam.
3075 2073 3261 2127 Filioli
3285 2071 3409 2134 mei,

1823 2193 1952 2244 quos
1984 2178 2178 2230 iterum
2216 2178 2476 2244 parturio,
2517 2173 2679 2226 donec
2708 2171 2965 2238 formetur
2997 2170 3050 2222 in
3091 2167 3232 2220 vobis
3253 2163 3414 2218 Chri-

1823 2265 2020 2318 stus“.
2069 2262 2249 2318 Venite
2297 2263 2477 2335 igitur,
2506 2261 2832 2332 ﬁlii,audite
2861 2275 2962 2313 me.
3010 2257 3147 2324 Quid
3195 2256 3413 2309 tandem

1805 2367 1926 2410 'nos
1953 2355 2257 2425 spiritualis
2307 2363 2491 2410 noster
2519 2361 2677 2424 pater
2723 2354 2920 2406 docere
2962 2349 3076 2404 vult
3099 2349 3122 2407 ἲ
3149 2347 3415 2401 Timorem

1830 2447 2063 2514 Domini,
2095 2448 2291 2516 inquit,
2331 2447 2526 2501 docebo
2557 2462 2667 2501 vos.
2699 2443 2992 2511 Postquam
3034 2441 3416 2510 superiusius-

1825 2541 1897 2596 sit
1940 2541 2228 2596 Dominum
2289 2541 2516 2606 timere,
2552 2539 2874 2606 lucrumque
2913 2535 3056 2604 quod
3106 2547 3176 2586 ex
3221 2532 3416 2593 timore

1823 2634 2158 2704 percipitur,
2189 2633 2427 2689 ostendit
2467 2633 2551 2687 his
2605 2631 2787 2686 verbis
2825 2644 2838 2680 :
2882 2627 3147 2692 Quoniam
3191 2641 3297 2678 non
3339 2632 3416 2676 est

1825 2729 2004 2795 inopia
2055 2725 2353 2781 timentibus
2393 2741 2509 2779 eum
2544 2733 2706 2790 ;tum
2767 2722 2986 2776 demum
3049 2717 3206 2772 nobis
3250 2715 3418 2769 tradit

1827 2820 2064 2886 aliquam
2093 2817 2258 2872 divini
2293 2816 2504 2870 timoris
2544 2813 2870 2869 doctrinam.
2903 2809 3038 2864 Nam
3087 2811 3228 2877 quod
3263 2817 3416 2863 recte

1825 2912 2008 2966 valere
2037 2917 2308 2979 oporteat,
2333 2907 2625 2978 cujuslibet
2649 2907 2732 2960 vel
2779 2905 2958 2958 idiota:
2997 2901 3158 2956 fuerit
3186 2901 3368 2956 dicere
3398 2918 3413 2954 :

1830 3002 2099 3074 quomodo
2152 3015 2281 3056 vero
2325 3001 2694 3070 comparanda
2746 2997 2955 3053 sanitas
3005 2996 3100 3058 sit,
3136 2993 3266 3049 illud
3301 2992 3416 3062 jam

141 3091 430 3159 ὑγιαίνειν,
464 3091 662 3153 παντός
707 3092 856 3143 ἐστιν
898 3093 1094 3156 εἰπεῖν,
1123 3093 1216 3145 καὶ
1247 3093 1340 3146 τοῦ
1373 3093 1580 3147 ἰδιώτου
1605 3114 1618 3126 ·
1663 3095 1724 3148 τὸ

1853 3095 2102 3166 ηὀρτίιιῐη
2132 3103 2218 3150 est
2256 3093 2430 3160 illius,
2468 3091 2560 3162 qui
2590 3100 2764 3144 artem
2799 3087 3065 3142 medicam
3093 3085 3261 3140 novit.
3301 3083 3415 3138 Non

139 3183 221 3245 δὲ,
253 3181 370 3244 πῶς
393 3180 500 3252 χρὴ
537 3180 842 3252 κτήσασθαι
879 3181 977 3252 τὴν
1009 3182 1217 3249 ὑγείαν,
1259 3181 1416 3234 τοῦτο
1449 3182 1578 3236 ἴδιον
1623 3183 1722 3255 ἤδη

139 3273 238 3326 τοῦ
265 3273 366 3344 τὴν
401 3271 650 3342 ἰατρικὴν
672 3272 866 3342 τέχνην
893 3273 1276 3343 ἐπισταμένου.
1314 3274 1388 3326 Οὐ
1427 3276 1532 3337 πᾶς
1565 3275 1726 3343 φόϐος

141 3366 348 3435 ἀγαθόν
378 3367 494 3418 ἐστι
523 3365 618 3418 καὶ
641 3367 926 3435 σωτήριον,
961 3365 1075 3418 ἀλλ’
1127 3366 1240 3419 ἔστι
1279 3383 1364 3430 τις
1398 3367 1492 3420 καὶ
1535 3367 1728 3440 ἐχθρὸς

146 3459 330 3530 φόϐος,
359 3459 418 3512 δν
443 3457 740 3528 ἀπεύχεται
765 3461 792 3512 ὁ
811 3460 1103 3530 Προφήτης
1127 3462 1444 3529 ἐγγενέσθαι
1472 3463 1636 3516 αὐτοῦ
1660 3467 1725 3535 τῇ

143 3551 312 3620 ψυχῇ,
349 3549 550 3617 λέγων·
610 3549 742 3602 Ἀπὸ
777 3550 962 3618 φόϐου
1003 3551 1220 3619 ἐχθροῦ
1259 3553 1334 3624 (5)
1368 3553 1583 3616 ἐξελοῦ
1617 3555 1730 3623 τὴν

145 3639 360 3708 ψυχήν
383 3656 525 3707 μου.
570 3637 794 3708 Ἐχθρὸς
823 3639 931 3710 γὰρ
961 3639 1124 3708 φόϐος
1150 3641 1178 3692 6
1207 3641 1436 3694 θανάτου
1465 3646 1596 3713 ἡμῖν
1621 3644 1729 3696 δει-

145 3731 268 3784 λίαν
295 3730 560 3801 ὲμποιῶν,
590 3731 618 3781 ὁ
651 3729 958 3800 προσώπων
1008 3731 1280 3802 ὑπεροχὰς
1325 3737 1730 3806 καταπτήσσειν

148 3823 298 3893 ἡμᾶς
323 3820 654 3875 ἀναπείθων.
689 3821 813 3884 Πῶς
837 3821 946 3893 γὰρ
979 3823 1008 3875 6
1037 3823 1210 3876 ταῦτα
1231 3823 1565 3895 φοϐούμενος
1585 3827 1732 3897 δυνή-

151 3927 306 3964 σεται
341 3913 400 3962 ἐν
435 3908 614 3980 καιρῷ
647 3910 948 3980 μαρτυρίου
993 3910 1154 3982 μέχρι
1199 3911 1428 3966 θανάτου
1469 3915 1605 3986 πρὸς
1636 3917 1733 3988 τὴν

150 4003 428 4076 ἁμαρτίαν
455 4003 911 4072 ἀντικαταστῆναι
945 4003 1044 4074 (4),
1073 4005 1168 4056 καὶ
1201 4005 1490 4060 ἀποδοῦναι
1519 4007 1596 4078 τῷ
1621 4011 1732 4062 Κυ-

153 4096 256 4168 ρίῳ
307 4094 407 4166 τὴν
463 4095 704 4164 ὀφειλὴν,
751 4093 828 4163 τῷ
882 4095 1022 4166 ὑπὲρ
1072 4095 1228 4166 ἡμῶν
1287 4097 1612 4152 ἀποθανόντι
1641 4102 1736 4154 καὶ

151 4187 468 4259 ἑγερθέντι;
497 4187 608 4239 Καὶ
633 4189 660 4239 ὁ
683 4187 788 4239 ὑπὸ
809 4187 1075 4256 δαιμόνων
1103 4191 1400 4260 εὐπτόητος
1427 4192 1519 4245 τὸν
1545 4192 1736 4264 ἐχθρὸν

153 4281 269 4351 ἔχει
293 4279 458 4348 φόϐον
487 4280 546 4333 ὲν
573 4280 768 4350 ἑαυτῷ.
795 4281 904 4334 Καὶ
927 4281 1084 4344 ὅλως,
1109 4285 1136 4335 6
1163 4283 1403 4348 τοιοῦτος
1429 4285 1591 4354 φόϐος
1611 4289 1738 4340 ἀπι-

156 4371 312 4434 στίας
358 4371 533 4424 ἔοικεν
589 4371 809 4439 ἔγγονον
865 4366 1006 4426 εἷναι
1055 4373 1244 4437 πάθος.
1280 4375 1474 4440 Οὐδεὶς
1506 4377 1613 4448 γὰρ
1652 4397 1740 4432 πι-

155 4459 366 4514 στεύων
403 4459 620 4532 ίσχυρὸν
669 4461 818 4532 αὑτῷ
857 4463 1111 4532 παρεῖναι
1143 4468 1234 4516 τὸν
1269 4465 1460 4536 βοηθὸν
1495 4467 1740 4536 φοϐεῖται

153 4551 268 4605 ἀπό
293 4569 438 4614 τινος
465 4551 574 4604 τῶν
604 4553 1022 4624 ἐπιχειρούντων
1051 4556 1214 4608 αὐτὸν
1236 4559 1615 4628 ὲκταράσσειν.
1645 4561 1742 4613 Φό-

157 4647 256 4708 ϐος
287 4637 408 4698 δὲλό
447 4645 734 4716 σωτήριος,
770 4645 862 4697 καὶ
909 4646 1072 4713 φόϐος
1119 4648 1392 4718 ἁγιασμοῦ
1441 4651 1742 4721 ποιητικὸς,

158 4737 326 4808 φόϐος
353 4739 382 4790 6
408 4737 526 4790 κατ’
557 4737 916 4806 ἐπιτήδευσιν,
944 4739 1037 4791 καὶ
1069 4740 1188 4809 οὐχὶ
1225 4740 1366 4794 κατὰ
1393 4743 1560 4806 πάθος
1593 4746 1744 4812 ἐγγι-

157 4831 384 4899 νόμενος
417 4831 482 4898 τῇ
517 4827 684 4899 ψυχῇ,
721 4829 973 4901 ποῖός
1013 4831 1126 4882 ἐστι
1151 4830 1326 4900 βούλει
1363 4833 1742 4906 διηγήσωμαι;

235 4987 280 5018 ⁸³
323 4986 444 5042 Gal.
479 5003 554 5052 tv,
581 4987 666 5044 i9.
745 4987 790 5020 ⁸³
813 4987 957 5043 Psal.
985 5004 1120 5046 thu
1143 5030 1158 5056 ,
1187 4991 1241 5046 2.

245 5124 539 5198 (θθλβοῖῑ).
563 5127 770 5198 primus
796 5127 890 5180 καὶ
917 5125 1067 5198 δίψῃ.

243 5195 320 5264 (1)
342 5195 476 5250 νοις
497 5197 802 5260 ἐνδιάθετος
835 5199 964 5250 mihi
986 5195 1097 5252 'lioc
1135 5197 1252 5252 loco
1283 5197 1423 5251 idem
1457 5199 1638 5253 valere
1669 5201 1750 5254 vi-

165 5269 330 5322 detur
361 5267 514 5340 quod
567 5283 668 5340 vox
709 5267 1007 5340 spirate-ﬁge
1053 5269 1297 5340 magistri
1353 5269 1515 5340 intus_
1546 5271 1746 5340 a/fecti,

167 5337 421 5400 amantis,
443 5337 696 5390 benevoli.
730 5337 836 5392 Sed
870 5337 1030 5405 paulo
1073 5338 1226 5390 aliter
1275 5339 1440 5390 sentit
1477 5337 1748 5394 Combeﬁ-

167 5409 311 5488 sius,
329 5407 482 5475 cujus
510 5407 622 5462 haec
643 5419 820 5488 sunt_:
866 5405 1171 5488 ἐνδιαθέτου
1191 5479 1201 5488 ⁸
1219 5407 1562 5470 διδασκάλου,
1593 5411 1744 5476 quasi

167 5475 439 5548 ἐμψύχου,
471 5491 539 5548 ea;
566 5479 740 5530 animo
770 5477 1028 5546 loquentis
1063 5479 1299 5548 magistri
1331 5495 1428 5532 vox
1457 5495 1474 5532 :
1510 5475 1746 5533 sincere:

170 5553 288 5600 sive
316 5547 501 5609 etiam,
525 5547 692 5611 intus,
725 5551 782 5600 in
809 5548 986 5601 corde.

243 5615 321 5691 (ᾖ)
341 5616 425 5691 lta_
447 5631 552 5691 sex
569 5631 700 5673 mss.
731 5618 870 5691 Editi
901 5633 1031 5672 vero
1057 5617 1430 5691 κυοφορούσης
1473 5619 1540 5674 τὰ
1569 5615 1744 5690 βρέφη

165 5685 238 5742 τὸ
367 5687 504 5758 αὐτῇ
530 5685 988 5758 διαμορφούμενα.

253 5756 332 5827 (5)
365 5757 526 5812 Recte
567 5756 632 5812 ac
675 5756 808 5814 Scite
840 5756 1130 5816 annotavit
1163 5759 1520 5817 Combclisius
1579 5760 1744 5815 inter-

1827 3190 1971 3242 enim
1995 3185 2174 3257 quivis
2214 3187 2375 3240 timor
2405 3187 2580 3239 bonus
2619 3191 2704 3238 est
2731 3191 2826 3235 aut
2868 3177 3148 3242 salutaris,
3196 3177 3306 3230 imo
3335 3184 3420 3230 est

1827 3283 1988 3336 etiam
2021 3279 2240 3348 quidam
2279 3277 2491 3332 hostilis
2521 3277 2702 3340 timor,
2739 3287 2898 3343 quem
2932 3275 3255 3340 deprecatur
3281 3265 3418 3321 Pro-

1829 3375 2009 3441 pheta,
2037 3385 2106 3426 ne
2141 3369 2310 3440 ipsius
2359 3369 2556 3422 animae
2603 3367 2851 3428 accedat,
2881 3364 3070 3418 dicens
3109 3376 3124 3415 :
3155 3362 3200 3416 A
3233 3360 3420 3413 timore

1829 3465 2040 3516 inimico
2065 3463 2206 3530 eripe
2233 3461 2463 3514 animam
2495 3475 2666 3512 meam
2684 3457 2750 3510 “.
2791 3455 3048 3510 Inimicus
3077 3454 3224 3508 enim
3257 3453 3421 3506 timor

1831 3563 1913 3608 cst
1942 3553 2032 3622 qui
2067 3552 2227 3606 nobis
2256 3551 2398 3622 parit
2423 3552 2614 3604 mortis
2645 3559 2868 3613 metum,
2894 3547 3172 3616 nobisque,
3195 3553 3255 3598 ut
3289 3555 3419 3613 per-

1832 3661 2084 3699 sonorum
2133 3645 2424 3713 dignitates
2463 3643 2845 3710 formidemus,
2885 3639 3097 3694 suadet.
3135 3635 3422 3703 Quomodo

1832 3738 1972 3792 enim
2011 3735 2103 3804 qui
2151 3737 2340 3790 isthaec
2371 3735 2594 3797 metuit,
2633 3733 2832 3802 poterit
2875 3740 3121 3798 tempore
3171 3723 3422 3796 martyrii

1835 3831 1898 3882 ad
1931 3837 2159 3881 mortem
2189 3840 2361 3896 usque
2395 3836 2622 3894 peccato
2661 3826 2935 3887 resistere,
2973 3837 3036 3874 ac
3065 3819 3298 3875 Domino
3325 3818 3430 3886 qui

1836 3935 1932 3988 pro
1957 3919 2114 3973 nobis
2133 3927 2380 3972 mortuus
2406 3925 2564 3972 estet
2603 3917 2920 3978 resurrexit,
2951 3915 3194 3968 debitum
3239 3907 3422 3964 exsol-

1837 4028 1962 4066 vere
1987 4011 2010 4064 ?
2039 4011 2104 4065 Et
2131 4011 2220 4081 qui
2247 4025 2276 4064 a
2304 4010 2651 4065 daemonibus
2687 4009 2846 4064 facile
2877 4017 3235 4078 perterretur,
3265 4005 3318 4058 in
3361 4018 3424 4057 se

1838 4106 1956 4173 ipso
1981 4104 2258 4158 inimicum
2295 4104 2542 4157 timorem
2575 4103 2755 4156 habet.
2787 4101 2848 4154 Et
2886 4117 2992 4154 uno
3020 4100 3208 4160 verbo,
3242 4097 3426 4166 hujus-

1839 4197 1982 4251 modi
2027 4197 2189 4250 timor
2234 4195 2570 4265 perturbatio
2620 4195 2865 4264 quaadnm
2921 4208 2988 4246 ex
3047 4189 3432 4244 incredulitate

1841 4297 2099 4356 prognata
2139 4287 2354 4341 videtur
2385 4301 2526 4341 esse.
2571 4285 2740 4340 Nemo
2793 4285 2934 4338 enim
2975 4283 3070 4352 qui
3103 4282 3204 4336 sibi
3233 4281 3426 4334 adesse

1843 4379 2018 4432 credit
2061 4377 2254 4433 fortem
2305 4378 2708 4442 auxiliatorem,
2750 4376 2901 4430 timet
2949 4375 3182 4441 aliquem
3211 4385 3422 4434 eorum,

1846 4471 1940 4539 qui
1979 4470 2152 4540 ipsum
2199 4471 2528 4524 conturbare
2569 4477 2854 4522 conantur.
2893 4466 3080 4519 Timor
3105 4473 3284 4516 autem
3330 4461 3424 4530 qui

1849 4563 2104 4618 salutaris
2136 4572 2240 4628 est,
2261 4573 2314 4615 et
2335 4562 2496 4615 timor
2517 4563 2605 4630 qui
2631 4561 2844 4614 confert
2866 4557 3230 4622 sanctitatem,
3263 4555 3432 4608 timor.

1851 4656 1943 4724 qui
1969 4657 2035 4710 de
2067 4655 2351 4720 industria,
2387 4665 2441 4709 et
2479 4671 2585 4708 non
2619 4655 2914 4706 secundum
2947 4647 3285 4704 affectionem
3310 4645 3428 4698 ani-

1856 4765 1944 4802 mo
1973 4751 2190 4813 accidit,
2220 4750 2301 4802 vis
2325 4763 2590 4818 exponam
2618 4745 2793 4816 qualis
2823 4743 2932 4798 sit?
2955 4743 3035 4796 Ad
3068 4739 3284 4809 aliquod
3309 4751 3430 4808 pec-

1855 4849 2034 4894 catum
2079 4838 2278 4909 impelli
2317 4847 2367 4893 te
2415 4855 2537 4892 cum
2567 4837 2790 4902 videris,
2833 4833 3158 4888 horrendum
3210 4829 3337 4883 illud
3373 4837 3428 4882 et

1855 5143 2062 5198 pretcm
2115 5140 2354 5183 veterem
2417 5129 2790 5196 imprudenter
2837 5121 3121 5198 vulgatam
3182 5130 3426 5198 secutum

1859 5191 2048 5260 fuisse,
2109 5215 2208 5253 nec
2243 5199 2434 5267 psalmi
2459 5191 2620 5251 verba
2647 5198 2734 5250 hic
2769 5196 2904 5267 verti
2960 5191 3230 5267 debuisse.
3291 5207 3323 5241 a
3363 5193 3430 5267 ti-

1857 5287 1998 5322 more
2029 5261 2257 5332 t'nimici,
2289 5269 2406 5332 scd,
2438 5285 2470 5320 η
2507 5269 2690 5320 timore
2719 5266 2957 5318 inimica.
2987 5263 3090 5332 lies
3119 5265 3186 5312 ita
3223 5261 3434 5328 perspi-

1855 5357 1954 5394 cua
1985 5351 2092 5402 est,
2129 5349 2186 5392 ut
2241 5331 2417 5402 nemo,
2459 5341 2684 5405 Opinor,
2738 5337 2903 5388 homo
2939 5335 3030 5405 qui
3073 5331 3216 5385 hunc
3254 5331 3432 5384 locum

1856 5421 2060 5463 attente
2089 5409 2298 5477 legerit,
2335 5424 2396 5462 ea
2424 5404 2582 5462 deire
2603 5406 2950 5477 dubitaturos
2981 5404 3073 5456 sit.

1927 5481 2006 5550 (4)
2035 5471 2169 5546 Reg:
2195 5477 2464 5550 secundus
2485 5476 2842 5550 καταστῆναι.
2863 5473 2982 5528 Mox
3003 5487 3134 5527 mss.
3160 5486 3250 5526 sex
3275 5471 3433 5544 ἐγερ-

1856 5548 2026 5608 θέντι.
2055 5549 2196 5604 Editi
2221 5563 2349 5602 vero
2372 5548 2665 5601 ἀναστάντι

1929 5623 2006 5690 (5,)
2045 5623 2116 5674 lta
2149 5629 2382 5688 quatuor
2405 5635 2534 5674 mss.
2565 5633 2686 5674 cum
2741 5615 2979 5674 editione
3021 5613 3184 5668 Basil.
3251 5611 3434 5668 Editio

1855 5707 1980 5748 vero
2009 5692 2176 5748 Paris.
2204 5690 2406 5752 ὁποῖος.
2823 5699 2826 5702 '

1847 5859 1876 5876 Α.
