3818 6220
467 280 571 339 δτι

1824 286 1883 340 S.
1924 282 2173 340 BASILII
2215 283 2430 341 MAGNI
3626 288 3699 343 τιἷὲ

466 381 810 448 intolerabile
848 388 1050 446 Christi
1075 390 1334 471 tribunal,
1367 407 1570 462 quaeso,
1599 395 1778 467 cogita
1806 416 1821 453 :
1864 399 1917 452 in
1948 414 2057 469 quo

2169 399 2329 450 Ὅταν
2361 396 2563 470 μέλλῃς
2589 395 2680 450 ἐπί
2705 412 2826 451 τινα
2847 396 3025 468 όρμᾷν
3048 395 3346 468 ἁμαρτίαν,
3375 398 3621 470 ἐννόησόν
3639 419 3699 469 μα

466 484 721 558 praesidet
771 483 986 552 quidem
1017 482 1182 552 judex
1219 486 1273 539 in
1320 485 1431 541 alto
1469 486 1703 556 quodam
1743 498 1797 543 et
1840 492 2054 546 sublimi

472 575 878 640 throno,omnis
908 589 1039 629 vero
1063 586 1310 630 creatura
1352 578 1421 631 ob
1452 578 1745 650 gloriosum
1776 582 1894 653 ejus
1932 598 2058 638 con-

469 674 711 735 spectum
743 667 1173 721 contremiscens
1198 676 1374 733 astat;
1410 669 1520 726 imo
1549 686 1682 726 vero
1705 672 1944 728 futurum
1974 683 2059 730 est

467 764 531 812 ut
566 754 762 824 singuli
803 756 1157 822 adducamur,
1187 774 1375 813 eorum
1409 776 1529 830 qua
1558 763 1611 816 in
1646 764 1752 818 vita
1785 766 2058 833 egerimus

472 861 700 902 examen
727 848 981 904 subituri.
1014 850 1218 906 Deinde
1243 852 1315 918 ei,
1350 854 1442 924 qui
1473 854 1641 910 multa
1676 856 1815 911 mala
1846 873 1943 924 per
1974 859 2057 913 vi-

474 950 583 996 tam
614 944 1029 1011 perpetraverit,
1062 945 1355 1002 horribiles
1378 946 1597 1016 quidam
1636 962 1701 1003 ac
1735 950 1935 1006 morosi
1968 965 2061 1005 an-

473 1033 578 1104 geli
616 1034 890 1103 assident,
936 1037 1115 1106 ignem
1169 1052 1236 1093 ex
1283 1039 1458 1093 oculis
1501 1041 1845 1107 emittentes,
1878 1042 2057 1112 ignem

473 1129 772 1197 spirantes,
825 1142 1047 1200 propter
1089 1132 1256 1187 animi
1298 1134 1672 1200 acerbitatem,
1729 1137 1873 1191 nocti
1909 1136 2059 1191 vultu

474 1222 697 1285 similes,
730 1223 799 1279 ob
838 1222 993 1279 faciei
1037 1225 1384 1280 telricitatem
1432 1236 1488 1282 et
1535 1228 1816 1282 hominum
1854 1228 2057 1285 odium.

475 1310 666 1364 Postea
697 1311 879 1368 animo
924 1312 1015 1367 tibi
1051 1313 1222 1384 ﬁngas
1256 1316 1572 1373 barathrum
1604 1318 1949 1388 profundum,
1979 1329 2060 1375 te-

476 1404 673 1460 uebras
700 1405 1165 1474 impenetrabiles,
1203 1409 1379 1478 ignem
1429 1409 1733 1479 splendoris
1761 1422 2059 1480 expertem,

476 1497 586 1549 vim
616 1496 834 1565 quidem
868 1500 1058 1554 urendi
1098 1499 1152 1554 in
1185 1501 1424 1556 tenebris
1465 1502 1775 1571 habentem,
1803 1503 1898 1558 sed
1945 1503 2063 1558 luce

2160 491 2337 542 ὲκεῑνο
2366 490 2427 542 τὺ
2463 489 2689 561 φρικτὸν
2718 490 2811 543 καὶ
2847 488 3170 542 ἀνύποιστον
3204 489 3294 542 τοῦ
3324 490 3566 561 Χριστοῦ
3587 492 3697 545 ius.

2162 582 2403 652 στήριον,
2454 583 2512 634 ἐν
2546 574 2590 649 ᾧ
2630 579 3028 654 προκαθέζεται
3076 580 3174 650 μὲν
3217 582 3310 634 ἐπὶ
3360 581 3563 653 θρόνου
3596 583 3698 646 τινὸς

2162 671 2368 742 ὑψηλοῦ
2393 671 2486 727 καὶ
2520 672 2828 744 ἐπηρμένου
2859 672 2889 724 ὁ
2916 671 3131 743 κριτὴς,
3161 672 3487 743 παρέστηκε
3512 672 3571 725 δὲ
3590 676 3697 726 πᾶσι

2160 766 2193 835 ἠ
2220 765 2396 828 κτίσις
2418 764 2804 836 ὑποτρέμουσα
2840 765 2938 834 τὴν
2969 763 3285 831 ἐπιφάνειαν
3321 762 3501 816 αὐτοῦ
3530 766 3614 833 τὴν
3638 766 3696 815 ἐν-

2158 852 2339 919 δοξον·
2374 854 2719 927 παράγεσθαι
2761 853 2818 907 δέ
2851 853 3114 924 μέλλομεν
3153 854 3270 907 καθ’
3302 855 3411 908 ἕνα
3451 857 3529 919 εἰς
3551 855 3696 919 ἐξέτα-

2163 964 2246 1001 σιν
2290 946 2398 1001 τῶν
2445 947 2792 1018 βεϐιωμένων
2841 947 2993 1016 ἡμῖν.
3038 941 3172 999 Εἶτα
3205 946 3289 1018 τῷ
3315 947 3497 1000 πολλά
3531 949 3697 1018 πονηρὲ

2161 1037 2486 1108 πεποιηκότι
2521 1037 2661 1091 κατά
2687 1037 2777 1090 τὸν
2800 1036 2913 1106 βίον
2942 1035 3161 1107 φοϐεροί
3185 1054 3334 1102 τινες
3364 1039 3463 1092 καὶ
3484 1042 3697 1109 κατηφεῖς

2162 1132 2522 1201 παρίστανται
2552 1130 2795 1199 ἄγγελοι,
2827 1129 2939 1200 πῦρ
2969 1128 3275 1198 βλέποντες,
3304 1129 3424 1201 πῦρ
3451 1131 3696 1184 ἀναπνέω-

2160 1240 2272 1285 τες,
2316 1222 2403 1275 διὰ
2430 1223 2528 1293 τὴν
2574 1221 2798 1292 πικρίαν
2832 1220 2934 1289 τῆς
2960 1221 3356 1292 προαιρέσεως,
3396 1220 3547 1274 νυκτὶ
3569 1218 3695 1272 ἐοικό-

2160 1327 2252 1373 τες
2293 1310 2363 1363 τά
2390 1311 2674 1382 πρόσωπα,
2723 1309 2813 1363 διὰ
2841 1310 2900 1364 τὸ
2927 1312 3167 1380 κατηφὲς
3203 1311 3297 1364 καὶ
3337 1310 3696 1382 μισάνθρωπον.

2162 1402 2295 1459 Εἶτα
2348 1405 2620 1477 βάραθρον
2660 1404 2820 1476 βαθὺ,
2862 1405 2956 1458 καὶ
3002 1404 3194 1467 σκότος
3224 1402 3598 1469 ἀδιεξόδευτον,
3631 1402 3698 1455 καὶ

2164 1496 2275 1569 πῦρ
2300 1497 2577 1568 ἀλαμπὲς·
2611 1499 2669 1549 ἑν
2694 1496 2770 1568 τῷ
2807 1496 2988 1549 σκότει
3008 1495 3108 1565 τὴν
3144 1495 3241 1566 μὲν
3264 1495 3563 1563 καυστικὴν
3580 1494 3700 1545 δύντ-

478 1587 793 1642 destitutum
822 1607 837 1643 :
871 1588 1104 1645 subinde
1141 1591 1406 1647 vermium
1439 1595 1710 1664 quoddam
1764 1609 1934 1664 genus
1973 1610 2063 1651 ve-

2169 1608 2259 1660 μιν
2283 1590 2423 1659 ἕχον,
2463 1589 2525 1641 τὸ
2552 1587 2609 1640 δέ
2634 1588 2835 1657 φέγγος
2874 1587 3249 1658 ἀφῃρημένον.
3282 1582 3424 1639 Εἶτα
3454 1583 3699 1653 σκωλήκων

477 1690 738 1733 uenatum
773 1693 838 1734 ac
870 1679 1240 1747 carnivorunt,
1284 1684 1451 1739 edens
1509 1684 1917 1750 insatiabiliter,
1965 1699 2063 1739 nec

2169 1681 2319 1748 γένος
2346 1679 2547 1733 ἰοϐόλον
2584 1679 2678 1731 καὶ
2711 1679 3077 1750 σαρκοφάγον,
3098 1677 3393 1749 ἀπλήστως
3425 1675 3606 1739 ἐσθίον,
3629 1675 3698 1726 καὶ

478 1782 718 1836 unquam
755 1771 1104 1837 exsatiatum,
1140 1772 1510 1831 intolerabiles
1550 1776 1764 1831 dolores
1795 1777 2063 1831 morsibus

2171 1772 2438 1843 μηδέποτε
2482 1771 2895 1841 κορεννύμενον,
2931 1770 3237 1841 ἀφορήτους
3263 1768 3460 1831 ὀδύνας
3485 1764 3698 1837 ἐμποιοῦν

477 1857 780 1914 inducens:
816 1869 1092 1930 postremo
1146 1863 1468 1933 supplicium
1521 1869 1761 1921 omnium
1806 1869 2067 1939 gravissi-

478 1964 652 2019 mum,
684 1951 947 2020 probrum
988 1952 1116 2008 illud
1148 1965 1202 2009 et
1230 1957 1464 2013 dedecus
1495 1959 1904 2028 sempiternum.
1939 1961 2065 2017 Haec

478 2040 630 2106 time,
657 2049 714 2095 et
750 2041 856 2097 hoc
883 2043 1077 2098 timore
1097 2046 1361 2113 eruditus,
1399 2049 1550 2118 quasi
1577 2048 1731 2106 freno
1767 2053 1999 2121 quodam
2032 2068 2062 2106 a

478 2132 661 2200 pravis
691 2133 1146 2202 concupiscentiis
1197 2144 1346 2191 tuam
1389 2139 1581 2194 cohibe
1616 2141 1875 2197 animam.
1908 2141 2063 2197 Hunc

478 2223 690 2278 Domini
721 2224 967 2279 timorem
1005 2226 1163 2297 152
1213 2228 1498 2284 docturum
1536 2247 1595 2287 se
1642 2248 1739 2288 nos
1784 2245 1937 2302 pater
1974 2234 2066 2290 ille

478 2318 765 2388 promisit;
824 2334 932 2374 non
980 2320 1457 2377 indiscriminatim
1492 2323 1708 2393 quidem
1750 2324 2069 2391 docturuut,

480 2408 573 2462 sed
608 2422 724 2474 eos,
749 2410 842 2479 qui
891 2411 940 2466 ei
983 2413 1297 2469 auscultare
1342 2415 1566 2482 volunt,
1597 2433 1702 2470 non
1756 2417 1845 2471 diu
1899 2418 2065 2473 colla-

480 2513 628 2566 psos,
672 2501 766 2553 sed
800 2515 920 2567 eos,
957 2503 1048 2571 qui
1084 2512 1306 2573 propter
1349 2506 1541 2561 salutis
1590 2506 1920 2562 desiderium
1968 2524 2060 2564 ac-

481 2597 709 2641 currunt
732 2608 744 2642 :
775 2605 878 2643 non
909 2603 1185 2647 extraneos
1214 2611 1245 2647 a
1265 2593 1607 2651 Testamentis
1630 2597 1697 2663 “,
1724 2598 1817 2653 sed
1841 2613 1954 2663 eos,
1974 2599 2066 2668 qui

482 2696 549 2733 ex
597 2679 921 2750 baptismate
958 2684 1124 2737 verbo
1165 2686 1470 2755 adoptionis
1510 2688 1558 2742 ei
1595 2688 1867 2756 conjuncti
1918 2699 2063 2745 sunt.

480 2771 795 2839 PrOpterea,
836 2774 1033 2845 inquit,
1074 2777 1285 2843 venite;
1322 2777 1423 2831 hoc
1449 2786 1549 2841 est,
1589 2794 1685 2848 per
1727 2780 1865 2833 bona
1899 2794 2064 2848 opera

483 2863 909 2933 appropinquate
940 2868 1006 2919 ad
1042 2883 1148 2935 me,
1186 2867 1302 2932 lilii,
1334 2868 1479 2939 digni
1514 2870 1681 2924 habiti
1711 2872 1803 2940 qui
1858 2886 1953 2939 per
1986 2885 2068 2925 re-

484 2957 884 3025 generationem
920 2958 1011 3013 ﬁlii
1060 2958 1197 3014 lucis
1241 2962 1437 3015 essetis
1462 2962 1527 3016 ⁸⁸.
1560 2963 1777 3028 Audite,
1836 2979 1933 3018 vos
1972 2965 2065 3034 qui

2164 1865 2231 1934 τῇ
2262 1861 2625 1933 καταϐρώσει.
2662 1858 2795 1915 Εἶτα
2826 1863 2924 1934 τὴν
2956 1861 3144 1914 πασῶν
3167 1860 3553 1930 χαλεπωτάτην
3576 1858 3697 1912 κόλα-

2166 1969 2273 2019 σιν,
2305 1954 2397 2006 τὸν
2415 1952 2715 2023 ὀνειδισμὸν
2745 1954 2947 2005 ἐκεῖνον
2972 1952 3067 2005 καὶ
3092 1953 3189 2021 τὴν
3212 1950 3478 2020 αἰσχύνην
3494 1951 3583 2020 τὴν
3601 1946 3698 2001 αἰώ-

2164 2061 2296 2099 νιον.
2325 2044 2508 2097 Ταῦτα
2547 2043 2715 2113 φοϐοῦ
2737 2061 2750 2073 ·
2793 2045 2889 2097 καὶ
2920 2043 3095 2114 τούτῳ
3124 2043 3202 2113 τῷ
3231 2042 3388 2113 φόϐῳ
3427 2042 3694 2110 παιδευόμε-

2164 2155 2274 2202 νος,
2310 2138 2474 2191 οἱονεὶ
2508 2137 2710 2208 χαλινῷ
2739 2154 2843 2190 τινι
2878 2137 3152 2191 ἀνάκοπτε
3183 2136 3281 2206 τὴν
3307 2136 3485 2207 ψυχὴν
3509 2135 3601 2189 ἀπὸ
3622 2133 3694 2201 τῆς

2166 2229 2302 2301 πρὸς
2330 2228 2397 2282 τὰ
2427 2228 2606 2297 φαῦλα
2634 2229 2948 2299 ἐπιθυμίας.
2968 2226 3170 2281 Τοῦτον
3203 2227 3295 2279 τὸν
3322 2226 3483 2296 φόϐον
3514 2225 3594 2279 τοῦ
3616 2225 3694 2275 Ku-

2167 2322 2283 2391 ρίου
2312 2320 2581 2374 διδάσκειν
2607 2322 2753 2392 ἡμᾶς
2778 2323 2806 2374 ὁ
2828 2319 3007 2391 πατὴρ
3037 2318 3428 2389 ἐπηγγείλατο·
3453 2317 3542 2387 οὐχ
3553 2313 3693 2373 ἁπλῶς

2163 2413 2455 2479 διδάσκειν,
2496 2413 2630 2467 ἀλλά
2655 2414 2781 2477 τοὺς
2809 2413 3027 2467 ἀκούειν
3063 2410 3226 2465 αὐτοῦ
3259 2407 3688 2482 προαιρουμένους·

2164 2504 2226 2556 ού
2262 2504 2390 2567 τοὺς
2421 2502 2640 2575 μακρὰν
2673 2503 3051 2566 ἀποπεσόντας
3076 2500 3175 2571 (6),
3214 2499 3353 2554 ἀλλά
3377 2502 3494 2562 τοὺς
3529 2498 3584 2550 δι’
3605 2497 3693 2547 ἐπι-

2166 2594 2228 2648 θυ
2239 2595 2363 2665 μίαν
2396 2595 2489 2649 τοῦ
2520 2593 3208 2667 σωθῆναιπροστρέχοντας
3230 2610 3244 2622 ·
3273 2594 3336 2646 ού
3367 2591 3501 2655 τοὺς
3526 2588 3690 2682 ξέζους

2166 2687 2285 2741 τῶν
2311 2686 2638 2755 Διαθηκῶν,
2676 2687 2811 2741 ἀλλά
2845 2688 2969 2750 τοὺς
3015 2689 3079 2739 ἐκ
3109 2686 3203 2739 τοῦ
3232 2687 3588 2756 βαπτίσματος
3618 2682 3688 2747 τῆς

2166 2780 2438 2844 υἱοθεσίας
2480 2780 2880 2851 οἰκειουμένους
2914 2778 2993 2849 τῷ
3030 2779 3192 2850 λόγῳ.
3244 2780 3347 2832 Διά
3378 2777 3538 2839 τοῦτο,
3574 2772 3684 2843 φησὶν

2164 2870 2319 2924 δεῦτε
2336 2889 2349 2902 ·
2377 2871 2645 2933 τουτέστι,
2673 2871 2761 2924 διὰ
2781 2870 2887 2924 τῶν
2909 2868 3126 2937 ἀγαθῶν
3151 2868 3333 2939 ἔργων
3358 2864 3587 2935 ἐγγίσατέ
3606 2878 3683 2931 μοι,

2167 2965 2354 3025 τέκνα,
2411 2965 2516 3016 υἰοὶ
2566 2962 2745 3033 φωτὸς
2799 2961 3052 3030 γενέσθαι
3089 2962 3176 3016 διὰ
3200 2961 3302 3031 τῆς
3335 2952 3684 3027 παλιγγενεσίας

485 3062 646 3100 aures
675 3048 855 3101 cordis
890 3048 1101 3103 habetis
1136 3060 1384 3119 apertas;
1415 3053 1656 3107 timorem
1683 3053 1893 3108 Domini
1920 3057 2063 3109 doce-

2170 3054 2617 3120 καταξιωθέντες.
2678 3054 2992 3116 Ἀκούσατε,
3049 3055 3100 3107 οί
3141 3052 3360 3123 ἔχοντες
3403 3050 3467 3104 τὰ
3511 3043 3681 3153 time)

485 3139 548 3193 bo
598 3157 681 3194 vos
713 3157 733 3205 ;
762 3156 883 3194 eum
929 3142 1181 3197 videlicet
1220 3158 1381 3213 quem
1433 3146 1585 3201 vobis
1622 3144 1901 3217 aliquanto
1940 3157 2063 3202 aute

2169 3151 2268 3219 τῆς
2319 3148 2544 3219 καρδίας
2609 3147 2970 3217 ἀνεῳγμένα·
3022 3148 3215 3199 Φόϐον
3259 3146 3477 3212 Κι.;ρίου
3519 3136 3682 3199 διδάξω

483 3233 886 3303 descripsimus.

556 3411 611 3465 9.
650 3411 810 3465 Vsus.
843 3411 928 3465 i3.
959 3409 1090 3476 Quis
1117 3422 1191 3466 est
1214 3413 1369 3466 homo
1395 3415 1483 3484 qui
1509 3413 1614 3468 vult
1643 3416 1822 3479 vitam,
1843 3416 2065 3486 diligens

485 3502 597 3555 dies
625 3503 799 3556 videre
826 3504 1032 3556 bonos?
1063 3502 1117 3557 Si
1151 3506 1296 3573 quis,
1330 3505 1529 3573 inquit,
1582 3506 1695 3561 vult
1734 3507 1924 3573 vitam,
1960 3526 2065 3563 non

486 3609 830 3647 communem
865 3593 1028 3659 hanc,
1088 3610 1251 3664 quam
1281 3604 1336 3649 et
1366 3596 1521 3650 bruta
1553 3596 1763 3662 vivunt,
1812 3599 1906 3652 sed
1945 3612 2064 3652 eam

487 3700 609 3754 quae
641 3699 767 3739 vere
814 3685 923 3739 vita
973 3695 1079 3750 est,
1131 3694 1185 3741 et
1221 3696 1396 3742 morte
1434 3703 1539 3743 non
1590 3689 1884 3743 dirimitur.
1914 3690 2068 3746 Nunc

485 3776 652 3841 enim,
674 3776 868 3845 inquit,
894 3778 1186 3844 moritnini,
1213 3778 1279 3832 Et
1310 3780 1416 3835 vita
1442 3791 1621 3833 nostra
1652 3792 1726 3834 est
1755 3782 2066 3837 abscondita

486 3884 605 3921 cum
637 3866 847 3922 Christo
874 3870 926 3921 in
956 3869 1096 3923 Deo:
1140 3887 1258 3925 cum
1286 3888 1403 3925 vero
1433 3870 1676 3928 Christus
1718 3876 2023 3942 apparuerit
2048 3914 2063 3939 ,

487 3959 589 4010 vita
627 3968 806 4012 nostra
830 3999 846 4027 ,
884 3969 1006 4012 tunc
1036 3971 1082 4014 et
1114 3978 1202 4015 vos
1234 3962 1554 4030 apparebitis
1590 3963 1838 4031 eumipsa
1871 3967 1926 4016 iu
1955 3964 2067 4033 glo-

486 4051 569 4102 ria
601 4048 665 4104 ⁸⁸.
702 4050 868 4119 Igitur
919 4064 1052 4105 Vere
1094 4054 1204 4106 vita
1261 4062 1345 4108 est
1381 4054 1652 4118 Christus,
1685 4066 1739 4108 et
1789 4067 1974 4109 nostra
2012 4058 2063 4111 in

490 4142 609 4206 ipso
655 4141 1004 4196 conversatio
1034 4143 1147 4195 vita
1181 4158 1310 4197 vera
1353 4153 1458 4198 est.
1489 4142 1754 4197 Similiter
1789 4155 1969 4199 autem
2011 4153 2066 4200 et

495 4234 612 4287 dies
664 4233 752 4287 alii
795 4245 922 4288 sunt
954 4234 1103 4302 boni,
1140 4250 1276 4305 quos
1327 4236 1381 4290 in
1415 4238 1773 4306 promissione
1811 4241 2066 4307 preponit

486 4323 774 4395 Propheta.
796 4325 926 4391 Quis
952 4336 1028 4381 est
1054 4332 1210 4381 homo
1236 4329 1324 4399 qui
1356 4328 1463 4383 vult
1491 4330 1669 4391 vitam,
1702 4329 1926 4400 diligens
1956 4332 2065 4386 dies

2170 3240 2356 3310 ὑμᾶς·
2403 3239 2613 3304 τοῦτον,
2650 3240 2709 3292 ὃν
2747 3241 2928 3310 μικρῷ
2969 3237 3204 3310 πρόσθεν
3245 3238 3276 3289 ὁ
3306 3237 3457 3305 λόγος
3482 3234 3587 3302 ὑμῖν
3611 3230 3683 3282 ὑπ’

2169 3339 2429 3410 έγραψεν.

2239 3432 2290 3485 9.
2342 3428 2435 3495 Τίς
2484 3431 2643 3484 ἐστιν
2696 3427 3004 3495 ἄνθρωπος
3055 3428 3089 3479 ό
3141 3424 3338 3479 θέλων
3377 3422 3545 3489 ζωὴν,
3574 3418 3677 3486 dra’

2170 3519 2301 3574 πῶν
2344 3519 2567 3589 ἡμέρας
2619 3518 2767 3572 ἰδεῖν
2798 3516 3024 3584 ἀγαθάς
3048 3532 3066 3580 ;
3128 3515 3196 3568 Εἴ
3240 3532 3328 3578 τις
3377 3512 3525 3574 θέλει,
3569 3504 3678 3577 φησὶ,

2171 3612 2335 3682 ζωὴν,
2371 3612 2432 3665 ού
2481 3610 2582 3680 τὴν
2631 3607 2817 3678 κοινὴν
2855 3604 3057 3677 ταύτην
3092 3608 3159 3676 ἢν
3208 3606 3307 3658 καὶ
3339 3604 3406 3658 τά
3445 3603 3586 3669 ἄλογα
3617 3597 3677 3665 ζῇ.

2168 3701 2306 3755 ἀλλά
2324 3701 2422 3772 τὴν
2445 3699 2613 3761 ὄντως
2644 3696 2787 3767 ζωὴν
2811 3696 2908 3766 τὴν
2951 3694 3169 3764 θανάτῳ
3200 3694 3277 3763 μὴ
3303 3688 3677 3758 διακοπτομένηνι

2168 3793 2283 3846 Νῦν
2315 3792 2443 3863 γὰρ,
2467 3791 2651 3860 φησιν,
2678 3787 3071 3855 ἀποθνήσκετε,
3109 3784 3219 3838 Καὶ
3250 3787 3292 3852 ἠ
3330 3783 3434 3847 ζωὴ
3460 3777 3599 3848 ἡμῶν
3620 3774 3672 3843 (8)

2168 3885 2489 3953 κέκρυπται
2517 3881 2638 3933 σὺν
2673 3878 2752 3943 τῷ
2777 3876 3009 3946 Χριστῷ
3031 3877 3100 3929 ἐν
3134 3875 3212 3940 τῷ
3235 3873 3388 3940 Θεῷ·
3421 3873 3548 3926 ὅταν
3576 3866 3627 3919 δὲ

2167 3952 2421 4044 Χριστὸς
2492 3969 2836 4043 φανερωθῇ,
2897 3970 2936 4037 ἡ
3006 3967 3117 4034 ζωὴ
3177 3966 3381 4035 ἡμῶν,
3447 3952 3676 4056 tots-15:11

2166 4066 2336 4136 ὑμεῖς
2363 4065 2486 4119 σὺν
2513 4061 2674 4127 αὐτῷ
2703 4058 3205 4131 φανερωθήσεσθε
3243 4058 3317 4111 ἐν
3341 4055 3495 4124 δόξῃ.
3524 4052 3676 4145 Οὐκοῗν

2168 4160 2263 4212 καὶ
2295 4158 2328 4228 ἡ
2358 4156 2523 4218 ὅντως
2554 4152 2667 4225 ζωὴ
2694 4155 2723 4206 ὁ
2751 4150 3005 4223 Χριστὸς,
3037 4150 3132 4203 καὶ
3159 4152 3192 4218 ἡ
3227 4148 3465 4219 ἡμετέρα
3490 4146 3537 4196 ἐν
3559 4139 3670 4204 αὐτῷ

2166 4249 2409 4319 διαγωγὴ
2443 4247 2554 4316 ζωή
2586 4248 2734 4298 ἐστιν
2762 4242 3011 4314 ἀληθινή.
3054 4243 3289 4312 Ὁμοίως
3321 4240 3376 4293 δὲ
3401 4239 3486 4293 καὶ
3509 4236 3555 4289 αἱ
3574 4228 3671 4300 ὴμέ-

2172 4359 2261 4413 ραι
2286 4340 2440 4392 ἄλλαι
2460 4339 2600 4391 εἰσὶν
2628 4336 2868 4404 ἀγαθαὶ,
2897 4334 2964 4397 ἃς
2996 4338 3053 4388 ἐν
3082 4333 3387 4403 ἐπαγγελία
3422 4324 3672 4413 προτίθησιν

487 4419 662 4472 uidere
701 4418 902 4472 bonos?
934 4418 1058 4475 Dies
1086 4420 1231 4473 enim
1279 4420 1441 4490 hujus
1482 4421 1691 4487 szeculi,
1736 4423 1859 4475 mali
1890 4431 2017 4477 sunt
2046 4442 2058 4477 :

2169 4411 2195 4487 ό
2225 4431 2538 4503 Προφήτης.
2577 4430 2672 4493 Τίς
2714 4429 2885 4481 ἐστιν
2926 4425 3235 4492 ἄνθρωπος
3273 4428 3307 4476 ὁ
3350 4421 3517 4478 θέλων
3548 4411 3669 4477 ζωῆνν

487 4509 756 4578 siquidem
786 4520 841 4564 et
866 4510 969 4565 hoc
997 4511 1279 4579 saeculum,
1312 4527 1567 4567 mensura
1600 4528 1720 4567 cum
1754 4514 1823 4567 sit
1856 4515 2061 4578 mundi,

488 4605 554 4653 de
586 4616 694 4670 quo
725 4602 926 4656 dictum
981 4612 1065 4657 est
1097 4620 1112 4658 :
1156 4602 1388 4656 Mundus
1424 4613 1562 4657 lotus
1622 4607 1675 4657 in
1709 4607 1940 4675 maligno
1967 4622 2063 4673 po-

488 4692 624 4745 situs
654 4703 730 4747 est
762 4692 806 4724 "
834 4734 849 4760 ,
891 4704 1098 4749 natura:
1129 4696 1336 4759 mundi,
1370 4710 1532 4765 quem
1567 4696 1851 4750 dimetitur
1874 4738 1889 4763 ,
1931 4698 2065 4752 assi-

490 4783 732 4838 Inilatur.
770 4783 832 4838 lii
861 4795 1041 4840 autem
1071 4788 1185 4842 dies
1219 4798 1400 4856 partes
1435 4796 1565 4843 sunt
1596 4789 1756 4857 hujus
1779 4791 2061 4857 temporis.

489 4877 833 4945 Quapropter
874 4878 1007 4932 dicit
1057 4878 1393 4947 Apostolus:
1449 4878 1782 4933 Redimentes
1842 4892 2065 4947 tempus,

487 4968 739 5035 quoniam
792 4968 906 5022 dies
954 4970 1081 5023 mali
1122 4980 1243 5023 sunt
1299 4971 1365 5023 ⁸³.
1397 4971 1639 5040 Itemque
1667 4970 1832 5025 Jacob
1865 4992 1878 5027 :
1919 4972 2063 5038 Dies,

491 5060 687 5125 inquit,
714 5076 971 5114 annorum
1001 5080 1230 5117 meorum
1283 5063 1439 5130 pauci
1467 5072 1515 5117 et
1544 5063 1672 5115 mali
1705 5073 1828 5117 sunt
1860 5065 1925 5118 θ’.
1953 5064 2060 5118 lla-

564 5198 609 5228 “
641 5194 834 5262 Ephes.
868 5213 929 5263 ιι,
954 5196 1039 5249 12.
1118 5197 1162 5229 ⁸⁵
1194 5196 1211 5249 l
1243 5195 1434 5253 Thess.
1469 5212 1520 5261 ν,
1560 5195 1615 5249 5.

495 5280 669 5332 nm,
711 5264 746 5320 9

1708 5196 1764 5246 ,⁸⁵
1794 5195 2000 5251 Coloss.
2034 5215 2114 5262 ιιι,
2143 5198 2194 5260 5,
2229 5199 2282 5253 4.

2174 4522 2424 4593 ἀγαπῶν
2464 4521 2692 4591 ἡμέρας
2730 4518 2878 4573 ἰδεῖν
2900 4516 3167 4587 ἀγαθάς;
3214 4517 3278 4568 Αἱ
3313 4514 3414 4585 γὰρ
3437 4508 3516 4612 τῷ
3534 4503 3668 4612 αἰῶνος

2173 4615 2594 4686 τούτουὴμέραι
2646 4610 2917 4683 πονηραὶ,
2967 4608 3155 4695 ἐπειδὴ
3200 4608 3295 4660 καὶ
3330 4609 3357 4661 ὁ
3398 4603 3513 4657 αἰὼν
3545 4603 3666 4700 οῡτῗς.

2171 4710 2266 4763 τοῦ
2316 4709 2520 4778 κόσμου
2557 4707 2753 4776 μέτρον
2786 4706 3083 4777 ὑπάρχων,
3125 4704 3252 4774 περὶ
3296 4695 3354 4756 οὗ
3386 4700 3582 4767 εἴρηται,
3611 4695 3666 4785 ὅξι

2185 4801 2236 4852 ’0
2254 4802 2481 4868 κόσμος
2504 4797 2649 4861 ὅλος
2674 4797 2743 4849 ἐν
2761 4794 2842 4860 τῷ
2870 4792 3113 4862 πονηρῷ
3130 4793 3334 4854 κεῖται,
3360 4793 3664 4875 cuneatim”.-

2172 4908 2262 4943 ται
2293 4892 2359 4960 τῇ
2410 4887 2567 4957 φύσει
2596 4885 2690 4939 τοῦ
2725 4886 2930 4955 κόσμου
2957 4884 3016 4938 ὃν
3040 4886 3315 4956 ἐκμετρεῖ.
3356 4880 3492 4951 Μέρη
3529 4873 3572 4927 δὲ
3602 4873 3664 4960 τσξ

2176 4954 2367 5049 χρόνου
2408 4954 2598 5029 τούτου
2637 4976 2694 5030 αί
2741 4954 2948 5046 ἡμέραι
2983 4954 3164 5026 αὗται.
3213 4954 3311 5027 Διὰ
3340 4968 3478 5025 τοῦτό
3505 4954 3663 5049 φησῑνξ

2183 5043 2532 5129 Ἇπόστολος·
2578 5043 3092 5134 Ἐξαγοραίζόμενοι
3135 5062 3243 5115 τὸν
3290 5059 3497 5128 καιρὸν,
3530 5051 3595 5104 ὅτι
3622 5043 3663 5096 αὶ

2387 5199 2431 5230 ⁸⁷
2468 5196 2665 5251 lJoan.
2706 5212 2761 5262 v,
2788 5194 2877 5250 l9.
2993 5194 3038 5224 ⁸⁸
3065 5192 3266 5264 Ephes.
3296 5188 3447 5260 v,16.
3511 5182 3546 5214 "
3569 5176 3660 5231 GC"-

566 5423 643 5489 (6)
691 5423 838 5488 Τοὺς
855 5420 1097 5491 μακρὰν
1118 5421 1575 5487 ἀποπεσόντας,
1617 5428 1768 5477 verte
1804 5439 1819 5477 :
1864 5438 1950 5477 eos
1988 5438 2063 5490 qui

2186 5438 2259 5476 rae
2283 5434 2449 5478 textu.
2481 5422 2658 5477 Editio
2689 5421 2864 5477 Paris.
2926 5419 3041 5491 ζωὴ
3072 5420 3250 5490 ὑμῶν.
3298 5417 3388 5491 illa
3417 5421 3516 5481 qui“
3553 5395 3661 5491 ΡἮῩ

496 5494 677 5560 procul
718 5493 850 5559 lapsi
884 5503 1026 5546 sunt.
1056 5492 1268 5547 MARAN.

570 5562 645 5630 t7)
676 5562 747 5615 Ita
775 5555 933 5623 'tuss.,
969 5577 1072 5614 non
1101 5564 1276 5630 pauci.
1310 5562 1449 5618 Editi
1473 5561 1685 5631 ἔχοντες
1710 5555 1846 5616 ὦτα.
1872 5561 2074 5616 Ibidem

499 5632 649 5684 Coll).
684 5632 887 5701 primus
917 5632 1256 5701 ἠνεῳγμένα.

572 5702 646 5769 (8)
672 5700 764 5755 Sic
800 5716 933 5756 mss.
970 5713 1023 5755 et
1045 5702 1209 5757 editio
1228 5701 1392 5760 Basil.
1427 5718 1547 5758 cum
1575 5702 1787 5773 vulgato
1813 5702 2060 5772 Scriptu-

2184 5494 2323 5587 iul‘rla
2355 5495 2630 5587 leguntur,
2658 5494 2789 5587 fore
2812 5491 2908 5544 καὶ
2940 5466 3227 5587 ύμέίςῗξὺν
3419 5466 3661 5587 ﬁliiﬁlii;

2183 5564 2342 5617 σεσθε
2376 5549 2435 5617 ἐν
2471 5549 2629 5636 δόξῃ,
2655 5565 2853 5636 desunt
2879 5549 3100 5636 quidem
3144 5561 3198 5614 in
3225 5549 3636 5636 ιιιιιιιιὶυιξιηδεοικ

2182 5636 2528 5705 reperiuntur
2571 5629 2639 5691 'in
2676 5634 2796 5690 aliis
2824 5632 3051 5704 perinde
3070 5640 3235 5701 atque
3265 5631 3315 5684 iu
3340 5629 3497 5683 editis-
