  <div class='ocr_page' id='page_1' title='image "/cluster/home/n/w/nwhite01/storage/ocr_20150623/29/nnc1.0046978755/656.png"; bbox 0 0 3818 6220; ppageno 0'>
   <div class='ocr_carea' id='block_1_1' title="bbox 127 298 247 355">
    <p class='ocr_par' dir='ltr' id='par_1_1' title="bbox 127 298 247 355">
     <span class='ocr_line' id='line_1_1' title="bbox 127 298 247 355; baseline 0 -1"><span class='ocrx_word' id='word_1_1' title='bbox 127 298 247 355; x_wconf 74' lang='lat'><strong>373</strong></span> 
     </span>
    </p>
   </div>
   <div class='ocr_carea' id='block_1_2' title="bbox 1276 303 2340 368">
    <p class='ocr_par' dir='ltr' id='par_1_2' title="bbox 1276 303 2340 368">
     <span class='ocr_line' id='line_1_2' title="bbox 1276 303 2340 368; baseline 0.008 -9"><span class='ocrx_word' id='word_1_2' title='bbox 1276 303 1566 361; x_wconf 81' lang='lat' dir='ltr'><strong>HOMILIA</strong></span> <span class='ocrx_word' id='word_1_3' title='bbox 1605 305 1673 361; x_wconf 82' lang='lat' dir='ltr'><strong>IN</strong></span> <span class='ocrx_word' id='word_1_4' title='bbox 1715 306 2050 367; x_wconf 80' lang='lat' dir='ltr'><strong>PSALMUM</strong></span> <span class='ocrx_word' id='word_1_5' title='bbox 2090 311 2340 368; x_wconf 72' lang='lat' dir='ltr'><strong>XXXIII.</strong></span> 
     </span>
    </p>
   </div>
   <div class='ocr_carea' id='block_1_3' title="bbox 3304 316 3410 372">
    <p class='ocr_par' dir='ltr' id='par_1_3' title="bbox 3304 316 3410 372">
     <span class='ocr_line' id='line_1_3' title="bbox 3304 316 3410 372; baseline 0.019 -2"><span class='ocrx_word' id='word_1_6' title='bbox 3304 316 3410 372; x_wconf 71' lang='lat'><strong>374</strong></span> 
     </span>
    </p>
   </div>
   <div class='ocr_carea' id='block_1_4' title="bbox 129 423 1724 503">
    <p class='ocr_par' dir='ltr' id='par_1_4' title="bbox 129 423 1724 501">
     <span class='ocr_line' id='line_1_4' title="bbox 129 423 1724 501; baseline 0.007 -26"><span class='ocrx_word' id='word_1_7' title='bbox 129 423 357 495; x_wconf 78' lang='grc' dir='ltr'><strong>ἡμέραι</strong></span> <span class='ocrx_word' id='word_1_8' title='bbox 386 426 646 492; x_wconf 76' lang='grc' dir='ltr'>πονηραί</span> <span class='ocrx_word' id='word_1_9' title='bbox 669 428 809 481; x_wconf 75' lang='grc' dir='ltr'>εἱσι.</span> <span class='ocrx_word' id='word_1_10' title='bbox 841 429 952 481; x_wconf 73' lang='grc' dir='ltr'>Καὶ</span> <span class='ocrx_word' id='word_1_11' title='bbox 976 431 1005 481; x_wconf 99' lang='lat'><strong>6</strong></span> <span class='ocrx_word' id='word_1_12' title='bbox 1045 428 1241 482; x_wconf 82' lang='grc' dir='ltr'>Ἰακὼό</span> <span class='ocrx_word' id='word_1_13' title='bbox 1269 430 1325 483; x_wconf 87' lang='grc' dir='ltr'>δὲ</span> <span class='ocrx_word' id='word_1_14' title='bbox 1362 430 1459 501; x_wconf 89' lang='lat'><strong>(9),</strong></span> <span class='ocrx_word' id='word_1_15' title='bbox 1492 437 1561 485; x_wconf 84' lang='lat' dir='ltr'><strong>At</strong></span> <span class='ocrx_word' id='word_1_16' title='bbox 1593 432 1724 499; x_wconf 77' lang='grc' dir='ltr'><strong>ἡμέ-</strong></span> 
     </span>
    </p>
   </div>
   <div class='ocr_carea' id='block_1_5' title="bbox 1836 423 3413 503">
    <p class='ocr_par' dir='ltr' id='par_1_5' title="bbox 1840 434 3413 503">
     <span class='ocr_line' id='line_1_5' title="bbox 1840 434 3413 503; baseline 0.004 -18"><span class='ocrx_word' id='word_1_17' title='bbox 1840 449 1945 503; x_wconf 89' lang='lat' dir='ltr'><strong>qne</strong></span> <span class='ocrx_word' id='word_1_18' title='bbox 1975 435 2192 489; x_wconf 85' lang='lat' dir='ltr'><strong>nuncin</strong></span> <span class='ocrx_word' id='word_1_19' title='bbox 2225 435 2334 489; x_wconf 84' lang='lat' dir='ltr'><strong>vita</strong></span> <span class='ocrx_word' id='word_1_20' title='bbox 2376 450 2483 490; x_wconf 90' lang='lat' dir='ltr'><strong>non</strong></span> <span class='ocrx_word' id='word_1_21' title='bbox 2511 450 2722 503; x_wconf 83' lang='lat' dir='ltr'><strong>sumus,</strong></span> <span class='ocrx_word' id='word_1_22' title='bbox 2758 435 2851 491; x_wconf 88' lang='lat' dir='ltr'><strong>sed</strong></span> <span class='ocrx_word' id='word_1_23' title='bbox 2897 436 2950 490; x_wconf 92' lang='lat' dir='ltr'><strong>in</strong></span> <span class='ocrx_word' id='word_1_24' title='bbox 2981 444 3172 492; x_wconf 68' lang='lat' dir='ltr'><strong>morte.</strong></span> <span class='ocrx_word' id='word_1_25' title='bbox 3209 434 3413 492; x_wconf 84' lang='lat' dir='ltr'><strong>Idcirco</strong></span> 
     </span>
    </p>
   </div>
   <div class='ocr_carea' id='block_1_6' title="bbox 129 514 1735 589">
    <p class='ocr_par' dir='ltr' id='par_1_6' title="bbox 129 514 1735 589">
     <span class='ocr_line' id='line_1_6' title="bbox 129 514 1735 589; baseline 0.005 -22"><span class='ocrx_word' id='word_1_26' title='bbox 129 532 259 584; x_wconf 79' lang='grc' dir='ltr'>ραι,</span> <span class='ocrx_word' id='word_1_27' title='bbox 300 515 457 585; x_wconf 80' lang='grc' dir='ltr'>φησὶ,</span> <span class='ocrx_word' id='word_1_28' title='bbox 481 514 598 568; x_wconf 77' lang='grc' dir='ltr'><strong>τῶν</strong></span> <span class='ocrx_word' id='word_1_29' title='bbox 618 516 769 570; x_wconf 77' lang='grc' dir='ltr'>ἐτῶν</span> <span class='ocrx_word' id='word_1_30' title='bbox 783 536 903 587; x_wconf 82' lang='grc' dir='ltr'><strong>μου</strong></span> <span class='ocrx_word' id='word_1_31' title='bbox 929 520 1133 587; x_wconf 80' lang='grc' dir='ltr'>μικραὶ</span> <span class='ocrx_word' id='word_1_32' title='bbox 1159 520 1257 573; x_wconf 82' lang='grc' dir='ltr'>καὶ</span> <span class='ocrx_word' id='word_1_33' title='bbox 1280 523 1559 589; x_wconf 70' lang='grc' dir='ltr'>πονηραί.</span> <span class='ocrx_word' id='word_1_34' title='bbox 1592 523 1735 576; x_wconf 81' lang='grc' dir='ltr'>Οὐκ·-</span> 
     </span>
    </p>
   </div>
   <div class='ocr_carea' id='block_1_7' title="bbox 135 605 1729 685">
    <p class='ocr_par' dir='ltr' id='par_1_7' title="bbox 135 605 1729 685">
     <span class='ocr_line' id='line_1_7' title="bbox 135 605 1729 685; baseline 0.006 -26"><span class='ocrx_word' id='word_1_35' title='bbox 135 605 239 660; x_wconf 81' lang='grc' dir='ltr'>οὗν</span> <span class='ocrx_word' id='word_1_36' title='bbox 308 606 403 659; x_wconf 78' lang='grc' dir='ltr'>νῦν</span> <span class='ocrx_word' id='word_1_37' title='bbox 456 606 555 677; x_wconf 82' lang='grc' dir='ltr'>μὲν</span> <span class='ocrx_word' id='word_1_38' title='bbox 589 608 689 662; x_wconf 83' lang='grc' dir='ltr'><strong>οὐκ</strong></span> <span class='ocrx_word' id='word_1_39' title='bbox 724 610 890 680; x_wconf 86' lang='grc' dir='ltr'>ἐσμὲν</span> <span class='ocrx_word' id='word_1_40' title='bbox 928 613 987 663; x_wconf 90' lang='grc' dir='ltr'><strong>ἐν</strong></span> <span class='ocrx_word' id='word_1_41' title='bbox 1042 610 1186 682; x_wconf 81' lang='grc' dir='ltr'>ζωῇ,</span> <span class='ocrx_word' id='word_1_42' title='bbox 1233 613 1351 666; x_wconf 85' lang='grc' dir='ltr'>ἀλλ’</span> <span class='ocrx_word' id='word_1_43' title='bbox 1392 616 1449 666; x_wconf 86' lang='grc' dir='ltr'><strong>ἐν</strong></span> <span class='ocrx_word' id='word_1_44' title='bbox 1494 614 1729 685; x_wconf 84' lang='grc' dir='ltr'><strong>Θανάτῳ.</strong></span> 
     </span>
    </p>
   </div>
   <div class='ocr_carea' id='block_1_8' title="bbox 136 695 1735 773">
    <p class='ocr_par' dir='ltr' id='par_1_8' title="bbox 136 695 1735 773">
     <span class='ocr_line' id='line_1_8' title="bbox 136 695 1735 773; baseline 0.008 -26"><span class='ocrx_word' id='word_1_45' title='bbox 136 695 236 748; x_wconf 80' lang='grc' dir='ltr'><strong>Διὸ</strong></span> <span class='ocrx_word' id='word_1_46' title='bbox 260 697 359 749; x_wconf 77' lang='grc' dir='ltr'>καὶ</span> <span class='ocrx_word' id='word_1_47' title='bbox 389 695 592 767; x_wconf 77' lang='grc' dir='ltr'>ηὔχετο</span> <span class='ocrx_word' id='word_1_48' title='bbox 612 699 641 751; x_wconf 91' lang='lat'><strong>6</strong></span> <span class='ocrx_word' id='word_1_49' title='bbox 669 699 1011 763; x_wconf 87' lang='grc' dir='ltr'>Ἀπόστολος,</span> <span class='ocrx_word' id='word_1_50' title='bbox 1036 701 1209 770; x_wconf 85' lang='grc' dir='ltr'>λέγων</span> <span class='ocrx_word' id='word_1_51' title='bbox 1229 720 1242 732; x_wconf 67' lang='grc' dir='ltr'><strong>ν</strong></span> <span class='ocrx_word' id='word_1_52' title='bbox 1280 704 1374 767; x_wconf 82' lang='grc' dir='ltr'>Τίς</span> <span class='ocrx_word' id='word_1_53' title='bbox 1388 720 1466 773; x_wconf 84' lang='grc' dir='ltr'><strong>με</strong></span> <span class='ocrx_word' id='word_1_54' title='bbox 1480 706 1735 772; x_wconf 74' lang='grc' dir='ltr'>ῥύσεται</span> 
     </span>
    </p>
   </div>
   <div class='ocr_carea' id='block_1_9' title="bbox 134 784 1733 866">
    <p class='ocr_par' dir='ltr' id='par_1_9' title="bbox 134 784 1733 866">
     <span class='ocr_line' id='line_1_9' title="bbox 134 784 1733 866; baseline 0.007 -29"><span class='ocrx_word' id='word_1_55' title='bbox 134 784 211 837; x_wconf 78' lang='grc' dir='ltr'>ἐκ</span> <span class='ocrx_word' id='word_1_56' title='bbox 256 787 364 840; x_wconf 83' lang='grc' dir='ltr'>τοῦ</span> <span class='ocrx_word' id='word_1_57' title='bbox 410 784 685 855; x_wconf 82' lang='grc' dir='ltr'>σώματος</span> <span class='ocrx_word' id='word_1_58' title='bbox 729 789 834 842; x_wconf 86' lang='grc' dir='ltr'>τοῦ</span> <span class='ocrx_word' id='word_1_59' title='bbox 870 789 1129 844; x_wconf 81' lang='grc' dir='ltr'>θανάτου</span> <span class='ocrx_word' id='word_1_60' title='bbox 1163 793 1415 856; x_wconf 83' lang='grc' dir='ltr'>τούτου;</span> <span class='ocrx_word' id='word_1_61' title='bbox 1465 794 1631 866; x_wconf 79' lang='grc' dir='ltr'>Ἀλλη</span> <span class='ocrx_word' id='word_1_62' title='bbox 1677 796 1733 848; x_wconf 83' lang='grc' dir='ltr'>δέ</span> 
     </span>
    </p>
   </div>
   <div class='ocr_carea' id='block_1_10' title="bbox 135 876 1733 955">
    <p class='ocr_par' dir='ltr' id='par_1_10' title="bbox 135 876 1733 955">
     <span class='ocr_line' id='line_1_10' title="bbox 135 876 1733 955; baseline 0.008 -27"><span class='ocrx_word' id='word_1_63' title='bbox 135 877 230 939; x_wconf 85' lang='grc' dir='ltr'><strong>τίς</strong></span> <span class='ocrx_word' id='word_1_64' title='bbox 252 878 369 929; x_wconf 89' lang='grc' dir='ltr'>ἐστι</span> <span class='ocrx_word' id='word_1_65' title='bbox 399 876 534 949; x_wconf 84' lang='grc' dir='ltr'>ζωὴ,</span> <span class='ocrx_word' id='word_1_66' title='bbox 578 880 713 954; x_wconf 83' lang='grc' dir='ltr'>πρὸς</span> <span class='ocrx_word' id='word_1_67' title='bbox 747 881 817 952; x_wconf 76' lang='grc' dir='ltr'>ἢν</span> <span class='ocrx_word' id='word_1_68' title='bbox 855 882 1009 935; x_wconf 88' lang='grc' dir='ltr'>καλεῖ</span> <span class='ocrx_word' id='word_1_69' title='bbox 1041 886 1189 955; x_wconf 83' lang='grc' dir='ltr'>ἡμᾶς</span> <span class='ocrx_word' id='word_1_70' title='bbox 1225 887 1254 939; x_wconf 92' lang='lat'><strong>6</strong></span> <span class='ocrx_word' id='word_1_71' title='bbox 1284 885 1440 954; x_wconf 84' lang='grc' dir='ltr'><strong>λόγος</strong></span> <span class='ocrx_word' id='word_1_72' title='bbox 1460 903 1474 916; x_wconf 90' lang='grc'><strong>·</strong></span> <span class='ocrx_word' id='word_1_73' title='bbox 1511 888 1606 940; x_wconf 82' lang='grc' dir='ltr'>καὶ</span> <span class='ocrx_word' id='word_1_74' title='bbox 1638 887 1733 941; x_wconf 83' lang='grc' dir='ltr'>νῦν</span> 
     </span>
    </p>
   </div>
   <div class='ocr_carea' id='block_1_11' title="bbox 142 967 1734 1044">
    <p class='ocr_par' dir='ltr' id='par_1_11' title="bbox 142 967 1734 1044">
     <span class='ocr_line' id='line_1_11' title="bbox 142 967 1734 1044; baseline 0.008 -26"><span class='ocrx_word' id='word_1_75' title='bbox 142 967 247 1037; x_wconf 87' lang='grc' dir='ltr'>μὲν</span> <span class='ocrx_word' id='word_1_76' title='bbox 285 969 341 1020; x_wconf 87' lang='grc' dir='ltr'>αἱ</span> <span class='ocrx_word' id='word_1_77' title='bbox 385 969 590 1040; x_wconf 83' lang='grc' dir='ltr'><strong>ἡμέραι</strong></span> <span class='ocrx_word' id='word_1_78' title='bbox 622 970 778 1042; x_wconf 83' lang='grc' dir='ltr'>ήμῶν</span> <span class='ocrx_word' id='word_1_79' title='bbox 824 974 1081 1044; x_wconf 78' lang='grc' dir='ltr'>πονηραὶ,</span> <span class='ocrx_word' id='word_1_80' title='bbox 1120 976 1276 1030; x_wconf 81' lang='grc' dir='ltr'>ἄλλαι</span> <span class='ocrx_word' id='word_1_81' title='bbox 1315 976 1373 1030; x_wconf 84' lang='grc' dir='ltr'>δέ</span> <span class='ocrx_word' id='word_1_82' title='bbox 1410 978 1555 1040; x_wconf 80' lang='grc' dir='ltr'>τινές</span> <span class='ocrx_word' id='word_1_83' title='bbox 1598 979 1734 1031; x_wconf 88' lang='grc' dir='ltr'>είσιν</span> 
     </span>
    </p>
   </div>
   <div class='ocr_carea' id='block_1_12' title="bbox 137 1058 1735 1139">
    <p class='ocr_par' dir='ltr' id='par_1_12' title="bbox 137 1058 1735 1139">
     <span class='ocr_line' id='line_1_12' title="bbox 137 1058 1735 1139; baseline 0.006 -29"><span class='ocrx_word' id='word_1_84' title='bbox 137 1058 369 1126; x_wconf 74' lang='grc' dir='ltr'>ἀγαθαὶ,</span> <span class='ocrx_word' id='word_1_85' title='bbox 405 1059 472 1124; x_wconf 81' lang='grc' dir='ltr'>ἃς</span> <span class='ocrx_word' id='word_1_86' title='bbox 497 1061 595 1126; x_wconf 79' lang='grc' dir='ltr'><strong>νὺξ</strong></span> <span class='ocrx_word' id='word_1_87' title='bbox 641 1064 701 1115; x_wconf 82' lang='grc' dir='ltr'><strong>οὐ</strong></span> <span class='ocrx_word' id='word_1_88' title='bbox 745 1064 1027 1119; x_wconf 83' lang='grc' dir='ltr'><strong>διακόπτει</strong></span> <span class='ocrx_word' id='word_1_89' title='bbox 1047 1084 1061 1098; x_wconf 77' lang='grc' dir='ltr'><strong>ο</strong></span> <span class='ocrx_word' id='word_1_90' title='bbox 1102 1066 1256 1120; x_wconf 75' lang='grc' dir='ltr'>ἔσται</span> <span class='ocrx_word' id='word_1_91' title='bbox 1288 1068 1397 1139; x_wconf 85' lang='grc' dir='ltr'>γὰρ</span> <span class='ocrx_word' id='word_1_92' title='bbox 1422 1070 1450 1120; x_wconf 94' lang='lat'><strong>6</strong></span> <span class='ocrx_word' id='word_1_93' title='bbox 1477 1067 1608 1132; x_wconf 85' lang='grc' dir='ltr'>Θεὸς</span> <span class='ocrx_word' id='word_1_94' title='bbox 1637 1069 1735 1122; x_wconf 85' lang='grc' dir='ltr'>αὐ-</span> 
     </span>
    </p>
   </div>
   <div class='ocr_carea' id='block_1_13' title="bbox 137 1149 1732 1232">
    <p class='ocr_par' dir='ltr' id='par_1_13' title="bbox 137 1149 1732 1232">
     <span class='ocr_line' id='line_1_13' title="bbox 137 1149 1732 1232; baseline 0.008 -30"><span class='ocrx_word' id='word_1_95' title='bbox 137 1149 254 1202; x_wconf 82' lang='grc' dir='ltr'><strong>τῶν</strong></span> <span class='ocrx_word' id='word_1_96' title='bbox 279 1150 397 1220; x_wconf 84' lang='grc' dir='ltr'>φῶς</span> <span class='ocrx_word' id='word_1_97' title='bbox 423 1151 640 1207; x_wconf 78' lang='grc' dir='ltr'>αἰώνιον</span> <span class='ocrx_word' id='word_1_98' title='bbox 660 1195 675 1216; x_wconf 92' lang='grc'><strong>,</strong></span> <span class='ocrx_word' id='word_1_99' title='bbox 708 1155 1081 1227; x_wconf 85' lang='grc' dir='ltr'><strong>καταλάμπων</strong></span> <span class='ocrx_word' id='word_1_100' title='bbox 1118 1157 1292 1222; x_wconf 83' lang='grc' dir='ltr'>αὑτὰς</span> <span class='ocrx_word' id='word_1_101' title='bbox 1338 1159 1417 1230; x_wconf 85' lang='grc' dir='ltr'>τῷ</span> <span class='ocrx_word' id='word_1_102' title='bbox 1448 1160 1588 1229; x_wconf 77' lang='grc' dir='ltr'>φωτὶ</span> <span class='ocrx_word' id='word_1_103' title='bbox 1634 1161 1732 1232; x_wconf 83' lang='grc' dir='ltr'><strong>τῆς</strong></span> 
     </span>
    </p>
   </div>
   <div class='ocr_carea' id='block_1_14' title="bbox 141 1242 1734 1324">
    <p class='ocr_par' dir='ltr' id='par_1_14' title="bbox 141 1242 1734 1324">
     <span class='ocr_line' id='line_1_14' title="bbox 141 1242 1734 1324; baseline 0.007 -29"><span class='ocrx_word' id='word_1_104' title='bbox 141 1242 342 1296; x_wconf 79' lang='grc' dir='ltr'>ἐαυτοῦ</span> <span class='ocrx_word' id='word_1_105' title='bbox 368 1244 548 1316; x_wconf 79' lang='grc' dir='ltr'>δόξης.</span> <span class='ocrx_word' id='word_1_106' title='bbox 584 1246 677 1317; x_wconf 84' lang='grc' dir='ltr'><strong>Μὴ</strong></span> <span class='ocrx_word' id='word_1_107' title='bbox 705 1247 905 1315; x_wconf 90' lang='grc' dir='ltr'>τοίνυν,</span> <span class='ocrx_word' id='word_1_108' title='bbox 936 1250 1066 1302; x_wconf 83' lang='grc' dir='ltr'>ὅταν</span> <span class='ocrx_word' id='word_1_109' title='bbox 1090 1250 1332 1324; x_wconf 79' lang='grc' dir='ltr'><strong>ἀκούσῃς</strong></span> <span class='ocrx_word' id='word_1_110' title='bbox 1351 1251 1578 1323; x_wconf 84' lang='grc' dir='ltr'>ἡμερῶν</span> <span class='ocrx_word' id='word_1_111' title='bbox 1598 1253 1734 1320; x_wconf 89' lang='grc' dir='ltr'>ἀγα-</span> 
     </span>
    </p>
   </div>
   <div class='ocr_carea' id='block_1_15' title="bbox 144 1336 1735 1413">
    <p class='ocr_par' dir='ltr' id='par_1_15' title="bbox 144 1336 1735 1413">
     <span class='ocr_line' id='line_1_15' title="bbox 144 1336 1735 1413; baseline 0.006 -24"><span class='ocrx_word' id='word_1_112' title='bbox 144 1336 279 1399; x_wconf 80' lang='grc' dir='ltr'>θῶν,</span> <span class='ocrx_word' id='word_1_113' title='bbox 312 1336 411 1408; x_wconf 84' lang='grc' dir='ltr'><strong>τὴν</strong></span> <span class='ocrx_word' id='word_1_114' title='bbox 447 1338 682 1392; x_wconf 80' lang='grc' dir='ltr'>ἐνταῦθά</span> <span class='ocrx_word' id='word_1_115' title='bbox 723 1358 806 1395; x_wconf 88' lang='grc' dir='ltr'><strong>σοι</strong></span> <span class='ocrx_word' id='word_1_116' title='bbox 842 1343 1070 1413; x_wconf 82' lang='grc' dir='ltr'>νομίσῃς</span> <span class='ocrx_word' id='word_1_117' title='bbox 1122 1343 1267 1413; x_wconf 85' lang='grc' dir='ltr'>ζωὴν</span> <span class='ocrx_word' id='word_1_118' title='bbox 1295 1346 1353 1397; x_wconf 88' lang='grc' dir='ltr'><strong>ἐν</strong></span> <span class='ocrx_word' id='word_1_119' title='bbox 1381 1344 1735 1413; x_wconf 79' lang='grc' dir='ltr'>ἐπαγγελίαις</span> 
     </span>
    </p>
   </div>
   <div class='ocr_carea' id='block_1_16' title="bbox 142 1428 1734 1506">
    <p class='ocr_par' dir='ltr' id='par_1_16' title="bbox 142 1428 1734 1506">
     <span class='ocr_line' id='line_1_16' title="bbox 142 1428 1734 1506; baseline 0.006 -26"><span class='ocrx_word' id='word_1_120' title='bbox 142 1428 492 1500; x_wconf 83' lang='grc' dir='ltr'>προκεῖσθαι.</span> <span class='ocrx_word' id='word_1_121' title='bbox 531 1431 775 1504; x_wconf 78' lang='grc' dir='ltr'>Φθαρταὶ</span> <span class='ocrx_word' id='word_1_122' title='bbox 807 1434 916 1503; x_wconf 90' lang='grc' dir='ltr'><strong>γάρ</strong></span> <span class='ocrx_word' id='word_1_123' title='bbox 938 1436 1076 1488; x_wconf 89' lang='grc' dir='ltr'>είσιν</span> <span class='ocrx_word' id='word_1_124' title='bbox 1108 1430 1292 1498; x_wconf 77' lang='grc' dir='ltr'>αὗται,</span> <span class='ocrx_word' id='word_1_125' title='bbox 1327 1435 1394 1499; x_wconf 75' lang='grc' dir='ltr'>ἃς</span> <span class='ocrx_word' id='word_1_126' title='bbox 1418 1437 1446 1489; x_wconf 97' lang='lat'><strong>6</strong></span> <span class='ocrx_word' id='word_1_127' title='bbox 1479 1435 1734 1506; x_wconf 76' lang='grc' dir='ltr'>αἰσθητὸς</span> 
     </span>
    </p>
   </div>
   <div class='ocr_carea' id='block_1_17' title="bbox 140 1519 1735 1600">
    <p class='ocr_par' dir='ltr' id='par_1_17' title="bbox 140 1519 1735 1600">
     <span class='ocr_line' id='line_1_17' title="bbox 140 1519 1735 1600; baseline 0.006 -28"><span class='ocrx_word' id='word_1_128' title='bbox 140 1519 297 1590; x_wconf 67' lang='grc' dir='ltr'>ἥλιος</span> <span class='ocrx_word' id='word_1_129' title='bbox 332 1521 736 1591; x_wconf 78' lang='grc' dir='ltr'>ἀπεργάζεται·</span> <span class='ocrx_word' id='word_1_130' title='bbox 784 1526 935 1579; x_wconf 78' lang='grc' dir='ltr'>οὐδὲν</span> <span class='ocrx_word' id='word_1_131' title='bbox 989 1527 1047 1580; x_wconf 85' lang='grc' dir='ltr'>δὲ</span> <span class='ocrx_word' id='word_1_132' title='bbox 1103 1527 1341 1599; x_wconf 85' lang='grc' dir='ltr'>φθαρτὸν</span> <span class='ocrx_word' id='word_1_133' title='bbox 1387 1526 1735 1600; x_wconf 79' lang='grc' dir='ltr'><strong>ἁρμοζόντως</strong></span> 
     </span>
    </p>
   </div>
   <div class='ocr_carea' id='block_1_18' title="bbox 143 1615 1731 1690">
    <p class='ocr_par' dir='ltr' id='par_1_18' title="bbox 143 1615 1731 1690">
     <span class='ocr_line' id='line_1_18' title="bbox 143 1615 1731 1690; baseline 0.001 -21"><span class='ocrx_word' id='word_1_134' title='bbox 143 1616 212 1669; x_wconf 85' lang='grc' dir='ltr'>ἂν</span> <span class='ocrx_word' id='word_1_135' title='bbox 238 1615 411 1689; x_wconf 69' lang='grc' dir='ltr'>δῶρον</span> <span class='ocrx_word' id='word_1_136' title='bbox 437 1618 648 1685; x_wconf 82' lang='grc' dir='ltr'>γένοιτο</span> <span class='ocrx_word' id='word_1_137' title='bbox 684 1616 761 1687; x_wconf 83' lang='grc' dir='ltr'><strong>τῷ</strong></span> <span class='ocrx_word' id='word_1_138' title='bbox 810 1617 1092 1689; x_wconf 81' lang='grc' dir='ltr'><strong>ἀφθάρτῳ.</strong></span> <span class='ocrx_word' id='word_1_139' title='bbox 1142 1619 1206 1671; x_wconf 80' lang='grc' dir='ltr'><strong>Εἰ</strong></span> <span class='ocrx_word' id='word_1_140' title='bbox 1248 1618 1356 1689; x_wconf 81' lang='grc' dir='ltr'>γὰρ</span> <span class='ocrx_word' id='word_1_141' title='bbox 1391 1618 1668 1690; x_wconf 79' lang='grc' dir='ltr'>ἄφθαρτος</span> <span class='ocrx_word' id='word_1_142' title='bbox 1699 1620 1731 1689; x_wconf 88' lang='grc' dir='ltr'><strong>ή</strong></span> 
     </span>
    </p>
   </div>
   <div class='ocr_carea' id='block_1_19' title="bbox 138 1708 1733 1782">
    <p class='ocr_par' dir='ltr' id='par_1_19' title="bbox 138 1708 1733 1782">
     <span class='ocr_line' id='line_1_19' title="bbox 138 1708 1733 1782; baseline 0 -19"><span class='ocrx_word' id='word_1_143' title='bbox 138 1708 311 1779; x_wconf 79' lang='grc' dir='ltr'>ψυχὴ,</span> <span class='ocrx_word' id='word_1_144' title='bbox 341 1710 595 1782; x_wconf 79' lang='grc' dir='ltr'>ἄφθαρτα</span> <span class='ocrx_word' id='word_1_145' title='bbox 620 1710 789 1781; x_wconf 83' lang='grc' dir='ltr'>αὐτῆς</span> <span class='ocrx_word' id='word_1_146' title='bbox 829 1711 923 1764; x_wconf 74' lang='grc' dir='ltr'><strong>καὶ</strong></span> <span class='ocrx_word' id='word_1_147' title='bbox 958 1709 1029 1763; x_wconf 87' lang='grc' dir='ltr'>τὰ</span> <span class='ocrx_word' id='word_1_148' title='bbox 1053 1710 1390 1781; x_wconf 85' lang='grc' dir='ltr'>χαρίσματα.</span> <span class='ocrx_word' id='word_1_149' title='bbox 1441 1710 1552 1763; x_wconf 75' lang='grc' dir='ltr'>Καὶ</span> <span class='ocrx_word' id='word_1_150' title='bbox 1579 1714 1733 1777; x_wconf 83' lang='grc' dir='ltr'>Παρ-</span> 
     </span>
    </p>
   </div>
   <div class='ocr_carea' id='block_1_20' title="bbox 141 1782 1807 1870">
    <p class='ocr_par' dir='ltr' id='par_1_20' title="bbox 141 1782 1807 1870">
     <span class='ocr_line' id='line_1_20' title="bbox 141 1782 1807 1870; baseline -0.001 -19"><span class='ocrx_word' id='word_1_151' title='bbox 141 1797 276 1868; x_wconf 68' lang='lat' dir='ltr'><strong>(iret</strong></span> <span class='ocrx_word' id='word_1_152' title='bbox 324 1799 393 1852; x_wconf 82' lang='grc' dir='ltr'>τὸ</span> <span class='ocrx_word' id='word_1_153' title='bbox 439 1800 651 1869; x_wconf 84' lang='grc' dir='ltr'>σχῆμα</span> <span class='ocrx_word' id='word_1_154' title='bbox 697 1800 804 1854; x_wconf 85' lang='grc' dir='ltr'>τοῦ</span> <span class='ocrx_word' id='word_1_155' title='bbox 848 1801 1081 1870; x_wconf 81' lang='grc' dir='ltr'>κόσμου</span> <span class='ocrx_word' id='word_1_156' title='bbox 1105 1800 1339 1853; x_wconf 81' lang='grc' dir='ltr'>τούτου.</span> <span class='ocrx_word' id='word_1_157' title='bbox 1373 1800 1435 1851; x_wconf 79' lang='lat' dir='ltr'><strong>Ei</strong></span> <span class='ocrx_word' id='word_1_158' title='bbox 1478 1799 1535 1851; x_wconf 89' lang='grc' dir='ltr'><strong>δέ</strong></span> <span class='ocrx_word' id='word_1_159' title='bbox 1576 1798 1732 1851; x_wconf 80' lang='grc' dir='ltr'>σκιὰν</span> <span class='ocrx_word' id='word_1_160' title='bbox 1767 1782 1807 1834; x_wconf 77' lang='grc' dir='ltr'><strong>Β</strong></span> 
     </span>
    </p>
   </div>
   <div class='ocr_carea' id='block_1_21' title="bbox 140 1889 1733 1962">
    <p class='ocr_par' dir='ltr' id='par_1_21' title="bbox 140 1889 1733 1962">
     <span class='ocr_line' id='line_1_21' title="bbox 140 1889 1733 1962; baseline 0.001 -20"><span class='ocrx_word' id='word_1_161' title='bbox 140 1890 258 1960; x_wconf 74' lang='grc' dir='ltr'>ἔχει</span> <span class='ocrx_word' id='word_1_162' title='bbox 285 1893 315 1944; x_wconf 91' lang='grc' dir='ltr'><strong>ό</strong></span> <span class='ocrx_word' id='word_1_163' title='bbox 342 1891 508 1961; x_wconf 86' lang='grc' dir='ltr'>νόμος</span> <span class='ocrx_word' id='word_1_164' title='bbox 537 1891 647 1944; x_wconf 87' lang='grc' dir='ltr'><strong>τῶν</strong></span> <span class='ocrx_word' id='word_1_165' title='bbox 692 1891 994 1962; x_wconf 87' lang='grc' dir='ltr'>μελλόντων</span> <span class='ocrx_word' id='word_1_166' title='bbox 1032 1890 1253 1958; x_wconf 84' lang='grc' dir='ltr'>ἀγαθῶν</span> <span class='ocrx_word' id='word_1_167' title='bbox 1274 1930 1291 1955; x_wconf 91' lang='grc'><strong>,</strong></span> <span class='ocrx_word' id='word_1_168' title='bbox 1334 1891 1444 1944; x_wconf 80' lang='grc' dir='ltr'>νόει</span> <span class='ocrx_word' id='word_1_169' title='bbox 1491 1889 1582 1961; x_wconf 87' lang='grc' dir='ltr'><strong>μοί</strong></span> <span class='ocrx_word' id='word_1_170' title='bbox 1612 1906 1733 1943; x_wconf 87' lang='grc' dir='ltr'>τινα</span> 
     </span>
    </p>
   </div>
   <div class='ocr_carea' id='block_1_22' title="bbox 141 1978 1730 2052">
    <p class='ocr_par' dir='ltr' id='par_1_22' title="bbox 141 1978 1730 2052">
     <span class='ocr_line' id='line_1_22' title="bbox 141 1978 1730 2052; baseline -0.001 -20"><span class='ocrx_word' id='word_1_171' title='bbox 141 1978 400 2033; x_wconf 77' lang='grc' dir='ltr'>Σάϐὁατα</span> <span class='ocrx_word' id='word_1_172' title='bbox 428 1980 674 2052; x_wconf 83' lang='grc' dir='ltr'>τρυφερά</span> <span class='ocrx_word' id='word_1_173' title='bbox 696 2020 710 2044; x_wconf 95' lang='grc'><strong>,</strong></span> <span class='ocrx_word' id='word_1_174' title='bbox 748 1979 881 2047; x_wconf 84' lang='grc' dir='ltr'>ἆγια</span> <span class='ocrx_word' id='word_1_175' title='bbox 902 2020 916 2045; x_wconf 88' lang='grc'><strong>,</strong></span> <span class='ocrx_word' id='word_1_176' title='bbox 946 1982 1010 2034; x_wconf 89' lang='grc' dir='ltr'><strong>ἐκ</strong></span> <span class='ocrx_word' id='word_1_177' title='bbox 1051 1980 1162 2033; x_wconf 85' lang='grc' dir='ltr'><strong>τῶν</strong></span> <span class='ocrx_word' id='word_1_178' title='bbox 1206 1980 1447 2033; x_wconf 73' lang='grc' dir='ltr'>αἰωνίων</span> <span class='ocrx_word' id='word_1_179' title='bbox 1483 1978 1730 2050; x_wconf 83' lang='grc' dir='ltr'>ἡμερῶν,</span> 
     </span>
    </p>
   </div>
   <div class='ocr_carea' id='block_1_23' title="bbox 141 2070 1734 2144">
    <p class='ocr_par' dir='ltr' id='par_1_23' title="bbox 141 2070 1734 2144">
     <span class='ocr_line' id='line_1_23' title="bbox 141 2070 1734 2144; baseline -0.002 -19"><span class='ocrx_word' id='word_1_180' title='bbox 141 2072 458 2143; x_wconf 80' lang='grc' dir='ltr'>νεομηνίας,</span> <span class='ocrx_word' id='word_1_181' title='bbox 504 2072 729 2144; x_wconf 81' lang='grc' dir='ltr'>ἑορτάς·</span> <span class='ocrx_word' id='word_1_182' title='bbox 766 2072 862 2126; x_wconf 76' lang='grc' dir='ltr'>καὶ</span> <span class='ocrx_word' id='word_1_183' title='bbox 898 2072 1008 2127; x_wconf 89' lang='grc' dir='ltr'>νόει</span> <span class='ocrx_word' id='word_1_184' title='bbox 1036 2090 1127 2144; x_wconf 92' lang='grc' dir='ltr'><strong>μοι</strong></span> <span class='ocrx_word' id='word_1_185' title='bbox 1168 2071 1335 2139; x_wconf 81' lang='grc' dir='ltr'>ἀξίως</span> <span class='ocrx_word' id='word_1_186' title='bbox 1367 2070 1460 2125; x_wconf 81' lang='grc' dir='ltr'>τοῦ</span> <span class='ocrx_word' id='word_1_187' title='bbox 1496 2087 1734 2141; x_wconf 87' lang='grc' dir='ltr'>πνευμα-</span> 
     </span>
    </p>
   </div>
   <div class='ocr_carea' id='block_1_24' title="bbox 142 2162 1733 2236">
    <p class='ocr_par' dir='ltr' id='par_1_24' title="bbox 142 2162 1733 2236">
     <span class='ocr_line' id='line_1_24' title="bbox 142 2162 1733 2236; baseline -0.001 -19"><span class='ocrx_word' id='word_1_188' title='bbox 142 2163 299 2218; x_wconf 80' lang='grc' dir='ltr'>τικοῦ</span> <span class='ocrx_word' id='word_1_189' title='bbox 333 2166 523 2235; x_wconf 88' lang='grc' dir='ltr'>νόμου.</span> <span class='ocrx_word' id='word_1_190' title='bbox 569 2167 820 2220; x_wconf 77' lang='grc' dir='ltr'>Παῦσον</span> <span class='ocrx_word' id='word_1_191' title='bbox 853 2164 969 2233; x_wconf 77' lang='grc' dir='ltr'><strong>τὴν</strong></span> <span class='ocrx_word' id='word_1_192' title='bbox 1005 2163 1298 2236; x_wconf 73' lang='grc' dir='ltr'>γλῶσσάν</span> <span class='ocrx_word' id='word_1_193' title='bbox 1327 2179 1442 2218; x_wconf 85' lang='grc' dir='ltr'><strong>σου</strong></span> <span class='ocrx_word' id='word_1_194' title='bbox 1479 2162 1598 2217; x_wconf 85' lang='grc' dir='ltr'>ἀπὸ</span> <span class='ocrx_word' id='word_1_195' title='bbox 1627 2179 1733 2216; x_wconf 80' lang='grc' dir='ltr'>κα·-</span> 
     </span>
    </p>
   </div>
   <div class='ocr_carea' id='block_1_25' title="bbox 143 2254 1732 2328">
    <p class='ocr_par' dir='ltr' id='par_1_25' title="bbox 143 2254 1732 2328">
     <span class='ocr_line' id='line_1_25' title="bbox 143 2254 1732 2328; baseline -0.003 -18"><span class='ocrx_word' id='word_1_196' title='bbox 143 2255 277 2321; x_wconf 79' lang='grc' dir='ltr'>κοῦ,</span> <span class='ocrx_word' id='word_1_197' title='bbox 322 2258 422 2311; x_wconf 76' lang='grc' dir='ltr'>καὶ</span> <span class='ocrx_word' id='word_1_198' title='bbox 461 2258 639 2328; x_wconf 75' lang='grc' dir='ltr'>χείλη</span> <span class='ocrx_word' id='word_1_199' title='bbox 675 2273 792 2313; x_wconf 84' lang='grc' dir='ltr'><strong>σου</strong></span> <span class='ocrx_word' id='word_1_200' title='bbox 837 2259 946 2313; x_wconf 83' lang='grc' dir='ltr'>τοῦ</span> <span class='ocrx_word' id='word_1_201' title='bbox 984 2258 1069 2327; x_wconf 80' lang='grc' dir='ltr'><strong>μὴ</strong></span> <span class='ocrx_word' id='word_1_202' title='bbox 1106 2255 1374 2324; x_wconf 77' lang='grc' dir='ltr'>λαλῆσαι</span> <span class='ocrx_word' id='word_1_203' title='bbox 1416 2254 1620 2309; x_wconf 81' lang='grc' dir='ltr'>δόλον.</span> <span class='ocrx_word' id='word_1_204' title='bbox 1670 2256 1732 2307; x_wconf 75' lang='lat' dir='ltr'><strong>Ei</strong></span> 
     </span>
    </p>
   </div>
   <div class='ocr_carea' id='block_1_26' title="bbox 146 2346 1732 2421">
    <p class='ocr_par' dir='ltr' id='par_1_26' title="bbox 146 2346 1732 2421">
     <span class='ocr_line' id='line_1_26' title="bbox 146 2346 1732 2421; baseline -0.002 -21"><span class='ocrx_word' id='word_1_205' title='bbox 146 2348 325 2418; x_wconf 86' lang='grc' dir='ltr'>βούλει</span> <span class='ocrx_word' id='word_1_206' title='bbox 364 2351 422 2402; x_wconf 87' lang='grc' dir='ltr'><strong>ἐν</strong></span> <span class='ocrx_word' id='word_1_207' title='bbox 469 2351 591 2413; x_wconf 85' lang='grc' dir='ltr'>ταῖς</span> <span class='ocrx_word' id='word_1_208' title='bbox 628 2350 864 2421; x_wconf 81' lang='grc' dir='ltr'>ἡμέραις</span> <span class='ocrx_word' id='word_1_209' title='bbox 909 2350 1161 2417; x_wconf 81' lang='grc' dir='ltr'>γενέσθαι</span> <span class='ocrx_word' id='word_1_210' title='bbox 1207 2351 1326 2411; x_wconf 87' lang='grc' dir='ltr'>ταῖς</span> <span class='ocrx_word' id='word_1_211' title='bbox 1377 2346 1643 2415; x_wconf 83' lang='grc' dir='ltr'>ἀγαθαῖς,</span> <span class='ocrx_word' id='word_1_212' title='bbox 1683 2347 1732 2398; x_wconf 87' lang='grc' dir='ltr'><strong>εί</strong></span> 
     </span>
    </p>
   </div>
   <div class='ocr_carea' id='block_1_27' title="bbox 141 2435 1727 2512">
    <p class='ocr_par' dir='ltr' id='par_1_27' title="bbox 141 2435 1727 2512">
     <span class='ocr_line' id='line_1_27' title="bbox 141 2435 1727 2512; baseline -0.001 -21"><span class='ocrx_word' id='word_1_213' title='bbox 141 2438 363 2509; x_wconf 82' lang='grc' dir='ltr'>ἀγαπᾷς</span> <span class='ocrx_word' id='word_1_214' title='bbox 378 2438 477 2508; x_wconf 77' lang='grc' dir='ltr'><strong>τὴν</strong></span> <span class='ocrx_word' id='word_1_215' title='bbox 498 2439 664 2510; x_wconf 84' lang='grc' dir='ltr'>ζωὴν,</span> <span class='ocrx_word' id='word_1_216' title='bbox 692 2440 917 2512; x_wconf 88' lang='grc' dir='ltr'>ποίησον</span> <span class='ocrx_word' id='word_1_217' title='bbox 936 2442 1038 2510; x_wconf 83' lang='grc' dir='ltr'>τὴν</span> <span class='ocrx_word' id='word_1_218' title='bbox 1066 2439 1286 2510; x_wconf 88' lang='grc' dir='ltr'>ἐντολὴν</span> <span class='ocrx_word' id='word_1_219' title='bbox 1306 2438 1405 2507; x_wconf 83' lang='grc' dir='ltr'>τῆς</span> <span class='ocrx_word' id='word_1_220' title='bbox 1425 2437 1571 2507; x_wconf 81' lang='grc' dir='ltr'>ζωῆς</span> <span class='ocrx_word' id='word_1_221' title='bbox 1597 2435 1727 2509; x_wconf 86' lang='grc'>(10).</span> 
     </span>
    </p>
   </div>
   <div class='ocr_carea' id='block_1_28' title="bbox 154 2527 1731 2604">
    <p class='ocr_par' dir='ltr' id='par_1_28' title="bbox 154 2527 1731 2604">
     <span class='ocr_line' id='line_1_28' title="bbox 154 2527 1731 2604; baseline -0.002 -22"><span class='ocrx_word' id='word_1_222' title='bbox 154 2531 211 2582; x_wconf 88' lang='grc' dir='ltr'><strong><em>Ὁ</em></strong></span> <span class='ocrx_word' id='word_1_223' title='bbox 270 2531 378 2602; x_wconf 81' lang='grc' dir='ltr'>γὰρ</span> <span class='ocrx_word' id='word_1_224' title='bbox 419 2531 669 2601; x_wconf 78' lang='grc' dir='ltr'>ἀγαπῶν</span> <span class='ocrx_word' id='word_1_225' title='bbox 724 2550 840 2602; x_wconf 81' lang='grc' dir='ltr'><strong>με,</strong></span> <span class='ocrx_word' id='word_1_226' title='bbox 909 2532 1043 2604; x_wconf 77' lang='grc' dir='ltr'>φησὶ</span> <span class='ocrx_word' id='word_1_227' title='bbox 1068 2572 1083 2596; x_wconf 94' lang='grc'><strong>,</strong></span> <span class='ocrx_word' id='word_1_228' title='bbox 1138 2530 1245 2596; x_wconf 84' lang='grc' dir='ltr'>τὰς</span> <span class='ocrx_word' id='word_1_229' title='bbox 1302 2527 1557 2592; x_wconf 75' lang='grc' dir='ltr'>ἐντολάς</span> <span class='ocrx_word' id='word_1_230' title='bbox 1612 2544 1731 2596; x_wconf 84' lang='grc' dir='ltr'><strong>μου</strong></span> 
     </span>
    </p>
   </div>
   <div class='ocr_carea' id='block_1_29' title="bbox 140 2620 1732 2697">
    <p class='ocr_par' dir='ltr' id='par_1_29' title="bbox 140 2620 1732 2697">
     <span class='ocr_line' id='line_1_29' title="bbox 140 2620 1732 2697; baseline -0.004 -20"><span class='ocrx_word' id='word_1_231' title='bbox 140 2622 411 2697; x_wconf 67' lang='grc' dir='ltr'>τηρήσει.</span> <span class='ocrx_word' id='word_1_232' title='bbox 445 2624 643 2697; x_wconf 84' lang='grc' dir='ltr'>Πρώτη</span> <span class='ocrx_word' id='word_1_233' title='bbox 677 2625 734 2677; x_wconf 89' lang='grc' dir='ltr'><strong>δέ</strong></span> <span class='ocrx_word' id='word_1_234' title='bbox 766 2625 953 2695; x_wconf 84' lang='grc' dir='ltr'>ἐντολὴ</span> <span class='ocrx_word' id='word_1_235' title='bbox 987 2625 1046 2677; x_wconf 79' lang='grc' dir='ltr'>τὸ</span> <span class='ocrx_word' id='word_1_236' title='bbox 1067 2665 1081 2687; x_wconf 95' lang='grc'><strong>,</strong></span> <span class='ocrx_word' id='word_1_237' title='bbox 1111 2621 1319 2676; x_wconf 79' lang='grc' dir='ltr'>παῦσαι</span> <span class='ocrx_word' id='word_1_238' title='bbox 1358 2620 1454 2691; x_wconf 84' lang='grc' dir='ltr'>τὴν</span> <span class='ocrx_word' id='word_1_239' title='bbox 1482 2620 1732 2688; x_wconf 85' lang='grc' dir='ltr'>γλώσσαν</span> 
     </span>
    </p>
   </div>
   <div class='ocr_carea' id='block_1_30' title="bbox 142 2710 1731 2787">
    <p class='ocr_par' dir='ltr' id='par_1_30' title="bbox 142 2710 1731 2787">
     <span class='ocr_line' id='line_1_30' title="bbox 142 2710 1731 2787; baseline -0.004 -20"><span class='ocrx_word' id='word_1_240' title='bbox 142 2714 252 2767; x_wconf 84' lang='grc' dir='ltr'>ἀπὸ</span> <span class='ocrx_word' id='word_1_241' title='bbox 278 2716 475 2780; x_wconf 78' lang='grc' dir='ltr'>κακοῦ,</span> <span class='ocrx_word' id='word_1_242' title='bbox 507 2718 603 2770; x_wconf 75' lang='grc' dir='ltr'><strong>καὶ</strong></span> <span class='ocrx_word' id='word_1_243' title='bbox 646 2716 797 2787; x_wconf 85' lang='grc' dir='ltr'>χείλη</span> <span class='ocrx_word' id='word_1_244' title='bbox 831 2716 926 2768; x_wconf 84' lang='grc' dir='ltr'>τοῦ</span> <span class='ocrx_word' id='word_1_245' title='bbox 960 2715 1035 2787; x_wconf 86' lang='grc' dir='ltr'>μὴ</span> <span class='ocrx_word' id='word_1_246' title='bbox 1067 2714 1296 2784; x_wconf 78' lang='grc' dir='ltr'>λαλῆσαι</span> <span class='ocrx_word' id='word_1_247' title='bbox 1328 2712 1496 2765; x_wconf 89' lang='grc' dir='ltr'>δόλον.</span> <span class='ocrx_word' id='word_1_248' title='bbox 1541 2710 1731 2781; x_wconf 71' lang='grc' dir='ltr'>Σχεδὸν</span> 
     </span>
    </p>
   </div>
   <div class='ocr_carea' id='block_1_31' title="bbox 141 2799 1732 2879">
    <p class='ocr_par' dir='ltr' id='par_1_31' title="bbox 141 2799 1732 2879">
     <span class='ocr_line' id='line_1_31' title="bbox 141 2799 1732 2879; baseline -0.002 -23"><span class='ocrx_word' id='word_1_249' title='bbox 141 2805 309 2877; x_wconf 76' lang='grc' dir='ltr'>γὰρὴ</span> <span class='ocrx_word' id='word_1_250' title='bbox 345 2809 743 2879; x_wconf 82' lang='grc' dir='ltr'>προχειροτάτη</span> <span class='ocrx_word' id='word_1_251' title='bbox 776 2808 873 2860; x_wconf 72' lang='grc' dir='ltr'><strong>καὶ</strong></span> <span class='ocrx_word' id='word_1_252' title='bbox 913 2806 1252 2876; x_wconf 79' lang='grc' dir='ltr'>πολύτροπος</span> <span class='ocrx_word' id='word_1_253' title='bbox 1283 2801 1527 2873; x_wconf 85' lang='grc' dir='ltr'>ἁμαρτία</span> <span class='ocrx_word' id='word_1_254' title='bbox 1568 2802 1600 2870; x_wconf 86' lang='grc' dir='ltr'>ὴ</span> <span class='ocrx_word' id='word_1_255' title='bbox 1644 2799 1732 2853; x_wconf 77' lang='grc' dir='ltr'>διὰ</span> 
     </span>
    </p>
   </div>
   <div class='ocr_carea' id='block_1_32' title="bbox 141 2893 1731 2970">
    <p class='ocr_par' dir='ltr' id='par_1_32' title="bbox 141 2893 1731 2970">
     <span class='ocr_line' id='line_1_32' title="bbox 141 2893 1731 2970; baseline -0.005 -20"><span class='ocrx_word' id='word_1_256' title='bbox 141 2897 395 2970; x_wconf 81' lang='grc' dir='ltr'>γλώσσης</span> <span class='ocrx_word' id='word_1_257' title='bbox 461 2900 612 2953; x_wconf 76' lang='grc' dir='ltr'>ἐστὶν</span> <span class='ocrx_word' id='word_1_258' title='bbox 680 2898 1071 2970; x_wconf 78' lang='grc' dir='ltr'>ἐνεργουμένη.</span> <span class='ocrx_word' id='word_1_259' title='bbox 1154 2894 1477 2967; x_wconf 88' lang='grc' dir='ltr'>Ὠργίσθης;</span> <span class='ocrx_word' id='word_1_260' title='bbox 1544 2893 1638 2945; x_wconf 78' lang='grc' dir='ltr'><strong>καὶ</strong></span> <span class='ocrx_word' id='word_1_261' title='bbox 1698 2894 1731 2963; x_wconf 76' lang='grc' dir='ltr'>ἡ</span> 
     </span>
    </p>
   </div>
   <div class='ocr_carea' id='block_1_33' title="bbox 140 2983 1734 3064">
    <p class='ocr_par' dir='ltr' id='par_1_33' title="bbox 140 2983 1734 3064">
     <span class='ocr_line' id='line_1_33' title="bbox 140 2983 1734 3064; baseline -0.006 -21"><span class='ocrx_word' id='word_1_262' title='bbox 140 2992 363 3055; x_wconf 84' lang='grc' dir='ltr'>γλῶσσα</span> <span class='ocrx_word' id='word_1_263' title='bbox 386 2991 697 3064; x_wconf 81' lang='grc' dir='ltr'>προτρέχει.</span> <span class='ocrx_word' id='word_1_264' title='bbox 738 2992 826 3045; x_wconf 87' lang='grc' dir='ltr'>Ἐν</span> <span class='ocrx_word' id='word_1_265' title='bbox 849 2990 1168 3059; x_wconf 73' lang='grc' dir='ltr'>ἐπιθυμίαις</span> <span class='ocrx_word' id='word_1_266' title='bbox 1191 2984 1242 3041; x_wconf 83' lang='grc' dir='ltr'>εἴ</span> <span class='ocrx_word' id='word_1_267' title='bbox 1266 3004 1280 3052; x_wconf 92' lang='grc'><strong>;</strong></span> <span class='ocrx_word' id='word_1_268' title='bbox 1314 2987 1406 3040; x_wconf 80' lang='grc' dir='ltr'><strong>καὶ</strong></span> <span class='ocrx_word' id='word_1_269' title='bbox 1433 2985 1532 3056; x_wconf 86' lang='grc' dir='ltr'>τὴν</span> <span class='ocrx_word' id='word_1_270' title='bbox 1558 2983 1734 3053; x_wconf 84' lang='grc' dir='ltr'>γλῶσ-</span> 
     </span>
    </p>
   </div>
   <div class='ocr_carea' id='block_1_34' title="bbox 144 3074 1804 3181">
    <p class='ocr_par' dir='ltr' id='par_1_34' title="bbox 144 3074 1804 3181">
     <span class='ocr_line' id='line_1_34' title="bbox 144 3074 1804 3181; baseline -0.006 -45"><span class='ocrx_word' id='word_1_271' title='bbox 144 3099 242 3137; x_wconf 81' lang='grc' dir='ltr'><strong>σαν</strong></span> <span class='ocrx_word' id='word_1_272' title='bbox 285 3082 431 3154; x_wconf 80' lang='grc' dir='ltr'>ἔχεις</span> <span class='ocrx_word' id='word_1_273' title='bbox 474 3084 579 3155; x_wconf 86' lang='grc' dir='ltr'><strong>πρὸ</strong></span> <span class='ocrx_word' id='word_1_274' title='bbox 626 3083 844 3137; x_wconf 85' lang='grc' dir='ltr'>πάντων</span> <span class='ocrx_word' id='word_1_275' title='bbox 900 3081 1061 3137; x_wconf 88' lang='grc' dir='ltr'>οἱονεί</span> <span class='ocrx_word' id='word_1_276' title='bbox 1100 3098 1222 3134; x_wconf 88' lang='grc' dir='ltr'>τινα</span> <span class='ocrx_word' id='word_1_277' title='bbox 1261 3074 1590 3148; x_wconf 84' lang='grc' dir='ltr'>μαστρωπὸν</span> <span class='ocrx_word' id='word_1_278' title='bbox 1639 3075 1733 3181; x_wconf 62' lang='grc' dir='ltr'>καὶ</span> <span class='ocrx_word' id='word_1_279' title='bbox 1760 3122 1804 3181; x_wconf 74' lang='lat' dir='ltr'><strong>C</strong></span> 
     </span>
    </p>
   </div>
   <div class='ocr_carea' id='block_1_35' title="bbox 143 3165 1733 3249">
    <p class='ocr_par' dir='ltr' id='par_1_35' title="bbox 143 3165 1733 3249">
     <span class='ocr_line' id='line_1_35' title="bbox 143 3165 1733 3249; baseline -0.008 -19"><span class='ocrx_word' id='word_1_280' title='bbox 143 3177 492 3249; x_wconf 84' lang='grc' dir='ltr'>προαγωγὸν,</span> <span class='ocrx_word' id='word_1_281' title='bbox 546 3173 1175 3248; x_wconf 82' lang='grc' dir='ltr'>συγκαταπρασσομὲνην</span> <span class='ocrx_word' id='word_1_282' title='bbox 1208 3174 1274 3242; x_wconf 83' lang='grc' dir='ltr'><strong>τῇ</strong></span> <span class='ocrx_word' id='word_1_283' title='bbox 1305 3167 1571 3239; x_wconf 73' lang='grc' dir='ltr'>ἁμαρτίᾳ,</span> <span class='ocrx_word' id='word_1_284' title='bbox 1601 3165 1733 3220; x_wconf 89' lang='grc' dir='ltr'>καθ-</span> 
     </span>
    </p>
   </div>
   <div class='ocr_carea' id='block_1_36' title="bbox 142 3256 1731 3339">
    <p class='ocr_par' dir='ltr' id='par_1_36' title="bbox 142 3256 1731 3339">
     <span class='ocr_line' id='line_1_36' title="bbox 142 3256 1731 3339; baseline -0.011 -17"><span class='ocrx_word' id='word_1_285' title='bbox 142 3268 579 3339; x_wconf 81' lang='grc' dir='ltr'>υποκρινομένην</span> <span class='ocrx_word' id='word_1_286' title='bbox 638 3268 751 3337; x_wconf 77' lang='lat' dir='ltr'><strong>(II)</strong></span> <span class='ocrx_word' id='word_1_287' title='bbox 817 3265 944 3329; x_wconf 77' lang='grc' dir='ltr'>τους</span> <span class='ocrx_word' id='word_1_288' title='bbox 989 3263 1236 3333; x_wconf 68' lang='grc' dir='ltr'>πλησίον.</span> <span class='ocrx_word' id='word_1_289' title='bbox 1289 3260 1401 3313; x_wconf 77' lang='grc' dir='ltr'>Καὶ</span> <span class='ocrx_word' id='word_1_290' title='bbox 1441 3256 1604 3310; x_wconf 85' lang='grc' dir='ltr'>ὅπλον</span> <span class='ocrx_word' id='word_1_291' title='bbox 1650 3272 1731 3307; x_wconf 90' lang='grc' dir='ltr'><strong>σοι</strong></span> 
     </span>
    </p>
   </div>
   <div class='ocr_carea' id='block_1_37' title="bbox 143 3348 1734 3431">
    <p class='ocr_par' dir='ltr' id='par_1_37' title="bbox 143 3348 1734 3431">
     <span class='ocr_line' id='line_1_37' title="bbox 143 3348 1734 3431; baseline -0.009 -18"><span class='ocrx_word' id='word_1_292' title='bbox 143 3359 282 3431; x_wconf 80' lang='grc' dir='ltr'>πρὸς</span> <span class='ocrx_word' id='word_1_293' title='bbox 327 3359 426 3430; x_wconf 80' lang='grc' dir='ltr'>τὴν</span> <span class='ocrx_word' id='word_1_294' title='bbox 466 3360 681 3413; x_wconf 88' lang='grc' dir='ltr'>ἀδικίαν</span> <span class='ocrx_word' id='word_1_295' title='bbox 717 3361 750 3430; x_wconf 84' lang='grc' dir='ltr'><strong>ή</strong></span> <span class='ocrx_word' id='word_1_296' title='bbox 800 3358 1049 3427; x_wconf 84' lang='grc' dir='ltr'>γλῶσσα,</span> <span class='ocrx_word' id='word_1_297' title='bbox 1106 3353 1179 3426; x_wconf 87' lang='grc' dir='ltr'>μὴ</span> <span class='ocrx_word' id='word_1_298' title='bbox 1238 3351 1310 3406; x_wconf 85' lang='grc' dir='ltr'>τὰ</span> <span class='ocrx_word' id='word_1_299' title='bbox 1356 3350 1465 3404; x_wconf 84' lang='grc' dir='ltr'><strong>ἀπὸ</strong></span> <span class='ocrx_word' id='word_1_300' title='bbox 1507 3348 1734 3419; x_wconf 82' lang='grc' dir='ltr'>καρδίας</span> 
     </span>
    </p>
   </div>
   <div class='ocr_carea' id='block_1_38' title="bbox 141 3439 1734 3523">
    <p class='ocr_par' dir='ltr' id='par_1_38' title="bbox 141 3439 1734 3523">
     <span class='ocr_line' id='line_1_38' title="bbox 141 3439 1734 3523; baseline -0.013 -12"><span class='ocrx_word' id='word_1_301' title='bbox 141 3451 515 3523; x_wconf 75' lang='grc' dir='ltr'>φθεγγομένη,</span> <span class='ocrx_word' id='word_1_302' title='bbox 543 3451 678 3505; x_wconf 83' lang='grc' dir='ltr'><strong>ἀλλά</strong></span> <span class='ocrx_word' id='word_1_303' title='bbox 719 3452 788 3504; x_wconf 75' lang='grc' dir='ltr'>τὰ</span> <span class='ocrx_word' id='word_1_304' title='bbox 816 3450 952 3521; x_wconf 84' lang='grc' dir='ltr'>πρὸς</span> <span class='ocrx_word' id='word_1_305' title='bbox 977 3447 1192 3517; x_wconf 81' lang='grc' dir='ltr'>ἀπάτην</span> <span class='ocrx_word' id='word_1_306' title='bbox 1220 3442 1590 3515; x_wconf 78' lang='grc' dir='ltr'>προφέρουσα.</span> <span class='ocrx_word' id='word_1_307' title='bbox 1625 3439 1734 3491; x_wconf 73' lang='grc' dir='ltr'>Καὶ</span> 
     </span>
    </p>
   </div>
   <div class='ocr_carea' id='block_1_39' title="bbox 139 3530 1735 3613">
    <p class='ocr_par' dir='ltr' id='par_1_39' title="bbox 139 3530 1735 3613">
     <span class='ocr_line' id='line_1_39' title="bbox 139 3530 1735 3613; baseline -0.009 -18"><span class='ocrx_word' id='word_1_308' title='bbox 139 3543 195 3595; x_wconf 70' lang='grc' dir='ltr'><strong>τί</strong></span> <span class='ocrx_word' id='word_1_309' title='bbox 239 3543 320 3594; x_wconf 82' lang='grc' dir='ltr'><strong>δεῖ</strong></span> <span class='ocrx_word' id='word_1_310' title='bbox 351 3544 529 3595; x_wconf 87' lang='grc' dir='ltr'>πάντα</span> <span class='ocrx_word' id='word_1_311' title='bbox 558 3542 638 3613; x_wconf 83' lang='grc' dir='ltr'>τῷ</span> <span class='ocrx_word' id='word_1_312' title='bbox 684 3541 828 3611; x_wconf 87' lang='grc' dir='ltr'>λόγῳ</span> <span class='ocrx_word' id='word_1_313' title='bbox 878 3538 1151 3606; x_wconf 75' lang='grc' dir='ltr'>ἐπεξιέναι</span> <span class='ocrx_word' id='word_1_314' title='bbox 1201 3536 1310 3588; x_wconf 84' lang='grc' dir='ltr'><strong>τῶν</strong></span> <span class='ocrx_word' id='word_1_315' title='bbox 1350 3533 1438 3586; x_wconf 82' lang='grc' dir='ltr'>διὰ</span> <span class='ocrx_word' id='word_1_316' title='bbox 1483 3530 1735 3599; x_wconf 79' lang='grc' dir='ltr'>γλώσσης</span> 
     </span>
    </p>
   </div>
   <div class='ocr_carea' id='block_1_40' title="bbox 140 3614 1734 3702">
    <p class='ocr_par' dir='ltr' id='par_1_40' title="bbox 140 3614 1734 3702">
     <span class='ocr_line' id='line_1_40' title="bbox 140 3614 1734 3702; baseline -0.011 -17"><span class='ocrx_word' id='word_1_317' title='bbox 140 3631 606 3702; x_wconf 78' lang='grc' dir='ltr'>ἁμαρτανομένων</span> <span class='ocrx_word' id='word_1_318' title='bbox 631 3647 645 3695; x_wconf 90' lang='grc'><strong>;</strong></span> <span class='ocrx_word' id='word_1_319' title='bbox 699 3629 1062 3699; x_wconf 83' lang='grc' dir='ltr'>Πεπλήρωται</span> <span class='ocrx_word' id='word_1_320' title='bbox 1093 3623 1249 3696; x_wconf 80' lang='grc' dir='ltr'>ἡμῶν</span> <span class='ocrx_word' id='word_1_321' title='bbox 1280 3624 1308 3674; x_wconf 90' lang='lat'><strong>6</strong></span> <span class='ocrx_word' id='word_1_322' title='bbox 1340 3621 1454 3692; x_wconf 83' lang='grc' dir='ltr'>βίος</span> <span class='ocrx_word' id='word_1_323' title='bbox 1486 3617 1595 3670; x_wconf 84' lang='grc' dir='ltr'><strong>τῶν</strong></span> <span class='ocrx_word' id='word_1_324' title='bbox 1624 3614 1734 3668; x_wconf 87' lang='grc' dir='ltr'><strong>ἀπὸ</strong></span> 
     </span>
    </p>
   </div>
   <div class='ocr_carea' id='block_1_41' title="bbox 139 3708 1734 3789">
    <p class='ocr_par' dir='ltr' id='par_1_41' title="bbox 139 3708 1734 3789">
     <span class='ocr_line' id='line_1_41' title="bbox 139 3708 1734 3789; baseline -0.01 -18"><span class='ocrx_word' id='word_1_325' title='bbox 139 3718 396 3789; x_wconf 77' lang='grc' dir='ltr'>γλώσσης</span> <span class='ocrx_word' id='word_1_326' title='bbox 435 3720 793 3789; x_wconf 83' lang='grc' dir='ltr'>πταισμάτων</span> <span class='ocrx_word' id='word_1_327' title='bbox 846 3718 979 3787; x_wconf 63' lang='lat'><strong>(1&#39;2).</strong></span> <span class='ocrx_word' id='word_1_328' title='bbox 1032 3711 1417 3787; x_wconf 84' lang='grc' dir='ltr'>Αίσχρολογία,</span> <span class='ocrx_word' id='word_1_329' title='bbox 1468 3708 1734 3778; x_wconf 75' lang='grc' dir='ltr'>εὐτραπε-</span> 
     </span>
    </p>
   </div>
   <div class='ocr_carea' id='block_1_42' title="bbox 141 3796 1731 3883">
    <p class='ocr_par' dir='ltr' id='par_1_42' title="bbox 141 3796 1731 3883">
     <span class='ocr_line' id='line_1_42' title="bbox 141 3796 1731 3883; baseline -0.01 -19"><span class='ocrx_word' id='word_1_330' title='bbox 141 3810 253 3876; x_wconf 88' lang='grc' dir='ltr'>λία,</span> <span class='ocrx_word' id='word_1_331' title='bbox 302 3810 633 3883; x_wconf 86' lang='grc' dir='ltr'>μωρολογία,</span> <span class='ocrx_word' id='word_1_332' title='bbox 676 3811 747 3864; x_wconf 81' lang='grc' dir='ltr'>τὰ</span> <span class='ocrx_word' id='word_1_333' title='bbox 779 3811 879 3863; x_wconf 78' lang='grc' dir='ltr'><strong>οὐκ</strong></span> <span class='ocrx_word' id='word_1_334' title='bbox 925 3810 1217 3879; x_wconf 85' lang='grc' dir='ltr'>ἀνήκοντα,</span> <span class='ocrx_word' id='word_1_335' title='bbox 1262 3800 1602 3861; x_wconf 77' lang='grc' dir='ltr'>καταλαλιαὶ,</span> <span class='ocrx_word' id='word_1_336' title='bbox 1639 3796 1731 3849; x_wconf 86' lang='grc' dir='ltr'>λό-</span> 
     </span>
    </p>
   </div>
   <div class='ocr_carea' id='block_1_43' title="bbox 138 3886 1733 3973">
    <p class='ocr_par' dir='ltr' id='par_1_43' title="bbox 138 3886 1733 3973">
     <span class='ocr_line' id='line_1_43' title="bbox 138 3886 1733 3973; baseline -0.013 -16"><span class='ocrx_word' id='word_1_337' title='bbox 138 3917 239 3969; x_wconf 85' lang='grc' dir='ltr'><strong>γος</strong></span> <span class='ocrx_word' id='word_1_338' title='bbox 286 3902 476 3971; x_wconf 85' lang='grc' dir='ltr'>ἀργὸς,</span> <span class='ocrx_word' id='word_1_339' title='bbox 527 3902 806 3973; x_wconf 81' lang='grc' dir='ltr'>ἐπιορκίαι</span> <span class='ocrx_word' id='word_1_340' title='bbox 845 3901 986 3972; x_wconf 80' lang='grc'>(15),</span> <span class='ocrx_word' id='word_1_341' title='bbox 1014 3892 1503 3968; x_wconf 77' lang='grc' dir='ltr'>ψευδομαρτυρίαι,</span> <span class='ocrx_word' id='word_1_342' title='bbox 1554 3886 1733 3940; x_wconf 88' lang='grc' dir='ltr'>πάντα</span> 
     </span>
    </p>
   </div>
   <div class='ocr_carea' id='block_1_44' title="bbox 139 3978 1732 4056">
    <p class='ocr_par' dir='ltr' id='par_1_44' title="bbox 139 3978 1732 4056">
     <span class='ocr_line' id='line_1_44' title="bbox 139 3978 1732 4056; baseline -0.004 -11"><span class='ocrx_word' id='word_1_343' title='bbox 139 3991 318 4046; x_wconf 80' lang='grc' dir='ltr'>ταῦτα</span> <span class='ocrx_word' id='word_1_344' title='bbox 348 3992 419 4045; x_wconf 80' lang='grc' dir='ltr'>τὰ</span> <span class='ocrx_word' id='word_1_345' title='bbox 449 3993 617 4056; x_wconf 80' lang='grc' dir='ltr'>κακὰ,</span> <span class='ocrx_word' id='word_1_346' title='bbox 662 3994 757 4047; x_wconf 60' lang='grc' dir='ltr'><strong>καλ⁸</strong></span> <span class='ocrx_word' id='word_1_347' title='bbox 792 3993 872 4047; x_wconf 81' lang='grc' dir='ltr'><strong>ἐτι</strong></span> <span class='ocrx_word' id='word_1_348' title='bbox 901 3992 1070 4045; x_wconf 88' lang='grc' dir='ltr'>πλείω</span> <span class='ocrx_word' id='word_1_349' title='bbox 1096 3988 1319 4050; x_wconf 87' lang='grc' dir='ltr'>τούτων,</span> <span class='ocrx_word' id='word_1_350' title='bbox 1348 3984 1447 4055; x_wconf 85' lang='grc' dir='ltr'><strong>τῆς</strong></span> <span class='ocrx_word' id='word_1_351' title='bbox 1479 3978 1732 4049; x_wconf 76' lang='grc' dir='ltr'>γλώσσης</span> 
     </span>
    </p>
   </div>
   <div class='ocr_carea' id='block_1_45' title="bbox 142 4070 1731 4157">
    <p class='ocr_par' dir='ltr' id='par_1_45' title="bbox 142 4070 1731 4157">
     <span class='ocr_line' id='line_1_45' title="bbox 142 4070 1731 4157; baseline -0.01 -21"><span class='ocrx_word' id='word_1_352' title='bbox 142 4084 262 4137; x_wconf 79' lang='grc' dir='ltr'>ἐστὶ</span> <span class='ocrx_word' id='word_1_353' title='bbox 313 4084 796 4157; x_wconf 84' lang='grc' dir='ltr'>δημιουργήματα.</span> <span class='ocrx_word' id='word_1_354' title='bbox 856 4087 918 4138; x_wconf 80' lang='grc' dir='ltr'><strong>Οἱ</strong></span> <span class='ocrx_word' id='word_1_355' title='bbox 976 4084 1033 4136; x_wconf 84' lang='grc' dir='ltr'><strong>δέ</strong></span> <span class='ocrx_word' id='word_1_356' title='bbox 1084 4081 1390 4149; x_wconf 86' lang='grc' dir='ltr'>ἀνοίγοντες</span> <span class='ocrx_word' id='word_1_357' title='bbox 1442 4074 1504 4127; x_wconf 85' lang='grc' dir='ltr'>τὸ</span> <span class='ocrx_word' id='word_1_358' title='bbox 1557 4070 1731 4139; x_wconf 86' lang='grc' dir='ltr'>στόμα</span> 
     </span>
    </p>
   </div>
   <div class='ocr_carea' id='block_1_46' title="bbox 142 4160 1732 4250">
    <p class='ocr_par' dir='ltr' id='par_1_46' title="bbox 142 4160 1732 4250">
     <span class='ocr_line' id='line_1_46' title="bbox 142 4160 1732 4250; baseline -0.013 -20"><span class='ocrx_word' id='word_1_359' title='bbox 142 4178 287 4231; x_wconf 71' lang='grc' dir='ltr'>κατὰ</span> <span class='ocrx_word' id='word_1_360' title='bbox 341 4179 440 4249; x_wconf 83' lang='grc' dir='ltr'>τῆς</span> <span class='ocrx_word' id='word_1_361' title='bbox 490 4177 647 4250; x_wconf 79' lang='grc' dir='ltr'>δόξης</span> <span class='ocrx_word' id='word_1_362' title='bbox 678 4177 771 4230; x_wconf 74' lang='grc' dir='ltr'>τοῦ</span> <span class='ocrx_word' id='word_1_363' title='bbox 801 4174 967 4237; x_wconf 79' lang='grc' dir='ltr'>Θεοῦ,</span> <span class='ocrx_word' id='word_1_364' title='bbox 1006 4176 1099 4228; x_wconf 75' lang='grc' dir='ltr'>καὶ</span> <span class='ocrx_word' id='word_1_365' title='bbox 1144 4169 1357 4226; x_wconf 85' lang='grc' dir='ltr'>ἀδικίαν</span> <span class='ocrx_word' id='word_1_366' title='bbox 1394 4168 1472 4229; x_wconf 87' lang='grc' dir='ltr'><strong>είς</strong></span> <span class='ocrx_word' id='word_1_367' title='bbox 1503 4162 1564 4215; x_wconf 86' lang='grc' dir='ltr'><strong>τὸ</strong></span> <span class='ocrx_word' id='word_1_368' title='bbox 1598 4160 1732 4228; x_wconf 72' lang='grc' dir='ltr'>ὕψος</span> 
     </span>
    </p>
   </div>
   <div class='ocr_carea' id='block_1_47' title="bbox 138 4253 1731 4341">
    <p class='ocr_par' dir='ltr' id='par_1_47' title="bbox 138 4253 1731 4341">
     <span class='ocr_line' id='line_1_47' title="bbox 138 4253 1731 4341; baseline -0.009 -18"><span class='ocrx_word' id='word_1_369' title='bbox 138 4269 454 4337; x_wconf 77' lang='grc' dir='ltr'>λαλοῦντες,</span> <span class='ocrx_word' id='word_1_370' title='bbox 483 4270 625 4341; x_wconf 80' lang='grc' dir='ltr'>ἄλλῳ</span> <span class='ocrx_word' id='word_1_371' title='bbox 651 4271 758 4323; x_wconf 78' lang='grc' dir='ltr'>τινὶ</span> <span class='ocrx_word' id='word_1_372' title='bbox 789 4270 887 4340; x_wconf 85' lang='grc' dir='ltr'>τὴν</span> <span class='ocrx_word' id='word_1_373' title='bbox 948 4265 1202 4320; x_wconf 78' lang='grc' dir='ltr'>ἀσέϐειαν</span> <span class='ocrx_word' id='word_1_374' title='bbox 1247 4262 1341 4316; x_wconf 74' lang='grc' dir='ltr'><strong>καὶ</strong></span> <span class='ocrx_word' id='word_1_375' title='bbox 1378 4258 1499 4327; x_wconf 75' lang='grc' dir='ltr'>οὐχὶ</span> <span class='ocrx_word' id='word_1_376' title='bbox 1526 4253 1606 4325; x_wconf 82' lang='grc' dir='ltr'>τῷ</span> <span class='ocrx_word' id='word_1_377' title='bbox 1637 4253 1731 4322; x_wconf 81' lang='grc' dir='ltr'><strong>ὁρ-</strong></span> 
     </span>
    </p>
   </div>
   <div class='ocr_carea' id='block_1_48' title="bbox 142 4342 1731 4433">
    <p class='ocr_par' dir='ltr' id='par_1_48' title="bbox 142 4342 1731 4433">
     <span class='ocr_line' id='line_1_48' title="bbox 142 4342 1731 4433; baseline -0.013 -18"><span class='ocrx_word' id='word_1_378' title='bbox 142 4362 299 4433; x_wconf 84' lang='grc' dir='ltr'>γάνῳ</span> <span class='ocrx_word' id='word_1_379' title='bbox 322 4363 420 4433; x_wconf 82' lang='grc' dir='ltr'><strong>τῆς</strong></span> <span class='ocrx_word' id='word_1_380' title='bbox 446 4362 699 4432; x_wconf 85' lang='grc' dir='ltr'>γλώσσης</span> <span class='ocrx_word' id='word_1_381' title='bbox 722 4361 1044 4433; x_wconf 88' lang='grc' dir='ltr'>ἐργάζονται</span> <span class='ocrx_word' id='word_1_382' title='bbox 1068 4375 1081 4422; x_wconf 87' lang='grc'><strong>;</strong></span> <span class='ocrx_word' id='word_1_383' title='bbox 1110 4355 1328 4424; x_wconf 80' lang='grc' dir='ltr'>Ἐπειδὴ</span> <span class='ocrx_word' id='word_1_384' title='bbox 1359 4349 1451 4407; x_wconf 78' lang='grc' dir='ltr'>οὖν</span> <span class='ocrx_word' id='word_1_385' title='bbox 1488 4350 1583 4400; x_wconf 80' lang='grc' dir='ltr'>Ἐκ</span> <span class='ocrx_word' id='word_1_386' title='bbox 1611 4342 1731 4397; x_wconf 75' lang='grc' dir='ltr'><strong>τῶν</strong></span> 
     </span>
    </p>
   </div>
   <div class='ocr_carea' id='block_1_49' title="bbox 1839 528 3414 597">
    <p class='ocr_par' dir='ltr' id='par_1_49' title="bbox 1839 528 3414 597">
     <span class='ocr_line' id='line_1_49' title="bbox 1839 528 3414 597; baseline 0.003 -17"><span class='ocrx_word' id='word_1_387' title='bbox 1839 528 2005 580; x_wconf 87' lang='lat' dir='ltr'><strong>etiam</strong></span> <span class='ocrx_word' id='word_1_388' title='bbox 2037 529 2233 582; x_wconf 88' lang='lat' dir='ltr'><strong>orabat</strong></span> <span class='ocrx_word' id='word_1_389' title='bbox 2259 529 2573 597; x_wconf 82' lang='lat' dir='ltr'><strong>Apostolus,</strong></span> <span class='ocrx_word' id='word_1_390' title='bbox 2604 531 2790 585; x_wconf 85' lang='lat' dir='ltr'><strong>dicens</strong></span> <span class='ocrx_word' id='word_1_391' title='bbox 2821 548 2834 585; x_wconf 90' lang='lat'><strong>:</strong></span> <span class='ocrx_word' id='word_1_392' title='bbox 2892 530 3025 596; x_wconf 80' lang='lat' dir='ltr'><strong>Quis</strong></span> <span class='ocrx_word' id='word_1_393' title='bbox 3070 547 3149 585; x_wconf 82' lang='lat' dir='ltr'><strong>me</strong></span> <span class='ocrx_word' id='word_1_394' title='bbox 3171 531 3414 585; x_wconf 74' lang='lat' dir='ltr'><strong>liberabit</strong></span> 
     </span>
    </p>
   </div>
   <div class='ocr_carea' id='block_1_50' title="bbox 1837 621 3413 692">
    <p class='ocr_par' dir='ltr' id='par_1_50' title="bbox 1837 621 3413 692">
     <span class='ocr_line' id='line_1_50' title="bbox 1837 621 3413 692; baseline 0.004 -21"><span class='ocrx_word' id='word_1_395' title='bbox 1837 626 1904 672; x_wconf 86' lang='lat' dir='ltr'><strong>de</strong></span> <span class='ocrx_word' id='word_1_396' title='bbox 1937 635 2159 688; x_wconf 82' lang='lat' dir='ltr'><strong>corpore</strong></span> <span class='ocrx_word' id='word_1_397' title='bbox 2184 622 2366 674; x_wconf 74' lang='lat' dir='ltr'><strong>mortis</strong></span> <span class='ocrx_word' id='word_1_398' title='bbox 2391 621 2551 691; x_wconf 80' lang='lat' dir='ltr'><strong>hujus</strong></span> <span class='ocrx_word' id='word_1_399' title='bbox 2575 622 2661 675; x_wconf 74' lang='lat'><strong>&quot;‘3</strong></span> <span class='ocrx_word' id='word_1_400' title='bbox 2686 623 2804 675; x_wconf 79' lang='lat' dir='ltr'><strong>Alia</strong></span> <span class='ocrx_word' id='word_1_401' title='bbox 2826 633 3003 677; x_wconf 91' lang='lat' dir='ltr'><strong>autem</strong></span> <span class='ocrx_word' id='word_1_402' title='bbox 3031 624 3275 692; x_wconf 71' lang='lat' dir='ltr'><strong>quaedam</strong></span> <span class='ocrx_word' id='word_1_403' title='bbox 3303 624 3413 677; x_wconf 77' lang='lat' dir='ltr'><strong>vita</strong></span> 
     </span>
    </p>
   </div>
   <div class='ocr_carea' id='block_1_51' title="bbox 1836 711 3416 780">
    <p class='ocr_par' dir='ltr' id='par_1_51' title="bbox 1836 711 3416 780">
     <span class='ocr_line' id='line_1_51' title="bbox 1836 711 3416 780; baseline 0.001 -17"><span class='ocrx_word' id='word_1_404' title='bbox 1836 719 1944 775; x_wconf 87' lang='lat' dir='ltr'><strong>est,</strong></span> <span class='ocrx_word' id='word_1_405' title='bbox 1973 712 2041 764; x_wconf 88' lang='lat' dir='ltr'><strong>ad</strong></span> <span class='ocrx_word' id='word_1_406' title='bbox 2069 725 2235 779; x_wconf 89' lang='lat' dir='ltr'><strong>quam</strong></span> <span class='ocrx_word' id='word_1_407' title='bbox 2259 720 2452 764; x_wconf 83' lang='lat' dir='ltr'><strong>vocant</strong></span> <span class='ocrx_word' id='word_1_408' title='bbox 2479 727 2579 765; x_wconf 92' lang='lat' dir='ltr'><strong>uos</strong></span> <span class='ocrx_word' id='word_1_409' title='bbox 2614 711 2803 765; x_wconf 70' lang='lat' dir='ltr'><strong>isthmc</strong></span> <span class='ocrx_word' id='word_1_410' title='bbox 2825 711 3023 775; x_wconf 83' lang='lat' dir='ltr'><strong>verba;</strong></span> <span class='ocrx_word' id='word_1_411' title='bbox 3050 720 3104 765; x_wconf 92' lang='lat' dir='ltr'><strong>et</strong></span> <span class='ocrx_word' id='word_1_412' title='bbox 3132 726 3278 765; x_wconf 91' lang='lat' dir='ltr'><strong>nunc</strong></span> <span class='ocrx_word' id='word_1_413' title='bbox 3301 713 3416 780; x_wconf 91' lang='lat' dir='ltr'><strong>qui-</strong></span> 
     </span>
    </p>
   </div>
   <div class='ocr_carea' id='block_1_52' title="bbox 1837 799 3416 870">
    <p class='ocr_par' dir='ltr' id='par_1_52' title="bbox 1837 799 3416 870">
     <span class='ocr_line' id='line_1_52' title="bbox 1837 799 3416 870; baseline 0.002 -19"><span class='ocrx_word' id='word_1_414' title='bbox 1837 799 1958 852; x_wconf 88' lang='lat' dir='ltr'><strong>dem</strong></span> <span class='ocrx_word' id='word_1_415' title='bbox 2017 800 2133 854; x_wconf 90' lang='lat' dir='ltr'><strong>dies</strong></span> <span class='ocrx_word' id='word_1_416' title='bbox 2194 801 2364 854; x_wconf 89' lang='lat' dir='ltr'><strong>nostri</strong></span> <span class='ocrx_word' id='word_1_417' title='bbox 2408 800 2532 854; x_wconf 90' lang='lat' dir='ltr'><strong>mali</strong></span> <span class='ocrx_word' id='word_1_418' title='bbox 2567 810 2728 867; x_wconf 89' lang='lat' dir='ltr'><strong>sunt,</strong></span> <span class='ocrx_word' id='word_1_419' title='bbox 2753 800 2842 854; x_wconf 84' lang='lat' dir='ltr'><strong>alii</strong></span> <span class='ocrx_word' id='word_1_420' title='bbox 2868 816 2998 856; x_wconf 88' lang='lat' dir='ltr'><strong>vero</strong></span> <span class='ocrx_word' id='word_1_421' title='bbox 3028 801 3246 870; x_wconf 83' lang='lat' dir='ltr'><strong>quidam</strong></span> <span class='ocrx_word' id='word_1_422' title='bbox 3288 811 3416 856; x_wconf 89' lang='lat' dir='ltr'><strong>sunt</strong></span> 
     </span>
    </p>
   </div>
   <div class='ocr_carea' id='block_1_53' title="bbox 1838 892 3416 962">
    <p class='ocr_par' dir='ltr' id='par_1_53' title="bbox 1838 892 3416 962">
     <span class='ocr_line' id='line_1_53' title="bbox 1838 892 3416 962; baseline -0.002 -15"><span class='ocrx_word' id='word_1_423' title='bbox 1838 892 1987 956; x_wconf 90' lang='lat' dir='ltr'><strong>boni,</strong></span> <span class='ocrx_word' id='word_1_424' title='bbox 2029 907 2166 961; x_wconf 90' lang='lat' dir='ltr'><strong>quos</strong></span> <span class='ocrx_word' id='word_1_425' title='bbox 2188 907 2294 947; x_wconf 83' lang='lat' dir='ltr'><strong>nox</strong></span> <span class='ocrx_word' id='word_1_426' title='bbox 2324 907 2434 946; x_wconf 91' lang='lat' dir='ltr'><strong>non</strong></span> <span class='ocrx_word' id='word_1_427' title='bbox 2474 893 2768 947; x_wconf 77' lang='lat' dir='ltr'><strong>intercidit.</strong></span> <span class='ocrx_word' id='word_1_428' title='bbox 2791 893 2908 947; x_wconf 89' lang='lat' dir='ltr'><strong>Erit</strong></span> <span class='ocrx_word' id='word_1_429' title='bbox 2930 894 3073 948; x_wconf 89' lang='lat' dir='ltr'><strong>enim</strong></span> <span class='ocrx_word' id='word_1_430' title='bbox 3100 893 3241 948; x_wconf 89' lang='lat' dir='ltr'><strong>Deus</strong></span> <span class='ocrx_word' id='word_1_431' title='bbox 3270 892 3416 962; x_wconf 84' lang='lat' dir='ltr'><strong>ipso-</strong></span> 
     </span>
    </p>
   </div>
   <div class='ocr_carea' id='block_1_54' title="bbox 1839 984 3411 1054">
    <p class='ocr_par' dir='ltr' id='par_1_54' title="bbox 1839 984 3411 1054">
     <span class='ocr_line' id='line_1_54' title="bbox 1839 984 3411 1054; baseline 0 -17"><span class='ocrx_word' id='word_1_432' title='bbox 1839 1000 1957 1037; x_wconf 89' lang='lat' dir='ltr'><strong>rum</strong></span> <span class='ocrx_word' id='word_1_433' title='bbox 1988 984 2076 1037; x_wconf 79' lang='lat' dir='ltr'><strong>lux</strong></span> <span class='ocrx_word' id='word_1_434' title='bbox 2106 985 2460 1053; x_wconf 87' lang='lat' dir='ltr'><strong>sempiterna,</strong></span> <span class='ocrx_word' id='word_1_435' title='bbox 2493 999 2587 1039; x_wconf 89' lang='lat' dir='ltr'><strong>eos</strong></span> <span class='ocrx_word' id='word_1_436' title='bbox 2614 985 2800 1054; x_wconf 50' lang='lat' dir='ltr'><strong>gloria!</strong></span> <span class='ocrx_word' id='word_1_437' title='bbox 2824 1000 2937 1040; x_wconf 67' lang='lat' dir='ltr'><strong>suae</strong></span> <span class='ocrx_word' id='word_1_438' title='bbox 2965 985 3082 1041; x_wconf 91' lang='lat' dir='ltr'><strong>luce</strong></span> <span class='ocrx_word' id='word_1_439' title='bbox 3112 984 3411 1039; x_wconf 83' lang='lat' dir='ltr'><strong>illustrans.</strong></span> 
     </span>
    </p>
   </div>
   <div class='ocr_carea' id='block_1_55' title="bbox 1839 1070 3415 1144">
    <p class='ocr_par' dir='ltr' id='par_1_55' title="bbox 1839 1070 3415 1144">
     <span class='ocr_line' id='line_1_55' title="bbox 1839 1070 3415 1144; baseline -0.001 -17"><span class='ocrx_word' id='word_1_440' title='bbox 1839 1072 1917 1127; x_wconf 79' lang='lat' dir='ltr'><strong>Ne</strong></span> <span class='ocrx_word' id='word_1_441' title='bbox 1944 1074 2110 1144; x_wconf 82' lang='lat' dir='ltr'><strong>igitur</strong></span> <span class='ocrx_word' id='word_1_442' title='bbox 2143 1089 2266 1127; x_wconf 90' lang='lat' dir='ltr'><strong>cum</strong></span> <span class='ocrx_word' id='word_1_443' title='bbox 2309 1074 2548 1128; x_wconf 85' lang='lat' dir='ltr'><strong>audieris</strong></span> <span class='ocrx_word' id='word_1_444' title='bbox 2594 1074 2710 1129; x_wconf 88' lang='lat' dir='ltr'><strong>dies</strong></span> <span class='ocrx_word' id='word_1_445' title='bbox 2752 1073 2948 1138; x_wconf 87' lang='lat' dir='ltr'><strong>bonos,</strong></span> <span class='ocrx_word' id='word_1_446' title='bbox 2989 1081 3311 1140; x_wconf 68' lang='lat' dir='ltr'><strong>praesentem</strong></span> <span class='ocrx_word' id='word_1_447' title='bbox 3337 1070 3415 1126; x_wconf 85' lang='lat' dir='ltr'><strong>is-</strong></span> 
     </span>
    </p>
   </div>
   <div class='ocr_carea' id='block_1_56' title="bbox 1839 1164 3409 1235">
    <p class='ocr_par' dir='ltr' id='par_1_56' title="bbox 1839 1164 3409 1235">
     <span class='ocr_line' id='line_1_56' title="bbox 1839 1164 3409 1235; baseline -0.001 -15"><span class='ocrx_word' id='word_1_448' title='bbox 1839 1178 1947 1221; x_wconf 89' lang='lat' dir='ltr'><strong>tam</strong></span> <span class='ocrx_word' id='word_1_449' title='bbox 1975 1169 2140 1221; x_wconf 88' lang='lat' dir='ltr'><strong>vitam</strong></span> <span class='ocrx_word' id='word_1_450' title='bbox 2165 1166 2450 1229; x_wconf 84' lang='lat' dir='ltr'><strong>existimes</strong></span> <span class='ocrx_word' id='word_1_451' title='bbox 2474 1166 2568 1220; x_wconf 86' lang='lat' dir='ltr'><strong>tibi</strong></span> <span class='ocrx_word' id='word_1_452' title='bbox 2602 1166 2828 1235; x_wconf 86' lang='lat' dir='ltr'><strong>proponi</strong></span> <span class='ocrx_word' id='word_1_453' title='bbox 2856 1166 2909 1220; x_wconf 91' lang='lat' dir='ltr'><strong>in</strong></span> <span class='ocrx_word' id='word_1_454' title='bbox 2934 1164 3409 1234; x_wconf 89' lang='lat' dir='ltr'><strong>promissionibus.</strong></span> 
     </span>
    </p>
   </div>
   <div class='ocr_carea' id='block_1_57' title="bbox 1841 1254 3411 1327">
    <p class='ocr_par' dir='ltr' id='par_1_57' title="bbox 1841 1254 3411 1327">
     <span class='ocr_line' id='line_1_57' title="bbox 1841 1254 3411 1327; baseline -0.002 -15"><span class='ocrx_word' id='word_1_455' title='bbox 1841 1258 1973 1312; x_wconf 90' lang='lat' dir='ltr'><strong>Nam</strong></span> <span class='ocrx_word' id='word_1_456' title='bbox 2000 1273 2137 1326; x_wconf 87' lang='lat' dir='ltr'><strong>quos</strong></span> <span class='ocrx_word' id='word_1_457' title='bbox 2166 1259 2284 1312; x_wconf 87' lang='lat' dir='ltr'><strong>dies</strong></span> <span class='ocrx_word' id='word_1_458' title='bbox 2301 1257 2379 1312; x_wconf 94' lang='lat' dir='ltr'><strong>sol</strong></span> <span class='ocrx_word' id='word_1_459' title='bbox 2406 1256 2680 1313; x_wconf 86' lang='lat' dir='ltr'><strong>sensibilis</strong></span> <span class='ocrx_word' id='word_1_460' title='bbox 2709 1257 2937 1327; x_wconf 79' lang='lat' dir='ltr'><strong>peragit,</strong></span> <span class='ocrx_word' id='word_1_461' title='bbox 2974 1256 3010 1310; x_wconf 90' lang='lat' dir='ltr'><strong>ii</strong></span> <span class='ocrx_word' id='word_1_462' title='bbox 3035 1264 3159 1310; x_wconf 89' lang='lat' dir='ltr'><strong>sunt</strong></span> <span class='ocrx_word' id='word_1_463' title='bbox 3184 1254 3369 1311; x_wconf 84' lang='lat' dir='ltr'><strong>caduci</strong></span> <span class='ocrx_word' id='word_1_464' title='bbox 3393 1268 3411 1309; x_wconf 90' lang='lat'><strong>:</strong></span> 
     </span>
    </p>
   </div>
   <div class='ocr_carea' id='block_1_58' title="bbox 1838 1348 3415 1419">
    <p class='ocr_par' dir='ltr' id='par_1_58' title="bbox 1838 1348 3415 1419">
     <span class='ocr_line' id='line_1_58' title="bbox 1838 1348 3415 1419; baseline -0.001 -15"><span class='ocrx_word' id='word_1_465' title='bbox 1838 1350 1974 1404; x_wconf 83' lang='lat' dir='ltr'><strong>nihil</strong></span> <span class='ocrx_word' id='word_1_466' title='bbox 2010 1361 2190 1403; x_wconf 89' lang='lat' dir='ltr'><strong>autem</strong></span> <span class='ocrx_word' id='word_1_467' title='bbox 2220 1350 2487 1404; x_wconf 84' lang='lat' dir='ltr'><strong>caducum</strong></span> <span class='ocrx_word' id='word_1_468' title='bbox 2534 1349 2732 1419; x_wconf 88' lang='lat' dir='ltr'><strong>poterit</strong></span> <span class='ocrx_word' id='word_1_469' title='bbox 2772 1363 2893 1403; x_wconf 88' lang='lat' dir='ltr'><strong>esse</strong></span> <span class='ocrx_word' id='word_1_470' title='bbox 2944 1348 3274 1403; x_wconf 81' lang='lat' dir='ltr'><strong>conveniens</strong></span> <span class='ocrx_word' id='word_1_471' title='bbox 3316 1348 3415 1403; x_wconf 89' lang='lat' dir='ltr'><strong>do-</strong></span> 
     </span>
    </p>
   </div>
   <div class='ocr_carea' id='block_1_59' title="bbox 1837 1439 3413 1510">
    <p class='ocr_par' dir='ltr' id='par_1_59' title="bbox 1837 1439 3413 1510">
     <span class='ocr_line' id='line_1_59' title="bbox 1837 1439 3413 1510; baseline -0.004 -14"><span class='ocrx_word' id='word_1_472' title='bbox 1837 1459 1965 1496; x_wconf 90' lang='lat' dir='ltr'><strong>num</strong></span> <span class='ocrx_word' id='word_1_473' title='bbox 1996 1441 2365 1510; x_wconf 88' lang='lat' dir='ltr'><strong>corruptionis</strong></span> <span class='ocrx_word' id='word_1_474' title='bbox 2400 1441 2628 1509; x_wconf 84' lang='lat' dir='ltr'><strong>experti.</strong></span> <span class='ocrx_word' id='word_1_475' title='bbox 2658 1439 2872 1494; x_wconf 84' lang='lat' dir='ltr'><strong>Etenim</strong></span> <span class='ocrx_word' id='word_1_476' title='bbox 2923 1440 2967 1492; x_wconf 90' lang='lat' dir='ltr'><strong>si</strong></span> <span class='ocrx_word' id='word_1_477' title='bbox 3010 1439 3187 1493; x_wconf 90' lang='lat' dir='ltr'><strong>anima</strong></span> <span class='ocrx_word' id='word_1_478' title='bbox 3223 1452 3413 1493; x_wconf 89' lang='lat' dir='ltr'><strong>corru-</strong></span> 
     </span>
    </p>
   </div>
   <div class='ocr_carea' id='block_1_60' title="bbox 1837 1528 3416 1604">
    <p class='ocr_par' dir='ltr' id='par_1_60' title="bbox 1837 1528 3416 1604">
     <span class='ocr_line' id='line_1_60' title="bbox 1837 1528 3416 1604; baseline -0.006 -18"><span class='ocrx_word' id='word_1_479' title='bbox 1837 1534 2005 1604; x_wconf 81' lang='lat' dir='ltr'><strong>ptioni</strong></span> <span class='ocrx_word' id='word_1_480' title='bbox 2066 1546 2411 1601; x_wconf 82' lang='lat' dir='ltr'><strong>nequaquam</strong></span> <span class='ocrx_word' id='word_1_481' title='bbox 2455 1528 2692 1586; x_wconf 77' lang='lat' dir='ltr'><strong>obnoxia</strong></span> <span class='ocrx_word' id='word_1_482' title='bbox 2737 1537 2857 1593; x_wconf 90' lang='lat' dir='ltr'><strong>est,</strong></span> <span class='ocrx_word' id='word_1_483' title='bbox 2897 1542 2999 1582; x_wconf 90' lang='lat' dir='ltr'><strong>nec</strong></span> <span class='ocrx_word' id='word_1_484' title='bbox 3027 1528 3191 1581; x_wconf 81' lang='lat' dir='ltr'><strong>etiam</strong></span> <span class='ocrx_word' id='word_1_485' title='bbox 3228 1541 3416 1581; x_wconf 88' lang='lat' dir='ltr'><strong>corru-</strong></span> 
     </span>
    </p>
   </div>
   <div class='ocr_carea' id='block_1_61' title="bbox 1836 1617 3412 1693">
    <p class='ocr_par' dir='ltr' id='par_1_61' title="bbox 1836 1617 3412 1693">
     <span class='ocr_line' id='line_1_61' title="bbox 1836 1617 3412 1693; baseline -0.006 -15"><span class='ocrx_word' id='word_1_486' title='bbox 1836 1623 2007 1693; x_wconf 86' lang='lat' dir='ltr'><strong>ptioni</strong></span> <span class='ocrx_word' id='word_1_487' title='bbox 2045 1622 2283 1677; x_wconf 84' lang='lat' dir='ltr'><strong>obnoxia</strong></span> <span class='ocrx_word' id='word_1_488' title='bbox 2315 1621 2519 1675; x_wconf 83' lang='lat' dir='ltr'><strong>fuerint</strong></span> <span class='ocrx_word' id='word_1_489' title='bbox 2555 1620 2722 1689; x_wconf 84' lang='lat' dir='ltr'><strong>ipsius</strong></span> <span class='ocrx_word' id='word_1_490' title='bbox 2756 1619 2914 1673; x_wconf 91' lang='lat' dir='ltr'><strong>dona.</strong></span> <span class='ocrx_word' id='word_1_491' title='bbox 2958 1617 3204 1672; x_wconf 76' lang='lat' dir='ltr'><strong>Prwterit</strong></span> <span class='ocrx_word' id='word_1_492' title='bbox 3235 1626 3412 1671; x_wconf 81' lang='lat' dir='ltr'><strong>autem</strong></span> 
     </span>
    </p>
   </div>
   <div class='ocr_carea' id='block_1_62' title="bbox 1837 1708 3417 1786">
    <p class='ocr_par' dir='ltr' id='par_1_62' title="bbox 1837 1708 3417 1786">
     <span class='ocr_line' id='line_1_62' title="bbox 1837 1708 3417 1786; baseline -0.004 -17"><span class='ocrx_word' id='word_1_493' title='bbox 1837 1717 2010 1786; x_wconf 78' lang='lat' dir='ltr'><strong>ﬁgura</strong></span> <span class='ocrx_word' id='word_1_494' title='bbox 2039 1716 2198 1785; x_wconf 72' lang='lat' dir='ltr'><strong>hujus</strong></span> <span class='ocrx_word' id='word_1_495' title='bbox 2234 1715 2422 1768; x_wconf 85' lang='lat' dir='ltr'><strong>mundi</strong></span> <span class='ocrx_word' id='word_1_496' title='bbox 2457 1714 2524 1768; x_wconf 84' lang='lat'><strong>&#39;“.</strong></span> <span class='ocrx_word' id='word_1_497' title='bbox 2561 1712 2712 1779; x_wconf 82' lang='lat' dir='ltr'><strong>Quod</strong></span> <span class='ocrx_word' id='word_1_498' title='bbox 2751 1712 2794 1766; x_wconf 91' lang='lat' dir='ltr'><strong>si</strong></span> <span class='ocrx_word' id='word_1_499' title='bbox 2833 1711 2918 1765; x_wconf 77' lang='lat' dir='ltr'><strong>lex</strong></span> <span class='ocrx_word' id='word_1_500' title='bbox 2950 1710 3199 1765; x_wconf 86' lang='lat' dir='ltr'><strong>umbram</strong></span> <span class='ocrx_word' id='word_1_501' title='bbox 3251 1708 3417 1765; x_wconf 85' lang='lat' dir='ltr'><strong>habet</strong></span> 
     </span>
    </p>
   </div>
   <div class='ocr_carea' id='block_1_63' title="bbox 1838 1800 3416 1874">
    <p class='ocr_par' dir='ltr' id='par_1_63' title="bbox 1838 1800 3416 1874">
     <span class='ocr_line' id='line_1_63' title="bbox 1838 1800 3416 1874; baseline -0.003 -16"><span class='ocrx_word' id='word_1_502' title='bbox 1838 1805 2142 1860; x_wconf 84' lang='lat' dir='ltr'><strong>futurorum</strong></span> <span class='ocrx_word' id='word_1_503' title='bbox 2188 1806 2453 1859; x_wconf 87' lang='lat' dir='ltr'><strong>honorum</strong></span> <span class='ocrx_word' id='word_1_504' title='bbox 2479 1805 2526 1836; x_wconf 81' lang='grc'>⁷³</span> <span class='ocrx_word' id='word_1_505' title='bbox 2548 1845 2562 1874; x_wconf 82' lang='grc'><strong>,</strong></span> <span class='ocrx_word' id='word_1_506' title='bbox 2591 1803 2815 1874; x_wconf 72' lang='lat' dir='ltr'><strong>efﬁngas</strong></span> <span class='ocrx_word' id='word_1_507' title='bbox 2844 1801 3004 1857; x_wconf 85' lang='lat' dir='ltr'><strong>velim</strong></span> <span class='ocrx_word' id='word_1_508' title='bbox 3040 1800 3221 1855; x_wconf 91' lang='lat' dir='ltr'><strong>animo</strong></span> <span class='ocrx_word' id='word_1_509' title='bbox 3274 1800 3416 1854; x_wconf 88' lang='lat' dir='ltr'><strong>Sab-</strong></span> 
     </span>
    </p>
   </div>
   <div class='ocr_carea' id='block_1_64' title="bbox 1836 1890 3415 1966">
    <p class='ocr_par' dir='ltr' id='par_1_64' title="bbox 1836 1890 3415 1966">
     <span class='ocr_line' id='line_1_64' title="bbox 1836 1890 3415 1966; baseline -0.004 -14"><span class='ocrx_word' id='word_1_510' title='bbox 1836 1898 1959 1953; x_wconf 87' lang='lat' dir='ltr'><strong>bata</strong></span> <span class='ocrx_word' id='word_1_511' title='bbox 1995 1898 2239 1966; x_wconf 74' lang='lat' dir='ltr'><strong>qumdam</strong></span> <span class='ocrx_word' id='word_1_512' title='bbox 2289 1897 2547 1966; x_wconf 85' lang='lat' dir='ltr'><strong>jucunda,</strong></span> <span class='ocrx_word' id='word_1_513' title='bbox 2604 1905 2814 1959; x_wconf 86' lang='lat' dir='ltr'><strong>sancta,</strong></span> <span class='ocrx_word' id='word_1_514' title='bbox 2854 1909 2921 1948; x_wconf 84' lang='lat' dir='ltr'><strong>ex</strong></span> <span class='ocrx_word' id='word_1_515' title='bbox 2970 1893 3188 1948; x_wconf 68' lang='lat' dir='ltr'><strong>aaternis</strong></span> <span class='ocrx_word' id='word_1_516' title='bbox 3222 1890 3415 1947; x_wconf 88' lang='lat' dir='ltr'><strong>diebus</strong></span> 
     </span>
    </p>
   </div>
   <div class='ocr_carea' id='block_1_65' title="bbox 1836 1985 3412 2057">
    <p class='ocr_par' dir='ltr' id='par_1_65' title="bbox 1836 1985 3412 2057">
     <span class='ocr_line' id='line_1_65' title="bbox 1836 1985 3412 2057; baseline -0.007 -11"><span class='ocrx_word' id='word_1_517' title='bbox 1836 1991 2094 2057; x_wconf 85' lang='lat' dir='ltr'><strong>conﬂata,</strong></span> <span class='ocrx_word' id='word_1_518' title='bbox 2126 1999 2414 2045; x_wconf 89' lang='lat' dir='ltr'><strong>nascentes</strong></span> <span class='ocrx_word' id='word_1_519' title='bbox 2439 1988 2618 2052; x_wconf 87' lang='lat' dir='ltr'><strong>lunas,</strong></span> <span class='ocrx_word' id='word_1_520' title='bbox 2650 1988 2781 2041; x_wconf 80' lang='lat' dir='ltr'><strong>festa</strong></span> <span class='ocrx_word' id='word_1_521' title='bbox 2819 2006 2833 2043; x_wconf 90' lang='lat'><strong>:</strong></span> <span class='ocrx_word' id='word_1_522' title='bbox 2869 1988 2965 2041; x_wconf 90' lang='lat' dir='ltr'><strong>sed</strong></span> <span class='ocrx_word' id='word_1_523' title='bbox 3009 1985 3250 2050; x_wconf 77' lang='lat' dir='ltr'><strong>intelligo</strong></span> <span class='ocrx_word' id='word_1_524' title='bbox 3295 1985 3367 2037; x_wconf 87' lang='lat' dir='ltr'><strong>ita</strong></span> <span class='ocrx_word' id='word_1_525' title='bbox 3395 2020 3412 2047; x_wconf 93' lang='lat'><strong>,</strong></span> 
     </span>
    </p>
   </div>
   <div class='ocr_carea' id='block_1_66' title="bbox 1837 2072 3415 2152">
    <p class='ocr_par' dir='ltr' id='par_1_66' title="bbox 1837 2072 3415 2152">
     <span class='ocr_line' id='line_1_66' title="bbox 1837 2072 3415 2152; baseline -0.006 -16"><span class='ocrx_word' id='word_1_526' title='bbox 1837 2093 1895 2137; x_wconf 90' lang='lat' dir='ltr'><strong>ut</strong></span> <span class='ocrx_word' id='word_1_527' title='bbox 1925 2082 2096 2152; x_wconf 81' lang='lat' dir='ltr'><strong>legem</strong></span> <span class='ocrx_word' id='word_1_528' title='bbox 2123 2080 2462 2149; x_wconf 85' lang='lat' dir='ltr'><strong>spiritualem</strong></span> <span class='ocrx_word' id='word_1_529' title='bbox 2486 2081 2661 2132; x_wconf 82' lang='lat' dir='ltr'><strong>decet.</strong></span> <span class='ocrx_word' id='word_1_530' title='bbox 2688 2076 2875 2148; x_wconf 71' lang='lat' dir='ltr'><strong>(Vens.</strong></span> <span class='ocrx_word' id='word_1_531' title='bbox 2911 2075 3023 2145; x_wconf 68' lang='grc'>14.)</span> <span class='ocrx_word' id='word_1_532' title='bbox 3061 2072 3289 2126; x_wconf 78' lang='lat' dir='ltr'><strong>Prohibe</strong></span> <span class='ocrx_word' id='word_1_533' title='bbox 3312 2072 3415 2126; x_wconf 83' lang='lat' dir='ltr'><strong>lin-</strong></span> 
     </span>
    </p>
   </div>
   <div class='ocr_carea' id='block_1_67' title="bbox 1836 2165 3412 2244">
    <p class='ocr_par' dir='ltr' id='par_1_67' title="bbox 1836 2165 3412 2244">
     <span class='ocr_line' id='line_1_67' title="bbox 1836 2165 3412 2244; baseline -0.006 -17"><span class='ocrx_word' id='word_1_534' title='bbox 1836 2191 1993 2244; x_wconf 85' lang='lat' dir='ltr'><strong>guam</strong></span> <span class='ocrx_word' id='word_1_535' title='bbox 2024 2185 2168 2227; x_wconf 89' lang='lat' dir='ltr'><strong>tuam</strong></span> <span class='ocrx_word' id='word_1_536' title='bbox 2195 2190 2225 2225; x_wconf 92' lang='lat' dir='ltr'><strong>a</strong></span> <span class='ocrx_word' id='word_1_537' title='bbox 2250 2172 2413 2236; x_wconf 89' lang='lat' dir='ltr'><strong>malo,</strong></span> <span class='ocrx_word' id='word_1_538' title='bbox 2434 2181 2480 2225; x_wconf 84' lang='lat' dir='ltr'><strong>et</strong></span> <span class='ocrx_word' id='word_1_539' title='bbox 2513 2170 2655 2224; x_wconf 82' lang='lat' dir='ltr'><strong>labia</strong></span> <span class='ocrx_word' id='word_1_540' title='bbox 2676 2179 2768 2222; x_wconf 84' lang='lat' dir='ltr'><strong>tua</strong></span> <span class='ocrx_word' id='word_1_541' title='bbox 2802 2184 2865 2221; x_wconf 86' lang='lat' dir='ltr'><strong>ne</strong></span> <span class='ocrx_word' id='word_1_542' title='bbox 2894 2167 3180 2237; x_wconf 82' lang='lat' dir='ltr'><strong>loquantur</strong></span> <span class='ocrx_word' id='word_1_543' title='bbox 3209 2165 3412 2217; x_wconf 86' lang='lat' dir='ltr'><strong>dolum.</strong></span> 
     </span>
    </p>
   </div>
   <div class='ocr_carea' id='block_1_68' title="bbox 1838 2258 3415 2329">
    <p class='ocr_par' dir='ltr' id='par_1_68' title="bbox 1838 2258 3415 2329">
     <span class='ocr_line' id='line_1_68' title="bbox 1838 2258 3415 2329; baseline -0.007 -8"><span class='ocrx_word' id='word_1_544' title='bbox 1838 2267 1893 2321; x_wconf 92' lang='lat' dir='ltr'><strong>Si</strong></span> <span class='ocrx_word' id='word_1_545' title='bbox 1922 2268 2000 2320; x_wconf 83' lang='lat' dir='ltr'><strong>vis</strong></span> <span class='ocrx_word' id='word_1_546' title='bbox 2034 2266 2086 2319; x_wconf 90' lang='lat' dir='ltr'><strong>in</strong></span> <span class='ocrx_word' id='word_1_547' title='bbox 2122 2264 2313 2319; x_wconf 87' lang='lat' dir='ltr'><strong>diebus</strong></span> <span class='ocrx_word' id='word_1_548' title='bbox 2341 2277 2463 2318; x_wconf 86' lang='lat' dir='ltr'><strong>esse</strong></span> <span class='ocrx_word' id='word_1_549' title='bbox 2494 2263 2670 2325; x_wconf 88' lang='lat' dir='ltr'><strong>bouis,</strong></span> <span class='ocrx_word' id='word_1_550' title='bbox 2697 2262 2741 2315; x_wconf 88' lang='lat' dir='ltr'><strong>si</strong></span> <span class='ocrx_word' id='word_1_551' title='bbox 2769 2258 2950 2329; x_wconf 82' lang='lat' dir='ltr'><strong>diligis</strong></span> <span class='ocrx_word' id='word_1_552' title='bbox 2983 2258 3170 2322; x_wconf 86' lang='lat' dir='ltr'><strong>vitam,</strong></span> <span class='ocrx_word' id='word_1_553' title='bbox 3213 2270 3415 2325; x_wconf 67' lang='lat' dir='ltr'><strong>prame-</strong></span> 
     </span>
    </p>
   </div>
   <div class='ocr_carea' id='block_1_69' title="bbox 1836 2350 3416 2428">
    <p class='ocr_par' dir='ltr' id='par_1_69' title="bbox 1836 2350 3416 2428">
     <span class='ocr_line' id='line_1_69' title="bbox 1836 2350 3416 2428; baseline -0.009 -16"><span class='ocrx_word' id='word_1_554' title='bbox 1836 2369 1985 2428; x_wconf 90' lang='lat' dir='ltr'><strong>ptum</strong></span> <span class='ocrx_word' id='word_1_555' title='bbox 2010 2358 2134 2411; x_wconf 68' lang='lat' dir='ltr'><strong>vita:</strong></span> <span class='ocrx_word' id='word_1_556' title='bbox 2155 2356 2375 2423; x_wconf 74' lang='lat' dir='ltr'><strong>perfice.</strong></span> <span class='ocrx_word' id='word_1_557' title='bbox 2403 2354 2507 2418; x_wconf 84' lang='lat' dir='ltr'><strong>Qui</strong></span> <span class='ocrx_word' id='word_1_558' title='bbox 2529 2354 2698 2416; x_wconf 87' lang='lat' dir='ltr'><strong>enim,</strong></span> <span class='ocrx_word' id='word_1_559' title='bbox 2731 2352 2941 2420; x_wconf 89' lang='lat' dir='ltr'><strong>inquit,</strong></span> <span class='ocrx_word' id='word_1_560' title='bbox 2960 2350 3131 2418; x_wconf 81' lang='lat' dir='ltr'><strong>diligit</strong></span> <span class='ocrx_word' id='word_1_561' title='bbox 3157 2364 3259 2410; x_wconf 88' lang='lat' dir='ltr'><strong>me,</strong></span> <span class='ocrx_word' id='word_1_562' title='bbox 3278 2363 3416 2414; x_wconf 78' lang='lat' dir='ltr'><strong>pra:—</strong></span> 
     </span>
    </p>
   </div>
   <div class='ocr_carea' id='block_1_70' title="bbox 1834 2443 3413 2517">
    <p class='ocr_par' dir='ltr' id='par_1_70' title="bbox 1834 2443 3413 2517">
     <span class='ocr_line' id='line_1_70' title="bbox 1834 2443 3413 2517; baseline -0.009 -14"><span class='ocrx_word' id='word_1_563' title='bbox 1834 2459 1982 2517; x_wconf 82' lang='lat' dir='ltr'><strong>cepta</strong></span> <span class='ocrx_word' id='word_1_564' title='bbox 2033 2464 2148 2501; x_wconf 82' lang='lat' dir='ltr'><strong>mea</strong></span> <span class='ocrx_word' id='word_1_565' title='bbox 2201 2446 2423 2500; x_wconf 76' lang='lat' dir='ltr'><strong>servabit</strong></span> <span class='ocrx_word' id='word_1_566' title='bbox 2462 2445 2529 2497; x_wconf 83' lang='grc'><strong>⁷³.</strong></span> <span class='ocrx_word' id='word_1_567' title='bbox 2563 2443 2805 2497; x_wconf 88' lang='lat' dir='ltr'><strong>Primum</strong></span> <span class='ocrx_word' id='word_1_568' title='bbox 2854 2450 3034 2493; x_wconf 87' lang='lat' dir='ltr'><strong>autem</strong></span> <span class='ocrx_word' id='word_1_569' title='bbox 3089 2445 3413 2507; x_wconf 71' lang='lat' dir='ltr'><strong>prmceptuut</strong></span> 
     </span>
    </p>
   </div>
   <div class='ocr_carea' id='block_1_71' title="bbox 1833 2529 3416 2609">
    <p class='ocr_par' dir='ltr' id='par_1_71' title="bbox 1833 2529 3416 2609">
     <span class='ocr_line' id='line_1_71' title="bbox 1833 2529 3416 2609; baseline -0.01 -15"><span class='ocrx_word' id='word_1_570' title='bbox 1833 2550 1934 2602; x_wconf 89' lang='lat' dir='ltr'><strong>est,</strong></span> <span class='ocrx_word' id='word_1_571' title='bbox 1982 2538 2271 2609; x_wconf 86' lang='lat' dir='ltr'><strong>prohibere</strong></span> <span class='ocrx_word' id='word_1_572' title='bbox 2315 2538 2551 2605; x_wconf 89' lang='lat' dir='ltr'><strong>linguam</strong></span> <span class='ocrx_word' id='word_1_573' title='bbox 2583 2551 2612 2590; x_wconf 91' lang='lat' dir='ltr'><strong>a</strong></span> <span class='ocrx_word' id='word_1_574' title='bbox 2638 2535 2801 2597; x_wconf 90' lang='lat' dir='ltr'><strong>malo,</strong></span> <span class='ocrx_word' id='word_1_575' title='bbox 2833 2543 2886 2588; x_wconf 93' lang='lat' dir='ltr'><strong>et</strong></span> <span class='ocrx_word' id='word_1_576' title='bbox 2909 2532 3074 2596; x_wconf 85' lang='lat' dir='ltr'><strong>labia,</strong></span> <span class='ocrx_word' id='word_1_577' title='bbox 3101 2545 3167 2585; x_wconf 89' lang='lat' dir='ltr'><strong>ne</strong></span> <span class='ocrx_word' id='word_1_578' title='bbox 3195 2529 3416 2598; x_wconf 81' lang='lat' dir='ltr'><strong>loquan-</strong></span> 
     </span>
    </p>
   </div>
   <div class='ocr_carea' id='block_1_72' title="bbox 1835 2614 3414 2696">
    <p class='ocr_par' dir='ltr' id='par_1_72' title="bbox 1835 2614 3414 2696">
     <span class='ocr_line' id='line_1_72' title="bbox 1835 2614 3414 2696; baseline -0.009 -10"><span class='ocrx_word' id='word_1_579' title='bbox 1835 2641 1923 2687; x_wconf 87' lang='lat' dir='ltr'><strong>tur</strong></span> <span class='ocrx_word' id='word_1_580' title='bbox 1956 2631 2161 2685; x_wconf 87' lang='lat' dir='ltr'><strong>dolum.</strong></span> <span class='ocrx_word' id='word_1_581' title='bbox 2223 2629 2513 2685; x_wconf 89' lang='lat' dir='ltr'><strong>Peccatum</strong></span> <span class='ocrx_word' id='word_1_582' title='bbox 2561 2629 2704 2682; x_wconf 91' lang='lat' dir='ltr'><strong>enim</strong></span> <span class='ocrx_word' id='word_1_583' title='bbox 2748 2629 2890 2696; x_wconf 86' lang='lat' dir='ltr'><strong>quod</strong></span> <span class='ocrx_word' id='word_1_584' title='bbox 2926 2641 3023 2694; x_wconf 88' lang='lat' dir='ltr'><strong>per</strong></span> <span class='ocrx_word' id='word_1_585' title='bbox 3048 2614 3281 2691; x_wconf 79' lang='lat' dir='ltr'><strong>ling&#39;nam</strong></span> <span class='ocrx_word' id='word_1_586' title='bbox 3317 2620 3414 2673; x_wconf 90' lang='lat' dir='ltr'><strong>ad-</strong></span> 
     </span>
    </p>
   </div>
   <div class='ocr_carea' id='block_1_73' title="bbox 1836 2718 3415 2787">
    <p class='ocr_par' dir='ltr' id='par_1_73' title="bbox 1836 2718 3415 2787">
     <span class='ocr_line' id='line_1_73' title="bbox 1836 2718 3415 2787; baseline -0.006 -9"><span class='ocrx_word' id='word_1_587' title='bbox 1836 2723 2089 2787; x_wconf 84' lang='lat' dir='ltr'><strong>mittitur,</strong></span> <span class='ocrx_word' id='word_1_588' title='bbox 2141 2723 2384 2778; x_wconf 89' lang='lat' dir='ltr'><strong>omnium</strong></span> <span class='ocrx_word' id='word_1_589' title='bbox 2434 2722 2547 2776; x_wconf 83' lang='lat' dir='ltr'><strong>fere</strong></span> <span class='ocrx_word' id='word_1_590' title='bbox 2580 2718 3065 2774; x_wconf 75' lang='lat' dir='ltr'><strong>familiarissimum</strong></span> <span class='ocrx_word' id='word_1_591' title='bbox 3101 2724 3205 2780; x_wconf 87' lang='lat' dir='ltr'><strong>est,</strong></span> <span class='ocrx_word' id='word_1_592' title='bbox 3250 2724 3415 2783; x_wconf 87' lang='lat' dir='ltr'><strong>atque</strong></span> 
     </span>
    </p>
   </div>
   <div class='ocr_carea' id='block_1_74' title="bbox 1836 2805 3416 2883">
    <p class='ocr_par' dir='ltr' id='par_1_74' title="bbox 1836 2805 3416 2883">
     <span class='ocr_line' id='line_1_74' title="bbox 1836 2805 3416 2883; baseline -0.006 -15"><span class='ocrx_word' id='word_1_593' title='bbox 1836 2814 2190 2883; x_wconf 87' lang='lat' dir='ltr'><strong>multiplicem</strong></span> <span class='ocrx_word' id='word_1_594' title='bbox 2220 2813 2452 2868; x_wconf 80' lang='lat' dir='ltr'><strong>formam</strong></span> <span class='ocrx_word' id='word_1_595' title='bbox 2499 2812 2682 2866; x_wconf 85' lang='lat' dir='ltr'><strong>habet.</strong></span> <span class='ocrx_word' id='word_1_596' title='bbox 2722 2811 2898 2864; x_wconf 84' lang='lat' dir='ltr'><strong>Iratus</strong></span> <span class='ocrx_word' id='word_1_597' title='bbox 2944 2808 3050 2862; x_wconf 86' lang='lat' dir='ltr'><strong>es?</strong></span> <span class='ocrx_word' id='word_1_598' title='bbox 3084 2808 3195 2875; x_wconf 87' lang='lat' dir='ltr'><strong>jam</strong></span> <span class='ocrx_word' id='word_1_599' title='bbox 3230 2805 3416 2875; x_wconf 78' lang='lat' dir='ltr'><strong>lingua</strong></span> 
     </span>
    </p>
   </div>
   <div class='ocr_carea' id='block_1_75' title="bbox 1834 2896 3412 2974">
    <p class='ocr_par' dir='ltr' id='par_1_75' title="bbox 1834 2896 3412 2974">
     <span class='ocr_line' id='line_1_75' title="bbox 1834 2896 3412 2974; baseline -0.007 -17"><span class='ocrx_word' id='word_1_600' title='bbox 1834 2906 2142 2974; x_wconf 70' lang='lat' dir='ltr'><strong>praecurrit.</strong></span> <span class='ocrx_word' id='word_1_601' title='bbox 2191 2902 2585 2973; x_wconf 84' lang='lat' dir='ltr'><strong>Concupiscis?</strong></span> <span class='ocrx_word' id='word_1_602' title='bbox 2615 2902 2780 2955; x_wconf 86' lang='lat' dir='ltr'><strong>etiam</strong></span> <span class='ocrx_word' id='word_1_603' title='bbox 2816 2908 2943 2952; x_wconf 87' lang='lat' dir='ltr'><strong>ante</strong></span> <span class='ocrx_word' id='word_1_604' title='bbox 2968 2898 3149 2950; x_wconf 83' lang='lat' dir='ltr'><strong>omnia</strong></span> <span class='ocrx_word' id='word_1_605' title='bbox 3176 2896 3412 2965; x_wconf 87' lang='lat' dir='ltr'><strong>linguam</strong></span> 
     </span>
    </p>
   </div>
   <div class='ocr_carea' id='block_1_76' title="bbox 1836 2989 3412 3066">
    <p class='ocr_par' dir='ltr' id='par_1_76' title="bbox 1836 2989 3412 3066">
     <span class='ocr_line' id='line_1_76' title="bbox 1836 2989 3412 3066; baseline -0.006 -17"><span class='ocrx_word' id='word_1_606' title='bbox 1836 2996 2002 3051; x_wconf 86' lang='lat' dir='ltr'><strong>habes</strong></span> <span class='ocrx_word' id='word_1_607' title='bbox 2029 2998 2179 3066; x_wconf 89' lang='lat' dir='ltr'><strong>quasi</strong></span> <span class='ocrx_word' id='word_1_608' title='bbox 2213 2996 2500 3065; x_wconf 86' lang='lat' dir='ltr'><strong>quamdam</strong></span> <span class='ocrx_word' id='word_1_609' title='bbox 2530 2993 2703 3047; x_wconf 89' lang='lat' dir='ltr'><strong>lenam</strong></span> <span class='ocrx_word' id='word_1_610' title='bbox 2729 3002 2783 3046; x_wconf 91' lang='lat' dir='ltr'><strong>et</strong></span> <span class='ocrx_word' id='word_1_611' title='bbox 2808 2989 3252 3052; x_wconf 88' lang='lat' dir='ltr'><strong>conciliatricem,</strong></span> <span class='ocrx_word' id='word_1_612' title='bbox 3285 2998 3412 3056; x_wconf 82' lang='lat' dir='ltr'><strong>pec-</strong></span> 
     </span>
    </p>
   </div>
   <div class='ocr_carea' id='block_1_77' title="bbox 1835 3078 3405 3156">
    <p class='ocr_par' dir='ltr' id='par_1_77' title="bbox 1835 3078 3405 3156">
     <span class='ocr_line' id='line_1_77' title="bbox 1835 3078 3405 3156; baseline -0.005 -17"><span class='ocrx_word' id='word_1_613' title='bbox 1835 3090 1942 3139; x_wconf 87' lang='lat' dir='ltr'><strong>cati</strong></span> <span class='ocrx_word' id='word_1_614' title='bbox 1983 3086 2140 3156; x_wconf 78' lang='lat'><strong>153</strong></span> <span class='ocrx_word' id='word_1_615' title='bbox 2170 3085 2514 3154; x_wconf 88' lang='lat' dir='ltr'><strong>adjutricem,</strong></span> <span class='ocrx_word' id='word_1_616' title='bbox 2552 3099 2616 3138; x_wconf 89' lang='lat' dir='ltr'><strong>ac</strong></span> <span class='ocrx_word' id='word_1_617' title='bbox 2640 3082 2928 3137; x_wconf 80' lang='lat' dir='ltr'><strong>verborum</strong></span> <span class='ocrx_word' id='word_1_618' title='bbox 2969 3078 3241 3134; x_wconf 87' lang='lat' dir='ltr'><strong>lenocinio</strong></span> <span class='ocrx_word' id='word_1_619' title='bbox 3278 3092 3405 3146; x_wconf 87' lang='lat' dir='ltr'><strong>pro-</strong></span> 
     </span>
    </p>
   </div>
   <div class='ocr_carea' id='block_1_78' title="bbox 1835 3171 3408 3240">
    <p class='ocr_par' dir='ltr' id='par_1_78' title="bbox 1835 3171 3408 3240">
     <span class='ocr_line' id='line_1_78' title="bbox 1835 3171 3408 3240; baseline -0.006 -11"><span class='ocrx_word' id='word_1_620' title='bbox 1835 3176 2014 3229; x_wconf 77' lang='lat' dir='ltr'><strong>ximos</strong></span> <span class='ocrx_word' id='word_1_621' title='bbox 2058 3176 2469 3229; x_wconf 83' lang='lat' dir='ltr'><strong>subducentem.</strong></span> <span class='ocrx_word' id='word_1_622' title='bbox 2506 3172 2645 3240; x_wconf 84' lang='lat' dir='ltr'><strong>Quin</strong></span> <span class='ocrx_word' id='word_1_623' title='bbox 2700 3172 2865 3227; x_wconf 87' lang='lat' dir='ltr'><strong>etiam</strong></span> <span class='ocrx_word' id='word_1_624' title='bbox 2911 3171 3090 3240; x_wconf 89' lang='lat' dir='ltr'><strong>lingua</strong></span> <span class='ocrx_word' id='word_1_625' title='bbox 3132 3183 3408 3222; x_wconf 90' lang='lat' dir='ltr'><strong>armorum</strong></span> 
     </span>
    </p>
   </div>
   <div class='ocr_carea' id='block_1_79' title="bbox 1833 3258 3411 3331">
    <p class='ocr_par' dir='ltr' id='par_1_79' title="bbox 1833 3258 3411 3331">
     <span class='ocr_line' id='line_1_79' title="bbox 1833 3258 3411 3331; baseline -0.004 -13"><span class='ocrx_word' id='word_1_626' title='bbox 1833 3266 1953 3321; x_wconf 85' lang='lat' dir='ltr'><strong>loco</strong></span> <span class='ocrx_word' id='word_1_627' title='bbox 1988 3266 2079 3320; x_wconf 89' lang='lat' dir='ltr'><strong>tibi</strong></span> <span class='ocrx_word' id='word_1_628' title='bbox 2106 3277 2191 3320; x_wconf 90' lang='lat' dir='ltr'><strong>est</strong></span> <span class='ocrx_word' id='word_1_629' title='bbox 2223 3264 2289 3318; x_wconf 90' lang='lat' dir='ltr'><strong>ad</strong></span> <span class='ocrx_word' id='word_1_630' title='bbox 2323 3264 2699 3331; x_wconf 89' lang='lat' dir='ltr'><strong>iniquitatem,</strong></span> <span class='ocrx_word' id='word_1_631' title='bbox 2734 3278 2855 3316; x_wconf 92' lang='lat' dir='ltr'><strong>cum</strong></span> <span class='ocrx_word' id='word_1_632' title='bbox 2885 3275 2950 3315; x_wconf 79' lang='lat' dir='ltr'><strong>ex</strong></span> <span class='ocrx_word' id='word_1_633' title='bbox 2986 3259 3150 3314; x_wconf 86' lang='lat' dir='ltr'><strong>corde</strong></span> <span class='ocrx_word' id='word_1_634' title='bbox 3196 3272 3301 3312; x_wconf 92' lang='lat' dir='ltr'><strong>non</strong></span> <span class='ocrx_word' id='word_1_635' title='bbox 3331 3258 3411 3312; x_wconf 78' lang='lat' dir='ltr'><strong>lo—</strong></span> 
     </span>
    </p>
   </div>
   <div class='ocr_carea' id='block_1_80' title="bbox 1834 3349 3415 3426">
    <p class='ocr_par' dir='ltr' id='par_1_80' title="bbox 1834 3349 3415 3426">
     <span class='ocr_line' id='line_1_80' title="bbox 1834 3349 3415 3426; baseline -0.004 -18"><span class='ocrx_word' id='word_1_636' title='bbox 1834 3357 2042 3426; x_wconf 87' lang='lat' dir='ltr'><strong>quitur,</strong></span> <span class='ocrx_word' id='word_1_637' title='bbox 2069 3356 2165 3410; x_wconf 89' lang='lat' dir='ltr'><strong>sed</strong></span> <span class='ocrx_word' id='word_1_638' title='bbox 2210 3355 2555 3409; x_wconf 78' lang='lat' dir='ltr'><strong>fraudulenta</strong></span> <span class='ocrx_word' id='word_1_639' title='bbox 2592 3354 2862 3423; x_wconf 84' lang='lat' dir='ltr'><strong>proponit.</strong></span> <span class='ocrx_word' id='word_1_640' title='bbox 2899 3352 2963 3405; x_wconf 82' lang='lat' dir='ltr'><strong>Et</strong></span> <span class='ocrx_word' id='word_1_641' title='bbox 2987 3349 3115 3420; x_wconf 89' lang='lat' dir='ltr'><strong>quid</strong></span> <span class='ocrx_word' id='word_1_642' title='bbox 3165 3363 3300 3418; x_wconf 89' lang='lat' dir='ltr'><strong>opus</strong></span> <span class='ocrx_word' id='word_1_643' title='bbox 3330 3358 3415 3404; x_wconf 89' lang='lat' dir='ltr'><strong>est</strong></span> 
     </span>
    </p>
   </div>
   <div class='ocr_carea' id='block_1_81' title="bbox 1832 3440 3411 3518">
    <p class='ocr_par' dir='ltr' id='par_1_81' title="bbox 1832 3440 3411 3518">
     <span class='ocr_line' id='line_1_81' title="bbox 1832 3440 3411 3518; baseline -0.006 -15"><span class='ocrx_word' id='word_1_644' title='bbox 1832 3450 2014 3503; x_wconf 84' lang='lat' dir='ltr'><strong>verbis</strong></span> <span class='ocrx_word' id='word_1_645' title='bbox 2037 3448 2285 3518; x_wconf 85' lang='lat' dir='ltr'><strong>persequi</strong></span> <span class='ocrx_word' id='word_1_646' title='bbox 2324 3447 2506 3501; x_wconf 90' lang='lat' dir='ltr'><strong>omnia</strong></span> <span class='ocrx_word' id='word_1_647' title='bbox 2536 3447 2732 3515; x_wconf 75' lang='lat' dir='ltr'><strong>lingum</strong></span> <span class='ocrx_word' id='word_1_648' title='bbox 2775 3443 3040 3514; x_wconf 79' lang='lat' dir='ltr'><strong>peccata?</strong></span> <span class='ocrx_word' id='word_1_649' title='bbox 3079 3440 3197 3495; x_wconf 87' lang='lat' dir='ltr'><strong>Vita</strong></span> <span class='ocrx_word' id='word_1_650' title='bbox 3229 3450 3411 3496; x_wconf 89' lang='lat' dir='ltr'><strong>nostra</strong></span> 
     </span>
    </p>
   </div>
   <div class='ocr_carea' id='block_1_82' title="bbox 1835 3530 3411 3608">
    <p class='ocr_par' dir='ltr' id='par_1_82' title="bbox 1835 3530 3411 3608">
     <span class='ocr_line' id='line_1_82' title="bbox 1835 3530 3411 3608; baseline -0.007 -14"><span class='ocrx_word' id='word_1_651' title='bbox 1835 3540 2033 3594; x_wconf 68' lang='lat' dir='ltr'><strong>referta</strong></span> <span class='ocrx_word' id='word_1_652' title='bbox 2062 3552 2147 3594; x_wconf 89' lang='lat' dir='ltr'><strong>est</strong></span> <span class='ocrx_word' id='word_1_653' title='bbox 2171 3540 2369 3608; x_wconf 83' lang='lat' dir='ltr'><strong>linguae</strong></span> <span class='ocrx_word' id='word_1_654' title='bbox 2398 3538 2630 3593; x_wconf 87' lang='lat' dir='ltr'><strong>delictis.</strong></span> <span class='ocrx_word' id='word_1_655' title='bbox 2664 3536 2839 3592; x_wconf 84' lang='lat' dir='ltr'><strong>Verba</strong></span> <span class='ocrx_word' id='word_1_656' title='bbox 2871 3537 3132 3598; x_wconf 88' lang='lat' dir='ltr'><strong>obscena,</strong></span> <span class='ocrx_word' id='word_1_657' title='bbox 3164 3530 3411 3586; x_wconf 80' lang='lat' dir='ltr'><strong>scurrili-</strong></span> 
     </span>
    </p>
   </div>
   <div class='ocr_carea' id='block_1_83' title="bbox 1835 3622 3414 3698">
    <p class='ocr_par' dir='ltr' id='par_1_83' title="bbox 1835 3622 3414 3698">
     <span class='ocr_line' id='line_1_83' title="bbox 1835 3622 3414 3698; baseline -0.007 -13"><span class='ocrx_word' id='word_1_658' title='bbox 1835 3641 1935 3690; x_wconf 86' lang='lat' dir='ltr'><strong>tas,</strong></span> <span class='ocrx_word' id='word_1_659' title='bbox 1966 3630 2386 3698; x_wconf 89' lang='lat' dir='ltr'><strong>stultiloquium,</strong></span> <span class='ocrx_word' id='word_1_660' title='bbox 2435 3627 2536 3681; x_wconf 83' lang='lat' dir='ltr'><strong>alia</strong></span> <span class='ocrx_word' id='word_1_661' title='bbox 2574 3643 2676 3682; x_wconf 91' lang='lat' dir='ltr'><strong>non</strong></span> <span class='ocrx_word' id='word_1_662' title='bbox 2709 3625 3109 3689; x_wconf 80' lang='lat' dir='ltr'><strong>convenientia,</strong></span> <span class='ocrx_word' id='word_1_663' title='bbox 3142 3622 3414 3677; x_wconf 86' lang='lat' dir='ltr'><strong>obtrecta-</strong></span> 
     </span>
    </p>
   </div>
   <div class='ocr_carea' id='block_1_84' title="bbox 1836 3718 3408 3790">
    <p class='ocr_par' dir='ltr' id='par_1_84' title="bbox 1836 3718 3408 3790">
     <span class='ocr_line' id='line_1_84' title="bbox 1836 3718 3408 3790; baseline -0.003 -13"><span class='ocrx_word' id='word_1_664' title='bbox 1836 3725 2031 3787; x_wconf 88' lang='lat' dir='ltr'><strong>tiones,</strong></span> <span class='ocrx_word' id='word_1_665' title='bbox 2072 3724 2280 3777; x_wconf 88' lang='lat' dir='ltr'><strong>otiosus</strong></span> <span class='ocrx_word' id='word_1_666' title='bbox 2335 3736 2537 3785; x_wconf 85' lang='lat' dir='ltr'><strong>sermo,</strong></span> <span class='ocrx_word' id='word_1_667' title='bbox 2593 3718 2853 3790; x_wconf 72' lang='lat' dir='ltr'><strong>periuria,</strong></span> <span class='ocrx_word' id='word_1_668' title='bbox 2895 3719 3030 3774; x_wconf 82' lang='lat' dir='ltr'><strong>falsa</strong></span> <span class='ocrx_word' id='word_1_669' title='bbox 3078 3720 3408 3785; x_wconf 89' lang='lat' dir='ltr'><strong>testimonia,</strong></span> 
     </span>
    </p>
   </div>
   <div class='ocr_carea' id='block_1_85' title="bbox 1832 3811 3412 3883">
    <p class='ocr_par' dir='ltr' id='par_1_85' title="bbox 1832 3811 3412 3883">
     <span class='ocr_line' id='line_1_85' title="bbox 1832 3811 3412 3883; baseline -0.002 -16"><span class='ocrx_word' id='word_1_670' title='bbox 1832 3814 2013 3868; x_wconf 88' lang='lat' dir='ltr'><strong>omnia</strong></span> <span class='ocrx_word' id='word_1_671' title='bbox 2056 3813 2171 3867; x_wconf 77' lang='lat' dir='ltr'><strong>[nec</strong></span> <span class='ocrx_word' id='word_1_672' title='bbox 2213 3811 2378 3877; x_wconf 90' lang='lat' dir='ltr'><strong>mala,</strong></span> <span class='ocrx_word' id='word_1_673' title='bbox 2425 3821 2479 3865; x_wconf 89' lang='lat' dir='ltr'><strong>et</strong></span> <span class='ocrx_word' id='word_1_674' title='bbox 2522 3811 2608 3866; x_wconf 89' lang='lat' dir='ltr'><strong>his</strong></span> <span class='ocrx_word' id='word_1_675' title='bbox 2639 3813 2818 3865; x_wconf 84' lang='lat' dir='ltr'><strong>adhuc</strong></span> <span class='ocrx_word' id='word_1_676' title='bbox 2849 3811 3024 3879; x_wconf 89' lang='lat' dir='ltr'><strong>plura,</strong></span> <span class='ocrx_word' id='word_1_677' title='bbox 3052 3811 3249 3883; x_wconf 66' lang='lat' dir='ltr'><strong>lingua:</strong></span> <span class='ocrx_word' id='word_1_678' title='bbox 3286 3820 3412 3866; x_wconf 91' lang='lat' dir='ltr'><strong>sunt</strong></span> 
     </span>
    </p>
   </div>
   <div class='ocr_carea' id='block_1_86' title="bbox 1833 3902 3409 3975">
    <p class='ocr_par' dir='ltr' id='par_1_86' title="bbox 1833 3902 3409 3975">
     <span class='ocr_line' id='line_1_86' title="bbox 1833 3902 3409 3975; baseline -0.001 -17"><span class='ocrx_word' id='word_1_679' title='bbox 1833 3905 2069 3975; x_wconf 81' lang='lat' dir='ltr'><strong>opiﬁcia.</strong></span> <span class='ocrx_word' id='word_1_680' title='bbox 2094 3904 2196 3970; x_wconf 84' lang='lat' dir='ltr'><strong>Qui</strong></span> <span class='ocrx_word' id='word_1_681' title='bbox 2222 3919 2352 3958; x_wconf 89' lang='lat' dir='ltr'><strong>vero</strong></span> <span class='ocrx_word' id='word_1_682' title='bbox 2381 3902 2646 3958; x_wconf 81' lang='lat' dir='ltr'><strong>adversus</strong></span> <span class='ocrx_word' id='word_1_683' title='bbox 2677 3902 2769 3956; x_wconf 89' lang='lat' dir='ltr'><strong>Dei</strong></span> <span class='ocrx_word' id='word_1_684' title='bbox 2796 3902 3025 3972; x_wconf 88' lang='lat' dir='ltr'><strong>gloriam</strong></span> <span class='ocrx_word' id='word_1_685' title='bbox 3050 3918 3111 3957; x_wconf 91' lang='lat' dir='ltr'><strong>os</strong></span> <span class='ocrx_word' id='word_1_686' title='bbox 3139 3903 3409 3972; x_wconf 87' lang='lat' dir='ltr'><strong>aperiunt,</strong></span> 
     </span>
    </p>
   </div>
   <div class='ocr_carea' id='block_1_87' title="bbox 1833 3991 3410 4065">
    <p class='ocr_par' dir='ltr' id='par_1_87' title="bbox 1833 3991 3410 4065">
     <span class='ocr_line' id='line_1_87' title="bbox 1833 3991 3410 4065; baseline -0.003 -15"><span class='ocrx_word' id='word_1_687' title='bbox 1833 4007 1884 4051; x_wconf 91' lang='lat' dir='ltr'><strong>et</strong></span> <span class='ocrx_word' id='word_1_688' title='bbox 1923 3997 2266 4065; x_wconf 89' lang='lat' dir='ltr'><strong>iniquitatem</strong></span> <span class='ocrx_word' id='word_1_689' title='bbox 2296 3995 2349 4048; x_wconf 92' lang='lat' dir='ltr'><strong>in</strong></span> <span class='ocrx_word' id='word_1_690' title='bbox 2382 3994 2656 4049; x_wconf 82' lang='lat' dir='ltr'><strong>excelsum</strong></span> <span class='ocrx_word' id='word_1_691' title='bbox 2681 3992 2955 4058; x_wconf 69' lang='lat' dir='ltr'><strong>ell‘utiunt,</strong></span> <span class='ocrx_word' id='word_1_692' title='bbox 2988 4009 3083 4063; x_wconf 88' lang='lat' dir='ltr'><strong>per</strong></span> <span class='ocrx_word' id='word_1_693' title='bbox 3109 3993 3236 4063; x_wconf 90' lang='lat' dir='ltr'><strong>quid</strong></span> <span class='ocrx_word' id='word_1_694' title='bbox 3266 3991 3410 4047; x_wconf 85' lang='lat' dir='ltr'><strong>aliud</strong></span> 
     </span>
    </p>
   </div>
   <div class='ocr_carea' id='block_1_88' title="bbox 1832 4083 3413 4157">
    <p class='ocr_par' dir='ltr' id='par_1_88' title="bbox 1832 4083 3413 4157">
     <span class='ocr_line' id='line_1_88' title="bbox 1832 4083 3413 4157; baseline -0.003 -15"><span class='ocrx_word' id='word_1_695' title='bbox 1832 4089 1934 4142; x_wconf 89' lang='lat' dir='ltr'><strong>nisi</strong></span> <span class='ocrx_word' id='word_1_696' title='bbox 1956 4104 2052 4155; x_wconf 86' lang='lat' dir='ltr'><strong>per</strong></span> <span class='ocrx_word' id='word_1_697' title='bbox 2069 4088 2266 4157; x_wconf 70' lang='lat' dir='ltr'><strong>lingua:</strong></span> <span class='ocrx_word' id='word_1_698' title='bbox 2288 4087 2709 4140; x_wconf 90' lang='lat' dir='ltr'><strong>instrumentum</strong></span> <span class='ocrx_word' id='word_1_699' title='bbox 2735 4085 3068 4154; x_wconf 83' lang='lat' dir='ltr'><strong>impietatem</strong></span> <span class='ocrx_word' id='word_1_700' title='bbox 3086 4083 3413 4154; x_wconf 78' lang='lat' dir='ltr'><strong>perficiunt?</strong></span> 
     </span>
    </p>
   </div>
   <div class='ocr_carea' id='block_1_89' title="bbox 1831 4174 3412 4247">
    <p class='ocr_par' dir='ltr' id='par_1_89' title="bbox 1831 4174 3412 4247">
     <span class='ocr_line' id='line_1_89' title="bbox 1831 4174 3412 4247; baseline -0.001 -16"><span class='ocrx_word' id='word_1_701' title='bbox 1831 4179 2096 4245; x_wconf 86' lang='lat' dir='ltr'><strong>Quoniam</strong></span> <span class='ocrx_word' id='word_1_702' title='bbox 2141 4179 2326 4247; x_wconf 71' lang='lat' dir='ltr'><strong>igitur}</strong></span> <span class='ocrx_word' id='word_1_703' title='bbox 2356 4176 2441 4229; x_wconf 79' lang='lat' dir='ltr'><strong>Ea:</strong></span> <span class='ocrx_word' id='word_1_704' title='bbox 2486 4176 2591 4229; x_wconf 80' lang='lat' dir='ltr'><strong>tuis</strong></span> <span class='ocrx_word' id='word_1_705' title='bbox 2640 4176 2808 4229; x_wconf 76' lang='lat' dir='ltr'><strong>verbis</strong></span> <span class='ocrx_word' id='word_1_706' title='bbox 2831 4174 3229 4245; x_wconf 78' lang='lat' dir='ltr'><strong>justi/icaberis,</strong></span> <span class='ocrx_word' id='word_1_707' title='bbox 3261 4186 3308 4230; x_wconf 87' lang='lat' dir='ltr'><strong>et</strong></span> <span class='ocrx_word' id='word_1_708' title='bbox 3347 4192 3412 4229; x_wconf 76' lang='lat' dir='ltr'><strong>ea:</strong></span> 
     </span>
    </p>
   </div>
   <div class='ocr_carea' id='block_1_90' title="bbox 1833 4264 3408 4334">
    <p class='ocr_par' dir='ltr' id='par_1_90' title="bbox 1833 4264 3408 4334">
     <span class='ocr_line' id='line_1_90' title="bbox 1833 4264 3408 4334; baseline -0.006 -9"><span class='ocrx_word' id='word_1_709' title='bbox 1833 4271 2005 4325; x_wconf 82' lang='lat' dir='ltr'><strong>verbis</strong></span> <span class='ocrx_word' id='word_1_710' title='bbox 2037 4271 2142 4324; x_wconf 76' lang='lat' dir='ltr'><strong>tuis</strong></span> <span class='ocrx_word' id='word_1_711' title='bbox 2183 4267 2615 4323; x_wconf 76' lang='lat' dir='ltr'><strong>condemnaberis</strong></span> <span class='ocrx_word' id='word_1_712' title='bbox 2648 4266 2715 4332; x_wconf 68' lang='lat'><strong>7‘,</strong></span> <span class='ocrx_word' id='word_1_713' title='bbox 2750 4265 2977 4334; x_wconf 88' lang='lat' dir='ltr'><strong>prohibe</strong></span> <span class='ocrx_word' id='word_1_714' title='bbox 3005 4264 3240 4332; x_wconf 84' lang='lat' dir='ltr'><strong>linguam</strong></span> <span class='ocrx_word' id='word_1_715' title='bbox 3262 4271 3408 4317; x_wconf 91' lang='lat' dir='ltr'><strong>tuam</strong></span> 
     </span>
    </p>
   </div>
   <div class='ocr_carea' id='block_1_91' title="bbox 1834 4355 3411 4428">
    <p class='ocr_par' dir='ltr' id='par_1_91' title="bbox 1834 4355 3411 4428">
     <span class='ocr_line' id='line_1_91' title="bbox 1834 4355 3411 4428; baseline -0.006 -10"><span class='ocrx_word' id='word_1_716' title='bbox 1834 4379 1864 4418; x_wconf 95' lang='lat' dir='ltr'><strong>a</strong></span> <span class='ocrx_word' id='word_1_717' title='bbox 1892 4364 2060 4427; x_wconf 91' lang='lat' dir='ltr'><strong>malo,</strong></span> <span class='ocrx_word' id='word_1_718' title='bbox 2099 4375 2202 4416; x_wconf 90' lang='lat' dir='ltr'><strong>nec</strong></span> <span class='ocrx_word' id='word_1_719' title='bbox 2242 4361 2530 4415; x_wconf 89' lang='lat' dir='ltr'><strong>thesauros</strong></span> <span class='ocrx_word' id='word_1_720' title='bbox 2557 4357 2737 4428; x_wconf 87' lang='lat' dir='ltr'><strong>lingua</strong></span> <span class='ocrx_word' id='word_1_721' title='bbox 2769 4356 3017 4412; x_wconf 89' lang='lat' dir='ltr'><strong>mendaci</strong></span> <span class='ocrx_word' id='word_1_722' title='bbox 3060 4355 3265 4411; x_wconf 80' lang='lat' dir='ltr'><strong>elIicias</strong></span> <span class='ocrx_word' id='word_1_723' title='bbox 3318 4370 3411 4409; x_wconf 83' lang='lat' dir='ltr'><strong>va-</strong></span> 
     </span>
    </p>
   </div>
   <div class='ocr_carea' id='block_1_92' title="bbox 142 4444 1724 4523">
    <p class='ocr_par' dir='ltr' id='par_1_92' title="bbox 142 4444 1724 4523">
     <span class='ocr_line' id='line_1_92' title="bbox 142 4444 1724 4523; baseline -0.015 -13"><span class='ocrx_word' id='word_1_724' title='bbox 142 4456 345 4523; x_wconf 66' lang='grc' dir='ltr'>λόνων</span> <span class='ocrx_word' id='word_1_725' title='bbox 378 4470 495 4508; x_wconf 87' lang='grc' dir='ltr'><strong>σου</strong></span> <span class='ocrx_word' id='word_1_726' title='bbox 532 4452 899 4522; x_wconf 78' lang='grc' dir='ltr'>δικαιωθήσῃ</span> <span class='ocrx_word' id='word_1_727' title='bbox 924 4492 939 4517; x_wconf 93' lang='grc'><strong>,</strong></span> <span class='ocrx_word' id='word_1_728' title='bbox 985 4452 1083 4505; x_wconf 78' lang='grc' dir='ltr'>καὶ</span> <span class='ocrx_word' id='word_1_729' title='bbox 1124 4450 1193 4502; x_wconf 80' lang='grc' dir='ltr'>ἑκ</span> <span class='ocrx_word' id='word_1_730' title='bbox 1234 4446 1353 4501; x_wconf 77' lang='grc' dir='ltr'><strong>τῶν</strong></span> <span class='ocrx_word' id='word_1_731' title='bbox 1388 4444 1584 4512; x_wconf 75' lang='grc' dir='ltr'>λόγων</span> <span class='ocrx_word' id='word_1_732' title='bbox 1614 4450 1724 4491; x_wconf 84' lang='grc' dir='ltr'><strong>σου</strong></span> 
     </span>
    </p>
   </div>
   <div class='ocr_carea' id='block_1_93' title="bbox 1836 4444 3410 4523">
    <p class='ocr_par' dir='ltr' id='par_1_93' title="bbox 1836 4446 3410 4522">
     <span class='ocr_line' id='line_1_93' title="bbox 1836 4446 3410 4522; baseline -0.006 -13"><span class='ocrx_word' id='word_1_733' title='bbox 1836 4472 1952 4510; x_wconf 89' lang='lat' dir='ltr'><strong>nos.</strong></span> <span class='ocrx_word' id='word_1_734' title='bbox 1995 4455 2331 4522; x_wconf 84' lang='lat' dir='ltr'><strong>lnsnperque</strong></span> <span class='ocrx_word' id='word_1_735' title='bbox 2388 4450 2615 4520; x_wconf 89' lang='lat' dir='ltr'><strong>prohibe</strong></span> <span class='ocrx_word' id='word_1_736' title='bbox 2665 4449 2802 4503; x_wconf 89' lang='lat' dir='ltr'><strong>labia</strong></span> <span class='ocrx_word' id='word_1_737' title='bbox 2855 4456 2965 4512; x_wconf 91' lang='lat' dir='ltr'><strong>tua,</strong></span> <span class='ocrx_word' id='word_1_738' title='bbox 3021 4462 3088 4501; x_wconf 92' lang='lat' dir='ltr'><strong>ne</strong></span> <span class='ocrx_word' id='word_1_739' title='bbox 3118 4446 3410 4516; x_wconf 85' lang='lat' dir='ltr'><strong>loquantur</strong></span> 
     </span>
    </p>
   </div>
   <div class='ocr_carea' id='block_1_94' title="bbox 145 4532 1721 4614">
    <p class='ocr_par' dir='ltr' id='par_1_94' title="bbox 145 4532 1721 4614">
     <span class='ocr_line' id='line_1_94' title="bbox 145 4532 1721 4614; baseline -0.009 -15"><span class='ocrx_word' id='word_1_740' title='bbox 145 4545 581 4614; x_wconf 75' lang='grc' dir='ltr'>κατακριθήσῃ,</span> <span class='ocrx_word' id='word_1_741' title='bbox 623 4544 830 4598; x_wconf 78' lang='grc' dir='ltr'>παῦσον</span> <span class='ocrx_word' id='word_1_742' title='bbox 861 4544 959 4614; x_wconf 84' lang='grc' dir='ltr'><strong>τὴν</strong></span> <span class='ocrx_word' id='word_1_743' title='bbox 984 4541 1235 4610; x_wconf 81' lang='grc' dir='ltr'>γλῶσσάν</span> <span class='ocrx_word' id='word_1_744' title='bbox 1267 4557 1357 4593; x_wconf 91' lang='grc' dir='ltr'><strong>σου</strong></span> <span class='ocrx_word' id='word_1_745' title='bbox 1386 4536 1494 4591; x_wconf 78' lang='grc' dir='ltr'>ἀπὸ</span> <span class='ocrx_word' id='word_1_746' title='bbox 1528 4532 1721 4595; x_wconf 79' lang='grc' dir='ltr'>κακοῦ,</span> 
     </span>
    </p>
   </div>
   <div class='ocr_carea' id='block_1_95' title="bbox 142 4625 1726 4709">
    <p class='ocr_par' dir='ltr' id='par_1_95' title="bbox 142 4625 1726 4709">
     <span class='ocr_line' id='line_1_95' title="bbox 142 4625 1726 4709; baseline -0.008 -18"><span class='ocrx_word' id='word_1_747' title='bbox 142 4638 239 4691; x_wconf 69' lang='grc' dir='ltr'><strong>καὶ</strong></span> <span class='ocrx_word' id='word_1_748' title='bbox 278 4637 352 4709; x_wconf 83' lang='grc' dir='ltr'>μὴ</span> <span class='ocrx_word' id='word_1_749' title='bbox 383 4640 685 4709; x_wconf 78' lang='grc' dir='ltr'>ἐνεργήσῃς</span> <span class='ocrx_word' id='word_1_750' title='bbox 713 4637 1131 4708; x_wconf 86' lang='grc' dir='ltr'>θησαυρίσματα</span> <span class='ocrx_word' id='word_1_751' title='bbox 1155 4633 1376 4703; x_wconf 85' lang='grc' dir='ltr'>γλώσσῃ</span> <span class='ocrx_word' id='word_1_752' title='bbox 1401 4630 1587 4698; x_wconf 66' lang='grc' dir='ltr'>ψευδεί</span> <span class='ocrx_word' id='word_1_753' title='bbox 1622 4625 1726 4696; x_wconf 88' lang='grc' dir='ltr'>μά-</span> 
     </span>
    </p>
   </div>
   <div class='ocr_carea' id='block_1_96' title="bbox 139 4721 1729 4799">
    <p class='ocr_par' dir='ltr' id='par_1_96' title="bbox 139 4721 1729 4799">
     <span class='ocr_line' id='line_1_96' title="bbox 139 4721 1729 4799; baseline -0.004 -18"><span class='ocrx_word' id='word_1_754' title='bbox 139 4747 292 4783; x_wconf 81' lang='grc' dir='ltr'>ταια.</span> <span class='ocrx_word' id='word_1_755' title='bbox 339 4730 554 4784; x_wconf 82' lang='grc' dir='ltr'>Παῦσον</span> <span class='ocrx_word' id='word_1_756' title='bbox 598 4730 656 4782; x_wconf 86' lang='grc' dir='ltr'><strong>δέ</strong></span> <span class='ocrx_word' id='word_1_757' title='bbox 704 4730 797 4781; x_wconf 76' lang='grc' dir='ltr'><strong>καὶ</strong></span> <span class='ocrx_word' id='word_1_758' title='bbox 829 4728 898 4781; x_wconf 83' lang='grc' dir='ltr'>τὰ</span> <span class='ocrx_word' id='word_1_759' title='bbox 939 4728 1089 4799; x_wconf 83' lang='grc' dir='ltr'>χείλη</span> <span class='ocrx_word' id='word_1_760' title='bbox 1131 4743 1222 4778; x_wconf 94' lang='grc' dir='ltr'><strong>σου</strong></span> <span class='ocrx_word' id='word_1_761' title='bbox 1249 4724 1341 4777; x_wconf 77' lang='grc' dir='ltr'>τοῦ</span> <span class='ocrx_word' id='word_1_762' title='bbox 1388 4722 1463 4793; x_wconf 79' lang='grc' dir='ltr'>μὴ</span> <span class='ocrx_word' id='word_1_763' title='bbox 1503 4721 1729 4790; x_wconf 73' lang='grc' dir='ltr'>λαλῆσαι</span> 
     </span>
    </p>
   </div>
   <div class='ocr_carea' id='block_1_97' title="bbox 138 4815 1723 4890">
    <p class='ocr_par' dir='ltr' id='par_1_97' title="bbox 138 4815 1723 4890">
     <span class='ocr_line' id='line_1_97' title="bbox 138 4815 1723 4890; baseline -0.006 -15"><span class='ocrx_word' id='word_1_764' title='bbox 138 4821 311 4875; x_wconf 83' lang='grc' dir='ltr'>δόλον·</span> <span class='ocrx_word' id='word_1_765' title='bbox 353 4823 475 4875; x_wconf 78' lang='grc' dir='ltr'>ἀντὶ</span> <span class='ocrx_word' id='word_1_766' title='bbox 507 4819 799 4885; x_wconf 78' lang='grc' dir='ltr'>τοῦ,”ολον</span> <span class='ocrx_word' id='word_1_767' title='bbox 819 4820 880 4871; x_wconf 83' lang='grc' dir='ltr'><strong>τὸ</strong></span> <span class='ocrx_word' id='word_1_768' title='bbox 910 4819 1139 4890; x_wconf 75' lang='grc' dir='ltr'>δργανον</span> <span class='ocrx_word' id='word_1_769' title='bbox 1167 4817 1226 4870; x_wconf 86' lang='grc' dir='ltr'><strong>τὸ</strong></span> <span class='ocrx_word' id='word_1_770' title='bbox 1254 4815 1391 4887; x_wconf 75' lang='grc' dir='ltr'>πρὸς</span> <span class='ocrx_word' id='word_1_771' title='bbox 1421 4815 1518 4886; x_wconf 85' lang='grc' dir='ltr'>τὴν</span> <span class='ocrx_word' id='word_1_772' title='bbox 1546 4816 1723 4868; x_wconf 80' lang='grc' dir='ltr'>διακο-</span> 
     </span>
    </p>
   </div>
   <div class='ocr_carea' id='block_1_98' title="bbox 1832 4537 3411 4610">
    <p class='ocr_par' dir='ltr' id='par_1_98' title="bbox 1832 4537 3411 4610">
     <span class='ocr_line' id='line_1_98' title="bbox 1832 4537 3411 4610; baseline -0.009 -7"><span class='ocrx_word' id='word_1_773' title='bbox 1832 4548 2012 4603; x_wconf 87' lang='lat' dir='ltr'><strong>dolum</strong></span> <span class='ocrx_word' id='word_1_774' title='bbox 2050 4565 2063 4600; x_wconf 93' lang='lat'><strong>:</strong></span> <span class='ocrx_word' id='word_1_775' title='bbox 2110 4546 2211 4599; x_wconf 91' lang='lat' dir='ltr'><strong>hoc</strong></span> <span class='ocrx_word' id='word_1_776' title='bbox 2258 4554 2360 4607; x_wconf 88' lang='lat' dir='ltr'><strong>est,</strong></span> <span class='ocrx_word' id='word_1_777' title='bbox 2398 4553 2568 4597; x_wconf 91' lang='lat' dir='ltr'><strong>totum</strong></span> <span class='ocrx_word' id='word_1_778' title='bbox 2620 4556 2877 4610; x_wconf 89' lang='lat' dir='ltr'><strong>organum</strong></span> <span class='ocrx_word' id='word_1_779' title='bbox 2906 4539 2973 4593; x_wconf 90' lang='lat' dir='ltr'><strong>ad</strong></span> <span class='ocrx_word' id='word_1_780' title='bbox 3000 4537 3264 4593; x_wconf 88' lang='lat' dir='ltr'><strong>sermonis</strong></span> <span class='ocrx_word' id='word_1_781' title='bbox 3293 4552 3411 4590; x_wconf 86' lang='lat' dir='ltr'><strong>mu-</strong></span> 
     </span>
    </p>
   </div>
   <div class='ocr_carea' id='block_1_99' title="bbox 1836 4630 3404 4700">
    <p class='ocr_par' dir='ltr' id='par_1_99' title="bbox 1836 4630 3404 4700">
     <span class='ocr_line' id='line_1_99' title="bbox 1836 4630 3404 4700; baseline -0.006 -11"><span class='ocrx_word' id='word_1_782' title='bbox 1836 4650 1937 4689; x_wconf 86' lang='lat' dir='ltr'><strong>nus</strong></span> <span class='ocrx_word' id='word_1_783' title='bbox 1969 4634 2063 4687; x_wconf 90' lang='lat' dir='ltr'><strong>tibi</strong></span> <span class='ocrx_word' id='word_1_784' title='bbox 2097 4648 2419 4688; x_wconf 83' lang='lat' dir='ltr'><strong>concessum</strong></span> <span class='ocrx_word' id='word_1_785' title='bbox 2474 4647 2503 4685; x_wconf 89' lang='lat' dir='ltr'><strong>a</strong></span> <span class='ocrx_word' id='word_1_786' title='bbox 2554 4646 2719 4700; x_wconf 88' lang='lat' dir='ltr'><strong>prava</strong></span> <span class='ocrx_word' id='word_1_787' title='bbox 2773 4630 3085 4697; x_wconf 89' lang='lat' dir='ltr'><strong>operatione</strong></span> <span class='ocrx_word' id='word_1_788' title='bbox 3127 4641 3404 4682; x_wconf 85' lang='lat' dir='ltr'><strong>coerceas.</strong></span> 
     </span>
    </p>
   </div>
   <div class='ocr_carea' id='block_1_100' title="bbox 1838 4718 3410 4785">
    <p class='ocr_par' dir='ltr' id='par_1_100' title="bbox 1838 4718 3410 4785">
     <span class='ocr_line' id='line_1_100' title="bbox 1838 4718 3410 4785; baseline -0.004 -7"><span class='ocrx_word' id='word_1_789' title='bbox 1838 4727 1932 4779; x_wconf 80' lang='lat' dir='ltr'><strong>Est</strong></span> <span class='ocrx_word' id='word_1_790' title='bbox 1961 4734 2142 4778; x_wconf 91' lang='lat' dir='ltr'><strong>autem</strong></span> <span class='ocrx_word' id='word_1_791' title='bbox 2177 4723 2331 4778; x_wconf 92' lang='lat' dir='ltr'><strong>dolus</strong></span> <span class='ocrx_word' id='word_1_792' title='bbox 2358 4722 2629 4777; x_wconf 86' lang='lat' dir='ltr'><strong>occultum</strong></span> <span class='ocrx_word' id='word_1_793' title='bbox 2676 4721 3025 4785; x_wconf 87' lang='lat' dir='ltr'><strong>maleticium,</strong></span> <span class='ocrx_word' id='word_1_794' title='bbox 3074 4722 3173 4774; x_wconf 90' lang='lat' dir='ltr'><strong>sub</strong></span> <span class='ocrx_word' id='word_1_795' title='bbox 3206 4718 3410 4774; x_wconf 79' lang='lat' dir='ltr'><strong>olIlcio-</strong></span> 
     </span>
    </p>
   </div>
   <div class='ocr_carea' id='block_1_101' title="bbox 1836 4814 2696 4885">
    <p class='ocr_par' dir='ltr' id='par_1_101' title="bbox 1836 4814 2696 4885">
     <span class='ocr_line' id='line_1_101' title="bbox 1836 4814 2696 4885; baseline -0.002 -16"><span class='ocrx_word' id='word_1_796' title='bbox 1836 4832 1952 4870; x_wconf 89' lang='lat' dir='ltr'><strong>rum</strong></span> <span class='ocrx_word' id='word_1_797' title='bbox 1989 4817 2169 4885; x_wconf 81' lang='lat' dir='ltr'><strong>specie</strong></span> <span class='ocrx_word' id='word_1_798' title='bbox 2197 4818 2439 4884; x_wconf 81' lang='lat' dir='ltr'><strong>proximo</strong></span> <span class='ocrx_word' id='word_1_799' title='bbox 2471 4814 2696 4868; x_wconf 90' lang='lat' dir='ltr'><strong>illatum.</strong></span> 
     </span>
    </p>
   </div>
   <div class='ocr_carea' id='block_1_102' title="bbox 139 4902 3411 4983">
    <p class='ocr_par' dir='ltr' id='par_1_102' title="bbox 139 4902 3411 4983">
     <span class='ocr_line' id='line_1_102' title="bbox 139 4902 3411 4983; baseline -0.003 -15"><span class='ocrx_word' id='word_1_800' title='bbox 139 4915 262 4968; x_wconf 84' lang='grc' dir='ltr'>νίαν</span> <span class='ocrx_word' id='word_1_801' title='bbox 297 4913 390 4968; x_wconf 73' lang='grc' dir='ltr'>τοῦ</span> <span class='ocrx_word' id='word_1_802' title='bbox 427 4913 587 4983; x_wconf 86' lang='grc' dir='ltr'>λόγου</span> <span class='ocrx_word' id='word_1_803' title='bbox 627 4931 708 4967; x_wconf 93' lang='grc' dir='ltr'><strong>σοι</strong></span> <span class='ocrx_word' id='word_1_804' title='bbox 750 4912 1032 4983; x_wconf 82' lang='grc' dir='ltr'>δεδομένον</span> <span class='ocrx_word' id='word_1_805' title='bbox 1070 4908 1350 4981; x_wconf 80' lang='grc' dir='ltr'>σχολάζειν</span> <span class='ocrx_word' id='word_1_806' title='bbox 1378 4909 1487 4973; x_wconf 64' lang='grc' dir='ltr'><strong>ἀπὸ</strong></span> <span class='ocrx_word' id='word_1_807' title='bbox 1514 4908 1609 4979; x_wconf 82' lang='grc' dir='ltr'>τῆς</span> <span class='ocrx_word' id='word_1_808' title='bbox 1649 4912 1890 4981; x_wconf 80' lang='grc' dir='ltr'>πονηρᾶς</span> <span class='ocrx_word' id='word_1_809' title='bbox 1945 4908 2227 4979; x_wconf 84' lang='grc' dir='ltr'>ἐνεργείας</span> <span class='ocrx_word' id='word_1_810' title='bbox 2294 4907 2539 4977; x_wconf 85' lang='grc' dir='ltr'>ποίησον.</span> <span class='ocrx_word' id='word_1_811' title='bbox 2576 4908 2729 4960; x_wconf 87' lang='grc' dir='ltr'>Ἔστι</span> <span class='ocrx_word' id='word_1_812' title='bbox 2767 4906 2824 4959; x_wconf 84' lang='grc' dir='ltr'>δὲ</span> <span class='ocrx_word' id='word_1_813' title='bbox 2861 4908 2890 4960; x_wconf 94' lang='lat'><strong>6</strong></span> <span class='ocrx_word' id='word_1_814' title='bbox 2919 4904 3066 4969; x_wconf 87' lang='grc' dir='ltr'>δόλος</span> <span class='ocrx_word' id='word_1_815' title='bbox 3120 4902 3411 4959; x_wconf 74' lang='grc' dir='ltr'>κακοποιίσ.</span> 
     </span>
    </p>
   </div>
   <div class='ocr_carea' id='block_1_103' title="bbox 140 5001 2175 5079">
    <p class='ocr_par' dir='ltr' id='par_1_103' title="bbox 140 5001 2175 5079">
     <span class='ocr_line' id='line_1_103' title="bbox 140 5001 2175 5079; baseline -0.003 -19"><span class='ocrx_word' id='word_1_816' title='bbox 140 5006 377 5079; x_wconf 76' lang='grc' dir='ltr'>λαθραία</span> <span class='ocrx_word' id='word_1_817' title='bbox 415 5008 475 5059; x_wconf 91' lang='grc' dir='ltr'><strong>ἐν</strong></span> <span class='ocrx_word' id='word_1_818' title='bbox 506 5007 867 5079; x_wconf 87' lang='grc' dir='ltr'>προσποιήσει</span> <span class='ocrx_word' id='word_1_819' title='bbox 912 5005 1020 5058; x_wconf 81' lang='grc' dir='ltr'><strong>τῶν</strong></span> <span class='ocrx_word' id='word_1_820' title='bbox 1050 5003 1332 5075; x_wconf 84' lang='grc' dir='ltr'>βελτιόνων</span> <span class='ocrx_word' id='word_1_821' title='bbox 1359 5001 1437 5073; x_wconf 81' lang='grc' dir='ltr'>τῷ</span> <span class='ocrx_word' id='word_1_822' title='bbox 1471 5001 1697 5074; x_wconf 87' lang='grc' dir='ltr'>πλησίον</span> <span class='ocrx_word' id='word_1_823' title='bbox 1733 5002 2175 5073; x_wconf 74' lang='grc' dir='ltr'>προσφερομένη.</span> 
     </span>
    </p>
   </div>
   <div class='ocr_carea' id='block_1_104' title="bbox 218 5163 746 5227">
    <p class='ocr_par' dir='ltr' id='par_1_104' title="bbox 218 5163 746 5227">
     <span class='ocr_line' id='line_1_104' title="bbox 218 5163 746 5227; baseline 0.002 -12"><span class='ocrx_word' id='word_1_824' title='bbox 218 5165 263 5197; x_wconf 76' lang='grc' dir='ltr'><strong>⁷ο</strong></span> <span class='ocrx_word' id='word_1_825' title='bbox 317 5164 471 5217; x_wconf 78' lang='lat' dir='ltr'><strong>Rom.</strong></span> <span class='ocrx_word' id='word_1_826' title='bbox 526 5163 746 5227; x_wconf 57' lang='lat' dir='ltr'><strong>vu,9.i.</strong></span> 
     </span>
    </p>
   </div>
   <div class='ocr_carea' id='block_1_105' title="bbox 219 5295 1723 5371">
    <p class='ocr_par' dir='ltr' id='par_1_105' title="bbox 219 5295 1723 5371">
     <span class='ocr_line' id='line_1_105' title="bbox 219 5295 1723 5371; baseline -0.003 -18"><span class='ocrx_word' id='word_1_827' title='bbox 219 5301 295 5371; x_wconf 68' lang='lat' dir='ltr'><strong>(fl)</strong></span> <span class='ocrx_word' id='word_1_828' title='bbox 332 5300 509 5355; x_wconf 83' lang='lat' dir='ltr'><strong>Editio</strong></span> <span class='ocrx_word' id='word_1_829' title='bbox 540 5300 717 5354; x_wconf 76' lang='lat' dir='ltr'><strong>Paris.</strong></span> <span class='ocrx_word' id='word_1_830' title='bbox 765 5298 959 5352; x_wconf 83' lang='grc' dir='ltr'>Ἰακώὸ</span> <span class='ocrx_word' id='word_1_831' title='bbox 990 5315 1070 5351; x_wconf 84' lang='grc' dir='ltr'><strong>σε.</strong></span> <span class='ocrx_word' id='word_1_832' title='bbox 1105 5297 1175 5351; x_wconf 86' lang='lat' dir='ltr'><strong>At</strong></span> <span class='ocrx_word' id='word_1_833' title='bbox 1204 5306 1310 5351; x_wconf 89' lang='lat' dir='ltr'><strong>tres</strong></span> <span class='ocrx_word' id='word_1_834' title='bbox 1354 5311 1484 5350; x_wconf 91' lang='lat' dir='ltr'><strong>mss.</strong></span> <span class='ocrx_word' id='word_1_835' title='bbox 1529 5295 1723 5350; x_wconf 81' lang='grc' dir='ltr'>Ἰακὼὸ</span> 
     </span>
    </p>
   </div>
   <div class='ocr_carea' id='block_1_106' title="bbox 217 5437 1725 5511">
    <p class='ocr_par' dir='ltr' id='par_1_106' title="bbox 217 5437 1725 5511">
     <span class='ocr_line' id='line_1_106' title="bbox 217 5437 1725 5511; baseline -0.004 -17"><span class='ocrx_word' id='word_1_836' title='bbox 217 5441 331 5510; x_wconf 87' lang='grc'>(10)</span> <span class='ocrx_word' id='word_1_837' title='bbox 360 5440 434 5494; x_wconf 86' lang='lat' dir='ltr'><strong>Ita</strong></span> <span class='ocrx_word' id='word_1_838' title='bbox 463 5452 668 5511; x_wconf 85' lang='lat' dir='ltr'><strong>septem</strong></span> <span class='ocrx_word' id='word_1_839' title='bbox 696 5454 826 5494; x_wconf 89' lang='lat' dir='ltr'><strong>mss.</strong></span> <span class='ocrx_word' id='word_1_840' title='bbox 870 5438 1048 5511; x_wconf 65' lang='lat' dir='ltr'><strong>Editi</strong></span> <span class='ocrx_word' id='word_1_841' title='bbox 1063 5451 1193 5511; x_wconf 74' lang='lat' dir='ltr'><strong>vero</strong></span> <span class='ocrx_word' id='word_1_842' title='bbox 1219 5438 1460 5511; x_wconf 78' lang='grc' dir='ltr'>τήρησον</span> <span class='ocrx_word' id='word_1_843' title='bbox 1482 5437 1582 5511; x_wconf 70' lang='grc' dir='ltr'><strong>τᾲς</strong></span> <span class='ocrx_word' id='word_1_844' title='bbox 1626 5438 1725 5507; x_wconf 77' lang='grc' dir='ltr'>τῆς</span> 
     </span>
    </p>
   </div>
   <div class='ocr_carea' id='block_1_107' title="bbox 141 5506 1725 5581">
    <p class='ocr_par' dir='ltr' id='par_1_107' title="bbox 141 5506 1725 5581">
     <span class='ocr_line' id='line_1_107' title="bbox 141 5506 1725 5581; baseline -0.004 -17"><span class='ocrx_word' id='word_1_845' title='bbox 141 5506 293 5581; x_wconf 77' lang='grc' dir='ltr'>ζωῆς</span> <span class='ocrx_word' id='word_1_846' title='bbox 314 5506 555 5574; x_wconf 75' lang='grc' dir='ltr'>ἐντολάς.</span> <span class='ocrx_word' id='word_1_847' title='bbox 594 5513 788 5581; x_wconf 81' lang='lat' dir='ltr'><strong>Statim</strong></span> <span class='ocrx_word' id='word_1_848' title='bbox 818 5507 1183 5581; x_wconf 67' lang='lat' dir='ltr'><strong>editii_i_Bas_il.</strong></span> <span class='ocrx_word' id='word_1_849' title='bbox 1218 5506 1544 5581; x_wconf 74' lang='lat' dir='ltr'><strong>etnonnulii</strong></span> <span class='ocrx_word' id='word_1_850' title='bbox 1590 5506 1725 5560; x_wconf 73' lang='lat' dir='ltr'><strong>mss.</strong></span> 
     </span>
    </p>
   </div>
   <div class='ocr_carea' id='block_1_108' title="bbox 140 5578 1725 5652">
    <p class='ocr_par' dir='ltr' id='par_1_108' title="bbox 140 5578 1725 5652">
     <span class='ocr_line' id='line_1_108' title="bbox 140 5578 1725 5652; baseline -0.001 -20"><span class='ocrx_word' id='word_1_851' title='bbox 140 5578 398 5650; x_wconf 79' lang='grc' dir='ltr'>γλῶσσάν</span> <span class='ocrx_word' id='word_1_852' title='bbox 626 5580 776 5652; x_wconf 82' lang='grc' dir='ltr'>χείλη</span> <span class='ocrx_word' id='word_1_853' title='bbox 814 5597 928 5633; x_wconf 91' lang='grc' dir='ltr'>σου.</span> <span class='ocrx_word' id='word_1_854' title='bbox 960 5578 1165 5652; x_wconf 81' lang='lat' dir='ltr'><strong>Vocula</strong></span> <span class='ocrx_word' id='word_1_855' title='bbox 1196 5595 1290 5631; x_wconf 88' lang='grc' dir='ltr'><strong>σου</strong></span> <span class='ocrx_word' id='word_1_856' title='bbox 1320 5578 1472 5631; x_wconf 86' lang='lat' dir='ltr'><strong>deest</strong></span> <span class='ocrx_word' id='word_1_857' title='bbox 1508 5578 1561 5631; x_wconf 89' lang='lat' dir='ltr'><strong>in</strong></span> <span class='ocrx_word' id='word_1_858' title='bbox 1612 5581 1725 5633; x_wconf 85' lang='lat' dir='ltr'><strong>edi-</strong></span> 
     </span>
    </p>
   </div>
   <div class='ocr_carea' id='block_1_109' title="bbox 142 5650 1327 5718">
    <p class='ocr_par' dir='ltr' id='par_1_109' title="bbox 142 5650 1327 5718">
     <span class='ocr_line' id='line_1_109' title="bbox 142 5650 1327 5718; baseline -0.006 -11"><span class='ocrx_word' id='word_1_859' title='bbox 142 5655 293 5707; x_wconf 82' lang='lat' dir='ltr'><strong>tione</strong></span> <span class='ocrx_word' id='word_1_860' title='bbox 322 5652 492 5705; x_wconf 80' lang='lat' dir='ltr'><strong>Paris.</strong></span> <span class='ocrx_word' id='word_1_861' title='bbox 526 5664 579 5704; x_wconf 81' lang='lat' dir='ltr'><strong>ct</strong></span> <span class='ocrx_word' id='word_1_862' title='bbox 608 5650 659 5705; x_wconf 79' lang='lat' dir='ltr'><strong>in</strong></span> <span class='ocrx_word' id='word_1_863' title='bbox 689 5650 811 5704; x_wconf 87' lang='lat' dir='ltr'><strong>aliis</strong></span> <span class='ocrx_word' id='word_1_864' title='bbox 841 5650 1164 5718; x_wconf 85' lang='lat' dir='ltr'><strong>quihusdam</strong></span> <span class='ocrx_word' id='word_1_865' title='bbox 1196 5664 1327 5702; x_wconf 88' lang='lat' dir='ltr'><strong>mss.</strong></span> 
     </span>
    </p>
   </div>
   <div class='ocr_carea' id='block_1_110' title="bbox 218 5716 1717 5791">
    <p class='ocr_par' dir='ltr' id='par_1_110' title="bbox 218 5716 1717 5791">
     <span class='ocr_line' id='line_1_110' title="bbox 218 5716 1717 5791; baseline -0.001 -18"><span class='ocrx_word' id='word_1_866' title='bbox 218 5720 330 5791; x_wconf 79' lang='lat' dir='ltr'><strong>(ll)</strong></span> <span class='ocrx_word' id='word_1_867' title='bbox 360 5721 552 5778; x_wconf 79' lang='lat' dir='ltr'><strong>Nostra</strong></span> <span class='ocrx_word' id='word_1_868' title='bbox 598 5723 761 5779; x_wconf 89' lang='lat' dir='ltr'><strong>editio</strong></span> <span class='ocrx_word' id='word_1_869' title='bbox 798 5716 968 5776; x_wconf 76' lang='lat' dir='ltr'><strong>Paris.</strong></span> <span class='ocrx_word' id='word_1_870' title='bbox 1008 5717 1561 5788; x_wconf 82' lang='grc' dir='ltr'>καθυποκλινομένην.</span> <span class='ocrx_word' id='word_1_871' title='bbox 1593 5716 1717 5772; x_wconf 72' lang='grc' dir='ltr'>Ειίί-</span> 
     </span>
    </p>
   </div>
   <div class='ocr_carea' id='block_1_111' title="bbox 823 5158 2447 5225">
    <p class='ocr_par' dir='ltr' id='par_1_111' title="bbox 823 5158 2447 5225">
     <span class='ocr_line' id='line_1_111' title="bbox 823 5158 2447 5225; baseline -0.003 -9"><span class='ocrx_word' id='word_1_872' title='bbox 823 5162 866 5195; x_wconf 87' lang='grc'>⁷¹</span> <span class='ocrx_word' id='word_1_873' title='bbox 900 5163 917 5215; x_wconf 95' lang='lat' dir='ltr'><strong>l</strong></span> <span class='ocrx_word' id='word_1_874' title='bbox 953 5161 1079 5216; x_wconf 91' lang='lat' dir='ltr'><strong>Cor.</strong></span> <span class='ocrx_word' id='word_1_875' title='bbox 1126 5177 1223 5225; x_wconf 82' lang='lat' dir='ltr'><strong>vn,</strong></span> <span class='ocrx_word' id='word_1_876' title='bbox 1258 5160 1345 5214; x_wconf 82' lang='grc'>51.</span> <span class='ocrx_word' id='word_1_877' title='bbox 1423 5160 1467 5191; x_wconf 79' lang='grc' dir='ltr'><strong>τ’</strong></span> <span class='ocrx_word' id='word_1_878' title='bbox 1511 5159 1674 5213; x_wconf 86' lang='lat' dir='ltr'><strong>Hebr.</strong></span> <span class='ocrx_word' id='word_1_879' title='bbox 1721 5174 1774 5223; x_wconf 71' lang='grc' dir='ltr'><strong>τ,</strong></span> <span class='ocrx_word' id='word_1_880' title='bbox 1818 5160 1870 5212; x_wconf 92' lang='grc'><strong>1.</strong></span> <span class='ocrx_word' id='word_1_881' title='bbox 1947 5158 2177 5213; x_wconf 81' lang='lat' dir='ltr'><strong>&quot;Joan.</strong></span> <span class='ocrx_word' id='word_1_882' title='bbox 2212 5173 2324 5222; x_wconf 78' lang='lat' dir='ltr'><strong>xlv,</strong></span> <span class='ocrx_word' id='word_1_883' title='bbox 2356 5158 2447 5211; x_wconf 65' lang='grc' dir='ltr'><strong>ΞΒ.</strong></span> 
     </span>
    </p>
   </div>
   <div class='ocr_carea' id='block_1_112' title="bbox 2524 5155 3027 5219">
    <p class='ocr_par' dir='ltr' id='par_1_112' title="bbox 2524 5155 3027 5219">
     <span class='ocr_line' id='line_1_112' title="bbox 2524 5155 3027 5219; baseline 0 -9"><span class='ocrx_word' id='word_1_884' title='bbox 2524 5156 2571 5188; x_wconf 67' lang='grc'>⁷⁸</span> <span class='ocrx_word' id='word_1_885' title='bbox 2600 5157 2791 5211; x_wconf 81' lang='lat' dir='ltr'><strong>Matth.</strong></span> <span class='ocrx_word' id='word_1_886' title='bbox 2810 5170 2910 5219; x_wconf 78' lang='lat' dir='ltr'><strong>xu,</strong></span> <span class='ocrx_word' id='word_1_887' title='bbox 2940 5155 3027 5210; x_wconf 79' lang='grc'><strong>57.</strong></span> 
     </span>
    </p>
   </div>
   <div class='ocr_carea' id='block_1_113' title="bbox 1834 5290 3406 5365">
    <p class='ocr_par' dir='ltr' id='par_1_113' title="bbox 1834 5290 3406 5365">
     <span class='ocr_line' id='line_1_113' title="bbox 1834 5290 3406 5365; baseline 0 -20"><span class='ocrx_word' id='word_1_888' title='bbox 1834 5297 1905 5365; x_wconf 80' lang='lat' dir='ltr'><strong>lio</strong></span> <span class='ocrx_word' id='word_1_889' title='bbox 1931 5293 2095 5349; x_wconf 84' lang='lat' dir='ltr'><strong>Basil.</strong></span> <span class='ocrx_word' id='word_1_890' title='bbox 2126 5293 2696 5365; x_wconf 80' lang='grc' dir='ltr'>καθυποκριναμένην.</span> <span class='ocrx_word' id='word_1_891' title='bbox 2738 5293 2808 5346; x_wconf 86' lang='lat' dir='ltr'><strong>At</strong></span> <span class='ocrx_word' id='word_1_892' title='bbox 2844 5309 2972 5347; x_wconf 86' lang='lat' dir='ltr'><strong>mss.</strong></span> <span class='ocrx_word' id='word_1_893' title='bbox 3011 5290 3406 5363; x_wconf 68' lang='grc' dir='ltr'>καθυποκρινοο</span> 
     </span>
    </p>
   </div>
   <div class='ocr_carea' id='block_1_114' title="bbox 1828 5364 2013 5435">
    <p class='ocr_par' dir='ltr' id='par_1_114' title="bbox 1828 5364 2013 5435">
     <span class='ocr_line' id='line_1_114' title="bbox 1828 5364 2013 5435; baseline -0.016 -18"><span class='ocrx_word' id='word_1_894' title='bbox 1828 5364 2013 5435; x_wconf 80' lang='grc' dir='ltr'>μένην.</span> 
     </span>
    </p>
   </div>
   <div class='ocr_carea' id='block_1_115' title="bbox 1898 5430 3404 5501">
    <p class='ocr_par' dir='ltr' id='par_1_115' title="bbox 1898 5430 3404 5501">
     <span class='ocr_line' id='line_1_115' title="bbox 1898 5430 3404 5501; baseline -0.003 -15"><span class='ocrx_word' id='word_1_895' title='bbox 1898 5430 2009 5501; x_wconf 67' lang='grc'>(1⁸2)</span> <span class='ocrx_word' id='word_1_896' title='bbox 2036 5433 2212 5486; x_wconf 76' lang='grc' dir='ltr'><strong>Εείὶιίο</strong></span> <span class='ocrx_word' id='word_1_897' title='bbox 2243 5432 2409 5487; x_wconf 80' lang='lat' dir='ltr'><strong>Basil.</strong></span> <span class='ocrx_word' id='word_1_898' title='bbox 2447 5443 2501 5487; x_wconf 88' lang='lat' dir='ltr'><strong>ct</strong></span> <span class='ocrx_word' id='word_1_899' title='bbox 2547 5443 2654 5488; x_wconf 85' lang='lat' dir='ltr'><strong>tres</strong></span> <span class='ocrx_word' id='word_1_900' title='bbox 2697 5446 2828 5487; x_wconf 89' lang='lat' dir='ltr'><strong>mss.</strong></span> <span class='ocrx_word' id='word_1_901' title='bbox 2856 5431 2965 5485; x_wconf 84' lang='grc' dir='ltr'>τῶν</span> <span class='ocrx_word' id='word_1_902' title='bbox 3008 5431 3116 5485; x_wconf 82' lang='grc' dir='ltr'><strong>άπὸ</strong></span> <span class='ocrx_word' id='word_1_903' title='bbox 3149 5430 3404 5501; x_wconf 87' lang='grc' dir='ltr'>γλώσσης</span> 
     </span>
    </p>
   </div>
   <div class='ocr_carea' id='block_1_116' title="bbox 1826 5500 3401 5573">
    <p class='ocr_par' dir='ltr' id='par_1_116' title="bbox 1826 5500 3401 5573">
     <span class='ocr_line' id='line_1_116' title="bbox 1826 5500 3401 5573; baseline -0.002 -17"><span class='ocrx_word' id='word_1_904' title='bbox 1826 5500 2202 5573; x_wconf 81' lang='grc' dir='ltr'>πταισμάτων.</span> <span class='ocrx_word' id='word_1_905' title='bbox 2261 5504 2439 5557; x_wconf 70' lang='grc' dir='ltr'>Ειίίιιο</span> <span class='ocrx_word' id='word_1_906' title='bbox 2492 5504 2663 5558; x_wconf 80' lang='lat' dir='ltr'><strong>Paris.</strong></span> <span class='ocrx_word' id='word_1_907' title='bbox 2692 5503 2800 5557; x_wconf 79' lang='grc' dir='ltr'><strong>τῶν</strong></span> <span class='ocrx_word' id='word_1_908' title='bbox 2845 5502 2953 5573; x_wconf 79' lang='grc' dir='ltr'>ἀπὸ</span> <span class='ocrx_word' id='word_1_909' title='bbox 3004 5502 3101 5572; x_wconf 83' lang='grc' dir='ltr'><strong>τῆς</strong></span> <span class='ocrx_word' id='word_1_910' title='bbox 3149 5500 3401 5572; x_wconf 89' lang='grc' dir='ltr'>γλώσσης</span> 
     </span>
    </p>
   </div>
   <div class='ocr_carea' id='block_1_117' title="bbox 1821 5572 3043 5641">
    <p class='ocr_par' dir='ltr' id='par_1_117' title="bbox 1821 5572 3043 5641">
     <span class='ocr_line' id='line_1_117' title="bbox 1821 5572 3043 5641; baseline -0.005 -13"><span class='ocrx_word' id='word_1_911' title='bbox 1821 5592 1912 5628; x_wconf 87' lang='grc' dir='ltr'><strong>πτ.</strong></span> <span class='ocrx_word' id='word_1_912' title='bbox 1954 5572 2057 5626; x_wconf 86' lang='lat' dir='ltr'><strong>Alii</strong></span> <span class='ocrx_word' id='word_1_913' title='bbox 2090 5584 2323 5639; x_wconf 82' lang='lat' dir='ltr'><strong>quatuor</strong></span> <span class='ocrx_word' id='word_1_914' title='bbox 2345 5591 2475 5628; x_wconf 76' lang='lat' dir='ltr'><strong>mss.</strong></span> <span class='ocrx_word' id='word_1_915' title='bbox 2502 5573 2611 5627; x_wconf 83' lang='grc' dir='ltr'><strong>τῶν</strong></span> <span class='ocrx_word' id='word_1_916' title='bbox 2633 5576 2727 5629; x_wconf 85' lang='grc' dir='ltr'>ἀπ’</span> <span class='ocrx_word' id='word_1_917' title='bbox 2758 5572 2929 5641; x_wconf 72' lang='grc' dir='ltr'>αὐτῆς</span> <span class='ocrx_word' id='word_1_918' title='bbox 2955 5589 3043 5624; x_wconf 83' lang='grc' dir='ltr'><strong>πτ.</strong></span> 
     </span>
    </p>
   </div>
   <div class='ocr_carea' id='block_1_118' title="bbox 1818 5641 3409 5712">
    <p class='ocr_par' dir='ltr' id='par_1_118' title="bbox 1818 5641 3409 5712">
     <span class='ocr_line' id='line_1_118' title="bbox 1818 5641 3409 5712; baseline -0.005 -14"><span class='ocrx_word' id='word_1_919' title='bbox 1818 5656 1825 5665; x_wconf 84' lang='grc'><em>’</em></span> <span class='ocrx_word' id='word_1_920' title='bbox 1895 5643 2257 5712; x_wconf 77' lang='lat' dir='ltr'><strong>(l5)Codiccs</strong></span> <span class='ocrx_word' id='word_1_921' title='bbox 2296 5645 2535 5711; x_wconf 81' lang='lat' dir='ltr'><strong>quinque</strong></span> <span class='ocrx_word' id='word_1_922' title='bbox 2570 5662 2699 5702; x_wconf 90' lang='lat' dir='ltr'><strong>mss.</strong></span> <span class='ocrx_word' id='word_1_923' title='bbox 2757 5642 3054 5712; x_wconf 77' lang='grc' dir='ltr'>ἐπιορκίαι.</span> <span class='ocrx_word' id='word_1_924' title='bbox 3090 5641 3228 5695; x_wconf 79' lang='lat' dir='ltr'><strong>Editi</strong></span> <span class='ocrx_word' id='word_1_925' title='bbox 3274 5657 3409 5706; x_wconf 45' lang='lat' dir='ltr'><strong>cu...“</strong></span> 
     </span>
    </p>
   </div>
   <div class='ocr_carea' id='block_1_119' title="bbox 1822 5713 2476 5787">
    <p class='ocr_par' dir='ltr' id='par_1_119' title="bbox 1822 5713 2476 5787">
     <span class='ocr_line' id='line_1_119' title="bbox 1822 5713 2476 5787; baseline 0 -18"><span class='ocrx_word' id='word_1_926' title='bbox 1822 5713 1951 5787; x_wconf 83' lang='lat' dir='ltr'><strong>Reg.</strong></span> <span class='ocrx_word' id='word_1_927' title='bbox 1986 5724 2177 5770; x_wconf 81' lang='lat' dir='ltr'><strong>ouarto</strong></span> <span class='ocrx_word' id='word_1_928' title='bbox 2204 5715 2476 5785; x_wconf 78' lang='grc' dir='ltr'>ἐπιορκία.</span> 
     </span>
    </p>
   </div>
  </div>
