3818 6220
425 296 533 358 375

1777 303 1836 359 S.
1878 303 2123 358 BASlLll
2160 302 2374 358 MAGNI

3595 301 3689 355 $76

502 420 588 477 l0.
627 422 787 475 Vens.
818 421 907 475 l5.
939 418 1156 473 Declina
1183 436 1217 473 a
1246 420 1407 482 malo,
1441 430 1488 473 et
1526 418 1613 486 {ac
1644 420 1838 472 bonum
1871 435 1889 472 :
1918 419 2004 472 in-

2180 419 2266 472 10.
2307 421 2637 472 Ἕκκλινον
2666 418 2786 472 ἀπὸ
2829 417 3056 480 κακοῦ,
3092 418 3190 471 καί
3244 419 3525 485 ποίησον
3558 418 3693 486 ἀτα-

425 515 579 583 quire
607 528 812 576 pacem,
859 522 905 564 et
951 525 1261 581 persequere
1288 526 1425 564 eam.
1473 508 1857 564 Elementaria:
1882 517 2007 562 sunt

428 602 514 657 lue
544 600 961 665 admonitiones,
1001 609 1052 655 et
1083 600 1150 654 ad
1190 600 1443 668 pietatem
1474 600 1858 654 introducunt:
1884 599 2008 668 qui-

429 694 530 747 bus
558 696 850 747 edocemur
874 693 1113 765 linguam
1147 694 1437 763 diligenter
1462 695 1766 759 continere,
1794 708 1826 747 a
1855 692 2005 747 dolo-

426 784 505 836 sis
540 783 751 839 insidiis
779 785 1074 851 abstinere,
1107 800 1139 839 a
1186 785 1331 841 malo
1370 786 1663 841 declinare.
1699 783 1818 840 Non
1862 784 2007 839 enim

429 871 672 939 perfecto
706 874 964 928 convenit
997 875 1325 929 abstinentia
1383 874 1513 929 mali
1546 889 1563 928 :
1613 875 1709 930 sed
1740 888 1864 929 eum
1914 873 2007 941 qui

432 979 624 1019 recens
671 965 953 1021 elementis
1002 968 1330 1032 instituitur,
1362 966 1430 1022 ab
1463 967 1555 1022 illo
1587 967 1639 1021 in
1668 967 1868 1021 malum
1908 968 2005 1021 im-

430 1066 555 1125 pelu
588 1058 802 1113 resilire
826 1074 1006 1129 operae
1040 1060 1270 1128 pretium
1293 1068 1398 1121 est.
1429 1067 1593 1128 atque
1618 1072 1647 1112 a
1678 1071 1858 1128 pravas
1885 1057 2009 1111 vitm

429 1147 822 1202 consuetudine
872 1150 1017 1202 velut
1062 1164 1092 1202 a
1140 1150 1224 1202 via
1277 1148 1415 1202 mala
1472 1148 1842 1203 discedentem
1871 1188 1888 1212 ,
1937 1149 2008 1201 ita

429 1238 648 1293 demum
676 1239 942 1295 honorum
975 1256 1202 1308 operum
1231 1241 1559 1296 exercitium
1587 1240 1832 1311 aggredi.
1853 1239 2008 1293 Enim

430 1343 564 1384 vero
593 1332 698 1385 nisi
731 1334 854 1402 quis
894 1334 1042 1404 prius
1078 1335 1299 1389 omnino
1337 1334 1628 1389 desciverit
1663 1350 1731 1389 ac
1766 1333 2008 1388 declina-

433 1422 628 1475 verita
656 1423 816 1488 malo,
843 1425 1041 1479 bonum
1079 1426 1295 1494 assequi
1325 1441 1430 1480 non
1460 1434 1637 1494 potest
1664 1443 1678 1478 :
1705 1425 1863 1479 sicuti
1894 1425 2010 1478 licri

434 1527 540 1569 non
575 1523 753 1582 potest
808 1526 867 1569 ut
911 1518 1035 1586 quis
1077 1518 1368 1572 sanitatem
1417 1526 1737 1587 recuperet,
1781 1517 1885 1571 nisi
1920 1519 2013 1570 de-

432 1608 621 1675 pulsus
662 1609 882 1663 morbus
915 1612 986 1665 sit
1018 1626 1031 1663 :
1093 1610 1180 1666 vel
1216 1619 1276 1665 ut
1311 1612 1434 1681 quis
1463 1611 1699 1675 caleﬁat,
1732 1610 1834 1664 nisi
1856 1608 2013 1679 plane

432 1700 679 1753 sedatum
725 1702 798 1753 sit
852 1702 1057 1771 frigus;
1100 1718 1275 1773 neque
1326 1704 1472 1758 enim
1507 1704 1620 1758 haec
1653 1701 1810 1756 simul
1840 1701 2013 1757 consi-

432 1802 582 1845 stere
611 1803 858 1861 possunt.
901 1794 1165 1850 Similiter
1196 1806 1249 1850 et
1280 1795 1372 1866 qui
1413 1796 1610 1849 bonam
1636 1797 1800 1848 vitam
1853 1808 2013 1865 agere

433 1883 605 1951 cupit,
634 1899 758 1938 eum
790 1901 889 1953 par
932 1895 1016 1941 est
1064 1889 1134 1943 ab
1172 1888 1323 1942 omni
1359 1889 1499 1942 ntalo
1532 1886 1810 1941 consortio
1864 1901 2013 1941 rece-

432 1973 586 2030 dere.
619 1974 835 2044 Inquire
851 1994 1056 2047 pacem,
1078 1989 1126 2032 et
1157 1971 1626 2049 persequere'eam.
1678 1976 1753 2031 De
1797 1977 1900 2030 hac
1925 1977 2012 2030 di-

433 2065 515 2120 xit
566 2065 823 2122 Dominus
856 2085 869 2121 :
920 2067 1116 2122 Pacem
1152 2069 1392 2140 relinquo
1434 2068 1599 2134 vobis,
1627 2084 1808 2137 pacem
1844 2082 2013 2121 meum

434 2160 503 2209 do
536 2157 717 2220 vobis;
761 2174 864 2211 non
892 2159 1158 2227 quomodo
1186 2162 1414 2212 mundus
1444 2160 1534 2212 dat
1557 2174 1761 2227 pacem,
1797 2173 1891 2226 ego
1944 2158 2012 2209 do

433 2247 578 2301 vobis
602 2246 672 2301 ⁷⁸.
711 2248 925 2317 Inquiro
950 2249 1112 2318 igitur
1138 2265 1325 2319 pacem
1362 2250 1666 2314 Domini,et
1692 2263 2015 2319 persequere

435 2354 576 2393 eam.
617 2341 969 2411 l’erseqneris
999 2355 1184 2398 autem
1213 2359 1319 2398 non
1351 2344 1530 2408 aliter,
1574 2359 1739 2412 quam
1787 2357 2014 2398 currens

435 2436 736 2489 secundum
798 2451 1022 2504 scopum
1070 2437 1137 2492 ad
1187 2437 1433 2492 bravium
1475 2452 1723 2505 supernae
1772 2435 2013 2490 vocatio-

435 2531 522 2584 nis
546 2531 616 2584 ⁷⁸.
666 2529 775 2586 Pax
805 2532 950 2586 enim
992 2547 1120 2587 vera
1149 2533 1203 2586 in
1249 2534 1500 2603 supernis
1530 2532 1766 2587 exsistit.
1799 2513 2013 2585 Etenim

436 2622 675 2690 quandiu
714 2623 780 2676 ad
828 2638 1051 2677 carnem
1104 2624 1319 2679 astricti
1355 2638 1562 2686 sumus,
1601 2624 1805 2686 multis,
1840 2623 2018 2690 iisque

438 2716 902 2781 perturbationem
942 2716 1097 2772 nobis
1124 2718 1457 2781 creantibus,
1492 2731 1683 2770 sumus
1710 2714 2013 2783 conjuncti.

435 2803 655 2874 Inquire
683 2807 848 2876 igitur
873 2822 1083 2877 pacem,
1109 2808 1437 2864 solutionem
1484 2809 1740 2863 videlicet
1769 2822 1798 2860 a
1833 2804 2016 2861 mundi

439 2901 806 2956 tumultibus:
850 2916 1104 2971 compara
1154 2912 1391 2958 mentem
1437 2904 1703 2974 quietam,
1746 2902 2015 2973 tranquil-

437 2990 546 3046 lum
578 2995 863 3061 quemdam
893 3003 950 3049 et
980 2994 1435 3063 imperturbatum
1475 2995 1643 3047 animi
1667 3003 1893 3058 statum,
1922 2994 2014 3061 qui

439 3097 616 3152 neque
644 3084 1033 3153 cupiditatibus
1063 3086 1328 3155 agitetur,
1363 3100 1539 3155 neque
1569 3086 1677 3139 huc
1698 3085 1827 3139 illuc
1852 3099 1883 3139 a
1911 3084 2005 3138 fal-

437 3176 515 3228 sis
541 3175 885 3244 dogmatibus
911 3191 1009 3247 per
1038 3177 1568 3233 verisimilitudinem
1621 3177 1688 3232 ad
1725 3192 2011 3232 assensum

439 3265 796 3324 invitantibus
852 3269 1118 3334 trahatur,
1158 3269 1252 3323 Dei
1296 3281 1354 3324 ut
1400 3286 1589 3340 pacem
1630 3281 1971 3337 consequare
1997 3307 2013 3331 ,

437 3374 560 3428 qua:
592 3375 809 3415 omnem
842 3375 1134 3433 exsuperat
1165 3366 1501 3421 intellectmn
1531 3364 1601 3430 ⁷⁷,
1633 3373 1895 3431 tuumque
1922 3376 2017 3415 cor

437 3450 692 3504 custodit.
739 3449 839 3517 Qui
893 3454 1089 3522 quaerit
1133 3470 1346 3525 pacem,
1409 3454 1683 3509 Christum
1737 3450 2014 3521 inquirit:

437 3544 565 3613 quia
596 3544 710 3612 ipse
737 3554 822 3600 est
842 3560 945 3614 pax
978 3557 1163 3601 nostra
1201 3561 1217 3601 :
1247 3548 1338 3618 qui
1371 3546 1506 3602 duos
1539 3546 1591 3599 in
1623 3559 1789 3598 unum
1820 3557 2016 3597 novum

441 3634 713 3689 hominem
742 3636 1005 3704 condidit,
1042 3637 1245 3693 faciens
1270 3652 1457 3707 pacem
1485 3636 1555 3700 ⁷⁸,
1586 3644 1752 3704 atque
1773 3647 1869 3703 per
1889 3645 2018 3686 san-

439 3726 656 3795 guinem
687 3727 864 3783 crucis
898 3741 1031 3794 suae,
1057 3730 1173 3783 sive
1196 3743 1317 3798 qua:
1354 3729 1406 3783 in
1438 3728 1616 3794 caelis,
1661 3726 1775 3780 sive
1804 3737 1923 3793 Quae
1966 3721 2018 3775 in

441 3822 586 3868 terra
616 3826 762 3881 sunt,
798 3816 1096 3886 paciﬁcans
1117 3819 1186 3870 τ’.

514 3904 772 3980 Η]εῆ
788 3907 2021 3978 Vens.16.0culiDominisuperjustas,etaures

440 3999 555 4068 ejus
585 4000 641 4052 in
671 4017 847 4067 preces
879 4017 1083 4055 eorum.
1116 4002 1583 4070 Quemadmodum
1607 4000 1784 4053 sancti
1824 4011 2020 4066 corpus

442 4101 568 4145 sunt
589 4092 816 4156 Christi,
837 4102 891 4148 et
924 4096 1169 4149 membra
1201 4109 1271 4150 ex
1299 4102 1485 4165 parte;
1510 4101 1567 4147 et
1599 4090 1777 4161 posuit
1805 4088 1949 4144 Deus
1970 4089 2020 4141 in

443 4182 687 4238 Ecclesia
711 4185 978 4254 quosdam
1012 4187 1234 4256 quidem
1259 4196 1320 4241 ut
1343 4185 1557 4248 oculos,
1593 4183 1858 4253 quosdam
1893 4194 2022 4235 vero

443 4283 502 4327 ut
535 4274 772 4345 linguas,
815 4277 953 4331 alios
975 4280 1066 4348 qui
1094 4294 1377 4344 manuum,
1414 4278 1554 4332 alios
1583 4276 1673 4344 qui
1713 4274 1910 4346 pedum
1941 4273 2022 4324 vi-

441 4381 560 4419 cem
600 4367 948 4421 obtineant”
985 4387 998 4423 :
1031 4370 1109 4424 sic
1146 4371 1311 4423 etiam
1340 4379 1544 4424 sanctae
1590 4368 1817 4421 virtutes
1865 4363 2025 4432 spiri-

443 4459 642 4528 tuales,
673 4468 729 4513 et
752 4460 803 4514 in
833 4462 1044 4517 cmlesti
1081 4461 1200 4517 loco
1226 4463 1585 4527 diversantes,
1613 4461 1731 4514 alite
1773 4458 2025 4513 dicuntur

522 4618 756 4697 "long.
785 4638 894 4689 XIV,
921 4623 1011 4678 ‘27.
1089 4626 1135 4657 "
1166 4626 1398 4697 Philipp.
1430 4641 1515 4691 Ill,
1551 4623 1638 4678 14.
1701 4623 1745 4653 ⁷⁷
1780 4619 2007 4687 Philipp.

2151 4610 2203 4663 7.
2281 4606 2326 4637 ⁷⁸
2356 4604 2553 4674 Ephes.
2581 4619 2642 4667 tt,
2691 4601 2780 4658 14.

445 4708 544 4756 xtl,
575 4690 780 4756 27,28.

663 4824 739 4906 _|ta
771 4840 864 4880 sex
897 4841 1028 4879 mss.
1063 4829 1133 4906 At
1153 4826 1287 4906 editi
1312 4826 1503 4906 τελείῳ
1538 4826 1914 4906 προσήκουσα,

462 4895 733 5017 i.tl'.“:’).ll.ta
769 4912 863 4949 sex
916 4913 1046 4951 mss.
1088 4899 1158 4951 At
1204 4898 1335 4953 editi
1369 4895 1671 4962 παντελῶς,
1700 4895 1861 4950 Seusu
1918 4907 2023 4947 non

484 4980 650 5016 lSSlml
680 4982 713 5017 l.

444 4980 713 5017 (llSSIﬂllll.

518 5033 631 5106 (l6)
688 5036 780 5090 Sic
813 5050 943 5091 mss.
991 5045 1219 5106 septem.
1257 5038 1398 5091 Editi
1424 5038 1518 5091 ἐπὶ
1550 5036 1633 5090 τό.
1671 5034 1793 5090 Mox
1823 5033 1954 5089 editi
1989 5036 2022 5105 ὴ

446 5103 697 5179 ἀληθινῇ.
736 5107 801 5179 At
826 5120 919 5158 sex
941 5103 1091 5179 Amss.
1126 5109 1159 5177 ἡ
1183 5108 1409 5179 ἀληθής.

520 5175 629 5245 (l7)
654 5174 800 5244 ltegii
833 5176 1021 5229 tertius
1038 5187 1092 5229 et
1114 5174 1480 5244 quartus'cum
1506 5176 1658 5230 Coll).
1682 5174 1912 5240 septimo
1938 5191 2029 5228 σα-

447 5244 844 5319 λευομένης...
874 5248 1324 5319 περιελκομένης.
1375 5251 1443 5303 At
1489 5247 1665 5319 Regii
1696 5246 1914 5319 quintus
1974 5254 2029 5299 et

450 5315 636 5369 sextus
662 5315 782 5369 cum
807 5315 960 5369 Colb.
993 5315 1148 5372 sexto
1163 5315 1354 5373 etcum
1390 5320 1547 5373 editis
1584 5315 2023 5383 σαλευομένην...

451 5354 636 5369 πμ...
808 5354 960 5369 νων.
993 5354 1145 5372 αιδην
1163 5354 1354 5373 ww...
1390 5354 1547 5373 wn...
1584 5354 1779 5369 wn---
1829 5354 1904 5366 ,η

451 5386 905 5456 περιελκομένην,
935 5403 1038 5442 non
1068 5390 1281 5444 diversa
1311 5389 1605 5444 sententia.
1644 5354 1845 5442 lbitleiit
1889 5354 2025 5456 [ξος.

454 5457 643 5528 tertius
674 5456 1196 5528 προσκαλουμένων.

523 5526 633 5599 (18)
665 5525 756 5581 Sic
786 5537 907 5599 octo
959 5525 1087 5582 mss.
1134 5530 1199 5582 At
1234 5527 1363 5582 editi
1395 5528 1585 5599 εἰρήνη
1609 5525 1788 5599 ἡμῶν.
1820 5525 2026 5599 verisi-

458 5596 585 5649 mile
621 5599 773 5652 nobis
805 5598 883 5659 lit,
920 5601 1060 5665 quod
1089 5615 1187 5653 usu
1215 5599 1398 5653 venire
1435 5595 1591 5662 solet,
1631 5595 1833 5654 ’vocem
1863 5595 2023 5666 ἡμῶν

460 5679 526 5717 ex
555 5666 764 5733 vulgato
797 5667 1089 5733 Scriptura:
1129 5678 1272 5722 textu
1305 5669 1540 5723 additam
1573 5684 1712 5724 esse.

543 5732 653 5805 (l9)
690 5737 829 5793 Editi
860 5732 1077 5809 ἐτέρους
1106 5738 1181 5797 δέ.
1217 5739 1412 5795 Vocula
1437 5737 1489 5793 δέ
1524 5739 1674 5795 deest
1708 5741 1761 5796 in
1816 5746 2020 5809 septem

2108 513 2250 565 θόν·
2289 509 2548 579 ζήτησον
2587 509 2856 577 εἰρήνην,
2890 509 2987 562 καὶ
3026 508 3242 573 ὄίωξον
3280 509 3510 576 αὐτήν.
3550 510 3692 562 Στοι-

2109 603 2352 674 χειώδεις
2375 605 2429 657 αἱ
2452 603 2827 673 παραινέσεις,
2848 604 2942 656 καὶ
2966 603 3255 670 είσαγωγοὶ
3280 604 3364 665 είς
3387 603 3692 656 εὐσέϐειαν-

2109 694 2434 766 ἀκριὸοῦσαι
2472 693 2721 764 γλώσσης
2749 696 2991 765 κρατεῖν,
3019 693 3251 765 δολερῶν
3285 692 3694 763 ἐπιϐουλευμά-

2111 804 2217 840 των
2251 786 2570 856 ἀπέχεσθαι,
2606 786 2873 839 ἐκκλίνειν
2898 786 3006 839 ἀπὸ
3033 785 3221 839 κακοῦ.
3260 786 3337 838 Οὐ
3369 784 3490 856 γὰρ
3512 785 3698 855 τελείῳ

2112 877 2397 948 πρέπουσα
2415 876 2524 948 (Η)
2564 878 2596 933 ἡ
2623 876 2802 947 ἀποχὴ
2820 876 2913 929 τοῦ
2944 875 3288 942 κακοῦ,ωά
3309 875 3392 945 τῷ
3409 876 3545 945 ἄρτι
3569 891 3700 928 στοι-

2111 970 2410 1040 χειουμένῳ
2441 968 2693 1022 ἐκνεῦσαι
2723 970 2988 1039 προσήκει
3015 968 3121 1021 ἀπὸ
3157 968 3257 1038 τῆς
3293 968 3393 1020 ἐπὶ
3428 967 3494 1019 τὸ
3533 967 3700 1020 κακὸν

2112 1059 2305 1128 φορᾶς,
2346 1057 2438 1111 καὶ
2468 1058 2629 1110 οἱονεὶ
2660 1056 2780 1110 ὁδοῦ
2818 1058 2990 1126 κακῆς
3018 1057 3114 1127 τῆς
3148 1060 3205 1110 ὲν
3228 1057 3309 1127 τῷ
3338 1056 3578 1127 πονηρῷ
3607 1056 3701 1125 βίῳ

2112 1150 2397 1221 συνηθείας
2422 1150 2822 1217 ἀπαλλαγέντα,
2847 1149 3016 1212 οὕτως
3034 1149 3268 1219 ἀψασθαι
3299 1149 3405 1219 τῆς
3432 1149 3550 1202 τῶν
3580 1150 3704 1216 ἀγα-

2112 1241 2220 1295 θῶν
2265 1243 2568 1313 ἐνεργείας.
2623 1244 2930 1314 ’Δμήχανον
2990 1243 3099 1315 γάρ
3136 1241 3383 1311 ἅψασθαι
3426 1242 3527 1294 τοῦ
3566 1244 3701 1310 ἀγα-

2112 1334 2205 1387 θοῦ
2232 1335 2305 1406 μὴ
2327 1336 2637 1389 ἀποστάντα
2661 1336 2923 1408 πρότερον
2949 1334 3223 1397 παντελῶς
3240 1335 3338 1388 καὶ
3358 1335 3531 1388 ὲκνεύ
3542 1352 3706 1388 σαντα

2110 1426 2206 1478 τοῦ
2250 1425 2421 1479 κακοῦ
2448 1442 2463 1455 ·
2508 1426 2583 1489 ὼς
2617 1428 2894 1496 ἀμήχανον
2927 1426 3111 1492 ὑγείαν
3152 1424 3455 1478 ἀναλαϐεῖν
3491 1425 3571 1495 μὴ
3614 1425 3709 1494 τῆς

2112 1518 2268 1571 νόσου
2298 1517 2682 1585 ἀπαλλαγέντα
2707 1535 2723 1551 σ
2750 1518 2782 1588 ἦ
2809 1520 2867 1571 ὲν
2893 1518 3183 1588 θερμότητι
3210 1516 3478 1585 γενέσθαι
3506 1517 3605 1568 τὸν
3640 1515 3711 1584 μὴ

2113 1609 2369 1681 καθαρῶς
2406 1611 2517 1679 (l5)
2567 1611 2916 1678 πεπαυμένον
2946 1611 3043 1679 τῆς
3070 1607 3431 1678 καταψύξεως
3455 1625 3470 1637 ·
3520 1609 3715 1660 ανεπί-

2115 1697 2277 1751 δεκτα
2300 1698 2408 1768 γάρ
2438 1698 2609 1751 ταῦτα
2653 1697 2920 1768 ἀλλήλοις.
2966 1700 3121 1751 Οὕτω
3168 1699 3261 1751 καὶ
3303 1699 3401 1751 τὸν
3440 1698 3715 1768 μέλλοντα

2046 1771 2087 1826 Β
2117 1792 2175 1842 ὲν
2214 1790 2405 1861 ἀγαθῷ
2454 1790 2551 1861 βίῳ
2583 1790 2835 1859 γενέσθαι
2871 1791 3051 1861 πάσης
3088 1792 3354 1861 προσήκει
3382 1792 3494 1862 τῆς
3523 1794 3627 1844 ἐπὶ
3656 1792 3716 1845 τὸ

2115 1883 2285 1936 κακὸν
2321 1883 2613 1951 συναφείας
2655 1882 3052 1951 ἀπαλλαγῆναι.
3110 1883 3393 1949 Ζήτησον
3432 1884 3714 1951 εἰρήνην,

2116 1974 2216 2028 καὶ
2258 1974 2475 2039 ὃίωξον
2503 1973 2713 2040 αὐτὴν.
2748 1975 2885 2044 Περὶ
2916 1974 3119 2043 ταύτης
3151 1975 3374 2045 εἴρηκεν
3416 1979 3449 2029 ὁ
3480 1977 3713 2047 Κύριος·

2115 2066 2381 2135 Εἰρήνην
2414 2068 2625 2137 ἀφίημι
2670 2066 2829 2135 ὑμῖν,
2876 2067 3124 2135 εἰρήνην
3165 2067 3280 2134 τὴν
3309 2067 3478 2136 ἐμὴν
3506 2068 3716 2137 δίδωμι

2114 2159 2257 2227 ὑμῖν
2281 2173 2292 2185 ·
2327 2161 2398 2212 οὺ
2426 2157 2620 2223 καθὼς
2658 2162 2689 2211 ό
2726 2161 2953 2227 κόσμος
2993 2159 3238 2213 δίδωσιν
3263 2160 3552 2228 εἰρήνην,

2115 2250 2322 2319 δίδωμι
2354 2250 2516 2319 ὑμῖν.
2565 2253 2805 2321 Ζήτησον
2839 2247 2932 2304 οὖν
2972 2251 3069 2321 τὴν
3096 2250 3190 2305 τοῦ
3218 2252 3437 2321 Κυρίου
3466 2255 3714 2322 εἰρήνην,

2116 2344 2211 2397 καὶ
2242 2342 2429 2407 δίωξον
2457 2344 2645 2413 αὐτήν,
2680 2342 2897 2408 Διώξεις
2927 2344 2984 2396 δὲ
3014 2344 3113 2396 οὐκ
3137 2342 3312 2406 ἄλλως
3343 2344 3377 2414 ἧ
3408 2345 3563 2398 κατά
3598 2361 3718 2397 σκο-

2116 2434 2217 2486 πον
2262 2434 2471 2504 τρέχων
2515 2434 2593 2495 εἰς
2623 2433 2683 2485 τὸ
2714 2434 2825 2505 (lli)
2860 2433 3109 2504 βραϐεῖον
3145 2435 3242 2502 τῆς
3285 2435 3405 2488 ἀνω
3441 2435 3714 2506 κλήσεως.

2119 2529 2267 2579 -Ανω
2297 2528 2404 2596 γάρ
2431 2529 2634 2597 ἐστινὴ
2667 2527 2856 2597 eam
2885 2528 2917 2596 ἡ
2945 2526 3171 2596 ἀληθής·
3207 2527 3364 2579 ἐπακ
3396 2530 3531 2582 ὅσον
3566 2547 3631 2597 τε

2119 2621 2283 2691 σαρκὶ
2315 2619 2671 2690 συνδεόέμεθα
2697 2619 2908 2688 χρόνον,
2936 2619 3149 2682 πολλοῖς
3176 2620 3268 2672 καὶ
3294 2623 3413 2684 τοῖς
3450 2623 3715 2694 satrapis.

2120 2727 2301 2762 σουσιν
2339 2710 2490 2779 ἡμᾶς
2540 2707 2964 2777 συνεζεύγμεθα.
3024 2708 3265 2778 Ζήτησον
3316 2706 3417 2763 οὖν
3467 2713 3714 2781 εἰρήνην,

2117 2800 2268 2853 λύσιν
2292 2800 2400 2852 τῶν
2431 2800 2523 2852 τοῦ
2554 2800 2758 2868 κόσμου
2788 2798 2981 2851 τούτου
3025 2797 3269 2869 θορύϐων
3296 2819 3308 2829 ι
3363 2802 3583 2871 κτῆσαι
3622 2821 3710 2871 τα-

2117 2894 2382 2963 ληνιῶντα
2422 2892 2567 2958 νοῦν,
2615 2893 2868 2962 ἀκύμονά
2911 2910 3034 2944 τινα
3082 2893 3174 2946 καὶ
3216 2893 3513 2963 ἀτάραχον
3552 2896 3715 2947 κατεὶ-

2120 3001 2307 3037 στασιν
2335 2984 2435 3054 τῆς
2456 2984 2654 3054 ψυχῆς,
2684 2985 2822 3054 μήτε
2847 2983 2951 3035 ὑπὸ
2973 2982 3159 3036 παθῶν
3182 2983 3573 3055 σαλευομένην
3592 2986 3715 3055 (17³,

2123 3080 2258 3147 μήτε
2302 3076 2407 3129 ὑπὸ
2457 3075 2567 3127 τῶν
2603 3073 2816 3144 ψευδῶν
2865 3073 3150 3143 δογμάτων
3196 3073 3284 3126 διὰ
3352 3075 3716 3143 πιθανότητος

2120 3168 2578 3239 προκαλουμένων
2609 3168 2687 3229 εἰς
2714 3162 3110 3233 συγκατάθεσιν
3133 3165 3609 3237 περιελκομένην,
3639 3166 3716 3218 ἵνα

2119 3265 2294 3334 κτήσῃ
2326 3260 2425 3331 τὴν
2448 3261 2669 3330 εἰρήνην
2700 3257 2795 3311 τοῦ
2824 3256 2957 3310 Θεοῦ
2988 3257 3088 3328 τὴν
3122 3258 3515 3327 ὑπερέχουσαν
3546 3260 3719 3313 πάντα

2118 3352 2263 3417 νοῦν,
2293 3350 2633 3423 φρουροῦσαν
2667 3349 2762 3420 τὴν
2803 3349 3029 3420 καρδίαν
3051 3366 3164 3402 σου.
3194 3351 3254 3403 ὐ
3282 3348 3478 3419 ζητῶν
3504 3353 3719 3423 εἰρήνην

2119 3444 2354 3516 Χριστὸν
2380 3444 2620 3513 ἐκζητεῖ,
2672 3443 2753 3494 ὅτι
2806 3440 2968 3503 αὐτός
3012 3442 3159 3494 ἐστιν
3187 3443 3220 3511 ἡ
3250 3443 3458 3512 εἰρήνη
3494 3444 3634 3512 (IS),
3668 3442 3721 3502 ὃς

2119 3536 2299 3590 ἔκτισε
2332 3537 2458 3598 τοὺς
2483 3534 2577 3587 δύο
2607 3535 2686 3596 είς
2717 3533 2813 3585 ἕνα
2828 3532 3010 3584 καινὸν
3031 3530 3341 3600 ἄνθρωπον,
3360 3533 3546 3586 ποιῶν
3579 3533 3722 3602 εἰρήο

2119 3645 2237 3698 νην,
2267 3625 2360 3679 καὶ
2393 3625 2811 3696 εἰρηνοποιήσας
2833 3621 2919 3674 διά
2948 3622 3041 3675 τοῦ
3082 3624 3316 3692 αἵματος
3336 3622 3439 3674 τοῦ
3481 3621 3717 3694 σταυροῦ

2120 3716 2309 3783 αὑτοῦ,
2343 3715 2453 3768 εἴτε
2485 3714 2554 3767 τὰ
2589 3716 2647 3766 ὲν
2671 3714 2785 3774 τοῖς
2808 3711 3058 3783 οὐρανοῖς
3082 3712 3193 3765 εἴτε
3217 3715 3286 3765 τά
3317 3715 3414 3766 ἐπὶ
3458 3715 3569 3784 τῆς
3600 3716 3716 3787 τῆς,

2196 3896 2280 3951 li.
2330 3897 2642 3965 Ὀφθαλμοὶ
2684 3898 2908 3964 Κυρίου
2959 3894 3057 3949 ἐπὶ
3112 3893 3411 3958 δικαίοις,
3455 3895 3563 3949 καὶ
3604 3890 3720 3949 ὦτα

2121 3989 2308 4044 αὑτοῦ
2348 3992 2436 4053 είς
2483 3988 2698 4056 δέησιν
2749 3987 2968 4041 αὐτῶν.
3011 3987 3223 4057 Ὠσπερ
3261 3987 3315 4038 οἱ
3371 3986 3529 4054 ἅγιοι
3566 3988 3721 4057 σῶμα

2122 4086 2229 4136 εἰσι
2261 4081 2498 4152 Χριστοῦ
2534 4081 2629 4134 καὶ
2663 4081 2799 4152 μέλη
2837 4082 2901 4133 ὲκ
2946 4080 3168 4149 μέρους·
3222 4080 3319 4132 καὶ
3344 4077 3511 4133 ἔθετο
3538 4082 3569 4133 ὁ
3592 4080 3721 4143 Θεὺς

2124 4176 2181 4227 ἐν
2212 4176 2279 4243 τῇ
2316 4171 2611 4242 Ἐκκλησία
2649 4171 2776 4233 τοὺς
2808 4170 2907 4241 μὲν
2929 4170 3259 4239 ὀφθαλμοὺς,
3292 4172 3422 4233 τοὺς
3458 4170 3523 4224 δὲ
3544 4171 3720 4239 γλώσ-

2126 4283 2245 4328 σας,
2293 4265 2512 4335 ἐτέρους
2542 4264 2649 4333 (19)
2690 4262 2781 4315 τὸν
2814 4262 2922 4314 τῶν
2962 4261 3192 4333 χειρῶν,
3248 4262 3344 4314 καὶ
3384 4261 3591 4326 ἄλλους
3630 4262 3719 4315 τὸν

2124 4359 2232 4412 τῶν
2262 4356 2437 4410 ποδῶν
2466 4354 2762 4426 ἐπέχοντας
2809 4354 2968 4422 λόγον
2989 4369 3003 4382 °
3035 4353 3177 4406 οὕτω
3211 4352 3306 4405 καὶ
3330 4355 3391 4406 αἱ
3426 4355 3590 4423 ἅγιαι
3628 4354 3717 4406 δυο

2126 4450 2321 4521 νάμεις
2352 4449 2406 4501 αἱ
2441 4446 2811 4517 πνευματικαὶ
2846 4447 2942 4498 καὶ
2984 4446 3111 4516 περὶ
3146 4444 3236 4498 τὸν
3273 4444 3540 4515 οὐράνιον
3564 4442 3714 4500 οὖσαι

2883 4601 2929 4634 τ’
2962 4600 3171 4655 Coloss.
3212 4615 3251 4655 ι.
3287 4598 3379 4652 ΞΟ.
3462 4599 3517 4631 ⁸⁸
3542 4598 3562 4652 l
3585 4599 3709 4656 Cor.

2056 4799 2098 4854 Ῑ)
2135 4830 2265 4867 mss.
2302 4811 2520 4867 Statim.
2551 4809 2637 4864 ubi
2672 4807 2799 4862 editi
2832 4807 3055 4861 confuse
3082 4805 3391 4876 ἐπισκοπὴν
3414 4806 3584 4876 ἡμῶν
3612 4824 3712 4861 πα-

2136 4881 2454 4954 ραδέχεσθαι
2487 4879 2520 4950 ἢ
2553 4878 2931 4954 πιστευθῆναι,
2955 4887 3085 4954 octo
3102 4893 3232 4928 mss.
3267 4878 3463 4954 melius
3484 4888 3542 4930 et
3586 4878 3711 4954 sim-

2134 4945 2323 5023 inaniis
2369 4945 2589 5023 habent
2620 4945 2924 5017 ἐπισκοπὴν
2962 4945 3126 5023 ίὴμῷν
3164 4945 3557 5023 πιστευθῆναι.
3586 4947 3711 5023 Qua

2136 5016 2317 5077 autem
2366 5021 2487 5089 ejus
2520 5022 2594 5073 rei
2639 5033 2804 5089 causa
2835 5016 3128 5089 exstiterit,
3158 5016 3385 5089 quilibet
3411 5019 3580 5082 paulo
3617 5019 3713 5089 bu-

2135 5094 2344 5146 inuuior
2374 5086 2534 5144 facile
2567 5088 2728 5142 videt.
2755 5087 3033 5141 Librarius
3064 5087 3244 5156 igitur,
3273 5086 3391 5139 sive
3414 5089 3565 5154 quod
3598 5087 3711 5154 ejus

2132 5178 2293 5229 quem
2344 5161 2687 5214 describebat
2736 5157 2856 5211 libri
2902 5158 3225 5229 scripturam
3273 5157 3411 5209 satis
3468 5167 3623 5210 certo
3651 5172 3711 5210 ac

2135 5226 2335 5301 liquido
2364 5229 2674 5301 perspicere
2708 5242 2813 5301 non
2861 5236 3064 5301 posset,
3092 5226 3479 5301 dubitaretque
3500 5229 3712 5301 ΔΙιος-αιι

2136 5296 2226 5356 illo
2262 5299 2420 5354 modo
2458 5296 2716 5368 scriptum
2759 5297 2918 5363 foret,
2952 5297 3069 5368 sive
3120 5298 3262 5363 quod
3294 5296 3442 5350 aliud
3499 5297 3555 5350 in
3596 5297 3712 5350 aliis

2136 5370 2542 5438 exemplaribus
2572 5366 2859 5438 scriptum
2897 5366 3192 5438 reperisset
3215 5405 3231 5427 ,
3268 5374 3568 5438 utrumque
3616 5382 3711 5434 po-

2136 5444 2265 5504 suit,
2298 5435 2353 5493 et
2384 5438 2647 5492 lectorum
2674 5435 2878 5506 judicio
2900 5436 3179 5503 permisit,
3214 5445 3398 5489 utrum
3425 5437 3613 5490 verius
3638 5438 3714 5487 vi-

2136 5508 2447 5565 dereturJd
2483 5509 2596 5562 ﬁeri
2620 5509 2834 5561 solitum
2858 5505 3065 5574 jamdiu
3099 5506 3284 5574 docuit
3307 5518 3502 5558 earum
3536 5520 3712 5560 rerum

2133 5583 2368 5649 optimus
2398 5580 2561 5649 judcx
2623 5572 2871 5630 Muretus
2926 5575 3119 5649 lib._xv_
3163 5572 3288 5649 Var.
3317 5574 3471 5642 ωσι,
3518 5592 3569 5631 e.
3624 5574 3710 5642 l6,

2132 5645 2284 5720 cujus
2320 5645 2485 5705 verba
2526 5649 2837 5705 exscribere
2865 5663 2970 5703 non
2994 5645 3386 5701 dubitavimus.
