3818 6220
136 323 256 378 577

1283 283 1571 379 nonius
1611 323 1681 378 IN
1716 325 1730 378 1

1842 322 2057 378 .LMUM
2094 320 2335 376 XXXIII.
3016 388 3017 397 γ
3307 321 3414 377 578

134 438 330 497 τόπον,
355 439 411 488 al
442 436 540 505 μέν
571 435 840 506 ὀφθαλμοὶ
873 437 1151 505 λέγονται,
1190 436 1268 508 τῷ
1297 437 1395 508 τὴν
1428 438 1730 508 ἐπισκοπὴν

1842 436 2000 502 oculi,
2026 438 2168 507 quod
2217 436 2589 492 concreditum
2631 435 2711 490 eis
2750 435 2822 490 sit
2855 449 3052 490 munus
3102 449 3200 490 nos
3246 436 3416 504 inspi-

136 526 304 598 ἡμῶν
327 523 701 596 πιστευθῆναι,
727 528 783 578 αἱ
811 527 867 579 δέ
886 521 1020 591 ὦτα.
1046 527 1123 597 τῷ
1153 527 1552 598 παραδέχεσθαι
1574 529 1605 597 ἡ
1615 528 1731 598 μῶν

134 618 245 681 τὰς
272 617 506 688 δεήσεις.
541 616 656 670 Νῦν
694 614 787 671 οὖν
831 616 930 689 τὴν
964 619 1266 690 ἐποπτικὴν
1297 618 1452 690 ἡμῶν
1479 618 1729 688 δύναμιν,

136 711 242 765 καὶ
278 711 381 781 τὴν
429 709 537 763 τῶν
588 710 757 780 εὐχῶν
805 711 1219 782 ἀντιληπτικὴν,
1269 711 1581 782 ὀφθαλμοὺς
1610 707 1730 764 εἷπε

139 801 241 855 καὶ
299 795 435 855 ὦτα.
495 801 813 869 Ὀρϐαλμοὶ
857 797 974 855 οὖν
1018 803 1241 870 Κυρίου
1286 803 1387 856 ἐπὶ
1438 803 1729 867 δικαίους,

137 895 245 948 καὶ
288 890 409 948 ὦτα
448 893 637 948 αὐτοῦ
679 897 767 959 εὶς
807 892 1022 960 δέησιν
1062 895 1279 948 αὐτῶν.
1327 896 1543 967 Ἐπειδὴ
1584 897 1732 949 πᾶσα

140 985 347 1058 πρᾶξις
383 985 477 1038 τοῦ
517 986 727 1039 δικαίου
764 985 889 1049 ἀξία
919 986 1016 1056 τῆς
1051 985 1285 1057 θεωρίας
1313 986 1405 1039 τοῦ
1442 987 1599 1049 Θεοῦ,
1635 987 1729 1040 καὶ

137 1078 254 1130 πᾶν
308 1077 488 1147 ῥῆμα,
546 1075 625 1146 τῷ
681 1076 846 1147 μηδὲν
904 1075 1090 1146 ἀργῶς
1147 1076 1400 1145 λέγεσθαι
1443 1078 1594 1149 παρά
1638 1078 1732 1130 τοῦ

138 1170 378 1232 δικαίου,
420 1169 638 1240 ἐνεργόν
680 1171 798 1221 ἐστι
831 1169 923 1221 καὶ
956 1167 1295 1240 ἔμπρακτον,
1331 1169 1420 1222 διά
1460 1169 1620 1222 τοῦτο
1648 1169 1735 1222 ἀεὶ

141 1260 450 1333 ὲφορᾶσθαι
478 1261 573 1314 καὶ
610 1261 695 1316 ἀεὶ
726 1261 1105 1315 είσακούεσθαι
1135 1260 1225 1314 τὸν
1261 1261 1469 1315 δίκαιον
1509 1265 1537 1315 ὁ
1577 1262 1736 1330 λόγος

143 1354 301 1423 φησί.
338 1355 669 1421 Πρόσωπον
709 1352 778 1405 δὲ
808 1353 1031 1420 Κυρίου
1061 1352 1158 1406 ἐπὶ
1195 1353 1519 1419 ποιοῦντας
1559 1354 1733 1421 κακὰ,

140 1445 257 1499 τοῦ
292 1444 719 1512 ἑξολοθρεῦσαι
744 1444 813 1497 ἐκ
846 1443 960 1514 γῆς
991 1444 1058 1498 τὸ
1085 1446 1487 1513 μνημόσυνον
1512 1445 1733 1500 αὐτῶν.

143 1530 448 1603 Πρόσωπον
495 1529 605 1598 (20)
659 1524 811 1599 οἶμαι
862 1529 962 1600 τὴν
1016 1530 1582 1602 πεπαρρησιασμένην
1641 1530 1737 1584 καὶ

147 1622 397 1693 φανερὰν
426 1620 520 1674 τοῦ
560 1622 769 1690 Κυρίου
796 1621 1091 1692 ἐπιδημίαν
1124 1621 1222 1691 τὴν
1248 1622 1339 1673 ἐπὶ
1370 1621 1469 1692 τῆς
1502 1620 1737 1693 κρίσεως

143 1714 425 1785 λέγεσθαι.
458 1712 549 1766 Διὸ
579 1713 672 1766 καὶ
699 1714 970 1783 ὀφθαλμοὶ
997 1714 1225 1785 Κυρίου,
1249 1713 1324 1776 ὡς
1346 1712 1426 1765 ἔτι
1459 1713 1572 1782 (21)
1606 1713 1738 1784 πόρ-

1833 529 2035 593 ciendi,
2065 529 2186 582 alia:
2216 542 2396 592 aures,
2429 527 2573 597 quod
2605 537 2824 582 nostras
2881 542 3073 597 preces
3111 528 3406 598 excipiant.

1832 617 1987 673 Nunc
2010 618 2175 687 igitur
2198 618 2497 688 potentiam
2529 631 2649 686 quas
2688 632 2788 672 nos
2842 617 3082 686 inspicit,
3137 629 3191 674 et
3226 629 3408 688 poten-

1836 711 1966 764 tiam
2019 724 2138 778 qua:
2190 724 2377 779 preces
2413 709 2661 777 suscipit,
2717 710 2908 765 oculos
2961 711 3099 764 dixit
3147 721 3203 765 et
3228 708 3415 769 aures.

1835 801 1992 855 Oculi
2039 803 2204 871 igitur
2243 800 2460 854 Domini
2506 817 2665 868 super
2688 800 2886 870 justas,
2939 812 2986 855 et
3037 819 3193 857 aures
3219 804 3332 873 ejus
3361 805 3417 857 in

1833 911 2010 964 preces
2033 910 2234 948 eorum.
2270 894 2535 959 Quoniam
2572 896 2747 946 omnis
2773 893 2904 962 justi
2934 896 3078 949 actio
3119 897 3281 966 digna
3327 906 3411 951 est

1834 1001 1956 1054 quae
1988 1001 2016 1037 a
2049 985 2154 1038 Deo
2183 985 2525 1053 inspiciatur,
2562 992 2616 1039 et.
2649 1000 2812 1041 omne
2842 987 3093 1052 verbum,
3123 1001 3246 1040 cum
3278 987 3414 1042 nihil

1835 1080 2008 1131 otiose
2033 1093 2061 1129 a
2102 1076 2250 1145 justo
2282 1076 2519 1142 dicatur,
2558 1087 2838 1132 actuosum
2887 1088 2972 1131 est
3004 1086 3061 1131 et
3092 1077 3302 1145 eﬂicax,
3330 1080 3416 1133 id-

1837 1170 1983 1223 circo
2006 1168 2207 1238 justum
2261 1182 2475 1235 semper
2507 1169 2751 1237 conspici
2810 1178 2864 1223 et
2903 1184 3118 1239 semper
3165 1170 3414 1225 exaudiri

1836 1260 1952 1315 haec
1981 1260 2072 1313 illa
2103 1261 2265 1313 verba
2290 1261 2504 1313 docent.
2533 1259 2721 1333 (Vens.
2749 1260 2861 1333 I7.)
2897 1258 3085 1314 Vultus
3102 1272 3274 1315 autem
3309 1261 3422 1317 Do-

1836 1353 1966 1406 mini
2015 1369 2172 1421 super
2206 1353 2458 1420 facientes
2503 1354 2670 1419 mala,
2711 1364 2769 1408 ut
2808 1355 2994 1422 perdat
3043 1356 3108 1409 de
3138 1365 3278 1408 terra
3309 1370 3418 1410 me-

1836 1446 2060 1498 moriam
2117 1461 2321 1498 eorum.
2381 1445 2638 1501 Arbitror
2663 1456 2910 1516 apertum
2957 1462 3022 1500 ac
3061 1446 3414 1517 cottspicuum

1840 1537 2052 1591 Domini
2088 1536 2155 1590 ad
2201 1538 2464 1605 judicium
2517 1540 2808 1593 adventum
2857 1539 2964 1593 dici
2999 1538 3232 1592 vultum.
3272 1538 3419 1605 Qua-

1838 1637 2056 1696 propter
2081 1637 2133 1681 et
2182 1627 2322 1681 oculi
2378 1627 2611 1694 Domini,
2650 1627 2798 1682 velut
2838 1627 3014 1683 adhuc
3061 1628 3281 1683 eminus
3310 1642 3416 1685 nos

1841 1718 2200 1787 inspicientis,
2233 1718 2439 1788 justum
2470 1718 2671 1774 intueri
2698 1720 2953 1773 dicuntur
2980 1720 3026 1752 ⁸⁸
3051 1738 3066 1786 ;
3093 1720 3208 1789 ipse
3234 1727 3417 1776 autem

147 1808 327 1880 ῥωθεν
364 1806 789 1869 ἐπισκοποῦντας
829 1807 1010 1877 ἡμᾶς,
1032 1806 1366 1865 ,ἐπιὸλὲπειν
1399 1805 1490 1858 τὸν
1530 1805 1730 1860 δίκαιον

1842 1811 2025 1864 vultus
2078 1811 2279 1864 dicitur
2321 1812 2687 1879 appariturus,
2739 1812 2806 1865 ad
2851 1827 3068 1866 onmem
3104 1812 3412 1882 iniquitatis

145 1901 400 1973 εἴρηνται
422 1915 436 1929 ⁸
469 1899 602 1952 αὐτὸ
626 1899 682 1952 δέ
731 1899 794 1952 τὸ
830 1899 1122 1969 πρόσωπον
1151 1897 1602 1968 ὲπιφανήσεσθαι,
1645 1898 1739 1951 ἐπὶ

146 1994 208 2047 τὸ
245 1990 625 2064 ἐξολοθρεῢσαι
658 1992 725 2045 ἐκ
751 1991 854 2062 γῆς
885 1992 991 2044 πᾶν
1013 1991 1072 2044 τὸ
1100 1990 1202 2061 τῆς
1232 1991 1499 2061 πονηρίας
1530 1990 1740 2063 μνημό-

148 2103 334 2139 συνον.
376 2084 470 2156 Μὴ
504 2083 613 2156 γάρ
657 2101 747 2155 μοι
800 2082 1125 2154 σωματικῶς
1162 2082 1633 2153 διαπεπλασμένον
1678 2083 1740 2135 τὸ

150 2176 445 2248 πρόσωπον
474 2174 570 2229 τοῦ
602 2175 737 2228 Θεοῦ
765 2176 964 2273 νοησῃς
998 2174 1132 2244 (22)·
1176 2174 1297 2227 ἐπεὶ
1341 2173 1484 2227 οὕτω
1534 2191 1598 2242 γε
1648 2175 1739 2227 καὶ

149 2269 347 2336 ἄλογον
380 2263 515 2321 εἶναι
542 2267 685 2334 δόξει
725 2266 786 2320 τὸ
823 2263 975 2338 παρά
1020 2264 1122 2336 τῆς
1162 2266 1385 2338 Γραφῆς
1426 2264 1736 2337 εἰρημένον,

154 2359 264 2431 ἰδίᾳ
299 2359 399 2429 μὲν
431 2357 740 2428 ὀφθαλμοὺς
774 2357 1040 2428 ὑπάρχειν
1091 2357 1498 2428 ἐπιλάμποντας
1526 2357 1603 2426 τῷ
1657 2356 1738 2408 δι-

150 2450 317 2522 καίῳ,
353 2450 457 2522 ἰδίᾳ
486 2449 543 2502 δὲ
580 2450 642 2503 τὸ
680 2450 969 2521 πρόσωπον
998 2449 1389 2521 ἐπιφερόμενον
1431 2450 1543 2511 τοῖς
1582 2464 1740 2518 πονη-

152 2548 291 2618 ροῖς.
341 2546 534 2599 Καίτοι
569 2544 693 2599 οὔτε
735 2543 1003 2615 ὀφθαλμοὶ
1054 2544 1224 2614 χωρὶς
1266 2540 1558 2614 προσώπου
1602 2542 1735 2613 (25),

149 2634 277 2688 οὔτε
314 2635 602 2706 πρόσωπον
624 2633 918 2705 ὀφθαλμῶν
953 2636 1100 2686 ἐστιν
1134 2632 1378 2702 ἄμοιρον.
1420 2630 1739 2702 Ἀνθρωπος

156 2729 259 2800 μὲν
298 2725 393 2783 οὖν
445 2729 506 2782 οὐ
551 2728 624 2800 μὴ
660 2729 743 2799 ἴδῃ
776 2727 837 2780 τὸ
860 2727 1150 2798 πρόσωπον
1182 2725 1411 2797 Κυρίου,
1454 2726 1548 2778 καὶ
1574 2725 1738 2796 ζήσε-

150 2840 244 2876 ται
272 2840 284 2854 ·
319 2823 368 2875 οἱ
411 2822 467 2875 δὲ
504 2822 723 2891 ἄγγελοι
750 2820 856 2874 τῶν
893 2823 952 2873 ἐν
979 2823 1046 2891 τῇ
1090 2819 1385 2890 Ἐκκλησία
1417 2818 1629 2890 μικρῶν
1652 2818 1741 2872 διὰ

153 2913 358 2978 παντὸς
383 2913 634 2982 βλέπουσι
667 2912 727 2965 τὸ
754 2913 1044 2983 πρόσωπον
1074 2910 1167 2963 τοῦ
1197 2911 1409 2980 Πατρὸς
1438 2911 1595 2982 ἡμῶν
1626 2899 1737 2980 (24)

150 3005 247 3059 τοῦ
291 3008 349 3059 ἐν
380 3009 492 3069 τοῖς
527 3006 794 3076 οὐρανοῖς.
838 3005 983 3058 Διότι
1032 3003 1126 3057 νῦν
1173 3004 1271 3074 μὲν
1309 3005 1558 3075 χωρῆσαι
1592 3005 1739 3075 ἡμᾶς

150 3098 251 3169 τὴν
290 3097 419 3151 θέαν
452 3096 553 3167 τῆς
587 3095 796 3160 ἐνδόξου
829 3095 1153 3165 ἐπιφανείας
1189 3095 1274 3149 διὰ
1317 3096 1416 3166 τὴν
1455 3096 1740 3151 ἀσθένειαν

149 3190 252 3260 τῆς
283 3189 484 3260 σαρκὸς
501 3189 600 3260 τὴν
622 3189 1014 3260 περικειμένην
1036 3191 1168 3260 ἡμῖν
1197 3190 1479 3260 ἀμήχανον
1496 3206 1509 3219 ο
1537 3192 1585 3243 οἱ
1620 3190 1738 3261 μέν·

151 3297 234 3333 τοι
266 3279 519 3349 ἄγγελοι,
562 3279 640 3351 τῷ
684 3279 851 3353 μηδὲν
901 3279 1045 3350 ἔχειν
1087 3281 1456 3352 προκάλυμμα
1497 3283 1736 3338 τοιοῦτον

153 3372 539 3445 παραπλήσιον
580 3375 647 3444 τῇ
687 3373 934 3445 ἡμετέρᾳ
980 3373 1165 3445 σαρκὶ,
1202 3373 1292 3425 ὑπ’
1315 3373 1530 3436 οὐδενὸς
1565 3377 1738 3446 ἐμπο-

148 3462 385 3528 δίζονται
441 3463 704 3535 διηνεκῶς
762 3464 1090 3528 ἐνατενίζειν
1162 3463 1242 3536 τῷ
1301 3464 1579 3537 προσώπῳ
1633 3467 1735 3537 τῆς

152 3553 316 3624 δόξης
346 3552 438 3606 τοῦ
463 3552 619 3607 Θεοῦ.
668 3554 831 3606 Ὥστε
861 3555 955 3607 καὶ
989 3556 1168 3625 ἡμεῖς,
1202 3554 1422 3607 ἐπειδὰν
1449 3552 1737 3624 γενώμεθα

156 3648 261 3699 υἱοὶ
271 3646 373 3716 τῆς
398 3646 767 3709 ἀναστάσεως,
784 3647 902 3698 τότε
922 3644 1443 3717 καταξιωθησόμεθα
1461 3647 1558 3716 τῆς
1580 3647 1740 3718 πρόσ-

151 3756 301 3792 ωπον
353 3738 487 3811 πρὸς
525 3739 816 3809 πρόσωπον
862 3738 1136 3807 γνώσεως.
1178 3740 1312 3792 Τότε
1350 3739 1406 3792 δὲ
1431 3744 1479 3794 οἱ
1517 3740 1616 3809 μὲν
1655 3740 1736 3793 δί-

152 3846 298 3882 καιοι
337 3830 394 3882 ἐν
435 3829 753 3898 ἀγαλλιάσει
795 3829 895 3899 τῆς
944 3829 1072 3894 θέας
1114 3828 1207 3881 τοῦ
1269 3830 1561 3900 προσώπου
1609 3850 1739 3887 κατ-

1841 1902 2157 1955 memoriam
2211 1903 2278 1956 de
2322 1912 2469 1957 terra
2501 1903 2807 1959 delendam.
2841 1903 2983 1958 Cave
3023 1904 3165 1958 enim
3203 1904 3411 1973 cogites

1840 1992 1934 2045 Dei
1991 1993 2198 2044 vultum
2247 1993 2515 2062 corporali
2576 1993 2760 2061 specie
2812 2006 2934 2047 esse
2987 1992 3412 2048 conformatum.

1839 2083 2096 2151 Alioquin
2139 2084 2211 2136 ita
2235 2099 2449 2153 quoque
2477 2084 2769 2139 absurdum
2788 2084 3061 2138 videbitur
3090 2085 3237 2154 quod
3266 2084 3417 2139 Scri-

1841 2183 2002 2244 ptura
2050 2174 2210 2236 dixit,
2251 2189 2496 2229 seorsum
2529 2175 2747 2244 quidem
2780 2174 2967 2229 oculos
2993 2190 3116 2230 esse
3151 2176 3245 2245 qui
3270 2176 3419 2245 justo

1842 2261 2153 2331 aﬂulgcaut,
2187 2278 2435 2317 seorsum
2480 2277 2607 2318 vero
2639 2264 2844 2317 vultum
2886 2267 2979 2334 qui
3022 2266 3077 2319 in
3121 2265 3292 2320 malos
3334 2267 3419 2320 in-

1843 2365 2021 2409 tentus
2052 2355 2143 2408 sit.
2182 2354 2248 2409 Et
2275 2369 2404 2410 vero
2429 2369 2607 2426 neque
2634 2356 2777 2410 oculi
2819 2357 2938 2411 sine
2964 2358 3119 2412 vultu
3144 2368 3291 2422 sunt,
3317 2374 3419 2415 ne-

1840 2462 1945 2517 que
1971 2448 2148 2501 vultus
2193 2462 2392 2517 expers
2421 2460 2504 2502 est
2532 2448 2836 2503 oculorum.
2869 2449 3043 2504 Homo
3093 2450 3258 2521 igitur
3308 2466 3421 2508 non

1839 2541 2043 2595 videbit
2071 2541 2265 2595 faciem
2296 2540 2532 2605 Domini,
2561 2552 2614 2596 et
2642 2542 2788 2597 vivet
2809 2543 2855 2575 ⁸¹
2893 2561 2905 2595 :
2934 2544 3113 2617 angeli
3169 2559 3295 2599 vere
3323 2558 3421 2600 eo-

1842 2649 1961 2686 rum
1993 2634 2083 2701 qui
2110 2634 2161 2686 in
2204 2633 2442 2687 Ecclesia
2479 2633 2659 2703 pusilli
2684 2644 2831 2701 sunt,
2866 2650 3085 2706 semper
3121 2637 3307 2692 vident
3334 2636 3420 2691 fa-

1841 2726 1979 2780 ciem
2008 2725 2409 2786 Patris-nostri.
2435 2728 2527 2795 qui
2568 2727 2620 2781 in
2653 2728 2809 2782 cmlis
2842 2738 2924 2781 est
2953 2728 3022 2782 ⁸³.
3066 2729 3243 2796 Quare
3276 2746 3423 2785 nunc

1841 2818 2058 2887 quidem
2108 2817 2227 2871 ﬁeri
2260 2831 2367 2871 non
2398 2825 2599 2886 potest,
2655 2828 2716 2872 ut
2764 2834 2882 2883 nos,
2918 2818 3170 2890 gloriosae
3193 2822 3421 2876 visionis

1843 2920 2148 2979 aspectum,
2178 2912 2249 2964 ob
2274 2912 2455 2965 carnis
2474 2910 2807 2966 debilitatem
2841 2927 2942 2967 nos
2963 2913 3419 2982 circumdantem,

1844 3004 2357 3071 apprehendamus;
2416 3005 2594 3073 angeli
2636 3019 2809 3068 vero,
2860 3004 3005 3073 quod
3048 3005 3253 3059 nullum
3311 3008 3422 3062 tale

1843 3092 2212 3147 velamentum
2237 3092 2442 3148 habent
2464 3093 2617 3148 carni
2647 3103 2844 3148 nostrae
2870 3094 3172 3161 consimile,
3196 3112 3255 3150 re
3273 3099 3420 3152 nulla

1845 3185 2214 3255 impediuntur
2260 3186 2551 3253 quominus
2588 3185 2783 3240 faciem
2824 3186 3012 3256 gloriae
3067 3188 3161 3243 Dei
3214 3189 3423 3259 jugiter

1843 3285 2301 3354 contemplentur.
2336 3283 2518 3350 Quare
2542 3293 2597 3338 et
2631 3299 2754 3350 nos,
2784 3294 3137 3356 posteaquam
3161 3285 3257 3341 lilii
3287 3286 3421 3342 facti

1844 3375 2108 3430 fuerimus
2150 3375 2589 3440 resurrectionis,
2639 3385 2773 3430 tunc
2797 3391 2860 3429 ea
2892 3391 3012 3444 qua!
3062 3387 3148 3432 est
3177 3377 3317 3431 faeie
3352 3377 3422 3433 ad

1842 3468 2034 3522 faciem
2063 3468 2374 3538 cognitione
2403 3468 2766 3539 dignabimur.
2788 3469 2943 3523 Tunc
2966 3470 3111 3523 enim
3133 3470 3266 3540 justi
3291 3486 3424 3526 con-

1844 3569 2092 3631 spectum
2134 3561 2353 3630 quidem
2386 3560 2565 3614 vultus
2594 3560 2646 3613 in
2675 3561 3043 3616 exsultatione
3076 3578 3422 3633 consequen-

1845 3663 1934 3707 tur
1958 3692 1973 3717 ,
2016 3661 2336 3720 peccatores
2358 3666 2491 3705 vero
2535 3651 2588 3705 in
2616 3651 2859 3721 judicio;
2897 3667 3019 3706 cum
3048 3652 3293 3707 futurum
3326 3654 3419 3718 sit,

1843 3757 1904 3801 ut
1940 3755 2222 3817 peccatum
2263 3760 2427 3801 omne
2461 3747 2609 3817 ju3ta
2655 3746 2746 3801 Dei
2778 3746 3049 3801 sententia
3083 3747 3419 3802 extermine—

1848 3848 1953 3895 Illl'.

152 3919 568 3991 αξιωθήσονται·
616 3922 668 3973 οἱ
709 3920 766 3972 δὲ
794 3920 906 3992 (25)
938 3919 1255 3992 ἁμαρτωλοὶ
1301 3921 1358 3974 ἐν
1396 3921 1596 3994 κρίσει,
1641 3924 1942 3997 μελλούσης
2002 3925 2448 3998 ὲξολοθρεύεσθαι
2513 3924 2667 3998 παρά
2692 3925 2792 3995 τῆς
2816 3924 3027 3987 δικαίας
3055 3924 3294 3995 κρίσεως
3318 3921 3417 3977 τοῦ

155 4011 292 4067 Θεοῦ
323 4012 505 4083 πάσης
532 4011 630 4082 τῆς
665 4012 960 4083 ἁμαρτίας.

227 4102 317 4156 12.
370 4100 729 4170 Ἐκέκραξαν
761 4103 814 4153 οἱ
848 4099 1088 4162 δίκαιοι,
1139 4099 1238 4153 καί
1282 4104 1314 4155 ό
1356 4103 1570 4170 Κύριος
1616 4106 1730 4156 εισ-

1915 4105 2003 4158 12.
2062 4103 2225 4160 Vens.
2281 4104 2370 4158 18.
2427 4102 2801 4159 Clamaverunt
2841 4103 2998 4172 justi,
3046 4111 3098 4156 et
3158 4102 3420 4157 Dominus

152 4193 424 4263 ήκουσεν
444 4193 663 4259 αὐτῶν,
692 4194 791 4248 καὶ
806 4194 874 4247 ἐκ
904 4193 1117 4247 πασῶν
1131 4194 1250 4248 τῶν
1262 4197 1528 4264 θλίψεων
1541 4196 1730 4250 αὐτῶν

1844 4198 2116 4252 exaudivit
2159 4213 2290 4262 eos,
2345 4206 2395 4251 et
2434 4213 2500 4250 ea:
2560 4197 2800 4250 omnibus
2864 4194 3291 4249 tribulationibus
3331 4212 3421 4250 eo-

152 4289 447 4359 ἐρῤὐσατο
464 4288 705 4353 αὐτούς.
740 4286 924 4358 Νοητὴ
950 4285 1058 4339 τῶν
1088 4287 1310 4341 δικαίων
1338 4290 1371 4357 ἡ
1406 4289 1642 4360 κραυγὴ,
1680 4290 1730 4341 ἐν

1844 4306 1961 4342 rum
2000 4289 2244 4342 liberavit
2286 4305 2393 4343 eos.
2436 4288 2708 4356 Spiritalis
2755 4300 2838 4343 est
2889 4286 3161 4355 iustorum
3192 4287 3419 4351 clamor,

152 4383 232 4455 τῷ
270 4381 497 4454 κρυπτῷ
531 4380 632 4451 τῆς
664 4380 888 4450 καρδίας
927 4378 1026 4450 τὴν
1076 4380 1485 4450 μεγαλοφωνίαν
1519 4380 1730 4451 ἔχουσα,

1844 4381 1898 4433 in
1933 4380 2147 4434 occulto
2180 4379 2362 4433 cordis
2388 4394 2603 4434 recessu
2631 4394 2815 4434 vocem
2850 4380 3015 4434 altam
3039 4379 3230 4440 edens,
3261 4378 3423 4448 quip-

152 4472 427 4544 δυναμένη
470 4470 755 4540 ἐφικέσθαι
797 4469 909 4541 (26)
955 4470 1049 4523 καὶ
1084 4470 1262 4523 αὐτῶν
1304 4469 1411 4523 τῶν
1446 4470 1601 4524 ῶτων
1643 4473 1730 4525 τοῦ

1844 4489 1910 4543 pe
1934 4475 2023 4544 qui
2054 4475 2121 4537 ad
2158 4476 2301 4543 ipsas
2327 4474 2491 4527 etiam
2531 4471 2627 4525 Dei
2670 4485 2831 4525 aures
2882 4481 3046 4540 queat
3088 4470 3416 4540 pertingere.

153 4566 311 4621 Θεοῦ.
354 4567 411 4618 '0
432 4565 540 4636 γὰρ
578 4563 790 4635 μεγάλα
840 4561 1039 4627 αἰτῶν,
1086 4562 1183 4615 καὶ
1231 4563 1359 4633 περὶ
1398 4563 1730 4634 ἐπουρανίων

1843 4566 1943 4631 Qui
1980 4565 2122 4619 enim
2156 4579 2349 4635 magna
2399 4562 2555 4632 petit,
2589 4570 3026 4631 apprecaturque
3061 4561 3331 4626 cmlestia,
3373 4561 3421 4613 is

153 4658 467 4730 εὐχόμενος,
512 4650 667 4720 οὗτος
689 4654 879 4719 κοάζει
900 4694 917 4720 ,
963 4655 1059 4708 καὶ
1103 4654 1376 4727 ἀκουστὴν
1423 4655 1730 4727 ἀναπέμπει

1842 4660 2041 4712 clamat
2071 4668 2127 4713 et
2155 4672 2349 4728 preces
2377 4670 2499 4727 quae
2536 4656 2906 4712 exaudiantur
2935 4655 3004 4711 ad
3034 4656 3203 4710 Deum
3237 4662 3421 4708 trans-

227 4858 276 4892 “
309 4859 453 4915 I’sal.
490 4872 677 4920 χχχιιι,
710 4857 798 4911 16.
875 4857 920 4889 θ’
949 4856 1118 4911 Exod.
1160 4872 1352 4924 χχχιιι,
1378 4856 1468 4911 20.
1546 4857 1593 4890 ⁸³
1623 4856 1729 4910 Mat

1852 4872 2010 4923 xvm,
2048 4858 2137 4913 £0.

230 5066 344 5138 (20)
372 5066 507 5120 Editi
534 5082 655 5138 cum
689 5082 795 5138 uno
823 5080 922 5138 ms.
942 5064 1249 5138 πρόσωπον
1278 5066 1359 5125 δέ,
1408 5065 1465 5138 In
1484 5065 1721 5138 reliquis

1900 5064 2012 5136 (25)
2036 5065 2174 5152 βιιίῑί
2207 5066 2377 5152 χωρὶς
2400 5065 2493 5119 τοῦ
2511 5064 2952 5152 ’προσῴπουζᾼξ
3147 5079 3250 5152 non
3273 5079 3420 5152 pau-

156 5135 290 5191 vero
316 5151 447 5191 mss.
478 5137 664 5191 vocula
694 5136 750 5189 δέ
776 5135 1066 5190 omittitur.
1106 5137 1326 5196 Ibidem,
1361 5136 1450 5187 ubi
1484 5136 1534 5189 in
1562 5137 1722 5190 editis
1828 5135 1874 5188 ci

1922 5137 2091 5207 χωρὶς
2137 5136 2463 5207 προσώπου,
2511 5137 2624 5207 illex
2681 5138 2798 5188 loco
2844 5136 3145 5207 verborum
3179 5136 3415 5198 illorum,

159 5208 374 5275 legitur,
414 5206 512 5277 τὴν
541 5205 1100 5276 πεπαρῤησιασμένην
1130 5205 1225 5258 καὶ
1250 5206 1526 5277 φοϐεράν,
1551 5207 1726 5277 inani-

157 5279 348 5346 [estum
385 5293 450 5330 ac
470 5275 863 5346 formidabilem
889 5278 1187 5338 adventum,
1223 5275 1485 5346 Scriptum
1517 5275 1726 5346 inveni-

157 5344 278 5400 inus
306 5347 360 5399 in
394 5363 580 5401 novem
618 5361 747 5399 mss.
778 5344 876 5416 τὴν
905 5345 1467 5416 πεπαρρησιασμένην
1498 5345 1592 5398 καὶ
1623 5360 1727 5413 φα-

157 5416 339 5488 νερᾲν,
375 5430 612 5488 apertum
638 5428 683 5468 et
717 5417 1052 5488 conspicuum
1085 5419 1381 5488 adventum,

228 5482 344 5554 (21)
392 5485 526 5540 Octo
576 5500 706 5538 mss.
742 5485 824 5538 διὸ
875 5483 1146 5555 ὀφθαλμοὶ
1203 5483 1303 5555 μὲν
1351 5483 1427 5547 ὡς
1475 5482 1575 5536 ἔτι.
1608 5482 1728 5539 Mox

159 5556 312 5612 multi
344 5570 475 5609 mss.
509 5556 603 5609 ἐπὶ
620 5555 717 5624 τῷ.

232 5624 342 5695 (22)
379 5625 516 5679 Editi
543 5622 818 5696 ἐννοήσῃς.
849 5624 918 5696 At
963 5632 1169 5696 septem
1199 5622 1728 5696 ιηεεγηνοήσῃςηᾼιί-

159 5692 361 5765 quanto
392 5705 512 5763 post
539 5712 667 5749 mss.
685 5692 807 5766 'se'x,
829 5694 936 5766 ἰδίᾳ
960 5693 1091 5766 γάρ.
1128 5693 1267 5766 Editi
1306 5693 1413 5766 ἰδίᾳ
1438 5692 1558 5764 μέν.
1588 5692 1725 5766 Reg.

162 5763 386 5834 quartus
415 5775 469 5820 ct
498 5765 648 5822 Colb.
679 5763 938 5835 septimus
972 5763 1078 5835 ιδίᾳ
1104 5763 1436 5835 ὀφθαλμούς.

1828 5203 1957 5278 οὔτε
1984 5203 2273 5278 πρόσωπον
2314 5205 2609 5278 ὀφθαλμῶν
2660 5207 2808 5258 ἐστιν
2853 5205 3100 5278 ἄμοιρον.
3136 5204 3328 5278 legitur
3358 5208 3414 5278 in

1831 5273 2067 5355 editione
2108 5276 2267 5330 Busil.
2317 5273 2443 5330 οὔτε
2484 5273 2776 5347 πρόσωπον
2825 5273 2998 5347 χωρίς
3037 5276 3187 5326 ἐστιν
3212 5273 3420 5343 ὀφθαλ-

1879 5362 1970 5396 ων.

1835 5363 2015 5481 μιῖξᾏ)
2052 5412 2131 5485 Ita
2156 5430 2284 5469 mss.
2319 5424 2550 5485 septem.
2587 5414 2729 5469 Editi
2756 5431 2877 5470 cum
2936 5414 3071 5484 Iteg.
3113 5423 3268 5470 sexto
3303 5415 3417 5470 Πα-

1831 5484 1976 5556 τρὸς
1992 5482 2193 5556 αὐτῶν.

1904 5555 2017 5625 (25)
2052 5553 2361 5625 Οὶίδέηθλιο.
2384 5551 2776 5625 Ρεεειιιονεδγὶη
2805 5550 3262 5625 judicio._Supple
3303 5551 3416 5608 ἀπὸ

1830 5621 2034 5687 κοινοῦ,
2082 5624 2182 5694 τῆς
2224 5623 2364 5695 (θέας
2419 5625 2512 5676 τοῦ
2532 5621 2836 5695 (προσώπου
2887 5621 3412 5695 καταξιωθήσονται,

1831 5704 2107 5757 conspectu
2147 5693 2317 5747 vultus
2357 5693 2733 5764 dignubuntur,
2763 5697 2854 5750 sed
2892 5693 3251 5764 tretuelmndi.

1906 5764 2019 5836 (26)
2058 5766 2187 5836 Reg.
2226 5761 2752 5837 ιονιίυέδυναμένην
2783 5761 3088 5837 ἐφικέσθαι.
