3818 6220
359 325 471 386 579
758 330 765 337 ’
1717 322 1776 378 S.
1820 319 2073 377 BASiLll
2114 318 2330 375 MAGNI
3544 322 3651 377 mo

363 442 551 496 mittit.
603 438 970 493 Clamaverunt
1010 436 1193 504 itaque
1234 435 1408 505 justi;
1457 435 1592 488 nihil
1645 435 1871 503 alijectul

2158 432 2277 503 Θεῷ
2302 431 2399 503 τὴν
2415 433 2599 503 εὐχήν.
2629 432 2993 501 Ἐκέκραξαν
3012 427 3105 487 οὗν
3130 438 3182 488 οὶ
3202 435 3431 489 δίκαιοι
3454 454 3469 467 ·
3494 435 3656 489 οὐδὲν

361 532 496 589 nihil
528 542 823 594 terrenum,
859 528 994 583 nihil
1028 527 1235 581 humile
1272 527 1653 597 inquisierunt.
1689 526 1869 595 Proptt

2142 524 2449 597 εροπρεπές,
2474 525 2594 577 οὺδέ
2618 527 2825 595 γήϊνον,
2852 525 2971 578 οὐδὲ
2994 526 3248 579 ταπεινὸν
3268 527 3650 597 ἐπεζήτησαν.

360 640 425 681 ea
492 638 679 678 vocem
720 622 961 690 ipsorum
1005 618 1248 687 suscepit
1284 617 1565 682 Dominus,
1601 616 1759 687 155
1791 625 1843 671 et

2146 617 2337 669 ,τοῦτο
2370 617 2548 669 αὐτῶν
2592 615 2923 686 παρεδέξατο
2970 618 3069 689 τὴν
3116 617 3298 688 φωνὴν
3345 620 3378 670 ὁ
3416 618 3654 688 Κύριος,

360 712 614 771 omnibus
650 707 1095 765 tribulationibus
1127 721 1320 762 eorum
1360 706 1621 760 liberavit
1675 721 1789 760 eos.
1836 705 1868 759 Ἰ

2170 709 2234 759 ἐκ
2277 706 2467 759 πασῶν
2499 706 2607 758 τῶν
2630 706 2862 775 θλίψεων
2894 708 3072 761 αὐτῶν
3097 707 3369 779 ἐρρύσατο
3413 708 3616 771 αὐτούς
3639 726 3655 737 ·

366 822 487 861 men
511 812 758 860 nontam
793 816 888 856 eos
924 815 952 854 a
988 802 1150 855 rebus
1180 799 1428 853 adversis
1465 798 1742 862 liberavit,
1779 811 1874 865 qua

2157 798 2388 852 ῖοσοῦτον
2411 797 2661 851 ἀπολύων
2681 798 2878 862 αὐτοὺς
2901 798 3011 851 τῶν
3032 800 3161 870 όχλη
3171 802 3301 870 ρῶν,
3327 801 3457 853 ὅσον
3474 799 3665 869 sepsit-

361 913 455 952 eos
483 906 798 951 eventorum
827 895 1063 947 victores
1091 892 1290 946 ell‘ecit.
1313 890 1500 960 (Vens.
1535 889 1649 958 19.)
1668 889 1836 957 PrOpe
1867 924 1869 936 .

2156 908 2211 953 ις
2269 890 2378 941 τῶν
2433 890 2840 961 συμϐαινόντων
2905 892 3357 956 κατασκευάζων.
3437 891 3664 961 Ἐῃὺς

366 988 620 1040 Dominus
656 985 722 1037 iis
752 985 843 1053 qui
877 983 1103 1036 contrito
1135 991 1255 1035 sunt
1291 982 1471 1043 corde,
1503 991 1551 1033 et
1583 980 1805 1032 humiles
1834 997 1874 1043 ει

2154 1002 2269 1048 ἴδιος
2312 983 2438 1049 τοῖς
2480 983 3008 1053 συντετριμιλιένοις
3053 984 3165 1051 τὴν
3211 984 3513 1053 καρδίαν,
3557 986 3662 1037 καὶ

362 1053 471 1130 ritu
493 1075 736 1129 salrabit.
762 1073 872 1128 Sua
902 1073 1073 1142 ipsius
1099 1072 1340 1127 bonitate
1364 1071 1619 1125 omnibus
1648 1070 1870 1140 appropi

2156 1097 2194 1142 ης
2246 1075 2564 1141 ταπεινοὺς
2615 1076 2694 1141 τῷ
2731 1077 3021 1145 πνεύματι
3063 1074 3273 1136 σώσει.
3316 1078 3404 1146 Τῇ
3453 1074 3664 1129 ἑαυτοῦ

365 1173 499 1235 quat
539 1164 798 1217 Dominus
842 1178 855 1215 :
892 1176 996 1215 nos
1034 1175 1163 1213 vero
1204 1174 1549 1214 removemus
1583 1161 1873 1227 nosmetips

2167 1168 2348 1239 θότητι
2406 1169 2569 1221 πᾶσιν
2631 1167 2867 1235 ἐγγίζει·
2920 1168 3268 1239 μακρύνομεν
3312 1168 3375 1220 δὲ
3424 1169 3668 1229 ἑαυτοὺς

364 1272 461 1325 per
510 1266 815 1323 peccatum.
859 1248 997 1302 Ecce
1042 1250 1205 1312 enim,
1240 1249 1450 1317 inquit,
1484 1249 1574 1314 qui
1608 1248 1860 1317 elongant

2164 1260 2215 1320 ἴς
2239 1258 2326 1311 διά
2354 1256 2454 1326 τῆς
2506 1256 2799 1327 ἁμαρτίας.
2844 1255 2998 1310 Ἰδοὺ
3032 1257 3170 1325 γὰρ,
3218 1256 3423 1324 φησὶν,
3450 1257 3511 1307 οὶ
3544 1269 3668 1323 μα-

364 1351 458 1402 abs
480 1358 561 1413 te,
591 1346 831 1414 peribunt
868 1341 934 1396 ⁸⁸.
966 1342 1308 1411 Quapropter
1344 1340 1558 1411 Moyses
1597 1339 1709 1395 Deo
1745 1355 1872 1408 appr

2162 1366 2376 1413 νοντες
2425 1348 2677 1412 ἑαυτοὺς
2734 1346 2854 1401 ἀπὸ
2904 1338 3043 1412 σοῦ,
3098 1346 3506 1401 ἀπολοῦνται.
3564 1344 3670 1397 Διὰ

365 1441 628 1509 pinqnare
651 1437 847 1491 dicitur
866 1435 944 1495 '5;
976 1443 1031 1487 et
1058 1434 1102 1487 si
1132 1434 1224 1503 qui
1253 1433 1395 1487 alius
1420 1433 1469 1486 ei
1497 1418 1695 1488 similis
1722 1442 1826 1500 est,
1853 1450 1873 1498 ί

2158 1458 2211 1493 το
2258 1442 2497 1512 Μωῡσῆς
2531 1440 2770 1509 ἐγγίζειν
2810 1439 3026 1507 λέγεται
3053 1438 3131 1508 τῷ
3158 1437 3279 1509 Θεῷ
3303 1456 3316 1468 ο
3356 1440 3460 1491 καὶ
3490 1438 3553 1490 εἴ
3578 1454 3666 1499 τις

365 1531 623 1600 praeclara
653 1529 898 1583 facinora
926 1538 983 1583 et
1024 1528 1271 1581 actiones
1307 1525 1479 1580 bonas
1510 1525 1621 1579 Deo
1662 1540 1826 1594 prope
1856 1541 1873 1576 ε

2164 1549 2214 1595 ος
2262 1533 2638 1604 παραπλήσιος
2685 1531 2897 1602 ἐκείνῳ,
2928 1531 2996 1584 δι’
3041 1529 3523 1601 ἀνδραγαθήματα
3570 1530 3672 1583 καὶ

366 1624 530 1677 cedit.
565 1622 692 1676 Haec
724 1632 905 1674 autem
943 1619 1112 1673 verba
1152 1616 1499 1687 prophetiam
1548 1616 1816 1669 adventus
1846 1616 1874 1669 Ε

2166 1622 2285 1688 ιξεις
2326 1625 2536 1693 ἀγαθὰς
2579 1626 2743 1693 ἐγγὺς
2776 1625 2984 1692 γίνεται
3022 1622 3120 1698 ,τοῦ
3160 1622 3318 1675 Θεοῦ.
3351 1624 3674 1694 Ἀντικρυς

368 1714 499 1768 mini
536 1712 715 1781 palam
748 1712 1054 1775 continent,
1104 1709 1567 1777 consentinntque
1608 1709 1876 1777 cuin-prio

2164 1717 2501 1787 προφητείαν
2547 1716 2660 1787 ἔχει
2687 1718 2714 1769 ὁ
2760 1716 2917 1785 λόγος
2942 1716 3044 1786 τῆς
3080 1715 3376 1786 ἐπιδημίας
3410 1715 3517 1768 τοῦ
3549 1716 3672 1768 Ku-

369 1805 489 1858 hus.
544 1805 658 1859 lllic
717 1805 863 1857 cnim
919 1802 1206 1856 dicebatur
1253 1813 1269 1853 :
1314 1798 1501 1852 Vultus
1532 1798 1746 1853 Domini
1795 1816 1877 1867 sui

2161 1828 2208 1873 ›,
2239 1809 2333 1861 καὶ
2379 1809 2667 1878 σύμφωνος
2711 1807 2788 1878 τῷ
2834 1809 3145 1878 προάγοντι.
3190 1808 3341 1860 Ἐκεῖ
3396 1809 3505 1877 μὲν
3554 1809 3669 1878 γὰρ

368 1898 617 1965 facientes
647 1898 788 1950 mala
808 1937 822 1959 ,
857 1897 958 1949 hoc
989 1903 1093 1961 est,
1149 1893 1267 1960 ejus
1298 1894 1350 1947 in
1381 1892 1588 1961 judicio
1621 1902 1876 1957 conspecl

2163 1915 2303 1961 rato'
2354 1901 2684 1965 Πρόσωπον
2733 1899 2845 1969 (‘27)
2894 1900 3115 1966 Κυρίου
3171 1898 3271 1951 ἐπὶ
3322 1899 3671 1965 ποιοῦντας

367 1989 437 2042 ad
455 1989 875 2056 disperdendam
907 2002 1127 2042 omnem
1152 1987 1495 2055 iniquitatem
1523 1986 1652 2038 fiet:
1682 1985 1771 2039 hic
1797 2000 1875 2038 vel

2162 1988 2550 2054 ςά·τουτέστιν,
2579 1992 2612 2060 ἡ
2654 1990 2940 2059 ἐπιφάνεια
2968 1990 3131 2043 αὐτοῦ
3164 1990 3307 2043 κατὰ
3335 1991 3443 2062 τὴν
3476 1992 3670 2061 κρίσιν

370 2076 543 2146 Prope
571 2090 644 2132 est
689 2080 942 2131 Dominus
978 2079 1043 2131 iis
1076 2078 1165 2148 qui
1211 2079 1438 2130 contrito
1478 2086 1599 2129 sunt
1630 2076 1807 2140 corde,
1847 2075 1878 2129 Ι]

2170 2080 2463 2151 ἀφανισμῷ
2511 2084 2692 2151 πάσης
2731 2082 2998 2153 πονηρίας
3032 2082 3355 2151 γενήσεται’
3418 2080 3672 2136 ἐνταῦθα

371 2170 500 2223 tnini
535 2171 586 2223 in
618 2184 787 2224 carne
813 2172 1103 2225 adventum
1133 2168 1482 2239 praenuntiat,
1515 2167 1879 2235 appropinqua

2194 2172 2479 2242 ἘγγὺςῚᾶ
2528 2175 2741 2241 Κύριος
2783 2173 2909 2237 τοῖς
2956 2171 3493 2241 συντετριμμένοις
3551 2173 3672 2239 τὴν

371 2272 479 2316 tem
504 2263 640 2332 jam,
670 2272 726 2315 et
755 2277 860 2315 non
899 2259 1087 2330 procul
1121 2261 1439 2313 distantem.
1468 2259 1644 2326 Atque
1679 2258 1841 2327 hujus
1871 2273 1879 2310 ι

2162 2263 2335 2329 Nar,
2377 2264 2472 2334 τὴν
2533 2264 2826 2334 ἐπιδημίαν
2872 2263 2969 2335 τὴν
3020 2262 3115 2316 τοῦ
3172 2262 3383 2331 Κυρίου
3441 2263 3546 2333 τὴν
3608 2264 3670 2316 ἐν

374 2354 541 2407 faciat
577 2354 670 2408 tibi
724 2352 883 2406 [idem
928 2352 1213 2422 prophetia
1271 2350 1468 2404 Isaiae:
1517 2346 1756 2418 spiritus
1807 2364 1873 2403 en

2164 2357 2220 2408 x‘t
2245 2355 2604 2425 προαγγέλλει
2624 2396 2638 2419 ,
2674 2354 2994 2423 ἐγγίζουσαν
3025 2355 3124 2425 ἤδη
3143 2394 3158 2419 ,
3193 2356 3289 2409 καὶ
3318 2356 3383 2408 οὑ
3439 2356 3671 2427 μακρὰν

369 2443 582 2498 Domini
612 2459 769 2513 super
797 2458 878 2497 me
908 2459 927 2496 :
965 2450 1176 2512 propter
1208 2443 1348 2512 quod
1387 2441 1534 2493 unxit
1567 2455 1647 2493 me
1678 2453 1696 2491 :
1724 2455 1877 2507 evang

2155 2451 2446 2519 εστηκυῖαν.
2487 2448 2598 2501 Καὶ
2627 2446 2786 2499 τοῦτό
2822 2463 2901 2499 σοι
2944 2447 3134 2499 πιστὸν
3167 2448 3229 2498 ἐκ
3266 2449 3369 2517 τῆς
3428 2448 3663 2500 Ἱῐσαῖου

370 2537 539 2588 lizare
573 2535 888 2603 pauperibus
916 2534 1055 2587 misit
1100 2549 1212 2596 me,
1247 2547 1438 2587 sanare
1471 2532 1726 2584 contritas
1774 2546 1878 2583 cori

2156 2540 2393 2610 ιφητείας
2414 2539 2653 2606 γενέσθω
2672 2554 2687 2568 ⁶
2715 2538 2955 2607 Πνεῦμα
2989 2537 3096 2608 γὰρ
3127 2538 3349 2604 Κυρίου
3394 2538 3498 2591 ἐπ’
3535 2538 3664 2607 ἐμὲ,

369 2628 661 2696 ργιειιὲεαη
702 2626 916 2695 captivis
957 2626 1338 2690 remissionem,
1389 2632 1439 2678 et
1482 2624 1636 2677 crucis
1671 2624 1842 2678 risum

2166 2627 2373 2679 ἕνεκεν
2419 2625 2628 2695 ἐχρισέ
2666 2641 2774 2695 με·
2838 2626 3345 2694 εὐαγγελίσασθαι
3396 2627 3668 2695 πτωχοῖς

372 2719 509 2773 Cum
564 2718 712 2772 enim
773 2719 1020 2773 medicus
1081 2719 1391 2771 mitteretur
1442 2714 1697 2770 contritis
1750 2715 1878 2770 cord

2162 2718 2409 2772 ἓσταλκέ
2454 2736 2564 2789 με,
2619 2718 2859 2774 ὶὰσαθαι
2909 2720 3049 2784 τοὺς
3104 2720 3670 2788 συντετριμμένους

372 2806 568 2876 Prope,
598 2806 797 2877 inquit,
827 2806 1083 2860 Dominus
1108 2815 1183 2859 est
1218 2820 1236 2856 :
1277 2805 1423 2858 vobis
1449 2805 1569 2858 dico
1601 2804 1694 2874 qui
1727 2805 1873 2857 humi

2160 2828 2174 2843 ·
2214 2810 2485 2879 καρδίαν,
2528 2810 2781 2877 κηρύξαι
2820 2808 3214 2879 αἰχμαλώτοις
3255 2808 3528 2877 ἄφεσιν,
3568 2812 3668 2865 καὶ

371 2901 507 2955 estis
524 2940 538 2962 ,
563 2901 765 2969 quique
786 2899 987 2955 fastum
1010 2909 1253 2953 vestrum
1276 2897 1637 2962 contrivistis,
1673 2912 1771 2952 vos
1797 2898 1879 2951 sin

2162 2902 2311 2969 νλοῖς
2341 2903 2697 2971 ἀνάϐλεψιν.
2743 2902 2958 2972 Ἐπειδὴ
3004 2901 3113 2971 γὰρ
3161 2899 3350 2970 ἰατρὸς
3391 2902 3670 2955 ἁπεστὲλα

373 2993 772 3059 laetificaturus,
800 3002 857 3046 et
898 3006 996 3062 per
1036 2992 1293 3061 gaudium
1326 3005 1508 3044 rerum
1536 2990 1841 3045 futurarum

2158 3014 2180 3049 ο
2237 2996 2347 3049 τῶν
2406 2996 2879 3067 συντετριμμένων
2932 2997 3030 3066 τὴν
3091 2994 3354 3066 καρδίαν,
3422 2996 3666 3065 Ἐγγὺς,

376 3083 722 3138 tolerantiam
799 3082 1139 3139 inducturus.
1210 3080 1481 3136 Contritio
1533 3080 1715 3136 a'utem
1776 3094 1884 3135 COI‘t

2161 3090 2218 3152 ri,
2283 3089 2496 3156 Κύριός
2539 3088 2735 3141 ἐστιν·
2779 3088 2909 3158 ὑμῖν
2948 3088 3090 3156 λέγω
3113 3090 3226 3151 τοῖς
3256 3091 3553 3152 ταπεινοῖς
3575 3088 3669 3141 καὶ

373 3176 693 3247 exstirpatio
727 3184 812 3229 est
843 3177 1205 3229 humanarum
1235 3173 1655 3242 cogitationum.
1682 3173 1783 3239 Qui
1814 3188 1881 3242 pr.

2162 3178 2411 3250 τρίψασιν
2443 3177 2650 3231 ἑαυτῶν
2698 3178 2758 3229 τὸ
2800 3177 3055 3248 φρόνημα
3098 3177 3243 3246 (28),
3270 3177 3670 3248 εὐθυμοποιιῖιν

372 3271 546 3325 sentia
597 3267 948 3336 contempsit,
1002 3281 1066 3320 ac
1100 3280 1161 3319 se
1220 3266 1332 3335 ipse
1372 3266 1465 3319 Dei
1513 3265 1724 3320 addixit
1766 3265 1880 3320 verl

2165 3269 2202 3332 ῐς
2233 3269 2326 3321 καὶ
2348 3269 2425 3330 εἰς
2453 3266 2833 3338 μακροθυμίαν
2856 3267 3063 3335 ἐνάγων
3085 3270 3151 3337 τῇ
3178 3268 3323 3338 χαρᾷ
3348 3266 3470 3321 τῶν
3500 3284 3673 3339 προσ-

374 3369 726 3429 mentemque
759 3371 911 3412 suam
945 3356 1012 3409 ad
1057 3371 1152 3410 eas
1198 3356 1561 3424 cogitationes
1606 3371 1731 3426 qua:
1780 3356 1882 3409 bon

2160 3359 2399 3429 ωμένων.
2419 3357 2763 3429 Συντριμμὺς
2786 3357 2843 3409 δὲ
2868 3357 3095 3428 καρδίας
3120 3359 3265 3409 ἐστὶν
3291 3359 3323 3409 ὁ
3342 3359 3668 3428 ἁφανισμὺς

374 3466 501 3507 nem
549 3458 843 3520 superant,
876 3463 940 3503 ac
985 3452 1159 3516 magis
1201 3448 1397 3503 divina:
1432 3457 1588 3510 sunt,
1639 3449 1877 3517 appulit,

2164 3450 2555 3521 ’ἀνθρωπίνων
2609 3449 2905 3520 λογισμῶν.
2955 3450 3014 3501 ‘0
3064 3452 3501 3521 καταφρονήσας
3558 3452 3672 3503 τῶν

374 3546 566 3613 utique
599 3542 761 3597 fuerit
790 3543 879 3610 qni
905 3541 1200 3596 contritum
1232 3554 1326 3593 cor
1351 3538 1534 3603 habet,
1563 3540 1764 3610 quique
1796 3558 1882 3595 sut

2163 3558 2205 3604 ε,
2234 3541 2329 3592 καὶ
2363 3539 2717 3603 ἀποδεδωκὼς
2742 3540 2933 3594 ἑαυτὸν
2966 3538 3044 3610 τῷ
3073 3539 3217 3610 λόγῳ
3247 3540 3345 3592 τοῦ
3377 3540 3546 3606 Θεοῦ,
3574 3541 3671 3595 καὶ

375 3650 473 3690 cor
522 3635 851 3690 sacriﬁcium
903 3634 1047 3703 quod
1104 3648 1135 3686 a
1193 3631 1420 3687 Domino
1475 3647 1579 3686 non
1636 3632 1881 3700 despicit:

2163 3632 2389 3703 παρέχων
2422 3632 2617 3684 ἐαυτοῦ
2648 3631 2709 3684 τὸ
2739 3632 3065 3702 ἡγεμονικὸν
3095 3634 3203 3695 τοῖς
3250 3633 3398 3701 ὑπὲρ
3448 3634 3671 3705 ἄνθρω-

372 3726 574 3782 ειῐθςίι.
616 3725 721 3780 Cor
747 3728 885 3779 enim
914 3726 1201 3779 contritum
1232 3734 1279 3777 et
1307 3724 1649 3777 humiliatam
1686 3723 1824 3778 Deus
1855 3741 1880 3777 n

2186 3726 2280 3778 καὶ
2313 3723 2605 3794 θειοτέροις
2646 3724 2941 3794 νοήμασιν,
2979 3716 3133 3787 οὗτος
3162 3722 3227 3776 ἂν
3262 3722 3351 3793 εἴη
3399 3724 3429 3775 ὁ
3479 3741 3673 3777 συντε-

376 3822 624 3890 despiciet
654 3820 722 3872 ⁸⁷.
747 3817 920 3888 Prope
941 3829 1013 3873 est
1039 3820 1204 3887 igitur
1233 3816 1489 3868 Dominus
1516 3817 1757 3869 contritis
1780 3831 1884 3869 σοι-ί

2165 3816 2367 3888 αμένην
2415 3814 2552 3887 ἔχων
2602 3817 2702 3886 τὴν
2757 3816 3007 3887 καρδίαν,
3055 3815 3148 3868 καὶ
3199 3817 3439 3886 ποιήσας
3492 3819 3673 3886 αὐτὴν

375 3924 423 3968 et
454 3913 676 3967 humiles
700 3912 893 3979 spiritu
919 3910 1163 3964 saluabit.
1193 3907 1295 3974 Qui
1327 3907 1457 3960 nihil
1494 3908 1654 3961 habet
1684 3906 1883 3961 elation

2167 3910 2249 3962 ίαν
2275 3910 2374 3962 οὐκ
2399 3908 2832 3979 ἐξουδενωμένην
2856 3908 2962 3961 ὑπὸ
2996 3908 3089 3961 τοῦ
3124 3908 3354 3978 Κυρίου.
3394 3910 3674 3977 Καρδίαν

378 4019 554 4073 neque
604 4004 676 4058 ob
724 4002 891 4056 ullam
938 4016 1053 4055 rem
1109 4001 1402 4054 humanam
1452 3998 1731 4067 superbit,
1773 3998 1864 4052 hic

2166 3998 2310 4071 ’(29)
2357 3997 2873 4067 συντετριμμένην
2923 3997 3019 4051 καὶ
3065 3999 3595 4067 τεταπεινωμένην
3635 4001 3674 4055 ὁ

376 4097 646 4152 contritus
679 4104 765 4149 est
800 4095 987 4157 corde,
1019 4102 1073 4147 et
1104 4092 1324 4146 humilis
1355 4090 1571 4160 spiritu.
1613 4089 1709 4143 Est
1738 4090 1884 4157 quid:

2163 4110 2206 4157 ις
2262 4093 2375 4144 οὐκ
2419 4088 2833 4155 ἐξουδενώσει.
2881 4089 3087 4158 Ἐγγὺς
3134 4084 3248 4144 οὖν
3278 4090 3509 4157 Κύριος
3540 4090 3671 4156 τοῖς

376 4188 598 4244 humilis
634 4199 690 4241 et
728 4187 776 4241 is
812 4187 904 4255 qui
941 4188 993 4238 in
1029 4195 1252 4253 peccato
1284 4182 1548 4245 ambulat,
1593 4188 1717 4236 cum
1766 4196 1884 4249 pec<

2164 4182 2588 4252 etsrptyyérmc
2609 4180 2726 4249 τὴν
2752 4182 3023 4251 καρδίαν,
3048 4180 3313 4245 καὶτοὺς
3334 4181 3672 4247 ταπεινοὺς

380 4289 493 4335 tum
524 4279 771 4335 omnium
816 4278 1053 4332 maxime
1099 4275 1359 4331 humilem
1402 4275 1610 4328 reddat.
1650 4272 1786 4329 Hinc
1822 4275 1888 4328 die

2176 4275 2469 4343 πνεύματι
2501 4271 2708 4327 σώσει.
2756 4272 2816 4326 Ὀ
2865 4274 3032 4345 μηδὲν
3059 4273 3195 4344 ἔχων
3223 4273 3481 4347 ἔπαρμα,
3523 4277 3666 4348 μηδὲ

378 4386 501 4426 mus
531 4369 869 4425 humiliatam
900 4381 1020 4422 esse
1046 4375 1102 4422 et
1149 4379 1271 4419 eam
1303 4378 1424 4433 quae
1456 4373 1709 4432 corrupta
1744 4372 1850 4425 est.

2160 4366 2278 4420 ινῶν
2316 4365 2407 4418 ἐπί
2441 4370 2546 4418 τινι
2568 4364 2678 4418 τῶν
2706 4364 3097 4436 ἀνθρωπίνων,
3135 4359 3291 4430 οὗτος
3334 4367 3433 4419 καὶ
3474 4385 3668 4421 συντε-

378 4462 711 4531 virginitatis
746 4458 1162 4515 sanctimoniam
1212 4454 1415 4509 amisit.
1457 4452 1550 4507 Sic
1590 4451 1840 4527 Amnon,
1874 4454 1886 4506 i

2154 4457 2365 4528 ppévo;
2391 4457 2507 4509 ἐστὶ
2534 4460 2599 4529 τῇ
2633 4457 2850 4529 καρδίᾳ,
2874 4459 2968 4511 καὶ
2984 4458 3237 4521 ταπεινὸς
3259 4457 3339 4528 τῷ
3361 4459 3662 4529 πνεύματι.

379 4524 519 4624 quit,
550 4554 660 4607 vim
691 4550 931 4606 Thamar
966 4548 1208 4603 inferens
1232 4547 1300 4611 ⁸⁸,
1333 4544 1646 4599 Humiliavtt
1684 4524 1856 4610 ipsam

2156 4524 2229 4601 ἐτὶ
2263 4550 2362 4619 μὲν
2384 4524 2640 4612 ταπεινδς
2661 4524 2756 4602 καὶ
2771 4524 2954 4602 ὁκατά
2988 4548 3086 4620 τὴν
3120 4524 3398 4622 ἁμαρτίαν

380 4642 895 4712 ριιὶειιιιιιιιομὶςίωι*
917 4639 1262 4694 altitudinem
1290 4652 1355 4691 ac
1376 4636 1763 4691 sublimitatem
1795 4637 1888 4690 ani

2159 4658 2262 4705 tog,
2290 4640 2423 4693 διότι
2464 4640 2832 4711 ταπεινωτικὴ
2883 4640 3117 4710 μάλιστα
3163 4641 3382 4695 πάντων
3416 4643 3450 4711 ἡ
3481 4644 3667 4714 ἁμαρ-

324 4764 333 4775 ι
381 4736 639 4798 amisere,
674 4748 771 4803 per
805 4742 1090 4802 peccatum
1133 4732 1185 4784 in
1226 4740 1421 4782 terram
1459 4727 1673 4797 dejecti,
1711 4738 1764 4781 et
1802 4745 1832 4798 q

2153 4771 2177 4784 ν.
2214 4730 2364 4784 Καθὺ
2397 4729 2492 4783 καὶ
2529 4730 2628 4800 τὴν
2666 4730 3014 4800 ἐφθαρμένην
3056 4728 3151 4783 καὶ
3182 4730 3536 4784 ἀπολέσασαν
3571 4735 3661 4785 τὸν

378 4823 667 4896 prostrati,
719 4837 824 4876 non
883 4820 1045 4875 aliter
1090 4818 1401 4889 gradientes
1450 4831 1612 4885 quam
1656 4829 1886 4886 serpenti

2155 4839 2166 4884 ;
2200 4821 2496 4892 παρθενίας
2544 4820 2816 4890 ἀγιασμὸν
2855 4819 3084 4890 λέγομεν
3115 4820 3526 4875 ταπεινοῦσθαι.
3577 4823 3663 4885 Ὡς

381 4916 745 4979 decumbunt;
775 4928 1009 4981 eumque
1036 4913 1197 4967 iidem
1232 4911 1381 4966 nullo
1415 4911 1576 4964 modo
1602 4910 1877 4979 surrigerc

2154 4912 2391 4984 Ἀμνὼν,
2421 4912 2619 4982 φησὶν,
2658 4913 2969 4976 ἐπαναστὰς
3010 4916 3076 4985 τῇ
3119 4913 3353 4984 Θάμαρ,
3396 4913 3662 4967 Ἐταπεί-

382 5008 613 5077 possint,
645 5004 913 5059 humiliati
945 5013 1069 5058 sunt
1096 5004 1337 5072 quidem,
1363 5017 1471 5056 non
1505 5011 1684 5056 tamen
1717 5001 1890 5069 spiriu

2153 5022 2265 5058 σεν
2279 5005 2495 5073 αὐτήν.
2527 5006 2682 5057 Ὅσοι
2716 4999 2808 5057 οὖν
2832 5005 2893 5057 τὸ
2917 5006 3207 5076 ἀνάστημα
3231 5006 3325 5058 καὶ
3355 5005 3423 5058 τὸ
3453 5005 3661 5078 δίαρμα

380 5116 486 5154 non
524 5099 668 5152 enim
700 5095 986 5151 laudabilis
1007 5105 1090 5151 est
1118 5094 1329 5149 illorum
1357 5093 1659 5148 humilitas.
1695 5091 1796 5158 Qui
1833 5108 1888 5146 ve

2152 5096 2364 5166 ςψυχῆς
2392 5095 2797 5150 ἀπολωλέκασιν
2829 5096 2963 5168 (50),
2991 5097 3097 5150 ὑπὸ
3122 5097 3220 5167 τῆς
3244 5097 3520 5167 ἁμαρτίας
3558 5115 3660 5151 κα-

379 5193 582 5247 habent
611 5190 836 5260 spiritus
871 5190 1046 5243 sancti
1081 5189 1338 5254 gratiam.
1370 5187 1511 5241 haud
1545 5186 1696 5239 inviti
1727 5201 1786 5239 se
1818 5187 1887 5255 ips

2152 5185 2427 5258 ὃληθέντες
2458 5187 2536 5249 είς
2565 5185 2690 5256 γῆν,
2710 5185 2804 5239 καὶ
2832 5186 2997 5239 οἱονεὶ
3022 5186 3422 5256 ἐδαφισθέντες,
3454 5187 3660 5250 otiosius;

447 5331 495 5363 ⁸⁵
530 5330 673 5455 [ἐξῆ.
707 5347 878 5398 ωωιιι,
923 5332 1015 5385 27.
1091 5331 1135 5362 ⁸⁸
1167 5330 1338 5384 Exod.
1384 5343 1534 5393 xxw,
1570 5326 1625 5379 2.
1730 5326 1776 5357 ⁸⁸
1827 5325 1929 5380 lsa.

447 5417 512 5455 tn.
620 5443 633 5455 .

2154 5364 2168 5380 .
2243 5326 2288 5358 ⁸⁷
2324 5324 2466 5378 Psal.
2494 5341 2544 5390 ι,
2582 5324 2667 5379 l9.
2780 5324 2826 5355 ⁸⁸
2848 5324 2886 5378 ιι
2915 5325 3053 5395 Reg.
3077 5340 3201 5390 xm,
3226 5324 3313 5379 M.
3423 5322 3472 5355 ⁸⁹
3495 5324 3658 5380 Deut.

379 5417 512 5469 xxn,
542 5417 633 5458 zu.

473 5554 564 5625 27)
606 5556 696 5609 Sic
731 5570 860 5609 mss.
886 5550 1166 5625 sex._Editi
1202 5549 1493 5625 πρόσωπον
1518 5550 1596 5603 δε.

2150 5567 2189 5604 ux
2218 5549 2355 5620 Reg.
2383 5552 2652 5625 secundus
2687 5552 3062 5625 συγκόπτουσι
3103 5552 3201 5625 81-5L
3208 5551 3503 5625 Aliquanto
3523 5561 3658 5625 post

474 5620 565 5694 28)
598 5626 730 5694 Reg.
770 5626 958 5678 tertius
974 5622 1048 5694 τάκ
1077 5621 1438 5694 φρονήματα..
1504 5692 1513 5694 _

2164 5637 2291 5675 mss.
2310 5620 2776 5694 froﬁllvsdputoc
2827 5624 2922 5677 τοῦ
2955 5624 3134 5693 ἁγίου.
3169 5620 3325 5679 Editi'
3350 5637 3477 5678 cum
3521 5621 3654 5694 Reg.

450 5691 561 5766 (29}
588 5691 725 5766 Editi
755 5696 884 5764 γὰρ,
920 5693 1283 5766 φησίνκροθει
1306 5691 1470 5766 φησίν
1502 5692 1554 5745 in
1577 5705 1708 5766 mss.
1749 5760 1789 5766 η

1370 5691 1470 5766 χσίν
1502 5692 1554 5745 in
1577 5705 1708 5766 mss.
1749 5760 1789 5766 η
2068 5701 2222 5749 sexto
2241 5692 2334 5747 τοῦ
2354 5692 2510 5761 ἁγίου
2536 5693 2878 5766 Πνεύματος.

453 5760 563 5837 (50)
583 5765 657 5819 lta
683 5760 919 5834 quinque
936 5760 1072 5820 mss.
1106 5761 1247 5817 Editi
1270 5774 1391 5816 cum
1421 5762 1555 5834 Reg.
1586 5760 1959 5817 ἀπολώλασιν.
