3818 6220
84 314 192 371 581

1245 320 1531 378 HOMILIA
1569 319 1637 375 IN
1674 320 2009 377 PSALMUM
2050 322 2293 379 XXXIII.

3276 318 3387 375 582

82 429 168 499 τῷ
197 429 329 498 ὕφει
360 432 831 503 συμπορευόμενοι
859 433 1228 502 συγκύπτουσι
1247 476 1263 501 ,
1301 434 1376 506 μὴ
1413 434 1686 507 δυνάμενοι

1805 437 2123 504 humiliant,
2159 438 2561 507 suhjiciuntque
2600 436 2951 492 inferioribus
2991 455 3006 490 :
3044 434 3248 504 quippe
3282 435 3377 503 qui

78 521 480 592 ἀνορθωθῆναι
528 524 608 585 είς
658 522 720 576 τὸ
758 525 1039 591 παντελὲς,
1085 521 1227 581 οὗτοι
1271 528 1695 582 τεταπείνωνται

83 612 220 682 μὲν,
256 612 321 664 οὐ
355 612 463 683 μὴν
491 612 569 683 τῷ
598 613 869 684 πνεύματι
892 631 905 644 ’
946 616 1007 668 οὐ
1039 617 1148 687 γὰρ
1170 617 1429 687 ἐπαινετὴ
1454 618 1632 671 αὐτῶν
1662 620 1695 690 ἡ

79 704 452 767 ταπείνωσις.
486 705 641 757 Ὅσοι
664 705 721 758 δὲ
752 705 966 776 ἔχοντες
988 707 1086 778 τὴν
1112 708 1206 761 τοῦ
1246 709 1562 780 Πνεύματος
1600 709 1694 763 τοῦ

81 799 258 866 ἁγίου
331 800 513 871 χάριν,
559 800 777 864 ἑκόντες
830 803 1055 865 ἑαυτοὺς
1122 804 1541 858 ὑποταπεινοῦσι
1585 810 1697 870 τοῖς

81 890 545 962 ὑποδεεστέροις,
602 892 741 945 κατὰ
784 891 875 946 τὸν
920 893 1237 949 Ἀπόστολον
1284 895 1532 964 λέγοντες
1574 898 1693 949 ἑαυν

78 984 221 1045 τοὺς
278 978 420 1035 εἶναι
456 982 673 1046 δούλους
716 984 876 1037 τινῶν
906 984 962 1039 ὲν
987 984 1205 1058 Χριστῷ
1239 988 1374 1058 (51),
1421 989 1513 1041 καὶ
1544 988 1700 1042 Πάν-

79 1092 213 1129 των
278 1076 588 1143 περίψημα
658 1075 769 1140 ἕως
837 1076 1005 1144 ἄρτι·
1048 1079 1142 1131 καὶ
1189 1080 1377 1133 πάλιν·
1449 1081 1541 1146 Ὡς
1597 1093 1699 1132 πε-

75 1164 506 1234 ρικαθάρματα
545 1166 651 1219 τοῦ
708 1168 939 1234 κόσμου
979 1167 1383 1239 ἐγενήθημενσ
1441 1172 1490 1223 οἱ
1534 1188 1698 1223 πνευ-

84 1260 349 1330 ματικῶς
376 1262 443 1330 τῇ
482 1257 809 1312 ταπεινώσει
836 1261 1188 1331 κεχρημένοι,
1220 1261 1438 1314 πάντων
1468 1262 1697 1326 ἑαυτοὺς

80 1350 383 1414 ποιοῦντες
409 1352 690 1420 ἐσχάτους,
727 1350 815 1403 ἵνα
850 1351 1067 1405 πάντων
1101 1354 1307 1425 πρῶτοι
1341 1354 1606 1421 γένωνται
1640 1356 1696 1407 ὲν

78 1447 153 1515 τῇ
195 1444 451 1514 βασιλείᾳ
482 1443 590 1496 τῶν
624 1445 888 1516 οὐρανῶν.
928 1444 1162 1508 Τούτους
1197 1447 1291 1498 καὶ
1336 1446 1630 1516 μακαρίζει
1668 1449 1697 1499 ὁ

76 1535 302 1609 Κύριος
327 1537 535 1604 λέγων’
578 1537 870 1604 Μακάριοι
909 1540 963 1590 ol
994 1537 1217 1604 πτωχοὶ
1260 1535 1339 1602 τῷ
1380 1538 1692 1607 πνεύματι.

80 1626 330 1682 Πολλαὶ
372 1630 432 1681 αἱ
462 1628 701 1695 θλίψεις
748 1626 866 1679 τῶν
900 1626 1178 1692 δικαίων,
1228 1626 1326 1680 καὶ
1366 1627 1435 1680 ἐκ
1480 1627 1694 1681 πασῶν

79 1718 296 1773 αὐτῶν
325 1718 579 1785 ῥύσεται
608 1718 831 1784 αὐτοὺς
856 1721 888 1771 ό
913 1718 1147 1786 Κύριος.
1186 1719 1288 1771 Ἐν
1306 1719 1506 1782 παντὶ,
1536 1719 1690 1788 φησὶ,

1797 529 1954 599 juxta
1996 531 2311 599 Apostolum
2366 531 2550 583 dicant
2591 544 2710 584 eSse
2744 544 2803 583 se
2840 528 3159 598 quorumvis
3200 526 3289 593 qui
3321 525 3378 579 in

1799 621 2015 676 Christo
2045 632 2194 686 sunt,
2222 621 2489 689 servos“,
2518 630 2572 676 et
2594 622 2843 675 Omnium
2867 620 3290 690 rejectamentum
3312 617 3383 671 ad

1798 714 1937 781 hunc
1974 730 2136 781 usque
2176 716 2314 767 diem
2341 715 2421 781 ⁹¹;
2460 723 2514 769 et
2545 715 2738 767 iterum
2782 731 2796 767 :
2842 711 3119 781 Tanquam
3176 726 3380 779 purga-

1798 814 1972 857 menta
1998 804 2180 856 mundi
2206 804 2337 872 facti
2363 821 2543 857 sumus
2569 804 2637 857 ⁹¹.
2673 802 2771 868 Qui
2803 803 3103 858 secundum
3126 800 3378 869 spiritum

1800 892 2111 947 humilitate
2161 902 2413 958 utuntur,
2451 909 2571 948 sese
2611 894 2852 946 omnium
2900 892 3109 945 faciunt
3167 900 3382 957 postre-

1798 999 1937 1051 mos,
1976 993 2036 1037 ut
2065 984 2222 1052 primi
2247 984 2300 1037 in
2337 1000 2502 1055 regno
2532 983 2796 1038 caelorum
2839 983 2971 1036 ﬁant
3003 980 3069 1035 ".
3107 979 3217 1035 Hos
3245 994 3384 1048 prae-

1799 1075 1943 1129 dicat
1978 1089 2195 1144 quoque
2228 1078 2414 1130 beatus
2447 1076 2744 1139 Dominus,
2778 1074 2968 1128 dicens
2999 1091 3014 1126 :
3050 1073 3201 1125 Beati
3244 1087 3383 1139 pau-

1796 1183 1944 1234 peres
1969 1169 2157 1234 spiritu
2174 1168 2241 1221 ⁸⁵.
2268 1165 2457 1237 (Vens.
2476 1166 2592 1238 ‘20.)
2627 1166 3190 1221 Mttlltetribulationes
3210 1163 3384 1233 justo-

1800 1272 1936 1321 rum,
1986 1268 2032 1310 et
2078 1273 2142 1311 ea;
2183 1261 2427 1312 omnibus
2472 1259 2556 1312 his
2595 1259 2835 1311 liberavit
2865 1273 2952 1311 eos
2991 1256 3268 1310 Dominus.
3314 1253 3383 1308 In

1798 1348 2060 1413 omnibus,
2101 1350 2298 1418 inquit,
2352 1351 2515 1422 156
2556 1350 2953 1405 tribulationem
2994 1349 3246 1417 patimur,
3290 1346 3382 1400 sed

1798 1454 1902 1493 non
1941 1442 2317 1509 angustiamur
2341 1443 2412 1501 ".
2449 1442 2748 1512 Propterea
2795 1441 2960 1495 etiam
2996 1439 3254 1494 Dominus
3300 1440 3379 1492 ait

1797 1532 2077 1602 discipulis
2107 1536 2217 1590 suis
2267 1554 2279 1589 :
2331 1535 2400 1589 In
2447 1538 2645 1590 mundo
2685 1551 2985 1604 pressuram
3024 1533 3259 1595 habetis;
3288 1532 3381 1586 sed

1797 1627 2073 1694 conﬁdite,
2113 1644 2206 1697 ego
2238 1629 2338 1683 vici
2370 1630 2624 1683 mundum
2652 1629 2720 1683 “.
2750 1630 2935 1696 Quare
2969 1627 3013 1681 si
3046 1627 3268 1696 quando
3305 1626 3384 1677 vi-

1799 1714 1945 1770 deris
1978 1715 2157 1785 juslos
2193 1718 2245 1771 in
2289 1719 2518 1785 morbis,
2554 1719 2606 1773 in
2648 1721 2895 1789 corporis
2935 1716 3381 1774 detruncationi-

82 1813 456 1881 θλιϐόμενοι,
501 1811 639 1865 ἀλλ’
669 1812 741 1864 οὐ
782 1810 1345 1879 στετόχωρούμενοι.
1397 1810 1495 1865 Διὰ
1538 1811 1686 1866 τοῦτό

1803 1807 1919 1872 bus,
1949 1809 2001 1861 in
2030 1810 2453 1878 prOpinquorum
2490 1811 2804 1874 amissione,
2838 1811 2890 1865 in
2921 1810 3115 1880 plagis,
3140 1810 3192 1863 in
3229 1808 3384 1878 igno-

83 1921 228 1974 φησι
261 1904 359 1957 καὶ
386 1904 415 1955 ὁ
464 1903 669 1974 Κύριος
715 1905 827 1967 τοῖς
870 1900 1065 1955 ἑαυτοῦ
1119 1903 1425 1975 μαθηταῖς·
1477 1905 1580 1958 Ἐν
1615 1904 1696 1970 τῷ

83 1998 306 2065 κόσμῳ
329 1996 542 2062 θλίψιν
579 1994 767 2064 ἕχετε’
788 1994 945 2048 ἀλλὰ
961 1994 1252 2063 θαρσεῖτε,
1274 1995 1388 2065 ἐγὼ
1402 1997 1697 2064 νενίκηκα

81 2090 198 2142 τὸν
221 2090 482 2156 κόσμον.
524 2087 685 2140 Ὥστε
712 2087 806 2139 ἐὰν
838 2086 953 2157 ἴδῃς
990 2087 1121 2140 ποτὲ
1162 2089 1220 2140 ὲν
1254 2087 1430 2151 νόσοις
1450 2129 1464 2152 ,
1497 2091 1553 2141 ὲν
1581 2089 1694 2160 (5‘2)

83 2179 380 2252 πηρώσεσι
412 2178 683 2250 σώματος,
712 2181 770 2232 ὲν
798 2178 1035 2249 ἀποϐολῇ
1063 2178 1170 2232 τῶν
1198 2180 1433 2243 οἰκείων,
1466 2182 1523 2233 ὲν
1556 2181 1695 2252 πλη-

84 2275 239 2341 γαῖς,
272 2274 332 2325 ὲν
365 2272 630 2343 ἀτιμίαις,
658 2273 715 2323 ὲν
746 2271 895 2342 πάσῃ
923 2270 1099 2342 ἐνδείᾳ
1128 2271 1222 2324 καὶ
1255 2271 1543 2343 ὑπερήσει
1581 2271 1692 2325 τῶν

84 2363 409 2433 ἀναγκαίων
436 2365 562 2427 τοὺς
589 2363 833 2426 δικαίους
863 2362 1228 2433 ὑπάρχοντας,
1272 2363 1541 2435 μνήσθητι
1561 2404 1576 2429 ,
1610 2366 1693 2418 ὅτι

84 2457 325 2511 ﬂaua)
344 2458 405 2509 αι
425 2456 665 2524 θλίψεις
682 2454 801 2508 τῶν
818 2454 1083 2520 δικαίων,
1116 2455 1214 2508 καὶ
1240 2455 1308 2507 ἐκ
1332 2454 1547 2509 πασῶν
1580 2457 1692 2527 (55)

84 2546 294 2602 αὐτῶν
323 2548 577 2615 ῥύσεται
603 2547 829 2613 αὐτοὺς
862 2550 895 2600 ὀ
921 2547 1157 2616 Κύριος.
1212 2549 1271 2600 '0
1305 2547 1361 2600 δὲ
1399 2548 1572 2617 λέγων
1617 2550 1692 2622 μὴ

86 2640 325 2712 πρέπειν
354 2640 433 2711 τῷ
467 2639 660 2711 δικαίῳ
685 2639 782 2711 τὴν
820 2638 1021 2709 θλίψιν,
1060 2639 1213 2692 οὐδὲν
1259 2638 1445 2708 ἓτερον
1475 2640 1623 2708 λέγει
1658 2640 1691 2711 ἢ

90 2733 168 2804 μὴ
231 2731 495 2803 ἁρμόζειν
546 2731 625 2803 τῷ
671 2732 880 2802 ἀθλητῇ
938 2730 1031 2784 τὸν
1100 2732 1529 2803 ἀνταγωνιστήν.
1601 2732 1693 2803 Μὴ

90 2824 497 2895 ἀγωνιζόμενος
524 2824 581 2878 δὲ
601 2827 630 2878 ό
657 2823 893 2895 ἀθλητὴς
924 2824 1076 2887 τίνας
1109 2822 1220 2890 ἕξει
1267 2824 1375 2877 τῶν
1413 2825 1693 2894 στεφάνων

89 2916 191 2979 τὰς
240 2915 563 2981 ὑποθέσεις;
619 2916 759 2987 Ἤδη
811 2915 868 2968 δὲ
916 2916 1177 2985 τέταρτον
1231 2915 1447 2984 λέγεται
1506 2918 1565 2969 ὲν
1616 2916 1694 2987 τῷ

88 3005 295 3076 ψαλμῷ
341 3004 536 3076 τούτῳ,
587 3005 709 3058 τίνα
753 3003 955 3075 τρόπον
999 3005 1107 3059 ἀπὸ
1149 3004 1381 3074 θλίψεως
1432 3005 1618 3078 ῥύεται
1664 3010 1693 3062 ό

88 3100 299 3171 Κύριος
322 3139 336 3163 ,
365 3097 459 3162 οὒς
505 3096 767 3177 ὲὰνιθέλῃ
811 3096 1098 3169 ῥύσασθαι.
1149 3098 1372 3169 Πρῶτον
1406 3098 1505 3169 μὲν
1542 3099 1686 3171 γάρ·

103 3188 471 3258 Ἐξεζήτησα
502 3188 610 3242 τὸν
646 3189 866 3257 Κύριον
888 3227 903 3252 ,
936 3188 1034 3242 καὶ
1067 3188 1377 3257 ἐπήκουσέ
1399 3207 1519 3258 μου
1542 3229 1557 3254 ,
1588 3191 1689 3245 καὶ

90 3281 160 3335 ἐκ
189 3279 408 3334 πασῶν
432 3279 553 3334 τῶν
591 3278 859 3348 θλίψεών
877 3297 997 3348 μου
1033 3281 1332 3348 ἐρῤύσατό
1356 3297 1462 3349 με’
1504 3282 1688 3335 δεύτε-

98 3389 188 3443 ρον
220 3372 277 3426 δὲ
325 3371 520 3426 πάλινο
563 3367 751 3435 Οὗτος
781 3374 815 3425 ὁ
867 3370 1104 3440 πτωχὸς
1146 3372 1470 3439 ἐκέκραξε,
1517 3373 1618 3426 καὶ
1656 3376 1689 3427 ὀ

94 3466 309 3533 Κύριος
327 3463 694 3531 είσήκουσεν
721 3464 931 3529 αὐτοῦ,
967 3464 1065 3518 καὶ
1086 3465 1155 3518 ἐκ
1177 3465 1393 3518 πασῶν
1414 3466 1534 3519 τῶν
1558 3467 1687 3520 θλί-

95 3560 260 3626 ψεων
297 3556 484 3611 αὐτοῦ
531 3556 769 3611 ἔσωσεν
821 3557 1040 3611 αὐτόν·
1086 3557 1182 3612 καὶ
1237 3557 1420 3628 τρίτον
1441 3572 1455 3586 ⁸

1800 1900 2003 1968 miniis,
2056 1902 2109 1956 in
2148 1903 2295 1956 omni
2353 1904 2534 1973 inopia
2584 1920 2649 1959 ac
2701 1919 2882 1958 rerum
2936 1901 3379 1957 necessariarum

1796 2000 2039 2059 egestate
2078 1993 2342 2058 detineri,
2376 2010 2586 2050 memor
2624 1995 2793 2051 fueris
2836 1997 2979 2066 quod
3030 1992 3220 2048 Multa:
3258 1999 3384 2045 sunt

1797 2082 2167 2138 tribulatioues
2188 2086 2459 2153 justorum
2480 2125 2495 2151 ,
2523 2097 2570 2141 et
2602 2089 2743 2157 quod
2779 2105 2843 2142 ea:
2868 2087 3111 2141 omnibus
3138 2085 3219 2138 his
3247 2083 3381 2138 libe-

1796 2175 1932 2230 rabit
1961 2193 2051 2230 eos
2081 2177 2361 2234 Dominus.
2404 2179 2506 2246 Qui
2538 2190 2719 2235 autem
2766 2182 2898 2234 dicit
2923 2181 3070 2249 justo
3103 2194 3208 2231 non
3248 2191 3382 2231 cou-

1795 2268 1983 2322 venire
2014 2269 2423 2324 tribulationem
2446 2311 2461 2336 ,
2497 2271 2633 2325 nihil
2673 2272 2818 2326 aliud
2858 2270 2994 2325 dicit
3027 2269 3130 2323 nisi
3165 2267 3388 2321 athleta

1796 2375 1902 2413 non
1951 2374 2257 2431 congruere
2284 2362 2681 2419 adversarium.
2731 2360 2839 2417 Sed
2886 2360 3113 2415 athletze
3145 2371 3253 2411 non
3289 2356 3387 2410 dc-

1796 2453 2028 2507 certanti
2052 2467 2173 2522 quae
2194 2464 2357 2508 erunt
2377 2455 2702 2510 occasiones
2721 2450 3090 2509 coronarum?
3111 2448 3229 2505 Jam
3254 2461 3385 2501 vero

1796 2556 1989 2612 quater
2012 2546 2067 2600 in
2097 2546 2201 2601 hoc
2230 2547 2441 2616 psalmo
2472 2548 2697 2611 dicitur,
2735 2561 2842 2617 qua
2880 2545 3093 2599 ratione
3118 2557 3213 2597 eos
3244 2553 3383 2610 quos

1796 2638 2058 2693 Dominus
2092 2638 2330 2693 liberare
2358 2640 2509 2706 vult,
2544 2654 2574 2693 a
2621 2638 2972 2693 tribulatione
3004 2636 3219 2691 liberet.
3263 2632 3386 2686 Pri-

1796 2744 1940 2782 mum
1990 2729 2135 2784 enim
2202 2728 2414 2800 (Vt-ms.
2456 2729 2530 2802 5)
2584 2749 2600 2784 :
2662 2728 2937 2798 Exquisivi
2977 2728 3286 2789 Dominum,
3335 2733 3383 2777 et

1793 2823 2060 2875 exaudivit
2084 2838 2189 2888 me,
2216 2832 2265 2876 et
2293 2839 2358 2877 ea:
2385 2824 2627 2877 omnibus
2662 2821 3095 2876 tribulationibus
3119 2818 3245 2873 meis
3277 2817 3385 2871 eri-

1792 2915 1910 2985 puit
1955 2931 2071 2979 me;
2120 2917 2363 2971 secundo
2401 2915 2592 2986 (Vens.
2618 2914 2672 2984 7)
2710 2935 2722 2969 :
2751 2913 2857 2967 Hic
2884 2928 3084 2982 pauper
3114 2910 3382 2975 clamavit,

1792 3020 1843 3062 et
1872 3008 2131 3064 Dominus
2165 3011 2433 3064 exaudivit
2464 3025 2604 3073 eum,
2628 3016 2676 3061 et
2703 3024 2768 3060 ex
2796 3007 3037 3061 omnibus
3076 3003 3383 3058 tribulatio-

1717 3126 1762 3187 ο
1794 3101 1948 3155 nibus
1991 3101 2106 3172 ejus
2138 3102 2359 3156 salvavit
2386 3114 2547 3166 eum;
2595 3100 2754 3155 tertio
2786 3098 2972 3171 (Vens.
3004 3097 3089 3168 I8)
3125 3115 3136 3149 :
3170 3094 3384 3150 Clama-

1796 3201 1977 3247 verunt
2001 3194 2179 3263 justi,
2210 3203 2259 3247 et
2290 3193 2551 3248 Dominus
2579 3192 2849 3247 exaudivit
2884 3208 3001 3255 eos,
3034 3200 3080 3242 et
3117 3204 3182 3243 es:
3206 3187 3380 3243 omni-

1798 3286 1893 3339 bus
1926 3286 2362 3340 tribulationibus
2398 3303 2579 3340 eorum
2632 3285 2877 3339 liberavit
2919 3300 3031 3337 eos.
3099 3281 3385 3336 Postremo

1797 3376 1989 3447 (Vens.
2020 3376 2113 3446 20)
2139 3395 2152 3426 :
2184 3376 2371 3431 Multa:
2400 3376 2766 3430 tribulationes
2793 3375 3085 3445 justorunt,
3107 3384 3153 3429 et
3180 3374 3247 3427 de
3271 3387 3384 3426 am-

1797 3469 1950 3521 nibus
1983 3467 2066 3521 his
2094 3468 2332 3522 liberavit
2367 3484 2453 3521 eos
2490 3467 2768 3521 Dominus.

1528 3558 1899 3628 Ἐκέκραξαν
1939 3562 1997 3614 οὶ
2058 3559 2309 3623 δίκαιοι,
2372 3559 2472 3613 καί
2507 3562 2540 3613 ό
2585 3560 2805 3627 Κύριος
2868 3558 3240 3627 εἰσήκουσεν
3272 3556 3382 3609 αὐ·-

95 3647 235 3712 τῶν,
265 3649 453 3702 καίὲκ
480 3647 696 3703 πασῶν
716 3647 837 3702 τῶν
869 3651 1136 3718 θλίψεων
1163 3651 1364 3706 αὐτῶν
1429 3653 1727 3721 ἐρρύσατο
1766 3654 2020 3717 αὐτούς’
2068 3653 2162 3706 καὶ
2201 3652 2541 3705 τελευταῖον·
2585 3651 2818 3705 Πολλαὶ
2872 3653 2932 3704 al
2975 3651 3218 3717 θλίψεις
3254 3644 3380 3700 τῶν

97 3740 373 3805 δικαίων,
400 3740 503 3794 καὶ
528 3740 597 3794 ἐκ
633 3740 848 3795 πασῶν
888 3739 1088 3796 αὐτῶν
1122 3743 1378 3810 ῥύσεται
1409 3744 1634 3810 αὐτοὺς
1663 3749 1697 3799 ὁ
1733 3746 1969 3814 Κύριος.

170 3831 257 3884 15.
288 3829 599 3884 Φυλάσσει
632 3832 852 3899 Κύριος
892 3830 1091 3885 πάντα
1139 3833 1212 3887 τὰ
1259 3832 1412 3888 ὀστᾶ
1457 3834 1689 3888 αὐτῶν·

99 3922 170 3977 ἐν
194 3922 264 3987 ἐξ
307 3922 507 3979 αὐτῶν
542 3925 615 3978 οὐ
653 3925 1137 3994 συντριϐήσεται.
1196 3927 1434 3998 Πότερον
1476 3928 1556 3980 δεῖ
1601 3926 1694 3981 ἐπὶ

98 4017 200 4087 τῆς
232 4015 428 4083 λέξεως
469 4019 650 4087 μεῖναι
669 4055 684 4082 ,
720 4017 814 4071 καὶ
847 4018 1185 4090 ἀρκεσθῆναι
1213 4021 1277 4090 τῇ
1309 4021 1451 4073 κατὰ
1472 4021 1531 4073 τὸ
1558 4020 1692 4092 πρό-

104 4125 283 4180 χειρον
305 4108 725 4182 προσπιπτούσῃ
756 4110 877 4173 ταῖς
894 4111 1083 4173 ἀκοαῖς
1112 4112 1144 4181 ἡ
1155 4109 1271 4181 μῶν
1287 4110 1485 4183 ἐννοίᾳ,
1517 4111 1598 4164 ὅτι
1625 4112 1693 4165 τὰ

101 4203 235 4255 ὀστᾶ
259 4201 452 4266 ταῦτα,
487 4202 555 4255 τὰ
578 4201 678 4271 τῆς
702 4202 903 4273 σαρκὸς
934 4201 1391 4273 ὐποστηρίγματα
1410 4243 1424 4268 ,
1461 4203 1522 4256 οὐ
1570 4220 1695 4255 συν-

101 4294 417 4367 τριὸήσεται
447 4292 556 4346 τῶν
581 4294 807 4347 δικαίων
832 4294 921 4347 διὰ
951 4294 1051 4366 τὴν
1084 4294 1237 4366 παρὰ
1262 4295 1356 4349 τοῦ
1379 4295 1587 4367 Κυρίου
1610 4296 1694 4349 δε-

102 4387 330 4457 δομένην
358 4386 541 4449 αὐτοῖς
574 4385 854 4456 φυλακήν;
892 4387 1003 4441 Καὶ
1036 4386 1264 4458 πότερον
1298 4386 1498 4451 ζῶντος
1533 4388 1694 4459 μόνον

1868 3836 1957 3891 I5.
1993 3834 2157 3891 νεεδ.
2190 3834 2283 3890 21.
2328 3833 2569 3889 Custodit
2608 3833 2864 3888 Dominus
2896 3836 3075 3886 omnia
3120 3847 3240 3887 ossa
3289 3848 3382 3886 eo-

1796 3943 1936 3980 rum.
1960 3942 2124 3980 unum
2170 3941 2236 3980 ea:
2281 3926 2364 3980 his
2403 3942 2510 3981 non
2562 3936 2879 3979 conteretur.
2922 3923 3057 3979 Num
3094 3923 3149 3979 in
3196 3923 3381 3979 littera

1797 4020 2006 4075 haerere
2038 4027 2276 4089 oportet,
2310 4028 2365 4074 et
2414 4034 2476 4074 ea
2521 4019 2745 4073 notione
2784 4031 2907 4087 quae
2949 4016 3133 4071 statim
3170 4015 3381 4070 auditui

1797 4120 1985 4167 nostro
2022 4111 2286 4177 illabitur,
2343 4119 2655 4166 contentum
2714 4123 2873 4174 esse,
2931 4109 3074 4179 quod
3133 4107 3385 4163 videlitct

1798 4202 1991 4257 isthmc
2013 4201 2285 4271 iustorum
2317 4217 2466 4267 ossa,
2501 4201 2680 4257 carnis
2713 4200 2882 4254 fulcra
2904 4240 2919 4266 ,
2949 4215 3057 4255 non
3092 4209 3385 4254 conteren-

1799 4302 1888 4347 tur
1917 4294 1988 4349 ob
2027 4294 2210 4349 datam
2241 4294 2345 4349 sibi
2377 4310 2408 4349 a
2448 4294 2681 4349 Domino
2708 4292 3048 4347 custodiam?
3092 4292 3160 4346 Et
3194 4299 3377 4345 utrum

1794 4386 1924 4454 juSti
1953 4401 2097 4450 ossa,
2130 4387 2371 4456 quandiu
2404 4388 2556 4440 vivet
2602 4386 2778 4440 solum
2810 4394 2864 4439 et
2903 4384 2955 4437 in
2988 4385 3099 4437 vita
3134 4384 3380 4438 diversa.

104 4478 196 4529 καὶ
224 4479 281 4529 ὲν
323 4474 401 4546 τῷ
447 4474 546 4546 βίῳ
580 4476 940 4546 τυγχάνοντος
984 4476 1323 4548 ἁσύντριπτα
1361 4477 1455 4530 τοῦ
1485 4477 1686 4531 δικαίου

1803 4478 1966 4545 hitur,
1996 4479 2370 4534 custodientur
2396 4493 2426 4532 a
2453 4477 2695 4531 fractura
2724 4477 2871 4532 omni
2902 4475 3108 4530 illaesa?
3138 4490 3204 4529 an
3227 4474 3381 4543 justo

104 4568 505 4640 φυλαχθήσεται
533 4567 646 4638 (54)
669 4566 740 4620 τὰ
769 4568 940 4634 ὀστᾶ;
975 4568 1008 4639 ἢ
1044 4571 1139 4621 καὶ
1185 4568 1549 4633 ἀπολυθέντος
1597 4569 1686 4623 τοῦ

1803 4574 1965 4625 etiam
2016 4570 2263 4640 corporis
2314 4570 2537 4624 vinculo
2594 4569 2869 4634 exsoluto,
2922 4568 3071 4622 nulla
3126 4566 3383 4622 fracturae

103 4630 299 4730 basiabit
333 4630 425 4711 τοῦ
441 4630 778 4728 σωματικοῦ,
809 4630 978 4730 μηδεν
997 4630 1187 4712 ἀἴτιον
1219 4630 1686 4729 ὲπισυμϐήσεσθαι

1803 4677 1963 4719 causa
1994 4630 2173 4718 futuia
2206 4662 2321 4717 sit?
2346 4661 2508 4730 Atqui
2529 4630 2871 4730 experientia
2894 4660 3187 4716 didicimus
3212 4660 3378 4714 multa

103 4749 394 4821 συντριϐἧς
429 4749 508 4821 τῷ
544 4750 773 4821 δικαίῳ;
814 4753 921 4823 Καὶ
957 4752 1063 4823 μὴν
1090 4751 1261 4805 πολλὰ
1288 4752 1690 4824 μεμαθήκαμεν

104 4843 194 4894 ἐπὶ
217 4842 314 4911 τῆς
350 4841 546 4912 πείρας
589 4842 723 4896 ὁστᾶ
750 4842 973 4897 δικαίων
1000 4846 1440 4916 συντετριμμένα
1459 4885 1475 4908 ,
1506 4845 1616 4899 τῶν
1636 4847 1694 4899 ἐν

105 4935 213 4997 τοῖς
264 4932 406 5003 ὑπὲρ
448 4932 549 5002 τῆς
592 4935 671 4996 είς
709 4934 943 5005 Χριστὸν
975 4936 1283 5007 μαρτυρίας
1334 4937 1693 5002 παραδόντων

108 5027 329 5089 ἑαυτοὺς
371 5027 645 5090 παντοίοις
677 5026 846 5079 εἴδεσι
892 5028 1254 5100 παθημάτων.
1297 5028 1436 5099 Ἤδη
1472 5030 1578 5101 γάρ
1608 5046 1692 5081 τι-

107 5135 210 5173 νων
245 5118 351 5190 (55)
380 5120 475 5171 καὶ
502 5118 665 5190 σκέλη
695 5118 965 5185 κατέαξαν
998 5120 1047 5173 οἱ
1082 5118 1403 5184 διώκοντες,
1448 5120 1542 5173 καὶ
1585 5124 1695 5191 χεῖ-

176 5212 222 5244 ⁹⁶
255 5211 292 5265 II
338 5213 465 5267 Cor.
515 5228 589 5274 tv,
632 5213 686 5271 5.
788 5214 831 5246 ⁹¹
886 5214 902 5267 I
952 5213 1077 5267 Cor.
1120 5228 1197 5280 tv,
1231 5214 1316 5267 15.

109 5282 156 5315 ⁹⁶
180 5281 331 5336 Joan.
368 5299 481 5348 xvs,
523 5282 614 5338 55.

1414 5214 1458 5243 ’³
1493 5216 1621 5267 ibid.
1700 5214 1746 5246 ⁹³
1779 5214 1967 5273 Matth.
2002 5233 2094 5281 xx,
2126 5216 2214 5271 16.

1796 4770 1918 4810 ossa
1946 4754 2238 4822 iustorum,
2269 4754 2361 4822 qui
2396 4767 2519 4807 sese
2551 4752 2837 4822 quibusvis
2863 4752 3251 4822 suppliciorum
3287 4767 3383 4821 ge-

1798 4850 2020 4903 tterihus
2055 4863 2153 4917 pro
2194 4846 2321 4901 dato
2368 4846 2435 4901 de
2483 4846 2701 4901 Christo
2734 4845 3045 4899 testimonio
3080 4844 3375 4906 tradidere,

1799 4941 2035 4996 contrita
2072 4950 2236 5007 atque
2266 4939 2598 4994 comminuta
2624 4936 2810 4991 fuisse.
2841 4934 2962 4989 Jam
2991 4936 3138 4989 enim
3166 4943 3220 4988 et
3247 4950 3382 5002 quo-

1798 5034 2043 5084 rumdam
2101 5044 2263 5084 crura
2307 5028 2698 5097 conl‘regerunt
2748 5035 3165 5096 persecutores,
3217 5034 3380 5093 atque

1800 5137 1992 5176 manus
2029 5138 2092 5177 ac
2132 5122 2306 5190 capita
2348 5121 2517 5174 clavis
2548 5132 2689 5187 saepe
2732 5117 3146 5171 translixerunt.
3193 5115 3254 5168 Et
3294 5123 3378 5166 la-

2311 5214 2358 5247 ”
2391 5214 2579 5268 Matth.
2620 5228 2671 5277 ν,
2722 5212 2777 5266 5.
2875 5211 2921 5242 ’⁵
2961 5208 3005 5264 Il
3037 5208 3165 5265 Cor.
3211 5224 3285 5270 IV,
3318 5205 3354 5262 8

180 5377 288 5446 (51)
334 5376 490 5431 Facit
519 5391 668 5432 more
717 5372 1244 5447 suo__Comhelisius,_
1272 5372 1560 5447 utaliquid
1618 5375 1682 5447 ad

1803 5377 1920 5430 τῶν.
1955 5377 2065 5434 Nec
2098 5380 2169 5433 ita
2220 5378 2390 5433 multo
2420 5387 2541 5447 post
2585 5376 2739 5431 Colh.
2776 5376 2982 5447 primus
3008 5376 3054 5427 ei
3090 5373 3163 5444 μὴ
3198 5372 3372 5444 ἁρμό-

113 5442 388 5503 arbitrium
410 5462 565 5501 suum
590 5454 780 5499 mutet.
811 5442 913 5498 Ubi
953 5444 1117 5510 igitur
1149 5443 1376 5511 legimus
1397 5456 1452 5496 et
1488 5444 1539 5495 in
1563 5444 1681 5496 edi-

1789 5446 1925 5511 ζειν.
1954 5447 2313 5520 Πυθιειίἱιιε
2341 5451 2391 5502 εί
2426 5446 2508 5520 μὴ
2540 5447 2615 5520 μὴ
2638 5446 2922 5518 ἁρμόζειν.
2947 5447 3050 5499 Alii
3086 5461 3213 5498 mss.
3246 5458 3370 5500 cum

114 5521 181 5574 tis
211 5519 330 5571 etin
357 5533 487 5592 ms_s.
523 5513 996 5592 omnibus._'cty@y
1028 5515 1085 5565 ὲν
1123 5511 1368 5592 Χριστῷ,
1398 5514 1517 5566 vult
1576 5512 1681 5592 legi

1803 5520 1960 5592 Mitis,
1981 5518 2012 5590 ἢ
2036 5511 2125 5592 itit
2155 5522 2290 5592 ἀρμ-

113 5597 352 5658 oportere
382 5586 494 5640 τῶν
520 5588 578 5640 ὲν
609 5582 849 5658 Χριστῷ.
889 5582 1186 5654 νυιεαιιιιιι
1208 5583 1497 5638 lectionem
1550 5586 1685 5637 reti-

116 5660 334 5714 nendam
356 5673 479 5712 esse
513 5658 790 5710 duximus.

183 5728 288 5797 (52)
312 5727 452 5797 Editi
476 5726 651 5789 νόσοις
677 5726 710 5797 ἢ
740 5728 818 5780 ὲν.
852 5724 1016 5779 Deest
1050 5723 1086 5797 ἦ
1117 5723 1167 5776 in
1202 5730 1417 5797 septem
1438 5737 1573 5797 mss.

184 5792 290 5870 (33)
330 5796 481 5870 Regii
513 5792 709 5854 tertius
731 5805 787 5854 et
817 5804 1042 5866 quartus
1067 5792 1312 5861 δικαίων,
1338 5792 1451 5847 ἀλλ’
1479 5795 1544 5847 ἐκ
1578 5808 1683 5846 παι-

1860 5589 1970 5658 (54)
2003 5587 2157 5644 Bell).
2194 5587 2409 5657 primus
2438 5587 2896 5659 φυλαχθησονται.

1860 5650 1973 5730 (35)
2016 5660 2090 5712 Ita
2129 5650 2260 5714 mss.
2303 5650 2462 5713 octo:
2494 5650 2820 5730 Edi't'iétvwv
2852 5654 3054 5711 αὐτῶν.
3089 5652 3208 5711 Mox
3243 5650 3381 5715 editi

1786 5730 2073 5801 Καίτοιγε.
2104 5731 2265 5787 Deest
2298 5746 2363 5800 γε
2390 5730 2443 5785 in
2480 5729 2680 5784 nostris
2714 5743 2841 5783 mss.
