  <div class='ocr_page' id='page_1' title='image "/cluster/home/n/w/nwhite01/storage/ocr_20150623/29/nnc1.0046978755/661.png"; bbox 0 0 3818 6220; ppageno 0'>
   <div class='ocr_carea' id='block_1_1' title="bbox 482 290 592 344">
    <p class='ocr_par' dir='ltr' id='par_1_1' title="bbox 482 290 592 344">
     <span class='ocr_line' id='line_1_1' title="bbox 482 290 592 344; baseline 0.036 -4"><span class='ocrx_word' id='word_1_1' title='bbox 482 290 592 344; x_wconf 75' lang='lat'><strong>533</strong></span> 
     </span>
    </p>
   </div>
   <div class='ocr_carea' id='block_1_2' title="bbox 1839 289 3677 355">
    <p class='ocr_par' dir='ltr' id='par_1_2' title="bbox 1839 289 3677 355">
     <span class='ocr_line' id='line_1_2' title="bbox 1839 289 3677 355; baseline -0.002 -9"><span class='ocrx_word' id='word_1_2' title='bbox 1839 291 1896 346; x_wconf 92' lang='lat' dir='ltr'><strong>S.</strong></span> <span class='ocrx_word' id='word_1_3' title='bbox 1939 289 2183 346; x_wconf 74' lang='lat' dir='ltr'><strong>BASILll</strong></span> <span class='ocrx_word' id='word_1_4' title='bbox 2219 291 2433 348; x_wconf 84' lang='lat' dir='ltr'><strong>MAGNI</strong></span> <span class='ocrx_word' id='word_1_5' title='bbox 3615 303 3677 355; x_wconf 57' lang='grc' dir='ltr'>ει)</span> 
     </span>
    </p>
   </div>
   <div class='ocr_carea' id='block_1_3' title="bbox 482 401 2056 480">
    <p class='ocr_par' dir='ltr' id='par_1_3' title="bbox 482 401 2056 478">
     <span class='ocr_line' id='line_1_3' title="bbox 482 401 2056 478; baseline 0.004 -23"><span class='ocrx_word' id='word_1_6' title='bbox 482 418 606 456; x_wconf 86' lang='lat' dir='ltr'><strong>men</strong></span> <span class='ocrx_word' id='word_1_7' title='bbox 638 401 758 469; x_wconf 83' lang='lat' dir='ltr'><strong>qtiis</strong></span> <span class='ocrx_word' id='word_1_8' title='bbox 791 403 1172 458; x_wconf 66' lang='lat' dir='ltr'><strong>Contradicens</strong></span> <span class='ocrx_word' id='word_1_9' title='bbox 1221 404 1499 459; x_wconf 81' lang='lat' dir='ltr'><strong>aﬂirmarit</strong></span> <span class='ocrx_word' id='word_1_10' title='bbox 1541 419 1634 460; x_wconf 90' lang='lat' dir='ltr'><strong>eos</strong></span> <span class='ocrx_word' id='word_1_11' title='bbox 1677 407 1769 476; x_wconf 88' lang='lat' dir='ltr'><strong>qui</strong></span> <span class='ocrx_word' id='word_1_12' title='bbox 1802 408 2056 478; x_wconf 74' lang='lat' dir='ltr'><strong>martyrio</strong></span> 
     </span>
    </p>
   </div>
   <div class='ocr_carea' id='block_1_4' title="bbox 2164 401 3676 480">
    <p class='ocr_par' dir='ltr' id='par_1_4' title="bbox 2172 407 3676 480">
     <span class='ocr_line' id='line_1_4' title="bbox 2172 407 3676 480; baseline 0.002 -20"><span class='ocrx_word' id='word_1_13' title='bbox 2172 425 2270 479; x_wconf 88' lang='grc' dir='ltr'><strong>ρας</strong></span> <span class='ocrx_word' id='word_1_14' title='bbox 2306 410 2400 462; x_wconf 74' lang='grc' dir='ltr'><strong>καὶ</strong></span> <span class='ocrx_word' id='word_1_15' title='bbox 2421 407 2662 478; x_wconf 78' lang='grc' dir='ltr'>κεφαλὰς</span> <span class='ocrx_word' id='word_1_16' title='bbox 2700 409 2976 480; x_wconf 87' lang='grc' dir='ltr'>διέπειραν</span> <span class='ocrx_word' id='word_1_17' title='bbox 3006 413 3115 473; x_wconf 89' lang='grc' dir='ltr'>τοῖς</span> <span class='ocrx_word' id='word_1_18' title='bbox 3140 409 3285 480; x_wconf 75' lang='grc' dir='ltr'>ἣλοις</span> <span class='ocrx_word' id='word_1_19' title='bbox 3311 409 3575 472; x_wconf 76' lang='grc' dir='ltr'>πολλάκις.</span> <span class='ocrx_word' id='word_1_20' title='bbox 3597 413 3676 463; x_wconf 74' lang='lat' dir='ltr'><strong>Kai-</strong></span> 
     </span>
    </p>
   </div>
   <div class='ocr_carea' id='block_1_5' title="bbox 481 487 2064 566">
    <p class='ocr_par' dir='ltr' id='par_1_5' title="bbox 481 487 2064 566">
     <span class='ocr_line' id='line_1_5' title="bbox 481 487 2064 566; baseline 0.003 -17"><span class='ocrx_word' id='word_1_21' title='bbox 481 487 838 549; x_wconf 61' lang='lat' dir='ltr'><strong>cﬁnsummati</strong></span> <span class='ocrx_word' id='word_1_22' title='bbox 881 504 1041 562; x_wconf 89' lang='lat' dir='ltr'><strong>sunt,</strong></span> <span class='ocrx_word' id='word_1_23' title='bbox 1081 512 1186 548; x_wconf 91' lang='lat' dir='ltr'><strong>non</strong></span> <span class='ocrx_word' id='word_1_24' title='bbox 1227 497 1471 550; x_wconf 89' lang='lat' dir='ltr'><strong>omnium</strong></span> <span class='ocrx_word' id='word_1_25' title='bbox 1525 512 1647 552; x_wconf 90' lang='lat' dir='ltr'><strong>esse</strong></span> <span class='ocrx_word' id='word_1_26' title='bbox 1691 497 2064 566; x_wconf 88' lang='lat' dir='ltr'><strong>justissimos?</strong></span> 
     </span>
    </p>
   </div>
   <div class='ocr_carea' id='block_1_6' title="bbox 482 581 2063 654">
    <p class='ocr_par' dir='ltr' id='par_1_6' title="bbox 482 581 2063 654">
     <span class='ocr_line' id='line_1_6' title="bbox 482 581 2063 654; baseline 0.006 -17"><span class='ocrx_word' id='word_1_27' title='bbox 482 581 590 637; x_wconf 91' lang='lat' dir='ltr'><strong>Sed</strong></span> <span class='ocrx_word' id='word_1_28' title='bbox 631 583 910 650; x_wconf 74' lang='lat' dir='ltr'><strong>fortassis,</strong></span> <span class='ocrx_word' id='word_1_29' title='bbox 960 586 1418 653; x_wconf 81' lang='lat' dir='ltr'><strong>quemadmodum</strong></span> <span class='ocrx_word' id='word_1_30' title='bbox 1477 589 1641 644; x_wconf 93' lang='lat' dir='ltr'><strong>homo</strong></span> <span class='ocrx_word' id='word_1_31' title='bbox 1692 591 1916 654; x_wconf 87' lang='lat' dir='ltr'><strong>dicitur,</strong></span> <span class='ocrx_word' id='word_1_32' title='bbox 1960 593 2063 647; x_wconf 91' lang='lat' dir='ltr'><strong>hoc</strong></span> 
     </span>
    </p>
   </div>
   <div class='ocr_carea' id='block_1_7' title="bbox 479 676 2059 751">
    <p class='ocr_par' dir='ltr' id='par_1_7' title="bbox 479 676 2059 751">
     <span class='ocr_line' id='line_1_7' title="bbox 479 676 2059 751; baseline 0.006 -22"><span class='ocrx_word' id='word_1_33' title='bbox 479 684 584 742; x_wconf 82' lang='lat' dir='ltr'><strong>est,</strong></span> <span class='ocrx_word' id='word_1_34' title='bbox 627 676 805 728; x_wconf 91' lang='lat' dir='ltr'><strong>anima</strong></span> <span class='ocrx_word' id='word_1_35' title='bbox 837 687 892 730; x_wconf 88' lang='lat' dir='ltr'><strong>et</strong></span> <span class='ocrx_word' id='word_1_36' title='bbox 935 692 1088 732; x_wconf 89' lang='lat' dir='ltr'><strong>mens</strong></span> <span class='ocrx_word' id='word_1_37' title='bbox 1125 678 1393 747; x_wconf 88' lang='lat' dir='ltr'><strong>humana,</strong></span> <span class='ocrx_word' id='word_1_38' title='bbox 1424 681 1498 734; x_wconf 88' lang='lat' dir='ltr'><strong>ita</strong></span> <span class='ocrx_word' id='word_1_39' title='bbox 1528 691 1583 735; x_wconf 89' lang='lat' dir='ltr'><strong>et</strong></span> <span class='ocrx_word' id='word_1_40' title='bbox 1614 683 1782 751; x_wconf 84' lang='lat' dir='ltr'><strong>ipsius</strong></span> <span class='ocrx_word' id='word_1_41' title='bbox 1819 685 2059 738; x_wconf 90' lang='lat' dir='ltr'><strong>membra</strong></span> 
     </span>
    </p>
   </div>
   <div class='ocr_carea' id='block_1_8' title="bbox 478 767 2059 840">
    <p class='ocr_par' dir='ltr' id='par_1_8' title="bbox 478 767 2059 840">
     <span class='ocr_line' id='line_1_8' title="bbox 478 767 2059 840; baseline 0.004 -19"><span class='ocrx_word' id='word_1_42' title='bbox 478 767 669 821; x_wconf 82' lang='lat' dir='ltr'><strong>eodem</strong></span> <span class='ocrx_word' id='word_1_43' title='bbox 710 767 931 821; x_wconf 86' lang='lat' dir='ltr'><strong>nomine</strong></span> <span class='ocrx_word' id='word_1_44' title='bbox 969 783 1034 822; x_wconf 90' lang='lat' dir='ltr'><strong>ac</strong></span> <span class='ocrx_word' id='word_1_45' title='bbox 1078 769 1325 838; x_wconf 89' lang='lat' dir='ltr'><strong>corporis</strong></span> <span class='ocrx_word' id='word_1_46' title='bbox 1369 781 1554 840; x_wconf 89' lang='lat' dir='ltr'><strong>partes</strong></span> <span class='ocrx_word' id='word_1_47' title='bbox 1599 784 1883 828; x_wconf 82' lang='lat' dir='ltr'><strong>vocantur.</strong></span> <span class='ocrx_word' id='word_1_48' title='bbox 1925 773 2059 828; x_wconf 84' lang='lat' dir='ltr'><strong>Nam</strong></span> 
     </span>
    </p>
   </div>
   <div class='ocr_carea' id='block_1_9' title="bbox 479 860 2063 936">
    <p class='ocr_par' dir='ltr' id='par_1_9' title="bbox 479 860 2063 936">
     <span class='ocr_line' id='line_1_9' title="bbox 479 860 2063 936; baseline 0.005 -21"><span class='ocrx_word' id='word_1_49' title='bbox 479 874 620 930; x_wconf 67' lang='lat' dir='ltr'><strong>saape</strong></span> <span class='ocrx_word' id='word_1_50' title='bbox 669 860 946 915; x_wconf 83' lang='lat' dir='ltr'><strong>interioris</strong></span> <span class='ocrx_word' id='word_1_51' title='bbox 998 862 1236 916; x_wconf 84' lang='lat' dir='ltr'><strong>hominis</strong></span> <span class='ocrx_word' id='word_1_52' title='bbox 1285 864 1526 918; x_wconf 89' lang='lat' dir='ltr'><strong>membra</strong></span> <span class='ocrx_word' id='word_1_53' title='bbox 1570 867 1851 936; x_wconf 86' lang='lat' dir='ltr'><strong>Scriptura</strong></span> <span class='ocrx_word' id='word_1_54' title='bbox 1899 870 2063 923; x_wconf 89' lang='lat' dir='ltr'><strong>nomi-</strong></span> 
     </span>
    </p>
   </div>
   <div class='ocr_carea' id='block_1_10' title="bbox 479 954 2058 1029">
    <p class='ocr_par' dir='ltr' id='par_1_10' title="bbox 479 954 2058 1029">
     <span class='ocr_line' id='line_1_10' title="bbox 479 954 2058 1029; baseline 0.005 -23"><span class='ocrx_word' id='word_1_55' title='bbox 479 963 611 1020; x_wconf 85' lang='lat' dir='ltr'><strong>nat;</strong></span> <span class='ocrx_word' id='word_1_56' title='bbox 639 964 696 1006; x_wconf 92' lang='lat' dir='ltr'><strong>ut</strong></span> <span class='ocrx_word' id='word_1_57' title='bbox 721 968 842 1006; x_wconf 89' lang='lat' dir='ltr'><strong>cum</strong></span> <span class='ocrx_word' id='word_1_58' title='bbox 867 954 999 1008; x_wconf 88' lang='lat' dir='ltr'><strong>dicit</strong></span> <span class='ocrx_word' id='word_1_59' title='bbox 1046 977 1057 1010; x_wconf 90' lang='lat'><strong>:</strong></span> <span class='ocrx_word' id='word_1_60' title='bbox 1092 954 1362 1024; x_wconf 85' lang='lat' dir='ltr'><strong>Sapientis</strong></span> <span class='ocrx_word' id='word_1_61' title='bbox 1408 959 1548 1010; x_wconf 87' lang='lat' dir='ltr'><strong>oculi</strong></span> <span class='ocrx_word' id='word_1_62' title='bbox 1578 959 1630 1011; x_wconf 87' lang='lat' dir='ltr'><strong>in</strong></span> <span class='ocrx_word' id='word_1_63' title='bbox 1662 962 1830 1028; x_wconf 85' lang='lat' dir='ltr'><strong>capite</strong></span> <span class='ocrx_word' id='word_1_64' title='bbox 1850 960 1963 1029; x_wconf 87' lang='lat' dir='ltr'><strong>ejus</strong></span> <span class='ocrx_word' id='word_1_65' title='bbox 1979 963 2058 1029; x_wconf 66' lang='lat'><strong>9’;</strong></span> 
     </span>
    </p>
   </div>
   <div class='ocr_carea' id='block_1_11' title="bbox 478 1047 2060 1122">
    <p class='ocr_par' dir='ltr' id='par_1_11' title="bbox 478 1047 2060 1122">
     <span class='ocr_line' id='line_1_11' title="bbox 478 1047 2060 1122; baseline 0.005 -23"><span class='ocrx_word' id='word_1_66' title='bbox 478 1047 581 1100; x_wconf 89' lang='lat' dir='ltr'><strong>hoc</strong></span> <span class='ocrx_word' id='word_1_67' title='bbox 625 1055 738 1111; x_wconf 86' lang='lat' dir='ltr'><strong>est,</strong></span> <span class='ocrx_word' id='word_1_68' title='bbox 780 1047 992 1100; x_wconf 85' lang='lat' dir='ltr'><strong>occulta</strong></span> <span class='ocrx_word' id='word_1_69' title='bbox 1039 1059 1092 1102; x_wconf 91' lang='lat' dir='ltr'><strong>et</strong></span> <span class='ocrx_word' id='word_1_70' title='bbox 1129 1050 1408 1102; x_wconf 90' lang='lat' dir='ltr'><strong>recondita</strong></span> <span class='ocrx_word' id='word_1_71' title='bbox 1452 1051 1712 1118; x_wconf 81' lang='lat' dir='ltr'><strong>sapientis</strong></span> <span class='ocrx_word' id='word_1_72' title='bbox 1759 1068 1903 1121; x_wconf 89' lang='lat' dir='ltr'><strong>pars,</strong></span> <span class='ocrx_word' id='word_1_73' title='bbox 1937 1069 2060 1122; x_wconf 91' lang='lat' dir='ltr'><strong>pro-</strong></span> 
     </span>
    </p>
   </div>
   <div class='ocr_carea' id='block_1_12' title="bbox 479 1136 2061 1210">
    <p class='ocr_par' dir='ltr' id='par_1_12' title="bbox 479 1136 2061 1210">
     <span class='ocr_line' id='line_1_12' title="bbox 479 1136 2061 1210; baseline 0.007 -22"><span class='ocrx_word' id='word_1_74' title='bbox 479 1136 601 1189; x_wconf 85' lang='lat' dir='ltr'><strong>vida</strong></span> <span class='ocrx_word' id='word_1_75' title='bbox 629 1148 714 1191; x_wconf 86' lang='lat' dir='ltr'><strong>est</strong></span> <span class='ocrx_word' id='word_1_76' title='bbox 740 1147 796 1191; x_wconf 88' lang='lat' dir='ltr'><strong>et</strong></span> <span class='ocrx_word' id='word_1_77' title='bbox 829 1139 1246 1210; x_wconf 83' lang='lat' dir='ltr'><strong>circumspecta.</strong></span> <span class='ocrx_word' id='word_1_78' title='bbox 1280 1141 1345 1194; x_wconf 89' lang='lat' dir='ltr'><strong>Et</strong></span> <span class='ocrx_word' id='word_1_79' title='bbox 1376 1157 1564 1195; x_wconf 90' lang='lat' dir='ltr'><strong>rursus</strong></span> <span class='ocrx_word' id='word_1_80' title='bbox 1591 1153 1699 1196; x_wconf 91' lang='lat' dir='ltr'><strong>tum</strong></span> <span class='ocrx_word' id='word_1_81' title='bbox 1725 1146 1906 1198; x_wconf 90' lang='lat' dir='ltr'><strong>carnis</strong></span> <span class='ocrx_word' id='word_1_82' title='bbox 1932 1159 2061 1199; x_wconf 80' lang='lat' dir='ltr'><strong>ocu-</strong></span> 
     </span>
    </p>
   </div>
   <div class='ocr_carea' id='block_1_13' title="bbox 478 1227 2056 1304">
    <p class='ocr_par' dir='ltr' id='par_1_13' title="bbox 478 1227 2056 1304">
     <span class='ocr_line' id='line_1_13' title="bbox 478 1227 2056 1304; baseline 0.005 -23"><span class='ocrx_word' id='word_1_83' title='bbox 478 1227 559 1283; x_wconf 89' lang='lat' dir='ltr'><strong>los</strong></span> <span class='ocrx_word' id='word_1_84' title='bbox 589 1229 844 1282; x_wconf 87' lang='lat' dir='ltr'><strong>similiter</strong></span> <span class='ocrx_word' id='word_1_85' title='bbox 889 1231 1043 1296; x_wconf 85' lang='lat' dir='ltr'><strong>dicit,</strong></span> <span class='ocrx_word' id='word_1_86' title='bbox 1093 1247 1200 1284; x_wconf 89' lang='lat' dir='ltr'><strong>non</strong></span> <span class='ocrx_word' id='word_1_87' title='bbox 1242 1233 1418 1288; x_wconf 88' lang='lat' dir='ltr'><strong>solum</strong></span> <span class='ocrx_word' id='word_1_88' title='bbox 1462 1233 1514 1286; x_wconf 90' lang='lat' dir='ltr'><strong>in</strong></span> <span class='ocrx_word' id='word_1_89' title='bbox 1556 1249 1617 1287; x_wconf 87' lang='lat' dir='ltr'><strong>ca</strong></span> <span class='ocrx_word' id='word_1_90' title='bbox 1664 1251 1827 1304; x_wconf 91' lang='lat' dir='ltr'><strong>quam</strong></span> <span class='ocrx_word' id='word_1_91' title='bbox 1869 1236 2056 1290; x_wconf 85' lang='lat' dir='ltr'><strong>attuli-</strong></span> 
     </span>
    </p>
   </div>
   <div class='ocr_carea' id='block_1_14' title="bbox 477 1324 2061 1396">
    <p class='ocr_par' dir='ltr' id='par_1_14' title="bbox 477 1324 2061 1396">
     <span class='ocr_line' id='line_1_14' title="bbox 477 1324 2061 1396; baseline 0.007 -23"><span class='ocrx_word' id='word_1_92' title='bbox 477 1336 599 1375; x_wconf 85' lang='lat' dir='ltr'><strong>mus</strong></span> <span class='ocrx_word' id='word_1_93' title='bbox 630 1324 924 1390; x_wconf 82' lang='lat' dir='ltr'><strong>sententia,</strong></span> <span class='ocrx_word' id='word_1_94' title='bbox 965 1325 1059 1378; x_wconf 90' lang='lat' dir='ltr'><strong>sed</strong></span> <span class='ocrx_word' id='word_1_95' title='bbox 1099 1325 1267 1378; x_wconf 89' lang='lat' dir='ltr'><strong>etiam</strong></span> <span class='ocrx_word' id='word_1_96' title='bbox 1317 1325 1407 1379; x_wconf 92' lang='lat' dir='ltr'><strong>ubi</strong></span> <span class='ocrx_word' id='word_1_97' title='bbox 1453 1327 1549 1390; x_wconf 88' lang='lat' dir='ltr'><strong>ait,</strong></span> <span class='ocrx_word' id='word_1_98' title='bbox 1581 1339 1910 1396; x_wconf 66' lang='lat' dir='ltr'><strong>pra&#39;ceptum</strong></span> <span class='ocrx_word' id='word_1_99' title='bbox 1960 1329 2061 1384; x_wconf 88' lang='lat' dir='ltr'><strong>Do-</strong></span> 
     </span>
    </p>
   </div>
   <div class='ocr_carea' id='block_1_15' title="bbox 478 1414 2060 1488">
    <p class='ocr_par' dir='ltr' id='par_1_15' title="bbox 478 1414 2060 1488">
     <span class='ocr_line' id='line_1_15' title="bbox 478 1414 2060 1488; baseline 0.006 -22"><span class='ocrx_word' id='word_1_100' title='bbox 478 1415 610 1467; x_wconf 85' lang='lat' dir='ltr'><strong>mini</strong></span> <span class='ocrx_word' id='word_1_101' title='bbox 655 1414 889 1468; x_wconf 90' lang='lat' dir='ltr'><strong>lucidum</strong></span> <span class='ocrx_word' id='word_1_102' title='bbox 937 1432 1087 1484; x_wconf 89' lang='lat' dir='ltr'><strong>esse,</strong></span> <span class='ocrx_word' id='word_1_103' title='bbox 1139 1427 1192 1472; x_wconf 90' lang='lat' dir='ltr'><strong>et</strong></span> <span class='ocrx_word' id='word_1_104' title='bbox 1234 1418 1550 1474; x_wconf 89' lang='lat' dir='ltr'><strong>illuminans</strong></span> <span class='ocrx_word' id='word_1_105' title='bbox 1581 1421 1772 1475; x_wconf 87' lang='lat' dir='ltr'><strong>oculos</strong></span> <span class='ocrx_word' id='word_1_106' title='bbox 1805 1421 1872 1474; x_wconf 75' lang='grc'><strong>³⁸.</strong></span> <span class='ocrx_word' id='word_1_107' title='bbox 1919 1421 2060 1488; x_wconf 87' lang='lat' dir='ltr'><strong>Quid</strong></span> 
     </span>
    </p>
   </div>
   <div class='ocr_carea' id='block_1_16' title="bbox 478 1507 2062 1574">
    <p class='ocr_par' dir='ltr' id='par_1_16' title="bbox 478 1507 2062 1574">
     <span class='ocr_line' id='line_1_16' title="bbox 478 1507 2062 1574; baseline 0.007 -20"><span class='ocrx_word' id='word_1_108' title='bbox 478 1518 610 1557; x_wconf 89' lang='lat' dir='ltr'><strong>vero</strong></span> <span class='ocrx_word' id='word_1_109' title='bbox 633 1513 846 1574; x_wconf 84' lang='lat' dir='ltr'><strong>oportet</strong></span> <span class='ocrx_word' id='word_1_110' title='bbox 891 1507 1071 1562; x_wconf 84' lang='lat' dir='ltr'><strong>dicere</strong></span> <span class='ocrx_word' id='word_1_111' title='bbox 1119 1508 1186 1561; x_wconf 86' lang='lat' dir='ltr'><strong>de</strong></span> <span class='ocrx_word' id='word_1_112' title='bbox 1227 1508 1330 1562; x_wconf 88' lang='lat' dir='ltr'><strong>hoc</strong></span> <span class='ocrx_word' id='word_1_113' title='bbox 1372 1525 1385 1561; x_wconf 88' lang='lat'><strong>:</strong></span> <span class='ocrx_word' id='word_1_114' title='bbox 1428 1508 1531 1573; x_wconf 81' lang='lat' dir='ltr'><strong>Qui</strong></span> <span class='ocrx_word' id='word_1_115' title='bbox 1576 1511 1729 1562; x_wconf 83' lang='lat' dir='ltr'><strong>habet</strong></span> <span class='ocrx_word' id='word_1_116' title='bbox 1772 1527 1926 1564; x_wconf 88' lang='lat' dir='ltr'><strong>aures</strong></span> <span class='ocrx_word' id='word_1_117' title='bbox 1964 1529 2062 1564; x_wconf 84' lang='lat' dir='ltr'><strong>au—</strong></span> 
     </span>
    </p>
   </div>
   <div class='ocr_carea' id='block_1_17' title="bbox 475 1595 2063 1670">
    <p class='ocr_par' dir='ltr' id='par_1_17' title="bbox 475 1595 2063 1670">
     <span class='ocr_line' id='line_1_17' title="bbox 475 1595 2063 1670; baseline 0.006 -23"><span class='ocrx_word' id='word_1_118' title='bbox 475 1595 678 1664; x_wconf 84' lang='lat' dir='ltr'><strong>diendi,</strong></span> <span class='ocrx_word' id='word_1_119' title='bbox 709 1597 894 1650; x_wconf 83' lang='lat' dir='ltr'><strong>audiat</strong></span> <span class='ocrx_word' id='word_1_120' title='bbox 920 1597 1005 1649; x_wconf 69' lang='lat'><strong>&quot;1’</strong></span> <span class='ocrx_word' id='word_1_121' title='bbox 1034 1597 1385 1667; x_wconf 89' lang='lat' dir='ltr'><strong>Compertum</strong></span> <span class='ocrx_word' id='word_1_122' title='bbox 1439 1609 1523 1652; x_wconf 84' lang='lat' dir='ltr'><strong>est</strong></span> <span class='ocrx_word' id='word_1_123' title='bbox 1562 1601 1705 1654; x_wconf 89' lang='lat' dir='ltr'><strong>enim</strong></span> <span class='ocrx_word' id='word_1_124' title='bbox 1746 1611 1801 1654; x_wconf 90' lang='lat' dir='ltr'><strong>et</strong></span> <span class='ocrx_word' id='word_1_125' title='bbox 1844 1618 2063 1670; x_wconf 80' lang='lat' dir='ltr'><strong>perspe-</strong></span> 
     </span>
    </p>
   </div>
   <div class='ocr_carea' id='block_1_18' title="bbox 473 1685 2055 1757">
    <p class='ocr_par' dir='ltr' id='par_1_18' title="bbox 473 1685 2055 1757">
     <span class='ocr_line' id='line_1_18' title="bbox 473 1685 2055 1757; baseline 0.003 -17"><span class='ocrx_word' id='word_1_126' title='bbox 473 1696 645 1751; x_wconf 83' lang='lat' dir='ltr'><strong>etum,</strong></span> <span class='ocrx_word' id='word_1_127' title='bbox 679 1685 948 1755; x_wconf 85' lang='lat' dir='ltr'><strong>aliquibus</strong></span> <span class='ocrx_word' id='word_1_128' title='bbox 990 1687 1169 1742; x_wconf 89' lang='lat' dir='ltr'><strong>inesse</strong></span> <span class='ocrx_word' id='word_1_129' title='bbox 1219 1703 1379 1741; x_wconf 84' lang='lat' dir='ltr'><strong>aures</strong></span> <span class='ocrx_word' id='word_1_130' title='bbox 1417 1688 1672 1743; x_wconf 86' lang='lat' dir='ltr'><strong>meliores</strong></span> <span class='ocrx_word' id='word_1_131' title='bbox 1713 1691 2055 1757; x_wconf 71' lang='lat' dir='ltr'><strong>prtestantio-</strong></span> 
     </span>
    </p>
   </div>
   <div class='ocr_carea' id='block_1_19' title="bbox 2169 497 3678 572">
    <p class='ocr_par' dir='ltr' id='par_1_19' title="bbox 2169 497 3678 572">
     <span class='ocr_line' id='line_1_19' title="bbox 2169 497 3678 572; baseline 0.001 -20"><span class='ocrx_word' id='word_1_132' title='bbox 2169 518 2256 552; x_wconf 88' lang='grc' dir='ltr'><strong>τοι</strong></span> <span class='ocrx_word' id='word_1_133' title='bbox 2285 500 2368 563; x_wconf 81' lang='grc' dir='ltr'><strong>τίς</strong></span> <span class='ocrx_word' id='word_1_134' title='bbox 2408 501 2625 572; x_wconf 81' lang='grc' dir='ltr'><strong>ἀντερεῖ</strong></span> <span class='ocrx_word' id='word_1_135' title='bbox 2660 501 2735 571; x_wconf 77' lang='grc' dir='ltr'>μὴ</span> <span class='ocrx_word' id='word_1_136' title='bbox 2775 502 2895 571; x_wconf 68' lang='grc' dir='ltr'>οὐχ).</span> <span class='ocrx_word' id='word_1_137' title='bbox 2941 501 3156 554; x_wconf 74' lang='grc' dir='ltr'>πάντων</span> <span class='ocrx_word' id='word_1_138' title='bbox 3204 497 3344 554; x_wconf 78' lang='grc' dir='ltr'>εἶναι</span> <span class='ocrx_word' id='word_1_139' title='bbox 3383 502 3678 565; x_wconf 59' lang='grc' dir='ltr'>δικαιοτάτοις</span> 
     </span>
    </p>
   </div>
   <div class='ocr_carea' id='block_1_20' title="bbox 2169 591 3676 664">
    <p class='ocr_par' dir='ltr' id='par_1_20' title="bbox 2169 591 3676 664">
     <span class='ocr_line' id='line_1_20' title="bbox 2169 591 3676 664; baseline 0.003 -22"><span class='ocrx_word' id='word_1_140' title='bbox 2169 593 2294 654; x_wconf 78' lang='grc' dir='ltr'>τοὺς</span> <span class='ocrx_word' id='word_1_141' title='bbox 2321 593 2378 643; x_wconf 82' lang='grc' dir='ltr'><strong>ἐν</strong></span> <span class='ocrx_word' id='word_1_142' title='bbox 2409 591 2485 661; x_wconf 84' lang='grc' dir='ltr'>τῷ</span> <span class='ocrx_word' id='word_1_143' title='bbox 2512 594 2792 664; x_wconf 83' lang='grc' dir='ltr'>μαρτυρίῳ</span> <span class='ocrx_word' id='word_1_144' title='bbox 2818 592 3297 660; x_wconf 71' lang='grc' dir='ltr'>τετελειωμένουςς</span> <span class='ocrx_word' id='word_1_145' title='bbox 3338 591 3496 644; x_wconf 77' lang='grc' dir='ltr'>Ἀλλὰ</span> <span class='ocrx_word' id='word_1_146' title='bbox 3513 597 3676 660; x_wconf 66' lang='grc' dir='ltr'>μήποτε.</span> 
     </span>
    </p>
   </div>
   <div class='ocr_carea' id='block_1_21' title="bbox 2169 677 3745 751">
    <p class='ocr_par' dir='ltr' id='par_1_21' title="bbox 2169 677 3745 751">
     <span class='ocr_line' id='line_1_21' title="bbox 2169 677 3745 751; baseline -0.001 -20"><span class='ocrx_word' id='word_1_147' title='bbox 2169 678 2357 751; x_wconf 79' lang='grc' dir='ltr'>ὥσπερ</span> <span class='ocrx_word' id='word_1_148' title='bbox 2380 681 2664 751; x_wconf 82' lang='grc' dir='ltr'>ἅνθρωπος</span> <span class='ocrx_word' id='word_1_149' title='bbox 2693 681 2931 748; x_wconf 75' lang='grc' dir='ltr'>λέγεται,</span> <span class='ocrx_word' id='word_1_150' title='bbox 2958 680 3252 742; x_wconf 76' lang='grc' dir='ltr'><strong>τουτέστιν,</strong></span> <span class='ocrx_word' id='word_1_151' title='bbox 3276 680 3311 749; x_wconf 82' lang='grc' dir='ltr'>ἡ</span> <span class='ocrx_word' id='word_1_152' title='bbox 3333 677 3477 748; x_wconf 71' lang='grc' dir='ltr'>ψυχὴ</span> <span class='ocrx_word' id='word_1_153' title='bbox 3497 679 3602 745; x_wconf 74' lang='grc'><strong>(56),</strong></span> <span class='ocrx_word' id='word_1_154' title='bbox 3625 683 3679 730; x_wconf 68' lang='grc' dir='ltr'>κεί</span> <span class='ocrx_word' id='word_1_155' title='bbox 3744 721 3745 751; x_wconf 26' lang='grc' dir='ltr'><strong>ἶ</strong></span> 
     </span>
    </p>
   </div>
   <div class='ocr_carea' id='block_1_22' title="bbox 2168 769 3680 844">
    <p class='ocr_par' dir='ltr' id='par_1_22' title="bbox 2168 769 3680 844">
     <span class='ocr_line' id='line_1_22' title="bbox 2168 769 3680 844; baseline -0.004 -19"><span class='ocrx_word' id='word_1_156' title='bbox 2168 775 2196 825; x_wconf 97' lang='lat'><strong>6</strong></span> <span class='ocrx_word' id='word_1_157' title='bbox 2229 771 2352 835; x_wconf 77' lang='grc' dir='ltr'>νοῦς</span> <span class='ocrx_word' id='word_1_158' title='bbox 2379 775 2406 825; x_wconf 92' lang='lat'><strong>6</strong></span> <span class='ocrx_word' id='word_1_159' title='bbox 2430 771 2766 844; x_wconf 76' lang='grc' dir='ltr'>ἀνθρώπινος</span> <span class='ocrx_word' id='word_1_160' title='bbox 2791 789 2803 801; x_wconf 86' lang='grc'><strong>·</strong></span> <span class='ocrx_word' id='word_1_161' title='bbox 2834 770 2976 824; x_wconf 72' lang='grc' dir='ltr'>οὕτω</span> <span class='ocrx_word' id='word_1_162' title='bbox 3019 771 3110 823; x_wconf 82' lang='grc' dir='ltr'><strong>καὶ</strong></span> <span class='ocrx_word' id='word_1_163' title='bbox 3152 770 3219 823; x_wconf 73' lang='grc' dir='ltr'><strong>τὰ</strong></span> <span class='ocrx_word' id='word_1_164' title='bbox 3266 769 3408 840; x_wconf 69' lang='grc' dir='ltr'>μέλη</span> <span class='ocrx_word' id='word_1_165' title='bbox 3441 769 3538 838; x_wconf 74' lang='grc'>(57)</span> <span class='ocrx_word' id='word_1_166' title='bbox 3571 769 3680 822; x_wconf 57' lang='lat' dir='ltr'><strong>aito-3</strong></span> 
     </span>
    </p>
   </div>
   <div class='ocr_carea' id='block_1_23' title="bbox 2168 860 3680 932">
    <p class='ocr_par' dir='ltr' id='par_1_23' title="bbox 2168 860 3680 932">
     <span class='ocr_line' id='line_1_23' title="bbox 2168 860 3680 932; baseline -0.001 -19"><span class='ocrx_word' id='word_1_167' title='bbox 2168 863 2473 932; x_wconf 72' lang='grc' dir='ltr'><strong>ὁμωνύμως</strong></span> <span class='ocrx_word' id='word_1_168' title='bbox 2513 862 2836 932; x_wconf 77' lang='grc' dir='ltr'>ὀνομάζεται</span> <span class='ocrx_word' id='word_1_169' title='bbox 2870 861 3004 932; x_wconf 76' lang='grc' dir='ltr'>πρὸς</span> <span class='ocrx_word' id='word_1_170' title='bbox 3036 861 3103 914; x_wconf 80' lang='grc' dir='ltr'>τὰ</span> <span class='ocrx_word' id='word_1_171' title='bbox 3127 861 3224 929; x_wconf 73' lang='grc' dir='ltr'>τῆς</span> <span class='ocrx_word' id='word_1_172' title='bbox 3250 860 3484 930; x_wconf 80' lang='grc' dir='ltr'>σαρκός·</span> <span class='ocrx_word' id='word_1_173' title='bbox 3513 861 3573 922; x_wconf 82' lang='grc' dir='ltr'>ὡς</span> <span class='ocrx_word' id='word_1_174' title='bbox 3595 861 3680 912; x_wconf 71' lang='grc' dir='ltr'>τοὶ-</span> 
     </span>
    </p>
   </div>
   <div class='ocr_carea' id='block_1_24' title="bbox 2168 951 3681 1026">
    <p class='ocr_par' dir='ltr' id='par_1_24' title="bbox 2168 951 3681 1026">
     <span class='ocr_line' id='line_1_24' title="bbox 2168 951 3681 1026; baseline -0.003 -21"><span class='ocrx_word' id='word_1_175' title='bbox 2168 954 2323 1018; x_wconf 83' lang='grc' dir='ltr'>λάκις</span> <span class='ocrx_word' id='word_1_176' title='bbox 2345 955 2602 1025; x_wconf 76' lang='grc' dir='ltr'>ὀνομάζει</span> <span class='ocrx_word' id='word_1_177' title='bbox 2633 955 2666 1025; x_wconf 82' lang='grc' dir='ltr'>ἡ</span> <span class='ocrx_word' id='word_1_178' title='bbox 2702 955 2739 1005; x_wconf 89' lang='grc' dir='ltr'>Γ</span> <span class='ocrx_word' id='word_1_179' title='bbox 2745 954 2888 1026; x_wconf 57' lang='lat' dir='ltr'><strong>pago-i1</strong></span> <span class='ocrx_word' id='word_1_180' title='bbox 2926 953 3017 1006; x_wconf 72' lang='grc' dir='ltr'>τοῦ</span> <span class='ocrx_word' id='word_1_181' title='bbox 3054 952 3297 1023; x_wconf 76' lang='grc' dir='ltr'>κρυπτοῦ</span> <span class='ocrx_word' id='word_1_182' title='bbox 3338 951 3625 1022; x_wconf 80' lang='grc' dir='ltr'>ἀνθρώπου,</span> <span class='ocrx_word' id='word_1_183' title='bbox 3647 955 3681 1002; x_wconf 72' lang='grc' dir='ltr'><strong>ἐν</strong></span> 
     </span>
    </p>
   </div>
   <div class='ocr_carea' id='block_1_25' title="bbox 2166 1041 3680 1118">
    <p class='ocr_par' dir='ltr' id='par_1_25' title="bbox 2166 1041 3680 1118">
     <span class='ocr_line' id='line_1_25' title="bbox 2166 1041 3680 1118; baseline -0.005 -17"><span class='ocrx_word' id='word_1_184' title='bbox 2166 1047 2245 1118; x_wconf 81' lang='grc' dir='ltr'>τῷ</span> <span class='ocrx_word' id='word_1_185' title='bbox 2273 1048 2449 1115; x_wconf 85' lang='grc' dir='ltr'>λέγειν</span> <span class='ocrx_word' id='word_1_186' title='bbox 2474 1065 2486 1077; x_wconf 85' lang='lat'><strong><em>°</em></strong></span> <span class='ocrx_word' id='word_1_187' title='bbox 2531 1047 2640 1101; x_wconf 81' lang='grc' dir='ltr'><strong>Τοῦ</strong></span> <span class='ocrx_word' id='word_1_188' title='bbox 2663 1046 2860 1115; x_wconf 61' lang='grc' dir='ltr'>σοφοῦ</span> <span class='ocrx_word' id='word_1_189' title='bbox 2884 1049 2935 1098; x_wconf 78' lang='grc' dir='ltr'>οἱ</span> <span class='ocrx_word' id='word_1_190' title='bbox 2960 1043 3248 1113; x_wconf 58' lang='grc' dir='ltr'>ὀφθαλμοὶ</span> <span class='ocrx_word' id='word_1_191' title='bbox 3277 1043 3352 1094; x_wconf 77' lang='grc' dir='ltr'><strong>ἐν</strong></span> <span class='ocrx_word' id='word_1_192' title='bbox 3377 1041 3587 1110; x_wconf 56' lang='grc' dir='ltr'>κεφαλῇ</span> <span class='ocrx_word' id='word_1_193' title='bbox 3609 1042 3680 1110; x_wconf 59' lang='lat'><strong>(38)</strong></span> 
     </span>
    </p>
   </div>
   <div class='ocr_carea' id='block_1_26' title="bbox 2165 1135 3682 1210">
    <p class='ocr_par' dir='ltr' id='par_1_26' title="bbox 2165 1135 3682 1210">
     <span class='ocr_line' id='line_1_26' title="bbox 2165 1135 3682 1210; baseline -0.005 -16"><span class='ocrx_word' id='word_1_194' title='bbox 2165 1141 2353 1194; x_wconf 80' lang='grc' dir='ltr'>αὐτοῦ</span> <span class='ocrx_word' id='word_1_195' title='bbox 2374 1158 2386 1169; x_wconf 91' lang='grc'><strong>·</strong></span> <span class='ocrx_word' id='word_1_196' title='bbox 2416 1140 2661 1192; x_wconf 77' lang='grc' dir='ltr'><strong>τουτέστι</strong></span> <span class='ocrx_word' id='word_1_197' title='bbox 2691 1139 3049 1210; x_wconf 78' lang='grc' dir='ltr'>προορατικόν</span> <span class='ocrx_word' id='word_1_198' title='bbox 3080 1140 3193 1188; x_wconf 76' lang='grc' dir='ltr'>ἐστι</span> <span class='ocrx_word' id='word_1_199' title='bbox 3228 1135 3325 1188; x_wconf 74' lang='grc' dir='ltr'><strong>καὶ</strong></span> <span class='ocrx_word' id='word_1_200' title='bbox 3355 1137 3682 1207; x_wconf 75' lang='grc' dir='ltr'>περιεσκεμμέ-</span> 
     </span>
    </p>
   </div>
   <div class='ocr_carea' id='block_1_27' title="bbox 2166 1226 3682 1301">
    <p class='ocr_par' dir='ltr' id='par_1_27' title="bbox 2166 1226 3682 1301">
     <span class='ocr_line' id='line_1_27' title="bbox 2166 1226 3682 1301; baseline -0.005 -17"><span class='ocrx_word' id='word_1_201' title='bbox 2166 1249 2257 1285; x_wconf 89' lang='grc' dir='ltr'><strong>νον</strong></span> <span class='ocrx_word' id='word_1_202' title='bbox 2294 1231 2354 1284; x_wconf 83' lang='grc' dir='ltr'><strong>τὸ</strong></span> <span class='ocrx_word' id='word_1_203' title='bbox 2411 1231 2650 1301; x_wconf 79' lang='grc' dir='ltr'>κρυπτὸν</span> <span class='ocrx_word' id='word_1_204' title='bbox 2704 1230 2797 1282; x_wconf 80' lang='grc' dir='ltr'><strong>τού</strong></span> <span class='ocrx_word' id='word_1_205' title='bbox 2843 1228 3028 1296; x_wconf 74' lang='grc' dir='ltr'>σοφοῦ.</span> <span class='ocrx_word' id='word_1_206' title='bbox 3075 1229 3182 1281; x_wconf 74' lang='grc' dir='ltr'>Καὶ</span> <span class='ocrx_word' id='word_1_207' title='bbox 3229 1229 3394 1281; x_wconf 78' lang='grc' dir='ltr'>πάλιν</span> <span class='ocrx_word' id='word_1_208' title='bbox 3444 1226 3682 1297; x_wconf 59' lang='grc' dir='ltr'>ὀφθαλμοὺς</span> 
     </span>
    </p>
   </div>
   <div class='ocr_carea' id='block_1_28' title="bbox 2165 1319 3745 1396">
    <p class='ocr_par' dir='ltr' id='par_1_28' title="bbox 2165 1319 3745 1396">
     <span class='ocr_line' id='line_1_28' title="bbox 2165 1319 3745 1396; baseline -0.006 -20"><span class='ocrx_word' id='word_1_209' title='bbox 2165 1323 2365 1396; x_wconf 84' lang='grc' dir='ltr'>ὁμοίως</span> <span class='ocrx_word' id='word_1_210' title='bbox 2395 1323 2540 1391; x_wconf 71' lang='grc' dir='ltr'>λέγει</span> <span class='ocrx_word' id='word_1_211' title='bbox 2569 1323 2692 1385; x_wconf 87' lang='grc' dir='ltr'>τούς</span> <span class='ocrx_word' id='word_1_212' title='bbox 2711 1339 2769 1374; x_wconf 89' lang='grc' dir='ltr'><strong>τε</strong></span> <span class='ocrx_word' id='word_1_213' title='bbox 2797 1322 2895 1391; x_wconf 79' lang='grc' dir='ltr'>τῆς</span> <span class='ocrx_word' id='word_1_214' title='bbox 2922 1321 3097 1391; x_wconf 73' lang='grc' dir='ltr'>ψυχῆς</span> <span class='ocrx_word' id='word_1_215' title='bbox 3146 1321 3238 1374; x_wconf 71' lang='grc' dir='ltr'><strong>καὶ</strong></span> <span class='ocrx_word' id='word_1_216' title='bbox 3286 1322 3388 1392; x_wconf 77' lang='grc' dir='ltr'>τῆς</span> <span class='ocrx_word' id='word_1_217' title='bbox 3421 1319 3620 1389; x_wconf 76' lang='grc' dir='ltr'>σαρκὸς,</span> <span class='ocrx_word' id='word_1_218' title='bbox 3643 1319 3682 1369; x_wconf 66' lang='grc' dir='ltr'><strong>οὐ</strong></span> <span class='ocrx_word' id='word_1_219' title='bbox 3744 1353 3745 1396; x_wconf 37' lang='lat'>3</span> 
     </span>
    </p>
   </div>
   <div class='ocr_carea' id='block_1_29' title="bbox 2170 1411 3685 1488">
    <p class='ocr_par' dir='ltr' id='par_1_29' title="bbox 2170 1411 3685 1488">
     <span class='ocr_line' id='line_1_29' title="bbox 2170 1411 3685 1488; baseline -0.005 -18"><span class='ocrx_word' id='word_1_220' title='bbox 2170 1418 2328 1488; x_wconf 81' lang='grc' dir='ltr'>μόνον</span> <span class='ocrx_word' id='word_1_221' title='bbox 2365 1419 2420 1468; x_wconf 84' lang='grc' dir='ltr'><strong>ἐν</strong></span> <span class='ocrx_word' id='word_1_222' title='bbox 2520 1414 2872 1487; x_wconf 80' lang='grc' dir='ltr'>παρεθέμεθα</span> <span class='ocrx_word' id='word_1_223' title='bbox 2917 1415 3080 1480; x_wconf 74' lang='grc' dir='ltr'>λέξει,</span> <span class='ocrx_word' id='word_1_224' title='bbox 3131 1414 3246 1466; x_wconf 79' lang='grc' dir='ltr'>ἀλλ’</span> <span class='ocrx_word' id='word_1_225' title='bbox 3295 1417 3354 1467; x_wconf 83' lang='grc' dir='ltr'>ὲν</span> <span class='ocrx_word' id='word_1_226' title='bbox 3401 1413 3476 1484; x_wconf 82' lang='grc' dir='ltr'>τῷ</span> <span class='ocrx_word' id='word_1_227' title='bbox 3517 1413 3685 1481; x_wconf 68' lang='grc' dir='ltr'>φάσκειν</span> 
     </span>
    </p>
   </div>
   <div class='ocr_carea' id='block_1_30' title="bbox 2167 1505 3685 1580">
    <p class='ocr_par' dir='ltr' id='par_1_30' title="bbox 2167 1505 3685 1580">
     <span class='ocr_line' id='line_1_30' title="bbox 2167 1505 3685 1580; baseline -0.005 -18"><span class='ocrx_word' id='word_1_228' title='bbox 2167 1509 2264 1580; x_wconf 83' lang='grc' dir='ltr'><strong>τὴν</strong></span> <span class='ocrx_word' id='word_1_229' title='bbox 2297 1509 2514 1580; x_wconf 80' lang='grc' dir='ltr'>ἐντολὴν</span> <span class='ocrx_word' id='word_1_230' title='bbox 2556 1509 2761 1580; x_wconf 84' lang='grc' dir='ltr'>Κυρίου</span> <span class='ocrx_word' id='word_1_231' title='bbox 2796 1508 3038 1579; x_wconf 83' lang='grc' dir='ltr'>τηλαυγῆ</span> <span class='ocrx_word' id='word_1_232' title='bbox 3085 1505 3219 1560; x_wconf 87' lang='grc' dir='ltr'>εἶναι</span> <span class='ocrx_word' id='word_1_233' title='bbox 3273 1508 3370 1560; x_wconf 68' lang='grc' dir='ltr'>καὶ</span> <span class='ocrx_word' id='word_1_234' title='bbox 3418 1505 3685 1575; x_wconf 73' lang='grc' dir='ltr'>φωτίζουσαν</span> 
     </span>
    </p>
   </div>
   <div class='ocr_carea' id='block_1_31' title="bbox 2167 1591 3687 1671">
    <p class='ocr_par' dir='ltr' id='par_1_31' title="bbox 2167 1591 3687 1671">
     <span class='ocr_line' id='line_1_31' title="bbox 2167 1591 3687 1671; baseline -0.004 -19"><span class='ocrx_word' id='word_1_235' title='bbox 2167 1599 2496 1671; x_wconf 80' lang='grc' dir='ltr'>ὀφθαλμούς.</span> <span class='ocrx_word' id='word_1_236' title='bbox 2532 1600 2595 1652; x_wconf 88' lang='grc' dir='ltr'><strong>Τί</strong></span> <span class='ocrx_word' id='word_1_237' title='bbox 2618 1600 2674 1652; x_wconf 81' lang='grc' dir='ltr'>δὲ</span> <span class='ocrx_word' id='word_1_238' title='bbox 2715 1599 2796 1651; x_wconf 87' lang='grc' dir='ltr'>δεῖ</span> <span class='ocrx_word' id='word_1_239' title='bbox 2827 1599 3004 1668; x_wconf 86' lang='grc' dir='ltr'>λέγειν</span> <span class='ocrx_word' id='word_1_240' title='bbox 3035 1600 3161 1671; x_wconf 77' lang='grc' dir='ltr'>περὶ</span> <span class='ocrx_word' id='word_1_241' title='bbox 3182 1598 3302 1664; x_wconf 69' lang='grc' dir='ltr'>τοῦ,</span> <span class='ocrx_word' id='word_1_242' title='bbox 3349 1601 3410 1650; x_wconf 88' lang='lat'><strong>&#39;0</strong></span> <span class='ocrx_word' id='word_1_243' title='bbox 3437 1599 3574 1666; x_wconf 74' lang='grc' dir='ltr'><strong>ἔχων</strong></span> <span class='ocrx_word' id='word_1_244' title='bbox 3603 1591 3687 1650; x_wconf 81' lang='grc' dir='ltr'>ὦτα</span> 
     </span>
    </p>
   </div>
   <div class='ocr_carea' id='block_1_32' title="bbox 2168 1690 3685 1762">
    <p class='ocr_par' dir='ltr' id='par_1_32' title="bbox 2168 1690 3685 1762">
     <span class='ocr_line' id='line_1_32' title="bbox 2168 1690 3685 1762; baseline -0.007 -15"><span class='ocrx_word' id='word_1_245' title='bbox 2168 1693 2432 1758; x_wconf 80' lang='grc' dir='ltr'>ἀκούειν,</span> <span class='ocrx_word' id='word_1_246' title='bbox 2475 1691 2772 1754; x_wconf 78' lang='grc' dir='ltr'>ἁκουέτω;</span> <span class='ocrx_word' id='word_1_247' title='bbox 2811 1692 2980 1762; x_wconf 80' lang='grc' dir='ltr'>Δῆλον</span> <span class='ocrx_word' id='word_1_248' title='bbox 3001 1692 3129 1762; x_wconf 80' lang='grc' dir='ltr'>γὰρ,</span> <span class='ocrx_word' id='word_1_249' title='bbox 3157 1693 3239 1745; x_wconf 85' lang='grc' dir='ltr'>ὃτι</span> <span class='ocrx_word' id='word_1_250' title='bbox 3279 1690 3556 1756; x_wconf 74' lang='grc' dir='ltr'>κέκτηνταί</span> <span class='ocrx_word' id='word_1_251' title='bbox 3584 1705 3685 1748; x_wconf 78' lang='grc' dir='ltr'>τινες</span> 
     </span>
    </p>
   </div>
   <div class='ocr_carea' id='block_1_33' title="bbox 478 1778 2056 1858">
    <p class='ocr_par' dir='ltr' id='par_1_33' title="bbox 478 1778 2056 1847">
     <span class='ocr_line' id='line_1_33' title="bbox 478 1778 2056 1847; baseline 0.004 -18"><span class='ocrx_word' id='word_1_252' title='bbox 478 1791 706 1845; x_wconf 88' lang='lat' dir='ltr'><strong>resque,</strong></span> <span class='ocrx_word' id='word_1_253' title='bbox 737 1792 857 1846; x_wconf 79' lang='lat' dir='ltr'><strong>qua:</strong></span> <span class='ocrx_word' id='word_1_254' title='bbox 892 1778 987 1832; x_wconf 89' lang='lat' dir='ltr'><strong>Dei</strong></span> <span class='ocrx_word' id='word_1_255' title='bbox 1020 1778 1229 1847; x_wconf 89' lang='lat' dir='ltr'><strong>possint</strong></span> <span class='ocrx_word' id='word_1_256' title='bbox 1257 1778 1422 1832; x_wconf 86' lang='lat' dir='ltr'><strong>verba</strong></span> <span class='ocrx_word' id='word_1_257' title='bbox 1465 1779 1672 1832; x_wconf 87' lang='lat' dir='ltr'><strong>audire.</strong></span> <span class='ocrx_word' id='word_1_258' title='bbox 1721 1781 1802 1834; x_wconf 87' lang='lat' dir='ltr'><strong>Ad</strong></span> <span class='ocrx_word' id='word_1_259' title='bbox 1839 1796 1933 1834; x_wconf 89' lang='lat' dir='ltr'><strong>eos</strong></span> <span class='ocrx_word' id='word_1_260' title='bbox 1965 1797 2056 1834; x_wconf 90' lang='lat' dir='ltr'><strong>au-</strong></span> 
     </span>
    </p>
   </div>
   <div class='ocr_carea' id='block_1_34' title="bbox 2164 1778 3684 1858">
    <p class='ocr_par' dir='ltr' id='par_1_34' title="bbox 2164 1780 3684 1858">
     <span class='ocr_line' id='line_1_34' title="bbox 2164 1780 3684 1858; baseline -0.006 -17"><span class='ocrx_word' id='word_1_261' title='bbox 2164 1783 2277 1841; x_wconf 81' lang='grc' dir='ltr'>ὧτα</span> <span class='ocrx_word' id='word_1_262' title='bbox 2320 1787 2604 1858; x_wconf 86' lang='grc' dir='ltr'>κρείττονα</span> <span class='ocrx_word' id='word_1_263' title='bbox 2647 1785 2924 1856; x_wconf 83' lang='grc' dir='ltr'>δυνάμενα</span> <span class='ocrx_word' id='word_1_264' title='bbox 2954 1785 3171 1839; x_wconf 81' lang='grc' dir='ltr'>ἀκούειν</span> <span class='ocrx_word' id='word_1_265' title='bbox 3211 1785 3390 1852; x_wconf 79' lang='grc' dir='ltr'>λόγων</span> <span class='ocrx_word' id='word_1_266' title='bbox 3421 1781 3558 1836; x_wconf 75' lang='grc' dir='ltr'>Θεοῦ.</span> <span class='ocrx_word' id='word_1_267' title='bbox 3585 1780 3684 1850; x_wconf 67' lang='grc' dir='ltr'>Πρὸς</span> 
     </span>
    </p>
   </div>
   <div class='ocr_carea' id='block_1_35' title="bbox 479 1869 2057 1939">
    <p class='ocr_par' dir='ltr' id='par_1_35' title="bbox 479 1869 2057 1939">
     <span class='ocr_line' id='line_1_35' title="bbox 479 1869 2057 1939; baseline 0.003 -20"><span class='ocrx_word' id='word_1_268' title='bbox 479 1883 584 1926; x_wconf 70' lang='lat' dir='ltr'><strong>rem</strong></span> <span class='ocrx_word' id='word_1_269' title='bbox 619 1869 710 1938; x_wconf 91' lang='lat' dir='ltr'><strong>qui</strong></span> <span class='ocrx_word' id='word_1_270' title='bbox 742 1884 846 1923; x_wconf 94' lang='lat' dir='ltr'><strong>non</strong></span> <span class='ocrx_word' id='word_1_271' title='bbox 877 1869 1079 1924; x_wconf 85' lang='lat' dir='ltr'><strong>habent</strong></span> <span class='ocrx_word' id='word_1_272' title='bbox 1125 1871 1243 1924; x_wconf 87' lang='lat' dir='ltr'><strong>illas</strong></span> <span class='ocrx_word' id='word_1_273' title='bbox 1271 1885 1434 1924; x_wconf 84' lang='lat' dir='ltr'><strong>aures</strong></span> <span class='ocrx_word' id='word_1_274' title='bbox 1457 1910 1471 1935; x_wconf 89' lang='lat'><strong>,</strong></span> <span class='ocrx_word' id='word_1_275' title='bbox 1514 1873 1642 1939; x_wconf 89' lang='lat' dir='ltr'><strong>quid</strong></span> <span class='ocrx_word' id='word_1_276' title='bbox 1677 1872 1844 1926; x_wconf 88' lang='lat' dir='ltr'><strong>dicit?</strong></span> <span class='ocrx_word' id='word_1_277' title='bbox 1872 1871 2057 1939; x_wconf 77' lang='lat' dir='ltr'><strong>Sui-di,</strong></span> 
     </span>
    </p>
   </div>
   <div class='ocr_carea' id='block_1_36' title="bbox 473 1963 2060 2036">
    <p class='ocr_par' dir='ltr' id='par_1_36' title="bbox 473 1963 2060 2036">
     <span class='ocr_line' id='line_1_36' title="bbox 473 1963 2060 2036; baseline 0.002 -23"><span class='ocrx_word' id='word_1_278' title='bbox 473 1963 678 2030; x_wconf 81' lang='lat' dir='ltr'><strong>audite,</strong></span> <span class='ocrx_word' id='word_1_279' title='bbox 717 1972 765 2017; x_wconf 91' lang='lat' dir='ltr'><strong>et</strong></span> <span class='ocrx_word' id='word_1_280' title='bbox 804 1966 951 2030; x_wconf 76' lang='lat' dir='ltr'><strong>eieci,</strong></span> <span class='ocrx_word' id='word_1_281' title='bbox 989 1966 1236 2034; x_wconf 81' lang='lat' dir='ltr'><strong>suspicite</strong></span> <span class='ocrx_word' id='word_1_282' title='bbox 1269 1965 1309 2020; x_wconf 89' lang='grc'><strong>¹.</strong></span> <span class='ocrx_word' id='word_1_283' title='bbox 1367 1965 1526 2036; x_wconf 79' lang='lat'><strong>157</strong></span> <span class='ocrx_word' id='word_1_284' title='bbox 1563 1964 1693 2020; x_wconf 90' lang='lat' dir='ltr'><strong>Item</strong></span> <span class='ocrx_word' id='word_1_285' title='bbox 1735 1983 1748 2018; x_wconf 90' lang='lat'><strong>:</strong></span> <span class='ocrx_word' id='word_1_286' title='bbox 1785 1964 1858 2018; x_wconf 92' lang='lat' dir='ltr'><strong>0s</strong></span> <span class='ocrx_word' id='word_1_287' title='bbox 1892 1981 2060 2018; x_wconf 86' lang='lat' dir='ltr'><strong>meum</strong></span> 
     </span>
    </p>
   </div>
   <div class='ocr_carea' id='block_1_37' title="bbox 473 2058 2060 2127">
    <p class='ocr_par' dir='ltr' id='par_1_37' title="bbox 473 2058 2060 2127">
     <span class='ocr_line' id='line_1_37' title="bbox 473 2058 2060 2127; baseline 0.001 -21"><span class='ocrx_word' id='word_1_288' title='bbox 473 2060 678 2122; x_wconf 85' lang='lat' dir='ltr'><strong>aperui,</strong></span> <span class='ocrx_word' id='word_1_289' title='bbox 710 2066 756 2109; x_wconf 89' lang='lat' dir='ltr'><strong>et</strong></span> <span class='ocrx_word' id='word_1_290' title='bbox 789 2059 989 2110; x_wconf 75' lang='lat' dir='ltr'><strong>attraxi</strong></span> <span class='ocrx_word' id='word_1_291' title='bbox 1027 2058 1272 2125; x_wconf 75' lang='lat' dir='ltr'><strong>spiritum</strong></span> <span class='ocrx_word' id='word_1_292' title='bbox 1313 2059 1354 2112; x_wconf 77' lang='lat'><strong>&#39;.</strong></span> <span class='ocrx_word' id='word_1_293' title='bbox 1397 2059 1484 2122; x_wconf 87' lang='lat' dir='ltr'><strong>Et,</strong></span> <span class='ocrx_word' id='word_1_294' title='bbox 1512 2058 1690 2111; x_wconf 82' lang='lat' dir='ltr'><strong>dentes</strong></span> <span class='ocrx_word' id='word_1_295' title='bbox 1725 2066 2060 2127; x_wconf 84' lang='lat' dir='ltr'><strong>peccatorum</strong></span> 
     </span>
    </p>
   </div>
   <div class='ocr_carea' id='block_1_38' title="bbox 473 2144 2060 2203">
    <p class='ocr_par' dir='ltr' id='par_1_38' title="bbox 473 2144 2060 2203">
     <span class='ocr_line' id='line_1_38' title="bbox 473 2144 2060 2203; baseline 0.004 -10"><span class='ocrx_word' id='word_1_296' title='bbox 473 2144 833 2199; x_wconf 77' lang='lat' dir='ltr'><strong>contrivisti’.</strong></span> <span class='ocrx_word' id='word_1_297' title='bbox 857 2145 991 2200; x_wconf 82' lang='lat' dir='ltr'><strong>Nam</strong></span> <span class='ocrx_word' id='word_1_298' title='bbox 1028 2147 1146 2201; x_wconf 82' lang='lat' dir='ltr'><strong>ha-c</strong></span> <span class='ocrx_word' id='word_1_299' title='bbox 1170 2148 1350 2200; x_wconf 88' lang='lat' dir='ltr'><strong>omnia</strong></span> <span class='ocrx_word' id='word_1_300' title='bbox 1376 2149 1442 2201; x_wconf 87' lang='lat' dir='ltr'><strong>de</strong></span> <span class='ocrx_word' id='word_1_301' title='bbox 1477 2149 1542 2203; x_wconf 88' lang='lat' dir='ltr'><strong>iis</strong></span> <span class='ocrx_word' id='word_1_302' title='bbox 1568 2149 1708 2201; x_wconf 92' lang='lat' dir='ltr'><strong>dicta</strong></span> <span class='ocrx_word' id='word_1_303' title='bbox 1730 2156 1857 2201; x_wconf 87' lang='lat' dir='ltr'><strong>sunt</strong></span> <span class='ocrx_word' id='word_1_304' title='bbox 1892 2147 2060 2202; x_wconf 79' lang='lat' dir='ltr'><strong>facul-</strong></span> 
     </span>
    </p>
   </div>
   <div class='ocr_carea' id='block_1_39' title="bbox 477 2236 2057 2307">
    <p class='ocr_par' dir='ltr' id='par_1_39' title="bbox 477 2236 2057 2307">
     <span class='ocr_line' id='line_1_39' title="bbox 477 2236 2057 2307; baseline 0.003 -19"><span class='ocrx_word' id='word_1_305' title='bbox 477 2236 700 2302; x_wconf 85' lang='lat' dir='ltr'><strong>tatibus,</strong></span> <span class='ocrx_word' id='word_1_306' title='bbox 727 2251 848 2306; x_wconf 68' lang='lat' dir='ltr'><strong>quaa</strong></span> <span class='ocrx_word' id='word_1_307' title='bbox 885 2238 1120 2306; x_wconf 85' lang='lat' dir='ltr'><strong>spiritali</strong></span> <span class='ocrx_word' id='word_1_308' title='bbox 1157 2238 1430 2292; x_wconf 65' lang='lat' dir='ltr'><strong>alimoniae</strong></span> <span class='ocrx_word' id='word_1_309' title='bbox 1455 2255 1518 2291; x_wconf 90' lang='lat' dir='ltr'><strong>ac</strong></span> <span class='ocrx_word' id='word_1_310' title='bbox 1547 2239 1807 2292; x_wconf 78' lang='lat' dir='ltr'><strong>doctrina:</strong></span> <span class='ocrx_word' id='word_1_311' title='bbox 1829 2238 2057 2307; x_wconf 88' lang='lat' dir='ltr'><strong>spiritali</strong></span> 
     </span>
    </p>
   </div>
   <div class='ocr_carea' id='block_1_40' title="bbox 472 2325 2054 2395">
    <p class='ocr_par' dir='ltr' id='par_1_40' title="bbox 472 2325 2054 2395">
     <span class='ocr_line' id='line_1_40' title="bbox 472 2325 2054 2395; baseline 0.003 -17"><span class='ocrx_word' id='word_1_312' title='bbox 472 2325 796 2381; x_wconf 89' lang='lat' dir='ltr'><strong>inserviunt.</strong></span> <span class='ocrx_word' id='word_1_313' title='bbox 817 2325 945 2382; x_wconf 86' lang='lat' dir='ltr'><strong>Tale</strong></span> <span class='ocrx_word' id='word_1_314' title='bbox 966 2337 1049 2382; x_wconf 87' lang='lat' dir='ltr'><strong>est</strong></span> <span class='ocrx_word' id='word_1_315' title='bbox 1077 2337 1126 2381; x_wconf 89' lang='lat' dir='ltr'><strong>ct</strong></span> <span class='ocrx_word' id='word_1_316' title='bbox 1159 2327 1284 2380; x_wconf 93' lang='lat' dir='ltr'><strong>illud</strong></span> <span class='ocrx_word' id='word_1_317' title='bbox 1315 2342 1331 2380; x_wconf 93' lang='lat'><strong>:</strong></span> <span class='ocrx_word' id='word_1_318' title='bbox 1367 2326 1611 2382; x_wconf 82' lang='lat' dir='ltr'><strong>Ventrem</strong></span> <span class='ocrx_word' id='word_1_319' title='bbox 1639 2345 1812 2382; x_wconf 87' lang='lat' dir='ltr'><strong>meum</strong></span> <span class='ocrx_word' id='word_1_320' title='bbox 1832 2329 1982 2382; x_wconf 87' lang='lat' dir='ltr'><strong>doleo</strong></span> <span class='ocrx_word' id='word_1_321' title='bbox 2003 2331 2054 2395; x_wconf 74' lang='grc'><strong>⁵;</strong></span> 
     </span>
    </p>
   </div>
   <div class='ocr_carea' id='block_1_41' title="bbox 471 2415 2060 2491">
    <p class='ocr_par' dir='ltr' id='par_1_41' title="bbox 471 2415 2060 2491">
     <span class='ocr_line' id='line_1_41' title="bbox 471 2415 2060 2491; baseline 0.002 -18"><span class='ocrx_word' id='word_1_322' title='bbox 471 2425 549 2481; x_wconf 87' lang='lat' dir='ltr'><strong>et,</strong></span> <span class='ocrx_word' id='word_1_323' title='bbox 582 2415 683 2472; x_wconf 83' lang='lat' dir='ltr'><strong>Pes</strong></span> <span class='ocrx_word' id='word_1_324' title='bbox 709 2420 850 2489; x_wconf 87' lang='lat' dir='ltr'><strong>justi</strong></span> <span class='ocrx_word' id='word_1_325' title='bbox 891 2437 995 2474; x_wconf 82' lang='lat' dir='ltr'><strong>non</strong></span> <span class='ocrx_word' id='word_1_326' title='bbox 1032 2421 1279 2491; x_wconf 83' lang='lat' dir='ltr'><strong>impinget</strong></span> <span class='ocrx_word' id='word_1_327' title='bbox 1319 2421 1361 2474; x_wconf 83' lang='grc'><strong><em>⁵.</em></strong></span> <span class='ocrx_word' id='word_1_328' title='bbox 1397 2420 1588 2476; x_wconf 86' lang='lat' dir='ltr'><strong>Omnia</strong></span> <span class='ocrx_word' id='word_1_329' title='bbox 1639 2423 1783 2476; x_wconf 91' lang='lat' dir='ltr'><strong>enim</strong></span> <span class='ocrx_word' id='word_1_330' title='bbox 1839 2424 1961 2474; x_wconf 87' lang='lat' dir='ltr'><strong>talia</strong></span> <span class='ocrx_word' id='word_1_331' title='bbox 1992 2424 2060 2476; x_wconf 85' lang='lat' dir='ltr'><strong>de</strong></span> 
     </span>
    </p>
   </div>
   <div class='ocr_carea' id='block_1_42' title="bbox 471 2509 2058 2582">
    <p class='ocr_par' dir='ltr' id='par_1_42' title="bbox 471 2509 2058 2582">
     <span class='ocr_line' id='line_1_42' title="bbox 471 2509 2058 2582; baseline 0.003 -20"><span class='ocrx_word' id='word_1_332' title='bbox 471 2509 717 2564; x_wconf 87' lang='lat' dir='ltr'><strong>interiori</strong></span> <span class='ocrx_word' id='word_1_333' title='bbox 749 2512 971 2566; x_wconf 86' lang='lat' dir='ltr'><strong>homine</strong></span> <span class='ocrx_word' id='word_1_334' title='bbox 1016 2512 1184 2566; x_wconf 90' lang='lat' dir='ltr'><strong>relata</strong></span> <span class='ocrx_word' id='word_1_335' title='bbox 1221 2523 1371 2567; x_wconf 89' lang='lat' dir='ltr'><strong>sunt.</strong></span> <span class='ocrx_word' id='word_1_336' title='bbox 1401 2512 1520 2567; x_wconf 82' lang='lat' dir='ltr'><strong>Jam</strong></span> <span class='ocrx_word' id='word_1_337' title='bbox 1564 2529 1688 2568; x_wconf 88' lang='lat' dir='ltr'><strong>vero</strong></span> <span class='ocrx_word' id='word_1_338' title='bbox 1715 2515 1868 2582; x_wconf 77' lang='lat' dir='ltr'><strong>juxta</strong></span> <span class='ocrx_word' id='word_1_339' title='bbox 1911 2530 2058 2568; x_wconf 85' lang='lat' dir='ltr'><strong>cam-</strong></span> 
     </span>
    </p>
   </div>
   <div class='ocr_carea' id='block_1_43' title="bbox 471 2601 2059 2674">
    <p class='ocr_par' dir='ltr' id='par_1_43' title="bbox 471 2601 2059 2674">
     <span class='ocr_line' id='line_1_43' title="bbox 471 2601 2059 2674; baseline 0.001 -18"><span class='ocrx_word' id='word_1_340' title='bbox 471 2601 594 2656; x_wconf 91' lang='lat' dir='ltr'><strong>dem</strong></span> <span class='ocrx_word' id='word_1_341' title='bbox 632 2602 898 2657; x_wconf 89' lang='lat' dir='ltr'><strong>rationem</strong></span> <span class='ocrx_word' id='word_1_342' title='bbox 950 2603 1152 2658; x_wconf 83' lang='lat' dir='ltr'><strong>fuerint</strong></span> <span class='ocrx_word' id='word_1_343' title='bbox 1190 2607 1356 2658; x_wconf 90' lang='lat' dir='ltr'><strong>etiam</strong></span> <span class='ocrx_word' id='word_1_344' title='bbox 1397 2606 1644 2674; x_wconf 71' lang='lat' dir='ltr'><strong>qua-dam</strong></span> <span class='ocrx_word' id='word_1_345' title='bbox 1691 2606 1927 2659; x_wconf 82' lang='lat' dir='ltr'><strong>hominis</strong></span> <span class='ocrx_word' id='word_1_346' title='bbox 1976 2606 2059 2658; x_wconf 90' lang='lat' dir='ltr'><strong>in-</strong></span> 
     </span>
    </p>
   </div>
   <div class='ocr_carea' id='block_1_44' title="bbox 477 2696 2057 2766">
    <p class='ocr_par' dir='ltr' id='par_1_44' title="bbox 477 2696 2057 2766">
     <span class='ocr_line' id='line_1_44' title="bbox 477 2696 2057 2766; baseline 0.002 -19"><span class='ocrx_word' id='word_1_347' title='bbox 477 2696 617 2749; x_wconf 87' lang='lat' dir='ltr'><strong>terni</strong></span> <span class='ocrx_word' id='word_1_348' title='bbox 649 2711 793 2762; x_wconf 88' lang='lat' dir='ltr'><strong>ossa,</strong></span> <span class='ocrx_word' id='word_1_349' title='bbox 834 2698 1033 2766; x_wconf 85' lang='lat' dir='ltr'><strong>quibus</strong></span> <span class='ocrx_word' id='word_1_350' title='bbox 1080 2698 1357 2766; x_wconf 84' lang='lat' dir='ltr'><strong>colligatio</strong></span> <span class='ocrx_word' id='word_1_351' title='bbox 1395 2699 1794 2766; x_wconf 88' lang='lat' dir='ltr'><strong>harmoniaque</strong></span> <span class='ocrx_word' id='word_1_352' title='bbox 1825 2698 2057 2752; x_wconf 84' lang='lat' dir='ltr'><strong>faculta-</strong></span> 
     </span>
    </p>
   </div>
   <div class='ocr_carea' id='block_1_45' title="bbox 471 2789 2057 2858">
    <p class='ocr_par' dir='ltr' id='par_1_45' title="bbox 471 2789 2057 2858">
     <span class='ocr_line' id='line_1_45' title="bbox 471 2789 2057 2858; baseline 0 -18"><span class='ocrx_word' id='word_1_353' title='bbox 471 2795 585 2841; x_wconf 90' lang='lat' dir='ltr'><strong>tum</strong></span> <span class='ocrx_word' id='word_1_354' title='bbox 616 2790 813 2842; x_wconf 77' lang='lat' dir='ltr'><strong>anima:</strong></span> <span class='ocrx_word' id='word_1_355' title='bbox 852 2790 1180 2845; x_wconf 87' lang='lat' dir='ltr'><strong>continetur.</strong></span> <span class='ocrx_word' id='word_1_356' title='bbox 1213 2791 1281 2844; x_wconf 84' lang='lat' dir='ltr'><strong>Et</strong></span> <span class='ocrx_word' id='word_1_357' title='bbox 1310 2789 1770 2858; x_wconf 86' lang='lat' dir='ltr'><strong>quemadmodum</strong></span> <span class='ocrx_word' id='word_1_358' title='bbox 1807 2805 1926 2844; x_wconf 86' lang='lat' dir='ltr'><strong>ossa</strong></span> <span class='ocrx_word' id='word_1_359' title='bbox 1968 2789 2057 2842; x_wconf 85' lang='lat' dir='ltr'><strong>lir-</strong></span> 
     </span>
    </p>
   </div>
   <div class='ocr_carea' id='block_1_46' title="bbox 472 2877 2053 2947">
    <p class='ocr_par' dir='ltr' id='par_1_46' title="bbox 472 2877 2053 2947">
     <span class='ocr_line' id='line_1_46' title="bbox 472 2877 2053 2947; baseline -0.001 -13"><span class='ocrx_word' id='word_1_360' title='bbox 472 2877 663 2934; x_wconf 89' lang='lat' dir='ltr'><strong>mitate</strong></span> <span class='ocrx_word' id='word_1_361' title='bbox 685 2879 900 2947; x_wconf 88' lang='lat' dir='ltr'><strong>propria</strong></span> <span class='ocrx_word' id='word_1_362' title='bbox 925 2879 1300 2933; x_wconf 89' lang='lat' dir='ltr'><strong>communiunt</strong></span> <span class='ocrx_word' id='word_1_363' title='bbox 1324 2879 1572 2933; x_wconf 89' lang='lat' dir='ltr'><strong>carnium</strong></span> <span class='ocrx_word' id='word_1_364' title='bbox 1602 2881 2053 2934; x_wconf 86' lang='lat' dir='ltr'><strong>teneritudinem:</strong></span> 
     </span>
    </p>
   </div>
   <div class='ocr_carea' id='block_1_47' title="bbox 475 2969 2056 3040">
    <p class='ocr_par' dir='ltr' id='par_1_47' title="bbox 475 2969 2056 3040">
     <span class='ocr_line' id='line_1_47' title="bbox 475 2969 2056 3040; baseline 0.001 -16"><span class='ocrx_word' id='word_1_365' title='bbox 475 2971 554 3024; x_wconf 89' lang='lat' dir='ltr'><strong>sic</strong></span> <span class='ocrx_word' id='word_1_366' title='bbox 585 2979 638 3024; x_wconf 88' lang='lat' dir='ltr'><strong>et</strong></span> <span class='ocrx_word' id='word_1_367' title='bbox 672 2969 724 3022; x_wconf 90' lang='lat' dir='ltr'><strong>in</strong></span> <span class='ocrx_word' id='word_1_368' title='bbox 765 2969 1003 3023; x_wconf 87' lang='lat' dir='ltr'><strong>Ecclesia</strong></span> <span class='ocrx_word' id='word_1_369' title='bbox 1028 2979 1156 3023; x_wconf 88' lang='lat' dir='ltr'><strong>sunt</strong></span> <span class='ocrx_word' id='word_1_370' title='bbox 1183 2971 1424 3040; x_wconf 91' lang='lat' dir='ltr'><strong>quidam,</strong></span> <span class='ocrx_word' id='word_1_371' title='bbox 1460 2972 1550 3040; x_wconf 89' lang='lat' dir='ltr'><strong>qui</strong></span> <span class='ocrx_word' id='word_1_372' title='bbox 1585 2970 1654 3025; x_wconf 89' lang='lat' dir='ltr'><strong>ob</strong></span> <span class='ocrx_word' id='word_1_373' title='bbox 1693 2973 2056 3027; x_wconf 88' lang='lat' dir='ltr'><strong>constantiam</strong></span> 
     </span>
    </p>
   </div>
   <div class='ocr_carea' id='block_1_48' title="bbox 472 3059 2060 3130">
    <p class='ocr_par' dir='ltr' id='par_1_48' title="bbox 472 3059 2060 3130">
     <span class='ocr_line' id='line_1_48' title="bbox 472 3059 2060 3130; baseline 0.003 -16"><span class='ocrx_word' id='word_1_374' title='bbox 472 3074 626 3114; x_wconf 88' lang='lat' dir='ltr'><strong>suam</strong></span> <span class='ocrx_word' id='word_1_375' title='bbox 674 3061 932 3115; x_wconf 82' lang='lat' dir='ltr'><strong>debilium</strong></span> <span class='ocrx_word' id='word_1_376' title='bbox 977 3061 1381 3115; x_wconf 89' lang='lat' dir='ltr'><strong>imbecillitates</strong></span> <span class='ocrx_word' id='word_1_377' title='bbox 1436 3059 1579 3116; x_wconf 79' lang='lat' dir='ltr'><strong>ferre</strong></span> <span class='ocrx_word' id='word_1_378' title='bbox 1614 3073 1857 3130; x_wconf 90' lang='lat' dir='ltr'><strong>possunt.</strong></span> <span class='ocrx_word' id='word_1_379' title='bbox 1897 3063 1960 3117; x_wconf 83' lang='lat' dir='ltr'><strong>Et</strong></span> <span class='ocrx_word' id='word_1_380' title='bbox 2001 3075 2060 3118; x_wconf 90' lang='lat' dir='ltr'><strong>ut</strong></span> 
     </span>
    </p>
   </div>
   <div class='ocr_carea' id='block_1_49' title="bbox 2161 1872 3683 1950">
    <p class='ocr_par' dir='ltr' id='par_1_49' title="bbox 2161 1872 3683 1950">
     <span class='ocr_line' id='line_1_49' title="bbox 2161 1872 3683 1950; baseline -0.006 -16"><span class='ocrx_word' id='word_1_381' title='bbox 2161 1881 2218 1934; x_wconf 81' lang='grc' dir='ltr'>δὲ</span> <span class='ocrx_word' id='word_1_382' title='bbox 2245 1881 2370 1942; x_wconf 83' lang='grc' dir='ltr'>τοὺς</span> <span class='ocrx_word' id='word_1_383' title='bbox 2399 1879 2473 1950; x_wconf 83' lang='grc' dir='ltr'><strong>μὴ</strong></span> <span class='ocrx_word' id='word_1_384' title='bbox 2515 1878 2737 1948; x_wconf 79' lang='grc' dir='ltr'>ἔχοντας</span> <span class='ocrx_word' id='word_1_385' title='bbox 2764 1880 2946 1932; x_wconf 76' lang='grc' dir='ltr'>ἐκεῖνα</span> <span class='ocrx_word' id='word_1_386' title='bbox 2975 1877 3043 1930; x_wconf 81' lang='grc' dir='ltr'>τὰ</span> <span class='ocrx_word' id='word_1_387' title='bbox 3069 1872 3182 1930; x_wconf 80' lang='grc' dir='ltr'>ὦτα</span> <span class='ocrx_word' id='word_1_388' title='bbox 3218 1877 3271 1929; x_wconf 89' lang='grc' dir='ltr'><strong>τί</strong></span> <span class='ocrx_word' id='word_1_389' title='bbox 3304 1892 3498 1946; x_wconf 64' lang='lat' dir='ltr'><strong>(moui;</strong></span> <span class='ocrx_word' id='word_1_390' title='bbox 3526 1876 3578 1927; x_wconf 82' lang='lat' dir='ltr'><strong>Oi</strong></span> <span class='ocrx_word' id='word_1_391' title='bbox 3606 1891 3683 1924; x_wconf 76' lang='grc' dir='ltr'><strong>κω-</strong></span> 
     </span>
    </p>
   </div>
   <div class='ocr_carea' id='block_1_50' title="bbox 2161 1965 3681 2042">
    <p class='ocr_par' dir='ltr' id='par_1_50' title="bbox 2161 1965 3681 2042">
     <span class='ocr_line' id='line_1_50' title="bbox 2161 1965 3681 2042; baseline -0.007 -17"><span class='ocrx_word' id='word_1_392' title='bbox 2161 1973 2298 2042; x_wconf 65' lang='grc' dir='ltr'>φοὶ,</span> <span class='ocrx_word' id='word_1_393' title='bbox 2324 1973 2657 2034; x_wconf 79' lang='grc' dir='ltr'>ἀκούσατε,</span> <span class='ocrx_word' id='word_1_394' title='bbox 2695 1970 2794 2023; x_wconf 76' lang='grc' dir='ltr'>καὶ</span> <span class='ocrx_word' id='word_1_395' title='bbox 2817 1973 2868 2023; x_wconf 77' lang='grc' dir='ltr'>οἱ</span> <span class='ocrx_word' id='word_1_396' title='bbox 2896 1971 3136 2038; x_wconf 46' lang='grc' dir='ltr'>τυφλοὶ,</span> <span class='ocrx_word' id='word_1_397' title='bbox 3173 1969 3576 2036; x_wconf 48' lang='grc' dir='ltr'><strong>ἁναόλέψατν</strong></span> <span class='ocrx_word' id='word_1_398' title='bbox 3601 1965 3681 2024; x_wconf 74' lang='grc' dir='ltr'>καὶ,</span> 
     </span>
    </p>
   </div>
   <div class='ocr_carea' id='block_1_51' title="bbox 2167 2043 3745 2132">
    <p class='ocr_par' dir='ltr' id='par_1_51' title="bbox 2167 2043 3745 2132">
     <span class='ocr_line' id='line_1_51' title="bbox 2167 2043 3745 2132; baseline -0.006 -15"><span class='ocrx_word' id='word_1_399' title='bbox 2167 2065 2242 2118; x_wconf 82' lang='grc' dir='ltr'><em>Τὸ</em></span> <span class='ocrx_word' id='word_1_400' title='bbox 2275 2065 2471 2132; x_wconf 80' lang='grc' dir='ltr'>στόμα</span> <span class='ocrx_word' id='word_1_401' title='bbox 2496 2079 2615 2131; x_wconf 88' lang='grc' dir='ltr'><strong>μου</strong></span> <span class='ocrx_word' id='word_1_402' title='bbox 2642 2061 2877 2129; x_wconf 74' lang='grc' dir='ltr'>ἤνοιξα,</span> <span class='ocrx_word' id='word_1_403' title='bbox 2904 2061 3000 2114; x_wconf 80' lang='grc' dir='ltr'>καὶ</span> <span class='ocrx_word' id='word_1_404' title='bbox 3030 2062 3293 2114; x_wconf 76' lang='grc' dir='ltr'>εἶλκυσα</span> <span class='ocrx_word' id='word_1_405' title='bbox 3331 2059 3570 2126; x_wconf 75' lang='grc' dir='ltr'>πνεῦμα·</span> <span class='ocrx_word' id='word_1_406' title='bbox 3601 2055 3681 2115; x_wconf 75' lang='grc' dir='ltr'>καὶ,</span> <span class='ocrx_word' id='word_1_407' title='bbox 3744 2043 3745 2066; x_wconf 22' lang='grc' dir='ltr'>ἶ</span> 
     </span>
    </p>
   </div>
   <div class='ocr_carea' id='block_1_52' title="bbox 2162 2146 3682 2221">
    <p class='ocr_par' dir='ltr' id='par_1_52' title="bbox 2162 2146 3682 2221">
     <span class='ocr_line' id='line_1_52' title="bbox 2162 2146 3682 2221; baseline -0.008 -15"><span class='ocrx_word' id='word_1_408' title='bbox 2162 2153 2429 2218; x_wconf 72' lang='grc' dir='ltr'>Ὀδόντας</span> <span class='ocrx_word' id='word_1_409' title='bbox 2456 2151 2816 2221; x_wconf 77' lang='grc' dir='ltr'>ἁμαρτωλῶν</span> <span class='ocrx_word' id='word_1_410' title='bbox 2839 2151 3225 2219; x_wconf 67' lang='grc' dir='ltr'>συνέτριψας.</span> <span class='ocrx_word' id='word_1_411' title='bbox 3248 2149 3432 2204; x_wconf 79' lang='grc' dir='ltr'>Ταῦτα</span> <span class='ocrx_word' id='word_1_412' title='bbox 3449 2149 3544 2217; x_wconf 75' lang='grc' dir='ltr'><strong>γὰρ</strong></span> <span class='ocrx_word' id='word_1_413' title='bbox 3559 2146 3682 2197; x_wconf 68' lang='grc' dir='ltr'>πάντα</span> 
     </span>
    </p>
   </div>
   <div class='ocr_carea' id='block_1_53' title="bbox 2161 2240 3681 2317">
    <p class='ocr_par' dir='ltr' id='par_1_53' title="bbox 2161 2240 3681 2317">
     <span class='ocr_line' id='line_1_53' title="bbox 2161 2240 3681 2317; baseline -0.009 -17"><span class='ocrx_word' id='word_1_414' title='bbox 2161 2246 2375 2317; x_wconf 82' lang='grc' dir='ltr'>εἴρηται</span> <span class='ocrx_word' id='word_1_415' title='bbox 2407 2246 2542 2317; x_wconf 84' lang='grc' dir='ltr'>πρὸς</span> <span class='ocrx_word' id='word_1_416' title='bbox 2575 2243 2672 2307; x_wconf 83' lang='grc' dir='ltr'>τὰς</span> <span class='ocrx_word' id='word_1_417' title='bbox 2703 2243 3080 2315; x_wconf 80' lang='grc' dir='ltr'>ύπουργούσας</span> <span class='ocrx_word' id='word_1_418' title='bbox 3100 2242 3361 2313; x_wconf 75' lang='grc' dir='ltr'>δυνάμεις</span> <span class='ocrx_word' id='word_1_419' title='bbox 3387 2242 3473 2292; x_wconf 77' lang='grc' dir='ltr'>ἐπὶ</span> <span class='ocrx_word' id='word_1_420' title='bbox 3495 2240 3576 2308; x_wconf 75' lang='grc' dir='ltr'>τὴν</span> <span class='ocrx_word' id='word_1_421' title='bbox 3596 2253 3681 2302; x_wconf 75' lang='grc' dir='ltr'>νοη-</span> 
     </span>
    </p>
   </div>
   <div class='ocr_carea' id='block_1_54' title="bbox 2160 2329 3678 2407">
    <p class='ocr_par' dir='ltr' id='par_1_54' title="bbox 2160 2329 3678 2407">
     <span class='ocr_line' id='line_1_54' title="bbox 2160 2329 3678 2407; baseline -0.012 -12"><span class='ocrx_word' id='word_1_422' title='bbox 2160 2337 2258 2406; x_wconf 81' lang='grc' dir='ltr'>τὴν</span> <span class='ocrx_word' id='word_1_423' title='bbox 2286 2337 2492 2407; x_wconf 81' lang='grc' dir='ltr'>τροφὴν</span> <span class='ocrx_word' id='word_1_424' title='bbox 2525 2335 2618 2390; x_wconf 74' lang='grc' dir='ltr'>καὶ</span> <span class='ocrx_word' id='word_1_425' title='bbox 2653 2335 2744 2388; x_wconf 86' lang='grc' dir='ltr'><strong>τὸν</strong></span> <span class='ocrx_word' id='word_1_426' title='bbox 2767 2335 2951 2406; x_wconf 80' lang='grc' dir='ltr'>νοητὸν</span> <span class='ocrx_word' id='word_1_427' title='bbox 2977 2334 3152 2402; x_wconf 78' lang='grc' dir='ltr'>λόγον.</span> <span class='ocrx_word' id='word_1_428' title='bbox 3183 2332 3434 2386; x_wconf 76' lang='grc' dir='ltr'>Τοιοῦτον</span> <span class='ocrx_word' id='word_1_429' title='bbox 3459 2332 3509 2383; x_wconf 79' lang='grc' dir='ltr'><strong>δὲ</strong></span> <span class='ocrx_word' id='word_1_430' title='bbox 3537 2329 3678 2386; x_wconf 69' lang='grc' dir='ltr'>καὶτὸ,</span> 
     </span>
    </p>
   </div>
   <div class='ocr_carea' id='block_1_55' title="bbox 2167 2420 3679 2497">
    <p class='ocr_par' dir='ltr' id='par_1_55' title="bbox 2167 2420 3679 2497">
     <span class='ocr_line' id='line_1_55' title="bbox 2167 2420 3679 2497; baseline -0.017 -1"><span class='ocrx_word' id='word_1_431' title='bbox 2167 2429 2285 2495; x_wconf 77' lang='grc' dir='ltr'><strong>Τὴν</strong></span> <span class='ocrx_word' id='word_1_432' title='bbox 2309 2429 2546 2482; x_wconf 79' lang='grc' dir='ltr'><em>κοιλίαν</em></span> <span class='ocrx_word' id='word_1_433' title='bbox 2569 2446 2689 2497; x_wconf 84' lang='grc' dir='ltr'><strong>μου</strong></span> <span class='ocrx_word' id='word_1_434' title='bbox 2729 2427 2922 2496; x_wconf 71' lang='grc' dir='ltr'><strong>ἀλγῶο</strong></span> <span class='ocrx_word' id='word_1_435' title='bbox 2961 2428 3053 2481; x_wconf 75' lang='grc' dir='ltr'><strong>καὶ</strong></span> <span class='ocrx_word' id='word_1_436' title='bbox 3097 2427 3178 2494; x_wconf 82' lang='grc' dir='ltr'><strong>τὸ,</strong></span> <span class='ocrx_word' id='word_1_437' title='bbox 3241 2429 3297 2479; x_wconf 87' lang='grc' dir='ltr'><strong><em>Ὀ</em></strong></span> <span class='ocrx_word' id='word_1_438' title='bbox 3340 2424 3484 2492; x_wconf 82' lang='grc' dir='ltr'><strong>ποῦς</strong></span> <span class='ocrx_word' id='word_1_439' title='bbox 3515 2423 3597 2476; x_wconf 81' lang='grc' dir='ltr'>τοῦ</span> <span class='ocrx_word' id='word_1_440' title='bbox 3623 2420 3679 2472; x_wconf 68' lang='grc' dir='ltr'><strong>δι-</strong></span> 
     </span>
    </p>
   </div>
   <div class='ocr_carea' id='block_1_56' title="bbox 2161 2512 3680 2589">
    <p class='ocr_par' dir='ltr' id='par_1_56' title="bbox 2161 2512 3680 2589">
     <span class='ocr_line' id='line_1_56' title="bbox 2161 2512 3680 2589; baseline -0.007 -17"><span class='ocrx_word' id='word_1_441' title='bbox 2161 2520 2333 2572; x_wconf 82' lang='grc' dir='ltr'>καίου</span> <span class='ocrx_word' id='word_1_442' title='bbox 2371 2521 2443 2572; x_wconf 87' lang='grc' dir='ltr'>οὺ</span> <span class='ocrx_word' id='word_1_443' title='bbox 2469 2518 2554 2588; x_wconf 78' lang='grc' dir='ltr'>μὴ</span> <span class='ocrx_word' id='word_1_444' title='bbox 2592 2520 2939 2588; x_wconf 72' lang='grc' dir='ltr'>προσκόψῃ.</span> <span class='ocrx_word' id='word_1_445' title='bbox 3019 2519 3203 2572; x_wconf 77' lang='grc' dir='ltr'>Πάντα</span> <span class='ocrx_word' id='word_1_446' title='bbox 3233 2519 3347 2589; x_wconf 77' lang='grc' dir='ltr'><strong>γὰρ</strong></span> <span class='ocrx_word' id='word_1_447' title='bbox 3381 2518 3465 2569; x_wconf 75' lang='grc' dir='ltr'><strong>ἐπὶ</strong></span> <span class='ocrx_word' id='word_1_448' title='bbox 3493 2514 3570 2567; x_wconf 81' lang='grc' dir='ltr'>τοῦ</span> <span class='ocrx_word' id='word_1_449' title='bbox 3606 2512 3680 2563; x_wconf 69' lang='grc' dir='ltr'>ἔξω</span> 
     </span>
    </p>
   </div>
   <div class='ocr_carea' id='block_1_57' title="bbox 2159 2605 3677 2683">
    <p class='ocr_par' dir='ltr' id='par_1_57' title="bbox 2159 2605 3677 2683">
     <span class='ocr_line' id='line_1_57' title="bbox 2159 2605 3677 2683; baseline -0.005 -18"><span class='ocrx_word' id='word_1_450' title='bbox 2159 2611 2449 2683; x_wconf 81' lang='grc' dir='ltr'>ἀνθρώπου</span> <span class='ocrx_word' id='word_1_451' title='bbox 2492 2612 2837 2665; x_wconf 84' lang='grc' dir='ltr'>κατείλεκται</span> <span class='ocrx_word' id='word_1_452' title='bbox 2867 2611 2937 2665; x_wconf 82' lang='grc' dir='ltr'>τὰ</span> <span class='ocrx_word' id='word_1_453' title='bbox 2974 2610 3216 2664; x_wconf 81' lang='grc' dir='ltr'>τοιαῦτα.</span> <span class='ocrx_word' id='word_1_454' title='bbox 3254 2609 3413 2664; x_wconf 76' lang='grc' dir='ltr'>Κατὰ</span> <span class='ocrx_word' id='word_1_455' title='bbox 3444 2609 3494 2662; x_wconf 77' lang='grc' dir='ltr'><strong>δὲ</strong></span> <span class='ocrx_word' id='word_1_456' title='bbox 3518 2605 3677 2659; x_wconf 70' lang='grc' dir='ltr'>τὺναῦ-</span> 
     </span>
    </p>
   </div>
   <div class='ocr_carea' id='block_1_58' title="bbox 2160 2694 3677 2774">
    <p class='ocr_par' dir='ltr' id='par_1_58' title="bbox 2160 2694 3677 2774">
     <span class='ocr_line' id='line_1_58' title="bbox 2160 2694 3677 2774; baseline 0 -17"><span class='ocrx_word' id='word_1_457' title='bbox 2160 2705 2252 2758; x_wconf 80' lang='grc' dir='ltr'><strong>τὸν</strong></span> <span class='ocrx_word' id='word_1_458' title='bbox 2284 2705 2440 2774; x_wconf 84' lang='grc' dir='ltr'>λόγον</span> <span class='ocrx_word' id='word_1_459' title='bbox 2463 2706 2556 2758; x_wconf 71' lang='grc' dir='ltr'><strong>καὶ</strong></span> <span class='ocrx_word' id='word_1_460' title='bbox 2586 2706 2719 2758; x_wconf 84' lang='grc' dir='ltr'><strong>ὀστᾶ</strong></span> <span class='ocrx_word' id='word_1_461' title='bbox 2748 2723 2871 2759; x_wconf 88' lang='grc' dir='ltr'>τινα</span> <span class='ocrx_word' id='word_1_462' title='bbox 2897 2705 2962 2759; x_wconf 84' lang='grc' dir='ltr'><strong>ἂν</strong></span> <span class='ocrx_word' id='word_1_463' title='bbox 2988 2704 3080 2758; x_wconf 72' lang='grc' dir='ltr'>τοῦ</span> <span class='ocrx_word' id='word_1_464' title='bbox 3110 2707 3168 2757; x_wconf 77' lang='grc' dir='ltr'><strong>ὲν</strong></span> <span class='ocrx_word' id='word_1_465' title='bbox 3197 2705 3278 2774; x_wconf 80' lang='grc' dir='ltr'>τῷ</span> <span class='ocrx_word' id='word_1_466' title='bbox 3299 2701 3528 2774; x_wconf 83' lang='grc' dir='ltr'>κρυπτῷ,</span> <span class='ocrx_word' id='word_1_467' title='bbox 3555 2702 3600 2751; x_wconf 81' lang='grc' dir='ltr'>ἐν</span> <span class='ocrx_word' id='word_1_468' title='bbox 3623 2694 3677 2757; x_wconf 67' lang='grc' dir='ltr'><strong>οἷς</strong></span> 
     </span>
    </p>
   </div>
   <div class='ocr_carea' id='block_1_59' title="bbox 2160 2791 3677 2869">
    <p class='ocr_par' dir='ltr' id='par_1_59' title="bbox 2160 2791 3677 2869">
     <span class='ocr_line' id='line_1_59' title="bbox 2160 2791 3677 2869; baseline -0.002 -20"><span class='ocrx_word' id='word_1_469' title='bbox 2160 2797 2190 2849; x_wconf 87' lang='lat'><strong>6</strong></span> <span class='ocrx_word' id='word_1_470' title='bbox 2215 2797 2508 2869; x_wconf 78' lang='grc' dir='ltr'>σύνδεσμος</span> <span class='ocrx_word' id='word_1_471' title='bbox 2531 2799 2623 2851; x_wconf 71' lang='grc' dir='ltr'><strong>καὶ</strong></span> <span class='ocrx_word' id='word_1_472' title='bbox 2651 2801 2682 2869; x_wconf 80' lang='grc' dir='ltr'>ἡ</span> <span class='ocrx_word' id='word_1_473' title='bbox 2710 2798 2943 2869; x_wconf 82' lang='grc' dir='ltr'>ἁρμονία</span> <span class='ocrx_word' id='word_1_474' title='bbox 2965 2798 3073 2850; x_wconf 80' lang='grc' dir='ltr'>τῶν</span> <span class='ocrx_word' id='word_1_475' title='bbox 3104 2797 3355 2868; x_wconf 70' lang='grc' dir='ltr'>ψυχικῶν</span> <span class='ocrx_word' id='word_1_476' title='bbox 3376 2799 3482 2850; x_wconf 75' lang='grc' dir='ltr'>ἐστι</span> <span class='ocrx_word' id='word_1_477' title='bbox 3511 2793 3597 2862; x_wconf 75' lang='grc'>(39)</span> <span class='ocrx_word' id='word_1_478' title='bbox 3617 2791 3677 2841; x_wconf 71' lang='grc' dir='ltr'>δν·</span> 
     </span>
    </p>
   </div>
   <div class='ocr_carea' id='block_1_60' title="bbox 2161 2881 3676 2962">
    <p class='ocr_par' dir='ltr' id='par_1_60' title="bbox 2161 2881 3676 2962">
     <span class='ocr_line' id='line_1_60' title="bbox 2161 2881 3676 2962; baseline -0.005 -20"><span class='ocrx_word' id='word_1_479' title='bbox 2161 2890 2378 2960; x_wconf 86' lang='grc' dir='ltr'>νάμεων</span> <span class='ocrx_word' id='word_1_480' title='bbox 2403 2892 2868 2962; x_wconf 83' lang='grc' dir='ltr'>συγκροτουμένη.</span> <span class='ocrx_word' id='word_1_481' title='bbox 2895 2891 3004 2943; x_wconf 74' lang='grc' dir='ltr'><strong>Καὶ</strong></span> <span class='ocrx_word' id='word_1_482' title='bbox 3023 2889 3210 2961; x_wconf 80' lang='grc' dir='ltr'>ὥσπερ</span> <span class='ocrx_word' id='word_1_483' title='bbox 3239 2890 3310 2943; x_wconf 74' lang='grc' dir='ltr'>τὰ</span> <span class='ocrx_word' id='word_1_484' title='bbox 3339 2890 3464 2941; x_wconf 79' lang='grc' dir='ltr'>ὀστᾶ</span> <span class='ocrx_word' id='word_1_485' title='bbox 3483 2889 3539 2955; x_wconf 80' lang='grc' dir='ltr'>τῇ</span> <span class='ocrx_word' id='word_1_486' title='bbox 3553 2881 3676 2948; x_wconf 66' lang='grc' dir='ltr'>οἰκείᾳ</span> 
     </span>
    </p>
   </div>
   <div class='ocr_carea' id='block_1_61' title="bbox 2161 2978 3671 3054">
    <p class='ocr_par' dir='ltr' id='par_1_61' title="bbox 2161 2978 3671 3054">
     <span class='ocr_line' id='line_1_61' title="bbox 2161 2978 3671 3054; baseline -0.001 -20"><span class='ocrx_word' id='word_1_487' title='bbox 2161 2983 2376 3054; x_wconf 77' lang='grc' dir='ltr'>εὐτονίᾳ</span> <span class='ocrx_word' id='word_1_488' title='bbox 2429 2982 2537 3035; x_wconf 84' lang='grc' dir='ltr'>τῶν</span> <span class='ocrx_word' id='word_1_489' title='bbox 2598 2983 2818 3054; x_wconf 81' lang='grc' dir='ltr'>σαρκῶν</span> <span class='ocrx_word' id='word_1_490' title='bbox 2856 2982 3192 3052; x_wconf 72' lang='grc' dir='ltr'>περιστέλλει</span> <span class='ocrx_word' id='word_1_491' title='bbox 3261 2982 3362 3052; x_wconf 81' lang='grc' dir='ltr'>τὴν</span> <span class='ocrx_word' id='word_1_492' title='bbox 3406 2978 3671 3043; x_wconf 71' lang='grc' dir='ltr'>ἁπαλότητα,</span> 
     </span>
    </p>
   </div>
   <div class='ocr_carea' id='block_1_62' title="bbox 2160 3069 3675 3146">
    <p class='ocr_par' dir='ltr' id='par_1_62' title="bbox 2160 3069 3675 3146">
     <span class='ocr_line' id='line_1_62' title="bbox 2160 3069 3675 3146; baseline -0.006 -18"><span class='ocrx_word' id='word_1_493' title='bbox 2160 3073 2303 3128; x_wconf 77' lang='grc' dir='ltr'>οὕτω</span> <span class='ocrx_word' id='word_1_494' title='bbox 2327 3077 2420 3128; x_wconf 69' lang='grc' dir='ltr'>καὶ</span> <span class='ocrx_word' id='word_1_495' title='bbox 2437 3077 2496 3128; x_wconf 69' lang='grc' dir='ltr'><strong>δν</strong></span> <span class='ocrx_word' id='word_1_496' title='bbox 2519 3078 2582 3146; x_wconf 80' lang='grc' dir='ltr'>τῇ</span> <span class='ocrx_word' id='word_1_497' title='bbox 2602 3075 2899 3146; x_wconf 72' lang='grc' dir='ltr'>Ἐκκλησία</span> <span class='ocrx_word' id='word_1_498' title='bbox 2932 3076 3038 3128; x_wconf 86' lang='grc' dir='ltr'>εἰσί</span> <span class='ocrx_word' id='word_1_499' title='bbox 3058 3092 3221 3138; x_wconf 81' lang='grc' dir='ltr'>τινες,</span> <span class='ocrx_word' id='word_1_500' title='bbox 3245 3076 3297 3127; x_wconf 84' lang='grc' dir='ltr'>οἳ</span> <span class='ocrx_word' id='word_1_501' title='bbox 3316 3075 3401 3127; x_wconf 74' lang='grc' dir='ltr'><strong>διὰ</strong></span> <span class='ocrx_word' id='word_1_502' title='bbox 3429 3073 3513 3143; x_wconf 80' lang='grc' dir='ltr'><strong>τὴν</strong></span> <span class='ocrx_word' id='word_1_503' title='bbox 3526 3069 3675 3122; x_wconf 53' lang='lat' dir='ltr'><strong>niveis»</strong></span> 
     </span>
    </p>
   </div>
   <div class='ocr_carea' id='block_1_63' title="bbox 472 3149 2056 3240">
    <p class='ocr_par' dir='ltr' id='par_1_63' title="bbox 472 3154 2054 3222">
     <span class='ocr_line' id='line_1_63' title="bbox 472 3154 2054 3222; baseline 0.001 -15"><span class='ocrx_word' id='word_1_504' title='bbox 472 3155 614 3207; x_wconf 89' lang='lat' dir='ltr'><strong>inter</strong></span> <span class='ocrx_word' id='word_1_505' title='bbox 636 3168 695 3206; x_wconf 89' lang='lat' dir='ltr'><strong>se</strong></span> <span class='ocrx_word' id='word_1_506' title='bbox 724 3161 1122 3206; x_wconf 87' lang='lat' dir='ltr'><strong>connectuntur</strong></span> <span class='ocrx_word' id='word_1_507' title='bbox 1152 3167 1298 3215; x_wconf 89' lang='lat' dir='ltr'><strong>ossa,</strong></span> <span class='ocrx_word' id='word_1_508' title='bbox 1324 3167 1447 3206; x_wconf 91' lang='lat' dir='ltr'><strong>cum</strong></span> <span class='ocrx_word' id='word_1_509' title='bbox 1475 3168 1570 3222; x_wconf 86' lang='lat' dir='ltr'><strong>per</strong></span> <span class='ocrx_word' id='word_1_510' title='bbox 1599 3168 1794 3207; x_wconf 91' lang='lat' dir='ltr'><strong>nervos</strong></span> <span class='ocrx_word' id='word_1_511' title='bbox 1819 3164 1872 3206; x_wconf 90' lang='lat' dir='ltr'><strong>et</strong></span> <span class='ocrx_word' id='word_1_512' title='bbox 1901 3154 2054 3208; x_wconf 88' lang='lat' dir='ltr'><strong>colli-</strong></span> 
     </span>
    </p>
   </div>
   <div class='ocr_carea' id='block_1_64' title="bbox 2164 3149 3675 3240">
    <p class='ocr_par' dir='ltr' id='par_1_64' title="bbox 2164 3149 3675 3240">
     <span class='ocr_line' id='line_1_64' title="bbox 2164 3149 3675 3240; baseline -0.011 -14"><span class='ocrx_word' id='word_1_513' title='bbox 2164 3169 2492 3240; x_wconf 71' lang='grc' dir='ltr'>πτερρὁητα</span> <span class='ocrx_word' id='word_1_514' title='bbox 2518 3169 2585 3221; x_wconf 84' lang='grc' dir='ltr'>τὰ</span> <span class='ocrx_word' id='word_1_515' title='bbox 2616 3170 2969 3239; x_wconf 80' lang='grc' dir='ltr'>ὑστερήματα</span> <span class='ocrx_word' id='word_1_516' title='bbox 3019 3149 3277 3220; x_wconf 69' lang='grc' dir='ltr'>δύνανται</span> <span class='ocrx_word' id='word_1_517' title='bbox 3319 3167 3426 3220; x_wconf 76' lang='grc' dir='ltr'><strong>τῶν</strong></span> <span class='ocrx_word' id='word_1_518' title='bbox 3466 3160 3675 3219; x_wconf 68' lang='grc' dir='ltr'>ἀσθενούν-</span> 
     </span>
    </p>
   </div>
   <div class='ocr_carea' id='block_1_65' title="bbox 469 3243 2053 3314">
    <p class='ocr_par' dir='ltr' id='par_1_65' title="bbox 469 3243 2053 3314">
     <span class='ocr_line' id='line_1_65' title="bbox 469 3243 2053 3314; baseline 0.001 -18"><span class='ocrx_word' id='word_1_519' title='bbox 469 3245 712 3314; x_wconf 73' lang='lat' dir='ltr'><strong>gatioues</strong></span> <span class='ocrx_word' id='word_1_520' title='bbox 752 3259 846 3312; x_wconf 87' lang='lat' dir='ltr'><strong>per</strong></span> <span class='ocrx_word' id='word_1_521' title='bbox 880 3253 1095 3296; x_wconf 91' lang='lat' dir='ltr'><strong>artuum</strong></span> <span class='ocrx_word' id='word_1_522' title='bbox 1149 3243 1539 3299; x_wconf 90' lang='lat' dir='ltr'><strong>commissuras</strong></span> <span class='ocrx_word' id='word_1_523' title='bbox 1595 3245 1736 3297; x_wconf 89' lang='lat' dir='ltr'><strong>inter</strong></span> <span class='ocrx_word' id='word_1_524' title='bbox 1777 3259 1835 3298; x_wconf 88' lang='lat' dir='ltr'><strong>se</strong></span> <span class='ocrx_word' id='word_1_525' title='bbox 1871 3246 2053 3297; x_wconf 68' lang='lat' dir='ltr'><strong>adluc-</strong></span> 
     </span>
    </p>
   </div>
   <div class='ocr_carea' id='block_1_66' title="bbox 471 3336 2056 3406">
    <p class='ocr_par' dir='ltr' id='par_1_66' title="bbox 471 3336 2056 3406">
     <span class='ocr_line' id='line_1_66' title="bbox 471 3336 2056 3406; baseline -0.001 -16"><span class='ocrx_word' id='word_1_526' title='bbox 471 3348 691 3392; x_wconf 83' lang='lat' dir='ltr'><strong>rescunt</strong></span> <span class='ocrx_word' id='word_1_527' title='bbox 717 3355 730 3391; x_wconf 93' lang='lat'><strong>:</strong></span> <span class='ocrx_word' id='word_1_528' title='bbox 762 3338 834 3390; x_wconf 90' lang='lat' dir='ltr'><strong>ita</strong></span> <span class='ocrx_word' id='word_1_529' title='bbox 855 3352 1071 3406; x_wconf 87' lang='lat' dir='ltr'><strong>quoque</strong></span> <span class='ocrx_word' id='word_1_530' title='bbox 1103 3336 1268 3391; x_wconf 81' lang='lat' dir='ltr'><strong>fuerit</strong></span> <span class='ocrx_word' id='word_1_531' title='bbox 1293 3337 1582 3390; x_wconf 86' lang='lat' dir='ltr'><strong>charitatis</strong></span> <span class='ocrx_word' id='word_1_532' title='bbox 1613 3347 1668 3391; x_wconf 91' lang='lat' dir='ltr'><strong>et</strong></span> <span class='ocrx_word' id='word_1_533' title='bbox 1691 3337 1839 3405; x_wconf 88' lang='lat' dir='ltr'><strong>pacis</strong></span> <span class='ocrx_word' id='word_1_534' title='bbox 1869 3339 2056 3391; x_wconf 86' lang='lat' dir='ltr'><strong>vincu-</strong></span> 
     </span>
    </p>
   </div>
   <div class='ocr_carea' id='block_1_67' title="bbox 471 3428 2053 3496">
    <p class='ocr_par' dir='ltr' id='par_1_67' title="bbox 471 3428 2053 3496">
     <span class='ocr_line' id='line_1_67' title="bbox 471 3428 2053 3496; baseline -0.001 -15"><span class='ocrx_word' id='word_1_535' title='bbox 471 3428 617 3493; x_wconf 90' lang='lat' dir='ltr'><strong>lum,</strong></span> <span class='ocrx_word' id='word_1_536' title='bbox 678 3428 1081 3482; x_wconf 87' lang='lat' dir='ltr'><strong>concretionem</strong></span> <span class='ocrx_word' id='word_1_537' title='bbox 1152 3428 1440 3496; x_wconf 88' lang='lat' dir='ltr'><strong>quamdam</strong></span> <span class='ocrx_word' id='word_1_538' title='bbox 1501 3437 1556 3480; x_wconf 89' lang='lat' dir='ltr'><strong>et</strong></span> <span class='ocrx_word' id='word_1_539' title='bbox 1614 3428 2053 3496; x_wconf 89' lang='lat' dir='ltr'><strong>conjunctionem</strong></span> 
     </span>
    </p>
   </div>
   <div class='ocr_carea' id='block_1_68' title="bbox 471 3516 2057 3586">
    <p class='ocr_par' dir='ltr' id='par_1_68' title="bbox 471 3516 2057 3586">
     <span class='ocr_line' id='line_1_68' title="bbox 471 3516 2057 3586; baseline -0.001 -13"><span class='ocrx_word' id='word_1_540' title='bbox 471 3519 834 3586; x_wconf 88' lang='lat' dir='ltr'><strong>spiritualium</strong></span> <span class='ocrx_word' id='word_1_541' title='bbox 884 3519 1088 3572; x_wconf 89' lang='lat' dir='ltr'><strong>ossium</strong></span> <span class='ocrx_word' id='word_1_542' title='bbox 1137 3519 1189 3571; x_wconf 91' lang='lat' dir='ltr'><strong>in</strong></span> <span class='ocrx_word' id='word_1_543' title='bbox 1237 3518 1329 3571; x_wconf 91' lang='lat' dir='ltr'><strong>Dei</strong></span> <span class='ocrx_word' id='word_1_544' title='bbox 1380 3518 1623 3572; x_wconf 82' lang='lat' dir='ltr'><strong>Ecclesia</strong></span> <span class='ocrx_word' id='word_1_545' title='bbox 1674 3516 1938 3572; x_wconf 84' lang='lat' dir='ltr'><strong>eﬂiciens.</strong></span> <span class='ocrx_word' id='word_1_546' title='bbox 1980 3519 2057 3572; x_wconf 87' lang='lat' dir='ltr'><strong>De</strong></span> 
     </span>
    </p>
   </div>
   <div class='ocr_carea' id='block_1_69' title="bbox 471 3606 2058 3676">
    <p class='ocr_par' dir='ltr' id='par_1_69' title="bbox 471 3606 2058 3676">
     <span class='ocr_line' id='line_1_69' title="bbox 471 3606 2058 3676; baseline -0.003 -13"><span class='ocrx_word' id='word_1_547' title='bbox 471 3608 734 3676; x_wconf 86' lang='lat' dir='ltr'><strong>ejusmodi</strong></span> <span class='ocrx_word' id='word_1_548' title='bbox 787 3609 1033 3672; x_wconf 85' lang='lat' dir='ltr'><strong>ossibus,</strong></span> <span class='ocrx_word' id='word_1_549' title='bbox 1086 3608 1152 3661; x_wconf 87' lang='lat' dir='ltr'><strong>ab</strong></span> <span class='ocrx_word' id='word_1_550' title='bbox 1192 3608 1474 3661; x_wconf 88' lang='lat' dir='ltr'><strong>harmonia</strong></span> <span class='ocrx_word' id='word_1_551' title='bbox 1526 3606 1756 3671; x_wconf 88' lang='lat' dir='ltr'><strong>solutis,</strong></span> <span class='ocrx_word' id='word_1_552' title='bbox 1803 3618 1858 3660; x_wconf 85' lang='lat' dir='ltr'><strong>et</strong></span> <span class='ocrx_word' id='word_1_553' title='bbox 1913 3607 2058 3662; x_wconf 85' lang='lat' dir='ltr'><strong>velut</strong></span> 
     </span>
    </p>
   </div>
   <div class='ocr_carea' id='block_1_70' title="bbox 471 3699 2055 3769">
    <p class='ocr_par' dir='ltr' id='par_1_70' title="bbox 471 3699 2055 3769">
     <span class='ocr_line' id='line_1_70' title="bbox 471 3699 2055 3769; baseline -0.002 -15"><span class='ocrx_word' id='word_1_554' title='bbox 471 3701 692 3764; x_wconf 81' lang='lat' dir='ltr'><strong>luxatis,</strong></span> <span class='ocrx_word' id='word_1_555' title='bbox 726 3701 855 3754; x_wconf 89' lang='lat' dir='ltr'><strong>dicit</strong></span> <span class='ocrx_word' id='word_1_556' title='bbox 881 3699 1153 3769; x_wconf 86' lang='lat' dir='ltr'><strong>Propheta</strong></span> <span class='ocrx_word' id='word_1_557' title='bbox 1187 3718 1198 3753; x_wconf 94' lang='lat'>:</span> <span class='ocrx_word' id='word_1_558' title='bbox 1251 3699 1525 3766; x_wconf 81' lang='lat' dir='ltr'><strong>Dissipata</strong></span> <span class='ocrx_word' id='word_1_559' title='bbox 1567 3709 1688 3752; x_wconf 86' lang='lat' dir='ltr'><strong>sunt</strong></span> <span class='ocrx_word' id='word_1_560' title='bbox 1721 3715 1839 3751; x_wconf 81' lang='lat' dir='ltr'><strong>ossa</strong></span> <span class='ocrx_word' id='word_1_561' title='bbox 1877 3709 2055 3751; x_wconf 86' lang='lat' dir='ltr'><strong>nostra</strong></span> 
     </span>
    </p>
   </div>
   <div class='ocr_carea' id='block_1_71' title="bbox 472 3791 2053 3860">
    <p class='ocr_par' dir='ltr' id='par_1_71' title="bbox 472 3791 2053 3860">
     <span class='ocr_line' id='line_1_71' title="bbox 472 3791 2053 3860; baseline -0.003 -14"><span class='ocrx_word' id='word_1_562' title='bbox 472 3809 619 3848; x_wconf 75' lang='lat' dir='ltr'><strong>secus</strong></span> <span class='ocrx_word' id='word_1_563' title='bbox 660 3792 926 3859; x_wconf 76' lang='lat' dir='ltr'><strong>infernum</strong></span> <span class='ocrx_word' id='word_1_564' title='bbox 951 3793 993 3845; x_wconf 80' lang='grc'><strong>⁸.</strong></span> <span class='ocrx_word' id='word_1_565' title='bbox 1033 3791 1211 3859; x_wconf 83' lang='lat' dir='ltr'><strong>Atque</strong></span> <span class='ocrx_word' id='word_1_566' title='bbox 1241 3791 1285 3845; x_wconf 90' lang='lat' dir='ltr'><strong>si</strong></span> <span class='ocrx_word' id='word_1_567' title='bbox 1319 3805 1556 3860; x_wconf 87' lang='lat' dir='ltr'><strong>unquam</strong></span> <span class='ocrx_word' id='word_1_568' title='bbox 1609 3791 1724 3843; x_wconf 66' lang='lat' dir='ltr'><strong>haec</strong></span> <span class='ocrx_word' id='word_1_569' title='bbox 1765 3803 1887 3844; x_wconf 89' lang='lat' dir='ltr'><strong>ossa</strong></span> <span class='ocrx_word' id='word_1_570' title='bbox 1921 3803 2053 3843; x_wconf 88' lang='lat' dir='ltr'><strong>con-</strong></span> 
     </span>
    </p>
   </div>
   <div class='ocr_carea' id='block_1_72' title="bbox 474 3881 2050 3954">
    <p class='ocr_par' dir='ltr' id='par_1_72' title="bbox 474 3881 2050 3954">
     <span class='ocr_line' id='line_1_72' title="bbox 474 3881 2050 3954; baseline -0.004 -14"><span class='ocrx_word' id='word_1_571' title='bbox 474 3886 714 3940; x_wconf 87' lang='lat' dir='ltr'><strong>turbatio</strong></span> <span class='ocrx_word' id='word_1_572' title='bbox 750 3885 1240 3954; x_wconf 89' lang='lat' dir='ltr'><strong>conquassatioque</strong></span> <span class='ocrx_word' id='word_1_573' title='bbox 1268 3881 1710 3953; x_wconf 87' lang='lat' dir='ltr'><strong>apprehenderit,</strong></span> <span class='ocrx_word' id='word_1_574' title='bbox 1742 3895 1907 3936; x_wconf 88' lang='lat' dir='ltr'><strong>orans</strong></span> <span class='ocrx_word' id='word_1_575' title='bbox 1935 3882 2012 3935; x_wconf 89' lang='lat' dir='ltr'><strong>ait</strong></span> <span class='ocrx_word' id='word_1_576' title='bbox 2038 3899 2050 3934; x_wconf 94' lang='lat'>:</span> 
     </span>
    </p>
   </div>
   <div class='ocr_carea' id='block_1_73' title="bbox 471 3975 2054 4043">
    <p class='ocr_par' dir='ltr' id='par_1_73' title="bbox 471 3975 2054 4043">
     <span class='ocr_line' id='line_1_73' title="bbox 471 3975 2054 4043; baseline -0.005 -10"><span class='ocrx_word' id='word_1_577' title='bbox 471 3976 620 4033; x_wconf 86' lang='lat' dir='ltr'><strong>Sana</strong></span> <span class='ocrx_word' id='word_1_578' title='bbox 654 3993 735 4030; x_wconf 90' lang='lat' dir='ltr'><strong>me</strong></span> <span class='ocrx_word' id='word_1_579' title='bbox 756 4016 772 4041; x_wconf 94' lang='lat'><strong>,</strong></span> <span class='ocrx_word' id='word_1_580' title='bbox 805 3976 1064 4043; x_wconf 85' lang='lat' dir='ltr'><strong>Domine,</strong></span> <span class='ocrx_word' id='word_1_581' title='bbox 1098 3977 1347 4043; x_wconf 84' lang='lat' dir='ltr'><strong>quoniam</strong></span> <span class='ocrx_word' id='word_1_582' title='bbox 1400 3975 1713 4027; x_wconf 87' lang='lat' dir='ltr'><strong>conturbata</strong></span> <span class='ocrx_word' id='word_1_583' title='bbox 1763 3983 1885 4028; x_wconf 83' lang='lat' dir='ltr'><strong>sunt</strong></span> <span class='ocrx_word' id='word_1_584' title='bbox 1935 3988 2054 4028; x_wconf 82' lang='lat' dir='ltr'><strong>ossa</strong></span> 
     </span>
    </p>
   </div>
   <div class='ocr_carea' id='block_1_74' title="bbox 471 4066 2055 4136">
    <p class='ocr_par' dir='ltr' id='par_1_74' title="bbox 471 4066 2055 4136">
     <span class='ocr_line' id='line_1_74' title="bbox 471 4066 2055 4136; baseline -0.003 -13"><span class='ocrx_word' id='word_1_585' title='bbox 471 4086 588 4123; x_wconf 91' lang='lat' dir='ltr'><strong>mea</strong></span> <span class='ocrx_word' id='word_1_586' title='bbox 611 4071 651 4122; x_wconf 87' lang='grc'><strong>⁷.</strong></span> <span class='ocrx_word' id='word_1_587' title='bbox 683 4069 782 4124; x_wconf 90' lang='lat' dir='ltr'><strong>Ubi</strong></span> <span class='ocrx_word' id='word_1_588' title='bbox 815 4085 943 4125; x_wconf 86' lang='lat' dir='ltr'><strong>vero</strong></span> <span class='ocrx_word' id='word_1_589' title='bbox 967 4069 1306 4124; x_wconf 88' lang='lat' dir='ltr'><strong>harmoniam</strong></span> <span class='ocrx_word' id='word_1_590' title='bbox 1329 4067 1603 4136; x_wconf 90' lang='lat' dir='ltr'><strong>propriam</strong></span> <span class='ocrx_word' id='word_1_591' title='bbox 1628 4066 1987 4129; x_wconf 85' lang='lat' dir='ltr'><strong>servaverint,</strong></span> <span class='ocrx_word' id='word_1_592' title='bbox 2024 4081 2055 4118; x_wconf 92' lang='lat' dir='ltr'><strong>a</strong></span> 
     </span>
    </p>
   </div>
   <div class='ocr_carea' id='block_1_75' title="bbox 473 4157 2054 4225">
    <p class='ocr_par' dir='ltr' id='par_1_75' title="bbox 473 4157 2054 4225">
     <span class='ocr_line' id='line_1_75' title="bbox 473 4157 2054 4225; baseline -0.002 -13"><span class='ocrx_word' id='word_1_593' title='bbox 473 4160 702 4215; x_wconf 91' lang='lat' dir='ltr'><strong>Domino</strong></span> <span class='ocrx_word' id='word_1_594' title='bbox 731 4161 1024 4223; x_wconf 89' lang='lat' dir='ltr'><strong>custodita,</strong></span> <span class='ocrx_word' id='word_1_595' title='bbox 1058 4175 1126 4212; x_wconf 87' lang='lat' dir='ltr'><strong>ne</strong></span> <span class='ocrx_word' id='word_1_596' title='bbox 1154 4174 1318 4211; x_wconf 92' lang='lat' dir='ltr'><strong>unum</strong></span> <span class='ocrx_word' id='word_1_597' title='bbox 1344 4158 1561 4225; x_wconf 88' lang='lat' dir='ltr'><strong>quidem</strong></span> <span class='ocrx_word' id='word_1_598' title='bbox 1593 4172 1659 4212; x_wconf 83' lang='lat' dir='ltr'><strong>ex</strong></span> <span class='ocrx_word' id='word_1_599' title='bbox 1690 4157 1775 4211; x_wconf 92' lang='lat' dir='ltr'><strong>his</strong></span> <span class='ocrx_word' id='word_1_600' title='bbox 1803 4167 2054 4211; x_wconf 87' lang='lat' dir='ltr'><strong>contere-</strong></span> 
     </span>
    </p>
   </div>
   <div class='ocr_carea' id='block_1_76' title="bbox 473 4247 2056 4320">
    <p class='ocr_par' dir='ltr' id='par_1_76' title="bbox 473 4247 2056 4320">
     <span class='ocr_line' id='line_1_76' title="bbox 473 4247 2056 4320; baseline -0.004 -13"><span class='ocrx_word' id='word_1_601' title='bbox 473 4263 584 4319; x_wconf 89' lang='lat' dir='ltr'><strong>tur,</strong></span> <span class='ocrx_word' id='word_1_602' title='bbox 617 4252 709 4306; x_wconf 89' lang='lat' dir='ltr'><strong>sed</strong></span> <span class='ocrx_word' id='word_1_603' title='bbox 739 4251 898 4320; x_wconf 74' lang='lat' dir='ltr'><strong>digna</strong></span> <span class='ocrx_word' id='word_1_604' title='bbox 925 4261 1069 4314; x_wconf 87' lang='lat' dir='ltr'><strong>sunt,</strong></span> <span class='ocrx_word' id='word_1_605' title='bbox 1099 4265 1220 4318; x_wconf 71' lang='lat' dir='ltr'><strong>quae</strong></span> <span class='ocrx_word' id='word_1_606' title='bbox 1249 4250 1356 4304; x_wconf 87' lang='lat' dir='ltr'><strong>Deo</strong></span> <span class='ocrx_word' id='word_1_607' title='bbox 1384 4251 1609 4319; x_wconf 79' lang='lat' dir='ltr'><strong>gloriam</strong></span> <span class='ocrx_word' id='word_1_608' title='bbox 1638 4249 1899 4304; x_wconf 83' lang='lat' dir='ltr'><strong>referant.</strong></span> <span class='ocrx_word' id='word_1_609' title='bbox 1930 4247 2056 4302; x_wconf 90' lang='lat' dir='ltr'><strong>0m-</strong></span> 
     </span>
    </p>
   </div>
   <div class='ocr_carea' id='block_1_77' title="bbox 472 4341 2052 4412">
    <p class='ocr_par' dir='ltr' id='par_1_77' title="bbox 472 4341 2052 4412">
     <span class='ocr_line' id='line_1_77' title="bbox 472 4341 2052 4412; baseline -0.003 -13"><span class='ocrx_word' id='word_1_610' title='bbox 472 4349 560 4400; x_wconf 86' lang='lat' dir='ltr'><strong>nia</strong></span> <span class='ocrx_word' id='word_1_611' title='bbox 609 4347 771 4410; x_wconf 89' lang='lat' dir='ltr'><strong>enim,</strong></span> <span class='ocrx_word' id='word_1_612' title='bbox 823 4345 1018 4412; x_wconf 89' lang='lat' dir='ltr'><strong>inquit,</strong></span> <span class='ocrx_word' id='word_1_613' title='bbox 1053 4361 1172 4396; x_wconf 84' lang='lat' dir='ltr'><strong>ossa</strong></span> <span class='ocrx_word' id='word_1_614' title='bbox 1205 4360 1320 4395; x_wconf 86' lang='lat' dir='ltr'><strong>mea</strong></span> <span class='ocrx_word' id='word_1_615' title='bbox 1373 4343 1543 4396; x_wconf 85' lang='lat' dir='ltr'><strong>dicent</strong></span> <span class='ocrx_word' id='word_1_616' title='bbox 1595 4358 1613 4396; x_wconf 92' lang='lat'><strong><em>:</em></strong></span> <span class='ocrx_word' id='word_1_617' title='bbox 1664 4341 1911 4408; x_wconf 88' lang='lat' dir='ltr'><strong>Domine,</strong></span> <span class='ocrx_word' id='word_1_618' title='bbox 1943 4341 2052 4394; x_wconf 87' lang='lat' dir='ltr'><strong>Do-</strong></span> 
     </span>
    </p>
   </div>
   <div class='ocr_carea' id='block_1_78' title="bbox 471 4434 2052 4506">
    <p class='ocr_par' dir='ltr' id='par_1_78' title="bbox 471 4434 2052 4506">
     <span class='ocr_line' id='line_1_78' title="bbox 471 4434 2052 4506; baseline -0.003 -16"><span class='ocrx_word' id='word_1_619' title='bbox 471 4439 631 4500; x_wconf 86' lang='lat' dir='ltr'><strong>mine,</strong></span> <span class='ocrx_word' id='word_1_620' title='bbox 669 4438 788 4506; x_wconf 85' lang='lat' dir='ltr'><strong>quis</strong></span> <span class='ocrx_word' id='word_1_621' title='bbox 819 4437 1009 4489; x_wconf 82' lang='lat' dir='ltr'><strong>similis</strong></span> <span class='ocrx_word' id='word_1_622' title='bbox 1049 4435 1142 4488; x_wconf 86' lang='lat' dir='ltr'><strong>tibi</strong></span> <span class='ocrx_word' id='word_1_623' title='bbox 1165 4435 1222 4488; x_wconf 69' lang='lat'><strong>3?</strong></span> <span class='ocrx_word' id='word_1_624' title='bbox 1256 4434 1449 4489; x_wconf 78' lang='lat' dir='ltr'><strong>Vidisti</strong></span> <span class='ocrx_word' id='word_1_625' title='bbox 1480 4434 1826 4488; x_wconf 89' lang='lat' dir='ltr'><strong>rationalium</strong></span> <span class='ocrx_word' id='word_1_626' title='bbox 1849 4434 2052 4487; x_wconf 90' lang='lat' dir='ltr'><strong>ossium</strong></span> 
     </span>
    </p>
   </div>
   <div class='ocr_carea' id='block_1_79' title="bbox 2161 3253 3675 3331">
    <p class='ocr_par' dir='ltr' id='par_1_79' title="bbox 2161 3253 3675 3331">
     <span class='ocr_line' id='line_1_79' title="bbox 2161 3253 3675 3331; baseline -0.007 -17"><span class='ocrx_word' id='word_1_627' title='bbox 2161 3279 2266 3314; x_wconf 89' lang='grc' dir='ltr'><strong>των</strong></span> <span class='ocrx_word' id='word_1_628' title='bbox 2303 3261 2611 3331; x_wconf 76' lang='grc' dir='ltr'>βαστάζειν.</span> <span class='ocrx_word' id='word_1_629' title='bbox 2646 3262 2756 3314; x_wconf 69' lang='grc' dir='ltr'>Καὶ</span> <span class='ocrx_word' id='word_1_630' title='bbox 2779 3260 2966 3331; x_wconf 84' lang='grc' dir='ltr'>ὥσπερ</span> <span class='ocrx_word' id='word_1_631' title='bbox 3001 3260 3069 3312; x_wconf 75' lang='grc' dir='ltr'>τὰ</span> <span class='ocrx_word' id='word_1_632' title='bbox 3112 3261 3246 3313; x_wconf 79' lang='grc' dir='ltr'>ὀστᾶ</span> <span class='ocrx_word' id='word_1_633' title='bbox 3285 3260 3581 3313; x_wconf 77' lang='grc' dir='ltr'>συνάπτεται</span> <span class='ocrx_word' id='word_1_634' title='bbox 3609 3253 3675 3304; x_wconf 71' lang='grc' dir='ltr'>ἁλ-</span> 
     </span>
    </p>
   </div>
   <div class='ocr_carea' id='block_1_80' title="bbox 2160 3346 3675 3422">
    <p class='ocr_par' dir='ltr' id='par_1_80' title="bbox 2160 3346 3675 3422">
     <span class='ocr_line' id='line_1_80' title="bbox 2160 3346 3675 3422; baseline -0.007 -18"><span class='ocrx_word' id='word_1_635' title='bbox 2160 3351 2340 3422; x_wconf 81' lang='grc' dir='ltr'>λήλοις</span> <span class='ocrx_word' id='word_1_636' title='bbox 2365 3352 2505 3404; x_wconf 73' lang='grc' dir='ltr'>κατὰ</span> <span class='ocrx_word' id='word_1_637' title='bbox 2540 3351 2637 3414; x_wconf 80' lang='grc' dir='ltr'>τὰς</span> <span class='ocrx_word' id='word_1_638' title='bbox 2666 3350 3021 3422; x_wconf 82' lang='grc' dir='ltr'>διαρθρώσεις</span> <span class='ocrx_word' id='word_1_639' title='bbox 3053 3351 3267 3422; x_wconf 83' lang='grc' dir='ltr'>νεύροις</span> <span class='ocrx_word' id='word_1_640' title='bbox 3311 3351 3400 3403; x_wconf 77' lang='grc' dir='ltr'>καὶ</span> <span class='ocrx_word' id='word_1_641' title='bbox 3431 3346 3675 3414; x_wconf 64' lang='grc' dir='ltr'>συνδέσμοις</span> 
     </span>
    </p>
   </div>
   <div class='ocr_carea' id='block_1_81' title="bbox 2161 3429 3674 3509">
    <p class='ocr_par' dir='ltr' id='par_1_81' title="bbox 2161 3429 3674 3509">
     <span class='ocr_line' id='line_1_81' title="bbox 2161 3429 3674 3509; baseline -0.003 -17"><span class='ocrx_word' id='word_1_642' title='bbox 2161 3441 2577 3509; x_wconf 80' lang='grc' dir='ltr'>ὲπιπεφυκὸσιν,</span> <span class='ocrx_word' id='word_1_643' title='bbox 2609 3439 2779 3502; x_wconf 70' lang='grc' dir='ltr'>οὕτως</span> <span class='ocrx_word' id='word_1_644' title='bbox 2805 3437 2870 3491; x_wconf 82' lang='grc' dir='ltr'>ἂν</span> <span class='ocrx_word' id='word_1_645' title='bbox 2903 3439 2986 3509; x_wconf 71' lang='grc' dir='ltr'><strong>εἴη</strong></span> <span class='ocrx_word' id='word_1_646' title='bbox 3015 3440 3110 3492; x_wconf 75' lang='grc' dir='ltr'><strong>καὶ</strong></span> <span class='ocrx_word' id='word_1_647' title='bbox 3127 3441 3155 3491; x_wconf 85' lang='lat'><strong>6</strong></span> <span class='ocrx_word' id='word_1_648' title='bbox 3174 3441 3275 3507; x_wconf 86' lang='grc' dir='ltr'>τῆς</span> <span class='ocrx_word' id='word_1_649' title='bbox 3296 3436 3501 3505; x_wconf 75' lang='grc' dir='ltr'><strong>ἀγάπης</strong></span> <span class='ocrx_word' id='word_1_650' title='bbox 3522 3434 3595 3484; x_wconf 73' lang='grc' dir='ltr'>καὶ</span> <span class='ocrx_word' id='word_1_651' title='bbox 3609 3429 3674 3496; x_wconf 69' lang='grc' dir='ltr'><strong>τῆς</strong></span> 
     </span>
    </p>
   </div>
   <div class='ocr_carea' id='block_1_82' title="bbox 2161 3521 3674 3602">
    <p class='ocr_par' dir='ltr' id='par_1_82' title="bbox 2161 3521 3674 3602">
     <span class='ocr_line' id='line_1_82' title="bbox 2161 3521 3674 3602; baseline -0.008 -20"><span class='ocrx_word' id='word_1_652' title='bbox 2161 3532 2381 3602; x_wconf 78' lang='grc' dir='ltr'>εἰρήνης</span> <span class='ocrx_word' id='word_1_653' title='bbox 2401 3529 2714 3599; x_wconf 81' lang='grc' dir='ltr'>σύνδεσμος,</span> <span class='ocrx_word' id='word_1_654' title='bbox 2732 3528 3008 3598; x_wconf 67' lang='grc' dir='ltr'>συμφυΐαν</span> <span class='ocrx_word' id='word_1_655' title='bbox 3025 3525 3145 3579; x_wconf 73' lang='grc' dir='ltr'>τινὰ</span> <span class='ocrx_word' id='word_1_656' title='bbox 3158 3531 3253 3578; x_wconf 72' lang='grc' dir='ltr'><strong>καὶ</strong></span> <span class='ocrx_word' id='word_1_657' title='bbox 3270 3527 3456 3578; x_wconf 71' lang='grc' dir='ltr'>ἕνωσιν</span> <span class='ocrx_word' id='word_1_658' title='bbox 3469 3521 3558 3573; x_wconf 81' lang='grc' dir='ltr'>τῶν</span> <span class='ocrx_word' id='word_1_659' title='bbox 3569 3531 3674 3568; x_wconf 58' lang='grc' dir='ltr'>πνευ-</span> 
     </span>
    </p>
   </div>
   <div class='ocr_carea' id='block_1_83' title="bbox 2165 3606 3672 3692">
    <p class='ocr_par' dir='ltr' id='par_1_83' title="bbox 2165 3606 3672 3692">
     <span class='ocr_line' id='line_1_83' title="bbox 2165 3606 3672 3692; baseline -0.003 -18"><span class='ocrx_word' id='word_1_660' title='bbox 2165 3621 2408 3692; x_wconf 86' lang='grc' dir='ltr'>ματικῶν</span> <span class='ocrx_word' id='word_1_661' title='bbox 2425 3621 2625 3673; x_wconf 83' lang='grc' dir='ltr'>ὀστέων</span> <span class='ocrx_word' id='word_1_662' title='bbox 2655 3623 2712 3672; x_wconf 83' lang='grc' dir='ltr'>ἐν</span> <span class='ocrx_word' id='word_1_663' title='bbox 2737 3623 2802 3690; x_wconf 80' lang='grc' dir='ltr'>τῇ</span> <span class='ocrx_word' id='word_1_664' title='bbox 2821 3619 3119 3689; x_wconf 71' lang='grc' dir='ltr'>Ἐκκλησία</span> <span class='ocrx_word' id='word_1_665' title='bbox 3140 3617 3233 3670; x_wconf 73' lang='grc' dir='ltr'>τοῦ</span> <span class='ocrx_word' id='word_1_666' title='bbox 3252 3617 3386 3670; x_wconf 83' lang='grc' dir='ltr'>Θεοῦ</span> <span class='ocrx_word' id='word_1_667' title='bbox 3407 3606 3672 3682; x_wconf 62' lang='grc' dir='ltr'>κατεργαζό-</span> 
     </span>
    </p>
   </div>
   <div class='ocr_carea' id='block_1_84' title="bbox 2165 3700 3673 3784">
    <p class='ocr_par' dir='ltr' id='par_1_84' title="bbox 2165 3700 3673 3784">
     <span class='ocr_line' id='line_1_84' title="bbox 2165 3700 3673 3784; baseline -0.006 -19"><span class='ocrx_word' id='word_1_668' title='bbox 2165 3731 2343 3784; x_wconf 87' lang='grc' dir='ltr'>μενος.</span> <span class='ocrx_word' id='word_1_669' title='bbox 2365 3713 2498 3783; x_wconf 71' lang='grc' dir='ltr'>Περὶ</span> <span class='ocrx_word' id='word_1_670' title='bbox 2518 3712 2721 3765; x_wconf 83' lang='grc' dir='ltr'>τούτων</span> <span class='ocrx_word' id='word_1_671' title='bbox 2743 3712 2850 3764; x_wconf 85' lang='grc' dir='ltr'><strong>τῶν</strong></span> <span class='ocrx_word' id='word_1_672' title='bbox 2871 3712 3072 3764; x_wconf 79' lang='grc' dir='ltr'>ὀστέων</span> <span class='ocrx_word' id='word_1_673' title='bbox 3098 3710 3208 3763; x_wconf 84' lang='grc' dir='ltr'>τῶν</span> <span class='ocrx_word' id='word_1_674' title='bbox 3227 3708 3490 3780; x_wconf 84' lang='grc' dir='ltr'>λυομένων</span> <span class='ocrx_word' id='word_1_675' title='bbox 3508 3702 3593 3757; x_wconf 77' lang='grc' dir='ltr'><strong>ἀπὸ</strong></span> <span class='ocrx_word' id='word_1_676' title='bbox 3608 3700 3673 3766; x_wconf 69' lang='grc' dir='ltr'><strong>τῆς</strong></span> 
     </span>
    </p>
   </div>
   <div class='ocr_carea' id='block_1_85' title="bbox 2164 3793 3672 3874">
    <p class='ocr_par' dir='ltr' id='par_1_85' title="bbox 2164 3793 3672 3874">
     <span class='ocr_line' id='line_1_85' title="bbox 2164 3793 3672 3874; baseline -0.007 -19"><span class='ocrx_word' id='word_1_677' title='bbox 2164 3803 2445 3874; x_wconf 83' lang='grc' dir='ltr'>ἁρμονίας,</span> <span class='ocrx_word' id='word_1_678' title='bbox 2461 3804 2554 3856; x_wconf 66' lang='grc' dir='ltr'>καὶ</span> <span class='ocrx_word' id='word_1_679' title='bbox 2569 3802 2731 3874; x_wconf 76' lang='grc' dir='ltr'>οἱονεὶ</span> <span class='ocrx_word' id='word_1_680' title='bbox 2748 3801 2910 3872; x_wconf 80' lang='grc' dir='ltr'>έξάρθ</span> <span class='ocrx_word' id='word_1_681' title='bbox 2919 3820 3026 3871; x_wconf 89' lang='grc' dir='ltr'><strong>ρων</strong></span> <span class='ocrx_word' id='word_1_682' title='bbox 3046 3801 3368 3871; x_wconf 76' lang='grc' dir='ltr'>γινομένων,</span> <span class='ocrx_word' id='word_1_683' title='bbox 3389 3817 3454 3868; x_wconf 71' lang='grc' dir='ltr'>φη</span> <span class='ocrx_word' id='word_1_684' title='bbox 3464 3799 3532 3850; x_wconf 72' lang='grc' dir='ltr'><strong>τὶν</strong></span> <span class='ocrx_word' id='word_1_685' title='bbox 3544 3798 3566 3847; x_wconf 84' lang='grc' dir='ltr'>ὁ</span> <span class='ocrx_word' id='word_1_686' title='bbox 3578 3793 3672 3859; x_wconf 62' lang='grc' dir='ltr'>Προ-</span> 
     </span>
    </p>
   </div>
   <div class='ocr_carea' id='block_1_86' title="bbox 2164 3873 3673 3965">
    <p class='ocr_par' dir='ltr' id='par_1_86' title="bbox 2164 3873 3673 3965">
     <span class='ocr_line' id='line_1_86' title="bbox 2164 3873 3673 3965; baseline 0 -19"><span class='ocrx_word' id='word_1_687' title='bbox 2164 3873 2342 3965; x_wconf 80' lang='grc' dir='ltr'>φήτης</span> <span class='ocrx_word' id='word_1_688' title='bbox 2363 3910 2375 3924; x_wconf 81' lang='lat'><strong><em>°</em></strong></span> <span class='ocrx_word' id='word_1_689' title='bbox 2403 3873 2966 3960; x_wconf 60' lang='grc' dir='ltr'>Διεσκορπίσθησαν</span> <span class='ocrx_word' id='word_1_690' title='bbox 2989 3891 3100 3963; x_wconf 70' lang='grc'><strong>(40)</strong></span> <span class='ocrx_word' id='word_1_691' title='bbox 3125 3891 3201 3945; x_wconf 80' lang='grc' dir='ltr'>τὰ</span> <span class='ocrx_word' id='word_1_692' title='bbox 3228 3892 3377 3946; x_wconf 78' lang='grc' dir='ltr'>ὀστᾶ</span> <span class='ocrx_word' id='word_1_693' title='bbox 3398 3887 3546 3957; x_wconf 77' lang='grc' dir='ltr'>ἡμῶν</span> <span class='ocrx_word' id='word_1_694' title='bbox 3562 3878 3673 3946; x_wconf 65' lang='grc' dir='ltr'><strong>παίά</strong></span> 
     </span>
    </p>
   </div>
   <div class='ocr_carea' id='block_1_87' title="bbox 2161 3973 3671 4054">
    <p class='ocr_par' dir='ltr' id='par_1_87' title="bbox 2161 3973 3671 4054">
     <span class='ocr_line' id='line_1_87' title="bbox 2161 3973 3671 4054; baseline 0.022 -17"><span class='ocrx_word' id='word_1_695' title='bbox 2161 3987 2269 4038; x_wconf 79' lang='grc' dir='ltr'><strong>τὸν</strong></span> <span class='ocrx_word' id='word_1_696' title='bbox 2305 3985 2480 4052; x_wconf 77' lang='grc' dir='ltr'><strong>ᾅδην.</strong></span> <span class='ocrx_word' id='word_1_697' title='bbox 2511 3986 2620 4038; x_wconf 75' lang='grc' dir='ltr'><strong>Καὶ</strong></span> <span class='ocrx_word' id='word_1_698' title='bbox 2652 3973 2744 4037; x_wconf 58' lang='lat' dir='ltr'><strong>rev</strong></span> <span class='ocrx_word' id='word_1_699' title='bbox 2773 3984 2904 4037; x_wconf 83' lang='grc' dir='ltr'>ποτέ</span> <span class='ocrx_word' id='word_1_700' title='bbox 2931 4001 2991 4052; x_wconf 79' lang='grc' dir='ltr'>γε</span> <span class='ocrx_word' id='word_1_701' title='bbox 3039 3984 3251 4054; x_wconf 75' lang='grc' dir='ltr'>ταραχὴ</span> <span class='ocrx_word' id='word_1_702' title='bbox 3299 3981 3432 4037; x_wconf 60' lang='grc' dir='ltr'><strong>αὐτὰ</strong></span> <span class='ocrx_word' id='word_1_703' title='bbox 3465 3978 3542 4032; x_wconf 51' lang='grc' dir='ltr'>καὶ</span> <span class='ocrx_word' id='word_1_704' title='bbox 3576 3988 3671 4041; x_wconf 51' lang='lat'><strong>*9&quot;</strong></span> 
     </span>
    </p>
   </div>
   <div class='ocr_carea' id='block_1_88' title="bbox 2161 4064 3674 4151">
    <p class='ocr_par' dir='ltr' id='par_1_88' title="bbox 2161 4064 3674 4151">
     <span class='ocr_line' id='line_1_88' title="bbox 2161 4064 3674 4151; baseline -0.014 -10"><span class='ocrx_word' id='word_1_705' title='bbox 2161 4079 2364 4150; x_wconf 78' lang='grc' dir='ltr'>δασμὸς</span> <span class='ocrx_word' id='word_1_706' title='bbox 2398 4079 2701 4151; x_wconf 76' lang='grc' dir='ltr'>καταλάϐῃ,</span> <span class='ocrx_word' id='word_1_707' title='bbox 2741 4078 3032 4148; x_wconf 79' lang='grc' dir='ltr'>εὐχόμενος</span> <span class='ocrx_word' id='word_1_708' title='bbox 3059 4075 3242 4144; x_wconf 83' lang='grc' dir='ltr'>λέγει·</span> <span class='ocrx_word' id='word_1_709' title='bbox 3281 4073 3462 4130; x_wconf 79' lang='grc' dir='ltr'>Ἰασαί</span> <span class='ocrx_word' id='word_1_710' title='bbox 3477 4087 3571 4140; x_wconf 84' lang='grc' dir='ltr'>με.</span> <span class='ocrx_word' id='word_1_711' title='bbox 3594 4064 3674 4117; x_wconf 71' lang='grc' dir='ltr'><strong>Κύ-</strong></span> 
     </span>
    </p>
   </div>
   <div class='ocr_carea' id='block_1_89' title="bbox 2153 4155 3670 4239">
    <p class='ocr_par' dir='ltr' id='par_1_89' title="bbox 2153 4155 3670 4239">
     <span class='ocr_line' id='line_1_89' title="bbox 2153 4155 3670 4239; baseline -0.006 -15"><span class='ocrx_word' id='word_1_712' title='bbox 2153 4189 2267 4238; x_wconf 81' lang='grc' dir='ltr'>ριε,</span> <span class='ocrx_word' id='word_1_713' title='bbox 2294 4171 2382 4224; x_wconf 84' lang='grc' dir='ltr'>ὅτι</span> <span class='ocrx_word' id='word_1_714' title='bbox 2418 4171 2715 4239; x_wconf 79' lang='grc' dir='ltr'>ἐταράχθη</span> <span class='ocrx_word' id='word_1_715' title='bbox 2741 4171 2813 4224; x_wconf 83' lang='grc' dir='ltr'>τὰ</span> <span class='ocrx_word' id='word_1_716' title='bbox 2841 4169 2991 4224; x_wconf 78' lang='grc' dir='ltr'>ὀστᾶ</span> <span class='ocrx_word' id='word_1_717' title='bbox 3012 4188 3150 4238; x_wconf 83' lang='grc' dir='ltr'>μου.</span> <span class='ocrx_word' id='word_1_718' title='bbox 3190 4169 3356 4221; x_wconf 82' lang='grc' dir='ltr'>Ὅταν</span> <span class='ocrx_word' id='word_1_719' title='bbox 3385 4166 3437 4218; x_wconf 79' lang='grc' dir='ltr'>δὲ</span> <span class='ocrx_word' id='word_1_720' title='bbox 3464 4161 3581 4229; x_wconf 71' lang='grc' dir='ltr'>σώζῃ</span> <span class='ocrx_word' id='word_1_721' title='bbox 3604 4155 3670 4222; x_wconf 65' lang='grc' dir='ltr'><strong>τὴν</strong></span> 
     </span>
    </p>
   </div>
   <div class='ocr_carea' id='block_1_90' title="bbox 2160 4242 3670 4334">
    <p class='ocr_par' dir='ltr' id='par_1_90' title="bbox 2160 4243 3670 4334">
     <span class='ocr_line' id='line_1_90' title="bbox 2160 4243 3670 4334; baseline -0.009 -20"><span class='ocrx_word' id='word_1_722' title='bbox 2160 4263 2364 4315; x_wconf 80' lang='grc' dir='ltr'>οἰκείαν</span> <span class='ocrx_word' id='word_1_723' title='bbox 2404 4261 2688 4334; x_wconf 83' lang='grc' dir='ltr'>ἁρμονίαν,</span> <span class='ocrx_word' id='word_1_724' title='bbox 2722 4261 3097 4330; x_wconf 80' lang='grc' dir='ltr'>φυλαττόμενα</span> <span class='ocrx_word' id='word_1_725' title='bbox 3128 4259 3235 4312; x_wconf 80' lang='grc' dir='ltr'><strong>ὑπὸ</strong></span> <span class='ocrx_word' id='word_1_726' title='bbox 3263 4258 3352 4312; x_wconf 78' lang='grc' dir='ltr'>τοῦ</span> <span class='ocrx_word' id='word_1_727' title='bbox 3373 4254 3567 4326; x_wconf 74' lang='grc' dir='ltr'>Κυρίου,</span> <span class='ocrx_word' id='word_1_728' title='bbox 3587 4243 3670 4297; x_wconf 62' lang='grc' dir='ltr'>οὺξε</span> 
     </span>
    </p>
   </div>
   <div class='ocr_carea' id='block_1_91' title="bbox 2161 4341 3668 4425">
    <p class='ocr_par' dir='ltr' id='par_1_91' title="bbox 2161 4341 3668 4425">
     <span class='ocr_line' id='line_1_91' title="bbox 2161 4341 3668 4425; baseline -0.008 -17"><span class='ocrx_word' id='word_1_729' title='bbox 2161 4356 2219 4408; x_wconf 81' lang='grc' dir='ltr'>ἓν</span> <span class='ocrx_word' id='word_1_730' title='bbox 2253 4355 2431 4408; x_wconf 83' lang='grc' dir='ltr'>αὐτῶν</span> <span class='ocrx_word' id='word_1_731' title='bbox 2467 4355 2915 4425; x_wconf 78' lang='grc' dir='ltr'>συντριϐήσεται,</span> <span class='ocrx_word' id='word_1_732' title='bbox 2947 4353 3060 4406; x_wconf 82' lang='grc' dir='ltr'>ἀλλ’</span> <span class='ocrx_word' id='word_1_733' title='bbox 3095 4353 3223 4418; x_wconf 80' lang='grc' dir='ltr'><strong>ἄξιὰ</strong></span> <span class='ocrx_word' id='word_1_734' title='bbox 3261 4354 3373 4404; x_wconf 78' lang='grc' dir='ltr'>ἐστι</span> <span class='ocrx_word' id='word_1_735' title='bbox 3415 4345 3548 4412; x_wconf 77' lang='grc' dir='ltr'>δόξαν</span> <span class='ocrx_word' id='word_1_736' title='bbox 3579 4341 3668 4391; x_wconf 72' lang='grc' dir='ltr'><strong>ἀνα-</strong></span> 
     </span>
    </p>
   </div>
   <div class='ocr_carea' id='block_1_92' title="bbox 2163 4432 3665 4518">
    <p class='ocr_par' dir='ltr' id='par_1_92' title="bbox 2163 4432 3665 4518">
     <span class='ocr_line' id='line_1_92' title="bbox 2163 4432 3665 4518; baseline -0.017 -18"><span class='ocrx_word' id='word_1_737' title='bbox 2163 4448 2347 4518; x_wconf 80' lang='grc' dir='ltr'>φέρειν</span> <span class='ocrx_word' id='word_1_738' title='bbox 2394 4445 2472 4515; x_wconf 83' lang='grc' dir='ltr'>τῷ</span> <span class='ocrx_word' id='word_1_739' title='bbox 2511 4444 2650 4515; x_wconf 84' lang='grc' dir='ltr'>Θεῷ.</span> <span class='ocrx_word' id='word_1_740' title='bbox 2699 4444 2901 4498; x_wconf 75' lang='grc' dir='ltr'>Πάντα</span> <span class='ocrx_word' id='word_1_741' title='bbox 2947 4444 3092 4512; x_wconf 74' lang='grc' dir='ltr'>γὰρ,</span> <span class='ocrx_word' id='word_1_742' title='bbox 3128 4444 3282 4511; x_wconf 72' lang='grc' dir='ltr'>φησὶ,</span> <span class='ocrx_word' id='word_1_743' title='bbox 3327 4441 3395 4494; x_wconf 78' lang='grc' dir='ltr'>τὰ</span> <span class='ocrx_word' id='word_1_744' title='bbox 3424 4432 3549 4490; x_wconf 74' lang='grc' dir='ltr'>ὀστᾶ</span> <span class='ocrx_word' id='word_1_745' title='bbox 3584 4442 3665 4518; x_wconf 61' lang='lat' dir='ltr'><strong>pou</strong></span> 
     </span>
    </p>
   </div>
   <div class='ocr_carea' id='block_1_93' title="bbox 473 4513 2056 4603">
    <p class='ocr_par' dir='ltr' id='par_1_93' title="bbox 473 4525 2052 4595">
     <span class='ocr_line' id='line_1_93' title="bbox 473 4525 2052 4595; baseline -0.005 -10"><span class='ocrx_word' id='word_1_746' title='bbox 473 4530 760 4585; x_wconf 87' lang='lat' dir='ltr'><strong>naturam?</strong></span> <span class='ocrx_word' id='word_1_747' title='bbox 788 4529 1064 4585; x_wconf 87' lang='lat' dir='ltr'><strong>Fortassis</strong></span> <span class='ocrx_word' id='word_1_748' title='bbox 1098 4540 1280 4584; x_wconf 89' lang='lat' dir='ltr'><strong>autem</strong></span> <span class='ocrx_word' id='word_1_749' title='bbox 1307 4528 1548 4582; x_wconf 87' lang='lat' dir='ltr'><strong>Ecclesia</strong></span> <span class='ocrx_word' id='word_1_750' title='bbox 1579 4529 1752 4595; x_wconf 85' lang='lat' dir='ltr'><strong>possit</strong></span> <span class='ocrx_word' id='word_1_751' title='bbox 1780 4525 1964 4580; x_wconf 89' lang='lat' dir='ltr'><strong>dicere</strong></span> <span class='ocrx_word' id='word_1_752' title='bbox 1991 4527 2052 4580; x_wconf 84' lang='lat' dir='ltr'><strong>il-</strong></span> 
     </span>
    </p>
   </div>
   <div class='ocr_carea' id='block_1_94' title="bbox 2164 4513 3665 4603">
    <p class='ocr_par' dir='ltr' id='par_1_94' title="bbox 2164 4513 3665 4603">
     <span class='ocr_line' id='line_1_94' title="bbox 2164 4513 3665 4603; baseline -0.009 -15"><span class='ocrx_word' id='word_1_753' title='bbox 2164 4513 2363 4603; x_wconf 62' lang='grc' dir='ltr'>ἐροῦσι</span> <span class='ocrx_word' id='word_1_754' title='bbox 2385 4552 2396 4564; x_wconf 92' lang='grc'><strong>·</strong></span> <span class='ocrx_word' id='word_1_755' title='bbox 2423 4513 2621 4602; x_wconf 67' lang='grc' dir='ltr'>Κύριε,</span> <span class='ocrx_word' id='word_1_756' title='bbox 2655 4535 2832 4602; x_wconf 79' lang='grc' dir='ltr'>Κύριε</span> <span class='ocrx_word' id='word_1_757' title='bbox 2853 4573 2866 4595; x_wconf 92' lang='grc'><strong>,</strong></span> <span class='ocrx_word' id='word_1_758' title='bbox 2913 4534 3004 4598; x_wconf 78' lang='grc' dir='ltr'>τίς</span> <span class='ocrx_word' id='word_1_759' title='bbox 3030 4533 3140 4602; x_wconf 69' lang='grc'><strong>(41)</strong></span> <span class='ocrx_word' id='word_1_760' title='bbox 3185 4533 3382 4602; x_wconf 81' lang='grc' dir='ltr'>ὅμοιός</span> <span class='ocrx_word' id='word_1_761' title='bbox 3417 4539 3533 4585; x_wconf 83' lang='lat' dir='ltr'><strong>C&#39;Ot,‘</strong></span> <span class='ocrx_word' id='word_1_762' title='bbox 3559 4513 3665 4574; x_wconf 81' lang='grc' dir='ltr'>Εἶδες</span> 
     </span>
    </p>
   </div>
   <div class='ocr_carea' id='block_1_95' title="bbox 541 4669 1024 4731">
    <p class='ocr_par' dir='ltr' id='par_1_95' title="bbox 541 4669 1024 4731">
     <span class='ocr_line' id='line_1_95' title="bbox 541 4669 1024 4731; baseline 0 -8"><span class='ocrx_word' id='word_1_763' title='bbox 541 4672 586 4702; x_wconf 73' lang='grc'><strong>⁸⁷</strong></span> <span class='ocrx_word' id='word_1_764' title='bbox 618 4671 794 4724; x_wconf 85' lang='lat' dir='ltr'><strong>Eccle.</strong></span> <span class='ocrx_word' id='word_1_765' title='bbox 832 4684 892 4731; x_wconf 87' lang='grc' dir='ltr'><strong>ιι,</strong></span> <span class='ocrx_word' id='word_1_766' title='bbox 937 4669 1024 4723; x_wconf 71' lang='grc'><strong>14.</strong></span> 
     </span>
    </p>
   </div>
   <div class='ocr_carea' id='block_1_96' title="bbox 477 4739 1461 4804">
    <p class='ocr_par' dir='ltr' id='par_1_96' title="bbox 477 4739 1461 4804">
     <span class='ocr_line' id='line_1_96' title="bbox 477 4739 1461 4804; baseline -0.005 -9"><span class='ocrx_word' id='word_1_767' title='bbox 477 4739 716 4795; x_wconf 69' lang='lat' dir='ltr'><strong>‘Jerem.</strong></span> <span class='ocrx_word' id='word_1_768' title='bbox 750 4757 822 4804; x_wconf 85' lang='lat' dir='ltr'><strong>iv,</strong></span> <span class='ocrx_word' id='word_1_769' title='bbox 849 4741 935 4794; x_wconf 88' lang='grc'><strong>19.</strong></span> <span class='ocrx_word' id='word_1_770' title='bbox 1012 4741 1032 4771; x_wconf 82' lang='grc'><strong><em>⁵</em></strong></span> <span class='ocrx_word' id='word_1_771' title='bbox 1070 4740 1228 4794; x_wconf 84' lang='lat' dir='ltr'><strong>Prov.</strong></span> <span class='ocrx_word' id='word_1_772' title='bbox 1265 4755 1343 4803; x_wconf 86' lang='lat' dir='ltr'><strong>In,</strong></span> <span class='ocrx_word' id='word_1_773' title='bbox 1372 4739 1461 4791; x_wconf 70' lang='lat'><strong>2-5.</strong></span> 
     </span>
    </p>
   </div>
   <div class='ocr_carea' id='block_1_97' title="bbox 1097 4667 1574 4731">
    <p class='ocr_par' dir='ltr' id='par_1_97' title="bbox 1097 4667 1574 4731">
     <span class='ocr_line' id='line_1_97' title="bbox 1097 4667 1574 4731; baseline -0.004 -11"><span class='ocrx_word' id='word_1_774' title='bbox 1097 4670 1142 4702; x_wconf 74' lang='grc'><strong>⁸⁸</strong></span> <span class='ocrx_word' id='word_1_775' title='bbox 1167 4668 1310 4722; x_wconf 83' lang='lat' dir='ltr'><strong>Psal.</strong></span> <span class='ocrx_word' id='word_1_776' title='bbox 1337 4683 1490 4731; x_wconf 79' lang='lat' dir='ltr'><strong>xvnl,</strong></span> <span class='ocrx_word' id='word_1_777' title='bbox 1521 4667 1574 4721; x_wconf 83' lang='lat'><strong>9.</strong></span> 
     </span>
    </p>
   </div>
   <div class='ocr_carea' id='block_1_98' title="bbox 1540 4737 1964 4800">
    <p class='ocr_par' dir='ltr' id='par_1_98' title="bbox 1540 4737 1964 4800">
     <span class='ocr_line' id='line_1_98' title="bbox 1540 4737 1964 4800; baseline 0.007 -11"><span class='ocrx_word' id='word_1_778' title='bbox 1540 4739 1560 4767; x_wconf 75' lang='grc'>⁸</span> <span class='ocrx_word' id='word_1_779' title='bbox 1582 4737 1725 4791; x_wconf 82' lang='lat' dir='ltr'><strong>Psal.</strong></span> <span class='ocrx_word' id='word_1_780' title='bbox 1757 4752 1878 4800; x_wconf 73' lang='lat' dir='ltr'><strong>CXL,</strong></span> <span class='ocrx_word' id='word_1_781' title='bbox 1913 4737 1964 4792; x_wconf 86' lang='lat'><strong>7.</strong></span> 
     </span>
    </p>
   </div>
   <div class='ocr_carea' id='block_1_99' title="bbox 551 4858 2058 4931">
    <p class='ocr_par' dir='ltr' id='par_1_99' title="bbox 551 4858 2058 4931">
     <span class='ocr_line' id='line_1_99' title="bbox 551 4858 2058 4931; baseline -0.001 -18"><span class='ocrx_word' id='word_1_782' title='bbox 551 4860 664 4931; x_wconf 77' lang='grc'>(36)</span> <span class='ocrx_word' id='word_1_783' title='bbox 698 4859 792 4931; x_wconf 80' lang='lat' dir='ltr'><strong>Sic</strong></span> <span class='ocrx_word' id='word_1_784' title='bbox 833 4876 966 4913; x_wconf 84' lang='lat' dir='ltr'><strong>mss.</strong></span> <span class='ocrx_word' id='word_1_785' title='bbox 1001 4871 1231 4931; x_wconf 79' lang='lat' dir='ltr'><strong>st‘plenl.</strong></span> <span class='ocrx_word' id='word_1_786' title='bbox 1264 4860 1447 4913; x_wconf 84' lang='lat' dir='ltr'><strong>Editio</strong></span> <span class='ocrx_word' id='word_1_787' title='bbox 1481 4858 1658 4914; x_wconf 79' lang='lat' dir='ltr'><strong>Paris.</strong></span> <span class='ocrx_word' id='word_1_788' title='bbox 1691 4858 1880 4930; x_wconf 83' lang='grc' dir='ltr'>ὥσπερ</span> <span class='ocrx_word' id='word_1_789' title='bbox 1903 4859 1931 4910; x_wconf 88' lang='lat'><strong>6</strong></span> <span class='ocrx_word' id='word_1_790' title='bbox 1964 4858 2058 4912; x_wconf 85' lang='grc' dir='ltr'><strong>ἄν·</strong></span> 
     </span>
    </p>
   </div>
   <div class='ocr_carea' id='block_1_100' title="bbox 473 4929 1320 5003">
    <p class='ocr_par' dir='ltr' id='par_1_100' title="bbox 473 4929 1320 5003">
     <span class='ocr_line' id='line_1_100' title="bbox 473 4929 1320 5003; baseline 0 -19"><span class='ocrx_word' id='word_1_791' title='bbox 473 4929 690 5003; x_wconf 69' lang='grc' dir='ltr'>θρωπος</span> <span class='ocrx_word' id='word_1_792' title='bbox 707 4929 924 5003; x_wconf 71' lang='grc' dir='ltr'>λέγεται</span> <span class='ocrx_word' id='word_1_793' title='bbox 953 4932 986 5000; x_wconf 82' lang='grc' dir='ltr'>ἡ</span> <span class='ocrx_word' id='word_1_794' title='bbox 1012 4930 1179 5000; x_wconf 73' lang='grc' dir='ltr'>ψυχή,</span> <span class='ocrx_word' id='word_1_795' title='bbox 1215 4939 1320 5003; x_wconf 81' lang='lat' dir='ltr'><strong>etc.</strong></span> 
     </span>
    </p>
   </div>
   <div class='ocr_carea' id='block_1_101' title="bbox 549 4998 2058 5069">
    <p class='ocr_par' dir='ltr' id='par_1_101' title="bbox 549 4998 2058 5069">
     <span class='ocr_line' id='line_1_101' title="bbox 549 4998 2058 5069; baseline -0.003 -15"><span class='ocrx_word' id='word_1_796' title='bbox 549 5002 663 5069; x_wconf 74' lang='grc'><strong>(57)</strong></span> <span class='ocrx_word' id='word_1_797' title='bbox 690 5002 837 5054; x_wconf 81' lang='lat' dir='ltr'><strong>Satis</strong></span> <span class='ocrx_word' id='word_1_798' title='bbox 877 4998 1172 5054; x_wconf 79' lang='lat' dir='ltr'><strong>verisimile</strong></span> <span class='ocrx_word' id='word_1_799' title='bbox 1216 5000 1386 5053; x_wconf 86' lang='lat' dir='ltr'><strong>videri</strong></span> <span class='ocrx_word' id='word_1_800' title='bbox 1423 5009 1600 5067; x_wconf 86' lang='lat' dir='ltr'><strong>potest</strong></span> <span class='ocrx_word' id='word_1_801' title='bbox 1650 4999 1790 5069; x_wconf 83' lang='grc' dir='ltr'>μέρη</span> <span class='ocrx_word' id='word_1_802' title='bbox 1827 5015 1923 5066; x_wconf 81' lang='lat' dir='ltr'><strong>pro</strong></span> <span class='ocrx_word' id='word_1_803' title='bbox 1957 4998 2058 5068; x_wconf 82' lang='grc' dir='ltr'>μέ-</span> 
     </span>
    </p>
   </div>
   <div class='ocr_carea' id='block_1_102' title="bbox 475 5068 2059 5141">
    <p class='ocr_par' dir='ltr' id='par_1_102' title="bbox 475 5068 2059 5141">
     <span class='ocr_line' id='line_1_102' title="bbox 475 5068 2059 5141; baseline -0.004 -17"><span class='ocrx_word' id='word_1_804' title='bbox 475 5071 542 5141; x_wconf 82' lang='grc' dir='ltr'>λη</span> <span class='ocrx_word' id='word_1_805' title='bbox 566 5068 864 5139; x_wconf 77' lang='lat' dir='ltr'><strong>legendutn</strong></span> <span class='ocrx_word' id='word_1_806' title='bbox 890 5086 1030 5124; x_wconf 90' lang='lat' dir='ltr'><strong>esse.</strong></span> <span class='ocrx_word' id='word_1_807' title='bbox 1059 5073 1197 5139; x_wconf 86' lang='lat' dir='ltr'><strong>Apte</strong></span> <span class='ocrx_word' id='word_1_808' title='bbox 1227 5071 1370 5122; x_wconf 90' lang='lat' dir='ltr'><strong>cnim</strong></span> <span class='ocrx_word' id='word_1_809' title='bbox 1398 5072 1652 5141; x_wconf 71' lang='lat' dir='ltr'><strong>dicimus,</strong></span> <span class='ocrx_word' id='word_1_810' title='bbox 1680 5068 1866 5141; x_wconf 76' lang='lat' dir='ltr'><strong>Partes</strong></span> <span class='ocrx_word' id='word_1_811' title='bbox 1893 5070 2059 5141; x_wconf 81' lang='lat' dir='ltr'><strong>animi</strong></span> 
     </span>
    </p>
   </div>
   <div class='ocr_carea' id='block_1_103' title="bbox 475 5139 2055 5210">
    <p class='ocr_par' dir='ltr' id='par_1_103' title="bbox 475 5139 2055 5210">
     <span class='ocr_line' id='line_1_103' title="bbox 475 5139 2055 5210; baseline -0.001 -18"><span class='ocrx_word' id='word_1_812' title='bbox 475 5139 755 5210; x_wconf 69' lang='lat' dir='ltr'><strong>prwcipua:</strong></span> <span class='ocrx_word' id='word_1_813' title='bbox 788 5153 806 5191; x_wconf 89' lang='lat'><strong><em>:</em></strong></span> <span class='ocrx_word' id='word_1_814' title='bbox 847 5157 950 5194; x_wconf 92' lang='lat' dir='ltr'><strong>nou</strong></span> <span class='ocrx_word' id='word_1_815' title='bbox 984 5152 1128 5210; x_wconf 84' lang='lat' dir='ltr'><strong>apte,</strong></span> <span class='ocrx_word' id='word_1_816' title='bbox 1167 5156 1268 5195; x_wconf 90' lang='lat' dir='ltr'><strong>nec</strong></span> <span class='ocrx_word' id='word_1_817' title='bbox 1297 5140 1363 5192; x_wconf 86' lang='lat' dir='ltr'><strong>de</strong></span> <span class='ocrx_word' id='word_1_818' title='bbox 1400 5155 1574 5200; x_wconf 84' lang='lat' dir='ltr'><strong>more,</strong></span> <span class='ocrx_word' id='word_1_819' title='bbox 1604 5139 1840 5210; x_wconf 73' lang='lat' dir='ltr'><strong>lllembra</strong></span> <span class='ocrx_word' id='word_1_820' title='bbox 1871 5139 2055 5210; x_wconf 70' lang='lat' dir='ltr'><strong>animi</strong></span> 
     </span>
    </p>
   </div>
   <div class='ocr_carea' id='block_1_104' title="bbox 476 5208 2054 5280">
    <p class='ocr_par' dir='ltr' id='par_1_104' title="bbox 476 5208 2054 5280">
     <span class='ocr_line' id='line_1_104' title="bbox 476 5208 2054 5280; baseline -0.001 -17"><span class='ocrx_word' id='word_1_821' title='bbox 476 5208 765 5278; x_wconf 74' lang='lat' dir='ltr'><strong>prtvcipua.</strong></span> <span class='ocrx_word' id='word_1_822' title='bbox 802 5208 1178 5280; x_wconf 44' lang='lat' dir='ltr'><strong>Conject&#39;uram</strong></span> <span class='ocrx_word' id='word_1_823' title='bbox 1204 5210 1445 5278; x_wconf 83' lang='lat' dir='ltr'><strong>adjuvat,</strong></span> <span class='ocrx_word' id='word_1_824' title='bbox 1477 5210 1620 5277; x_wconf 90' lang='lat' dir='ltr'><strong>quod</strong></span> <span class='ocrx_word' id='word_1_825' title='bbox 1652 5208 1951 5280; x_wconf 69' lang='lat' dir='ltr'><strong>Qoruarius</strong></span> <span class='ocrx_word' id='word_1_826' title='bbox 1974 5208 2054 5280; x_wconf 81' lang='lat' dir='ltr'><strong>ita</strong></span> 
     </span>
    </p>
   </div>
   <div class='ocr_carea' id='block_1_105' title="bbox 481 5277 2052 5349">
    <p class='ocr_par' dir='ltr' id='par_1_105' title="bbox 481 5277 2052 5349">
     <span class='ocr_line' id='line_1_105' title="bbox 481 5277 2052 5349; baseline -0.002 -16"><span class='ocrx_word' id='word_1_827' title='bbox 481 5277 677 5349; x_wconf 45' lang='lat' dir='ltr'><strong>legisse</strong></span> <span class='ocrx_word' id='word_1_828' title='bbox 720 5277 989 5347; x_wconf 83' lang='lat' dir='ltr'><strong>putandus</strong></span> <span class='ocrx_word' id='word_1_829' title='bbox 1035 5283 1126 5344; x_wconf 86' lang='lat' dir='ltr'><strong>sit,</strong></span> <span class='ocrx_word' id='word_1_830' title='bbox 1159 5277 1282 5334; x_wconf 85' lang='lat' dir='ltr'><strong>cum</strong></span> <span class='ocrx_word' id='word_1_831' title='bbox 1330 5281 1560 5349; x_wconf 84' lang='lat' dir='ltr'><strong>verterit</strong></span> <span class='ocrx_word' id='word_1_832' title='bbox 1595 5293 1607 5328; x_wconf 93' lang='lat'>:</span> <span class='ocrx_word' id='word_1_833' title='bbox 1665 5277 1856 5349; x_wconf 82' lang='lat' dir='ltr'><strong>Partes</strong></span> <span class='ocrx_word' id='word_1_834' title='bbox 1884 5277 2052 5342; x_wconf 83' lang='lat' dir='ltr'><strong>ipsius</strong></span> 
     </span>
    </p>
   </div>
   <div class='ocr_carea' id='block_1_106' title="bbox 484 5348 2053 5423">
    <p class='ocr_par' dir='ltr' id='par_1_106' title="bbox 484 5348 2053 5423">
     <span class='ocr_line' id='line_1_106' title="bbox 484 5348 2053 5423; baseline -0.004 -20"><span class='ocrx_word' id='word_1_835' title='bbox 484 5348 746 5423; x_wconf 74' lang='lat' dir='ltr'><strong>[anima-J.</strong></span> <span class='ocrx_word' id='word_1_836' title='bbox 777 5353 910 5405; x_wconf 88' lang='lat' dir='ltr'><strong>Cum</strong></span> <span class='ocrx_word' id='word_1_837' title='bbox 943 5361 1122 5406; x_wconf 88' lang='lat' dir='ltr'><strong>tamen</strong></span> <span class='ocrx_word' id='word_1_838' title='bbox 1157 5353 1245 5423; x_wconf 88' lang='lat' dir='ltr'><strong>hic</strong></span> <span class='ocrx_word' id='word_1_839' title='bbox 1282 5359 1474 5423; x_wconf 78' lang='lat' dir='ltr'><strong>agatur</strong></span> <span class='ocrx_word' id='word_1_840' title='bbox 1507 5348 1574 5423; x_wconf 76' lang='lat' dir='ltr'><strong>de</strong></span> <span class='ocrx_word' id='word_1_841' title='bbox 1605 5348 2053 5423; x_wconf 70' lang='lat' dir='ltr'><strong>nomineimprp-</strong></span> 
     </span>
    </p>
   </div>
   <div class='ocr_carea' id='block_1_107' title="bbox 523 5415 2051 5491">
    <p class='ocr_par' dir='ltr' id='par_1_107' title="bbox 523 5415 2051 5491">
     <span class='ocr_line' id='line_1_107' title="bbox 523 5415 2051 5491; baseline -0.003 -18"><span class='ocrx_word' id='word_1_842' title='bbox 523 5424 600 5475; x_wconf 93' lang='lat' dir='ltr'><strong>rio</strong></span> <span class='ocrx_word' id='word_1_843' title='bbox 628 5434 680 5476; x_wconf 87' lang='lat' dir='ltr'><strong>et</strong></span> <span class='ocrx_word' id='word_1_844' title='bbox 706 5415 1014 5491; x_wconf 42' lang='lat' dir='ltr'><strong>‘a&#39;qttivoco,</strong></span> <span class='ocrx_word' id='word_1_845' title='bbox 1047 5421 1264 5475; x_wconf 89' lang='lat' dir='ltr'><strong>dubium</strong></span> <span class='ocrx_word' id='word_1_846' title='bbox 1300 5415 1403 5473; x_wconf 65' lang='lat' dir='ltr'><strong>lion</strong></span> <span class='ocrx_word' id='word_1_847' title='bbox 1439 5418 1879 5491; x_wconf 29' lang='lat' dir='ltr'><strong>habemustqu‘in</strong></span> <span class='ocrx_word' id='word_1_848' title='bbox 1915 5415 2051 5487; x_wconf 87' lang='grc' dir='ltr'>μέλη</span> 
     </span>
    </p>
   </div>
   <div class='ocr_carea' id='block_1_108' title="bbox 479 5436 2052 5562">
    <p class='ocr_par' dir='ltr' id='par_1_108' title="bbox 479 5436 2052 5562">
     <span class='ocr_line' id='line_1_108' title="bbox 523 5436 2051 5491; baseline -0.004 -18"><span class='ocrx_word' id='word_1_849' title='bbox 523 5437 600 5475; x_wconf 83' lang='grc' dir='ltr'><strong>ΓΙΟ</strong></span> <span class='ocrx_word' id='word_1_850' title='bbox 628 5436 680 5476; x_wconf 87' lang='lat' dir='ltr'><strong>et</strong></span> <span class='ocrx_word' id='word_1_851' title='bbox 726 5439 1014 5491; x_wconf 77' lang='lat' dir='ltr'><strong>wqmvoco,</strong></span> <span class='ocrx_word' id='word_1_852' title='bbox 1047 5436 1264 5475; x_wconf 82' lang='lat' dir='ltr'><strong>dubium</strong></span> <span class='ocrx_word' id='word_1_853' title='bbox 1300 5436 1403 5473; x_wconf 92' lang='lat' dir='ltr'><strong>non</strong></span> <span class='ocrx_word' id='word_1_854' title='bbox 1439 5436 1718 5481; x_wconf 86' lang='lat' dir='ltr'><strong>nanemus,</strong></span> <span class='ocrx_word' id='word_1_855' title='bbox 1751 5436 1879 5485; x_wconf 81' lang='lat' dir='ltr'><strong>qum</strong></span> <span class='ocrx_word' id='word_1_856' title='bbox 1915 5436 2051 5487; x_wconf 77' lang='grc' dir='ltr'><strong>μΞΙ-τ]</strong></span> 
     </span>
     <span class='ocr_line' id='line_1_109' title="bbox 479 5436 2052 5562; baseline -0.004 -16"><span class='ocrx_word' id='word_1_857' title='bbox 479 5436 586 5546; x_wconf 56' lang='lat' dir='ltr'><strong>Eoo</strong></span> <span class='ocrx_word' id='word_1_858' title='bbox 619 5493 734 5546; x_wconf 77' lang='lat' dir='ltr'><strong>loco</strong></span> <span class='ocrx_word' id='word_1_859' title='bbox 769 5494 868 5562; x_wconf 81' lang='lat' dir='ltr'><strong>legi</strong></span> <span class='ocrx_word' id='word_1_860' title='bbox 915 5501 1183 5561; x_wconf 84' lang='lat' dir='ltr'><strong>oporteat.</strong></span> <span class='ocrx_word' id='word_1_861' title='bbox 1216 5491 1439 5544; x_wconf 86' lang='lat' dir='ltr'><strong>Accedit</strong></span> <span class='ocrx_word' id='word_1_862' title='bbox 1466 5489 1610 5557; x_wconf 89' lang='lat' dir='ltr'><strong>quod</strong></span> <span class='ocrx_word' id='word_1_863' title='bbox 1654 5487 1794 5558; x_wconf 82' lang='grc' dir='ltr'>μέλη</span> <span class='ocrx_word' id='word_1_864' title='bbox 1819 5488 1873 5540; x_wconf 90' lang='lat' dir='ltr'><strong>in</strong></span> <span class='ocrx_word' id='word_1_865' title='bbox 1921 5502 2052 5540; x_wconf 90' lang='lat' dir='ltr'><strong>mss.</strong></span> 
     </span>
    </p>
   </div>
   <div class='ocr_carea' id='block_1_109' title="bbox 485 5562 1522 5629">
    <p class='ocr_par' dir='ltr' id='par_1_109' title="bbox 485 5562 1522 5629">
     <span class='ocr_line' id='line_1_110' title="bbox 485 5562 1522 5629; baseline 0.002 -17"><span class='ocrx_word' id='word_1_866' title='bbox 485 5563 708 5629; x_wconf 85' lang='lat' dir='ltr'><strong>perinde</strong></span> <span class='ocrx_word' id='word_1_867' title='bbox 735 5575 895 5629; x_wconf 87' lang='lat' dir='ltr'><strong>atque</strong></span> <span class='ocrx_word' id='word_1_868' title='bbox 925 5563 977 5614; x_wconf 88' lang='lat' dir='ltr'><strong>itt</strong></span> <span class='ocrx_word' id='word_1_869' title='bbox 1011 5563 1172 5616; x_wconf 79' lang='lat' dir='ltr'><strong>editis</strong></span> <span class='ocrx_word' id='word_1_870' title='bbox 1203 5562 1522 5629; x_wconf 87' lang='lat' dir='ltr'><strong>reperiatur.</strong></span> 
     </span>
    </p>
   </div>
   <div class='ocr_carea' id='block_1_110' title="bbox 555 5626 2056 5700">
    <p class='ocr_par' dir='ltr' id='par_1_110' title="bbox 555 5626 2056 5700">
     <span class='ocr_line' id='line_1_111' title="bbox 555 5626 2056 5700; baseline -0.003 -16"><span class='ocrx_word' id='word_1_871' title='bbox 555 5631 664 5698; x_wconf 79' lang='lat'><strong>(&#39;58)</strong></span> <span class='ocrx_word' id='word_1_872' title='bbox 727 5626 861 5686; x_wconf 66' lang='lat' dir='ltr'><strong>lﬂditi</strong></span> <span class='ocrx_word' id='word_1_873' title='bbox 911 5641 964 5684; x_wconf 90' lang='lat' dir='ltr'><strong>et</strong></span> <span class='ocrx_word' id='word_1_874' title='bbox 1019 5632 1148 5699; x_wconf 66' lang='lat' dir='ltr'><strong>Reg.</strong></span> <span class='ocrx_word' id='word_1_875' title='bbox 1209 5626 1437 5700; x_wconf 81' lang='lat' dir='ltr'><strong>quartus</strong></span> <span class='ocrx_word' id='word_1_876' title='bbox 1485 5630 1543 5680; x_wconf 82' lang='grc' dir='ltr'><strong>ἐν</strong></span> <span class='ocrx_word' id='word_1_877' title='bbox 1592 5630 1658 5699; x_wconf 82' lang='grc' dir='ltr'>τῇ</span> <span class='ocrx_word' id='word_1_878' title='bbox 1707 5626 2056 5700; x_wconf 29' lang='grc' dir='ltr'>κεφαλῇῖμΑι</span> 
     </span>
    </p>
   </div>
   <div class='ocr_carea' id='block_1_111' title="bbox 487 5697 2055 5769">
    <p class='ocr_par' dir='ltr' id='par_1_111' title="bbox 487 5697 2055 5769">
     <span class='ocr_line' id='line_1_112' title="bbox 487 5697 2055 5769; baseline 0 -19"><span class='ocrx_word' id='word_1_879' title='bbox 487 5714 618 5752; x_wconf 89' lang='lat' dir='ltr'><strong>mss.</strong></span> <span class='ocrx_word' id='word_1_880' title='bbox 651 5697 906 5769; x_wconf 83' lang='lat' dir='ltr'><strong>quinque</strong></span> <span class='ocrx_word' id='word_1_881' title='bbox 959 5711 1014 5754; x_wconf 89' lang='lat' dir='ltr'><strong>et</strong></span> <span class='ocrx_word' id='word_1_882' title='bbox 1051 5697 1241 5755; x_wconf 42' lang='lat' dir='ltr'><strong>ed—itio&#39;</strong></span> <span class='ocrx_word' id='word_1_883' title='bbox 1270 5701 1510 5752; x_wconf 76' lang='lat' dir='ltr'><strong>Romana</strong></span> <span class='ocrx_word' id='word_1_884' title='bbox 1567 5697 2055 5769; x_wconf 51' lang='grc' dir='ltr'>ὲνάεφαλῇςΜοιι</span> 
     </span>
    </p>
   </div>
   <div class='ocr_carea' id='block_1_112' title="bbox 487 5767 2054 5839">
    <p class='ocr_par' dir='ltr' id='par_1_112' title="bbox 487 5767 2054 5839">
     <span class='ocr_line' id='line_1_113' title="bbox 487 5767 2054 5839; baseline -0.001 -19"><span class='ocrx_word' id='word_1_885' title='bbox 487 5769 616 5822; x_wconf 86' lang='lat' dir='ltr'><strong>editi</strong></span> <span class='ocrx_word' id='word_1_886' title='bbox 670 5767 814 5839; x_wconf 79' lang='grc' dir='ltr'>λέγει</span> <span class='ocrx_word' id='word_1_887' title='bbox 860 5770 1058 5839; x_wconf 78' lang='grc' dir='ltr'>ὁμοίως</span> <span class='ocrx_word' id='word_1_888' title='bbox 1109 5771 1231 5832; x_wconf 84' lang='grc' dir='ltr'>τούς</span> <span class='ocrx_word' id='word_1_889' title='bbox 1281 5787 1337 5821; x_wconf 88' lang='grc' dir='ltr'><strong>τε</strong></span> <span class='ocrx_word' id='word_1_890' title='bbox 1387 5769 1486 5838; x_wconf 85' lang='grc' dir='ltr'><strong>τῆς</strong></span> <span class='ocrx_word' id='word_1_891' title='bbox 1546 5769 1749 5838; x_wconf 79' lang='grc' dir='ltr'>σαρκὸς</span> <span class='ocrx_word' id='word_1_892' title='bbox 1811 5767 1904 5820; x_wconf 71' lang='grc' dir='ltr'><strong>καὶ</strong></span> <span class='ocrx_word' id='word_1_893' title='bbox 1948 5767 2054 5836; x_wconf 78' lang='grc' dir='ltr'><strong>ψυ-</strong></span> 
     </span>
    </p>
   </div>
   <div class='ocr_carea' id='block_1_113' title="bbox 1681 4665 2218 4793">
    <p class='ocr_par' dir='ltr' id='par_1_113' title="bbox 1681 4665 2218 4793">
     <span class='ocr_line' id='line_1_114' title="bbox 1681 4665 2144 4728; baseline 0.013 -11"><span class='ocrx_word' id='word_1_894' title='bbox 1681 4669 1726 4698; x_wconf 75' lang='lat'><strong>”</strong></span> <span class='ocrx_word' id='word_1_895' title='bbox 1764 4665 1898 4718; x_wconf 88' lang='lat' dir='ltr'><strong>Luc.</strong></span> <span class='ocrx_word' id='word_1_896' title='bbox 1932 4682 2049 4728; x_wconf 86' lang='lat' dir='ltr'><strong>vm,</strong></span> <span class='ocrx_word' id='word_1_897' title='bbox 2091 4668 2144 4723; x_wconf 92' lang='lat'><strong>8.</strong></span> 
     </span>
     <span class='ocr_line' id='line_1_115' title="bbox 1690 4737 2218 4793; baseline 0.006 -3"><span class='ocrx_word' id='word_1_898' title='bbox 1690 4737 1725 4791; x_wconf 91' lang='grc' dir='ltr'><strong>Ι.</strong></span> <span class='ocrx_word' id='word_1_899' title='bbox 1757 4752 1878 4793; x_wconf 73' lang='lat' dir='ltr'><strong>CXL.</strong></span> <span class='ocrx_word' id='word_1_900' title='bbox 1913 4737 1964 4792; x_wconf 86' lang='lat'><strong>7.</strong></span> <span class='ocrx_word' id='word_1_901' title='bbox 2039 4739 2058 4769; x_wconf 84' lang='grc'><strong>⁷</strong></span> <span class='ocrx_word' id='word_1_902' title='bbox 2100 4739 2218 4793; x_wconf 82' lang='lat' dir='ltr'><strong>l’sal</strong></span> 
     </span>
    </p>
   </div>
   <div class='ocr_carea' id='block_1_114' title="bbox 2121 4742 2442 4804">
    <p class='ocr_par' dir='ltr' id='par_1_114' title="bbox 2121 4742 2442 4804">
     <span class='ocr_line' id='line_1_116' title="bbox 2121 4742 2442 4804; baseline 0 -10"><span class='ocrx_word' id='word_1_903' title='bbox 2121 4742 2240 4795; x_wconf 83' lang='lat' dir='ltr'><strong>’sal.</strong></span> <span class='ocrx_word' id='word_1_904' title='bbox 2275 4756 2348 4804; x_wconf 69' lang='grc' dir='ltr'>γι,</span> <span class='ocrx_word' id='word_1_905' title='bbox 2389 4742 2442 4794; x_wconf 86' lang='grc'><strong>’5.</strong></span> 
     </span>
    </p>
   </div>
   <div class='ocr_carea' id='block_1_115' title="bbox 2228 4651 3661 4735">
    <p class='ocr_par' dir='ltr' id='par_1_115' title="bbox 2228 4651 3661 4735">
     <span class='ocr_line' id='line_1_117' title="bbox 2228 4651 3661 4735; baseline -0.012 -13"><span class='ocrx_word' id='word_1_906' title='bbox 2228 4672 2240 4700; x_wconf 82' lang='grc'>¹</span> <span class='ocrx_word' id='word_1_907' title='bbox 2271 4672 2374 4724; x_wconf 86' lang='lat' dir='ltr'><strong>lsa.</strong></span> <span class='ocrx_word' id='word_1_908' title='bbox 2403 4687 2533 4733; x_wconf 76' lang='lat' dir='ltr'><strong>xm,</strong></span> <span class='ocrx_word' id='word_1_909' title='bbox 2569 4670 2654 4722; x_wconf 89' lang='grc'><strong>18.</strong></span> <span class='ocrx_word' id='word_1_910' title='bbox 2714 4671 2734 4700; x_wconf 81' lang='lat'>&#39;</span> <span class='ocrx_word' id='word_1_911' title='bbox 2763 4670 2900 4724; x_wconf 87' lang='lat' dir='ltr'><strong>Psal.</strong></span> <span class='ocrx_word' id='word_1_912' title='bbox 2935 4685 3125 4735; x_wconf 83' lang='lat' dir='ltr'><strong>cxvm,</strong></span> <span class='ocrx_word' id='word_1_913' title='bbox 3172 4669 3294 4723; x_wconf 79' lang='grc'><strong>151.</strong></span> <span class='ocrx_word' id='word_1_914' title='bbox 3371 4651 3661 4717; x_wconf 77' lang='lat' dir='ltr'><strong>‘Psal.ln,8.</strong></span> 
     </span>
    </p>
   </div>
   <div class='ocr_carea' id='block_1_116' title="bbox 2519 4741 3048 4804">
    <p class='ocr_par' dir='ltr' id='par_1_116' title="bbox 2519 4741 3048 4804">
     <span class='ocr_line' id='line_1_118' title="bbox 2519 4741 3048 4804; baseline -0.002 -9"><span class='ocrx_word' id='word_1_915' title='bbox 2519 4741 2539 4772; x_wconf 78' lang='grc'>⁸</span> <span class='ocrx_word' id='word_1_916' title='bbox 2570 4741 2711 4795; x_wconf 74' lang='lat' dir='ltr'><strong>Psal.</strong></span> <span class='ocrx_word' id='word_1_917' title='bbox 2739 4756 2924 4804; x_wconf 75' lang='lat' dir='ltr'><strong>xxxw,</strong></span> <span class='ocrx_word' id='word_1_918' title='bbox 2959 4741 3048 4795; x_wconf 86' lang='lat' dir='ltr'><strong>l8.</strong></span> 
     </span>
    </p>
   </div>
   <div class='ocr_carea' id='block_1_117' title="bbox 2169 4862 3637 4935">
    <p class='ocr_par' dir='ltr' id='par_1_117' title="bbox 2169 4862 3637 4935">
     <span class='ocr_line' id='line_1_119' title="bbox 2169 4862 3637 4935; baseline -0.005 -19"><span class='ocrx_word' id='word_1_919' title='bbox 2169 4862 2292 4935; x_wconf 77' lang='grc' dir='ltr'>χῆς.</span> <span class='ocrx_word' id='word_1_920' title='bbox 2313 4863 2391 4935; x_wconf 67' lang='lat' dir='ltr'><strong>At</strong></span> <span class='ocrx_word' id='word_1_921' title='bbox 2421 4879 2550 4918; x_wconf 89' lang='lat' dir='ltr'><strong>mss.</strong></span> <span class='ocrx_word' id='word_1_922' title='bbox 2587 4872 2790 4935; x_wconf 84' lang='lat' dir='ltr'><strong>septem</strong></span> <span class='ocrx_word' id='word_1_923' title='bbox 2825 4865 2921 4924; x_wconf 85' lang='lat' dir='ltr'><strong>ita,</strong></span> <span class='ocrx_word' id='word_1_924' title='bbox 2959 4873 3020 4916; x_wconf 89' lang='lat' dir='ltr'><strong>ut</strong></span> <span class='ocrx_word' id='word_1_925' title='bbox 3048 4867 3314 4935; x_wconf 78' lang='lat' dir='ltr'><strong>edendum</strong></span> <span class='ocrx_word' id='word_1_926' title='bbox 3343 4863 3637 4935; x_wconf 29' lang='lat' dir='ltr'><strong>curavimus:</strong></span> 
     </span>
    </p>
   </div>
   <div class='ocr_carea' id='block_1_118' title="bbox 2241 4928 3662 5002">
    <p class='ocr_par' dir='ltr' id='par_1_118' title="bbox 2241 4928 3662 5002">
     <span class='ocr_line' id='line_1_120' title="bbox 2241 4928 3662 5002; baseline -0.008 -18"><span class='ocrx_word' id='word_1_927' title='bbox 2241 4934 2355 5002; x_wconf 79' lang='lat'><strong>(59)</strong></span> <span class='ocrx_word' id='word_1_928' title='bbox 2385 4935 2542 4987; x_wconf 88' lang='lat' dir='ltr'><strong>Deest</strong></span> <span class='ocrx_word' id='word_1_929' title='bbox 2587 4928 2703 4985; x_wconf 78' lang='grc' dir='ltr'>ἐστί</span> <span class='ocrx_word' id='word_1_930' title='bbox 2740 4935 2791 4986; x_wconf 91' lang='lat' dir='ltr'><strong>in</strong></span> <span class='ocrx_word' id='word_1_931' title='bbox 2823 4935 3010 4985; x_wconf 82' lang='lat' dir='ltr'><strong>multis</strong></span> <span class='ocrx_word' id='word_1_932' title='bbox 3056 4948 3185 4986; x_wconf 89' lang='lat' dir='ltr'><strong>mss.</strong></span> <span class='ocrx_word' id='word_1_933' title='bbox 3236 4931 3353 5002; x_wconf 62' lang='lat' dir='ltr'><strong>Mos</strong></span> <span class='ocrx_word' id='word_1_934' title='bbox 3400 4928 3510 5002; x_wconf 63' lang='lat' dir='ltr'><strong>editi</strong></span> <span class='ocrx_word' id='word_1_935' title='bbox 3537 4928 3662 5002; x_wconf 61' lang='grc' dir='ltr'>οῐιιειᾷ</span> 
     </span>
    </p>
   </div>
   <div class='ocr_carea' id='block_1_119' title="bbox 2166 4994 3662 5077">
    <p class='ocr_par' dir='ltr' id='par_1_119' title="bbox 2166 4994 3662 5077">
     <span class='ocr_line' id='line_1_121' title="bbox 2166 4994 3662 5077; baseline -0.004 -20"><span class='ocrx_word' id='word_1_936' title='bbox 2166 4994 2532 5077; x_wconf 30' lang='grc' dir='ltr'>δυνάμειηλᾼι</span> <span class='ocrx_word' id='word_1_937' title='bbox 2582 5021 2722 5077; x_wconf 58' lang='lat' dir='ltr'><strong>mss.</strong></span> <span class='ocrx_word' id='word_1_938' title='bbox 2739 5013 2944 5077; x_wconf 73' lang='lat' dir='ltr'><strong>septem</strong></span> <span class='ocrx_word' id='word_1_939' title='bbox 2972 5003 3149 5077; x_wconf 79' lang='grc' dir='ltr'>οἰκείᾳ</span> <span class='ocrx_word' id='word_1_940' title='bbox 3183 5000 3407 5077; x_wconf 65' lang='grc' dir='ltr'>εὐτονίᾳ.</span> <span class='ocrx_word' id='word_1_941' title='bbox 3431 4994 3662 5077; x_wconf 27' lang='lat' dir='ltr'><strong>ﬁes-nl?“</strong></span> 
     </span>
    </p>
   </div>
   <div class='ocr_carea' id='block_1_120' title="bbox 2170 5057 3660 5148">
    <p class='ocr_par' dir='ltr' id='par_1_120' title="bbox 2170 5057 3660 5148">
     <span class='ocr_line' id='line_1_122' title="bbox 2170 5057 3660 5148; baseline -0.003 -22"><span class='ocrx_word' id='word_1_942' title='bbox 2170 5057 2378 5148; x_wconf 52' lang='lat' dir='ltr'><strong>tius&#39;ﬁj</strong></span> <span class='ocrx_word' id='word_1_943' title='bbox 2411 5073 2517 5144; x_wconf 70' lang='grc' dir='ltr'>ἰδίᾳ.</span> <span class='ocrx_word' id='word_1_944' title='bbox 2547 5074 2782 5148; x_wconf 80' lang='grc' dir='ltr'>εὐτονίᾳ.</span> <span class='ocrx_word' id='word_1_945' title='bbox 2803 5057 2936 5148; x_wconf 57' lang='grc' dir='ltr'><strong>’Νρρ</strong></span> <span class='ocrx_word' id='word_1_946' title='bbox 2969 5076 3044 5148; x_wconf 76' lang='lat' dir='ltr'><strong>ita</strong></span> <span class='ocrx_word' id='word_1_947' title='bbox 3086 5058 3257 5148; x_wconf 56' lang='lat' dir='ltr'><strong>[nullo</strong></span> <span class='ocrx_word' id='word_1_948' title='bbox 3286 5057 3401 5137; x_wconf 71' lang='lat' dir='ltr'><strong>post</strong></span> 
     </span>
    </p>
   </div>
   <div class='ocr_carea' id='block_1_121' title="bbox 2166 5140 3658 5199">
    <p class='ocr_par' dir='ltr' id='par_1_121' title="bbox 2166 5140 3658 5199">
     <span class='ocr_line' id='line_1_123' title="bbox 2166 5140 3658 5199; baseline -0.009 -3"><span class='ocrx_word' id='word_1_949' title='bbox 2166 5140 2522 5199; x_wconf 40' lang='lat' dir='ltr'><strong>tertiusﬂcutil</strong></span> <span class='ocrx_word' id='word_1_950' title='bbox 2574 5140 2815 5198; x_wconf 32' lang='lat' dir='ltr'><strong>editio—ne</strong></span> <span class='ocrx_word' id='word_1_951' title='bbox 2859 5143 3025 5197; x_wconf 88' lang='lat' dir='ltr'><strong>Basil.</strong></span> <span class='ocrx_word' id='word_1_952' title='bbox 3083 5142 3336 5195; x_wconf 86' lang='grc' dir='ltr'>δύνανται</span> <span class='ocrx_word' id='word_1_953' title='bbox 3386 5140 3479 5188; x_wconf 82' lang='grc' dir='ltr'>τῶν</span> <span class='ocrx_word' id='word_1_954' title='bbox 3517 5140 3658 5183; x_wconf 66' lang='lat' dir='ltr'><strong>aeuu-</strong></span> 
     </span>
    </p>
   </div>
   <div class='ocr_carea' id='block_1_122' title="bbox 2161 5231 2290 5266">
    <p class='ocr_par' dir='ltr' id='par_1_122' title="bbox 2161 5231 2290 5266">
     <span class='ocr_line' id='line_1_124' title="bbox 2161 5231 2290 5266; baseline 0 0"><span class='ocrx_word' id='word_1_955' title='bbox 2161 5231 2269 5266; x_wconf 86' lang='grc' dir='ltr'><strong>των</strong></span> <span class='ocrx_word' id='word_1_956' title='bbox 2278 5254 2290 5266; x_wconf 89' lang='grc'><em>.</em></span> 
     </span>
    </p>
   </div>
   <div class='ocr_carea' id='block_1_123' title="bbox 2233 5258 3660 5354">
    <p class='ocr_par' dir='ltr' id='par_1_123' title="bbox 2233 5258 3660 5354">
     <span class='ocr_line' id='line_1_125' title="bbox 2233 5258 3660 5354; baseline -0.003 -19"><span class='ocrx_word' id='word_1_957' title='bbox 2233 5258 2346 5353; x_wconf 52' lang='grc' dir='ltr'><strong>(ἷο)</strong></span> <span class='ocrx_word' id='word_1_958' title='bbox 2371 5282 2449 5354; x_wconf 80' lang='lat' dir='ltr'><strong>Ita</strong></span> <span class='ocrx_word' id='word_1_959' title='bbox 2473 5297 2773 5354; x_wconf 23' lang='lat' dir='ltr'><strong>mssusex.</strong></span> <span class='ocrx_word' id='word_1_960' title='bbox 2811 5283 2952 5336; x_wconf 82' lang='lat' dir='ltr'><strong>Editi</strong></span> <span class='ocrx_word' id='word_1_961' title='bbox 2989 5293 3044 5336; x_wconf 86' lang='lat' dir='ltr'><strong>et</strong></span> <span class='ocrx_word' id='word_1_962' title='bbox 3087 5283 3239 5338; x_wconf 87' lang='lat' dir='ltr'><strong>Colb.</strong></span> <span class='ocrx_word' id='word_1_963' title='bbox 3276 5280 3480 5354; x_wconf 76' lang='lat' dir='ltr'><strong>quintus</strong></span> <span class='ocrx_word' id='word_1_964' title='bbox 3502 5258 3660 5354; x_wconf 52' lang='grc' dir='ltr'><strong>θιξιξξ</strong></span> 
     </span>
    </p>
   </div>
   <div class='ocr_carea' id='block_1_124' title="bbox 2161 5339 3661 5424">
    <p class='ocr_par' dir='ltr' id='par_1_124' title="bbox 2161 5339 3661 5424">
     <span class='ocr_line' id='line_1_126' title="bbox 2161 5339 3661 5424; baseline -0.001 -17"><span class='ocrx_word' id='word_1_965' title='bbox 2161 5339 2577 5424; x_wconf 76' lang='grc' dir='ltr'>διέσκόρπίσθη.</span> <span class='ocrx_word' id='word_1_966' title='bbox 2613 5352 2809 5407; x_wconf 87' lang='lat' dir='ltr'><strong>Statim</strong></span> <span class='ocrx_word' id='word_1_967' title='bbox 2861 5368 2994 5408; x_wconf 85' lang='lat' dir='ltr'><strong>mss.</strong></span> <span class='ocrx_word' id='word_1_968' title='bbox 3028 5355 3270 5423; x_wconf 89' lang='lat' dir='ltr'><strong>quinque</strong></span> <span class='ocrx_word' id='word_1_969' title='bbox 3295 5339 3417 5402; x_wconf 66' lang='grc' dir='ltr'><strong>ἱποτέ</strong></span> <span class='ocrx_word' id='word_1_970' title='bbox 3447 5360 3517 5405; x_wconf 68' lang='grc' dir='ltr'>γε.</span> <span class='ocrx_word' id='word_1_971' title='bbox 3547 5339 3661 5393; x_wconf 55' lang='grc'><strong>98⁸⁵⁸</strong></span> 
     </span>
    </p>
   </div>
   <div class='ocr_carea' id='block_1_125' title="bbox 2200 5424 2524 5478">
    <p class='ocr_par' dir='ltr' id='par_1_125' title="bbox 2200 5424 2524 5478">
     <span class='ocr_line' id='line_1_127' title="bbox 2200 5424 2524 5478; baseline 0 -2"><span class='ocrx_word' id='word_1_972' title='bbox 2200 5441 2225 5476; x_wconf 89' lang='grc' dir='ltr'><strong>ε</strong></span> <span class='ocrx_word' id='word_1_973' title='bbox 2259 5424 2310 5477; x_wconf 94' lang='lat' dir='ltr'><strong>in</strong></span> <span class='ocrx_word' id='word_1_974' title='bbox 2340 5425 2524 5478; x_wconf 87' lang='lat' dir='ltr'><strong>editis.</strong></span> 
     </span>
    </p>
   </div>
   <div class='ocr_carea' id='block_1_126' title="bbox 2161 5441 3658 5563">
    <p class='ocr_par' dir='ltr' id='par_1_126' title="bbox 2161 5441 3658 5563">
     <span class='ocr_line' id='line_1_128' title="bbox 2161 5441 2524 5493; baseline 0.003 -18"><span class='ocrx_word' id='word_1_975' title='bbox 2161 5441 2225 5493; x_wconf 84' lang='grc' dir='ltr'>γε</span> <span class='ocrx_word' id='word_1_976' title='bbox 2259 5441 2310 5477; x_wconf 84' lang='grc' dir='ltr'><strong>ιιι</strong></span> <span class='ocrx_word' id='word_1_977' title='bbox 2340 5441 2524 5478; x_wconf 79' lang='lat' dir='ltr'><strong>cuius.</strong></span> 
     </span>
     <span class='ocr_line' id='line_1_129' title="bbox 2237 5483 3658 5563; baseline -0.003 -20"><span class='ocrx_word' id='word_1_978' title='bbox 2237 5491 2350 5563; x_wconf 75' lang='grc'>(41)</span> <span class='ocrx_word' id='word_1_979' title='bbox 2387 5495 2524 5547; x_wconf 86' lang='lat' dir='ltr'><strong>Editi</strong></span> <span class='ocrx_word' id='word_1_980' title='bbox 2564 5501 2620 5548; x_wconf 88' lang='lat' dir='ltr'><strong>et</strong></span> <span class='ocrx_word' id='word_1_981' title='bbox 2677 5493 2970 5548; x_wconf 88' lang='lat' dir='ltr'><strong>Colbertini</strong></span> <span class='ocrx_word' id='word_1_982' title='bbox 3025 5494 3219 5546; x_wconf 84' lang='lat' dir='ltr'><strong>tertius</strong></span> <span class='ocrx_word' id='word_1_983' title='bbox 3271 5499 3323 5545; x_wconf 87' lang='lat' dir='ltr'><strong>et</strong></span> <span class='ocrx_word' id='word_1_984' title='bbox 3365 5486 3549 5563; x_wconf 69' lang='lat' dir='ltr'><strong>quintus</strong></span> 
     </span>
    </p>
   </div>
   <div class='ocr_carea' id='block_1_127' title="bbox 2161 5553 3661 5635">
    <p class='ocr_par' dir='ltr' id='par_1_127' title="bbox 2161 5553 3661 5635">
     <span class='ocr_line' id='line_1_130' title="bbox 2161 5553 3661 5635; baseline -0.003 -30"><span class='ocrx_word' id='word_1_985' title='bbox 2161 5553 2554 5635; x_wconf 58' lang='lat' dir='ltr'><strong>cois|,&#39;j{dpre,</strong></span> <span class='ocrx_word' id='word_1_986' title='bbox 2605 5565 2800 5635; x_wconf 85' lang='grc' dir='ltr'>Κύριε,</span> <span class='ocrx_word' id='word_1_987' title='bbox 2829 5563 3105 5635; x_wconf 26' lang='grc' dir='ltr'>τίς-,νοτ</span> <span class='ocrx_word' id='word_1_988' title='bbox 3135 5563 3305 5635; x_wconf 80' lang='grc' dir='ltr'>Κύριε</span> <span class='ocrx_word' id='word_1_989' title='bbox 3344 5553 3661 5635; x_wconf 31' lang='lat' dir='ltr'><strong>scinellegilljltf</strong></span> 
     </span>
    </p>
   </div>
   <div class='ocr_carea' id='block_1_128' title="bbox 2166 5612 3655 5697">
    <p class='ocr_par' dir='ltr' id='par_1_128' title="bbox 2166 5612 3655 5697">
     <span class='ocr_line' id='line_1_131' title="bbox 2166 5612 3655 5697; baseline -0.009 -10"><span class='ocrx_word' id='word_1_990' title='bbox 2166 5612 2576 5697; x_wconf 42' lang='lat' dir='ltr'><strong>i&#39;ri&#39;iliiii&#39;éi&#39;iii</strong></span> <span class='ocrx_word' id='word_1_991' title='bbox 2606 5612 3322 5692; x_wconf 55' lang='lat' dir='ltr'><strong>2a}ista;sietiang</strong></span> <span class='ocrx_word' id='word_1_992' title='bbox 3344 5612 3655 5694; x_wconf 56' lang='lat' dir='ltr'><strong>VulgaiaJDo-</strong></span> 
     </span>
    </p>
   </div>
   <div class='ocr_carea' id='block_1_129' title="bbox 2165 5704 2884 5774">
    <p class='ocr_par' dir='ltr' id='par_1_129' title="bbox 2165 5704 2884 5774">
     <span class='ocr_line' id='line_1_132' title="bbox 2165 5704 2884 5774; baseline 0.003 -15"><span class='ocrx_word' id='word_1_993' title='bbox 2165 5708 2324 5771; x_wconf 86' lang='lat' dir='ltr'><strong>mine,</strong></span> <span class='ocrx_word' id='word_1_994' title='bbox 2355 5705 2474 5774; x_wconf 80' lang='lat' dir='ltr'><strong>quis</strong></span> <span class='ocrx_word' id='word_1_995' title='bbox 2509 5704 2697 5760; x_wconf 82' lang='lat' dir='ltr'><strong>similis</strong></span> <span class='ocrx_word' id='word_1_996' title='bbox 2745 5705 2884 5761; x_wconf 80' lang='lat' dir='ltr'><strong>tibi?</strong></span> 
     </span>
    </p>
   </div>
  </div>
