3818 6220
199 299 309 357 385

1325 300 1608 356 HOMILIA
1646 297 1712 352 IN
1753 292 2088 352 PSALMUM
2128 293 2366 350 XXXIII.

3342 297 3446 354 386

201 411 436 481 λογικῶν
451 416 653 465 οστεων
677 429 869 482 φυσιν;
900 412 1053 484 Τάχα
1068 415 1113 468 δ’
1130 412 1195 468 ἂν
1220 415 1379 468 τοῦτο
1407 416 1460 484 ἡ.
1484 410 1760 484 Ἐκκλησία

1880 409 1994 474 Iud,
2019 407 2207 462 Omnia
2224 424 2343 462 ossa
2365 423 2480 461 mea
2503 406 2700 471 dicent,
2725 408 3016 462 secundum
3036 408 3445 465 resurrectionis

199 505 379 574 λέγοι,
434 505 528 568 τὺ,
562 502 768 558 Πάντα
799 505 872 559 τὰ
907 505 1060 560 ὀστᾶ
1094 525 1214 574 μου
1260 507 1494 574 ἐροῦσι,
1547 505 1688 558 κατὰ
1719 504 1779 557 τὸ

198 597 299 667 τῆς
327 596 675 658 ἀναστάσεως
705 597 1020 668 μυστήριον.
1065 595 1211 650 Τάδε
1253 596 1394 665 γὰρ,
1432 597 1586 666 φησὶ,
1619 594 1783 663 λέγει

199 689 417 756 Κύριος
452 687 577 753 τοῖς
596 687 831 754 ὀστέοις
857 689 1089 754 τούτοις
1110 706 1123 720 ·
1175 689 1320 743 Ἰδοὺ
1363 688 1477 759 ἐγὼ
1506 688 1662 758 φέρω
1697 689 1786 753 εὶς

195 777 354 848 ὑμᾶς
376 779 487 849 (42)
515 779 752 848 πνεῦμα
771 777 939 848 ζωῆς,
963 781 1062 836 καὶ
1088 779 1260 834 δώσω
1279 781 1371 850 ἐφ’
1394 780 1546 850 ὑμᾶς
1581 780 1784 848 νεῦρα,

194 869 299 923 καὶ
328 868 532 934 ἀνάξω
574 869 666 938 ἐφ’
686 867 868 938 ’ὑμᾶς
909 869 1140 937 σάρκας
1198 870 1308 941 (45)
1329 913 1344 937 ,
1371 870 1468 923 καὶ
1511 868 1784 936 ζήσεσθε,

193 959 300 1012 καὶ
346 958 672 1029 γνώσεσθε,
723 959 815 1012 ὅτι
854 959 968 1028 ἐγώ
1022 962 1141 1028 εἰμι
1183 962 1416 1028 Κύριος.
1467 959 1654 1013 Ταῦτα
1693 954 1789 1011 οὖν

191 1051 262 1104 τά
301 1051 454 1114 ὀστᾶ,
494 1049 838 1104 ἀπολαϐόντα
884 1051 981 1121 τὴν
1027 1051 1199 1121 ζωὴν,
1231 1052 1656 1123 εὐχαριστοῦντα
1702 1048 1782 1121 τῷ

1886 499 2226 569 mysterium.
2262 497 2392 551 Htec
2424 499 2584 562 enim,
2626 497 2819 566 inquit,
2852 497 2980 550 dicit
3023 497 3275 551 Dominus
3314 503 3447 553 ossi-

1880 592 1974 645 bus
2001 589 2119 644 his’
2143 613 2153 644 :
2183 587 2319 643 Ecce
2336 606 2428 658 ego
2459 589 2569 657 fero
2607 589 2662 642 in
2695 605 2782 643 vos
2805 589 3046 656 spiritum
3066 590 3205 652 vita',
3229 598 3277 642 et
3311 590 3445 643 dabo

1879 697 2038 750 super
2077 697 2166 734 vos
2215 696 2420 745 nervos,
2456 687 2507 733 et
2539 681 2785 733 reducam
2834 694 2990 748 super
3029 696 3116 733 uos
3151 695 3354 742 carnes,
3395 691 3443 732 et

1879 773 2079 834 vivett’s,
2109 782 2157 826 et
2187 772 2505 842 cognoscetis
2533 774 2670 840 quod
2703 786 2796 839 ego
2841 787 2957 823 sum
3000 770 3274 824 Dominus.
3322 770 3447 824 Haec

1883 865 2065 934 itaque
2109 878 2256 930 ossa,
2312 873 2586 933 resumpta
2629 863 2762 926 vita,
2805 863 3220 917 resurrectionis
3260 877 3444 916 eorum

1886 955 2093 1010 auctori
2140 957 2340 1023 gratias
2386 955 2769 1024 persolventia,
2802 953 2983 1009 dicent
3017 970 3032 1007 :
3065 952 3309 1018 Domine,
3341 953 3447 1007 Do-

1889 1050 2052 1112 mine,
2079 1049 2194 1119 quis
2226 1047 2415 1101 similis
2448 1046 2585 1101 tibi?

189 1144 585 1214 ἁναστήσαντι,
633 1141 853 1216 ἐροῦσιο
912 1145 1124 1213 Κύριε,
1173 1147 1370 1214 Κύριε,
1440 1147 1532 1212 τίς
1585 1145 1789 1215 ὅμοιός
1826 1157 1925 1197 σοι
1958 1143 2114 1213 (44);

268 1237 356 1291 14.
374 1237 639 1310 Ἀκριῦῶς
671 1238 993 1310 πρόσκειται
1016 1240 1096 1304 τὸ,
1111 1238 1379 1308 Θάνατος
1407 1240 1770 1310 ἁμαρτωλῶν

187 1328 456 1395 πονηρός
475 1345 488 1357 ο
529 1327 660 1381 διότι
686 1329 803 1382 ἐστί
835 1345 920 1394 τις
949 1330 1042 1383 ἐπὶ
1067 1330 1178 1384 τῶν
1203 1331 1426 1386 δικαίων
1459 1332 1686 1396 θάνατος
1707 1334 1768 1386 οὐ

187 1418 429 1488 πονηρὸς
457 1417 554 1491 τὴν
587 1418 770 1488 φύσιν,
800 1418 915 1475 ἁλλ’
950 1421 1170 1490 ἀγαθός.
1205 1423 1267 1475 Oi
1308 1423 1416 1496 γάρ
1461 1424 1769 1478 συναποθα-

185 1509 376 1572 νόντες
411 1508 489 1578 τῷ
520 1509 739 1581 Χριστῷ
781 1512 838 1565 ἐν
871 1511 1062 1582 ἀγαθῷ
1099 1512 1317 1584 θανάτῳ
1354 1514 1644 1582 γεγόνασιο
1675 1515 1770 1569 καὶ

183 1601 240 1652 οἱ
266 1598 629 1664 ἀποθανόντες
656 1603 720 1672 τῇ
754 1603 998 1674 ἁμαρτίᾳ.
1037 1603 1130 1656 τὸν
1152 1605 1354 1674 ἀγαθὸν
1382 1607 1478 1659 καὶ
1504 1607 1768 1680 σωτήριον

185 1690 600 1762 ἀποτεθνήκασι
635 1692 887 1749 θάνατον.
942 1696 1001 1749 '0
1045 1695 1228 1768 μέντοι
1282 1696 1392 1751 τῶν
1432 1699 1770 1770 ἁμαρτωλῶν

185 1782 449 1853 πονηρός.
489 1783 804 1855 Διαδέχεται
836 1784 944 1859 γὰρ
976 1787 1176 1851 αὐτοὺς
1205 1789 1238 1859 ὴ
1270 1787 1381 1859 (45)
1423 1790 1661 1856 κόλασις,
1695 1791 1770 1855 ὡς

185 1872 288 1924 καὶ
308 1872 398 1925 τὸν
427 1873 680 1928 πλούσιον
705 1876 797 1929 τὸν
823 1876 1170 1948 ἐνδεδυμένον
1204 1878 1493 1950 πορφύραν
1521 1883 1615 1933 καὶ
1645 1881 1772 1951 βύσ-

187 1980 307 2026 σον,
339 1965 430 2018 καὶ
472 1966 896 2037 εὐφραινόμενον
937 1967 1061 2021 καθ’
1095 1967 1305 2040 ἡμέραν
1336 1968 1623 2041 λαμπρῶς.
1659 1969 1790 2025 Καὶ’

184 2057 247 2107 οἱ
293 2055 622 2124 μισοῦντες
666 2056 774 2110 τὸν
817 2057 1051 2112 δίκαιον
1095 2059 1663 2128 πλημμελήσωσιν.
1706 2061 1770 2114 Οἳ

186 2146 287 2200 καὶ
321 2146 408 2199 διὰ
431 2147 492 2199 τὸ
518 2149 576 2200 ἐν
609 2148 1008 2219 πλημμελείαις
1042 2150 1141 2221 ζῇν
1177 2150 1394 2222 μισοῦσι
1422 2151 1512 2204 τὸν
1541 2151 1766 2206 δίκαιονο

185 2237 267 2301 ὠς
309 2237 414 2292 ὑπὸ
443 2240 542 2310 τῆς
576 2242 634 2293 ἐν
665 2241 742 2311 τῷ
771 2243 956 2296 κανόνι
999 2241 1314 2314 εὐθύτητος,
1345 2243 1424 2314 τῷ
1452 2244 1639 2317 τρόπῳ
1673 2244 1768 2298 τοῦ

182 2329 434 2396 δικαίου,
486 2330 660 2396 οὕτως
697 2335 853 2387 αὐτοὶ
894 2337 960 2404 τῇ
1009 2336 1307 2406 παραθέσει
1355 2335 1450 2388 τοῦ
1502 2336 1770 2406 βελτίονος

184 2421 558 2492 ἐλεγχόμενοι.
589 2425 699 2476 Καὶ
724 2423 857 2477 διότι
884 2425 942 2478 ἐν
966 2426 1263 2496 ἁμαρτίαις
1289 2425 1443 2489 ζῶσι,
1470 2427 1770 2497 μισητικῶς

181 2510 435 2578 διάγουσι
473 2514 609 2586 πρὸς
651 2515 740 2567 τὸν
772 2515 979 2568 δίκαιον
1027 2515 1178 2586 φόϐῳ
1227 2517 1333 2570 τῶν
1367 2517 1636 2587 ἐλέγχωνο
1677 2519 1770 2572 καὶ

179 2603 325 2656 διότι
351 2605 586 2674 μισοῦσι,
608 2607 769 2661 πάλιν
795 2608 1092 2680 ἁμαρτίαις
1111 2610 1335 2674 ἑαυτοὺς
1360 2610 1766 2681 περιϐάλλουσι.

180 2694 391 2748 Πολλαὶ
425 2698 532 2769 γὰρ
577 2700 634 2751 αἱ
669 2700 974 2770 προφάσεις
1016 2701 1083 2754 δι’
1117 2701 1184 2764 ἃς
1227 2701 1294 2755 ἂν
1329 2701 1582 2774 μισηθείη
1629 2704 1658 2756 ό
1692 2701 1768 2755 δί-

179 2803 377 2850 καιος·
407 2790 441 2859 ἦ
484 2807 544 2842 τε
580 2791 865 2863 παρρησία
896 2794 928 2862 ἡ
964 2794 1024 2845 ἐν
1065 2794 1179 2856 τοῖς
1207 2792 1318 2864 (46)
1352 2793 1620 2863 ἐλέγχοις.
1667 2793 1768 2848 Mt-

182 2877 347 2931 σοῦσι
372 2879 481 2951 γὰρ
509 2881 568 2935 ἐν
597 2881 794 2946 πύλαις
825 2883 1138 2954 ἐλέγχοντα,
1165 2885 1260 2940 καὶ
1289 2885 1444 2954 λόγον
1472 2885 1616 2938 ὅσιον
1650 2885 1770 2956 βδε-

1952 1240 2038 1293 14.
2060 1241 2328 1294 Accurate
2351 1239 2619 1308 adjectum
2646 1245 2730 1293 est
2754 1255 2768 1291 :
2795 1237 2962 1292 Vens.
2983 1237 3074 1290 2%.
3099 1237 3244 1291 Mors
3265 1254 3448 1307 pecca-

1877 1315 2049 1388 torum
2086 1333 2250 1387 mala.
2280 1331 2412 1386 Nam
2445 1341 2528 1386 est
2554 1331 2796 1401 quaedam
2837 1346 2983 1386 mors
3010 1331 3300 1400 justorum,
3343 1347 3446 1384 na-

1878 1432 1998 1478 tura
2027 1439 2130 1478 non
2161 1422 2323 1488 mala,
2354 1423 2446 1478 sed
2475 1422 2634 1477 bona.
2664 1421 2765 1489 Qui
2789 1422 2933 1477 enim
2960 1422 3178 1476 Christo
3205 1433 3449 1476 commo-

1876 1515 2109 1582 riuntur,
2153 1514 2206 1569 in
2243 1514 2385 1571 bona
2419 1519 2592 1568 morte
2639 1525 2960 1580 versantur;
3011 1519 3064 1568 et
3101 1512 3194 1583 qui
3243 1511 3445 1566 mortui

1876 1615 2011 1662 sunt
2049 1615 2294 1677 peccato,
2325 1606 2466 1662 bona
2505 1619 2568 1660 ac
2593 1604 2813 1660 salutari
2859 1614 3031 1661 morte
3059 1605 3257 1660 mortui
3295 1613 3442 1660 sunt.

1873 1699 1945 1752 At
1977 1713 2105 1754 vero
2149 1707 2492 1768 peccatorum
2540 1712 2688 1752 mors
2732 1697 2874 1752 mala
2912 1709 3018 1754 est.
3049 1698 3263 1767 Excipit
3295 1697 3441 1752 enim

1877 1788 1999 1843 illos
2041 1788 2384 1859 supplicium,
2451 1787 2605 1858 juxta
2654 1797 2816 1858 atque
2857 1789 3073 1845 divitem
3108 1804 3344 1860 purpura
3390 1796 3445 1843 et

1875 1881 2036 1951 bysso
2062 1880 2326 1945 indutum,
2355 1887 2410 1934 et
2432 1879 2656 1949 singulis
2688 1879 2877 1935 diebus
2902 1879 3181 1948 splendide
3214 1878 3442 1946 epulan-

1877 1982 1984 2027 tem
2017 1970 2083 2026 ¹⁰.
2113 1971 2181 2025 Et
2204 1973 2297 2042 qui
2323 1973 2543 2048 oderunt
2572 1970 2780 2040 justum
2803 1969 3125 2040 delinquent.
3165 1968 3267 2036 Qui
3299 1971 3442 2038 quod

1877 2065 1929 2120 in
1983 2063 2194 2119 delictis
2243 2063 2450 2130 vivunt,
2496 2061 2621 2117 odio
2675 2062 2876 2117 habent
2919 2059 3191 2128 justum’:
3243 2059 3444 2129 quippe

1877 2154 2117 2210 moribus
2143 2152 2275 2222 justi
2307 2162 2561 2221 tanquam
2606 2149 2805 2220 regulae
2847 2150 3165 2204 rectitudine
3214 2148 3304 2203 isti
3367 2149 3442 2200 ita

1877 2246 2291 2314 red-arguuntur,
2345 2243 2584 2299 melioris
2635 2242 2842 2298 scilicet
2888 2241 3314 2311 comparatione.
3375 2238 3444 2292 Et

1875 2337 2130 2405 quoniam
2177 2336 2231 2389 in
2296 2333 2534 2403 peccatis
2591 2333 2814 2399 vivunt,
2871 2333 2994 2387 odio
3043 2344 3444 2401 prosequuntur

1870 2427 2111 2496 justum,
2144 2437 2362 2496 propter
2407 2425 2840 2494 objurgationum
2889 2425 3136 2478 timorem
3169 2440 3185 2476 :
3222 2433 3276 2478 et
3317 2423 3442 2492 quia

1874 2519 2132 2581 oderunt,
2162 2519 2356 2571 iterum
2385 2530 2505 2570 sese
2528 2517 2763 2584 peccatis
2781 2516 3082 2569 involvunt.
3102 2514 3281 2570 Multas
3297 2513 3442 2570 enim

1875 2617 2000 2662 sunt
2029 2621 2228 2671 causae,
2253 2605 2322 2660 ob
2354 2606 2686 2675 quasjustns
2716 2605 2840 2659 odio
2867 2604 3162 2668 habeatur;
3191 2604 3444 2657 nimirum

1875 2699 1965 2754 illa
2001 2698 2356 2769 redarguendi
2387 2698 2634 2752 libertas.
2673 2695 2809 2750 Odio
2841 2697 2984 2751 enim
3024 2696 3222 2750 habent
3254 2695 3442 2750 redar-

1874 2800 2123 2862 guentem
2151 2791 2205 2845 in
2235 2789 2407 2860 portis
2434 2790 2497 2852 ιι,
2521 2797 2575 2843 et
2600 2804 2908 2845 sermonem
2951 2799 3198 2843 sanctum
3229 2787 3443 2844 abomi-

1873 2893 2073 2938 nantur
2094 2884 2160 2936 ".
2196 2881 2432 2936 Ambitio
2465 2881 2590 2934 item
2619 2881 2818 2949 prioris
2845 2881 2969 2944 loci,
2999 2883 3444 2950 principatusque

178 2968 497 3026 λύσσονται.
551 2973 663 3027 Καὶ
707 2975 741 3044 ή
794 2970 1135 3047 φιλοπρωτία
1183 2976 1242 3029 δὲ
1289 2977 1384 3029 καὶ
1417 2979 1452 3048 ἡ
1509 2977 1760 3049 φιλαρχία

1879 2977 2158 3046 cupiditas,
2208 2976 2500 3029 multorum
2559 2973 2722 3044 158
2777 2974 2899 3027 odia
2937 2974 2988 3026 in
3041 2973 3446 3043 praestantiores

181 3063 420 3128 πολλοὺς
451 3066 700 3137 ἐκίνησεν
729 3070 809 3131 εἰς
829 3068 890 3120 τὸ
919 3072 1097 3139 μισεῖν
1129 3071 1256 3134 τοὺς
1284 3070 1624 3141 κρείττονας·
1657 3071 1770 3125 ἐσθ’

1871 3068 2247 3131 concitarunt;
2290 3081 2678 3136 nonnunquam
2715 3066 2880 3119 etiam
2929 3066 3231 3134 ignorantia
3286 3065 3444 3120 famae

179 3151 280 3203 ὅτε
311 3150 367 3204 δέ
399 3153 493 3205 καὶ
536 3154 727 3222 ἄγνοια
755 3155 849 3208 τοῦ
883 3158 1011 3228 περὶ
1055 3157 1149 3211 τοῦ
1191 3158 1400 3212 δικαίου
1445 3160 1626 3230 λόγου,
1677 3163 1760 3216 κα]

1879 3162 2018 3228 iusti,
2046 3170 2100 3217 et
2130 3162 2250 3231 quis
2278 3160 2567 3230 sitjustus.
2600 3157 2749 3212 Mors
2778 3168 3110 3223 peccatorum
3145 3157 3310 3211 mala.
3337 3157 3447 3212 Aut

179 3242 306 3309 τοῦ,
337 3245 420 3308 τίς
444 3247 473 3298 ὁ
501 3245 706 3311 δίκαιος
738 3247 870 3320 (47).
899 3250 1163 3318 Θάνατος
1198 3252 1561 3320 ἁμαρτωλῶν
1588 3267 1773 3324 πονη-

172 3337 316 3403 ρός.
370 3339 440 3389 Ἦ
486 3339 580 3392 καὶ
622 3340 720 3409 τὴν
766 3339 910 3411 ζωὴν
955 3342 1172 3396 ἅπασαν
1207 3342 1434 3397 θάνατον
1479 3345 1734 3415 ὀνομάζει
1753 3362 1769 3380 ο

181 3425 328 3478 διότι
375 3426 472 3499 τὴν
520 3428 698 3500 σάρκα
743 3430 948 3501 ταύτην
994 3431 1223 3486 θάνατον
1266 3435 1704 3507 προσηγόρευσεν
1742 3439 1799 3491 ό-

199 3517 544 3597 ⁹ῥττόστολος,
585 3519 752 3574 εἰπών
772 3539 786 3552 ⁸
823 3525 918 3590 Τίς
953 3542 1030 3593 με
1046 3525 1301 3593 ῥύσεται
1327 3527 1396 3580 ἐκ
1430 3527 1536 3581 τοῦ
1569 3527 1769 3598 σώμα-

179 3626 295 3676 τος
323 3613 431 3665 τοῦ
466 3613 726 3668 θανάτου
765 3616 1016 3680 τούτου;
1045 3620 1108 3671 Οί
1136 3617 1192 3671 δὲ
1225 3618 1412 3682 κακῶς
1444 3621 1771 3692 κεχρημένοι

181 3701 269 3771 τῷ
296 3701 511 3774 σώματι
534 3704 729 3776 τούτῳ,
764 3707 859 3760 καὶ
887 3707 1067 3779 πάσης
1101 3709 1376 3779 ἁμαρτίας
1403 3703 1535 3764 αὐτὸ
1567 3711 1774 3784 ὑπηρε-

185 3792 316 3845 σίαν
345 3794 656 3866 ποιούμενοι
677 3839 690 3862 ,
722 3799 954 3869 πονηρὸν
980 3801 1192 3863 ἑαυτοῖς
1227 3801 1320 3854 τὸν
1349 3801 1578 3855 θάνατον
1603 3819 1773 3855 κατα-

184 3882 538 3945 σκευάζουσι.
589 3887 967 3954 Λυτρώσεται
1010 3891 1226 3958 Κύριος
1278 3891 1482 3959 ψυχὰς
1533 3891 1768 3946 δούλων

179 3974 400 4038 αὐτοῦ,
433 3976 530 4029 καὶ
569 3980 642 4032 οὐ
677 3979 764 4048 μὴ
808 3982 1314 4052 πλημμελήσουσι
1341 3981 1562 4049 πάντες
1587 3985 1643 4037 οἱ
1669 3983 1768 4036 ἐλ-

181 4060 463 4128 πίζοντες
508 4065 602 4118 ἐπ’
645 4067 805 4133 αὐτῷ
840 4069 974 4141 (48).
1037 4070 1254 4142 Ἐπειδὴ
1306 4071 1617 4142 κατείχοντο
1664 4073 1768 4125 ὑπὸ

179 4157 286 4227 τὴν
315 4158 694 4227 αἰχμαλωσίαν
736 4161 832 4214 τοῦ
865 4163 1060 4233 ἐχθροῦ
1102 4165 1150 4216 oi
1183 4162 1494 4227 κτισθέντες
1533 4163 1642 4234 (49)
1675 4164 1770 4216 ἐπὶ

1868 3255 2032 3309 etiam
2055 3254 2221 3306 vitam
2246 3266 2482 3317 omnem,
2513 3258 2742 3304 mortem
2771 3249 3022 3320 appellat,
3050 3249 3190 3317 quod
3220 3263 3440 3302 carnem

1870 3344 2305 3415 hancApostolus
2345 3353 2572 3398 mortem
2598 3345 2832 3414 vocavit,
2866 3341 3051 3398 dicens
3071 3343 3116 3373 “
3156 3362 3167 3396 :
3207 3340 3337 3407 Quis
3366 3357 3448 3394 me

1871 3435 2112 3490 liberabit
2144 3436 2208 3489 de
2241 3451 2456 3505 corpore
2503 3434 2691 3488 mortis
2729 3435 2935 3502 hujus?
2980 3433 3081 3501 Qui
3124 3442 3303 3489 autem
3339 3433 3444 3488 hoc

1869 3542 2097 3597 corpore
2127 3526 2266 3581 male
2297 3536 2546 3591 utuntur,
2575 3523 2922 3594 emciuntque
2949 3535 3009 3579 ut
3036 3533 3262 3593 peccato
3287 3525 3438 3579 omni

1870 3617 2150 3681 inserviat,
2191 3617 2386 3671 malam
2424 3617 2525 3671 sibi
2563 3624 2789 3670 mortem
2817 3614 3323 3684 praeparant.Vsns.
3349 3615 3442 3669 23.

1869 3706 2101 3761 Redimet
2141 3705 2410 3760 Dominus
2443 3707 2650 3759 animos
2677 3719 2946 3758 seruorum
2980 3720 3221 3771 suorum,
3246 3713 3296 3758 et
3337 3720 3444 3758 non

1869 3797 2165 3867 deiinquent
2197 3813 2372 3851 omnes
2397 3796 2487 3867 qui
2517 3805 2728 3864 sperant
2774 3796 2827 3848 in
2865 3811 2944 3848 eo.
2997 3793 3441 3862 Quandoquidem

1872 3889 1910 3944 ii
1939 3888 2032 3957 qui
2074 3886 2196 3942 ideo
2235 3886 2406 3941 creati
2445 3893 2602 3940 erant
2654 3896 2710 3938 ut
2745 3883 2973 3938 Domino
2999 3883 3300 3947 servirent,
3345 3883 3445 3936 sub

1874 3980 2080 4034 inimici
2110 3979 2372 4034 servitute
2399 3977 2799 4040 detinebantur,
2833 3975 3050 4029 illorum
3079 3975 3290 4028 animas
3320 3989 3445 4043 pre-

1875 4071 2014 4125 tioso
2049 4085 2148 4124 suo
2176 4070 2441 4139 sanguine
2473 4068 2719 4124 redimet.
2755 4068 3092 4134 Quapropter
3141 4065 3318 4120 nullus
3355 4080 3448 4120 eo-

1874 4177 1993 4216 rum
2025 4162 2115 4230 qni
2141 4161 2194 4215 in
2230 4161 2406 4230 ipsum
2439 4169 2679 4228 sperant,
2713 4159 2765 4210 in
2799 4158 3009 4212 delictis
3039 4157 3361 4212 versabitur.

180 4249 264 4319 τῷ
293 4249 564 4304 δουλεύειν
589 4251 668 4322 τῷ
693 4254 900 4324 Κυρίῳ,
929 4255 1132 4308 τούτων
1159 4256 1259 4318 τὰς
1318 4255 1497 4326 ψυχὰς
1558 4255 1890 4328 λυτρὼσεται
1931 4254 2012 4324 τῷ
2072 4253 2238 4325 τιμίῳ
2281 4247 2446 4307 αὐτοῦ
2480 4252 2694 4321 αἵματι.
2735 4251 2826 4303 Διὸ
2894 4249 3068 4312 οὐδεὶς
3101 4252 3158 4304 ἐν
3189 4249 3446 4323 πλημμε-

179 4343 364 4406 λείαις
396 4344 816 4418 ἐξετασθήσεται
853 4347 961 4401 τῶν
994 4348 1321 4412 ἐλπιζόντων
1362 4351 1451 4402 ἐπ’
1479 4349 1663 4404 αὐτόν.

258 4459 280 4490 ⁹
316 4459 516 4526 Ezech.
545 4475 753 4527 xxxv",
781 4461 834 4526 5,
865 4461 918 4516 6.
996 4462 1041 4493 ¹⁰
1081 4461 1213 4516 Luc.
1250 4478 1360 4529 xvr,
1393 4462 1460 4518 19
1561 4463 1601 4495 ¹¹
1643 4462 1748 4520 lsa.

1879 4478 1952 4529 ts,
1982 4459 2072 4514 21.
2115 4461 2156 4492 ¹³
2199 4457 2304 4513 lsa.
2337 4472 2389 4519 v,
2418 4455 2510 4511 24.
2587 4454 2632 4486 ¹³
2671 4454 2828 4508 Rom.
2876 4469 2973 4518 vlt,
3003 4453 3092 4508 24.

396 4575 474 4657 Ita
499 4591 594 4631 sex
613 4590 743 4630 mss.
763 4575 833 4629 At
849 4576 978 4630 editi
1003 4573 1473 4657 (illanXxntpéRw

263 4647 380 4720 (43)
415 4646 506 4720 S_ic
535 4661 720 4720 _tnss._
746 4661 934 4699 novem
988 4646 1244 4720 et_editio
1292 4645 1454 4720 βδεῖ).
1494 4645 1768 4720 ᾼιλειίἱιίο

185 4715 618 4786 Paris._uberius
661 4715 888 4786 σάρκας,
923 4715 1020 4769 καὶ
1045 4715 1248 4769 ἐκτενῶ
1289 4715 1375 4786 ἐφ’
1406 4715 1549 4786 ὑμᾶς
1568 4715 1763 4786 δέρμα,

182 4790 285 4840 καὶ
325 4783 488 4838 δώσω
538 4783 757 4855 πνεῦμά
793 4802 893 4855 μου
931 4787 1010 4848 είς
1043 4787 1189 4856 ὑμᾶς
1211 4801 1224 4835 :
1249 4783 1359 4856 sed:
1392 4783 1502 4850 illa,
1528 4783 1642 4856 atat
1669 4783 1765 4839 ἐκ·

181 4856 354 4919 τενῶ,
387 4865 517 4918 etc.,
548 4854 828 4924 perperam
862 4856 930 4908 ab
968 4854 1160 4909 otiosis
1187 4871 1252 4908 ex
1277 4855 1490 4925 vulgato
1518 4854 1764 4925 Scriptu-

183 4944 266 4982 ra:
293 4934 440 4978 textu
481 4925 660 4978 addita
700 4939 818 4978 esse
845 4926 1190 4977 arbitramur.

264 4996 380 5063 (44)
403 4993 500 5047 llic
519 5010 704 5049 rursus
729 4995 854 5048 editi
873 5003 927 5047 et
946 4993 1098 5048 Colb.
1118 4995 1306 5048 tertius
1320 5009 1442 5048 cum
1464 4993 1629 5050 Coisl.
1647 4994 1762 5047 Κύ-

188 5082 300 5136 ριε,
334 5064 530 5134 Κύριε.
552 5063 770 5136 itursus
793 5078 1008 5136 quoque
1032 5064 1084 5117 in
1109 5064 1230 5136 aliis
1245 5076 1476 5136 quatuor
1494 5079 1624 5136 mss.
1655 5079 1761 5119 vox

182 5133 369 5206 Κύριε
399 5133 564 5206 semel
593 5135 825 5206 ponitur.
857 5133 1057 5206 Ibidem
1075 5133 1242 5206 editio
1260 5133 1430 5206 Paris.
1456 5134 1640 5206 ὅμοιός
1658 5151 1760 5188 σοι.

181 5201 432 5266 Θάνατος
458 5201 796 5274 ἁμαρτωλῶν
826 5203 1078 5274 πονηρός.
1097 5201 1388 5274 Ἀκριϐῶς,
1417 5201 1522 5258 etc.
1546 5204 1650 5274 Sed
1680 5220 1768 5258 se-

182 5287 338 5345 ptem
372 5287 499 5345 mss.
527 5273 587 5345 et
609 5275 772 5345 editio
804 5274 966 5326 Basil.
1004 5274 1098 5338 ita,
1141 5273 1276 5327 utin
1311 5273 1762 5330 coutextu.Colb.

187 5341 388 5400 tertius
412 5341 628 5414 άληθῶς
666 5343 1010 5414 πρόσκειται.

266 5414 380 5484 (45)
410 5413 482 5484 Ita
511 5412 740 5484 quatuor
790 5428 919 5484 mss.
969 5414 1127 5484 Deest
1164 5412 1427 5484 articulus
1466 5412 1520 5468 in
1578 5414 1762 5469 editis.

183 5482 315 5540 Max
349 5483 516 5537 editio
559 5482 737 5554 Paris.
763 5482 1232 5554 πλημμελήσουσι.
1261 5483 1391 5537 Καί.
1427 5485 1498 5536 At
1531 5484 1769 5554 quinque

182 5570 324 5610 mss.
366 5557 462 5615 ita,
494 5553 568 5606 uti
599 5553 889 5607 edidimus.

262 5623 374 5697 (46)
390 5623 466 5697 Ita
495 5623 907 5697 mss.guinque.
933 5622 1375 5697 Εᾱίιίπαῤῥησία
1388 5622 1446 5675 ὲν
1466 5621 1770 5697 τοῖςξδειῇ·

182 5691 334 5764 ptor,
357 5691 624 5764 quisquis
640 5692 757 5750 fuit.
797 5708 918 5764 cum
949 5694 1130 5749 verbis
1153 5691 1412 5764 illisusus
1435 5703 1538 5754 est,
1557 5691 1769 5764 Ἀὶισοῦο

184 5761 244 5816 σι
270 5761 470 5835 γὰρίὲν
499 5779 556 5814 π.
585 5761 664 5813 ἐλ.
698 5763 1000 5830 respexisse
1027 5764 1238 5817 videtur
1274 5764 1340 5818 ad
1366 5763 1466 5818 lsa.
1497 5778 1646 5831 xxix,
1681 5763 1777 5816 2|.-

436 5853 708 5913 PATBOL.
755 5855 875 5914 (in.
927 5853 1168 5916 XXIX.

1490 4577 1575 4647 ἐφ’
1606 4576 1768 4647 ὑμᾶς.
1805 4579 1851 4634 D

1950 4574 2063 4645 (47)
2095 4575 2240 4628 Inter
2271 4567 2948 4645 causas,.ob_quasjnstps
2973 4572 3098 4645 odio
3134 4570 3318 4645 haberi
3353 4588 3446 4627 so—

1879 4639 1972 4705 let,
1991 4639 2507 4710 recenseturdyvowt
2528 4640 2622 4693 τοῦ
2654 4641 2784 4709 περ)¹
2809 4639 2903 4692 τοῦ
2925 4640 3134 4694 δικαίου
3160 4640 3320 4709 λόγου
3353 4646 3449 4698 καὶ¹

1873 4714 1989 4778 τοῦ,
2023 4713 2106 4776 τίς
2125 4715 2154 4765 ό
2181 4712 2410 4773 δίκαιος,
2431 4712 2524 4764 illa
2550 4713 2808 4780 ignoratio
2829 4726 2946 4779 qua:
2965 4715 3029 4764 sit
3047 4712 3276 4780 justitia:
3306 4725 3447 4767 ratio

1871 4795 1918 4838 et
1951 4785 2067 4853 quis
2085 4785 2273 4845 iustus.
2306 4781 2518 4835 ΜΑιιΑιι.

1945 4850 2056 4922 ('48)
2084 4854 2174 4905 Sic
2195 4861 2399 4922 septem
2428 4867 2561 4906 mss.
2588 4850 2660 4905 At
2687 4850 2818 4905 editi
2853 4865 2975 4904 cum
3001 4866 3106 4906 uno
3137 4860 3233 4906 aut
3263 4851 3446 4910 altero

1872 4920 1974 4978 ms.
2007 4920 2094 4975 ἐπ’
2122 4920 2303 4974 αὐτόν.

1943 4992 2055 5116 (492
2075 4991 2315 5056 Utraque
2331 4990 2494 5045 editio
2507 4999 2561 5044 et
2574 4989 2740 5044 Basil.
2759 5002 2814 5049 et
2829 4992 3005 5048 Paris.
3022 4992 3348 5057 coniunctim
3377 4995 3451 5047 ot-

1943 5063 2021 5116 ισθ
2055 5079 2199 5116 ντες.
2230 5059 2387 5115 Unde
2411 5061 2758 5116 interpretes.
2805 5061 3230 5116 Misericordiam
3262 5078 3449 5116 conse-

1864 5059 2199 5124 κτισθέντες.
2230 5059 2387 5115 Unde
2411 5061 2758 5129 interpretes,
2805 5061 3230 5117 Misericordiam
3262 5078 3449 5116 conse-

1863 5135 1994 5190 cuti.
2031 5134 2101 5187 At
2145 5131 2350 5187 Catena
2390 5129 2723 5184 Corderiana
2774 5143 2830 5187 et
2865 5133 3034 5186 nostri
3085 5146 3278 5194 novem
3311 5149 3442 5187 mss.

1865 5203 2154 5271 separatim
2177 5201 2228 5253 οἱ
2257 5199 2591 5263 κτισθέντες,
2626 5199 2730 5264 Qui
2757 5203 2919 5255 creati
2953 5204 3124 5255 erant.
3154 5200 3451 5267 Qumscri-

1865 5282 2022 5342 ptura
2081 5271 2211 5342 quin
2266 5284 2392 5324 vera
2427 5279 2492 5342 et_
2531 5273 2764 5338 genuina
2818 5274 2910 5334 sit,
2963 5287 3124 5324 nemo
3157 5273 3449 5339 dubitabit,

1866 5339 1957 5412 qui
1995 5339 2137 5396 hunc
2166 5339 2342 5394 locum
2374 5340 2533 5412 paulo
2555 5346 2818 5412 attentius
2848 5342 3294 5412 consideraverit.
3314 5343 3448 5412 Mox

1867 5408 2087 5467 codices
2108 5420 2231 5482 octo
2260 5413 2318 5462 ἐν
2345 5408 2769 5480 πλημμελείαις.
2793 5412 2948 5464 Εάἱιὶ
2981 5413 3040 5482 ἐν
3078 5411 3448 5482 πλημμελείᾳ.

1866 5483 2066 5536 Statim
2084 5481 2214 5535 editi
2233 5490 2286 5533 et
2318 5473 2556 5533 nonnum
2586 5495 2713 5532 mss.
2734 5473 2822 5533 ἐπ’
2859 5481 3043 5534 αὐτόν.
3075 5473 3452 5602 Αύτὶξ›ἠδόξα

1866 5556 1960 5602 καὶ
2001 5552 2062 5602 τὸ
2097 5551 2294 5602 κοὰτος
2334 5551 2413 5602 είς
2441 5549 2567 5602 τοὺς
2597 5549 2798 5602 αἰῶνας
2849 5551 2957 5602 τῶν
2991 5549 3222 5602 αίώνων.
3252 5553 3290 5602 ἰ
3322 5554 3450 5602 μήν.

1866 5556 1960 5606 καὶ
2001 5552 2062 5604 τὸ
2097 5551 2294 5623 κράτος
2334 5549 2567 5623 είς-τοὺς
2597 5549 2798 5614 αἰῶνας
2849 5551 2957 5623 τῶν
2991 5549 3222 5605 αἰώνων.
3252 5549 3450 5623 Ἀμήν.

1865 5623 1970 5678 Sed
2005 5618 2296 5690 inmorari?)
2343 5621 2376 5690 ἡ
2411 5618 2560 5685 δόξα,
2597 5629 2729 5684 etc.,
2779 5625 2831 5674 in
2871 5621 3145 5690 aliis.ocm
3172 5618 3449 5676 mssfnun

1869 5695 2143 5759 leguntur.
2176 5689 2287 5744 Nec
2321 5690 2678 5762 dubitoquin
2707 5692 2908 5762 melius
2941 5689 3146 5755 absint,
3181 5702 3236 5744 ut
3271 5693 3452 5762 inepta

1870 5758 1962 5817 illa
1988 5762 2256 5827 repetitio,
2286 5760 2448 5815 αὓτὸν
2474 5758 2644 5828 αὐτῷ,
2672 5760 2893 5815 vitetur.

3085 5853 3158 5912 13
