3818 6220
351 345 455 400 387

805 726 872 783 IN
910 722 1243 783 PSALMUM
1274 721 1464 777 XLIV.

355 866 420 922 In
453 865 625 932 ﬁnem,
655 863 861 934 11707558
895 865 984 934 qui
1029 853 1645 934 immrutabunturLﬁliis
1695 852 1827 907 Core
1864 851 1932 904 ad

648 926 986 996 intellectum,
1019 933 1280 988 canticum
1312 945 1404 999 pro
1436 926 1648 981 dilecto.

429 1047 482 1102 1'.
512 1044 737 1101 Videtur
764 1053 820 1100 et
845 1044 934 1099 hic
976 1043 1217 1114 psalmus
1247 1041 1312 1096 ad
1350 1037 1732 1110 perficiendam
1773 1045 1935 1089 natu-

356 1153 473 1194 ram
499 1140 791 1194 humanam
817 1136 1046 1192 idoneus
1069 1149 1209 1200 esse,
1243 1142 1403 1203 atque
1427 1132 1493 1187 iis
1517 1131 1608 1201 qui
1633 1132 1930 1185 secundum

356 1232 611 1286 virtutem
652 1230 836 1285 vivere
884 1235 1223 1291 statuerunt,
1267 1226 1334 1279 ad
1382 1222 1724 1294 propositum
1774 1221 1935 1302 finem

358 1323 752 1393 assequendum
797 1320 966 1376 utilis.
1019 1318 1155 1374 Nam
1208 1316 1620 1389 proficientibus
1667 1328 1803 1385 opus
1852 1320 1937 1367 est

358 1415 608 1470 doctrina
643 1414 713 1470 ad
739 1411 1153 1485 perfectionem,
1182 1424 1344 1480 quam
1376 1409 1464 1464 hic
1499 1405 1743 1478 psalmus
1777 1401 1936 1459 exhi-

356 1510 471 1573 bet,
501 1505 946 1577 comparandam.
979 1503 1108 1571 Ejus
1139 1509 1319 1556 autem
1350 1497 1633 1570 inscriptio
1663 1497 1776 1551 haec
1809 1503 1893 1550 est
1920 1516 1932 1549 :

358 1598 427 1654 In
464 1598 621 1668 ﬁnem
671 1613 765 1668 pro
811 1596 874 1651 iis
920 1595 1008 1666 qui
1060 1593 1501 1664 immutabuntur.
1548 1588 1714 1644 Tecte
1757 1595 1936 1642 autem

359 1691 513 1756 dixit,
555 1706 651 1758 pro
693 1689 1013 1745 hominibus.
1060 1683 1171 1743 Nos
1219 1684 1388 1750 enim,
1421 1682 1659 1739 maxime
1694 1679 1935 1737 omnium

361 1783 740 1847 rationalium,
785 1782 1143 1838 varietatibus
1194 1794 1258 1834 ac
1301 1777 1693 1833 mutationibus
1747 1774 1937 1831 diebus

360 1874 587 1945 singulis
615 1889 678 1931 ac
706 1872 823 1929 fere
854 1872 1005 1929 horis
1036 1870 1375 1942 subjicimur.
1415 1868 1601 1938 Neque
1637 1866 1781 1923 enim
1815 1881 1939 1923 cor-

360 1981 492 2038 pore
541 1981 717 2037 neque
769 1973 949 2021 mente
998 1964 1160 2020 iidem
1209 1977 1309 2018 nos
1344 1975 1555 2016 sumus.
1593 1957 1698 2014 Sed
1739 1972 1936 2029 corpus

1700 327 1758 384 S.
1798 327 1880 381 BA
1890 325 2044 382 SILII
2082 323 2299 382 MAGNI

3528 311 3632 364 388

2431 709 2538 762 ΕΙΣ
2576 706 2709 760 ΤΟΝ
2763 706 2872 760 ΜΔ¹
2908 703 3238 758 ΨΑΛΜΟΝ.

2032 844 2136 909 Εἰς
2158 843 2226 896 τὸ
2254 842 2427 914 τέλος
2445 881 2458 904 ,
2489 840 2641 914 ὑπὲρ
2682 838 2802 892 τῶν
2829 833 3422 914 Δ(ἄλλοιιιιθηονοεμέίνιιη·
3440 875 3454 896 ,
3505 831 3636 914 τοῖς

2071 906 2224 980 ulch
2244 913 2395 981 Κορὲ
2406 906 2496 976 εὶς
2515 906 2793 976 σύνεσιν,
2810 908 2934 976 ᾠδὴ
2952 907 3104 975 ὑπὲρ
3131 906 3236 960 τοῦ
3257 906 3595 975 ἀγαπητοῦ.

2111 1029 2162 1083 1.
2205 1027 2458 1081 Φαίνεται
2501 1026 2597 1096 μὲν
2633 1025 2727 1078 καὶ
2769 1015 2924 1086 οὗτος
2969 1023 2997 1074 6
3033 1019 3245 1091 ψαλμδς
3282 1018 3635 1080 τελειωτικὸς

2036 1140 2121 1185 τις
2159 1116 2234 1174 ὢν
2266 1121 2366 1192 τῆς
2397 1117 2747 1189 ἀνθρωπίνης
2775 1115 3012 1185 φύσεως,
3059 1113 3152 1167 καὶ
3191 1112 3268 1175 είς
3304 1111 3365 1163 τὸ
3407 1109 3630 1180 προκεί-

2040 1232 2200 1287 μενον
2227 1213 2380 1276 τέλος
2402 1212 2512 1273 τοῖς
2538 1209 2659 1264 κατ’
2688 1208 2892 1281 ἀρετὴν
2919 1206 3068 1278 βιοῦν
3099 1203 3511 1277 προῃρημένοις
3534 1201 3636 1272 τὴν

2037 1307 2306 1378 ὠφέλειαν
2334 1304 2728 1375 παρεχόμενος.
2760 1302 2886 1364 Τοῖς
2927 1299 3036 1370 γὰρ
3063 1299 3433 1369 προκόπτουσι
3466 1294 3638 1366 χρεία

2036 1401 2137 1472 τῆς
2166 1402 2245 1463 είς
2268 1398 2327 1452 τὺ
2355 1395 2707 1466 τελειωθῆναι
2737 1391 3104 1454 διδασκαλίας,
3136 1391 3200 1460 ἣν
3231 1391 3260 1441 6
3289 1388 3505 1458 ψαλμὸς
3545 1379 3640 1437 οἷο-

2036 1511 2127 1557 τος
2155 1493 2480 1564 παρέχεται,
2508 1488 2822 1560 ἐπιγραφὴν
2844 1487 2982 1558 ἔχων
3000 1525 3016 1550 ,
3041 1487 3148 1550 Είς
3173 1482 3236 1536 τὸ
3267 1481 3440 1547 τέλος
3471 1481 3640 1549 ὑπὲρ

2038 1583 2157 1640 τῶν
2208 1577 2808 1651 ἀλλοιωθησομένων.
2866 1575 3283 1649 Κεκρυμμένως
3333 1575 3392 1627 δὲ
3450 1569 3637 1639 εἶπεν,

2037 1677 2190 1747 ὑπὲρ
2218 1676 2336 1731 τῶν
2363 1673 2711 1743 ἀνθρώπων.
2749 1672 2942 1742 Ἡμεῖς
2972 1670 3080 1741 γάρ
3108 1671 3273 1738 ἐσμεν
3302 1667 3349 1718 οἱ
3385 1663 3635 1734 μάλιστα

2038 1770 2258 1824 πάντων
2282 1767 2391 1820 τῶν
2421 1765 2656 1836 λογικῶν
2689 1758 3010 1818 ἀλλοιώσεσί
3043 1777 3102 1813 τε
3135 1760 3229 1813 καὶ
3256 1759 3484 1829 τροπαῖς
3513 1757 3640 1816 ταῖς

2039 1864 2125 1933 ἐφ’
2170 1862 2410 1932 ἑκάστης
2447 1859 2665 1931 ἡμέρας
2707 1859 2800 1911 καὶ
2837 1856 2985 1927 ὥρας
3027 1853 3212 1924 σχεδὸν
3255 1849 3639 1920 ὑποκείμενοι.

2039 1955 2180 2011 Οὑτε
2212 1954 2321 2026 γάρ
2365 1952 2578 2024 σώματι
2616 1950 2740 2004 οὔτε
2780 1948 2972 2020 γνώμῃ
3015 1949 3063 2000 οἱ
3109 1946 3260 1999 αὐτοί
3297 1946 3464 2013 ἐσμεν
3497 1943 3639 1994 ἐαυ-

358 2034 576 2129 quidem
607 2034 852 2114 nostrum
881 2070 1100 2127 semper
1124 2055 1329 2110 ﬂuxum
1361 2068 1424 2109 ac
1452 2050 1798 2122 dissipationi
1839 2048 1938 2105 ob-

2074 2050 2170 2113 οῖς,
2203 2045 2340 2100 ἀλλά
2364 2045 2425 2098 τὸ
2461 2045 2562 2114 μὲν
2592 2042 2753 2114 σῶμα
2786 2041 2965 2114 ἡμῶν,
2992 2039 3080 2094 ἀεὶ
3116 2040 3238 2110 ρἐν
3279 2036 3375 2089 καὶ
3408 2034 3646 2088 σκεδαν-

360 2151 579 2207 noxium
607 2149 662 2206 in
686 2158 837 2206 motu
859 2165 922 2207 ac
939 2148 1242 2206 utatione
1264 2152 1535 2209 versatur,
1561 2152 1653 2199 aut
1675 2157 1741 2199 ex
1771 2155 1938 2212 parvo

361 2241 538 2314 majus
571 2240 793 2309 factum,
830 2248 925 2296 aut
955 2254 1022 2296 ex
1056 2237 1302 2310 perfecto
1334 2236 1402 2292 ad
1439 2235 1705 2290 minorem
1736 2232 1937 2287 molem

361 2342 722 2391 contractum.
757 2330 874 2387 Non
902 2332 1048 2387 enim
1078 2344 1215 2400 puer
1241 2329 1333 2398 qui
1362 2327 1474 2397 jam
1506 2326 1749 2382 scholam
1780 2323 1936 2394 petit,

359 2439 418 2484 et
446 2431 516 2484 ad
541 2437 690 2486 artes
712 2441 777 2482 ac
793 2425 1109 2496 disciplinas
1133 2422 1508 2496 percipiendas
1531 2421 1758 2477 idoneus
1787 2419 1940 2475 inve-

356 2521 529 2585 nitur,
558 2517 697 2573 idem
727 2524 812 2573 est
847 2530 910 2570 ac
939 2515 1032 2570 ille
1073 2515 1164 2583 qui
1205 2527 1377 2584 nuper
1417 2520 1579 2567 natus
1623 2519 1708 2566 est
1737 2507 1935 2566 infans.

361 2611 514 2666 Alius
539 2616 716 2665 autem
746 2621 937 2663 rursus
969 2606 1038 2661 ab
1070 2604 1163 2660 illo
1195 2613 1279 2660 est
1310 2604 1429 2659 sine
1463 2602 1625 2659 dubio
1655 2601 1937 2674 fephebus,

363 2702 454 2770 qui
488 2701 603 2771 jam
657 2698 925 2771 juveniles
971 2696 1394 2754 exercitationes
1440 2695 1680 2766 experiri
1739 2702 1936 2761 potest.

362 2799 538 2864 Atque
565 2793 633 2849 ab
666 2791 875 2862 ephebo
913 2789 1049 2846 alius
1077 2800 1162 2846 est
1203 2789 1306 2852 vir,
1355 2798 1412 2844 et
1441 2787 1698 2842 firmitate
1728 2795 1784 2842 et
1822 2802 1940 2841 ma-

363 2885 643 2959 gnitudine
692 2885 959 2955 corporis,
1006 2891 1062 2938 et
1115 2882 1342 2937 rationis
1382 2878 1740 2950 perfectione.
1802 2877 1939 2933 Cum

363 2988 539 3034 autem
574 2978 642 3032 ad
669 2977 908 3047 vigorem
940 2975 1284 3046 pervenerit,
1337 2981 1497 3044 atque
1524 2971 1704 3027 aetatis
1731 2971 1942 3026 stabili-

363 3078 528 3123 tatem
557 3066 720 3121 fuerit
753 3071 1096 3128 consecutus,
1129 3063 1324 3118 iterum
1363 3059 1623 3129 paulatim
1655 3057 1825 3112 minui
1861 3058 1943 3110 in-

362 3159 516 3229 cipit,
548 3157 822 3212 diilluente
845 3152 1048 3210 sensim
1073 3151 1320 3220 corporis
1351 3149 1520 3221 ipsius
1548 3149 1754 3218 vigore,
1780 3157 1943 3218 atque

363 3250 641 3321 corporeis
671 3247 875 3302 viribus
903 3242 1378 3306 decrescentibus;
1424 3240 1598 3295 donec
1626 3254 1739 3309 prae
1781 3251 1941 3294 sene-

362 3355 512 3399 ctute
542 3344 877 3404 incurvatus,
905 3336 1151 3392 ultimam
1174 3335 1373 3389 virium
1399 3333 1790 3388 detractionem
1816 3345 1938 3402 per-

2038 2141 2291 2212 νύμενον,
2322 2140 2380 2192 ὲν
2406 2137 2620 2207 κινήσει
2643 2135 2762 2188 ἐστὶ
2798 2135 2892 2188 καὶ
2917 2130 3210 2205 μεταϐολῇ,
3236 2129 3269 2200 ἢ
3295 2128 3403 2182 ἀπὸ
3433 2123 3642 2198 μικροῦ

2040 2236 2121 2296 είς
2146 2231 2207 2284 τὺ
2232 2228 2416 2302 μεῖζον
2449 2228 2560 2299 (50)
2592 2228 2910 2297 αὐξόμενον,
2937 2225 2970 2297 ἢ
3013 2223 3120 2277 ἀπὸ
3141 2221 3235 2274 τοῦ
3266 2219 3472 2272 τελείου
3499 2217 3646 2287 πρὸς

2039 2326 2101 2379 τὸ
2133 2323 2351 2377 ἔλαττον
2388 2319 2832 2390 συστελλόμενον.
2865 2319 2939 2371 Οὑ
2979 2317 3087 2387 γὰρ
3130 2318 3159 2367 6
3200 2311 3362 2375 αὑτός
3396 2312 3516 2362 ἐστι
3560 2307 3647 2377 τῷ

2041 2416 2316 2486 ἀρτιγενεῖ
2339 2411 2533 2481 παιδίῳ
2563 2414 2591 2465 ὁ
2619 2411 2698 2474 είς
2727 2407 3096 2462 διδασκαλεῖον
3125 2403 3324 2474 φοιτῶν
3349 2402 3452 2473 ἤδη
3483 2403 3642 2463 παῖς,

2041 2510 2134 2564 καὶ
2153 2507 2297 2580 πρὸς
2330 2506 2431 2570 τὰς
2462 2505 2570 2559 τῶν
2598 2502 2805 2574 τεχνῶν
2832 2501 2927 2554 καὶ
2964 2499 3304 2570 μαθημάτων
3336 2493 3647 2565 ἀναλήψεις

2041 2580 2364 2673 ἐπιτηδείως
2390 2599 2530 2670 ἔχων
2551 2614 2564 2629 ·
2593 2597 2781 2668 ἕτερος
2809 2595 2866 2648 δὲ
2904 2593 3065 2647 πάλιν
3107 2589 3260 2662 παρὰ
3289 2587 3478 2642 τοῦτον
3503 2590 3645 2656 δμο-

2041 2697 2384 2767 λογουμένως
2408 2694 2554 2748 ἐστὶν
2581 2695 2608 2745 6
2633 2689 2854 2760 ἔφηϐος,
2899 2688 3001 2759 ἤδη
3027 2685 3136 2738 τῶν
3163 2682 3426 2736 νεανικῶν
3472 2681 3647 2733 ἄπτε-

2045 2790 2166 2844 σθαι
2187 2788 2504 2859 δυνάμενος.
2533 2785 2644 2838 Καὶ
2672 2781 2824 2854 παρά
2860 2780 2951 2834 τὸν
2995 2778 3198 2849 ἔφηϐον
3239 2779 3268 2829 ὁ
3299 2775 3440 2846 ἀνὴρ
3477 2774 3649 2837 ἄλλος

2041 2882 2124 2946 τίς
2153 2883 2270 2934 ἐστι
2294 2881 2386 2934 καὶ
2416 2877 2736 2950 στερρότητι
2771 2873 2865 2927 καὶ
2891 2871 3109 2943 μεγέθει
3143 2869 3416 2940 σώματος,
3443 2867 3545 2919 καὶ
3576 2869 3644 2936 τῇ

2042 2973 2134 3027 τοῦ
2171 2973 2330 3041 λόγου
2357 2967 2775 3041 συμπληρώσει.
2807 2967 2900 3028 Εἰς
2925 2963 3110 3034 ἀκμὴν
3139 2962 3197 3014 δὲ
3231 2959 3424 3022 ἐλθὼν,
3457 2958 3558 3010 καὶ
3585 2958 3646 3009 τὸ

2045 3068 2308 3137 στάσιμον
2335 3065 2443 3136 τῆς
2461 3062 2681 3134 ἡλικίας
2707 3056 3018 3121 ἀπολαϐὼν,
3049 3055 3211 3110 πάλιν
3237 3055 3468 3124 ἄρχεται
3496 3051 3646 3104 κατά

2045 3159 2243 3232 μικρὸν
2304 3158 2555 3228 ὑφαιρεῖν
2608 3153 2744 3224 πρὸς
2798 3150 2861 3203 τὸ
2933 3149 3194 3212 ἔλαττον,
3258 3142 3646 3215 ὑπορρεούσης

2043 3251 2192 3323 αὑτῷ
2240 3249 2544 3321 λεληθότως
2595 3245 2692 3315 τῆς
2738 3242 2831 3297 τοῦ
2870 3240 3121 3312 σώματος
3166 3237 3354 3304 ἕξεως,
3394 3235 3489 3289 καὶ
3531 3234 3645 3287 τῶν

2045 3342 2373 3415 σωματικῶν
2395 3341 2564 3393 τόνων
2595 3333 3026 3404 ἐλαττουμένων,
3059 3330 3164 3393 ἓως
3197 3331 3285 3407 ἂν,
3320 3327 3648 3398 ὑπδγήρως

362 3435 615 3504 petiatur.
648 3431 757 3487 Nos
789 3445 918 3501 ergo
944 3442 1134 3483 sumus
1159 3426 1250 3496 qui
1283 3433 1592 3491 mutamur;
1619 3438 1683 3478 ac
1715 3437 1813 3477 nos
1842 3421 1936 3476 ho-

2074 3429 2481 3503 ιατακαμφθεὶς,
2523 3427 2620 3499 τὴν
2655 3427 2734 3489 είς
2767 3424 2994 3494 ἔσχατον
3024 3421 3306 3490 δυνάμεως
3347 3417 3647 3487 ὑφαίρεσιν

362 3529 540 3583 mines
569 3540 663 3597 per
692 3525 835 3579 hanc
861 3536 1044 3578 vocem
1073 3521 1162 3575 hic
1184 3516 1423 3589 psalmus
1454 3517 1733 3586 sapienter
1767 3515 1939 3585 signi-

366 3618 566 3672 flcavit.
621 3613 740 3671 Non
788 3613 934 3669 enim
991 3609 1347 3666 mutationem
1397 3609 1692 3664 admittunt
1740 3607 1942 3678 angeli.

363 3709 555 3764 Nullus
579 3707 723 3762 enim
761 3706 903 3760 inter
924 3704 1043 3760 illos
1069 3717 1204 3774 puer
1227 3711 1335 3766 est,
1370 3701 1551 3756 nullus
1581 3698 1898 3756 adolescens
1926 3739 1943 3766 ,

364 3815 532 3857 senex
553 3799 732 3854 nullus
756 3817 771 3854 :
801 3797 894 3853 sed
918 3797 972 3852 in
1000 3810 1106 3866 quo
1136 3805 1282 3849 statu
1309 3796 1376 3848 ab
1405 3793 1562 3847 initio
1599 3793 1768 3847 creati
1795 3800 1942 3857 sunt,

367 3893 422 3947 in
453 3906 518 3946 eo
545 3897 898 3960 permanent;
926 3903 1048 3944 cum
1071 3901 1260 3943 eorum
1293 3884 1596 3942 substantia
1629 3883 1856 3954 simplex
1891 3892 1945 3937 et

365 3982 719 4038 immutabilis
750 3989 1133 4037 conservetur.
1163 3977 1276 4035 Nos
1309 3987 1490 4034 autem
1527 3985 1824 4042 mutamur,
1859 3990 1946 4031 se-

365 4074 600 4128 cundum
621 4086 819 4142 corpus
839 4071 1085 4142 quidem,
1110 4071 1184 4124 uti
1207 4077 1482 4125 ostensum
1508 4077 1622 4131 est;
1647 4068 1940 4122 secundum

367 4163 602 4218 animant
627 4176 757 4217 vero
786 4170 841 4216 et
864 4161 1175 4216 interiorem
1203 4161 1497 4226 hominem,
1527 4157 1686 4229 159
1721 4164 1944 4213 senten-

367 4255 469 4308 tias
485 4268 587 4307 una
604 4266 724 4308 cum
743 4249 1109 4306 accidentibus
1120 4251 1282 4306 rebus
1294 4264 1510 4320 semper
1520 4242 1940 4303 commutemus.

365 4347 468 4401 Alii
501 4359 733 4415 namque
759 4358 944 4400 sumus
969 4344 1098 4399 dum
1124 4343 1389 4408 laetamur,
1421 4341 1712 4410 omniaque
1747 4340 1802 4394 in
1834 4340 1944 4394 vita

365 4437 521 4492 nobis
546 4437 774 4491 feliciter
799 4435 1132 4491 succedunt:
1165 4433 1256 4488 alii
1284 4448 1411 4488 vero
1441 4431 1782 4488 calamitosis
1810 4441 1946 4486 tem-

365 4529 607 4597 poribus,
646 4542 768 4582 cum
803 4529 855 4581 in
891 4526 1099 4596 aliquas
1143 4539 1230 4580 res
1261 4525 1523 4580 adversas
1568 4522 1942 4578 inciderimus.

364 4621 721 4675 lmmutamur
740 4629 794 4675 et
813 4620 866 4674 in
889 4621 992 4687 ira,
1016 4619 1187 4693 ferino
1206 4619 1440 4688 quodam
1460 4625 1605 4673 statu
1640 4626 1940 4686 assumpto.

2048 3522 2339 3594 ὑπομείνῃ.
2391 3521 2583 3590 Ἡμεῖς
2612 3516 2791 3569 τοίνυν
2821 3513 2988 3583 ἐσμὲν
3018 3513 3066 3564 οἱ
3115 3507 3512 3578 ἀλλοιούμενοι,
3553 3505 3650 3557 καὶ

2049 3614 2229 3686 σοφῶς
2248 3614 2397 3685 ἡμᾶς
2421 3612 2548 3674 τοὺς
2576 3604 2899 3678 ἀνθρώπους
2921 3601 3011 3656 διὰ
3035 3602 3133 3672 τῆς
3160 3599 3344 3670 φωνῆς
3371 3597 3587 3666 ταύτης
3619 3597 3649 3647 ὁ

2044 3707 2259 3778 ψαλμὸς
2288 3702 2644 3776 παρῃνίξατο.
2670 3699 2745 3754 Οὑ
2775 3696 2885 3768 γὰρ
2912 3693 3134 3764 ἄγγελοι
3167 3692 3516 3762 ἐπιδέχονται
3544 3690 3647 3759 τὴν

2046 3800 2352 3854 ἀλλοίωσιν.
2390 3796 2578 3858 Οὑδεὶς
2606 3792 2714 3863 γὰρ
2743 3789 2873 3861 παρ’
2903 3787 3132 3849 ἐκείνοις
3163 3787 3312 3847 παῖς,
3353 3781 3481 3834 οὐδὲ
3518 3797 3648 3833 νεα-

2046 3892 2254 3955 νίσκος,
2292 3889 2414 3942 οὑδὲ
2455 3884 2768 3958 πρεσϐύτης
2799 3881 2934 3952 (51),
2978 3879 3094 3933 ἀλλ’
3118 3879 3175 3932 ὲν
3202 3871 3346 3950 ᾗπερ
3374 3873 3437 3940 ἐξ
3463 3874 3649 3943 ἀρχῆς

2047 3982 2376 4052 ἐκτίσθησαν
2414 3976 2767 4039 καταστάσει,
2804 3974 2862 4026 ὲν
2901 3970 3076 4043 ταύτῃ
3108 3965 3478 4038 διαμένουσιν,
3515 3966 3649 4017 ἀκε-

2049 4077 2207 4148 ραίας
2246 4075 2428 4135 αὑτοῖς
2459 4071 2553 4124 καὶ
2594 4067 2869 4139 ἀτρέπτου
2899 4064 2999 4135 τῆς
3040 4060 3349 4122 συστάσεως
3393 4053 3649 4126 σωζομέ-

2046 4147 2165 4239 νης.
2217 4165 2410 4236 Ἡμεῖς
2453 4163 2510 4215 δὲ
2560 4154 2957 4228 ἀλλοιούμεθα,
3009 4153 3148 4206 κατὰ
3204 4150 3302 4220 μὲν
3346 4149 3412 4201 τὸ
3455 4147 3646 4217 σῶμα,

2047 4261 2122 4324 ὡς
2144 4258 2435 4319 δέδεικται,
2463 4252 2604 4307 κατά
2639 4250 2696 4302 δὲ
2727 4249 2825 4319 τὴν
2848 4247 3026 4318 ψυχὴν
3052 4245 3147 4296 καὶ
3173 4242 3265 4294 τὸν
3289 4240 3396 4292 ἔσω
3423 4239 3634 4309 ἄνθρω-

2048 4367 2169 4417 πον,
2217 4352 2328 4412 τοῖς
2370 4345 2457 4399 ἀελ⁹
2504 4341 2909 4414 προσπίπτουσι
2951 4335 3245 4407 πράγμασι
3296 4344 3630 4399 συμμετατι⁴

2047 4442 2230 4504 θέντες
2259 4440 2356 4502 τὰς
2385 4435 2642 4496 διανοίας.
2681 4429 2863 4483 ’Ἄλλοι
2900 4428 2995 4498 μὲν
3026 4427 3136 4496 γάρ
3173 4426 3338 4492 ἐσμεν
3370 4418 3645 4489 εὑθυμού-

2051 4551 2221 4606 μενοι,
2252 4531 2347 4585 καὶ
2372 4528 2590 4582 πάντων
2617 4527 2746 4596 ἡμῖν
2769 4522 2876 4575 τῶν
2907 4519 3049 4574 κατὰ
3075 4518 3165 4570 τὸν
3199 4514 3312 4585 βίον
3333 4511 3480 4566 κατά
3512 4511 3644 4582 ῥοῦν

2048 4624 2346 4696 προϊόντων
2377 4637 2390 4650 ·
2417 4619 2564 4673 ἄλλοι
2603 4617 2659 4670 δὲ
2701 4619 2758 4669 ὲν
2793 4616 2906 4676 τοῖς
2938 4607 3348 4680 περιστατικοῖς
3397 4604 3638 4674 καιροῖς,

363 4711 716 4764 lmmutamur
766 4719 823 4765 et
869 4709 925 4764 in
969 4710 1465 4780 concupiscentiis,
1509 4707 1684 4763 brutis
1738 4708 1938 4762 similes

2078 4716 2268 4770 πειδάν
2307 4731 2413 4767 τινι
2454 4711 2561 4763 τῶν
2602 4706 2916 4777 ἀϐουλήτων
2969 4699 3460 4773 προσπταίσωμεν.
3522 4694 3643 4747 Ἀλ-

359 4803 556 4870 effecti,
591 4818 689 4875 per
717 4804 840 4859 vitae
868 4803 1167 4859 libidinem.
1193 4801 1328 4872 Equi
1355 4801 1408 4856 in
1437 4800 1671 4856 feminas
1697 4801 1938 4856 furentes

2077 4805 2332 4878 οιούμεθα
2363 4803 2420 4857 δὲ
2447 4802 2542 4855 καὶ
2581 4799 2721 4852 κατὰ
2746 4797 2845 4859 τὰς
2878 4793 3069 4868 ὀργὰς,
3105 4788 3346 4860 θηριώδη
3377 4787 3503 4841 τινὰ.
3538 4804 3637 4840 και

359 4899 490 4956 Ῑειεῑί
543 4907 671 4954 sum
730 4897 796 4963 Ῐίι
846 4898 938 4968 (ιυί
982 4910 1168 4951 amore
1215 4909 1445 4948 υκοτυῐη
1493 4893 1730 4964 Ρτοῖῖηιῖ
1792 4894 1981 4948 Ῐηε³·⁹
2043 4904 2306 4957 τάστασιν
2355 4892 2850 4968 ἀναλαμϐάνοντες.
2905 4882 3293 4955 ’Δλλοιούμεθα
3343 4881 3444 4933 καὶ
3496 4879 3638 4932 κατὰ

362 4996 515 5048 niunt
541 4993 606 5047 ιέ.
657 4991 724 5046 Et
763 4990 982 5046 dolosus
1025 4990 1240 5059 quidem
1272 4988 1416 5059 vulpi
1445 4996 1827 5055 comparatur,
1865 4985 1938 5041 uti

2079 4994 2144 5057 ἀς
2195 4988 2511 5059 ἐπιθυμίας,
2567 4982 2858 5055 κτηνώδεις
2901 4978 3178 5049 γινόμενοι
3229 4973 3318 5027 διὰ
3359 4970 3461 5026 τοῦ
3515 4971 3638 5024 καθ’

365 5085 603 5142 Herodes
629 5083 672 5117 ⁸⁵
699 5101 712 5138 :
752 5083 1034 5149 impudens
1056 5097 1187 5137 vero
1213 5083 1366 5136 canis
1396 5089 1642 5141 vocatur,
1678 5090 1736 5134 ut
1767 5078 1936 5134 Nabal

357 5173 657 5231 Carmelius
702 5173 766 5226 “.
820 5171 986 5250 Vides
1037 5172 1354 5226 varietatem
1407 5186 1471 5225 ac
1530 5171 1937 5226 immutationis

359 5279 556 5323 nostra:
584 5264 995 5322 diversitatem?
1026 5263 1304 5317 Admirare
1333 5264 1492 5334 igitur
1517 5279 1638 5317 eum
1670 5264 1761 5330 qui
1797 5278 1941 5317 com-

360 5361 517 5415 mode
562 5358 1054 5424 convenienterque
1110 5356 1248 5409 hanc
1301 5356 1457 5410 nobis
1513 5355 1933 5427 appellationem

357 5448 582 5520 aptavit.

2044 5082 2237 5155 ἡδονὴν
2270 5079 2403 5150 βίου.
2443 5078 2630 5129 Ἵπποι
2661 5073 2992 5144 θηλυμανεῖς
3037 5066 3381 5137 ἐγενήθησαν
3430 5065 3481 5117 οἱ
3519 5066 3637 5125 ταῖς

2045 5172 2261 5244 γυναιξὶ
2287 5170 2396 5224 τῶν
2429 5167 2655 5239 πλησίον
2687 5162 3120 5234 ὲπιμαινόμενοι.
3150 5158 3262 5212 Καὶ
3290 5159 3318 5209 6
3355 5155 3458 5226 μὲν
3491 5155 3638 5209 δολε-

2054 5268 2146 5341 ρὸς
2177 5264 2420 5320 ἀλώπεκι
2454 5256 2866 5334 παρεικάζεται,
2899 5255 2974 5318 ὡς
3016 5251 3263 5322 Ἡρώδης
3283 5267 3296 5279 ·
3328 5251 3356 5302 6
3398 5248 3460 5301 δὲ
3493 5249 3641 5302 ἀναι-

2050 5340 2145 5432 δὴς
2182 5358 2328 5411 κύων
2372 5350 2863 5426 προσαγορεύεται,
2902 5347 2979 5409 ὡς
3009 5343 3201 5398 Νάϐαλ
3229 5344 3257 5394 6
3289 5340 3636 5412 Καρμήλιος,

2066 5454 2226 5524 Ὁρᾷς
2271 5450 2334 5502 τὸ
2378 5447 2620 5500 ποικίλον
2674 5443 2768 5496 καὶ
2818 5438 3098 5500 πολυειδὲς
3153 5437 3251 5508 τῆς
3300 5432 3640 5496 ἀλλοιώσεως

355 5544 514 5617 ἡμῶν
539 5563 557 5612 ;
593 5545 884 5616 Θαύμασον
907 5539 1000 5598 οὖν
1028 5544 1119 5596 τὸν
1158 5545 1482 5616 προσφόρως
1520 5547 1619 5617 τὴν
1661 5552 2031 5623 προσηγορίαν
2057 5549 2261 5617 ταύτην
2290 5546 2423 5614 ἡμῖν
2454 5539 2869 5612 ὲφαρμόσαντα.

429 5682 477 5714 ¹⁶
516 5682 628 5738 Jer.
677 5697 730 5746 v,
775 5681 830 5738 8.
909 5682 951 5711 ”
991 5679 1124 5734 Luc.
1176 5696 1296 5746 xm,
1339 5680 1429 5735 ⁸52.
1509 5682 1552 5712 ¹⁶
1591 5681 1610 5734 l
1652 5682 1786 5754 Reg.
1837 5700 1938 5738 xxv

2107 5701 2213 5753 seq.
2251 5677 2428 5734 LXX.

427 5795 545 5874 550)
582 5792 713 5874 ᾖσε.
741 5802 966 5874 quartus
993 5802 1048 5874 et
1067 5793 1221 5874 _Colh.
1253 5797 1602 5874 εθκῑιιεηπρδς
1633 5797 1693 5848 τὸ
1728 5799 1930 5874 μεῖζον.

354 5862 561 5918 Ibidem
591 5861 724 5931 Reg.
771 5864 958 5919 tertius
990 5862 1372 5934 αὐξανόμενον.
1435 5861 1632 5922 Statim
1679 5861 1920 5940 qdimiue

2043 5812 2172 5868 mss.
2209 5794 2363 5868 πρὸς
2380 5794 2438 5848 τὸ
2473 5793 2718 5868 ἔλαττον.

2033 5933 2053 5942 _
2106 5867 2220 5939 (51)
2253 5858 2408 5923 Colb.
2433 5865 2643 5936 primus
2672 5858 3065 5932 πρεσϐύτερος.
