3818 6220
166 323 272 392 389

1205 385 1208 389 .
1281 343 1566 400 HOMlLlA
1606 343 1674 399 IN
1712 344 2043 400 PSALMUM
2083 334 2269 394 XLIV.

3307 356 3413 413 590

236 448 292 502 2.
333 447 531 520 Διόπερ
561 450 708 504 δοκεῖ
749 453 838 523 μοί
865 470 950 516 τις
981 455 1088 510 τῶν
1117 456 1468 530 ἐρμηνευτων
1506 462 1620 533 (52)
1648 480 1729 517 καε

1920 460 1976 515 2.
2018 460 2196 528 Quare
2231 460 2445 516 videtur
2483 462 2615 518 mihi
2659 464 2876 535 quidam
2905 466 3170 537 interpres
3192 469 3331 526 belle
3359 479 3412 526 et

164 540 274 604 λῶς
317 541 412 593 καὶ
457 540 762 607 εὐθυϐόλως
807 544 904 615 τὴν
952 547 1122 618 αὐτὴν
1155 549 1394 604 διάνοιαν
1437 553 1504 605 δι’
1554 553 1747 625 ἑτέρας

165 632 539 704 προσηγορίας
572 634 925 690 ἐκδεδωκέναι
943 679 958 702 ,
988 640 1107 694 ἀντὶ
1132 641 1247 707 τοῦ,
1288 645 1466 713 ’Υπὲρ
1495 644 1616 700 τῶν
1638 648 1748 701 ἀλ-

163 724 692 794 λοιωθησομένων,
726 727 893 782 εἰπὼν
924 730 1103 796 αὐτὸς,
1151 734 1330 803 ’Υπὲρ
1355 735 1473 788 τῶν
1503 736 1741 806 κρίνων.

163 813 242 878 Τὸ
272 816 561 888 ὠκύμορον
590 819 698 870 τῶν
724 820 931 874 ἀνθέων
960 823 1072 893 (55)
1101 823 1249 891 ἄξιον
1278 827 1495 897 ἐνόμισε
1528 830 1746 899 συγκρί-

163 907 446 980 νεσθαιτῷ
481 912 729 983 ἐπικήρῳ
747 915 846 984 τῆς
876 915 1222 988 ἀνθρωπίνης
1255 920 1489 988 φύσεως.
1526 919 1743 992 Ἐπειδὴ

161 996 220 1048 δὲ
249 999 330 1060 είς
357 998 446 1051 τὸν
478 999 739 1070 μέλλοντα
767 1004 956 1074 χρόνον
987 1007 1299 1075 ἐγκέκλιται
1327 1012 1358 1080 ἡ
1394 1010 1546 1082 φωνὴ
1579 1009 1744 1082 (εἴρη-

160 1103 252 1140 ται
283 1088 395 1160 γὰρ
438 1089 617 1159 ’Υπὲρ
646 1091 764 1146 τῶν
791 1095 1382 1169 ἀλλοιωθησομένων,
1407 1083 1480 1165 ὥς
1515 1097 1742 1173 ὕστερόν

162 1197 295 1234 ποτε
324 1182 424 1252 τῆς
457 1181 793 1250 ἀλλοιώσεως
834 1187 1036 1259 ταύτης
1082 1192 1514 1264 ἀναφαινομένης
1546 1195 1738 1269 ἡμῖν),

161 1271 587 1344 ἐπισκεψώμεθα
613 1279 820 1346 μήποτε
842 1276 1053 1350 τόνετῆς
1075 1282 1420 1348 ἀναστάσεως
1445 1286 1576 1355 ἡμῖν
1604 1303 1742 1356 παρ·

161 1363 468 1416 αινίσσεται
515 1365 692 1434 λόγον,
733 1369 791 1420 ἐν
887 1371 918 1440 ἡ
950 1370 1234 1437 ἀλλοίωσις
1262 1377 1394 1446 ἡμῖν
1418 1375 1736 1448 δοθήσεται·

160 1455 448 1522 ἀλλοίωσις
469 1458 525 1511 δὲ
554 1459 647 1512 ἐπὶ
673 1461 735 1513 τὸ
767 1460 972 1530 βέλτιον
1013 1466 1106 1518 καὶ
1135 1470 1523 1539 πνευματικόν.
1567 1473 1740 1526 Σπεί-

151 1564 325 1614 petat
355 1549 486 1617 γὰρ,
531 1551 714 1621 φησὶν,
753 1553 822 1606 ἐν
848 1554 1058 1623 φθορᾷ,
1097 1557 1381 1628 ἐγείρεται
1409 1562 1477 1615 ἐν
1519 1563 1739 1633 ἀφθαρ-

159 1640 290 1706 σίᾳ.
334 1639 496 1711 Ὁρᾷς
523 1641 621 1715 τὴν
649 1644 969 1713 ἀλλοίωσιν;
1003 1650 1310 1718 Σπείρεται
1341 1653 1410 1706 ἐν
1433 1653 1734 1723 ἀσθενείᾳ,

158 1731 447 1799 ἐγείρεται
482 1734 553 1788 ἐν
591 1735 862 1806 δυνάμει.
897 1741 1207 1809 Σπείρεται
1249 1743 1420 1813 σῶμα
1452 1749 1732 1817 ψυχικόν,

1847 552 2091 621 apposite
2129 551 2372 608 eamdem
2422 556 2742 610 sententiam
2787 557 2906 613 aliis
2955 562 3137 617 verbis
3186 576 3412 632 expres-

1847 642 2016 709 sisse,
2055 645 2179 699 dum
2229 644 2348 701 loco
2395 643 2501 700 Pro
2531 647 2596 702 iis
2623 650 2712 718 qui
2737 651 3151 707 immutabuntur
3180 670 3199 708 :
3241 657 3409 721 dicit,

1846 733 1954 787 Pro
1986 735 2134 790 liliis.
2173 732 2388 791 Florem
2439 738 2688 796 videlicet
2717 743 2824 797 cito
2868 755 3294 802 marcescentem
3326 749 3409 802 di-

1845 841 2006 893 gnum
2047 830 2274 896 putavit,
2309 830 2399 898 qui
2433 838 2640 886 natura:
2673 831 2922 888 humanae
2957 833 3235 906 fragilitati
3264 853 3411 893 com-

1843 929 2144 986 pararetur.
2197 918 2465 983 Quoniam
2517 931 2693 976 autem
2740 924 2855 980 haec
2896 941 3002 981 vox
3050 930 3118 983 ad
3169 929 3410 984 futurum

1845 1015 2057 1077 tempus
2111 1008 2405 1064 inﬂectitur
2445 1011 2690 1081 (dictum
2730 1025 2814 1070 est
2860 1017 3004 1072 enim
3046 1015 3156 1072 Pro
3193 1021 3275 1076 his
3321 1023 3414 1092 qui

1842 1096 2282 1164 immutabuntur,
2357 1109 2612 1170 tanquam
2678 1104 2732 1158 in
2792 1116 3065 1174 posterum
3120 1109 3412 1180 aliquando

1845 1188 2070 1244 mutatio
2109 1190 2294 1246 isthmc
2326 1192 2486 1248 nobis
2521 1194 2845 1251 declaranda
2885 1199 2998 1268 sit)
3039 1218 3053 1254 :
3095 1203 3408 1257 considere-

1842 1293 1961 1333 mus
1991 1295 2116 1333 num
2148 1284 2563 1339 resurrectionis
2588 1286 2890 1341 doctrinam
2917 1289 3074 1345 nobis
3104 1290 3322 1355 indicet,
3356 1295 3407 1345 in

1840 1384 1944 1438 qua
1991 1373 2217 1428 mutatio
2267 1375 2424 1430 nobis
2472 1377 2722 1443 dabitur;
2770 1378 3074 1434 immutatio
3121 1391 3300 1436 autem
3353 1383 3409 1437 in

1839 1460 2038 1529 aliquid
2067 1463 2256 1520 melius
2288 1475 2450 1534 atque
2482 1467 2782 1538 spirituale.
2815 1468 2958 1524 Nam
2986 1473 3296 1537 seminatur,
3329 1476 3411 1529 in-

1839 1553 1955 1621 quit
1981 1551 2047 1619 ⁸⁷,
2086 1556 2504 1626 incorruptione,
2540 1561 2770 1630 resurgit
2793 1561 2847 1615 in
2885 1562 3406 1629 incorruptibilitatc.

1838 1642 2106 1713 Perspicis
2139 1647 2488 1702 mutationem
2511 1650 2534 1703 ?
2552 1648 2868 1718 ,Seminatur
2890 1653 2946 1707 in
2970 1654 3298 1721 inﬁrmitate,
3328 1672 3410 1710 re-

1838 1734 2004 1803 surgit
2022 1735 2078 1788 in
2093 1738 2344 1804 potentia.
2365 1737 2672 1793 Seminatur
2695 1755 2881 1812 corpus
2906 1744 3156 1810 animale,
3182 1748 3409 1815 resurgit

159 1825 446 1894 ὲγείρεται
475 1828 648 1898 σῶμα
680 1837 1113 1900 πνευματικόνο
1161 1837 1248 1888 ὅτε
1297 1837 1391 1889 καὶ
1431 1839 1579 1890 πᾶσα
1608 1839 1729 1908 ἡμῖν

1839 1838 2026 1892 corpus
2076 1827 2349 1893 spirituale
2390 1829 2464 1894 ‘8;
2510 1845 2618 1900 quo
2665 1840 2905 1901 tempore
2943 1835 3106 1889 etiam
3148 1850 3408 1905 corporea

160 1919 196 1987 ἡ
248 1919 530 1990 σωματικὴ
571 1922 750 1986 κτίσις
788 1923 1209 1982 συναλλοιοῦται.
1254 1929 1363 1981 Καὶ
1405 1928 1514 1998 γὰρ
1551 1931 1644 1982 καὶ
1672 1933 1738 1983 Οἱ

157 2011 405 2077 οὐρανοὶ
444 2013 525 2078 ὡς
574 2013 806 2083 ἱμάτιον
857 2019 1400 2085 παλαιωθήσονται,
1452 2020 1551 2074 καί
1595 2021 1738 2074 ὡσεὶ

159 2104 542 2170 περιϐόλαιον
571 2107 825 2172 ἀλλάξει
853 2109 962 2180 (54)
989 2111 1212 2178 αὐτοὺς
1245 2116 1277 2166 ό
1304 2114 1468 2178 Θεὸς,
1505 2113 1601 2166 καὶ
1629 2114 1737 2167 ἀλ-

159 2195 552 2264 λαγήσονται.
601 2199 733 2254 Τότε
777 2202 870 2255 καὶ
915 2203 944 2254 ό
981 2203 1132 2274 ἥλιος
1159 2203 1311 2256 ἔσται
1352 2204 1736 2258 ἐπταπλασίων

158 2289 381 2356 ἑαυτοῦ,
413 2289 556 2343 κατά
585 2291 675 2344 τὸν
712 2293 961 2359 Ἡσαΐαν,
987 2295 1080 2348 καὶ
1109 2298 1141 2367 ἡ
1173 2296 1367 2367 σελήνη
1393 2295 1534 2349 κατὰ
1559 2297 1618 2349 τὸ
1641 2296 1734 2350 νῦν

158 2381 406 2451 ὑπάρχον
451 2381 680 2452 μέγεθος
704 2383 796 2436 τοῦ
825 2385 998 2456 ἡλίου.
1039 2386 1254 2456 Ἐπειδὴ
1284 2386 1339 2439 δὲ
1373 2387 1433 2438 οὐ
1477 2387 1612 2439 πᾶσι
1639 2385 1732 2454 γέ-

156 2490 400 2544 γραπται
433 2474 502 2528 τὰ
545 2475 700 2544 λόγια
725 2476 819 2530 τοῦ
857 2477 991 2530 Θεοῦ
1013 2519 1027 2542 ,
1059 2478 1196 2532 ἀλλά
1222 2482 1334 2541 τοῖς
1364 2478 1578 2548 ἔχουσιν
1620 2472 1734 2532 ὦτα

157 2564 301 2617 κατὰ
337 2565 427 2617 τὸν
475 2566 585 2619 ἔσω
630 2567 934 2639 ἄνθρωπον,
990 2570 1119 2636 Τοῖς
1153 2571 1733 2640 ἀλλοιωθησομένοις

155 2653 489 2724 ἐπέγραψεν·
515 2656 590 2718 ὡς
611 2651 785 2726 οἶμαι,
799 2659 910 2720 τοῖς
932 2659 1136 2711 ἑαυτῶν
1154 2659 1572 2730 ἐπιμελομένοις
1597 2660 1730 2732 (55),

157 2742 258 2793 καὶ
283 2740 369 2794 ἀεὶ
391 2742 478 2796 διὰ
505 2743 616 2796 τῶν
639 2747 956 2816 γυμνασίων
977 2747 1078 2816 τῆς
1099 2747 1380 2812 εὐσεϐείας
1405 2750 1497 2802 ἐπὶ
1523 2750 1582 2803 τὸ
1611 2753 1730 2820 μεῖ-

155 2832 253 2896 ζον
278 2834 694 2905 προκόπτουσιν.
714 2837 860 2909 Αὕτη
879 2839 985 2909 γάρ
1001 2841 1196 2910 ἐστινὴ
1224 2841 1484 2913 καλλίστη
1515 2841 1734 2896 ἀλλοίω-

156 2940 267 2989 σις,
312 2926 376 2994 ἢν
427 2927 458 2996 ἡ
510 2925 660 2990 δεξιὰ
703 2926 987 2999 χαρίζεται
1035 2929 1129 2984 τοῦ
1181 2931 1470 3000 ’Υψίστουο
1525 2925 1594 3004 ἦς
1638 2926 1734 2986 καὶ

152 3015 187 3065 ὁ
225 3015 488 3086 μακάριος
531 3016 697 3072 Δαὸὶδ
742 3020 1027 3091 ἐπῄσθετο,
1073 3025 1197 3088 ὅτε,
1245 3024 1581 3096 γευσάμενος
1623 3026 1732 3078 τῶν

154 3106 340 3160 καλῶν
382 3109 480 3180 τῆς
509 3110 738 3182 ἀρετῆς,
783 3116 893 3177 τοῖς
939 3113 1244 3187 ἔμπροσθεν
1294 3117 1618 3184 ἐπεξέτεινε.
1667 3118 1731 3172 Τί

152 3199 268 3272 γάρ
301 3218 465 3273 φησι;
514 3206 623 3259 Καὶ
650 3203 820 3260 εἶπα·
865 3210 994 3265 Νῦν
1020 3211 1326 3281 ἠρξάμην·
1363 3213 1514 3282 αὕτη
1545 3211 1584 3281 ἠ
1621 3213 1728 3268 ἀλ-

150 3291 400 3358 λοίωσις
429 3293 541 3362 τῆς
573 3296 776 3364 δεξιᾶς
803 3299 909 3354 τοῦ
952 3301 1252 3368 Ὑψίστου.
1289 3303 1450 3356 Ὥστε
1479 3305 1508 3356 ό
1535 3303 1733 3375 προκό-

152 3391 310 3428 πτων
341 3379 422 3441 είς
451 3380 648 3451 ἀρετὴν
675 3382 774 3434 οὐκ
821 3383 967 3437 ἔστιν
996 3387 1084 3438 ὅτε
1112 3387 1210 3440 οὐκ
1246 3387 1572 3442 ἀλλοιοῦται.
1602 3389 1733 3443 Ὅτε

151 3467 264 3536 γὰρ
285 3465 468 3536 ἤμην,
493 3471 646 3540 φησὶ,
665 3471 900 3541 νήπιος,
923 3475 1188 3532 ἐλάλουν
1205 3479 1284 3545 ὡς
1310 3479 1548 3550 νήπιος,
1569 3482 1737 3550 ἐφρό-

152 3571 305 3609 νουν
338 3556 418 3623 ὼς
449 3558 685 3627 νήπιος,
715 3562 1061 3634 ἐλογιζόμην
1084 3566 1166 3632 ὡς
1206 3567 1444 3636 νήπιος.
1495 3569 1632 3624 Ὅτε
1667 3571 1735 3624 δὲ

150 3645 368 3716 γέγονα
387 3650 564 3719 ἀνὴρ,
588 3654 929 3725 κατήργηκα
947 3659 1018 3712 τὰ
1041 3658 1148 3712 τοῦ
1169 3661 1410 3728 νηπίου.
1432 3662 1542 3716 Καὶ
1564 3664 1727 3717 πάλιν

150 3739 441 3810 γενόμενος
469 3743 627 3816 ἀνὴρ,
665 3748 764 3817 οὐχ
795 3747 976 3803 ἵστατο
1003 3749 1110 3820 (56)
1138 3754 1238 3823 τῆς
1263 3755 1563 3826 ἐνεργείας,
1591 3756 1728 3810 ἀλλά

155 3830 281 3886 Τῶν
317 3833 566 3889 ὄπισθεν
601 3838 1145 3912 ἐπιλανθανόμενος
1167 3882 1182 3909 ,
1221 3846 1320 3900 καὶ
1356 3848 1480 3906 τοῖς
1511 3849 1727 3918 ἐμπρο-

147 3926 302 3976 σθεν
352 3925 864 3999 ἐπεκτεινόμενος,
899 3935 1048 3989 κατὰ
1079 3937 1314 3991 σκοπὸν
1360 3941 1582 3995 ἐδίωκεν
1626 3944 1725 3997 ἐπὶ

147 4013 216 4066 τὸ
240 4013 526 4084 βραϐεῖον
548 4019 657 4089 τῆς
679 4022 800 4076 ἄνω
827 4025 1120 4094 κλήσεως.
1165 4029 1471 4095 Ἀλλοίωσις
1495 4029 1586 4086 οὖν
1609 4035 1724 4088 ἐστι

146 4104 242 4157 τοῦ
273 4104 380 4159 ἔσω
403 4107 689 4179 ἀνθρώπου
720 4115 1178 4187 ἀνακαινουμένου
1201 4119 1383 4191 ἡμέρᾳ
1406 4122 1500 4175 καὶ
1519 4123 1722 4196 ἡμέρᾳ.

158 4194 312 4249 Ἐπεὶ
332 4193 424 4250 οὖν
455 4199 816 4270 ἀπαγγέλλειν
841 4208 974 4277 ἡμῖν
1007 4208 1186 4278 μέλλει
1214 4210 1283 4264 τὰ
1307 4214 1435 4283 περὶ
1463 4214 1557 4268 τοῦ
1591 4193 1727 4284 ἀγα-

1839 1917 2020 1971 omnis
2065 1928 2314 1974 creatura
2350 1922 2630 1978 nobiscum
2671 1925 3067 1980 immutabitur.
3112 1927 3407 1984 Enimvero

1836 2006 1965 2062 Caeli
1994 2024 2210 2080 quoque
2255 2013 2388 2067 sicut
2424 2016 2786 2071 vestimentum
2820 2028 3156 2085 veterascent,
3191 2032 3240 2075 ct
3271 2016 3406 2076 sicu‘

1833 2101 2152 2168 opertorium
2180 2105 2402 2158 mutabit
2425 2122 2512 2160 eos
2530 2105 2693 2175 Deus,
2718 2116 2762 2163 et
2790 2110 3137 2165 mutabuntur
3155 2112 3220 2166 ι’.
3253 2113 3408 2168 Tunc

1834 2199 1891 2244 et
1917 2191 1995 2245 sol
2019 2194 2262 2263 septuplo
2285 2197 2456 2263 major
2481 2212 2540 2253 se
2563 2199 2678 2269 ipso
2701 2201 2826 2266 erit,
2849 2203 3144 2256 secundum
3175 2204 3403 2272 Isaiam;

1834 2292 1886 2337 et
1915 2285 2018 2338 erit
2047 2285 2186 2342 lunae
2210 2290 2544 2360 magnitudo,
2575 2308 2692 2362 quae
2712 2309 2855 2349 nunc
2881 2295 3010 2350 solis
3033 2297 3101 2350 ὀ.
3134 2297 3401 2363 Quoniam

1835 2383 2012 2430 autem
2048 2393 2154 2433 non
2195 2383 2447 2437 omnibus
2483 2382 2696 2454 eloquia
2742 2385 2836 2440 Dei
2875 2387 3074 2457 scripta
3113 2401 3272 2454 sunt,
3311 2392 3407 2444 sed

1835 2465 2161 2525 habentibus
2208 2487 2370 2528 aures
2419 2476 2714 2530 secundum
2746 2478 3058 2533 interiorem
3106 2479 3405 2546 hominem,

1835 2557 2239 2628 inscriptionem
2267 2564 2470 2633 posuit,
2499 2564 2609 2620 Pro
2639 2568 2705 2620 iis
2734 2569 2825 2637 qui
2846 2569 3293 2638 immutabuntur;
3325 2575 3408 2626 ni-

1835 2648 2056 2715 mirum,
2093 2660 2151 2704 ut
2190 2653 2448 2720 arbitror,
2479 2670 2576 2724 pro
2615 2656 2682 2711 iis
2709 2658 2799 2727 qui
2832 2659 2912 2712 sui
2951 2659 3192 2727 ipsorum
3220 2678 3405 2717 curam

1833 2750 2046 2810 gerunt,
2094 2744 2294 2813 quique
2328 2760 2421 2815 per
2447 2748 2708 2802 exercitia
2755 2749 2973 2818 pietatis
2996 2766 3209 2820 semper
3236 2755 3406 2824 magis

1834 2847 1897 2887 ac
1932 2835 2102 2902 magis
2135 2835 2445 2904 proﬁciunt.
2477 2837 2602 2891 Haac
2633 2848 2716 2893 est
2742 2841 2884 2894 enim
2919 2843 3120 2910 optima
3154 2845 3408 2897 immuta-

1835 2922 1932 2990 tio,
1960 2940 2120 2994 quam
2154 2926 2381 2996 largitur
2417 2928 2684 2984 Altissitni
2721 2931 2977 2998 dextera;
3028 2948 3188 3001 quam
3237 2937 3402 2990 etiam

1835 3015 2029 3070 beatus
2056 3015 2222 3070 David
2259 3028 2513 3087 expertus
2546 3030 2630 3074 est
2657 3028 2791 3086 tum,
2817 3035 2938 3075 cum
2975 3024 3276 3091 degustatis
3308 3025 3406 3079 bo-

1836 3107 1920 3161 nis
1965 3109 2215 3175 virtutis,
2247 3110 2314 3163 ad
2355 3113 2626 3166 anteriora
2667 3127 2727 3168 se
2773 3114 3035 3168 extendit.
3072 3114 3210 3181 Quid
3257 3119 3403 3171 enim

1833 3202 1940 3257 ait?
1971 3201 2041 3255 Et
2075 3204 2208 3269 dixi,
2243 3205 2400 3261 Nunc
2433 3207 2561 3274 cmpi
2589 3219 2608 3257 :
2639 3208 2750 3260 haec
2785 3209 3008 3262 mutatio
3039 3210 3272 3264 dextera:
3299 3210 3401 3262 Αι-

1832 3295 2021 3350 tissimi
2048 3297 2114 3351 ²¹.
2167 3297 2346 3364 Quare
2389 3301 2480 3368 qui
2525 3300 2580 3354 in
2617 3301 2818 3356 virtute
2866 3316 3184 3371 progressus
3235 3303 3399 3371 facit,

1834 3403 2108 3459 nunquam
2136 3405 2242 3445 non
2289 3391 2622 3445 immutatur.
2653 3390 2786 3446 Cum
2811 3393 2970 3458 enim,
3008 3393 3202 3463 inquit,
3235 3411 3402 3448 essem

1833 3481 2103 3548 parvulus,
2123 3482 2372 3551 loquebar
2390 3489 2448 3535 ut
2466 3482 2735 3551 parvulus,
2753 3485 3018 3554 sapiebam
3037 3497 3091 3539 ut
3123 3487 3398 3556 parvulus,

1835 3570 2126 3639 cogitabam
2144 3580 2200 3624 ut
2218 3571 2488 3640 parvulus.
2517 3571 2742 3638 Quando
2771 3582 2946 3628 autem
2973 3575 3145 3642 {actus
3167 3593 3282 3631 sum
3300 3580 3400 3643 vir,

1831 3656 2076 3708 evacuavi
2113 3673 2228 3725 qua:
2275 3668 2424 3710 erant
2464 3660 2669 3726 parvuli
2697 3661 2765 3716 ³³.
2810 3661 2878 3716 Ει
2912 3662 3107 3717 iterum
3149 3679 3274 3719 cum
3318 3666 3402 3720 vir

1831 3745 2004 3799 factus
2039 3756 2212 3810 esset,
2240 3748 2398 3801 linem
2433 3750 2624 3818 agendi
2656 3765 2760 3804 non
2787 3750 2914 3806 fecit
2938 3791 2954 3818 ,
2989 3754 3081 3807 sed
3110 3769 3172 3807 ea
3205 3753 3337 3819 Qua:
3366 3773 3400 3810 a

1829 3846 1972 3907 tergo
2004 3849 2122 3892 sunt
2159 3839 2458 3894 obliviscens
2479 3881 2495 3905 ,
2539 3852 2585 3895 et
2614 3842 2772 3913 160
2806 3845 2876 3897 ad
2912 3861 2972 3898 ea
3005 3861 3121 3914 quae
3152 3863 3184 3900 a
3225 3848 3400 3917 fronte

1828 3938 1948 3983 sunt
2017 3930 2238 3998 enitens,
2293 3933 2459 4001 juxta
2505 3935 2840 4003 'propositum
2888 3936 3270 4007 insequebatur
3327 3939 3397 3993 ad

1827 4018 2062 4073 brevium
2084 4038 2321 4091 superna:
2347 4023 2631 4077 vocationis
2657 4023 2723 4078 ’³.
2759 4022 3064 4082 lmmutatio
3099 4027 3263 4096 igitur
3286 4039 3393 4092 est,

1823 4124 1944 4164 cum
1990 4111 2235 4166 internus
2284 4113 2445 4166 homo
2487 4113 2556 4167 de
2591 4113 2679 4168 die
2715 4113 2768 4168 in
2809 4115 2949 4169 diem
2998 4129 3291 4170 renovatur
3321 4117 3394 4169 ".

1822 4199 2085 4267 Quoniam
2128 4218 2260 4258 vero
2293 4203 2565 4274 Propheta
2604 4206 2950 4261 nuntiaturus
2995 4207 3151 4261 nobis
3184 4215 3267 4262 est
3292 4221 3390 4272 ea,

147 4287 343 4357 πητοῦ,
368 4288 428 4352 ὃς
455 4290 554 4363 τὴν
582 4296 889 4367 οἰκονομίαν
920 4300 1020 4370 τῆς
1045 4301 1372 4372 σαρκώσεως
1399 4305 1537 4377 ὑπὲρ
1569 4307 1725 4378 ἡμῶν

1833 4306 1941 4360 quae
1987 4303 2230 4363 spectant
2268 4296 2336 4349 ad
2371 4295 2646 4362 dilectum,
2686 4297 2776 4365 qui
2813 4298 3270 4365 dispensationem
3308 4300 3393 4352 in-

145 4377 452 4448 ἀνεδέξατο,
497 4382 638 4456 ὑπὲρ
664 4388 774 4442 τῶν
800 4389 966 4456 ἀξίων
996 4392 1095 4464 τῆς
1133 4393 1352 4466 χάριτος
1391 4377 1598 4471 ταύτης
1626 4400 1724 4469 τὴν

1833 4383 2154 4440 earnationis
2181 4399 2278 4454 pro
2301 4386 2455 4440 nobis
2479 4387 2739 4456 suscepit,
2771 4402 2870 4458 pro
2895 4389 2961 4443 iis
2988 4389 3079 4458 qui
3111 4390 3217 4444 isto
3242 4390 3393 4459 digni

217 4516 263 4546 ¹⁷
305 4515 471 4574 lCor.
500 4536 595 4581 xv,
622 4520 712 4577 42.

143 4598 268 4650 ιιιι,
323 4587 411 4642 tt.
488 4591 535 4621 ’³
565 4590 797 4662 Philipp.
834 4607 915 4660 Ill,
945 4587 1148 4662 15,14;
1225 4598 1335 4655 vn
1367 4599 1490 4656 Cor.
1517 4618 1592 4669 ιν,
1620 4587 1714 4659 iis.

893 4524 1020 4609 ibiel-
1049 4527 1142 4609 ιε»
1171 4527 1263 4609 44..
1291 4531 1563 4609 Psal.
1612 4533 1729 4609 ςιεε

1880 4538 1925 4569 ²⁰
1953 4537 2054 4594 lsa.
2087 4555 2216 4605 xxx,
2269 4538 2362 4594 26.
2438 4541 2481 4573 ¹¹
2524 4540 2666 4596 Psal.
2716 4557 2901 4609 Lxxw,
2958 4542 3047 4595 ll.
3125 4545 3170 4576 "
3209 4541 3231 4597 Ι
3264 4545 3391 4600 Cor.

215 4702 331 4796 (δε)
355 4776 366 4787 _
392 4705 610 4796 Videtur
641 4711 1002 4796 .scriptornde
1053 4715 1348 4796 interprete
1401 4721 1592 4796 Aquila
1626 4723 1713 4796 loj-
1745 4728 1790 4783 D
1820 4724 2084 4796 [movero
2121 4723 2388 4792 interpres
2415 4721 2741 4796 Theodoreti
2784 4733 3053 4796 putandus
3076 4735 3156 4781 est
3197 4728 3392 4796 legisse

141 4775 260 4848 qui,
285 4776 438 4848 cujus
469 4779 583 4848 haec
615 4789 742 4832 sunt
770 4775 840 4834 'in
872 4780 1128 4848 Hexaplis
1159 4801 1178 4838 :

137 4847 259 4933 τοῖς
283 4846 625 4933 κρίνοεςθτ-ὦν.
643 4850 771 4902 υἱῶν
810 4853 973 4933 Κόρέ,
993 4846 1184 4933 ἐπι-στῆ
1195 4846 1352 4933 novos
1381 4855 1531 4930 ᾆσμα
1549 4846 1716 4933 προσ-

141 4914 371 5000 φιλίαςε
433 4914 631 5000 Victori.
663 4936 818 4988 super
856 4914 982 4976 liliis
1027 4914 1263 4992 ﬁliorum
1299 4914 1468 4994 Core;
1501 4914 1715 4987 scientiis

137 4994 405 5039 canticum
435 4994 698 5040 amicitiae.

213 5054 330 5133 (ετ)
375 5056 527 5133 Golb.
578 5059 798 5125 quintus
842 5076 966 5133 cum
993 5062 1128 5133 Reg.
1166 5066 1324 5121 tertio
1349 5067 1544 5123 ἀνθῶν.
1581 5070 1702 5126 Mox

141 5122 511 5205 Re'glii‘le‘rtius
539 5122 805 5205 et'sextus
826 5130 902 5205 ᾡς
924 5133 1004 5195 είς
1027 5122 1276 5205 ὕστερον.

213 5192 328 5268 ςῦιί)
345 5193 743 5268 Regiiprimus,
763 5192 1050 5268 quintus—et
1078 5192 1175 5258 sex'
1180 5215 1262 5260 tus
1284 5221 1404 5260 cum
1427 5209 1586 5264 editis
1609 5209 1701 5263 ἀλ-

138 5261 316 5343 λάξει,
337 5261 672 5343 mutabit._:_\t
703 5261 994 5343 Golbertini
1024 5275 1248 5338 primus,
1279 5261 1580 5343 quiutusel
1609 5261 1699 5335 se-

1214 4787 1305 4857 Τῷ
1341 4791 1600 4865 νικοποιῷ
1621 4793 1715 4846 ἐπὶ

1833 4791 2041 4865 ἑλίξεις.
2070 4807 2188 4865 cum
2217 4787 2413 4856 vertat,
2457 4794 2647 4846 volves.
2681 4787 2800 4848 Non
2835 4795 3124 4850 dillitenntr
3149 4787 3387 4865 quidem,

1821 4861 2534 4944 Theodoretiinterpretem,
2551 4878 2672 4916 cum
2693 4867 2854 4944 verba
2881 4861 3188 4944 Symmachi
3215 4861 3392 4944 verte:

1824 4943 1925 4994 ret,
1970 4932 2271 5001 scripsisse,
2323 4933 2547 4985 mutabis
2583 4945 2601 4982 :
2629 4933 2724 4992 sed
2760 4949 2881 4987 cum
2911 4932 3024 5001 ipsa
3063 4935 3388 4992 Theodoreti

1821 5001 1984 5056 verba
2003 5001 2234 5074 reddidit
2249 5000 2459 5074 Lat_ine,
2483 5017 2604 5074 eum
2628 5013 2754 5056 tunc
2770 5000 2942 5056 volves
2971 5006 3257 5072 scripsisse
3271 5007 3388 5074 plu-

1821 5087 1889 5126 ne
1911 5078 2142 5124 constat.
2172 5069 2311 5138 Lege
2331 5071 2723 5125 Theodoretum
2750 5074 2802 5125 in
2830 5088 2969 5126 vers.
3001 5069 3283 5138 27—psalm.
3313 5093 3386 5130 cr.

1811 5141 2094 5194 Aseriham
2123 5140 2335 5192 Eusebii
2373 5141 2564 5204 verba,
2590 5156 2711 5208 quae
2741 5144 2855 5194 haec
2891 5153 3019 5195 sunt
3055 5162 3068 5196 :
3097 5146 3205 5196 Καὶ
3243 5146 3376 5198 πάν-

1806 5209 1999 5284 τεςμώς
2027 5208 2238 5284 ἱμάτιον
2257 5207 2746 5284 παλαιωθήσονται,
2772 5213 2866 5264 καὶ
2881 5212 3012 5284 ὡσεὶ
3041 5213 3387 5284 περιόόλαιον

1807 5279 1999 5346 ἑλίξεις
2031 5278 2248 5341 αὐτοὺς,
2313 5280 2407 5333 καὶ
2470 5278 2844 5352 ἐλιχθήσονται
2882 5301 2895 5335 :
2943 5283 3009 5335 Et
3042 5278 3217 5336 onines
3250 5286 3386 5338 sicut

139 5335 344 5400 ptimus
382 5348 506 5420 cum
535 5334 656 5417 aliis
690 5338 859 5420 tribus
891 5334 1279 5420 Regiiseitiﬁet,
1299 5334 1486 5420 volvet.
1521 5349 1585 5402 Et
1625 5334 1696 5404 ita
1805 5334 2165 5420 vestimentum
2193 5334 2528 5414 veterascent,
2554 5334 2604 5404 ’ἐι
2638 5334 2773 5404 velut
2795 5334 3046 5406 amictum
3074 5354 3246 5407 volves
3273 5372 3385 5420 eos,

139 5417 358 5471 quoque
382 5402 578 5481 legitur
603 5407 932 5481 intuemini:
956 5402 1105 5481 [ἱειςῆ
1129 5402 1289 5467 θεῖαί.
1329 5415 1481 5470 Colb.
1509 5402 1696 5474 sextus
1802 5429 1850 5472 et
1873 5402 2158 5471 volventur.

139 5486 410 5555 illiscum.
426 5471 569 5526 LXX
597 5471 1020 5555 ἐλίξειςξυοιυεεἒ
1035 5471 1439 5548 νΤΙιθοΔοτειιιε,
1470 5471 1560 5554 qui
1588 5471 1702 5555 ipse

1874 5487 1986 5569 (ξῦ)
2014 5488 2243 5571 Ita‘m’ss‘.
2273 5486 2501 5571 ét‘editi
2520 5490 3227 5571 cntuehouuéyotc._lbidetn
3244 5493 3379 5559 Reg.

138 5538 536 5631 [ῗξίξρὲλίξειςῆ
563 5538 749 5631 ’ίίῖίυέξι
773 5538 947 5601 *δοίδοί
988 5550 1370 5631 δγηὲξηεοιιψη
1415 5538 1703 5631 ῥοῖῇρέίἓέᾇ

1833 5538 1995 5610 erit);
2014 5538 2123 5631 tu
2153 5538 2238 5608 est
2275 5538 2510 5610 star-$.73;
2525 5538 3388 5631 statuisti;tumuti};

136 5609 408 5703 Ξλλάξεις,
429 5615 678 5703 πνοιαί)ξῇ
699 5615 979 5703 Mottemttr
1002 5609 1053 5673 in
1089 5621 1360 5703 llexayglis,
1413 5609 1702 5703 legifapnd
1807 5609 1979 5703 verum
2008 5628 2270 5703 pietatem,
2301 5641 2418 5691 seu,
2446 5609 2954 5703 iper've'ragwnietatis
2988 5649 3166 5695 opera.
3195 5609 3382 5690 L'éc'tiu

138 5678 979 5760 Theodoretumﬁllﬁezg,volves
999 5704 1017 5741 :
1045 5692 1138 5745 sed
1180 5678 1359 5746 videri
1379 5678 1704 5760 eju'srinteré

136 5758 346 5820 pretem
389 5749 515 5807 olim
543 5749 734 5826 legisse
759 5755 1028 5825 ἀλλάξεις,
1072 5776 1192 5816 cum
1226 5749 1424 5831 vertat,
1452 5766 1699 5821 mutubis.

1809 5695 2260 5781 οΙίξινγυμνασίων
2290 5695 2531 5781 apposita
2563 5709 2645 5753 est
2672 5701 2754 5781 ad"
2773 5703 3092 5769 marginem.

1881 5766 1992 5837 (56)
2019 5766 2147 5837 Reg.
2181 5767 2371 5821 tertius
2396 5767 2591 5839 ᾔσθετο
2619 5785 2714 5839 pro
2735 5766 2933 5824 ἵστατο.
