1909 3110
218 175 266 203 591

192 225 208 265 ’ξ
216 238 282 263 sunt
294 234 434 269 beneﬂcio,
449 234 500 263 hoc
512 241 541 263 se
552 235 649 263 cantici
665 235 728 264 ﬁliis
739 236 810 265 Core
823 238 940 267 edidisse
953 240 1000 267 ait.
1017 242 1039 269 Α

206 281 357 321 ‘Canticum
369 283 440 309 enim
453 287 505 315 est,
516 289 569 310 non
583 283 719 317 psalmus:
731 284 830 319 quippe
839 286 908 312 nuda
923 293 1001 319 voce,

205 332 319 363 'organo
333 336 386 356 non
403 327 482 356 simul
497 336 594 356 sonum
607 330 716 363 edente,
731 337 791 357 cum
806 332 938 358 concinna
955 339 1002 359 vo-

215 375 255 402 cis
273 374 455 402 modulatione
472 375 602 403 emissum
617 380 669 403 est.
685 375 828 403 Canticum
847 382 936 404 autem
953 385 1002 411 pro

215 420 324 448 dilecto.
341 420 438 448 Tibine
451 421 577 449 indicabo
594 429 666 454 eum.
684 430 764 457 quem
780 423 919 457 Scriptura
935 424 1002 451 dicit

214 468 359 496 dilectum?
385 475 418 495 an
441 468 522 495 etiam
546 469 621 503 prius
647 469 717 497 nosti
746 476 827 503 quam
856 478 998 504 enarrem,

213 513 375 548 evangelicae
388 513 463 541 vocis
478 513 600 540 memor?
617 512 668 540 llic
679 518 718 540 est
731 513 817 541 Filius
837 522 910 541 meus
931 514 999 541 dile-

212 565 269 587 ctu:
277 559 305 586 in
315 567 365 595 quo
374 559 438 586 mihi
449 559 511 587 bene
521 559 678 594 complacui,
693 559 779 594 ipsum
789 560 880 586 audite
889 559 922 586 ".
931 558 999 587 Nam

212 606 329 634 dilectus
344 606 418 633 Patri
432 606 542 641 quidem
557 610 599 633 est
612 610 642 632 ut
655 604 830 640 Unigenitus;
844 605 918 632 omni
934 612 998 633 vero

211 657 342 680 creaturae
357 656 386 679 ut
406 656 482 686 pater
497 651 630 686 benignus
646 655 674 679 et
687 653 774 679 bonus
789 659 900 686 praeses.
920 651 994 678 Idem

210 703 301 726 autem
312 703 353 725 est
368 702 464 725 natura
479 702 506 725 et
520 697 646 725 dilectum
661 702 688 725 et
700 698 811 725 bonum.
825 697 996 732 Quapropter

210 748 283 772 recte
305 743 362 779 jam
385 742 548 771 deﬁnierunt
566 743 696 778 quidam,
715 743 815 778 bonum
840 751 900 771 esse
925 744 997 778 quod

208 791 299 818 omnia
319 794 456 826 expetunt.
473 788 531 817 Non
547 795 638 817 autem
653 788 799 824 cujuslibet
816 795 857 817 est
872 789 906 817 ad
927 790 995 817 cha-

211 836 299 875 ritatis
319 836 461 871 pervenire
482 836 675 871 perfectionem
687 855 695 868 ,
716 839 745 863 et
764 843 826 863 eum
846 842 996 870 agnoscere

209 883 255 917 qui
270 890 334 910 vere
350 887 393 910 est
415 882 530 911 dilectus
546 891 553 909 :
572 882 619 910 sed
633 882 702 916 ejus,
719 882 766 916 qui
779 882 835 917 jam
859 882 935 909 exuit
949 889 995 909 ve-

209 934 293 956 terem
317 928 466 961 hominem,
490 928 517 956 in
536 928 677 956 desideriis
692 928 795 956 erroris
817 933 991 963 corruptum,

207 968 294 1002 induit
319 981 385 1002 vero
405 981 514 1006 novnm,
533 974 578 1009 qui
602 978 747 1001 renovatur
765 974 799 1001 ad
825 974 992 1009 agnitionem

206 1020 356 1047 secundum
372 1019 517 1055 imaginem
540 1019 689 1047 conditoris
704 1020 737 1046 ’⁸.
755 1019 862 1047 Etenim
879 1020 924 1054 qui
945 1026 992 1055 pe-

205 1066 301 1093 cunias
328 1065 428 1100 diligit,
455 1071 655 1099 corporumque
680 1064 907 1100 pulchritudinem
929 1072 992 1100 per-

209 1112 310 1139 ituram
340 1112 503 1147 impotenter
515 1115 703 1144 consectatur.
728 1115 755 1138 et
783 1119 853 1139 nanc
881 1111 992 1146 praefert

204 1159 355 1194 gloriolam,
368 1158 394 1185 vi
409 1157 536 1192 diligendi
551 1157 576 1184 in
591 1157 635 1189 iis,
649 1157 674 1184 in
686 1158 784 1192 quibus
798 1165 851 1184 non
867 1157 990 1191 decebat,

204 1205 355 1240 insumpta,
375 1205 398 1232 is
429 1209 580 1232 excaecatus
603 1208 645 1231 est
667 1204 701 1231 ad
717 1211 785 1233 .vere
807 1204 896 1231 dilecti
924 1212 989 1232 con-

205 1250 418 1285 templationem.
446 1249 509 1277 ldeo
534 1249 589 1277 ait:
614 1249 712 1285 Diliges
739 1249 879 1278 Dominum
905 1249 990 1278 Deum

202 1302 277 1322 tuum
294 1303 326 1323 ea:
341 1300 395 1323 toto
412 1296 490 1323 corde
504 1301 560 1329 tuo,
578 1301 602 1324 et
621 1304 653 1323 ea:
667 1301 722 1323 tota
736 1297 824 1323 anima
840 1302 885 1324 tua
897 1316 905 1330 ,
919 1301 944 1324 et
957 1305 989 1324 ea:

202 1347 257 1368 tota
274 1346 359 1368 mente
369 1347 415 1368 tua
428 1342 450 1357 ’⁷
480 1342 580 1369 Verum
595 1341 661 1369 illud
695 1341 739 1369 Ea:
754 1347 809 1369 tota
821 1363 829 1376 ,
843 1343 944 1370 nullam
960 1343 988 1370 in

203 1388 255 1414 alia
270 1388 444 1422 partitionem
457 1387 585 1415 admittit.
600 1387 736 1421 Quantum
751 1389 822 1416 enim
836 1389 989 1416 dilectionis

203 1433 228 1460 in
242 1433 299 1460 hazc
311 1432 440 1460 inferiora
454 1432 643 1467 insumpseris,
656 1437 760 1460 tantum
771 1433 819 1461 tibi
832 1434 988 1461 necessario

201 1478 288 1506 deerit
300 1486 315 1505 a
331 1483 397 1506 toto.
416 1478 584 1513 Quapropter
598 1478 675 1513 pauci
697 1485 729 1506 ex
747 1478 889 1511 omnibus,
907 1479 988 1507 amici

201 1523 384 1559 Deiappellati
400 1528 479 1556 sunt;
494 1524 720 1558 quemadmodum
737 1523 836 1552 litteris
850 1525 986 1559 proditum

201 1575 243 1598 est
266 1570 377 1606 Moysen
400 1570 484 1598 fuisse
512 1570 628 1597 amicum
658 1570 705 1604 ¹⁸;
732 1571 795 1598 item
824 1571 955 1599 Joannem
978 1579 1021 1614 ιο

200 1616 306 1643 Amicus
319 1616 398 1649 enim,
411 1616 508 1650 inquit,
523 1617 622 1650 sponsi.
635 1620 720 1649 stam,
730 1618 828 1652 gaudio
839 1617 934 1652 gaudet
945 1618 986 1644 '9:

201 1662 253 1690 hoc
266 1666 320 1696 est,
349 1662 395 1696 qui
423 1662 547 1690 stabilem
574 1667 601 1690 et
623 1663 786 1691 immobilem
802 1664 827 1690 in
847 1664 986 1692 Christum

198 1715 319 1736 amorem
334 1708 426 1740 habet,
439 1707 461 1735 is
474 1708 569 1742 dignus
583 1712 624 1735 cst
639 1708 723 1743 ipsius
739 1709 868 1736 amicitia.
885 1709 986 1737 Idcirco

197 1753 279 1780 etiam
301 1752 441 1788 discipulis
462 1752 520 1787 jam
544 1752 671 1788 perlectis
696 1753 826 1781 Dominus
843 1753 903 1781 ait:
923 1754 985 1781 Non

196 1798 310 1833 amplius
334 1806 378 1826 vos
395 1799 455 1825 dico
470 1807 556 1826 servos
599 1800 644 1826 sed
664 1801 783 1827 amicos:
809 1801 873 1834 quia
895 1809 983 1828 senm:

196 1845 277 1871 nescit
294 1844 357 1879 quid
377 1845 458 1879 faciat
479 1845 602 1872 dominus
626 1854 683 1880 ejus
703 1846 736 1873 '°.
764 1846 881 1874 Perfecti
903 1847 984 1883 igitur

196 1893 250 1921 est,
267 1897 329 1918 vere
343 1890 470 1927 dilectum
482 1898 654 1926 cognoscere.
673 1891 705 1919 Et
719 1899 824 1925 revera,
840 1893 889 1921 soli
902 1894 982 1921 amici

198 1935 256 1968 Dei,
270 1939 297 1963 et
310 1936 381 1964 inter
396 1944 464 1971 quos
480 1937 626 1965 intercedit
641 1942 732 1965 mutua
748 1939 878 1972 amicitia,
893 1941 981 1968 sancti

1009 913 1031 942 B

197 1986 261 2009 sunt
274 1989 282 2008 :
298 1989 377 2010 nemo
391 1988 481 2010 autem
498 1983 681 2018 improborum
697 1989 743 2011 aut
757 1985 900 2013 stultorum
913 1987 982 2014 ami-

195 2034 245 2055 cus
262 2032 312 2055 est.
335 2027 429 2062 Neque
452 2029 524 2055 enim
541 2029 667 2057 amicitia:
680 2031 790 2061 [bonum
815 2032 842 2059 in
867 2040 980 2067 pravum

194 2072 321 2101 allectum
334 2074 425 2106 cadit,
450 2075 577 2109 quoniam
595 2075 661 2102 nihil
680 2080 757 2110 turpe
772 2081 818 2104 aut
841 2078 981 2107 inconcin-

193 2126 258 2146 num
270 2119 296 2146 in
310 2119 436 2147 amicitiae
452 2120 625 2147 concordiam
642 2121 745 2156 ingredi
766 2126 863 2156 potest.
881 2123 978 2150 Malum

192 2166 265 2192 enim
290 2173 344 2193 non
360 2167 431 2193 bono
452 2165 550 2200 solum,
565 2166 613 2194 sed
636 2167 723 2202 ipsum
752 2169 834 2196 etiam
850 2169 902 2196 sibi
928 2170 979 2204 ipsi

192 2210 359 2237 contrarium
376 2216 430 2237 est.
444 2209 504 2238 .lam
526 2217 590 2238 vero
607 2211 641 2238 ad
662 2212 743 2239 verba
763 2213 860 2247 psalmi
876 2222 979 2249 expett-

192 2256 279 2283 denda
293 2256 509 2291 progrediamur.

224 2336 251 2362 3.
274 2336 354 2363 Vens.
369 2335 396 2363 2.
417 2336 555 2363 Eructavit
575 2345 620 2363 cor
638 2345 723 2364 meum
747 2338 852 2365 verbum
869 2339 975 2368 bonum.

188 2381 247 2409 .lam
262 2382 370 2416 quidem
393 2382 514 2409 nonnulli
538 2383 727 2410 existimavere
748 2384 842 2413 isthacc
864 2393 897 2413 ex
915 2395 976 2422 per-

225 2451 248 2486 ξ’
260 2451 353 2478 Matth.
372 2459 438 2484 xvn,
453 2452 480 2478 5.
519 2452 542 2468 “
561 2452 659 2486 Ephes.
678 2460 715 2486 tv,
742 2454 787 2485 22,
805 2455 852 2483 24.

187 2485 213 2503 ³⁸
226 2485 304 2513 Joan.
317 2494 362 2519 xv,
383 2487 427 2514 15.

224 2542 279 2578 (57)
297 2544 443 2572 Colberlini
466 2546 586 2579 quintus,
603 2550 695 2573 sextus
717 2551 744 2573 et
757 2548 888 2578 sentimus
910 2558 971 2577 cum

186 2577 305 2619 editione
316 2580 401 2619 lfaris.
419 2585 459 2619 et_
470 2577 529 2619 cum
544 2580 618 2619 ἣδε.
634 2583 777 2619 ιιυιιτιο-ὲν
788 2580 808 2616 ᾧ
826 2584 971 2619 εὐδόκησα,

186 2615 261 2654 etita
279 2614 376 2648 legitur
391 2616 459 2649 apud
475 2615 629 2654 Matthaaum
643 2614 709 2654 xvu,
727 2617 753 2644 5.
771 2614 803 2645 Αἰ
817 2619 890 2649 illud,
904 2614 933 2646 ἐν
950 2614 972 2654 ᾧ

186 2648 330 2685 εὐδόκησα,
354 2648 414 2676 non
432 2650 570 2683 reperitur,
587 2659 674 2685 neque
704 2653 729 2678 in
755 2655 872 2680 editione
890 2648 971 2681 Basill.

187 2691 274 2718 neque
289 2684 421 2723 in__l_legiis
435 2686 554 2712 secundo
568 2691 596 2713 et
612 2684 701 2719 tertio,
723 2695 810 2721 neque
836 2691 905 2723 apud
921 2690 974 2716 Lu-

185 2726 243 2744 cani
258 2726 296 2750 Ix,
309 2719 353 2746 55.

220 2753 275 2787 (58)
291 2753 329 2780 Ita
344 2755 419 2781 multi
442 2762 507 2791 mss.
525 2756 604 2782 Deest
621 2757 670 2791 τῆς
683 2758 708 2783 in
725 2758 804 2784 editis
821 2762 850 2785 et
870 2759 895 2785 in
912 2759 973 2787 aliis

185 2794 250 2815 mss.
270 2797 320 2815 non
333 2790 440 2826 paucis.
459 2790 522 2826 illud
539 2790 609 2825 quod
633 2790 695 2819 mox
711 2793 841 2826 sequitur,
854 2795 894 2825 εἰς
910 2794 973 2821 ὲπί-

184 2829 294 2854 γνωςιν,
315 2825 390 2850 abest
406 2833 419 2850 a
436 2825 521 2851 tribus
533 2833 597 2853 mss.

220 2857 378 2897 (SililElllliO
397 2859 482 2898 Euris.
499 2867 560 2886 cum
578 2861 654 2898 golb.
672 2867 747 2888 sexto
762 2863 811 2897 τὴν
827 2863 874 2890 τοῦ
895 2864 966 2898 ἀγα-

186 2892 238 2925 πᾷν
254 2892 376 2926 δύναμιν.
396 2893 484 2921 Εηιὶιίο
500 2902 562 2922 vero
577 2895 656 2923 Basil.
671 2901 698 2923 et
721 2892 817 2925 nove'm
836 2907 900 2927 mss.
915 2892 964 2936 τὴν

868 177 897 206 S.
918 176 1042 205 BASlLll
1062 176 1169 206 MAGNI

904 2457 926 2473 ²⁷
944 2458 1029 2488 Marc.
1046 2471 1101 2497 xu,
1115 2465 1160 2493 50.

1798 178 1858 205 392

1052 239 1124 275 ᾠδὴν
1141 238 1242 274 ταύτην
1263 236 1441 264 ὲκδεδωκὲναι
1464 238 1519 270 τοῖς
1541 238 1609 270 υίοῖς
1627 238 1698 273 Κορέ
1720 247 1815 273 φησιν
1842 240 1856 265 ὁ

1054 285 1211 321 Προφήτης.
1233 284 1294 321 ’ῼδὴ
1312 283 1367 320 γάρ
1386 284 1456 317 ἔστι,
1483 285 1530 311 καὶ
1549 284 1610 319 οὐχὶ
1629 284 1755 320 ψαλμὸςυ
1780 285 1856 311 διότι

1052 331 1142 366 γυμνῇ
1156 330 1241 365 φωνῇ,
1257 329 1293 365 μὴ
1308 329 1486 365 συνηχοῠντος
1500 329 1566 365 αὐτῇ
1581 329 1628 356 τοῦ
1640 329 1772 365 ὀργάνου,
1790 331 1855 365 μετ’

1052 374 1187 409 ἐμμελοῦς
1200 374 1248 410 τῆς
1267 375 1448 409 ὲκφωνήσεως
1465 374 1630 409 παρεδίδοτο.
1651 375 1713 411 ᾮδὴ
1726 375 1756 401 δὲ
1778 376 1854 410 ὕῇρ

1051 418 1097 445 τοῦ
1113 418 1266 453 ἀγαπητοῦ.
1288 417 1363 455 *Αρά
1381 428 1421 445 σοι
1436 419 1602 455 διηγήσομαι
1619 420 1665 446 τόν
1685 421 1852 455 ἀγαπητὸν,

1050 465 1142 491 ὅντινα
1155 465 1169 491 ὁ
1185 464 1263 499 λόγος
1278 462 1349 492 εἷναί
1361 474 1460 501 φησιν;
1478 466 1494 502 ἢ
1511 466 1558 493 καὶ
1572 466 1624 502 πρὸ
1634 466 1687 493 τῶν
1701 467 1785 502 ὴμιῖιν
1804 467 1853 493 λό-

1050 519 1106 545 γων
1130 510 1287 543 ἐπίστασαι,
1310 511 1483 547 μεμνημένος
1504 512 1555 547 τῆς
1576 512 1605 538 ὲν
1625 511 1664 547 τῷ
1682 512 1853 547 Εὑαγγελίῳ

1049 554 1156 592 φωνῆςς
1168 555 1263 590 Οὗτός
1275 557 1360 584 ἐστιν
1375 559 1392 585 ό
1406 559 1472 590 Υἱός
1485 567 1544 592 μου
1562 559 1578 585 ό
1597 558 1753 593 ἀγαπητὸς
1770 559 1811 585 ἐν
1826 555 1853 591 ᾧ

1048 604 1202 638 εὐδόκησα
1218 603 1285 639 (57)·
1298 603 1391 630 αὑτοῦ
1411 604 1545 631 ἀκούετε.
1567 604 1721 639 Ἀγαπητδς
1734 604 1794 640 γὰρ
1809 605 1851 640 τῷ

1046 649 1137 685 Πατρὶ
1155 650 1205 685 μὲν
1223 649 1262 680 ὡς
1287 649 1460 685 Μονογενὴς,
1483 651 1517 686 τῇ
1542 649 1628 676 κτίσει
1652 650 1680 676 δὲ
1810 650 1850 682 ὡς

1048 696 1140 730 πατὴρ
1161 695 1351 730 φιλάνθρωπος
1363 695 1409 721 καὶ
1421 695 1523 730 ἀγαθὸς
1543 695 1708 731 προστάτης.
1723 696 1761 722 To
1778 696 1850 723 αὐτὸ

1046 741 1076 768 δέ
1091 742 1148 768 ἐστι
1170 743 1202 777 τῇ
1226 741 1306 776 φύσει
1333 742 1380 768 καὶ
1403 741 1545 777 ἀγαπητὸν
1565 743 1611 768 καὶ
1629 742 1742 776 ἀγαθόν.
1768 743 1848 768 Διότι

1047 787 1138 820 καλῶς
1161 787 1296 824 ὡρίσαντο
1316 788 1366 824 ἤδη
1387 788 1469 820 τινὲς,
1487 788 1588 822 ἀγαθὸν
1605 786 1673 815 εἶναι
1694 785 1725 816 οὗ
1751 789 1848 815 πάντα

1046 834 1163 870 ἐφίεται.
1179 835 1217 861 Οὐ
1236 834 1282 861 τοῦ
1299 834 1425 870 τυχόντος
1440 833 1469 861 δέ
1484 835 1558 861 ἐστιν
1572 835 1612 866 εἰς
1622 835 1653 861 τὸ
1667 834 1773 861 τέλειον
1788 844 1847 870 χω-

1048 881 1129 916 ρῆσαι
1150 881 1200 915 τῆς
1218 879 1275 916 (58)
1295 880 1416 916 ἀγάπης,
1438 880 1485 907 καὶ
1508 880 1554 907 τὸν
1586 881 1671 912 ὅντως
1696 881 1845 915 ἀγαπητὸν

1045 926 1212 961 ἐπιγνῶναι·
1233 926 1302 954 ἀλλὰ
1319 926 1367 953 τοῦ
1380 926 1567 962 ἐκδυσαμένου
1584 927 1633 962 ἦδη
1651 927 1697 954 τὸν
1722 927 1844 954 παλαιὸν

1044 972 1198 1008 ἄνθρωπον,
1212 972 1258 999 τὸν
1280 972 1457 1008 φθειρόμενον
1472 972 1543 999 κατά
1557 972 1604 1004 τὰς
1619 971 1771 1007 ἐπιθυμίας
1792 973 1842 1007 τῆς

1043 1018 1162 1053 ἀπάτης,
1177 1018 1223 1044 καὶ
1236 1017 1416 1052 ὲνδυσαμένου
1431 1018 1477 1044 τὸν
1493 1018 1563 1051 νέον,
1574 1018 1621 1044 τὸν
1638 1018 1840 1053 ἀνακαινούμε-

1042 1072 1087 1091 νον
1102 1065 1142 1096 είς
1155 1064 1303 1099 ἐπίγνωσιν
1325 1063 1386 1091 κατ’
1404 1064 1496 1091 εἰκόνα
1513 1063 1560 1091 τοῦ
1581 1064 1736 1095 κτίσαντος.
1759 1064 1840 1090 Ἐπεὶ

1042 1111 1056 1137 ὃ
1067 1119 1099 1145 γε
1111 1112 1239 1146 χρήματα
1254 1111 1379 1146 ἀγαπῶν,
1392 1110 1440 1137 καὶ
1453 1111 1516 1146 περὶ
1529 1110 1560 1137 τὸ
1581 1110 1701 1146 φθαρτὸν
1716 1110 1773 1137 τῶν
1789 1119 1839 1137 σω-

1043 1158 1136 1193 μάτων
1155 1157 1253 1189 κάλλος
1271 1158 1457 1193 ἐπτοημένος,
1479 1157 1525 1184 καὶ
1548 1157 1579 1183 τὸ
1603 1157 1727 1192 δοξάριον
1753 1156 1838 1183 τοῦτο

1042 1203 1211 1239 ὑπερτιμῶν,
1223 1204 1273 1239 τὴν
1291 1204 1337 1230 τοῦ
1361 1205 1472 1240 ἀγαπᾷν
1487 1204 1601 1239 δύναμιν
1619 1203 1675 1238 (59)
1698 1204 1741 1237 ἐφ’
1763 1203 1782 1230 ἃ
1797 1203 1836 1238 μὴ

1041 1250 1180 1286 προσῆκεν
1202 1250 1353 1283 ἀναλώσας,
1378 1251 1446 1287 πρὸς
1468 1250 1515 1285 τὴν
1540 1249 1586 1276 τοῦ
1610 1249 1746 1285 ἀληθινῶς
1767 1250 1837 1283 ἁγα-

1040 1296 1126 1331 πητοῦ
1142 1295 1207 1323 θέαν
1222 1296 1416 1332 ἀπετυφλώθη.
1428 1295 1479 1322 Διὰ
1495 1295 1572 1322 τοῦτό
1590 1303 1686 1330 φησιν·
1706 1293 1837 1329 Ἀγαπή-

1039 1350 1105 1375 σεις
1119 1343 1228 1377 Κύριον
1242 1343 1297 1370 τὸν
1320 1343 1395 1370 Θεόν
1414 1351 1473 1369 σου
1488 1342 1522 1374 ἐξ
1548 1341 1622 1375 ὅλης
1639 1341 1694 1375 τῆς
1709 1340 1837 1374 καρδίας

1038 1395 1107 1420 σου,
1124 1388 1172 1415 καὶ
1182 1388 1217 1421 ἐξ
1229 1389 1304 1423 ὅλης
1315 1388 1370 1423 τῆς
1382 1388 1486 1423 ψυχῆς
1498 1397 1565 1420 σου,
1578 1387 1627 1413 καὶ
1638 1387 1672 1419 ἐξ
1688 1387 1765 1420 ὅλης
1782 1385 1836 1419 τῆς

1038 1433 1172 1467 διανοίας
1187 1442 1257 1462 σου,
1270 1433 1307 1460 Τὸ
1323 1434 1362 1466 δὲ,
1381 1433 1432 1466 Ἐξ
1450 1434 1534 1467 ὅλης,
1554 1431 1687 1468 μερισμὸν
1700 1432 1740 1462 είς
1752 1431 1835 1466 ἕτερα

1037 1481 1088 1507 οὐκ
1101 1480 1266 1516 ἐπιδέχεται.
1285 1481 1368 1507 Ὅσον
1383 1479 1500 1516 γάρ(60)
1519 1479 1552 1506 ἂν
1568 1479 1618 1514 τῆς
1635 1478 1749 1513 ἀγάπης
1763 1485 1834 1512 παρ-

1038 1527 1181 1563 αναλώσῃς
1209 1527 1256 1554 ἐπὶ
1285 1526 1320 1554 τὰ
1344 1526 1438 1558 κάτω,
1467 1525 1594 1552 τοσοῦτόν
1622 1534 1663 1551 σοι
1689 1525 1780 1559 λείψει
1805 1524 1834 1556 ἐξ

1038 1573 1161 1608 ἀνάγκης
1177 1572 1231 1600 ἀπὸ
1246 1572 1293 1599 τοῦ
1310 1572 1382 1599 ὅλου.
1400 1572 1450 1599 Διά
1464 1571 1543 1598 τοῦτο
1565 1571 1650 1605 ὀλίγοι
1670 1572 1704 1597 ὲκ
1724 1571 1833 1597 πάντων

1038 1619 1109 1654 φίλοι
1135 1619 1202 1646 Θεοῦ
1229 1619 1507 1655 προσηγορεύθησαν
1527 1617 1565 1649 ὡς
1586 1617 1708 1652 Μωῦσῆς
1731 1616 1830 1650 ἀναγέ-

1037 1674 1158 1701 γρατπαι
1178 1663 1247 1692 εἶναι
1264 1665 1355 1700 φίλος·
1371 1665 1410 1697 ὠς
1439 1664 1564 1700 Ἰωάννης
1576 1672 1582 1678 ·
1608 1664 1639 1690 '0
1656 1663 1712 1697 γὰρ
1730 1664 1829 1697 φίλος,

1036 1709 1113 1744 φησὶ,
1126 1709 1178 1735 τοῦ
1189 1709 1331 1743 νυμφίου,
1346 1708 1451 1742 ἑστὼς,
1466 1708 1544 1743 χαρᾷ
1556 1708 1666 1743 χαίρει·
1678 1708 1829 1740 τουτέστιν,

1035 1754 1049 1780 ὁ
1064 1754 1094 1780 τὸ
1112 1755 1243 1790 στάσιμον
1259 1754 1328 1790 ἔχων
1344 1755 1392 1782 καὶ
1408 1754 1606 1791 ἀμετακίνητον
1622 1755 1673 1791 τῆς
1694 1756 1733 1788 εἰς
1763 1756 1831 1792 Χρι-

1036 1800 1097 1827 στὸν
1120 1800 1220 1834 φιλίας,
1247 1798 1324 1832 οὗτος
1345 1800 1419 1834 ἄξιος
1439 1802 1489 1837 τῆς
1501 1800 1584 1827 αὐτοῦ
1601 1800 1703 1835 φιλίας.
1719 1802 1769 1829 Διδ
1785 1801 1831 1829 καὶ

1033 1847 1089 1877 τοῖς
1109 1846 1243 1882 μαθηταῖς
1259 1847 1308 1882 ἠδη
1326 1847 1523 1882 τελειουμένοις
1544 1847 1559 1873 ό
1578 1847 1692 1883 Κύριος,
1709 1847 1830 1879 οὐκέτι,

1033 1893 1126 1927 φησὶν,
1140 1892 1218 1927 ὑμᾶς
1239 1893 1316 1928 λέγω
1332 1893 1473 1927 δούλους,
1499 1893 1581 1922 ἀλλὰ
1604 1895 1732 1929 φίλους-ο
1751 1894 1800 1923 ὅτι
1815 1897 1831 1922 ὁ

1032 1938 1144 1971 δοῦλος
1158 1940 1214 1965 οὐκ
1229 1937 1291 1965 οἶδε
1306 1939 1336 1965 τί
1354 1939 1435 1966 ποιεῖ
1448 1941 1465 1967 d
1480 1940 1581 1974 κύριος
1596 1940 1701 1968 αὐτοῦ.
1717 1940 1829 1968 Τελείου

1031 1985 1121 2011 τοίνυν
1137 1984 1196 2011 ἐστὶ
1216 1984 1247 2011 τδ
1268 1985 1314 2012 τὸν
1342 1985 1426 2017 ὅντως
1440 1985 1581 2021 ἀγαπητὸν
1596 1986 1761 2021 ἐπιγνῶναι,
1775 1987 1829 2014 Καὶ

1030 2029 1070 2065 τῷ
1085 2030 1142 2057 ὄντι
1158 2030 1232 2065 μόνοι
1248 2030 1319 2065 φίλοι
1338 2031 1407 2058 Θεοῦ
1425 2031 1472 2058 καὶ
1493 2031 1618 2067 ἀλλήλοις
1631 2033 1654 2059 οἱ
1669 2032 1746 2066 ἅγιοι
1757 2041 1765 2049 ·
1783 2033 1827 2060 οὐ·

1030 2074 1086 2105 δεὶς
1101 2073 1130 2100 δὲ
1148 2074 1202 2101 τῶν
1225 2075 1352 2110 πονηρῶν
1372 2076 1419 2102 καὶ
1443 2076 1559 2111 ἀμαθῶν
1584 2077 1669 2111 φίλος.
1685 2078 1757 2104 Οὐδὲ
1776 2078 1825 2113 γὰρ

1030 2119 1124 2146 πίπτει
1141 2119 1172 2146 τὸ
1190 2120 1239 2156 τῆς
1263 2121 1353 2155 φιλίας
1377 2121 1459 2148 καλὸν
1475 2123 1516 2155 εἰς
1532 2123 1671 2159 μοχθηρὰν
1687 2124 1824 2151 διάθεσιν·

1029 2165 1096 2192 διότι
1113 2166 1189 2193 οὐδὲν
1212 2168 1324 2204 αἰσχρὸν
1341 2168 1388 2194 καὶ
1412 2168 1584 2204 ἀνάρμοστον
1604 2171 1646 2202 εις
1661 2171 1823 2206 συμφωνίαν

1029 2210 1140 2238 δύναται
1154 2213 1277 2248 χωρῆσαι
1293 2213 1394 2248 φιλίας.
1409 2214 1446 2241 Τὺ
1462 2215 1517 2250 γὰρ
1533 2215 1617 2242 κακον
1631 2216 1661 2242 οὺ
1675 2216 1717 2251 τῷ
1730 2216 1821 2251 ἀγαθῷ

994 2256 1016 2284 D
1031 2257 1151 2285 ἐναντίον
1171 2259 1230 2285 ἐστὶ
1249 2260 1341 2294 μόνον,
1357 2260 1425 2287 ἀλλὰ
1440 2260 1488 2288 καὶ
1503 2261 1571 2288 αὐτὸ
1594 2261 1696 2297 ἑαυτῷ.
1713 2262 1783 2298 Ἤδη
1795 2262 1819 2288 δὲ

1032 2303 1079 2329 καὶ
1095 2304 1141 2330 ἐπὶ
1164 2304 1213 2340 τὴν
1230 2305 1284 2340 (61)
1301 2306 1423 2338 ἐξέτασιν
1442 2308 1497 2333 τῶν
1520 2307 1650 2342 ῥημάτων
1673 2309 1816 2344 προΐωμεν.

1065 2349 1092 2376 3.
1114 2350 1313 2385 Ἐξηρεύξατο
1335 2352 1354 2386 ἢ
1375 2353 1482 2387 καρδία
1501 2362 1562 2388 μου
1581 2354 1675 2387 λόγον
1699 2355 1815 2388 ἀγαθόν.

1032 2394 1100 2430 Ἦδη
1127 2396 1178 2431 μέν
1203 2406 1276 2429 τινες
1292 2398 1422 2435 ᾠήθησαν
1437 2400 1469 2426 ἐκ
1485 2399 1631 2436 προσώπου
1647 2400 1698 2427 τοῦ
1717 2400 1816 2437 Πατρὺς

1214 2468 1237 2483 ²¹
1252 2467 1336 2495 Exod.
1353 2476 1458 2501 xum,
1489 2469 1532 2497 Η.
1583 2469 1605 2485 ’³
1620 2468 1700 2497 Joan.
1719 2469 1812 2502 111,29.

1022 2553 1069 2592 τούξ
1075 2554 1222 2592 ἀγαπητοῦ
1230 2556 1357 2592 δύναμιν.

1060 2589 1115 2625 (60)
1132 2589 1173 2617 Ita
1190 2599 1259 2629 m_ss._
1276 2589 1428 2629 Deestrydp
1449 2593 1476 2621 in
1508 2594 1628 2622 editione
1649 2595 1739 2624 Paris.
1759 2596 1811 2622 Mox

1023 2631 1089 2652 mss.
1118 2633 1165 2652 sex
1180 2626 1260 2654 τοῦτὸ
1285 2636 1337 2654 σοι.
1358 2626 1429 2657 Editi
1453 2636 1519 2656 vero
1534 2629 1660 2656 τοσοῦτόν
1678 2639 1731 2658 σοι.
1755 2631 1811 2658 Jun-

1023 2664 1095 2685 ctum
1109 2666 1150 2687 est
1167 2667 1312 2697 utrumque
1328 2664 1354 2690 in
1373 2664 1439 2699 Heg.
1455 2665 1586 2697 secundo,
1599 2666 1732 2693 τοσοῦτον
1742 2665 1812 2692 τοῦτό

1024 2702 1075 2721 σοι.

1060 2730 1116 2764 (61)
1134 2730 1204 2758 Edili
1216 2767 1221 2771 ‘
1234 2740 1296 2771 cum
1312 2740 1366 2771 uno
1382 2739 1430 2760 aut
1446 2734 1534 2762 altero
1561 2742 1613 2762 ms.
1641 2736 1690 2762 ἐπὶ
1709 2737 1766 2771 τήν.
1783 2737 1811 2762 At

1022 2771 1089 2806 mss.
1102 2774 1147 2806 sex
1163 2767 1227 2801 περὶ
1238 2769 1298 2806 τῂν.
1312 2768 1376 2806 Quae
1389 2777 1451 2806 mox
1461 2776 1627 2806 sequuntur,
1638 2767 1812 2806 Ἐξηρέύξιιειο

1020 2799 1037 2841 η
1054 2799 1220 2841 καῇίαμου
1238 2799 1444 2841 λόγονίάγαθόν,
1461 2799 1586 2840 leguntur
1599 2799 1713 2839 quid-Elii
1724 2808 1748 2832 in
1760 2799 1809 2833 Edi-

1020 2835 1100 2875 tione‘
1108 2835 1278 2875 Parisiensi,
1291 2839 1339 2866 sed
1352 2835 1452 2867 desunt
1469 2835 1499 2867 εἴ
1512 2841 1537 2868 in
1552 2835 1658 2869 nostris
1673 2850 1740 2869 mss.
1751 2848 1776 2869 et
1786 2842 1807 2868 in

1016 2870 1132 2898 editione
1149 2871 1231 2900 Basil.
