3818 6220
249 302 363 357 595

1369 308 1656 366 HOMILIA
1695 312 1760 368 IN
1801 312 2136 374 PSALMUM
2183 313 2370 372 XLIV.

3399 323 3504 380 594

250 417 503 486 λέγεσθαι
530 418 704 474 ταῦτα
738 423 866 495 περὶ
898 421 992 477 τοῦ
1026 393 1084 477 έν
1118 423 1260 496 ἀρχῇ
1292 421 1444 488 ὄντος
1486 425 1623 497 πρὸς
1667 426 1818 481 αύτδη

1933 445 2064 486 sona
2090 431 2270 490 Patris
2305 435 2371 491 de
2412 432 2596 492 Verbo
2638 435 2778 506 apud
2806 435 2980 507 ipsum
3019 434 3074 490 in
3109 433 3376 506 principio
3406 451 3504 490 ex-

249 511 446 580 Λόγου,
491 511 551 565 δν
590 513 656 568 ἐκ
700 513 802 584 τῆς
853 515 1015 570 οἱονεὶ
1072 516 1299 586 καρδίας
1351 517 1448 570 καὶ
1489 518 1670 572 αὐτῶν
1719 519 1828 572 τῶν

246 600 594 672 σπλάγχνων,
639 604 792 672 φασὶ,
837 607 1123 676 προήγαγε
1152 606 1262 679 (62)
1286 625 1299 638 ·
1339 609 1435 662 καὶ
1469 609 1580 662 ἀπὸ
1616 610 1829 681 ἀγαθῆς

244 695 475 766 καρδίας
495 695 698 765 ἀγαθὸς
725 697 882 766 λόγος
911 700 1207 772 προῆλθενο
1242 701 1367 772 ἐμοὶ
1401 702 1457 754 δὲ
1482 703 1630 756 δοκεῖ
1655 701 1828 757 ταῦτα

243 789 341 840 ἐπὶ
381 787 443 841 τὸ
477 790 812 860 προφητικὸν
849 791 1215 864 ἀναφέρεσθαι
1257 793 1568 864 πρόσωπον.
1601 795 1683 849 Τὰ
1718 796 1828 868 γὰρ

240 879 441 951 ἑφεξῆς
471 879 568 934 τοῦ
601 881 764 953 ῥητοῦ
793 883 977 938 οὐκέτι
1002 884 1202 955 ὁμοίως
1233 884 1541 956 ἐξομαλίζει
1569 890 1702 958 ἡμῖν
1727 889 1828 958 τὴν

240 973 374 1044 περὶ
409 971 502 1027 τοῦ
548 974 761 1047 Πατρὸς
794 975 1073 1047 ἐξήγησιν.
1125 975 1264 1030 Οὔτε
1297 977 1406 1050 γάρ
1449 978 1516 1033 ἂν
1555 981 1685 1054 περὶ
1722 981 1826 1051 τῆς

236 1065 437 1120 ἑαυτοῦ
466 1065 716 1148 γλώσσης
741 1069 770 1121 6
798 1069 987 1141 Πατὴρ
1013 1067 1186 1136 εἶπεν,
1213 1071 1296 1125 ὅτι
1323 1072 1434 1143 (65)
1474 1074 1547 1129 Ἠ
1575 1073 1827 1145 γλῶσσά

227 1171 355 1222 μου
409 1153 680 1225 κάλαμος
731 1160 1115 1229 γραμματέως
1179 1161 1544 1232 όξυγράφου.
1597 1165 1826 1233 Ὡραῗος

235 1246 453 1301 κάλλει
489 1248 648 1317 παρὰ
685 1251 826 1316 τοὺς
867 1252 1037 1319 υἱοὺς
1073 1254 1192 1308 τῶν
1221 1254 1566 1324 ἀνθρώπων.
1613 1261 1686 1311 υύ
1717 1259 1824 1331 γὰρ

234 1341 303 1391 ὲκ
325 1339 423 1410 τῆς
442 1341 581 1411 πρὸς
598 1343 725 1406 τοὺς
746 1344 1062 1416 ἀνθρώπους
1080 1349 1416 1419 συγκρίσεως
1436 1350 1534 1421 τὴν
1552 1351 1822 1427 ὑπεροχὴν

233 1428 333 1482 τοῦ
356 1431 584 1498 κάλλους
607 1433 736 1504 ἔχει.
755 1437 867 1489 Καὶ
885 1437 1090 1508 προϊών
1113 1456 1245 1509 φησι
1267 1456 1280 1470 ·
1302 1439 1403 1493 Διὰ
1421 1441 1596 1496 τοῦτο
1616 1443 1824 1512 ἔχρισέ

233 1534 312 1574 σε
341 1525 374 1576 ὁ
397 1523 562 1588 Θεὸς,
592 1528 626 1579 ὀ
660 1528 806 1592 Θεός
844 1543 982 1593 σου,
1031 1529 1241 1585 ἔλαιον
1271 1531 1706 1602 ἀγαλλιάσεως.
1744 1537 1820 1590 Οὐ

232 1614 348 1685 γὰρ
379 1611 532 1671 εἶπεν
549 1635 565 1650 ο
601 1620 837 1692 Ἔχρισά
862 1639 919 1676 σε
948 1625 1058 1693 ἐγὼ
1088 1628 1116 1679 ὁ
1141 1625 1440 1692 Θεὸς,ἀλλ’,
1464 1627 1705 1698 Ἕχρισέ
1724 1646 1816 1685 σε·

233 1706 378 1760 ὥστε
416 1711 481 1763 ὲκ
516 1710 706 1765 τούτου
743 1715 1111 1787 παρίστασθαι
1154 1718 1344 1790 ἓτερον
1380 1719 1520 1774 εἶναι
1554 1720 1616 1774 τὸ
1646 1721 1822 1774 διαλε-

1929 525 2157 582 sistente
2190 528 2294 583 dici
2323 545 2338 582 :
2371 530 2534 599 quod,
2558 529 2830 600 inquiunt,
2859 528 3007 584 velut
3040 543 3107 582 ex
3150 531 3313 584 corde
3351 537 3405 584 et
3436 543 3503 583 ex

1931 615 2065 684 ipsis
2114 618 2416 675 visceribus
2471 621 2753 689 produxit;
2809 629 2973 690 atque
3027 635 3092 675 ex
3141 620 3283 675 bono
3341 617 3509 674 corde

1928 706 2129 761 bonum
2155 709 2378 764 verbum
2403 709 2620 780 prodiit.
2647 709 2774 766 Mihi
2798 725 2926 766 vero
2942 710 3190 766 videntur
3209 711 3325 766 haec
3343 710 3496 783 161

1929 798 1996 851 ad
2042 796 2328 868 Propheta
2373 814 2660 870 personam
2701 799 2984 857 referenda
3036 814 3176 856 esse.
3213 799 3346 854 Nam
3379 817 3502 870 quae

1928 890 2070 945 hanc
2099 891 2354 960 deinceps
2399 893 2722 949 sententiam
2768 901 3090 964 sequuntur,
3129 907 3235 948 non
3271 893 3501 964 amplius

1926 999 2079 1052 aeque
2114 984 2328 1053 planam
2359 986 2618 1041 exhibent
2639 986 2796 1042 nobis
2827 989 2893 1042 de
2918 984 3082 1042 Patre
3107 988 3496 1045 narrationem.

1926 1074 2113 1145 Neque
2146 1077 2289 1130 enim
2325 1079 2391 1133 de
2439 1093 2534 1132 sua
2585 1078 2756 1149 ipsius
2805 1077 2988 1150 lingua
3032 1077 3193 1134 Pater
3243 1079 3443 1134 dixerit
3480 1097 3496 1134 :

1926 1168 2132 1237 Lingua
2189 1185 2309 1223 mea
2369 1169 2604 1224 calamus
2663 1170 2849 1224 scriba:
2893 1171 3134 1225 velociter
3198 1170 3496 1226 scribentis.

1925 1259 2093 1314 Vens.
2123 1259 2176 1314 5.
2204 1258 2481 1327 Speciosus
2529 1260 2704 1330 [arma
2735 1277 2844 1331 pra:
2889 1261 3017 1331 ﬁliis
3045 1263 3338 1317 hominum.
3376 1259 3495 1317 Non

1923 1355 2065 1408 enim
2107 1337 2524 1421 pulchritudinis
2557 1354 2921 1423 praestantiam
2966 1369 3034 1410 ex
3067 1353 3307 1410 humana
3355 1368 3498 1410 com-

1923 1443 2203 1514 paratione
2225 1451 2522 1497 mutuatur.
2550 1442 2616 1497 Et
2646 1457 2965 1514 progressus
2994 1445 3072 1499 ait
3103 1443 3144 1475 ³¹
3171 1463 3185 1498 :
3212 1441 3496 1513 Propterea

1924 1533 2076 1586 unxit
2109 1541 2158 1585 te
2188 1531 2328 1586 Deus
2354 1572 2370 1599 ,
2404 1531 2548 1587 Deus
2588 1541 2709 1587 tuus
2734 1573 2750 1600 ,
2783 1533 2897 1588 oleo
2933 1532 3155 1588 ltetitite.
3185 1531 3303 1587 Non
3349 1531 3493 1589 enim

1921 1623 2080 1688 dixit,
2109 1622 2253 1679 Unxi
2289 1632 2340 1678 te
2363 1637 2464 1694 ego
2498 1623 2671 1691 Deus,
2702 1625 2832 1692 sed,
2865 1622 3029 1679 Unxit
3058 1635 3106 1680 te
3147 1623 3322 1691 Deus;
3361 1624 3495 1681 adeo

1919 1724 1981 1771 ut
2009 1731 2075 1771 ex
2104 1717 2209 1772 hoc
2236 1727 2448 1773 constet
2475 1718 2638 1773 aliam
2669 1732 2790 1774 esse
2827 1717 3140 1789 loquentem
3178 1732 3489 1796 personam.

232 1803 466 1873 γόμενον
511 1806 822 1877 πρόσωπον.
870 1809 1028 1863 Ποῖον
1068 1805 1161 1865 οὖν
1197 1789 1313 1866 ἐστι
1343 1812 1501 1866 τοῦτο
1537 1813 1569 1885 ἢ
1610 1814 1639 1866 6
1672 1815 1818 1885 Προ-

1921 1808 2050 1875 Quze
2075 1809 2241 1878 igitur
2267 1809 2383 1866 haec
2411 1821 2514 1877 est,
2543 1810 2644 1866 nisi
2674 1811 2944 1882 Propheta
2969 1811 3105 1880 ipse,
3130 1789 3222 1881 qui
3255 1794 3491 1865 amatum

233 1897 414 1968 φήτης
441 1901 470 1952 6
498 1901 754 1972 χωρήσας
780 1903 877 1976 τὴν
903 1903 996 1956 τοῦ
1023 1904 1180 1972 ἁγίου
1204 1905 1521 1977 Πνεύματος
1551 1907 1632 1971 είς
1656 1907 1819 1961 αὐτὸν

229 1991 534 2064 γενομένην
552 1993 831 2065 ἐνέργειαν
850 2012 864 2062 ;
895 1996 1312 2065 Ἑξηρεύξατο,
1333 1999 1518 2072 φησὶν,
1540 1999 1579 2069 ἡ
1606 1999 1820 2069 καρδία

221 2100 350 2152 μου
372 2087 561 2156 λόγον
584 2089 828 2159 ἀγαθόν.
861 2092 1079 2165 Ἐπειδὴ
1099 2094 1207 2166 γὰρ
1235 2097 1268 2166 ή
1303 2095 1471 2167 ἐρυγή
1502 2095 1620 2151 ἐστι
1653 2097 1818 2152 πνεῦ-

231 2192 312 2244 μα
344 2177 574 2249 κρύφιον
604 2181 745 2236 κατά
776 2184 876 2256 τὴν
909 2184 1059 2250 ζέσιν
1091 2186 1192 2258 τῆς
1230 2188 1439 2259 τροφῆς
1469 2189 1818 2263 ἀπορρηγνυ-

231 2269 412 2338 μένων
441 2273 550 2327 τῶν
582 2275 946 2346 πομφολύγων
979 2279 1072 2332 ἐπὶ
1103 2279 1164 2332 τὸ
1209 2279 1321 2334 ἄνω
1352 2281 1758 2353 διαπνεόμενον,
1787 2285 1816 2338 6

224 2363 459 2432 τραφεὶς
485 2365 564 2436 τῷ
593 2367 756 2431 ζῶντι
789 2368 938 2440 ἄρτῳ
959 2370 1036 2442 τῷ
1058 2372 1122 2424 ὲκ
1146 2372 1240 2426 τοῦ
1261 2372 1321 2425 οὐ
1331 2373 1493 2444 ρανοῦ
1519 2375 1816 2431 καταϐάντι

223 2453 328 2508 καὶ
353 2453 549 2510 διδόντι
583 2458 729 2530 ζωὴν
754 2459 834 2531 τῷ
861 2461 1072 2532 κόσμῳ,
1108 2463 1201 2516 καὶ
1227 2465 1254 2517 6
1284 2464 1620 2537 ἐμπλησθεὶς
1653 2469 1815 2522 παντὶ

225 2547 439 2617 ῥήματι
469 2549 884 2624 ἐκπορευομένῳ
915 2553 1004 2608 διὰ
1053 2555 1320 2625 στόματος
1353 2557 1511 2623 Θεοῦ,
1545 2560 1688 2614 κατὰ
1714 2560 1814 2633 τήν

219 2635 328 2706 τῆς
367 2636 587 2710 Γραφῆς
645 2642 845 2714 συνήθη
891 2643 1271 2716 τροπολογίαν,
1321 2646 1355 2717 ἡ
1403 2651 1670 2719 τραφεῖσα
1699 2651 1811 2715 τοῖς

220 2727 394 2799 ἱεροῖς
445 2729 728 2803 μαθήμασι
789 2735 974 2806 ψυχὴ,
1029 2736 1336 2811 πρόσφορον
1388 2743 1500 2804 τοῖς
1558 2739 1810 2812 βρώμασι

221 2821 472 2891 προΐεται
506 2823 605 2896 τὴν
654 2826 876 2898 ἐρυγήν.
915 2827 1014 2882 Διά
1051 2829 1233 2895 τοῦτο,
1273 2829 1462 2901 ἐπειδὴ
1503 2832 1695 2904 λογικὴ
1740 2829 1810 2906 ἦν

221 2912 320 2965 καὶ
353 2913 529 2986 ἀγαθὴ
553 2918 585 2988 ή
614 2919 809 2990 τροφή,
833 2919 988 2988 λόγον
1017 2921 1218 2990 ἀγαθὸν
1243 2922 1588 2995 ἐξερεύγεται
1617 2927 1644 2979 6
1670 2925 1810 3000 Προ-

220 3004 424 3076 νήτης.
474 3007 536 3061 '0
575 3009 686 3082 γὰρ
718 3010 939 3080 ἀγαθὸς
981 3012 1291 3082 ἅνθρωπος
1319 3016 1387 3070 ἐκ
1427 3017 1534 3072 τοῦ
1583 3018 1807 3088 ἀγαθοῦ

1920 1900 2156 1970 Spiritus
2213 1901 2388 1958 sancti
2439 1903 2494 1958 in
2535 1917 2594 1958 se
2622 1901 2874 1958 diffusum
2923 1903 3168 1972 recepit?
3217 1901 3491 1956 Eructavit

1918 2010 2011 2048 cor
2031 2010 2223 2061 meum,
2265 1994 2462 2064 inquit,
2494 1995 2705 2050 verbum
2731 1997 2939 2050 bonum.
2967 1994 3100 2050 Cum
3130 1994 3276 2049 enim
3307 2002 3493 2048 ructus

1916 2085 2077 2141 ﬂatus
2117 2087 2190 2142 sit
2217 2086 2461 2142 occultus
2484 2125 2500 2152 ,
2527 2086 2621 2158 qui
2646 2127 2662 2153 ,
2688 2086 2850 2142 bullis
2893 2087 2962 2142 ob
2999 2086 3199 2156 sumpti
3249 2084 3490 2140 alimenti

1916 2178 2187 2234 fervorem
2235 2180 2644 2250 erumpentibus
2672 2219 2688 2246 ,
2733 2195 2948 2236 sursum
2987 2192 3178 2234 versus
3219 2176 3489 2244 diﬁlatur;

1916 2271 2009 2342 qui
2056 2271 2290 2327 nutritus
2336 2280 2422 2328 est
2475 2285 2615 2342 pane
2665 2271 2760 2329 illo
2808 2271 3058 2338 vivente,
3090 2269 3182 2340 qui
3239 2270 3306 2324 de
3351 2267 3491 2325 calo

1915 2367 2218 2434 descendit,
2248 2368 2447 2438 datque
2467 2365 2635 2422 vitam
2661 2366 2863 2422 mundo
2892 2364 2960 2433 ³¹,
2991 2373 3044 2421 et
3064 2362 3210 2420 omni
3233 2360 3397 2418 verbo
3423 2375 3490 2417 ex

1913 2475 2010 2516 ore
2043 2459 2137 2515 Dei
2163 2461 2463 2530 prodeunte
2489 2459 2536 2492 ³³
2562 2469 2840 2516 saturatus
2861 2467 2963 2524 est,
2988 2456 3142 2527 juxta
3174 2461 3488 2512 consuetam

1913 2551 2211 2622 Scriptura:
2238 2552 2613 2623 tropologiam,
2650 2555 2865 2620 anima,
2897 2552 3138 2624 inquam,
3170 2548 3341 2605 sacris
3364 2562 3490 2604 enu-

1912 2645 2040 2697 trita
2071 2643 2393 2714 disciplinis,
2422 2642 2832 2699 convenientem
2860 2642 3055 2699 eduliis
3089 2649 3302 2696 ructum
3333 2639 3489 2695 emit-

1913 2737 1995 2792 tit.
2047 2737 2392 2807 Quapropter
2442 2752 2565 2792 cum
2621 2735 2882 2808 spiritalis
2926 2743 3101 2802 esset,
3145 2734 3488 2804 optimusque

1910 2829 2087 2894 cibus,
2111 2829 2378 2899 Propheta
2404 2829 2626 2884 verbum
2655 2831 2850 2883 bonum
2873 2836 3110 2882 eructat.
3139 2824 3319 2880 Bontt;
3341 2826 3485 2880 enim

1908 2921 2063 2975 homo
2093 2935 2157 2975 ea:
2184 2919 2316 2974 bono
2346 2919 2526 2974 cordis
2557 2919 2640 2974 sui
2678 2920 2924 2973 thesauro
2964 2917 3158 2970 bonum
3188 2915 3390 2986 profert
3417 2913 3483 2968 “.

1911 3011 2230 3080 Quaeramus
2260 3012 2442 3082 itaque
2469 3020 2523 3065 et
2549 3025 2650 3065 nos
2687 3025 2715 3063 a
2749 3007 2916 3064 verbo
2946 3007 3148 3072 cibum,
3184 3007 3250 3060 ad
3287 3005 3488 3060 anima-

219 3100 534 3168 θησαυροῦ
563 3101 664 3172 τῆς
694 3103 922 3175 καρδίας
953 3105 1118 3160 αὑτοῦ
1147 3109 1428 3178 προφέρει
1453 3111 1521 3165 τὸ
1554 3113 1802 3183 ἀγαθόν.

1914 3123 2026 3163 rum
2071 3117 2380 3163 nostrarum
2423 3106 2762 3162 saturitatem
2798 3103 3006 3174 (Justus
3042 3101 3216 3167 enim,
3259 3098 3478 3168 inquit,

215 3191 556 3263 Ζητήσωμεν
585 3190 678 3248 οὖν
724 3197 819 3250 καὶ
843 3197 1009 3268 ἡμεῖς
1035 3199 1133 3268 τὴν
1161 3202 1269 3255 ἀπὸ
1297 3203 1390 3256 τοῦ
1418 3203 1577 3272 λόγου
1599 3205 1807 3277 τροφήν

1914 3201 2181 3256 comedens
2225 3199 2400 3270 implet
2446 3200 2678 3252 animam
2721 3212 2871 3252 suam
2899 3194 2992 3264 ³⁸),
3035 3205 3093 3248 ut
3121 3205 3221 3263 pro
3273 3189 3486 3244 ratione

214 3282 301 3344 είς
334 3282 618 3356 πλήρωσιν
641 3286 749 3340 τῶν
777 3287 964 3358 ψυχῶν
999 3291 1154 3362 ήμῶν
1183 3294 1438 3363 (Δίκαιος
1472 3297 1802 3370 γὰρ,φησὶν,

210 3370 460 3438 ἐσθίων,
505 3376 842 3458 ἐμπίπλησι
874 3382 990 3452 τὴν
1029 3385 1246 3455 ψυχὴν
1287 3388 1518 3459 αὐτοῦ),
1548 3390 1633 3443 ἵνα
1664 3388 1807 3444 κατὰ

211 3461 320 3532 τὴν
345 3463 634 3533 ἀναλογίαν
667 3461 740 3523 ὧν
771 3471 1106 3544 τρεφόμεθα,
1140 3475 1201 3528 ού
1241 3476 1334 3530 τὸν
1362 3479 1594 3547 τυχόντα
1625 3479 1802 3550 λόγον,

213 3551 358 3608 ἀλλά
389 3555 590 3625 ἀγαθὸν
617 3559 1046 3640 ἀναπέμπωμεν.
1089 3566 1146 3620 '0
1175 3566 1287 3639 γὰρ
1318 3571 1557 3642 πονηρὸς
1586 3570 1803 3644 ἄνθρω-

212 3660 344 3710 πος,
397 3648 500 3702 ὑπὸ
559 3651 846 3725 μοχθηρῶν
877 3655 1162 3725 δογμάτων
1200 3660 1552 3734 ἀνατραφεὶς,
1587 3663 1804 3737 ἐξερεύ-

213 3751 375 3804 γεται
406 3742 472 3811 τῇ
508 3742 706 3814 καρδίᾳ
749 3743 906 3816 λόγον
950 3750 1206 3820 πονηρόν.
1239 3753 1349 3824 Ούχ
1380 3756 1512 3827 ὁρᾷς
1544 3758 1706 3810 ὁποῖα
1734 3757 1804 3812 τὰ

214 3827 464 3897 στόματα
493 3831 600 3886 τῶν
631 3837 922 3906 αἱρετικῶν
945 3840 1346 3914 ἀπερεύγεται;
1371 3847 1446 3910 ὡς
1472 3847 1685 3919 χαλεπὰ
1708 3849 1804 3904 καὶ

208 3917 450 3992 δυσώδη,
509 3923 708 3998 πολλήν
757 3945 882 3984 τινα
925 3932 1025 4002 τήν
1067 3935 1126 3987 ὲν
1174 3935 1253 4006 τῷ
1301 3917 1661 4007 βάθειηνόσον
1694 3941 1802 3996 τῶν

206 4009 422 4107 ἀθλίων
447 4019 891 4089 κατηγοροῦντας
935 4023 998 4076 '0
1043 4024 1154 4096 γὰρ
1198 4029 1462 4097 πονηρὸς
1491 4029 1803 4101 ἄνθρωπος

204 4100 285 4156 ἐκ
317 4102 423 4156 τοῦ
453 4107 719 4175 πονηροῦ
746 4113 1052 4182 θησαυροῦ
1083 4119 1181 4188 τῆς
1209 4119 1434 4191 καρδίας
1463 4121 1627 4177 αὐτοῦ
1656 4100 1801 4193 atpo-

206 4193 382 4290 μέρει
403 4195 777 4290 τὸμπονηρόν.
794 4203 885 4275 Μὴ
909 4204 972 4277 δὴ
999 4202 1112 4273 οὖν,
1131 4210 1462 4282 κνηθόμενος
1485 4214 1583 4286 τὴν
1608 4217 1798 4290 ἀκοὴν,

208 4286 593 4360 ἑπισωρεύσῃς
611 4291 822 4363 σεαυτῷ
835 4293 1207 4365 διδασκάλους,
1229 4300 1383 4355 νόσον
1404 4286 1801 4374 ἐνεργάσασθαι

205 4381 330 4442 τοῖς
375 4381 724 4454 σπλάγχνοις
751 4403 842 4439 σου
874 4387 1220 4460 δυναμένους,
1274 4395 1368 4448 καὶ
1413 4399 1666 4471 πονηρῶν
1716 4418 1799 4455 σοι

209 4473 478 4544 ῥημάτων
509 4476 711 4549 ὲρυγὴν
745 4479 1076 4552 προξενῆσαι
1106 4483 1240 4552 (64),
1273 4485 1342 4539 δι’
1377 4481 1452 4542 ὧν
1485 4490 1701 4560 μέλλεις
1738 4495 1796 4549 ὲν

205 4567 279 4636 τῇ
313 4565 495 4637 ἡμέρᾳ
518 4571 617 4639 τῆς
643 4570 876 4651 κρίσεως
898 4575 1378 4641 καταδικάζεσθαι.
1419 4581 1514 4634 Ἐκ
1535 4581 1647 4653 γὰρ
1677 4582 1798 4638 τῶν

203 4658 413 4725 λόγων
443 4675 581 4727 σου,
618 4663 772 4733 φησὶ,
817 4663 1205 4738 δικαιωθήσῃ,
1235 4671 1335 4724 καὶ
1361 4671 1432 4725 ἐκ
1461 4673 1580 4728 τῶν
1601 4677 1798 4746 λόγων

202 4764 334 4802 σου
375 4751 891 4825 καταδικασθήσῃ.
936 4758 1100 4828 Λέγω
1130 4760 1246 4830 ἐγὼ
1275 4761 1348 4816 τὰ
1377 4763 1521 4834 ἔργα
1553 4784 1674 4835 μου
1713 4767 1795 4834 τῷ

195 4839 476 4904 βασιλεῖ.
513 4843 660 4896 Πάνυ
690 4847 956 4918 προσάγει
985 4851 1134 4921 ἡμᾶς
1181 4855 1246 4924 τῇ
1295 4853 1506 4926 διανοίᾳ
1533 4855 1628 4909 τοῦ
1660 4874 1793 4928 προ-

205 4931 447 5004 φητικοῦ
475 4935 769 5004 προσώπου
796 4941 890 4993 καὶ
917 4940 1074 4995 τοῦτο
1098 4943 1159 4997 τὸ
1185 4945 1335 5016 ῥῆμα
1356 4963 1370 4976 ·
1394 4945 1557 5019 Λέγω
1575 4948 1691 5019 ἐγὼ
1722 4950 1795 5004 τὰ

201 5025 358 5094 ἔργα
382 5043 504 5095 μου
549 5026 630 5094 τῷ
660 5030 941 5094 ,βασιλεῖ’
975 5035 1098 5089 om
1142 5037 1260 5103 τοῦ,
1299 5039 1794 5113 Ἐξομολογήσομαι

201 5117 290 5188 τῷ
323 5122 506 5191 κριτῇ,
553 5123 650 5177 καὶ
681 5125 1050 5198 προλαμδάνω
1079 5129 1174 5183 τὸν
1219 5132 1542 5204 κατήγορον,
1575 5133 1661 5188 διὰ
1694 5135 1796 5206 τῆς

204 5211 473 5284 περὶτῶν
509 5213 653 5270 ἰδίων
678 5215 854 5290 ἔργων
889 5220 1246 5291 ἀπαγγελίας.
1287 5222 1536 5297 Ἐντολήν
1573 5227 1683 5298 γὰρ
1715 5229 1794 5282 εί-

1906 3308 2092 3350 eorum
2145 3291 2343 3364 quibus
2397 3290 2614 3357 alimur,
2645 3304 2751 3345 non
2807 3287 3073 3360 vulgare,
3125 3283 3221 3341 sed
3282 3283 3482 3338 bonum

1904 3387 2130 3442 verbum
2181 3386 2518 3440 emittamus.
2569 3378 2709 3437 Nam
2747 3380 2927 3436 malus
2968 3377 3167 3444 homo,
3217 3373 3485 3445 dogmatis

1906 3482 2088 3551 pravis
2116 3480 2409 3544 enutritus,
2442 3494 2511 3535 ex
2541 3479 2706 3534 corde
2737 3489 2965 3547 pravum
2992 3471 3216 3529 verbum
3247 3475 3480 3524 eructat.

1905 3572 2024 3628 Non
2061 3573 2209 3628 vides
2237 3571 2417 3642 qualia
2451 3577 2703 3625 eructent
2731 3582 2825 3622 ora
2862 3561 3281 3621 haereticorum?
3319 3573 3481 3630 quam

1906 3663 2123 3736 gravia,
2161 3677 2324 3732 quam
2356 3661 2520 3716 fetida
2544 3701 2561 3727 ,
2602 3673 2856 3728 magnum
2899 3654 3186 3726 quemdam
3233 3651 3481 3707 morbum
3525 3713 3531 3725 ι

1906 3757 1960 3811 in
2004 3757 2194 3812 intimo
2246 3753 2568 3810 miserorum
2622 3751 2840 3806 illorum
2873 3755 3096 3818 pectore
3147 3741 3482 3800 indicantia?

1907 3847 2051 3903 Nam
2081 3845 2254 3901 malus
2291 3847 2445 3899 homo
2473 3860 2538 3900 ea:
2570 3843 2714 3898 malo
2747 3841 2930 3898 cordis
2962 3839 3046 3896 sui
3089 3839 3338 3893 thesauro
3369 3851 3482 3903 pro-

1903 3939 2005 4010 {ert
2027 3937 2226 3991 malum
2252 3935 2320 3990 ³⁸.
2347 3933 2425 3989 Ne
2455 3935 2616 4005 igitur
2640 3932 2894 4003 pruriens
2915 3929 3160 3995 auribus,
3189 3938 3480 3983 coacerves

1905 4028 2003 4083 tibi
2054 4027 2344 4098 magistros
2375 4026 2451 4094 ",
2477 4025 2570 4097 qui
2613 4023 2917 4080 visceribus
2955 4022 3064 4077 tuis
3100 4020 3353 4076 morbum
3392 4017 3478 4071 iu-

1904 4119 2049 4176 l‘erre
2077 4120 2328 4188 valeant,
2358 4117 2563 4187 tibique
2606 4130 2900 4186 pravorum
2943 4112 3229 4170 verborum
3266 4120 3479 4166 ructum

1903 4225 2112 4278 creare,
2154 4211 2224 4266 ob
2253 4225 2373 4281 qua:
2399 4209 2451 4263 in
2477 4209 2566 4264 die
2590 4207 2779 4277 judicii
2809 4203 3314 4262 condemnationem
3361 4202 3480 4256 sub-

1905 4305 2080 4360 iturus
2099 4304 2195 4358 sis.
2222 4301 2307 4356 Ea:
2328 4302 2501 4356 verbis
2525 4302 2664 4356 enim
2682 4301 2809 4367 tuis,
2838 4299 3035 4366 inquit,
3057 4295 3438 4367 justiﬁeaberis
3461 4333 3476 4357 ,

1903 4408 1950 4452 et
1983 4413 2048 4451 ea:
2064 4395 2230 4451 verbis
2256 4396 2358 4449 tuis
2382 4395 2809 4450 condemnaberis
2835 4393 2900 4446 ³⁸.
2920 4393 3052 4447 Dico
3071 4408 3165 4462 ego
3186 4405 3341 4460 opera
3361 4403 3475 4441 mea

1831 4469 1876 4525 D
1902 4490 2030 4560 regi.
2061 4488 2292 4544 Maxime
2331 4488 2551 4542 adducit
2577 4501 2713 4551 nos,
2752 4494 2812 4566 ut
2858 4485 3139 4555 Propheta:
3181 4494 3470 4553 personam

1904 4581 2288 4657 intelligamus,
2326 4588 2380 4635 et
2409 4581 2513 4634 hoc
2548 4580 2769 4634 verbum
2803 4596 2816 4632 :
2862 4577 2996 4632 Dico
3031 4593 3124 4646 ego
3164 4589 3323 4644 opera
3361 4588 3477 4624 mea

1905 4674 2057 4742 regi:
2105 4675 2207 4727 hoc
2250 4677 2374 4738 est,
2407 4667 2717 4725 Conlitebor
2761 4666 2967 4736 iudici,
3022 4673 3078 4720 et
3107 4669 3476 4720 accusatorem

1902 4775 2277 4826 antevertam,
2313 4777 2412 4834 per
2461 4775 2684 4832 operum
2730 4758 3071 4830 propriorum
3126 4755 3474 4812 delationem.

1901 4857 2008 4927 lpsi
2050 4857 2193 4912 enim
2240 4855 2554 4911 mandatum
2588 4854 2942 4925 accepimus,
2971 4850 3112 4921 quod
3155 4850 3234 4906 sic
3263 4847 3426 4902 habet
3461 4862 3474 4896 ε

1903 4951 2000 5005 Dic
2043 4960 2099 5004 tu
2147 4951 2350 5019 primus
2394 4949 2698 5020 iniquitates
2737 4955 2892 5011 tuas,
2946 4952 3007 4999 ut
3046 4939 3361 5015 justiﬁceris
3409 4937 3474 4992 ".

1903 5045 2107 5116 Lingua
2161 5061 2274 5099 mea
2339 5043 2576 5098 calamus
2638 5041 2824 5096 scribta
2880 5039 3127 5096 velociter
3181 5034 3475 5092 scribentis.

1902 5137 2366 5207 Quemadmodum
2400 5138 2642 5193 calamus
2672 5135 3093 5190 instrumentum
3135 5140 3220 5188 est
3247 5131 3479 5200 scripto-

1902 5229 2072 5294 rium,
2107 5242 2269 5300 quem
2303 5228 2465 5300 periti
2500 5226 2780 5297 cujusdam
2825 5241 3018 5283 manus
3064 5234 3246 5282 movet
3273 5225 3342 5280 ad
3369 5224 3479 5278 for-

353 5415 508 5503 .loan.
542 5419 718 5503 xv,_§.
873 5421 1026 5503 ξορρ.
1055 5438 1130 5489 vr,
1161 5424 1251 5503 33:.
1327 5426 1384 5503 ’1
1405 5426 1706 5503 Deut._vtn,
1742 5430 1800 5500 3;

1914 5433 2028 5488 Illh.
2072 5448 2143 5498 tv,
2188 5433 2244 5488 4.
2319 5434 2368 5466 ³⁵
2405 5434 2592 5494 Matth.
2627 5450 2744 5502 xu,
2790 5434 2879 5490 55.
2957 5435 3186 5493 "Prov.
3229 5451 3350 5503 xm,
3383 5413 3491 5489 25..

202 5489 255 5522 ³³
285 5489 478 5544 Matth.
511 5507 610 5558 xu,
633 5492 727 5548 35.
801 5493 846 5525 "
869 5493 912 5548 ll
933 5492 1075 5550 Tim.
1098 5510 1183 5562 tv,
1209 5496 1262 5551 5.
1341 5497 1386 5529 ³⁸
1425 5497 1616 5555 Matth.
1661 5489 1818 5568 1th,"!

1980 5503 2024 5535 ⁸³
2056 5489 2158 5558 Ιεᾰ.
2187 5519 2317 5560 xutt
2339 5545 2354 5572 ,
2385 5504 2476 5558 26.

429 5665 562 5750 ﬁes.
588 5669 854 5750 secundus
881 5671 1225 5750 σπλάγχνων,
1245 5677 1403 5750 φησὶ,
1416 5678 1792 5750 προσήγαγεν.

285 5740 399 5808 (65)
429 5737 520 5792 Sic
544 5740 779 5809 quinque
801 5756 933 5797 mss.
966 5737 1122 5800 Dec'St
1149 5737 1230 5798 ὅτι
1257 5737 1322 5803 in
1341 5737 1530 5803 editis.

1977 5680 2088 5761 (64-)
2110 5681 2216 5761 __Si_c
2249 5681 2400 5761 Ifegii
2427 5685 2696 5761 secundus
2708 5695 2774 5761 _et
2807 5687 2997 5744 tertius
3027 5703 3147 5744 cum
3181 5688 3332 5744 Colb.
3363 5691 3476 5761 ρι’ἰη

1901 5769 2010 5808 mo.
2047 5752 2222 5807 Editio
2261 5753 2433 5808 Paris.
2472 5754 2853 5826 προξενοῦσαι.
