3818 6220
369 280 477 337 395
1680 280 1736 334 S.
1780 279 2029 335 BASILII
2065 280 2279 336 MAGNI
3527 279 3661 343 ι’)ςῖ

372 396 601 451 mandes
627 410 813 451 eorum
837 410 956 464 quae
979 397 1266 453 scribenda
1300 406 1425 452 sunt
1451 399 1795 454 characteres
1814 442 1828 465 ,
1867 399 1880 453 i

2153 417 2293 470 αμεν
2334 399 2433 470 τὴν
2478 399 2742 469 λέγουσαν
2766 416 2780 430 ·
2814 398 2962 470 Λέγε
2986 402 3068 454 σὺ
3104 401 3331 469 πρῶτος
3370 404 3661 473 ἀνομίας

370 499 425 542 et
449 488 578 555 justi
603 486 801 556 lingua,
839 485 1043 555 Spiritu
1074 496 1261 541 sancto
1286 501 1405 541 eam
1442 496 1710 553 movente,
1738 486 1790 541 in
1831 502 1878 541 ci

2152 511 2183 555 ν,
2207 493 2307 544 ἵνα
2333 491 2649 560 δικαιωθῇς
2670 491 2806 563 (65).
2844 494 2909 546 'H
2936 491 3189 563 γλῶσσά
3206 512 3326 563 μου
3354 495 3660 564 arduam;-

374 579 620 633 dentium
675 579 929 633 cordibus
983 578 1146 634 verba
1202 578 1329 633 vitae
1384 587 1600 635 aeternae
1657 580 1876 634 inscribi

2150 580 2423 649 ψματέως
2475 581 2840 650 όξυγράςρου.
2899 582 3111 652 Ὥσπερ
3136 582 3245 653 (66)
3292 586 3322 636 ὁ
3375 584 3658 655 κάλαμος

371 686 478 724 non
529 678 832 723 atramento
899 670 1100 737 tincta,
1156 671 1253 725 sed
1303 670 1506 740 Spiritu
1568 668 1663 723 Dei
1716 671 1821 724 vivi
1872 669 1879 696 ‘

2151 671 2274 723 ανόν
2305 671 2421 723 ἐστι
2467 670 2757 741 γραφικὸν,
2793 673 2890 741 τῆς
2920 671 3100 741 χειρὸς
3136 670 3228 724 τοῦ
3260 673 3659 743 ἐπιστήμονος

375 760 564 815 Scriba
588 762 753 831 igitur
772 770 854 816 est
885 761 1121 830 Spiritus
1159 770 1408 826 sanctus,
1448 762 1701 831 quoniam
1728 762 1883 831 sapiet

2150 760 2302 831 >ύσης
2327 760 2487 813 αὐτὸν
2515 762 2595 823 είς
2624 759 2723 830 τὴν
2748 761 2874 831 περὶ¹
2898 760 3005 813 τῶν
3032 761 3392 832 γραφομένων
3419 763 3658 832 ἀποση-

374 859 477 915 est,
530 859 586 907 et
635 866 824 906 omnes
877 851 1112 917 docens;
1166 852 1426 906 velociter
1479 866 1607 906 vero
1663 852 1882 906 scriben:

2150 871 2274 906 ωσιν
2300 871 2312 883 ·
2343 852 2486 906 οὕτω
2512 852 2606 905 καὶ
2646 854 2680 922 ή
2713 852 2805 904 τοῦ
2836 851 3045 906 δικαίου
3077 853 3317 921 γλῶσσα,
3350 854 3658 917 κινοῦντος

376 943 503 1011 quia
556 943 711 997 velox
760 951 843 998 est
904 944 1102 999 mentis
1158 954 1356 999 motus.
1417 943 1784 1013 Cogitationes
1848 957 1884 996 a‘

2150 944 2215 1016 ὴν
2241 945 2337 999 τοῦ
2365 945 2518 1014 ἁγίου
2544 944 2880 1016 Πνεύματος,
2911 945 3174 1013 ἐγγράφει
3191 943 3259 997 τά
3282 946 3516 1015 ῥήματα
3533 945 3656 1014 τῆς

375 1050 485 1094 tem
555 1039 713 1095 nobis
793 1038 1042 1094 inscribit
1120 1038 1393 1107 Spiritus,
1449 1040 1568 1092 Non
1631 1040 1688 1092 in
1749 1038 1883 1092 tabul

2146 1037 2266 1090 Nlou
2290 1036 2433 1107 ζωῆς
2456 1039 2576 1102 ταῖς
2603 1037 2851 1107 καρδίαις
2870 1036 2977 1090 τῶν
3001 1037 3363 1089 πιστευόντων
3386 1053 3403 1065 ·
3429 1036 3654 1105 βαπτο-

377 1130 623 1198 lapideis,
652 1129 740 1183 sed
756 1130 812 1182 in
834 1129 1025 1184 tabulis
1056 1129 1231 1183 cordis
1254 1128 1554 1183 carnalibus
1582 1129 1648 1182 “.
1673 1128 1885 1184 Caetera

2143 1145 2184 1198 ιη
2223 1128 2284 1180 ού
2320 1128 2529 1198 μέλανι,
2555 1127 2690 1181 ἀλλὰ
2716 1127 2993 1198 Πνεύματι
3020 1126 3155 1181 Θεοῦ
3192 1127 3417 1191 ζῶντος.
3441 1128 3483 1179 Γ
3487 1146 3651 1199 pay.-

376 1238 474 1292 pro
515 1223 723 1277 ratione
765 1222 1068 1277 latitudinis
1112 1221 1329 1284 cordis,
1376 1220 1529 1290 plura
1561 1220 1640 1274 vel
1689 1220 1879 1288 paucio

2143 1220 2251 1282 τεὺς
2294 1214 2386 1273 οὖν
2429 1220 2490 1272 τὸ
2530 1219 2684 1287 ἅγιον
2714 1218 2959 1289 Πνεῦμα,
2999 1218 3131 1272 διότι
3181 1219 3343 1288 σοφόν
3373 1222 3499 1271 ἐστι
3539 1222 3651 1274 καὶ

379 1313 616 1383 Spiritus
654 1313 908 1368 cordibus
935 1311 1220 1367 inscribit:
1248 1326 1368 1380 qua:
1397 1320 1486 1367 aut
1508 1309 1791 1366 manifesta
1817 1326 1879 1364 su

2144 1306 2353 1360 ικτικὸν
2396 1307 2650 1365 ἁπάντων
2674 1322 2685 1334 ·
2727 1305 3033 1376 ἥυγράφον
3076 1307 3154 1371 δὲ,
3191 1307 3326 1360 διότι
3355 1307 3512 1373 ὀξεῖα
3537 1309 3652 1376 τῆς

377 1404 650 1469 omnibus,
684 1411 775 1458 aut
803 1402 1140 1465 obscuriora,
1178 1404 1475 1457 secundum
1512 1403 1763 1471 puritatis
1804 1417 1885 1471 prs

2146 1398 2281 1461 ψοίας
2314 1400 2348 1469 ὴ
2393 1398 2626 1470 κίνησις.
2660 1398 2928 1468 Νοήματα
2957 1397 3014 1451 δὲ
3063 1399 3193 1467 ἡμῖν
3245 1399 3528 1467 ἐγγράφει
3579 1400 3654 1451 τὸ

379 1494 736 1561 parationem.
786 1493 869 1551 0b
915 1494 1239 1564 scriptorum
1292 1508 1420 1549 vero
1452 1494 1783 1549 celeritatem
1833 1494 1887 1562 ja

2142 1490 2295 1561 εὖμα,
2345 1491 2467 1544 Οὐκ
2501 1490 2571 1542 ὲν
2619 1488 2805 1551 πλαξὶ
2852 1489 3128 1553 λιθίναις,
3175 1488 3312 1541 ἀλλ’
3342 1489 3415 1541 ἐν
3445 1490 3650 1556 πλαξὶ

382 1594 529 1641 totus
572 1591 836 1639 terrarum
881 1587 1028 1641 orbis
1071 1586 1363 1657 Evangelio
1390 1586 1623 1656 repletus
1658 1596 1761 1640 est.
1813 1585 1890 1651 Qu

2148 1582 2295 1648 >ὃιας
2319 1581 2654 1649 σαρκίναις.
2678 1580 2835 1634 Κατά
2856 1580 2916 1633 δέ
2938 1581 3037 1651 τὴν
3058 1578 3351 1648 ἀναλογίαν
3375 1582 3478 1633 τοῦ
3505 1581 3656 1634 πλά-

380 1686 563 1731 autem
620 1686 940 1747 sequuntur,
990 1692 1053 1732 ea
1108 1677 1265 1732 nobis
1295 1678 1468 1731 visum
1517 1686 1599 1731 est
1646 1690 1859 1730 sumere

2149 1693 2175 1738 ς
2199 1675 2299 1745 τῆς
2328 1674 2574 1746 καρδίας,
2607 1672 2825 1726 πλείονα
2867 1673 2900 1743 ἢ
2930 1673 3185 1727 ἐλάττονα
3215 1674 3493 1742 ἐγγράφει
3518 1676 3651 1736 ταῖς

378 1768 594 1835 proprio
627 1742 923 1837 principio,
974 1784 1074 1825 nec
1109 1769 1264 1840 162
1293 1769 1661 1836 superioribus
1712 1782 1886 1822 conne

2138 1742 2303 1837 ρδίαις
2329 1742 2667 1836 ’τὸ-Πνεῦμα,
2689 1765 2723 1835 ἢ
2750 1742 2960 1834 ἐκφανῆ
2992 1768 3175 1829 πᾶσιν,
3200 1767 3231 1837 ἢ
3259 1766 3646 1837 ἀμυδρότερα.

376 1864 511 1923 tere,
530 1857 622 1913 sed
641 1861 987 1928 sequentibus
1007 1859 1313 1930 adiungere.
1333 1859 1463 1913 llluo
1482 1861 1644 1927 enim,
1668 1860 1881 1928 Species

2143 1859 2193 1911 τὰ
2224 1858 2322 1929 τήν
2366 1857 2827 1930 προπαρασκευήν
2867 1859 2965 1928 τῆς
2996 1858 3389 1929 καθαρότητος.
3441 1859 3548 1911 Διά
3590 1858 3651 1910 δὲ

376 1946 587 2013 forma,
642 1949 711 2003 ad
782 1950 1065 2006 Dominum
1118 1950 1308 2005 referri
1361 1952 1639 2016 ducimus,
1716 1964 1884 2020 person

2158 1949 2321 2018 τάχος
2364 1948 2472 2002 τῶν
2519 1946 2879 2019 γραφομένων
2927 1948 3142 2020 πλήρης
3191 1950 3345 2002 πᾶσα
3379 1948 3579 2001 λοιπὸν
3612 1950 3648 2017 ή

377 2047 727 2093 commutata.
2047 2040 2339 2111 οἰκουμένη
2379 2039 2473 2093 τοῦ
2518 2039 2852 2110 Εύαγγελίου
2876 2039 3187 2110 γεγένηται.
3222 2040 3295 2093 Τὸ
3335 2039 3397 2093 δὲ
3438 2041 3650 2110 ἐφεξῆς

374 2125 470 2178 τοῦ
504 2129 666 2199 ῥητοῦ
714 2131 821 2184 ἀπὸ
862 2132 997 2196 ἰδίας
1041 2133 1213 2204 ἀρχῆς
1246 2132 1422 2197 ἔδοξεν
1457 2135 1589 2203 ἡμῖν
1630 2133 1947 2205 λαμϐάνειν,
1988 2135 2081 2187 καὶ
2138 2135 2214 2206 μὴ
2273 2136 2561 2191 συνάπτειν
2582 2138 2691 2198 τοῖς
2716 2134 3094 2207 προλαϐοῦσιν,
3123 2136 3257 2189 ἀλλά
3281 2135 3651 2207 προστιθέναι

376 2216 453 2286 τῷ
481 2217 679 2288 ἐφεξῆς
732 2219 865 2290 (67).
930 2222 1004 2274 Τὸ
1047 2222 1174 2294 γὰρ,
1216 2222 1438 2290 Ὡραῖος
1477 2223 1709 2291 κάλλει,
1748 2225 1885 2296 πρὸς
1924 2224 2014 2277 τὸν
2053 2224 2255 2297 Κύριον
2304 2225 2585 2297 ἡγούμεθα
2624 2224 2900 2294 λέγεσθαι,
2940 2226 3081 2279 κατά
3132 2227 3231 2298 τὴν
3280 2225 3651 2296 ἀποστροφὴν

376 2308 469 2358 τοῦ
504 2308 815 2377 προσώπου.
1252 2342 1253 2347 η

444 2396 501 2450 4.
543 2396 819 2466 Speciasus
844 2400 1015 2468 forma
1034 2417 1145 2470 pro:
1168 2401 1294 2469 ﬁliis
1321 2403 1611 2458 hominum.
1636 2404 1845 2475 Πηγαία
1871 2416 1946 2463 est

2138 2404 2177 2458 ι.
2220 2401 2446 2470 Ὠραῖος
2471 2400 2683 2457 κάλλει
2714 2403 2874 2471 παρὰ
2904 2401 3043 2468 τοὺς
3070 2400 3240 2466 υἱοὺς
3263 2399 3385 2455 τῶν
3408 2399 3646 2468 ἀνθρώ-

377 2488 551 2558 gratia
580 2490 634 2542 in
677 2489 829 2543 labiis
861 2493 985 2546 tuis.
1032 2493 1299 2547 inducunt
1342 2504 1519 2549 autem
1562 2512 1663 2551 nos
1707 2498 1758 2551 in
1807 2498 1885 2553 hal

2142 2514 2202 2551 ν.
2255 2495 2547 2564 Ἐξεχύθη
2593 2496 2632 2564 ἡ
2682 2496 2854 2565 χάρις
2896 2496 2965 2549 ἐν
3010 2495 3245 2563 χείλεσι
3283 2511 3424 2549 σου.
3470 2495 3650 2563 Προσ-

379 2580 704 2634 sententiam
753 2590 805 2636 et
842 2582 1035 2653 Aquila
1082 2593 1136 2640 et
1176 2584 1571 2656 Symmachus;
1612 2588 1703 2643 ille
1731 2590 1887 2658 quide

2142 2606 2242 2643 εται
2269 2588 2325 2641 δὲ
2356 2588 2505 2658 ἡμᾶς
2538 2590 2605 2659 τῇ
2631 2587 2835 2658 διανοίᾳ
2865 2586 3032 2659 ταύτῃ
3061 2588 3089 2641 ὅ
3116 2605 3175 2641 τε
3222 2586 3461 2650 Ἀκύλας
3486 2589 3585 2641 καὶ
3617 2590 3650 2639 ὁ

378 2685 501 2723 cum
549 2670 722 2726 dixit:
774 2672 1180 2732 Pulchriludine
1223 2688 1511 2733 exornatus
1557 2696 1612 2733 es
1658 2696 1768 2748 pra:
1821 2681 1886 2749 ﬁl;

2142 2694 2367 2749 μμαχος·
2415 2679 2443 2730 ὁ
2490 2677 2587 2747 μὲν
2642 2676 2842 2730 εἰπών·
2898 2678 3120 2731 Κάλλει
3168 2678 3650 2744 ἐκαλλωπίσθης

380 2761 689 2827 hominum;
725 2762 1085 2836 Symmachus
1122 2783 1264 2835 vero,
1302 2766 1707 2824 Pulchritudine
1735 2771 1886 2839 pulch

2136 2770 2215 2839 ρὰ
2239 2769 2379 2835 τοὺς
2407 2768 2575 2835 υἱοὺς
2608 2769 2727 2823 τῶν
2762 2768 3087 2838 ἀνθρώπων
3107 2788 3119 2801 ·
3148 2771 3176 2822 ὁ
3213 2763 3271 2822 δέ
3298 2770 3607 2840 Σύμμαχος
3629 2789 3644 2800 ⁸

381 2870 435 2909 es
458 2869 565 2919 prae
596 2854 724 2922 ﬁliis
764 2855 1050 2912 hominum.
1095 2857 1399 2927 Speciosam
1443 2860 1605 2930 igitur
1645 2862 1815 2931 forma
1842 2863 1889 2917 Di

2136 2861 2277 2915 tua
2307 2860 2492 2927 καλὸς
2520 2858 2581 2914 εἷ
2604 2859 2763 2928 παρὰ
2801 2860 2942 2927 τοὺς
2960 2861 3130 2927 υἱοὺς
3150 2861 3268 2914 τῶν
3286 2862 3644 2929 ἀνθρώπων.

384 2942 589 3001 minum
621 2944 887 3014 appellat,
922 2962 1044 3001 cum
1087 2949 1258 3002 aciem
1295 2949 1493 3004 mentis
1532 2951 1852 3007 intendisset

2142 2950 2299 3004 οαῖον
2327 2947 2420 3004 οὖν
2459 2950 2670 3005 κάλλει
2704 2951 3095 3023 προσαγορεύει
3138 2952 3229 3004 τὸν
3262 2951 3469 3021 Κύριον
3496 2951 3526 3002 ὁ
3554 2954 3650 3004 ἐν-

382 3033 499 3099 ejus
538 3035 895 3091 divinitatem.
941 3037 1056 3097 Non
1092 3040 1235 3094 enim
1286 3040 1466 3095 carnis
1497 3041 1890 3110 pulchritudine

2138 3044 2304 3106 ινίσας
2336 3042 2505 3096 αὑτοῦ
2536 3046 2600 3114 τῇ
2646 3043 2880 3114 θεότητι.
2916 3045 2988 3097 Ob
3023 3044 3131 3115 γὰρ
3177 3043 3239 3095 τὺ
3285 3044 3385 3111 τῆς
3432 3043 3646 3113 σαρκὸς

384 3125 584 3181 laudat.
630 3126 866 3183 Vidimus
892 3132 1030 3185 enim
1061 3147 1201 3195 eum,
1235 3141 1283 3184 et
1321 3148 1423 3184 nou
1450 3132 1668 3185 habebat
1694 3135 1892 3201 specien

2140 3138 2281 3206 ιμνεῖ
2308 3134 2520 3198 κάλλος.
2549 3134 2802 3205 Εἴδομεν
2831 3135 2939 3205 γὰρ
2964 3136 3169 3199 αὐτὸν,
3207 3136 3303 3189 καὶ
3336 3138 3451 3189 οὐκ
3474 3131 3648 3203 εἶχεν

388 3233 551 3287 neque
574 3221 810 3274 decorem
829 3238 847 3275 :
875 3223 963 3274 sed
985 3222 1180 3287 species
1206 3221 1318 3289 ejus
1344 3222 1681 3290 inhonorata,
1707 3226 1896 3294 deﬁcio;

2132 3229 2231 3293 ioc,
2258 3227 2399 3282 οὐδὲ
2425 3227 2675 3292 κάλλος,
2709 3225 2869 3281 ἀλλὰ
2901 3228 2964 3280 τὸ
3000 3222 3159 3293 εἶδος
3188 3226 3375 3280 αὐτοῦ
3399 3225 3640 3295 ἄτιμον,

388 3325 497 3374 prae
523 3309 649 3383 ﬁliis
681 3312 949 3364 hominum
985 3311 1049 3365 δ’.
1094 3311 1325 3369 Proinde
1361 3316 1536 3383 palam
1572 3324 1687 3381 est,
1720 3316 1893 3384 Propb

2135 3318 2335 3372 λεῖπον
2375 3319 2534 3386 παρὰ
2574 3319 2714 3384 τοὺς
2738 3319 2904 3385 υἱοὺς
2946 3318 3063 3372 τῶν
3090 3317 3433 3385 ἀνθρώπων.
3465 3318 3643 3387 Δῆλον

388 3408 523 3460 tam,
580 3401 669 3453 ubi
730 3400 1030 3455 claritatem
1109 3401 1225 3470 ejus
1289 3404 1646 3473 inspexisset,
1703 3418 1896 3477 essetqi

2136 3426 2167 3474 ρ,
2194 3410 2275 3463 ὅτι
2302 3409 2487 3463 ἐνιδὼν
2515 3409 2678 3461 αὑτοῦ
2712 3412 2777 3479 τῇ
2798 3409 3140 3481 λαμπρότητι
3165 3410 3257 3461 καὶ
3289 3408 3396 3461 τῶν
3423 3408 3644 3462 ἐκεῖθεν

390 3487 679 3555 splendore
708 3489 856 3544 illinc
896 3492 1276 3561 proficiscente
1319 3495 1576 3565 repletus,
1613 3506 1665 3551 et
1704 3511 1813 3565 praz
1838 3513 1898 3567 pu

2139 3498 2437 3570 ρμαρυγῶν
2469 3498 2835 3569 ἀναπλησθεὶς
2869 3500 2981 3570 (68)
3010 3502 3037 3551 ὁ
3058 3500 3370 3570 Προφήτης,
3403 3499 3647 3568 πληγεὶς

390 3578 697 3634 chritudine
728 3581 816 3633 illa
868 3583 1049 3638 animo
1091 3585 1390 3652 perculsus,
1425 3587 1492 3640 ad
1526 3588 1764 3642 divinum
1798 3590 1898 3660 spii

2141 3589 2357 3661 ρψυχὴν
2391 3590 2565 3660 τούτῳ
2593 3590 2669 3661 τῷ
2710 3589 2917 3655 κάλλει,
2949 3591 3083 3660 πρὸς
3126 3590 3216 3642 τὸν
3245 3589 3423 3642 ἔνθεον
3457 3589 3649 3660 ἔρωτα.

391 3669 551 3724 tualis
588 3672 1010 3741 pulchritudinis
1042 3690 1281 3733 amorem
1314 3689 1617 3748 permotum
1658 3695 1778 3746 esse
1808 3698 1822 3735 :
1852 3697 1899 3751 qi

2139 3697 2154 3742 ;
2195 3680 2388 3750 νοητῆς
2416 3680 2746 3750 ὡραιότητος
2792 3679 3020 3749 ἐκινήθη
3038 3695 3051 3709 ’
3079 3675 3146 3751 ἧς
3174 3678 3534 3749 ἐπιφανείσης
3572 3684 3647 3751 τῇ

391 3760 581 3816 anima}
613 3762 862 3819 humana:
891 3765 1200 3835 aﬂulgente,
1232 3770 1414 3825 omnia
1445 3786 1778 3841 quacunque
1808 3773 1899 3842 prii

2143 3771 2371 3841 1ρωπίνῃ
2418 3770 2584 3840 ψυχῇ,
2638 3770 2816 3823 πάντα
2864 3769 3065 3841 αἰσχρὰ
3109 3769 3205 3824 καὶ
3249 3769 3536 3841 ἀπόϐλητα
3574 3771 3651 3823 τὰ

390 3856 767 3927 diligebantur,
826 3861 1001 3928 turpia
1035 3861 1179 3917 'esse
1233 3864 1484 3919 videntur
1537 3876 1699 3934 atque
1750 3869 1898 3921 abom

2142 3882 2192 3928 υς
2215 3863 2555 3933 ἀγαπώμενα
2583 3866 2993 3934 καταφαίνεται.
3013 3864 3109 3917 Διά
3129 3864 3286 3917 τοῦτο
3312 3866 3409 3918 καὶ
3433 3868 3462 3918 ὁ
3485 3864 3650 3918 Παῦ-

392 3945 589 4000 nanda.
649 3948 988 4018 Quapropter
1031 3953 1199 4011 etiam
1239 3954 1459 4021 Paulus,
1502 3957 1662 4011 simul
1720 3967 1777 4011 ut
1824 3959 1900 4012 vit

2143 3975 2167 4019 τ,
2195 3958 2284 4010 ὅτε
2315 3953 2421 4009 εἶδε
2449 3956 2537 4009 τὸν
2563 3956 2763 4025 ὡραῖον
2797 3956 2985 4009 κάλλει
3014 3955 3147 4025 (69),
3178 3957 3354 4021 πάντα
3386 3958 3651 4028 ἡγήσατο

390 4035 695 4104 speciosum
730 4038 875 4093 illum
921 4040 1115 4106 forma,
1149 4045 1329 4097 omnia
1370 4045 1524 4099 duxit
1569 4062 1667 4114 pro
1696 4059 1898 4103 stereor

2141 4047 2325 4113 ὃδαλα,
2367 4049 2453 4101 ἵνα
2485 4049 2716 4119 Χριστὸν
2757 4049 3017 4118 κερδήσῃ.
3048 4049 3112 4101 Οί
3147 4049 3244 4118 μὲν
3273 4046 3377 4111 ἔξω
3416 4048 3517 4100 τοῦ
3553 4048 3649 4100 λό-

391 4126 524 4191 bus,
552 4138 612 4182 ut
640 4128 911 4185 Christum
944 4133 1369 4190 lucrifaceret”.
1396 4136 1496 4203 Qui
1532 4139 1748 4207 quidem
1781 4150 1899 4197 exte

2140 4163 2157 4193 θ
2202 4141 2297 4210 τῆς
2333 4139 2589 4209 ἀληθείας
2638 4139 2848 4209 μωρίαν
2889 4139 3208 4209 ὀνομάζουσι
3241 4136 3336 4191 τοῦ
3392 4139 3648 4206 Εὐαγγε-

388 4220 443 4272 ni
508 4228 635 4274 sunt
684 4228 738 4274 et
786 4222 945 4275 alieni
990 4239 1018 4277 a
1070 4226 1236 4281 verbo
1281 4228 1553 4296 veritatis,
1612 4230 1896 4299 simplicita

2144 4250 2173 4282 υ
2214 4230 2275 4282 τὸ
2330 4232 2612 4301 κήρυγμα,
2658 4231 2759 4301 τὴν
2809 4231 3080 4285 εὐτέλειαν
3119 4231 3217 4300 τῆς
3246 4232 3505 4300 φράσεως
3539 4230 3650 4283 τῶν

388 4311 640 4368 dictionis
674 4311 1073 4382 Scripturarum
1105 4326 1431 4389 contempta,
1456 4321 1729 4391 Evangelii
1765 4339 1896 4395 praec

2140 4321 2298 4391 καφῶν
2336 4322 2771 4390 ἐξουθενοῦντες·
2812 4323 2971 4392 ἡμεῖς
3003 4322 3060 4375 δὲ
3102 4323 3153 4375 οἱ
3201 4321 3549 4392 καυχώμενοι
3591 4324 3648 4373 ἐν

460 4488 510 4521 ³⁸
544 4488 598 4544 ll
630 4491 755 4546 Cor.
792 4506 889 4558 ιιι,
917 4491 970 4545 5.
1048 4491 1273 4551 “ibid.
1348 4494 1393 4527 “
1426 4495 1525 4551 lsa.
1568 4512 1693 4563 LIII,
1723 4498 1789 4561 2,
1827 4499 1880 4551 5.
1957 4500 1968 4531 ⁸

957 4530 970 4543 .
1048 4491 1273 4551 “ibid.
1348 4494 1393 4527 “
1426 4495 1525 4551 lsa.
1568 4512 1693 4563 LIII,
1723 4498 1789 4561 2,
1827 4499 1880 4551 5.
1957 4500 2001 4531 ⁸³
2027 4499 2253 4569 Philipp.
2292 4516 2371 4566 ιιι,
2404 4501 2458 4555 8.

461 4647 1197 4728 (Q5)Hierony_mus_ineaput
1217 4668 1348 4728 xuii
1365 4653 1513 4709 Isaia:
1527 4656 1818 4728 monetilla
1840 4673 1854 4711 :
1874 4656 1969 4708 Λέ-
2075 4657 2206 4710 υἱῶν
2234 4658 2558 4728 ἀνθρώπων,
2595 4655 2996 4711 Pulchritudine
3022 4664 3238 4707 ornatus
3258 4670 3308 4706 es
3340 4652 3526 4728 aﬁliis
3553 4655 3644 4728 lio—

387 4735 450 4786 γε
472 4720 549 4795 σὺ-
566 4721 778 4795 πρῶτος
792 4720 1038 4793 ἀνομίας
1058 4720 1173 4795 σου,
1215 4726 1302 4776 ἵνα
1326 4723 1641 4795 δικαιωθῇς,
1661 4726 1758 4778 Dic
1778 4738 1833 4779 tu
1861 4744 1892 4792 p

2134 4730 2297 4781 inum.
2326 4720 2422 4782 Hic
2451 4720 2677 4781 autvillic
2709 4728 2897 4781 vitium
2932 4728 3108 4780 inesse
3140 4730 3351 4795 constat
3381 4739 3395 4774 :
3427 4725 3523 4782 sed
3557 4725 3640 4777 hic

387 4807 504 4863 mus
525 4790 830 4863 iniquitates
860 4790 999 4856 tuas,
1026 4804 1081 4845 ut
1106 4794 1437 4861 justiﬁceris,
1474 4790 1971 4850 interadditamen-
2078 4813 2146 4850 an
2172 4800 2281 4851 illic
2323 4799 2470 4858 insit,
2527 4798 2788 4853 incertum
2824 4796 2995 4850 videri
3053 4802 3248 4863 potest.
3284 4793 3421 4863 Cum
3460 4801 3641 4847 tamen

388 4868 441 4913 ta
469 4858 999 4935 _I:lix_ln_terpretum
1030 4858 1279 4931 ponenda
1312 4877 1453 4935 esse.
2078 4868 2400 4935 interpretes
2431 4883 2618 4921 omnes
2647 4866 2712 4919 de
2737 4881 2800 4921 eo
2832 4868 2973 4919 inter
2996 4858 3075 4935 sei
3099 4862 3468 4935 consentiant,
3501 4866 3641 4931 quod

606 4930 772 5004 (_]_o|b1
790 4929 999 5004 primus
1030 4929 1249 5004 ίὭσπερ
1275 4932 1427 5004 γιὶιρζ

2133 4953 2144 4990 ι
2199 4929 2598 5004 pulchritudine
2647 4936 2936 4988 humanam
2994 4931 3449 5004 pulchritudinem
3487 4929 3641 5001 supe-

463 5000 575 5069 (67)
603 5000 696 5074 Sic
731 5002 887 5074 Colh.
920 5003 1174 5074 quintus
1211 5000 1363 5074 cuin'
1396 5002 1529 5074 Reg.
1585 5012 1738 5074 sexto
1797 5004 1971 5074 prima
2077 5000 2229 5059 rante
2283 5008 2592 5074 loquantur,
2646 5006 2732 5057 vix
2775 5016 2858 5058 est
2892 5015 2950 5057 ut
2994 5000 3214 5058 credam
3266 5001 3522 5069 Aquilam
3558 5000 3643 5056 ab

394 5086 572 5123 manu.
602 5070 779 5143 Editio
808 5071 982 5125 Paris.
1037 5072 1387 5142 προστιθέναι
1410 5073 1518 5143 τῶν
1551 5073 1768 5142 ἐφεξῆς,
1798 5070 1897 5128 Ἰιδ

2135 5078 2305 5128 iorum
2340 5070 2787 5143 interpretatione
2835 5075 2907 5127 ita
2951 5074 3260 5143 recessisse,
3316 5081 3377 5125 ut
3425 5074 3542 5141 ipse
3580 5076 3641 5125 de

392 5149 575 5213 recte;
606 5140 758 5194 Colb.
811 5153 996 5197 sextus
1043 5140 1394 5213 προστιθέναι
1427 5142 1536 5194 τῶν
1566 5140 1655 5210 ἐφ.
1704 5140 1968 5213 Aliimss.
2074 5140 2620 5213 pulchritudiue'qure
2660 5146 2728 5197 ab
2767 5145 3077 5197 hominibus
3111 5141 3379 5194 tribuatur
3436 5140 3642 5195 locutus

391 5227 511 5282 cum
546 5210 687 5282 Reg.
714 5220 868 5266 sexto
917 5210 1154 5266 secunda
1187 5229 1345 5265 manu
1391 5213 1741 5282 προστιθέναι
1778 5212 1838 5265 τὸ
1871 5215 1970 5281 ἐφ·
2074 5210 2164 5267 iit.
2223 5216 2403 5281 Quare
2455 5210 2787 5282 probabilius
2838 5214 3006 5267 multo
3057 5213 3301 5282 ducimus
3358 5213 3643 5282 scripsisse

389 5280 537 5353 εξῆς.
562 5279 799 5353 Qeniqtie
830 5282 993 5335 editio
1020 5282 1180 5335 Basil.
1201 5279 1505 5335 συντιθέναι
1530 5281 1606 5353 τῷ
1628 5284 1846 5353 ἐφεξῆς,
1867 5299 1897 5335 ῐ1

2136 5279 2340 5349 iuilam,
2369 5279 2553 5337 κάλλει
2575 5281 2989 5351 ἐκαλλωπίσθης
3013 5280 3163 5352 παρὰ
3187 5279 3331 5353 τούς,
3359 5290 3465 5336 etc.
3482 5279 3640 5334 izPul-

390 5352 549 5402 male.
578 5349 699 5402 Mox
736 5352 1048 5418 interpretis
1071 5353 1277 5419 Aquila:
1303 5353 1466 5406 verba
1503 5349 1637 5406 etin
1673 5349 1808 5407 mss.
1839 5362 1890 5405 et
1920 5353 1971 5403 in
2072 5355 2370 5412 chiitudinc
2403 5364 2691 5407 exornatus
2715 5369 2767 5405 es
2794 5368 2903 5421 prae
2926 5349 3053 5419 [iliis
3086 5349 3376 5421 hominum.

393 5421 897 5493 utraqueAeditione
926 5422 1090 5477 Basil.
1121 5431 1176 5493 et
1204 5422 1383 5493 Paris.
1424 5427 1494 5475 ita
1525 5421 1797 5493 leguntur,
1835 5422 1973 5493 κάλ-
2144 5425 2254 5493 (68)
2285 5424 2375 5479 Sic
2418 5419 2815 5493 quinqtleimss‘.
2854 5438 2978 5476 eum
3013 5423 3249 5478 editione
3276 5419 3442 5475 Basil.
3472 5420 3645 5481 Editio

390 5487 471 5541 λει
534 5487 947 5563 ἐκαλλωπίσθης
1006 5492 1158 5562 παρὰ
1221 5492 1348 5554 τοὺς
1396 5487 1707 5563 υἱοὺςίτῶν
1758 5490 1972 5561 ἀνθρώ·
2071 5487 2198 5549 vero
2239 5487 2409 5548 Paris.
2439 5487 2799 5563 ἐμπλησθείς.

390 5556 1266 5635 my,Pulchrimdiiieexornatus
1291 5578 1342 5615 es
1374 5579 1481 5635 pra;
1512 5562 1639 5635 ﬁliis
1667 5556 1898 5614 hominui

2144 5566 2255 5632 (69)
2289 5564 2419 5635 Reg.
2451 5556 2720 5635 secundus
2754 5562 2950 5635 ὡραῖον
3000 5564 3055 5616 ἐν
3106 5561 3313 5619 κάλλει.
3357 5560 3481 5617 Mox
3514 5561 3639 5632 Heg.

391 5629 485 5704 sed
523 5626 679 5704 longe
712 5629 868 5684 aliter
902 5631 1043 5704 edita
1077 5626 1426 5704 inveniuntur
1466 5626 1521 5704 in
1548 5632 1973 5704 Commentariis
2069 5626 2258 5691 tertius
2281 5636 2325 5687 oi
2356 5626 2587 5704 μὲνοῦν,

396 5696 641 5759 Eusebii;
692 5714 881 5769 nempe
910 5703 1010 5756 hoc
1040 5702 1219 5765 modo,
1262 5700 1447 5759 κάλλει
1481 5700 1816 5774 ἐκαλλιώθης
1864 5702 1970 5754 ἀπὸ
