3818 6220
260 311 368 370 3S7

1318 302 1606 362 HOMILIA
1643 301 1713 360 1N
1749 297 2078 358 PSALMUM
2111 291 2294 352 XLIV.

3409 293 3515 350 598

263 425 344 496 τῷ
377 421 602 496 σταυρῷ
645 421 740 476 τοῦ
795 421 1053 492 Χριστοῦ,
1104 415 1187 485 οἷς
1240 420 1556 493 ἐφανερώθη
1615 417 1704 473 διὰ
1751 415 1834 470 τοί

1951 416 2222 473 cationem
2256 411 2560 472 stultitiam
2607 408 2889 467 nominant
2926 408 2973 442 “
3005 426 3019 463 :
3061 421 3160 464 nos
3192 421 3319 462 vero
3345 409 3434 477 qui
3461 409 3512 462 in

264 516 583 588 Πνεύματος
615 514 684 568 τὰ
713 515 818 568 ὑπὸ
847 513 942 569 τοῦ
968 513 1101 567 Θεοῦ
1133 513 1458 583 χαρισθέντα
1487 513 1638 582 ἡμῖν,
1663 510 1763 564 οὐκ
1785 509 1843 562 ὲν

262 605 533 669 διδακτοῖς
584 604 930 676 ἀνθρωπίνης
983 604 1176 672 σοφίας
1222 603 1422 672 λόγοις,
1474 602 1715 673 οἴδαμεν,
1763 601 1844 653 ὅτι

264 695 496 748 πλουσία
523 696 682 766 χάρις
710 696 859 749 ἐστὶν
886 695 1228 766 ὲκκεχυμένη
1255 694 1408 764 παρὰ
1436 693 1572 747 Θεοῦ
1612 691 1844 754 ὲπὶτοῖς

264 787 396 858 περὶ
426 785 664 858 Χριστοῦ
711 785 906 854 λόγοις.
948 785 1047 838 Διά
1079 783 1236 838 τοῦτο
1277 785 1335 838 ὲν
1367 783 1533 855 ὀλίγῳ
1558 782 1638 854 τῷ
1666 781 1844 854 χρόνῳ

261 879 444 931 πᾶσαν
490 878 673 948 σχεδὸν
721 878 822 948 τὴν
867 877 1194 947 οἰκουμένην
1231 875 1413 946 διῆλθε
1450 875 1513 929 τὸ
1561 876 1840 946 κήρυγμα,

260 968 451 1040 ἐπειδὴ
487 968 715 1022 πλουσία
757 969 851 1022 καὶ
893 968 1120 1039 ἄφθονος
1153 971 1186 1040 ἡ
1222 969 1379 1040 χάρις
1421 967 1712 1038 ἐκκέχυται
1750 964 1843 1020 ἐπὶ

259 1063 390 1128 τοὺς
411 1065 658 1135 κήρυκας
682 1061 774 1116 τοῦ
796 1063 1149 1131 Εὐαγγελίου,
1181 1061 1274 1126 οὒς
1306 1063 1401 1115 καὶ
1428 1060 1578 1132 χείλη
1606 1058 1840 1131 Χριστοῦ

258 1158 546 1231 ὠνόμασεν
585 1163 618 1232 ἡ
664 1162 881 1233 Γραφή.
915 1160 1016 1214 Διά
1054 1159 1212 1214 τοῦτο
1245 1159 1304 1213 ὲν
1349 1157 1842 1228 εὐκαταφρονήτως

258 1243 538 1319 λεξειδίοις
570 1254 704 1306 πολὺ
745 1252 806 1306 τὸ
848 1252 1061 1320 ἀγωγὸν
1090 1250 1203 1323 (70)
1246 1250 1344 1306 καὶ
1387 1249 1524 1322 πρὸς
1569 1248 1841 1319 σωτηρίαν

256 1343 418 1396 ὁλκὸν
445 1343 559 1413 ἔχει
607 1343 702 1396 τοῦ
745 1343 1079 1412 Εὐαγγελίου
1122 1343 1184 1396 τὸ
1224 1343 1515 1413 κήρυγμα..
1535 1340 1647 1394 Καὶ
1689 1341 1842 1395 πᾶσα

256 1434 406 1505 ψυχὴ
434 1434 767 1505 κεκράτηται
796 1433 1066 1504 δόγμασιν
1101 1433 1399 1503 ἀκινήτοις,
1433 1429 1525 1485 διὰ
1555 1430 1655 1500 τῆς
1688 1429 1842 1500 χάρι-

255 1542 354 1588 τος
383 1526 522 1596 πρὸς
565 1525 664 1596 τὴν
704 1524 995 1578 ἀσάλευτον
1022 1526 1100 1586 είς
1135 1524 1367 1596 Χριστὸν
1393 1523 1574 1578 πίστιν
1602 1522 1843 1592 βεϐαιου-

258 1616 423 1688 μένη.
457 1618 617 1672 Ὅθεν
646 1617 810 1688 φησὶν
852 1620 882 1670 ὁ
925 1616 1273 1680 Ἀπόστολοςο
1307 1615 1387 1670 Δι’
1441 1611 1514 1672 οὗ
1550 1615 1844 1684 ἐλάϐομεν

1946 522 2108 564 cruce
2141 505 2346 562 Christi
2382 503 2680 576 gloriamur
2705 502 2774 567 ιδ,
2799 501 2995 571 quibus
3024 498 3362 553 manifestata
3390 507 3516 552 sunt

1942 612 2040 667 per
2072 597 2332 668 Spiritum
2356 609 2442 660 ea,
2474 608 2596 664 quae
2624 593 2822 648 donata
2854 599 2979 648 sunt
3001 590 3158 644 nobis
3186 604 3215 642 a
3249 588 3379 652 Deo,
3405 603 3512 643 non

1943 687 1998 742 in
2030 686 2202 742 doctis
2264 687 2516 740 humana:
2575 681 2855 752 sapientiae
2913 681 3093 735 verbis
3118 678 3199 745 ⁸⁸,
3261 679 3510 732 novimus

1943 777 2174 849 gratiam
2201 789 2344 840 eam,
2379 789 2500 844 quae
2528 789 2556 828 a
2592 775 2702 829 Deo
2729 773 2785 827 in
2819 771 3034 826 traditis
3061 769 3127 824 de
3166 769 3382 825 Christo
3411 769 3512 822 do-

1941 868 2132 924 ctrinis
2163 864 2354 922 dill‘usa
2379 864 2512 931 fuit,
2545 863 2763 920 divitem
2795 876 2935 918 esse.
2976 859 3334 926 Quamobrem
3359 859 3508 913 brevi

1945 969 2194 1028 tempore
2233 956 2290 1012 in
2330 956 2640 1012 universum
2691 966 2860 1024 prope
2899 960 3163 1006 terrarum
3197 949 3382 1004 orbem
3422 948 3511 1003 illa

1941 1049 2268 1123 praedicatio.
2283 1047 2551 1120 pervenit,
2575 1055 2859 1116 propterea
2889 1041 3030 1112 quod
3060 1040 3210 1095 dives
3250 1048 3305 1095 et
3335 1039 3504 1094 abun-

1941 1143 2080 1201 dans
2108 1142 2292 1214 gratia.
2319 1139 2489 1196 etIusa
2517 1146 2602 1195 est
2645 1139 2698 1193 in
2730 1133 3004 1205 Evangelii
3046 1146 3343 1202 praecones,
3376 1145 3510 1200 quos

1887 1250 1894 1258 '
1942 1235 2109 1292 etiam
2153 1232 2356 1290 Christi
2401 1230 2545 1287 labia
2595 1226 2877 1296 Scriptura
2929 1223 3228 1278 nominavit
3256 1221 3324 1277 ⁸⁷.
3361 1220 3510 1287 Qua-

1940 1334 2163 1399 propter
2212 1323 2492 1395 Evangelii
2551 1317 2860 1392 praedicatio
2911 1316 2968 1371 in
3015 1311 3507 1383 contemptibilibus

1941 1417 2287 1476 dietiunculis
2337 1415 2448 1470 vim
2495 1412 2720 1477 multam
2770 1408 2935 1464 habet
2976 1404 3334 1477 persuadendi
3361 1413 3416 1458 et
3440 1405 3509 1457 ad

1941 1510 2172 1567 salutem
2231 1506 2510 1565 iniciendi.
2558 1503 2627 1559 Et
2673 1501 2854 1558 anima
2914 1501 3093 1556 omnis
3143 1496 3509 1553 immobilibus

1945 1600 2214 1673 dogmatis
2241 1600 2466 1656 subacta
2490 1604 2592 1662 est,
2617 1608 2714 1665 per
2744 1593 2972 1665 gratiam
3007 1591 3064 1646 in
3104 1591 3418 1646 inconcussa
3455 1588 3507 1640 in

256 1678 438 1776 Ξῑάρίν
464 1707 561 1762 καὶ
595 1678 954 1776 ἀποστολὴν
981 1708 1069 1774 εἰς
1114 1678 1395 1773 ὑπακοὴν
1422 1707 1682 1771 πίστεως
1701 1678 1834 1758 ’-καὶ

1944 1694 2226 1752 Christum
2279 1692 2385 1748 tide
2436 1691 2779 1748 conﬁrmata.
2845 1685 2997 1742 Unde
3048 1683 3124 1776 ait
3176 1678 3505 1776 Apostolus:

257 1798 423 1851 πάλιν
441 1815 454 1829 ·
492 1797 930 1866 Περισσότερον
974 1795 1175 1852 αὐτῶν
1211 1796 1454 1849 πάντων
1501 1796 1799 1850 ἐκοπίασα
1822 1809 1834 1825 ·

1941 1782 2047 1838 Per
2064 1799 2216 1854 quem
2243 1781 2539 1851 accepimus
2564 1778 2793 1851 gratiam
2816 1783 2867 1830 et
2895 1773 3271 1845 apostolatum,
3301 1778 3361 1823 ut
3389 1767 3510 1866 obe-

255 1891 374 1945 οὺκ
403 1888 518 1959 ἐγὼ
553 1887 640 1957 δὲ,
668 1889 805 1944 ἀλλ’
828 1890 868 1958 ἠ
897 1888 1070 1958 χάρις
1100 1887 1206 1942 τοῦ
1245 1887 1408 1953 Θεοῦ,
1447 1888 1486 1956 ἡ
1525 1887 1647 1943 σὺν
1684 1887 1835 1956 ἐμοί.

330 2131 383 2186 5.
425 2131 712 2201 Ἐξεχύθη
759 2131 934 2202 χάρις
962 2133 1032 2188 ἐν
1063 2133 1300 2204 χείλεσι
1335 2147 1484 2187 σου’
1529 2132 1628 2187 διὰ
1662 2132 1839 2188 τοῦτο

251 2224 557 2294 εὐλόγησέ
591 2242 666 2279 σε
695 2227 727 2279 ό
769 2225 914 2291 Θεὸς
940 2228 1028 2290 εἰς
1070 2225 1177 2280 τὸν
1207 2224 1408 2279 αἰῶνα.
1438 2224 1752 2296 Γέγραπται
1781 2226 1840 2279 ὲν

251 2311 336 2383 τῷ
366 2314 699 2385 Εὐαγγελίῳ,
726 2315 809 2368 ὅτι
843 2313 1197 2384 Ἐθαύμαζον
1218 2314 1315 2368 ἐπὶ
1351 2314 1474 2380 τοῖς
1500 2315 1703 2384 λόγοις
1729 2311 1840 2381 τῆς

251 2403 499 2473 χάριτος
521 2404 644 2471 τοῖς
668 2404 1162 2475 ἐκπορευομένοις
1187 2403 1283 2458 διὰ
1308 2407 1605 2474 στόματος
1628 2401 1836 2457 αὐτοῦ.

251 2497 456 2569 Διόπερ
482 2495 827 2568 ἐμφαντικῶς
850 2499 878 2551 ὁ
903 2496 1134 2568 ψαλμὺς,
1167 2497 1230 2550 τὸ
1261 2496 1465 2567 πλῆθος
1485 2497 1584 2567 τῆς
1616 2495 1839 2567 χάριτος

250 2589 364 2648 τῶν
413 2589 564 2660 παρά
590 2589 684 2642 τοῦ
727 2589 931 2662 Κυρίου
979 2589 1136 2661 ἡμῶν
1182 2589 1441 2660 ῥημάτων
1489 2586 1838 2658 παραστῆσαι

252 2678 598 2750 βουλόμενος,
648 2678 935 2749 Ἐξεχύθη
975 2679 1148 2748 χάρις
1183 2679 1253 2732 ἐν
1277 2677 1402 2744 τοῖς
1429 2677 1666 2747 χείλεσι
1700 2691 1837 2741 σου,

249 2750 400 2834 εἷπε,
422 2768 508 2822 διὰ
535 2768 596 2821 τὸ
627 2768 858 2838 ἄφθονον
883 2769 985 2839 τῆς
1008 2771 1064 2822 ὲν
1095 2767 1172 2838 τῷ
1199 2768 1344 2839 λόγῳ
1378 2767 1620 2840 χάριτος.
1647 2767 1840 2820 E1316-

248 2860 408 2930 τησέ
440 2861 747 2932 08,19110’1‘),
769 2863 802 2914 ό
826 2859 970 2926 Θεὸς
989 2862 1076 2926 εἰς
1101 2858 1206 2913 τὸν
1227 2858 1432 2914 αἰῶνα.
1462 2858 1628 2930 Δῆλον
1653 2857 1730 2922 δὲ,
1757 2857 1839 2910 ὅτι

248 2954 350 3006 ἐπὶ
391 2953 452 3006 τὸ
502 2953 840 3025 ἀνθρώπινον
884 2953 989 3024 χρὴ
1039 2952 1408 3023 ἀναφέρεσθαι
1458 2950 1652 3017 ταῦτα,
1695 2947 1840 3004 καθά

248 3045 552 3116 προκόπτει
588 3045 774 3113 σοφίᾳ
809 3044 909 3098 καὶ
931 3045 1141 3112 ἡλικίᾳ
1179 3043 1278 3097 καὶ
1298 3043 1512 3113 χάριτι.
1537 3040 1690 3096 Κατὰ
1709 3039 1835 3094 τοῦ-

1939 1878 2120 1931 dicitur
2150 1875 2277 1944 ﬁdei
2303 1874 2370 1927 ⁸⁸.
2395 1873 2464 1928 Ει
2491 1887 2682 1939 rursus
2708 1889 2722 1930 :
2744 1869 3112 1924 Abundantius
3133 1864 3241 1918 illis
3269 1860 3508 1917 omnibus

1939 1966 2209 2031 laboraui;
2245 1981 2350 2021 non
2395 1980 2488 2035 ego
2528 1971 2741 2031 autem,
2783 1961 2874 2017 sed
2913 1959 3086 2032 gratia
3115 1955 3244 2021 Det,
3281 1969 3398 2026 quae
3432 1961 3509 2008 est

1936 2072 2136 2110 mecum
2172 2055 2239 2111 ⁸⁸³.
2421 2037 2426 2046 ’

2009 2149 2064 2204 5.
2105 2147 2316 2218 Diﬁ'usa
2364 2155 2440 2202 est
2489 2147 2661 2217 gratia
2710 2145 2769 2198 in
2811 2141 2968 2198 labiis
3019 2139 3123 2194 tuis
3165 2153 3183 2192 :
3235 2142 3510 2204 propterea

1939 2241 2200 2298 benedixit
2233 2249 2280 2294 te
2306 2239 2443 2293 Deus
2470 2239 2526 2292 in
2548 2247 2821 2293 wternum.
2844 2233 3116 2302 Scriptum
3141 2237 3225 2286 est
3253 2231 3307 2285 in
3325 2227 3509 2283 Evan-

1938 2329 2100 2398 gelio,
2129 2328 2270 2398 quod
2299 2327 2637 2382 Mirabantur
2666 2327 2722 2380 in
2749 2323 2916 2380 verbis
2951 2322 3157 2393 gratiae,
3184 2336 3300 2391 qua:
3323 2332 3510 2384 proce-

1938 2419 2127 2473 debant
2175 2420 2239 2474 de
2283 2435 2372 2473 ore
2421 2418 2589 2487 ipsius
2614 2419 2682 2473 ⁸ο.
2722 2417 3084 2484 Quamobrem
3140 2412 3510 2483 signiﬁcanter

1938 2509 2336 2565 multitudinem
2369 2511 2558 2579 gratiae
2578 2508 2864 2565 verborum
2889 2505 3100 2562 Domini
3129 2505 3299 2560 nostri
3335 2511 3514 2558 osten-

1939 2601 2068 2656 dere
2109 2599 2295 2656 volens
2319 2601 2562 2670 psalmus
2583 2641 2598 2666 ,
2639 2598 2850 2669 Di/fusa
2881 2607 2960 2653 est
2985 2637 3000 2664 ,
3026 2597 3221 2667 inquit,
3252 2593 3427 2664 gratia
3454 2592 3535 2645 in‘

1939 2693 2093 2748 labiis
2125 2692 2251 2760 tuis,
2278 2692 2348 2748 ob
2378 2693 2563 2761 gratiae
2601 2705 2721 2760 quae
2747 2691 2800 2745 in
2833 2704 3084 2746 sermone
3104 2697 3186 2743 est
3213 2686 3512 2740 exuberan-

1941 2791 2046 2838 tem
2081 2783 2314 2852 copiam.
2343 2780 2627 2835 Benedixit
2661 2791 2708 2835 te
2730 2781 2891 2846 Deus,
2929 2779 3125 2850 inquit,
3149 2779 3206 2831 in
3233 2788 3508 2831 aeternum.

1938 2871 2122 2927 Palam
2147 2880 2228 2927 est
2253 2878 2430 2926 autem
2463 2873 2579 2926 haec
2608 2871 2675 2925 ad
2706 2871 3094 2925 humanitatem
3130 2867 3347 2932 referri,
3371 2879 3509 2935 qua-

1940 2973 2094 3020 tenus
2123 2963 2338 3034 prolicit
2370 2964 2630 3032 sapientia
2652 2974 2700 3018 et
2742 2972 2896 3018 atate
2920 2970 2968 3016 et
2998 2965 3176 3031 gratia
3203 2959 3273 3025 5‘;
3315 2973 3510 3014 secun-

1939 3056 2068 3110 dum
2099 3071 2262 3125 quam
2283 3098 2300 3125 ,
2332 3055 2680 3126 intelligimus
2709 3056 2939 3126 gratiam
2974 3067 3190 3123 quoque
3236 3065 3338 3105 ceu
3367 3063 3507 3117 pra:-

246 3153 315 3188 το
343 3135 452 3207 (71)
489 3137 666 3208 δῆλον,
709 3137 790 3190 ὅτι
821 3135 914 3189 καὶ
947 3131 1107 3188 ἆθλον
1138 3133 1645 3206 ἀνδραγαθημάτων
1687 3129 1834 3203 αὐτῷ

1941 3121 2220 3199 clarorum
2269 3121 2573 3200 facinorum
2627 3121 2907 3213 primium
2970 3121 3020 3197 ei
3075 3141 3254 3194 datam
3318 3137 3510 3192 fuisse.

245 3225 480 3298 νοοῦμεν
521 3225 763 3280 δεδόσθαι
807 3225 904 3296 τὴν
951 3225 1132 3296 χάριν.
1163 3226 1385 3296 Ὅμοιον
1425 3225 1482 3278 δὲ
1526 3223 1698 3295 τούτῳ
1737 3223 1832 3276 τό·

261 3319 613 3390 Ἠγάπησας
641 3317 1055 3387 δικαιοσύνην,
1090 3317 1190 3372 καὶ
1217 3317 1515 3387 ἐμίσησας
1549 3316 1832 3386 ἀνομίανο

245 3410 350 3465 διὰ
384 3411 560 3466 τοῦτο
591 3411 797 3481 ἔχρισέ
827 3425 899 3465 σε
931 3413 964 3465 ὁ
1009 3409 1170 3476 Θεὸς,
1203 3411 1235 3463 ὸ
1275 3409 1418 3475 Θεός
1455 3423 1594 3476 σου,
1631 3409 1836 3463 ἔλαιον

246 3502 669 3572 ἀγαλλιάσεως
701 3502 861 3571 παρὰ
898 3501 1040 3568 τοὺς
1063 3503 1357 3571 μετόχους
1385 3513 1523 3555 σου.
1560 3495 1630 3571 ᾯ
1660 3518 1836 3574 παρα-

248 3592 480 3664 πλήσιόν
511 3595 626 3649 ἐστι
658 3595 753 3648 καὶ
778 3594 839 3647 τὸ
861 3593 1243 3664 Φιλιππησίοις
1283 3590 1435 3663 παρά
1457 3591 1670 3644 Παύλου
1699 3608 1836 3662 γραο

249 3683 376 3754 φὲν,
400 3685 481 3737 ὅτι
515 3685 943 3740 Ἐ’ταπείνωσεν
970 3683 1187 3740 ἑαυτὸν
1214 3685 1535 3754 γενόμενος
1565 3682 1835 3750 ὑπήκοος

243 3773 425 3843 μέχρι
456 3777 736 3839 θανάτου,
780 3774 1040 3831 θανάτου
1079 3775 1149 3829 δὲ
1187 3773 1476 3845 σταυροῦ,
1523 3774 1617 3828 διὸ
1666 3773 1767 3828 καὶ
1802 3777 1836 3828 ὁ

251 3863 401 3929 Θεὸς
448 3863 635 3918 αὐτὸν
680 3864 1105 3932 ὑπερύψωσεν.
1151 3863 1314 3916 Ὥστε
1369 3863 1526 3933 δῆλον
1569 3861 1704 3932 (72),
1753 3863 1835 3916 ὅτι

246 3952 426 4012 ταῦτα
449 3955 577 4028 περὶ
603 3955 696 4009 τοῦ
727 3954 868 4009 κατὰ
891 3956 981 4008 τὸν
1010 3955 1238 4028 Σωτῆρα
1264 3953 1550 4027 ἀνθρώπου
1576 3953 1794 4023 λέγεται
1817 3970 1830 3984 ⁸

245 4049 286 4122 ἢ
328 4048 511 4119 ἐπειδὴ
559 4050 592 4119 ή
650 4048 948 4120 Ἐκκλησία
979 4048 1139 4120 σῶμά
1181 4049 1298 4101 ἐστι
1339 4046 1434 4100 τοῦ
1483 4046 1712 4119 Κυρίου,
1739 4048 1835 4100 καὶ

247 4139 414 4203 αὐτὸς
440 4139 649 4210 κεφαλὴ
681 4139 782 4209 τῆς
815 4139 1139 4211 Ἐκκλησίας
1160 4158 1172 4171 ·
1203 4140 1390 4211 ὥσπερ
1416 4138 1836 4210 ἀποδεδώκαμεν

248 4230 404 4301 χείλη
431 4225 570 4284 εἶναι
593 4229 688 4283 τοῦ
715 4230 952 4300 Χριστοῦ
984 4231 1109 4293 τοὺς
1136 4229 1607 4302 ὑπηρετουμένους
1639 4228 1714 4300 τῷ
1745 4230 1836 4282 οὐ-

253 4323 424 4394 ρανίῳ
452 4323 595 4394 λόγῳ
623 4322 832 4393 (ὥσπερ
877 4320 1090 4385 Παῦλος
1136 4323 1194 4375 ὲν
1228 4319 1404 4391 ἐαυτῷ
1441 4321 1579 4392 ἔχων
1605 4321 1718 4391 (75)
1743 4321 1835 4375 τὸν

1936 3233 2106 3306 Hujus
2149 3234 2305 3306 163
2347 3244 2526 3291 autem
2580 3234 2757 3290 simile
2793 3243 2879 3289 est
2916 3233 3045 3288 illud
3083 3233 3128 3265 ⁵²
3189 3249 3204 3287 :
3268 3229 3508 3284 Dilexisti

1927 3326 2220 3398 justitiam,
2274 3335 2325 3382 et
2376 3326 2535 3382 odisti
2587 3326 2955 3397 iniquitatem;
3028 3333 3302 3393 propterea
3356 3321 3508 3375 uincit

1937 3427 1986 3473 te
2033 3417 2201 3485 Deus,
2257 3417 2401 3473 Deus
2429 3427 2548 3473 tuus
2601 3419 2713 3474 oleo
2770 3416 2973 3472 latitia!
3017 3431 3127 3486 pra:
3183 3414 3509 3468 consortibus

1936 3511 2062 3565 tuis.
2096 3511 2194 3566 Cui
2235 3508 2394 3566 aliine
2434 3519 2517 3566 est
2552 3519 2605 3566 et
2641 3510 2773 3566 illud
2815 3508 3250 3580 Philippensibus
3285 3522 3314 3561 a
3341 3505 3509 3560 Paulo

1935 3603 2237 3672 scriptum:
2284 3601 2599 3657 Humiliauit
2656 3603 2991 3668 semetipsum
3037 3599 3210 3668 factus
3265 3599 3507 3654 obediens

1935 3709 2098 3764 usque
2144 3694 2214 3748 ad
2253 3703 2493 3760 mortem,
2546 3703 2768 3748 mortem
2822 3701 2996 3746 autem
3048 3692 3239 3757 crucis,
3300 3702 3509 3761 propter

1932 3785 2072 3854 quod
2099 3793 2147 3839 et
2174 3783 2316 3839 Deus
2337 3784 2590 3838 exultavit
2620 3783 2772 3837 illum
2791 3783 2859 3837 ⁵³.
2901 3783 3079 3851 Quare
3113 3782 3283 3853 liquet
3320 3783 3506 3838 isthmc

1935 3873 2003 3930 de
2037 3873 2317 3928 Salvatore
2343 3883 2402 3927 ut
2429 3872 2648 3928 homine
2668 3873 2774 3928 dici
2802 3890 2817 3927 :
2856 3881 2949 3926 aut
2985 3873 3239 3942 quoniam
3267 3871 3504 3927 Ecclesia

1935 3973 2132 4033 corpus
2177 3971 2262 4018 est
2282 3961 2495 4018 Domini
2517 4000 2534 4029 ,
2568 3970 2622 4017 et
2646 3961 2759 4031 ipse
2795 3970 2958 4031 caput
2979 3959 3234 4016 Ecclesiae
3261 3977 3277 4014 :
3304 3974 3500 4028 quern—

1934 4056 2222 4112 admod‘um
2290 4054 2524 4112 caelestis
2587 4053 2738 4108 verbi
2809 4054 3083 4109 ministros
3165 4051 3307 4107 labia
3385 4065 3507 4107 esse

1935 4147 2136 4204 Christi
2171 4147 2410 4202 diximus
2446 4146 2548 4217 (uti
2584 4154 2702 4201 erat
2731 4143 2929 4202 Paulus
2972 4144 3026 4200 in
3060 4157 3119 4199 se
3153 4145 3269 4215 ipso
3299 4145 3506 4199 habens

1935 4239 2214 4296 Christum
2257 4238 2566 4308 loquentem
2598 4238 2644 4270 ⁵⁸
2668 4278 2684 4305 ,
2721 4248 2775 4292 et
2814 4239 2860 4292 si
2899 4239 3021 4308 quis
3058 4239 3130 4294 illi
3162 4252 3262 4308 par
3309 4238 3508 4292 virtute

1934 4331 2038 4403 est)
2091 4347 2106 4384 :
2158 4331 2238 4386 sic
2303 4331 2467 4385 etiam
2512 4329 2720 4400 reliqua
2779 4331 3025 4400 corporis
3077 4329 3281 4385 Christi
3340 4343 3508 4384 mem-

244 4413 488 4484 Χριστὸν
537 4412 822 4477 λαλοῦντα,
877 4414 968 4466 καὶ
1014 4412 1068 4468 εί
1115 4430 1198 4476 τις
1245 4413 1438 4483 ἐκείνῳ
1485 4413 1584 4483 τὴν
1631 4412 1832 4485 ἀρετὴν

1941 4423 2032 4479 bra
2107 4436 2296 4478 sumus
2349 4431 2613 4492 quotquot
2677 4423 3020 4477 credidimus.
3094 4421 3152 4476 Si
3207 4420 3328 4491 quis
3380 4435 3507 4490 ergo

248 4506 691 4579 παραπλήσιος)·
727 4505 868 4559 οὕτω
907 4504 1100 4560 καὶτὰ
1139 4505 1301 4560 λοιπὰ
1345 4504 1481 4576 μέλη
1507 4504 1598 4557 τοῦ
1647 4504 1832 4577 σώμα-

245 4616 344 4662 τος
390 4598 485 4652 τοῦ
535 4596 774 4672 Χριστοῦ
797 4639 813 4665 ,
864 4599 913 4652 οἱ
964 4597 1154 4662 καθεῖς
1224 4597 1332 4653 τῶν
1393 4597 1830 4650 πεπιστευκότων

247 4691 438 4762 ἐσμέν.
489 4691 600 4762 Τὴν
645 4686 738 4746 οὖν
782 4693 849 4762 τῇ
910 4691 1208 4763 Ἐκκλησία
1250 4689 1534 4762 διδομένην
1581 4689 1828 4758 εὐλογίαν

245 4781 347 4834 ἐπὶ
372 4781 464 4834 τὸν
491 4780 698 4852 Κύριον
734 4781 763 4833 ὁ
795 4779 1086 4851 ἀναφέρων
1115 4781 1213 4851 οὐχ
1248 4781 1555 4852 ἁμαρτήσει
1580 4779 1714 4852 (74).
1751 4778 1826 4832 Τὸ

245 4865 366 4936 οὖν,
401 4871 716 4942 Εὐλότησέ
744 4886 818 4926 σε
847 4875 880 4926 ό
912 4871 1074 4939 Θεὸς,
1096 4873 1363 4939 τουτέστι,
1396 4872 1478 4927 Τά
1509 4873 1646 4944 μέλη
1665 4872 1732 4926 τά
1755 4871 1823 4926 σά

246 4963 349 5018 καὶ
375 4963 437 5017 τὸ
462 4962 622 5034 σῶμα
648 4963 710 5017 τὸ
739 4963 830 5018 σὺν
855 4963 1142 5036 ἐπλήρωσε
1164 4963 1272 5018 τῶν
1305 4963 1437 5035 παρ’
1465 4961 1660 5018 ἑαυτοῦ
1686 4962 1825 5030 ἀγα-

321 5161 409 5215 ⁵¹⁸1
438 5162 563 5218 Cor.
591 5179 634 5227 t,
664 5161 754 5218 21.

850 5165 898 5198 ⁸⁵
923 5163 1101 5221 Galat.
1132 5177 1208 5229 vt,
1236 5162 1323 5219 14.
1401 5165 1446 5198 ⁸⁸
1471 5165 1491 5220 1
1521 5164 1647 5220 Cor.
1679 5179 1740 5228 ιι,
1763 5163 1851 5225 12,
1881 5162 1970 5217 15.
2046 5162 2090 5195 ⁸⁷
2122 5160 2253 5217 Luc.
2282 5179 2336 5226 χ,
2369 5162 2457 5218 16.

1941 4518 2123 4571 datam
2158 4514 2414 4570 Ecclesiae
2460 4514 2888 4570 benedictionem
2951 4516 3020 4570 ad
3092 4513 3376 4570 Dominum
3415 4527 3507 4568 re-

1938 4607 2159 4673 tulerit,
2219 4607 2268 4663 is
2317 4606 2631 4676 neutiquam
2691 4605 3043 4662 aherraverit.
3089 4606 3226 4662 lllud
3287 4608 3503 4676 itaque,

1933 4699 2214 4756 Benedixit
2253 4707 2302 4754 te
2327 4697 2487 4763 Deus,
2518 4699 2572 4753 id
2619 4707 2723 4764 est,
2764 4700 3005 4755 membra
3064 4708 3173 4760 tua.
3208 4708 3262 4756 et
3311 4714 3507 4770 corpus

1933 4801 2082 4847 tuum
2104 4791 2348 4862 implevit
2375 4791 2532 4846 bonis
2557 4791 2690 4856 suis,
2718 4792 2774 4845 in
2809 4802 3084 4856 a’ternum,
3103 4793 3206 4848 hoc
3225 4801 3335 4856 est,
3355 4794 3405 4847 in
3433 4794 3508 4846 in.

1933 4884 2169 4940 ﬁnitum.
2206 4884 2366 4939 Vsus.
2389 4883 2443 4947 Δ,
2463 4881 2516 4937 5.
2538 4883 2822 4954 Accingere
2843 4883 3019 4954 gladio
3043 4895 3130 4938 tuo
3154 4901 3309 4953 super
3334 4885 3507 4954 femur

1933 4987 2102 5042 tuum,
2129 4977 2508 5048 potentissime.
2538 4978 2720 5048 Specie
2757 4985 2846 5031 tua
2879 4987 2925 5031 et
2961 4977 3351 5046 pulchritudine
3390 4990 3502 5035 tua.

2533 5163 2577 5194 ⁸⁸
2612 5163 2769 5217 Rom.
2798 5177 2839 5228 ι,
2865 5161 2920 5216 5.
3010 5160 3054 5192 δ’
3091 5160 3259 5216 Ῑῦοτ.
3289 5175 3381 5227 xv,
3414 5161 3481 5216 10

245 5232 297 5272 ⁸⁸
325 5231 459 5288 Luc.
492 5247 566 5299 tv,
595 5233 687 5288 22.
763 5233 808 5265 ⁸¹
836 5232 974 5291 Luc.
1000 5251 1063 5303 ιι,
1091 5232 1178 5288 52.
1254 5235 1300 5266 ⁵¹¹
1335 5235 1489 5293 Vers.
1522 5234 1576 5290 8.
1652 5235 1697 5266 ³³
1719 5233 1834 5289 Phil

1941 5271 1948 5285 .
1977 5248 2040 5300 ιι,
2066 5231 2201 5297 8,9.
2279 5234 2327 5264 ⁸⁸
2351 5233 2394 5288 11
2417 5234 2540 5289 Cor.
2575 5249 2695 5298 xm,
2717 5233 2779 5286 5..

321 5369 436 5442 (10)
465 5367 850 5442 Editio'Basil.
893 5376 946 5422 et
976 5377 1210 5442 quatuor
1259 5367 1659 5442 mss._dzytp_76v.
1695 5368 1825 5442 Edi-

248 5438 339 5495 ιίο’
357 5438 488 5496 vero
518 5439 692 5494 Paris.
731 5449 787 5494 et
833 5448 945 5492 tres
980 5453 1108 5508 mss.
1147 5439 1457 5508 ἐπαγωγόν.
1506 5438 1628 5493 Mox
1659 5439 1826 5494 editio

1995 5366 2109 5441 (Ζὲ)
2145 5368 2287 5441 _ch.
2315 5371 2509 5441 tertius
2532 5367 2657 5422 ὅθεν
2674 5368 2853 5441 δῆλον.

1994 5437 2105 5508 (75)
2145 5437 2223 5494 lta
2250 5437 2406 5508 multi
2445 5454 2577 5493 mss.
2611 5437 2737 5494 cuni
2763 5438 3001 5495 editione
3025 5439 3204 5496 Basil.
3234 5440 3305 5496 At
3331 5443 3495 5499 editio

247 5511 416 5564 Basil.
448 5520 502 5566 et
523 5525 617 5565 sex
655 5523 785 5564 mss.
807 5508 964 5563 ὁλκὸν
995 5507 1128 5578 ἔχει.
1177 5507 1359 5564 Ειιίιὶο
1393 5508 1568 5564 Paris.
1600 5508 1826 5578 ὲφολκὸν

1941 5507 2096 5578 Paris.
2114 5509 2219 5578 biév
2247 5507 2396 5577 αὐτῷ
2420 5507 2580 5578 ἔχων.

245 5581 438 5720 gilii)
484 5647 878 5720 Colb.primus
918 5649 1039 5720 καθ’
1081 5649 1129 5705 ὅ.
1177 5647 1371 5704 Statim
1401 5657 1639 5720 quatuor
1691 5663 1821 5706 mss.

246 5717 426 5788 τούτῳ
457 5720 536 5773 τό.
562 5719 712 5775 Editi-
726 5719 888 5772 τοῦτο
919 5719 1016 5789 τῷ.

1995 5577 2107 5659 (74)
2132 5577 2628 5659 Reg.‘tertitr‘s_obx
2660 5578 3020 5659 ἀμαρτήσεις.
3056 5579 3160 5659 Alii
3210 5581 3314 5635 duo
3366 5599 3494 5636 mss.

1924 5649 2036 5717 οὐχ,
2073 5647 2386 5724 ἁμαρτήσῃ.
2436 5647 2914 5724 Editi'verocutn
2973 5652 3154 5718 liegiis
3200 5663 3396 5719 quarto
3444 5665 3498 5706 et

1926 5726 2080 5774 sexto
2114 5718 2211 5786 οὐχ
2238 5717 2565 5788 ἁμαρτήσει.
