3818 6220
169 299 279 357 401

1230 307 1522 364 liOMlLlA
1562 310 1629 365 IN
1663 310 1993 368 PSALMUM
2035 306 2219 362 XLIV.

3317 325 3422 378 tt)?

169 432 277 484 νην
322 411 471 467 ποιοῦ
502 413 606 486 τὴν
641 415 978 487 ἐπιμέλειαν.
1016 420 1186 475 Τοῦτο
1211 422 1320 494 γὰρ
1347 424 1466 478 ὁδὸν
1507 424 1741 495 καὶδρό-

1858 425 1977 480 lens
2024 441 2144 481 esse
2199 428 2487 495 videatur,
2523 431 2666 499 quod
2716 430 3032 501 imperative
3081 431 3280 487 dictum
3330 437 3423 502 sit,

176 526 281 579 μον
311 507 538 578 παρέξει
559 508 638 579 τῷ
660 508 993 581 κηρύγματι,
1025 515 1120 569 καὶ
1150 516 1359 580 πάντας
1403 515 1659 580 ὑποτάξει
1680 519 1749 586 τῇ

180 599 433 671 βασιλείᾳ
474 617 589 653 σου.
613 602 704 673 Μὴ
736 602 989 666 ξενιζέτω
1025 604 1082 657 δὲ
1111 608 1259 678 ἡμᾶς
1286 608 1348 660 τὸ
1373 608 1752 679 προπατικῶς

173 689 432 773 λέγεσθαι
474 691 557 757 τὸ,
607 693 968 759 Κατευοδοῦ,
1029 695 1119 749 διὰ
1174 696 1274 768 τὴν
1322 699 1611 771 συνήθειαν
1650 700 1752 770 τῆς

171 783 400 855 Γραφῆς
424 781 598 847 οὕτως
627 785 715 839 ἀεὶ
740 785 1179 861 σχηματιζούσης
1201 790 1269 844 τά
1298 792 1548 846 εύκτικά.
1564 795 1752 861 Γενη-

172 873 333 942 θήτω
359 874 465 946 γὰρ
488 874 554 929 τὸ
580 874 808 946 θέλημά
834 893 972 943 σου,
1001 880 1123 934 άντὶ
1147 881 1263 947 τοῦ,
1295 884 1569 954 γενηθείη
1590 900 1604 914 ·
1632 886 1749 950 καὶ,

187 966 434 1021 Ἐλθέτω
463 968 502 1035 ἠ
528 969 817 1032 ,βασιλεία
836 985 974 1038 σου,
1004 974 1126 1026 ἀντὶ
1155 975 1271 1039 τοῦ,
1288 976 1452 1031 ἔλθοι
1473 976 1606 1048 (81).

242 1058 299 1114 6.
333 1056 573 1115 Ἕνεκεν
596 1062 883 1129 ἀληθείας
912 1065 1361 1135 καὶπραότητος
1390 1070 1487 1123 καὶ
1523 1069 1748 1123 δικαιο-

168 1152 371 1219 σύνης
390 1169 406 1183 ·
436 1154 536 1207 καὶ
557 1153 845 1224 ὁδηγήσει
867 1170 941 1211 σε
971 1160 1326 1228 θαυμαστῶς
1350 1162 1390 1230 η
1420 1161 1589 1227 δεξιά
1608 1177 1745 1217 σου.

169 1244 346 1299 Πάλιν
372 1248 403 1298 ὁ
433 1246 589 1315 λόγος
609 1249 807 1320 ὁμοίως
832 1252 1252 1322 ἐσχημάτισται,
1282 1254 1526 1325 ὡσπερεὶ
1557 1253 1749 1323 μισθὸν

168 1334 343 1389 ταῦτα
385 1336 750 1408 λαμϐάνοντος
776 1341 871 1394 τοῦ
922 1342 1151 1415 Κυρίου,
1176 1343 1238 1397 τὸ
1276 1345 1749 1400 κατευοδοῦσθαι

168 1429 269 1481 καὶ
296 1429 675 1496 βασιλεύειν,
713 1433 867 1498 ὑπὲρ
906 1434 1211 1502 ἀληθείας,
1257 1435 1360 1489 καὶ
1390 1438 1746 1505 πραότητος,

166 1520 273 1574 καὶ
295 1520 705 1593 δικαιοσύνης.
736 1526 828 1577 Δεῖ
852 1526 911 1580 δὲ
948 1527 1088 1580 οὕτω
1115 1530 1256 1582 νοεῖν
1280 1544 1293 1559 ο
1332 1528 1413 1582 an
1447 1529 1633 1600 ἐπειδὴ
1668 1530 1747 1601 τῷ

164 1610 353 1681 ψεύδει
378 1614 834 1687 προδιέστραπται
852 1618 920 1671 τὰ
948 1618 1283 1690 ἀνθρώπινα,
1311 1620 1398 1673 ἵνα
1423 1621 1748 1693 ἐπισπείρῃς

162 1704 269 1775 τὴν
293 1705 566 1778 ἀλήθειαν,
591 1708 842 1777 βασίλευε
870 1712 930 1763 ἐν
953 1713 1066 1774 τοῖς
1098 1711 1408 1783 ἀνθρώποις
1438 1715 1552 1776 τοῖς
1593 1713 1745 1782 βασι-

163 1793 479 1865 λευομένοις
509 1798 611 1851 ὑπὸ
635 1799 737 1869 τῆς
759 1801 1034 1872 ἁμαρτίας
1053 1818 1066 1831 ·
1116 1802 1179 1855 σὺ
1211 1802 1320 1874 γάρ
1351 1800 1403 1856 εἷ
1431 1805 1464 1875 ἡ
1493 1803 1737 1875 ἀλήθεια.

164 1888 302 1952 Καὶ,
331 1890 583 1957 ’Ἕνεκεν
625 1894 978 1961 πραότητος,
1016 1894 1103 1947 ἵνα
1134 1894 1213 1965 τῷ
1251 1895 1395 1949 κατά
1452 1897 1514 1949 σὲ
1536 1897 1744 1950 ὑποδεί-

161 1997 204 2047 γ
211 1997 339 2049 ματι
360 1982 559 2045 πάντες
574 1984 652 2047 είς
668 1984 968 2038 ἐπιείκειαν
984 1986 1079 2037 καὶ
1092 1986 1437 2056 χρηστότητα
1452 1986 1741 2057 προαχθῶ-

163 2092 221 2127 σι
249 2074 383 2146 (82).
414 2077 504 2129 Διὸ
529 2079 625 2131 καὶ
680 2081 709 2131 ὁ
735 2078 939 2150 Κύριος
971 2080 1121 2148 ἔλεγε
1138 2098 1152 2112 ’
1190 2079 1417 2134 Μάθετε
1444 2082 1545 2135 ἀπ’
1572 2081 1739 2151 ἐμοῦ,

160 2165 255 2217 ὅτι
280 2165 469 2234 πρᾶός
510 2170 627 2237 εἰμι
663 2169 763 2223 καὶ
787 2170 1067 2237 ταπεινὸς
1089 2172 1165 2241 τῇ
1188 2172 1421 2241 καρδίᾳ.
1457 2173 1567 2226 Καὶ
1603 2173 1739 2227 ἀπό-

157 2256 330 2321 δειξιν
377 2260 666 2330 παρείχετο
716 2261 816 2330 τῆς
889 2262 1197 2332 πραότητος
1257 2264 1343 2315 ἐπ’
1402 2263 1581 2318 αὐτῶν
1629 2262 1740 2316 τῶν

158 2348 344 2419 ἔργων
366 2367 381 2381 σ
411 2350 840 2424 λοιδορούμενος,
867 2352 1109 2406 ἐσιώπαο
1143 2354 1555 2425 μαστιζόμενος,
1590 2356 1739 2425 ἠνεί-

158 2458 313 2511 χετο.
342 2442 786 2514 Καὶ,όδηγήσει
822 2461 896 2500 σε
929 2446 1285 2515 θαυμαστῶς
1316 2447 1355 2515 η
1400 2446 1571 2511 δεξιά
1598 2460 1737 2503 σου.

158 2534 302 2605 Οὐχὶ
332 2535 523 2601 στῦλος
578 2538 828 2608 νεφέλης,
876 2539 995 2591 οὐδὲ
1047 2538 1325 2611 φωτισμὸς
1374 2541 1565 2611 πυρὸς,
1621 2541 1738 2596 ἀλλ’

157 2626 303 2697 αὐτὴ
330 2629 363 2699 ὴ
396 2628 547 2695 δεξιά
580 2646 695 2685 σου.
752 2632 831 2684 Τὰ
866 2630 1025 2700 βέλη
1078 2646 1196 2686 σου
1226 2632 1592 2702 ἠκονημένα,
1633 2634 1738 2688 δυ-

155 2716 308 2770 νατέ
330 2718 461 2789 (85).
490 2720 629 2792 Βέλη
666 2719 761 2774 τοῦ
788 2721 1015 2776 δυνατοῦ
1049 2722 1366 2793 ἠκονημένα
1396 2723 1544 2777 ἐστὶν
1577 2726 1627 2777 οί
1654 2724 1742 2777 εὖ-

159 2827 346 2880 στοχοι
398 2811 579 2880 λόγοι,
631 2814 681 2864 οἱ
724 2812 1143 2883 καθικνούμενοι
1205 2814 1306 2885 τῆς
1361 2814 1586 2886 καρδίας
1633 2814 1742 2869 τῶν

155 2903 552 2973 ἀκροωμένων,
585 2904 870 2974 βάλλοντες
899 2906 992 2958 καὶ
1014 2904 1410 2978 τιτρώσκοντες
1457 2907 1554 2969 τὰς
1588 2907 1740 2961 εὐαι-

160 2993 394 3065 σθήτους
409 2995 606 3065 ψυχάς.
632 2997 808 3067 Λόγοι
839 2997 969 3066 γὰρ,
1000 2998 1154 3067 φησὶ,
1181 2996 1389 3066 σοςρῶν
1409 2998 1489 3063 ὡς
1508 2995 1582 3051 τὰ
1594 2998 1743 3062 ,ϐού-

1855 517 2116 586 Prospere
2150 522 2389 587 procede,
2408 537 2530 576 cum
2561 538 2622 578 ea
2644 538 2762 591 qua
2787 532 3060 593 optantur,
3084 540 3295 594 semper
3326 529 3424 581 hoc

1853 610 2014 663 modo
2041 609 2271 680 ﬁgurare
2302 611 2582 682 Scriptura
2631 614 2823 668 soleat.
2855 614 3119 669 Nimirum
3141 656 3155 679 ,
3184 614 3312 669 Fiat
3339 633 3427 669 vo-

1850 700 2027 757 luntas
2070 711 2164 755 tua
2192 703 2260 767 ⁸⁸,
2289 718 2407 771 pro,
2450 706 2655 758 utinam
2685 705 2797 774 ﬁat.
2841 705 2971 760 ltem
3010 722 3025 759 :
3058 706 3309 762 Adveniat
3342 725 3426 762 re-

1852 808 2007 862 gnum
2052 802 2199 847 tuum
2229 794 2297 860 ⁶⁰,
2332 809 2451 863 pro,
2486 797 2690 850 utinam
2713 796 2976 851 adveniat.

1920 1064 1974 1119 6.
2004 1060 2229 1135 Propter
2255 1068 2608 1134 veritatem,et
2649 1068 3105 1123 mansuetudinem
3129 1109 3143 1133 ,
3183 1080 3232 1123 et
3259 1070 3423 1139 justi-

1848 1158 2023 1223 tiam;
2057 1166 2104 1212 et
2141 1157 2356 1212 deducet
2389 1167 2437 1212 te
2482 1159 2797 1214 mirabiliter
2833 1161 3047 1215 dextera
3074 1173 3186 1216 tua.
3218 1161 3424 1219 Rursus

1847 1247 1936 1303 hic
1982 1261 2162 1302 sermo
2210 1247 2471 1318 ﬁguratus
2520 1258 2636 1315 est,
2668 1250 2889 1320 perinde
2937 1266 3002 1306 ac
3055 1254 3100 1306 si
3158 1252 3421 1307 Dominus

1847 1341 2112 1395 mercedis
2149 1341 2269 1395 loco
2321 1341 2553 1410 accipiat
2599 1341 2685 1398 illa
2708 1382 2722 1405 ,
2752 1359 2996 1412 prospere
3025 1345 3322 1412 procedere,
3372 1356 3421 1399 et

1848 1447 2085 1501 regnare,
2138 1444 2350 1500 nempe,
2392 1443 2603 1502 propter
2642 1435 2929 1500 veritatem,
2958 1444 3008 1489 et
3053 1438 3420 1491 mansuetudi-

1846 1540 1988 1587 nem,
2020 1534 2069 1579 et
2088 1524 2377 1595 justitiam.
2406 1526 2630 1596 Oportet
2650 1538 2828 1582 autem
2856 1528 3155 1599 intelligere
3180 1530 3282 1585 hoc
3307 1546 3422 1584 mo-

1847 1616 1916 1670 do
1953 1618 2250 1685 :quoniam
2273 1630 2360 1671 res
2392 1617 2640 1671 humana
2681 1618 2906 1672 inversae
2946 1629 3073 1672 sunt
3116 1619 3418 1687 mendacio,

1848 1714 1908 1760 ut
1937 1721 2085 1761 seras
2105 1707 2413 1772 veritatem,
2433 1722 2597 1775 regna
2628 1707 2681 1761 in
2707 1707 3017 1763 hominibus
3040 1718 3261 1778 peccato
3290 1712 3421 1764 sub-

1838 1800 1998 1869 jectis
2031 1815 2046 1855 :
2080 1809 2133 1854 tu
2177 1800 2321 1855 enim
2369 1815 2428 1855 es
2459 1800 2575 1870 ipsa
2622 1803 2843 1856 veritas.
2882 1802 2972 1865 Et,
3031 1799 3249 1868 Propter
3277 1818 3422 1856 man-

1842 1892 2193 1955 suetudinem,
2225 1904 2285 1947 ut
2326 1908 2518 1949 omnes
2568 1894 2817 1961 exemplo
2850 1902 2940 1947 tuo
2980 1893 3045 1946 ad
3071 1893 3418 1948 clementiam

1838 1996 1896 2040 et
1946 1985 2243 2041 bonitatem
2274 1988 2656 2055 perducantur.
2706 1986 3068 2052 Quamobrem
3120 1988 3281 2040 etiam
3318 1984 3422 2039 Do-

1841 2077 2018 2131 minus
2056 2076 2268 2131 dicebat
2294 2094 2308 2129 :
2338 2075 2531 2129 Discite
2557 2093 2588 2129 a
2612 2093 2691 2130 me
2717 2078 2855 2146 quod
2881 2077 3022 2130 mitis
3044 2093 3158 2130 sum
3185 2088 3233 2129 et
3250 2076 3422 2128 humi-

1841 2165 1906 2220 lis
1937 2166 2094 2220 corde
2138 2167 2204 2219 “.
2237 2165 2378 2233 Quin
2420 2174 2477 2221 et
2530 2168 2690 2220 istam
2736 2167 3210 2230 mansuetudinem
3261 2163 3422 2218 factis

1841 2260 1975 2329 ipsts
2005 2261 2241 2316 ostendit
2274 2278 2287 2315 :
2326 2260 2524 2330 quippe
2557 2260 2773 2314 tacebat
2799 2261 3062 2315 conviciis
3093 2259 3376 2313 lacessitus
3402 2252 3424 2308 ὃ

1840 2350 2023 2422 ﬂagris
2060 2366 2255 2418 casus,
2293 2352 2618 2422 perferebat.
2648 2351 2717 2406 Et
2766 2342 2983 2406 deducet
3030 2361 3078 2405 te
3112 2352 3425 2406 mirabiliter

1840 2445 2055 2498 dextera
2077 2454 2190 2498 tua.
2212 2444 2328 2499 Non
2360 2446 2610 2500 columna
2642 2446 2821 2513 nubis,
2844 2461 2949 2499 non
2984 2446 3124 2515 ignis
3149 2444 3423 2513 splendor,

1839 2536 1933 2590 sed
1957 2536 2069 2604 ipsa
2102 2537 2326 2591 dextera
2379 2547 2492 2591 tua.
2527 2539 2690 2593 Vens.
2719 2536 2773 2592 6.
2824 2536 3047 2607 Sagitta
3096 2548 3199 2591 tua:
3233 2546 3423 2602 ntutw,

1840 2627 2219 2695 potentissime.
2247 2628 2436 2683 Acuta
2478 2631 2712 2698 potentis
2742 2631 2957 2700 sagitta
2988 2644 3267 2685 sermones
3298 2637 3427 2683 sunt

1842 2719 2073 2787 appositi
2112 2734 2178 2775 ac
2209 2720 2458 2786 solertes,
2489 2723 2579 2789 qui
2619 2723 2927 2776 auditorum
2962 2723 3273 2790 pertingant
3303 2736 3425 2775 cor-

1840 2812 1930 2877 da,
1966 2812 2270 2882 feriuntque
2300 2822 2357 2868 et
2401 2815 2651 2868 sauciant
2698 2815 2911 2869 animas
2966 2828 3127 2868 sensu
3180 2812 3325 2867 facili
3362 2826 3426 2866 ac

1842 2910 2090 2971 prompto
2134 2902 2404 2970 praditas.
2457 2901 2625 2956 Verba
2673 2904 2831 2965 enim,
2862 2902 3057 2971 inquit,
3083 2903 3422 2971 sapientium,

1842 2995 1979 3047 sicut
2002 2993 2200 3046 stimuli
2233 2993 2426 3047 bonum
2455 2994 2521 3048 θ’.
2543 2994 2729 3060 Quare
2762 3004 2818 3049 et
2854 2992 3138 3049 Psalmista
3166 3009 3196 3047 a
3224 2994 3431 3073 dolosis

155 3102 398 3153 κεντρα.
438 3087 531 3140 Διὸ
560 3088 656 3141 καὶ
696 3088 725 3140 ὁ
770 3088 1073 3158 Ψαλμῳδὺς
1123 3087 1386 3159 ρυσθῆναί
1440 3105 1572 3141 ποτε
1631 3089 1741 3142 ἀπὸ

1849 3085 2150 3139 hominibus
2200 3086 2375 3139 atatis
2427 3100 2539 3139 sua
2575 3086 2867 3154 aliquando
2917 3085 3135 3141 liberari
3176 3085 3420 3154 cupiens,

153 3177 271 3230 τῶν
293 3177 523 3248 δολερῶν
554 3178 665 3232 τῶν
696 3178 835 3232 κατὰ
867 3178 965 3249 τὴν
991 3177 1187 3247 γενεὰν
1215 3176 1380 3232 αὑτοῦ
1424 3178 1736 3249 εὐχόμενος,

155 3271 244 3333 εἰς
278 3270 574 3342 θεραπείαν
611 3269 867 3341 γλώσσης
894 3270 1076 3334 δολίας
1107 3270 1175 3323 τὰ
1218 3268 1348 3341 βέλη
1393 3269 1487 3324 τοῦ
1513 3270 1738 3324 δυνατοῦ

153 3364 478 3435 ἠκονημένα
514 3363 686 3434 ζητεῖ.
728 3362 1006 3433 Ἐπιζητεί
1040 3362 1097 3415 δὲ
1152 3363 1247 3415 καὶ
1283 3364 1410 3426 τοὺς
1462 3361 1738 3434 ἄνθρακας

156 3457 422 3527 παρεῖναι
466 3455 609 3521 τοὺς
656 3454 1011 3524 ἐρημικούς·
1045 3454 1186 3506 ὥστε
1225 3455 1364 3508 ὅσων
1401 3454 1466 3508 ἂν
1497 3456 1570 3526 μὴ
1608 3455 1740 3509 καθ-

154 3546 369 3614 άψηται
397 3543 486 3598 διὰ
508 3544 608 3614 τὴν
634 3541 890 3613 πώρωσιν
911 3542 1009 3613 τῆς
1039 3542 1264 3614 καρδίας
1288 3543 1355 3597 τὰ
1375 3543 1567 3612 λογικὰ
1586 3543 1735 3615 βέλη,

155 3634 370 3697 τούτοις
392 3632 614 3703 ἑτοίμην
638 3628 777 3686 εἶναι
803 3631 901 3703 τὴν
934 3632 1173 3697 κόλασιν,
1198 3633 1265 3703 ἣν
1298 3634 1392 3686 καὶ
1418 3633 1739 3703 ἐρημικσὺς

156 3729 438 3800 ἄνθρακας
484 3728 947 3800 προσηγόρευσεν.
985 3726 1141 3781 Ὅσοι
1196 3727 1306 3799 γὰρ
1354 3729 1596 3799 ἐρήμους
1643 3727 1737 3783 τοῦ

155 3817 299 3872 Θεοῦ
320 3819 660 3889 κατέστησαν
675 3818 923 3883 ἑαυτοὺς,
944 3816 1153 3881 τούτοις
1175 3818 1471 3885 ἀναγκαῖος
1495 3821 1524 3872 ὁ
1548 3814 1738 3891 εὐτρεέ

156 3908 370 3979 πισμὺς
402 3908 510 3962 τῶν
532 3907 820 3979 ἐρημικῶν
848 3906 1157 3981 ἀνθράκων.
1197 3908 1314 3962 Νῦν
1352 3904 1445 3963 οὖν
1489 3908 1564 3964 Τὰ
1578 3910 1738 3979 ,βέλη

152 4011 281 4053 σου
310 3997 675 4067 ἠκονημένα.
711 3999 807 4051 Ἐκ
830 3998 1037 4052 τούτων
1068 3998 1178 4052 τῶν
1214 3998 1384 4068 βελῶν
1411 3999 1739 4071 τιτρώσκον-

153 4108 251 4144 ται
283 4092 341 4143 αἱ
375 4090 816 4162 παραδεξάμεναι
842 4090 943 4160 τὴν
982 4091 1165 4144 πίστιν
1196 4091 1387 4163 ψυχαὶ,
1422 4093 1516 4146 καὶ
1538 4095 1618 4157 είς
1640 4094 1738 4165 τὴν

153 4185 338 4256 ἄκραν
371 4185 465 4239 τοῦ
495 4185 631 4238 Θεοῦ
661 4185 883 4257 ἀγάπην
914 4186 1264 4240 ἐκκαυθεῖσαι
1303 4187 1519 4255 λέγουσι
1570 4205 1739 4260 παρα-

152 4276 405 4347 πλησίως
431 4279 497 4347 τῇ
527 4276 712 4348 νύμφῃ
734 4278 816 4341 τὸ,
840 4276 1172 4347 Τετρωμένη
1203 4277 1439 4347 ἀγάπης
1458 4278 1571 4348 ἐγώ
1596 4283 1734 4350 εἰμι.

167 4367 586 4440 Ἀνεκδιήγητον
614 4368 672 4422 δὲ
704 4368 799 4422 καὶ
837 4369 1078 4441 ἄρρητον
1113 4370 1174 4421 τὸ
1205 4369 1300 4422 τοῦ
1327 4369 1484 4438 λόγου
1512 4370 1734 4435 κάλλος,

1841 3187 2029 3232 acutas
2064 3177 2303 3247 potentis
2331 3176 2560 3247 sagittas
2589 3178 2850 3246 exquirit,
2874 3193 2974 3247 pro
3006 3177 3203 3247 lingua
3229 3176 3426 3231 dolosa

1840 3267 2102 3323 remedio.
2137 3267 2342 3334 Quaerit
2390 3268 2576 3323 itidem
2631 3269 2895 3324 carbones
2939 3269 3129 3323 adesse
3170 3268 3403 3321 desolato

1840 3358 2033 3425 rios“,
2068 3367 2130 3414 ut
2185 3373 2323 3428 quos
2369 3357 2439 3413 ob
2491 3359 2753 3414 callosam
2789 3360 2971 3416 cordis
3021 3359 3275 3415 duritiem
3315 3373 3423 3412 non
3504 3429 3513 3438 .

1840 3462 2069 3523 tangunt
2115 3450 2426 3523 spirituales
2477 3452 2725 3521 sagitta,
2764 3451 2829 3506 iis
2885 3460 3172 3521 parentum
3204 3451 3275 3506 sit
3301 3465 3427 3520 sup-

1838 3542 2082 3613 plicium,
2121 3544 2263 3612 quod
2308 3545 2573 3599 carbones
2600 3544 2767 3598 etiam
2812 3543 3165 3598 desolatorios
3196 3543 3430 3613 appella-

1837 3637 1917 3692 vit
1957 3637 2282 3706 Quicunque
2308 3635 2454 3691 enim
2487 3635 2658 3691 Deum
2696 3636 3010 3702 deseruere,
3035 3637 3104 3692 iis
3130 3637 3426 3692 carbonum

1839 3730 2288 3787 desolatoriorum
2320 3739 2612 3799 apparatus
2644 3730 2984 3786 necessarius
3006 3738 3110 3785 est.
3144 3729 3297 3783 Nunc
3331 3730 3428 3798 igi-

1842 3831 1929 3877 tur
1955 3822 2178 3892 Sagitta
2209 3831 2315 3876 tua
2341 3830 2532 3876 acuta.
2552 3820 2683 3888 Qua
2716 3821 2877 3876 tidem
2933 3822 3253 3891 amplexata
3301 3831 3429 3877 sunt

1840 3915 2053 3978 anima,
2073 3915 2157 3969 bis
2175 3913 2489 3969 sauciantur
2503 3914 2715 3983 sagittis
2734 3930 2749 3978 ;
2769 3925 2822 3970 et
2839 3914 2929 3969 ubi
2952 3928 3163 3968 summa
3182 3915 3235 3967 in
3256 3913 3425 3967 Deum

1839 4006 2107 4062 cbaritate
2128 4005 2451 4072 exarserint,
2487 4005 2693 4074 pariter
2720 4019 2785 4060 ac
2809 4020 3005 4075 sponsa
3042 4007 3263 4061 dicunt:
3296 4002 3427 4058 Vul-

1838 4107 2024 4152 nerata
2056 4098 2313 4151 charitate
2338 4113 2434 4168 ego
2461 4113 2576 4151 sum
2599 4097 2666 4151 “.
2687 4097 2857 4153 Porro
2880 4097 3033 4153 verbi
3056 4097 3425 4168 pulchritudo,

1839 4192 2118 4260 sapientia
2145 4190 2375 4260 species,
2394 4204 2458 4245 ac
2485 4190 2579 4245 Dei
2604 4189 2656 4244 in
2684 4190 2852 4260 ipsius
2879 4191 3111 4260 imagine
3140 4189 3312 4245 forma
3346 4191 3427 4243 in-

1840 4282 2173 4352 explicabilis
2196 4294 2282 4339 est
2320 4298 2386 4338 ac
2429 4282 2738 4338 ineffabilis.
2773 4282 2923 4338 Beati
2957 4284 3143 4354 igitur,
3183 4284 3276 4353 qui
3306 4299 3429 4339 con-

1843 4376 2164 4444 templanda
2218 4389 2363 4430 vera
2397 4374 2542 4430 illius
2583 4376 3006 4444 pulchritudinis
3058 4384 3187 4431 sunt
3222 4376 3423 4443 cupidi.

152 4460 254 4514 καὶ
305 4438 487 4531 ὴτῆς⁷
512 4461 703 4529 σοφίας
745 4438 1038 4533 ὡραιότης,
1074 4463 1167 4515 καὶ
1204 4466 1236 4534 ἠ
1268 4462 1363 4517 τοῦ
1396 4463 1533 4517 Θεοῦ
1569 4466 1627 4519 ἐν
1667 4467 1736 4536 τῇ

1849 4468 1978 4524 Nam
2006 4468 2152 4522 velut
2185 4467 2311 4522 huic
2337 4467 2539 4537 alligati
2578 4482 2674 4536 per
2703 4467 3074 4533 dilectionem,
3120 4467 3428 4522 caelestem-

150 4551 330 4605 εἰκόνι
363 4551 528 4606 αὐτοῦ
562 4553 763 4625 μορφή.
813 4555 1092 4627 Μακάριοι
1121 4550 1234 4621 οὖν,
1263 4557 1313 4608 οἱ
1340 4555 1435 4609 τοῦ
1482 4557 1738 4626 ἀληθινοῦ

149 4643 390 4707 κάλλους
413 4644 820 4715 φιλοθεάμονες.
840 4646 1019 4699 Οίονεὶ
1044 4646 1152 4717 γάρ
1185 4646 1571 4717 προσδεθέντες
1591 4647 1740 4719 αὐτῷ

146 4736 247 4790 διὰ
278 4735 382 4807 τῆς
413 4737 654 4808 ἀγάπης,
691 4739 785 4791 καὶ
816 4737 906 4791 τὸν
933 4739 1253 4811 ἐπουράνιον
1283 4740 1377 4794 καὶ
1402 4741 1737 4812 μακαριστὸν

147 4826 395 4899 ἐρῶντες
428 4827 628 4898 ἔρωτα,
665 4828 1111 4884 ἐπιλανθάνονται
1144 4830 1242 4900 μὲν
1281 4831 1498 4886 οἰκείων
1525 4833 1619 4885 καὶ
1651 4831 1739 4899 φί-

145 4923 296 4975 λων·
332 4920 779 4977 ἐπιλανθάνονται
817 4922 872 4975 δὲ
908 4923 1056 4976 οἴκου
1101 4922 1196 4976 καὶ
1230 4924 1549 4995 περιουσίας
1594 4926 1738 4979 ἁπά-

148 5030 286 5084 σης·
320 5012 666 5084 ἐκλαθόμενοι
688 5014 745 5068 δὲ
775 5014 982 5085 καὶτῆς
1012 5016 1329 5087 σωματικῆς
1354 5018 1431 5080 είς
1452 5016 1513 5069 τὸ
1537 5016 1737 5073 ἐσθίειν

1845 4576 1950 4631 que
1978 4568 2032 4616 et
2051 4560 2212 4629 plane
2239 4563 2457 4615 beatum
2505 4571 2747 4615 amantes
2778 4575 3015 4614 amorem
3041 4599 3056 4625 ,
3099 4560 3427 4631 propinquo-

1848 4671 1966 4710 rum
1990 4653 2385 4709 obliviscuntur
2410 4660 2466 4707 et
2491 4652 2827 4707 amicorum:
2873 4652 2999 4706 item
3049 4651 3238 4705 domus
3285 4651 3424 4705 obli-

1841 4744 2125 4799 viscuntur
2157 4748 2212 4797 et
2235 4754 2398 4811 Opum
2442 4740 2722 4805 omnium;
2762 4739 2869 4794 imo
2904 4736 3059 4808 165
3097 4739 3258 4791 etiam
3304 4750 3428 4790 cor-

1842 4835 2086 4906 poralem
2125 4832 2321 4889 edendi
2362 4840 2419 4886 et
2448 4831 2669 4887 bibendi
2715 4831 3092 4886 necessitatem
3123 4828 3295 4893 obliti,
3324 4827 3425 4884 soli

1843 4926 2027 4982 divino
2059 4939 2125 4980 ac
2159 4938 2297 4994 puro
2334 4922 2507 4978 amori
2562 4921 2702 4976 afﬁxi
2738 4930 2882 4976 sunt.
2918 4920 3221 4990 intelligere
3246 4927 3421 4973 autem

1841 5018 2017 5088 possis
2043 5016 2265 5087 sagittas
2300 5023 2484 5069 acutas
2513 5028 2607 5070 eos
2637 5014 2822 5080 etiam,
2848 5012 2940 5083 qui
2966 5010 3033 5066 ad
3063 5011 3421 5067 disseminan-

225 5196 273 5228 ”
305 5194 497 5251 Matth.
521 5210 595 5262 Vl,
622 5195 708 5250 10.
786 5196 832 5227 ⁸ο
862 5195 993 5251 ibid.
1070 5194 1114 5227 “
1140 5194 1429 5262 Matth.x1,
1460 5195 1551 5251 29.
1628 5199 1673 5230 ⁸¹
1704 5196 1741 5252 Ε

1849 5212 1885 5255 3.
1912 5213 2013 5264 ιιι,
2041 5197 2126 5252 ll.
2204 5196 2250 5229 “
2273 5194 2421 5252 Psal.
2446 5209 2594 5261 eux,
2620 5193 2675 5249 4.
2752 5192 2797 5226 ⁸⁸
2829 5193 2985 5249 Cant.
3020 5208 3079 5258 ιι,
3111 5191 3163 5246 5.

228 5329 347 5398 (81)
376 5330 474 5401 δῖε
510 5330 752 5401 quinque
802 5346 933 5386 mss.
981 5346 1103 5386 cum
1150 5331 1386 5386 editione
1450 5330 1618 5388 Basil.
1666 5333 1739 5388 At

147 5403 332 5473 editio
368 5400 550 5473 Paris.
583 5402 733 5473 ἔλθῃ.
762 5402 872 5455 Nec
898 5403 972 5455 ita
992 5401 1159 5473 multo
1182 5411 1307 5473 post
1329 5402 1570 5473 quinque
1603 5418 1737 5457 mss.

160 5472 341 5544 Ὑπὲρ
362 5470 637 5542 ἀληθείας.
654 5461 794 5544 Εξίῆιί
815 5473 1042 5544 Ἕνεκεν
1073 5461 1361 5544 ἀληθείαςῘ
1384 5461 1577 5525 διιιὶἰιη
1608 5487 1744 5544 qua-

147 5553 285 5596 tuor
311 5541 460 5595 inss.
480 5542 864 5614 cumeditione
886 5542 1049 5614 Basil.
1069 5541 1588 5614 προσδιέστραπται.
1617 5543 1742 5595 Edi-

148 5616 235 5664 tio
303 5626 432 5667 vero
501 5610 675 5666 Paris.
732 5628 854 5665 cum
908 5609 1061 5665 Colb.
1115 5609 1274 5665 sexto
1342 5609 1736 5683 προσδιέστρα-

146 5700 281 5735 πτο.

228 5750 343 5824 (82)
360 5751 498 5808 Editi
527 5753 839 5823 ἐναχθῶσιν.
862 5752 932 5809 At
954 5766 1081 5809 mss.
1102 5751 1335 5822 quinque
1367 5751 1729 5822 προαχθῶσιν.

1920 5332 2028 5403 (8⁸5)
2054 5333 2129 5387 Ita
2163 5345 2378 5399 quoque
2403 5330 2604 5403 legitur
2632 5328 2771 5399 apud
2798 5327 2963 5403 LXX,
2999 5328 3093 5383 sed
3122 5343 3307 5403 vocem
3327 5327 3417 5381 δυ-

1847 5398 1979 5459 νατέ
2002 5398 2108 5459 non
2139 5398 2383 5465 agnOSCit
2401 5398 2691 5464 Eusebius,
2707 5413 2806 5453 nec
2828 5399 3046 5454 dubium
3067 5400 3195 5466 quin
3225 5398 3417 5452 abesse

1852 5481 2122 5542 oporteat.
2164 5471 2328 5525 Notat
2382 5470 2526 5525 enim
2580 5469 2943 5539 Hieronymus
2978 5469 3042 5542 ad
3076 5467 3325 5542 Spniam,
3352 5468 3413 5542 _i_d

1846 5537 2169 5599 vocabulum
2200 5542 2529 5607 redundare,
2556 5549 2722 5609 atque
2750 5537 3096 5609 e‘superiore
3120 5537 3238 5593 loco
3261 5537 3417 5593 addi-

1843 5623 2158 5755 ωῗὲιῧεῧῗίχ
2198 5680 2392 5763 λογικά
2427 5680 2482 5738 in
2510 5678 2779 5764 aliquibus
2818 5694 2949 5735 mss.
2984 5692 3091 5734 non
3120 5676 3407 5748 reperitur.
