3818 6220
428 311 533 365 ὸοῦ

1741 313 1797 370 S.
1838 313 2087 370 BASILII
2126 314 2338 373 MAGNI

3590 306 3692 363 tot

428 427 555 479 dum
600 425 651 480 in
680 426 931 483 universo
972 426 1102 483 orbe
1129 427 1473 497 Evangelium
1516 430 1663 485 missi
1687 440 1851 495 sunt;
1891 432 2006 501 qui,

2134 434 2202 486 ταὶ
2257 432 2431 485 πίνειν
2483 431 2748 500 ἀνάγκης,
2804 432 2947 501 μόνῳ
2993 430 3069 499 τῷ
3122 428 3249 499 θείῳ
3299 428 3393 479 καὶ
3454 424 3696 495 καθαρῷ

429 518 570 585 quod
618 520 960 573 exacuissent
1005 534 1143 586 sese,
1171 520 1663 589 operibusjustitia:
1701 520 1999 591 fulgebant,

427 619 484 663 et
527 610 790 665 subtiliter
826 612 878 665 in
914 611 1234 666 discentium
1265 613 1475 667 animos
1514 613 1999 682 irrepebantmam

430 698 512 752 hae
535 700 741 769 sagitta:
768 717 1201 770 quaquaversum
1232 705 1542 773 praemissae,
1585 707 1827 776 populos,
1861 716 1919 762 ut
1946 723 2003 763 se

428 788 807 844 submitterent
837 790 1084 858 Christo,
1119 794 1512 862 praeparabant.
1552 794 1776 849 Videtur
1826 806 2003 852 autem

431 880 562 933 mibi
586 880 773 936 isthazc
792 885 1059 937 sententia
1089 886 1268 953 aptius
1292 900 1388 953 per
1408 887 1740 955 hyperbaton
1772 889 2001 953 restitui,

430 972 567 1026 adeo
593 980 651 1027 ut
693 974 737 1028 is
761 975 831 1029 sit
872 989 1065 1032 sensus
1092 992 1106 1029 :
1143 976 1388 1041 Intende,
1416 987 1463 1031 et
1498 992 1740 1048 prospere
1765 979 2000 1047 procede,

427 1073 476 1117 et
500 1081 677 1134 regna,
710 1075 761 1120 et
785 1068 1001 1124 deducet
1040 1078 1089 1124 te
1122 1069 1431 1124 mirabiliter
1458 1072 1670 1125 dextera
1708 1083 1821 1138 tua,
1844 1081 1890 1125 et
1908 1088 2005 1138 po-

431 1159 546 1225 puli
566 1160 660 1211 sub
689 1168 735 1212 te
762 1161 982 1224 cadent;
1005 1171 1283 1231 propterea
1308 1163 1449 1231 quod
1478 1166 1680 1233 sagittae
1706 1173 1811 1217 tua:
1834 1173 2005 1217 acutae

430 1257 551 1301 sunt
588 1250 641 1303 in
671 1252 823 1304 corde
869 1253 1199 1307 inimicorum
1238 1256 1391 1322 regis.
1416 1254 1600 1310 Nullus
1626 1257 1733 1310 Deo
1761 1256 2007 1309 adversa-

432 1339 573 1403 rius,
618 1350 1020 1413 autarrogans,
1049 1353 1141 1398 aut
1196 1346 1460 1415 superbus
1501 1346 1715 1414 subjicit
1757 1360 1815 1401 se
1865 1347 2005 1411 Deo,

432 1433 528 1487 sed
559 1436 651 1502 qui
690 1434 812 1489 ﬁdei
844 1438 1304 1508 obtemperavere.
1340 1439 1560 1509 Sagitta:
1587 1447 1787 1504 autem,
1820 1453 2007 1493 eorum

434 1524 525 1591 qui
551 1525 690 1594 regis
734 1527 1022 1596 aliquando
1055 1529 1255 1583 inimici
1281 1538 1436 1583 erant
1484 1528 1736 1583 cordibus
1783 1526 2005 1596 illapsaa,

434 1615 579 1684 ipsos
610 1617 675 1671 ad
708 1620 951 1675 veritatis
983 1620 1309 1677 desiderium
1341 1621 1586 1686 trahunt,
1613 1620 1760 1690 ipsos
1792 1620 2010 1674 trahunt

434 1707 502 1759 ad
540 1708 844 1775 Dominum,
874 1721 931 1765 ut
964 1713 1166 1768 inimici
1193 1713 1287 1768 Dei
1311 1713 1652 1778 exsistentes,
1686 1712 1734 1767 ei
1771 1725 1869 1781 per
1912 1712 2008 1765 do-

435 1798 664 1853 ctrinam
696 1804 1133 1860 reconcilientur.

2103 524 2536 593 προστετήκασιν
2561 522 2741 592 ἔρωτι.
2773 524 3003 592 Νοήσεις
3019 521 3075 573 δὲ
3091 520 3407 589 ἠκονημένα
3429 514 3577 584 βέλη
3601 514 3695 565 καὶ

2102 615 2230 676 τοὺς
2263 614 2757 683 ἀποστελλομένους
2803 614 2893 665 ἐπὶ
2918 613 2979 665 τὸ
3014 612 3123 681 (85)
3165 612 3495 679 ἐπισπεῖραι
3542 606 3696 673 πάντῃ

2104 708 2171 775 τῇ
2205 704 2498 777 οἰκουμένῃ
2532 704 2590 755 τὸ
2636 702 2994 770 Εὑαγγέλιον·
3025 702 3097 766 οἳ,
3126 701 3214 754 διὰ
3262 700 3323 752 τὸ
3347 694 3696 767 ἠκονῆσθαι,

2105 798 2346 867 ἔλαμπον
2367 801 2477 860 τοῖς
2498 797 2604 866 τῆς
2632 797 2971 866 δικαιοσύνης
2998 797 3194 867 ἔργοις,
3223 796 3318 847 καὶ
3346 791 3579 852 λεπτῶς
3603 788 3696 840 ἐπὶ

2104 889 2203 952 τὰς
2236 888 2344 941 τῶν
2363 889 2761 958 διδασκομένων
2788 888 2962 957 ψυχὰς
2982 887 3310 957 παρεδύοντο
3328 903 3341 917 ·
3363 882 3557 936 ταῦτα
3582 879 3695 947 γὰρ

2104 980 2174 1033 τά
2209 980 2367 1049 βέλη,
2386 979 2656 1048 πανταχοῦ
2681 979 3130 1050 προπεμπόμενα,
3160 974 3558 1047 παρεσκεύαζε
3578 972 3699 1039 (86)

2105 1073 2231 1135 τοὺς
2258 1072 2420 1135 λαοὺς
2447 1073 2701 1125 ὑποκάτω
2752 1072 2972 1123 πίπτειν
3014 1070 3108 1122 τοῦ
3142 1068 3403 1140 Χριστοῦ.
3441 1068 3613 1117 Δοκεῖ
3640 1063 3701 1116 δέ

2110 1183 2199 1237 μοι
2228 1166 2646 1236 ἀκολουθότερον
2675 1167 2708 1235 ἡ
2742 1164 2888 1229 λέξις
2913 1161 3379 1217 ἀποκαθίστασθαι
3408 1159 3482 1211 δι’
3524 1158 3703 1225 ὑπερ-

2108 1256 2296 1321 ϐατοῦ,
2321 1257 2462 1313 ὥστε
2496 1258 2733 1311 τοιοῦτον
2762 1254 2903 1309 εἶναι
2935 1257 3027 1309 τὸν
3045 1256 3169 1308 νοῦν
3187 1271 3199 1282 ·
3222 1255 3548 1305 Ἕντεινον
3572 1248 3699 1317 (87}

2109 1348 2209 1401 καὶ
2231 1348 2559 1402 κατευοδοῦ
2574 1350 2669 1403 καὶ
2681 1348 3111 1416 βασίλευε,,καὶ
3136 1344 3425 1413 ὁδηγήσει
3453 1358 3534 1395 σε
3551 1344 3701 1394 θαυ-

2101 1437 2348 1505 μαστῶς
2373 1439 2411 1505 ἠ
2450 1436 2619 1501 δεξιά
2643 1452 2781 1499 σου,
2817 1436 2915 1490 καὶ
2953 1433 3089 1489 λαοὶ
3124 1434 3402 1487 ὑποκάτω
3434 1445 3561 1482 σου
3596 1441 3705 1478 περ

2108 1525 2393 1581 σοῦνται·
2441 1526 2518 1596 τῷ
2564 1526 2638 1579 τὰ
2677 1526 2839 1593 ,ϐέλη
2889 1541 3003 1579 σου
3042 1522 3388 1592 ἠκονημένα
3420 1516 3583 1573 εἶναι
3629 1517 3704 1569 ἐν

2108 1618 2321 1686 καρδίᾳ
2346 1618 2464 1671 τῶν
2482 1618 2709 1688 ἐχθρῶν
2722 1619 2829 1672 τοῦ
2852 1615 3176 1682 βασιλέως.
3201 1614 3393 1675 Οὐδεὶς
3413 1610 3702 1680 θεομάχκ

2110 1712 2204 1762 καὶ
2254 1710 2469 1775 ἀλαζὼν
2503 1712 2597 1765 καὶ
2651 1713 2996 1781 ὑπερήφανος
3041 1708 3296 1763 ὑποκάτω
3353 1706 3551 1757 πίπτει
3595 1702 3701 1753 τοῦ

2034 1799 2076 1854 Β
2104 1800 2261 1865 Θεοῦ,
2295 1802 2408 1855 ἀλλ’
2426 1804 2473 1856 oi
2490 1804 2587 1873 τὴν
2608 1805 2671 1856 ἐκ
2686 1804 2923 1866 πίστεως
2942 1801 3215 1870 ὑποταγὴν
3232 1796 3697 1863 καταδεξάμενοι.

435 1888 516 1941 Τά
562 1890 617 1942 δὲ
663 1890 827 1960 βέλη,
891 1896 1009 1957 ταῖς
1065 1896 1315 1967 καρδίαις
1372 1894 1679 1966 ἐμπεσόντα
1713 1892 1819 1946 τῶν
1872 1906 2003 1943 ποτε
2040 1890 2251 1960 ἐχθρῶν
2282 1890 2375 1943 τοῦ
2408 1891 2692 1961 βασιλέως,
2758 1892 2905 1945 ἕλκει
2968 1891 3162 1953 αὑτοὺς
3192 1891 3269 1951 είς
3294 1887 3389 1949 τὸν
3415 1886 3551 1955 περὶ
3594 1885 3703 1953 τῆς

434 1981 693 2052 ἀληθείας
745 1986 927 2052 πόθον,
985 1988 1134 2041 ἓλκει
1178 1990 1378 2052 αὑτοὺς
1428 1989 1568 2059 πρὸς
1624 1988 1714 2040 τὸν
1752 1984 1957 2057 Κύριον
1984 2025 1999 2049 ,
2069 1984 2232 2050 ὥστε,
2284 1984 2513 2055 ἐχθροὺς
2580 1985 2740 2047 δντας
2776 1984 2854 2054 τῷ
2899 1982 3037 2053 Θεῷ,
3082 1979 3495 2048 καταλλαγῆναι
3540 1975 3701 2044 αὐτῷ

434 2074 521 2127 διὰ
546 2076 652 2128 τῶν
683 2077 1049 2147 διδαγμάτων.

507 2169 557 2223 7.
603 2170 764 2226 Vens.
806 2173 857 2237 7,
877 2173 931 2227 .8.
981 2174 1142 2231 Sedes
1183 2187 1309 2245 tua,
1340 2177 1505 2239 Deus,
1537 2178 1593 2231 in
1622 2174 1873 2231 sarculum
1907 2189 2009 2228 sa:-

436 2260 539 2311 culi
557 2277 575 2324 ;
594 2262 741 2331 uirga
772 2265 1124 2331 rectitudinis,
1154 2269 1299 2339 virga
1342 2269 1490 2337 regni
1519 2269 1616 2321 tui.
1658 2267 1900 2321 Dilexisti
1920 2266 2013 2335 ju-

435 2355 633 2407 stitiam
667 2366 713 2409 et
740 2358 896 2411 odisti
917 2359 1244 2426 iniquitatem
1265 2377 1285 2425 ,°
1313 2367 1587 2429 propterea
1607 2360 1759 2413 unxit
1786 2369 1834 2413 te
1850 2359 2011 2425 Deus,

438 2444 579 2499 Deus
612 2456 730 2501 tuus
759 2448 870 2503 oleo
895 2450 1088 2506 la'titia;
1128 2468 1238 2520 pra:
1266 2453 1593 2506 consortibus
1629 2453 1756 2506 tuis.
1796 2450 2015 2505 Postea-

435 2551 598 2603 quam
628 2540 692 2591 ad
718 2543 978 2603 {naturam
1014 2544 1303 2598 humanam
1343 2544 1603 2603 intentus,
1630 2543 1811 2597 multis
1838 2542 2015 2596 verbis

438 2630 503 2682 de
533 2644 594 2683 ea
622 2631 899 2701 disseruit,
930 2650 1071 2689 nunc
1102 2637 1407 2691 orationem
1450 2646 1505 2691 et
1534 2636 1874 2690 altitudinem
1900 2634 2016 2703 glo-

439 2723 534 2774 rize
569 2720 841 2792 Unigeniti
891 2727 1116 2781 reducit.
1160 2726 1319 2782 Sedes
1371 2738 1484 2793 tua,
1531 2726 1709 2790 Deus,
1742 2726 2015 2794 inquit,in

437 2814 687 2867 sarculum
712 2815 892 2870 διεσαίί
916 2832 934 2869 ;
963 2818 1065 2873 hoc
1092 2826 1175 2873 est
1205 2834 1426 2888 regnum
1456 2828 1605 2873 tuum
1641 2817 1781 2871 ultra
1819 2816 2013 2871 saecula

437 2917 497 2955 se
528 2904 771 2974 porrigit,
807 2915 998 2975 estque
1036 2910 1182 2963 omni
1216 2908 1578 2979 intelligentia
1616 2908 1910 2976 antiquius.
1950 2906 2015 2959 Et

438 2990 662 3057 pulchre
695 3004 815 3061 post
847 2996 1160 3065 p0pulorum
1192 2998 1575 3061 obedientiam,
1597 2997 1745 3064 regni
1774 2997 1867 3049 Dei
1902 3010 2011 3048 nta-

2184 2168 2238 2223 7.
2274 2168 2327 2221 Ὀ
2376 2169 2587 2235 θρόνος
2625 2180 2763 2231 σου,
2813 2169 2847 2220 ὀ
2890 2165 3053 2231 Θεὸς,
3081 2164 3167 2229 εἷς
3205 2163 3311 2215 τὸν
3355 2158 3549 2213 αἰῶνα
3582 2155 3699 2210 τοῦ

2111 2262 2358 2326 αἰῶνος·
2387 2259 2610 2329 ῥάϐδος
2634 2259 2975 2323 εὐθύτητος,
3005 2259 3043 2325 ἡ
3091 2253 3308 2323 ῥάϐδος
3360 2251 3474 2319 τῆς
3513 2252 3701 2315 ,ϐασι-

2109 2354 2279 2419 λείας
2318 2366 2455 2405 σου.
2504 2349 2843 2419 Ἠγάπησας
2887 2349 3282 2414 δικαιοσύνην
3329 2344 3429 2397 καὶ
3480 2344 3703 2413 ἐμίση-

2113 2462 2230 2510 σας
2253 2444 2533 2512 ἀνομίαν·
2570 2442 2669 2495 διὰ
2688 2442 2862 2494 τοῦτο
2886 2439 3093 2509 ἐχρισέ
3124 2456 3197 2493 σε
3236 2441 3269 2491 ό
3298 2436 3465 2502 Θεὸς,
3497 2439 3530 2488 ό
3548 2435 3702 2500 Θεός

2111 2553 2251 2600 σου,
2282 2537 2493 2590 ἔλαιον
2539 2534 2955 2604 ἀγαλλιάσεως
3000 2533 3159 2600 παρὰ
3208 2530 3354 2595 τοὺς
3390 2530 3702 2598 μετόχους

2111 2644 2249 2684 σου.
2298 2627 2515 2698 Ἐπειδὴ
2551 2626 2723 2695 πολλά
2763 2625 2898 2695 πρὸς
2937 2624 2998 2676 τὸ
3030 2621 3368 2693 ἀνθρώπινον
3410 2616 3689 2671 ἀνατεινό-

2114 2736 2272 2789 μενος
2316 2716 2583 2785 διελέχθη,
2634 2714 2897 2781 ἐπανάγει
2927 2714 3020 2767 νῦν
3052 2713 3146 2763 ἐπὶ
3172 2710 3242 2763 τά
3270 2709 3379 2779 ῦψη
3431 2707 3537 2776 τῆς
3564 2706 3699 2775 mp!

2108 2810 2202 2863 τοῦ
2237 2807 2576 2876 Μονογενοῦς
2626 2807 2783 2877 δόξης
2834 2806 2925 2857 τὸν
2967 2804 3141 2872 λόγον.
3187 2803 3249 2854 '0
3291 2802 3507 2869 θρόνος
3552 2812 3694 2852 σου,

2110 2902 2293 2971 φησὶν,
2327 2904 2358 2954 ό
2394 2900 2557 2965 Θεὸς,
2592 2902 2677 2965 εὶς
2712 2899 2816 2951 τὸν
2864 2897 3049 2950 αἰῶνα
3072 2893 3177 2947 τοῦ
3230 2892 3446 2956 αἰῶνος
3475 2908 3491 2921 ·
3545 2905 3699 2940 τουτ-

2112 2993 2280 3056 έστιν,
2316 2993 2349 3061 ὴ
2415 2990 2663 3059 βασιλεία
2713 3006 2805 3041 σου
2862 2988 3116 3041 ἐπέκεινα
3160 2985 3269 3038 τῶν
3310 2982 3549 3043 αἰώνων,
3597 2982 3697 3032 καὶ

440 3084 806 3153 gnilicentiam
847 3061 1106 3141 celebrat.
1162 3086 1323 3157 Virga
1363 3061 1729 3150 rectitudinis,
1760 3089 1907 3154 uirga
1938 3103 2010 3139 re-

2134 3084 2321 3147 ;woia;
2340 3083 2520 3152 πάσης
2554 3083 2671 3134 ἐστὶ
2699 3079 3062 3152 πρεσϐυτέρα.
3087 3078 3196 3131 Καὶ
3219 3075 3398 3137 καλῶς
3430 3074 3573 3144 μετὰ
3592 3074 3697 3141 τὴν

440 3178 527 3244 gni
569 3178 666 3233 tui.
712 3177 1051 3248 Quapropter
1084 3187 1137 3232 et
1170 3180 1218 3234 ei
1262 3181 1535 3249 propriam
1574 3179 1805 3234 reddidit
1829 3179 2004 3248 appel-

442 3268 715 3332 lationem,
752 3270 927 3338 ipsum
961 3270 1106 3324 clare
1140 3270 1417 3340 appellans
1445 3273 1607 3326 Deum
1650 3290 1665 3326 :
1699 3272 1863 3326 Sedes
1893 3281 2007 3334 tua,

442 3358 604 3414 Deus.
632 3357 953 3429 Castigatrix
990 3370 1073 3415 est
1094 3362 1244 3430 virga
1274 3362 1367 3417 Dei
1397 3380 1410 3415 :
1449 3378 1569 3431 qua:
1603 3364 1728 3417 dum
1758 3364 2008 3431 castigat,

445 3461 624 3515 recta,
678 3466 784 3505 non
836 3466 1087 3520 perversa
1128 3453 1326 3523 judicia
1377 3454 1601 3523 profert.
1648 3453 2009 3520 Quamobrem

443 3542 591 3611 virga
627 3544 966 3598 rectitudinis
1000 3545 1147 3614 virga
1181 3547 1331 3615 regni
1361 3546 1527 3615 ipsius
1572 3556 1873 3621 nuncupata
1906 3555 2009 3600 est.

444 3632 506 3685 Si
540 3633 677 3687 enim
724 3636 1088 3706 dereliquerint
1134 3638 1234 3706 ﬁlii
1275 3639 1386 3707 ejus
1440 3641 1601 3708 legem
1649 3655 1850 3703 meam,
1882 3640 2012 3691 etin

435 3723 655 3792 judiciis
706 3727 831 3779 meis
882 3744 984 3781 non
1033 3728 1460 3794 ambulaverint;
1496 3730 1714 3784 visitabo
1766 3730 1821 3782 in
1870 3730 2011 3797 virga

444 3816 745 3885 iniquitates
778 3819 1013 3886 ipsorum
1046 3820 1112 3873 “.
1138 3821 1302 3876 Vides
1336 3822 1537 3891 justum
1572 3821 1664 3876 Dei
1707 3820 1960 3887 judicium
1991 3820 2014 3873 Ἰ

444 3902 560 3959 Non
591 3906 643 3959 in
679 3908 947 3975 quoslibet
975 3912 1160 3975 utitur,
1196 3912 1286 3965 sed
1316 3912 1369 3965 in
1406 3922 1730 3981 peccatores.
1766 3910 1887 3966 llznc
1920 3927 2015 3964 au-

447 4004 551 4049 tem
589 4005 643 4050 et
668 3998 1050 4053 consolationis
1081 4001 1227 4071 virga
1268 4003 1461 4057 dicitur
1490 4021 1503 4056 :
1547 4002 1706 4071 Virga
1738 4004 1898 4063 enim,
1929 4004 2011 4055 in-

444 4088 581 4157 quit,
618 4100 664 4142 et
690 4091 905 4145 baculus
942 4101 1084 4158 tuus,
1114 4095 1225 4160 ipsa
1264 4110 1342 4147 me
1366 4096 1637 4147 consolata
1675 4105 1793 4148 sunt
1826 4096 1891 4151 ⁸⁸.
1922 4093 2015 4147 Est

444 4192 499 4236 et
528 4183 642 4237 haec
671 4186 819 4252 virga
855 4186 1212 4241 contritionis.
1244 4186 1407 4254 Reges
1449 4204 1535 4241 eos
1562 4193 1615 4239 in
1657 4189 1797 4255 virga
1821 4187 2013 4254 ferrea,

446 4284 697 4345 tanquam
742 4291 832 4328 vas
861 4276 1009 4343 ﬁguli
1042 4276 1338 4346 confringes
1374 4294 1459 4331 eos
1491 4278 1556 4330 ⁸⁷.
1591 4276 2015 4345 Conlringuntur

446 4378 624 4419 autem
664 4377 839 4422 terrea
862 4383 925 4422 ac
956 4369 1121 4433 lutea,
1151 4371 1321 4437 gratia
1374 4385 1558 4423 eorum
1589 4371 1679 4437 qui
1709 4379 1965 4439 reguntur
1998 4388 2011 4436 ;

446 4459 897 4527 quemadmodum
924 4462 1087 4515 etiam
1120 4462 1406 4517 traduntur
1430 4461 1494 4515 In
1516 4462 1781 4516 interitum
1814 4465 2014 4531 carnis,

447 4560 500 4603 ut
526 4552 741 4617 spiritus
785 4554 955 4606 salvus
983 4555 1050 4606 sit
1077 4554 1143 4607 ⁸⁸.

2116 3176 2223 3229 τῶν
2283 3175 2425 3227 λαῶν
2475 3174 2755 3242 ὑποταγὴν
2812 3173 2871 3225 τὸ
2929 3169 3342 3241 μεγαλοπρεπὲς
3392 3168 3492 3235 τῆς
3542 3166 3696 3235 βασι-

2118 3269 2265 3330 λείας
2300 3266 2407 3335 (88)
2434 3266 2528 3319 τοῦ
2552 3265 2686 3318 Θεοῦ
2734 3266 2981 3335 ἀνυμνεῖ.
3019 3262 3264 3327 Ῥάϐδος
3298 3261 3628 3327 εὐθύτητος
3654 3256 3696 3323 ἠ

2114 3360 2331 3427 ῥάϐδος
2363 3358 2472 3427 τῆς
2492 3359 2815 3423 ,Βασιλείας
2829 3372 2965 3411 σου.
2991 3356 3087 3409 Διά
3110 3355 3270 3409 τοῦτο
3286 3355 3383 3409 καὶ
3410 3354 3701 3406 ἀπέδωκεν

2118 3452 2266 3523 αὐτῷ
2314 3452 2411 3522 τὴν
2448 3451 2581 3505 ἰδίαν
2630 3451 3032 3521 προσηγορίαν,
3079 3447 3267 3516 σαφῶς
3295 3447 3456 3499 αὑτὸν
3492 3446 3701 3511 ἀναγο-

2122 3546 2316 3617 ρεύσας
2348 3545 2479 3598 Θεόν
2504 3562 2516 3574 ·
2565 3545 2629 3598 ’0
2677 3545 2888 3611 θρόνος
2912 3557 3047 3605 σου,
3080 3545 3113 3595 ὁ
3162 3541 3324 3605 Θεός.
3360 3537 3702 3607 Παιδευτική

2118 3639 2201 3700 τίς
2222 3639 2385 3691 ,ἐστιν
2406 3639 2439 3707 ὴ
2477 3635 2671 3707 ῥάϐδος
2693 3634 2787 3687 τοῦ
2811 3634 2946 3687 Θεοῦ
2964 3652 2977 3664 ο
3007 3632 3335 3686 παιδεύουσα
3359 3630 3440 3693 δὲ,
3476 3629 3704 3690 εὐθείας

2119 3731 2214 3781 καὶ
2256 3729 2317 3781 οὑ
2364 3726 2898 3799 παρατετραμμὲνας
2941 3727 3136 3793 ἐπάγει
3186 3724 3287 3785 τὰς
3319 3721 3557 3793 κρίσεις.
3601 3722 3704 3773 Διά

2118 3818 2275 3874 τοῦτο
2306 3821 2496 3891 ῥάὸδος
2524 3819 2817 3884 εὐθύτητος
2850 3821 2883 3887 ἡ
2933 3818 3125 3888 ῥάϐδος
3152 3817 3252 3885 τῆς
3279 3814 3565 3884 βασιλείας
3609 3815 3705 3865 αὑ.

2118 3914 2211 3967 τοῦ
2260 3913 2717 3985 προσηγόρευται.
2770 3910 2908 3964 Ἐὰν
2951 3910 3059 3978 γὰρ
3099 3908 3594 3975 ἐγκαταλίπωσιν
3646 3909 3703 3958 ol

2120 4006 2236 4059 υἱοὶ
2271 4004 2458 4059 αὐτοῦ
2491 4006 2596 4058 τὸν
2624 4006 2815 4073 νόμον
2836 4020 2977 4073 μου,
3010 4002 3108 4055 καὶ
3133 4000 3242 4071 (89)
3288 3999 3418 4064 τοῖς
3445 3999 3705 4067 κρίμασὶ

2115 4116 2233 4165 μου
2253 4096 2338 4166 μὴ
2364 4095 2758 4163 πορευθῶσιν,
2799 4093 3200 4161 ἐπισκέψομαι
3244 4090 3314 4143 ἐν
3342 4088 3555 4156 ῥάϐδῳ
3598 4090 3705 4153 τὰς

2119 4191 2370 4258 ἀνομίας
2397 4188 2613 4242 αὐτῶν.
2645 4189 2807 4259 Ὁρᾷς
2837 4188 2935 4257 τὴν
2963 4186 3175 4239 δικαίαν
3200 4184 3385 4255 κρίσιν
3411 4182 3511 4235 τοῦ
3529 4182 3701 4245 Θεοῦ;

2121 4282 2236 4333 Οὐκ
2265 4282 2357 4333 ἐπὶ
2389 4281 2497 4332 τῶν
2526 4280 2793 4349 τυχόντων
2825 4278 3041 4347 χρῆται,
3086 4274 3199 4328 ἀλλ’
3229 4274 3321 4325 ἐπὶ
3374 4273 3487 4325 τῶν
3530 4274 3703 4341 ἀμαρ-

2120 4376 2407 4427 τανόντων.
2427 4374 2574 4442 Αὕτη
2597 4374 2652 4425 δὲ
2681 4373 2772 4425 καὶ
2806 4371 3199 4442 παρακλήσεως
3228 4368 3449 4435 λέγεται
3480 4366 3698 4436 ῥάϐδος

2134 4466 2193 4518 Ἠ
2234 4464 2456 4530 ῥάϐδος
2499 4462 2610 4531 γάρ
2653 4478 2789 4525 σου,
2831 4460 2985 4531 φησὶ,
3031 4459 3129 4512 καὶ
3160 4459 3196 4525 ἠ
3220 4455 3535 4523 βακτηρία
3563 4463 3697 4507 σου.

2121 4551 2299 4609 αὗταί
2318 4572 2392 4622 με
2421 4552 2861 4621 παρεκάλεσαν.
2902 4550 3049 4619 Αῦτη
3082 4549 3172 4601 καὶ
3207 4545 3558 4617 συντριμμοῦ
3589 4547 3697 4597 ἐστι

448 4643 659 4712 b31550:-
708 4646 1021 4713 Homareic
1065 4647 1174 4728 γᾴρ
1210 4647 1431 4712 αὐτοὺς
1490 4647 1781 4716 ἐνεράϐδῳ
1846 4646 2084 4714 σιδηρᾷ,
2124 4648 2203 4712 ὡς
2246 4648 2469 4711 σκεῦος
2515 4645 2811 4715 κεραμέως
2872 4642 2982 4714 (90)
3045 4641 3403 4707 συντρίψεις
3453 4638 3694 4697 αὐτούς.

445 4736 793 4805 Συντρίόεται
819 4737 875 4789 δὲ
904 4738 969 4790 τά
1014 4739 1169 4807 χοῑκά
1221 4741 1313 4793 καὶ⁸
1366 4737 1566 4809 πήλινα
1612 4740 1699 4790 ἐπ’
1731 4738 2018 4810 εὑεργεσίᾳ
2054 4738 2162 4791 τῶν
2189 4738 2655 4809 ποιμαινομένων
2682 4736 2817 4790 καθὸ
2858 4736 2953 4789 καὶ
3014 4732 3370 4803 παραδίδοται
3428 4732 3539 4795 Είς
3568 4729 3697 4781 ἔλε-

446 4837 589 4898 θρον
620 4829 727 4897 τῆς
758 4830 1008 4898 σαρκὸς,
1032 4833 1132 4885 ἵνα
1164 4832 1230 4886 τὸ
1259 4832 1495 4899 πνεῦμα
1532 4829 1713 4899 σωθῇ.

517 5012 572 5067 8.
616 5012 904 5078 Propterea
929 5012 1078 5064 unxit
1113 5020 1161 5063 te
1201 5009 1361 5073 Deus,
1382 5010 1521 5065 Deus
1547 5020 1665 5063 tuus
1684 5009 1795 5061 oleo
1820 5007 2016 5062 laetitia:

447 5124 557 5176 prae
584 5105 910 5159 consortibus
962 5105 1085 5158 tuis.
1114 5102 1378 5169 Quoniam
1409 5120 1507 5174 par
1536 5112 1653 5159 erat
1680 5112 1737 5157 ut
1780 5104 2013 5173 typicum

2193 5011 2246 5065 8.
2299 5008 2401 5063 Διὰ
2446 5006 2618 5061 τοῦτο
2650 5005 2858 5074 ἕχρισέ
2908 5018 2983 5057 σε
3016 5005 3047 5056 ὀ
3097 5000 3265 5066 Θεὸς,
3296 5003 3329 5053 ό
3369 5000 3521 5064 Θεός
3560 5014 3696 5063 σου,

2122 5104 2328 5156 ἔλαιον
2368 5098 2779 5170 ἀγαλλιάσεως
2824 5096 2983 5166 παρὰ
3022 5094 3165 5161 τοὺς
3215 5096 3518 5164 μετόχους
3562 5107 3695 5147 σου.

542 5243 588 5275 ⁸⁸
619 5242 759 5298 Psal.
796 5255 1054 5304 Lxxxvnt,
1097 5238 1293 5303 31,55.
1369 5240 1415 5271 "
1446 5238 1588 5293 Psal.
1630 5252 1766 5306 xxn,
1802 5239 1856 5293 4.
1933 5238 1977 5269 ⁸⁷

2134 5279 2155 5292 η.
2182 5251 2240 5298 ιι,
2269 5234 2324 5289 9.
2398 5231 2489 5284 “1
2521 5232 2642 5287 Cor.
2681 5244 2736 5295 ν,
2764 5230 2819 5286 5.

519 5380 632 5444 (85)
663 5378 766 5431 Alii
810 5392 938 5430 mss.
972 5377 1067 5429 ἐπὶ
1098 5376 1195 5447 τῷ.
1220 5375 1323 5429 Alii
1358 5376 1450 5447 ἐπὶ
1473 5377 1551 5429 τό.

521 5451 629 5514 (86)
660 5448 812 5501 Colb.
849 5448 1053 5513 primus
1080 5446 1520 5518 παρασκευάζει.

519 5521 632 5587 (87)
660 5519 793 5585 Reg.
832 5518 1103 5587 secundus
1130 5517 1355 5572 ἔντεινε.

524 5591 635 5655 (88)
664 5590 737 5640 lla
769 5602 902 5640 mss.
928 5602 1044 5640 sex.
1076 5586 1232 5652 Illud,
1260 5587 1361 5656 τῆς
1409 5586 1705 5657 βασιλείας,
1742 5586 2024 5642 desidera-

456 5663 613 5715 ltalttr
638 5664 688 5710 itt
713 5658 891 5709 editis.

526 5728 637 5797 (89)
666 5726 757 5781 Sic
774 5726 937 5781 editio
965 5725 1004 5777 Β
1075 5727 1128 5781 il.
1157 5737 1208 5783 et
1241 5727 1392 5799 Regii
1430 5728 1721 5795 secundus,
1755 5728 1949 5782 tertius
1971 5735 2024 5781 et

2119 5382 2352 5443 quartus
2384 5367 2689 5443 cum_C_olh.
2728 5363 3131 5443 primo,_bene_.
3158 5359 3339 5443 Editio
3362 5359 3548 5417 Paris.
3577 5378 3695 5419 cum

2118 5431 2272 5501 (ἔθη).
2299 5452 2449 5497 sexto
2473 5438 2577 5491 υἱοί
2620 5454 2713 5489 σου
2731 5431 2835 5489 ’τὸν
2864 5434 2979 5498 καί,
3015 5431 3115 5502 ﬁlii
3158 5433 3259 5485 tui.

2215 5514 2303 5583 90)
2324 5512 2475 5583 Illud,
2508 5507 2818 5583 κεραμέως,
2842 5507 2989 5559 deest
3017 5501 3074 5557 in
3093 5502 3340 5583 editione
3353 5501 3695 5583 Parisiensi:

2215 5518 2303 5583 90)
2324 5518 2475 5571 Illud,
2508 5518 2818 5579 κεραμέως,
2842 5518 2989 5559 deest
3020 5520 3074 5557 tn
3093 5518 3335 5557 emuune
3357 5518 3654 5559 Parmensi
3680 5520 3693 5557 :

2121 5518 2217 5641 ses
2253 5582 2521 5652 reperitur
2561 5580 2610 5652 in
2652 5588 2887 5652 quatuor
2924 5590 3058 5652 mss:
3084 5574 3228 5652 et-in
3254 5574 3502 5652 editione
3534 5574 3693 5629 Basil.

2125 5659 2177 5711 in
2218 5642 2328 5724 qna'
2351 5668 2446 5720 pro
2479 5642 2681 5724 σκεῦος
2707 5647 2909 5724 legitur
2932 5642 3123 5724 σκεύη.
3151 5642 3351 5724 Necjla
3379 5645 3554 5700 mullo
3584 5653 3697 5714 post

2126 5711 2398 5784 duo'ms's.
2439 5737 2561 5777 cum
2588 5711 2828 5774 editione
2865 5716 3023 5771 Basil.
3054 5711 3466 5784 παραδίδονται.
