3818 6220
187 290 298 346 405
1223 294 1517 352 HOMILIA
1555 296 1624 351 ΙΝ
1664 297 1777 355 PSA

1905 301 2002 357 ΗΜ
2042 297 2227 360 XLIV-
3351 317 3459 372 406

203 405 421 478 Ἐπειδὴ
450 405 558 460 ἔδει
585 407 918 479 σχηματίσαι
943 410 1005 464 τὸ
1036 411 1261 465 τυπικὸν
1278 412 1504 483 χρίσμα,
1536 412 1629 466 καὶ
1651 414 1777 478 τοὺς

1900 419 2115 474 :hrisma
2155 419 2365 491 typicos
2400 429 2510 476 tum
2538 423 2828 492 pontiﬁces
2851 432 2962 480 tum
2985 438 3140 498 reges
3177 429 3461 486 adumbra-

188 500 458 564 τυπικοὺς
489 501 781 573 ἀρχιερέας
809 505 903 556 καὶ
935 503 1208 574 βασιλέας,
1242 505 1467 578 ὲχρίσθη
1521 506 1600 577 τῷ
1642 507 1772 579 ἀλη-

1900 521 1979 578 'et,
2001 526 2131 567 caro
2173 511 2388 568 Domini
2433 529 2564 570 vero
2609 515 2906 571 chrismate
2955 518 3174 572 inuncta
3203 529 3305 585 est,
3344 521 3462 591 ipso

189 592 324 664 θινῷ
373 593 634 666 χρίσματι
685 597 718 666 ή
777 595 914 668 σάρξ
962 596 1055 650 τοῦ
1102 598 1334 670 Κυρίου,
1375 601 1441 671 τῇ
1474 600 1569 652 τοῦ
1611 601 1770 668 ἁγίου

1904 605 2045 659 ancti
2077 604 2316 674 Spiritus
2344 605 2396 660 in
2433 621 2552 661 eam
2575 608 2807 662 adventu
2849 628 2863 663 :
2891 609 3031 678 quod
3059 609 3258 666 laetitiae
3283 613 3459 666 oleum

189 685 510 756 Πνεύματος
572 688 652 750 είς
702 688 871 760 αὐτὴν
906 689 1192 761 ἐπιδημίᾳ,
1227 691 1365 762 ὅπερ
1398 691 1771 762 ἀγαλλιάσεως

1900 696 2202 766 ιρροΙΙοιυιη
2239 705 2340 752 est.
2377 696 2583 753 Unctus
2611 708 2700 754 est
2744 709 2926 780 autem
2975 717 3085 770 pra:
3127 703 3460 756 consortibus

1872 792 2006 857 suis,
2035 791 2136 847 hoc
2175 803 2277 859 est,
2309 806 2420 861 prae
2473 793 2731 849 omnibus
2787 795 3098 851 hominibus
3131 797 3222 865 qui
3257 796 3457 853 Christi

1871 893 1998 939 sunt
2041 884 2348 953 participes.
2384 882 2518 938 Nam
2560 884 2665 941 illis
2705 886 2920 954 quidem
2966 887 3147 955 aliqua
3183 887 3457 944 tribueba-

1874 982 1963 1028 tur
1992 974 2229 1043 Spiritus
2257 975 2706 1042 communicatio;
2733 984 2789 1031 at
2811 991 2939 1032 vero
2972 976 3206 1046 Spiritus
3234 989 3458 1034 sanctus

1873 1067 1927 1120 in
1973 1067 2066 1122 Dei
2111 1066 2304 1122 Filium
2343 1067 2698 1136 descendens,
2744 1078 2804 1123 ut
2853 1070 2930 1123 ait
2970 1070 3242 1136 Joannes,
3287 1069 3462 1140 Super

1871 1159 2044 1226 ipsum
2067 1159 2260 1212 mansit
2279 1159 2342 1213 ⁸⁸.
2376 1159 2546 1214 Recte
2571 1167 2752 1214 autem
2784 1159 3020 1232 Spiritus
3046 1161 3223 1217 oleum
3263 1162 3462 1217 laetitia:

1871 1251 2203 1315 nominatur,
2221 1265 2344 1305 cum
2369 1266 2600 1308 unus-sex
2628 1251 2895 1307 fructibus
2921 1268 3058 1322 quos
3085 1263 3306 1308 sanctus
3332 1252 3458 1319 Spi-

1871 1344 2009 1397 ritus
2031 1343 2313 1413 producit,
2349 1342 2605 1413 gaudium
2630 1344 2702 1399 sit
2733 1345 2804 1400 "°.
2832 1344 2996 1416 136
3027 1345 3288 1412 Quoniam
3331 1361 3462 1400 vero

1871 1434 2064 1490 mistus
2093 1443 2178 1489 est
2209 1433 2278 1489 de
2313 1433 2607 1490 Servatore
2649 1450 2853 1502 sermo,
2889 1437 3112 1506 prepter
3160 1436 3461 1492 divinitatis

1870 1537 2120 1582 naturam
2149 1536 2204 1583 et
2237 1527 2633 1584 incarnationis
2666 1529 3144 1600 dispensationem,
3177 1545 3362 1583 rursus
3394 1529 3460 1581 ad

1871 1619 1967 1673 Dei
2019 1618 2412 1673 humanitatem
2463 1617 2792 1688 respiciens,
2829 1618 2958 1673 ait:
3010 1618 3258 1672 Dilexisti
3297 1617 3462 1685 justi-

187 777 368 831 ἔλαιον
391 779 848 851 προσηγόρευται.
898 781 1155 852 Ἐχρίσθη
1189 781 1246 835 δὲ
1277 784 1439 851 παρὰ
1459 783 1602 850 τοὺς
1635 801 1770 854 μετ-

186 867 376 936 όχους
421 868 623 923 αὐτοῦ’
665 872 964 936 τουτέστιν,
1019 873 1159 944 ὑπὲρ
1209 875 1420 939 πάντας
1451 877 1772 949 ἀνθρώπους

183 961 316 1024 τοὺς
377 961 703 1033 μετέχοντας
739 963 834 1016 τοῦ
875 964 1136 1037 Χριστοῦ.
1186 967 1332 1022 Διότι
1383 969 1612 1033 ἐκείνοις
1670 970 1770 1040 μὲν

189 1052 394 1123 μερική
422 1071 506 1116 τις
550 1053 750 1107 ἐδίδοτο
784 1055 1104 1125 Πνεύματος
1138 1059 1413 1124 κοινωνία,
1458 1061 1553 1112 ἐπὶ
1583 1060 1641 1113 δὲ
1677 1060 1770 1115 τὸν

186 1140 322 1194 Υίὸν
373 1141 467 1194 τοῦ
510 1142 645 1198 Θεοῦ
681 1143 940 1198 κατελθὸν
983 1145 1044 1200 τὸ
1082 1148 1310 1219 Πνεῦμα
1353 1150 1414 1203 τὸ
1456 1149 1641 1219 ἅγιον,
1694 1150 1770 1216 ὣς

184 1246 357 1300 φησιν
410 1231 682 1304 Ἰωάννης,
739 1236 1015 1306 Ἔμεινεν
1062 1239 1156 1291 ἐπ’
1198 1241 1405 1297 αὐτόν.
1459 1241 1656 1306 Καλῶς
1712 1243 1770 1297 δὲ

183 1321 565 1390 ἀγαλλιάσεως
622 1325 802 1381 ἔλαιον
865 1329 925 1382 τὸ
983 1328 1211 1402 Πνεῦμα
1261 1335 1766 1404 προσαγορεύεται,

183 1413 376 1486 ἐπειδὴ
410 1416 504 1470 καὶ
539 1411 622 1484 εἷς
650 1418 758 1473 τῶν
791 1421 896 1474 ὑπὸ
929 1422 1023 1476 τοῦ
1054 1424 1372 1496 Πνεύματος
1408 1427 1566 1496 ἁγίου
1595 1445 1772 1500 γεωρ-

181 1505 470 1576 γουμένων
505 1510 734 1580 καρπῶν
760 1513 910 1566 ἐστιν
952 1516 985 1586 ἡ
1027 1517 1192 1586 χαρά.
1243 1518 1462 1591 Ἐπειδὴ
1493 1519 1552 1574 δὲ
1580 1521 1771 1592 μικτός

179 1596 334 1649 ἐστιν
353 1597 382 1648 ὁ
409 1601 538 1670 περὶ
561 1599 656 1654 τοῦ
689 1603 946 1676 Σωτῆρος
969 1606 1126 1676 λόγος
1151 1608 1240 1662 διά
1261 1627 1320 1662 τε
1349 1610 1449 1682 τὴν
1471 1611 1633 1681 φύσιν
1669 1613 1770 1684 τῆς

180 1687 464 1760 θεότητος,
500 1693 596 1746 καὶ
642 1695 742 1767 τὴν
773 1698 1086 1771 οἰκονομίαν
1134 1705 1233 1772 τῆς
1282 1704 1766 1777 ὲνανθρωπήσεως,

1900 1711 2022 1775 iam,
2047 1718 2097 1764 et
2127 1711 2288 1765 odisti
2334 1687 2666 1781 iniquitatem
2701 1728 2722 1777 ;
2762 1711 2986 1781 perinde
3019 1711 3174 1780 quasi
3208 1711 3412 1766 diceret
3443 1725 3458 1763 :

180 1781 349 1835 πάλιν
382 1785 463 1848 είς
494 1786 556 1838 τὺ
583 1787 926 1860 ἀνθρώπινον
957 1792 1051 1846 τοῦ
1074 1794 1208 1848 Θεοῦ
1227 1796 1564 1868 ἀποϐλέψας,
1581 1799 1765 1869 φησίν·

1900 1800 2087 1870 {eliqui
2117 1801 2333 1870 quidem
2379 1801 2627 1856 homines
2653 1801 2839 1857 labore
2865 1803 3237 1872 exercitioque
3277 1812 3333 1856 et
3373 1810 3460 1855 at-

197 1872 548 1945 Ἠτὰπησας
573 1878 990 1951 δικαιοσύνην,
1015 1885 1114 1938 καὶ
1134 1887 1435 1957 ἐμίσησας
1478 1890 1735 1960 ἀνομίαν
1754 1909 1767 1923 ·

1900 1891 2117 1946 entione
2143 1891 2463 1962 plerumque
2506 1891 2725 1947 virtutis
2763 1891 3009 1948 habitum
3064 1900 3458 1962 aSSequuntur,

178 1966 310 2020 ἀντὶ
346 1968 464 2037 τοῦ,
488 1972 551 2025 Oi
585 1973 686 2044 μὲν
714 1974 891 2031 λοιποὶ
921 1977 1201 2050 ἄνθρωποι
1236 1982 1384 2053 πόνῳ
1405 1984 1502 2040 καὶ
1535 1985 1769 2057 ἀσκήσει

1900 1982 2278 2053 ιωιοηεηιιιιιο
2313 1998 2344 2038 a
2391 1983 2575 2050 vitiis;
2609 1985 2704 2039 tibi
2746 1999 2879 2040 vero
2914 1985 3178 2039 naturalis
3214 1985 3461 2054 quaedam

178 2058 282 2112 καὶ
318 2066 556 2138 προσοχῇ
582 2066 843 2134 πολλάκις
869 2072 1192 2143 κατορθοῦσι
1219 2073 1316 2146 τὴν
1350 2075 1487 2146 πρὸς
1512 2076 1573 2130 τὸ
1605 2078 1769 2132 καλὸν

1905 2083 1955 2130 st
2009 2088 2129 2130 cum
2185 2074 2685 2144 bon0'conjunctio
2722 2091 2786 2133 ac
2833 2077 3202 2143 necessitudo,
3251 2079 3458 2133 aliena-

176 2149 447 2221 διάθεσιν,
481 2156 574 2211 καί
604 2158 704 2228 τὴν
747 2159 859 2216 τῶν
891 2162 1112 2232 φαύλων
1161 2165 1546 2239 ἀποστροφήν·
1584 2170 1666 2222 σοὶ
1709 2169 1768 2224 δὲ

1900 2167 2054 2236 inque
2094 2167 2162 2224 ab
2210 2166 2514 2236 iniquitate.
2533 2167 2840 2235 Quinetiam
2889 2169 3062 2234 nobis,
3081 2170 3127 2224 si
3170 2169 3457 2233 volumus.

178 2247 390 2318 φυσική
423 2247 506 2312 τίς
521 2251 637 2306 ὲστι
662 2252 798 2324 πρὸς
817 2254 877 2308 τὸ
904 2256 1108 2325 ἀγαθὸν
1137 2260 1169 2329 ἡ
1201 2258 1495 2327 οἰκείωσις,
1514 2261 1607 2314 καὶ
1629 2262 1764 2333 πρὸς

1900 2257 2090 2314 liiﬁcile
2156 2274 2263 2314 non
2312 2268 2397 2315 est
2451 2274 2690 2316 amorem
2750 2261 3004 2331 iustitiae,
3053 2270 3109 2317 et
3159 2261 3464 2330 iniquitatis

177 2339 286 2409 τὴν
319 2342 548 2411 ἀνομίαν
595 2346 628 2414 ἡ
669 2345 1042 2419 ἀλλοτρίωσις.
1098 2351 1211 2405 Καὶ
1256 2353 1389 2423 ἡμῖν
1438 2353 1497 2406 δὲ
1537 2353 1650 2425 (91)
1701 2355 1765 2408 οὐ

1900 2353 2059 2408 ιάὶιιιιι
2093 2351 2393 2421 suscipere.
2433 2351 2663 2408 Omnem
2697 2352 2841 2407 enim
2871 2351 3184 2408 facultatem
3213 2353 3466 2408 rationali

179 2429 422 2502 χαλεπὸν
447 2433 786 2507 βουληθεῖσιν
802 2439 1091 2495 ἀναλαϐεῖν
1105 2443 1205 2513 τὴν
1223 2443 1360 2514 πρὸς
1377 2444 1476 2514 τὴν
1498 2444 1769 2498 δικαιοσύ-

1900 2443 2071 2498 mima
2127 2442 2333 2498 utiliter
2366 2442 2514 2497 dedit
2547 2442 2732 2510 Deus;
2765 2455 2825 2498 ut
2875 2445 3098 2509 amoris,
3127 2445 3201 2498 ita
3249 2459 3467 2514 quoque

178 2537 288 2593 νην
309 2523 552 2597 ἀγάπην,
579 2528 675 2580 καὶ
705 2528 766 2582 τὸ
797 2530 934 2601 πρὸς
971 2533 1071 2605 τὴν
1104 2535 1334 2606 ἀνομίαν
1369 2539 1545 2607 μῖσος.
1578 2538 1768 2591 Πᾶσαν

1900 2537 1986 2590 »(1ἱί
2029 2555 2046 2590 :
2085 2545 2146 2590 ut
2190 2535 2406 2591 ratione
2445 2535 2640 2591 directi
2677 2536 2968 2608 diligamus
3019 2536 3310 2600 virtutem,
3343 2536 3468 2590 odio

178 2613 299 2687 γὰρ
326 2615 552 2689 δύναμιν
577 2622 606 2674 ὁ
630 2619 762 2686 Θεὸς
791 2625 1079 2696 χρησίμως
1108 2626 1276 2682 ἔδωκε
1289 2631 1356 2700 τῇ
1387 2629 1578 2702 λογικῇ
1597 2630 1766 2702 ψυχῇο

1900 2643 2012 2684 rero
2048 2627 2349 2685 habeamus
2400 2628 2768 2698 iniquitatem.
2815 2627 2969 2684 Licet
2995 2629 3138 2683 enim
3177 2627 3468 2695 aliquando

176 2707 377 2782 ὥσπερ
404 2712 504 2784 τὴν
531 2712 626 2767 τοῦ
661 2717 903 2789 ἀγαπᾷν,
935 2718 1078 2773 οὕτω
1099 2721 1194 2775 καὶ
1223 2722 1322 2794 τὴν
1343 2721 1437 2776 τοῦ
1471 2725 1668 2794 μισεῖν’
1687 2725 1775 2778 ἵνα

1900 2721 2046 2776 ξιίοῐη
2091 2719 2435 2775 laudabiliter
2465 2719 2590 2774 odio
2624 2718 2722 2772 uti.
2760 2717 2950 2772 Nonne
2993 2735 3080 2772 eos
3113 2719 3203 2788 qui
3251 2719 3471 2772 oderant

179 2799 332 2871 λόγῳ
359 2801 707 2875 εὐθυνόμενοι
738 2808 1044 2881 ἀγαπῶμεν
1086 2813 1184 2883 μὲν
1213 2814 1312 2886 τὴν
1349 2814 1571 2887 ἀρετὴν,
1607 2815 1776 2886 μισῶ-

1900 2830 1948 2875 e.
1972 2811 2214 2877 Domine,
2239 2811 2362 2864 odio
2387 2810 2579 2875 habui,
2609 2819 2658 2864 et
2700 2825 2857 2878 super
2885 2810 3126 2863 inimicos
3169 2819 3286 2864 tuos
3323 2811 3469 2862 tabe-

182 2909 294 2962 μεν
315 2893 370 2948 δὲ
382 2895 480 2966 τὴν
509 2899 727 2953 κακίαν.
763 2901 919 2956 Ἔστι
945 2905 1054 2976 γάρ
1085 2923 1216 2958 ποτε
1250 2907 1344 2960 καὶ
1361 2907 1662 2971 ὲπαινετῶς
1690 2907 1770 2978 τῷ

1903 2905 2078 2959 cebam
2109 2904 2134 2957 ?
2161 2901 2406 2972 Perfecto
2444 2902 2566 2955 odio
2595 2901 2809 2955 oderam
2841 2899 2961 2954 illos
2988 2901 3056 2954 ".

182 2982 341 3057 μίσει
369 2987 697 3058 χρήσασθαι.
733 2991 881 3061 Οὐχὶ
940 2994 1083 3061 τοὺς
1113 2996 1454 3065 μισοῦντας
1510 3013 1604 3064 σε,
1641 2999 1840 3068 Κύριε,
1878 2996 2182 3065 ἐμίσησα,
2237 2992 2338 3047 καὶ
2389 2992 2491 3046 ἐπὶ
2534 2992 2678 3059 τοὺς
2727 2991 2980 3061 ἐχθρούς
3031 3005 3148 3046 σου
3192 2991 3473 3060 ἐξετηκό-

174 3091 312 3144 μην
328 3076 478 3148 (92);
515 3078 751 3136 Τέλειον
765 3083 950 3152 μῖσος
963 3087 1220 3156 ἐμίσουν
1251 3090 1495 3156 αὐτούς.

261 3165 318 3220 9.
338 3170 580 3238 Σμύρνα
608 3173 708 3259 καὶ
728 3175 958 3244 στακτὴ
980 3179 1079 3232 καὶ
1099 3181 1333 3234 κασσία
1352 3181 1472 3236 ἀπὸ
1499 3181 1621 3236 τῶν
1649 3186 1777 3252 ἱμα-

1953 3178 2008 3233 9.
2050 3175 2219 3231 VEns.
2246 3175 2300 3240 9,
2333 3174 2423 3230 10.
2467 3173 2689 3243 Myrrha
2717 3180 2766 3226 et
2796 3180 2944 3242 gutta
2977 3180 3025 3226 et
3067 3173 3211 3226 casia
3251 3189 3282 3225 a
3319 3175 3474 3228 vesti-

182 3260 336 3314 τίων
354 3276 472 3318 σου
497 3265 616 3320 ἀπὸ
632 3265 875 3336 ,βάρεων
897 3272 1338 3342 ἐλεφαντίνων,
1369 3275 1436 3338 ἐξ
1465 3268 1553 3328 ὧν
1567 3277 1777 3346 εὖφραε

1900 3269 2079 3324 mentis
2107 3270 2215 3322 tuis
2241 3284 2274 3321 α
2307 3267 2552 3321 dantibus
2579 3266 2843 3330 eburneis,
2866 3281 2931 3320 ea:
2959 3265 3150 3335 quibus
3187 3263 3476 3320 delectave-

182 3351 312 3405 νάν
330 3367 404 3408 σε
430 3358 751 3428 θυγατέρες
764 3362 1078 3426 ,ϐασιλέων
1097 3365 1168 3418 ἐν
1184 3365 1261 3432 τῇ
1287 3365 1428 3435 τιμῇ
1461 3382 1598 3422 σου.
1619 3368 1777 3421 Ὑπο¹

1900 3373 2014 3419 runt
2049 3373 2096 3417 te
2131 3362 2260 3430 ﬁlice
2290 3377 2469 3431 regum
2497 3361 2553 3412 in
2585 3359 2784 3412 honore
2819 3368 2928 3413 tuo.
2971 3357 3326 3426 Propheticus
3358 3370 3474 3411 ser-

187 3445 536 3502 καταὸαίνων
564 3449 875 3518 ἀκολούθως
916 3455 945 3506 ὁ
971 3456 1312 3528 προφητικὸς
1332 3455 1508 3526 λόγος,
1538 3457 1634 3512 καὶ
1649 3461 1782 3514 πᾶσι

184 3537 309 3600 τοῖς
322 3538 462 3593 κατὰ
480 3540 578 3612 τὴν
597 3543 912 3617 οἰκονομίαν
930 3547 1334 3619 προεπιὸαλὼν,
1348 3548 1427 3619 τῷ
1448 3551 1784 3622 ἐνατενισμῷ

188 3626 291 3682 τοῦ
332 3629 650 3704 Πνεύματος
687 3634 798 3709 (95)
839 3637 932 3691 τοῦ
981 3639 1459 3705 ἀποκαλύπτοντος
1513 3641 1662 3712 αύτῷ
1714 3643 1786 3697 τά

191 3720 438 3790 κρυπτὰ,
470 3718 634 3794 ἦλθεν
666 3727 760 3780 ἐπὶ
802 3727 864 3782 τὸ
904 3729 1077 3793 πάθος
1100 3748 1114 3760 ·
1169 3732 1412 3801 Σμύρνα
1455 3731 1588 3804 γὰρ,
1627 3735 1782 3804 φησὶ,

189 3811 296 3869 καὶ
327 3815 558 3885 στακτὴ
590 3817 690 3872 καὶ
721 3821 952 3875 κασσία
977 3821 1096 3876 ἀπὸ
1123 3822 1244 3876 τῶν
1271 3824 1515 3892 ἱματίων
1533 3838 1670 3879 σου.
1721 3827 1784 3879 Ἦ

193 3906 300 3979 μὲν
330 3898 423 3961 οὖν
456 3906 672 3980 σμύρνα
707 3910 790 3962 ὅτι
822 3911 1003 3982 ταφῆς
1032 3913 1148 3965 ἐστι
1185 3912 1471 3984 σύμϐολον,
1515 3915 1610 3968 καὶ
1638 3916 1667 3968 ὁ
1698 3915 1787 3968 εύ-

188 3999 527 4072 αγγελιστὴς
547 4003 697 4072 ἡμᾶς
749 4003 1001 4075 Ἰωάννης
1034 4004 1294 4072 ἐδίδαξεν,
1321 4007 1491 4060 εἰπὼν
1522 4007 1628 4060 ὑπὸ
1673 4007 1787 4061 Ἰω-

193 4095 314 4164 σὴφ
349 4093 443 4146 τοῦ
495 4093 852 4165 ’Λριμαθαίου
899 4097 1318 4166 ὲντεταφιάσθαι
1361 4099 1499 4169 μετὰ
1539 4098 1787 4171 σμύρνης

191 4187 292 4241 καὶ
335 4186 517 4257 ἀλόης.
567 4187 633 4241 Ἦ
666 4187 723 4241 δὲ
763 4189 970 4260 στακτὴ
1024 4189 1119 4244 καὶ
1169 4191 1307 4262 αὐτὴ
1356 4191 1606 4262 σμύρνης
1640 4193 1787 4248 ἐστὶν

191 4279 342 4344 εἶδος
389 4279 449 4334 τὸ
480 4280 824 4336 λεπτότατον.
869 4280 1239 4346 Ἐκθλιὸἐντος
1280 4282 1389 4353 γάρ
1434 4283 1528 4336 τοῦ
1562 4282 1789 4354 ἀρώμα-

187 4390 314 4442 τος,
337 4374 459 4427 ὅσον
489 4375 588 4446 μὲν
610 4373 774 4428 αὐτοῦ
803 4374 983 4445 ῥυτὸν,
1016 4376 1096 4437 είς
1122 4373 1221 4446 τὴν
1256 4375 1492 4445 στακτὴν
1517 4376 1787 4447 ἀπομερί-

193 4467 385 4528 ζςταιο
419 4467 482 4520 τὸ
501 4467 559 4520 δὲ
586 4466 892 4538 παχύτερον
915 4465 1027 4534 (94)
1049 4466 1324 4537 ἀπομένον
1351 4466 1570 4538 σμύρνα
1587 4485 1790 4538 προσα-

1891 3471 1980 3510 mo
2009 3453 2272 3524 paulatim
2303 3450 2496 3507 ordine
2523 3449 2885 3515 descendens,
2918 3463 2982 3503 ac
3019 3448 3170 3518 prius
3201 3461 3262 3501 ea
3293 3449 3472 3502 omnia

1892 3559 2012 3614 quae
2040 3543 2108 3599 ad
2146 3541 2544 3598 incarnationis
2573 3539 3034 3609 dispensationem
3070 3540 3320 3603 attinent,
3348 3554 3476 3608 pro-

1892 3643 2132 3701 secutus,
2171 3632 2479 3690 vehementi
2515 3632 2750 3702 quodam
2781 3629 3018 3701 Spiritus
3045 3633 3094 3685 ei
3127 3631 3342 3685 occulta
3382 3647 3474 3686 re-

1892 3728 2123 3784 velantis
2152 3725 2358 3790 alliatu,
2379 3724 2526 3781 venit
2560 3725 2625 3778 ad
2658 3724 2971 3793 passionem
3004 3743 3016 3776 :
3051 3723 3270 3793 Myrrha
3304 3724 3473 3787 enim,

1894 3822 2091 3891 inquit,
2123 3828 2173 3874 et
2224 3827 2374 3889 gutta
2417 3827 2466 3872 et
2519 3817 2668 3870 casia
2716 3834 2747 3870 a
2794 3817 3112 3870 vestimentis
3143 3816 3266 3870 tuis.
3319 3813 3474 3879 Quod

1893 3913 2112 3983 quidem
2165 3912 2388 3981 myrrha
2443 3908 2745 3981 symbolum
2800 3910 2872 3964 sit
2926 3907 3249 3978 sepulturae,
3307 3907 3472 3960 etiam

1894 4005 2226 4076 evangelista
2278 4005 2515 4061 Joannes
2565 4019 2664 4059 nos
2715 4004 2919 4067 docuit,
2949 4001 3040 4071 qui
3091 4000 3235 4055 dicat
3273 4014 3398 4054 eum
3445 4015 3474 4051 a

1901 4099 2104 4167 Joseph
2129 4100 2196 4152 ab
2218 4098 2547 4153 Arimathaea
2581 4112 2703 4152 cum
2734 4095 2952 4170 myrrha
2981 4104 3034 4148 et
3065 4094 3182 4148 aloe
3204 4093 3475 4163 sepultum

1895 4208 2018 4248 esse
2043 4194 2112 4248 τ’.
2150 4192 2313 4246 Gutta
2348 4205 2477 4246 vero
2508 4190 2670 4245 etiam
2718 4191 2836 4258 ipsa
2883 4189 3119 4259 myrrha:
3152 4187 3361 4255 species
3393 4195 3479 4240 est

1899 4285 2236 4341 tenuissima.
2281 4283 2577 4354 Postquam
2607 4284 2751 4338 enim
2803 4291 3087 4337 contusum
3133 4288 3218 4335 est
3263 4293 3477 4344 aroma,

1896 4377 2156 4447 quidquid
2210 4377 2265 4430 in
2305 4392 2370 4431 eo
2415 4384 2499 4430 est
2544 4375 2756 4444 liquidi,
2795 4375 2848 4428 in
2901 4383 3110 4444 guttam
3162 4381 3476 4441 separatur,

1899 4471 2040 4540 quod
2079 4471 2319 4526 crassius
2358 4480 2630 4540 superest,
2669 4469 2887 4540 myrrha
2935 4468 3256 4539 appellatur.
3292 4467 3481 4537 Itaque

272 4620 319 4652 ⁶⁹
345 4618 498 4674 Joan.
542 4636 582 4686 ι,
617 4621 707 4676 52.
783 4624 829 4654 "°
857 4621 976 4678 Gal.
1006 4639 1061 4690 ν,
1091 4623 1181 4678 22.
1256 4623 1301 4653 ⁷¹
1325 4623 1467 4678 Psal.
1492 4639 1755 4691 cxxxvui,

1909 4627 1999 4682 22.
2081 4629 2125 4659 τ’
2154 4627 2309 4684 Joau.
2340 4643 2456 4692 nux,
2489 4627 2578 4682 39.

273 4783 387 4856 (9|)
419 4785 624 4840 Vocula
654 4784 713 4838 δέ
741 4786 898 4842 abest
926 4786 997 4842 ab
1030 4786 1273 4843 editione
1299 4787 1468 4843 Basil.
1499 4797 1554 4844 et
1590 4789 1658 4844 ab
1692 4788 1789 4843 ali-
1818 4788 1870 4848 D
1897 4789 1971 4843 ita
2026 4789 2162 4843 nihil
2208 4801 2394 4843 vetare
2422 4789 2643 4843 videtur
2686 4788 2976 4856 quominus
3030 4787 3098 4840 de
3141 4785 3232 4840 illo
3271 4784 3474 4855 priore,

192 4855 403 4926 quibus
433 4869 566 4926 mss.

275 4923 390 5001 (92)
430 4924 565 5001 _ll_la,
619 4925 715 5001 καί
745 4927 1252 5001 έπὶλτοὺςέχθρούς
1289 4947 1382 4984 σου
1425 4928 1788 5001 ἐξετηκόμην,

201 4993 396 5068 addita
427 4993 598 5068 fuisse;
626 4997 855 5068 editioni
897 4993 1164 5068 Basill'e's
1195 4999 1336 5056 Oliv.
1366 5011 1422 5056 et
1443 4993 1671 5068 Anglic.
1691 4993 1791 5055 d'o-L

195 5075 292 5121 cet
330 5066 413 5120 vir
441 5065 811 5135 peritissimus
841 5067 1088 5125 Ducasus.
1121 5067 1284 5124 Notat
1306 5080 1487 5126 tamen
1521 5065 1662 5125 idem
1701 5071 1794 5124 ille

195 5135 387 5211 logiin
413 5135 552 5211 _Ol_iv.
579 5138 673 5211 ἐπὶ
700 5140 814 5211 τοῖς
843 5138 1060 5211 ἐχθροῖς
1093 5157 1207 5211 σου,
1238 5157 1364 5206 non,
1390 5152 1448 5194 ut
1473 5141 1526 5194 in
1563 5141 1793 5211 vulgatis

196 5205 384 5269 libris,
409 5206 504 5260 ἐπὶ
535 5210 663 5280 τοὺς
696 5205 927 5278 ἐχθρούς
947 5205 1079 5267 σου.
1137 5210 1210 5264 Ea
1265 5205 1448 5265 autem
1491 5227 1612 5280 qua:
1648 5205 1792 5265 vidi-

198 5291 333 5331 mus
359 5277 695 5345 exemplaria
726 5277 832 5332 non
863 5281 1198 5335 conveniunt
1239 5281 1382 5336 inter
1427 5277 1519 5336 sef
1558 5281 1614 5335 ln
1669 5282 1792 5335 aliis

200 5346 356 5420 enim
394 5347 558 5402 verba
598 5349 720 5420 illa,
756 5349 858 5420 καὶ
915 5349 1008 5402 ἐπὶ
1056 5350 1202 5413 τούς,
1258 5362 1393 5414 elc.,
1444 5352 1793 5420 reperiuntur

199 5416 429 5485 quidem
463 5432 478 5468 :
515 5419 609 5471 sed
635 5421 686 5472 in
721 5419 846 5475 aliis
875 5435 980 5475 non
1010 5422 1200 5488 paucis
1231 5416 1643 5478 desiderantur.
1677 5421 1788 5475 lbi-

201 5490 333 5560 ςίθιῃ
367 5495 492 5560 post
516 5489 652 5560 ‘illa,
687 5489 911 5560 ἑμίσουν
941 5490 1160 5557 αὐτούς,
1198 5492 1463 5559 scriptum
1515 5491 1792 5546 invenitur

201 5557 262 5610 in
291 5555 620 5632 Colliertinis
651 5555 828 5632 primo
857 5570 912 5614 et
951 5571 1106 5615 sexto
1148 5555 1230 5624 εἰς
1271 5555 1501 5632 ἐχθροὺς
1541 5561 1791 5629 ἐγένοντό

206 5642 325 5701 μοι,
377 5626 590 5701 Inimici
619 5626 751 5696 facti
800 5640 921 5701 sunt
961 5633 1114 5686 mihi.
1167 5632 1273 5685 Sed
1302 5626 1787 5701 "quemadmodum

203 5697 470 5771 ultimuni
506 5699 662 5771 illud,
695 5701 776 5763 είς
819 5700 1048 5771 ἐχθροὺς
1085 5697 1478 5771 ἐγένοντόμοι,
1510 5702 1658 5756 credi
1689 5717 1786 5769 p0-

205 5776 316 5838 ιρει
341 5781 408 5824 ex
438 5767 625 5826 Bibliis
658 5767 935 5842 adjectum
962 5767 1137 5830 fuisse
1180 5773 1247 5830 ab
1295 5767 1476 5843 aliquo
1501 5767 1736 5847 librario
1769 5788 1781 5824 :

1896 4861 1993 4913 καὶ
2016 4860 2109 4912 ἐπὶ
2139 4861 2267 4932 τοῦς
2296 4860 2525 4932 ἐχθροὺς
2554 4857 2932 4932 ἐξετηκόμην,
2953 4857 3093 4912 idem
3121 4870 3334 4932 quoque
3356 4870 3481 4910 seu-

1902 4932 2118 5006 tiamus.
2169 4930 2302 4986 Utut
2326 4927 2613 5006 haécsunt,
2652 4927 3102 5006 nihilquidquain
3140 4927 3195 5006 in
3219 4936 3477 5006 couteX-tu

1900 5001 2254 5076 mutavimus.
2308 5001 2469 5076 Quod
2507 5001 2672 5076 _enim
2730 4995 3036 5076 addendum
3063 4995 3348 5076 judicavit
3404 4997 3474 5058 is,

1898 5084 2060 5138 quem
2092 5071 2253 5126 modo
2292 5072 2426 5138 dixi,
2469 5071 2551 5124 vir
2609 5069 3034 5134 eruditissimus,
3063 5069 3114 5122 id
3157 5069 3278 5121 sine
3325 5075 3478 5122 certo

1901 5151 2225 5211 argumento
2259 5143 2493 5210 expungi
2525 5140 2723 5194 debere
2749 5155 2863 5211 non
2881 5148 3153 5211 putamus:

1973 5207 2084 5282 (95)
2105 5207 2494 5286 Vehementejn
2517 5211 2806 5286 quemdam
2832 5207 3066 5277 Spiritus
3085 5207 3321 5286 amatum
3342 5220 3480 5286 voce

1899 5276 2241 5356 ένάτενισμῷ
2278 5276 2574 5356 signiﬁcari
2605 5276 2905 5356 obscurum
2941 5293 3047 5332 non
3089 5287 3192 5332 est.
3225 5276 3483 5356 Yerterat

1899 5345 2171 5426 interpres
2212 5345 2392 5418 'vetu's,
2422 5351 2658 5426 Spiritus
2717 5349 3165 5426 intentione,_nun
3213 5345 3321 5426 alio
3355 5347 3482 5426 qui:

1895 5418 2061 5496 (lem;
2091 5431 2242 5496 puto,
2281 5438 2445 5496 sensu
2527 5423 2622 5496 sed
2650 5421 2903 5496 ambigue
2941 5427 2996 5472 et
3023 5418 3339 5496 improprie:
3376 5418 3482 5496 γΤῷ

1893 5486 2192 5560 ἀτενισμῷ
2230 5486 2368 5546 τοῦ
2427 5486 2824 5554 Πνεύιιατοςξ
2854 5487 3186 5560 Vertendutu
3245 5486 3479 5551 videtur,

1892 5558 2114 5627 accepta
2141 5581 2172 5614 a
2206 5564 2396 5628 spiritu
2429 5562 2894 5628 contemplatione.
2930 5558 3144 5612 ΜΑιιΑΝ.

1932 5623 2248 5708 -(9$)__Etli_ti
2276 5631 2443 5708 παχύ.
2471 5632 2552 5708 At
2573 5623 2975 5708 quinqueiuss.
3011 5627 3342 5708 παχύτερον.
3362 5623 3485 5679 Sta-

1893 5703 1989 5756 tim
2025 5699 2151 5756 editi
2186 5699 2449 5758 ἀποπνέει
2490 5702 2608 5773 μέν.
2669 5702 2872 5760 \"ocula
2904 5699 3002 5770 μέν
3034 5701 3186 5758 deesi
3235 5699 3291 5754 in
3343 5711 3478 5754 mss.

1892 5790 2002 5831 non
2037 5788 2224 5841 pauens
