3818 6220
151 322 273 380 ὒθ9

1296 333 1589 390 ΗΟΜΙΙᾸΛ
1629 333 1698 390 IN
1737 334 2070 395 PSALMUM
2106 334 2299 398 XLIV.

3338 353 3445 408 ill)

151 439 891 510 προσκυνήσουσιναύτῷ
919 444 1030 516 (99)
1074 448 1476 518 Προσκαλεῖται
1502 453 1603 524 τὴν
1635 454 1701 506 Ἐτ

1863 459 2198 515 Exhortatur
2243 461 2545 518 Ecclesiam
2611 463 2679 519 ad
2742 465 3012 522 audienda
3066 470 3446 534 servandaque

149 533 394 604 γλησίαν
422 533 517 586 ἐπὶ
544 533 640 606 τὴν
668 535 933 607 ἀκρόασιν
953 539 1049 591 καὶ
1061 541 1160 610 τὴν
1176 543 1406 614 τήρησιν
1435 545 1544 598 τῶν
1576 562 1749 617 προσ-

147 624 532 695 τασσομένων,
563 627 657 678 καὶ
683 629 1114 698 προσοικειοῦται
1151 632 1319 703 αὐτὴν
1341 635 1429 688 διὰ
1453 636 1552 706 τῆς
1581 655 1751 709 προσ-

147 716 409 788 ηγορίας,
452 716 727 789 θυγατέρα
769 720 939 792 αὐτὴν
973 723 1398 795 προσαγορεύων
1429 728 1506 797 (l)
1531 746 1544 757 ο
1583 731 1748 783 οἱονεὶ⁵

145 808 642 880 τεκνοποιούμενος
675 813 845 884 αὐτὴν
884 813 972 867 διὰ
1011 816 1110 888 τῆς
1153 817 1396 888 ἀγάπης.
1434 822 1750 886 Ἄκουσον,

147 900 430 970 θύγατερ,
483 901 582 954 καὶ
636 902 746 958 ἴδε.
801 904 1053 959 Διδάσκει
1091 907 1260 979 αὐτὴν
1302 914 1752 983 γεγυμνασμένον

146 991 304 1061 ἔχειν
325 992 418 1044 τὸν
443 992 568 1046 νοῦν
592 994 728 1064 πρὸς
759 992 991 1066 θεωρίαν
1030 996 1118 1050 διὰ
1145 997 1262 1063 τοῦ,
1302 999 1434 1054 Ἴδε.
1465 1002 1752 1073 Κατανόη-

105 1150 114 1157 _
149 1099 272 1148 σον,
305 1085 458 1154 φησὶ,
489 1083 589 1156 τὴν
622 1086 818 1151 κτίσιν,
863 1089 958 1140 καὶ
983 1089 1328 1160 ὠφεληθεῖσα
1365 1092 1476 1146 ἀπὸ
1498 1095 1597 1166 τῆς
1631 1096 1750 1148 κατ’

146 1176 330 1248 αὐτὴν
366 1176 590 1241 τάξεως,
628 1176 803 1242 οὕτως
829 1179 1085 1234 ἀνάϐαινε
1141 1185 1279 1255 πρὸς
1320 1184 1419 1256 τὴν
1475 1185 1571 1238 τοῦ
1629 1187 1748 1240 κτί-

148 1286 352 1333 σαντος
396 1269 645 1340 Θεωρίαν.
691 1265 827 1324 Εἶτα
869 1272 1137 1344 κάμπτων
1182 1276 1352 1346 αὐτῆς
1406 1275 1498 1330 τὸν
1547 1277 1752 1348 ὑψηλὸν

144 1361 255 1432 τῆς
298 1362 617 1426 ἀλαζονείας
662 1363 950 1435 τράχηλον,
1001 1365 1247 1430 Κλῖνον,
1303 1369 1457 1440 φησὶ,
1507 1369 1573 1422 τὸ
1617 1366 1730 1437 οὖς

142 1470 294 1509 σου.
354 1457 445 1525 Μὴ
506 1456 832 1528 άποδράμῃς
883 1459 1020 1529 πρὸς
1053 1459 1182 1523 τοὺς
1216 1460 1322 1527 ἔξω
1358 1461 1581 1532 μύθους,
1613 1463 1751 1518 ἀλλὰ

144 1547 448 1612 κατάδεξαι
500 1549 562 1601 τὸ
601 1549 856 1604 ταπεινὸν
889 1550 991 1620 τῆς
1030 1552 1088 1604 ἐν
1121 1552 1199 1623 τῷ
1240 1554 1582 1626 εὑαγγελικῷ
1604 1555 1749 1628 λόγῳ

144 1639 373 1710 φωνῆς·
406 1639 630 1694 Κλῖνον
653 1641 721 1694 τὸ
759 1637 868 1708 οὖς
903 1658 1020 1696 σου
1054 1643 1192 1714 πρὸς
1223 1645 1320 1716 τὴν
1352 1640 1456 1700 ὧδε
1486 1647 1748 1704 διδασκα-

141 1731 298 1799 λίαν,
336 1732 423 1787 ἵνα
459 1732 692 1806 ὲπιλάθῃ
719 1733 829 1787 τῶν
865 1735 1156 1807 μοχθηρῶν
1204 1736 1344 1791 ἐθῶν
1385 1741 1612 1796 ἐκείνων
1649 1743 1746 1796 καὶ

1856 561 2150 622 praecepta,
2178 567 2408 624 eamque
2445 556 2548 611 sibi
2591 556 2706 626 ipsa
2743 557 3106 627 appellatione
3135 559 3356 615 asciscit
3389 561 3444 615 in

1859 643 2307 712 familiaritatem,
2345 646 2490 701 illam
2546 649 2826 718 appellans
2877 649 3073 718 ﬁliam;
3121 653 3274 720 quasi
3323 667 3443 707 eam

1855 734 1957 789 sibi
1987 749 2087 803 pro
2117 737 2223 790 ﬁlia
2255 752 2352 806 per
2380 738 2704 794 charitatem
2733 739 3071 811 adoptasset.
3105 743 3270 807 Audi,
3302 744 3442 812 ﬁlia,

1854 835 1905 880 et
1940 828 2076 880 uide.
2114 827 2282 883 Docet
2329 829 2432 885 hoc
2474 833 2663 896 verbo,
2702 831 2858 897 Vide,
2893 833 3192 888 Ecclesiam
3243 835 3446 889 habere

1857 926 2093 972 mentem
2138 921 2204 973 ad
2255 923 2770 991 contemplationem
2828 925 3210 982 exercitatam.
3253 925 3445 980 Consi-

1855 1009 2009 1075 dera,
2041 1011 2237 1079 inquit,
2273 1027 2361 1065 res
2400 1023 2618 1069 creatas
2651 1025 2817 1083 atque
2852 1015 3048 1068 intuitur
3085 1017 3292 1071 ordinis
3322 1017 3444 1072 illa-

1855 1115 1977 1154 rum
2009 1101 2218 1171 adjuta,
2251 1103 2323 1157 ita
2357 1104 2576 1159 demum
2604 1107 2668 1159 ad
2697 1106 2983 1175 ipsiusmet
3004 1107 3280 1161 Creatoris
3307 1123 3441 1162 con.-

1856 1191 2264 1260 templationem
2300 1195 2554 1250 ascende.
2591 1196 2794 1251 Deinde
2826 1196 2994 1250 altum
3031 1196 3298 1266 superbiae
3327 1197 3442 1252 col-

1853 1281 1962 1336 lum
1993 1283 2294 1351 inﬂectens,
2326 1285 2564 1350 lnclina,
2589 1273 2990 1358 inquit-aurem
3017 1297 3186 1348 tuam.
3213 1291 3292 1348 Ne
3316 1309 3442 1348 cur-

1851 1387 1944 1429 ras
1998 1375 2067 1429 ad
2117 1384 2374 1432 externas
2429 1376 2664 1444 fabulas,
2705 1379 2800 1434 sed
2851 1379 3110 1434 humilem
3168 1384 3439 1437 sermonis

1850 1473 2150 1546 evangelici
2180 1489 2369 1530 vocem
2417 1475 2633 1544 suscipe
2669 1493 2684 1529 :
2722 1475 2934 1530 Inclina
2971 1493 3154 1531 aurem
3189 1488 3334 1531 tuam
3371 1479 3436 1532 ad

1850 1561 1993 1616 hanc
2031 1562 2361 1628 doctrinam,
2395 1571 2454 1616 ut
2503 1562 2836 1618 obliviscare
2882 1578 3176 1632 pravarum
3225 1565 3436 1619 illarum

1850 1653 2311 1708 consuetudinum
2357 1663 2522 1723 atque
2565 1664 2918 1724 paternorum
2962 1656 3434 1710 documentorum.

1849 1745 2192 1814 Quapropter
2245 1742 2564 1799 Obliviscere
2614 1745 2864 1814 populum
2915 1755 3088 1811 tuum,
3122 1759 3169 1800 et
3220 1748 3436 1801 domum

139 1825 260 1878 τῶν
293 1827 580 1898 πατρικῶν
609 1809 960 1898 διδαγμάτων
993 1829 1096 1900 (2).
1141 1831 1233 1885 Διὸ
1266 1833 1594 1913 Ἐπιλάθου
1635 1852 1701 1888 το

1845 1837 2012 1906 patris
2043 1839 2142 1890 sui.
2167 1837 2353 1892 Omnis
2380 1839 2524 1893 enim
2551 1840 2642 1910 qui
2665 1841 2794 1909 facit
2819 1851 3111 1909 peccatum,
3134 1857 3200 1895 ea:
3221 1842 3435 1896 diabolo

139 1917 308 1972 λαοῦ
335 1932 473 1986 σου,
509 1919 608 1972 καὶ
651 1920 758 1974 τοῦ
803 1921 974 1975 οἴκου
1022 1923 1130 1977 τοῦ
1171 1926 1394 1993 πατρός
1434 1941 1570 1980 σου.
1615 1925 1742 1992 Πᾶς

139 2009 261 2080 γὰρ
291 2011 324 2063 ό
347 2009 535 2064 ποιῶν
552 2009 668 2079 τὴν
685 2011 980 2080 ἁμαρτίαν
999 2013 1067 2067 ἐκ
1102 2014 1207 2068 τοῦ
1231 2013 1516 2069 διαϐόλου
1537 2015 1742 2086 γεγέν-

139 2117 348 2168 νηται.
397 2101 636 2155 Ἔκϐαλὲ
685 2120 794 2174 μοι,
831 2104 986 2176 φησὶ,
1032 2104 1128 2168 τὰς
1155 2106 1262 2159 τῶν
1290 2106 1560 2178 δαιμόνων
1591 2107 1740 2160 διδα-

143 2191 404 2255 σκαλίας,
445 2192 702 2246 ἐπιλάθου
736 2193 957 2261 θυσιῶν,
1007 2195 1227 2266 χορείας
1257 2198 1604 2269 νυκτερινῆς,
1647 2197 1742 2268 μύ-

142 2283 262 2337 θων
306 2285 388 2347 είς
421 2284 675 2356 πορνείαν
708 2287 802 2340 καὶ
837 2288 1018 2340 πᾶσαν
1052 2288 1340 2358 ἀσέλγειαν
1385 2290 1737 2344 ἐκκαιόντων.

140 2376 252 2429 Διὰ
281 2375 439 2429 τοῦτο
464 2376 740 2450 θυγατέρα
781 2396 840 2432 σε
884 2381 1121 2451 ἐμαυτοῦ
1159 2383 1604 2454 προσηγόρευσα,
1649 2385 1739 2438 ἵνα

146 2470 396 2541 μισήσῃς
418 2469 511 2522 τὸν
540 2471 752 2543 πατέρα
781 2472 873 2526 τὸν
902 2474 1170 2545 πρότερόν
1206 2492 1265 2528 σε
1294 2478 1633 2546 γεννήσαντα
1661 2479 1741 2542 είς

138 2561 448 2616 ἀπώλειαν.
504 2561 633 2616 Ἐάν
668 2564 778 2636 γὰρ
815 2565 904 2619 διὰ
936 2567 1036 2636 τῆς
1065 2567 1238 2640 λήθης
1262 2569 1570 2642 ἀπαλείψῃς
1613 2571 1742 2634 τοὺς

141 2656 378 2720 σπίλους
420 2655 529 2710 τῶ)
583 2657 836 2729 πονηρῶν
885 2659 1244 2730 μαθημάτων,
1285 2660 1635 2714 ἀπολαϐοῦσα
1677 2662 1739 2714 τὸ

137 2751 286 2806 ἴδιον
322 2750 522 2820 ἑαυτῆς
553 2749 770 2814 κάλλος,
807 2751 1118 2823 ἐπιθυμητὴ
1156 2753 1375 2824 φανήσῃ
1407 2751 1486 2822 τῷ
1519 2751 1740 2824 νυμφίῳ

136 2843 245 2895 καὶ
313 2839 540 2910 βασιλεῖ.
592 2841 713 2893 Ὅτι
763 2841 947 2904 αὑτός
993 2841 1125 2894 ἐστι
1185 2843 1399 2909 Κύριός
1440 2856 1579 2906 σου,
1639 2841 1742 2895 καὶ

138 2931 693 3002 προσκυνήσουσιν
717 2931 877 2997 αὐτῷ
900 2931 999 3004 (5).
1038 2933 1112 2985 Τὸ
1144 2933 1440 3001 ἀναγκαῖον
1476 2933 1572 3002 τῆς
1602 2934 1740 2986 ὑπο-

135 3024 318 3093 ταγῆς
347 3022 651 3095 παραδηλοῖ
687 3023 774 3076 διὰ
810 3023 926 3086 τοῦ,
960 3025 1154 3089 Αὐτός
1180 3023 1310 3076 ἐστι
1341 3025 1557 3092 Κύριός
1597 3039 1736 3077 σου.

1845 1930 2004 1976 natus
2043 1931 2117 1977 est
2144 1923 2213 1978 ⁷⁵.
2247 1924 2453 1990 Abjice,
2498 1926 2707 1996 inquit,
2753 1927 3062 1980 daemonum
3118 1928 3432 1994 doctrinas,

1843 2014 2166 2071 obliviscere
2192 2016 2610 2084 sacriﬁciorum,
2643 2025 2928 2073 nocturna:
2959 2019 3196 2085 choreae,
3228 2021 3438 2075 fabula-

1843 2122 1964 2161 rum
1994 2108 2061 2160 ad
2094 2115 2341 2177 stuprum
2392 2116 2444 2162 et
2495 2123 2712 2162 omnem
2762 2108 3038 2166 libidinem
3091 2111 3434 2166 inﬂamman-

1844 2200 2000 2254 tium.
2041 2199 2248 2256 Idcirco
2285 2209 2337 2256 te
2385 2202 2490 2256 mei
2543 2201 2716 2271 ipsius
2763 2201 2928 2255 ﬁliam
2971 2206 3182 2267 vocavi,
3219 2215 3278 2257 ut
3307 2217 3432 2258 eum

1841 2301 2122 2362 parentem
2172 2291 2385 2356 oderis,
2410 2291 2504 2360 qui
2551 2301 2604 2346 te
2649 2293 2800 2362 prius
2840 2294 2907 2348 ad
2941 2295 3300 2363 perditionem
3341 2309 3433 2365 εει

1841 2393 2053 2438 nuerat.
2095 2384 2304 2439 Etenim
2348 2384 2394 2438 si
2438 2399 2536 2452 per
2573 2385 2903 2440 oblivionem
2944 2388 3184 2441 maculas
3233 2402 3429 2455 pravo-

1841 2489 1964 2529 rum
2005 2474 2458 2530 documentorum
2513 2475 2802 2541 deleveris,
2847 2485 2939 2530 tuo
2979 2476 3196 2545 proprio
3233 2477 3433 2532 decore

1841 2572 2145 2635 assumpto,
2182 2566 2560 2622 desiderabilis
2609 2567 2899 2637 apparebis
2948 2582 3150 2637 sponso
3192 2577 3247 2623 et
3289 2569 3429 2639 regi.

1843 2657 2110 2724 Quoniam
2137 2658 2246 2728 ipse
2269 2667 2344 2712 est
2371 2657 2630 2712 Dominus
2661 2671 2805 2725 tuus,
2832 2669 2879 2713 et
2907 2659 3206 2714 adorabunt
3235 2662 3429 2729 ipsum.

1840 2749 2232 2804 Necessitatem
2304 2751 2626 2806 obedientiae
2694 2752 2966 2819 declarat,
3030 2754 3115 2808 his
3173 2754 3356 2810 verbis
3410 2773 3426 2811 :

1841 2841 1964 2912 Ipse
2009 2853 2084 2896 est
2125 2841 2388 2896 Dominus
2441 2853 2584 2897 tuus.
2640 2842 2950 2899 Adorabunt
3005 2856 3182 2900 autent
3232 2850 3428 2915 ipsum,

1842 2950 2034 3002 nempe
2057 2948 2244 2989 omnes
2270 2949 2356 2988 res
2379 2944 2594 2989 creatae.
2615 2934 2750 2990 Nam
2771 2934 2838 2988 In
2860 2938 3070 2990 nomine
3084 2939 3211 2991 Jesu
3231 2937 3432 2994 Christi

1843 3040 1995 3080 omne
2024 3041 2161 3094 genu
2198 3026 2459 3092 ﬂectetur,
2490 3023 2796 3086 caelestium.
2825 3029 3154 3080 terrestrium
3183 3040 3232 3082 et
3259 3029 3428 3099 infer-

136 3115 661 3182 Προσκυνήσουσι
687 3114 757 3168 δὲ
781 3112 942 3179 αὐτῷ
976 3114 1074 3185 (4),
1106 3115 1256 3167 πᾶσα
1290 3115 1324 3185 ή
1354 3113 1550 3177 κτίσις.
1593 3115 1701 3166 Διόσι

1844 3115 2112 3169 norum".
2147 3115 2311 3186 168
2335 3114 2497 3171 Vens.
2527 3115 2615 3170 15.
2640 3114 2709 3168 Et
2736 3114 2848 3184 ﬁlia
2872 3115 2999 3187 Tyri
3020 3118 3075 3171 in
3100 3119 3424 3176 muneribus.

151 3177 264 3261 ’ἐν
287 3205 368 3273 τῷ
396 3177 640 3277 ὀνόματι
678 3207 874 3276 Ἰησοῦ
896 3177 1156 3276 Χριστοῦ
1185 3177 1482 3278 πᾶν-γόνυ
1509 3206 1701 3276 enim!“

1850 3206 2066 3260 Vultum
2108 3177 2746 3276 ttmmvdeprecabuutur'
2772 3177 2955 3263 diuites
2987 3210 3168 3279 plebis.
3206 3213 3430 3268 Videtur

133 3301 543 3368 ἐπουρανίων,
575 3300 673 3354 καὶ
709 3299 1006 3368 ἐπιγείων,
1032 3299 1132 3352 καὶ
1165 3301 1596 3367 καταχθονίιονν.
1622 3301 1736 3354 Καὶ

135 3391 409 3462 θυγάτηρ
427 3394 612 3461 Τύρου
625 3393 695 3445 ἐν
711 3390 941 3460 δώροις.
967 3391 1038 3445 Τὸ
1062 3392 1389 3459 πρόσωπόν
1402 3407 1520 3446 σου
1535 3395 1739 3446 λιταν-

133 3485 442 3538 εύσουσιν
467 3483 542 3554 (5)
569 3485 623 3537 οἱ
644 3482 924 3536 πλούσιοι
945 3481 1051 3535 τοῦ
1067 3483 1243 3536 λαοῦ.
1277 3484 1483 3553 Δοκεῖή
1502 3484 1604 3535 ὑπε
1615 3483 1738 3552 960-

135 3576 210 3648 λὴ
238 3575 338 3647 τῆς
373 3574 808 3645 είδολωλατρείας
834 3575 891 3626 ἐν
921 3576 986 3644 τῇ
1021 3573 1337 3626 Χανανίτιδι
1374 3574 1527 3645 χώρει⁴
1558 3575 1740 3627 ἐπιτε-

135 3668 455 3740 τηδεῦσθαι.
487 3667 835 3739 Μητρόπολις
859 3666 914 3720 δὲ
933 3667 1032 3737 τῆς
1055 3666 1276 3720 Χαναὰν
1305 3667 1339 3738 ἡ
1365 3666 1560 3738 Τύρος.
1593 3668 1737 3739 Προ-

133 3761 479 3833 τρεπόμενος
505 3756 597 3814 οὖν
633 3762 712 3823 είς
736 3758 980 3830 ὑπακοὴν
1008 3757 1107 3830 τὴν
1143 3758 1474 3829 Ἐκκλησίαν
1496 3760 1524 3811 ὁ
1553 3759 1734 3828 λόγος,

133 3854 255 3908 Καὶ
300 3855 567 3926 θυγάτηρ,
616 3855 770 3924 φησὶ,
806 3852 982 3923 Τύρου
1011 3852 1130 3923 ἥξει
1177 3851 1308 3904 ποτέ
1353 3850 1491 3922 μετὰ
1521 3851 1732 3923 δώρων.

131 3948 252 4000 Καὶ
279 3947 338 4000 τὸ
370 3947 461 4001 σὺν
492 3947 548 4000 δὲ
580 3947 873 4018 πρόσωπον
902 3945 951 3998 οἱ
982 3944 1228 3998 πλούσιοι
1267 3943 1361 3997 τοῦ
1401 3943 1531 3998 λαοῦ
1559 3962 1730 4014 προσ-

130 4041 466 4112 κυνήσουσιν
503 4041 560 4092 ἐν
586 4039 780 4111 δώροις
831 4038 927 4109 (6).
963 4039 1077 4091 Οὐκ
1120 4034 1262 4101 εἷπε,
1315 4037 1382 4090 Σὲ
1421 4038 1730 4110 προσκυνή-

1845 3299 2149 3354 idololatria
2183 3301 2237 3354 in
2273 3298 2580 3354 Chauanaaa
2621 3302 2845 3369 regione
2891 3303 3198 3358 immodicis
3231 3306 3424 3360 studiis

1842 3392 2057 3446 exculta
2109 3391 2299 3446 fuisse.
2340 3391 2655 3462 Metropolis
2701 3405 2883 3449 autem
2927 3394 3188 3450 Chanaan
3225 3397 3423 3469 Tyrus.

1840 3483 2142 3538 Ecclesiam
2181 3483 2345 3553 igitur
2378 3484 2444 3537 ad
2479 3484 2846 3539 obedientiam
2884 3486 3180 3541 exhortans
3215 3501 3421 3544 sermo.

1837 3576 2013 3631 Etiam
2053 3575 2186 3640 illia,
2227 3575 2425 3645 inquit,
2456 3575 2584 3646 Tyri
2615 3577 2796 3630 veniet
2821 3576 3115 3646 aliquando
3145 3593 3266 3633 cum
3301 3594 3422 3634 mu-

1836 3665 2076 3720 neribus.
2120 3663 2189 3718 Et
2232 3664 2442 3718 vultum
2478 3673 2628 3718 tuum
2662 3664 2969 3720 adorabunt
3003 3666 3200 3722 divites
3247 3667 3423 3736 plebis

1835 3758 1890 3813 in
1923 3757 2262 3812 muneribus.
2293 3754 2411 3810 Non
2450 3755 2607 3822 dixit,
2639 3754 2716 3810 Te
2747 3755 3048 3811 adorabunt
3084 3758 3138 3811 in
3174 3760 3416 3814 muneri-

1833 3847 1958 3914 bus,
1991 3849 2105 3914 sed,
2140 3846 2363 3902 Vultum
2396 3855 2568 3901 tuum.
2603 3845 2845 3901 Ecclesia
2885 3847 3030 3900 enim
3071 3863 3177 3902 non
3222 3849 3419 3907 adora-

1838 3951 1948 4008 tur,
1979 3941 2075 3996 sed
2107 3947 2269 4010 caput
2292 3937 2552 3993 Ecclesia:
2577 3937 2826 3993 Christus
2851 3937 2921 4004 "',
2948 3951 3111 4007 queui
3139 3938 3419 4010 Scriptura

1837 4035 2040 4090 vultum
2077 4031 2388 4102 appellavit.

134 4146 330 4182 σουσιν
376 4131 433 4182 ἐν
483 4129 692 4202 δώροις,
740 4128 895 4195 ἀλλὰ,
951 4128 1024 4181 Τὸ
1065 4129 1356 4200 πρόσωπον
1393 4127 1456 4181 τὸ
1501 4128 1614 4183 σόν.
1681 4128 1756 4182 Οὐ
1795 4126 1906 4200 γάρ
1982 4123 2280 4196 Ἐκκλησία
2349 4123 2762 4194 προσκυνεῖται,
2816 4121 2953 4176 ἀλλὰ
3017 4121 3118 4191 τῆς
3193 4120 3420 4193 Ἐκκλη-

131 4225 264 4288 σίας
297 4226 330 4296 ἡ
369 4226 578 4298 κεφαλὴ
604 4228 632 4279 ὁ
658 4226 914 4298 Χριστὸς,
940 4225 1000 4278 ὃν
1031 4227 1358 4294 πρόσωπον
1385 4225 1668 4297 ὠνόμασεν
1696 4228 1729 4297 ή
1764 4226 1980 4298 Γραφή.

211 4320 301 4374 Η.
340 4320 514 4375 Πᾶσα
553 4323 592 4387 ἢ
623 4321 772 4386 δόξα
806 4321 915 4390 τῆς
949 4321 1242 4392 θυγατρὸς
1281 4321 1387 4374 τοῦ
1419 4323 1696 4386 βασιλέω

1909 4324 1996 4377 ll.
2034 4319 2203 4376 Vens.
2244 4320 2330 4380 14,
2364 4318 2450 4374 15.
2493 4317 2679 4372 Omnis
2707 4316 2880 4387 gloria
2906 4315 3034 4384 ﬁlia:
3066 4314 3202 4384 regis
3236 4315 3300 4368 ab
3329 4315 3416 4369 in.

126 4413 384 4477 ἔσωθεν,
418 4413 488 4467 ἐν
519 4413 891 4483 κροσσωτοῒς
937 4413 1192 4482 γρυσοῐς
1235 4412 1729 4481 περιϐεϐλημένη,

127 4505 593 4575 πεποικιλμένη.
638 4505 1172 4577 Ἀπενεχθήσονται
1198 4505 1276 4571 τῷ
1299 4505 1557 4570 βασιλεῖ
1579 4521 1728 4574 παρ-

125 4599 298 4652 θένοι
323 4599 515 4653 ὀπίσω
552 4598 762 4669 αὐτῆς.
803 4600 1020 4672 Ἐπειδὴ
1049 4598 1332 4671 ἐκαθάρθη
1363 4599 1439 4672 (7)
1479 4599 1586 4652 ἀπὸ
1618 4599 1725 4652 τῶν

1840 4423 1944 4479 tus,
1973 4414 2028 4466 in
2056 4412 2280 4482 ﬁmbriis
2309 4412 2486 4464 aureis
2515 4409 2934 4471 circumamicta,
2960 4409 3246 4476 variegutu.
3279 4407 3417 4474 Affe-

1833 4517 2016 4560 rentur
2045 4508 2151 4575 regi
2174 4505 2402 4574 uirgines
2435 4511 2554 4572 post
2583 4518 2720 4555 eam.
2758 4500 3048 4570 Postquam
3076 4507 3298 4568 purgata
3330 4509 3415 4552 est

1832 4600 1899 4652 ab
1944 4597 2186 4666 antiquis
2230 4595 2486 4665 nequitia:
2535 4593 2822 4659 doctrinis,
2859 4601 3048 4662 utpote
3087 4592 3414 4646 documento

203 4761 252 4793 ⁷³
279 4759 298 4815 1
325 4760 482 4819 Joan.
510 4779 591 4830 tu,
620 4763 674 4820 8.
752 4765 800 4796 ⁷⁸
826 4763 1060 4835 Philipp.
1090 4778 1154 4828 ιι,
1183 4761 1271 4818 10.
1347 4763 1394 4795 ⁷⁷
1425 4763 1623 4834 Ephes.
1667 4777 1720 4829 v,
1756 4761 1848 4817 25.

203 4879 457 4951 (99)_Hic
487 4878 928 4951 dissident__inter
950 4893 1008 4951 se
1034 4877 1199 4951 libri,_
1221 4879 1498 4951 ut_rvidere
1532 4887 1637 4951 est,
1665 4879 1718 4932 in

123 4947 279 5006 notis
300 4949 497 5004 Nobilii
551 4960 606 5004 et
655 4952 707 5004 in
745 4949 1021 5016 Hexaplis.
1063 4947 1240 5002 Editio
1286 4948 1459 5004 Paris.
1507 4959 1563 5003 et
1612 4950 1718 5003 duo

125 5036 268 5076 mss.
296 5022 768 5092 προσκυνήσουσιν
810 5019 979 5091 αὐτῷ,
1023 5019 1333 5092 Adorabunt
1356 5036 1500 5092 eum.
1539 5019 1718 5092 Editio

121 5093 298 5146 Basil.
341 5089 397 5145 et
452 5089 731 5146 sex'ntss.
787 5089 1189 5158 προσκυνήσεις
1236 5089 1406 5158 αὐτῷ.
1451 5089 1716 5142 Αάοιάὺὶε

119 5144 364 5225 eum,et
409 5144 483 5216 ita
517 5144 618 5230 legi
667 5144 727 5215 in
776 5144 963 5230 Bibliis
1018 5144 1308 5214 nissflum
1355 5144 1540 5230 Regiis
1600 5169 1712 5212 tum

119 5232 464 5287 Colbcrtinis
491 5241 684 5286 auctor
713 5241 794 5285 est
821 5229 1155 5284 Ferrandus.

199 5304 280 5370 (l)
309 5302 459 5370 Regii
519 5303 789 5356 secundus
830 5311 885 5354 et
933 5300 1124 5354 tertius
1163 5315 1287 5352 cum
1347 5298 1502 5354 Colb.
1535 5299 1714 5368 primo

116 5368 551 5443 προσαγορεύει.
594 5372 696 5428 Alii
726 5386 856 5426 vero
898 5385 1028 5424 mss.
1066 5384 1189 5423 cum
1223 5370 1388 5423 editis
1438 5385 1714 5440 προσαγο-

161 5460 326 5496 ευων.

117 5461 442 5583 Flavi-iw.
480 5513 672 5567 tertius
701 5511 809 5564 τῶν
825 5509 1109 5582 πατρικῶν
1130 5509 1499 5580 παραδόσεων,
1531 5519 1713 5578 pater-

116 5601 317 5636 narum
351 5585 720 5636 traditionum.

196 5654 276 5720 (Li)
310 5654 407 5707 llic
433 5669 622 5708 rursus
647 5653 738 5705 alii
770 5667 900 5707 mss.
940 5649 1347 5722 προσκυνήσεις
1380 5647 1529 5718 αὑτῷ
1563 5663 1577 5678 ο
1616 5647 1710 5702 alii

114 5725 595 5799 προσκυνήσουσιν
612 5723 779 5799 αὐτῷ.
1278 5791 1290 5799 ι
1430 5788 1469 5799 Μ
1575 5787 1587 5799 ι
1641 5787 1667 5799 η

198 5794 278 5866 (4)
317 5787 472 5867 Regii
509 5795 701 5852 tertius
728 5787 783 5852 et
803 5801 987 5852 sextus
1019 5791 1387 5865 προσκυνήσει
1425 5788 1481 5842 δὲ
1529 5787 1700 5860 αὐτῷ,

1823 4875 2080 4930 Adorabit
2103 4884 2282 4930 autem
2323 4891 2440 4929 eum
2466 4876 2634 4928 omnis
2667 4883 2932 4928 creatura.

1896 4948 1972 5018 (5)
2004 4947 2094 5003 Sic
2120 4962 2256 5018 mss.
2291 4947 2361 5018 At
2387 4947 2554 5018 editio
2587 4945 2763 4999 Paris.
2801 4943 3195 5018 λιτανεύουσιν.
3233 4941 3406 5018 ﬂaui}

1820 5013 1980 5087 longe
2018 5017 2314 5087 Colliertini
2343 5017 2582 5087 Aprimus
2631 5028 2686 5070 et
2744 5025 2932 5087 sextus
2959 5013 3315 5087 pqrpdmlt;
3348 5013 3405 5087 δὲ

1817 5083 2216 5159 τῆςνΧανανίας
2244 5089 2302 5157 ἡ.
2340 5083 2488 5159 Editi
2512 5101 2641 5140 vero
2669 5101 2789 5139 cum
2817 5083 3002 5140 multis
3037 5083 3168 5138 mss.
3197 5083 3404 5155 μητρό-

1818 5157 1972 5222 πολις
1999 5159 2056 5211 δὲ
2077 5158 2174 5227 τῆς
2214 5157 2436 5210 Χαναὰν
2468 5157 2524 5227 ἡ.

1892 5231 1968 5300 (6)
1995 5229 2070 5282 Ita
2101 5225 2272 5300 Regii
2305 5225 2596 5300 secundus,
2630 5226 2844 5300 tertius,
2892 5233 3139 5300 quart_us,
3176 5225 3404 5300 quintus

1821 5309 1876 5354 et
1901 5293 2092 5352 sextus
2122 5315 2134 5350 :
2162 5293 2360 5365 quibus
2393 5297 2552 5364 plane
2575 5297 2931 5349 consentinut'
2953 5305 3000 5348 ιιι
3031 5293 3235 5348 Catena
3265 5294 3399 5347 Cor-

1823 5370 1939 5422 der.
1970 5379 2022 5421 et
2053 5367 2346 5422 Colbertini
2379 5368 2608 5427 primus,
2651 5366 2894 5432 quintus,
2933 5375 3118 5418 sextus
3147 5374 3203 5417 et
3229 5365 3401 5432 septi-

1825 5455 1967 5491 unus.
2010 5438 2146 5490 I’.lliti
2175 5452 2302 5489 vero
2332 5436 2405 5506 Τὸ
2441 5436 2532 5506 σὸν
2563 5435 2619 5506 δὲ
2660 5435 2952 5506 πρόσωπον
2985 5435 3404 5506 προσκυνήσου-

1822 5524 1907 5560 σιν
1940 5510 1988 5560 oi
2022 5506 2264 5560 πλούσιοι
2288 5505 2380 5558 τοῦ
2417 5505 2570 5570 λαοῦ,
2601 5502 3007 5558 λιτανεύσουσιν
3031 5502 3092 5556 ἐν
3113 5502 3326 5570 δώροις.

1895 5579 1971 5648 (7)
2008 5579 2186 5648 Editio
2223 5575 2397 5648 Paris.
2427 5591 2549 5648 cum
2617 5576 2756 5648 Reg:
2791 5587 2984 5648 quarto
3012 5584 3081 5648 _et
3118 5574 3272 5648 Colb.
3308 5587 3404 5626 se-

1820 5644 1990 5715 ptimo
2024 5645 2326 5716 ἐκαθάρθη.
2360 5646 2539 5716 Editio
2563 5659 2691 5698 vero
2727 5645 2890 5716 Basil‘.
2924 5654 2983 5716 et
3011 5644 3162 5714 llegii
3195 5657 3399 5700 secun-

1818 5713 1919 5776 dus
1943 5729 1997 5778 et
2031 5713 2225 5774 tertius
2253 5713 2376 5773 cum
2404 5713 2563 5772 Colb.
2595 5725 2749 5772 sexto
2779 5713 3057 5788 καθήρθη.
