3818 6220
381 332 478 385 Ml

1696 320 1754 374 S.
1797 315 2041 371 BASILII
2082 314 2297 369 MAGNI

3535 311 3646 365 ιη

380 448 661 509 obsecuta,
688 455 743 499 et
773 444 937 498 oblita
976 440 1151 511 populi
1196 440 1276 494 sui
1322 448 1376 491 et
1420 438 1612 491 domus
1648 437 1815 507 patris
1843 436 1949 499 sui,

2091 433 2302 486 ;αλαιῶν
2334 432 2675 501 διδαγμάτων
2711 432 2809 501 τῆς
2848 431 3130 502 πονηρίας,
3160 428 3534 483 ὑπακούσασα
3569 429 3647 497 τῷ

382 548 567 591 narrat
616 551 735 606 qua:
785 537 954 604 ipsam
1007 542 1255 602 spectant
1307 531 1545 601 Spiritus
1598 540 1839 583 sanctus.
1888 529 1955 582 Et

379 630 637 698 quoniam
669 628 1002 682 reconditam
1029 624 1349 679 munditiam
1375 624 1518 677 illius
1540 621 1676 676 vidit
1703 636 1718 673 :
1745 620 1952 685 Omnis,

382 721 577 788 inquit,
606 719 775 788 gloria
796 718 923 785 ﬁlia:
953 718 1109 785 regis,
1137 717 1189 771 id
1213 726 1317 779 est,
1348 730 1557 785 sponsae
1580 714 1804 775 Christi,
1836 726 1955 781 qua

385 811 605 863 tandem
640 824 734 879 per
760 808 1102 876 adoptionem
1134 808 1240 860 lilia
1277 808 1419 876 regis
1457 804 1646 859 effecta
1693 806 1782 867 sit,
1813 804 1955 856 intus

382 911 479 954 est.
513 899 814 955 Hortamur
842 900 956 953 hate
987 900 1171 962 verba,
1208 906 1267 951 ut
1305 898 1372 952 ad
1406 898 1592 951 intima
1627 895 1958 949 ecclesiasti-

382 1008 462 1046 om
486 991 671 1062 gloria:
696 1005 893 1045 arcana
922 1000 1291 1059 penetremus,
1319 988 1462 1057 quod
1487 1002 1695 1055 sponsae
1723 984 1959 1054 pulchri-

386 1089 515 1138 tudo
548 1085 693 1138 intus
725 1084 977 1137 exsistat.
1009 1080 1109 1146 Qui
1145 1081 1289 1134 enim
1338 1095 1397 1134 se
1442 1080 1670 1133 adornat
1708 1076 1854 1130 Patri
1904 1078 1956 1129 in

387 1175 707 1229 abscondito
759 1172 959 1227 videnti
995 1172 1063 1236 ⁷⁸,
1096 1179 1474 1239 precaturque,
1510 1178 1567 1224 et
1614 1170 1792 1223 omnia
1840 1183 1959 1237 per-

384 1267 520 1336 agit,
557 1280 663 1319 non
706 1273 766 1318 ut
806 1264 1052 1317 videatur
1088 1264 1155 1316 ab
1187 1262 1496 1316 hominibus
1522 1261 1590 1327 ",
1628 1260 1720 1314 sed
1766 1271 1824 1314 ut
1859 1259 1958 1314 soli

385 1354 495 1410 Deo
531 1354 880 1418 innotescat;
936 1354 981 1407 is
1028 1352 1252 1421 perinde
1298 1366 1361 1404 ac
1404 1353 1545 1420 regis
1586 1350 1692 1403 ﬁlia
1736 1350 1958 1417 gloriam

385 1462 601 1501 omnem
645 1446 976 1500 intrinsecus
1021 1444 1206 1499 habet.
1234 1444 1371 1509 Quin
1403 1444 1566 1497 etiam
1606 1442 1831 1497 ﬁmbriae
1864 1457 1960 1495 au-

390 1554 496 1593 rea:
544 1538 744 1607 quibus
799 1546 907 1590 tota
959 1536 1366 1590 circnmamicta
1420 1545 1503 1589 est
1550 1550 1613 1589 ac
1662 1536 1959 1604 variegata,

386 1631 533 1685 intus
563 1637 709 1683 sunt.
745 1627 890 1682 Nihil
929 1641 1145 1697 quaeras
1179 1626 1231 1679 in
1271 1636 1499 1680 externo
1529 1640 1663 1680 auro
1688 1634 1742 1679 et
1768 1640 1962 1693 corpo-

388 1724 488 1776 rali
531 1723 791 1775 varietate
841 1740 853 1773 :
910 1719 1004 1774 sed
1057 1720 1314 1773 amictum
1360 1718 1647 1787 quemdam
1699 1717 1959 1784 intellige,

2058 525 2365 595 διδάγματι,
2393 526 2486 578 καὶ
2514 523 2878 594 ὲπιλαθομένη
2906 522 2998 575 τοῦ
3028 521 3155 574 λαοῦ
3186 520 3380 591 αὐτῆς,
3416 520 3521 573 καὶ
3550 520 3647 571 τοῦ

2057 616 2206 670 οἴκου
2243 616 2337 669 τοῦ
2368 616 2569 687 πατρὸς
2596 615 2783 684 αὐτῆς,
2813 615 3076 683 διηγεῖται
3122 614 3190 667 τὰ
3216 614 3344 684 περὶ
3370 614 3556 683 αὐτῆς
3587 613 3651 664 τὸ

2059 710 2281 780 Πνεῦμα
2314 710 2375 762 τὸ
2402 708 2573 777 ἆγιον.
2600 711 2709 763 Καὶ
2737 708 2922 779 ἐπειδὴ
2948 703 3056 760 εἶδε
3084 709 3183 779 τὴν
3216 709 3272 761 ὲν
3298 707 3378 778 τῷ
3407 707 3650 777 κρυπτῷ

2058 803 2425 875 καθαρότητα,
2472 801 2666 865 Πᾶσα,
2720 803 2903 872 φησιν,
2951 803 2987 869 ἡ
3014 783 3161 865 δόξα
3190 800 3301 868 τῆς
3341 798 3649 867 θυγατρὸς

2057 894 2163 946 τοῦ
2191 893 2510 957 βασιλέως,
2552 894 2795 945 τουτέστι
2827 892 2927 961 (8),
2980 893 3074 962 τῆς
3119 890 3354 963 Χριστοῦ
3388 892 3645 959 νύμφης,

2056 988 2155 1055 τῆς
2183 986 2477 1055 γενομένης
2501 985 2683 1038 λοιπὸν
2715 985 2801 1037 διὰ
2828 986 2927 1055 τῆς
2949 985 3214 1046 υἱοθεσίας
3240 983 3529 1052 θυγατρὸς
3548 982 3648 1034 τοῦ

2061 1074 2341 1144 βασιλέως,
2370 1075 2569 1129 ἕσωθέν
2595 1077 2729 1128 ἐστι.
2763 1076 3067 1147 Προτρέπει
3096 1078 3124 1127 6
3152 1074 3306 1143 λόγος
3336 1076 3437 1127 ἐπὶ
3458 1074 3532 1127 τὰ
3557 1076 3647 1126 ἑν-

2058 1171 2262 1223 δοτάτω
2301 1171 2495 1239 χωρεῖν
2528 1168 2625 1237 τῆς
2656 1166 3113 1236 ὲκκλησιαστικῆς
3144 1165 3300 1234 δόξης
3334 1167 3646 1235 μυστήρια,

2059 1263 2133 1325 ὡς
2163 1262 2309 1314 ἔνδον
2337 1262 2487 1323 ὄντος
2519 1259 2611 1311 τοῦ
2651 1259 2876 1322 κάλλους
2904 1259 3004 1327 τῆς
3035 1258 3270 1327 νύμφης.
3313 1254 3375 1311 Ὁ
3403 1256 3525 1326 γὰρ
3554 1257 3649 1308 εῦο

2057 1354 2330 1425 τρεπίςων
2379 1353 2570 1405 ἑαυτὸν
2602 1351 2680 1421 τῷ
2706 1352 2880 1421 Πατρὶ
2910 1352 2987 1421 τῷ
3023 1351 3264 1420 βλέποντι
3305 1350 3364 1401 ὲν
3395 1348 3485 1418 τῷ
3512 1366 3651 1419 κρυ-

2060 1446 2198 1517 πτῷ,
2223 1445 2316 1499 καὶ
2340 1443 2785 1515 προσευχόμενος,
2817 1442 2911 1494 καὶ
2933 1443 3108 1494 πάντα
3131 1442 3388 1510 πράσσων
3409 1440 3479 1491 οὐ
3504 1439 3649 1508 πρὸς

2060 1541 2120 1593 τὸ
2160 1538 2418 1606 θεαθῆναι
2470 1539 2582 1598 τοῖς
2623 1533 2947 1605 ἀνθρώποις,
3000 1532 3133 1585 ἀλλὰ
3182 1532 3317 1602 πρὸς
3378 1530 3443 1583 τὸ
3496 1532 3652 1600 μόνῳ

2063 1630 2441 1701 φανερωθῆναι
2473 1628 2591 1697 Θεῷ
2611 1644 2622 1655 ·
2660 1619 2815 1689 οὗτος
2846 1625 2958 1695 ἔχει
2991 1626 3167 1677 πᾶσαν
3191 1625 3289 1693 τὴν
3322 1622 3488 1686 δόξαν
3516 1623 3653 1675 ἐσω-

2064 1722 2174 1785 θεν,
2206 1721 2281 1783 ὠς
2297 1720 2390 1772 καὶ
2414 1722 2447 1789 ἡ
2474 1717 2718 1787 θυγάτηρ
2739 1714 2833 1767 τοῦ
2864 1713 3141 1785 βασιλέως.
3170 1712 3277 1764 Καὶ
3297 1710 3369 1762 τὰ
3388 1727 3651 1780 κροσσωο

384 1815 477 1881 qui
517 1814 714 1883 dignns
770 1813 840 1867 sit
886 1812 976 1880 qui
1026 1827 1149 1865 eum
1190 1811 1279 1878 qui
1332 1810 1623 1864 secundum
1662 1807 1958 1862 conditoris

2093 1815 2125 1868 ά
2149 1815 2328 1866 τοίνυν
2358 1811 2424 1864 τὰ
2454 1812 2527 1879 (9)
2550 1810 2745 1879 χρυσᾶ,
2773 1802 2853 1871 οἷς
2896 1804 3277 1876 περιὸέϐληται
3318 1804 3413 1855 καὶ
3450 1803 3651 1853 πεποί-

385 1904 677 1972 imaginem
712 1912 787 1956 est
824 1911 1075 1965 exornet,
1102 1910 1161 1954 ut
1186 1902 1260 1955 ait
1282 1900 1571 1969 Apostolus
1602 1916 1615 1951 :
1644 1898 1961 1965 Exspatian-

386 2004 461 2047 tes
494 2002 714 2047 veterem
748 1993 1034 2056 hominem,
1058 2000 1106 2045 et
1141 1992 1411 2044 induentes
1446 2006 1654 2053 novum,
1682 1989 1773 2057 qui
1808 2005 1961 2041 reno-

384 2095 539 2138 vatur
562 2085 629 2138 ad
656 2085 977 2155 agnitionem
1001 2084 1289 2137 secundum
1322 2083 1571 2135 creatoris
1596 2081 1871 2150 imaginem
1890 2080 1955 2133 '°.

393 2173 479 2237 Et,
515 2174 607 2241 qui
653 2172 825 2228 induit
869 2171 1082 2226 Viscera
1129 2172 1528 2235 misericordiae,
1568 2172 1958 2239 benignitatem,

387 2265 759 2328 humilitatem,
803 2264 1136 2331 patientiam,
1181 2263 1634 2316 mansuetudinem
1668 2260 1737 2325 δι,
1782 2262 1827 2316 is
1880 2262 1961 2315 in-

387 2356 657 2409 trinsecus
690 2354 921 2408 amictus
955 2363 1057 2420 est,
1092 2364 1148 2407 et
1182 2354 1477 2417 secundum
1516 2352 1833 2407 interiorem
1864 2353 1963 2407 lto-

386 2446 587 2499 minem
628 2454 875 2499 ornatus.
907 2444 1015 2499 Sed
1050 2454 1104 2499 et
1139 2443 1337 2497 Paulus
1371 2444 1649 2507 admonet,
1682 2454 1741 2497 ut
1771 2442 1963 2497 indua-

388 2551 507 2590 tnus
541 2536 826 2591 Dominum
859 2533 1045 2588 Jesum
1075 2534 1147 2599 ",
1183 2550 1290 2589 non
1330 2534 1626 2588 secundum
1676 2544 1961 2589 externum

387 2627 685 2691 hominem,
723 2628 815 2681 sed
868 2637 926 2679 ut
978 2638 1212 2681 mentem
1265 2636 1505 2681 nostram
1551 2628 1645 2681 Dei
1699 2627 1963 2682 memoria

387 2721 765 2789 circumtegat.
815 2720 1066 2774 Arbitror
1122 2727 1302 2772 autem
1370 2719 1673 2789 spiritalem
1738 2720 1961 2788 [ιι-αξιοιί

388 2820 618 2875 vestem,
652 2824 773 2863 cum
820 2809 965 2863 actio
1007 2810 1266 2863 doctrinae
1300 2812 1462 2864 verbo
1496 2824 1678 2864 comes
1718 2811 1962 2880 adjungi-

389 2911 498 2954 tnr.
524 2900 991 2966 Quemadmodum
1037 2901 1180 2954 enim
1213 2900 1515 2970 corporalis
1544 2902 1707 2955 vestis
1739 2902 1959 2967 texitur,

388 3008 511 3046 cum
548 2993 865 3062 subtegmen
902 2993 1195 3046 innectitur
1225 2992 1467 3059 stamini,
1504 2992 1577 3047 ita
1613 2994 1701 3048 ubi
1735 2996 1959 3048 verbum

390 3083 688 3152 praecessit,
728 3083 775 3137 si
820 3085 979 3151 modo
1030 3083 1271 3139 actiones
1318 3094 1691 3139 consentanea:
1740 3086 1960 3153 subjun-

389 3184 607 3245 gantur,
632 3175 1046 3229 venustissimus
1068 3176 1294 3229 amictus
1319 3176 1513 3230 anima:
1539 3174 1727 3229 conﬁci
1760 3186 1957 3245 potest,

390 3267 546 3335 cujus
576 3266 786 3320 scilicet
813 3267 919 3320 vita
964 3281 1031 3321 ex
1062 3268 1377 3336 praescripto
1407 3268 1623 3322 virtutis
1664 3278 1804 3332 acta,
1840 3285 1960 3323 ser-

392 3373 554 3412 mone
582 3366 636 3412 et
661 3372 825 3427 opere
850 3361 1205 3427 compleatur.
1239 3360 1489 3414 Fimbria:
1520 3370 1695 3415 autem
1730 3363 1962 3430 pendent

392 3464 422 3501 a
467 3449 691 3514 vestitu,
724 3450 1035 3519 spirituales
1084 3462 1138 3505 et
1175 3453 1255 3505 ha:
1295 3453 1443 3519 ἱρείη,
1479 3455 1547 3508 ob
1582 3454 1741 3523 idque
1784 3470 1963 3509 aureae

392 3556 515 3595 esse
562 3542 837 3596 dicuntur.
890 3541 1158 3608 Quoniam
1210 3557 1343 3596 sane
1394 3544 1618 3598 verbum
1666 3546 1838 3614 majus
1880 3555 1964 3601 est

393 3648 583 3701 opere,
624 3633 827 3689 idcirco
854 3643 936 3689 est
968 3634 1114 3689 velut
1150 3634 1358 3688 ﬁmbria
1384 3637 1630 3703 qumdam
1659 3650 1688 3689 a
1749 3646 1961 3692 textura

395 3725 465 3779 ad
490 3725 756 3780 actionem
790 3727 1119 3780 redundans.
1176 3726 1489 3795 Sequuntur
1536 3737 1712 3781 autem
1753 3728 1964 3783 Domini

395 3830 650 3884 sponsam
687 3814 881 3869 animae
904 3816 1169 3884 quasdam,
1200 3831 1318 3885 quae
1339 3816 1637 3871 seminibus
1663 3818 1963 3886 alienarum

398 3908 770 3962 doctrinarum
806 3907 948 3962 haud
996 3909 1288 3977 susceptis,
1334 3909 1665 3962 adducentur
1723 3910 1856 3979 regi,
1885 3924 1966 3964 se-

402 4008 629 4066 quentes
654 4013 931 4066 sponsam.
971 4000 1076 4054 Sed
1106 4009 1159 4054 et
1186 4001 1409 4054 audiant
1448 4016 1567 4068 qua:
1602 4002 1963 4071 virginitatem

406 4087 631 4141 Omnino
663 4096 945 4153 voverunt,
982 4090 1124 4157 quod
1157 4089 1393 4159 virgines
1434 4092 1544 4159 regi
1576 4092 1916 4145 adducentur
1948 4108 1963 4158 ;

400 4180 656 4247 virgines,
683 4181 922 4249 inquam,
953 4195 1071 4249 qua:
1103 4182 1361 4250 proximae
1389 4190 1513 4236 sunt
1545 4182 1824 4249 Ecclesiae,
1847 4199 1967 4253 qua:

400 4283 521 4343 post
551 4274 721 4343 ipsam
747 4284 1067 4343 sequuntur,
1100 4290 1199 4329 nec
1222 4275 1475 4329 aberrant
1504 4275 1572 4329 ab
1595 4276 1966 4331 ecclesiastica

401 4363 708 4432 disciplina.
734 4364 897 4418 Vsus.
921 4362 1005 4416 16.
1044 4364 1382 4417 Adducentur
1410 4364 1569 4435 169
1604 4374 1780 4418 autem
1804 4366 1968 4435 virgi»

402 4469 497 4508 nes
540 4456 593 4507 in
634 4454 819 4508 lwtitia
845 4464 891 4509 et
927 4456 1297 4519 exsultatione,
1340 4456 1597 4509 ducentur
1630 4457 1685 4510 in
1719 4457 1966 4527 templum
1998 4483 2043 4539 ι)

403 4548 559 4615 regis.
592 4546 707 4601 Non
731 4563 851 4611 qua:
884 4557 1086 4602 coactae
1116 4548 1479 4617 virginitatem
1512 4548 1815 4614 subierunt,
1857 4564 1964 4603 non

404 4652 523 4706 qua:
558 4653 623 4691 ex
651 4638 868 4691 tristitia
898 4646 992 4691 aut
1020 4639 1349 4693 necessitate
1389 4648 1594 4693 castam
1626 4639 1791 4694 vitam
1842 4646 1969 4692 sunt

406 4729 663 4797 amplexa:
689 4747 701 4781 :
737 4730 828 4783 sed
848 4744 968 4797 qua:
996 4729 1048 4782 in
1076 4729 1258 4783 laetitia
1277 4738 1329 4783 et
1356 4730 1717 4784 exsultatione
1741 4732 1809 4785 ob
1839 4745 1969 4799 pra}-

401 4820 611 4873 clarum
640 4820 741 4873 ltoc
780 4820 991 4873 facinus
1032 4821 1286 4889 gaudent,
1338 4822 1420 4874 hae
1456 4821 1795 4876 adducentur
1830 4822 1966 4889 regi,

405 4913 778 4980 duceutnrque
823 4927 927 4966 non
979 4912 1032 4964 in
1084 4911 1356 4979 vulgarem
1389 4912 1587 4979 locum,
1624 4913 1716 4967 sed
1751 4913 1802 4966 in
1832 4921 1970 4965 tem-

406 5004 550 5073 plum
607 5004 776 5071 regis.
810 5003 941 5058 Nam
973 5019 1100 5060 vasa
1130 5019 1309 5071 sacra,
1344 5020 1465 5075 quae
1511 5019 1617 5059 non
1666 5005 1972 5074 inquinavit

484 5204 529 5235 τ·
566 5201 758 5255 Matth.
793 5217 865 5268 VI,
896 5200 955 5267 ι,
989 5200 1042 5256 6.
1118 5201 1410 5258 "’ibid.l.
1486 5202 1531 5234 ⁸ο
1557 5200 1715 5257 Colos
1746 5158 1827 5267 ιιι,
1858 5203 1913 5269 9,
1950 5202 2037 5257 to.

480 5355 547 5429 (8)
574 5356 766 5438 Totum
788 5356 941 5438 illud,
963 5357 1062 5427 τῆς
1089 5357 1357 5439 θυγατῴς
1380 5358 1475 5439 τοῦ
1498 5358 1783 5428 βασιλέως,
1814 5375 1969 5411 τουτ-

403 5427 541 5489 έστι,
584 5428 637 5479 in
668 5428 868 5481 nostris
902 5439 1104 5494 septem
1138 5427 1274 5481 mss.
1301 5427 1664 5482 desideratur.

476 5498 551 5565 (9)
585 5498 675 5549 Sic
707 5513 837 5567 mss.
866 5500 1126 5565 quinque.
1157 5497 1297 5550 Editi
1338 5497 1623 5567 κροσσωτά
1649 5498 1704 5550 δὲ
1737 5499 1823 5551 τά.

479 5567 589 5684 μθ)
620 5567 692 5618 Ita
752 5566 903 5634 Regii
955 5568 1242 5629 secundus,
1276 5566 1503 5634 quartus
1546 5579 1599 5621 et
1644 5578 1826 5621 sextus
1851 5582 1973 5620 cum

430 5633 729 5684 lobertinis
769 5645 924 5684 sexto
974 5651 1030 5684 et
1089 5638 1337 5684 sentimn.
1374 5635 1571 5684 Vocula
1626 5637 1683 5684 δέ
1736 5642 1888 5684 deest
1924 5640 1973 5684 in

407 5635 729 5717 Golbertinis
752 5645 924 5717 ‘sexto
954 5651 1030 5717 _et
1089 5638 1337 5717 septimo.
1374 5635 1572 5691 Vocula
1626 5637 1708 5717 6é_
1736 5642 1888 5690 deest
1923 5640 1975 5715 in

408 5702 587 5755 editis.
654 5701 855 5758 Ibidem
902 5705 1033 5759 editi
1091 5701 1164 5761 ct'
1192 5707 1427 5776 quinque
1482 5724 1612 5765 mss.
1661 5706 1974 5777 οἰκτιρμοῦ.

2060 1905 2239 1959 κιλται
2271 1903 2389 1975 ὅλη,
2426 1900 2645 1955 ἔσωθεν.
2682 1899 2863 1969 Μηδὲν
2905 1897 3055 1965 ζήτει
3102 1898 3158 1948 ὲν
3194 1894 3271 1964 τῷ
3303 1894 3408 1959 ἔξω
3454 1893 3651 1964 χρυσῷ

2060 1997 2154 2050 καὶ
2175 2000 2241 2067 τῇ
2272 1995 2550 2065 σωματικῇ
2589 1991 2827 2061 ποικιλία
2846 2007 2860 2021 ο
2890 1989 3025 2042 ἀλλά
3058 1986 3344 2058 περιϐολὴν
3372 1987 3487 2038 νόει
3522 1986 3650 2036 τινὰ

2060 2089 2213 2154 ἀξίαν
2260 2086 2538 2156 κοσμῆσαι
2578 2085 2667 2137 τὸν
2703 2085 2822 2136 κατ’
2855 2082 3036 2135 εἰκόνα
3072 2079 3162 2131 τοῦ
3202 2079 3515 2141 κτίσαντος,
3570 2077 3649 2138 ὥς

2060 2196 2226 2250 φησιν
2270 2181 2299 2231 6
2337 2177 2687 2238 Ἀπόστολος·
2752 2172 3174 2242 Ἐκδυσὰμενοι
3216 2170 3325 2223 τὸν
3375 2170 3650 2223 παλαιὸ-

2059 2272 2391 2339 ἄνθρωπον,
2441 2269 2539 2321 καὶ
2584 2265 2980 2334 ἐνδυσάμενοι
3019 2263 3127 2317 τὸν
3160 2262 3322 2327 νέον,
3350 2263 3463 2315 τὸν
3500 2263 3649 2315 ἀνα-

2061 2363 2456 2429 καινούμενον
2502 2363 2589 2423 εὶς
2618 2360 2945 2426 ἐπίγνωσιν
2983 2358 3109 2410 κατ’
3135 2356 3339 2409 εἰκόνα
3380 2354 3493 2407 τοῦ
3520 2354 3647 2406 xtl-

2061 2470 2306 2519 σαν-τος.
2355 2454 2463 2506 Καὶ
2500 2455 2527 2506 6
2562 2451 2915 2520 ἐνδυσάμενος
2945 2450 2999 2502 δὲ
3033 2448 3143 2518 (10)
3195 2446 3530 2516 Saltim
3568 2449 3649 2499 ot-

2062 2544 2327 2614 κτιρμοῦ,
2361 2546 2758 2613 χρηστότητα,
2794 2540 3371 2608 ταπεινοφροσύνην,
3410 2554 3649 2605 μακρο-

2062 2638 2301 2704 θυμίαν,
2332 2636 2655 2702 πραότητα,
2708 2632 2915 2685 ἔνδοθεν
2971 2628 3375 2702 περιὸέὸληται,
3405 2628 3504 2681 καὶ
3554 2628 3650 2678 τὸν

2063 2728 2169 2781 ἔσω
2195 2728 2477 2798 ἄνθρωπον
2500 2726 2852 2794 κεκόσμηται.
2877 2724 3038 2777 Καὶὸ
3066 2721 3274 2783 Παῦλος
3300 2721 3358 2773 δὲ
3384 2723 3651 2790 παραινεί

2062 2816 2380 2869 ἐνδύσασθαι
2410 2816 2518 2885 (11)
2549 2815 2637 2867 τὸν
2662 2815 2864 2886 Κύριον
2905 2813 3128 2883 Ἰησοῦν,
3158 2814 3217 2865 ού
3250 2811 3389 2865 κατὰ
3418 2810 3517 2861 τὸν
3542 2810 3652 2873 ἔξω

2061 2909 2366 2979 ἄνθρωπον,
2395 2908 2511 2961 ἀλλ’
2536 2908 2621 2959 ἵνα
2648 2907 2737 2959 τὸν
2772 2906 2896 2958 νοῦν
2920 2905 3073 2975 ἡμῶν
3099 2908 3131 2973 ἡ
3160 2904 3252 2956 τοῦ
3277 2902 3411 2957 Θεοῦ
3453 2905 3650 2972 μνήμη

2062 2998 2466 3071 περισκεπάζῃ.
2540 2994 2707 3067 Οἶμαι
2772 2997 2828 3049 δὲ
2884 2996 2945 3048 τὸ
2998 2993 3366 3064 πνευματικὸν
3424 2993 3653 3061 ἱμάτιον

2062 3093 2459 3162 ἐξυφαίνεσθαι,
2502 3095 2629 3147 ὅταν
2675 3093 2751 3163 τῷ
2798 3090 3087 3160 διδακτικῷ
3118 3089 3257 3158 λόγῳ
3288 3089 3321 3157 ἡ
3355 3087 3653 3147 ἀκόλουθος

2063 3185 2425 3255 ὲπιπλέκηται
2470 3183 2688 3254 πρᾶξις.
2738 3183 2946 3251 Ὥσπερ
2992 3179 3099 3249 γὰρ
3140 3178 3218 3246 τῷ
3263 3178 3496 3246 στήμονι
3548 3175 3652 3245 τῆς

2064 3276 2269 3347 κρόκης
2290 3274 2798 3345 ὲπιπλεκομένηςτὸ
2831 3271 3139 3340 σωματικὸν
3172 3268 3387 3338 ἱμάτιον
3418 3267 3652 3335 ἐξυφαί-

2065 3384 2244 3421 νεται·
2276 3366 2419 3420 οὕτω
2446 3366 2539 3419 τοῦ
2574 3365 2732 3433 λόγου
2766 3361 3203 3435 προῦφεστῶτος,
3242 3361 3291 3413 εί
3334 3357 3653 3419 ἀκολούθως

2066 3459 2123 3511 αἱ
2151 3456 2376 3527 πράξεις
2409 3457 2716 3524 ἐπάγοιντο,
2753 3454 3053 3525 σεμνοτάτη
3087 3470 3170 3515 τις
3207 3451 3272 3505 ἂν
3304 3452 3525 3517 γένοιτο
3556 3467 3656 3501 πε-

2070 3547 2256 3618 ριϐολὴ
2306 3547 2405 3615 τῆς
2445 3546 2643 3616 ψυχῆς,
2679 3546 2820 3615 λόγῳ
2854 3545 2949 3599 καὶ
2991 3544 3137 3615 ἔργῳ
3168 3542 3257 3594 τὸν
3293 3542 3415 3595 κατ’
3441 3542 3657 3611 ἀρετὴν

2071 3639 2182 3709 βίον
2224 3636 2765 3709 συμπεπληρωμένον
2802 3636 3049 3706 ἐχούσης.
3082 3634 3319 3704 Κροσσοὶ
3352 3633 3409 3685 δὲ
3438 3634 3661 3685 ἀπαιω-

2072 3730 2289 3800 ροῦνται
2346 3724 2434 3782 τοῦ
2495 3729 2731 3798 ἱματίου,
2780 3728 2961 3797 νοητοὶ
3015 3728 3108 3779 καὶ
3154 3717 3332 3777 οὗτοι·
3402 3723 3488 3775 διὸ
3560 3726 3659 3775 καὶ

2070 3824 2259 3891 χρυσοῖ
2305 3817 2440 3873 εἶναι
2489 3818 2755 3885 λέγονται.
2814 3817 3139 3887 Ἐπειδήπερ
3182 3818 3209 3867 6
3240 3815 3397 3882 λόγος
3443 3813 3660 3866 πλείων

2069 3913 2187 3965 ἐστὶ
2228 3912 2322 3966 τοῦ
2379 3912 2561 3983 ἔργου,
2596 3912 2758 3963 οἱονεὶ
2801 3909 3029 3980 κροσσός
3062 3909 3145 3972 τίς
3198 3909 3348 3960 ἐστιν
3396 3907 3510 3958 ἀπὸ
3558 3906 3658 3958 τοῦ

2070 4006 2206 4076 πρὸς
2233 4006 2332 4075 τὴν
2374 4001 2569 4072 πρᾶξιν
2613 4004 2928 4071 ὑφάσματος
2975 3998 3334 4071 περισσεύων.
3379 3998 3659 4049 Ἕπονται

2070 4098 2127 4150 δὲ
2164 4100 2227 4166 τῇ
2262 4096 2449 4167 νύμφῃ
2492 4095 2585 4147 τοῦ
2618 4094 2822 4164 Κυρίου
2857 4092 3025 4161 ψυχαί
3058 4108 3220 4152 τινες,
3250 4092 3306 4141 αἱ
3351 4088 3428 4158 μὴ
3464 4105 3659 4159 παρα-

2070 4186 2360 4256 δεξάμεναι
2399 4186 2685 4255 σπέρματα
2721 4184 2828 4254 (12)
2876 4184 3049 4251 λόγων
3094 4180 3412 4250 ἀλλοτρίων,
3446 4179 3661 4240 αἵτινες

2072 4277 2531 4346 ἀπενεχθὴσονται
2574 4275 2650 4345 τῷ
2700 4275 2938 4344 βασιλεῖ,
2982 4271 3368 4326 ἁκολουθοῦσαι
3412 4273 3483 4341 τῇ
3526 4270 3662 4340 νύμ-

2073 4385 2167 4441 φῃ.
2207 4368 2579 4421 Ἀκουέτωσαν
2612 4368 2667 4420 δὲ
2701 4368 2796 4419 καὶ
2826 4368 2881 4418 αί
2920 4365 3017 4436 τὴν
3050 4364 3344 4435 παρθενίαν
3378 4362 3663 4431 ἐπαγγελ.

2072 4460 2292 4530 λόμεναι
2323 4459 2399 4529 τῷ
2428 4460 2637 4530 Κυρίῳ,
2663 4459 2746 4511 ὅτι
2774 4459 3029 4529 παρθένοι
3058 4453 3533 4525 ἁπενεχθήσονται
3576 4454 3658 4523 τῷ

2075 4551 2311 4622 βασιλεῖ·
2347 4551 2606 4621 παρθένοι
2630 4550 2708 4613 δὲ,
2742 4551 2796 4601 αἱ
2832 4548 3055 4618 πλησίον
3086 4543 3240 4599 οὖσαι
3268 4546 3373 4614 τῆς
3419 4544 3658 4613 Ἐκκλη-

2075 4643 2216 4706 σίας,
2256 4644 2311 4694 αἱ
2338 4642 2511 4695 ὀπίσω
2541 4641 2710 4711 αὐτῆς
2756 4641 3038 4709 ἑπόμεναι,
3070 4638 3161 4691 καὶ
3196 4637 3272 4707 μὴ
3317 4636 3655 4688 ἀποπλανώ-

2078 4752 2235 4805 μεναι
2270 4733 2369 4803 τῆς
2402 4733 2859 4802 ὲκκλησιαστικῆς
2882 4731 3151 4794 εὐταξίας.
3187 4728 3659 4796 Ἄπενεχθήσονσ

2076 4841 2169 4876 ται
2214 4821 2280 4874 δὲ
2317 4824 2373 4875 αἱ
2414 4822 2671 4893 παρθένοι
2712 4821 2781 4872 ἐν
2838 4823 3184 4889 εὐφροσύνῃ
3216 4818 3314 4871 καὶ
3359 4817 3655 4887 ἀγαλλιά-

2074 4931 2189 4979 σει,
2214 4914 2587 4981 ἁχθήσονται
2625 4916 2711 4978 εἱς
2742 4912 2892 4966 ναὸν
2918 4912 3243 4977 βασιλέως.
3271 4912 3386 4981 Οὐχ
3417 4914 3471 4964 αί
3522 4929 3657 4965 κατ-

2075 5006 2508 5077 ηναγκασμένως
2560 5004 2886 5059 ὑπελθοῦσαι
2924 5006 3021 5077 τὴν
3068 5004 3389 5076 παρθενίαν,
3433 5003 3559 5057 οὐδὲ
3604 5004 3657 5056 αἱ

2114 5203 2157 5234 ’ί
2194 5202 2321 5257 ibid.
2356 5202 2441 5256 12.
2517 5202 2562 5235 θ’
2595 5201 2753 5257 Rom.
2786 5219 2905 5269 xm,
2938 5204 3026 5257 14.

2080 5359 2477 5435 Reg.__2__cur_n
2532 5361 2751 5435 vulgato
2797 5371 2956 5435 Atextu
3010 5362 3201 5417 Graeco
3262 5364 3590 5435 οἰκτιρμῶν.

2154 5430 2266 5501 (11)
2301 5431 2390 5483 Sic
2430 5430 2579 5499 Regii
2612 5431 2902 5497 secundus,
2931 5444 3161 5500 quartus
3191 5444 3244 5485 ot
3284 5430 3474 5489 sextus
3508 5451 3660 5501 mque

2083 5514 2148 5553 ac
2196 5500 2490 5572 Colliertini
2551 5502 2780 5567 primus,
2823 5512 3009 5572 sextus
3056 5514 3111 5556 et
3174 5506 3466 5572 septimus.
3516 5500 3659 5559 Editi

2078 5584 2206 5622 vero
2241 5586 2363 5621 cum
2397 5570 2528 5637 Reg.
2567 5573 2758 5640 quinto
2784 5571 3099 5626 ἐνδύσασθε.

2147 5640 2260 5707 (12)
2293 5640 2433 5725 Ειιιὶιι
2458 5657 2578 5692 cuni
2611 5656 2717 5696 uno
2744 5653 2837 5695 aut
2863 5643 3033 5699 altero
3059 5658 3159 5698 ms.
3192 5643 3439 5714 σπέρμα.
3472 5646 3540 5697 At
3567 5660 3657 5699 sex

2082 5725 2212 5764 mss.
2242 5727 2557 5781 σπερματα.
