3818 6220
107 301 228 355 415

1226 301 1508 358 HOMILIA
1547 301 1616 358 iN
1649 303 1978 359 PSALMUM
2002 301 2185 358 XLIV.

3276 317 3382 369 611

105 421 186 474 ἐκ
228 418 404 490 λύπης
449 419 482 491 ἢ
519 416 580 483 ἐξ
625 421 870 492 ἀνάγκης
914 422 1344 494 καταδεξάμεναι
1383 423 1478 477 τὸν
1510 423 1686 493 σεμνὸι

1805 425 2074 480 humanus
2103 441 2252 493 usus,
2283 425 2338 480 in
2365 435 2555 482 sancta
2588 438 2902 494 sanctorum
2937 430 3376 495 introducantur,

107 513 258 584 βίον,
297 512 412 566 ἀλλ’
454 513 602 565 αἰὲν
632 512 938 584 εὐφροσύνῃ
987 515 1081 567 καὶ
1127 516 1444 584 ἀγαλλιάσει
1489 517 1580 570 ἐπὶ
1623 517 1701 587 τῷ

107 605 348 676 τοιούτῳ
410 602 791 674 κατορθώματι
857 605 1144 675 χαίρουσαι
1195 605 1340 678 (15),
1384 599 1545 660 αὗται
1596 607 1702 660 ἀπ-

107 697 500 768 ενεχθήσονται
532 696 609 766 τῷ
645 695 870 766 βασιλεῖ,
903 697 994 749 καὶ
1015 697 1342 769 ἀχθήσονται
1377 700 1477 751 οὐκ
1506 699 1587 761 εἰς
1611 697 1702 752 τὸν

105 787 350 858 τυχόντα
372 786 556 853 τόπον,
584 785 698 839 ἀλλ’
743 788 823 850 εἰς
851 787 941 840 τὸν
986 787 1114 842 ναὸν
1159 789 1253 841 τοῦ
1295 788 1577 858 βασιλέως.
1619 789 1700 842 Τὰ

107 883 226 951 γὰρ
287 879 538 950 ίερατικά
592 878 796 949 σκεύη,
846 878 882 933 ἃ
919 879 1018 932 οὐκ
1069 881 1326 952 ἐμόλυνεν
1384 881 1697 952 ἀνθρωπίνη

105 972 334 1042 χρῆσις,
365 975 445 1033 εἰς
489 971 556 1024 τά
591 970 722 1040 ἅγια
764 971 873 1024 τῶν
903 971 1069 1040 ἁγίων
1109 973 1566 1044 είσενεχθήσεται,
1603 974 1700 1027 καὶ

105 1064 367 1127 ἐξουσίαν
407 1063 518 1130 ἕξει
549 1064 648 1136 τῆς
687 1065 767 1127 εἰς
812 1064 881 1118 τά
929 1064 1096 1118 ἄδυτα
1130 1065 1388 1136 παρόδου,
1429 1067 1563 1118 ὅπου
1613 1065 1701 1136 βέ-

1807 517 1996 587 eisque
2017 517 2203 573 licebit
2239 520 2308 574 ad
2329 520 2490 589 adyta
2515 523 2798 589 accedere,
2829 523 2918 578 ubi
2961 523 3174 593 profani
3211 528 3378 595 pedes

1806 623 1916 664 non
1947 610 2321 665 ambulabunt.
2355 613 2566 678 Quanta
2593 623 2771 668 autem
2815 630 2902 670 res
2940 617 3011 670 sit
3041 616 3094 669 in
3123 619 3376 686 templum

1807 701 1954 770 regis
1993 702 2205 767 adduci,
2233 703 2503 773 Prcpheta
2555 705 2668 775 ipse
2714 707 2975 772 ostendit,
3023 723 3121 776 pro
3171 722 3230 762 se
3264 709 3380 776 ipso

1805 807 1970 848 orans
1997 808 2061 848 ac
2085 795 2270 851 dicens
2282 795 2362 851 “z
2388 794 2560 850 Unam
2582 798 2709 865 petii
2724 797 3020 864 a.Domino,
3043 799 3176 852 hanc
3206 802 3380 866 requi-

1805 901 1920 939 ram
1945 902 1964 940 :
1991 897 2046 940 ut
2067 888 2351 942 inhabilem
2379 888 2434 943 in
2462 890 2619 943 domo
2642 889 2857 944 Domini
2905 891 3142 944 omnibus
3191 891 3372 944 diebus

1804 979 1924 1033 vitm
1953 996 2116 1046 mere;
2140 990 2196 1034 ut
2229 983 2434 1037 videam
2459 983 2774 1053 voluptatem
2819 982 3056 1050 Domini,
3093 994 3140 1037 et
3171 983 3374 1037 visitem

1806 1070 2052 1138 templum
2079 1072 2214 1142 ejus.

105 1154 273 1225 6η).οι
312 1155 470 1218 πόδες
496 1154 555 1205 ού
584 1155 1065 1226 περιπατήσουσιν.
1105 1156 1318 1210 Ἡλίκον
1350 1157 1407 1209 δέ
1438 1158 1554 1210 ἐστι
1595 1157 1656 1209 τὸ
1692 1156 1921 1228 ἀχθῆναι
1953 1163 2034 1225 είς
2065 1164 2188 1217 ναὸν
2224 1165 2508 1235 βασιλέως,
2539 1167 2567 1218 ὁ
2598 1165 2888 1237 Προφήτης
2916 1165 3206 1229 δείκνυσιν,
3233 1165 3374 1234 ὑπὲρ

103 1245 310 1300 ἑαυτοῦ
346 1245 778 1316 προσευχόμενος
831 1249 924 1300 καὶ
989 1247 1195 1315 λέγων·
1235 1249 1396 1302 Μίαν
1432 1247 1759 1317 ᾐτησάμην
1796 1253 1957 1320 παρὰ
1997 1256 2242 1323 Κυρίου,
2283 1258 2510 1325 ταύτην
2547 1255 2811 1324 ζητήσω·
2853 1257 2920 1309 τὸ
2968 1256 3264 1310 κατοικεῖν
3297 1274 3373 1326 με

100 1349 182 1396 ἐν
206 1343 351 1408 οἴκῳ
377 1342 598 1410 Κυρίου
625 1341 828 1408 πάσας
858 1342 965 1410 τὰς
995 1342 1222 1412 ἡμέρας
1243 1343 1353 1413 τῆς
1379 1342 1527 1413 ζωῆς
1548 1362 1689 1414 μου,
1729 1345 1835 1399 τοῦ
1900 1350 2140 1418 θεωρεῖν
2193 1369 2270 1420 με
2303 1351 2415 1422 (14)
2446 1350 2560 1420 τὴν
2593 1351 2960 1419 τερπνότητα
2987 1351 3232 1418 Κυρίου,
3271 1351 3372 1403 καί

98 1437 582 1492 ἐπισκέπτεσθαι
605 1436 711 1491 τὸν
736 1437 890 1491 ναὸν
914 1438 1125 1492 αὐτοῦ.

183 1530 275 1583 12.
319 1531 466 1584 Ἁντί
501 1529 622 1584 τῶν
665 1531 936 1600 πατέρων
977 1547 1094 1588 σου
1142 1532 1559 1604 ἐγεννήθησαν
1585 1536 1695 1608 (15)

99 1627 163 1677 οἰ
206 1622 327 1677 υἱοί
365 1636 516 1678 σουο
557 1624 962 1692 καταστήσεις
1003 1626 1226 1693 αὐτοὺς
1261 1626 1557 1697 ἄρχοντας
1597 1629 1696 1683 ἐπὶ

99 1711 322 1768 πᾶσαν
339 1714 454 1784 τὴν
463 1713 596 1786 γῆν.
614 1717 829 1790 Ἐπειδὴ
848 1719 960 1772 ἀνω
981 1713 1325 1792 προσετάχθη
1350 1720 1696 1774 ἐπιλαθέσθαι

98 1803 206 1857 τοῦ
246 1804 396 1872 λαοῦ,
437 1807 532 1860 καὶ
569 1807 663 1861 τοῦ
692 1808 844 1863 οἴκου
891 1809 985 1863 τοῦ
1037 1813 1279 1884 πατρὸς,
1317 1813 1402 1876 εἰς
1428 1813 1695 1865 ἀντίδοσιν

98 1896 211 1966 τῆς
241 1898 490 1970 ὑπακοῆς
520 1898 617 1954 νῦν
653 1901 776 1955 ἀντὶ
802 1898 910 1955 τῶν
938 1902 1192 1974 πατέρων
1224 1903 1489 1975 λαμϐάνει
1523 1904 1694 1969 υἱοὺς,

95 1989 170 2039 ἐν
224 1989 564 2060 τηλικούτοις
613 1989 889 2062 ἀξιώμασι
933 1992 1364 2065 διαπρέποντας,
1409 1993 1551 2047 ὥστε
1592 2012 1694 2049 κα-

95 2080 377 2150 ταστῆναι
413 2081 524 2153 (16)
569 2083 769 2147 αὐτοὺς
821 2084 1119 2154 ἄρχοντας
1163 2086 1260 2140 ἐπὶ
1317 2086 1523 2141 πᾶσαν
1580 2085 1696 2155 τὴν

98 2169 248 2240 γῆν.
301 2171 455 2237 Τίνες
507 2170 604 2227 οὖν
647 2175 698 2228 οι
741 2175 848 2230 uici.
894 2177 990 2246 τῆς
1049 2177 1409 2249 Ἐκκλησίας;
1443 2180 1600 2232 Ἤτοι
1644 2182 1694 2233 ci

99 2263 219 2316 uici.
268 2264 361 2318 τοῦ
409 2259 766 2336 Εὑαγγελίου,
814 2269 864 2321 οἰ
897 2267 1079 2340 πάσης
1123 2269 1224 2339 τῆς
1268 2271 1372 2341 γῆς
1406 2269 1687 2342 ἄρξαντες.

100 2357 220 2422 Εἰς
256 2354 464 2410 πᾶσαν
490 2357 620 2431 γὰρ,
657 2359 812 2428 φησι,
840 2358 953 2429 τὴν
982 2360 1347 2430 οἰκουμένην
1377 2361 1632 2430 ἐξῆλθεν
1660 2365 1694 2415 ό

97 2449 375 2520 φθόγγος
402 2451 600 2506 αὐτῶν
617 2469 631 2482 ο
664 2453 786 2518 καὶ,
817 2453 1309 2522 Καθεσθήσονται
1335 2455 1434 2508 ἐπί
1463 2453 1694 2508 δώδεκα

100 2542 398 2610 θρόνους,
437 2545 536 2598 καί
588 2545 1016 2613 κρινοῦσι’τὰς
1057 2544 1285 2600 δώδεκα
1330 2545 1530 2614 φυλὰς
1585 2547 1692 2600 τοῦ

113 2634 397 2703 Ἰσραήλ.
451 2635 574 2689 Ἐὰν
618 2636 676 2689 δέ
727 2653 813 2700 τις
863 2639 1105 2709 πατέρας
1143 2638 1240 2708 τῆς
1285 2637 1503 2708 νύμφης
1554 2637 1694 2711 λάϐῃ

95 2723 241 2786 τοὺς
267 2724 633 2797 πατριάρχας,
675 2726 771 2780 καὶ
796 2726 968 2791 οὕτως
998 2729 1026 2780 ὁ
1052 2727 1208 2795 λόγος
1235 2727 1342 2782 τῶν
1379 2729 1693 2792 ἀποστόλων

97 2813 173 2865 οὐ
204 2813 504 2868 διαπίπτει.
543 2816 688 2870 Ἀντὶ
732 2815 842 2888 γὰρ
883 2817 1109 2871 ἐκείνων
1153 2818 1519 2887 ἐγεννήθησαν
1553 2819 1690 2888 αὐτῇ

96 2905 221 2957 υἱοὶ
260 2905 349 2959 διὰ
390 2906 485 2960 τοῦ
534 2907 806 2980 Χριστοῦ,
846 2911 894 2962 οἱ
953 2908 1232 2971 ποιοῦντες
1289 2908 1357 2962 τά
1405 2909 1542 2980 ἔργα
1597 2907 1690 2962 τοῦ

112 2995 409 3067 Ἀϐραάμο
456 2999 550 3052 καὶ
595 2998 682 3052 διὰ
725 2998 880 3052 τοῦτο
927 2999 1158 3070 ἰσότιμοι
1193 2999 1377 3063 αὐτοῖς
1419 3001 1691 3072 χρηματί-

1872 1537 1959 1592 12.
1986 1537 2150 1592 Vnus.
2178 1535 2265 1590 17.
2298 1534 2410 1588 Pro
2439 1533 2675 1603 patribus
2707 1533 2811 1586 tuis
2843 1533 2954 1586 nati
2985 1541 3104 1585 sunt
3127 1531 3227 1598 ﬁlii
3251 1531 3370 1583 tui:

1803 1630 2082 1684 constitues
2094 1644 2179 1682 eos
2192 1629 2448 1696 principes
2474 1642 2630 1694 super
2651 1642 2850 1680 omnem
2875 1635 3089 1678 terram.
3122 1625 3373 1690 Quando-

1801 1721 2017 1791 quidem
2061 1735 2225 1789 supra
2258 1730 2587 1789 praeceptum
2641 1727 2726 1773 est
2757 1719 2805 1773 ei
2853 1727 2911 1771 ut
2956 1718 3374 1772 oblivisceretur

1797 1814 1978 1884 populi
2013 1822 2067 1867 et
2097 1814 2289 1868 domus
2320 1812 2512 1882 patris,
2543 1811 2595 1865 in
2623 1809 2947 1865 obedientiae
2970 1809 3371 1864 remuneratio-

1797 1922 1918 1961 nem
1949 1921 2092 1960 nunc
2129 1922 2228 1973 pro
2254 1905 2502 1974 patribus
2530 1904 2731 1974 accipit
2761 1903 2901 1957 ﬁlios
2939 1903 3102 1956 tantis
3133 1902 3368 1970 dignita-

1794 1997 1942 2052 tibus
1994 1996 2308 2065 insignitas,
2369 2006 2426 2049 ut
2483 1995 2881 2050 constituantur
2926 1993 3186 2060 principes
3215 2008 3371 2058 super

1795 2102 1998 2140 onmem
2028 2094 2242 2138 terram.
2274 2085 2373 2152 Qui
2398 2095 2522 2139 sunt
2563 2085 2729 2154 igitur
2756 2083 3014 2137 Ecclesia:
3046 2083 3174 2136 ﬁlii?
3200 2081 3366 2136 Nimi-

1795 2193 1912 2231 rum
1946 2175 2220 2245 Evangelii
2261 2175 2380 2240 ﬁlii,
2429 2175 2522 2243 qui
2560 2173 2680 2228 orbi
2716 2173 2969 2228 universo
3005 2173 3364 2241 imperarunt.

1794 2267 1862 2322 In
1885 2282 2086 2321 omnem
2105 2267 2268 2329 enim,
2289 2267 2484 2336 inquit,
2511 2273 2704 2319 terram
2727 2265 2887 2317 exivit
2913 2279 3070 2317 sonus
3095 2279 3277 2316 eorum
3293 2262 3364 2330 “3

1793 2370 1868 2425 et,
1905 2358 2171 2414 Sedebant
2209 2375 2364 2426 super
2397 2358 2672 2411 duodecim
2703 2359 2938 2421 thronos,
2977 2367 3027 2410 et
3052 2357 3369 2425 judicabant

1793 2449 2068 2503 duodecim
2105 2450 2268 2502 tribus
2291 2447 2464 2502 Israel
2493 2449 2561 2504 ⁸⁵.
2596 2449 2652 2503 Si
2682 2449 2806 2518 quis
2837 2459 3018 2503 autem
3043 2463 3252 2519 sponsa:
3275 2464 3370 2517 pa-

1795 2550 1904 2596 tres
1933 2541 2195 2611 intelligat
2225 2542 2583 2610 patriarchas,
2611 2542 2683 2595 ita
2701 2555 2915 2611 quoque
2951 2540 3220 2594 intellecta
3248 2555 3371 2594 sen-

1793 2635 1963 2689 tentia
1997 2636 2065 2688 ab
2101 2635 2360 2703 apostolis
2390 2635 2565 2688 aliena
2590 2650 2694 2688 non
2723 2644 2824 2688 est.
2852 2633 2984 2688 Nam
3009 2648 3109 2702 pro
3132 2633 3236 2686 illis
3254 2635 3368 2687 nati

1794 2735 1916 2780 sunt
1941 2735 1994 2779 et
2025 2725 2231 2794 ﬁliiper
2251 2725 2544 2793 Christum,
2576 2725 2834 2780 facientes
2863 2741 3024 2794 opera
3048 2725 3283 2780 Abrahae
3298 2724 3366 2787 ⁸⁵,

1792 2823 1846 2868 et
1869 2815 1990 2868 ideo
2016 2828 2168 2881 aeque
2197 2814 2448 2868 honorati
2479 2829 2544 2867 ac
2577 2813 2700 2880 ipsi,
2730 2813 2873 2880 quod
2913 2815 3099 2866 eadem
3131 2821 3364 2881 egerunt

1795 2920 1917 2975 quae
1949 2905 2048 2969 illi,
2100 2905 2169 2959 ob
2206 2919 2326 2973 quae
2375 2904 2673 2958 honoribus
2715 2903 2926 2974 magnis
2972 2903 3173 2972 dignati
3236 2914 3365 2955 sunt

1793 3007 2000 3068 patres.
2024 2995 2306 3066 Principes
2329 3011 2458 3051 vero
2487 2996 2756 3050 universa:
2799 3005 2956 3049 terrae
2991 3003 3117 3048 sunt
3167 2995 3367 3056 sancti,

99 3087 302 3153 ζοντες
340 3088 476 3160 (17),
513 3092 578 3143 ἐκ
606 3090 698 3143 τοῦ
743 3090 1106 3161 πεποιηκέναι
1133 3090 1200 3144 τὰ
1245 3091 1386 3145 αὐτά
1432 3092 1686 3157 ἐκείνοις,

1800 3091 1864 3148 ob
1895 3105 2047 3146 suam
2071 3105 2192 3145 cum
2224 3089 2368 3144 bono
2397 3088 2874 3151 necessitudinem,
2934 3101 3058 3140 cum
3097 3086 3209 3154 ipsa
3239 3086 3366 3139 boni

97 3179 208 3249 ἀφ’
234 3173 309 3234 ὧν
349 3181 457 3236 τῶν
496 3181 744 3252 μεγάλων
777 3183 952 3254 τιμῶν
992 3183 1304 3256 ἠξιώθησαν
1344 3184 1394 3237 ci
1434 3185 1688 3254 πατέρες.

103 3274 411 3342 ’Δρχοντες
452 3273 633 3344 μέντοι
661 3275 799 3328 εἰσὶν
831 3274 1051 3346 ἀπάσης
1077 3277 1174 3346 τῆς
1214 3274 1320 3345 γῆς
1350 3276 1399 3328 οἱ
1427 3275 1572 3344 ἅγιοι
1601 3275 1690 3328 διὰ

97 3365 213 3434 τὴν
256 3364 391 3436 πρὸς
428 3366 490 3418 τὸ
530 3366 692 3421 καλὸν
723 3368 1020 3431 οίκείωσιν,
1061 3368 1230 3438 αὐτῆς
1265 3367 1367 3437 τῆς
1395 3367 1488 3420 τοῦ
1525 3367 1690 3421 καλοῦ

100 3457 333 3527 φύσεως
369 3457 740 3530 περιτιθείσης
773 3460 958 3524 αὐτοῖς
1007 3459 1068 3512 τὸ
1114 3463 1402 3530 πρωτεῖον,
1443 3459 1516 3522 ὼς
1546 3476 1695 3530 περι-

99 3546 280 3616 έθηκε
306 3545 383 3617 τῷ
419 3545 612 3600 Ἰακὼϐ
643 3548 741 3618 τὴν
781 3547 923 3601 κατά
951 3547 1045 3600 τοῦ
1081 3546 1248 3600 Ἠσαῦ
1293 3547 1562 3615 ἐξουσίαν.
1590 3548 1694 3601 Γί-

99 3655 225 3691 νου
261 3637 393 3708 γὰρ,
427 3639 580 3711 φησὶ,
621 3640 826 3708 κύριος
864 3639 971 3693 τοῦ
1009 3638 1276 3709 ἀδελφοῦ
1317 3657 1453 3695 σου.
1480 3642 1542 3694 Oi
1579 3640 1692 3692 τοί--

99 3744 205 3779 νυν
239 3727 471 3798 ἰσότιμοι
513 3730 624 3791 τοῖς
665 3729 902 3799 πατράσι
951 3730 1231 3800 γενόμενοι
1276 3730 1407 3800 (18),
1453 3730 1547 3784 καὶ
1593 3729 1691 3801 τὴν

101 3818 258 3872 κατά
289 3819 506 3874 πάντων
533 3820 807 3892 ὑπεροχὴν
841 3820 930 3874 διὰ
955 3822 1056 3893 τὴν
1088 3823 1187 3892 τῆς
1216 3823 1416 3892 ἀρετῆς
1459 3821 1691 3893 ἄσκησιν

99 3905 545 3977 προσλαϐόντες,
585 3909 680 3962 καὶ
719 3909 825 3962 υἱοὶ
854 3910 955 3977 τῆς
1005 3909 1242 3981 Χριστοῦ
1287 3909 1504 3981 νύμφης
1551 3911 1686 3977 εἰσὶ,

98 3995 222 4049 καὶ.
257 3995 410 4066 παρά
441 4000 541 4068 τῆς
593 3997 729 4061 ἰδίας
779 3999 981 4069 μητρὸς
1032 3998 1384 4053 καθίστανται
1431 3999 1689 4069 ἄρχοντες

99 4087 205 4139 ἐπὶ
241 4088 422 4141 πᾶσαν
461 4089 560 4158 τὴν
592 4088 717 4158 γῆν.
746 4089 946 4142 Σκόπει
973 4089 1030 4142 δέ
1065 4106 1155 4160 μοι
1182 4088 1278 4161 τὴν
1316 4087 1561 4155 ἐξουσίαν
1589 4090 1689 4160 τῆς

103 4178 408 4248 βασιλίδος,
447 4181 546 4250 ὅση
584 4197 669 4244 τις
707 4180 795 4233 ἐπ’
837 4181 1006 4251 αὐτῆς
1039 4181 1190 4234 ἐστι·
1227 4183 1550 4252 χειροτονεῖν
1591 4183 1691 4255 άρ-

99 4288 311 4341 χοντας
336 4272 428 4324 ἐπὶ
462 4273 642 4326 πᾶσαν
674 4272 770 4343 τὴν
796 4273 919 4344 γῆν.
949 4272 1388 4342 Μνησθήσομαι
1411 4275 1518 4328 τοῦ
1558 4275 1690 4328 όνό-
1727 4268 1748 4289 “’

93 4364 301 4431 ματός
335 4380 450 4418 σου
485 4365 554 4418 ἐν
589 4363 755 4434 πάσῃ
793 4361 970 4434 γενεᾷ
996 4364 1095 4418 καὶ
1140 4364 1336 4434 γενεᾷ.
1367 4365 1472 4418 Διὰ
1513 4368 1688 4421 τοῦτο

1797 3192 1994 3240 natura
2021 3182 2101 3238 eis
2136 3182 2501 3253 principatum
2555 3182 2781 3246 tribuat,
2821 3179 3188 3235 sicutlaccbo
3216 3189 3368 3248 pote-

1797 3282 1992 3330 statem
2029 3273 2082 3328 in
2116 3274 2292 3343 ipsum
2324 3273 2464 3328 Esau
2496 3274 2744 3343 praebuit.
2801 3271 2932 3326 Fias
2961 3273 3128 3335 enim,
3172 3272 3366 3340 inquit,

1797 3364 2042 3417 dominus
2068 3362 2251 3432 fratris
2279 3364 2356 3420 tui
2379 3363 2446 3417 ⁸⁷.
2478 3362 2797 3430 Quicunque
2832 3363 2998 3432 igitur
3027 3362 3238 3418 honore
3269 3379 3366 3433 pa-

1798 3456 1971 3511 tribus
2007 3469 2166 3526 pares
2188 3454 2318 3510 facti
2349 3463 2494 3521 sunt,
2533 3465 2699 3524 atque
2724 3471 2820 3525 per
2847 3455 3062 3510 virtutis
3096 3457 3366 3509 exercita.

1798 3546 2001 3602 tionem
2029 3545 2280 3601 omnibus
2309 3546 2705 3614 praastiterunt,
2741 3557 2795 3600 et
2824 3546 2918 3600 ﬁlii
2962 3561 3174 3614 Sponsae
3200 3546 3364 3600 Chri-

1797 3639 1868 3694 sti
1896 3645 2046 3704 sunt,
2070 3646 2125 3693 et
2145 3652 2175 3690 a
2207 3637 2424 3708 propria
2448 3647 2622 3692 matre
2644 3637 2920 3706 principes
2960 3651 3122 3705 super
3148 3651 3366 3692 omnem

1797 3735 2003 3782 terram
2066 3727 2490 3782 constituuntur.
2561 3725 2736 3781 Velim
2794 3735 2977 3779 autem
3052 3727 3368 3781 consideres

1797 3829 2000 3890 quanta
2025 3821 2095 3875 sit
2129 3821 2330 3889 reginae
2351 3827 2615 3890 potestas,
2644 3820 2725 3874 sic
2755 3827 2814 3874 ut
2835 3827 2983 3874 creet
3016 3834 3080 3873 ac
3102 3819 3368 3888 praeﬁciat

1797 3912 2072 3983 principes
2101 3927 2263 3983 super
2291 3927 2504 3966 omnem
2558 3920 2780 3966 terram.
2829 3910 2992 3966 Vens.
3035 3911 3117 3967 18.
3158 3910 3369 3964 Memor

1795 4019 1886 4057 ero
1919 4005 2144 4058 nominis
2174 4006 2251 4057 tui
2290 4005 2345 4057 in
2393 4005 2536 4058 omni
2565 4005 2896 4074 generatione
2934 4012 2985 4057 et
3009 4006 3366 4072 generatione.

1797 4091 2085 4162 Propterea
2112 4093 2295 4164 populi
2325 4095 2714 4164 conﬁtebuntur
2739 4095 2836 4148 tibi
2874 4096 2932 4148 in
2960 4093 3211 4149 saeculum
3238 4103 3285 4147 et
3311 4094 3368 4150 in

1794 4183 2047 4237 circulum
2091 4185 2296 4238 sazculi.
2323 4183 2454 4240 Post
2501 4186 2686 4240 omnia
2737 4195 2991 4254 tanquam
3017 4199 3085 4240 ex
3112 4185 3369 4239 Ecclesiae

1795 4291 2024 4344 persona
2052 4277 2251 4331 dictum
2280 4286 2365 4332 est
2397 4276 2548 4345 illud,
2583 4277 2788 4331 Memor
2821 4293 2911 4331 ero
2948 4277 3174 4330 nominis
3212 4277 3289 4328 tui
3313 4276 3366 4328 in

1795 4368 1937 4421 omni
1970 4369 2301 4437 generatione
2323 4378 2369 4422 et
2403 4370 2757 4438 generatione.
2783 4370 2913 4436 Qua:
2943 4379 3120 4424 autem
3147 4378 3232 4424 est
3252 4368 3369 4424 hac

98 4457 248 4509 λαοί
289 4456 837 4528 ἐξομολογήσονταί
864 4471 963 4510 σοι
987 4459 1074 4522 εἰς
1099 4455 1206 4510 τὸν
1237 4456 1422 4512 αἰῶνα
1459 4457 1557 4512 καί
1594 4461 1686 4525 εἰς

1800 4458 2048 4513 Ecclesia:
2077 4460 2377 4514 memoria?
2403 4461 2684 4517 Confessio
2710 4463 3050 4533 populorum.
3191 4533 3193 4535 ι

99 4549 220 4603 τὸν
259 4545 445 4601 αἰῶνα
473 4547 578 4600 τοῦ
614 4546 846 4613 αἰῶνος.
881 4547 1004 4602 Ἐπὶ
1037 4549 1202 4601 πᾶσιν
1235 4549 1311 4612 ὡς
1341 4549 1407 4602 ἐκ
1443 4549 1738 4620 προσώπου
1784 4552 1884 4620 τῆς
1917 4551 2240 4623 Ἐκκλησίας
2264 4555 2292 4606 ὁ
2329 4553 2484 4622 λόγος
2523 4555 2756 4626 εἴρηται,
2803 4556 2884 4608 ὅτι
2927 4552 3369 4622 Μνησθήσομαι

97 4640 217 4694 τοῦ
255 4639 547 4710 ὀνόματός
581 4652 697 4693 σου
725 4639 794 4692 ἐν
825 4637 993 4709 πάσῃ
1023 4637 1202 4709 γενεᾷ
1232 4639 1330 4694 καί
1369 4639 1564 4709 γενεᾷ.
1595 4641 1689 4705 Τίς
1729 4641 1786 4695 δέ
1827 4645 1974 4697 ἐστιν
2012 4646 2045 4714 ἡ
2090 4643 2196 4714 τῆς
2230 4644 2554 4716 Ἑκκλησίας
2613 4647 2837 4719 μνήμη;
2872 4647 2937 4700 Ἡ
2983 4647 3368 4718 ἐξομολόγησις

98 4735 220 4790 τῶν
251 4734 420 4789 λαῶν.

178 4892 404 4946 "Psal.
456 4908 603 4958 xxvr,
657 4892 712 4946 4.
790 4892 838 4924 ³⁵
892 4890 1040 4947 Psal.
1091 4906 1251 4957 xvur,
1287 4891 1342 4946 5.

183 5037 426 5114 (15)Ῡὶ1·
456 5039 673 5114 quidem
710 5037 1080 5114 doctissimus,
1109 5044 1251 5114 teste
1298 5035 1517 5114 Ducam,
1550 5048 1682 5114 con-

95 5105 317 5177 iecerat
347 5110 418 5162 ita
447 5105 840 5162 emendandum
875 5121 1017 5171 esse,
1048 5106 1139 5158 ἐπὶ
1171 5106 1230 5158 τὸ
1259 5105 1469 5177 τοιοῦτο
1493 5105 1687 5177 κατόρ-

101 5175 277 5251 θωμα
307 5178 580 5251 χωρορσαι
610 5178 750 5251 '_sed
783 5178 1016 5251 Ducreus.
1037 5179 1152 5244 ipse
1191 5175 1463 5251 vulgatam
1495 5175 1685 5251 lectio-

101 5244 258 5312 nem,
289 5244 490 5318 sane
515 5247 740 5316 τοιούτῳ
782 5244 1166 5318 κατορθώματι
1198 5244 1508 5318 χαίρουσαι,
1554 5246 1686 5318 reti—

101 5321 347 5374 nendam
378 5313 612 5379 censuit,
649 5313 723 5371 ad
767 5313 933 5386 idque
969 5313 1311 5386 probandum
1370 5313 1684 5386 testimonio

99 5391 321 5445 codicis
351 5388 491 5442 Oliv.
519 5403 647 5440 usus
683 5395 768 5440 est
801 5383 918 5440 :cni
944 5386 1114 5439 codici
1149 5385 1270 5438 addi
1295 5393 1520 5453 possunt
1544 5383 1679 5453 Reg.

99 5469 363 5529 quartus,
405 5457 847 5529 Colhasertnsdet
881 5455 969 5508 alii
1001 5455 1266 5529 nonnulli.

185 5527 300 5599 (Η)
327 5527 418 5585 Sic
450 5527 616 5584 editio
653 5527 815 5582 Basil.
861 5536 916 5582 et
957 5541 1083 5582 mss.
1118 5525 1381 5596 quinque.
1415 5525 1573 5582 Deest
1613 5538 1680 5594 με

1416 4891 1462 4924 ⁸⁸
1492 4889 1682 4945 Matth.
1712 4905 1826 4955 nx,
1851 4890 1942 4945 28.

2048 4889 2274 4944 "Joan.
2321 4906 2439 4958 γιιι,
2469 4892 2537 4947 39
2633 4891 2678 4922 ⁸⁷
2729 4891 3059 4956 Gen.xxvn,
3091 4893 3182 4948 29.

1791 5035 1847 5106 in
1877 5034 2117 5106 editione
2140 5035 2331 5106 Paris.
2365 5034 2567 5091 ibidem
2620 5033 2754 5106 Reg.
2795 5035 3066 5092 secundus
3099 5030 3191 5088 τὸν
3239 5030 3367 5087 ναὸν

1789 5103 1881 5157 τὸν
1914 5105 2068 5174 ἀγιον
2089 5104 2276 5159 αὐτοῦ.

1865 5173 1977 5246 (15)
2012 5176 2238 5246 {lodices
2261 5184 2370 5229 tres
2393 5174 2750 5246 ἐγενήθησαν,
2767 5173 2918 5246 facti
2941 5181 3083 5246 sunt.

1893 5177 1955 5229 15
2012 5177 2238 5230 Codices
2261 5184 2370 5229 tres
2393 5177 2750 5246 ἐγενήθησαν,
2788 5177 2918 5244 facti
2941 5181 3083 5227 sunt.

1889 5177 1978 5316 16)
2010 5245 2101 5300 Sic
2133 5261 2263 5316 mss.
2292 5247 2554 5315 quinque.
2579 5246 2718 5299 Editi
2749 5244 2825 5307 ὡς
2861 5244 3224 5313 καταστῆναι.

1889 5252 1978 5316 16)
2010 5252 2101 5300 Sic
2133 5261 2263 5300 mss.
2292 5252 2554 5315 quinque.
2579 5252 2718 5299 Editi
2749 5252 2825 5307 ως
2861 5252 3224 5313 καταστῆναι.

1860 5252 1976 5384 in)
2011 5315 2101 5369 Sic
2135 5314 2284 5384 Regii
2318 5318 2611 5378 secundus,
2641 5318 2834 5368 tertius
2879 5324 2934 5367 et
2969 5324 3195 5382 quartus
3240 5327 3365 5369 cum

1787 5383 2114 5467 Colbierti‘nis
2139 5383 2313 5467 primo
2344 5396 2397 5438 et
2429 5385 2780 5467 sextarEtliti
2801 5383 3254 5467 χρηματίζουσιν.

1863 5455 1973 5526 (18)
2016 5455 2108 5511 Sic
2132 5464 2363 5525 quatuor
2397 5470 2528 5511 mss.
2555 5457 2626 5510 At
2654 5455 2781 5511 editi
2813 5455 3115 5524 γινόμενοι.
