3818 6220
427 334 534 390 415

1743 324 1801 383 S.
1844 322 2090 377 BASlLll
2133 321 2348 377 MAGNI

3620 325 3717 379 Ηιὶ

439 463 3698 492 _______—_—_.._______..——_——————————-———-—-——————-————————

766 549 771 554 ⁷
821 569 980 639 17o
1006 566 1070 621 IN
1101 566 1430 622 PSALMUM
1461 565 1620 620 xcv.

532 688 599 741 In
620 688 779 757 ﬁnem
808 703 902 756 pro
932 686 1060 755 ﬁliis
1088 684 1219 739 Core
1241 700 1261 737 :
1295 700 1388 752 pro
1411 683 1620 736 arcanis
1646 681 1900 751 psalmus.

502 821 557 877 1.
614 818 963 889 Prophetiam
1018 819 1087 874 de
1136 817 1300 873 rebus
1342 831 1461 887 qua:
1494 816 1545 870 in
1594 814 1702 870 fine
1735 823 2008 869 eventura:

429 922 580 976 sunt,
622 913 905 966 continere
931 911 1061 965 mihi
1096 911 1314 965 videtur
1347 910 1435 963 bic
1462 908 1723 977 psalmus.
1745 906 1916 974 Quem
1945 906 2009 960 fi-

427 1020 553 1060 nem
589 1006 814 1059 intuitus
847 1006 1013 1058 etiam
1049 1003 1267 1069 Paulus,
1300 1002 1471 1056 dicit:
1498 1001 1697 1055 Deinde
1716 1001 1862 1069 ﬁnis,
1888 1015 2007 1053 cum

427 1096 711 1151 tradiderit
772 1113 995 1167 regnum
1050 1096 1159 1149 Deo
1215 1106 1263 1150 et
1315 1093 1470 1147 Patri
1516 1094 1582 1147 ⁸⁸.
1615 1094 1724 1146 Aut
1751 1092 2007 1162 quoniam

429 1185 675 1239 actiones
726 1196 925 1239 nostrae
957 1185 1233 1239 deducunt
1272 1198 1371 1238 nos
1413 1184 1481 1238 ad
1532 1182 1717 1250 finem,
1752 1197 2010 1252 unaquae-

427 1290 535 1344 que
563 1277 628 1329 ad
662 1276 939 1345 proprium
969 1276 1073 1329 sibi
1111 1275 1248 1345 ipsi;
1280 1275 1487 1329 idcirco
1514 1274 1658 1331 bona
1686 1276 1905 1345 quidem
1942 1275 2009 1329 ad

428 1366 848 1431 beatitudinem,
878 1366 1016 1419 mala
1040 1381 1169 1421 vero
1194 1366 1258 1419 ad
1277 1376 1537 1421 aeternam
1564 1366 2007 1421 damnationem:

430 1459 769 1528 etquoniam
805 1460 1035 1514 consilia
1072 1474 1102 1514 a
1152 1458 1359 1528 Spiritu
1401 1460 1456 1514 in
1514 1459 1615 1514 hoc
1645 1460 1859 1527 psalmo
1892 1470 2009 1514 tra-

428 1550 565 1613 dita,
591 1552 1031 1620 obtemperantes
1061 1553 1129 1606 ad
1154 1554 1355 1608 bonum
1384 1552 1545 1607 finem
1576 1552 1877 1618 deducunt;
1910 1553 2008 1607 hac

430 1644 497 1698 de
528 1657 690 1698 causa
722 1644 1018 1717 inscriptus
1059 1656 1163 1713 est,
1211 1644 1279 1699 In
1310 1646 1492 1715 ﬁnem,
1524 1646 1670 1715 quod
1700 1644 1817 1712 ejus
1850 1646 2013 1700 docu-

431 1745 611 1789 menta
661 1736 729 1790 ad
783 1737 999 1791 beatum
1025 1738 1276 1793 humana:
1319 1738 1447 1792 vita:
1480 1737 1645 1793 ﬁnem
1678 1737 2004 1793 referantur.

430 1823 539 1879 Pro
568 1827 695 1893 ﬁliis
730 1826 883 1885 Core.
908 1828 1079 1884 Filius
1100 1840 1278 1884 autem
1305 1829 1448 1885 Core
1498 1830 1678 1885 dictus
1706 1838 1792 1884 est
1837 1836 1892 1883 et
1920 1829 2009 1883 hic

2501 562 2611 614 ΕΙΣ
2647 560 2788 616 TON
2827 563 2940 616 ME'
2979 564 3297 619 ΨΑΛΜΟΝ.

2108 655 2216 721 Εἰς
2256 654 2324 708 τὸ
2373 653 2549 720 τέλος
2590 654 2741 721 ὑπὲρ
2789 653 2906 707 τῶν
2956 654 3104 709 υἱῶν
3151 657 3329 726 Κυρέ·
3366 658 3533 727 ὑπὲρ
3594 655 3721 711 τῶν

2622 727 2891 794 κρυφίων
2936 730 3199 796 mande.

2180 818 2231 871 1.
2264 817 2609 887 Προφητείαν
2651 836 2741 889 μοι
2770 819 2915 872 δοκεῖ
2941 821 3216 890 περιέχειν
3247 823 3275 874 6
3311 819 3537 892 ψαλμὸς
3580 823 3718 891 περὶ

2108 910 2219 963 τῶν
2246 911 2388 964 κατὰ
2415 912 2475 964 τὸ
2502 911 2673 976 τέλος.
2702 913 2880 983 Ὅπερ
2908 913 3061 977 τέλος
3090 913 3246 978 εἰδὼς
3272 916 3366 969 καὶ
3392 918 3425 968 6
3466 916 3715 981 Παῦλος,

2111 1002 2308 1073 φησίν·
2362 1000 2509 1057 Εἶτα
2562 1004 2627 1057 τὸ
2680 1004 2887 1070 τέλος,
2931 1005 3076 1060 ὅταν
3116 1008 3361 1077 παραδῷ
3410 1011 3532 1080 (19)
3598 1012 3716 1077 τὴν

2104 1094 2435 1157 ,βασιλείαν
2461 1095 2541 1160 τῷ
2568 1095 2690 1161 Θεῷ
2716 1098 2812 1150 καὶ
2841 1100 3045 1167 Πατρί.
3076 1100 3146 1152 Ἦ
3175 1102 3359 1172 ἐπειδὴ
3386 1104 3447 1154 αἱ
3474 1104 3717 1173 πράξεις

2111 1185 2268 1256 ἡμῶν
2312 1188 2619 1256 ἀπάγουσιν
2667 1190 2815 1259 ἡμᾶς
2862 1190 2997 1261 πρὸς
3048 1191 3111 1244 τὺ
3158 1192 3330 1257 τέλος,
3378 1195 3601 1265 ἑκάστη
3655 1196 3716 1246 τὸ

2110 1275 2307 1325 οίκεῖον
2346 1275 2533 1345 ἑαυτῇ,
2562 1276 2594 1344 ἡ
2629 1276 2728 1345 μὲν
2758 1276 2946 1348 ,ἀγαθὴ
2982 1277 3119 1347 πρὸς
3146 1278 3245 1349 τὴν
3291 1281 3715 1352 μακαριότητα,

2111 1365 2145 1435 ἡ
2192 1366 2250 1418 δὲ
2288 1366 2464 1438 φαύλη
2520 1366 2657 1439 πρὸς
2707 1368 2806 1440 τὴν
2851 1370 3076 1423 αἰωνίαν
3136 1371 3501 1443 κατάκρισιν·
3538 1376 3600 1426 αξ
3660 1374 3715 1425 δὲ

2113 1457 2263 1529 παρὰ
2288 1457 2382 1511 τοῦ
2422 1458 2740 1530 Πνεύματος
2774 1461 2834 1512 ἐν
2866 1460 2945 1530 τῷ
2993 1460 3195 1532 ψαλμῷ
3237 1463 3415 1534 τούτῳ
3470 1464 3715 1535 παραδι-

2111 1546 2332 1619 δόμεναι
2369 1549 2481 1620 (20)
2528 1549 2832 1620 συμϐουλαὶ
2875 1550 3013 1621 πρὸς
3057 1553 3118 1605 τὸ
3157 1553 3359 1621 ἀγαθὸν
3389 1555 3557 1617 τέλος
3608 1556 3714 1607 ἁπ-

2113 1637 2307 1706 άγουσι
2350 1640 2477 1703 τοὺς
2511 1640 2895 1710 πειθομένους·
2932 1641 3124 1696 τούτου
3165 1644 3350 1697 ἕνεκεν
3400 1646 3715 1715 ἐπιγέγρα-

2112 1746 2243 1781 πται
2271 1733 2374 1795 Είς
2399 1730 2466 1784 τὸ
2499 1730 2703 1798 τέλος·
2732 1733 2813 1796 ὡς
2840 1732 2944 1803 τῆς
2980 1734 3259 1805 ἀναφορᾶς
3298 1735 3407 1788 τῶν
3433 1736 3715 1806 διδαγμά-

2112 1840 2220 1875 των
2262 1825 2355 1877 ἐπὶ
2389 1825 2451 1878 τὸ
2494 1825 2762 1897 μακάριον
2810 1826 2963 1889 τέλος
3008 1828 3108 1898 τῆς
3150 1827 3508 1899 ἀνθρωπίνης
3560 1828 3712 1897 ζωῆς

429 1918 702 1989 psalmus,
737 1935 875 1989 quos
911 1921 1148 1992 Spiritus
1200 1932 1421 1977 sanctus
1476 1922 1596 1976 ideo
1630 1936 1735 1975 non
1772 1920 2003 1987 dividit,

2133 1918 2483 1988 ιπαρχούσης.
2527 1918 2709 1985 ’Υπὲρ
2736 1917 2857 1971 τῶν
2890 1918 3038 1973 υἱῶν
3078 1920 3249 1989 Κρρέ.
3285 1923 3413 1986 Τοῖς
3456 1923 3519 1977 δὲ
3573 1927 3711 1987 υίοῖς

429 2010 572 2079 quod
598 2011 742 2066 velut
772 2027 880 2066 una
917 2014 1095 2066 anima
1138 2022 1193 2067 et
1224 2029 1329 2067 una
1360 2027 1493 2068 voce
1528 2028 1651 2067 cum
1684 2012 1830 2066 omni
1867 2014 2009 2066 inter

430 2116 491 2158 se
519 2105 810 2158 concordia
841 2118 1123 2159 sermones
1171 2104 1521 2174 propheticus
1567 2104 1893 2168 emiserunt,
1926 2104 2010 2158 ni-

432 2194 510 2248 bil
533 2196 828 2264 quidquam
859 2196 966 2249 alio
984 2205 1183 2265 praeter
1200 2196 1335 2249 alios
1359 2196 1721 2259 vaticinante,
1755 2198 1850 2250 sed
1883 2211 2011 2265 pro-

431 2288 651 2355 phetico
684 2288 826 2342 dono
854 2288 1139 2357 :equaliter
1193 2289 1273 2342 eis
1309 2302 1599 2352 concesso,
1644 2289 1711 2341 ob
1745 2288 2007 2356 aequalem

432 2378 671 2447 ipsorum
724 2379 866 2431 inter
894 2392 952 2432 se
1008 2378 1061 2432 in
1108 2377 1248 2431 bona
1282 2376 1561 2431 allectum.
1597 2378 1864 2432 Caeterum
1901 2378 2009 2432 Pro

435 2469 647 2523 arcanis
682 2469 858 2524 dictus
894 2477 979 2523 est
1014 2470 1293 2537 psalmus;
1354 2469 1406 2523 id
1452 2478 1559 2534 est,
1608 2485 1707 2539 pro
1737 2470 2005 2539 occultis,

430 2570 486 2615 et
516 2562 811 2616 reconditis
848 2562 899 2615 in
932 2562 1219 2632 mysterio.
1262 2560 1559 2631 Postquam
1598 2572 1781 2616 autem
1824 2563 2011 2633 singu-

429 2653 513 2706 las
562 2651 722 2721 hujus
769 2652 962 2721 psalmi
1020 2654 1323 2708 sententias
1385 2653 1675 2723 attigeris,
1714 2656 2008 2709 verborum

429 2760 631 2799 arcana
680 2746 978 2811 docebere;
1007 2760 1069 2800 ac
1104 2746 1285 2800 disces
1314 2760 1418 2800 non
1458 2745 1698 2813 cujusvis
1733 2760 1853 2801 esse
1883 2762 2011 2817 my-

428 2838 595 2893 steria
624 2837 807 2892 divina
838 2837 1222 2908 contemplari,
1258 2838 1353 2892 sed
1383 2837 1502 2906 ejus
1542 2840 1735 2906 solius,
1785 2839 1877 2909 qui
1907 2841 2011 2893 im-

432 2929 615 2998 plendi
657 2929 911 2999 promissi
959 2944 1227 2999 organum
1279 2930 1611 2984 concinnum
1658 2931 1775 2985 fleri
1816 2932 2008 3000 possit,

431 3024 511 3078 sic
552 3030 612 3076 ut
641 3023 883 3093 psalterii
908 3022 1027 3076 loco
1058 3020 1239 3075 anima
1269 3020 1414 3074 illius
1450 3030 1738 3076 moveatur
1768 3021 1835 3076 ab
1878 3036 2009 3090 ope-

431 3122 590 3167 rante
624 3114 677 3167 in
709 3114 826 3181 ipsa
866 3110 1072 3181 Spiritu
1106 3121 1321 3166 sancto.
1351 3108 1516 3165 Vens.
1565 3110 1623 3164 2.
1666 3111 1808 3168 Deus
1836 3123 2012 3166 noster

430 3206 692 3275 refugium
726 3215 774 3259 et
807 3206 993 3267 virtus,
1035 3204 1253 3273 adjutm'
1294 3207 1350 3259 in
1400 3205 1860 3271 tribulationibus,
1892 3222 2010 3276 qua:

2110 2008 2254 2078 Κορὲ
2288 2011 2381 2063 καὶ
2423 2002 2578 2074 οὗτος
2628 2012 2842 2082 εἴρηται
2872 2015 2900 2065 6
2924 2012 3155 2085 ψαλμὺς,
3182 2014 3275 2077 οὓς
3310 2016 3372 2067 ού
3410 2014 3626 2087 διαιρεῖ
3654 2020 3711 2071 τὸ

2110 2096 2339 2169 Πνεῦμα
2373 2100 2434 2151 τὸ
2465 2099 2639 2167 ἆγιον,
2685 2099 2818 2153 διότι
2871 2100 3060 2173 ὥσπερ
3118 2106 3217 2174 μιᾷ
3263 2104 3412 2175 ψυχῇ
3474 2109 3575 2161 καὶ
3611 2111 3710 2178 μιᾷ

2110 2192 2259 2261 φωνῇ
2316 2191 2453 2261 μετά
2512 2193 2694 2264 πάσης
2737 2194 2837 2263 τῆς
2882 2195 3021 2265 πρὸς
3066 2196 3331 2268 ἀλλήλους
3377 2204 3711 2269 συμφωνίας

2107 2282 2235 2343 τοὺς
2267 2284 2639 2352 προφητικοὺς
2674 2284 2864 2351 λόγους
2901 2286 3150 2357 προΐεντο
3194 2287 3343 2358 (21)·
3396 2292 3577 2361 μηδὲν
3618 2293 3710 2345 τοῦ

2109 2370 2297 2440 ἐτέρου
2330 2371 2507 2424 αὐτῶν
2552 2372 2705 2443 παρὰ
2751 2375 2877 2436 τοὺς
2923 2373 3142 2437 λοιποὺς
3179 2380 3709 2448 προφητεύσαντος,

2107 2462 2223 2515 ἀλλ’
2252 2461 2366 2514 ἴσου
2409 2464 2593 2526 αὐτοῖς
2630 2463 2724 2517 τοῦ
2755 2466 3095 2537 «poematum?
3139 2469 3492 2539 χαρίσματος
3538 2473 3714 2546 δωρη-

2111 2553 2294 2617 θέντος
2333 2554 2422 2607 διά
2467 2556 2528 2608 τὸ
2574 2555 2689 2609 ἴσον
2730 2558 3054 2629 αὐτῶν-τῆς
3108 2561 3245 2631 πρὸς
3302 2563 3583 2635 ἀλλήλους
3636 2569 3713 2630 εἰς

2108 2647 2178 2701 τά
2210 2647 2353 2701 καλά
2394 2648 2707 2712 διαθέσεως.
2742 2649 2924 2719 ’Υπὲρ
2965 2651 3023 2704 δέ
3064 2650 3186 2705 τῶν
3230 2656 3515 2723 κρυφίων
3566 2658 3715 2728 εἴρη-

2106 2757 2198 2793 ται
2246 2742 2275 2793 6
2322 2740 2567 2812 ψαλμός⁶
2615 2742 2929 2808 τουτέστιν,
2984 2744 3125 2815 ὑπὲρ
3177 2746 3563 2817 ἀπορρήτων,
3626 2752 3714 2804 καὶ

2108 2831 2218 2885 τῶν
2247 2834 2305 2886 ἐν
2338 2834 2623 2905 μυστηρίῳ
2648 2835 3068 2906 κεκρυμμένων.
3098 2838 3403 2909 Γενόμενος
3429 2841 3495 2893 δὲ
3520 2844 3582 2895 ἐν
3610 2848 3715 2905 1-07.;

2109 2924 2252 2977 κατὰ
2286 2925 2451 2996 μέρος
2485 2929 2673 2997 ῥητοῖς
2704 2927 2798 2980 τοῦ
2825 2928 3065 3000 ψαλμοῦ,
3113 2931 3337 3004 μαθήσῃ
3366 2933 3431 2987 τὸ
3474 2951 3715 3006 κεκρυμ-

2113 3013 2274 3084 μένον
2321 3015 2431 3068 τῶν
2462 3015 2636 3083 λόγων
2657 3034 2669 3045 ·
2705 3017 2801 3069 καὶ
2834 3020 2915 3070 ὃτι
2941 3019 3003 3071 οὐ
3034 3019 3128 3072 τοῦ
3154 3021 3415 3090 τυχόντος
3449 3024 3609 3076 ἐστὶν
3634 3028 3709 3077 ἐν·

2112 3104 2241 3157 ιδεϊν
2268 3106 2380 3168 τοῖς
2409 3105 2576 3168 θείοις
2620 3107 2957 3177 μυστηρίοις,
2986 3108 3018 3178 ἢ
3051 3109 3213 3179 μόνου
3248 3110 3366 3179 (22)
3408 3112 3515 3164 τοῦ
3560 3113 3712 3165 δυνα-

2113 3195 2275 3267 μένου
2315 3196 2570 3264 γενέσθαι
2598 3198 2699 3268 τῆς
2726 3200 3056 3267 ἐπαγγελίας
3084 3203 3409 3271 ἐναρμόνιον
3456 3205 3711 3278 ὄργανον,

430 3300 738 3353 invenerunt
770 3314 862 3350 nos
882 3296 1058 3349 nimis.
1088 3296 1309 3351 Auxilio
1335 3296 1506 3351 multo
1530 3309 1666 3365 opus
1692 3306 1773 3351 est
1803 3298 2006 3352 homini

2133 3288 2256 3341 ἷιστε
2304 3290 2424 3342 ἀντὶ
2468 3289 2770 3359 ψαλτηρίου
2820 3293 3081 3345 κινεῖσθαι
3145 3294 3313 3347 αὑτοῦ
3362 3297 3471 3368 τὴν
3537 3299 3715 3369 ψυχὴ-ο

429 3393 601 3456 omni,
638 3391 709 3447 ob
749 3390 968 3445 insitam
1029 3390 1078 3443 ei
1141 3399 1339 3445 natura
1376 3390 1795 3445 infirmitatem:
1832 3391 2007 3460 siqui-

430 3486 553 3540 dem
594 3483 778 3538 multa:
798 3484 846 3537 ei
889 3481 1149 3537 molestia:
1178 3498 1541 3553 aerumna'que
1570 3484 1845 3538 accidunt.
1873 3483 2009 3537 Dum

430 3579 598 3647 igitur
624 3577 691 3632 de
720 3578 977 3632 omnibus
1025 3574 1431 3631 calamitatibus
1480 3577 1752 3647 refugium
1788 3578 2007 3646 quaerit,

428 3668 587 3738 quasi
639 3668 707 3722 ad
762 3675 936 3721 tutum
994 3664 1171 3719 locum
1220 3666 1525 3735 aufugiens,
1580 3666 1663 3719 vel
1689 3664 1755 3718 ad
1790 3676 2007 3719 acutum

428 3760 723 3830 quemdam
751 3759 1017 3813 verticem
1054 3758 1180 3813 forti
1217 3772 1375 3813 muro
1420 3758 1846 3824 circumseptum
1890 3770 2010 3812 sese

429 3854 721 3923 recipiens,
758 3862 983 3923 propter
1032 3853 1269 3907 hostium
1322 3852 1631 3914 incursum,
1670 3850 1744 3903 ita
1789 3850 2007 3903 demum

427 3946 494 3999 ad
527 3945 693 3999 Deum
737 3944 1001 4014 confugit,
1033 3954 1185 3999 ratus
1226 3945 1368 3998 hanc
1410 3943 1583 3997 solam
1615 3940 1718 3996 sibi
1763 3942 2007 4011 requiem

426 4052 571 4105 esse,
624 4038 669 4091 sl
710 4037 763 4090 in
812 4038 931 4105 ipso
967 4045 1303 4106 permaneat.
1368 4033 1656 4103 Refugium
1698 4034 1882 4102 itaque
1940 4032 2009 4088 ad

427 4129 595 4184 Deum
651 4139 861 4199 patere,
919 4130 971 4182 in
1020 4128 1273 4184 confesso
1296 4134 1381 4182 est
1411 4126 1551 4195 apud
1587 4140 1780 4181 omnes
1810 4144 1823 4180 :
1871 4125 1965 4179 sed
1990 4166 2007 4193 ,

429 4223 575 4292 quod
634 4225 701 4277 ad
749 4220 1015 4274 salvantis
1058 4219 1382 4274 electionem
1417 4217 1636 4280 attinet,
1674 4232 1779 4269 non
1814 4230 2007 4284 parum

427 4313 637 4368 erroris
691 4312 1138 4380 confusionisque
1205 4309 1413 4364 invexit
1460 4308 1743 4363 inimicus.
1789 4307 2006 4361 Etenim

425 4405 556 4461 dum
590 4406 877 4460 insidiatur
906 4403 1053 4458 velut
1084 4402 1281 4467 hostis,
1310 4415 1501 4456 rursus
1542 4400 1743 4470 quibus
1783 4399 2008 4453 insidia-

430 4506 516 4553 tus
541 4505 645 4560 est,
671 4511 764 4550 eos
796 4498 1060 4564 deceptos
1103 4493 1332 4555 inducit,
1377 4500 1435 4546 ut
1471 4493 1537 4546 ad
1577 4505 1636 4546 se
1687 4506 1785 4545 ceu
1817 4501 2005 4545 custo-

2116 3381 2221 3435 ὑπὸ
2266 3380 2360 3434 τοῦ
2427 3382 2780 3454 ἐνεργοῦντος
2837 3385 2973 3455 αὐτῇ
3037 3386 3194 3453 ἁγίου
3261 3387 3619 3457 Πνεύματος.
3654 3392 3714 3443 '0

2115 3472 2261 3537 Θεὸς
2306 3472 2474 3541 ἡμῶν
2518 3474 2834 3545 καταφυγὴ
2884 3478 2983 3529 καὶ
3034 3476 3311 3546 δύναμις,
3353 3480 3604 3549 βοηθὸς
3648 3483 3713 3534 ἐν·

2113 3569 2361 3635 θλίψεσι
2408 3568 2540 3633 ταῖς
2585 3571 2910 3637 εὑρούσαις
2971 3570 3129 3639 ἡμᾶς
3184 3572 3450 3641 σφόδρα.
3501 3576 3713 3646 Πολλῆς

2114 3659 2366 3732 βοηθείας
2406 3661 2585 3714 δέεται
2633 3665 2743 3725 πᾶς
2782 3663 3085 3734 ἄνθρωπος,
3128 3665 3217 3717 διὰ
3244 3665 3346 3735 τὴν
3384 3669 3451 3719 ἐκ
3500 3670 3712 3735 φύσεως

2116 3752 2429 3823 προσοῦσαν
2473 3754 2623 3824 αὐτῷ
2667 3755 2972 3819 ἀσθένειαν,
3017 3757 3229 3809 πολλῶν
3268 3759 3423 3829 αὐτῷ
3472 3778 3712 3832 προσπι-

2112 3846 2355 3898 πτόντων
2400 3847 2640 3918 ἀνιαρῶν
2688 3850 2783 3901 καὶ
2828 3850 3123 3903 ἐπιπόνων.
3170 3852 3282 3922 Τὴν
3322 3849 3419 3907 οὗν
3479 3855 3599 3924 (23)
3653 3859 3713 3907 ἐκ

2110 3939 2328 3992 πάντων
2393 3939 2503 3992 τῶν
2564 3943 2966 4011 περιστατικῶν
3020 3946 3345 4016 καταφυγὴν
3401 3948 3709 4019 ἐπιζητῶν,

2110 4028 2299 4102 ὥσπερ
2336 4032 2428 4085 ἐπὶ
2470 4033 2666 4087 ἄσυλον
2708 4037 2926 4104 φεύγων
2959 4036 3071 4106 (24)
3109 4038 3330 4109 χωρίον,
3366 4040 3401 4110 ἦ
3440 4042 3542 4094 ἐπί
3589 4061 3707 4095 τινα

2110 4123 2355 4194 κορυφὴν
2398 4125 2577 4191 ὀξεῖαν
2606 4127 2858 4198 καρτερῷ
2900 4128 3067 4199 τείχει
3105 4131 3589 4205 περιειλημμένην
3623 4154 3710 4188 κα-

2108 4216 2421 4285 ταφεύγων,
2451 4218 2539 4271 διὰ
2572 4219 2671 4289 τὴν
2701 4219 2808 4273 τῶν
2844 4222 3118 4292 πολεμίων
3158 4223 3498 4295 ἐπιδρομήν·
3538 4228 3707 4290 οὕτως

2109 4307 2201 4358 ἐπὶ
2250 4307 2341 4359 τὸν
2387 4308 2521 4361 Θεὸν
2571 4310 2937 4381 καταφεύγει,
2991 4314 3159 4385 μόνην
3204 4310 3343 4368 εἶναι
3398 4318 3705 4388 ἡγούμενος

2107 4397 2412 4452 ἀνάπαυσιν
2439 4400 2536 4472 τὴν
2564 4404 2620 4455 ἐν
2650 4404 2799 4474 αύτῷ
2831 4405 3111 4478 διαμονήν.
3145 4407 3265 4461 Ὅτι
3312 4408 3417 4479 μὲν
3464 4409 3566 4465 οὖν
3615 4415 3701 4465 ἐπὶ

2106 4490 2198 4543 τὸν
2256 4492 2389 4544 Θεὸν
2446 4495 2478 4562 ἡ
2540 4497 2830 4567 καταφυγὴ
2886 4498 3036 4568 παρά
3097 4501 3262 4553 πᾶσιν
3309 4502 3696 4577 ὡμολόγηται,

426 4592 550 4643 dem
584 4586 919 4658 confugiant.
953 4585 1133 4652 Quare
1159 4583 1357 4651 duplex
1392 4582 1473 4636 eis
1491 4581 1692 4637 malum
1722 4581 2000 4634 imminet:

2133 4582 2307 4654 πολλὴν
2347 4584 2404 4636 δὲ
2447 4585 2655 4658 πλάνην
2684 4589 2778 4641 καὶ
2824 4588 3082 4659 σύγχυσιν
3114 4593 3142 4643 6
3171 4591 3367 4662 ἐχθρὸς
3408 4597 3694 4665 ἐνεποίησε

426 4680 629 4751 quippe
660 4689 752 4734 aut
781 4695 877 4749 per
906 4679 1013 4731 vim
1045 4676 1360 4745 capiuntur,
1393 4685 1487 4727 aut
1517 4689 1582 4728 ex
1618 4673 1810 4727 fraude
1873 4688 2002 4742 per-

424 4785 577 4829 eunt.
606 4773 739 4827 Eam
759 4772 829 4827 ob
855 4786 966 4826 rem
995 4771 1061 4825 ad
1092 4771 1363 4823 daemones
1384 4764 2000 4836 perfugiuntincreduli,

427 4874 484 4919 et
516 4868 584 4919 ad
613 4866 774 4929 idola,
808 4864 918 4919 veri
950 4864 1042 4918 Dei
1075 4862 1388 4926 cognitione
1418 4874 1485 4914 ex
1522 4859 1667 4911 illata
1695 4857 1800 4913 sibi
1831 4873 1859 4910 a
1888 4858 2005 4911 dia-

424 4957 548 5013 bolo
588 4956 907 5012 confusione
960 4955 1196 5025 Spoliati.
1245 4954 1352 5008 Sed
1381 4962 1433 5007 et
1487 4951 1579 5021 qui
1622 4951 1789 5005 Deum
1824 4965 1998 5021 agno-

424 5059 603 5115 scunt,
637 5050 688 5103 in
721 5049 945 5104 ferendo
972 5048 1039 5102 de
1070 5049 1230 5103 rebus
1267 5045 1477 5115 judicio
1512 5052 1724 5109 errant,
1760 5043 1885 5097 dum
1913 5042 2001 5096 in-

495 5166 539 5197 "
568 5165 733 5221 lCor.
771 5182 863 5231 xv,
894 5165 985 5219 24.

500 5281 609 5358 (19)
646 5284 722 5358 Ita
756 5282 1047 5358 Colhertini
1078 5282 1307 5358 primus,
1333 5279 1552 5358 quintus
1575 5286 1627 5331 et
1655 5289 1991 5358 s_ex_tus_cum

424 5348 632 5409 duobus
666 5355 869 5422 Regiis,
928 5368 1027 5406 nec
1081 5348 1237 5405 aliter
1297 5352 1494 5422 legitur
1544 5349 1682 5415 apud
1732 5348 1988 5422 Paulum,

426 5425 441 5477 I
479 5428 603 5478 Cor.
633 5440 722 5489 xv,
749 5418 849 5477 24.
891 5424 1028 5477 Editi
1068 5437 1192 5475 vero
1212 5437 1335 5476 cum
1355 5418 1513 5488 ’Reg.
1544 5418 1779 5489 secundo
1812 5432 1995 5485 παρα-

424 5486 741 5615 διδῷ.δίξυέ.
774 5507 961 5548 sextus
995 5493 1165 5561 prima
1202 5507 1360 5546 manu
1396 5486 1696 5560 παραδιδῷ,
1755 5489 1993 5540 secunda

427 5581 577 5615 παοα
611 5583 674 5615 ω.

427 5581 469 5615 π
472 5581 674 5617 αοαοω.

500 5582 732 5702 εθῗῳέὶο
757 5649 888 5687 mss.
931 5644 1155 5703 septem.
1190 5630 1328 5703 Editi
1364 5644 1492 5703 vero
1524 5628 1815 5703 διδόμεναι.

498 5698 610 5771 (21)
638 5704 787 5756 Coll).
821 5698 1025 5771 primus
1055 5701 1360 5771 προσίεντο.
1422 5698 1531 5751 Nec
1562 5700 1635 5751 ita
1669 5698 1835 5771 multo
1872 5704 1994 5766 post

436 5767 530 5825 sei
559 5767 688 5829 mss.
719 5775 797 5835 είς
822 5767 915 5827 τά.
951 5767 1172 5828 Ειιὶιίὀι
1202 5772 1355 5825 Colb.
1390 5779 1575 5824 sextus
1604 5769 1733 5837 περὶ
1765 5767 1854 5825 τά.

2110 4675 2238 4746 περὶ
2274 4676 2371 4746 τὴν
2413 4678 2506 4730 τοῦ
2558 4678 2821 4745 σώζοντος
2866 4682 3116 4754 ἐκλογήν.
3157 4684 3566 4740 Ἑπιὸουλεύων
3597 4690 3693 4759 γὰρ

2108 4765 2184 4829 ὡς
2226 4768 2503 4839 πολέμιος,
2534 4773 2696 4826 πάλιν
2724 4776 2851 4838 τοὺς
2892 4777 3381 4841 ἐπιϐουλευθέντας
3424 4781 3688 4851 ἐξαπατᾷ,

2108 4859 2257 4929 αὐτῷ
2296 4864 2664 4933 προσφεύγειν
2702 4867 2777 4930 ὡς
2808 4868 3029 4937 φύλακι,
3063 4870 3204 4924 ὥστε
3244 4872 3472 4928 διπλοῦν
3520 4879 3695 4939 αὐτοῖς

2110 4952 2493 5020 περιίστασθαι
2541 4955 2603 5008 τὸ
2655 4958 2861 5011 κακόν·
2903 4960 2936 5031 ἢ
2990 4961 3179 5030 βιαίως
3206 4961 3524 5035 ληφθεῖσιν,
3576 4970 3693 5036 ﬁs;

2109 5043 2327 5115 ἀπάτης
2368 5046 2746 5117 ἀπολομένοις.
2774 5050 2871 5103 Διὰ
2914 5052 3074 5106 τοῦτο
3119 5055 3257 5127 πρὸς
3297 5057 3567 5128 δαίμονας
3613 5064 3692 5113 κίε

2175 5273 2286 5355 (22)
2318 5273 2498 5355 Editio
2525 5272 2688 5329 Basil.
2714 5283 2769 5330 et
2794 5275 3039 5347 quinque
3067 5292 3205 5333 mss.
3238 5278 3271 5350 ἦ
3295 5281 3485 5349 μόνου.
3528 5282 3693 5337 Editio

2100 5344 2280 5400 Paris.
2319 5345 2498 5414 μόνον.
2948 5344 2965 5347 “
3260 5344 3271 5350 ’
3296 5344 3308 5349 “
3439 5344 3443 5346 ⁷

2179 5414 2292 5487 (ἓὸ)
2325 5415 2592 5487 Voculam
2627 5410 2721 5467 οὖν
2781 5415 3085 5469 addidimus
3136 5433 3203 5472 ex
3252 5419 3461 5473 Catena
3498 5422 3695 5477 Come.

2103 5484 2281 5559 riana.
2316 5485 2520 5559 ll_)_id_et_n
2556 5484 2708 5538 Colb.
2735 5488 3003 5559 septimus
3026 5492 3459 5559 περιστατικῶν.

2174 5554 2488 5641 (21)“Editi
2523 5556 2927 5641 Δκαταφεύγων.
2972 5558 3051 5641 -Αι
3081 5554 3240 5637 ἰυξξ,
3289 5572 3515 5641 ‘septem
3573 5567 3689 5635 φεύ-

2100 5627 2577 5766 ἔων.ήΑΙί‹ιιιιιηιο
2619 5638 2743 5697 post.
2784 5628 2920 5696 lteg.
2970 5630 3163 5684 tertius
3215 5630 3499 5703 πολεμίων
3539 5627 3677 5694 κατι

2136 5713 2241 5769 ρομ
2283 5713 2332 5750 ν.
