3818 6220
184 351 287 407 ΗἻ

1318 343 1600 400 llOMlLlA
1638 345 1707 399 IN
1744 343 2074 406 PSALMUM
2111 341 2273 401 XLV.

3309 349 3415 408 “8

183 466 380 521 εἴδωλα
429 463 538 535 (25)
585 459 1016 532 καταφεύγουσιν
1054 461 1102 514 οἱ
1158 458 1405 524 ἄπιστοι,
1455 459 1550 513 τοῦ
1592 460 1750 524 ὅντως

1861 464 1994 518 scite
2028 461 2180 516 utilia
2240 459 2534 529 postulant,
2577 473 2641 515 ac
2667 458 2914 529 quaedam
2943 469 3137 531 petunt
3169 473 3227 519 ut
3251 466 3421 533 liona,

182 555 319 610 Θεοῦ
353 555 451 625 τὴν
488 552 688 622 γνῶσιν
720 552 825 606 ὑπὸ
866 551 966 621 τῆς
1000 550 1150 621 παρά
1191 549 1285 603 τοῦ
1328 549 1571 602 διαϐόλου
1615 567 1761 619 γενο-

186 649 355 719 μένης
384 647 570 709 αὐτοῖς
611 645 922 714 συγχύσεως
961 642 1365 716 ἀφαιρεθέντες.
1406 643 1519 696 Καὶ
1560 645 1609 695 οἱ
1640 647 1759 696 ἑπι-

183 738 545 808 γινώσκοντες
573 737 630 790 δὲ
666 737 754 790 τὸν
780 736 912 789 Θεὸν
953 737 1081 807 περ).
1121 735 1222 806 τὴν
1263 735 1371 788 τῶν
1414 736 1756 808 πραγμάτων

181 831 455 901 διάκρισιν
504 829 847 898 σφάλλονται,
887 827 1223 890 ἀπαιδεύτως
1255 827 1354 890 τὰς
1382 828 1624 901 αἰτήσεις
1651 829 1759 882 τῶν

184 923 573 995 συμφερόντων
634 921 978 992 ποιούμενοι,
1029 919 1124 973 καὶ
1176 918 1451 982 αἰτοῦντες
1517 937 1638 973 τινα
1685 920 1761 983 ὡς

181 1012 383 1086 ἀγαθὰ,
426 1017 526 1068 οὐκ
578 1015 670 1068 ἐπὶ
721 1013 1049 1085 συμφέροντι
1108 1011 1366 1075 πολλάκις
1411 1011 1613 1078 αὐτῶν,
1664 1014 1760 1066 κα)¹

183 1108 480 1176 φεύγοντες
523 1106 658 1161 ἄλλα
713 1106 824 1177 (26)
879 1105 954 1168 ὡς
1007 1102 1254 1173 πονηρὰ,
1305 1103 1507 1175 πολλὴν
1573 1103 1760 1168 αὐτοῖς

183 1191 357 1253 ἐνίοτε
387 1201 484 1270 τὴν
513 1198 779 1268 ὠφέλειαν
819 1197 1071 1267 φέροντα.
1111 1190 1254 1260 Οἷον,
1287 1199 1433 1249 νοσεῖ
1467 1213 1586 1262 τις;
1628 1195 1762 1248 Φεύ-

182 1308 298 1359 γων
330 1291 389 1344 τὸ
422 1293 485 1344 ἐκ
508 1291 605 1360 τῆς
637 1291 789 1344 νόσου
823 1288 1097 1352 ἐπίπονον,
1147 1286 1366 1358 εὔχεται
1401 1287 1499 1359 τὴν
1530 1287 1759 1357 ὑγίειαν.

195 1383 462 1436 Ἀπέϐαλε
525 1383 810 1453 χρήματα;
863 1379 1204 1451 Περιώδυνός
1271 1381 1388 1432 ἐστι
1440 1382 1504 1450 τῇ
1565 1377 1759 1450 ζημίᾳ.

187 1474 345 1526 Ἔστι
383 1474 437 1526 δὲ
467 1473 724 1536 πολλάκις
754 1472 848 1526 καὶ
880 1473 913 1543 ἡ
947 1471 1099 1536 νόσος
1140 1471 1440 1542 ὠφέλιμος,
1481 1471 1608 1524 ὅταν
1645 1487 1762 1524 παι-

181 1567 447 1635 δαγωγεῖν
515 1567 683 1639 μέλλῃ
737 1565 828 1619 τὸν
874 1566 1263 1637 άμαρτάνοντα
1288 1582 1302 1594 ·
1352 1566 1448 1617 καὶ
1489 1567 1522 1634 ἡ
1582 1564 1763 1632 ὑγίεια

185 1657 446 1729 βλαϐερὰ,
487 1658 614 1712 ὅταν
660 1656 867 1726 ἐφόδιον
921 1657 1137 1728 γίνηται
1191 1656 1328 1722 πρὸς
1367 1655 1637 1726 ἁμαρτίαν
1684 1653 1762 1726 τῷ

1861 557 1940 610 eis
1970 569 2111 624 saepe
2147 570 2253 609 non
2275 551 2660 617 conducibilia,
2692 553 2796 608 alia
2829 569 2960 611 vero
2987 567 3046 610 ut
3082 557 3220 611 mala
3253 560 3423 614 decli-

1862 654 2013 712 nant,
2049 661 2169 717 qua:
2215 645 2314 700 sibi
2362 644 2654 716 aliquando
2711 646 2866 716 171
2913 647 3140 702 multum
3191 649 3424 705 allatura

1859 747 2016 792 erant
2053 737 2422 793 emolumenti.
2464 737 2708 807 Exempli
2739 753 2903 793 causa
2932 755 2945 792 :
3001 748 3230 810 aegrotat
3253 745 3375 810 quis
3398 744 3424 797 ἵ

1861 829 2032 887 Morbi
2069 830 2371 885 molestiam
2405 830 2644 902 fugiens,
2681 839 2835 902 rogat
2873 809 3182 888 sanitatem.
3227 835 3424 890 Amisit

1861 922 2167 992 pecunias?
2209 920 2288 976 Ob
2333 923 2474 976 hanc
2507 921 2776 989 jacturam
2807 925 3046 978 maximo
3073 927 3293 994 angitur
3327 929 3420 980 do-

1862 1017 1994 1068 lore.
2019 1014 2135 1068 Erit
2165 1015 2306 1068 enim
2331 1014 2478 1069 utilis
2513 1029 2886 1084 saepenumero
2913 1015 2994 1070 vel
3026 1016 3267 1082 morbus,
3293 1033 3418 1072 cum

1859 1107 2112 1162 videlicet
2141 1117 2457 1177 peccantem
2489 1106 2813 1163 refrenabit.
2842 1108 2910 1161 Et
2943 1124 3115 1164 nocua
3148 1117 3232 1163 est
3273 1111 3426 1164 saui-

1865 1207 1944 1252 tas
1976 1206 2085 1251 tum
2118 1212 2238 1252 cum
2269 1213 2330 1252 ea
2358 1196 2563 1251 fruenti
2595 1198 2655 1252 fit
2700 1201 2905 1268 peccati
2952 1201 3189 1256 occasio.
3244 1199 3336 1255 Sic
3369 1211 3423 1256 et

1860 1288 2102 1357 pecuniae
2135 1288 2460 1358 quibusdam
2480 1271 2590 1358 jam
2613 1290 2678 1344 ad
2709 1289 2989 1344 libidinem
3009 1291 3373 1346 inservieruut
3403 1305 3417 1346 ι

1860 1389 2149 1449 paupertas
2179 1395 2307 1435 vero
2338 1381 2597 1450 plurimos
2645 1385 2712 1434 ad
2753 1382 2881 1435 vitia
2923 1397 3249 1453 magnopere
3296 1399 3423 1452 pro-

1861 1471 2157 1541 pendentes
2192 1471 2469 1540 repressit.
2503 1470 2686 1540 Neque
2716 1472 2881 1542 igitur
2903 1472 3140 1543 refugias
3170 1488 3287 1544 quae
3315 1489 3420 1529 non

1862 1571 2075 1631 oportet
2100 1582 2114 1617 :
2136 1578 2235 1618 nec
2255 1562 2534 1632 confugias
2563 1563 2628 1616 ad
2653 1578 2810 1633 quem
2844 1578 2948 1618 non
2972 1573 3208 1633 oportet.
3241 1564 3419 1620 Unum

1861 1669 2024 1725 porro
2052 1656 2333 1710 vitandum
2366 1654 2460 1709 tibi
2486 1664 2588 1720 est,
2616 1664 2901 1723 peccatum
2934 1657 3208 1722 videlicet,
3229 1668 3283 1712 et
3307 1657 3424 1712 uni.

183 1751 381 1822 ἔχοντι.
408 1749 563 1804 Οὕτω
596 1750 691 1802 καὶ
729 1749 986 1821 χρήματα
1011 1747 1110 1818 ιἠδη
1143 1747 1286 1800 τισὶν
1316 1746 1592 1818 ὑπηρεσία
1625 1747 1750 1817 πρὸς

1863 1761 1985 1800 cum
2023 1760 2090 1800 ex
2126 1746 2281 1800 malis
2308 1745 2575 1817 refugium
2611 1746 2706 1801 tibi
2747 1748 2818 1802 sit
2864 1747 3030 1804 Deus.
3063 1749 3139 1804 Ne
3169 1752 3424 1805 confidite

181 1842 478 1896 ἀκολασίαν
516 1841 761 1912 ὲγένετο’
808 1840 903 1894 καὶ
953 1840 1110 1892 πενία
1149 1839 1376 1903 πολλοὺς
1426 1839 1750 1910 ἐσωφρόνισε

1862 1837 2195 1908 principibus
2221 1837 2302 1904 ‘9;
2356 1853 2424 1892 ne
2456 1837 2754 1894 ell'eramini
2799 1839 2981 1894 animo
3014 1841 3065 1894 in
3106 1841 3312 1897 incerto
3339 1842 3424 1897 di-

178 1933 292 1987 τῶν
315 1933 657 2005 ὡρμημένων
684 1931 888 1996 κακῶς.
915 1933 1070 2003 Μήτε
1112 1925 1204 1984 οὖν
1232 1929 1407 2000 φύγῃς
1442 1929 1478 1984 ἀ
1525 1930 1601 2001 μὴ
1641 1930 1756 1995 δεῖ,

184 2023 323 2092 μήτε
369 2021 691 2094 προσφύγῃς
734 2015 779 2090 ᾧ
831 2021 904 2094 μὴ
950 2022 1046 2075 δεῖ.
1107 2021 1244 2074 Ἀλλ’
1273 2021 1332 2074 έν
1380 2037 1462 2073 σοι
1525 2020 1758 2090 φευκτὸν

177 2115 316 2185 ἧτω,
361 2116 393 2184 ἡ
434 2115 712 2185 ἁμαρτία,
758 2114 853 2167 καὶ
884 2113 980 2184 μία
1037 2113 1328 2184 καταφυγὴ
1383 2113 1448 2165 ἐκ
1494 2111 1604 2164 τῶν
1657 2129 1757 2165 κα-

178 2205 296 2259 κῶν
325 2207 458 2275 (27),
485 2209 512 2259 6
540 2205 692 2269 Θεός.
724 2207 817 2276 Μὴ
858 2206 1144 2259 πεποίθετε
1183 2204 1299 2274 (28)
1344 2205 1430 2256 ἐπ’
1454 2204 1754 2275 ἄρχοντας·

184 2296 262 2368 μὴ
306 2296 597 2370 ἐπαίρεσθε
644 2297 737 2350 ἐπὶ
781 2297 1008 2350 πλούτου
1049 2296 1368 2368 ἀδηλότητν
1404 2295 1478 2367 μὴ
1511 2298 1758 2367 φρονεῖτε

178 2389 277 2441 ἐπὶ
317 2389 542 2460 δυνάμει
571 2389 849 2460 σώματος’
889 2388 962 2460 μὴ
997 2387 1097 2458 τῆς
1125 2387 1470 2459 ἀνθρωπίνης
1501 2385 1658 2455 δόξης
1696 2385 1759 2438 τὸ

1861 1927 2115 1981 vitiarum
2151 1927 2236 1992 9°;
2269 1941 2335 1982 ne
2363 1927 2690 1998 superbiatis
2729 1929 2799 1983 ob
2839 1929 3085 1997 corporis
3114 1929 3295 1995 vires;
3350 1945 3421 1984 ne

1863 2015 2116 2070 humana:
2163 2015 2347 2086 gloria:
2408 2019 2810 2087 prosequamini
2862 2019 3230 2088 splendorem.
3276 2017 3422 2076 Nihil

1861 2106 2054 2162 horum
2081 2107 2233 2162 ducit
2253 2109 2319 2161 ad
2343 2108 2603 2174 salutem;
2649 2113 2970 2177 temporaria
3001 2113 3202 2177 omnia,
3231 2115 3416 2167 omnia

1865 2198 2099 2254 fallacia.
2131 2197 2416 2268 Refugium
2443 2201 2683 2264 unicum,
2717 2199 2880 2256 Deus.
2911 2200 3226 2257 Maledit‘ttts
3264 2203 3446 2273 homo.

1860 2291 1950 2359 qui
1976 2306 2116 2359 spem
2161 2292 2306 2359 ponit
2334 2292 2388 2344 in
2416 2292 2624 2346 homine
2651 2293 2720 2359 ⁹¹,
2751 2305 2842 2348 aut
2897 2295 2951 2350 in
3001 2296 3183 2367 aliqua
3231 2309 3292 2352 re
3320 2298 3421 2352 bu-

1861 2395 2043 2435 mana.

178 2481 480 2551 περιφανὲς
511 2479 754 2533 διώκετε.
788 2479 954 2534 Οὐδὲν
979 2478 1183 2532 τούτων
1214 2476 1397 2542 σώςεν
1431 2476 1606 2529 πάντα
1636 2473 1746 2546 (29)
1786 2471 2113 2543 πρόσκαιρα,
2157 2467 2334 2522 πάντα
2369 2469 2641 2539 ἀπατηλὰ.
2701 2471 2816 2525 Μία
2877 2475 3186 2546 καταφυγὴ,
3213 2476 3244 2531 6
3266 2475 3420 2540 Θεός.

193 2571 648 2640 Ἐπικατάρατος
672 2571 980 2640 ἅνθρωπος
1000 2573 1034 2625 ό
1063 2570 1178 2640 τὴν
1203 2569 1422 2625 ἐλπίδα
1454 2569 1610 2638 ἔχων
1643 2567 1735 2621 ἐπ’
1772 2565 2105 2632 ἄνθρωπον,
2131 2562 2165 2633 ἢ
2197 2561 2289 2615 ἐπί
2319 2579 2370 2616 τι
2397 2564 2504 2616 τῶν
2533 2565 2902 2636 ἀνθρωπίνων.

260 2664 316 2718 2.
371 2666 431 2718 '0
464 2665 608 2732 Θεὸς
659 2661 750 2719 οὖν
792 2665 961 2736 ἡμῶν
991 2665 1306 2734 καταφυγὴ
1357 2664 1454 2718 καὶ
1487 2664 1758 2732 δύναμις.

1929 2658 1985 2711 2.
2019 2656 2160 2712 Deus
2191 2657 2360 2727 igitur
2388 2670 2563 2713 noster
2609 2661 2872 2732 refugium
2912 2673 2962 2718 et
2996 2664 3182 2721 virtus.
3222 2665 3300 2721 illi
3327 2669 3422 2739 qui

180 2752 276 2822 Τῷ
305 2752 584 2825 δυναμένῳ
615 2753 813 2822 λέγειν,
850 2754 1054 2808 Πάντα
1086 2755 1276 2821 ἰσχύω
1301 2754 1371 2806 ἐν
1398 2753 1480 2818 τῷ
1507 2753 1750 2806 ἐνδυνα-

1858 2756 2038 2821 potest
2059 2749 2237 2804 dicere
2269 2768 2283 2804 :
2321 2749 2514 2804 Omnia
2551 2767 2764 2821 possum
2786 2753 2840 2807 in
2881 2770 2943 2809 eo
2975 2757 3065 2826 qui
3091 2773 3173 2811 me
3209 2760 3422 2830 confor-

170 2844 394 2913 μοῦντί
426 2862 504 2914 με
539 2844 792 2912 Χριστῷ,
833 2844 1060 2916 δύναμίς
1109 2847 1256 2898 ἐστιν
1287 2847 1315 2898 ὁ
1347 2843 1499 2907 Θεός.
1542 2843 1750 2896 Πολλῶν

1858 2849 1937 2894 tat
1960 2839 2182 2896 Christo
2205 2840 2272 2905 θ’,
2300 2842 2472 2897 virtus
2496 2851 2577 2897 est
2599 2842 2761 2899 Deus.
2790 2843 3080 2902 Multorum
3099 2849 3316 2918 quidem
3339 2863 3423 2906 est

179 2931 284 3000 μὲν
331 2927 422 2985 οὖν
471 2937 618 2988 ἐστιν
651 2935 845 2998 εἰπεῖν,
881 2935 935 2986 Ὁ
993 2933 1138 3000 Θεὸς
1186 2933 1355 3003 ἡμῶν
1404 2933 1750 3003 καταφυγή·

1858 2931 2076 2988 dicere:
2104 2931 2243 2987 Deus
2270 2942 2447 2987 noster
2468 2933 2753 3005 refugium;
2779 2947 2853 3001 et,
2887 2937 3132 3004 Domine,
3161 2944 3422 3014 refugium

177 3022 276 3074 κα).
312 3024 393 3087 τὸ,
437 3026 640 3093 Κύριε,
691 3025 1002 3095 καταφυγὴ
1049 3025 1340 3095 ἐγεννήθης
1381 3024 1556 3093 ἡμῖν·
1597 3023 1660 3077 τὸ
1699 3023 1750 3077 δὲ

1859 3022 2032 3091 factus
2063 3039 2116 3077 es
2142 3023 2289 3076 nobis
2311 3022 2359 3055 ⁸³
2386 3041 2400 3078 :
2432 3024 2484 3078 id
2505 3039 2635 3080 vero
2660 3026 2851 3081 eodem
2904 3043 2968 3083 ac
3012 3029 3276 3100 Pmplieta
3306 3036 3421 3087 ani-

175 3114 288 3168 ὰπὸ
331 3118 428 3186 τῆς
470 3116 640 3186 αὐτῆς
679 3116 970 3180 διαθέσεως
999 3119 1172 3170 εἰπεῖν
1202 3115 1282 3187 τῷ
1310 3117 1569 3188 Προφήτῃ
1615 3115 1750 3170 πάνυ

1859 3129 1947 3170 mo
1963 3115 2164 3181 dicere,
2194 3130 2452 3185 perquam
2477 3107 2774 3187 paucorum
2805 3128 2909 3174 est.
2937 3119 3099 3177 Pauci
3125 3125 3266 3179 enim
3293 3136 3421 3181 sunt

180 3207 403 3275 ὀλίγων.
443 3208 642 3276 Ὀλίγοι
673 3209 782 3280 γάρ
810 3210 857 3262 οἱ
893 3207 966 3280 μὴ
999 3208 1405 3279 τεθαυμακότες
1444 3210 1514 3264 τὰ
1545 3207 1754 3280 ἀνθρώ-

174 3314 336 3364 πινα,
365 3298 478 3351 ἀλλ’
517 3299 629 3352 ὅλοι
658 3300 959 3372 ἠρτημένοι
990 3299 1084 3353 τοῦ
1114 3299 1272 3363 Θεοῦ,
1301 3301 1396 3352 καὶ
1429 3299 1590 3352 αὐτὸν
1623 3299 1753 3352 ἀνα-

174 3388 452 3452 πνέοντες,
480 3391 575 3444 καὶ
605 3391 784 3443 πᾶσαν
808 3388 998 3442 ἐλπίδα
1028 3389 1123 3442 καὶ
1155 3388 1475 3459 πεποίθησιν
1519 3388 1752 3458 ἔχοντες.

180 3480 300 3534 Kal.
333 3480 542 3550 ἐλέγχει
584 3497 651 3550 γε
698 3481 846 3551 ἡμᾶς
891 3479 961 3534 τὰ
1003 3479 1324 3552 πράγματα,
1369 3480 1494 3532 ὅταν
1537 3481 1594 3532 ὲν
1636 3481 1755 3541 ταῖς

173 3573 420 3642 Θλίψεσιν
451 3575 546 3628 ὲπὶ
578 3573 754 3628 πάντα
797 3572 997 3644 μᾶλλον
1033 3573 1067 3645 ἢ
1115 3573 1208 3627 ἐπὶ
1245 3573 1336 3626 τὸν
1370 3572 1503 3626 Θεὸν
1546 3572 1753 3643 τρέχω-

176 3683 304 3736 μεν.
342 3666 509 3719 Noer
545 3665 607 3718 τὸ
643 3665 889 3728 παιδίον;
937 3665 1048 3718 Καὶ
1081 3665 1144 3716 σὺ
1178 3663 1270 3717 τὸν
1307 3663 1555 3717 ὲπαοιδὸν
1594 3680 1753 3734 περι-

173 3760 422 3823 σκοπεῖς,
466 3757 499 3828 ἤ
546 3758 638 3811 τὸν
683 3758 811 3821 τοὺς
866 3755 1192 3827 περιέργους
1244 3757 1597 3827 χαρακτῆρας
1640 3758 1754 3820 τοῖς

168 3847 469 3918 τραχήλοις
493 3846 600 3901 τῶν
630 3848 887 3902 ἀναιτίων
913 3846 1124 3918 νηπίων
1147 3846 1490 3917 περιτιθέντα
1508 3863 1521 3876 '
1543 3846 1576 3917 ἢ
1607 3847 1668 3899 τό
1689 3864 1752 3915 γε

166 3939 484 3992 τελευταῖον
514 3940 606 3992 ἐπὶ
651 3939 740 3994 τὸν
778 3939 960 4012 ἰατρὸν
1007 3938 1144 4012 ἔρχῃ
1190 3939 1287 3992 καὶ
1332 3938 1400 3990 τά
1448 3937 1750 4007 φάρμακα.

165 4028 272 4084 τοῦ
317 4029 611 4100 δυναμένου
651 4029 844 4094 σώζειν
893 4029 1298 4100 καταμελήσας.
1338 4027 1459 4080 Κᾶν
1503 4026 1752 4081 ἐνύπνιόν

168 4139 234 4174 σε
272 4122 578 4193 ὲκταράξῃ,
624 4123 761 4194 πρὸς
802 4123 893 4174 τὸν
937 4120 1318 4191 ὀνειροσκόπον
1355 4119 1586 4190 τρέχεις.
1635 4118 1752 4172 Κᾶν

166 4213 417 4284 φοϐηθῇς
445 4213 658 4285 ἐχθρὸν,
697 4215 1003 4284 προστάτην
1049 4213 1146 4266 ἕνα
1182 4211 1288 4264 τῶν
1327 4209 1627 4281 ἀνθρώπων
1656 4227 1753 4262 πεο

168 4309 394 4377 ρινοεῖς.
439 4308 549 4360 Καὶ
590 4305 726 4368 ὅλως
771 4307 854 4372 ἐφ’
881 4305 1119 4374 ἑκάστης
1159 4301 1346 4373 χρείας
1376 4299 1606 4372 ἐλέγχῃ,
1652 4301 1751 4370 ῥή-

1855 3205 1950 3273 qui
1977 3205 2209 3259 humana
2232 3221 2336 3260 non
2355 3207 2640 3275 mirentur,
2668 3210 2763 3265 sed
2793 3212 2886 3265 toti
2909 3214 3176 3280 pendeant
3203 3230 3268 3271 ex
3290 3218 3417 3283 Deo,

1856 3293 2140 3364 ipsumque
2172 3296 2402 3365 spirent,
2435 3313 2498 3354 ac
2531 3299 2584 3353 in
2615 3300 2735 3370 ipso
2755 3316 2968 3357 omnem
3001 3320 3149 3373 spem
3188 3323 3251 3362 ac
3280 3310 3419 3366 fidu-

1854 3386 1992 3440 ciam
2023 3387 2277 3443 habeant.
2314 3389 2381 3443 Et
2410 3405 2542 3446 sane
2563 3404 2800 3461 arguunt
2847 3410 2946 3450 nos
2982 3411 3068 3452 res
3105 3399 3255 3469 ipsae,
3295 3417 3418 3456 cum

1855 3479 1910 3532 in
1941 3477 2330 3534 afﬂictionibus
2360 3481 2425 3535 ad
2455 3483 2714 3550 qualibet
2745 3485 2928 3554 potius
2959 3501 3119 3556 quam
3149 3493 3215 3544 ad
3252 3488 3419 3549 Deum

1853 3583 2220 3625 recurramus.
2255 3570 2504 3640 [Egrotat
2529 3573 2712 3629 filius?
2745 3575 2866 3632 Mox
2905 3589 2962 3633 tu
3007 3581 3451 3655 conjectisquo-.

1854 3673 2182 3729 quoversum
2213 3663 2406 3728 oculis,
2435 3679 2649 3734 magum
2695 3669 2949 3738 requiris,
2981 3671 3064 3726 vel
3111 3678 3415 3744 quempiam

1853 3751 1944 3818 qui
1970 3763 2135 3805 vanos
2163 3751 2509 3809 characteres
2542 3756 2682 3810 collo
2708 3757 3078 3816 innocentium
3126 3779 3414 3834 puerorum

1852 3841 2271 3910 circumponat;
2328 3843 2412 3898 vel
2446 3853 2801 3914 postremum,
2853 3863 2918 3904 eo
2948 3851 3042 3920 qui
3076 3867 3294 3909 servare
3320 3872 3416 3926 po-

1854 3936 1958 3984 test
1986 3931 2250 4000 neglecto,
2279 3932 2350 3986 ad
2381 3933 2647 3989 medicum
2683 3935 2927 4004 devenis,
2969 3948 3024 3994 et
3067 3943 3134 3996 ad
3181 3945 3417 3999 medica-

1855 4030 2056 4075 menta.
2096 4021 2426 4078 lnsomnium
2455 4027 2501 4079 si
2539 4035 2588 4081 te
2615 4027 2898 4095 sollicitat,
2945 4034 3124 4089 curris
3165 4036 3232 4089 ad
3285 4053 3416 4092 con-

1846 4110 2134 4180 jectorem.
2168 4113 2226 4168 Si
2257 4115 2502 4172 timueris
2532 4117 2834 4184 inimicum,
2872 4121 3107 4192 aliquem
3141 4125 3411 4181 hominem

1851 4204 2155 4271 adiutorem
2208 4207 2464 4260 attendis.
2496 4207 2563 4262 Et
2606 4209 2660 4263 in
2719 4225 2955 4277 summa,
2989 4216 3326 4272 convinceris
3360 4219 3413 4272 in

1851 4309 2175 4365 quacunque
2213 4299 2566 4364 necessitate,
2624 4302 2790 4356 verbo
2827 4304 3046 4373 quidem
3081 4305 3247 4362 Deum
3272 4310 3415 4363 refu-

168 4414 311 4468 ματι
349 4397 443 4467 μὲν
487 4397 580 4450 τὸν
613 4397 742 4450 Θεὸν
790 4394 1068 4466 ὀνομάζων
1113 4391 1455 4462 καταφυγὴν,
1502 4389 1647 4461 ἔργῳ
1690 4390 1746 4442 δὲ

1858 4388 1996 4458 ginm
2029 4388 2332 4455 nominare,
2356 4389 2449 4444 sed
2489 4405 2548 4445 re
2581 4391 2693 4460 ipsa
2723 4407 2788 4448 ex
2834 4395 3112 4452 inutilibus
3151 4400 3415 4470 vanisque

162 4489 272 4558 τὴν
317 4488 380 4539 ὲκ
419 4487 526 4541 τῶν
576 4486 866 4556 ἀνωφελῶν
908 4485 1002 4538 καὶ
1043 4483 1286 4555 ματαίων
1329 4480 1581 4552 βοήθειαν
1625 4483 1745 4533 ὲπι-

166 4576 484 4647 σπώμενος.
521 4577 676 4629 Ἔστι
722 4576 778 4628 δὲ
823 4573 899 4645 τῷ
945 4573 1140 4644 δικαίῳ
1181 4570 1410 4643 ἀληθινὴ
1450 4569 1672 4640 βοήθεια
1717 4572 1746 4622 ὁ

160 4668 327 4732 Θεός.
372 4667 581 4740 Ὥσπερ
644 4684 728 4731 τις
793 4665 1096 4740 στρατηγὸς
1160 4663 1436 4718 ὁπλιτικὸν
1502 4663 1745 4729 γενναῖον

163 4760 538 4830 ἐξηρτημένος
604 4759 820 4830 ἕτοιμος
865 4760 952 4813 ἀεὶ
1003 4757 1214 4829 βοηθεῖν
1257 4755 1335 4825 τῷ
1401 4769 1743 4807 καταπονου-

165 4853 324 4923 μένῳ
374 4851 554 4922 μέρει’
588 4849 759 4913 οὓτως
792 4851 820 4902 6
849 4849 980 4911 Θεὸς
1028 4848 1220 4920 βοηθὸς
1260 4847 1418 4919 ἡμῶν
1468 4847 1606 4905 ἐστι,
1649 4845 1744 4898 καὶ

1853 4479 2012 4533 rebus
2033 4480 2290 4534 auxilium
2309 4482 2402 4535 tibi
2430 4496 2727 4539 accersere.
2752 4485 2845 4539 Est
2863 4496 3041 4542 autem
3060 4489 3210 4558 justo
3228 4504 3413 4544 verum

1853 4572 2116 4625 auxilium
2183 4573 2342 4629 Deus.
2397 4573 2860 4640 Quemadmodum
2916 4580 3060 4634 enim
3119 4581 3415 4650 imperator

1852 4661 1980 4717 forti
2035 4664 2264 4719 militum
2331 4682 2492 4723 manu
2560 4669 2899 4735 instructus,
2949 4673 3019 4728 ad
3060 4688 3215 4744 opem
3275 4677 3415 4744 parti

1850 4767 2122 4822 Oppressae
2167 4754 2441 4809 ferendam
2483 4771 2699 4827 semper
2738 4770 2962 4831 paratus
3010 4774 3096 4818 est
3126 4785 3136 4818 :
3168 4763 3240 4818 ita
3272 4765 3414 4820 Deus

1849 4847 2064 4914 adiutor
2095 4858 2282 4902 noster
2305 4857 2406 4912 est,
2431 4858 2486 4903 et
2524 4852 2813 4906 auxiliator
2837 4853 3055 4909 cuilibet
3076 4867 3266 4912 contra
3300 4858 3412 4912 dia-

234 5007 284 5039 ⁸⁹
317 5004 456 5059 Psal.
491 5019 649 5071 CXLV,
679 5006 738 5062 2.
827 5005 873 5037 ’°
905 5003 926 5058 ι
953 5003 1093 5059 Tim.
1128 5018 1203 5068 vl,
1241 5002 1328 5055 l7.
1404 5001 1448 5032 ⁹¹
1481 4999 1593 5054 Jer.
1633 5014 1746 5053 xvu

1858 5038 1862 5052 .
1957 4998 2270 5070 "Philipp.
2295 5016 2370 5066 tv,
2401 5002 2488 5057 15.
2563 5003 2608 5034 ⁸³
2637 5002 2782 5058 Psal.
2820 5021 3045 5072 cum,
3075 5009 3126 5062 l.

236 5121 356 5192 (25)
389 5120 543 5187 Illud,
569 5122 664 5174 καὶ
712 5121 926 5185 εἴδωλα,
973 5117 1230 5192 additum
1257 5115 1425 5192 fuisse
1451 5113 1729 5192 eontextui

155 5185 413 5246 ex'Oliv.
439 5185 712 5262 etAnglic.
746 5191 1014 5262 traditrvir
1037 5187 1434 5262 eruditissimus
1461 5185 1686 5237 Ducteus
1710 5198 1725 5233 :

157 5263 368 5330 quibus
385 5257 658 5316 codicibus
684 5274 792 5316 tum
818 5259 1155 5314 Colbertinos
1176 5257 1422 5324 quintum
1449 5261 1504 5307 et
1517 5263 1729 5330 sextum

155 5323 222 5384 ἐι
248 5333 562 5399 septimum,
605 5342 715 5384 tum
770 5330 965 5398 Regios
990 5323 1252 5402 quartum
1291 5333 1347 5378 et
1375 5331 1586 5402 sextum
1607 5323 1730 5402 ad-

149 5391 331 5471 jungi'
357 5391 607 5468 oportere
638 5391 948 5471 monemus.
990 5391 1290 5452 Fatendum
1345 5402 1523 5448 tamen
1567 5391 1621 5445 id
1672 5391 1725 5444 in

159 5469 357 5544 Regiis
377 5473 699 5544 secundoet
735 5470 894 5544 tertio
921 5469 1130 5544 deesse.
1518 5528 1532 5544 ο

238 5538 355 5609 (26)
376 5540 517 5594 Editi
546 5539 837 5609 φεύγοντές
864 5554 1005 5592 τινα.
1033 5541 1102 5589 At
1140 5550 1232 5590 sex
1265 5547 1395 5588 mss.
1435 5538 1729 5600 φεύγοντες

155 5609 324 5662 ἄλλα.

240 5679 354 5747 (27)
389 5679 524 5732 Editi
558 5681 619 5732 ὲκ
661 5679 880 5733 πάντων
929 5674 1134 5731 κακῶν.
1181 5673 1249 5728 Αι
1289 5687 1420 5729 mss.
1456 5684 1558 5727 sex
1595 5667 1731 5724 sim-

157 5751 383 5818 pliciter
403 5751 466 5801 έκ
494 5750 602 5802 τῶν
627 5750 830 5802 κακῶν.

494 5844 763 5905 Ρλτιιοι..
811 5842 927 5904 Gn.
974 5838 1213 5902 XXIX.

1907 5113 2022 5184 (28)
2052 5115 2352 5188 Colhertini
2384 5116 2588 5188 primus
2611 5127 2664 5170 et
2693 5127 2880 5173 sextus
2910 5135 3030 5173 cum
3058 5120 3187 5188 Reg.
3218 5136 3411 5176 secun-

1833 5183 1902 5238 do
1918 5183 1982 5238 et
2009 5201 2130 5238 cum
2163 5185 2326 5260 C0_isl.
2349 5185 2829 5242 πεποίθατε.Ει1’ίιί
2853 5205 2975 5244 cum
3005 5183 3184 5260 Regiis
3215 5203 3410 5246 uuarto

1833 5263 1885 5308 et
1908 5264 2060 5307 sexto
2085 5255 2394 5310 πεποίθετε.

1904 5323 2012 5392 (‘29)
2048 5322 2140 5377 Sic
2164 5339 2294 5397 mss.
2335 5335 2389 5380 et
2415 5319 2580 5397 editio
2626 5325 2816 5392 Basil.,
2861 5343 2960 5382 nec
3005 5329 3161 5382 aliter
3199 5329 3409 5397 legerat

1834 5392 2124 5468 interpres.
2159 5392 2264 5468 S_ed
2297 5409 2400 5468 vox
2429 5396 2744 5468 πρόσκαιρα
2768 5413 3056 5468 operarum
3081 5392 3406 5467 negligentia

1832 5461 1886 5536 in
1920 5463 2158 5536 editione
2190 5462 2363 5516 Paris.
2409 5461 2608 5520 omissa
2642 5461 2841 5520 fuerat.
2877 5467 2996 5521 Mox
3027 5461 3175 5520 mss:
3195 5461 3402 5536 septem

1835 5532 2400 5610 enixaeaparogmua
2430 5549 2496 5610 ex
2533 5550 2664 5590 voce
2694 5536 2748 5610 i_n
2771 5537 3016 5610 editione
3042 5537 3212 5590 Paris.
3254 5532 3409 5610 factae

1835 5604 2128 5684 suntque,
2162 5603 2642 5675 ὲπεΐκατάρατος.
2691 5605 2930 5662 Subinde
2975 5622 3105 5662 mss.
3161 5616 3272 5663 tres
3314 5606 3408 5661 ἐπί

1835 5687 1944 5726 τινι
1968 5689 2096 5728 των.

3023 5829 3092 5890 id
