3818 6220
1712 299 1773 353 S.
1812 297 2056 353 BASILII
2093 301 2307 352 MANV!
3544 308 3658 357 420

416 298 519 354 “9

415 417 525 473 boli
559 415 784 471 insidias
832 413 1119 484 pugnanti,
1174 412 1431 468 emittens
1484 413 1949 469 administratorio

2082 413 2368 483 σύμμαχος
2400 428 2565 467 παντι
2609 412 2688 484 τῷ
2731 413 3141 484 στρατευομένῳ
3180 414 3319 468 κατά
3358 414 3465 485 τῆς
3520 416 3659 486 μεθ-

362 548 365 551 -
413 510 638 582 spiritus
684 509 751 563 ad
805 507 1167 577 indigentium
1220 506 1470 562 salutem.
1537 505 1746 561 Invenit
1794 515 1949 559 auten

2076 505 2255 567 οδείας
2298 502 2392 557 τοῦ
2448 504 2716 569 διαϐόλου,
2766 504 3107 559 ἀποστέλλων
3179 506 3248 559 τά
3292 506 3656 578 λειτουργικὰ

412 598 628 657 amictio
664 612 877 654 omnem
916 597 1148 665 justum,
1182 598 1252 652 ob
1283 597 1408 651 vitae
1461 596 1765 651 institutam
1808 598 1948 652 ratio

2076 596 2360 666 πνεύματα
2413 596 2551 667 πρὸς
2594 596 2692 667 τὴν
2741 597 3012 668 σωτηρίαν
3051 597 3159 650 τῶν
3203 597 3501 669 δεομένων.
3543 601 3656 653 Εὑο

412 704 557 743 nem.
593 687 695 753 Qui
728 686 873 742 enim
917 685 1154 741 declinat
1195 686 1358 740 latam
1392 700 1457 739 ac
1489 686 1779 754 spatiosam
1809 686 1948 738 viam

2076 686 2249 757 ρίσκει
2287 686 2342 741 δὲ
2385 690 2418 758 ἡ
2469 687 2648 751 θλίψις
2689 688 2864 741 πάντα
2901 689 2992 741 τὸν
3031 689 3234 743 δίκαιον
3271 691 3357 744 διὰ
3398 692 3506 763 τὴν
3550 693 3654 745 τοῦ

412 780 655 834 ambulat
686 764 868 833 autem
914 790 1198 849 angustam
1248 788 1303 833 et
1348 788 1551 833 arctam
1594 780 1735 833 viam
1756 778 1824 843 “,
1863 780 1949 834 is:

2073 777 2188 846 βίου
2254 779 2617 850 ἐπιτήδευσιν.
2655 780 2714 832 Ὀ
2761 779 2869 850 γὰρ
2918 780 3179 834 ἐκκλίνων
3222 783 3318 852 μὲν
3342 782 3447 853 τὴν
3506 784 3652 836 πλα-

412 870 847 925 tribulationibus
877 870 1171 924 invenitur.
1217 869 1350 925 Rem
1380 873 1444 926 ad
1489 873 1670 925 vivum
1701 873 1945 941 expressi

2070 872 2218 923 τεῖαν
2263 871 2357 923 καὶ
2414 870 2727 942 εὐρύχωρον
2771 871 2909 935 ὁδὸν,
2959 872 3157 925 ὁδεύων
3202 873 3258 926 δὲ
3295 874 3396 942 τὴν
3450 874 3652 944 στενὴν

408 962 678 1031 Propheta
706 1001 722 1025 ,
757 976 879 1015 cum
915 962 1087 1014 dixit:
1120 961 1185 1014 In
1215 962 1660 1029 tribulationibus,
1692 980 1807 1034 qua:
1832 966 1949 1018 inve

2070 963 2163 1015 καὶ
2216 962 2619 1035 τεθλιμμένην,
2682 964 2995 1034 εὑρίσκεται
3048 965 3149 1017 ὑπὸ
3190 965 3298 1019 τῶν
3358 965 3626 1035 θλίψεων.

408 1065 594 1110 nerunt
628 1070 720 1107 nos
761 1054 935 1106 nimis.
992 1051 1101 1107 Nos
1132 1055 1276 1107 enim
1312 1069 1410 1109 ceu
1441 1056 1676 1109 animata
1714 1057 1949 1111 animali:

2082 1053 2368 1125 Ἑμψύχως
2428 1056 2519 1109 τὸν
2596 1055 2754 1122 λόγον
2811 1056 3174 1125 ἐσχημάτισεν
3239 1057 3268 1109 6
3339 1057 3649 1127 Προφήτης

406 1146 815 1216 deprehendunt
844 1144 1245 1208 tribulationes,
1281 1160 1400 1214 quae
1430 1146 1741 1215 patientiam
1773 1147 1949 1216 produt

2066 1147 2233 1200 είπὼν
2254 1164 2269 1179 ⁸
2315 1148 2415 1200 Ἐν
2437 1148 2681 1214 autem
2709 1146 2837 1211 ταῖς
2861 1148 3177 1214 εὐρούσαις
3206 1145 3361 1215 ἡμᾶς
3378 1147 3647 1215 σφόδρα.

406 1247 553 1303 cunt,
576 1247 632 1293 et
656 1252 749 1307 per
778 1236 1096 1305 patientiam
1133 1236 1504 1305 probationem
1530 1277 1544 1301 ,
1576 1246 1628 1289 et
1661 1252 1755 1304 per
1778 1238 1945 1306 proba

2068 1236 2275 1309 Ὠσπερ
2326 1237 2436 1308 γὰρ
2484 1236 2599 1301 ζῶα
2646 1236 2862 1307 ἔμψυχα
2916 1238 3419 1308 καταλαμϐάνουσιν
3472 1241 3647 1309 ἡμᾶς,

407 1333 606 1385 tionem
651 1344 799 1400 spem
824 1330 888 1381 ³⁸³.
921 1328 1068 1383 Unde
1096 1339 1152 1383 et
1176 1330 1467 1397 Apostolus
1488 1329 1565 1383 ait
1590 1346 1603 1382 :
1637 1328 1744 1383 Per
1771 1333 1949 1385 multa:

2064 1328 2424 1397 ἐργαζόμεναι
2455 1330 2751 1402 ὑπομονὴν,
2794 1330 2887 1383 καὶ
2926 1330 3012 1382 διὰ
3051 1330 3151 1399 τῆς
3176 1329 3460 1399 ὑπομονῆς
3497 1330 3649 1383 δοκιο

404 1422 772 1475 tribulatione:
800 1430 999 1488 oportet
1022 1436 1116 1475 nos
1138 1421 1333 1474 intrare
1357 1420 1410 1473 in
1434 1436 1644 1488 regnum
1659 1418 1848 1474 'Dei”.
1876 1419 1949 1485 Et,

2067 1416 2193 1487 μὴν,
2227 1420 2320 1473 καὶ
2343 1421 2431 1474 διὰ
2458 1422 2560 1491 τῆς
2584 1422 2810 1493 δοκιμῆς
2838 1422 3046 1474 ἐλπίδα.
3087 1420 3246 1474 Ὅθεν
3282 1422 3377 1474 καὶ
3412 1422 3444 1473 6
3493 1423 3652 1475 Ἀπό-

404 1514 588 1567 Ηαιιαν
616 1512 977 1567 tribulatione:
992 1513 1258 1582 justorum
1272 1513 1339 1567 "'.
1361 1513 1516 1581 172
1548 1511 1653 1567 Sed
1678 1515 1769 1581 qui
1798 1528 1949 1583 gene-

2064 1508 2247 1572 στολός
2273 1527 2403 1580 φησι
2424 1527 2436 1539 ·
2470 1512 2573 1566 Διὰ
2589 1511 2834 1566 πολλῶν
2863 1514 3127 1579 θλίψεων
3156 1512 3251 1565 δεῖ
3272 1510 3432 1581 ἡμᾶς
3449 1514 3653 1567 εἰσελ-

403 1620 526 1660 rose
543 1614 600 1659 et
623 1604 889 1674 intrepide
916 1604 1279 1657 tribulationis
1306 1606 1657 1658 teutationem
1688 1606 1949 1659 sustinue-

2062 1599 2187 1653 θεῖν
2225 1604 2309 1666 εἰς
2336 1602 2448 1668 τὴν
2472 1602 2798 1666 βασιλείαν
2828 1602 2934 1656 τοῦ
2960 1605 3104 1657 Θεοῦ
3146 1606 3292 1675 (50)·
3335 1607 3453 1668 καὶ,
3488 1610 3652 1659 Πολ-

402 1708 496 1761 rtt,
514 1696 656 1751 tiicet
676 1714 689 1749 :
710 1694 777 1748 In
804 1695 884 1748 Itis
908 1697 1143 1749 omnibus
1167 1711 1470 1763 superamus
1497 1708 1707 1764 propter
1736 1713 1854 1749 eum
1873 1713 1949 1765 qut

2062 1689 2165 1741 λαὶ
2199 1693 2258 1743 al
2292 1691 2531 1759 θλίψεις
2558 1690 2678 1745 τῶν
2716 1691 2981 1745 δικαίων.
3031 1693 3167 1745 Ἀλλ’
3194 1695 3223 1745 6
3246 1694 3517 1761 γενναίως
3550 1696 3649 1747 καὶ

400 1790 584 1843 dilexit
619 1803 711 1841 nos
732 1786 799 1840 ⁸⁸.
833 1787 911 1839 Ac
948 1796 1151 1839 tantum
1183 1790 1338 1840 abest
1370 1795 1430 1840 ut
1459 1787 1698 1841 animum
1729 1788 1949 1856 despon-

2062 1780 2351 1850 ἀταράχως
2380 1781 2470 1833 τὸν
2509 1783 2574 1835 ἐκ
2613 1782 2711 1852 τῆς
2746 1782 2976 1851 θλίψεως
3002 1758 3304 1854 πειρασμόν
3335 1786 3647 1855 ὑπομείνας

401 1883 549 1943 deat,
580 1895 643 1933 ac
692 1887 903 1947 torpeat
945 1877 997 1931 in
1031 1876 1497 1943 tribulationibus,
1533 1886 1592 1930 ut
1640 1877 1801 1930 etiam
1848 1876 1961 1947 glo-

400 1972 577 2027 riandi
612 1972 953 2027 occasionem
990 1984 1055 2023 ex
1102 1968 1365 2022 malorum
1399 1968 1767 2037 magnitudine
1796 1969 1959 2024 desu-

399 2076 530 2130 mat,
563 2065 750 2118 dicens
785 2080 800 2116 :
839 2061 959 2115 Non
1007 2062 1178 2115 solum
1214 2072 1411 2128 autem,
1441 2063 1530 2117 sed
1575 2072 1623 2115 et
1668 2062 1961 2132 gloriamur

398 2155 451 2207 in
488 2152 909 2207 tribulationibus
936 2152 1004 2204 9’.

464 2418 518 2471 5.
558 2417 721 2474 Vens.
753 2418 805 2471 5.
844 2414 1126 2484 Propterea
1152 2431 1253 2468 non
1286 2415 1577 2468 timebimus
1625 2414 1749 2467 dum
1780 2414 1958 2466 turba-

396 2522 480 2563 tur
508 2520 666 2573 terra,
700 2520 747 2563 et
790 2508 1183 2577 transferuntur
1208 2518 1404 2560 montes
1433 2508 1487 2559 in
1515 2507 1678 2561 corda
1705 2506 1953 2558 marium.

396 2602 645 2673 Magnam
686 2601 993 2655 ﬁrmitatem
1041 2600 1249 2654 ﬁduciae
1294 2598 1346 2651 in
1387 2597 1671 2652 Christum
1718 2598 1958 2651 ostendit

396 2697 657 2766 Propheta
688 2710 704 2747 :
736 2693 1013 2755 nimirum,
1052 2692 1269 2747 etiamsi
1310 2690 1493 2745 omnia
1546 2704 1763 2745 sursum
1797 2690 1956 2743 deor-

394 2804 508 2843 sum
543 2786 947 2857 provolvantur,
976 2784 1191 2839 etiamsi
1219 2792 1359 2838 terra
1384 2783 1597 2837 turbata
1631 2783 1953 2846 invertatur,

394 2878 605 2933 etiamsi
644 2885 875 2942 montes,
897 2874 1119 2944 propria
1150 2876 1280 2928 sede
1320 2872 1530 2937 relicta,
1556 2871 1956 2927 transferantur

394 2989 444 3025 in
472 2970 706 3025 medium
736 2984 907 3032 mare,
950 2966 1074 3021 Non
1105 2967 1398 3021 timebimus
1430 2982 1447 3019 :
1484 2966 1623 3034 quod
1659 2964 1824 3019 Deum
1857 2964 1952 3018 ba-

392 3075 611 3117 oeamus
640 3060 905 3130 refugium
935 3059 1299 3126 virtutemque
1337 3066 1390 3109 et
1434 3057 1735 3125 adjutorem
1766 3056 1816 3108 in
1851 3056 1946 3109 tri-
1976 3090 2023 3153 ϐ

392 3154 774 3217 uulati‘onibus,
804 3165 924 3220 quae
959 3149 1278 3202 invenerunt
1312 3162 1410 3201 nos
1446 3147 1625 3201 nimis.
1656 3145 1948 3213 Gtt-tinuum

392 3262 483 3302 cor
516 3246 844 3315 impavidum
886 3241 1053 3307 adeo,
1102 3240 1382 3306 cuiusnam
1418 3240 1778 3309 cogitationes
1816 3241 1951 3293 adeo

392 3347 516 3391 sunt
541 3334 963 3404 imperturbata,
995 3345 1055 3387 ut
1078 3332 1222 3386 illius
1251 3333 1464 3386 animus
1495 3332 1548 3385 in
1588 3340 1735 3384 tanta
1762 3330 1951 3385 confu-

391 3429 542 3484 sione
578 3426 651 3481 sit
695 3427 761 3480 ad
797 3425 965 3479 Deum
1003 3426 1263 3489 intentus,
1307 3440 1370 3477 ac
1406 3432 1625 3492 propter
1656 3424 1948 3491 repositam

390 3536 441 3573 in
469 3518 587 3587 ipso
630 3532 780 3586 spem
821 3532 887 3571 ex
926 3516 1074 3569 nullo
1120 3530 1302 3569 rerum
1337 3522 1533 3569 eventu
1566 3513 1951 3583 perturbetur?

389 3608 496 3663 Nos
524 3623 652 3662 vero
686 3607 919 3663 hominis
952 3607 1085 3662 iram
1119 3622 1223 3661 non
1255 3606 1619 3671 sustinemus;
1657 3616 1750 3659 aut
1783 3606 1951 3675 impe-

389 3711 534 3755 tente
569 3716 664 3755 nos
693 3714 849 3764 cane,
902 3709 997 3753 aut
1042 3698 1149 3753 alio
1207 3698 1400 3769 quovis
1449 3698 1690 3764 animali,
1724 3712 1830 3751 non
1884 3698 1950 3750 ad

389 3793 554 3845 Deum
589 3792 904 3861 respicimus
942 3791 1244 3860 adjutorem
1282 3800 1528 3847 nostrum
1563 3792 1616 3845 in
1649 3791 1950 3847 tribulatio-

388 3884 566 3950 nibus,
603 3885 697 3937 sed
753 3882 1038 3953 stupefacti
1078 3883 1146 3937 ad
1199 3898 1297 3937 nos
1346 3884 1495 3953 ipsos
1556 3885 1947 3938 convertimur.

391 3972 555 4029 Vsus.
589 3973 644 4028 4.
680 3973 977 4028 Sonuerunt
1024 3984 1072 4027 et
1120 3974 1344 4028 turbatae
1391 3986 1510 4027 sunt
1552 3990 1701 4043 aqua:
1749 3989 1946 4027 eorum.

388 4067 534 4121 Dixit
580 4066 784 4119 telluris
835 4064 1301 4120 conturbatiOnem
1361 4080 1427 4119 ac
1457 4066 1718 4120 montium
1770 4075 1949 4121 trans-

386 4157 638 4213 lationem
687 4175 703 4211 :
753 4157 921 4213 maris
968 4172 1183 4227 quoque
1238 4160 1657 4214 commotionem
1712 4158 1846 4213 dicit
1896 4167 1951 4212 et

386 4252 741 4312 eversionem,
788 4250 1059 4304 montibus
1097 4251 1147 4304 in
1197 4251 1433 4305 medium
1483 4250 1707 4320 pelagus
1740 4250 1948 4305 ruenti-

386 4342 503 4397 bus.
531 4339 826 4395 Souuerunt
847 4350 893 4393 et
919 4341 1140 4394 turbata:
1164 4350 1286 4394 sunt
1308 4356 1459 4410 aqua:
1479 4357 1690 4405 eorum;
1718 4343 1948 4395 marium

2061 1873 2195 1944 ἐρεῖ,
2223 1873 2304 1925 ὃτι
2344 1873 2447 1927 Ἐν
2468 1874 2700 1939 τούτοις
2728 1874 2919 1929 πᾶσιν
2954 1876 3361 1944 ὑπερνικῶμεν
3395 1877 3503 1929 διὰ
3534 1877 3647 1931 τοῦ

2057 1965 2483 2035 ἀγαπήσαντος
2508 1965 2683 2035 ἡμᾶς.
2729 1969 2840 2021 Καὶ
2880 1968 3130 2021 τοσοῦτον
3170 1969 3361 2038 ἀπέχει
3387 1970 3646 2040 unain

2057 2058 2151 2110 καὶ
2188 2058 2447 2111 ἀποκνεῖν
2478 2059 2537 2113 ἐν
2581 2062 2701 2121 ταῖς
2734 2059 2995 2129 θλίψεσιν,
3030 2062 3111 2113 ὅτι
3157 2062 3248 2114 καὶ
3280 2064 3645 2132 καυχήματος

2057 2148 2308 2221 ἀφορμὴν
2349 2150 2408 2202 τὸ
2439 2149 2768 2222 ὑπερϐάλλον
2798 2150 2906 2204 τῶν
2951 2151 3135 2204 κακῶν
3166 2154 3399 2203 ποιεῖται
3441 2152 3642 2220 λέγων,

2056 2240 2137 2291 ὅτι
2168 2242 2248 2293 Οὐ
2274 2242 2468 2309 μόνον
2508 2240 2596 2304 δὲ,
2643 2241 2803 2296 ἀλλὰ
2842 2242 2939 2295 καί
2991 2242 3357 2311 καυχώμενοι
3391 2244 3469 2296 ἐν
3514 2244 3645 2309 ταῖς

2057 2328 2324 2395 θλίψεσι.

2126 2418 2179 2471 5.
2225 2419 2326 2472 Διὰ
2366 2418 2540 2472 τοῦτο
2579 2421 2650 2473 οὐ
2686 2421 3142 2490 φοϐηθησόμεθα
3184 2421 3253 2474 ἐν
3293 2422 3377 2487 τῷ
3409 2422 3614 2491 ταρόσ

2056 2514 2268 2565 σεσθαι
2285 2512 2400 2578 τὴν
2421 2510 2556 2580 γῆν,
2588 2513 2683 2565 καί
2704 2513 3115 2581 μετατίθεσθαι
3143 2514 3248 2583 ὅρη
3272 2515 3347 2567 ἐν
3366 2514 3644 2583 καρδίαις

2056 2601 2402 2656 θαλασσῶν.
2444 2602 2603 2670 Μέγα
2627 2604 2987 2656 ἐπιδείκνυται
3020 2605 3079 2657 τὸ
3113 2605 3399 2676 στερέωμα
3426 2607 3535 2676 τῆς
3564 2609 3645 2669 εἰς

2054 2694 2287 2765 Χριστὸν
2339 2694 2717 2765 πεποιθήσεως
2764 2697 2874 2766 (51)
2926 2698 2955 2749 6
3007 2696 3335 2768 Προφήτης,
3385 2698 3477 2750 ὅτι
3538 2699 3643 2751 κᾶν

2053 2788 2233 2840 πάντα
2283 2786 2394 2839 ἄνω
2424 2786 2517 2839 καὶ
2550 2787 2699 2840 κάτω
2738 2789 2975 2859 γίνηται,
3022 2788 3122 2841 κᾶν
3148 2791 3181 2859 ἡ
3224 2789 3294 2858 γῆ
3332 2789 3646 2859 στρέφηται

2051 2878 2429 2949 ταρασσομένη
2449 2918 2463 2940 ,
2503 2878 2605 2932 κᾶν
2632 2880 2700 2933 τὰ
2732 2880 2833 2951 ὅρη
2860 2879 2956 2951 τὴν
2986 2879 3188 2933 οίκείαν
3216 2878 3381 2950 ἕδραν
3408 2883 3644 2935 καταλι-

2053 2972 2221 3023 πόντα
2241 3010 2255 3033 ,
2287 2970 2420 3040 πρὸς
2456 2969 2525 3022 τά
2564 2970 2703 3040 μέσα
2739 2971 3053 3041 μεθίσταται
3084 2971 3183 3042 τῆς
3212 2970 3528 3043 θαλάσσης·
3561 2976 3646 3027 Οὐ

2052 3064 2526 3131 φοϐηθησόμεθα,
2560 3061 2647 3115 διὰ
2674 3062 2732 3115 τὸ
2756 3062 2897 3131 ἔχειν
2923 3063 3013 3116 τὸν
3033 3063 3164 3116 Θεὸν
3193 3065 3526 3133 καταφυγὴν
3550 3066 3643 3116 καὶ

2051 3153 2278 3224 δύναμιν
2304 3154 2399 3207 καὶ
2442 3152 2634 3224 βοηθὸν
2665 3154 2721 3206 ἐν
2749 3154 2960 3223 θλίψεσι
2998 3156 3117 3217 ταῖς
3150 3154 3446 3224 εὑρούσαις
3491 3156 3643 3225 ἡμᾶς

2054 3247 2280 3318 σφόδρα.
2319 3246 2473 3309 Τίνος
2506 3245 2677 3309 οὑτως
2715 3246 2985 3317 ἀπτόητος
3018 3248 3051 3316 ή
3096 3245 3325 3314 καρδία,
3358 3246 3512 3309 τίνος
3550 3248 3641 3298 οὔ·

2050 3353 2158 3398 τως
2205 3335 2465 3405 ἀτάραχοι
2515 3335 2565 3385 οἱ
2617 3333 2884 3403 λογισμοὶ,
2934 3332 3075 3385 ὥστε
3121 3335 3178 3385 ἐν
3211 3336 3276 3403 τῇ
3327 3333 3637 3404 τηλικαύτῃ

2054 3427 2311 3497 συγχύσει
2360 3426 2614 3481 τετάσθαι
2658 3430 2725 3497 τῇ
2771 3428 2979 3499 διανοίᾳ
3031 3428 3167 3498 πρὸς
3204 3429 3295 3481 τὸν
3334 3427 3495 3494 Θεὸν,
3544 3432 3641 3483 καὶ

2050 3523 2138 3577 διὰ
2168 3522 2266 3593 τὴν
2310 3521 2445 3591 πρὸς
2478 3521 2637 3573 αὑτὸν
2666 3521 2873 3584 ἐλπίδα,
2907 3523 2998 3573 ἐπὶ
3042 3520 3232 3591 μηδενὶ
3271 3521 3383 3574 τῶν
3409 3524 3639 3592 γινομέ-

2051 3629 2157 3665 νων
2200 3612 2625 3683 ἐκπλήττεσθαι;
2678 3612 2866 3681 Ἡμεῖς
2909 3612 2964 3664 δέ
3007 3611 3289 3681 ἀνθρώπου
3321 3615 3497 3685 ὀργὴν
3535 3617 3640 3684 οὐχ

2052 3703 2425 3773 ὑπομένομεν·
2467 3702 2500 3773 ἢ
2548 3702 2707 3764 κυνὸς
2752 3702 3172 3773 ἐπιδραμόντος,
3222 3703 3255 3773 ἢ
3289 3703 3450 3757 ἄλλου
3486 3705 3636 3767 τινος

2051 3794 2260 3867 θηρίου,
2289 3796 2349 3848 οὑ
2381 3794 2514 3865 πρὸς
2545 3793 2676 3845 Θεὸν
2703 3794 3081 3864 ἀποϐλέπομεν
3111 3794 3203 3847 τὸν
3234 3794 3428 3864 βοηθὸν
3469 3796 3636 3866 ἡμῶν

2051 3889 2107 3940 ἐν
2139 3890 2259 3948 ταῖς
2292 3886 2552 3955 θλίψεσιν,
2588 3884 2724 3938 ἀλλά
2764 3885 3179 3955 διαπτοηθέντες
3394 3888 3637 3950 ἑαυτοὺς

2052 3976 2507 4049 ἐπιστρεφόμεθα.
2557 3978 2836 4043 Ἥχησαν
2905 3977 3002 4029 καὶ
3078 3976 3503 4045 ἐταράχθησαν
3558 3979 3638 4033 τὰ

2050 4068 2239 4122 ὕδατα
2268 4066 2482 4120 αὐτῶν.
2520 4064 2652 4119 Εἶπε
2680 4067 2782 4137 γῆς
2817 4068 3079 4139 ταραχὴν,
3106 4070 3198 4121 καὶ
3228 4069 3370 4137 ὀρῶν
3398 4070 3637 4139 μετάθε-

2053 4173 2136 4209 σιν
2157 4174 2168 4186 ·
2200 4156 2347 4223 λέγει
2372 4157 2465 4209 καὶ
2486 4156 2757 4228 θαλάσσης
2786 4158 2945 4210 σάλον
2981 4159 3072 4211 καὶ
3098 4159 3428 4230 ἀνατροπὴν,
3461 4161 3635 4229 μέσον

2051 4245 2157 4299 τῶν
2200 4248 2368 4317 ὀρέων
2410 4250 2520 4309 τοῖς
2568 4247 2859 4317 πελάγεσιν
2899 4248 3297 4319 ἐμπιπτόντων.
3350 4252 3637 4319 Ἦχησαν

2052 4339 2146 4391 καὶ
2170 4338 2588 4407 ἐταράχθησαν
2612 4339 2683 4393 τὰ
2708 4340 2895 4394 ὕδατα
2928 4340 3125 4395 αὐτῶν
3147 4358 3161 4372 ⁸
3203 4343 3309 4394 τῶν
3341 4341 3636 4395 θαλασσῶν

386 4429 651 4486 videlicet.
700 4428 1025 4497 Ampliorem
1077 4437 1253 4483 autem
1305 4430 1765 4498 perturbationem
1799 4430 1947 4484 exci-

2062 4428 2308 4498 Ξηλονότι.
2372 4429 2494 4480 Ἐπὶ
2526 4428 2685 4482 πλέον
2727 4429 2783 4481 δὲ
2824 4433 3056 4483 ποιεῖται
3102 4429 3199 4501 τὴν
3245 4430 3356 4501 ('59.)
3409 4433 3471 4483 ἐν
3518 4436 3633 4496 τοῖς

382 4530 503 4574 tant
528 4521 579 4573 in
608 4519 761 4588 aquis
790 4529 1001 4575 montes
1032 4519 1156 4588 ipsi,
1191 4520 1233 4573 si
1261 4520 1311 4572 in
1339 4520 1469 4573 mari
1502 4519 1641 4573 lirmi
1669 4535 1774 4573 non
1797 4532 1945 4586 sunt,

384 4609 476 4663 sed
511 4610 725 4678 propria
752 4609 1047 4678 agitatione
1082 4609 1304 4662 multum
1342 4609 1498 4677 aquis
1538 4608 1769 4664 alierunt
1800 4624 1945 4663 com-

386 4699 657 4752 motionis.
694 4697 825 4751 Cum
866 4698 1028 4767 igitur
1065 4706 1208 4750 terra
1238 4698 1503 4760 turbatur,
1544 4705 1599 4751 et
1634 4711 1785 4765 aquae
1831 4712 1947 4749 ma-

386 4790 522 4842 rium
561 4789 722 4843 edent
755 4802 966 4850 sonum,
995 4796 1049 4841 et
1083 4802 1147 4840 ex
1194 4787 1459 4856 profundo
1491 4786 1772 4849 ebullient,
1820 4801 1941 4840 cum

388 4888 597 4931 montes
655 4879 1053 4933 transferuntur
1103 4888 1157 4933 et
1204 4878 1663 4947 perturbationem
1722 4876 1944 4931 multam

384 4970 690 5036 sustinent,
747 4986 843 5038 per
884 4980 1295 5040 exsuperantem
1346 4968 1558 5025 Domini
1604 4970 1941 5037 potentiam:

389 5070 535 5125 tunc,
573 5062 771 5130 inquit,
818 5077 913 5115 cor
955 5064 1403 5131 imperturbatum
1453 5070 1759 5130 permanet,
1806 5060 1949 5129 quod

455 5157 502 5188 “
532 5157 717 5210 Matth.
757 5173 851 5221 vn,
890 5158 1092 5225 13,14.
1206 5157 1251 5189 ⁸⁵
1292 5156 1447 5211 Rom.
1492 5172 1543 5220 ν,
1584 5156 1638 5220 5,
1670 5154 1728 5208 4.

424 5226 468 5257 ⁹⁹
508 5226 663 5279 Rom.
705 5243 757 5290 ν,
801 5228 855 5280 5.

459 5338 570 5406 (50)
601 5337 672 5390 Ita
707 5354 836 5392 mss.
866 5353 1053 5391 novem
1072 5353 1194 5391 cum
1222 5337 1433 5405 vulgato
1460 5336 1754 5403 Scriptum
1774 5346 1939 5389 textu.

389 5405 525 5485 Editi
556 5408 653 5529 την
684 5407 956 5477 βασιλείαν
979 5407 1083 5487 τῷν
1102 5406 1361 5476 οὐρανῶν.
1391 5407 1504 5459 Mox
1525 5406 1785 5459 editicum
1811 5407 1942 5486 [{eg.

389 5487 574 5529 uutnto
662 5480 923 5529 γενναῖος.
960 5478 1066 5529 Alli
1102 5493 1193 5529 sex
1236 5492 1366 5529 mss.
1408 5479 1437 5528 6
1464 5474 1749 5529 γενναίως.
1784 5484 1838 5528 et
1870 5485 1942 5529 tta

388 5474 628 5545 μυίηωὸ
662 5474 923 5545 γενναῖος.
960 5478 1066 5529 Alii
1102 5474 1193 5530 seu
1236 5492 1366 5531 mss.
1408 5479 1437 5528 6
1464 5474 1749 5543 γενναίως,
1784 5484 1838 5528 et
1870 5476 1943 5529 ita

388 5542 838 5610 legendum‘esse,
871 5549 914 5601 si
948 5562 1053 5600 non
1110 5548 1338 5603 aliunde.
1368 5556 1418 5597 at
1468 5542 1532 5598 ex
1583 5547 1825 5614 proxima
1862 5552 1943 5597 ta-

389 5628 508 5686 men
527 5629 659 5686 voce
686 5617 993 5686 ἀταράχως,
1020 5615 1177 5683 plane
1211 5624 1502 5686 constaret.

461 5681 569 5733 (511
597 5683 685 5735 Sic
727 5681 1034 5740 ocio'mssf
1058 5698 1177 5738 cum
1210 5686 1442 5737 editione
1490 5684 1649 5739 Basil.
1691 5683 1758 5737 At
1789 5682 1937 5737 Colb.

2056 4518 2210 4570 ὕδασι
2242 4519 2484 4589 ταραχὴν
2526 4521 2665 4574 αὑτά
2707 4521 2777 4574 τὰ
2820 4522 2921 4591 ὅρη
2970 4522 3043 4592 μὴ
3079 4521 3395 4591 ἐνιδρυμένα
3428 4526 3497 4593 τῇ
3532 4525 3630 4575 θα·-

2058 4608 2250 4678 λάσσῃ,
2278 4609 2411 4663 ἀλλὰ
2454 4610 2531 4680 τῷ
2559 4611 2742 4681 οἰκείῳ
2777 4610 2921 4682 σάλῳ
2959 4612 3125 4664 πολὺν
3157 4611 3491 4679 ἐμποιοῦντα
3533 4614 3630 4665 τὸν

2054 4699 2237 4753 κλόνον
2270 4704 2379 4765 τοῖς
2411 4703 2616 4755 ὕδασιν.
2651 4703 2780 4754 Ὅτε
2808 4704 2986 4755 τοίνυν
3126 4704 3223 4772 μὲν
3258 4704 3332 4773 γῆ
3360 4706 3630 4776 ταράσσει

2050 4807 2161 4855 ται,
2200 4791 2365 4845 ὕδατα
2406 4793 2461 4846 δὲ
2489 4792 2771 4847 θαλασσῶν
2805 4796 2994 4863 ὴχήσει
3030 4795 3120 4847 καί
3152 4794 3629 4866 ἀναϐρασθήσεται

2053 4885 2117 4936 ἐκ
2148 4885 2342 4953 βυθῶν,
2372 4886 2471 4957 ὅρη
2496 4888 2553 4940 δὲ
2584 4886 2927 4956 μετατίθεται
2951 4887 3042 4939 καὶ
3068 4886 3234 4938 πολὺν
3256 4887 3518 4957 ὑπομένει
3540 4889 3629 4939 τὸν

2053 4975 2307 5044 τάραχον,
2339 4976 2425 5029 διὰ
2459 4976 2517 5029 τὸ
2557 4974 2893 5046 ὑπερϐάλλον
2936 4974 3032 5044 τῆς
3068 4974 3353 5043 δυνάμεως
3384 4974 3484 5027 τοῦ
3520 4977 3628 5029 Kac

2060 5063 2205 5133 ρίου·
2238 5066 2378 5131 τότε,
2412 5068 2598 5137 φησὶν,
2627 5068 2897 5137 ἀπτόητος
2920 5066 3075 5137 ἡμῶν
3109 5073 3141 5138 ὴ
3170 5067 3369 5138 καρδία
3399 5068 3496 5121 τοῦ
3526 5072 3628 5122 eis-

1843 5155 1892 5186 "
1926 5154 2047 5209 Act.
2092 5174 2202 5222 xw,
2244 5160 2333 5215 21.
2409 5163 2455 5193 ³⁷
2497 5162 2640 5218 Psal.
2682 5177 2877 5228 xum,
2916 5164 3006 5216 ‘20.
3083 5163 3130 5193 ”
3171 5162 3330 5216 Rom.
3374 5180 3493 5225 vm,
3536 5165 3623 5219 ‘57.

2050 5345 2237 5406 sextus
2266 5345 2321 5406 et
2344 5335 2519 5406 reditio
2551 5336 2726 5389 Paris.
2769 5337 2871 5406 τῆς
2916 5338 2997 5398 εἰς
3030 5334 3172 5406 θεὸν
3225 5335 3627 5404 πεποιθήσειικ.

2123 5404 2234 5473 (59..)
2262 5405 2412 5458 Colb.
2441 5408 2648 5475 primus
2688 5400 2973 5476 ποιεῖ’τήν.
3026 5400 3135 5476 Nec
3165 5400 3460 5476 ita_ntulto
3486 5407 3625 5457 intra

2052 5472 2455 5542 quinque'mss.
2488 5491 2609 5528 cum
2641 5476 2879 5529 editione
2909 5472 3086 5527 'Basil.
3119 5472 3402 5528 ποιοῦντα.
3446 5476 3627 5527 Editiu

2051 5559 2180 5597 vero
2220 5543 2394 5599 Paris.
2442 5561 2563 5599 cum
2595 5546 2746 5598 Colb.
2790 5555 2944 5598 sexto
2973 5542 3329 5611 ἐμποιοῦντα.
3388 5546 3628 5598 Subinde

2050 5629 2181 5737 Luss.
2222 5626 2332 5667 tres
2371 5618 2403 5686 ἡ
2437 5616 2532 5685 μὲν
2566 5614 2659 5683 γῆ.
2706 5612 2903 5669 Vocula
2934 5614 3034 5685 μέν
3067 5615 3119 5667 in
3153 5616 3316 5668 editis
3347 5614 3627 5669 desidera—

2090 5695 2229 5737 atur.

2090 5695 2229 5737 ιιιιιν.
