3818 6220
151 357 240 413 421
1255 354 1543 408 HOMILIA
1580 359 1645 406 IN
1687 359 1706 404 Ι

1811 353 2020 405 ιιΑΜυΜ
2064 356 2218 405 ΜΝ.

3273 356 3379 411 ⁸22

153 476 316 545 φαλεῖς
363 473 456 527 καὶ
504 471 726 542 βεϐαίας
773 472 916 542 ἒχειν
971 474 1064 526 ἐπὶ
1113 471 1244 525 Θεὸν
1302 472 1401 535 τὰς
1457 472 1700 534 ἐλπίδας.

1811 480 1954 526 tutas
1987 472 2283 539 firmesque
2323 470 2375 524 in
2409 469 2520 527 Deo
2553 485 2682 541 spes
2724 470 2944 528 habeat.
3005 471 3224 528 Turbati
3260 483 3382 529 sunt

163 565 588 636 Ἐταράχθησαν
615 567 689 620 τὰ
720 566 824 634 ὅρη
857 565 927 618 ἐν
957 564 1032 633 τῇ
1071 565 1445 633 κραταιότητι
1491 565 1699 619 αὐτοῦ.

150 657 360 710 Δύνασαι
387 657 480 709 καὶ
514 656 791 728 τροπικῶς
817 655 1066 710 ἐκλαϐεῖν
1092 656 1191 728 τὴν
1219 656 1458 710 διάνοιαν
1482 656 1576 708 τοῦ
1608 659 1703 726 ρη-

150 746 254 811 τοῦ,
286 747 386 816 ὄρη
427 747 710 818 ὀνομάζων
749 747 876 812 τοὺς
926 747 1460 819 μεγαλοφρονοῦντας
1490 748 1583 801 ἐπὶ
1626 749 1733 818 τῷ,

151 839 334 892 ἑαυτῶν
385 839 623 908 μεγέθει,
670 838 998 907 ἀγνοοῦντας
1045 839 1102 891 δέ
1148 839 1247 910 τὴν
1276 840 1370 893 τοῦ
1403 839 1537 893 Θεοῦ
1567 857 1704 912 κρα-

149 932 406 1002 ταιότητα,
435 931 531 984 κα)⁵
552 931 823 1002 ὐπερυψου
833 932 1025 1002 μένους
1053 932 1194 985 κατὰ
1220 933 1320 1004 τῆς
1339 933 1594 1000 γνώσεως
1610 934 1703 987 τοῦ

149 1022 292 1090 Θεοῦ,
325 1019 443 1076 εἶτα
488 1023 821 1094 νικωμένους
855 1023 958 1076 ὐπὸ
985 1022 1092 1078 τῶν
1133 1023 1271 1094 μετὰ
1301 1024 1582 1094 δυνάμεως
1613 1026 1706 1078 καὶ

151 1115 324 1184 σοφίας
347 1113 753 1185 πρεσϐευόντων
781 1115 872 1167 τὸν
898 1115 995 1186 τῆς
1023 1115 1214 1185 σοφίας
1241 1115 1419 1184 λόγον,
1446 1117 1542 1171 καὶ⁹
1567 1117 1705 1187 μετὰ

143 1201 238 1272 τὴν
265 1201 602 1272 συναίσθησιν
635 1203 732 1273 τῆς
771 1202 980 1256 ἑαυτῶν
1023 1204 1296 1274 πτωχείας
1340 1205 1706 1275 φοϐουμένους

141 1293 228 1345 τὸν
259 1292 476 1364 Κύριον,
514 1293 608 1346 καὶ
639 1294 1202 1364 ὐποταπεινουμένους
1252 1297 1318 1366 τῇ
1355 1296 1706 1366 κραταιότητι

142 1381 317 1436 αὐτοῦ.
358 1384 427 1435 Ἦ
456 1383 598 1454 τάχα
633 1384 727 1438 καὶ
757 1385 807 1436 oi.
841 1385 1098 1455 ἄρχοντες
1127 1384 1222 1438 τοῦ
1262 1385 1456 1449 αἰῶνος
1493 1386 1703 1450 τούτου,

141 1475 232 1528 καὶ
253 1475 478 1545 πατέρες
504 1475 604 1546 τῆς
635 1476 1014 1546 ἀπολλυμένης
1049 1476 1261 1544 σοφίας,
1294 1475 1398 1546 ὅρη
1429 1477 1522 1531 καὶ
1554 1478 1708 1531 αὐτοὶ

139 1567 392 1637 λέγονται,
421 1569 814 1640 ταρασσόμενοι
857 1570 914 1621 ἐν
943 1572 1008 1640 τῇ
1040 1568 1132 1621 τοῦ
1165 1568 1403 1641 Χριστοῦ
1443 1569 1705 1640 κραταιό-

138 1675 290 1727 τητι,
318 1660 380 1728 ἣν
407 1659 464 1712 ἐν
489 1658 568 1730 τῷ
602 1659 770 1728 ἀγῶνι
798 1659 886 1712 διὰ
920 1659 1014 1713 τοῦ
1048 1660 1280 1731 σταυροῦ
1308 1661 1420 1729 (55)
1451 1660 1586 1730 πρὸς
1618 1660 1708 1714 τὸν

137 1749 198 1801 τὸ
223 1749 413 1820 κράτος
446 1749 637 1821 έχοντα
663 1752 755 1804 τοῦ
804 1752 1035 1806 θανάτου
1066 1751 1397 1816 ἐπεδείξατο.
1449 1753 1705 1805 Ἀπεκδυ-

1809 573 2006 616 montes
2051 563 2106 615 in
2148 562 2458 630 fortitudine
2483 562 2620 632 ejus.
2656 562 2817 619 Potes
2846 564 3010 618 etiam
3045 565 3173 621 dicti
3222 566 3383 634 hujus

1806 668 2021 708 sensum
2049 669 2148 724 per
2172 655 2545 722 metaphoram
2572 669 2867 725 exponere,
2887 666 3087 711 montes
3107 656 3384 727 appellans

1804 757 1920 809 eos,
1957 743 2049 812 qui
2091 742 2161 797 ob
2211 758 2365 796 suam
2410 743 2836 812 magnitudinem
2887 745 3239 812 insolescunt,
3283 746 3384 802 Dei

1805 843 1935 882 vero
1967 829 2337 884 fortitudinem
2377 831 2650 900 ignorant,
2702 840 2758 887 et
2789 833 3059 889 extollunt
3097 850 3218 892 sese
3251 850 3385 890 con~

1807 927 1888 973 tra
1931 918 2026 974 Dei
2066 920 2347 975 scientiam
2386 939 2400 975 :
2441 922 2534 991 qui
2589 931 2766 977 tamen
2812 927 3152 994 postmodum
3195 928 3264 982 ab
3314 927 3383 982 iis

1807 1014 1898 1082 qui
1951 1029 2075 1067 eum
2129 1014 2331 1068 virtute
2383 1021 2438 1069 et
2492 1015 2756 1084 sapientia
2821 1017 3046 1072 verbum
3103 1019 3386 1090 sapientiae

1805 1104 2128 1172 praedicant,
2174 1115 2504 1174 superantur
2535 1107 2943 1178 vincunturque
2966 1149 2982 1175 ,
3018 1119 3072 1165 et
3097 1125 3208 1166 sua:
3237 1111 3386 1180 ipso-

1809 1214 1927 1252 rum
1967 1200 2164 1269 inopia:
2209 1200 2338 1254 facti
2368 1201 2597 1267 conscii,
2629 1203 2823 1257 timent
2863 1203 3172 1268 Dominum,
3219 1220 3286 1260 ac
3323 1219 3385 1258 se

1810 1291 1930 1360 ejus
1965 1292 2223 1360 potentia:
2255 1293 2599 1348 submittunt.
2655 1299 2761 1349 Aut
2804 1294 3056 1350 fortassis
3086 1307 3140 1350 et
3175 1296 3385 1364 princi-

1810 1398 1905 1452 pes
1939 1385 2123 1439 saeculi
2177 1385 2358 1452 hujus,
2416 1395 2473 1440 et
2525 1397 2708 1455 patres
2764 1387 3046 1456 sapientis:
3102 1389 3381 1456 periturae;

1809 1480 2006 1526 montes
2035 1473 2289 1528 dicuntur
2327 1483 2383 1528 et
2412 1473 2535 1544 ipsi,
2568 1477 2660 1544 qui
2707 1477 2908 1532 turbati
2937 1486 3063 1532 sunt
3094 1479 3145 1532 in
3180 1477 3384 1534 Christi

1816 1560 2165 1629 fortitudine,
2197 1580 2358 1634 quam
2392 1566 2443 1620 in
2479 1567 2661 1623 crucis
2689 1569 2987 1623 certamine
3028 1577 3222 1624 contra
3257 1583 3382 1624 eum

1809 1654 1902 1722 qui
1948 1654 2232 1724 imperium
2297 1659 2490 1712 mortis
2546 1658 2821 1725 habebat,
2869 1661 3126 1715 ostendit.
3176 1662 3385 1716 Exutus

1811 1743 1956 1797 enim
1985 1744 2151 1799 veluti
2182 1759 2480 1815 generosus
2510 1749 2782 1818 quispiam
2830 1750 3057 1815 athleta,
3105 1751 3382 1820 principa-

140 1841 363 1910 σάμενος
389 1842 520 1913 γὰρ,
553 1842 739 1916 ὥσπερ
780 1861 864 1908 τις
901 1847 1144 1912 γενναῖος
1199 1844 1526 1916 ἀγωνιστὴς,
1570 1862 1704 1898 κατ-

1811 1841 1895 1888 tus
1928 1847 1993 1888 ac
2028 1843 2324 1903 potestates
2372 1839 2684 1907 superavit,
2728 1855 2794 1894 ac
2833 1839 3124 1895 Ostenlavit
3175 1840 3380 1911 palam,

136 1933 392 1986 επάλαισε
425 1934 522 1997 τὰς
555 1934 729 2005 ἀρχὰς
773 1937 869 1990 καὶ
899 1936 999 2000 τὰς
1031 1935 1282 2002 ’ἐξουσίας
1303 1978 1316 2002 ,
1361 1936 1457 1990 καὶ
1497 1936 1708 2006 Ἑδειγ-

126 2023 380 2094 μάτισεν
402 2025 472 2078 ἐν
502 2027 826 2094 παρῤησίᾳ,
854 2029 1250 2097 θριαμϐεύσας
1280 2007 1502 2093 αὐτοὺς
1526 2029 1596 2081 ἐν
1628 2027 1708 2092 τῷ

137 2117 321 2184 ξύλῳ.

206 2208 260 2263 4.
300 2209 407 2262 Τοῦ
441 2209 707 2278 ποταμοῦ
741 2209 813 2263 τὰ
843 2210 1150 2279 ὁρμήματα
1174 2212 1567 2280 εὐφραίνουσι
1594 2212 1706 2283 (54)

133 2297 251 2364 τὴν
283 2298 460 2351 πόλιν
495 2298 601 2351 τοῦ
642 2298 808 2352 Θεοῦ.
850 2298 930 2351 Τὰ
965 2299 1064 2368 μὲν
1102 2300 1322 2371 ἁλμυρὰ
1364 2300 1534 2356 ὕδατα
1581 2319 1710 2372 σφο-

131 2391 275 2461 δρῶς
298 2390 401 2443 ὐπὸ
431 2390 538 2443 τῶν
565 2391 887 2460 πνευμάτων
912 2391 1358 2464 ἐκταρασσόμενα
1383 2394 1593 2466 ἤχησαν
1615 2397 1710 2450 καὶ

131 2482 509 2552 ἐταράχθησαν
528 2499 544 2514 ο
575 2482 643 2536 τὰ
668 2483 724 2536 δὲ
753 2483 846 2536 τοῦ
873 2483 1118 2554 ποταμοῦ
1150 2485 1293 2556 ὁρμή
1303 2503 1447 2556 ματα
1473 2487 1710 2558 ἀψοφητὶ

132 2573 409 2644 προϊόντα,
439 2573 533 2625 καὶ
560 2573 734 2645 ἡσυχῆ
767 2577 880 2638 τοῖς
907 2575 1076 2640 ἀξίοις
1106 2575 1205 2645 τῆς
1247 2576 1510 2648 ὑποδοχῆς
1556 2581 1712 2651 ἐπιρ-

132 2663 346 2734 ρέοντα,
379 2665 722 2734 εὐφραίνουσι
749 2665 848 2736 τὴν
879 2667 1032 2720 πόλιν
1061 2668 1154 2722 τοῦ
1199 2668 1356 2724 Θεοῦ.
1403 2671 1513 2725 Καὶ
1555 2671 1650 2724 νῦν
1683 2675 1712 2726 ὁ

126 2755 340 2818 δίκαιος
381 2756 527 2808 πίνει
571 2755 634 2809 τὸ
679 2757 786 2820 ζῶν
819 2757 982 2829 ὕδωρ,
1032 2759 1125 2812 καὶ
1163 2758 1389 2832 ὕστερον
1431 2762 1488 2814 δέ
1527 2764 1711 2817 πίεται

125 2844 528 2916 ἀφθονώτερον,
572 2845 732 2917 ἡνίκα
765 2847 831 2900 ἂν
879 2847 1319 2922 πολιτογραφηθῇ
1364 2852 1422 2905 ἐν
1461 2855 1528 2924 τῇ
1561 2854 1711 2908 πόλει

122 2937 224 2989 τοῦ
253 2935 406 2990 Θεοῦ.
451 2938 610 2992 Ἀλλὰ
653 2937 748 2992 νῦν
785 2940 881 3010 μὲν
919 2941 984 2994 δι’
1019 2941 1282 3012 ἐσόπτρου
1313 2945 1408 2998 καὶ
1435 2945 1493 2998 ἐν
1533 2948 1712 3016 αἰνίγ-

135 3047 276 3098 ματι
330 3030 510 3093 πίνει,
564 3031 651 3085 διὰ
696 3032 794 3102 τὴν
844 3034 986 3087 κατὰ
1021 3034 1193 3106 βραχὺ
1244 3036 1550 3109 κατάληψιν
1604 3040 1712 3094 τῶν

122 3119 292 3196 θείων
323 3118 692 3191 θεωρημάτων
715 3139 728 3151 ·
765 3121 885 3175 τότε
911 3123 967 3176 δέ
997 3125 1132 3194 ὁμοῦ
1161 3125 1594 3199 πλημμυροῦντα
1618 3130 1709 3183 τὸν
1737 3165 1783 3227 c

121 3209 374 3278 ποταμὸν
405 3209 740 3275 ὑποδέξεται,
777 3212 958 3264 πᾶσαν
1005 3211 1071 3264 δι’
1106 3214 1445 3287 εὐφροσύνης
1485 3218 1708 3272 ἐπικλύ-

119 3301 243 3364 ζειν
275 3300 567 3372 δυνάμενον
599 3302 698 3371 τὴν
735 3301 888 3355 πόλιν
959 3303 1053 3356 τοῦ
1089 3303 1245 3359 Θεοῦ.
1301 3307 1397 3371 Τίς
1432 3309 1477 3362 δ’
1510 3310 1576 3363 ἂν
1621 3311 1706 3383 είη

115 3395 149 3445 ό
186 3391 433 3460 ποταμὸς
463 3391 557 3444 τοῦ
587 3391 720 3444 Θεοῦ
764 3393 796 3464 ἢ
837 3393 898 3446 τὸ
925 3393 1150 3466 Πνεῦμα
1195 3397 1256 3450 τὸ
1289 3397 1465 3467 ἅγιον,
1508 3402 1572 3454 ἐκ
1609 3403 1709 3472 τῆς

116 3485 366 3546 πίστεως
392 3483 498 3536 τῶν
530 3485 610 3547 είς
632 3485 866 3555 Χριστὸν
893 3489 1334 3543 πεπιστευκότων
1362 3492 1708 3564 ἐγγινόμενον

111 3577 236 3637 τοῖς
277 3573 488 3639 agam;
525 3574 578 3626 Ὁ
620 3575 731 3644 γὰρ
758 3579 1082 3643 πιστεύων,
1119 3581 1303 3650 φησὶν,
1330 3584 1418 3648 εἰς
1445 3584 1568 3652 ἐμὲ,
1599 3602 1707 3637 πο-

110 3655 298 3734 ταμοὶ
327 3667 398 3718 ἐκ
425 3664 536 3734 τῆς
560 3667 791 3732 κοιλίας
812 3667 996 3722 αὑτοῦ
1017 3671 1317 3737 ρεύσουσι
1338 3688 1351 3701 ο
1395 3675 1488 3726 καὶ
1513 3674 1670 3728 πάλιν
1692 3693 1703 3705 ’

126 3757 276 3810 Ἐάν
305 3775 394 3823 τις
423 3759 531 3825 πίῃ
561 3759 629 3811 ἐκ
661 3759 765 3812 τοῦ
794 3759 1012 3826 ὕδατος
1034 3757 1105 3817 οὗ
1145 3761 1259 3832 ἐγὼ
1283 3763 1508 3833 δίδωμι,
1537 3766 1697 3835 rem}

108 3866 295 3904 σεται
321 3851 394 3903 ἐν
418 3849 578 3916 αὐτῷ
606 3851 768 3921 πηγὴ
809 3851 1028 3919 ὕδατος
1059 3855 1399 3923 ἁλλομένου
1434 3860 1521 3924 εἰς
1556 3857 1709 3928 ζωὴν

105 3939 386 3994 αἰώνιον.
436 3936 603 4006 Οὗτος
641 3943 820 3996 τοίνυν
867 3945 895 3996 ὁ
927 3945 1169 4015 ποταμὸς
1213 3946 1492 4016 εὐφραίνει
1529 3950 1709 4004 πᾶσαν

103 4034 256 4103 ὁμοῦ
289 4034 391 4105 τὴν
422 4033 577 4086 πόλιν
629 4033 720 4087 τοῦ
749 4033 882 4088 Θεοῦ
906 4074 920 4101 ,
954 4037 1072 4106 ἦτοι
1096 4035 1195 4107 τὴν
1229 4038 1554 4110 Ἐκκλησίαν
1600 4041 1708 4097 τῶν

103 4128 175 4178 τὸ
205 4125 511 4196 πολίτευμα
537 4127 768 4196 ἐχόντων
792 4129 851 4181 ἐν
883 4129 1131 4200 οὐρανοῖς
1151 4146 1165 4159 ·
1195 4130 1228 4200 ἢ
1257 4132 1437 4185 πᾶσαν
1464 4133 1562 4204 τὴν
1587 4151 1710 4205 νοη-

100 4221 214 4279 τὴν
258 4218 441 4271 κτίσιν
493 4219 601 4271 ἀπὸ
646 4219 753 4272 τῶν
811 4221 1195 4292 ὐπερκοσμίων
1239 4223 1519 4294 δυνάμεων
1548 4226 1708 4298 μέχρι

99 4313 225 4365 τῶν
262 4312 624 4384 ἀνθρωπίνων
647 4312 832 4382 ψυχῶν
864 4313 1018 4367 πόλιν
1059 4315 1162 4386 χρὴ
1193 4319 1332 4372 νοεῖν
1361 4319 1710 4390 εὐφραινομέ-

98 4424 214 4476 νην
249 4405 488 4476 ὑπὸτῆς
532 4408 792 4479 ἐπιρροῆς
837 4408 932 4461 τοῦ
983 4408 1139 4476 ἁγίου
1179 4411 1512 4481 Πνεύματος.
1560 4415 1708 4484 Ὀρί-

1808 1925 2137 1995 triumphans
2175 1929 2238 1982 de
2260 1927 2366 1983 illis
2390 1930 2447 1984 in
2471 1930 2612 2001 ligno
2644 1931 2686 1985 ¹.

1879 2191 1935 2244 4.
1974 2189 2138 2246 Vens.
2165 2192 2219 2248 5.
2273 2188 2538 2250 Fluminis
2568 2197 2787 2266 impetus
2823 2195 3094 2268 iretiﬁcant
3122 2201 3384 2258 ciuitatem

1809 2280 1928 2336 Dei.
1965 2283 2186 2338 Marinze
2209 2286 2424 2354 quidem
2449 2303 2603 2358 aqua:
2625 2291 2975 2347 vehementer
2998 2307 3028 2346 a
3053 2295 3232 2348 ventis
3261 2308 3386 2362 per-

1813 2377 2042 2431 turbatae
2080 2388 2384 2434 sonuerunt
2420 2391 2478 2435 et
2514 2382 2746 2437 turbatae
2789 2393 2916 2439 sunt
2946 2403 2961 2440 :
2994 2386 3090 2440 sed
3141 2384 3386 2442 ﬂuminis

1813 2466 2045 2536 inpetus
2097 2468 2217 2524 sine
2274 2472 2507 2542 strepitu
2564 2475 2958 2542 procedentes,
3011 2486 3066 2532 et
3118 2486 3388 2548 quotquot

1812 2558 1958 2627 digni
1999 2570 2127 2612 sunt
2158 2561 2252 2630 qui
2282 2576 2378 2616 eos
2405 2563 2692 2632 recipiant,
2729 2566 2796 2620 iis
2835 2566 3029 2622 leniter
3054 2568 3384 2633 allabentes,

1812 2648 2094 2704 lmtificant
2160 2651 2439 2708 civitatem
2498 2655 2615 2710 Dei.
2683 2656 2750 2711 Et
2810 2672 2957 2713 nunc
3009 2658 3192 2728 justus
3252 2659 3389 2716 bibit

1817 2752 2016 2806 aquam
2047 2739 2223 2794 vivam
2256 2743 2299 2807 ²,
2319 2753 2497 2813 atque
2525 2754 2715 2814 postea
2754 2747 3027 2816 cepiosius
3055 2748 3225 2814 bibet,
3261 2767 3386 2808 cum

1813 2831 2018 2886 civitati
2037 2832 2131 2886 Dei
2151 2835 2420 2906 ascriptus
2437 2835 2618 2892 fuerit.
2646 2838 2802 2909 173
2821 2840 2982 2908 Atqui
3001 2855 3143 2896 nunc
3163 2844 3382 2910 quidem

1814 2935 1908 2987 per
1939 2923 2214 2993 speculum
2257 2935 2312 2981 et
2360 2926 2414 2981 in
2451 2929 2779 2999 aenigmate8
2820 2930 2991 2998 bibit,
3037 2933 3107 2986 ob
3135 2934 3387 3003 exiguam

1814 3015 2122 3071 divinarum
2175 3019 2699 3088 contemplationnm
2761 3023 3163 3093 perceptionem
3205 3041 3219 3078 :
3257 3033 3388 3082 tunc

1813 3122 1942 3164 vero
1965 3108 2127 3165 simul
2177 3120 2583 3182 restagnantem
2635 3113 2856 3170 ﬂuvium
2902 3127 3227 3186 excepturus
3279 3128 3383 3183 est,

1813 3201 1905 3269 qui
1942 3209 2106 3256 totam
2147 3202 2242 3259 Dei
2294 3205 2569 3261 civitatem
2626 3205 2812 3262 laetitia
2866 3200 3151 3266 inundare'
3191 3211 3383 3282 possit.

1811 3292 1944 3359 Quis
1997 3303 2176 3348 autem
2221 3295 2388 3351 fuerit
2432 3296 2630 3354 ﬂuvius
2689 3299 2792 3354 iste
2825 3301 2945 3366 Dei,
2992 3302 3094 3357 nisi
3149 3301 3388 3374 Spiritus
3445 3321 3453 3330 ·

1809 3395 2051 3450 sanctus,
2090 3386 2182 3456 qui
2218 3387 2395 3457 dignis
2429 3387 2695 3453 illabitur.
2745 3397 3043 3449 secundum
3101 3394 3259 3450 fidem
3288 3413 3388 3452 eo-

1813 3492 1931 3530 rum
1963 3478 2056 3546 qui
2100 3479 2153 3532 in
2186 3479 2463 3536 Christum
2511 3483 2904 3538 crediderunt?
2949 3485 3056 3550 Qui
3089 3488 3248 3552 enim,
3297 3489 3387 3542 in-

1810 3572 1950 3640 quit,
1971 3575 2134 3626 credit
2157 3573 2210 3628 in
2232 3590 2330 3639 me,
2352 3575 2501 3643 ﬂuvii
2522 3579 2586 3630 de
2607 3585 2782 3630 ventre
2802 3577 2916 3646 ejus
2937 3581 3098 3647 ﬂuent
3117 3581 3158 3634 ⁸.
3183 3581 3248 3635 Ει
3266 3597 3387 3635 rur-

1811 3682 1943 3720 sus:
1976 3665 2035 3721 Si
2077 3668 2194 3737 quis
2224 3667 2409 3722 biberit
2447 3683 2513 3722 ea:
2551 3685 2688 3738 aqua
2725 3686 2883 3740 quam
2931 3688 3024 3742 ego
3059 3658 3161 3739 do,
3195 3675 3286 3744 ﬁet
3331 3677 3387 3729 in

1809 3775 1869 3811 eo
1909 3759 2028 3827 fons
2059 3774 2208 3829 aqua:
2241 3759 2480 3812 salientis
2518 3759 2570 3811 in
2608 3761 2773 3814 vitam
2799 3768 3052 3816 (sternam
3073 3765 3116 3814 ⁸.
3155 3763 3253 3818 Hic
3285 3766 3385 3818 ita-

1811 3867 1916 3919 que
1963 3850 2158 3904 ﬂuvius
2190 3863 2403 3904 omnem
2451 3849 2612 3904 simul
2665 3850 2756 3905 Dei
2816 3851 3090 3907 civitatem
3122 3855 3382 3922 laetificat,

1811 3958 2010 4011 nempe
2041 3951 2242 3997 coetum
2269 3957 2482 4007 eorum,
2514 3944 2606 4012 qui
2643 3958 2794 3997 suam
2830 3945 2884 3999 in
2909 3946 3066 4002 caelis
3093 3962 3386 4003 conversa-

1813 4033 2012 4087 tionem
2075 4033 2278 4087 habent
2315 4051 2329 4088 :
2363 4043 2458 4088 aut
2504 4049 2722 4090 omnem
2761 4047 3068 4092 creaturam
3109 4040 3384 4096 intellectu

1810 4126 2114 4195 praeditam,
2147 4139 2177 4180 a
2207 4125 2504 4181 virtutibus
2532 4128 2843 4184 caelestibus
2871 4145 3043 4200 usque
3079 4131 3145 4186 ad
3177 4135 3386 4190 animas

1814 4217 2122 4282 humanas,
2195 4216 2470 4272 civitatem
2529 4219 2755 4290 intelligi
2826 4230 3078 4291 oportet,
3147 4224 3386 4294 Spiritus

1813 4308 1988 4363 sancti
2037 4308 2390 4363 inundatione
2443 4308 2788 4365 laztiﬂcatam.
2865 4312 3078 4367 Etenim
3139 4318 3382 4373 nonnulli

1814 4401 1885 4452 ita
1914 4399 2194 4454 civitatem
2219 4400 2504 4466 deﬁniunt,
2537 4407 2596 4455 ut
2622 4403 2808 4458 dicant
2831 4405 3081 4459 stabilem
3109 4420 3231 4462 esse
3253 4423 3384 4462 con-

97 4497 309 4564 ζονται
358 4499 466 4570 γάρ
513 4516 655 4562 τινες
703 4499 857 4553 πόλιν
916 4498 1054 4556 εἶναι
1100 4502 1354 4574 σύστημα
1403 4506 1705 4576 ἱδρυμένον,

1814 4492 2206 4559 gregationem,
2238 4491 2538 4546 secundum
2570 4493 2738 4561 legem
2767 4494 3220 4552 administratam.
3247 4497 3386 4552 Tra-

96 4591 261 4644 κατὰ
293 4590 460 4660 νόμον
484 4591 870 4663 διοικούμενον.
915 4595 1244 4666 Ἐφαρμόζει
1276 4597 1332 4650 δέ
1361 4599 1455 4651 καὶ
1497 4602 1561 4669 τῇ
1593 4600 1705 4653 ἄνω

109 4683 496 4755 Ἰερουσαλὴμ
538 4688 602 4756 τῇ
648 4685 953 4758 ἐπουρανίῳ
1003 4687 1153 4740 πόλει
1199 4690 1227 4740 ό
1269 4689 1548 4753 άποδοθεὶς
1580 4690 1704 4760 ὅρος

93 4776 209 4845 τῆς
243 4773 484 4837 πόλεως.
532 4773 790 4844 Σύστημα
833 4776 942 4846 γάρ
973 4777 1136 4830 κάκεῖ
1170 4777 1278 4829 τῶν
1320 4781 1698 4849 πρωτοτόκων,

87 4868 218 4918 τῶν
279 4868 796 4938 ἀπογεγραμμένων
840 4870 899 4921 ἐν
942 4869 1218 4940 οὐρανοῖς·
1272 4873 1364 4925 καὶ
1415 4872 1700 4942 ἱδρυμένον

85 4960 274 5014 τοῦτο
306 4960 396 5014 διὰ
425 4961 486 5013 τὸ
511 4961 906 5032 ἀμετακίνητον
935 4963 1035 5032 τῆς
1071 4964 1346 5036 διαγωγῆς
1373 4965 1482 5018 τῶν
1507 4966 1698 5034 ἁγίων,

84 5058 198 5110 καὶ
228 5056 387 5109 κατὰ
414 5056 576 5125 νόμον
604 5055 696 5108 τὸν
733 5055 982 5128 οὐράνιον
1015 5055 1128 5126 (55)
1163 5056 1552 5127 διοικούμενον.
1587 5056 1698 5127 Τὴν

83 5149 295 5201 τοίνυν
323 5147 565 5213 διάταξιν
596 5149 810 5220 ἐκείνης
841 5151 938 5220 τῆς
962 5149 1258 5212 πολιτείας,
1286 5152 1377 5202 καὶ
1399 5153 1577 5204 πᾶσαν
1602 5150 1699 5220 τὴν

81 5243 484 5312 διακόσμησιν
514 5242 867 5312 καταμαθεῖν,
895 5242 1149 5312 οὐδεμιᾶς
1183 5245 1328 5295 ἐστιν
1359 5241 1702 5310 ἀνθρωπίνης

1813 4587 1920 4639 dita
1963 4593 2142 4639 autem
2201 4583 2444 4638 definitio
2479 4585 2737 4648 civitatis,
2782 4586 2948 4640 etiam
3000 4587 3076 4642 illi
3111 4605 3232 4658 qua:
3263 4607 3385 4646 sur-

1811 4695 1927 4732 sum
1958 4687 2041 4732 est
2077 4676 2379 4731 Jerusalem
2413 4676 2618 4732 caelesti
2661 4678 2867 4732 civitati
2918 4685 3188 4750 congruit.
3246 4682 3380 4736 Nam

1807 4781 1862 4824 et
1892 4771 2002 4825 illic
2031 4779 2114 4825 est
2162 4770 2650 4840 primogenitorum
2687 4771 3084 4841 deseriptorum
3125 4774 3177 4828 in
3228 4777 3383 4831 caelis

1809 4861 2183 4930 congregatio,
2225 4871 2386 4929 atque
2437 4874 2499 4914 ea
2546 4860 2616 4916 ob
2667 4861 3058 4917 immutabilem
3098 4865 3222 4918 vita:
3256 4881 3383 4922 san-

1807 4966 2017 5010 ctorum
2051 4955 2319 5010 rationem
2370 4954 2584 5009 stabilis
2617 4969 2682 5007 ac
2726 4954 2881 5009 firma
2911 4964 3015 5018 est,
3052 4965 3107 5009 et
3148 4971 3212 5010 ex
3264 4959 3383 5028 lege

1805 5049 2016 5103 ccelesti
2049 5048 2402 5118 gubernatur.
2452 5046 2602 5099 Illius
2645 5045 2828 5114 itaque
2865 5045 3103 5100 civitatis
3131 5049 3377 5103 ordinem

1807 5157 1871 5197 ac
1905 5152 2156 5196 ornatum
2188 5154 2404 5193 omnem
2430 5138 2742 5207 perdiscere
2767 5139 3014 5193 humanae
3042 5149 3247 5193 natura:
3273 5156 3378 5193 non

1807 5246 1910 5290 est.
1945 5232 2036 5286 Illa
2073 5238 2239 5294 sunt,
2278 5227 2410 5294 Qua:
2452 5227 2635 5282 oculus
2687 5243 2790 5280 non
2839 5227 2986 5292 vidit,
3042 5243 3202 5299 neque
3230 5229 3379 5282 auris

175 5426 450 5484 ‘Col0ss.
490 5445 550 5496 ιι,
593 5432 680 5486 i3.
771 5434 791 5464 ²
830 5429 985 5487 Joan.
1030 5446 1102 5498 Iv,
1137 5429 1222 5486 10.
1299 5429 1319 5460 ³
1357 5428 1380 5483 I
1416 5427 1542 5484 Cor.
1588 5445 1706 5493 xm,

1811 5431 1840 5481 ι.
1920 5425 1943 5456 ⁸
1979 5423 2134 5481 Joan.
2176 5435 2278 5484 vn,
2315 5417 2405 5472 38.
2521 5417 2542 5448 '
2579 5414 2736 5472 Joan.
2779 5430 2855 5480 tv,
2899 5415 2986 5471 15.

163 5568 302 5636 (³55)
336 5565 417 5648 [ιιι
448 5580 543 5621 sex
592 5579 721 5622 mss.
763 5565 834 5618 At
869 5563 1034 5620 editio
1093 5563 1267 5620 Paris.
1302 5565 1360 5617 ἐν
1397 5563 1474 5634 τῷ
1519 5563 1691 5632 ἀγῶνι

79 5654 419 5774 πῗέὕοέίὰ
437 5705 744 5775 όρμήματα
755 5705 1130 5774 εὐφρίνουσι,
1151 5705 1380 5775 impetus
1399 5691 1698 5773 lrelificant,

80 5788 143 5833 et
181 5780 269 5833 ita
303 5774 512 5848 legitur
553 5774 606 5832 iu
641 5791 776 5832 nova
803 5778 1088 5846 Augustini
1133 5774 1367 5846 Operum
1401 5775 1640 5853 editione
1676 5790 1688 5825 :

1800 5562 1851 5615 in
1884 5565 2050 5616 veteri
2085 5573 2216 5614 vero
2266 5557 2493 5627 perinde
2548 5568 2714 5628 atque
2763 5557 2818 5612 in
2865 5556 3114 5626 Vulgata,
3151 5554 3378 5622 impetus

1800 5633 2234 5769 lmlit’gmi‘iostra
2285 5699 2448 5754 editio
2503 5699 2682 5756 Paris.
2737 5711 3024 5764 operarum
3086 5693 3378 5750 oscitantis

1802 5788 1899 5843 pro
1929 5773 2176 5845 οὐράνιον
2203 5771 2365 5827 habet
2389 5769 2642 5841 οὐρανόν.
