3818 6220
486 348 591 404 6‘23

1825 344 1886 399 8.
1922 344 2036 401 ΒΑΕ

2151 346 2167 400 l
2208 345 2422 401 MAGNI
3584 353 3650 407 ιιι

484 462 704 527 audivit,
730 476 891 529 neque
922 477 974 514 tu
1001 476 1092 515 cor
1112 461 1340 516 hominis
1366 466 1709 515 ascenaerunt
1735 475 1752 511 :
1786 475 1901 527 qua:
1922 476 2036 527 pra:-

2155 460 2388 529 φύσεως.
2438 461 2649 514 Ἐκεῖνα
2687 461 2792 533 γάρ
2828 462 2997 526 ἐστιν,
3041 465 3099 517 Ἀ
3144 462 3439 532 ὀφθαλμὸς
3477 465 3568 517 οὐκ
3603 463 3652 518 εἷ-

483 556 685 621 paravit
718 553 859 607 Deus
889 553 953 605 iis
990 554 1081 618 qui
1127 554 1354 622 diligunt
1405 551 1555 605 illum
1578 552 1635 615 ⁶;
1692 564 2052 621 praterquam

484 646 627 713 quod
659 644 731 700 ibi
773 637 1041 713 reperitur
1070 646 1351 701 innumera
1396 644 1710 714 angelorum
1741 642 2052 708 multitudo,

482 748 898 808 sanctorumque
936 747 1259 801 conventus.
1293 747 1348 792 et
1377 737 1617 791 Ecclesia
1667 737 2055 808 primogenito-

482 847 599 885 rum
629 832 1020 899 descriptorum
1068 833 1119 886 in
1157 831 1309 886 caelis
1341 832 1382 885 ⁷.
1439 831 1512 885 De
1556 829 1648 882 illa
1679 828 1812 883 dicit
1841 828 2008 882 David
2036 841 2051 881 :

481 922 726 978 Gloriosa
755 926 893 978 dicta
922 934 1045 979 sunt
1080 925 1143 978 de
1170 934 1238 991 te,
1275 924 1461 977 civitas
1491 921 1586 976 Dei
1613 920 1660 976 ⁸.
1713 919 1936 974 Civitati
1977 917 2052 972 illi

482 1030 579 1085 per
620 1014 813 1070 Isaiam
848 1015 1135 1085 pollicetur
1190 1016 1329 1070 Deus
1361 1033 1375 1068 :
1415 1014 1625 1069 Ponant
1668 1023 1717 1067 te
1744 1012 2054 1066 exsultatio-

481 1124 598 1161 nem
644 1117 929 1171 aternam,
965 1107 1204 1163 lartitiam
1240 1108 1639 1178 generationum
1694 1105 2048 1173 generationi-

481 1197 614 1261 bus;
645 1206 691 1250 et
725 1213 827 1251 non
851 1198 949 1251 erit
980 1200 1248 1261 contritio,
1286 1214 1448 1267 neque
1475 1196 1693 1250 miseria
1730 1196 1784 1247 in
1816 1196 2051 1249 terminis

480 1289 618 1353 tuis;
645 1289 733 1342 sed
766 1287 997 1344 salutare
1024 1292 1345 1345 vocabuntur
1367 1292 1502 1345 muri
1536 1293 1615 1345 tui
1634 1292 1678 1341 ³.
1715 1286 1925 1342 Erectis
1953 1288 2051 1356 igi-

482 1391 568 1436 tur
593 1383 784 1437 anima:
812 1382 1004 1447 oculis,
1038 1390 1096 1436 ut
1129 1398 1218 1436 res
1246 1396 1509 1453 supernas
1526 1384 1701 1451 decet,
1729 1400 1911 1454 quaere
1931 1397 2050 1453 qua!

478 1484 604 1527 sunt
626 1474 860 1528 civitatis
876 1474 990 1529 Dei.
1010 1474 1151 1541 Quid
1169 1490 1331 1544 porro
1354 1476 1690 1533 beatitudine
1714 1478 1801 1531 illa
1831 1478 2048 1547 dignum

478 1580 507 1619 a
542 1580 811 1634 quoquam
855 1565 1149 1636 excogitari
1203 1568 1395 1637 possit,
1452 1583 1613 1638 quam
1663 1569 2053 1638 lzetiﬁcatqui-

477 1660 598 1712 dem
651 1658 741 1712 Dei
796 1657 1015 1721 ﬂuvius,
1066 1657 1219 1725 cujus
1256 1674 1385 1715 vero
1433 1661 1630 1715 artifex
1671 1661 1755 1717 est
1787 1670 1842 1717 et
1870 1660 2049 1730 opifex

478 1750 618 1805 Deus
680 1750 795 1819 ipse
839 1749 927 1803 ⁸⁸2
995 1748 1359 1819 Sanctiﬁcauit
1428 1754 1824 1807 tabernaculum
1892 1769 2046 1807 suum

2156 551 2282 617 δεν,
2315 554 2453 606 οὔτε
2489 547 2599 619 οὖς
2628 552 2918 622 ἤκουσεν,
2946 555 3082 608 οὔτε
3104 554 3203 607 ἐπὶ
3233 553 3471 621 καρδίαν
3492 553 3651 621 ἀνθρώ

2155 658 2273 697 που
2313 642 2494 711 ἀνέϐη
2519 682 2535 709 ,
2569 642 2608 697 d
2649 645 2978 714 ἡτοίμασεν
3015 648 3048 699 ὀ
3081 643 3224 711 Θεὸς
3252 645 3373 710 τοῖς
3411 645 3653 714 ἀγαπῶσιν

2154 733 2370 785 αὐτόν·
2402 731 2541 803 πλὴν
2571 733 2651 785 ὅτι
2682 734 2941 804 μυριάδες
2970 734 3214 803 ἀγγέλων
3254 734 3398 797 ἐκεῖ,
3451 735 3530 787 καὶ
3566 751 3652 785 ταν-

2156 823 2351 894 ήγυρις
2371 824 2562 891 ἁγίων,
2580 826 2673 879 καὶ
2689 824 2980 895 Ἐκκλησία
2997 825 3352 896 πρωτοτόκων
3372 826 3653 893 ἀπογεγραμ-

2158 914 2333 984 μένων
2356 917 2412 968 ὲν
2435 917 2704 986 οὐρανοῖς.
2746 916 2882 985 Περὶ
2927 916 3139 985 ἐκείνης
3169 914 3331 986 φησὶν
3367 914 3654 966 ὀΔαϐίδ·Δε-

2152 1001 2495 1072 δοξασμένα
2513 1004 2779 1071 ἐλαλήθη
2816 1004 2947 1073 περὶ
2980 1005 3116 1068 σοῦ,
3156 1007 3194 1073 ἠ
3219 1005 3392 1071 πόλις
3419 1004 3510 1056 τοῦ
3531 1004 3652 1056 ﬁsci.

2166 1098 2376 1169 Ἐκείνῃ
2413 1100 2479 1169 τῇ
2518 1098 2669 1151 πόλει
2714 1098 2801 1150 διὰ
2846 1097 2941 1150 τοῦ
2988 1097 3203 1149 Ἠσαίου
3257 1094 3601 1163 ἐπαγγέλλεται
3637 1096 3655 1144 ὁ

2152 1188 2305 1255 Θεὸς,
2339 1190 2419 1242 ὅτι
2447 1188 2620 1256 Θήσω
2654 1204 2727 1242 σε
2756 1190 3100 1258 simulam
3139 1188 3393 1250 αἰώνιον,
3427 1186 3655 1255 εὐφροσύ-

2151 1296 2268 1345 νην
2306 1277 2525 1348 γενεῶν
2565 1279 2828 1347 γενεαῖς·
2878 1280 2975 1333 καὶ
3027 1282 3139 1332 οὐκ
3185 1281 3354 1333 ἔσται
3390 1278 3656 1345 σύντριμμα

2150 1371 2292 1425 οὐδὲ
2320 1374 2681 1440 ταλαιπωρία
2712 1373 2780 1425 ἐν
2818 1371 2941 1438 τοῖς
2991 1374 3173 1438 ὁρίοις
3205 1388 3320 1424 σου
3342 1388 3353 1402 ο
3388 1372 3528 1424 ἀλλὰ
3560 1373 3657 1434 κλη-

2151 1464 2395 1531 θήσεται
2421 1462 2716 1531 σωτήριον
2742 1463 2811 1517 τὰ
2835 1465 2999 1531 τείχη
3032 1479 3166 1517 σου.
3212 1464 3443 1534 Ἐπάρας
3467 1457 3546 1514 οῦν
3570 1460 3659 1518 sua;

2150 1554 2458 1625 ὀφθαλμοὺς
2499 1556 2599 1625 τῆς
2626 1554 2822 1625 ψυχῆς,
2856 1555 3021 1619 ἀξίως
3046 1556 3154 1608 τῶν
3183 1556 3293 1608 ἀνω
3327 1556 3469 1627 ζήτει
3493 1554 3550 1606 τὰ
3568 1552 3657 1622 περὶ

2150 1651 2246 1722 τῆς
2277 1650 2481 1714 πόλεως
2504 1649 2596 1704 τοῦ
2630 1650 2787 1704 Θεοῦ.
2830 1650 2895 1701 Τί
2933 1650 2975 1702 δ’
3008 1650 3074 1703 ἂν
3101 1650 3200 1718 τῆς
3239 1652 3358 1703 ἐκεῖ
3385 1647 3658 1719 μακαριότη-

2148 1760 2239 1805 τος
2272 1741 2490 1807 ὲπάξιόν
2515 1760 2598 1805 τις
2631 1741 2930 1813 ἐννοηθείη,
2965 1742 3033 1812 ἢν
3064 1742 3345 1813 εὐφραίνει
3380 1742 3469 1811 μὲν
3497 1741 3522 1791 6
3544 1753 3659 1788 ποῖαι

476 1845 797 1900 Altissimus.
853 1845 1129 1901 Fortassis
1180 1860 1399 1901 carnem
1452 1844 1589 1898 dicit
1636 1844 1921 1908 deiferam,
1975 1858 2036 1898 ex

2152 1834 2250 1904 μὸς
2280 1834 2372 1887 τοῦ
2402 1833 2535 1887 Θεοῦ
2556 1877 2571 1900 ,
2600 1834 2849 1904 τεχνίτης
2892 1833 2949 1887 δὲ
3001 1833 3097 1886 καὶ
3138 1833 3459 1904 δημιουργὸς
3492 1831 3609 1882 ἐστιν
3640 1825 3662 1875 6

474 1934 853 2003 conjunctione
900 1951 1023 1991 cum
1074 1936 1182 1990 Deo
1225 1934 1636 1990 sanctiﬁcatam.
1696 1933 1771 1988 Ex
1818 1948 1926 2003 quo
1959 1934 2044 1988 in-

474 2027 679 2097 telliges
711 2026 1117 2083 tabernaculum
1162 2027 1449 2092 Altissimi,
1500 2026 1678 2095 ipsum
1712 2026 1806 2080 Dei
1842 2027 2041 2080 adven-

473 2126 605 2181 tum,
638 2116 729 2187 qui
763 2127 847 2172 est
875 2133 971 2185 per
1002 2132 1246 2171 carnem.

538 2385 589 2439 5.
608 2384 771 2440 Vsus.
790 2383 843 2439 ϐ.
865 2384 1001 2438 Deus
1021 2381 1074 2435 in
1092 2383 1262 2436 medio
1274 2382 1470 2453 ejus,et
1490 2398 1592 2437 non
1609 2382 2036 2437 commovebitur.

472 2475 749 2545 Adjuvabit
795 2490 911 2528 eam
962 2474 1100 2527 Deus
1140 2490 1291 2527 mane
1349 2472 1614 2526 diluculo.
1670 2472 1736 2526 Et
1783 2472 2036 2541 quoniam

470 2568 612 2622 Deus
647 2568 700 2621 in
751 2568 929 2621 medio
959 2566 1199 2621 civitatis
1240 2576 1346 2633 est,
1385 2579 1501 2621 eam
1537 2564 1837 2620 stabilitate
1868 2566 2039 2620 dona-

469 2658 567 2725 bit,
600 2658 775 2727 primo
807 2658 946 2713 lucis
976 2666 1095 2712 ortu
1128 2673 1285 2727 opem
1319 2658 1368 2709 ei
1402 2656 1661 2711 atterens.
1697 2655 1826 2710 Sive
1871 2657 2038 2726 igitur

467 2744 539 2799 illi
591 2760 711 2813 qua:
763 2759 979 2800 sursum
1032 2754 1117 2799 est
1153 2745 1454 2801 Jerusalem
1501 2746 1566 2809 “,
1614 2746 1730 2800 sive
1780 2747 2037 2801 Ecclesia:

467 2852 585 2904 qua:
640 2835 778 2890 infra
834 2845 951 2902 est,
997 2836 1239 2893 civitatis
1292 2853 1486 2891 nomen
1546 2848 1791 2907 aptatum
1853 2838 2033 2905 fuerit,

467 2926 825 2998 Sanctiﬁcavit
880 2930 934 2983 iu
969 2944 1033 2985 ea
1084 2930 1479 2984 tabernaculum
1528 2947 1682 2984 suum
1713 2930 2032 2991 Altissimus.

466 3024 639 3093 Atque
690 3037 787 3091 per
832 3021 935 3077 hoc
980 3022 1389 3077 tabernaculum
1446 3022 1499 3077 in
1554 3038 1662 3093 quo
1715 3023 2036 3078 inhabitavit

466 3118 626 3179 Deus,
666 3116 719 3169 in
767 3116 944 3171 medio
979 3116 1151 3184 ipsius
1194 3114 1328 3179 luit,
1372 3116 1426 3170 id
1472 3116 1522 3170 ei
1567 3115 1802 3184 largiens
1832 3124 1890 3170 ut
1927 3132 2030 3171 non

465 3217 888 3263 commoveatur.
941 3207 996 3260 In
1028 3207 1205 3261 medio
1244 3216 1423 3262 autem
1455 3207 1696 3262 civitatis
1739 3214 1821 3262 est
1868 3207 2030 3274 Deus,

464 3300 696 3371 aequales
728 3298 1011 3353 undelibet
1042 3298 1297 3353 emittens
1324 3300 1507 3353 radios
1534 3313 1645 3353 suae
1680 3300 2035 3368 providentiae

418 3444 424 3449 .
465 3393 527 3445 ad
558 3406 728 3461 usque
752 3391 887 3446 lines
911 3392 1081 3447 orbis.
1134 3390 1227 3447 Sic
1260 3391 1404 3446 enim
1452 3391 1546 3447 Dei
1570 3391 1781 3461 justitia
1806 3408 2033 3448 conser-

466 3494 653 3549 vatur,
692 3483 1130 3553 quandoquidem
1181 3483 1433 3538 omnibus
1475 3484 1720 3538 eamdem
1774 3483 2035 3538 bonitatis

463 3588 770 3629 mensuram
809 3574 1082 3644 dispertit.
1129 3574 1412 3645 Adjuvabit
1448 3591 1562 3630 eam
1600 3573 1741 3629 Deus
1770 3591 1922 3629 mane
1950 3575 2036 3627 di-

461 3663 654 3717 luculo.
706 3663 989 3717 Sensibilis
1034 3664 1114 3719 sol
1178 3666 1500 3720 matutinum
1545 3667 1765 3736 quidem
1820 3676 2033 3737 tempus

462 3755 599 3824 apud
632 3769 730 3809 nos
755 3754 948 3822 eﬂicit,
989 3764 1275 3825 postquam
1306 3771 1466 3827 supra
1497 3768 1743 3813 nostrum
1779 3758 2034 3812 horizon-

463 3856 567 3902 tem
596 3846 914 3911 eminuerit;
941 3846 1100 3919 1⁸14
1123 3849 1442 3902 matutinum
1474 3862 1599 3903 vero
1627 3849 1719 3903 Sol
1741 3849 1964 3919 iustitiae
1988 3852 2030 3882 ¹³

462 3938 518 3991 in
568 3937 745 3990 anima
798 3938 1031 4006 perlicit,
1058 3946 1180 3991 ortu
1218 3938 1356 3993 lucis
1400 3939 1700 4007 spiritualis
1724 3940 2033 4009 producens

460 4028 597 4079 diem
624 4028 677 4080 in
704 4041 769 4080 eo
790 4028 880 4095 qui
912 4026 1088 4095 ipsum
1111 4027 1369 4097 suscepit.
1397 4025 1455 4080 In
1485 4037 1645 4081 nocte
1670 4028 1814 4081 enim
1844 4043 2032 4084 sumus

460 4133 558 4172 nos
600 4117 849 4173 homines
905 4133 1001 4187 per
1056 4119 1159 4173 hoc
1212 4120 1531 4188 ignorantiae
1580 4128 1813 4187 tempus.
1871 4120 2032 4176 Post-

458 4223 621 4276 quam
650 4208 832 4279 igitur,
884 4217 1067 4263 nostra
1117 4217 1299 4262 mente
1333 4222 1587 4276 expassa,
1628 4210 2032 4277 susceperimus

458 4301 641 4371 glorire
658 4300 1003 4370 splendorem
1023 4301 1086 4366 ",
1107 4301 1499 4370 etsempiterna
1521 4300 1610 4355 illa
1632 4300 1752 4357 luce
1773 4301 2029 4357 illustrati

457 4392 740 4458 fuerimus,
778 4402 907 4449 tunc
936 4394 1217 4463 Adjuvabit
1254 4410 1368 4448 eam
1400 4393 1537 4449 Deus
1571 4411 1726 4449 mane
1771 4396 2024 4452 diluculo.

459 4484 562 4541 Ubi
592 4485 721 4578 facti
758 4485 1021 4542 fuerimus
1052 4485 1147 4540 ﬁlii
1182 4484 1337 4551 lucis,
1369 4500 1583 4578 noxque
1614 4487 1755 4578 apud
1785 4503 1884 4542 nos
1904 4502 2028 4556 pro-
2058 4523 2102 4578 Β

457 4592 640 4647 gressa
678 4575 875 4641 fuerit,
926 4578 1041 4632 dies
1077 4591 1208 4632 vero
1233 4577 1749 4646 appropinquaverit
1783 4578 1848 4644 υ,
1901 4589 2028 4634 tunc

458 4667 553 4720 Dei
582 4667 786 4721 auxilio
813 4666 963 4737 digni
1000 4666 1280 4722 elﬁclmur.
1318 4666 1552 4736 Adjuvat
1582 4667 1747 4736 igitur
1778 4667 1922 4723 Deus
1950 4671 2028 4724 ci-

456 4756 699 4819 vitalem,
740 4772 838 4826 per
884 4759 1159 4828 proprium
1200 4767 1445 4812 exortum
1478 4766 1532 4811 et
1570 4757 1883 4826 adventum,
1916 4776 2030 4814 ma-

459 4848 695 4901 tutinam
738 4849 787 4901 ei
830 4848 1003 4902 lucem
1033 4849 1314 4903 inducens.
1353 4848 1487 4902 Ecce
1528 4848 1674 4903 enim
1720 4849 1899 4918 homo,
1944 4852 2030 4907 in-

456 4939 597 5005 quit,
630 4937 816 4993 Oriens
847 4955 1032 4993 nomen
1051 4940 1098 4994 ei
1127 4941 1191 4995 η.
1223 4940 1428 5006 Quibus
1456 4939 1617 5008 igitur
1649 4950 1834 4994 exorta
1866 4941 2027 4998 fuerit

459 5028 551 5083 lux
579 5028 899 5097 spiritualis,
924 5029 1184 5085 discussis
1216 5030 1535 5099 ignorantia:
1557 5030 2029 5102 improbitatisque

459 5120 718 5190 tenebris,
756 5121 823 5177 iis
851 5131 1062 5193 tempus
1095 5124 1422 5177 matutinum
1471 5124 1705 5178 accedit.
1752 5124 2023 5191 Quoniam

2147 1926 2314 1992 Θεός;
2368 1926 2601 1997 Ἡγίασε
2648 1926 2715 1980 τὸ
2752 1925 3041 1994 σκήνωμα
3088 1925 3273 1983 αὑτοῦ
3328 1928 3360 1978 ὁ
3403 1924 3655 1990 ’Ὕψιστοῦ

2147 2021 2301 2089 Τάχα
2365 2019 2464 2090 τὴν
2500 2018 2679 2089 σάρκα
2722 2018 2868 2087 λέγει
2902 2019 3003 2090 τὴν
3048 2017 3339 2087 θεοφόρον,
3372 2011 3660 2084 ἀγιασθεῖσαν

2144 2112 2233 2164 διὰ
2274 2112 2373 2182 τῆς
2420 2111 2555 2182 πρὸς
2611 2111 2701 2163 τὸν
2746 2110 2877 2163 Θεὸν
2928 2111 3242 2179 συναφείας.
3307 2109 3460 2161 ’Ὥστε
3495 2105 3661 2173 νοήσεις

2147 2204 2412 2272 σκήνωμα
2458 2202 2554 2256 τοῦ
2589 2201 2841 2271 Ὑψίστου
2886 2201 2985 2268 τὴν
3029 2200 3120 2254 διὰ
3166 2200 3370 2271 σαρκὸς
3400 2196 3662 2265 ἐπιφάνειαν

2144 2294 2238 2347 τοῦ
2268 2294 2425 2349 Θεοῦ.

2216 2385 2267 2439 5.
2311 2386 2371 2437 Ὃ
2396 2384 2539 2450 Θεὸς
2566 2383 2637 2437 ἐν
2666 2384 2832 2453 μέσῳ
2878 2381 3086 2451 αὐτῆς,
3116 2382 3212 2434 καὶ
3242 2384 3317 2436 οὑ
3357 2374 3663 2442 σαλευθήσε-

2143 2491 2258 2528 ται.
2300 2474 2595 2541 Βοηθήσει
2631 2474 2785 2543 αὐτῇ
2813 2478 2845 2528 ὸ
2875 2474 3039 2538 Θεὸς,
3080 2474 3145 2527 τὸ
3172 2476 3326 2541 πρὸς
3362 2471 3495 2540 πρωί
3532 2466 3659 2536 πρίαιο

2144 2567 2254 2620 Καὶ
2282 2568 2468 2639 ἐπειδὴ
2497 2570 2525 2620 6
2550 2566 2681 2631 Θεὸς
2717 2569 2775 2621 ὲν
2802 2566 2952 2637 μέσῳ
2979 2566 3079 2635 τῆς
3108 2565 3317 2629 πόλεώς
3342 2568 3470 2629 ἐστι,
3494 2562 3547 2615 τὸ
3570 2558 3664 2613 ἀσα-

2143 2654 2328 2709 λευτον
2360 2660 2632 2730 χαριεῖται
2677 2656 2836 2727 αὐτῇ,
2868 2657 2968 2727 τὴν
3018 2656 3271 2727 βοήθειαν
3317 2657 3449 2725 αὐτῇ
3480 2650 3663 2721 παρεχό-

2146 2764 2304 2817 μενος
2328 2749 2385 2800 ὲν
2413 2750 2529 2812 ταῖς
2558 2748 2800 2820 πρώταις
2822 2747 3107 2811 ἀνατολαῖς
3125 2748 3217 2801 τοῦ
3256 2750 3450 2818 φωτός.
3473 2746 3579 2800 Εἴτε
3596 2739 3662 2796 οὖν

2140 2843 2208 2911 τῇ
2242 2840 2354 2894 ἀνω
2388 2841 2761 2913 Ἰερουσαλὴμ,
2795 2842 2904 2895 εἴτε
2934 2844 2999 2913 τῇ
3034 2842 3183 2896 κάτω
3214 2841 3504 2912 Ἐκκλησία
3527 2839 3664 2906 τὸτῆς

2144 2932 2350 2997 πόλεως
2406 2933 2707 3004 ἐφαρμόσει
2762 2933 2931 3004 ὄνομα
2955 2975 2970 2999 ,
3031 2934 3309 3003 Ἠγίασεν
3369 2935 3425 2987 ὲν
3462 2931 3581 3000 αὐτῇ
3616 2926 3661 2980 τὸ

2140 3023 2429 3094 σκήνωμα
2464 3025 2649 3080 αὐτοῦ
2685 3029 2718 3080 ό
2757 3027 3063 3093 Ὗψιστος.
3104 3027 3213 3081 Καὶ
3254 3026 3343 3079 διὰ
3381 3024 3468 3079 τοῦ
3503 3019 3663 3092 σκηνώ-

2145 3133 2310 3185 ματος
2336 3116 2550 3184 τούτου,
2592 3110 2637 3187 ᾧ
2665 3118 3078 3187 κατεσκήνωσεν
3111 3118 3139 3169 6
3165 3117 3323 3181 Θεὸς,
3355 3119 3411 3170 ἐν
3448 3116 3578 3187 μέσῳ
3600 3112 3663 3166 αὖ·

2138 3206 2238 3275 τῆς
2283 3206 2517 3273 ἐγένετο,
2567 3207 2924 3278 χαριζόμενος
2963 3209 3102 3279 αὑτῇ
3143 3206 3205 3261 τὸ
3254 3210 3332 3279 μὴ
3378 3204 3662 3260 σαλεύεσθαι.

2153 3298 2241 3350 Ἐν
2276 3298 2424 3367 μέσῳ
2449 3299 2507 3354 δέ
2545 3301 2662 3352 ἐστι
2699 3300 2798 3371 τῆς
2833 3299 3040 3363 πόλεως
3063 3302 3091 3352 6
3119 3300 3274 3362 Θεὸς,
3312 3300 3428 3362 ἴσας
3449 3294 3663 3363 muter}

2141 3388 2232 3444 θεν
2257 3390 2352 3443 ἐπὶ
2390 3390 2459 3443 τὰ
2498 3391 2710 3462 πέρατα
2736 3390 2828 3444 τοῦ
2862 3378 3063 3444 κύκλου
3094 3391 3196 3461 τῆς
3232 3391 3430 3445 ἑαυτοῦ
3460 3387 3665 3461 προνοίας

2139 3480 2238 3545 τὰς
2273 3482 2497 3543 ἀκτῖνας
2550 3480 2871 3551 ἐκπέμπων.
2922 3480 3077 3533 Οῦτω
3118 3483 3225 3553 γὰρ
3278 3481 3339 3535 τὸ
3373 3482 3561 3533 δίκαιον
3594 3474 3663 3527 τοῦ

2138 3570 2275 3623 Θεοῦ
2317 3569 2657 3634 διασώζεται,
2708 3568 2769 3621 τὸ
2814 3568 2945 3622 αὐτὸ
2986 3568 3180 3641 μέτρον
3232 3572 3337 3641 τῆς
3385 3569 3665 3637 memnto:

2137 3660 2478 3731 διανέμοντος
2507 3660 2697 3712 ἆπασι.
2733 3659 3031 3727 Βοηθήσει
3059 3659 3214 3729 αὐτῇ
3247 3666 3282 3716 ό
3314 3662 3453 3725 Θεὸς
3472 3661 3527 3714 τὸ
3552 3658 3666 3725 πρὸς

2137 3751 2285 3820 πρωὶ
2329 3752 2497 3820 πρωί.
2536 3751 2647 3821 Τὴν
2697 3750 2794 3821 μὲν
2825 3750 2935 3821 (56)
2972 3746 3065 3804 οὖν
3094 3753 3221 3823 παρ’
3255 3754 3389 3823 ἡμῖν
3434 3751 3615 3823 πρωίαν
3647 3748 3667 3799 ὁ

2136 3844 2389 3914 αἰσθητὸς
2417 3843 2567 3914 ἥλιος
2593 3846 2755 3907 ποιεῖ,
2783 3844 3003 3898 ὲπειδάν
3024 3842 3115 3897 τὸν
3148 3846 3274 3899 καθ’
3295 3848 3441 3917 ἡμᾶς
3464 3844 3665 3915 ὁρίζοντα

2138 3937 2428 4010 ὑπερκύψῃ
2445 3952 2457 3966 °
2487 3936 2583 4008 τὴν
2604 3937 2659 3990 δὲ
2683 3938 2739 3990 ὲν
2759 3940 2824 4007 τῇ
2854 3936 2998 4008 ψυχῇ
3034 3938 3247 4007 πρωίαν
3275 3942 3305 3993 ό
3334 3941 3431 4010 τῆς
3451 3934 3667 3993 δικαιοσύ-

2137 4047 2234 4100 νης
2251 4030 2438 4092 ’Ἥλιος
2463 4029 2715 4083 ἀποτελεῖ
2738 4030 2803 4099 τῇ
2835 4029 3067 4101 ἀνατολῇ
3088 4030 3181 4083 τοῦ
3199 4031 3382 4099 φωτὸς
3407 4028 3493 4083 τοῦ
3517 4023 3666 4097 νοητοῦ

2138 4123 2307 4176 ποιῶν
2339 4122 2549 4193 ἡμέραν
2577 4122 2633 4174 ὲν
2657 4119 2733 4190 τῷ
2764 4120 3192 4191 παραδεξαμένῳ
3226 4122 3412 4175 αὐτόν.
3446 4121 3525 4174 Ἑν
3545 4116 3668 4171 νυκτὶ

2136 4216 2244 4287 γάρ
2272 4217 2437 4284 ἐσμεν
2481 4213 2629 4284 παρά
2653 4214 2745 4268 τὸν
2776 4215 2969 4284 καιρὸν
3000 4213 3097 4281 τῆς
3129 4214 3408 4281 ἀγνωσίας
3433 4214 3479 4265 οἱ
3506 4210 3669 4279 ἀνθρω-

2137 4322 2249 4359 ποι.
2295 4302 2543 4357 Ἐπειδὰν
2576 4297 2688 4364 οῦν,
2714 4301 3154 4365 ἀναπετάσαντες
3183 4303 3395 4356 ἑαυτῶν
3422 4302 3479 4354 τὸ
3508 4302 3666 4371 ἠγεμο-

2135 4399 2314 4461 νικὸν,
2353 4393 2739 4465 ὑποδεξώμεθα
2781 4393 2843 4446 τὸ
2884 4393 3221 4464 ἀπαύγασμα
3262 4395 3363 4465 τῆς
3402 4393 3563 4461 δόξης,
3596 4387 3664 4441 καὶ

2137 4487 2600 4560 περιλαμφθῶμεν
2625 4485 2702 4555 τῷ
2728 4486 2868 4555 φωτὶ
2897 4484 2975 4556 τῷ
3001 4484 3175 4555 ἀῖδίῳ,
3221 4485 3512 4555 Βοηθήσει
3546 4474 3663 4543 αὐτῇ

2130 4585 2162 4636 ὀ
2199 4580 2342 4645 Θεὸς
2364 4580 2429 4632 τὸ
2462 4578 2611 4647 πρὸς
2633 4577 2781 4646 πρωί
2806 4577 2957 4646 πρωί
2976 4577 3108 4647 (57).
3154 4579 3407 4632 Ἐπειδὰν
3429 4572 3662 4646 γενώμεθα

2128 4673 2297 4727 τέκνα
2330 4671 2536 4740 φωτὸς,
2574 4671 2669 4723 καὶ
2700 4671 2733 4741 ἡ
2770 4670 2867 4735 νὺξ
2912 4670 3011 4741 μὲν
3055 4672 3186 4741 ἡμῖν
3234 4670 3511 4742 προκύψῃ,
3555 4668 3583 4736 ἠ
3621 4662 3662 4714 δὲ

2130 4766 2313 4836 ἡμέρα
2342 4764 2557 4834 ἐγγίση,
2584 4763 2706 4816 τότε
2733 4762 2873 4828 ἄξιοι
2909 4762 3009 4833 τῆς
3038 4763 3131 4815 τοῦ
3158 4762 3298 4817 Θεοῦ
3340 4763 3572 4833 βοηθείας
3605 4772 3663 4823 γι·

2130 4857 2353 4927 νόμεθα.
2390 4854 2583 4925 Βοηθεῖ
2617 4849 2710 4906 οῦν
2750 4855 2818 4924 τῇ
2850 4853 3006 4906 πόλει
3037 4856 3064 4905 6
3106 4852 3263 4917 Θεὸς,
3302 4854 3392 4906 διὰ
3436 4853 3525 4923 τῆς
3561 4847 3663 4906 ἰδίας

2133 4947 2394 5017 ἀνατολῆς
2448 4947 2543 4999 καὶ
2604 4945 2922 5013 ἐπιφανείας
2977 4946 3191 5015 πρωίαν
3246 4948 3386 5017 αὐτῇ
3447 4939 3660 5014 ἐμποιῶν.

2147 5038 2291 5091 Ἰδοὺ
2316 5037 2423 5107 γὰρ
2451 5035 2780 5103 ἅνθρωπος,
2811 5035 2995 5106 φησὶν,
3013 5036 3297 5103 Ἀνατολὴ
3326 5037 3502 5103 ὄνομα
3522 5026 3661 5089 abte).

2135 5124 2231 5193 Οἷς
2284 5128 2350 5183 ἂν
2406 5123 2498 5180 οῦν
2541 5126 2868 5198 ὲπανατείλῃ
2901 5126 3014 5198 (58)
3072 5127 3134 5180 τὸ
3178 5129 3374 5197 νοητὸν
3409 5126 3533 5197 φῶς,
3567 5124 3662 5174 luo-

529 5255 551 5286 ⁸
589 5253 606 5307 l
639 5255 763 5310 Cor.
791 5268 850 5316 ll,
889 5254 944 5309 9.
1022 5253 1042 5285 '
1086 5251 1481 5324 Hebr.xu,25.
1557 5252 1580 5324 ἐ
1618 5251 2019 5324 PsalLLxxxw,
2057 5260 2112 5313 5.
2188 5262 2209 5292 ⁸
2248 5258 2354 5313 lsa.
2380 5275 2469 5323 1.x,
2510 5258 2701 5313 15—48.
2781 5259 2830 5290 ¹⁰
2860 5258 3023 5313 Hebr.
3060 5274 3134 5324 xl,
3178 5260 3271 5314 10.
3350 5260 3390 5290 “
3422 5256 3578 5314 Galat.
3608 5266 3664 5312 IV.

455 5324 546 5378 26.
625 5325 668 5356 ¹²
707 5325 936 5380 Malach.
975 5338 1046 5390 tv,
1077 5324 1125 5377 2.
1209 5324 1252 5355 ⁸³
1292 5323 1452 5378 Hebr.
1480 5323 1593 5387 1,5.
1673 5321 1716 5352 ¹⁶
1749 5321 1909 5377 Rom.
1952 5321 2027 5380 xtt

2152 5330 2206 5383 ‘2.
2285 5330 2327 5361 "
2368 5321 2533 5384 ZaCh.
2579 5344 2657 5392 νι,
2698 5329 2786 5382 12.

531 5460 645 5543 (5.6)
684 5461 775 5518 Sic
802 5462 1155 5543 Beg.‘terttus
1188 5460 1485 5543 (ἔρραιε-ηε
1512 5457 1737 5543 Gorder.
1767 5459 1836 5543 A‘t
1867 5459 2023 5543 ευμ).

458 5528 1015 5612 ξὶιειῶιίιὶιυεητὴν-’μὲν⁸
1040 5531 1166 5611 γάρ.
1198 5530 1337 5612 Fditi
1371 5530 1468 5601 τὴν
1515 5529 1623 5612 μὲν
1671 5528 1800 5612 παρ’
1864 5531 2019 5600 ἡμῖν.

462 5600 655 5653 Statim
679 5602 805 5681 editi
830 5600 936 5672 τὴν
971 5602 1028 5655 δὲ
1056 5600 1155 5670 τῆς
1182 5600 1359 5671 ψυχῆς
1393 5600 1624 5672 πρωῖαν.
1666 5601 1737 5654 At
1766 5614 1898 5653 mss.
1929 5615 2019 5655 se-

462 5678 603 5724 ntem
638 5682 697 5722 ttt
718 5685 773 5723 tn
804 5681 1081 5724 contextu.

461 5685 603 5738 ptem
638 5685 697 5722 ut
718 5685 773 5723 tn
804 5685 1081 5724 contexui.

535 5736 642 5806 (57)
678 5737 767 5792 Hae
800 5754 977 5804 voces,
1009 5740 1070 5792 τὸ
1124 5739 1256 5811 πρὸς
1306 5737 1450 5810 πρωϊ
1496 5739 1662 5810 πρωϊ,
1725 5737 1924 5795 desunt
1965 5739 2017 5795 in

2130 5474 2366 5534 quatuor
2400 5479 2531 5519 mss.
2561 5464 2634 5518 At
2666 5463 2717 5518 in
2745 5465 2956 5520 duobus
2983 5464 3103 5519 aliis
3135 5479 3297 5535 aeque
3351 5480 3411 5519 ac
3457 5462 3506 5517 in
3538 5455 3666 5515 editis

2132 5536 2539 5615 περςεὶυειψς.
2933 5605 2948 5615 .
3306 5605 3319 5615 .

2194 5604 2313 5727 ἔῗὸ)
2352 5604 2493 5659 Editi
2523 5603 2888 5677 ἐπανατέλλῃ.
2919 5605 2991 5659 At
3040 5618 3168 5660 mss.
3222 5605 3465 5673 quinque
3503 5602 3661 5652 ἐπανα-

2128 5690 2186 5726 τε
2245 5692 2298 5746 ῃ.
2439 5706 2447 5717 .
