3818 6220
193 316 305 374 425

1329 321 1614 378 HOMl-LIA
1653 323 1720 377 IN
1763 322 2092 381 PSALMUM
2130 323 2286 381 XLV.

3350 327 3456 383 426

194 438 360 504 μάνου
411 433 506 486 τοῦ
562 435 626 486 ἐκ
664 433 765 504 τῆς
822 434 1045 503 ἀγνοίας
1091 437 1184 488 καὶ
1225 437 1488 508 πονηρίας
1531 437 1776 504 σκότους,

1895 454 2010 510 ergo
2036 441 2126 495 lux
2159 441 2212 495 in
2251 437 2512 496 mundum
2559 441 2728 507 venit,
2766 448 2823 495 ut
2869 441 2962 512 qui
3002 441 3240 497 ambulat
3279 443 3332 496 in
3369 459 3455 512 ea,

192 523 376 596 πρωία
412 523 624 589 τούτοις
675 525 969 594 ἐγγίνεται.
1039 527 1192 580 Ἐπεὶ
1242 524 1336 580 οὖν
1389 528 1503 597 φῶς
1559 531 1640 593 είς
1684 529 1779 583 τὸν

189 615 396 686 κόσμον
425 615 700 686 ἐλήλυθεν,
735 618 822 671 ἵνα
847 621 877 671 ὁ
899 619 1222 690 περιπατῶν
1247 621 1307 674 ὲν
1333 621 1484 691 αὐτῷ
1512 623 1587 693 μὴ
1617 639 1782 693 προσ-

193 707 390 780 κόπτῃ,
416 709 449 778 ἠ
492 708 713 779 βοήθεια
746 709 912 762 αὑτοῦ
943 712 1160 782 πρωίας
1189 713 1306 765 ἐστὶ
1331 716 1662 785 παρεκτική.
1710 716 1780 767 Ἢ

190 799 334 870 τάχα
361 800 554 872 ἐπειδὴ
576 801 772 874 όρθρου
801 802 992 874 βαθέος
1011 806 1045 874 ἡ
1073 805 1368 870 ἀνάστασις
1397 802 1486 877 ἦν,
1523 804 1780 878 βοηθήσει

193 893 225 944 ὀ
250 891 383 955 Θεὸς
409 896 474 964 τῇ
506 893 659 947 πόλει
681 894 744 947 τὸ
773 894 912 966 πρὸς
938 896 1084 966 πρωὶ
1113 897 1258 967 πρωὶ
1292 896 1425 968 (59),
1463 898 1492 950 ὁ
1513 899 1614 968 τὴν
1637 898 1779 952 κατὰ

193 981 288 1033 τοῦ
323 981 553 1036 Θανάτου
589 983 745 1055 νίκην
776 985 960 1056 πρωίᾳ.
997 988 1064 1057 τῇ
1094 985 1252 1059 τρίτῃ
1288 986 1474 1059 ἡμέρᾳ
1511 991 1613 1061 τῆς
1650 989 1779 1042 ἀνα-

194 1073 438 1138 στάσεως
467 1076 861 1146 ἐργασάμενος.

265 1165 319 1219 6.
386 1167 839 1237 Ἐτιιράχθησαν
900 1170 1047 1241 ἔθνη
1069 1208 1086 1238 ,
1142 1175 1394 1227 έκλιναν
1445 1175 1775 1240 βασιλεῖαι,

189 1258 380 1314 ἔδωκε
413 1259 624 1328 φωνὴν
657 1261 844 1315 αὐτοῦ
873 1265 908 1316 d
931 1263 1236 1332 Ὕψιστος,
1267 1265 1568 1336 ἐσαλεύθη
1604 1269 1644 1337 ἡ
1675 1268 1774 1339 τῆ.

191 1349 404 1422 Νόησόν
447 1367 538 1421 μοι
583 1351 706 1405 τινὰ
749 1352 905 1406 πόλιν
943 1353 1435 1428 ἐπιϐουλευομένην
1479 1359 1632 1431 παρά
1669 1359 1777 1414 τῶν

191 1442 693 1514 ἐπιστρατευόντων
731 1444 868 1516 αὐτῇ
900 1443 1196 1517 πολεμίων,
1225 1448 1363 1512 τέως
1391 1449 1487 1520 μὲν
1517 1451 1779 1522 περικαθ-

191 1532 466 1604 εζομένων
519 1533 631 1606 (40)
682 1534 853 1606 αὐτὴν
893 1537 1064 1591 ἐθνῶν
1117 1536 1330 1594 πολλῶν
1376 1539 1472 1592 καὶ
1512 1539 1776 1610 βασιλέων

189 1623 303 1677 τῶν
349 1624 472 1678 καθ’
500 1625 728 1680 ἕκαστον
771 1626 924 1691 ἔθνος
958 1627 1028 1682 τὰ
1073 1629 1330 1703 σκῆπτρα
1379 1631 1771 1703 διαλαχόντωνο

191 1710 316 1770 εἶτά
362 1733 483 1770 τινα
523 1717 826 1790 στρατηγὸν
847 1757 862 1782 ,
901 1719 1110 1790 ἄμαχον
1155 1719 1252 1792 τὴν
1295 1719 1518 1793 ῥώμην,
1563 1722 1775 1795 ἀθρόως

1885 547 1992 585 non
2044 529 2282 587 oﬂ'endat
2309 531 2375 597 “,
2418 530 2536 600 ejus
2567 533 2830 588 auxilium
2881 543 3090 602 tempus
3131 535 3455 590 matutinum

1882 620 2061 677 aﬂ'ert.
2097 621 2192 678 Vel
2232 623 2372 679 forte
2407 624 2664 694 quoniam
2708 623 2880 679 multo
2913 639 3072 679 mane
3117 633 3238 680 erat
3282 641 3458 680 resur-

1881 714 2085 779 rectio,
2136 712 2410 782 adiuvabit
2457 716 2602 770 Deus
2652 713 2926 769 civitatem
2981 729 3143 771 mane
3197 715 3454 778 diluculo,

1882 805 2082 875 quippe
2122 807 2213 875 qui
2249 808 2407 862 tertia
2438 810 2850 866 resurrectionis
2878 810 2967 866 die
2992 809 3256 864 matutina
3285 810 3457 866 victo-

1881 899 2019 952 riam
2051 914 2080 952 a
2113 907 2290 955 morte
2321 900 2635 970 reportarit.

1881 1178 1907 1189 "
1954 1161 2009 1216 6.
2064 1160 2227 1218 Vsus.
2271 1163 2322 1218 7.
2385 1163 2723 1219 Couturbata:
2771 1175 2894 1220 sunt
2948 1175 3152 1234 gentes,
3201 1166 3458 1220 inclinata

1878 1262 2003 1308 sunt
2033 1270 2193 1325 regna
2227 1269 2248 1308 :
2284 1255 2431 1310 dedit
2454 1271 2630 1310 uacent
2661 1274 2814 1311 suam
2837 1255 3164 1321 Altissimus,
3199 1267 3460 1312 commota

1877 1357 1953 1402 est
1996 1356 2160 1403 terra.
2211 1347 2404 1418 Cogita
2439 1349 2711 1404 civitatem
2743 1349 2981 1418 aliquam
3031 1363 3172 1413 esse,
3203 1350 3292 1404 cui
3327 1350 3461 1404 insi-

1877 1439 1980 1494 dia:
2001 1447 2285 1494 struantur
2306 1440 2374 1495 ab
2397 1441 2833 1511 oppugnantibus
2857 1455 2976 1494 eam
3001 1440 3267 1506 hostibus,
3297 1455 3459 1509 quam

1879 1530 2101 1585 interim
2128 1531 2418 1587 obsideant
2447 1541 2634 1602 gentes
2658 1532 2839 1586 multae
2865 1542 2920 1586 et
2951 1545 3127 1602 reges,
3154 1531 3248 1602 qui
3282 1532 3463 1602 singu-

1877 1620 2056 1678 larum
2085 1623 2368 1678 nationum
2403 1634 2624 1693 sceptra
2645 1623 2826 1679 sortiti
2859 1624 3008 1688 sint;
3037 1623 3234 1679 deinde
3269 1624 3462 1679 ducem

1880 1713 2134 1784 aliquem,
2158 1716 2353 1772 robore
2383 1716 2667 1780 invictum,
2704 1717 2997 1786 derepente
3018 1716 3260 1786 conspici
3284 1716 3351 1771 ad
3393 1715 3467 1770 fe-

193 1804 530 1874 ιπιφανέντα
567 1808 648 1871 είς
712 1807 967 1880 βοήθειαν
1006 1813 1073 1882 τῇ
1130 1810 1282 1864 πόλει
1327 1810 1500 1885 ταύτῃ
1521 1853 1537 1877 ,
1590 1813 1784 1868 λύοντα

1895 1805 2116 1861 rendum
2145 1807 2270 1862 huic
2285 1807 2496 1862 civitati
2521 1808 2801 1875 auxilium,
2828 1809 2944 1878 qui,
2964 1809 3140 1864 soluta
3158 1808 3462 1873 obsidione,

197 1896 302 1968 μὲν
345 1897 444 1970 τὴν
489 1897 847 1970 πολιορκίαν,
907 1900 1273 1955 σκεδαννύντα
1313 1901 1372 1955 δὲ
1417 1902 1517 1973 τὴν
1568 1919 1788 1976 συστρο-

195 1989 307 2060 φὴν
347 1990 458 2043 τῶν
506 1989 698 2055 ἐθνῶν,
747 1993 829 2054 εἰς
880 1990 1060 2062 φυγὴν
1105 1992 1163 2045 δὲ
1211 1993 1337 2056 τοὺς
1380 1993 1617 2064 βασιλεῖς
1661 2011 1787 2047 συν·-

196 2080 493 2136 ελαύνοντα
538 2083 604 2136 ἐκ
653 2083 816 2153 μόνου
853 2083 946 2136 τοῦ
987 2082 1256 2154 ἐμϐοῆσαι
1285 2083 1398 2155 (41)
1437 2086 1620 2149 αὐτοῖς
1649 2086 1787 2156 μετὰ

195 2173 500 2244 δυνάμεως,
551 2175 896 2246 καταπλῆξαι
947 2192 1008 2228 τε
1062 2176 1243 2231 αὐτῶν
1292 2176 1393 2240 τὰς
1440 2177 1667 2247 καρδίας
1718 2181 1784 2250 τῇ

199 2262 520 2337 περρθτητι
571 2268 673 2338 τῆς
713 2267 916 2338 φωνῆς.
967 2265 1149 2338 Πόσην
1189 2262 1284 2321 οὖν
1335 2269 1484 2332 είκὸς
1540 2269 1786 2341 ταραχὴν

201 2357 488 2429 συστῆναι,
541 2359 650 2412 τῶν
698 2359 869 2412 ἐθνῶν
905 2359 1286 2431 διωκομένων,
1336 2361 1432 2415 καὶ
1473 2361 1583 2416 τῶν
1641 2362 1788 2433 βασι-

196 2445 339 2501 λέων
373 2450 451 2511 εἰς
479 2449 660 2522 φυγὴν
693 2450 1056 2506 ἐκκλινάντων
1075 2469 1088 2482 ⁸
1136 2451 1298 2524 θροῦν
1325 2452 1384 2506 δέ
1409 2470 1533 2507 τινα
1571 2453 1787 2526 ἄσημον

175 2541 298 2594 ,καὶ
327 2536 466 2612 ἦχον
493 2543 914 2598 ἀκατάπαυστον
954 2546 1019 2598 ἐκ
1063 2545 1162 2616 τῆς
1200 2545 1644 2618 τεθορυόημένης
1685 2548 1786 2600 αὐ-

197 2631 310 2685 τῶν
356 2633 534 2704 φυγῆς
585 2635 1022 2705 ἀναπέμπεσθαι,
1075 2637 1255 2690 πάντα
1296 2637 1354 2690 δὲ
1397 2639 1563 2691 τόπον
1603 2638 1784 2712 πλήρη

201 2717 344 2774 εἶναι
390 2722 502 2776 τῶν
548 2723 654 2776 ὑπὸ
692 2724 895 2789 δειλίας
937 2725 1415 2795 φυγαδευθέντων,
1447 2726 1588 2781 ὥστε
1626 2728 1787 2782 σάλον

201 2811 513 2880 ἐγγίνεσθαι
541 2814 816 2886 πανταχοῦ
847 2820 968 2880 ταῖς
999 2817 1423 2890 ὑποδεχομέναις
1466 2822 1666 2887 αὐτοὺς
1692 2822 1789 2876 πό-

201 2901 403 2974 λεσινῆ
439 2903 690 2974 κώμαις;
720 2907 830 2978 Τὴν
861 2908 1118 2980 τοιαύτην
1147 2905 1240 2964 οὖν
1281 2911 1582 2984 παρίστησι
1603 2917 1670 2985 τῇ
1700 2914 1789 2968 πό-

87 2987 98 3006 “
202 2991 288 3046 λει
319 2993 412 3046 τοῦ
443 2994 576 3048 Θεοῦ
607 2996 758 3065 παρὰ
783 2996 878 3050 τοῦ
900 2999 1156 3071 Σωτῆρος
1188 2999 1476 3072 ἀντίληψιν
1509 3004 1569 3056 ἐν
1595 3002 1674 3073 τῷ
1703 3002 1789 3057 λέ-

204 3100 357 3152 γειν⁸
423 3085 868 3156 Ἐταράχθησαν
916 3089 1061 3158 ἔθνη
1083 3129 1097 3156 ,
1156 3090 1410 3147 ἔκλιναν
1455 3095 1786 3163 βασιλεῖαι,

204 3150 390 3229 ἔδωκε
415 3150 846 3246 Mutanton
877 3184 912 3235 ό
940 3150 1260 3252 "Tyriae-oc,
1292 3150 1595 3257 ἐσαλεύθη
1624 3189 1664 3255 ἡ
1818 3150 1861 3208 C

205 3267 422 3334 Κύριος
476 3268 595 3323 τῶν
639 3269 953 3340 δυνάμεων
993 3275 1123 3343 μεθ’
1180 3275 1381 3345 ἡμῶν,
1416 3276 1792 3348 ἀντιλήπτωρ

205 3356 380 3427 ἡμῶν
409 3362 444 3413 ὁ
471 3360 616 3427 Θεὸς
648 3362 846 3417 Ἰακώϐ
869 3363 1002 3435 (42).
1027 3362 1150 3419 Εἳδε
1179 3367 1270 3421 τὸν
1296 3368 1793 3441 ἐνανθρωπήσαντα

205 3449 365 3514 Θεὸν,
397 3446 507 3506 εἶδε
545 3451 637 3507 τὸν
681 3455 746 3508 ἐκ
779 3454 1057 3527 Παρθένου
1100 3458 1262 3526 ἁγίας
1292 3460 1623 3532 γεννηθέντα
1664 3463 1793 3533 Ἐμ-

210 3543 487 3616 μανουήλ’
533 3545 562 3600 ὃ
603 3548 720 3600 ἐστι
770 3547 1309 3622 μεθερμηνευόμενον
1355 3555 1497 3607 Μεθ’
1535 3552 1706 3623 ἡμῶν
1759 3556 1794 3608 δ

211 3633 386 3700 Θεὸς⁹
435 3636 531 3689 καὶ
582 3636 672 3690 διὰ
700 3637 860 3691 τοῦτο
909 3640 1264 3710 προφητικῶς
1319 3641 1520 3714 ἐκὸοᾷο
1580 3645 1794 3712 Κύριος

209 3723 332 3778 τῶν
357 3724 670 3796 δυνάμεων
685 3729 814 3798 μεθ’
842 3729 1044 3800 ἡμῶν
1076 3732 1320 3798 δεικνὺς,
1347 3733 1448 3788 ὅτι
1470 3728 1626 3799 οὗτός
1647 3738 1794 3789 ἐστιν

207 3817 240 3870 ό
261 3818 375 3880 τοῖς
390 3817 565 3886 ἁγίοις
585 3821 892 3892 προφήταις
913 3822 1007 3876 καὶ
1028 3824 1394 3898 πατριάρχαις
1417 3824 1789 3895 ἐμφανισθείς.

223 3905 630 3978 Ἀντιλήπτωρ
654 3909 828 3980 ἡμῶν
844 3952 861 3976 ,
895 3913 1090 3984 φησιν,
1140 3913 1261 3984 οὐχὶ
1292 3913 1450 3978 ἄλλος
1482 3915 1616 3979 Θεὸς
1643 3915 1797 3988 παρὰ

209 3998 307 4052 τὸν
339 3998 444 4052 ὑπὸ
474 4000 584 4054 τῶν
624 4003 919 4074 προφητῶν
953 4004 1381 4078 παραδιδόμενον
1401 4025 1415 4038 ο
1447 4007 1564 4062 ἀλλ’
1602 4009 1632 4061 ό
1663 4007 1796 4074 Θεὸς

224 4089 422 4143 Ἰακὼϐ
455 4091 588 4162 (43),
620 4093 650 4146 ὁ
681 4094 740 4147 ἐν
776 4093 854 4165 τῷ
887 4095 1258 4168 χρηματισμῷ
1303 4097 1441 4170 πρὸς
1464 4098 1556 4152 τὸν
1601 4097 1795 4153 ἑαυτοῦ

211 4179 525 4251 θεράποντα
546 4183 876 4255 διαλεχθείς·
922 4185 1069 4255 Ἐγώ
1103 4189 1221 4256 ειμι
1263 4191 1297 4242 ό
1329 4187 1475 4255 Θεὸς
1527 4189 1794 4260 Ἀϐραὰμ,

210 4271 313 4325 καὶ
341 4275 374 4326 ό
403 4273 547 4340 Θεὸς
574 4276 814 4341 Ἰσαὰκ,
843 4277 941 4331 καὶ
973 4281 1006 4331 ό
1037 4279 1182 4346 Θεὸς
1211 4280 1429 4336 Ἰακώϐ.

287 4363 340 4418 7.
359 4365 540 4420 Δεῦτε
563 4366 663 4421 καὶ
685 4367 840 4424 ἴδετε
869 4369 942 4424 τὰ
966 4370 1110 4442 ἔργα
1141 4373 1250 4427 τοῦ
1269 4375 1438 4441 Θεοῦ,
1461 4375 1500 4429 d
1518 4374 1687 4430 ἔθετο
1708 4375 1799 4430 τέ-

1887 1899 2124 1969 gentium
2145 1899 2770 1970 dissipetdispergatque
2785 1900 3205 1964 multitudinem,
3223 1914 3287 1955 ac
3305 1912 3466 1968 reges

1888 1992 2035 2062 ipsos
2067 1993 2122 2048 in
2163 1992 2341 2064 [agam
2371 2001 2582 2060 vertat,
2635 1994 2680 2048 si
2725 1992 2900 2047 solum
2927 2005 3028 2047 'eos
3062 2007 3184 2047 cum
3223 1991 3467 2062 potentia

1887 2085 2162 2152 inclamet,
2183 2101 2482 2157 eorumque
2503 2087 2668 2142 corda
2693 2086 2842 2142 vocis
2864 2087 3122 2142 ﬁrmitate
3142 2094 3465 2156 perterreat.

1887 2176 2158 2244 Quantam
2199 2178 2362 2248 igitur
2387 2177 2683 2233 verisimile
2714 2187 2798 2232 εει
2828 2177 3189 2233 turbationem
3215 2177 3466 2239 excitari,

1888 2267 2016 2321 dum
2067 2276 2259 2337 gentes
2309 2265 2586 2338 fugantur,
2624 2276 2677 2322 et
2723 2281 2882 2337 reges
2929 2267 2981 2320 in
3033 2266 3215 2338 fugam
3246 2277 3471 2322 vertun-

1890 2359 2022 2413 tur?
2053 2359 2268 2430 qualem
2297 2375 2514 2430 quoque
2535 2359 2834 2415 clamorem
2873 2360 3164 2415 confusum
3184 2399 3200 2423 .
3234 2368 3290 2415 et
3319 2360 3468 2413 soni-

1889 2459 2003 2502 tum
2035 2460 2352 2520 perpetuum
2397 2465 2463 2505 ex
2515 2450 2842 2505 tumultuosa
2894 2450 3110 2506 illorum
3158 2449 3286 2520 fuga
3335 2447 3470 2503 edi?

1889 2540 2079 2595 Nonne
2129 2541 2356 2595 credere
2402 2555 2502 2610 par
2547 2549 2634 2595 est
2667 2540 2846 2596 locum
2879 2557 3097 2597 omnem
3123 2541 3191 2596 iis
3219 2541 3310 2611 qui
3362 2555 3470 2610 pra:

1891 2631 2085 2686 timore
2110 2629 2278 2702 fugati
2309 2641 2458 2699 sunt,
2490 2632 2738 2702 repleri?
2763 2633 2900 2689 adeo
2924 2642 2984 2688 ut
3017 2634 3214 2702 ubique
3253 2635 3304 2686 in
3331 2631 3472 2685 urbi-

1891 2721 1989 2777 bus
2017 2731 2112 2776 aut
2145 2721 2284 2776 vicis
2315 2736 2413 2776 eos
2463 2721 2866 2791 excipientibus
2910 2722 3181 2777 excitetur
3229 2733 3471 2775 commo-

1891 2815 1988 2868 tio.
2011 2813 2199 2868 Talem
2231 2812 2398 2883 igitur
2421 2827 2574 2882 spem
2609 2813 2816 2868 civitati
2835 2814 2931 2869 Dei
2955 2829 2986 2868 a
3017 2812 3302 2868 Saivatore
3331 2812 3470 2866 dan-

1890 2907 2013 2961 dam
2066 2918 2192 2961 esse
2235 2904 2498 2972 ostendit,
2552 2906 2680 2960 dum
2724 2905 2900 2960 dicit:
2961 2905 3310 2961 Conturbatte
3352 2914 3473 2960 sunt

1889 3007 2088 3068 gentes,
2118 2997 2378 3052 inclinata
2403 3006 2530 3052 sunt
2550 3014 2734 3066 regna,
2759 2999 2901 3052 dedit
2919 3015 3096 3052 uocem
3122 3015 3275 3052 suam
3301 2998 3472 3052 Altis-

1891 3090 2080 3153 simus,
2113 3096 2377 3148 commota
2416 3098 2495 3144 est
2529 3102 2694 3145 terra.
2727 3088 2892 3145 Vens.
2923 3090 2979 3146 8.
3007 3090 3272 3146 Dominus
3308 3091 3474 3144 virtu-

1893 3192 2002 3236 tum
2024 3183 2312 3247 nobiscum,
2347 3191 2617 3252 susceptor
2663 3178 2843 3237 noster
2888 3181 3036 3238 Deus
3081 3181 3272 3237 Jacob.
3326 3181 3476 3236 Vidit

1894 3273 2233 3327 incarnatum
2264 3273 2457 3338 Deum,
2490 3273 2626 3328 vidit
2653 3289 2718 3328 ex
2745 3283 2938 3330 sancta
2987 3272 3210 3344 Virgine
3235 3274 3475 3345 genitum

1895 3364 2212 3420 Emmanuel
2239 3387 2253 3422 :
2286 3366 2432 3433 quod
2463 3367 2507 3421 si
2530 3366 2678 3436 quis
2717 3365 3134 3436 interpretetur,
3175 3376 3333 3421 sonat
3364 3363 3491 3418 Νο-·

1895 3455 2094 3508 biscum
2129 3455 2268 3510 Deus
2303 3457 2383 3522 ¹⁷;
2426 3467 2482 3511 et
2516 3457 2618 3512 hac
2648 3457 2716 3512 de
2736 3472 2901 3512 causa
2942 3458 3260 3528 prophetice
3288 3457 3476 3512 excla-

1895 3559 2008 3602 mat
2036 3565 2051 3600 :
2089 3546 2354 3602 Dominus
2381 3548 2638 3603 virtutum
2666 3550 2976 3615 nobiscum;
3010 3549 3305 3605 ostendens
3332 3549 3478 3605 hunc

1894 3650 2019 3692 esse
2068 3637 2160 3705 qui
2191 3638 2400 3693 sanctis
2433 3637 2718 3706 prophetis
2755 3639 3010 3709 apparuit
3043 3647 3208 3708 atque
3237 3637 3476 3708 patriar-

1895 3729 2037 3786 chis.
2065 3727 2351 3798 Susceptor
2380 3739 2575 3794 noster,
2611 3729 2814 3799 inquit,
2857 3745 2963 3784 non
3000 3729 3140 3784 alius
3167 3729 3308 3783 Deus
3333 3742 3478 3798 pra:-

1898 3835 1981 3880 ter
2006 3837 2130 3877 eum
2161 3821 2256 3891 qui
2290 3821 2526 3877 traditus
2551 3832 2638 3878 est
2665 3837 2696 3876 a
2722 3821 3044 3892 prophetis;
3083 3821 3176 3876 sed
3219 3819 3362 3875 Deus
3383 3816 3478 3872 Ja-

1896 3917 2000 3972 cob
2032 3915 2124 3985 qui
2169 3915 2223 3968 in
2253 3914 2479 3969 oraculo
2527 3914 2593 3969 ad
2625 3911 3040 3969 servum’suum
3088 3914 3234 3968 edito
3263 3912 3477 3968 locutus

1897 4015 1983 4063 est
2019 4028 2032 4063 :
2065 4007 2180 4076 Ego
2209 4022 2328 4060 sum
2356 4005 2498 4060 Deus
2543 4004 2833 4071 Abraham,
2864 4003 3007 4060 Deus
3038 4003 3216 4068 Isaac,
3252 4014 3300 4057 et
3335 4003 3479 4057 Deus

1896 4098 2064 4154 Iacob
2089 4099 2125 4131 ¹ε

1977 4371 2138 4443 175
2155 4369 2391 4427 Ἰονειιε.
2411 4369 2562 4436 9,10.
2587 4367 2767 4423 Venite
2789 4376 2837 4421 et
2859 4367 3021 4421 videte
3049 4382 3206 4434 opera
3227 4364 3348 4430 Dei,
3364 4381 3481 4433 qua:

202 4473 366 4524 paea
405 4459 504 4512 ἐπὶ
538 4459 650 4529 τῆς
675 4461 810 4530 γῆς,
863 4463 1238 4533 ἀνταναιρῶν
1279 4465 1584 4536 πολέμους
1620 4466 1792 4536 μέχρι

1901 4465 2079 4534 posuit
2099 4465 2346 4534 prodigia
2376 4479 2536 4532 super
2555 4473 2769 4523 terram,
2806 4460 3048 4528 auferens
3070 4460 3204 4512 bella
3231 4475 3390 4528 usque
3412 4460 3482 4512 ad

211 4546 337 4601 τῶν
367 4549 637 4619 περάτων
663 4551 774 4622 τῆς
808 4553 942 4622 γῆς.
990 4557 1128 4620 Τοὺς
1155 4556 1372 4628 μακρὰν
1409 4557 1571 4622 ὄντας
1591 4559 1686 4612 τοῦ
1711 4557 1792 4612 λό-

1905 4559 2036 4629 ﬁnes
2066 4568 2242 4611 terrae.
2280 4555 2408 4620 Eos,
2441 4555 2534 4625 qui
2563 4553 2751 4623 procul
2780 4563 2904 4608 sunt
2930 4567 2960 4606 a
3001 4551 3169 4605 verbo
3193 4549 3441 4605 veritatis
3464 4590 3481 4615 ,

210 4655 316 4707 γου
349 4643 448 4712 τῆς
480 4641 740 4714 ἀληθείας
758 4647 836 4709 εἰς
861 4646 959 4717 τὴν
994 4647 1080 4700 διὰ
1104 4649 1204 4720 τῆς
1243 4649 1596 4718 ἐπιγνώσεως
1633 4650 1797 4720 ἐγγύ-

1908 4648 2192 4718 Scriptura
2231 4645 2424 4701 invitat
2465 4653 2526 4700 ut
2563 4644 2634 4698 ad
2673 4657 2793 4699 eam
2829 4655 2926 4713 per
2959 4640 3323 4712 cognitionem
3355 4652 3483 4709 pro-

290 4819 335 4850 “
363 4817 522 4874 Joan.
547 4835 624 4886 x1,
643 4819 700 4886 9,
741 4821 831 4877 10.
909 4823 952 4856 ¹⁷
987 4821 1178 4882 Matth.
1213 4824 1369 4891 1,25.
1449 4825 1494 4857 ³⁸
1523 4825 1694 4883 Exod.
1733 4840 1818 4892 tu,
1842 4825 1897 4881 6.

289 4956 403 5038 (59)
434 4956 553 5014 Vox
587 4961 737 5032 πρωῒ
761 4962 937 5038 semel
983 4962 1245 5038 duntaxat
1268 4966 1500 5038 hlegitur
1538 4967 1593 5022 in
1633 4967 1795 5022 editis

214 5032 367 5105 etin
398 5032 847 5105 ⁸ιιιεειηιιοιιιιιιῌίε
877 5051 892 5086 :
932 5034 1026 5105 sed
1053 5034 1150 5105 bis
1172 5032 1440 5091 scribitur
1478 5038 1530 5091 in
1558 5046 1796 5105 quatuor

215 5098 364 5178 aliis.
392 5098 657 5178 Hoc_ipso
680 5100 913 5178 iuAloco‘
935 5103 1102 5178 editio
1125 5104 1367 5178 Paris._6
1393 5109 1460 5178 τῇ
1506 5098 1650 5178 κατὰ
1697 5105 1795 5160 τοῦ

217 5167 451 5222 θανάτου
482 5167 608 5241 νίκῃ
626 5171 837 5242 πρωῖαν
851 5174 918 5244 τῇ
949 5173 1130 5245 τρίτῃ,
1159 5183 1264 5229 etc.
1292 5176 1395 5240 Qui
1416 5167 1508 5244 per
1526 5177 1797 5231 victoriam

217 5253 288 5291 ea:
329 5250 496 5293 morte
535 5249 861 5308 reportatum
895 5245 1050 5296 tertia
1080 5247 1480 5301 resurrectionis
1507 5248 1592 5301 die
1622 5256 1796 5300 malu-

219 5308 394 5386 tinum
425 5317 626 5377 tempus
654 5311 848 5379 effecit.
890 5312 1434 5386 A_t__Regii‘teritius,
1468 5327 1699 5386 quartus
1738 5325 1795 5370 et

220 5377 448 5443 quintus
475 5394 582 5434 non
607 5377 778 5456 secus
806 5397 870 5436 ac
899 5377 1209 5456 Colberiini
1229 5377 1457 5453 primus,
1485 5377 1706 5456 quintus
1740 5395 1796 5440 et

223 5455 419 5522 sextus
443 5461 566 5522 cum
600 5447 766 5504 Coisl.
803 5463 857 5506 et
909 5468 1032 5507 cum
1070 5447 1303 5520 quadam
1346 5447 1520 5522 quani
1565 5456 1796 5510 Ducaaus

223 5515 413 5594 laudat
440 5516 666 5594 catena,
689 5529 748 5574 ut
786 5521 838 5594 in
869 5515 1146 5594 contextu.
1178 5523 1288 5578 Nec
1318 5515 1479 5578 aliter
1516 5526 1716 5594 legitur
1743 5526 1796 5577 in

224 5585 466 5664 editione
491 5586 659 5664 Dasil.
688 5600 743 5644 et
790 5592 842 5645 in
877 5591 1060 5664 Regiis
1104 5595 1344 5648 secundo
1390 5606 1445 5648 et
1486 5585 1795 5664 sextotnisi

226 5654 371 5736 quod
396 5656 742 5736 bi_l'rbri__p1‘o
771 5654 1230 5736 qrpmiqt'habeant
1256 5664 1435 5736 πρωῒ.
1460 5666 1614 5736 Apud
1647 5654 1800 5736 LXX

227 5735 413 5783 autem
435 5727 516 5786 sic
549 5727 755 5788 editum
779 5727 1114 5799 invenimus,
1147 5727 1405 5799 Βοηθ’ή’σει
1439 5727 1579 5799 αὐτῇ
1609 5737 1636 5790 ό
1667 5733 1800 5797 Θεὸς

1905 4961 1986 5018 τῶ
2011 4981 2053 5017 π
2091 4961 2310 5027 οσώπω,
2342 4960 2613 5030 adjuvabit
2643 4976 2758 5014 eam
2786 4958 2928 5012 Deus
2948 4957 3123 5012 vultu.

1957 4981 2098 5110 ’(Μῧ
2118 5034 2211 5110 Sic
2233 5015 2368 5110 lieg.
2398 5030 2937 5110 secundus,_tertius,
2963 5038 3192 5097 quartus
3216 5035 3272 5110 et
3298 5035 3485 5082 sextus

1907 5095 2031 5162 Cum
2060 5095 2216 5172 Coll).
2257 5095 2452 5172 primo.
2489 5099 2630 5154 Editi
2661 5098 2770 5152 τῶν
2811 5095 3374 5172 ἐπιστρατευομένων.

2004 5174 2094 5244 41)
2123 5168 2304 5244 Εόὶιῖο
2333 5173 2498 5244 Βιιξίι.
2531 5179 2586 5244 e‘t
2616 5186 2748 5226 mss.
2784 5168 3024 5244 nonnulli
3056 5168 3339 5244 ἐκϐοῆσαι.

2004 5176 2094 5244 41)
2123 5176 2304 5228 Editio
2333 5176 2498 5224 Basil.
2531 5179 2586 5224 et
2616 5186 2748 5226 mss.
2784 5176 3024 5223 nonnulli
3056 5176 3339 5238 ἐκόοησαι.

1981 5176 2094 5314 ξω)
2125 5243 2317 5314 Nostra
2334 5243 2513 5314 editio
2547 5240 2720 5296 Paris.
2747 5309 2759 5314 Α
2781 5255 2900 5294 cum
2947 5241 3159 5314 duobus
3205 5233 3483 5314 mss.ARe-

1900 5303 2003 5385 giis
2037 5303 2537 5384 ἐνανθρωπίσαντα.
2573 5314 2643 5366 At
2671 5309 2908 5381 quinque
2931 5309 3022 5364 alii
3051 5322 3185 5362 mss.
3217 5303 3484 5375 ἐνανθρω-

1900 5401 2246 5526 “(ﬂagitas
2269 5451 2540 5526 secundus
2577 5450 2925 5526 δεγῖιλήπῖτωρ
2951 5447 3170 5526 ἡμεῖλῖβ
3202 5443 3335 5518 Θεὸς
3372 5441 3483 5526 1°}:

1903 5511 2246 5594 κώ“6·ὀιχ“ῐ.
2297 5523 2498 5595 ibidem
2554 5521 2680 5575 editi
2715 5511 3326 5595 ἡμῖν-παραδιδόμενον.
3381 5511 3484 5595 ubi

1905 5590 2304 5651 observandum
2357 5592 2589 5660 primam
2622 5590 2808 5645 vocem
2845 5591 2978 5660 ημῖν
3013 5590 3066 5643 in
3121 5590 3326 5660 nostris
3357 5591 3482 5660 octo

1907 5680 2043 5720 mss.
2077 5665 2264 5718 deesse
2299 5681 2312 5716 :
2346 5653 2540 5732 deinde
2560 5653 3182 5732 prompoté'iﬁépevoviu
3207 5653 3484 5712 codicibus

1907 5734 2183 5794 nonnullis
2213 5733 2315 5799 legi
2342 5729 2792 5798 παραδεδομένον.
