3836 6222
443 316 544 370 ιιιπ

1781 313 1837 360 b.
1872 312 2116 358 bAbth
2155 312 2369 360 MAle

3597 313 3696 366 δξεί

444 429 565 497 pius
594 424 878 489 accedant,
913 425 1099 480 dicens
1131 442 1145 478 :
1205 423 1384 480 Venite
1422 434 1471 480 et
1499 426 1685 481 videte.
1735 424 2004 491 Quemad—

2111 439 2245 493 τητα
2280 424 2666 495 προσκαλεῖται
2698 428 2726 478 ὀ
2756 426 2911 494 λόγος
2942 425 3112 494 λέγων
3132 442 3145 456 ο
3177 427 3351 480 Δεῦτε
3370 427 3475 479 καί
3509 428 3692 481 laete.

445 521 662 574 modum
695 519 838 573 enim
868 518 919 571 in
948 518 1228 587 corporeis
1260 518 1451 583 oculis,
1491 519 1773 574 intervalla
1816 534 2010 589 magna

447 611 734 665 obscuram
768 609 1001 664 reddunt
1033 623 1219 663 eorum
1254 624 1373 677 quae
1414 613 1514 664 sub
1547 621 1894 680 conSpectum
1926 624 2012 664 ca-

444 705 577 755 dunt
598 701 1134 771 comprehensionem
1158 721 1171 768 ;
1200 714 1385 756 contra
1409 703 1647 757 accessio
1668 702 2009 764 intuentium,

443 793 791 858 conspicuam
849 790 1021 845 reddit
1054 806 1233 845 rerum
1271 793 1614 845 visendarum
1634 792 1963 861 agnitionem
1996 808 2007 844 :

445 883 523 934 sic
545 883 709 935 etiam
736 882 788 935 in
818 882 1011 937 mentis
1039 882 1514 951 contemplatione,
1542 882 1707 950 quise
1730 894 1823 950 per
1847 896 2010 949 opera

445 970 557 1025 Deo
592 986 693 1025 non
722 970 1017 1041 coniungit,
1055 988 1153 1026 nec
1186 974 1599 1042 apprOpinquat,
1650 988 1814 1043 opera
1870 973 2013 1027 illius

447 1061 596 1128 puris
629 1063 823 1117 mentis
854 1064 1028 1118 oculis
1081 1066 1264 1119 videre
1298 1082 1401 1120 non
1447 1076 1642 1135 potest.
1693 1067 1896 1122 Idcirco
1922 1082 2012 1120 ve-

447 1154 583 1220 nite,
620 1154 1049 1224 appropinquate
1072 1158 1224 1226 prius
1250 1174 1263 1220 ;
1299 1157 1492 1212 deinde
1521 1158 1699 1212 videte
1719 1173 1881 1227 opera
1906 1157 2008 1213 Do—

447 1245 605 1310 mini,
638 1246 945 1318 prodigiosa
978 1263 1109 1303 sane
1142 1259 1197 1304 et
1224 1250 1528 1317 mirabilia;
1575 1251 1771 1319 quibus
1798 1252 2010 1320 percul-

447 1352 539 1391 sas
578 1348 786 1407 gentes,
820 1354 1021 1405 easque
1042 1349 1199 1395 antea
1233 1340 1459 1395 hostiles
1491 1350 1549 1396 et
1577 1342 1883 1405 seditiosae,
1944 1345 2011 1396 ad

445 1429 680 1492 quietem
722 1431 1013 1484 transtulit.
1054 1428 1251 1495 Venite,
1279 1432 1405 1500 ﬁlii,
1428 1433 1607 1487 audite
1645 1436 1822 1499 me";
1860 1437 2010 1498 item,

455 1516 634 1573 Venite
665 1536 838 1574 omnes
879 1523 968 1591 qui
1019 1523 1295 1589 laboratis,
1337 1535 1385 1579 et
1414 1526 1618 1579 onerati
1652 1527 1775 1580 estis
1808 1527 1873 1581 '°.
1908 1528 2010 1581 Pa-

447 1618 600 1663 terna
640 1624 745 1665 vox
772 1622 875 1676 est,
919 1614 1175 1683 expansis
1219 1615 1361 1671 ulnis
1402 1619 1469 1672 ad
1515 1633 1575 1674 se
1608 1619 1888 1675 invitantis
1919 1637 2012 1677 eos

444 1697 537 1765 qui
579 1698 841 1756 hactenus
894 1704 1129 1760 rebelles
1186 1705 1361 1763 fuere.
1402 1708 1505 1775 Qui
1567 1710 1733 1780 igitur
1777 1712 2013 1765 audierit

444 1791 808 1856 vocationem,
844 1796 1483 1869 appropinquaveritque
1525 1811 1578 1856 et
1612 1802 1893 1871 imperanti
1928 1805 2016 1857 ad-

446 1878 689 1945 haeserit,
716 1881 760 1936 is
792 1896 913 1937 eum
950 1886 1164 1941 visurus
1192 1897 1275 1943 est
1300 1890 1390 1959 qui
1431 1900 1623 1946 cuncta
1664 1907 1762 1962 per
1795 1910 2011 1948 crucem

444 1968 770 2036 paciﬁcavit,
810 1971 931 2028 Sive
974 1992 1091 2045 qua:
1128 1978 1183 2031 in
1216 1988 1356 2034 terra
1390 1991 1533 2048 sunt,
1558 1983 1661 2037 sive
1696 2001 1811 2053 qua:
1833 1986 1885 2038 in
1915 2003 2015 2039 c03-

446 2060 512 2112 lis
540 2062 608 2113 “.
637 2063 833 2117 Arcum
877 2076 1128 2132 conteret,
1164 2080 1213 2123 et
1246 2072 1535 2141 confringet
1574 2090 1743 2140 arma,
1785 2084 1831 2129 et
1865 2087 2012 2129 scuta

444 2152 710 2207 comhuret
742 2156 872 2224 igni.
899 2154 1064 2212 Vides
1082 2161 1365 2228 paciﬁcum
1404 2164 1641 2218 animum
1666 2165 1877 2221 Domini
1907 2170 2013 2223 vir-

449 2250 646 2308 tutum,
678 2248 820 2313 quod
852 2247 1150 2305 invisibiles
1193 2250 1464 2321 legionum
1518 2256 1886 2326 angelicarum
1915 2276 2012 2327 po.

448 2342 672 2391 .estates
702 2352 887 2392 secum
919 2339 1146 2395 habeat?
1175 2338 1339 2399 Vides
1363 2343 1734 2403 fortitudinem
1770 2350 1931 2404 simul
1960 2362 2014 2404 et

446 2427 837 2484 humanitatem
866 2434 1061 2487 summi
1092 2435 1248 2491 ducis
1277 2439 1587 2493 virtutum?
1615 2442 1707 2510 qui
1737 2457 1868 2495 sane
1902 2444 2011 2498 Do-

444 2517 623 2577 minus
649 2535 770 2575 cum
800 2522 872 2577 sit
904 2524 1185 2591 virtutum,
1228 2543 1291 2582 ac
1322 2543 1514 2586 omnes
1552 2530 1822 2602 legionum
1855 2549 2013 2605 ange-

444 2610 672 2667 licarum
716 2624 921 2670 turmas
954 2616 1167 2684 habeat,
1204 2636 1470 2690 nusquam
1493 2634 1672 2681 tamen
1704 2628 1867 2683 ullum
1894 2632 2011 2685 vul-

443 2712 601 2757 nerat
629 2705 1087 2775 adversariorum,
1123 2713 1392 2766 neminem
1425 2718 1756 2784 prosternit,
1794 2722 2013 2788 attingit

444 2794 755 2852 neminem:
812 2802 906 2853 sed
956 2816 1117 2856 arcus
1171 2805 1401 2859 conterit
1456 2816 1512 2860 et
1554 2823 1729 2873 arma,
1758 2826 1820 2867 ac
1858 2823 2008 2868 scuta

442 2887 715 2942 comburit
744 2889 796 2943 in
852 2890 994 2960 igne.
1026 2895 1226 2948 Arcum
1266 2898 1484 2964 quidem
1514 2901 1767 2969 conterit,
1809 2913 1865 2957 ut
1905 2921 2008 2959 non

444 2976 674 3046 amplius
708 2980 870 3049 ignita
904 2983 1007 3038 tela
1044 2998 1138 3054 per
1180 3000 1273 3041 eos
1297 2988 1618 3045 emittantur
1647 3010 1661 3045 :
1699 2995 2011 3065 confringet

2117 517 2325 586 Ὥσπερ
2352 518 2457 588 γὰρ
2492 519 2584 593 επὶ
2617 518 2723 570 τῶν
2769 519 3093 587 σωματικῶν
3139 520 3434 589 ὀφθαλμῶν
3485 523 3548 572 αί
3602 523 3692 589 μὲν

2114 608 2207 658 ἐπὶ
2241 606 2372 660 πολῦ
2404 607 2728 669 ἀποστάσεις
2760 608 3004 678 ἀμυδρὰν
3038 607 3243 661 ποιοῦσι
3276 611 3373 679 τὴν
3409 610 3525 662 τῶν
3560 614 3693 681 ὀρω-

2117 698 2292 768 μένων
2317 699 2637 768 κατάληψιν,
2677 700 2725 751 οἱ
2754 698 2809 751 δὲ
2845 702 3235 770 προσεγγισμοὶ
3269 700 3377 752 τῶν
3422 701 3692 769 θεωροῦν.

2112 807 2220 843 των
2266 792 2468 860 ἐναργῆ
2514 791 2837 862 παρέχονται
2881 793 2988 843 τῶν
3029 790 3368 862 βλεπομένων
3429 793 3551 860 (44)
3597 793 3693 862 τὴν

2115 884 2435 950 ἐπίγνωσιν·
2467 882 2608 935 οῦτω
2634 884 2723 936 καὶ
2776 884 2867 936 ἐπὶ
2910 884 3017 937 τῶν
3059 884 3200 937 κατὰ
3231 883 3353 937 νοῦν
3405 884 3691 954 θεωρημά-

2114 992 2240 1035 των,
2269 976 2297 1026 ό
2333 974 2405 1044 μὴ
2437 974 2526 1027 διὰ
2553 973 2662 1026 τῶν
2695 974 2871 1044 ἔργων
2902 975 3199 1037 οἱκειωθεὶς
3236 976 3331 1027 καὶ
3380 975 3690 1042 πλησιάσας

2113 1066 2232 1137 Θεῷ
2252 1068 2377 1120 ἰδεῖν
2397 1067 2462 1118 τὰ
2480 1066 2615 1136 ἔργα
2642 1065 2804 1118 αὑτοῦ
2818 1066 3073 1137 καθαροῖς
3098 1068 3207 1128 τοῖς
3222 1066 3464 1127 διανοίας
3489 1066 3689 1132 ὀφθαλ-

2118 1160 2236 1226 μοῖς
2278 1157 2339 1209 οὐ
2386 1156 2625 1209 δύναται.
2674 1156 2774 1209 Διὰ
2818 1156 2992 1220 τοῦτο,
3041 1155 3236 1220 Δεῦτε,
3286 1157 3688 1226 προσεγγίσατε

2115 1248 2375 1318 πρότερον
2414 1248 2545 1317 (45),
2589 1242 2705 1300 εἶτα
2749 1249 2883 1300 ἴδετε
2920 1246 2988 1299 τὰ
3013 1247 3148 1319 ἔργα
3182 1246 3385 1317 Κυρίου
3432 1248 3688 1316 τεράστια

2114 1337 2242 1391 ὄντα
2268 1338 2359 1390 κα)⁵
2392 1337 2668 1408 παράδοξα
2692 1353 2704 1365 ·
2755 1338 2844 1405 ὑφ’
2878 1329 2952 1392 ὧν
2994 1336 3413 1404 καταπλαγέντα
3454 1336 3529 1388 τὰ
3559 1338 3687 1406 etpo-

2115 1446 2267 1498 τερον
2293 1428 2525 1497 πολέμια
2560 1428 2654 1479 καὶ
2683 1426 2949 1497 στασιώδη
2980 1428 3105 1498 ἔθνη
3140 1427 3274 1498 πρὸς
3304 1427 3548 1496 ἡσυχίαν
3568 1444 3688 1495 μετ-

2116 1520 2293 1572 έϐαλε.
2348 1520 2548 1585 Δεῦτε,
2596 1519 2797 1584 τέκνα,
2843 1519 3143 1574 ἀκούσατέ
3169 1536 3320 1587 ,κου’
3358 1520 3483 1583 καὶ,
3519 1519 3690 1572 Δεῦτε

2116 1612 2335 1679 πάντες
2356 1617 2409 1666 οἱ
2436 1610 2779 1679 κοπιῶντες,
2806 1613 2903 1666 καί
2932 1613 3412 1682 πεφορτισμένοι.
3442 1613 3688 1681 Πατρικὴ

2115 1705 2147 1773 ἠ
2185 1704 2356 1771 φωνὴ,
2393 1704 2741 1773 ήπλωμέναις
2770 1703 3036 1771 ἀγκάλαις
3063 1703 3197 1773 πρὸς
3228 1702 3419 1754 ἑαυτὸν
3462 1701 3689 1753 καλοῦν-

2114 1812 2203 1858 τος
2230 1796 2354 1857 τοὺς
2378 1794 2510 1858 τέως
2530 1794 2942 1865 ἀφηνιάζοντας.
2978 1794 3035 1847 '0
3054 1791 3144 1847 οὖν
3169 1794 3409 1856 ἀκούσας
3437 1794 3541 1863 τῆς
3563 1792 3688 1861 κλή-

2117 1904 2273 1951 σεως,
2304 1888 2397 1940 καὶ
2441 1888 2699 1955 ἐγγίσας,
2737 1886 2828 1940 καὶ
2863 1887 3141 1958 κολληθεὶς
3182 1886 3259 1956 τῷ
3293 1886 3684 1956 προστάξαντι,

2113 1982 2302 2050 ὄψεται
2344 1980 2433 2032 τὸν
2472 1982 2955 2052 είρηνοποιήσαντα
2985 1980 3053 2033 τά
3078 1981 3250 2033 πάντα
3274 1980 3365 2032 διὰ
3390 1978 3494 2031 τοῦ
3526 1996 3681 2031 σταυ-

2116 2072 2232 2145 ροῦ,
2256 2072 2390 2124 Εἴτε
2408 2072 2479 2125 τὰ
2503 2071 2597 2123 ἐπὶ
2623 2068 2728 2139 τῆς
2747 2069 2880 2139 γῆς,
2903 2070 3024 2123 εἴτε
3048 2073 3120 2124 τὰ
3140 2071 3210 2123 ἑν
3231 2070 3356 2135 τοῖς
3379 2073 3563 2137 οἰιραγ
3576 2070 3678 2134 οἷς.

2120 2162 2305 2223 Τόξον
2325 2161 2665 2229 συντρίψει,
2703 2160 2801 2214 καί
2822 2161 3157 2214 συνθλάσει
3184 2160 3293 2229 (46)
3328 2161 3550 2223 ὅπλον,
3590 2160 3679 2214 καὶ

2114 2254 2363 2321 θυρεοὺς
2388 2254 2749 2307 κατακαύσει
2794 2252 2863 2305 ἐν
2905 2252 3067 2320 enipi.
3121 2253 3279 2323 Ὁρᾷς
3314 2253 3377 2305 τὸ
3414 2254 3685 2323 εἰρηνικὸν

2114 2343 2321 2414 Κυρίου
2358 2343 2466 2396 τῶν
2504 2342 2807 2412 δυνάμεων,
2852 2342 2932 2394 ὅτι
2966 2341 3104 2412 ἔχων
3141 2342 3257 2411 μεθ’
3287 2341 3489 2394 ἑαυτοῦ
3524 2342 3674 2411 ἀοράο

2111 2455 2238 2500 τους
2271 2436 2529 2507 δυνάμεις
2572 2435 2874 2503 ἀγγελικῶν
2911 2434 3257 2501 καταλόγων;
3302 2434 3471 2504 Ὁρᾷς
3501 2434 3563 2486 τὸ
3588 2435 3680 2485 άν-

2112 2529 2288 2599 δρεῖον
2344 2527 2481 2598 ὁμοῦ
2532 2528 2627 2581 καὶ
2669 2526 3041 2597 φιλάνθρωπον
3089 2525 3181 2579 τοῦ
3244 2526 3681 2595 ἀρχιστρατήγου

2110 2621 2220 2673 τῶν
2251 2620 2531 2690 δυνάμεων
2555 2636 2568 2683 ;
2596 2620 2653 2681 ὃς
2682 2635 2766 2686 γε,
2794 2615 2994 2687 Κύριος
3019 2615 3094 2669 ὢν
3122 2614 3228 2668 τῶν
3252 2614 3565 2684 δυνάμεων,
3598 2614 3681 2667 καὶ

2112 2714 2293 2767 πάντα
2338 2713 2477 2783 ἔχων
2513 2713 2580 2765 τὰ
2614 2713 2933 2781 συστήματα
2969 2710 3077 2763 τῶν
3118 2708 3429 2778 άγγελικῶν
3460 2706 3681 2761 καταλό-

2111 2824 2243 2875 γων,
2267 2805 2499 2876 οὐδαμοῦ
2529 2823 2649 2859 τινα
2676 2802 2967 2875 τιτρώσκει
3001 2802 3109 2854 τῶν
3154 2801 3458 2871 πολεμίων,
3503 2800 3680 2852 οὐδένα

2112 2899 2438 2953 καταϐάλλει
2472 2898 2603 2968 (47),
2629 2896 2840 2959 οὐδενὸς
2864 2896 3122 2950 ἅπτεται·
3155 2894 3291 2946 ἀλλὰ
3316 2894 3449 2958 τόξα
3478 2910 3681 2961 συντρι-

2111 2988 2216 3051 ϐει,
2245 2989 2338 3041 καὶ
2368 2988 2528 3049 ὅπλα,
2557 2988 2649 3039 καὶ
2680 2986 2903 3056 θυρεοὺς
2931 2985 3218 3038 κατακαίει
3248 2985 3306 3036 ὲν
3336 2984 3500 3051 πυρὶ.
3528 2983 3679 3045 Τόξον

442 3079 620 3125 autem
644 3086 818 3134 arma.
836 3075 1032 3144 quibus
1050 3079 1295 3132 cominus
1322 3090 1608 3151 pugnatur,
1643 3093 1701 3137 ut
1728 3087 1819 3153 qui
1845 3103 2004 3158 pr0pe

2111 3082 2211 3151 ’μὲν
2255 3080 2561 3151 συντρίϐει,
2615 3079 2754 3132 ὥστε
2797 3078 2991 3149 μηκέτι
3028 3078 3096 3130 τὰ
3142 3078 3522 3147 πεπυρωμένα
3562 3077 3679 3145 βέλη

440 3170 591 3231 sunt,
628 3163 835 3220 insidiis
886 3167 1074 3235 petiti,
1118 3169 1338 3224 vulnera
1386 3174 1627 3243 recipere
1662 3190 2005 3249 nequaquam

439 3251 673 3340 possint.
723 3252 792 3307 Et
843 3264 994 3307 scuta
1037 3256 1304 3312 comburat
1338 3259 1467 3329 igni,
1502 3264 1845 3324 adversarios
1882 3286 2007 3340 spo-

442 3339 586 3394 lians
638 3343 753 3396 suis
810 3346 1183 3415 munimentis,
1238 3358 1399 3419 atque
1449 3353 1793 3412 inimicorum
1828 3364 2003 3430 gratia

439 3430 623 3487 omnia
651 3430 880 3498 faciens.

508 3708 562 3753 δ.
643 3714 759 3763 nus.
801 3701 888 3754 Η.
926 3701 1122 3762 Yacate
1157 3714 1207 3759 et
1236 3708 1422 3774 videte,
1466 3713 1715 3780 quoniam
1757 3731 1850 3785 ego
1886 3732 2002 3770 sum

438 3790 602 3849 Deus.
638 3791 886 3858 Quandiu
921 3795 1137 3864 quidem
1191 3797 1382 3855 alienis
1431 3817 1460 3856 a
1503 3803 1611 3857 Deo
1648 3809 1808 3859 rebus
1843 3823 2006 3861 vaca-

438 3896 581 3948 mus,
619 3882 711 3937 Dei
744 3885 992 3939 notitiam
1041 3890 1315 3959 suscipere
1370 3908 1474 3947 non
1528 3910 1833 3962 possumus.
1869 3900 2000 3964 Quis

438 3973 585 4035 enim
621 3973 687 4032 de
709 3976 890 4029 mundi
920 3978 1080 4032 rebus
1113 3980 1401 4045 sollicitus,
1433 3999 1497 4041 ac
1524 3985 1853 4056 innuergens
1878 4005 2000 4044 sese

434 4064 615 4120 carnis
644 4067 1109 4136 occupationibus,
1138 4082 1302 4140 queat
1352 4076 1535 4131 verbis
1576 4076 1671 4133 Dei
1699 4083 2000 4145 attendere,

435 4169 600 4225 atque
623 4165 703 4211 tot
725 4171 789 4212 ac
819 4160 977 4247 tantis
1004 4160 1163 4215 rebus
1186 4175 1439 4220 accurate
1461 4166 1857 4240 diligenterque
1877 4189 2003 4243 spe-

434 4245 680 4302 culandis
709 4245 987 4316 paresse?
1034 4251 1149 4305 Non
1180 4254 1351 4319 vides,
1404 4257 1684 4327 delapsum
1729 4262 1782 4315 in
1813 4265 1998 4333 spinas

432 4338 657 4397 verbum
687 4343 859 4412 spinis
885 4344 1182 4400 suﬂ'oeari?
1212 4346 1390 4416 Spinae
1435 4362 1616 4406 autem
1650 4364 1774 4408 sunt
1815 4359 1995 4413 carnis

2111 3173 2490 3244 ἐκπέμπεσθαι
2516 3173 2582 3226 δι’
2616 3171 2793 3225 αὐτῶν
2815 3189 2827 3201 ·
2863 3171 2999 3224 ὅπλα
3049 3171 3105 3223 δὲ
3142 3170 3430 3223 συνθλάσει
3480 3170 3589 3237 (48)
3618 3172 3679 3219 ti:

2107 3266 2416 3336 ἀγχέμαχα,
2442 3266 2517 3329 ὡς
2546 3264 2619 3335 μὴ
2650 3263 2905 3318 δύνασθαι
2934 3264 3057 3327 τοὺς
3097 3262 3366 3331 σύνεγγυς
3393 3262 3681 3333 τραύματα

2106 3358 2356 3428 δέχεσθαι
2380 3360 2915 3431 ἐπιϐουλευομένους.
2950 3362 3059 3414 Καὶ
3088 3361 3313 3432 θυρεοὺς
3342 3360 3681 3414 κατακαύσει.

2108 3452 2164 3503 ὲν
2194 3452 2343 3521 πυρὶ,
2388 3452 2608 3522 γυμνῶν
2656 3455 2780 3516 τοὺς
2825 3452 3226 3523 ἀντικειμένους
3258 3452 3369 3504 ἀπὸ
3403 3453 3518 3506 τῶν
3558 3470 3682 3523 προ·

2107 3541 2418 3612 ϐλημάτων,
2467 3545 2559 3597 καὶ
2612 3545 2789 3598 πάντα
2842 3546 2927 3596 ἐπ’
2975 3544 3262 3615 εὐεργεσίᾳ
3309 3543 3422 3595 τῶν
3476 3544 3683 3613 ἐχθρῶν

2105 3634 2360 3703 ἐνεργῶν.

2174 3726 2227 3777 8.
2248 3728 2293 3778 Σ
2296 3725 2596 3792 κολάσατε
2616 3726 2713 3779 καὶ
2730 3726 2930 3795 γνῶτε,
2958 3726 3044 3779 ἔτι
3068 3726 3178 3795 ἐγώ
3192 3729 3309 3795 εἰμι
3327 3730 3361 3780 ὀ
3384 3729 3556 3790 Θεός.
3574 3727 3681 3795 Ἐφ’

2104 3814 2225 3865 ὅσον
2262 3814 2357 3882 μὲν
2399 3817 2509 3876 τοῖς
2551 3813 2655 3879 ἔξω
2686 3814 2820 3866 Θεοῦ
2866 3812 3193 3883 σχολάζομεν
3240 3814 3598 3882 πράγμασιν,
3625 3813 3682 3863 οὐ

2102 3905 2375 3973 δυνάμεθα
2415 3905 2660 3976 χωρῆσαι
2686 3905 2885 3972 γνῶσιν
2916 3904 3071 3957 Θεοῦ.
3105 3906 3200 3967 Τίς
3241 3905 3351 3973 γὰρ
3403 3905 3683 3976 μεριμνῶν

2102 3996 2172 4048 τά
2211 3994 2303 4048 τοῦ
2335 3996 2573 4065 κόσμου,
2611 3997 2705 4048 καὶ
2746 3994 3065 4065 ὲμϐαθύνων
3116 4000 3227 4059 τοῖς
3268 4000 3683 4067 neptes-nauci;

2101 4089 2199 4158 τῆς
2230 4088 2448 4158 σαρκὸς,
2471 4087 2690 4140 δύναται
2711 4090 2823 4151 τοῖς
2847 4089 2973 4158 περ).
2992 4087 3127 4141 Θεοῦ
3156 4088 3333 4155 λόγοις
3366 4090 3681 4159 προσέχειν,

2102 4181 2195 4232 καὶ
2218 4183 2280 4250 τῇ
2307 4179 2560 4250 ἀκριϐείᾳ
2582 4179 2686 4232 τῶν
2706 4178 3038 4249 τηλικούτων
3058 4180 3433 4249 θεωρημάτων
3454 4182 3651 4251 ἀρκεῖν
3670 4200 3682 4244 ;

2100 4274 2210 4340 Οὐχ
2236 4273 2386 4342 ὁρᾷς,
2418 4273 2499 4324 ὅτι
2528 4273 2557 4323 ὁ
2581 4272 2661 4332 εἰς
2697 4270 2797 4333 τὰς
2824 4271 3063 4335 ἀκάνθας
3090 4270 3349 4341 ἐμπεσὼν
3389 4272 3553 4340 λόγος
3582 4273 3684 4325 ὑπὸ

2100 4363 2205 4413 τῶν
2232 4362 2481 4415 ἀκανθῶν
2512 4364 2904 4433 συμπνίγεται;
2946 4362 3208 4415 Ἀκανθαι
3239 4363 3295 4414 δέ
3322 4364 3464 4415 εἰσιν
3500 4364 3681 4434 ἡδοναὶ

433 4431 756 4502 voluptates,
807 4443 862 4487 et
906 4435 1128 4499 divitiae,
1166 4448 1220 4491 et
1250 4440 1442 4504 gloria,
1478 4452 1532 4496 et
1562 4459 1639 4497 cze
1666 4461 1786 4514 quae
1821 4449 1887 4502 ad
1918 4450 1999 4503 vi-

2111 4453 2325 4524 σαρκὸς,
2352 4454 2445 4505 καὶ
2471 4431 2698 4517 πλοῦτος
2722 4454 2813 4507 καὶ
2834 4453 2979 4517 δόξα,
3002 4454 3093 4506 καὶ
3114 4453 3367 4523 βιωτικαὶ
3394 4454 3464 4524 μέ
3474 4431 3677 4524 ρινμναι.

434 4530 540 4574 tam
586 4524 857 4590 pertinent
896 4541 1040 4580 cura:
1088 4530 1153 4581 ".
1185 4530 1450 4585 Craterum
1496 4536 1562 4587 ab
1621 4537 1706 4591 his
1748 4541 1998 4597 omnibus

431 4613 725 4678 alienatum
750 4632 870 4673 esse
893 4621 1169 4687 oportebit
1198 4637 1349 4689 eum,
1374 4626 1463 4691 qui
1506 4627 1598 4681 Dei
1631 4632 1995 4698 cognitionem

430 4702 736 4769 desiderat;
758 4715 810 4758 et
834 4707 920 4760 ubi
949 4710 1225 4763 vacaverit
1250 4710 1316 4764 ab
1345 4712 1647 4782 aﬂ‘ectibus,
1682 4720 1754 4772 ita
1778 4722 1991 4778 demum

430 4793 522 4847 Dei
559 4794 799 4862 recipere
836 4799 1219 4866 cognitionem.
1251 4801 1527 4867 Quomodo
1571 4810 1712 4862 enim
1754 4813 1988 4868 animam

426 4898 458 4938 a
489 4885 685 4940 mentis
723 4889 1127 4961 evagationibus
1150 4907 1208 4946 se
1234 4900 1733 4966 pratoccupantibus
1763 4918 1989 4975 oppres-

2105 4546 2288 4598 Πάντα
2320 4545 2375 4597 δὲ
2401 4544 2512 4613 (49)
2542 4544 2745 4597 τούτων
2776 4544 2881 4610 ἔξω
2907 4545 3087 4613 δεήσει
3114 4544 3374 4610 γενέσθαι
3413 4544 3510 4597 τὸν
3559 4549 3675 4597 ἐπι-

2102 4634 2350 4703 δεόμενον
2379 4636 2476 4703 τῆς
2507 4633 2762 4700 γνώσεως
2788 4632 2880 4685 τοῦ
2905 4632 3063 4694 Θεοῦ,
3080 4634 3176 4684 καὶ
3210 4633 3560 4701 σχολάσαντα
3578 4635 3676 4686 ἀπὸ

2101 4726 2206 4777 τῶν
2237 4726 2444 4787 παθῶν,
2461 4724 2633 4787 οὕτως
2658 4725 2949 4778 ἀναλαϐεῖν
2973 4724 3067 4794 τὴν
3089 4724 3387 4790 ἐπίγνωσιν
3405 4724 3503 4776 τοῦ
3526 4724 3673 4777 Θεοῦ.

2100 4817 2223 4879 Πῶς
2263 4817 2369 4887 γὰρ
2404 4816 2621 4888 εἰσέλθῃ
2664 4816 2743 4879 εἰς
2789 4815 2963 4884 ψυχὴν
3020 4816 3538 4885 στενοχωρουμένην
3582 4815 3675 4867 {at-Jb

2097 4909 2204 4962 τῶν
2265 4907 2786 4985 προκαταλαϐόντων
2824 4906 2990 4977 αὐτὴν
3040 4905 3410 4977 διαλογισμῶν
3471 4911 3505 4977 ἡ
3559 4909 3673 4977 περὶ

521 5131 545 5162 θ
571 5130 712 5191 Psal.
740 5148 935 5201 χχχιιι,
971 5136 1056 5201 12.
1133 5140 1178 5171 ²⁰
1212 5139 1401 5196 Matth.
1436 5159 1514 5211 xi,
1547 5144 1638 5204 28.
1719 5151 1761 5181 ¹¹
1799 5150 2004 5207 Coloss.

2111 5154 2195 5213 20.
2273 5156 2316 5185 ”
2350 5154 2535 5207 Matth.
2572 5170 2695 5215 xm.
2748 5154 2818 5217 7,
2870 5151 2962 5206 9:2.

494 5335 606 5407 (44)
647 5336 722 5393 Ita
780 5353 911 5398 mss.
967 5346 1191 5408 septem.
1238 5339 1379 5396 Editi
1438 5360 1566 5401 vero
1619 5346 1728 5404 τῶν
1777 5348 1988 5421 θεωμέ-

424 5420 550 5460 νων.

494 5476 604 5611 (45)
639 5477 780 5559 Editi
804 5477 1035 5545 πρῶτον.
1063 5477 1133 5530 At
1168 5496 1298 5535 mss.
1333 5492 1535 5551 septem
1565 5486 1847 5558 πρότερον.

515 5545 605 5611 46)
644 5546 819 5601 Etlttto
857 5549 1021 5602 Basil.
1059 5559 1116 5602 et
1148 5547 1299 5611 Regii
1338 5555 1627 5611 secundus.
1673 5559 1843 5611 auintt

515 5545 605 5625 46)
644 5546 819 5601 Etlitio
857 5549 1029 5625 Basi_l_._
1059 5559 1116 5602 et
1148 5547 1299 5625 Regii
1333 5545 1627 5625 secundus,
1673 5545 1891 5625 quintus
1929 5568 1979 5611 et

421 5622 607 5683 tentus
630 5630 731 5667 una
770 5632 890 5671 cum
942 5619 1062 5671 aliis
1104 5620 1274 5673 tribus
1322 5621 1646 5680 Colbcrtinis
1676 5619 1973 5683 συνθλάσει.

424 5682 597 5754 Editio
625 5698 750 5754 vero
777 5684 949 5739 Paris.
980 5687 1293 5754 συγκλὰσει.

495 5748 605 5825 (47)
637 5750 766 5823 Reg.
808 5758 998 5813 tertius
1044 5748 1246 5826 βάλλει.
1297 5757 1417 5815 Mox
1452 5760 1749 5822 Colbcrtini
1780 5768 1980 5834 primus

2086 5360 2141 5405 et
2170 5360 2357 5405 sextus
2386 5365 2507 5404 cum
2538 5350 2670 5419 Reg.
2711 5347 2913 5419 quinto
2935 5341 3293 5419 κατακαύσει.

2157 5420 2271 5484 (48)
2298 5419 2394 5474 Hic
2434 5435 2561 5473 mss.
2589 5414 2683 5474 séx
2714 5414 3036 5482 συγκλάσει.
3068 5414 3200 5482 Reg.
3232 5426 3365 5465 vero
3396 5420 3590 5466 sextus
3621 5421 3667 5464 et

2083 5490 2483 5563 Colblquinttts
2503 5502 2641 5563 cunt
2660 5489 2820 5541 editis
2855 5484 3167 5538 συνθλάσει.
3262 5549 3273 5563 ⁹
3452 5548 3505 5563 Μ

2156 5548 2472 5629 (49)Ἐ([ἰιίο
2500 5556 2664 5612 Basil.
2699 5567 2751 5611 et
2783 5563 3014 5623 quatuor
3035 5569 3168 5629 mss.
3203 5548 3528 5629 πόει-τῶνδέ.

2084 5616 2314 5681 εἷθ’νειο
2359 5627 2534 5680 Paris.
2562 5637 2615 5680 et
2662 5637 2771 5680 tres
2799 5616 2937 5678 mss.
2983 5624 3201 5675 πάντων
3237 5616 3354 5673 οὖν.
3388 5621 3517 5672 Mox
3551 5616 3665 5669 (Iol-

2084 5699 2279 5751 hertiui
2309 5698 2517 5759 primus
2540 5708 2595 5749 et
2628 5707 2818 5752 sextus
2846 5710 2967 5750 cum
2996 5693 3127 5765 Reg.
3174 5692 3337 5747 tertio
3368 5684 3664 5753 ἐπιδικαξὰ

2084 5784 2242 5833 μενον
2276 5768 2373 5835 τῆς
2401 5765 2676 5837 γνώσεως.
