3836 6222
224 318 334 375 429

1351 313 1637 371 HOMILIA
1676 312 1743 367 IN
1783 309 2110 367 PSALMUM
2143 309 2302 367 XLV.

3369 305 3489 362 450'"

223 430 364 488 Θεοῦ
389 432 566 485 ἔννοια
589 449 602 497 ;
627 428 746 487 υἷδε
792 432 903 504 (50)
937 433 993 486 δὲ
1033 433 1127 486 καὶ
1163 430 1384 503 Φαραὼ,
1426 430 1509 484 ὅτι
1539 428 1667 483 ἴδιόν
1691 428 1803 480 ἐστι

1912 441 2026 482 sam
2055 423 2391 496 ingredietur
2418 424 2511 478 Dei
2531 421 2809 492 cognitio?
2842 419 3008 490 Atqui
3051 428 3104 472 et
3131 417 3344 472 Pharao
3377 433 3466 470 no-

222 523 321 578 τοῦ
368 522 718 594 σχολάζοντος
760 523 1008 593 ὲκξητείν
1051 521 1142 574 τὸν
1192 519 1344 584 Θεὸν,
1384 518 1477 572 καὶ
1514 516 1603 569 διὰ
1648 513 1805 568 τοῦτο

221 615 474 680 ὀνειδίζει
505 614 594 667 τὸν
610 615 825 686 Ἰσραήλ
848 631 862 644 ·
881 613 1194 684 Σχολάζετε,
1215 597 1502 682 σχολασταί
1526 611 1666 671 ἐστε,
1711 607 1803 660 καὶ

224 710 412 778 λέγετε
429 726 441 740 ·
464 709 654 781 Κυρίῳ
665 707 742 778 τῷ
762 707 880 778 Θεῷ
896 709 928 779 ἡ
937 706 1052 777 μῶν
1076 703 1484 778 προσευξόμεθα
1502 703 1637 774 (51).
1655 699 1801 770 Αὕτη

228 801 329 871 μὲν
354 794 446 852 οὖν
478 801 511 870 ἡ
547 798 710 869 σχολὴ
732 798 910 869 ἀγαθὴ
935 796 1012 868 τῷ
1040 795 1350 868 σχολάζοντι
1380 795 1474 848 καὶ
1509 791 1802 862 ὠφέλιμος,

222 891 458 963 ἡσυχίαν
483 891 788 962 ἐμποιοῦσα
818 891 955 961 πρὸς
983 889 1080 961 τὴν
1099 890 1206 943 τῶν
1233 889 1512 960 σωτηρίων
1544 887 1805 957 διδαγμά-

222 998 335 1034 των
368 980 666 1052 ἀνάληψινο
703 979 916 1052 πονηρὰ
942 980 998 1032 δὲ
1047 978 1208 1049 σχολὴ
1248 980 1282 1048 ή
1315 978 1422 1032 τῶν
1482 977 1800 1048 Ἀθηναίων,

219 1069 308 1138 οἷς
348 1077 452 1140 Εις
485 1073 664 1128 οὐδὲν
707 1072 860 1128 ἄλλο
920 1075 1242 1141 εὐκαίρουν
1278 1071 1316 1140 ἢ
1360 1072 1560 1140 λέγειν
1603 1090 1658 1125 τι
1705 1073 1802 1125 καὶ

222 1167 474 1222 ἀκούειν
513 1167 897 1235 καινότερον⁹
937 1167 1002 1237 ἣν
1033 1167 1126 1218 καὶ
1161 1165 1255 1218 νῦν
1299 1182 1444 1228 ωιες
1491 1163 1802 1235 μιμοῦνται,

223 1262 292 1331 τῇ
315 1257 407 1313 τοῦ
426 1257 538 1328 βίου
561 1258 722 1329 σχολῇ
741 1259 879 1330 πρὸς
893 1258 991 1329 τὴν
1007 1259 1092 1311 ἀεί
1117 1275 1260 1321 τινος
1276 1258 1586 1330 καινοτέρου
1601 1256 1804 1328 δόγμα-

222 1367 316 1413 τος
336 1349 550 1420 εὕρεσιν
569 1347 972 1419 ἀποχρώμενοι.
1000 1348 1058 1401 'll
1081 1347 1301 1419 τοιαύτη
1325 1347 1486 1420 σχολὴ
1505 1347 1632 1419 φίλη
1658 1349 1803 1401 ἐστὶν

221 1441 556 1514 ἀκαθάρτοις
586 1441 680 1494 καὶ
704 1442 960 1512 πονηροῖς
992 1439 1316 1511 πνεύμασιν.
1350 1440 1529 1496 Ὅταν
1563 1438 1800 1507 ἐξέλθῃ,

225 1535 381 1605 φησὶ,
412 1533 479 1588 τὸ
510 1532 846 1603 ἀκάθαρτον
877 1533 1113 1602 πνεῦμα
1153 1532 1271 1586 ἀπὸ
1323 1531 1430 1586 τοῦ
1467 1529 1800 1599 ἀνθρώπου,

220 1625 406 1695 λέγει,
452 1627 822 1695 Πορεύσομαι
857 1628 946 1691 είς
978 1624 1085 1678 τὸν
1114 1624 1300 1677 τόπον
1344 1624 1484 1679 ὅθεν
1519 1623 1800 1692 ἐξῆλθον.

1905 519 1982 571 vit
2006 517 2282 586 proprium
2309 529 2429 571 esse
2453 514 2723 578 vacantis,
2762 513 2927 568 Deum
2974 511 3269 581 inquirere,
3293 518 3347 563 et
3372 509 3472 562 hac

1904 608 1972 664 de
2003 623 2163 663 causa
2199 608 2488 678 exprobrat
2514 605 2701 660 Israeli
2731 624 2756 659 :r
2789 603 3026 662 Vacalis.
3085 601 3247 657 otiosi
3298 600 3433 654 estis
3455 641 3470 665 ,

1903 712 1958 755 et
1979 700 2160 754 dicitis
2193 718 2207 756 :
2235 699 2463 754 Domino
2490 698 2602 752 Deo
2631 707 2822 752 nostro
2858 706 2986 751 vota-
3019 694 3283 766 iaciemus
3311 692 3378 746 ”.
3407 691 3474 746 Et

1904 790 2124 860 quidem
2167 805 2230 845 ea
2259 790 2472 844 vacatio
2514 789 2653 842 bona
2685 787 2942 856 rutilisque
2965 795 3048 841 est
3083 783 3318 848 vacanti,
3354 797 3474 852 quae

1906 884 1973 938 ad
2002 883 2269 938 salutares
2299 883 2577 938 doctrinas
2627 879 2968 951 recipiendas
3019 879 3255 948 quietem
3291 873 3469 930 aﬂ‘crt.

1911 976 2070 1046 176
2093 976 2270 1030 Otium
2288 989 2418 1028 vero
2434 973 2846 1028 Atheniensium
2866 972 3067 1025 malum
3099 978 3240 1033 erat,
3268 968 3358 1038 qui
3389 966 3469 1019 Ad

1907 1064 2037 1117 nihil
2067 1065 2214 1116 aliud
2260 1063 2514 1117 vacabant
2556 1064 2658 1115 nisi
2699 1063 2766 1114 ad
2799 1062 3076 1116 dicendum
3115 1073 3204 1114 aut
3251 1060 3476 1114 audien-

1905 1157 2029 1210 dum
2058 1157 2257 1226 aliquid
2280 1155 2633 1222 novi“.Quod
2655 1155 2823 1210 otium
2845 1155 3005 1209 etiam
3027 1170 3168 1210 nunc
3187 1154 3473 1208 imitantur

1905 1249 2177 1311 nonnulli,
2209 1248 2335 1301 dum
2378 1247 2680 1301 abutuntur
2710 1247 2844 1309 otio,
2906 1256 2964 1299 ut
3005 1259 3221 1314 semper
3273 1258 3468 1299 novum

1904 1344 2124 1413 aliquod
2182 1344 2374 1412 dogma
2422 1342 2927 1397 comminiscantur.
2963 1340 3094 1395 Tale
3133 1339 3302 1395 otium
3332 1340 3472 1393 amiv

1903 1451 2024 1491 cum
2054 1446 2136 1490 est
2175 1435 2465 1490 immundis
2505 1449 2567 1490 ac
2597 1433 2778 1504 pravis
2826 1433 3128 1500 spiritibus.
3175 1429 3306 1486 Cum
3331 1433 3444 1485 exie

1907 1530 1997 1591 rit,
2046 1529 2237 1597 inquit,
2274 1528 2575 1582 immundus
2616 1527 2834 1593 spiritus
2878 1525 2942 1578 ab
2997 1525 3206 1579 homine
3236 1565 3252 1591 ,
3302 1522 3466 1576 dicit.

1906 1619 2152 1674 Revertar
2183 1619 2239 1690 in
2271 1619 2444 1672 locum
2476 1618 2613 1672 unde
2642 1617 2801 1670 exivi.
2823 1615 2889 1670 Et
2916 1618 3123 1670 veniens
3161 1617 3353 1669 invenit
3387 1616 3475 1667 da-

221 1715 334 1770 Καί
359 1715 540 1771 ἐλθὸν
559 1717 824 1783 εὑρίσκει
847 1715 954 1768 τὸν
976 1710 1146 1768 οἶκον
1174 1713 1409 1767 ἐκεῖνον
1430 1711 1803 1781 σχολάζοντα

1912 1728 2050 1764 ηιιιηι
2077 1710 2231 1764 illam
2279 1720 2551 1763 vacantem
2582 1719 2631 1763 et
2664 1708 2835 1777 scopis
2861 1707 3172 1762 mandatam
3217 1707 3287 1761 “.
3317 1706 3476 1759 Absit

222 1810 326 1865 καί
357 1809 797 1879 σεσαρωμένον.
852 1809 944 1880 Μὴ
983 1807 1192 1877 γένοιτο
1262 1802 1356 1860 οὖν
1400 1807 1549 1876 ἡμᾶς
1611 1805 1803 1877 σχολὴν

1912 1803 2076 1874 igitur
2101 1813 2164 1857 ut
2197 1817 2294 1856 nos
2317 1817 2412 1871 per
2435 1801 2608 1856 otium
2637 1801 2845 1856 aditum
2887 1799 3199 1854 adversario
3241 1799 3475 1865 praebea-

224 1901 447 1972 ποιῆσαι
507 1899 586 1970 τῷ
628 1899 990 1970 ἀντικειμένῳ
1043 1897 1178 1970 πρὸς
1224 1896 1321 1968 τὴν
1372 1897 1606 1961 εἴσοδον,
1669 1898 1803 1952 ἀλλὰ

1912 1909 2068 1960 mus;
2101 1893 2208 1947 imo
2261 1889 2574 1948 interiorem
2611 1899 2851 1946 nostram
2889 1890 3107 1944 domum
3153 1893 3474 1954 occupatam

223 1991 615 2063 ἀσχολήσωμεν
663 1990 819 2061 ἡμῶν
861 1990 952 2043 τὸν
1020 1989 1127 2043 ἔσω
1170 1985 1348 2056 οἶκον,
1401 1990 1806 2062 προενοτκίσαν-

220 2100 315 2147 τες
344 2082 456 2152 (52)
487 2083 543 2135 ὲν
573 2083 786 2145 ἑαυτοῖς
820 2081 908 2134 διὰ
926 2081 1022 2134 τοῦ
1057 2081 1376 2152 Πνεύματος
1419 2082 1510 2135 τὸν
1548 2082 1800 2154 Χριστόν.

220 2172 379 2227 Μετὰ
432 2171 562 2241 γοῦν
593 2173 654 2225 τὸ
702 2172 1032 2244 χαρίσασθαι
1075 2172 1179 2244 τὴν,
1228 2173 1450 2245 εἰρήνην
1505 2176 1617 2237 τοῖς
1667 2173 1803 2238 τέως

221 2263 657 2334 ταρασσομένοις
706 2263 812 2317 ὑπὸ
856 2263 964 2318 τῶν
1015 2263 1328 2334 πολεμίων,
1376 2263 1498 2316 τότε
1531 2263 1678 2331 λέγει
1720 2265 1802 2328 τὸ,

223 2351 529 2422 Σχολάσατε
570 2352 679 2406 ἀπὸ
704 2351 813 2405 τῶν
847 2352 1239 2425 περισπώντων
1283 2354 1428 2424 ὑμᾶς
1456 2351 1686 2424 ἐχθρῶν,
1719 2353 1807 2407 ἵνα

224 2445 284 2496 ὲν
323 2441 522 2514 ἡσυχίᾳ
543 2443 669 2505 τοὺς
695 2443 823 2513 περὶ
847 2443 945 2514 τῆς
965 2442 1224 2514 ἀληθείας
1250 2441 1568 2514 θεωρήσητε
1593 2441 1803 2510 λόγους.

221 2534 324 2588 Διὰ
355 2533 512 2588 τοῦτο
538 2532 633 2587 καὶ
660 2536 688 2587 ὁ
712 2534 936 2605 Κύριος,
971 2534 1098 2600 Πᾶς
1124 2533 1294 2600 ὅστις
1323 2535 1434 2588 οὐκ
1463 2530 1806 2588 ἀποτάσσε-

222 2642 341 2690 ται,
363 2627 516 2697 φησὶ,
540 2625 690 2681 πᾶσι
717 2626 840 2693 τοῖς
875 2627 1277 2696 ὑπάρχουσιν,
1309 2628 1380 2680 οὺ
1412 2625 1663 2680 δύναται
1687 2644 1805 2694 μου

221 2714 376 2773 εἶναι
397 2718 688 2788 μαθητής.
736 2718 999 2789 Σχολάσαι
1033 2716 1126 2772 οὖν
1159 2719 1239 2772 δεῖ
1271 2719 1380 2773 ἀπὸ
1420 2719 1528 2773 τῶν
1552 2719 1806 2791 γαμικῶν

223 2810 422 2883 ἔργων,
459 2811 545 2864 ἵνα
579 2811 928 2882 σχολάσωμεν
963 2813 1032 2882 τῇ
1064 2814 1339 2883 προσευχῇ
1361 2829 1374 2842 ·
1408 2811 1665 2882 σχολάσαι
1699 2812 1807 2864 ἀπὸ

168 2901 180 2912 ’
221 2902 332 2956 τῶν
355 2920 419 2956 πε
429 2905 484 2974 pi.
513 2903 603 2957 τὸν
624 2901 851 2956 πλοῦτον
873 2898 1142 2968 σπουδῶν,
1158 2903 1266 2958 ἀπὸ
1288 2904 1386 2975 τῆς
1417 2903 1546 2976 περὶ
1571 2905 1634 2957 τὸ
1660 2903 1808 2968 δοξά-

229 3010 343 3066 ριον
372 2994 530 3047 τοῦτο
559 2993 876 3064 ἐπιθυμίας,
904 2993 1013 3048 ἀπὸ
1044 2993 1152 3048 τῶν
1193 2995 1330 3066 πρὸς
1359 2994 1656 3048 ἀπόλαυσιν
1687 2995 1807 3066 ἠδο-

223 3084 355 3151 νῶν,
379 3085 487 3140 ἀπὸ
512 3085 708 3155 φθόνου
738 3085 832 3139 καὶ
862 3086 1043 3156 πάσης
1065 3087 1164 3158 τῆς
1190 3088 1270 3150 είς
1289 3086 1380 3140 τὸν
1403 3085 1629 3157 πλησίον
1652 3086 1807 3158 ἡμῶν

223 3178 508 3249 πονηρίας,
543 3176 652 3241 ἵνα,
699 3175 1044 3248 γαληνιώσης
1072 3178 1228 3249 ἡμῶν
1265 3178 1365 3250 τῆς
1390 3177 1570 3249 ψυχῆς
1592 3179 1684 3232 καὶ
1711 3178 1802 3230 ὑπ’

222 3270 438 3335 οὐδενὸς
493 3270 699 3334 πάθους
745 3270 1180 3342 ταρασσομένης,
1234 3264 1347 3324 οἷον
1405 3272 1464 3324 ὲν
1513 3271 1804 3342 κατόπτρῳ

223 3362 334 3415 τινὶ
363 3361 582 3433 καθαρὰ
625 3362 850 3432 γένηται
897 3361 1008 3432 (55)
1053 3361 1150 3414 καὶ
1192 3361 1616 3432 ἀνεπισκότητος
1647 3363 1680 3432 ἡ
1715 3361 1802 3415 ἕλ-

221 3451 432 3526 λαμψις
466 3453 560 3507 τοῦ
603 3452 756 3507 Θεοῦ.
815 3452 1240 3523 ’Υψωθήσομαι
1275 3454 1344 3506 ἐν
1385 3453 1510 3519 τοῖς
1541 3453 1800 3516 ἔθνεσιν,

223 3544 621 3615 ὐψωθήσομαι
663 3547 732 3600 ἐν
772 3545 848 3615 τῇ
887 3543 986 3615 τῇ.
1039 3545 1233 3615 Σαφῶς
1277 3545 1450 3599 ταῦτα
1486 3546 1634 3614 λέγει
1676 3547 1803 3618 περὶ

224 3635 320 3690 τοῦ
341 3637 462 3691 καθ’
491 3637 680 3692 ἑαυτὸν
703 3638 908 3702 πάθους
932 3641 961 3692 ό
984 3638 1208 3710 Κύριος,
1232 3638 1415 3703 καθὼς
1441 3639 1500 3693 ὲν
1523 3639 1602 3709 τῷ
1625 3623 1804 3708 Εὐαγ-

226 3727 390 3798 γελίῳ
443 3729 752 3800 γέγραπται
775 3747 790 3762 ο
843 3727 1050 3798 Κάγὼ,
1092 3729 1240 3783 ὅταν
1269 3729 1520 3798 ὑψωθῶ,
1572 3729 1803 3796 πάντας

225 3819 467 3873 ἑλκύσω
492 3821 640 3888 πρὸς
661 3821 940 3890 ἐμαυτόν.
969 3821 1080 3874 Καί
1125 3819 1213 3873 ὅτι
1242 3819 1354 3888 (54)
1393 3819 1594 3887 ὥσπερ
1639 3823 1804 3874 Man}-

227 3908 352 3977 σῆς
365 3909 574 3978 ὒψωσε
595 3910 701 3963 τὸν
723 3910 861 3979 ὄφιν
878 3911 948 3964 ἐν
985 3909 1058 3980 τῇ
1081 3909 1300 3979 ἐρήμῳ.
1332 3910 1488 3964 οὕτω
1520 3909 1617 3964 δεῖ
1641 3913 1804 3979 ὑψω-

227 4000 406 4070 θῆναι
433 4003 540 4056 τὸν
577 4002 713 4057 Υίὸν
731 4003 836 4057 τοῦ
866 4002 1178 4071 ἀνθρώπου
1210 4002 1310 4056 ἐπὶ
1341 4001 1448 4070 τῆς
1479 4001 1609 4073 γῆς.
1651 4003 1803 4056 Ἐπεὶ

227 4087 321 4145 οὖν
343 4093 480 4164 ὑπὲρ
500 4092 610 4146 τῶν
631 4094 800 4147 ἐθνῶν
830 4093 1053 4164 ἔμελλεν
1069 4093 1334 4164 ὐψοῦσθαι
1365 4093 1501 4165 πρὸς
1526 4093 1616 4148 τὸν
1643 4111 1804 4148 σταυ-

229 4184 344 4256 ρὸν,
367 4185 460 4237 καὶ
499 4184 639 4255 ὑπὲρ
663 4186 842 4255 πάσης
871 4186 971 4255 τῆς
1003 4185 1107 4256 γῆς
1143 4185 1243 4254 τὴν
1277 4183 1485 4253 ὕψωσιν
1512 4184 1805 4254 καταδέχε-

231 4274 373 4342 σθαι,
397 4275 484 4329 διὰ
510 4276 668 4330 τοῦτό
691 4293 853 4347 φησιν
873 4294 886 4307 ·
935 4276 1358 4346 ’Υψωθήσομαι
1377 4277 1446 4330 ἐν
1482 4276 1606 4342 τοῖς
1636 4277 1802 4331 ἔθνε-

226 4383 352 4432 σιν,
381 4368 778 4437 ὑψωθήσομαι
798 4369 868 4421 ἐν
896 4366 968 4436 τῇ
990 4367 1087 4437 τῇ.
1115 4369 1330 4436 Κύριος
1355 4366 1477 4421 τῶν
1494 4367 1804 4437 δυνάμεων

1908 1997 2210 2052 teneamus,
2249 1986 2384 2040 adeo
2435 1991 2495 2038 ut
2549 1984 2698 2054 prius
2735 1984 2788 2037 in
2842 1981 2998 2036 nobis
3030 1981 3162 2050 ipsis
3196 1979 3474 2034 Christum

1904 2095 2002 2150 per
2052 2078 2316 2146 Spiritum
2357 2077 2694 2147 excipiamus
2735 2073 3323 2143 hospitio.'Postquam
3374 2069 3474 2139 igi-

1906 2181 1996 2226 tur
2025 2170 2094 2225 iis
2132 2171 2224 2240 qui
2261 2170 2527 2224 hactenus
2572 2167 2932 2222 turbabantur
2975 2167 3042 2220 ab
3081 2164 3346 2229 hostibus,
3381 2177 3476 2232 pa-

1905 2280 2020 2318 cem
2051 2263 2276 2333 largitus
2317 2271 2424 2326 est,
2459 2271 2587 2316 tunc
2624 2259 2800 2314 dicit:
2849 2259 3052 2312 Vacate
3086 2273 3116 2311 a
3163 2256 3475 2310 diStrahen-

1909 2356 2049 2410 tibus
2077 2371 2179 2410 vos
2215 2354 2471 2417 inimicis,
2506 2363 2568 2408 ut
2590 2354 2643 2406 in
2669 2352 2850 2422 quiete
2883 2351 3047 2404 verba
3074 2348 3321 2403 veritatis
3345 2363 3476 2403 con-

1907 2448 2150 2518 templari
2190 2447 2428 2517 possitis.
2462 2443 2800 2514 Quapropter
2839 2441 3001 2497 etiam
3059 2439 3318 2496 Dominus
3362 2439 3471 2494 ait:

1908 2537 2094 2592 Omnis
2121 2539 2208 2606 qui
2234 2553 2338 2591 non
2369 2536 2636 2590 renuntiat
2665 2535 2904 2590 omnibus
2929 2548 3047 2603 qua:
3079 2532 3334 2601 possidet,
3370 2547 3476 2585 non

1905 2640 2072 2700 potest
2099 2645 2246 2684 meus
2269 2646 2381 2685 esse
2413 2628 2707 2698 discipulus
2743 2628 2809 2681 ".
2841 2627 3048 2682 Vacare
3075 2624 3240 2694 igitur
3263 2630 3476 2693 oportet

1909 2723 1977 2776 ab
2011 2720 2266 2788 Operibus
2302 2720 2654 2789 nuptialibus,
2716 2730 2775 2772 ut
2821 2731 3078 2773 vacemus
3130 2714 3473 2786 precationi:

1909 2827 2109 2867 vacare
2139 2826 2171 2866 a
2208 2812 2520 2867 divitiarum
2552 2811 2755 2876 studio,
2799 2811 2866 2865 ab
2898 2810 3062 2878 hujus
3102 2807 3345 2876 gloriola:
3377 2821 3476 2861 cu-

1906 2905 2154 2974 piditate,
2184 2904 2252 2958 ab
2282 2919 2383 2958 usu
2411 2901 2769 2970 voluptatum,
2817 2901 2885 2955 ab
2916 2899 3116 2954 invidia
3157 2908 3213 2955 et
3249 2898 3394 2953 omni
3423 2896 3477 2951 in

1909 3004 2156 3052 nostrum
2185 2992 2492 3064 proximum
2516 2991 2875 3060 malignitate,
2902 2999 2983 3054 ut,
3025 2989 3302 3045 obtinente
3337 2999 3480 3044 tran-

1909 3087 2228 3159 quillitatem
2255 3085 2434 3139 anima
2466 3095 2672 3147 nostra,
2717 3093 2771 3136 et
2794 3082 2941 3136 nullo
2977 3079 3169 3137 eﬂ‘ectu
3200 3094 3319 3134 eam
3345 3095 3477 3135 con-

1912 3180 2188 3244 turbante,
2223 3175 2517 3232 illustratio
2550 3174 2647 3230 Dei
2683 3183 2939 3244 tanquam
2971 3174 3025 3228 in
3049 3173 3230 3244 aliquo
3259 3173 3479 3242 speculo

1910 3287 2041 3344 pura
2066 3284 2402 3341 exspersque
2428 3269 2773 3324 tenebrarum
2802 3265 3085 3322 eﬂiciatur.
3115 3264 3408 3320 Exaltabor
3423 3265 3480 3318 in

1907 3363 2171 3433 gentibus,
2210 3361 2487 3417 exaltabor
2512 3360 2567 3416 in
2597 3371 2760 3416 terra.
2785 3359 2972 3415 Palam
3006 3359 3123 3414 haec
3145 3359 3212 3413 de
3239 3373 3333 3414 sua
3353 3373 3496 3429 pas-,

1908 3457 2061 3510 sione
2083 3455 2220 3510 “dicit
2273 3454 2554 3519 Dominus,
2599 3452 3052 3523 quemadmodum
3091 3451 3144 3506 in
3188 3452 3480 3520 Evangelio

1908 3547 2169 3616 scriptum
2215 3554 2340 3601 est:
2375 3543 2443 3597 Et
2492 3561 2586 3615 ego
2615 3561 2735 3598 cum
2777 3543 3040 3598 exaltatus
3077 3543 3250 3611 fuero,
3302 3559 3479 3598 omnes

1907 3636 2115 3690 traham
2137 3636 2206 3688 ad
2227 3651 2307 3689 me
2327 3635 2498 3704 ipsum
2526 3634 2593 3688 ".
2623 3632 2689 3686 Et
2707 3635 2844 3688 sicut
2867 3633 3076 3705 Moyses
3092 3633 3338 3688 exultavit
3367 3649 3481 3687 ser-

1905 3737 2106 3798 pentem
2135 3727 2190 3779 in
2233 3727 2478 3787 deserto’,
2526 3725 2604 3778 ita
2647 3724 2877 3779 exaltari
2914 3733 3114 3792 oportet
3153 3722 3358 3776 Filium
3388 3724 3482 3776 Ito-

1908 3821 2066 3874 minis
2087 3820 2143 3872 in
2179 3827 2322 3872 terra
2345 3818 2410 3871 ³⁸.
2449 3817 2714 3884 Quoniam
2762 3818 2925 3888 igitur
2951 3831 3048 3886 pro
3081 3815 3333 3888 gentibus
3360 3825 3482 3871 erat

1910 3914 1962 3968 in
1993 3925 2211 3967 crucem
2240 3909 2582 3975 exaltandus,
2607 3919 2661 3964 et
2691 3923 2788 3977 pro
2831 3909 3084 3964 universa
3118 3920 3264 3962 terra
3291 3922 3478 3962 susce-

1909 4014 2100 4074 pturus
2151 4001 2296 4057 illam
2348 4001 2759 4068 exaltationem,
2797 4010 3082 4070 propterea
3115 4000 3284 4054 dicit:
3315 3998 3482 4054 Exul-

1909 4096 2061 4149 tabor
2085 4095 2140 4149 in
2173 4095 2432 4165 gentibus,
2453 4093 2730 4147 exaltabor
2767 4093 2822 4146 in
2851 4101 3016 4146 terra.
3038 4091 3214 4146 Vens.
3249 4090 3336 4147 ιε.
3367 4090 3480 4144 Do-

1907 4187 2083 4240 minus
2111 4185 2365 4239 virtutum
2392 4184 2680 4245 nobiscum,
2715 4192 2988 4252 susceptor
3015 4191 3195 4236 noster
3225 4182 3366 4236 Deus
3388 4180 3484 4236 Ja-

1907 4277 2023 4332 cob.
2059 4276 2351 4332 Exsultans
2373 4277 2442 4345 ob
2471 4275 2564 4331 Dei
2599 4275 2884 4341 auxilium,
2904 4276 2986 4331 bis
3015 4291 3204 4331 vocem
3235 4277 3481 4332 eamdem

1910 4370 2138 4442 protulit
2170 4391 2182 4425 :
2214 4369 2472 4423 Dominus
2497 4369 2751 4423 virtutum
2793 4369 3084 4434 nobiscum,
3119 4369 3273 4438 quasi
3314 4369 3482 4424 insul-

221 4459 352 4530 μεθ’
392 4457 581 4529 ἡμῶν,
631 4459 1011 4528 ἀντιλήπτωρ
1065 4459 1236 4528 ἡμῶν
1282 4463 1316 4513 ὀ
1382 4457 1527 4524 Θεὸς
1587 4459 1801 4516 Ἰακώϐ.

1913 4472 2054 4518 taret
2079 4478 2144 4518 ac
2174 4461 2422 4517 insileret
2451 4462 2618 4527 hosti,
2644 4463 2713 4516 ob
2737 4461 3038 4531 perfectam
3083 4477 3248 4531 quam
3278 4463 3334 4517 in
3361 4461 3483 4517 ani-

241 4552 708 4623 Ἐπαγαλλόμενος
731 4556 797 4625 τῇ
826 4553 919 4606 τοῦ
949 4551 1084 4606 Θεοῦ
1117 4551 1341 4622 βοηθείᾳ
1358 4591 1373 4616 ,
1410 4551 1491 4615 δὶς
1513 4551 1612 4621 τὴν
1638 4551 1803 4623 αὐτὴν

1912 4571 2121 4610 marum
2159 4564 2467 4609 nostrarum
2519 4553 2857 4608 Salvatorem
2895 4554 3129 4609 habebat
3184 4554 3434 4611 ﬁduciam
3465 4595 3480 4618 ,

231 4645 414 4715 φωνὴν
441 4643 693 4715 ὲξεϐόησε
715 4662 730 4676 ο
759 4646 970 4715 Κύριος
992 4645 1110 4699 τῶν
1127 4645 1440 4715 δυνάμεων
1452 4644 1581 4714 μεθ’
1602 4644 1770 4713 ἡμῶν
1787 4663 1803 4678 .

226 4736 392 4813 οἱονεὶ
435 4736 780 4806 ἐπεμϐαίνων
825 4737 919 4791 καὶ
959 4737 1310 4808 ὲναλλόμενος
1353 4736 1431 4808 τῷ
1480 4735 1694 4809 ἐχθρῷ,
1719 4736 1805 4791 διὰ

225 4829 326 4899 τὴν
351 4827 561 4881 τελείαν
584 4827 678 4881 ἐπὶ
707 4827 799 4881 τὸν
822 4829 1049 4900 Σωτῆρα
1079 4828 1188 4882 τῶν
1221 4827 1407 4899 ψυχῶν
1431 4828 1590 4899 ἡμῶν
1614 4827 1805 4882 πεποί-

229 4919 406 4992 θησιν,
446 4919 528 4993 ὡς,
548 4919 699 4974 οὐδὲν
727 4920 1052 4991 πεισόμενος
1079 4921 1210 4992 παρ’
1239 4919 1404 4975 αὑτοῦ
1431 4920 1563 4991 (55).
1597 4921 1668 4973 El
1695 4919 1806 4988 γὰρ

228 5014 263 5066 ὀ
293 5013 430 5079 Θεὸς
457 5013 609 5082 ὑπὲρ
635 5013 826 5084 ἡμῶν,
851 5014 945 5081 τίς
974 5015 1101 5068 καθ’
1140 5013 1349 5084 ῆμῶνς
1403 5014 1460 5068 Ὀ
1487 5013 1566 5085 τῷ
1610 5011 1804 5067 Ἰακὼὸ

300 5195 346 5225 ’³
386 5192 556 5247 Exod.
593 5207 643 5252 ν.
677 5194 764 5247 17.
879 5193 926 5225 ’⁸
964 5194 1086 5248 Act.
1137 5165 1284 5255 xv",
1323 5191 1413 5245 21.

1533 5191 1578 5224 "
1613 5189 1804 5243 Matth.
1852 5206 1961 5252 xu,
2011 5189 2102 5252 45,
2155 5189 2244 5245 44.

1909 4646 2075 4716 quod,
2100 4659 2165 4699 eo
2187 4642 2432 4712 juvante,
2461 4643 2592 4697 nihil
2619 4658 2880 4712 passurus
2893 4653 3060 4698 esset.
3094 4644 3156 4706 Si
3185 4645 3322 4698 enim
3344 4643 3482 4698 Deus

1909 4752 2004 4804 pro
2042 4735 2212 4800 nobis,
2267 4736 2384 4803 quis
2419 4742 2605 4787 contra
2641 4748 2736 4786 nos
2775 4732 2864 4786 ”?
2897 4732 2998 4799 Qui
3027 4731 3194 4787 Jacob
3216 4731 3365 4786 dedit
3403 4731 3485 4784 vi-

1911 4828 2160 4891 ctoriam,
2191 4841 2256 4880 ac
2277 4834 2398 4896 post
2425 4825 2624 4880 luctam
2665 4826 2840 4895 ipsum
2869 4823 3033 4880 Israel
3072 4824 3377 4892 designavit
3414 4824 3483 4888 ιθ,

1910 4921 1999 4974 hic
2028 4931 2114 4974 est
2145 4927 2426 4986 susceptor
2450 4927 2669 4986 noster;
2696 4921 2811 4988 ipse
2836 4933 2935 4986 pro
2955 4918 3110 4973 nobis
3132 4927 3355 4988 pugnat.
3377 4917 3490 4972 Nos

1912 5021 2091 5067 autem
2145 5011 2509 5080 quiescamus,
2543 5011 2688 5081 quod
2722 5009 2845 5078 Ipse
2886 5019 2965 5064 est
3016 5026 3121 5079 pax
3157 5024 3358 5070 nostra,
3392 5011 3482 5078 qui

2349 5189 2394 5220 "
2426 5188 2552 5242 Luc.
2598 5202 2708 5253 xlv,
2739 5187 2828 5242 5‘3.
2935 5186 2979 5221 ’⁷
3029 5191 3184 5240 Joan.
3241 5197 3357 5246 xu,
3387 5182 3476 5238 '52.

234 5264 280 5331 2'
309 5265 462 5320 .Iuan.
492 5280 574 5329 ιιι,
607 5263 694 5320 14.
772 5264 816 5296 ’⁸
858 5262 1014 5318 Rom.
1049 5279 1166 5330 vnn,
1202 5263 1294 5318 51.
1367 5262 1413 5294 ³ο
1452 5260 1588 5316 Gen.
1623 5275 1796 5326 χχχιι,
1852 5262 1944 5315 28.

302 5438 418 5506 (50)
450 5437 533 5508 Ita
561 5451 696 5494 mss.
724 5437 984 5508 quinque.
1019 5437 1181 5492 Deest
1215 5437 1272 5490 δέ
1296 5436 1353 5508 in
1385 5445 1568 5508 cuius.

302 5508 415 5580 (5t)
449 5507 644 5580 Nostra
677 5506 843 5580 editio
880 5509 1054 5580 Paris.
1079 5506 1527 5580 προσευξώμεθα.
1561 5509 1632 5580 At
1671 5521 1804 5580 mss.

232 5564 886 5649 προσευξόμεθαηΑριιά
911 5564 1056 5649 LXX
1092 5564 1163 5633 ila
1203 5564 1448 5649 legitur;
1508 5577 1608 5649 Διά
1650 5576 1808 5649 τοῦτο

231 5646 421 5731 λέγετε
440 5646 877 5731 ἠῐξορευθνῶμεψ
903 5646 1157 5731 θύσωμεν
1187 5646 1412 5731 τῷζΘΞῷ
1450 5647 1626 5731 ἡμῶν.
1672 5646 1804 5704 Pro-

237 5729 412 5790 pterea
437 5717 611 5790 dicitis
633 5732 654 5772 :
681 5717 900 5775 Eamus.
928 5717 1288 5790 sacriﬁcemus
1325 5717 1434 5774 Deo
1464 5717 1660 5776 nostra.

310 5787 423 5856 (ὅθ’)
445 5788 576 5858 Reg.
619 5791 809 5848 tertius
832 5789 1214 5853 ὲνοικίσαντες.

2011 5431 2101 5500 55)
2134 5429 2225 5486 Sic
2247 5439 2450 5499 septem
2486 5443 2618 5484 mss.
2643 5443 2766 5484 cum
2815 5427 3056 5500 editione
3080 5425 3245 5500 Basil.
3275 5424 3338 5476 At
3364 5422 3481 5476 edi-

1906 5503 1979 5556 tio
2010 5496 2182 5572 Pa'ris.
2219 5496 2716 5572 éyfévmat._c_olb.
2748 5509 2935 5572 sextus
2965 5496 3268 5572 ἐγγένεται.

1974 5571 2088 5643 (54)
2120 5569 2196 5643 Ita
2212 5567 2414 5643 septeni
2429 5586 2563 5643 mss.
2582 5568 2741 5624 Deest
2755 5569 2841 5643 im
2859 5570 2911 5643 i_n
2930 5569 3117 5643 editis.
3138 5567 3331 5619 Statim
3350 5579 3479 5618 mss.

1907 5638 2100 5698 novem
2130 5639 2238 5694 τῶν
2270 5638 2594 5710 ἀνθρώπων,
2625 5655 2719 5707 pro
2747 5639 3060 5710 hominibus.

1976 5711 2091 5782 (55)
2114 5711 2234 5782 fac.
2261 5701 2442 5764 οὐδὲν
2475 5701 2830 5782 πεισόμενος
2868 5707 3004 5776 παρ’
3048 5704 3254 5764 αὐτοῦ.
3302 5701 3482 5768 Verte,

1909 5793 1964 5838 ut
1987 5777 2122 5838 nihil
2150 5777 2388 5837 ab'ltoste
2408 5777 2680 5852 passurus.
2715 5777 2926 5835 MARLN.
