3836 6222
362 269 461 325 ιδι

1694 263 1751 319 S.
1794 263 1879 318 BA
1889 263 2038 319 SILII
2076 264 2290 322 MAGNI

3503 262 3616 316 452

364 382 486 453 fecit
526 391 742 447 utraque
769 395 953 447 unum,
985 390 1040 433 ut
1064 395 1194 434 auos
1224 383 1414 435 condat
1455 383 1509 435 in
1541 398 1702 435 unum
1734 398 1920 436 novum

2051 378 2120 451 ὴν
2154 381 2307 451 νίκην
2330 380 2709 451 χαρισάμενος,
2746 380 2839 432 καὶ
2875 377 3012 449 μετά
3037 376 3134 449 τὴν
3167 376 3347 448 πάλην
3384 374 3623 429 ἀποδεί-

361 472 619 527 ίιοιιιὶιιεηι
648 469 714 523 ³⁸.

2025 472 2122 539 ξας
2146 474 2255 543 (56)
2280 474 2438 525 αὐτὸν
2454 472 2690 544 Ἰσραὴλ,
2710 464 2862 536 οὗτός
2880 473 3025 524 ἐστιν
3046 469 3395 540 ἀντιλήπτωρ
3414 468 3620 539 ἡμῶν*

361 558 523 622 αὐτὸς
563 559 789 629 πολεμεῖ
829 559 968 630 ὑπὲρ
1008 560 1185 631 ἡμῶν.
1235 562 1423 631 Ἡμεῖς
1458 563 1515 616 δέ
1550 563 1929 634 ἡσυχάσωμεν,
1960 564 2042 616 ὅτι
2101 567 2293 630 Αὐτός
2330 565 2499 617 ἐστιν
2543 565 2581 631 ἡ
2626 564 2833 632 εἰρήνη
2896 562 3085 631 ἡμῶν,
3130 564 3162 614 d
3225 559 3497 627 ποιήσας
3546 561 3623 612 τὰ

361 652 661 721 ἀμφότερα
726 650 813 718 ἓν,
868 652 969 705 ἵνα
1003 652 1145 717 τοὺς
1179 653 1288 707 δύο
1322 655 1496 724 κτίσῃ
1536 658 1621 720 είς
1654 655 1762 708 ἕνα
1801 656 2008 709 καινὸν
2038 655 2367 725 ἄνθρωπον.

786 885 847 938 ΙΝ
894 884 1223 940 PSALMUM
1272 885 1493 940 XLVIII.

682 976 746 1031 In
780 979 958 1046 ﬁnem,
1000 979 1127 1046 ﬁliis
1175 976 1308 1033 Core
1347 979 1600 1046 psalmus.

440 1072 484 1121 Ι.
516 1069 764 1124 Nonnulli
798 1071 955 1126 exiis
981 1071 1145 1125 etiam
1179 1072 1273 1141 qui
1305 1072 1518 1126 externi
1553 1081 1697 1138 sunt,
1726 1072 1793 1126 de
1828 1072 1925 1126 hu-

366 1177 527 1217 mano
560 1163 663 1217 line
689 1162 789 1217 sibi
822 1162 1021 1232 aliquid
1044 1162 1223 1216 animo
1251 1162 1544 1225 ﬁnxerunt.
1571 1178 1635 1217 ac
1673 1164 1725 1217 in
1752 1164 1927 1217 varius

2420 888 2526 939 ΕΙΣ
2554 886 2690 939 TON
2716 888 2833 939 MII'
2859 885 3174 939 ΨΑΛΜΟΝ.

2126 982 2230 1045 Είς
2252 979 2315 1033 τὸ
2350 979 2547 1045 τέλος,
2578 979 2701 1045 τοῖς
2728 979 2877 1044 υἱοῖς
2908 978 3060 1046 Κορὲ
3082 979 3321 1047 ψαλμοῖς
3356 977 3499 1047 (57).

2100 1072 2149 1123 I.
2198 1072 2636 1143 Ἐφαντάσθησαν
2690 1072 2788 1142 μέν
2838 1089 2980 1134 τινες
3024 1072 3118 1124 καὶ
3167 1070 3273 1124 τῶν
3326 1069 3441 1133 ἔξω

2031 1162 2124 1216 τοῦ
2150 1163 2262 1232 (58)
2290 1163 2627 1233 ἀνθρωπείου
2658 1163 2861 1228 τέλους,
2890 1163 2985 1217 καὶ
3004 1162 3271 1233 διαφόρως
3292 1161 3624 1231 ἠνέχθησαν

367 1255 433 1309 de
461 1255 566 1310 line
593 1254 887 1310 sententias
920 1255 1123 1309 abiere.
1156 1254 1258 1308 Alii
1292 1256 1432 1308 enim
1460 1255 1618 1309 tinem
1644 1255 1923 1309 scientiam

2059 1257 2103 1317 ίς
2122 1254 2219 1326 τὴν
2244 1256 2371 1325 περὶ
2397 1254 2491 1306 τοῦ
2526 1254 2713 1318 τέλους
2758 1254 2986 1308 ἔννοιαν.
3021 1255 3084 1307 Οἱ
3118 1254 3216 1324 μὲν
3255 1254 3367 1324 γὰρ
3397 1254 3629 1323 ἀπεφήο

366 1359 485 1397 esse
512 1352 841 1408 statuerunt,
874 1343 962 1397 alii
990 1345 1286 1413 practicam
1326 1347 1483 1416 177
1533 1348 1922 1416 Operationem,

368 1431 458 1485 alii
491 1430 761 1487 diversum
794 1432 918 1486 vita:
941 1433 1023 1486 vel
1053 1435 1295 1503 corporis
1338 1451 1490 1488 usum
1523 1453 1538 1489 :
1580 1436 1668 1489 alii
1700 1436 1921 1491 belluini

368 1537 489 1576 cum
511 1531 715 1587 essent,
742 1522 1070 1591 voluptatem
1098 1524 1255 1579 linem
1289 1540 1410 1580 esse
1439 1524 1795 1583 aﬂirmarunt.
1824 1526 1927 1581 Νο-

368 1614 453 1667 bis
486 1613 607 1667 ﬁnis
628 1613 781 1684 cujus
809 1614 980 1684 gratia
1021 1616 1201 1669 omnia
1236 1617 1566 1686 peragimus,
1597 1626 1650 1671 et
1678 1618 1741 1671 ad
1768 1633 1923 1687 quem

2028 1361 2186 1397 ναντο
2228 1343 2378 1407 τέλος
2413 1339 2671 1414 εἶναιτὴν
2697 1344 3025 1415 ἐπιστήμην,
3073 1344 3122 1395 οἱ
3160 1342 3213 1395 δὲ
3243 1343 3341 1412 τὴν
3370 1359 3627 1410 πρακτι-

2030 1435 2130 1505 κὴν
2168 1434 2480 1504 ἐνέργειαν·
2517 1432 2664 1486 ἄλλοι
2703 1431 2763 1484 τὸ
2794 1432 3068 1502 διαφόρως
3108 1430 3342 1501 χρῆσθαι
3381 1430 3465 1501 τῷ
3510 1430 3626 1500 βίῳ

2031 1529 2121 1581 καὶ
2148 1526 2224 1597 τῷ
2254 1526 2493 1597 σώματι·
2521 1527 2570 1578 οἱ
2600 1526 2657 1578 δὲ
2686 1524 3125 1595 βοσκηματώδεις
3160 1522 3353 1594 ἡδονὴν
3396 1523 3628 1592 ἁπεφή-

2029 1636 2187 1672 ναντο
2208 1614 2345 1671 εἶναι
2377 1617 2438 1669 τὸ
2464 1616 2635 1679 τέλος.
2653 1615 2712 1668 Ἦ
2724 1618 2811 1684 μῖν
2841 1615 2896 1667 δὲ
2929 1613 3099 1677 τέλος,
3128 1606 3187 1665 οὗ
3209 1613 3399 1665 ἕνεκεν
3431 1612 3626 1664 πάντα

369 1704 713 1770 festinamus,
746 1705 965 1759 beatum
998 1706 1128 1759 illud
1152 1717 1233 1761 est
1262 1708 1383 1760 vita}
1429 1707 1729 1761 institutum
1761 1710 1810 1761 in
1844 1708 1924 1760 fu-

2051 1714 2355 1784 ιράττομεν,
2387 1710 2637 1781 καὶπρὸς
2674 1709 2702 1761 ὃ
2732 1707 3098 1779 ἐπειγόμεθα,
3129 1708 3161 1777 ἡ
3198 1705 3451 1776 μακαρία
3493 1705 3625 1758 δια-

372 1803 495 1847 turo
523 1795 743 1849 sarculo.
776 1794 889 1851 Hoc
920 1807 1096 1851 autem
1125 1797 1423 1866 completur
1458 1807 1591 1861 tum,
1615 1814 1735 1852 cum
1768 1814 1795 1851 a
1821 1798 1928 1852 Deo

371 1887 626 1958 regimur.
667 1888 799 1943 Nam
832 1889 932 1945 hoc
966 1889 1071 1943 ﬂne
1101 1905 1168 1943 ne
1200 1890 1494 1958 excogitari
1528 1892 1741 1959 quidem
1771 1892 1927 1960 quid-

372 1992 536 2046 quam
570 1981 911 2047 prtestantius
954 1981 1124 2050 possit
1154 1996 1183 2033 a
1230 1981 1479 2035 rationali
1515 1990 1725 2034 natura.
1754 1982 1930 2050 Atque

371 2083 473 2124 nos
531 2073 599 2125 ad
655 2072 793 2125 hanc
840 2072 963 2125 vita:
1019 2073 1284 2125 rationem
1349 2072 1550 2125 excitat
1592 2071 1925 2139 Apostolus:

377 2158 575 2215 Deinde
602 2162 749 2230 ﬁnis,
783 2178 901 2215 cum
928 2162 1203 2216 tradiderit
1237 2179 1452 2232 regnum
1478 2161 1585 2216 Deo
1618 2174 1663 2216 et
1692 2160 1843 2215 Patri
1861 2165 1926 2216 ³⁸.

371 2252 525 2317 Quod
553 2253 689 2308 idem
721 2254 885 2307 etiam
916 2256 1167 2323 proponit
1200 2254 1251 2308 in
1284 2255 1561 2323 prophetia
1605 2256 1926 2324 Sophonias,

370 2357 439 2397 ex
481 2344 572 2397 Dei
629 2360 855 2413 persona
894 2345 1079 2400 dicens
1125 2361 1139 2399 :
1184 2345 1321 2409 Quia
1349 2346 1613 2415 judicium
1662 2362 1832 2399 meum
1876 2346 1930 2399 in

372 2435 801 2503 congregationes
829 2436 1101 2505 gentium:
1134 2446 1192 2488 ut
1218 2438 1501 2506 suscipiam
1534 2454 1698 2505 reges,
1743 2447 1801 2490 ut
1855 2439 1932 2507 ef-

371 2523 591 2593 fundam
628 2543 781 2593 super
805 2544 891 2581 eos
909 2528 1323 2597 indignationem
1354 2547 1541 2584 meam.
1568 2530 1634 2584 In
1661 2532 1778 2599 igne
1796 2532 1932 2584 enim

371 2616 473 2669 uti
502 2618 599 2671 mei
632 2630 1015 2673 consummatur
1056 2620 1223 2673 omnis
1262 2630 1400 2673 terra
1430 2635 1448 2673 :
1486 2622 1609 2689 quia
1640 2632 1763 2674 tunc
1798 2638 1931 2674 con-

371 2721 567 2763 vertam
597 2725 752 2779 super
807 2709 1026 2781 populos
1058 2712 1247 2765 multos
1279 2711 1513 2781 linguam
1551 2714 1607 2765 in
1636 2714 1931 2782 generatio-

371 2814 491 2853 nem
512 2799 647 2869 ejus,
681 2814 737 2855 ut
776 2804 1013 2858 invocent
1042 2821 1217 2858 omnes
1248 2821 1432 2858 nomen
1466 2804 1700 2871 Domini,
1737 2815 1793 2858 ut
1824 2822 1933 2859 ser-

371 2889 516 2943 viant
545 2894 592 2944 ei
622 2892 714 2945 sub
735 2895 867 2963 jugo
888 2910 993 2949 uno
1014 2895 1080 2948 ³³.
1100 2895 1179 2948 Ad
1202 2896 1343 2949 hunc
1371 2895 1531 2965 igitur
1551 2896 1709 2948 linem
1733 2896 1934 2950 utilita-

375 2990 482 3036 tem
519 2983 845 3051 psalmorum
876 2994 1007 3055 puto
1041 2986 1256 3049 referri,
1302 3001 1510 3049 eorum,
1538 2987 1627 3054 qui
1662 2987 1802 3041 hanc
1833 2988 1929 3042 ha-

2032 1803 2185 1871 γωγὴ
2229 1804 2285 1853 ἐν
2314 1800 2391 1870 τῷ
2431 1799 2672 1871 μέλλοντι
2717 1797 2889 1851 αἰῶνι.
2913 1796 3058 1864 Αὕτη
3097 1796 3154 1849 δέ
3191 1794 3622 1866 συμπληροῦται

2033 1897 2090 1946 ἐν
2118 1893 2195 1965 τῷ
2222 1892 2595 1963 βασιλεύεσθαι
2626 1890 2731 1943 ὑπὸ
2767 1887 2861 1941 τοῦ
2897 1880 3054 1941 Θεοῦ.
3098 1886 3299 1939 Τούτου
3342 1885 3459 1955 γὰρ
3488 1883 3619 1935 οὐδὲ

2037 1986 2228 2057 μέχρις
2251 1984 2485 2046 ἐπινοίας
2524 1982 2728 2053 βέλτιόν
2753 1999 2804 2035 τι
2833 1980 2940 2051 (59)
2978 1978 3284 2050 ἐξευρεθείη
3315 1980 3380 2048 τῇ
3418 1976 3621 2045 λογικῇ

2035 2075 2224 2143 φύσει·
2253 2075 2345 2129 καὶ⁵
2400 2074 2535 2145 πρὸς
2578 2072 2781 2141 ταύτην
2825 2073 2964 2123 κινεῖ
3004 2071 3202 2140 ήμᾶςό
3264 2066 3622 2131 Ἀπόστολπ,

2034 2168 2208 2235 λέγων
2229 2185 2241 2197 ·
2275 2164 2419 2221 Εἶτα
2442 2166 2510 2219 τὸ
2543 2164 2737 2231 τέλος,
2762 2163 2907 2218 ὅταν
2931 2161 3173 2230 παραδῷ
3204 2159 3314 2229 (60)
3344 2159 3465 2226 τὴν
3499 2158 3624 2221 βα·

2035 2261 2273 2315 σιλείαν
2303 2251 2384 2323 τῷ
2426 2256 2547 2321 Θεῷ
2581 2255 2681 2308 καὶ
2708 2255 2908 2322 Πατρί.
2939 2256 3114 2323 Ὅπερ
3154 2250 3248 2303 καὶ
3281 2252 3309 2303 ὁ
3351 2248 3623 2316 ΣοφονΞας

2036 2354 2094 2405 ἐν
2120 2354 2183 2421 τῇ
2216 2348 2522 2420 προφητείᾳ
2553 2346 2870 2416 παρίστησι,
2896 2343 3067 2411 λέγων
3101 2344 3163 2395 ἐκ
3194 2339 3490 2411 προσώπου
3518 2338 3619 2390 τοῦ

2036 2440 2190 2495 Θεοῦ·
2217 2441 2337 2493 Ὅτι
2375 2438 2441 2492 τὸ
2480 2436 2658 2506 κρῖμὰ
2701 2453 2819 2505 μου
2866 2437 2954 2500 είς
3003 2431 3357 2500 συναγωγὰς
3394 2426 3620 2490 ἐθνῶν,

2036 2534 2140 2588 τοῦ
2166 2532 2553 2596 εἰσδέξασθαι
2578 2528 2881 2594 βασιλεῖς,
2898 2525 3003 2581 τοῦ
3036 2524 3237 2593 ἐκχέαι
3264 2523 3359 2575 ἐπ’
3383 2520 3622 2584 αὐτοὺς

2037 2626 2150 2695 τὴν
2200 2624 2384 2695 ὀργήν
2422 2640 2565 2693 μου.
2617 2624 2719 2676 Ἐν
2768 2621 2877 2691 γὰρ
2922 2618 3062 2686 πυρὶ
3101 2616 3279 2683 ζήλου
3306 2631 3428 2683 μου
3478 2630 3626 2665 κατ-

2037 2718 2491 2783 αναλωθήσεται
2520 2715 2684 2770 πᾶσα
2712 2716 2751 2782 ἠ
2787 2711 2862 2782 γῆ
2885 2730 2899 2744 ο
2940 2712 3027 2765 ὅτι
3060 2711 3192 2764 τότε
3218 2705 3624 2777 μεταστρέψαι

2037 2810 2134 2863 ἐπὶ
2162 2808 2350 2874 λαοὺς
2378 2806 2647 2872 πολλοὺς
2696 2796 2985 2873 γλῶσσαν
3014 2803 3101 2867 είς
3142 2801 3353 2868 γενεὰν
3396 2795 3621 2862 αὐτῆς,

2038 2899 2144 2952 τοῦ
2170 2897 2581 2951 ἐπικαλεῖσθαι
2631 2895 2859 2959 πάντας
2906 2893 2973 2946 τὸ
3006 2893 3191 2960 ὄνομα
3223 2890 3474 2957 Kvpt'ov,
3510 2886 3623 2941 τσῦ

2038 2984 2349 3038 δουλεύειν
2371 2983 2529 3048 αὐτῷ
2560 2984 2675 3038 ὑπὸ
2711 2982 2885 3051 ζυγὸν
2901 2982 3027 3035 ἕνα.
3057 2982 3151 3041 Εἰς
3184 2979 3342 3032 τοῦτο
3393 2975 3493 3031 οὖν
3536 2973 3623 3029 οἶ⁹

381 3072 513 3130 bent
541 3076 969 3145 inscriptionem.
1002 3077 1142 3143 Quin
1174 3078 1337 3131 etiam
1380 3078 1416 3131 ii
1450 3078 1539 3145 qui
1584 3078 1931 3147 inscripsere,

2051 3094 2135 3131 ιαι
2156 3076 2217 3129 τὸ
2241 3077 2393 3139 τέλος
2417 3074 2778 3147 ἀναφέρεσθαι
2803 3073 2901 3136 τὰς
2929 3072 3035 3126 ἀπὸ
3055 3071 3163 3124 τῶν
3185 3070 3433 3139 Ψαλμῶν
3472 3070 3623 3137 ὠφε-

374 3161 459 3219 Ad
493 3163 784 3231 uictoriam,
820 3174 911 3218 aut
934 3165 1258 3233 Epinicium,
1289 3176 1384 3221 aut
1412 3165 1639 3233 Victori,
1666 3168 1790 3223 huic
1812 3182 1926 3223 sen-

376 3253 561 3308 tentiae
592 3254 969 3324 astipulantur.
1012 3258 1221 3311 Etenim
1250 3258 1506 3327 quoniam
1553 3258 1814 3328 Absorpta
1862 3270 1934 3314 est

376 3357 518 3399 mors
554 3345 609 3397 in
639 3346 859 3399 victoria
895 3346 964 3409 ",
995 3357 1049 3400 et
1074 3359 1391 3416 consumpta
1425 3357 1509 3404 est
1553 3350 1622 3405 ab
1643 3365 1708 3405 eo
1737 3352 1828 3420 qui
1850 3350 1937 3406 di-

378 3437 457 3494 xit
487 3451 501 3490 :
540 3436 653 3508 Ego
686 3440 785 3493 uici
822 3441 1073 3494 mundum
1100 3441 1184 3508 ³⁸;
1225 3450 1280 3496 et
1312 3442 1565 3510 quoniam
1592 3444 1772 3497 omnia
1799 3444 1938 3498 victa

376 3539 507 3588 sunt
528 3546 555 3581 a
582 3530 821 3597 Christo,
851 3542 902 3587 et
936 3531 1002 3586 In
1024 3535 1237 3589 nomine
1262 3536 1379 3603 ejus
1414 3552 1547 3604 genu
1580 3552 1730 3589 omne
1766 3537 1941 3605 ﬂecte-

379 3630 469 3673 tur
503 3621 804 3689 caelestium,
842 3635 888 3680 et
923 3627 1249 3681 terrestrium
1273 3638 1321 3681 et
1354 3628 1684 3697 infernarum
1715 3630 1795 3695 '°;
1818 3630 1939 3699 jure

380 3726 446 3764 ac
472 3713 661 3765 merito
691 3713 923 3782 Spiritus
942 3724 1163 3771 sanctus
1195 3730 1257 3771 ea
1296 3733 1415 3786 quae
1448 3718 1602 3771 nobis
1631 3733 1939 3789 proponun-

382 3811 492 3866 tur,
523 3804 576 3857 in
624 3805 740 3858 odis
788 3806 1198 3876 triumphalibus
1252 3810 1519 3878 prmcinit.
1551 3809 1713 3865 Vens.
1749 3812 1805 3865 2.
1834 3812 1936 3864 Au-

382 3896 492 3948 dite
536 3895 667 3956 Ιιιεε,
702 3912 873 3949 omnes
905 3905 1113 3965 gentes,
1162 3899 1375 3952 auribus
1434 3900 1712 3967 percipite,
1767 3916 1941 3954 omnes

381 3986 471 4054 qui
514 3986 758 4039 habitatis
800 3987 974 4040 orbem
1017 3988 1205 4059 (Vnus.
1248 3988 1323 4057 ‘5),
1352 3990 1543 4058 quique
1582 3992 1853 4055 terrigena:
1893 4002 1939 4044 et

381 4076 481 4144 ﬁlii
519 4077 809 4145 hominum,
850 4079 1007 4132 simul
1050 4081 1105 4134 in
1144 4097 1304 4134 unum
1336 4082 1475 4134 dives
1507 4092 1555 4133 et
1588 4097 1801 4151 pauper.
1834 4080 1943 4135 Ma-

382 4164 588 4221 ximum
627 4182 758 4222 sane
810 4169 1137 4223 auditorium
1175 4179 1259 4224 est
1303 4170 1440 4238 ejus,
1478 4172 1567 4239 qui
1602 4182 1791 4240 gentes
1828 4187 1942 4227 0m-

384 4272 502 4319 ues.
527 4266 583 4312 et
614 4273 801 4314 omnes
850 4271 1116 4331 quotquot
1153 4262 1341 4317 orbem
1390 4262 1812 4317 habitationibus
1856 4279 1946 4316 ex-

383 4347 553 4415 plent,
585 4349 651 4403 ad
676 4351 939 4420 psalmum
964 4353 1289 4407 audiendum
1320 4363 1601 4408 convocat.
1631 4353 1819 4407 Trahit
1844 4370 1940 4407 au-

2036 3169 2205 3232 λείας,
2233 3169 2341 3221 τῶν
2377 3167 2579 3239 ταύτην
2606 3167 2836 3237 ἐχόντων
2857 3165 2956 3236 τὴν
2982 3165 3327 3236 προγραφὴν.
3359 3162 3625 3231 Συνᾲδου-

2039 3280 2092 3314 σι
2120 3263 2176 3315 δὲ
2212 3264 2277 3331 τῇ
2310 3261 2485 3331 ἐννοίᾳ
2525 3260 2696 3331 ταύτῃ
2733 3259 2829 3312 καὶ
2861 3259 2911 3311 οἱ
2935 3257 3356 3328 ἐπιγράψαντες,
3382 3257 3487 3319 Eli;
3530 3252 3620 3306 νῖ-

2039 3369 2163 3417 κος,
2200 3351 2233 3421 ἢ
2273 3351 2623 3413 Ἔπινίκιον,
2669 3350 2701 3419 ἢ
2754 3347 2843 3413 Τῷ
2886 3346 3198 3411 νικοποιῷ·
3238 3344 3456 3415 Ἐπειδὴ
3505 3343 3622 3413 γὰρ

2039 3445 2346 3510 Κατεπόθη
2373 3445 2406 3496 ὁ
2429 3441 2681 3506 θάνατος
2710 3442 2797 3505 είς
2825 3437 3010 3504 νῖκος,
3041 3438 3135 3490 καὶ
3157 3433 3469 3503 ὲξαναλώθη
3505 3432 3622 3503 (61)

2040 3537 2145 3589 ὑπὸ
2167 3534 2259 3589 τοῦ
2287 3535 2531 3597 εἰπόντος
2550 3551 2563 3565 ’
2602 3532 2749 3601 Ἐγὼ
2767 3532 3053 3596 νενίκηκα
3080 3528 3186 3581 τὸν
3217 3529 3450 3594 κόσμον
3470 3543 3485 3553 ·
3519 3524 3621 3577 καὶ

2041 3628 2225 3698 ἐπειδὴ
2253 3627 2432 3682 πάντα
2453 3625 2727 3693 νενίκηται
2752 3623 2856 3677 ὑπὸ
2877 3622 2970 3675 τοῦ
2993 3619 3225 3692 Χριστοῦ
3244 3659 3258 3681 ,
3284 3619 3377 3671 καὶ
3392 3620 3499 3669 Ἐν
3538 3614 3621 3679 τῷ

2041 3718 2283 3785 ὀνόματι
2309 3716 2495 3770 αὐτοῦ
2522 3714 2645 3771 πᾶν
2672 3717 2821 3784 τιόνυ
2852 3712 3092 3781 κάμψει,
3108 3710 3501 3776 ἐπουρανίων,
3514 3708 3619 3759 καὶ

2039 3808 2336 3877 ἐπιγείων,
2370 3808 2468 3861 καὶ
2501 3805 2928 3875 καταχθονίων,
2955 3803 3178 3865 εἰκότως
3203 3801 3263 3853 τὸ
3292 3799 3525 3869 Πνεῦμα
3556 3797 3624 3851 τὸ

2043 3899 2195 3966 ἆγιον
2219 3900 2276 3951 ἐν
2291 3898 2575 3961 ἐπινικίοις
2597 3899 2757 3969 ᾠδαῖς
2770 3896 2838 3950 τά
2859 3895 3194 3964 ἀποκείμενα
3209 3893 3617 3964 προαναφωνεῖ-

2056 3991 2379 4046 Ἀκούσατε
2409 3990 2615 4053 ταῦτα,
2655 3988 2850 4043 πάντα
2886 3986 2957 4041 τὰ
2993 3988 3137 4052 ἔθνη
3160 4024 3174 4047 ,
3221 3984 3618 4043 ἐνωτίσασθε,

2044 4080 2265 4147 πάντες
2286 4084 2337 4134 οἱ
2354 4081 2769 4145 κατοικοῦντες
2786 4078 2899 4147 τὴν
2913 4076 3272 4146 οἰκουμένην
3292 4089 3307 4103 ’
3338 4077 3397 4128 οἳ
3424 4092 3489 4127 τε
3524 4092 3619 4139 τη-

2044 4173 2237 4240 γενεῖς
2283 4173 2383 4227 καί
2431 4177 2485 4226 οὶ
2524 4175 2641 4226 υίοὶ
2694 4170 2810 4225 τῶν
2839 4169 3179 4238 ἀνθρώπων,
3215 4168 3313 4221 ἐπὶ
3352 4167 3421 4220 τὸ
3464 4166 3621 4221 αὐτὸ

2044 4267 2337 4332 πλούσιος
2367 4265 2466 4318 καὶ
2491 4265 2698 4332 πένης.
2725 4263 2797 4316 Τὸ
2824 4265 2921 4334 μὲν
2949 4262 3307 4333 ἀκροατήριον
3338 4258 3619 4328 μέγιστον,

2046 4360 2220 4413 πάντα
2252 4360 2321 4412 τὰ
2360 4360 2484 4431 ἔθνη
2529 4356 2920 4427 συγκαλοῦντος
2961 4359 3040 4420 εἰς
3079 4357 3177 4425 τὴν
3219 4354 3482 4424 ἀκρόασιν
3523 4350 3617 4403 τοῦ

385 4446 515 4508 lem,
556 4442 769 4511 opinor,
816 4451 870 4498 et
903 4445 1228 4513 terrigenas,
1263 4454 1318 4499 et
1365 4444 1503 4499 Iilios
1548 4445 1847 4511 hominum,
1888 4456 1935 4499 et

2051 4451 2282 4522 ψαλμοῦ,
2317 4454 2411 4505 καὶ
2438 4424 2645 4514 πάντας
2675 4452 2798 4514 τοὺς
2833 4450 2930 4521 τὴν
2960 4424 3282 4518 οἰκουμένην
3318 4448 3441 4507 ταῖς
3463 4445 3610 4511 οξχή-

384 4532 580 4587 divites
624 4542 680 4585 et
719 4549 1002 4603 pauperes,
1029 4548 1235 4604 eosque
1268 4535 1378 4588 alto
1410 4536 1513 4589 hoc
1561 4536 1838 4603 praeconio
1871 4539 1939 4589 ad

384 4622 712 4681 audiendum
751 4636 1035 4681 convocat.
1067 4626 1194 4692 Quae
1221 4627 1437 4695 specula
1479 4639 1649 4694 usque
1691 4628 1823 4680 adeo
1851 4642 1942 4681 su-
1986 4621 1992 4626 ’

385 4728 480 4782 per
501 4726 715 4769 omnem
745 4724 942 4769 terram
963 4718 1185 4781 eminet,
1219 4728 1277 4771 ut
1310 4733 1340 4771 e
1370 4716 1583 4772 sublimi
1609 4727 1796 4786 gentes
1822 4733 1942 4771 om-

383 4818 482 4862 nes
518 4806 719 4874 videat,
751 4823 816 4863 ac
846 4817 1013 4863 totum
1037 4809 1221 4863 orbem
1253 4810 1425 4865 oculis
1462 4809 1780 4864 collustret?
1814 4809 1944 4876 Quis

458 4919 500 4951 "
538 4919 730 4986 Ephes.
782 4938 818 4975 ιι
846 4964 861 4984 ,
888 4922 976 4987 M,
1012 4922 1099 4976 I5.

1209 4924 1252 4954 ³⁸
1283 4926 1303 4977 ι
1345 4924 1469 4979 Cor.
1510 4939 1600 4989 xv,
1625 4925 1715 4978 ‘21s.

389 4988 433 5026 ⁸⁸
466 4988 694 5059 Philipp.
722 5010 779 5059 ιι,
804 4993 892 5049 10.

462 5084 571 5155 (56)
600 5086 693 5139 Sic
725 5086 1110 5155 oooi(:es_octo.
1139 5084 1280 5139 Editi
1311 5082 1613 5147 ἀναδείξας.
1650 5085 1797 5139 Colb.
1845 5088 1957 5152 pri-

391 5146 512 5211 mus
534 5146 839 5225 ὑποδείξας.
862 5146 969 5209 Nei:
994 5158 1066 5210 ita
1091 5155 1257 5208 multo
1280 5164 1400 5223 post
1418 5146 1607 5209 novem
1637 5171 1765 5210 mss.
1793 5146 1957 5225 ἡμεῖς
2021 5166 2026 5170 '

392 5227 471 5281 δέ.
504 5224 703 5279 Vocula
734 5225 790 5280 δέ
815 5228 967 5280 abest
990 5226 1058 5278 ab
1089 5225 1266 5279 editis.

464 5295 577 5364 (57)
604 5296 675 5347 Ita
705 5311 835 5349 mss.
870 5305 1091 5363 septem.
1129 5295 1240 5347 Vox

398 5504 508 5557 lmu
541 5505 791 5573 leguntur
822 5507 875 5560 in
901 5505 1139 5560 editione
1171 5504 1462 5558 Parisieusi
1493 5518 1507 5554 :
1553 5505 1645 5557 sed
1679 5505 1868 5557 desunt
1901 5505 1950 5557 in

397 5589 589 5632 novem
627 5592 756 5628 mss.
783 5587 837 5630 et
870 5576 920 5629 in
956 5576 1189 5629 editione
1225 5573 1387 5627 Basil.

470 5644 580 5711 (58)
607 5644 896 5714 Golbertini
935 5646 1137 5713 primus
1159 5656 1212 5698 et
1247 5655 1431 5697 sextus
1454 5642 1519 5695 τὰ
1545 5644 1673 5714 περὶ
1691 5640 1805 5697 τοῦ.
1841 5642 1950 5714 IIoc

400 5714 517 5776 ipso
556 5714 608 5770 in
645 5713 763 5773 Ioco
805 5712 1019 5782 quidam
1060 5728 1188 5771 mss.
1222 5729 1340 5769 cum
1378 5714 1535 5770 editis
1587 5712 1941 5775 ἀνθρωπείου.

1815 4925 1859 4956 ³³
1887 4925 2052 4993 Soph.
2087 4948 2178 4997 ιιι,
2221 4933 2274 4996 8,
2321 4933 2374 4985 9.

1268 5293 1480 5363 ψαλμός
1529 5292 1678 5347 deest
1709 5294 1759 5346 in
1796 5296 1954 5349 editis

393 5377 445 5419 et
478 5370 529 5419 in
566 5364 695 5433 Reg.
744 5368 997 5419 secundo.
1058 5364 1253 5433 Ibidem
1306 5366 1477 5431 prima
1525 5363 1714 5431 psalmi
1767 5366 1951 5429 verba,

406 5432 697 5488 ’Ᾱκούσατε
724 5434 917 5498 ταῦτα,
951 5435 1127 5487 πάντα
1152 5432 1223 5505 τὰ
1252 5433 1401 5505 ἔθνη,
1431 5433 1610 5505 statim
1665 5444 1781 5503 post
1831 5434 1955 5486 titu-

2049 4560 2197 4595 σεσιν
2234 4543 2657 4613 ἐκπληροῦντας.
2684 4542 2870 4593 Ἕλκει
2906 4540 2986 4603 δὲ,
3019 4534 3189 4608 οἶμαι,
3220 4537 3315 4589 καὶ
3342 4536 3617 4604 γηγενεῖς,

2048 4638 2141 4687 καὶ
2192 4638 2341 4698 υἱοὺς
2379 4636 2699 4707 ἀνθρώπων,
2746 4636 2839 4687 καὶ
2875 4632 3180 4694 πλουσίους,
3212 4630 3304 4681 καὶ
3356 4627 3617 4695 πένητας,

2050 4730 2142 4781 καὶ
2163 4729 2238 4799 τῷ
2267 4729 2455 4799 ὑψηλῷ
2482 4729 2592 4797 (62)
2623 4728 2931 4799 κηρύγματι
2953 4724 3123 4794 τούτῳ
3146 4722 3282 4794 πρὸς
3302 4721 3402 4789 τὴν
3426 4718 3621 4786 ἀκρόα-

2051 4837 2133 4873 σιν
2164 4824 2528 4890 συγκαλέεται.
2560 4823 2696 4876 Ποία
2730 4822 2927 4875 σκοπιὰ
2950 4820 3048 4889 τῆς
3077 4818 3179 4886 γῆς
3200 4815 3452 4869 τοσοῦτον
3480 4812 3621 4865 cia-tib

2476 4934 2519 4963 ³⁸⁵
2558 4934 2574 4987 l
2615 4934 2740 4989 Cor.
2783 4947 2885 4995 xv,
2929 4930 3017 4984 5i.
3114 4928 3160 4958 "
3189 4926 3345 4982 Joan.
3378 4941 3494 4987 xu,
3528 4924 3616 4977 5'5.

2054 5087 2161 5162 AIi_i_
2189 5088 2557 5162 ἀνθρωπίνου.
2632 5157 2661 5162 _
2983 5158 2993 5162 _
3137 5155 3149 5162 _
3288 5151 3322 5162 ,,
3337 5150 3367 5162 γ.

2127 5159 2234 5227 (59)
2269 5151 2425 5211 Deest
2456 5177 2508 5211 τι
2547 5160 2598 5211 in
2628 5157 2759 5222 Reg.
2795 5158 3037 5227 secundo
3053 5165 3105 5210 et
3137 5155 3207 5227 in_
3240 5151 3479 5207 editione
3517 5151 3621 5205 Ba-

2053 5222 2285 5301 εἰιςμοις
2316 5227 2665 5301 Beg._tertius
2692 5231 2758 5301 τῇ
2781 5225 3125 5301 ἀνθρωπίνη
3142 5222 3376 5301 otiosum

2125 5297 2237 5368 (60)
2269 5298 2327 5350 In
2374 5291 2494 5352 aliis
2534 5313 2664 5353 mss.
2694 5291 3156 5367 legitur-modii),
3200 5294 3253 5347 in
3288 5291 3411 5344 aliis
3442 5307 3619 5342 παοα-

2050 5367 2196 5422 διδῶ.

2122 5422 2232 5507 (et)
2265 5437 2340 5490 Ita
2378 5451 2650 5507 senuiss.
2679 5437 2748 5492 At
2791 5435 2917 5491 editi
2962 5430 3295 5507 ἐξανηλιῖιθη.
3335 5430 3491 5490 Colb.
3537 5444 3619 5484 se-

2051 5505 2251 5587 νιίὲιιιβ
2273 5505 2612 5587 simulem-

2124 5577 2237 5646 (62)
2273 5569 2446 5630 Editio
2470 5569 2645 5647 Paris.
2666 5572 2863 5647 καὶτῷ
2896 5572 3102 5647 etiam).
3123 5574 3191 5631 At
3223 5570 3491 5647 particula
3526 5569 3619 5625 καί

2048 5644 2199 5705 deest
2224 5651 2279 5703 in
2319 5662 2448 5703 mss.
2480 5654 2534 5703 et
2560 5646 2613 5703 in
2648 5644 2882 5703 editione
2905 5644 3064 5701 Basil.
