3836 6222
126 286 258 342 435

1272 282 1554 338 HOMILIA
1595 283 1661 338 IN
1695 283 2028 342 PSALMUM
2067 283 2296 341 XLVIII.

3289 285 3395 342 436

126 413 250 466 σης
285 395 747 467 ὐπερανέστηκεν,
779 394 920 449 ὥστε
941 397 1000 463 ἐξ
1026 395 1270 450 ἀπόπτου
1309 399 1484 452 πάντα
1511 398 1639 451 ἰδεῖν
1661 397 1712 450 τὲ

1835 400 1970 454 adeo
1996 399 2200 455 vocalis
2222 413 2419 469 praeco,
2451 407 2511 452 ut
2552 397 2807 453 inclamet
2847 397 2990 468 quod
3015 411 3044 451 a
3073 403 3152 453 tot
3173 397 3397 454 auribus

127 487 299 558 ἔθνη,
344 487 656 541 καὶ³πᾶσαν
691 487 790 558 τὴν
822 486 1143 560 οἰκουμένην
1183 487 1446 559 ὀφθαλμῷ
1499 487 1722 558 περιλα-

127 577 297 644 6εῖν;
328 579 422 641 Τίς
442 577 585 632 οὕτω
617 579 1128 650 μεγαλοφωνότατος
1148 579 1340 651 κῆρυξ,
1371 579 1510 633 ὣστε
1539 580 1726 634 τοσαύ-

129 686 269 733 ταις
305 668 440 739 ὁμοῦ
475 671 664 732 ἀκοαῖς
692 669 1012 735 ἐξάκουστον
1041 670 1306 741 ἐμϐοῆσαι
1332 689 1346 736 ;
1391 673 1486 734 Τίς
1525 673 1553 724 6
1578 672 1725 742 δέχε-

132 761 278 815 σθαι
305 761 600 832 δυνάμενος
628 761 802 833 χῶρος
821 763 946 825 τοὺς
973 763 1462 834 ἐκκλησιάζονταςς
1487 765 1726 834 Πηλίκος

129 851 202 904 δὲ
234 855 263 906 6
301 851 616 916 διδάσκαλος
655 855 748 906 καὶ
788 855 1028 918 ποταπὸς
1054 855 1154 926 τὴν
1180 857 1388 924 σοφίαν,
1417 856 1556 909 ὥστε
1598 854 1724 920 ἀξια

132 945 250 1013 τῆς
275 944 605 1015 τηλικαύτης
637 945 957 1016 Ἐκκλησίας
986 947 1095 1016 (65)
1128 947 1364 1018 ἐξευρεῖν
1381 949 1447 1001 τὰ
1473 949 1727 1019 διδάγμα-

134 1051 215 1088 τα
239 1052 254 1100 ;
285 1035 494 1110 Μικρὸν
522 1037 830 1107 ἀνάμεινον,
865 1039 957 1090 καὶ
982 1039 1217 1112 μαθήσῃ,
1249 1040 1330 1092 ὅτι
1359 1039 1484 1104 ἄξια
1506 1039 1598 1093 τοῦ
1627 1042 1724 1092 ἐπ-

133 1123 490 1194 αγγέλματος
518 1127 633 1177 ἐστι
659 1124 725 1178 τὰ
749 1125 963 1197 ἐφεξῆς.
1001 1128 1059 1180 Ὀ
1086 1128 1183 1198 μὲν
1212 1127 1319 1200 γὰρ
1349 1129 1720 1199 ἐκκλησιάζων

132 1216 242 1268 καὶ
285 1218 461 1270 πάντα
492 1217 776 1286 συγκαλῶν
819 1218 898 1289 τῷ
944 1219 1258 1290 κηρύγματι
1303 1224 1330 1274 6
1372 1220 1722 1291 Παράκλητός

129 1323 282 1368 ..α-τι,
299 1307 359 1360 τὸ
377 1307 598 1377 Πνεῦμα
624 1309 723 1378 τῆς
748 1307 1023 1378 ἀληθείας,
1046 1311 1132 1363 διὰ
1151 1311 1443 1382 προφητῶν
1471 1312 1564 1364 καὶ
1588 1313 1721 1364 ἀπο-

131 1397 348 1450 στόλων
395 1400 641 1467 συνάγων
676 1399 784 1468 (64)
823 1401 950 1462 τοὺς
989 1401 1326 1471 σωζομένους
1350 1419 1362 1431 ·
1413 1396 1489 1456 ὧν
1535 1402 1720 1474 ἐπειδὴ

125 1490 247 1553 Εἰς
276 1488 519 1543 ἅπασαν
555 1489 668 1556 τὴν
690 1490 808 1559 γῆν
835 1485 1094 1558 ἐξῆλθεν
1127 1494 1160 1545 ό
1200 1493 1457 1561 φθόγγος
1501 1490 1716 1556 αὐτῶν,

128 1580 242 1634 καί
270 1582 358 1646 εἰς
391 1581 462 1636 τὰ
489 1581 713 1650 πέρατα
740 1581 850 1650 τῆς
876 1582 1230 1651 οἰκουμένης
1260 1583 1331 1636 τὰ
1351 1582 1587 1652 ῥήματα
1614 1586 1720 1637 αὺ-

128 1671 288 1726 τῶν·
327 1671 414 1725 διὰ
440 1674 598 1726 τοῦτό
619 1690 780 1744 φησιν
799 1691 814 1704 ·
857 1675 1199 1740 ’.4κούσατε,
1234 1676 1428 1729 πάντα
1459 1677 1531 1729 τὰ
1550 1676 1714 1744 ἔθνη,

1836 490 2000 546 simul
2030 491 2330 545 audiatur?
2368 491 2500 556 Quis
2534 490 2684 544 locus
2711 489 2776 543 ad
2810 490 3125 544 concionem
3167 489 3394 544 venien-

1832 593 1915 638 tes
1947 592 2113 653 queat
2137 583 2428 652 excipere?
2457 581 2704 648 Quantus
2722 592 2900 635 autem
2934 584 3144 645 doctor,
3167 590 3221 636 et
3247 580 3394 650 quali

1829 674 2093 741 sapientia
2126 673 2410 742 praeditus,
2438 680 2496 726 ut
2521 671 2841 726 documenta
2875 670 3394 725 inveniatconsessu

1830 771 1982 816 tanto
2009 762 2207 831 digna?
2232 761 2497 831 Exspecta
2527 775 2837 830 parumper,
2853 769 2906 816 et
2923 777 2986 815 ea
3015 775 3133 830 qua:
3155 776 3394 830 sequun-

1830 863 1937 915 tur,
1961 851 2248 922 promissis
2303 852 2519 922 indigna
2559 867 2664 906 non
2699 866 2820 907 esse
2851 852 3085 907 edisces.
3116 851 3392 922 Siquidem

1830 944 2207 1008 concionator,
2241 953 2294 997 et
2327 943 2418 1011 qui
2465 958 2654 998 omnes
2705 944 2977 1014 praeconio
3018 943 3185 1009 cogit,
3221 943 3391 997 Para-

1826 1036 1998 1091 cletus
2031 1043 2133 1100 est,
2170 1034 2258 1089 ille
2300 1035 2538 1104 Spiritus
2579 1037 2852 1101 veritatis,
2893 1050 2988 1104 per
3028 1036 3314 1105 prophetas
3339 1047 3396 1092 et

1827 1127 2106 1198 apostolos
2145 1141 2239 1181 eos
2279 1140 2621 1196 congregans
2665 1127 2756 1196 qui
2791 1125 3020 1180 salutem
3049 1127 3392 1180 consecuturi

1826 1227 2022 1274 erant:
2050 1233 2276 1288 quorum
2312 1217 2435 1286 quia
2476 1215 2543 1270 In
2577 1233 2779 1270 omnem
2823 1227 3015 1270 terram
3043 1217 3198 1270 exivit
3232 1233 3393 1270 sonus

1825 1328 2026 1376 eorum,
2049 1321 2095 1364 et
2121 1311 2174 1364 in
2199 1311 2328 1380 ﬁnes
2360 1309 2498 1363 orbis
2523 1320 2679 1363 terrm
2705 1311 2859 1362 verba
2883 1325 3061 1363 eorum
3082 1309 3157 1374 ³⁷;
3193 1311 3393 1366 idcirco

1825 1402 1955 1456 dicit
1983 1418 1998 1454 :
2023 1401 2239 1464 Audite,
2278 1417 2454 1454 omnes
2490 1411 2683 1470 gentes,
2717 1411 2764 1454 et
2806 1417 2982 1454 omnes
3021 1402 3109 1469 qui
3146 1402 3392 1456 habitatis

1828 1495 2025 1547 orbem.
2059 1493 2403 1563 Quapropter
2430 1501 2485 1547 et
2513 1493 2753 1547 Ecclesia
2787 1507 2852 1546 ex
2889 1493 3140 1548 omnibus
3168 1491 3390 1547 collecta

1825 1593 1908 1638 est
1948 1585 2372 1649 conditionibus,
2407 1592 2467 1638 ut
2499 1598 2656 1638 nemo
2684 1583 2775 1653 qui
2812 1598 3004 1638 exsors
3045 1584 3116 1639 sit
3143 1583 3393 1640 utilitatis

1826 1677 2187 1747 relinquatur.
2223 1676 2435 1730 Etenim
2469 1676 2916 1746 congregationes
2940 1685 3050 1730 tres
3077 1686 3202 1730 sunt
3229 1691 3393 1730 voca-

126 1763 239 1817 καί
270 1762 492 1830 πάντες
519 1769 574 1818 οἰ
604 1765 1020 1832 κατοικοῦντες
1055 1767 1170 1833 τὴν
1204 1768 1580 1836 οἰκουμένην.
1626 1769 1712 1822 Διὸ

1823 1779 2021 1831 torum,
2053 1767 2253 1836 quibus
2276 1781 2437 1822 omne
2474 1766 2750 1820 hominum
2776 1780 2944 1836 genus
2973 1767 3387 1836 comprehendi-

129 1857 235 1910 καὶ
266 1859 301 1928 ἡ
343 1857 638 1929 Ἐκκλησία
660 1859 724 1910 ἐκ
751 1857 1103 1912 παντοδαπῶν
1131 1859 1573 1931 ἐπιτηδευμάτων
1597 1877 1718 1913 συν-

123 1949 399 2013 είλεκται,
455 1949 541 2001 ἵνα
595 1949 781 2020 μηδεὶς
818 1948 922 2013 ἔξω
955 1950 1052 2020 τῆς
1079 1950 1342 2019 ὡφελείας
1395 1950 1714 2021 ἀπολειφθῇ.

121 2041 300 2110 Τρεῖς
335 2040 444 2111 γάρ
488 2042 594 2093 εἰσι
642 2041 890 2108 συζυγίαι
941 2041 1047 2093 τῶν
1096 2041 1466 2112 κεκλημένων,
1521 2044 1578 2095 ἐν
1630 2039 1718 2105 αἶς

124 2131 284 2182 ἅπαν
319 2128 380 2181 τὸ
406 2126 514 2181 τῶν
540 2127 840 2200 ἀνθρώπων
873 2129 1184 2198 περιέχεται
1213 2130 1369 2198 γένος
1388 2146 1402 2159 ·
1438 2129 1565 2199 ἔθνη
1608 2129 1717 2201 γὰρ

123 2221 183 2273 οἱ
213 2220 595 2284 κατοικοῦντες
625 2219 724 2290 τὴν
753 2221 1077 2290 οἰκουμένην
1096 2237 1108 2249 ·
1138 2224 1386 2291 γηγενεῖς
1410 2223 1504 2274 καὶ
1531 2223 1578 2274 οί
1612 2222 1717 2274 υἱοὶ

125 2311 246 2364 τῶν
288 2310 616 2382 ἀνθρώπιον·
656 2311 901 2365 πλούσιοι
952 2313 1046 2365 καὶ
1089 2311 1336 2384 πένητες.
1372 2313 1502 2366 Τίνα
1538 2313 1716 2366 τοίνυν

132 2402 247 2467 ἔξω
280 2402 630 2456 καταλέλοιπε
663 2404 762 2474 τῆς
801 2404 1152 2474 ἀκροάσεως;
1193 2405 1256 2457 Oi
1301 2403 1568 2475 ἀλλότριοι
1616 2406 1717 2475 τῆς

131 2497 377 2560 πίστεως
424 2495 513 2549 διὰ
559 2495 670 2566 (65)
713 2495 824 2548 τῶν
871 2495 1038 2548 ἐθνῶν
1077 2494 1406 2567 ἐκλήθησαν.
1454 2497 1516 2549 Οἳ
1557 2498 1616 2548 ἐν
1647 2498 1714 2568 τῇ

141 2588 448 2658 Ἐκκλησία
505 2587 662 2651 εἰσὶν,
708 2589 758 2639 οἰ
800 2587 1177 2650 κατοικοῦντες
1223 2587 1320 2658 τὴν
1368 2587 1712 2658 οἰκουμένην.

124 2680 392 2749 Γηγενεῖς
415 2681 463 2732 οἰ
495 2679 564 2733 τά
589 2681 756 2751 γήινα
781 2678 1121 2752 φρονοῦντες,
1147 2679 1240 2732 καὶ
1262 2678 1370 2732 τῶν
1399 2679 1523 2750 θελη
1533 2679 1715 2750 μάτων

127 2768 240 2838 τῆς
275 2767 472 2840 σαρκὸς
503 2769 868 2838 ἀντεχόμενοι.
906 2769 1026 2845 Υἱοὶ
1057 2766 1168 2822 τῶν
1199 2767 1499 2839 ἀνθρώπων
1528 2770 1576 2820 οἰ
1603 2769 1718 2820 ἐπι-

129 2859 359 2930 μέλειάν
413 2877 537 2913 τινα
588 2859 682 2912 καὶ
732 2859 963 2928 ἄσκησιν
1014 2858 1109 2912 τοῦ
1155 2857 1314 2926 λόγου
1371 2857 1713 2928 ποιούμενοι·

129 2951 269 3005 ῐδιον
293 2950 401 3022 γὰρ
431 2950 525 3003 τοῦ
557 2948 844 3021 ἀνθρώπου
877 2950 937 3002 τὸ
957 2949 1194 3017 λογικόν.
1218 2949 1468 3002 Πλούσιοι
1500 2949 1594 3002 καὶ
1627 2949 1714 3002 πέ-

1823 1867 1946 1921 tur;
1990 1865 2180 1926 gentes
2207 1864 2261 1911 et
2311 1855 2620 1911 habitantes
2647 1857 2869 1919 orbem;
2906 1857 3191 1928 terrigeme
3221 1868 3272 1913 et
3298 1860 3389 1914 lilii

1820 1947 2123 2011 hominum,
2157 1946 2358 2001 divites
2418 1955 2473 1998 et
2510 1959 2798 2016 pauperes.
2835 1946 3004 2012 Quem
3045 1947 3204 2015 igitur
3238 1959 3390 2003 extra

1819 2039 2148 2093 auditorium
2170 2037 2428 2107 reliquit?
2451 2038 2626 2092 Alieni
2659 2055 2685 2090 a
2714 2037 2836 2099 ﬁde,
2872 2053 2967 2106 per
2989 2047 3174 2108 gentes
3214 2040 3389 2094 vocati

1824 2129 1987 2199 178
2009 2137 2158 2183 sunt.
2189 2126 2290 2195 Qui
2315 2138 2537 2182 manent
2565 2127 2618 2181 in
2647 2127 2912 2195 Ecclesia,
2932 2128 2967 2181 ii
2991 2110 3140 2193 su'nt,
3169 2131 3259 2200 qui
3293 2131 3390 2184 ha-

1817 2221 1994 2274 bitant
2024 2220 2237 2275 orbem.
2269 2215 2581 2289 Terrigenae
2610 2227 2737 2272 sunt
2778 2219 2869 2286 qui
2905 2228 3120 2274 terrena
3147 2222 3383 2290 sapiunt,

1816 2321 1873 2366 et
1905 2312 2084 2365 urnis
2114 2311 2310 2380 placita
2345 2323 2730 2380 assequuntur.
2764 2310 2883 2365 Filii
2931 2311 3209 2366 hominum
3239 2323 3386 2377 sunt,

1817 2406 1906 2474 qui
1940 2405 2174 2473 quodam
2231 2405 2389 2458 modo
2431 2406 2698 2458 rationem
2747 2416 2942 2458 curant
2991 2416 3386 2475 exercentque;

1817 2511 1942 2549 nam
1984 2496 2125 2549 ratio
2158 2497 2377 2566 pr0pria
2417 2494 2654 2549 hominis
2680 2506 2785 2548 est.
2819 2493 3052 2548 Divitum
3084 2511 3147 2550 ac
3185 2510 3387 2564 paupe-

1817 2604 1937 2642 rum
1997 2588 2306 2656 proprietas
2349 2602 2445 2657 per
2501 2601 2563 2641 se
2615 2587 3002 2656 cognoscitur:
3054 2587 3127 2641 illi
3173 2589 3386 2656 quidem

1817 2679 2261 2746 superabundant
2309 2693 2490 2732 rerum
2545 2679 2978 2732 necessariarum
3024 2678 3386 2746 possessione,

1817 2771 1871 2825 hi
1911 2784 2038 2823 vero
2085 2769 2137 2822 in
2175 2770 2494 2822 earumdem
2529 2767 2708 2836 inopia
2751 2771 2971 2837 degunt.
3017 2767 3151 2822 Cum
3206 2781 3386 2822 autem

1818 2862 2065 2916 medicus
2118 2860 2424 2914 animarum
2479 2873 2586 2912 non
2634 2859 2864 2920 venerit,
2911 2869 2968 2911 ut
3008 2857 3182 2925 justos
3214 2871 3384 2923 vocet,

1823 2952 1919 3008 sed
1949 2959 2265 3021 peccatores
2293 2950 2359 3003 ad
2387 2949 2759 3017 paenitentiam
2779 2948 2826 2979 ³⁸
2851 2962 2865 3000 :
2889 2949 3031 3017 quod
3056 2949 3106 3002 iu
3140 2951 3383 3018 qualibet

126 3059 296 3113 νητες
324 3041 545 3095 αὐτόθεν
577 3041 758 3112 ἔχουσι
788 3041 1194 3112 γνωριζομένην
1233 3040 1329 3113 τὴν
1366 3040 1630 3111 ἰδιότητα·
1661 3043 1710 3094 οἰ

1823 3043 2203 3114 coniugatione
2256 3040 2663 3112 reprehensioni
2710 3039 3002 3093 obnoxium
3055 3051 3175 3094 erat
3226 3050 3388 3110 atque

130 3133 240 3203 μὲν
267 3132 684 3203 ὑπερϐαίνοντες
716 3133 816 3204 τὴν
845 3133 1034 3204 κτῆσιν
1080 3132 1187 3184 τῶν
1218 3132 1548 3201 ἀναγκαίων,
1580 3134 1629 3186 οἰ
1658 3132 1715 3186 δέ
1745 3157 1752 3163 ·

125 3227 193 3275 ἐν
229 3223 409 3294 ἐνδείᾳ
434 3221 638 3276 τούτων
665 3222 1086 3294 καθεστηκότες.
1135 3223 1353 3294 Ἐπειδὴ
1389 3224 1448 3276 δὲ
1480 3227 1508 3278 6
1535 3223 1717 3295 ἰατρὸς

123 3314 243 3368 τῶν
265 3314 452 3385 ψυχῶν
479 3314 580 3368 οὐκ
601 3311 734 3385 ἦλθε
756 3315 982 3368 καλέσαι
1011 3315 1270 3379 δικαίους,
1299 3315 1434 3368 ἀλλά
1459 3316 1717 3386 ἀμαρτω-

124 3406 260 3470 λοὺς
293 3407 371 3471 εἰς
407 3407 714 3477 μετάνοιαν,
754 3407 971 3478 πρῶτον
1013 3406 1199 3474 ἔταξεν
1245 3410 1304 3461 ἐν
1335 3410 1401 3479 τῇ
1435 3407 1622 3478 κλήσει
1657 3409 1715 3461 ἐν

127 3499 343 3572 ἑκάστῃ
372 3498 600 3570 συζυγίᾳ
640 3499 702 3552 τὸ
732 3500 1202 3571 κατεγνωσμένον.
1238 3499 1472 3570 Χείρονοι
1504 3499 1614 3571 γὰρ
1645 3499 1712 3553 τὰ

125 3592 266 3662 ἔθνη
304 3591 412 3644 τῶν
438 3591 836 3645 κατοικούντων
881 3592 980 3664 τὴν
1011 3593 1368 3664 οἰκουμένην·
1413 3592 1526 3645 ἀλλ’
1565 3593 1713 3663 ὅμως

129 3681 527 3756 προτετίμηται
554 3681 667 3752 (66)
696 3684 776 3747 είς
801 3682 898 3754 τὴν
928 3683 1140 3754 κλῆσιν,
1171 3684 1259 3738 ἵνα
1286 3685 1336 3737 οἰ
1358 3683 1544 3747 κακῶς
1567 3683 1714 3754 ἔχον-

128 3794 226 3841 τες
257 3777 518 3849 πρότερον
569 3775 913 3848 μεταλάϐωσι
965 3775 1064 3846 τῆς
1102 3776 1166 3829 ἐκ
1208 3773 1300 3828 τοῦ
1347 3774 1533 3846 ἰατροῦ
1578 3775 1714 3844 ὠφε-

129 3865 303 3929 λείας.
346 3865 515 3919 Πάλιν
554 3868 604 3919 οἰ
632 3867 884 3935 γηγενεῖς
915 3864 1022 3936 πρὸ
1054 3865 1165 3918 τῶν
1197 3863 1329 3918 υἱῶν
1372 3865 1480 3918 τῶν
1506 3863 1714 3936 ἀνθρώ-

129 3974 252 4009 πων
284 3956 618 4027 ἐτάχθησαν·
671 3957 766 4009 καὶ
791 3955 1032 4009 πλούσιοι
1077 3956 1182 4028 πρὸ
1203 3955 1312 4009 τῶν
1339 3957 1603 4026 πενήτων.
1639 3956 1713 4009 Τὸ

125 4047 556 4118 ἀπεγνωσμένον
594 4047 802 4118 τάγμα,
855 4049 950 4101 καὶ
981 4047 1233 4102 δύσκολον
1264 4046 1385 4118 ἔχον
1412 4047 1510 4118 τὴν
1542 4064 1713 4118 σωτη-

128 4140 275 4209 ρίαν,
303 4139 566 4210 πρότερον
603 4139 864 4210 κέκληται
901 4139 1008 4193 τῶν
1031 4139 1280 4210 πτωχῶν.
1330 4139 1563 4211 Τοιαύτη
1602 4140 1712 4212 γὰρ

125 4231 162 4300 ἡ
195 4229 291 4282 τοῦ
317 4229 499 4301 ἰατροῦ
525 4230 906 4302 φιλανθρωπία
929 4233 1040 4293 τοῖς
1065 4229 1498 4300 ἀσθενεστέροις·
1519 4231 1711 4300 προτέ-

129 4337 248 4391 ροις
281 4319 393 4391 (67)
436 4320 756 4390 μεταδίδωσι
787 4322 886 4392 τῆς
912 4321 1200 4390 ὠφελείας.
1236 4321 1398 4391 Ὁμοῦ
1424 4321 1480 4374 δὲ
1505 4322 1600 4373 καὶ
1631 4323 1710 4374 εἰ-

1817 3135 2172 3201 damnationi,
2204 3132 2258 3188 id
2297 3132 2530 3202 primum
2586 3133 2641 3185 in
2695 3130 2983 3186 vocatione
3033 3133 3236 3200 posuit.
3286 3135 3387 3187 De-

1819 3226 2046 3281 teriores
2085 3225 2231 3279 enim
2267 3232 2392 3278 sunt
2431 3231 2621 3292 gentes
2668 3235 2833 3292 quam
2873 3221 2964 3290 qui
3020 3220 3265 3275 habitant
3298 3238 3388 3276 or-

1815 3318 1937 3372 bem
1967 3334 1981 3369 :
2011 3317 2107 3372 sed
2142 3325 2321 3370 tamen
2354 3312 2655 3384 praeposita:
2709 3321 2836 3367 sunt
2879 3311 2932 3365 in
2974 3313 3280 3379 vocatione,
3327 3322 3388 3367 ut

1821 3409 1912 3478 qui
1945 3407 2085 3462 male
2111 3406 2312 3462 habent
2346 3405 2562 3476 priores
2591 3419 2620 3457 a
2655 3404 2868 3458 medico
2898 3403 3204 3473 percipiant
3240 3404 3386 3459 utili-

1817 3507 2003 3553 tatem.
2036 3497 2250 3552 Rursus
2311 3495 2599 3563 terrigenze
2645 3503 2772 3549 ante
2811 3493 2951 3548 ﬁlios
2984 3493 3262 3551 hominum
3299 3513 3387 3552 re-

1814 3587 2006 3645 censiti
2047 3597 2209 3654 sunt;
2242 3595 2298 3642 et
2327 3586 2522 3642 divites
2558 3592 2686 3640 ante
2718 3599 3003 3655 pauperes.
3055 3585 3386 3656 Desperatus

1813 3679 1972 3746 ordo,
2011 3687 2067 3734 et
2101 3679 2194 3749 qui
2248 3676 2539 3733 diillculter
2575 3674 2806 3730 salutem
2850 3678 3219 3746 consequitur,
3259 3689 3387 3734 ante

1814 3777 2041 3825 vocatus
2069 3777 2152 3824 est
2197 3783 2362 3839 quam
2416 3780 2707 3837 pauperes.
2756 3765 3075 3834 Huiusmodi
3117 3767 3261 3822 enim
3301 3779 3386 3826 est

1815 3861 2125 3930 benignitas
2150 3859 2345 3914 medici
2376 3873 2391 3912 :
2419 3857 2572 3929 prius
2602 3871 2755 3926 opem
2776 3855 2884 3912 fert
2915 3857 3380 3918 imbecillioribus.

1817 3952 1990 4008 Simul
2024 3960 2204 4005 autem
2247 3950 2399 4018 pacis
2445 3948 2609 4003 etiam
2638 3948 2979 4003 conciliatrix
3016 3958 3101 4002 est
3136 3965 3382 4006 commu-

1814 4045 1957 4100 nitas
1985 4042 2310 4106 vocationis,
2350 4039 2485 4095 adeo
2519 4049 2579 4092 ut
2605 4039 2696 4108 qui
2739 4039 3005 4094 hactenus
3054 4039 3197 4094 inter
3237 4056 3295 4096 se
3327 4042 3382 4096 in

1815 4137 2054 4191 moribus
2088 4134 2483 4198 dissenserant,
2516 4131 2587 4186 ob
2618 4131 2760 4186 hunc
2806 4141 3135 4186 conventum
3185 4144 3384 4188 mutuae

1812 4241 2129 4283 assuescant
2158 4224 2434 4281 charitati.
2471 4225 2745 4293 Agnoscat
2786 4223 2928 4277 enim
2964 4224 3114 4278 dives
3155 4240 3214 4280 se
3259 4241 3383 4280 cum

1813 4335 2050 4392 paupere
2081 4319 2351 4387 praeconio
2376 4316 2494 4386 pari
2518 4325 2767 4369 vocatum
2791 4329 2932 4372 esse.
2955 4315 3126 4370 Simul
3150 4319 3200 4370 in
3224 4335 3384 4372 unum

128 4409 302 4479 ρήνης
329 4409 446 4462 ἐστί
475 4409 840 4480 συναγωγὸνή
867 4409 1123 4462 κοινωνία
1149 4411 1250 4480 τῆς
1271 4409 1536 4480 κλήσεως,
1569 4409 1710 4462 ὥστε

1823 4411 1984 4474 enim,
2044 4407 2242 4477 inquit,
2293 4406 2436 4458 dives
2479 4413 2526 4457 et
2569 4417 2784 4472 pauper.
2842 4403 3200 4472 Posteaquam
3248 4405 3380 4459 foris

125 4500 256 4564 τοὺς
276 4499 497 4569 ἔχοντας
530 4501 666 4564 τέως
693 4502 756 4554 ἐκ
787 4501 895 4554 τῶν
924 4501 1368 4571 ἐπιτηδευμάτων
1399 4501 1533 4573 πρὸς
1555 4501 1710 4574 ἀλλη-

125 4589 254 4654 λους
283 4593 632 4656 ὑπεναντίως,
663 4593 885 4656 τούτους
920 4592 1007 4645 διὰ
1036 4593 1134 4663 τῆς
1180 4594 1502 4664 Ἐκκλησὶας
1540 4611 1708 4663 προσ-

125 4681 407 4752 εθισθῆναι
432 4683 680 4754 ἀλλήλοις
703 4686 782 4746 εἰς
805 4683 901 4753 τὴν
926 4683 1166 4752 ἀγάπην.
1199 4684 1517 4737 Γινωσκέτω
1546 4685 1652 4756 γὰρ
1679 4687 1708 4738 6

125 4772 404 4839 πλούσιος,
429 4775 510 4828 ὅτι
543 4775 789 4845 ὁμοτίμῳ
818 4775 1130 4846 κηρύγματι
1164 4775 1422 4846 κέκληται
1453 4775 1588 4845 πρὸς
1618 4775 1707 4828 τὸν

125 4866 359 4935 πένητα.
424 4865 546 4918 Ἐπί
589 4866 654 4918 τὸ
705 4865 850 4918 αὐτὸ
895 4866 1026 4936 γὰρ,
1080 4867 1233 4936 φησὶ,
1284 4867 1578 4931 πλούσιος
1609 4867 1706 4920 καὶ

125 4957 341 5023 πένης.
380 4957 525 5020 Ἔξω
567 4957 883 5011 καταλιπὼν
915 4959 1014 5029 τὴν
1044 4959 1178 5030 πρὸς
1203 4960 1328 5021 τοὺς
1353 4957 1704 5012 καταδεεστέ-

127 5065 258 5121 ρους
293 5049 585 5122 ὺπεροχὴν,
626 5049 802 5104 καὶτὸ
834 5051 899 5104 ἐκ
933 5050 1027 5103 τοῦ
1063 5051 1292 5104 πλούτου
1317 5050 1598 5122 φρύαγμα,
1622 5049 1707 5104 οὖ-

119 5287 126 5294 ,
201 5222 248 5260 ³⁷
275 5223 424 5279 Psal.
454 5239 608 5288 xvm,
651 5223 705 5279 5.
781 5223 828 5254 ³⁸
853 5221 1040 5276 Matth.
1073 5238 1150 5286 Ix,
1182 5221 1266 5275 15.

117 5301 132 5330 θ

201 5365 315 5434 (65)
345 5364 522 5419 Editio
567 5363 732 5420 Basil.
764 5363 1095 5435 τηλικαύτης
1143 5362 1358 5431 σοφίας.
1394 5364 1570 5418 Editio
1597 5363 1701 5418 Pa-

111 5437 225 5488 .ris.
262 5452 393 5506 ωιτη
415 5448 544 5486 mss.
574 5434 908 5506 τηλικαύτης
935 5434 1285 5506 Ἐκκλησίας,
1320 5437 1474 5506 bene.
1500 5435 1701 5506 ibidem

131 5507 262 5591 editi
299 5503 570 5591 ἀχάμενον
601 5503 696 5559 καὶ
731 5503 982 5576 μαθήσει.
1007 5506 1076 5558 Αι
1112 5503 1241 5560 mss.
1275 5518 1368 5559 sex
1415 5503 1704 5574 ἀνάμεινον

133 5575 226 5632 καὶ
255 5573 507 5644 μαθήσει.
732 5573 742 5576 “
864 5573 872 5575 ἡ

203 5646 318 5706 (64)
362 5643 435 5696 Ita
469 5659 558 5696 sex
590 5659 720 5700 mss.
759 5646 820 5697 At
854 5644 980 5696 editi
1024 5644 1274 5713 συνάγον.

203 5714 318 5775 (65)
351 5713 526 5769 Editio
550 5713 724 5771 Paris.
758 5717 847 5770 xu“.
871 5714 975 5772 διά.
1018 5712 1182 5772 Abest
1213 5712 1306 5770 καί
1337 5721 1390 5770 et
1430 5727 1460 5768 a
1491 5725 1618 5770 mss.
1649 5719 1699 5768 et

1825 4499 2108 4568 reliqueris
2137 4512 2258 4551 eam
2292 4511 2395 4564 qua
2425 4494 2708 4547 inferiores
2733 4507 2960 4562 superas
2990 4497 3380 4562 praestantiam,

1815 4602 1869 4649 et
1902 4607 2020 4646 eam
2053 4604 2174 4658 qua:
2205 4604 2271 4642 ex
2295 4586 2497 4641 divitiis
2529 4585 2702 4639 oritur
2732 4586 3044 4651 elationem,
3077 4587 3147 4639 ita
3166 4587 3378 4640 demum

1820 4683 2101 4753 ingredere
2149 4682 2202 4733 in
2250 4677 2544 4733 Ecclesium
2608 4678 2725 4732 Dei.
2781 4676 2966 4746 Neque
3019 4679 3184 4748 igitur
3232 4679 3390 4733 dives

1821 4789 2112 4843 pauperem
2156 4777 2440 4844 despiciat,
2475 4792 2651 4848 neque
2690 4793 2894 4848 pauper
2931 4779 3184 4834 formidet
3227 4778 3379 4834 locu-

1815 4865 2015 4934 pletum
2064 4868 2356 4935 potentiam
2385 4884 2398 4920 :
2431 4884 2605 4938 neque
2637 4870 2732 4924 lilii
2773 4871 3050 4925 hominum
3083 4872 3382 4940 terrigenas

1819 4959 2236 5027 parvipendant,
2280 4974 2378 5012 nec
2425 4975 2614 5015 rursus
2663 4961 2730 5015 ab
2772 4961 2878 5016 illis
2912 4978 3032 5017 sese
3075 4965 3380 5018 abaliencnt

1818 5051 2126 5120 terrigena.
2163 5049 2273 5106 lmo
2303 5060 2490 5122 gentes
2521 5066 2640 5106 cum
2676 5054 2741 5107 iis
2776 5053 2867 5122 qui
2899 5053 3144 5110 habitant
3170 5056 3384 5118 orbem,

1812 5363 1880 5418 ab
1908 5363 2144 5420 editione
2165 5362 2328 5416 Basil.

1882 5433 1996 5504 (66)
2021 5433 2109 5486 Sic
2134 5433 2370 5502 quinque
2386 5447 2515 5488 mss.
2538 5433 2603 5486 At
2625 5431 2753 5485 editi
2773 5447 2892 5486 cum
2913 5431 3044 5500 Reg.
3071 5441 3222 5484 sexto
3245 5444 3382 5498 προ-λ

1807 5504 2148 5574 τετίμηνται.

1884 5568 2104 5645 (ϐηιιο
2139 5580 2261 5645 octo
2310 5587 2441 5645 mss.
2491 5581 2544 5645 et
2586 5568 2751 5645 editio
2796 5568 2960 5625 Basil.
3019 5568 3194 5624 Editio
3245 5582 3368 5623 vcrc

1806 5638 1988 5701 Paris.
2013 5658 2135 5700 cum
2161 5642 2362 5698 Catena
2393 5641 2612 5698 Cordcr.
2641 5638 2924 5713 πρότερον.
