3836 6222
143 292 262 341 45Ἱ

1268 299 1550 358 HOMILIA
1587 304 1653 358 IN
1689 305 2018 362 PSALML‘M
2058 305 2287 361 XLVIII.

3331 318 3431 378 I58

145 425 305 470 σεως
337 407 505 475 λέγει,
540 409 671 480 περὶ
712 403 781 480 ἦς
825 409 1058 481 εἴρηται·
1093 414 1314 484 Ἡμέρα
1346 421 1568 486 Κυρίου
1595 421 1751 475 ἀνία-

1865 438 2135 491 quetnque
2194 423 2609 478 circumdabant
2641 425 2870 481 consilia
2928 443 3024 483 sua
3045 429 3116 487 δ’.
3148 431 3299 488 Tunc
3329 435 3432 490 ita-

147 517 268 566 τος
293 501 402 554 ἐπὶ·
417 500 592 553 πάντα
610 501 678 554 τὰ
709 502 856 573 ἔθνη,
895 505 952 561 ὲν
980 499 1036 578 ᾗ,
1070 507 1233 577 φησὶν
1269 511 1296 562 ὁ
1324 512 1629 582 προφήτης,
1663 513 1746 566 ὅτι

149 592 434 646 κυκλώσει
468 593 693 647 ἕκαστον
722 595 790 648 τὰ
821 595 1099 652 διαϐούλια
1129 601 1316 653 αὑτοῦ.
1350 605 1481 657 Τότε
1519 603 1632 669 οὖν,
1661 606 1747 660 διὰ

150 683 222 734 τὸ
258 681 422 752 μηδέν
459 700 546 753 μοι
588 684 901 753 πεπράχθαι
933 686 1132 758 ἄνομον
1175 691 1230 742 ἐν
1263 695 1327 762 τῇ
1361 693 1467 762 όδῴ
1513 698 1578 765 τῇ
1605 695 1747 747 κατὰ

152 773 253 826 τὸν
288 773 420 842 βίον,
453 774 514 826 οὑ
555 775 828 845 φοϐοῦμαι
857 777 954 847 τὴν
991 780 1203 850 ἡμέραν
1241 783 1338 852 τὴν
1367 784 1626 856 πονηράν.
1670 787 1744 839 Οὑ

153 864 274 936 γὰρ
297 867 683 937 περιστήσεταί
707 885 796 938 μοι
821 869 888 922 τά
923 869 1044 940 ῐχνη
1076 873 1181 925 τῶν
1207 875 1631 946 ἡμαρτημένων,
1656 879 1748 930 οὑ-

154 960 220 1012 δὲ
281 959 548 1014 κυκλώσει
615 978 702 1030 με,
751 964 809 1015 ὲν
866 967 931 1034 τῇ
984 965 1246 1039 σιωπώσῃ
1302 969 1604 1040 κατηγορία
1657 969 1746 1022 τὸν

158 1049 388 1120 ἔλεγχόν
429 1068 518 1121 μοι
563 1051 855 1119 ἐπάγοντα.
887 1053 1075 1116 υὺδεὶς
1109 1055 1217 1125 γάρ
1263 1072 1354 1108 σου
1389 1056 1574 1126 ἔτερος
1622 1074 1755 1109 κατ-

157 1143 364 1211 ήγορος
395 1141 650 1210 στήσεται
680 1142 712 1211 ἢ
751 1142 913 1193 αὑταὶ
941 1144 996 1194 αἰ
1038 1142 1265 1213 πράξεις
1309 1143 1447 1213 μετά
1477 1145 1576 1214 τῆς
1612 1145 1749 1208 ἰδίας

163 1233 384 1304 μορφῆς
412 1233 614 1304 ἑκάστη
648 1237 1023 1306 παρισταμένη
1050 1253 1064 1265 ·
1091 1238 1122 1306 ἡ
1157 1237 1386 1306 μοιχεία,
1423 1239 1455 1307 ἡ
1492 1237 1686 1308 κλοπὴ,
1718 1239 1751 1308 ὴ

159 1324 414 1396 πορνεία,
464 1325 600 1396 μετά
635 1325 735 1394 τῆς
769 1327 979 1390 νυκτὸς,
1028 1328 1164 1397 μετὰ
1208 1328 1303 1380 τοῦ
1343 1329 1565 1398 τρόπου,
1613 1330 1751 1398 μετὰ

157 1413 276 1466 τῶν
309 1415 819 1485 χαρακτηριξόντων
846 1415 1013 1483 αὑτὴν
1060 1417 1384 1488 ἰδιωμάτων,
1431 1418 1525 1470 κα)⁵
1577 1417 1752 1485 ἀπαξ-

158 1503 374 1568 απλῶς,
410 1505 610 1577 ἑκάστη
648 1507 889 1577 ἁμαρτία
935 1507 1071 1576 μετά
1112 1508 1204 1560 τοῦ
1234 1508 1364 1561 ἰδίου
1405 1510 1752 1581 χαρακτῆρος

161 1595 376 1666 ὲναργῆ
405 1596 641 1667 φέρουσα
671 1597 766 1669 τὴν
799 1599 1101 1668 ὑπόμνησιν
1126 1602 1554 1670 παραστήσεται.
1618 1601 1748 1670 Ἐμὲ

1851 528 1979 580 que,
2005 513 2130 580 quia
2185 511 2321 566 nihil
2358 528 2386 566 a
2422 529 2507 568 me
2546 514 2720 585 iniqui
2773 516 2826 570 in
2879 517 3000 572 vitae
3029 520 3112 573 via
3159 530 3427 589 patratum

1849 613 1956 664 est,
1989 601 2186 654 malam
2223 618 2329 656 non
2358 601 2557 657 timebo
2602 603 2766 659 diem.
2800 603 2934 658 Nam
2969 617 3312 674 peccatorum
3337 625 3431 664 ve-

1851 694 2010 761 stigia
2044 709 2148 747 non
2183 708 2267 747 me
2303 693 2732 759 circumsistent,
2767 710 2942 765 neque
2988 697 3427 768 circumdabunt,

1853 786 2014 840 tacita
2066 785 2414 840 accusatione
2473 799 2559 840 me
2616 786 2976 858 objurgantia.
3042 789 3230 845 Nullus
3281 793 3428 846 enim

1855 877 1996 928 alius
2027 885 2316 930 accusator
2347 877 2422 930 tui
2475 877 2723 942 sistetur,
2759 893 2922 948 quam
2954 880 3068 949 ipsa
3101 880 3266 944 facta,
3299 897 3424 936 cum

1855 981 1951 1020 sua
1986 980 2214 1035 quaeque
2266 965 2440 1020 forma
2497 969 2733 1022 astantia
2766 969 3158 1036 :adulterium,
3188 971 3424 1038 ,furtum,

1855 1068 2123 1128 stuprum,
2162 1073 2282 1112 cum
2316 1069 2498 1124 nocte,
2535 1075 2657 1115 cum
2702 1062 2888 1126 modo,
2924 1078 3047 1118 eum
3087 1064 3428 1133 proprietati-

1857 1147 1957 1202 bus
1985 1149 2036 1202 id
2077 1149 2511 1218 designantibus,
2544 1159 2600 1206 et
2634 1152 2686 1205 in
2723 1167 2954 1216 summa,
2995 1156 3423 1224 unumquodque

1858 1247 2137 1306 peccatum
2165 1254 2287 1293 cum
2321 1241 2540 1310 prOprio
2581 1243 2898 1298 charactere
2940 1245 3286 1313 producetur,
3314 1246 3427 1302 cla-

1855 1343 1969 1381 ram
2000 1327 2231 1383 aﬂ‘erens
2263 1331 2711 1387 recordationem.
2742 1331 2826 1385 Me
2850 1333 3015 1402 igitur
3051 1334 3270 1404 vestigia
3296 1350 3422 1403 pec-

1855 1429 2100 1473 catorum
2137 1436 2241 1475 non
2287 1421 2696 1477 circumdabunt
2725 1442 2736 1477 :
2766 1424 2962 1494 quippe
2994 1425 3120 1493 quia
3165 1426 3420 1480 inclinavi

1854 1512 1905 1563 in
1943 1513 2254 1580 parabolam
2297 1529 2483 1567 aurem
2525 1530 2722 1579 meam,
2769 1525 2824 1570 et
2857 1518 3045 1586 aperui
3075 1517 3127 1570 in
3158 1517 3416 1587 psalterio

1853 1604 2277 1671 propositionem
2309 1621 2506 1663 mcam.

159 1684 260 1741 οὖν
309 1689 372 1742 οὑ
415 1690 682 1744 κυκλώσει
713 1693 780 1745 τὰ
813 1693 930 1764 ἴχνη
975 1693 1080 1746 τῶν
1122 1697 1549 1766 ἡμαρτημένων*
1603 1696 1737 1748 διότι
1775 1696 1983 1752 ἕκλινον
2006 1700 2085 1763 είς
2109 1701 2421 1772 παραϐολὴν
2458 1703 2520 1755 τὸ
2557 1697 2651 1765 οὖς
2689 1719 2814 1774 μου,
2855 1703 3043 1774 ἦνοιξα
3065 1707 3122 1758 ὲν
3145 1703 3427 1778 ψαλτηρίῳ

159 1780 225 1832 τὸ
256 1780 546 1852 πρόϐλημά
578 1800 699 1853 μου.

233 1873 289 1926 5.
307 1875 370 1926 Ol
393 1876 742 1940 πεποιθότες
773 1875 869 1928 ἐπὶ
899 1875 975 1943 τῇ
1002 1876 1250 1946 δυνάμει
1278 1880 1496 1942 αὐτῶν,
1525 1879 1622 1932 καὶ
1646 1878 1745 1932 ἐπὶ

1918 1879 1972 1932 5.
2010 1877 2174 1930 Vens.
2207 1875 2259 1931 7.
2281 1875 2382 1940 Qui
2413 1876 2681 1944 conﬁdunt
2707 1878 2760 1931 in
2788 1878 2974 1932 virtute
2991 1890 3172 1946 sua,et
3203 1883 3260 1935 in
3283 1883 3425 1936 mul-

161 1963 248 2028 τῷ
282 1964 496 2032 πλήθει
521 1963 627 2017 τοῦ
652 1967 922 2021 πλούτου
945 1968 1143 2021 αὐτῶν
1181 1969 1572 2038 καυχώμενοι.
1598 1971 1747 2042 Πρὸς

161 2054 260 2112 δύο
284 2054 547 2126 πρόσωπαι
575 2055 652 2126 τῷ
679 2056 937 2129 Προφήτη
963 2061 990 2110 ὁ
1023 2058 1178 2127 λόγος
1209 2060 1354 2112 ἐστί·
1383 2060 1516 2131 πρός
1548 2077 1607 2112 τε
1646 2077 1747 2131 τη·

162 2152 345 2217 γενεῖς
374 2150 466 2202 καὶ
499 2150 636 2221 πρὸς
662 2152 787 2214 τοὺς
821 2152 1126 2217 πλουσίους.
1156 2155 1279 2218 Τοῖς
1311 2155 1407 2225 μὲν
1439 2155 1546 2225 γὰρ
1578 2154 1748 2207 διαλέ-

162 2258 343 2309 γεται,
399 2241 676 2314 καθαιρῶν
721 2244 820 2316 τὴν
851 2245 944 2298 ἐπὶ
967 2247 1031 2316 τῇ
1057 2245 1283 2316 δυνάμει
1330 2245 1507 2300 αὑτῶν
1548 2245 1745 2316 οἴησιν,

164 2337 279 2395 τοῖς
297 2333 356 2388 δὲ
386 2335 482 2404 τὴν
513 2336 604 2391 ἐπὶ
629 2337 694 2407 τῇ
730 2336 840 2407 (75)
875 2338 1159 2410 περιουσίᾳ
1196 2337 1306 2391 τῶν
1337 2338 1630 2410 κτημάτων
1656 2339 1751 2392 ἒπο

166 2443 350 2496 αρσιν.
403 2427 607 2498 Ὑμεῖς,
640 2429 824 2499 φησὶν,
872 2429 922 2481 οἱ
958 2429 1275 2493 πεποιθότες
1303 2431 1393 2482 ἐπὶ
1425 2434 1490 2502 τῇ
1522 2431 1748 2500 δυνάμει

166 2515 366 2569 αὑτῶν.
407 2510 566 2570 Οὗτοι
597 2518 705 2588 γὰρ
732 2519 780 2571 οἰ
809 2522 1080 2588 γηγενεῖς,
1105 2520 1155 2571 οἱ
1193 2518 1335 2588 ἰσχύϊ
1375 2517 1622 2589 σώματος
1655 2521 1751 2572 ὲπ-

167 2605 499 2672 ελπίζοντες,
540 2609 633 2661 καὶ
653 2609 885 2678 οἰόμενοι
910 2610 1156 2680 αὐτάρκη
1181 2607 1318 2662 εἶναι
1348 2609 1445 2680 τὴν
1479 2609 1753 2680 ἀνθρωπί-

168 2716 268 2768 νην
293 2697 452 2768 φὺσιν
479 2700 617 2771 πρὸς
640 2700 698 2753 τὸ
723 2700 961 2765 δυνατῶς
988 2701 1253 2756 ἐπιτελεῖν
1282 2703 1316 2756 δι
1345 2702 1613 2774 βούλεται.
1644 2703 1752 2756 Καὶ

171 2791 354 2860 ὑμεῖς,
391 2791 573 2862 φησὶν,
605 2793 653 2844 οἰ
693 2792 1014 2857 πεποιθότες
1041 2795 1133 2847 ἐπὶ
1162 2795 1390 2850 πλούτου
1440 2797 1750 2868 ἀδηλότητι,

169 2882 463 2936 ἀκούσατε.
491 2883 714 2952 Λύτρων
748 2884 876 2954 ὑμῖν
904 2885 1061 2955 χρεία
1105 2887 1241 2958 πρὸς
1275 2887 1334 2940 τὺ
1364 2888 1442 2951 είς
1469 2887 1566 2958 τὴν
1601 2889 1752 2940 ἐλευ-

171 2974 361 3045 θερίαν
396 2973 761 3044 ἐξαιρεθῆναι,
785 2977 851 3047 ἢν
878 2976 1191 3049 ἀφῃρέθητε
1228 2980 1538 3050 νικηθέντες
1571 2984 1634 3051 τῇ
1665 2981 1754 3052 βίᾳ

169 3062 266 3116 τοῦ
301 3063 567 3128 διαϐόλου,
593 3065 672 3127 ὃς,
706 3067 1046 3138 ὑποχειρίους
1069 3069 1210 3139 ὑμᾶς
1236 3069 1436 3135 λαϐὼν,
1467 3071 1528 3124 οὑ
1563 3073 1755 3142 πρότε-

172 3171 268 3225 ρον
295 3153 397 3224 τῆς
436 3157 627 3210 ἑαυτοῦ
657 3159 970 3228 τυραννίδος
1003 3159 1216 3228 ἀφίησι,
1261 3161 1390 3231 πρὶν
1425 3161 1489 3214 ἄν
1526 3181 1632 3216 τινι
1659 3163 1752 3215 λύ-

169 3221 285 3315 τρῳ
319 3221 581 3318 ἀξιολόγῳ
619 3221 863 3312 πεισθεὶς
901 3221 1332 3316 ἀνταλλάξασθαι
1367 3253 1512 3322 ὑμᾶς
1541 3254 1751 3323 ἕληται.
1782 3221 1824 3279 C

171 3340 265 3390 Δεῖ
286 3334 379 3391 οὖν
413 3339 474 3392 τὸ
504 3339 698 3412 λύτρον
742 3341 815 3412 μὴ
853 3340 1109 3412 ὁμογενὲς
1133 3338 1268 3395 εἶναι
1313 3346 1425 3406 τοῖς
1458 3346 1755 3416 κατεχομέ-

169 3445 304 3492 νοις,
328 3429 464 3483 ἀλλά
487 3430 666 3502 πολλῴ
688 3431 964 3502 διαφέρειν
991 3431 1068 3501 τῷ
1096 3431 1298 3504 μέτρῳ,
1329 3435 1375 3485 εἰ
1405 3434 1589 3502 μέλλοι
1612 3435 1753 3488 ἑκὼν

168 3518 404 3589 ἀφήσειν
457 3520 555 3590 τῆς
607 3521 848 3583 δουλείας
905 3522 1030 3583 τοὺς
1093 3522 1494 3592 αἰχμαλώτους.
1555 3524 1754 3596 Διόπερ

171 3609 401 3678 ἀδελφὸς
429 3609 572 3680 ὑμᾶς
597 3610 708 3683 (74)
743 3608 1123 3682 λυτρώσασθαι
1155 3612 1214 3665 οὑ
1239 3612 1477 3667 δύναται.
1514 3614 1756 3685 Ἀνθρω-

171 3719 276 3765 πος
324 3702 435 3773 γὰρ
483 3702 656 3765 οὐδεὶς
707 3702 931 3766 δυνατός
981 3704 1098 3756 ἐστι
1155 3706 1338 3756 πεῖσαι
1382 3703 1471 3756 τὸν
1511 3705 1754 3758 διάϐολον

171 3794 311 3866 πρὸς
357 3794 418 3848 τὸ
449 3793 540 3846 τὸν
584 3793 730 3858 ἅπαξ
763 3793 912 3864 αὑτῷ
947 3795 1286 3848 ὑποπεσόντα
1331 3795 1606 3859 ἐξελέσθαι
1647 3797 1755 3850 ἀπὸ

169 3886 272 3956 τῆς
303 3883 582 3948 ἐξουσίας·
613 3884 670 3947 ὂς
709 3901 771 3952 γε
809 3883 929 3937 οὑδὲ
961 3885 1089 3955 περὶ
1124 3884 1230 3937 τῶν
1261 3885 1403 3938 ἰδίων
1429 3887 1757 3957 ἁμαρτημά-

171 3995 282 4031 των
327 3970 438 4038 οἷός
467 3975 527 4028 τέ
563 3978 678 4029 ἐστι
709 3975 973 4046 ὲξίλασμα
1003 3975 1183 4028 δοῦναι
1213 3977 1290 4047 τῷ
1321 3978 1460 4048 Θεῷ.
1509 3978 1633 4042 Πῶς
1663 3975 1754 4032 οὖν

172 4067 386 4137 ἰσχύσει
414 4066 572 4119 τοῦτο
601 4067 739 4139 ὑπὲρ
773 4067 959 4139 ἐτέρου
995 4068 1232 4140 πρᾶξαι;
1270 4069 1333 4120 Τί
1364 4069 1407 4122 δ’
1438 4069 1504 4123 ἂν
1537 4071 1632 4124 καὶ
1665 4088 1754 4125 το-

173 4157 366 4212 σοῦτον
416 4159 674 4228 κτήσαιτο
711 4159 769 4210 ὲν
802 4157 880 4226 τῷ
922 4158 1079 4212 αἰῶνι
1123 4159 1316 4229 τούτῳ,
1366 4159 1442 4222 ὡς
1485 4158 1754 4230 αὔταρκες

171 4253 318 4322 ἔχειν
354 4252 455 4322 τῆς
485 4251 666 4322 ψυχῆς
691 4251 1046 4322 ἀντάλλαγμα
1068 4255 1167 4322 τῆς
1193 4252 1352 4321 φύσει
1385 4253 1592 4322 τιμίας,
1621 4254 1753 4307 διότι

173 4345 293 4396 κατ’
331 4343 514 4397 εἰκόνα
548 4343 640 4397 τοῦ
681 4344 964 4408 κτίσαντος
999 4342 1168 4414 αὐτὴν
1203 4345 1455 4412 ὲγένετο;
1492 4347 1649 4409 Ποῖος
1697 4347 1755 4399 δὲ

173 4437 421 4506 κάματος
459 4435 548 4489 τοῦ
575 4435 870 4499 ἐνεστῶτος
897 4435 1088 4500 αἰῶνος
1120 4435 1391 4506 αὔταρκες
1424 4438 1635 4505 ἐφόδιον
1660 4436 1750 4490 τοῦ

175 4528 458 4599 μέλλοντος
489 4527 683 4592 αἰῶνος
712 4529 777 4598 τῇ
805 4526 1115 4600 ἀνθρωπίνῃ
1141 4528 1282 4599 ψυχῇ
1306 4544 1320 4592 ;
1352 4527 1616 4583 Τοσοῦτον
1653 4530 1750 4600 μὲν

171 4616 265 4675 οὖν
294 4619 657 4691 ἁπλούστερον
695 4619 869 4678 ταῦτα
913 4621 1268 4690 νενοήκαμεν.
1303 4619 1420 4673 Κᾶν
1457 4621 1567 4673 τῶν
1613 4621 1754 4692 μέγα

173 4731 258 4776 τις
281 4712 596 4783 δυναμένων
630 4712 686 4764 ἐν
715 4710 792 4780 τῷ
814 4710 912 4780 βίῳ
937 4710 1108 4782 τούτῳ
1131 4708 1268 4764 εἶναι
1296 4711 1447 4783 δοκῇ,
1481 4711 1585 4764 κᾶν
1613 4712 1751 4783 πλῆ-

175 4805 265 4868 θος
286 4804 530 4876 κτήσεως
557 4802 1017 4874 περιϐεϐλημένος
1042 4799 1099 4874 ᾗ,
1124 4803 1359 4856 διδάσκει
1387 4802 1630 4856 καθεῖναι
1653 4804 1752 4872 τῆς

173 4899 398 4966 οἰήσεως
435 4897 464 4949 ό
483 4894 660 4960 λόγος,
689 4893 783 4946 καὶ
809 4892 1206 4962 ταπεινωθῆναι
1229 4894 1334 4946 ὑπὸ
1362 4893 1456 4964 τὴν
1488 4893 1755 4963 κραταιὰν

175 4991 330 5059 χεῖρα
375 4985 471 5040 τοῦ
512 4985 670 5049 Θεοῦ,
719 4985 812 5040 καὶ
858 4987 994 5056 μήτε
1043 4987 1136 5037 ἐπὶ
1163 4986 1493 5058 νομιζομένῃ
1525 4986 1754 5056 δυνάμει

175 5077 517 5140 πεποιθέναι,
565 5078 701 5148 μήτε
735 5077 828 5131 ἐπὶ
865 5076 944 5147 τῷ
977 5075 1170 5147 πλήθει
1204 5076 1297 5128 τοῦ
1333 5076 1564 5129 πλούτου
1618 5094 1753 5129 καυ-

176 5165 393 5238 χᾶσθαι.
427 5164 660 5218 Δυνατὸν
687 5165 869 5234 μέντοι
897 5167 991 5218 καὶ
1029 5167 1221 5236 μικρόν
1256 5183 1306 5219 τι
1347 5167 1760 5238 προσαναϐῆναι

174 5263 239 5331 τῇ
266 5257 492 5329 διανοίᾳ,
527 5258 619 5311 καὶ
648 5259 772 5321 τοὺς
811 5255 1140 5319 πεποιθότας
1182 5248 1278 5308 ὲπῗ
1307 5259 1371 5327 τῇ
1402 5257 1628 5328 δυνάμει
1662 5259 1760 5312 αὑ-

251 5395 298 5428 "
325 5393 452 5450 Ose.
473 5409 570 5460 vtt,
610 5395 665 5448 2.
741 5393 786 5426 ’⁸³
815 5393 834 5448 l
865 5393 1007 5450 Tim.
1032 5409 1108 5459 vr,
1132 5394 1218 5448 I7.
1292 5394 1377 5447 “I
1411 5393 1553 5448 Pctr.
1579 5411 1631 5459 ν,
1661 5395 1712 5449 6.

179 5534 448 5589 mendosis
479 5535 553 5589 ita
585 5532 808 5604 legerit:
845 5532 1101 5602 quoniam
1129 5538 1306 5604 tamen
1353 5531 1526 5585 oratio
1550 5529 1668 5584 sine
1690 5530 1750 5582 οὑ

179 5607 452 5659 colimrere
505 5621 610 5660 non
644 5602 816 5672 posse
873 5604 1108 5668 videtur,
1160 5602 1365 5658 idcirco
1396 5615 1518 5656 eam
1563 5615 1752 5655 vocem

182 5677 512 5729 retinendam
542 5672 1059 5739 essejudicavimus.

249 5746 358 5807 (73)
391 5744 531 5802 Editi
582 5744 681 5810 τὴν
714 5746 770 5798 ὲν
803 5745 890 5813 τῇ.
922 5744 991 5798 At
1031 5758 1160 5800 mss.
1190 5741 1340 5799 multi
1389 5741 1486 5810 τὴν
1527 5739 1622 5794 ἐπὶ
1654 5741 1739 5811 τῇ.

1849 1970 2067 2024 litudine
2095 1969 2395 2022 divitiarum
2428 1985 2645 2022 suarum
2671 1969 2990 2039 gloriantur.
3023 1974 3102 2025 Ad
3149 1973 3281 2027 duas
3311 1990 3427 2044 per-

1849 2076 2016 2116 sonas
2042 2060 2328 2129 Prophettc
2361 2075 2540 2114 sermo
2563 2071 2676 2114 est:
2722 2070 2775 2115 et
2811 2061 2876 2114 ad
2915 2063 3236 2130 terrigenas,
3273 2076 3328 2120 et
3355 2067 3423 2120 ad

1851 2153 2066 2206 divites.
2095 2151 2216 2205 lllos
2241 2151 2383 2206 enim
2422 2151 2733 2222 alloquitur,
2767 2153 2846 2208 sic
2876 2162 2935 2209 ut
2963 2156 3422 2211 existimationem

1849 2260 2013 2313 quam
2047 2243 2114 2299 de
2141 2257 2200 2298 se
2233 2242 2366 2313 ipsis
2400 2243 2470 2297 ob
2512 2244 2810 2312 potentiam
2862 2255 3244 2316 conceperant,
3269 2263 3427 2303 ever-

1854 2345 1965 2389 tat:
1997 2335 2098 2391 hos
2135 2349 2288 2397 vero,
2347 2334 2429 2390 sic
2461 2342 2520 2388 ut
2559 2336 2807 2391 destruat
2859 2336 3101 2405 ipsorum
3147 2338 3216 2393 ob
3261 2353 3423 2408 opum

1852 2427 2059 2495 copiam
2083 2425 2396 2480 elationem.
2422 2425 2552 2490 Vos,
2580 2426 2776 2497 inquit,
2811 2429 2901 2497 qui
2944 2429 2996 2482 in
3025 2437 3200 2484 vestra
3223 2429 3429 2484 virtute

1853 2518 2142 2573 conﬁditis.
2175 2518 2240 2572 Ili
2278 2519 2422 2572 enim
2452 2527 2577 2572 sunt
2620 2519 2923 2587 terrigenae,
2955 2520 3046 2588 qui
3090 2521 3141 2574 in
3183 2520 3426 2590 corporis

1853 2609 2060 2663 viribus
2092 2623 2242 2678 spem
2300 2617 2530 2678 ponunt,
2565 2618 2621 2664 et
2657 2609 2944 2665 humanam
2983 2622 3230 2666 naturam
3275 2610 3428 2666 suﬁi-

1853 2701 2086 2754 cientem
2142 2713 2262 2754 esse
2305 2709 2522 2769 putant,
2578 2701 2645 2755 ad
2699 2711 2921 2757 strenue
2949 2702 3274 2772 perﬁcienda
3306 2718 3426 2773 quae

1855 2791 1989 2846 vult.
2033 2789 2100 2844 Et
2128 2805 2245 2854 vos,
2280 2790 2476 2859 inquit,
2513 2793 2604 2861 qui
2666 2793 2720 2846 in
2789 2794 2997 2848 incerto
3047 2795 3354 2849 divitiarum
3380 2795 3427 2826 “

1857 2881 2108 2936 ﬁduciam
2142 2881 2430 2946 habuistis,
2461 2881 2666 2936 audite.
2701 2882 2884 2936 Pretio
2916 2887 3300 2954 redemptionis
3327 2901 3428 2939 voc

1855 2971 1938 3026 bis
1962 2985 2097 3038 opus
2135 2979 2240 3036 est,
2275 2979 2334 3024 ut
2380 2970 2703 3024 asseramini
2736 2973 2788 3024 in
2813 2971 3140 3036 libertatem,
3163 2989 3268 3044 qua
3297 2989 3424 3043 spo-

1858 3060 1969 3114 liati
2000 3060 2199 3126 fuistis,
2233 3059 2285 3114 vi
2316 3060 2513 3115 diaboli
2551 3061 2702 3126 victi,
2742 3062 2833 3131 qui
2890 3063 3134 3133 captivos
3165 3079 3262 3120 vos
3292 3066 3424 3120 reti-

1858 3167 2014 3219 nens,
2041 3166 2148 3206 non
2171 3151 2322 3222 prius
2345 3167 2374 3205 a
2405 3166 2503 3206 sua
2525 3153 2811 3222 tyrannide
2839 3153 2992 3209 abire
3023 3153 3224 3210 liberos
3257 3155 3426 3224 sinet,

1857 3258 2022 3312 quam
2065 3243 2336 3310 condigno
2371 3242 2554 3312 aliquo
2617 3243 3006 3314 redemptionis
3037 3246 3213 3316 pretio
3255 3247 3428 3301 addu-

1857 3343 1997 3399 ctus,
2036 3344 2346 3404 permutare
2384 3349 2480 3390 vos
2534 3334 2682 3392 velit.
2743 3335 2977 3392 Proinde
3045 3337 3429 3408 redemptionis

1857 3427 2089 3496 pretium
2125 3441 2231 3481 non
2280 3425 2520 3494 ejusdem
2545 3426 2762 3497 generis
2810 3442 2932 3483 esse
2968 3438 3182 3497 oportet
3207 3444 3330 3484 cum
3361 3429 3428 3484 iis

1857 3517 1949 3587 qui
2005 3516 2346 3582 detinentur,
2381 3517 2474 3572 sed
2522 3517 2684 3572 modo
2717 3532 3082 3588 mensuraque
3110 3519 3265 3590 longe
3288 3535 3426 3589 pra:-

1857 3610 2112 3675 stantius,
2139 3609 2184 3666 si
2209 3609 2449 3664 futurum
2480 3618 2565 3664 est
2595 3619 2654 3664 ut
2680 3609 2869 3666 lubens
2895 3613 3138 3682 captivos
3166 3612 3427 3667 servitute

1857 3699 2072 3755 liberet.
2104 3697 2464 3765 Quamobrem
2488 3698 2658 3754 frater
2671 3714 2766 3755 vos
2797 3715 3135 3771 nequaquam
3161 3703 3427 3756 redimere

1857 3791 2021 3845 valet.
2057 3789 2247 3846 Nullus
2277 3791 2417 3846 enim
2441 3791 2602 3847 homo
2634 3793 2961 3862 persuadere
2986 3794 3200 3849 diabolo
3232 3795 3422 3864 possit,

1859 3894 1918 3939 ut
1947 3899 2070 3939 eum
2117 3883 2208 3954 qui
2255 3883 2359 3939 sibi
2412 3884 2686 3952 subjectus
2732 3887 2897 3941 semel
2929 3895 3033 3952 est,
3063 3902 3127 3940 ex
3159 3896 3427 3956 potestate

1857 3990 1956 4031 Sua
1991 3976 2201 4030 eximat
2231 3993 2245 4028 :
2277 3976 2368 4044 qui
2405 3976 2614 4031 scilicet
2646 3993 2712 4031 ne
2740 3993 2838 4046 pro
2866 3979 2979 4032 suis
3010 3980 3227 4047 quidem
3266 3979 3427 4049 180

1855 4066 2095 4136 peccatis
2153 4058 2262 4120 Deo
2295 4073 2456 4134 queat
2501 4065 2771 4134 piaculare
2821 4066 3148 4119 sacriﬁcium
3205 4063 3422 4119 offerre.

1856 4159 2138 4226 Quomodo
2168 4157 2334 4227 igitur
2364 4157 2560 4226 poterit
2610 4157 2664 4211 id
2707 4171 2808 4226 pro
2858 4155 2966 4209 alio
3009 4155 3256 4210 edicere?
3287 4154 3425 4223 Quid

1856 4229 2045 4304 rursus
2078 4247 2209 4301 tanti
2255 4246 2410 4315 pretii
2455 4246 2508 4300 in
2544 4247 2646 4300 hoc
2691 4245 2893 4300 saeculo
2923 4246 3244 4315 possederit,
3277 4257 3336 4299 ut
3373 4245 3424 4300 id

1856 4357 1977 4397 cum
2015 4341 2197 4394 anima
2241 4353 2361 4408 qua:
2391 4337 2628 4406 pretiosa
2657 4347 2742 4392 est
2769 4345 2991 4402 natura,
3025 4337 3217 4391 idonee
3254 4336 3428 4407 possit

1863 4431 2212 4497 commutari,
2263 4429 2528 4497 siquidem
2556 4430 2622 4483 ad
2649 4428 2927 4484 Creatoris
2967 4428 3254 4496 imaginem
3282 4428 3424 4482 facta

1860 4534 1969 4580 est.
2005 4523 2192 4590 Qualis
2223 4533 2402 4578 autem
2427 4522 2578 4576 labor
2601 4521 2884 4592 praesentis
2906 4520 3223 4576 saeculiesse
3254 4519 3428 4590 possit

1861 4632 1960 4686 pro
1992 4617 2173 4671 futuro
2216 4615 2411 4670 saeculo
2442 4615 2694 4669 viaticum
2739 4614 3014 4669 suﬁiciens
3057 4614 3306 4668 humanas
3331 4629 3428 4667 na.

1863 4712 2039 4765 tunc?
2071 4711 2343 4766 Ilactenus
2380 4711 2601 4780 quidem
2653 4712 2769 4767 haec
2815 4711 3114 4780 simplicius
3161 4711 3430 4767 intellexi-

1864 4821 2004 4859 mus.
2045 4803 2269 4859 Etiamsi
2318 4805 2442 4872 quis
2490 4803 2543 4856 in
2594 4803 2696 4857 hac
2722 4805 2831 4856 vita
2881 4819 3204 4874 magnopere
3235 4819 3428 4874 p0tens

1861 4896 1962 4950 sibi
1999 4910 2120 4950 esse
2151 4895 2417 4958 videatur,
2463 4894 2678 4948 etiamsi
2727 4895 3034 4948 divitiarum
3079 4895 3231 4964 copia
3263 4895 3429 4964 stipa-

1858 4995 1944 5040 tus
1979 4987 2071 5048 sit,
2100 5000 2226 5040 eum
2259 4999 2439 5040 sermo
2471 4987 2627 5042 docet
2652 4986 2790 5040 hanc
2808 4983 2949 5038 illam
2974 4984 3428 5040 existimationem

1860 5078 2152 5145 deponere,
2187 5085 2352 5146 atque
2390 5077 2732 5132 humiliatum
2783 5089 2905 5130 esse
2946 5076 3045 5129 sub
3087 5075 3292 5154 potenti
3333 5073 3428 5129 Dei

1863 5165 2108 5230 manu“,
2155 5176 2206 5220 et
2243 5182 2419 5237 neque
2448 5168 2500 5221 in
2533 5181 2595 5222 ea
2627 5181 2788 5235 quam
2839 5165 3020 5218 animo
3049 5165 3286 5235 concipit
3333 5180 3430 5234 po-

1865 5257 2030 5312 tentia
2075 5258 2260 5324 ﬁdere,
2290 5273 2464 5328 nequc
2502 5256 2554 5311 in
2610 5269 2768 5325 opum
2805 5255 3151 5310 multitudine
3183 5253 3426 5325 gloriari.

1862 5524 2056 5582 Statim
2090 5520 2227 5590 Reg.
2267 5520 2532 5590 secundus
2567 5519 2745 5590 ὲπὶτῇ
2778 5516 2988 5590 ἑαυτῶν
3009 5517 3254 5590 δυνάμει.

1933 5593 2052 5668 (74)
2078 5591 2152 5668 Ita
2176 5585 2342 5643 'mss.
2368 5589 2438 5668 ᾼι
2480 5589 2618 5668 editi
2660 5585 2828 5668 ἡμᾶς.
2868 5587 2990 5668 IIIo:
3038 5585 3424 5668 editioyaris.

1863 5658 1984 5720 cum
2014 5658 2164 5734 Colb.
2191 5668 2343 5734 sexto
2374 5658 2860 5734 'Avﬁpwrrog‘ydp:
2895 5660 3053 5734 Deest
3079 5658 3189 5734 γάρ
3228 5658 3282 5714 in
3332 5673 3429 5714 εει

1854 5749 1987 5793 mss.
2023 5730 2248 5804 perinde
2283 5729 2525 5800 atquein
2558 5729 2989 5787 editione’Basil.
