3836 6222
438 308 545 365 459

1778 298 1836 353 S.
1879 297 2121 351 BASlLl}
2159 296 2372 351 MAGNI
3590 297 3676 352 lii

439 425 553 481 luto
587 435 871 491 possumus
915 419 1078 471 etiam
1132 425 1364 470 utentem
1396 394 1553 485 paulo
1584 416 1741 469 altius
1779 416 2007 483 erigere,

2122 411 2241 475 τῶν,
2276 413 2370 464 καὶ
2403 411 2495 464 ἐπὶ
2526 410 2601 481 τῷ
2641 410 2833 481 πλήθει
2864 410 2956 462 τοῦ
2988 410 3213 464 πλούτου
3255 415 3431 466 αυτῶν
3472 432 3683 482 καυχωι

437 528 493 568 et
515 528 610 569 eos
644 516 735 580 qui
768 513 821 564 in
854 524 949 563 sua
986 508 1224 576 potentia
1272 508 1570 571 eontiduut,
1597 523 1661 560 ac
1696 508 1759 561 de
1784 520 2007 559 suarum

440 604 749 657 divitiarum
780 601 932 668 copia
960 600 1281 667 gloriantur,
1313 600 1379 653 de
1420 614 1613 652 anima:
1668 598 2011 652 lacuttatibus

443 696 764 764 intelligere,
809 701 994 761 utpote
1030 706 1151 759 quae
1180 706 1245 746 ne
1293 691 1407 759 ipsa
1442 690 1657 759 quidem
1699 706 1795 757 per
1823 706 1880 743 se
1907 688 2009 742 sibi

439 785 716 841 sulIicieus
744 784 813 837 sit
851 784 918 837 ad
954 784 1206 837 salutem.
1246 780 1377 835 Nam
1431 781 1641 833 etiamsi
1676 780 1797 848 quis
1834 778 2012 849 perfe-

440 886 559 930 ctus
588 875 659 929 sit
695 874 747 928 in
786 874 909 928 ﬁliis
954 874 1252 935 hominum,
1300 873 1345 926 si
1396 872 1488 924 Dei
1542 870 1803 939 sapientia
1848 870 2009 935 absit,

368 1014 377 1021 .
441 982 540 1035 pro
568 966 738 1021 nihilo
781 964 1139 1034 reputabitur.
1192 964 1346 1031 Quod
1400 963 1444 1017 si
1475 963 1744 1031 quispiam
1794 961 1894 1015 sibi
1930 976 2014 1014 eo-

441 1058 583 1125 piam
616 1056 1137 1126 contemplatio‘num
1169 1071 1236 1109 ex
1266 1055 1533 1108 mundana
1565 1053 1828 1122 sapientia
1862 1069 2011 1107 com-

441 1150 736 1220 paraverit,
777 1158 833 1203 et
874 1150 1138 1218 quasdam
1184 1147 1512 1217 cognitionis
1542 1146 1761 1201 divitias
1787 1146 2013 1199 sortitus

440 1240 536 1304 sit,
562 1255 777 1295 omnem
826 1241 1011 1294 audiat
1042 1239 1117 1293 rei
1171 1240 1451 1292 veritatem
1490 1258 1503 1293 :
1533 1252 1744 1306 nempe,
1778 1239 2010 1291 animam

439 1347 654 1386 omnem
685 1333 977 1386 humanam
1018 1334 1369 1387 succubuisse
1404 1331 1546 1386 malo
1576 1331 1859 1385 servitutis
1884 1331 2013 1400 jugo

442 1422 745 1475 communis
775 1423 1014 1475 omnium
1048 1423 1285 1488 inimici;
1321 1429 1374 1477 et
1401 1437 1463 1477 ea
1495 1438 1655 1492 quam
1688 1437 1717 1475 a
1754 1421 2015 1477 Creatore

442 1523 730 1581 acceperat
754 1514 1006 1567 libertate
1029 1514 1313 1583 privatam,
1347 1513 1617 1582 captivam
1654 1514 1872 1569 ductam
1896 1530 2014 1569 esse

441 1619 538 1675 per
577 1616 880 1671 peceatum.
924 1602 1044 1659 Jam
1100 1622 1227 1659 vero
1267 1608 1488 1674 captivo
1545 1606 1694 1661 omni
1745 1620 1882 1675 opus
1931 1615 2015 1659 est

441 1695 830 1765 redemptionis
874 1698 1051 1766 pretio
1091 1698 1157 1750 ad
1209 1697 1513 1751 libertatem
1559 1697 2007 1766 recuperandam.

443 1786 625 1856 Neque
669 1788 833 1857 igitur
859 1788 1026 1843 frater
1066 1787 1297 1842 fratrem
1335 1805 1491 1844 suum
1517 1798 1691 1857 potest
1721 1789 2007 1851 redimere,
2042 1768 2082 1821 Β

443 1894 619 1946 neque
668 1879 806 1933 ullus
846 1894 906 1934 se
950 1881 1157 1949 ipsum;
1191 1880 1333 1948 quod
1380 1882 1773 1950 redemptorem
1808 1895 1895 1945 eo,
1918 1881 2007 1949 qui

442 1971 688 2036 captivus
716 1979 819 2035 est,
855 1980 911 2024 et
942 1971 1053 2041 jam
1079 1972 1268 2036 servit,
1294 1981 1509 2042 oportet
1544 1988 1662 2027 esse
1688 1974 1845 2041 longe
1871 1988 2011 2042 prae-

442 2062 782 2117 stantiorem.
811 2060 919 2117 Sed
942 2073 996 2117 et
1034 2078 1102 2118 ne
1138 2064 1245 2118 ullo
1261 2065 1478 2133 quidem
1508 2067 1664 2120 modo
1687 2080 1807 2120 eam
1842 2062 2010 2117 facul-

442 2164 605 2209 tatem
623 2154 785 2209 habet
807 2154 970 2210 bomo
995 2168 1125 2225 erga
1149 2154 1342 2221 Deum,
1377 2166 1436 2209 ut
1464 2172 1563 2227 pro
1586 2166 1871 2227 peccatore
1888 2172 2009 2211 eum

439 2246 639 2317 placet,
670 2262 793 2302 cum
833 2256 888 2302 et
918 2249 1031 2317 ipse
1072 2249 1280 2317 peccati
1332 2249 1405 2303 sit
1454 2264 1598 2303 reus.
1632 2247 1825 2304 Omnes
1872 2250 2013 2304 enim

338 2391 347 2397 .
441 2350 802 2408 peccaverunt,
836 2350 884 2393 et
912 2348 1061 2407 egent
1082 2340 1250 2408 gloria
1278 2339 1395 2404 Dei,
1422 2340 1707 2409 justiﬁcati
1727 2343 1896 2409 gratis
1923 2358 2015 2408 per

438 2430 667 2499 gratiam
695 2431 886 2497 ipsius,
921 2446 1012 2498 per
1057 2431 1459 2500 redemptionem
1481 2447 1597 2502 qua
1625 2440 1700 2485 est
1725 2432 1780 2485 in
1803 2430 2015 2486 Christo

436 2520 566 2575 λεια
589 2520 813 2574 Domino
842 2532 1017 2574 nostra
1043 2522 1110 2573 “.

507 2614 563 2668 4.
602 2614 758 2667 Vens.
778 2615 831 2669 8.
865 2613 986 2667 Non
1015 2614 1160 2666 dabit
1180 2628 1307 2682 ergo
1336 2613 1445 2668 Deo
1476 2614 1827 2683 placationem
1843 2632 2015 2679 suam,

434 2713 486 2757 et
528 2704 751 2771 pretium
795 2705 1165 2769 redemptionis
1205 2705 1399 2757 animi:
1436 2720 1567 2757 suae.
1617 2703 1803 2772 Neque
1856 2705 2019 2774 igitur

438 2794 662 2849 fratrem
717 2796 769 2849 in
832 2796 1255 2863 redemptionem
1331 2810 1576 2865 (λύει-ε..
1612 2797 1706 2851 sed
1784 2797 2016 2866 aliquem

436 2886 532 2955 qui
567 2895 714 2939 tuam
738 2889 967 2940 excedat
996 2898 1242 2940 naturam
1272 2903 1287 2942 :
1314 2903 1485 2955 neque
1509 2888 1779 2943 hominem
1794 2890 2013 2952 nudum,

438 2979 534 3034 sed
568 2980 839 3033 hominem
870 2977 1038 3032 Deum
1064 2978 1249 3032 Jesum
1289 2980 1588 3044 Christum,
1613 2981 1704 3049 qui
1740 2981 1887 3036 solus
1921 2996 2017 3049 pro

438 3068 595 3124 nobis
625 3068 873 3123 omnibus
910 3070 1017 3123 Deo
1070 3070 1199 3123 dare
1236 3079 1412 3138 potest
1452 3071 1834 3137 plaeationem,
1871 3072 2015 3140 quod
2043 3107 2083 3163 Ο

438 3175 564 3215 eum
594 3159 874 3228 Proposuit
907 3160 1046 3213 Deus
1078 3162 1501 3229 propitiationem
1523 3178 1614 3229 per
1630 3162 1786 3229 fidem
1809 3163 1863 3215 in
1893 3180 2015 3217 san-

439 3254 595 3322 guine
620 3255 783 3321 ipsius
800 3252 866 3305 “.
893 3251 1087 3308 Frater
1120 3263 1239 3307 erat
1272 3253 1434 3307 Israel
1469 3253 1715 3325 Moyses;
1754 3263 1809 3307 et
1839 3264 2013 3308 tamen

442 3346 617 3414 ipsum
670 3345 937 3399 redimere
968 3360 1071 3399 non
1103 3347 1297 3414 potuit.
1336 3346 1617 3411 Quomodo
1649 3346 1813 3413 igitur
1856 3347 2016 3400 homo

439 3436 642 3505 aliquis
678 3450 709 3489 e
755 3436 911 3504 vulgo
958 3436 1259 3490 liberabit?
1307 3438 1669 3503 Quamobrem
1711 3438 1839 3492 illud
1893 3440 2014 3507 qui-

439 3528 561 3581 dem
594 3528 906 3603 pronuntiat
934 3542 947 3579 :
973 3524 1165 3579 Frater
1207 3541 1310 3579 non
1353 3528 1557 3579 redimit
1581 3540 1600 3578 :
1626 3529 1727 3581 hoc
1749 3540 1878 3581 vero
1894 3542 2014 3581 cum

440 3618 704 3687 gravitate
739 3633 835 3687 per
865 3618 1341 3688 interrogationem
1379 3618 1558 3672 subdit
1590 3636 1603 3673 :
1647 3617 1879 3671 Redimet
1918 3618 2014 3671 ho-

441 3711 565 3764 mo?
596 3707 710 3761 Non
743 3710 885 3763 enim
916 3725 944 3762 a
977 3720 1198 3778 peccato
1218 3710 1469 3779 populum
1499 3710 1750 3763 liberavit
1772 3708 2007 3780 Moyses,

439 3800 535 3854 aed
578 3798 672 3852 Dei
726 3799 797 3853 ob
848 3811 1128 3868 peccatum
1182 3801 1599 3855 commotionem
1650 3800 1869 3854 avertit.
1918 3799 2016 3855 llic

439 3892 603 3944 etiam
650 3906 718 3944 ne
764 3891 893 3945 dare
938 3892 1153 3960 quidem
1194 3894 1367 3961 potuit
1413 3892 1774 3959 placationem
1817 3907 1914 3962 pro
1958 3907 2018 3947 se

440 3982 580 4050 ipso,
601 3996 722 4034 cum
762 3991 906 4035 esset
943 3981 995 4035 in
1049 3993 1294 4052 peccato.
1330 3983 1462 4037 Nam
1491 3992 1611 4052 post
1649 3992 1727 4036 tot
1765 3998 1828 4037 ac
1868 3993 2015 4037 tanta

439 4072 682 4141 prodigia
730 4087 794 4127 ac
843 4074 995 4141 signa
1031 4090 1150 4143 quae
1182 4076 1407 4140 viderat,
1440 4091 1624 4130 vocem
1672 4076 1815 4129 illam
1863 4078 2017 4131 dubi-

443 4161 699 4214 tationem
733 4176 845 4229 pra‘.
902 4178 962 4216 se
1012 4164 1271 4218 ferentem
1304 4166 1484 4220 emisit
1519 4181 1532 4217 :
1570 4165 1760 4220 Audite
1803 4184 1902 4230 me,
1930 4169 2015 4219 in-

440 4251 661 4305 creduli.
694 4250 945 4320 Nunquid
979 4271 1044 4308 ea:
1073 4265 1219 4324 petra
1246 4258 1343 4310 hac
1384 4262 1663 4312 educemus
1706 4276 1893 4327 aquam
1930 4278 2016 4313 vo-

441 4341 518 4394 bis
537 4342 581 4372 ‘7
608 4343 631 4395 ‘t
656 4343 999 4413 Quapropter
1026 4358 1080 4399 et
1114 4346 1370 4403 Dominus
1400 4350 1469 4402 ob
1500 4351 1601 4403 hoc
1630 4351 1847 4403 verbum
1879 4350 2015 4403 dixit

2113 504 2307 574 μένους
2347 502 2533 571 νοῆσαι
2565 504 2659 556 ἐπὶ
2692 502 2800 554 τῶν
2831 501 3109 572 δυνάμεων
3131 505 3226 573 τῆς
3250 504 3447 574 ψυχῆς,
3483 506 3563 569 ὼς
3593 510 3682 559 οὐκ

2109 595 2429 658 αὐτοτελοῦς
2470 594 2635 665 οῦσης
2675 594 2783 647 οὐδ’
2834 595 3001 665 αὐτῆς
3047 595 3180 665 πρὸς
3228 597 3529 667 σωτηρίαν.
3582 600 3682 651 Καὶ

2112 690 2219 759 γὰρ
2243 687 2338 740 ἐὰν
2360 687 2559 750 τέλειός
2580 684 2715 758 τιςῇ
2743 689 2800 739 ἐν
2827 688 2959 750 υἱοῖς
2982 687 3295 758 ἀνθρώπων,
3326 690 3427 760 τῆς
3462 691 3577 742 ἀπὸ
3598 691 3681 744 τοῦ

2110 778 2242 832 Θεοῦ
2284 778 2476 846 σοφίας
2512 779 2778 848 ἀπούσης,
2823 780 2902 841 είς
2938 779 3088 832 οὐδὲν
3123 780 3531 851 λογισθήσεται.
3571 783 3683 835 Κᾶν

2113 872 2314 943 πλῆθος
2455 872 2944 942 περιπεποιημένος
2998 873 3171 943 ἐαυτῷ
3202 874 3583 945 θεωρημάτων
3626 881 3685 931 ἐκ

2111 967 2209 1036 τῆς
2261 965 2359 1018 τοῦ
2394 965 2595 1035 κόσμου
2628 965 2836 1034 σοφίας,
2879 966 2973 1019 καὶ
3000 966 3224 1019 πλοῦτόν
3268 984 3391 1020 τινα
3432 970 3688 1036 rubeam;

2114 1056 2443 1128 συνειληχὼς
2466 1058 2599 1127 (75),
2626 1058 2867 1110 ἀκουέτω
2908 1060 3085 1110 πᾶσαν
3115 1058 3207 1111 τοῦ
3233 1061 3569 1131 πράγματος
3596 1065 3691 1133 τὴν

2114 1148 2372 1218 ἀλήθειαν
2389 1166 2401 1177 ·
2431 1150 2511 1201 ὅτι
2542 1150 2691 1201 πᾶσα
2718 1148 3028 1221 ἀνθρωπίνη
3049 1150 3190 1222 ψυχὴ
3217 1152 3467 1221 ύπέκυψε
3492 1154 3572 1224 τῷ
3595 1172 3688 1207 πο-

2113 1240 2263 1312 νηρῷ
2298 1242 2396 1311 τῆς
2426 1242 2667 1304 δουλείας
2695 1240 2844 1312 ζυγῷ
2872 1242 2963 1294 τοῦ
2990 1242 3164 1295 κοινοῦ
3197 1244 3417 1297 πάντων
3452 1246 3654 1317 ἐχθροῦ
3674 1264 3686 1276 ·

2114 1334 2206 1386 καὶ
2248 1333 2345 1404 τὴν
2378 1334 2529 1405 παρὰ
2559 1332 2652 1386 τοῦ
2677 1334 2958 1396 κτίσαντος
2986 1334 3151 1405 αὐτὴν
3184 1335 3506 1407 ἐλευθερίαν
3535 1340 3693 1407 ἀφαι-

2117 1426 2354 1497 ρεθεῖσα,
2385 1427 2726 1496 αἰχμάλωτος
2751 1427 2888 1498 ήχθη
2926 1428 3013 1481 διὰ
3048 1428 3145 1498 τῆς
3180 1429 3478 1499 ἁμαρτίας.
3522 1432 3695 1486 Παντὶ

2113 1517 2168 1570 δὲ
2210 1520 2538 1589 αἰχμαλώτῳ
2581 1519 2791 1589 λύτρων
2842 1521 3001 1589 χρεία
3049 1520 3183 1591 πρὸς
3220 1522 3321 1591 τὴν
3348 1522 3690 1595 ἐλευθερίαν.

2115 1609 2253 1663 Οῦτε
2281 1608 2373 1664 οὖν
2403 1611 2630 1680 ἀδελφὸς
2654 1612 2743 1666 τὸν
2772 1611 2965 1665 ἐαυτοῦ
2990 1612 3210 1681 ἀδελφὸν
3233 1614 3462 1667 δύναται
3486 1615 3696 1687 λυτρώ-

2117 1701 2331 1766 σασθαι,
2360 1701 2482 1755 οὔτε
2516 1704 2676 1766 αὐτὸς
2697 1703 2924 1766 ἕκαστος
2955 1704 3141 1757 ἑαυτόν
3160 1722 3173 1733 ’
3207 1705 3339 1758 διότι
3364 1706 3554 1777 πολλῷ
3580 1707 3697 1776 βελ-

2110 1794 2259 1846 τίονα
2292 1794 2372 1845 δεῖ
2415 1788 2552 1846 εἶναι
2595 1794 2685 1847 τὸν
2729 1794 3089 1865 λυτρούμενον
3134 1795 3225 1848 τοῦ
3272 1800 3695 1869 κεκρατημένον

2111 1886 2205 1939 καὶ
2233 1883 2573 1949 δουλεύοντος
2605 1887 2727 1955 ἤδη.
2768 1884 2928 1938 Ἀλλὰ
2966 1887 3060 1939 καὶ
3090 1886 3206 1939 οὐδὲ
3229 1887 3366 1951 ὅλως
3403 1888 3695 1959 ἄνθρωπος

2112 1976 2358 2043 ἐξουσίαν
2392 1977 2500 2047 ἔχει
2532 1978 2666 2048 πρὸς
2691 1976 2842 2044 Θεὸν,
2878 1978 2953 2039 ὼς
2976 1980 3071 2031 καὶ
3107 1978 3384 2042 ἐξιλᾶσθαι
3417 1980 3536 2051 (76)
3570 1981 3697 2053 περὶ

2109 2069 2513 2140 ἡμαρτηκότος,
2565 2069 2687 2121 ἐπεὶ
2728 2069 2821 2122 καὶ
2873 2069 3035 2132 αὐτὸς
3080 2069 3355 2139 ἁμαρτίας
3414 2071 3691 2135 ὑπόδικος.

2111 2160 2341 2227 Πάντες
2368 2160 2479 2229 γὰρ
2513 2160 2795 2229 ἥμαρτον,
2822 2161 2919 2213 καί
2948 2161 3335 2227 ὑστεροῦνται
3372 2161 3484 2229 τῆς
3508 2162 3695 2230 δόξης

2112 2254 2219 2307 τοῦ
2251 2253 2422 2316 Θεοῦ,
2465 2252 2862 2321 δικαιούμενοι
2906 2250 3131 2320 δωρεὰν
3158 2250 3233 2319 τῇ
3272 2252 3463 2307 αὐτοῦ
3499 2246 3696 2321 χάραῖι

2113 2345 2348 2413 διάητῆς
2366 2344 2829 2413 ἀπολυτρώσεως
2862 2342 2972 2411 τῆς
2999 2343 3070 2396 ἐν
3105 2343 3334 2411 Χριστῷ
3373 2344 3583 2412 Ἰησοῦ
3617 2345 3696 2409 τῷ

2114 2440 2309 2506 Κιιρίῳ
2332 2438 2518 2506 ἡμῶν.

2186 2615 2237 2668 4.
2265 2617 2347 2668 Οὐ
2374 2613 2549 2667 δώσει
2578 2609 2669 2667 οὖν
2702 2613 2782 2679 τῷ
2816 2612 2936 2679 Θεῷ
2966 2613 3267 2683 ἐξίλασμα
3313 2615 3563 2677 ἑαυτοῦ,
3600 2616 3696 2668 καί

2117 2706 2231 2774 τὴν
2246 2706 2424 2776 τιμὴν
2440 2706 2549 2773 τῆς
2572 2707 2920 2774 λυτρώσεως
2936 2704 3046 2775 τῆς
3072 2706 3272 2776 ψυχῆς
3294 2706 3504 2760 αὐτοῦ.
3540 2708 3694 2777 Mtte

2118 2795 2211 2851 οὖν
2258 2798 2349 2850 τὸν
2404 2797 2629 2866 ἀδελφὸν
2661 2797 2813 2867 ζήτει
2857 2801 2940 2861 είς
2975 2797 3370 2870 ἀπολύτρωσιν,
3418 2799 3560 2852 ἀλλὰ
3608 2800 3695 2852 τὸν

2120 2887 2516 2961 ὑπερϐαίνοντα
2552 2905 2645 2940 σου
2676 2889 2774 2958 τὴν
2798 2888 2957 2956 φύσιν
2977 2906 2991 2920 ο
3033 2890 3169 2960 μήτε
3195 2888 3485 2959 ἄνθρωπον
3519 2890 3693 2959 ψιλὸν,

2118 2981 2233 3033 ἀλλ’
2272 2979 2558 3050 ἄνθρωπον
2594 2978 2725 3032 Θεὸν
2778 2979 2984 3050 Ἰησοῦν
3034 2981 3286 3050 Χριστὸν,
3320 2982 3379 3043 ὃς
3410 2982 3505 3033 καὶ
3538 2984 3697 3052 μόνος

2117 3073 2341 3125 δύναται
2369 3072 2549 3124 δοῦναι
2578 3070 2841 3141 ἐξίλασμα
2869 3071 2945 3141 τῷ
2974 3071 3091 3141 Θεῷ
3108 3071 3247 3143 ὑπὲρ
3268 3074 3492 3125 πάντων
3516 3073 3693 3143 ἡμῶν,

2117 3163 2199 3215 ὅτι
2237 3160 2397 3215 αὑτὸν
2454 3160 2738 3228 Προέθετο
2782 3164 2813 3213 ό
2861 3160 3003 3226 Θεὸς
3048 3160 3401 3228 ἱλαστήριον
3439 3160 3543 3215 διὰ
3588 3162 3696 3230 τῆς

2118 3253 2377 3317 πίστεως
2416 3252 2487 3304 ἐν
2535 3250 2614 3315 τῷ
2660 3252 2845 3305 αὐτοῦ
2892 3252 3109 3320 αἵματι.
3174 3252 3430 3320 Ἀδελφὸς
3479 3248 3551 3323 ἦν
3604 3254 3693 3305 τοῦ

2131 3343 2346 3412 Ἰσραὴλ
2377 3344 2405 3395 ὁ
2435 3344 2672 3408 Μωῦσῆς
2688 3360 2700 3372 ·
2726 3343 2821 3395 καὶ
2840 3344 2987 3412 ὅμως
3012 3342 3391 3414 λυτρώσασθαι
3412 3347 3581 3399 αὐτὸν
3601 3348 3696 3400 οὐκ

2116 3433 2358 3502 ἠδυνήθη
2390 3432 2522 3500 (77).
2562 3432 2684 3494 Πῶς
2711 3428 2803 3484 οῦν
2832 3432 2859 3482 ὁ
2897 3430 3075 3501 τυχὼν
3115 3431 3456 3502 λυτρώσεται
3484 3434 3695 3504 ἄνθρω-

2116 3541 2215 3587 πος
2237 3540 2250 3586 ;
2272 3525 2363 3577 Διὸ
2381 3524 2441 3576 τὸ
2471 3525 2569 3595 μὲν
2595 3524 2953 3593 ἀποφαίνεται
2975 3541 2986 3552 ·
3031 3522 3319 3593 Ἀδελφός
3340 3528 3413 3579 οὑ
3444 3528 3699 3595 λυτροῦο

2120 3632 2243 3668 ταιο
2284 3616 2343 3669 τὸ
2376 3615 2433 3667 δέ
2463 3614 2890 3686 ἐρωτηματικῶς
2915 3613 3052 3685 μετὰ
3078 3614 3379 3685 βαρύτητος
3411 3619 3694 3690 ἐπιφέρει*

2118 3707 2493 3775 Λυτρώσεται
2523 3708 2862 3775 ἄνθρωπος;
2879 3708 2954 3759 Ού
2976 3707 3083 3779 γὰρ
3113 3708 3213 3776 τῆς
3238 3708 3521 3777 ἁμαρτίας
3538 3710 3695 3779 ἡλευο

2118 3796 2324 3867 θέρωσε
2357 3796 2446 3849 τὸν
2469 3796 2615 3859 λαὸν,
2647 3794 2783 3849 ἀλλὰ
2812 3794 2907 3848 τοῦ
2937 3795 3070 3848 Θεοῦ
3096 3796 3194 3865 τὴν
3225 3799 3317 3849 ἐπὶ
3346 3801 3413 3868 τῇ
3452 3800 3697 3871 ἁμαρτίᾳ⁵

2123 3890 2477 3960 παρῃτήσατο
2512 3889 2745 3956 κίνησιν.
2780 3883 2947 3952 θῦτος
2992 3887 3047 3941 δέ
3075 3892 3192 3944 οὐδὲ
3232 3892 3420 3944 δοῦναι
3453 3893 3691 3964 ἠδυνήθη

2118 3982 2385 4051 ὲξίλασμα
2435 3979 2650 4044 ἑαυτοῦ,
2696 3980 2986 4049 γενόμενος
3030 3982 3087 4033 ἐν
3129 3982 3576 4054 παραπτώματιο
3617 3987 3695 4039 ὅτι

2124 4075 2263 4146 μετὰ
2305 4072 2543 4127 τοσαῦτα
2586 4073 2679 4124 καὶ
2716 4072 3020 4141 τηλικαῦτα
3057 4075 3259 4145 τέρατα
3302 4080 3397 4129 καὶ
3432 4082 3635 4149 σημεῖα
3663 4079 3697 4131 ἃ

2117 4163 2247 4230 εἶδε,
2284 4166 2383 4235 τὴν
2407 4163 2757 4233 διστακτικὴν
2785 4162 2998 4234 ἐκείνην
3027 4166 3205 4235 ἀφῆκε
3241 4168 3449 4237 φωνήν·
3498 4171 3698 4223 ista}-

2117 4257 2265 4312 σατέ
2298 4274 2435 4325 μου,
2463 4257 2517 4308 οἱ
2541 4254 2822 4319 ἀπειθεῖς.
2862 4254 2958 4322 Μὴ
2988 4256 3055 4309 ἐκ
3085 4256 3193 4324 τῆς
3224 4258 3447 4325 πέτρας
3482 4263 3698 4327 ταύτης

2118 4348 2412 4415 ἐξάξομεν
2438 4345 2547 4413 (78)
2574 4345 2715 4413 ὑμῖν
2740 4344 2929 4412 ϋδωρ;
2955 4346 3151 4417 Διόπερ
3177 4349 3267 4399 καὶ
3301 4351 3329 4400 ὁ
3368 4350 3584 4421 Κύριος
3610 4354 3695 4403 ἐπὶ

442 4436 508 4488 ad
535 4436 686 4506 181
710 4436 927 4508 Moysen
946 4450 998 4493 et
1020 4443 1200 4493 Aaron
1225 4460 1238 4494 :
1261 4443 1397 4505 Quia
1427 4460 1526 4495 non
1551 4444 1845 4497 credidistis
1864 4445 2011 4508 mihi,

2122 4439 2198 4509 τῷ
2230 4441 2434 4508 ῥήματι
2466 4437 2638 4507 τούτῳ
2676 4432 2796 4489 εἷπε
2844 4438 2978 4507 πρὸς
3022 4440 3257 4507 Μωῦσῆν
3304 4442 3400 4491 καὶ
3451 4443 3691 4513 Ἀαρών·

442 4536 497 4577 ut
540 4528 945 4595 sancti/icaretis
974 4547 1052 4583 me
1102 4548 1279 4585 coram
1306 4533 1435 4599 ﬁliis
1470 4534 1660 4599 Israel,
1687 4535 1749 4587 ob
1790 4536 1884 4588 hoc
1915 4553 2016 4588 non

2120 4533 2244 4584 Ὅτι
2274 4532 2384 4583 οὐκ
2410 4530 2807 4581 ἐπιστεύσατε
2830 4528 3061 4595 ὲνέμοὶ,
3095 4529 3198 4581 τοῦ
3232 4530 3483 4598 ἁγιάσαι
3496 4534 3693 4603 μεῦθ)

440 4615 784 4670 introducetis
844 4636 929 4672 vos
982 4621 1118 4673 lianc
1188 4624 1640 4691 congregationem
1700 4625 1756 4675 in
1824 4634 2013 4677 terram

2122 4621 2396 4675 ἐναντίον
2425 4619 2571 4673 υἱῶν
2616 4619 2874 4686 Ἰσραὴλ,
2926 4619 3024 4671 διὰ
3066 4621 3240 4676 τοῦτο
3278 4624 3394 4674 οὐκ
3424 4624 3694 4687 εἰσάξετε

438 4721 595 4770 quam
627 4706 747 4759 dedi
788 4708 861 4761 eis
884 4708 948 4762 ⁸⁸.
992 4709 1106 4763 Non
1157 4711 1317 4781 igitur
1350 4728 1445 4780 pro
1476 4728 1535 4765 se
1567 4714 1681 4781 ipso
1720 4713 1866 4767 dabit
1909 4713 2013 4767 Deo

2122 4712 2288 4782 ὑμεῖς
2344 4712 2459 4778 τὴν
2510 4710 2871 4779 συναγωγὴν
2917 4713 3145 4778 ταί-την
3175 4714 3261 4776 εις
3316 4712 3436 4779 τὴν
3481 4716 3697 4784 γῆνῆν

441 4794 822 4863 placationam.
842 4798 979 4865 Quid
1009 4804 1151 4855 enim
1182 4804 1318 4856 tanti
1351 4814 1530 4873 potest
1559 4806 1716 4859 homo
1747 4805 2013 4871 invenire,

2124 4804 2318 4856 ἔδωκα
2342 4802 2564 4867 αὐτοῖς.
2595 4804 2669 4855 Οὐ
2701 4800 2860 4854 δώσει
2897 4797 2989 4855 οὖν
3019 4802 3098 4872 τῷ
3126 4802 3547 4882 Θεῷρξίλασμα
3576 4810 3695 4861 tatr-

444 4900 505 4940 ut
529 4887 621 4943 det
650 4905 747 4959 pro
778 4894 1146 4960 redemptione
1194 4897 1389 4950 anima:
1415 4911 1525 4949 suae
1552 4896 1575 4948 ?
1600 4896 1704 4949 Sed
1731 4911 1894 4947 unum
1933 4897 2013 4947 in—

2122 4895 2234 4948 τοῦ.
2274 4894 2337 4945 Τί
2365 4894 2471 4965 γὰρ
2487 4893 2707 4947 δύναται
2737 4892 3020 4961 ἄνθρωπος
3041 4895 3218 4965 εὑρεῖν
3246 4895 3592 4964 τηλικοῦτον,
3618 4901 3697 4953 ἵνα

442 4990 660 5035 ventum
691 4992 794 5048 est,
823 4999 921 5053 pro
939 4986 1191 5042 omnibus
1222 4988 1381 5042 simul
1410 4988 1715 5043 hominibus
1747 4987 2013 5041 sufﬁcien-

2123 4983 2201 5056 δῷ
2233 4986 2371 5055 ὺπέρ
2403 4984 2723 5055 λυτρὼσεως
2753 4985 2851 5054 τῆς
2881 4984 3057 5055 ψυχῆς
3089 4986 3288 5051 αύτοῦ;
3338 4989 3485 5043 Ἀλλ’
3505 4995 3695 5065 εὑρέθη

444 5072 765 5141 tissimum,
803 5079 945 5147 quod
1004 5080 1055 5133 iu
1108 5081 1338 5149 pretium
1377 5078 1763 5147 redemptionis
1824 5082 2013 5133 animm

2123 5077 2181 5130 ἓν
2202 5076 2335 5147 ὁμοῦ
2367 5075 2583 5128 πάντων
2620 5074 2920 5145 ἀνθρώπων
2942 5077 3053 5147 (80)
3088 5079 3361 5146 ἀντάξιον,
3385 5082 3414 5133 ὃ
3439 5082 3602 5156 ἐδόθη
3627 5089 3697 5150 εἰς

517 5206 560 5238 ⁸⁸
590 5206 746 5263 llom.
797 5226 880 5278 ιιι,
924 5211 1015 5281 25,
1057 5212 1147 5268 24.
1220 5214 1266 5245 ⁸⁸
1297 5214 1429 5269 ibid.
1460 5213 1550 5268 ‘25.
1628 5214 1672 5245 "
1705 5213 1865 5267 Num.
1899 5228 1995 5278 xx.

2210 5212 2253 5244 ⁸⁸
2282 5213 2410 5266 ibid.
2443 5210 2526 5266 1‘2.

516 5368 628 5440 ('75)
665 5371 755 5425 Sic
788 5372 939 5440 Regii
968 5376 1256 5437 secundus,
1284 5376 1491 5441 tertius,
1516 5384 1740 5442 quartus
1795 5383 1847 5427 et
1886 5390 2013 5428 sex-

448 5447 583 5513 tus;
622 5457 725 5494 non
756 5458 910 5495 secus
969 5459 1029 5497 ac
1095 5445 1383 5499 Colbertini
1440 5449 1696 5513 quintus,
1739 5458 1921 5500 sextus
1966 5456 2019 5498 et

446 5510 711 5583 Septimus
742 5527 867 5583 cum
900 5513 1064 5567 Coisl.
1098 5516 1165 5566 At
1198 5516 1327 5568 editi
1367 5510 1722 5583 συνειληφώς.

523 5578 806 5653 (76)-Ιῇι1ἱιί
856 5582 1254 5647 ἐξιλάσκεσθαι.
1305 5586 1456 5639 Colb.
1519 5578 1724 5653 primus
1772 5583 2017 5650 ἐξιλάσα-

450 5646 597 5716 σύαι.
634 5649 739 5702 Alii
767 5646 1053 5707 octo’mss.
1083 5654 1382 5716 ἐξιλᾶσθαι.

520 5715 633 5784 (77)
664 5718 737 5771 ita
773 5721 1012 5789 quinque
1052 5740 1183 5779 tuss.
1218 5726 1357 5780 Editi
1395 5740 1521 5781 vero
1555 5724 1805 5794 ἐδυνήθη.

2331 5372 2498 5450 Eadd.
2531 5373 2566 5426 ’5
2602 5371 2899 5450 ἐξᾲξωμεν.
2940 5373 3048 5426 Alii
3070 5388 3189 5450 eum
3225 5373 3389 5450 editis
3414 5374 3699 5450 ἐξαξομεν,

2190 5442 2317 5567 S792)
2338 5442 2559 5510 Vulgata
2589 5445 2805 5508 quidem
2860 5444 3130 5496 consentit
3172 5460 3295 5497 cum
3352 5442 3648 5505 Basilianis
3685 5468 3699 5505 :

2251 5528 2277 5565 a
2370 5513 2437 5565 iis
2467 5514 2727 5566 recedunt
2753 5510 2924 5567 LXX.
2958 5514 3097 5567 anud
3132 5528 3267 5567 auos
3310 5514 3387 5567 ita
3427 5517 3658 5567 legimus
3683 5538 3697 5567 :

2126 5510 2220 5586 sed
2251 5510 2345 5586 ab‘
2370 5513 2727 5586 iis_reeedunt
2753 5510 2924 5586 LX‘X,
2947 5514 3097 5586 apud
3132 5528 3267 5586 quos
3310 5514 3387 5568 ita
3427 5517 3697 5586 legimus:

2125 5584 2249 5635 Ὀτι
2293 5582 2394 5634 οὐκ
2444 5582 2800 5653 ἐπιστεύσατε
2833 5583 3061 5651 ἁγιάσαι
3096 5600 3185 5653 με,
3228 5582 3370 5649 Quia
3413 5582 3521 5642 non
3549 5592 3703 5642 credi-

2132 5652 2282 5709 distis
2313 5651 2648 5719 sanctiﬁcare
2678 5669 2778 5705 me.

2201 5720 2313 5795 (80)
2346 5721 2420 5777 lta
2450 5723 2615 5780 editio
2639 5720 2811 5779 Paris.
2841 5738 2960 5780 cum
2983 5738 3116 5779 mss.
3148 5723 3447 5782 nonnullis.
3466 5726 3589 5785 Vox
3615 5727 3682 5782 ‘sv
