3836 6222
155 363 269 417 με
1174 331 1187 346 ⁴
1261 344 1548 397 nonnum
1587 344 1654 394 IN
1697 341 2021 393 essenon
2064 339 2293 391 XLVIII.
3305 335 3409 390 us

155 475 335 548 τιμὴν
367 469 686 542 λυτρώσεως
710 467 811 537 τῆς
838 463 1014 534 ψυχῆς
1049 465 1228 533 ἡμῶν,
1257 459 1318 513 τὸ
1338 460 1490 528 ἅγιον
1515 459 1608 512 καὶ
1637 474 1739 548 ποεῖ

1863 465 2037 510 ιοειηο
2064 457 2244 510 datum
2285 459 2390 516 est,
2418 459 2640 508 sanet-us
2666 450 2756 506 ille
2789 463 2854 506 ac
2884 450 3156 521 pretiosus
3189 466 3412 523 sangms

160 541 638 640 Its-tl'pqcovalpa
671 559 766 613 τοῦ
793 555 999 626 Κυρίου
1029 553 1185 624 ἡμῶν
1220 550 1394 622 Ἰησοῦ
1431 547 1690 622 Χριστοῦ,
1719 547 1748 600 ὃ

1863 546 2062 601 Domini
2096 545 2262 599 nostri
2294 542 2422 599 Jesu
2467 541 2692 607 Christi,
2731 557 2889 612 quem
2931 557 3027 612 pro
3053 543 3208 598 nobis
3244 548 3414 598 omni-

162 663 314 732 ὑπὲρ
357 656 516 730 ἡμῶν
562 653 744 724 ἐξέχεε
798 650 1044 704 πάντων’
1075 644 1262 714 διόπερ
1304 642 1399 696 καὶ
1423 641 1585 712 τιμῆς
1619 643 1748 710 ἡγο-

164 753 475 825 ράσθημεν.
507 749 570 800 Εἰ
596 741 688 800 οὖν
723 742 949 811 ἀδελφὸς
979 739 1041 792 οὐ
1073 735 1382 807 λυτροῦται,
1413 732 1746 804 λυτρώσεται

163 823 501 915 ἄνθρωποςς
545 841 611 892 El
660 837 716 892 δὲ
757 834 1043 904 ἄνθρωπος
1079 825 1456 899 λυτρώσασθαι
1491 825 1638 894 ἡμᾶς
1684 823 1746 876 οὐ

163 937 422 998 δύναται,
465 936 494 986 6
534 929 954 1002 λυτρωσάμενος
989 925 1136 996 ἡμᾶς
1168 923 1269 975 οὐκ
1296 919 1579 990 ἄνθρωπος
1611 917 1743 987 (81).

163 1029 266 1098 Μὴ
305 1023 419 1092 οὖν,
450 1024 538 1078 διὰ
569 1023 631 1076 τὸ
665 1025 722 1076 ὲν
756 1017 1060 1091 ὁμοιώματι
1093 1015 1295 1084 σαρκὸς
1327 1011 1598 1082 ἁμαρτίας
1629 1011 1748 1061 επι-

166 1117 541 1190 δεδημηκέναι
593 1116 746 1186 ἡμῖν,
795 1111 1079 1180 ἄνθρωπον
1135 1106 1292 1177 μόνον
1338 1101 1612 1170 ὑπολάϐῃς
1656 1099 1746 1152 τὸν

170 1208 386 1280 Κύριον
417 1206 595 1278 ἡμῶν,
626 1205 724 1275 τὴν
755 1203 854 1273 τῆς
883 1200 1134 1270 θεότητος
1169 1196 1397 1266 δύναμιν
1436 1193 1706 1262 ἀγνοήσας
1727 1205 1742 1220 ⁶

166 1300 233 1363 ὃς
260 1299 322 1353 οὐ
354 1298 543 1369 χρείαν
577 1295 703 1366 ἔσχε
725 1293 835 1366 (82)
869 1289 1052 1345 δοῦναι
1079 1288 1157 1359 τῷ
1180 1287 1299 1358 Θεῷ
1327 1285 1588 1355 ὲξίλασμα
1622 1283 1748 1334 ἑαυ-

171 1390 299 1454 τοῦ,
348 1390 467 1442 οὐδὲ
496 1389 595 1460 τὴν
645 1387 783 1440 ἰδίαν
827 1378 1316 1452 ἀπολυτρώσασθαι
1363 1375 1560 1446 ψυχὴν,
1612 1373 1745 1427 διότι

180 1480 507 1550 Ἀμαρτίαν
550 1479 661 1531 οὐκ
698 1475 1010 1540 ἐποίησεν,
1059 1468 1200 1524 οὐδὲ
1227 1466 1438 1535 εὑρέθη
1476 1464 1655 1528 δόλος
1677 1462 1748 1515 ὲν

167 1571 258 1636 τῷ
291 1571 541 1639 στόματι
591 1565 799 1622 αὑτοῦ.
841 1560 1243 1634 Ἐξωνήσασθαι
1300 1557 1398 1629 μὲν
1435 1552 1526 1609 οὖν
1556 1553 1745 1607 ἑαυτὸν

167 1662 352 1726 οὐδεὶς
404 1661 608 1722 ἰκανὺς,
650 1659 743 1711 ἐὰν
787 1654 861 1728 μὴ
896 1653 1025 1726 ἔλθῃ
1063 1655 1092 1706 ὁ
1120 1650 1218 1722 τὴν
1253 1647 1624 1721 αἰχμαλωσίαν
1650 1644 1744 1697 τοῦ

171 1755 308 1809 λαοῦ
330 1752 693 1824 ἐπιστρέφων,
711 1749 772 1802 οὐ
805 1745 942 1819 μετὰ
965 1745 1195 1815 λύτρων,
1221 1741 1343 1794 οὐδὲ
1369 1737 1505 1812 μετὰ
1534 1736 1741 1808 δώρων,

1848 642 1947 695 bus
1982 639 2170 694 effudit
2207 656 2223 694 :
2269 636 2618 708 quamobrem
2665 635 2841 705 pretio
2893 637 3057 690 etiam
3101 637 3268 707 empti
3319 653 3413 693 sn-

1848 747 1968 785 mIIs
1997 731 2060 784 ⁸³.
2085 730 2267 798 Itaque
2288 730 2332 784 si
2367 729 2537 782 frater
2563 743 2667 781 non
2693 727 2929 794 redimit,
2948 729 3177 784 redimet
3209 730 3370 784 homo
3389 731 3415 784 ἲ

1849 821 1904 876 Si
1937 837 2066 876 vero
2100 821 2370 875 redimere
2407 833 2505 874 nos
2561 833 2666 871 non
2697 827 2873 886 potest
2917 818 3077 872 homo
3106 833 3122 883 ;
3147 820 3234 888 qui
3265 821 3414 873 rede-

1848 916 1946 968 mit
1976 929 2095 976 nos,
2121 912 2282 967 homo
2313 926 2418 965 non
2475 919 2579 966 est.
2629 909 2707 964 Ne
2746 911 2930 980 igitur,
2963 921 3245 980 propterea
3269 916 3411 980 quod

1847 1004 1901 1057 in
1949 1003 2302 1057 similitudine
2346 1002 2529 1056 carnis
2553 1001 2756 1070 peccati
2798 1001 3074 1055 nobiscum
3109 1003 3412 1058 diversatus

1847 1103 1952 1159 est,
1979 1096 2250 1150 hominem
2283 1093 2455 1149 solum
2486 1093 2763 1147 existimes
2808 1092 3092 1146 Dominum
3141 1105 3411 1160 nostrum,

1847 1184 2144 1238 divinitatis
2172 1183 2467 1252 potentiam
2520 1184 2774 1252 ignorans
2813 1202 2826 1236 :
2872 1183 2957 1236 cui
2997 1198 3131 1251 opus
3161 1199 3264 1238 non
3297 1194 3415 1239 erat

1849 1275 1955 1329 Deo
1977 1275 2106 1328 dare
2128 1275 2485 1343 placationem
2517 1289 2698 1338 suam,
2725 1288 2897 1342 neque
2944 1276 3214 1343 propriam
3266 1276 3414 1331 redi-

1847 1383 1995 1421 mere
2021 1369 2281 1432 animam,
2301 1368 2426 1437 quia
2464 1366 2742 1420 Peccatum
2777 1383 2878 1419 non
2899 1366 3038 1435 fecit.
3067 1384 3158 1421 nec
3182 1369 3416 1423 inventus

1846 1470 1920 1514 est
1948 1459 2097 1512 dolus
2122 1461 2175 1512 in
2203 1475 2292 1514 ore
2321 1459 2433 1525 eius
2456 1459 2524 1511 ⁵ο.
2547 1458 2720 1512 Nemo
2750 1459 2912 1527 igitur
2933 1475 2991 1512 se
3014 1460 3126 1527 ipse
3156 1459 3422 1514 redimere

1845 1561 2040 1619 potest,
2075 1551 2174 1606 nisi
2199 1551 2380 1604 veniat
2394 1549 2485 1619 qui
2508 1551 2876 1618 captivitatem
2903 1549 3081 1619 populi
3106 1559 3409 1618 convertat,

1847 1657 1952 1696 non
2003 1656 2126 1695 cum
2158 1641 2372 1710 pretiis,
2405 1654 2581 1708 neque
2614 1655 2737 1694 cum
2780 1640 2959 1706 donis,
2996 1640 3141 1694 sicut
3187 1639 3242 1693 in
3280 1639 3418 1694 Isaia

1845 1733 2102 1800 scriptum
2137 1741 2222 1786 est
2251 1731 2333 1797 “,
2370 1731 2466 1786 sed
2505 1731 2558 1785 in
2606 1745 2705 1785 suo
2753 1731 3033 1798 sanguine.
3065 1729 3166 1785 Hic
3211 1737 3418 1793 autem,

171 1846 254 1912 ὡς
285 1847 343 1898 ὲν
383 1820 584 1913 Ἡσαΐᾳ.
631 1841 964 1912 γέγραπται,
1019 1833 1134 1889 ἀλλ’
1171 1836 1229 1886 ὲν
1270 1831 1348 1902 τῷ
1399 1828 1594 1886 ἑαυτοῦ
1633 1829 1743 1900 (85)

1863 1837 1970 1877 :um
2003 1838 2111 1878 non
2147 1837 2388 1878 essemus
2419 1820 2640 1888 fratres,
2665 1821 2758 1877 sed
2782 1836 3023 1879 essemus
3048 1821 3253 1876 inimici
3286 1821 3414 1874 faeti‘

173 1936 392 2006 αἵματι.
446 1924 614 1994 Οὗτος
661 1929 720 1982 δὲ
753 1927 874 1997 οὺχί
915 1923 1179 1993 ἀδελφοὺς
1221 1923 1368 1993 ἡμᾶς
1408 1920 1590 1985 ὄντας,
1632 1919 1745 1972 ἀλλ’

174 2023 406 2095 ἐχθροὺς
438 2021 585 2091 ἡμᾶς
613 2015 940 2087 γενομένους
969 2014 1084 2075 τοῖς
1119 2007 1581 2083 παραπτώμασιν,
1625 2006 1748 2061 οὔτε

174 2117 462 2189 ἄνθρωπος
490 2112 642 2184 ψιλὸς
672 2109 769 2175 ὢν,
801 2106 936 2162 ἀλλὰ
959 2105 1112 2168 Θεὸς,
1150 2103 1287 2176 μετὰ
1313 2103 1413 2174 τὴν
1440 2098 1750 2171 ἐλευθερίαν

175 2211 247 2282 ἢν
277 2207 558 2279 χαρίζεται
586 2205 739 2276 ἡμῖν,
769 2201 865 2254 καὶ
912 2197 1171 2266 ἀδελφοὺς
1200 2195 1346 2266 ἡμᾶς
1368 2190 1560 2246 ἑαυτοῦ
1589 2207 1754 2262 προσφ

177 2297 454 2370 αγορεύει.
506 2291 846 2364 Ἀπαγγελῶ
893 2291 1023 2361 γὰρ,
1082 2287 1234 2359 φησὶ,
1268 2285 1333 2338 τὸ
1380 2282 1568 2353 ὄνομά
1635 2296 1752 2335 σου

177 2391 306 2458 τοῖς
331 2386 614 2457 ἀδελφοῖς
634 2403 774 2455 μου.
804 2383 861 2437 '0
885 2380 978 2436 οὖν
1005 2378 1421 2451 λυτρωσάμενος
1450 2375 1560 2448 (84)
1583 2375 1752 2446 ἡμᾶς,

179 2480 278 2534 ἐὰν
306 2479 402 2552 μὲν
433 2481 534 2551 τὴν
561 2475 722 2546 φύσιν
740 2470 906 2528 αὐτοῦ
939 2472 1168 2542 σκοπῇς,
1187 2467 1311 2523 οὔτε
1341 2465 1593 2535 ἀδελφὸς,
1630 2462 1755 2517 οὔτε

181 2571 469 2644 ἅνθρωπος
489 2585 500 2596 ·
535 2569 628 2621 ἐὰν
649 2566 706 2620 δὲ
747 2564 847 2638 τὴν
878 2565 942 2618 ὲκ
967 2563 1188 2636 χάριτος
1234 2558 1400 2613 αὐτοῦ
1434 2557 1566 2629 πρὸς
1609 2556 1757 2626 ἡμᾶς

187 2661 626 2731 συγκατόῶασιν,
679 2657 772 2712 καὶ
818 2655 1080 2724 ἀδελφοὺς
1124 2655 1272 2725 ἡμᾶς
1324 2649 1614 2721 ὀνομάζει,
1662 2647 1758 2700 καὶ

184 2756 324 2828 πρὸς
375 2754 468 2809 τὸν
517 2752 854 2824 ἀνθρώπινον
887 2747 1226 2811 καταϐαίνει,
1268 2745 1328 2808 ὃς
1365 2745 1448 2797 Οὺ
1475 2733 1760 2828 δώσει

186 2827 310 2910 Θεῷ
355 2844 657 2913 ἐξίλασμα
699 2839 939 2902 ἑαυτοῦ,
985 2836 1122 2896 ἀλλὰ
1170 2834 1265 2888 τοῦ
1295 2833 1501 2902 κόσμου
1536 2827 1756 2890 παντός.

185 2935 262 2987 Οὐ
290 2933 398 3005 γὰρ
437 2931 664 3003 ἱλασμοῦ
697 2931 890 2994 δεῖται,
919 2927 1032 2981 ἀλλ’
1058 2925 1218 2988 αὑτός
1249 2926 1396 2976 ἐστιν
1431 2920 1755 2990 ἱλαστήριον.

191 3021 463 3086 Τοιοῦτος
487 3018 597 3090 γὰρ
626 3018 771 3087 ἡμῖν
796 3017 1055 3085 ἔπρεπεν
1076 3011 1385 3083 ἀρχιερεὺς
1406 3011 1594 3076 ὅσιος,
1620 3009 1763 3061 ἀκα-

187 3130 314 3179 κος,
349 3113 658 3182 ἀμίαντος,
689 3108 1132 3181 κεχωρισμένος
1172 3103 1292 3160 ἀπὸ
1337 3103 1456 3157 τῶν
1492 3102 1758 3170 ἁμαρτω-

1851 1913 1920 1968 ob
1947 1921 2190 1983 peccata,
2219 1927 2394 1981 neque
2434 1912 2548 1982 ipse
2579 1913 2742 1966 homo
2771 1911 2970 1974 nudus,
2997 1910 3092 1966 sed
3121 1910 3283 1972 Deus.
3303 1919 3424 1978 post

1851 2006 2154 2062 libertatem
2196 2019 2360 2074 quam
2419 2004 2574 2059 nobis
2612 2003 2858 2075 largitur,
2893 2003 3058 2058 etiam
3098 2017 3196 2058 nos
3227 2001 3424 2056 fratres

1853 2113 1980 2154 suos
2034 2097 2285 2167 appellat.
2337 2095 2586 2151 Narrabo
2617 2097 2776 2162 enim,
2819 2095 3012 2165 inquit,
3064 2108 3248 2149 nomen
3276 2105 3424 2148 tuum

1852 2190 2106 2259 fratribus
2125 2190 2254 2242 meis
2283 2188 2349 2241 ⁸³.
2368 2188 2553 2256 Itaque
2581 2188 2671 2256 qui
2699 2185 2926 2240 redemit
2953 2199 3072 2251 nos,
3099 2185 3144 2238 si
3172 2196 3423 2239 naturam

1853 2281 2068 2350 quidem
2107 2279 2272 2346 ipsius
2305 2279 2625 2349 perpendas,
2647 2292 2820 2346 neque
2846 2275 3033 2340 frater,
3057 2291 3234 2346 neque
3258 2277 3423 2330 homo

1853 2381 1935 2428 est
1967 2393 1979 2427 :
2011 2371 2056 2427 si
2085 2386 2212 2426 vero
2255 2369 2428 2440 ipsius
2477 2369 2545 2424 ad
2584 2382 2683 2423 nos
2725 2367 3107 2422 demissionem
3143 2381 3210 2422 ex
3251 2367 3426 2436 gratia

1855 2463 2073 2530 factam,
2103 2473 2157 2518 et
2195 2477 2294 2519 nos
2323 2461 2522 2518 fratres
2547 2461 2812 2524 nominat,
2851 2469 2908 2514 et
2940 2460 3005 2512 ad
3038 2458 3430 2513 humanitatem

1857 2554 2134 2609 descendit
2161 2555 2286 2621 :qui
2316 2550 2438 2608 Non
2467 2553 2613 2606 dabit
2647 2552 2752 2606 Deo
2775 2551 3119 2621 placationem
3145 2551 3427 2616 suam,sed

1859 2645 2022 2698 totius
2062 2642 2268 2697 mundi.
2297 2641 2411 2696 Non
2440 2641 2583 2694 enim
2612 2640 2812 2709 indiget
2845 2639 3167 2708 placatione,
3191 2640 3284 2694 sed
3313 2639 3430 2706 ipse

1860 2733 2170 2803 propitiatio
2218 2739 2320 2786 est.
2366 2730 2511 2784 Talis
2563 2732 2701 2784 enim
2748 2731 2960 2783 decebat
3013 2738 3070 2782 ut
3120 2737 3251 2783 esset
3284 2727 3433 2782 nobis

1859 2824 2091 2893 pontifex
2123 2837 2142 2876 :
2170 2831 2406 2888 sanctus,
2439 2821 2687 2874 innocens
2713 2859 2729 2884 ,
2761 2818 3068 2886 impollutus
3089 2857 3106 2883 ,
3136 2827 3436 2887 segregatus

1860 2935 1892 2971 a
1936 2914 2312 2983 peccatoribus,
2349 2923 2396 2965 et
2431 2912 2688 2966 excelsior
2744 2909 2887 2964 caelis
2936 2910 3140 2978 factus;
3189 2911 3279 2979 qui
3331 2925 3437 2963 non

1861 3007 2013 3060 habet
2052 3005 2411 3058 necessitatem
2434 2999 2671 3070 quotidie
2688 3039 2703 3063 ,
2733 2998 3168 3068 quemadmodum
3193 2997 3437 3050 sacerdo-

1864 3098 2120 3167 tes,prius
2151 3111 2244 3160 pro
2275 3095 2386 3147 suis
2425 3092 2627 3144 delictis
2658 3091 2854 3143 hostias
2888 3089 3098 3157 offerre,
3130 3087 3318 3140 deinde
3339 3104 3436 3156 pro

185 3176 332 3272 λᾱὲιὲ,
359 3176 460 3257 viai
489 3176 868 3272 ὑψηλότερος
888 3176 1006 3254 τῶν
1029 3195 1300 3267 οὐρανῶν
1328 3195 1664 3265 γενόμενος·
1692 3190 1757 3256 ὃς

1863 3188 2035 3258 papuli
2073 3185 2382 3257 ignorantiis
2403 3184 2470 3237 ⁵³.
2501 3183 2691 3238 Postea
2746 3181 2872 3236 dicit
2902 3180 3073 3250 (νεεδ.
3115 3180 3168 3249 9)
3197 3196 3212 3233 :
3244 3176 3314 3231 Et
3352 3180 3437 3233 la-

185 3297 299 3348 οὑκ
345 3295 468 3364 ἔχει
499 3295 625 3348 καθ’
647 3292 878 3363 ἡμέραν
919 3290 1211 3361 ἀνάγκην,
1244 3287 1448 3355 ὥσπερ
1481 3288 1534 3338 οἰ
1564 3285 1758 3352 ἀρχιε-

185 3386 334 3455 ρεῖς,
361 3387 651 3456 πρότερον
679 3384 832 3454 ὑπὲρ
858 3383 978 3437 τῶν
1007 3382 1171 3437 ἰδίων
1190 3377 1486 3449 ἁμαρτιῶν
1504 3373 1762 3444 προσερέ-

186 3496 315 3547 ρειν
359 3479 595 3544 θυσίας,
629 3477 834 3532 ἔπειτα
880 3475 998 3529 τῶν
1033 3473 1138 3528 τοῦ
1169 3471 1322 3527 λαοῦ
1353 3465 1758 3537 ἀγνοημάτων.

191 3572 325 3626 Εἶτὰ
349 3588 499 3642 φησι·
525 3571 634 3625 Καὶ
659 3570 985 3625 ἐκοπίασεν
1002 3567 1088 3632 εἰς
1119 3565 1226 3618 τὸν
1254 3560 1460 3626 αίῶνα,
1482 3559 1580 3613 καὶ
1603 3556 1764 3626 ζήσε-

1863 3279 2057 3332 borauit
2085 3280 2141 3331 in
2172 3286 2443 3340 a'ternum,
2477 3273 2648 3346 (usus.
2675 3272 2761 3344 l0)
2791 3283 2838 3326 et
2872 3273 3001 3327 uiuet
3023 3273 3079 3324 in
3102 3271 3282 3340 ﬁnem.
3313 3270 3437 3340 Ipsa

1866 3387 1959 3442 per
1987 3387 2046 3426 se
2071 3371 2203 3434 vita,
2241 3369 2355 3439 ipsa
2379 3369 2552 3422 virtus
2574 3407 2590 3432 ,
2613 3375 2668 3422 et
2695 3364 2964 3420 indefessa
3002 3373 3196 3418 natura
3223 3362 3439 3417 labora-

1869 3463 2020 3517 vitin
2063 3461 2163 3516 hoc
2195 3459 2415 3525 saeculo,
2455 3459 2671 3528 quando
2701 3455 2980 3528 Fatigatus
3021 3470 3086 3511 ea:
3113 3455 3317 3520 itinere,
3358 3469 3431 3508 se-

1867 3554 2018 3608 debat
2051 3569 2211 3621 supra
2235 3553 2432 3620 fontem
2464 3549 2532 3603 "‘.

191 3680 287 3716 ται
309 3638 622 3729 είς-τέλος.
664 3662 730 3714 Ἡ
768 3657 1038 3730 αὐτοζωὴ,
1068 3659 1101 3728 ὴ
1163 3655 1412 3726 δύναμις,
1470 3655 1504 3722 ὴ
1537 3651 1816 3721 ἀκάματος
1855 3645 2036 3716 φύσις,
2073 3643 2365 3698 ἐκοπίασεν
2415 3643 2474 3695 ὲν
2501 3639 2580 3712 τῷ
2617 3638 2774 3694 αἰῶνι
2829 3639 3025 3709 τούτῳ,
3062 3638 3226 3709 ἡνίκα
3253 3641 3441 3691 Kano-

193 3753 418 3819 πιακὼς
441 3753 509 3806 ἐκ
534 3750 642 3819 τῆς
670 3750 1011 3818 ὁδοιπορίας
1045 3745 1346 3806 ἐκαθέζετο
1372 3742 1471 3796 ἐπὶ
1501 3740 1613 3810 τῆς
1637 3737 1856 3808 πηγῆς.

265 3846 318 3899 5.
357 3847 452 3912 Ὃς
470 3847 581 3900 οὐκ
601 3845 809 3914 ὄψεται
823 3841 1220 3912 καταφθορὰν,
1249 3839 1396 3893 ὅταν
1419 3836 1516 3907 ἴδῃ
1534 3834 1764 3911 σοφοὺς

1937 3832 1990 3888 5.
2022 3831 2184 3887 Vsus.
2223 3830 2309 3884 11.
2339 3829 2443 3895 Qui
2474 3844 2579 3882 non
2607 3825 2795 3882 uidebit
2821 3824 3092 3878 interitum
3112 3861 3127 3888 ,
3157 3839 3276 3877 cum
3303 3823 3444 3876 uide-

193 3911 698 4007 ἀποθνήσκοντας
731 3937 812 4006 (οὑ
855 3911 1017 3989 δώσει
1055 3933 1164 4005 γὰρ
1210 3931 1301 3985 τὸν
1345 3931 1491 3984 ὅσιον
1537 3926 1699 3982 αὑτοῦ
1736 3927 1757 3978 ὁ

1866 3925 1938 3977 rit
1965 3924 2226 3993 sapientes
2270 3923 2549 3973 morientes
2594 3917 2724 3988 (non
2771 3915 2918 3969 dabit
2965 3913 3109 3967 enim
3161 3911 3340 3977 Pater,
3376 3921 3438 3964 ut

197 4027 387 4100 Πατὴρ
418 4003 552 4080 ἰδεῖν
592 4003 931 4097 διαφθορὰν),
963 4024 1091 4077 ὅταν
1120 4003 1169 4074 οἱ
1191 4021 1291 4091 τὴν
1314 4017 1757 4090 καταργουμένην

1867 4020 2088 4066 sanctus
2125 4024 2256 4064 suus
2283 4008 2466 4063 videat
2493 4005 2898 4074 corruptionem
2917 4003 3011 4072 "),
3030 4013 3143 4056 tum
3178 4017 3298 4057 cum
3325 4016 3442 4056 mo-

199 4093 389 4187 σοφίαν
435 4093 724 4187 αὐχοῦντες
760 4093 1194 4185 ἀποθνήσκωσιν.
1247 4111 1310 4163 Εἰ
1352 4109 1408 4163 δὲ
1450 4108 1626 4179 βούλει
1675 4106 1757 4159 καὶ

1868 4107 2079 4163 rientur
2125 4104 2217 4175 qui
2267 4099 2584 4171 sapientiam
2639 4097 2975 4152 desinentem
3016 4093 3247 4162 jactant.
3281 4093 3435 4161 Quod

196 4186 291 4260 ἐπὶ
318 4186 619 4277 ἀνθρώπων
643 4205 864 4259 δικαίων
883 4203 1064 4256 λαϐεῖν
1084 4201 1151 4255 τὰ
1175 4199 1460 4272 εἰρημένα,
1495 4195 1757 4267 μνήσθητι

1869 4200 1914 4254 si
1948 4197 2110 4254 etiam
2137 4197 2200 4250 de
2226 4195 2385 4264 justis
2413 4205 2628 4260 quoque
2660 4187 2968 4242 hominibus
2999 4187 3114 4240 haec
3150 4186 3312 4240 verba
3345 4201 3438 4240 ac-

197 4301 292 4358 τσῦ
337 4275 458 4354 Ἰὼϐ
479 4299 745 4367 λέγοντοςο
774 4298 1116 4364 Ἀνθρωπος
1133 4289 1412 4362 γεννᾶται
1439 4289 1604 4351 κόπῳ
1622 4303 1634 4316 ·
1673 4285 1757 4338 καὶ

1870 4291 2053 4358 cipere
2096 4285 2352 4346 volueris,
2407 4282 2757 4336 reminiscere
2802 4277 2904 4333 Job
2953 4277 3184 4332 dicentis
3219 4292 3231 4325 :
3269 4275 3442 4330 Homo

200 4395 364 4450 πάλιν
406 4392 502 4446 τοῦ
553 4365 873 4444 Ἄποστόλου
899 4427 913 4452 ,
962 4388 1044 4441 ὅτι
1089 4385 1528 4454 Περισσότερον
1570 4378 1757 4434 αὐτῶν

1872 4380 2103 4434 nascitur
2149 4377 2217 4430 ad
2268 4372 2571 4428 laborem“
2600 4387 2614 4436 ;
2647 4379 2702 4425 et
2743 4383 2930 4423 rursus
2957 4367 3196 4436 Apostoli
3225 4383 3238 4420 :
3265 4365 3442 4419 Abun-

201 4485 441 4539 πάντων
462 4483 756 4536 ἐκοπίασα
779 4498 792 4511 ·
823 4481 916 4533 καὶ
938 4478 1019 4544 τὸ,
1055 4477 1157 4531 Ἐν
1186 4476 1395 4538 κόποις
1420 4469 1769 4539 περισσοτέ-

197 4593 338 4643 ρως.
385 4574 444 4628 '0
493 4569 585 4626 οὖν
630 4573 898 4634 κοπιάσας
942 4573 1000 4625 ὲν
1050 4569 1127 4641 τῷ
1170 4567 1327 4623 αίῶνι
1370 4565 1566 4636 τούτῳ,
1615 4556 1771 4626 οὗτος

204 4665 426 4736 ζήσεται
457 4665 538 4727 εἰς
577 4664 726 4726 τέλος
745 4680 758 4692 °
789 4665 817 4716 6
842 4662 898 4715 δὲ
931 4663 988 4715 ὲν
1017 4662 1195 4734 τρυφῇ
1223 4659 1319 4714 καὶ
1359 4656 1510 4730 πάσῃ
1556 4653 1772 4709 ὲκλύσει

203 4757 405 4824 διάγων
429 4795 443 4819 ,
480 4756 570 4810 διὰ
609 4757 672 4810 τὸ
709 4755 1052 4828 ἁϐροδίαιτον
1102 4751 1390 4824 πορφύραν
1433 4750 1529 4803 καὶ
1577 4747 1773 4818 βύσσον

206 4849 358 4902 ὲνδυό
365 4865 540 4919 μενος,
555 4848 649 4901 καὶ
665 4846 1086 4919 εὐφραινόμενος
1105 4841 1225 4898 καθ’
1247 4841 1462 4914 ἡμέραν
1479 4836 1772 4910 λαμπρῶς,

205 4939 303 4994 καὶ
333 4939 547 5009 φεύγων
586 4940 710 5004 τοὺς
759 4939 899 5010 ὑπὲρ
933 4937 1033 5006 τῆς
1075 4933 1278 5007 ἀρετῆς
1305 4931 1609 5003 καμάτους,
1649 4927 1775 4980 οὕτε

208 5030 496 5084 ἐκοπίασεν
534 5031 592 5082 ὲν
622 5028 700 5101 τῷ
742 5028 897 5082 αἰῶνι
937 5025 1148 5096 τούτῳ,
1191 5022 1315 5076 οὔτε
1351 5020 1577 5093 ζήσεται
1609 5020 1667 5072 ὲν
1697 5017 1776 5088 τῷ

211 5121 476 5193 μέλλοντι,
519 5120 655 5175 ἀλλὰ
688 5119 903 5191 μακρὰν
936 5117 1126 5186 ὄψεται
1158 5116 1259 5186 τὴν
1290 5113 1454 5185 ζωὴν,
1493 5107 1778 5182 βασανιζό-

213 5232 370 5285 μενος
395 5216 453 5268 ὲν
498 5216 566 5285 τῇ
611 5212 768 5283 φλογί
795 5212 895 5283 τῆς
931 5210 1184 5281 καμίνου.
1232 5207 1290 5260 '0
1323 5206 1379 5259 δὲ
1410 5203 1626 5276 μυρίοις
1664 5201 1778 5264 τοῖς

1873 4471 2082 4523 dantius
2107 4467 2210 4520 illis
2254 4463 2491 4518 omnibus
2515 4458 2838 4524 laboravi";
2875 4458 3002 4513 item
3040 4471 3057 4510 :
3091 4455 3156 4510 In
3177 4455 3442 4509 laboribus

1872 4560 2227 4614 abundantius
2250 4557 2317 4610 ⁵⁸.
2345 4556 2445 4622 Qui
2482 4555 2649 4624 igitur
2690 4552 2743 4605 in
2771 4551 2875 4604 hoc
2901 4548 3099 4603 saeculo
3144 4547 3430 4611 laboravit,

1875 4651 1962 4705 hic
2003 4651 2145 4705 vivet
2183 4649 2238 4702 in
2304 4647 2463 4700 linem
2502 4659 2515 4695 :
2547 4643 2639 4712 qui
2675 4656 2802 4696 vero
2856 4642 2908 4696 in
2951 4639 3155 4695 deliciis
3203 4653 3266 4694 ac
3293 4640 3444 4693 omni

1877 4739 2290 4807 intemperantia
2325 4735 2500 4805 degit,
2531 4735 2601 4788 ob
2650 4732 2930 4786 mollitiem
2977 4730 3201 4785 indutus
3242 4744 3445 4798 purpu-

1880 4849 1996 4889 ram
2025 4843 2078 4886 et
2122 4833 2364 4900 byssum,
2399 4836 2454 4882 et
2495 4826 2719 4896 epulans
2755 4823 2995 4892 quotidie
3041 4820 3318 4890 splendide
3345 4819 3392 4852 "
3424 4835 3441 4875 :

1881 4922 2202 4990 laboresque
2231 4919 2300 4974 ob
2339 4918 2594 4971 virtutem
2629 4911 2978 4984 perferendos
3018 4910 3246 4978 fugiens,
3277 4909 3324 4963 is
3353 4923 3448 4962 ne-

1879 5029 1983 5084 que
2010 5015 2060 5065 in
2094 5014 2194 5067 hoc
2225 5010 2422 5064 sazculo
2456 5007 2742 5071 laboravit,
2765 5018 2936 5072 neque
2970 5003 3110 5056 vivet
3137 5001 3187 5053 in
3225 5000 3442 5054 futuro:

1881 5101 1974 5156 sed
2003 5099 2214 5154 eminus
2256 5097 2420 5150 vitam
2457 5094 2677 5159 videbit,
2734 5093 2788 5146 in
2827 5091 3022 5145 camini
3062 5088 3276 5143 flamma
3321 5105 3448 5144 cru-

1883 5191 2076 5246 ciatus.
2107 5188 2207 5255 Qui
2241 5202 2366 5243 vero
2421 5184 2718 5242 innumeris
2770 5182 3156 5241 certaminibus
3203 5198 3301 5252 pro
3333 5184 3445 5236 vir-

284 5370 327 5405 “
359 5367 378 5421 l
403 5368 528 5423 Cor.
550 5382 627 5428 vr.
659 5367 752 5422 20.
826 5365 872 5398 ⁸ο
899 5363 922 5419 ι
947 5361 1094 5418 Petr.
1124 5377 1184 5422 II,
1212 5357 1302 5414 22.
1379 5359 1421 5428 ει
1448 5354 1747 5428 ιεοειιιζῦ.
1819 5349 1866 5380 ⁸²
1888 5341 2030 5428 Ρξξι.
2049 5338 2284 5428 ΧΗ,-
2359 5338 2406 5370 ⁵³
2434 5337 2598 5428 ﬂeob'r.
2617 5351 2713 5428 VIII;
2738 5334 2828 5428 g6,
2859 5333 2949 5387 27.
3023 5330 3254 5428 ‘Lfoan.
3282 5347 3355 5396 Iv,
3391 5335 3444 5387 6.

213 5443 258 5474 ιι
287 5403 645 5504 istiisti)
662 5403 830 5505 ἷῖοι.
853 5403 1363 5503 ιιζ,ἐ·ι“ἶ“”ῗῖ1‹ἶιῖ’ν,
1393 5403 1757 5480 ἰῗῖῗιϊόὲ

1863 5433 1902 5484 ι,
1930 5413 2011 5467 10.
2089 5403 2205 5464 “ill
2232 5410 2358 5464 Cor.
2388 5423 2467 5473 xI,
2497 5407 2587 5460 εδ.
2664 5406 2708 5437 ³⁸
2739 5404 2871 5460 Luc.
2901 5418 3012 5468 va,
3044 5403 3132 5456 l9.

214 5551 457 5624 Optbrrwv
502 5550 653 5624 deest
706 5548 761 5604 in
793 5544 1003 5624 majori
1040 5553 1203 5624 parte
1245 5555 1379 5594 mss.
1420 5536 1542 5592 Mox
1575 5541 1778 5606 septem

216 5613 346 5676 υἷες.
374 5621 760 5743 πολυτίμέτον.
793 5613 937 5672 Editi
970 5613 1287 5735 πολύτιῖον.

288 5693 398 5743 (81)
458 5693 579 5743 Οὺκ
639 5692 928 5743 νθοωπος.
973 5683 1096 5738 Νοη
1193 5698 1287 5736 amt

288 5675 398 5761 (81)
458 5675 928 5761 Οὺάᾶνθρωπος,
966 5683 1096 5761 _Non
1155 5675 1332 5736 homo.
1386 5675 1497 5733 lloc
1530 5683 1635 5741 est,
1678 5687 1782 5727 non

219 5755 634 5831 homo'simplex,
666 5755 755 5813 sed
783 5757 922 5810 Deus
957 5755 1128 5808 homo.

1957 5523 2066 5596 (82)
2095 5523 2274 5579 Editio
2316 5521 2486 5596 B_asil1
2511 5535 2633 5574 cum
2677 5534 2808 5574 mss.
2835 5503 3027 5588 χρείαν
3070 5516 3247 5587 ἔσχεν.
3277 5517 3445 5574 Editio

1885 5589 2013 5651 vero
2039 5589 2210 5648 Paris.
2243 5591 2430 5664 χρείαν
2463 5589 2622 5660 ἔχων.
2643 5658 2678 5664 _
2700 5657 2733 5664 η
2767 5657 2778 5664 _
2974 5657 2986 5664 _
3093 5655 3120 5664 _
3201 5657 3213 5664 _
3294 5655 3316 5664 _
3454 5599 3471 5625 κ

1957 5665 2069 5734 (85)
2097 5665 2170 5734 lla
2204 5655 2446 5734 quinque
2475 5655 2605 5734 niss.
2643 5657 2780 5734 Editi
2815 5671 2942 5713 vero
2970 5657 3028 5712 ὲν
3053 5655 3130 5726 τῷ
3156 5655 3338 5709 αὑτοῦ.

1963 5725 2075 5807 (84)
2095 5725 2260 5790 Coisl.
2293 5725 2481 5785 ’σοῦν
2513 5727 2894 5799 λυτρούμενος.
