3836 6222
353 299 460 355 M5

1696 291 1751 346 S.
1795 289 2036 344 BASlLll
2075 289 2293 342 MAGNI

3531 292 3630 345 ιιι

354 423 469 469 tute
496 409 791 473 desudarit,
821 409 979 480 182
1016 409 1217 480 quique
1244 449 1260 474 ,
1294 418 1354 463 ιιι
1386 423 1505 464 eam
1537 416 1937 478 assequeretur,

2063 405 2182 474 νπὲρ
2231 403 2331 473 τῆς
2376 403 2576 475 ἀρετῆς
2607 403 2812 471 ἀγῶσιν
2860 402 3172 476 ὲνιδρὼσας,
3208 404 3305 457 καὶ
3337 405 3497 474 ὑπὲρ
3542 408 3634 458 τοῦ

356 503 633 558 laboribus
682 502 926 571 pluribus
963 510 1204 556 tentatus
1253 500 1453 567 fuerit,
1484 501 1732 555 victurus
1770 509 1852 553 est
1882 499 1935 550 in

357 595 542 659 ﬁnem,
567 593 716 648 velut
759 593 848 646 ille
879 593 992 659 ipse
1017 594 1112 662 qni
1159 592 1386 646 multum
1420 591 1684 646 laboravit
1716 589 1768 643 in
1807 587 1940 641 allli-

355 687 628 741 etionibus
647 685 888 740 Lazarus
909 685 989 744 “z
1018 683 1161 738 velut
1187 684 1276 739 ille
1300 684 1414 753 ipse
1435 684 1523 749 qui
1559 684 1610 735 in
1634 683 1941 736 certamini-

358 777 458 830 bus
480 785 666 830 contra
694 774 1064 828 adversarium
1099 771 1345 826 defessus
1373 770 1656 826 estJobus.
1678 771 1939 836 Ibienim,

361 868 551 936 inquit,
579 868 932 934 requievenmt
962 865 1086 934 fessi
1106 865 1171 921 “.
1195 864 1536 933 Quapropter
1560 865 1724 918 etiam
1761 863 1944 917 Domi-

362 963 572 1027 nus1eos
593 960 682 1027 qui
709 959 959 1012 laborant
987 973 1050 1012 ac
1083 957 1292 1011 onerati
1335 968 1481 1023 sunt,
1501 958 1567 1010 ad
1596 957 1838 1024 requiem
1861 955 1942 1009 in-

361 1051 496 1106 vitat
525 1053 591 1106 “.
612 1051 896 1116 Quomodo
945 1050 1110 1117 igitur
1139 1050 1227 1117 qui
1263 1049 1315 1102 in
1341 1049 1495 1102 bonis
1512 1048 1766 1118 operibus
1796 1047 1944 1100 labo-

363 1153 506 1208 rant,
529 1145 782 1200 dicuntur
801 1144 1010 1198 onerati
1034 1143 1057 1197 ?
1083 1141 1219 1210 Quia
1240 1139 1436 1195 Euntes
1467 1142 1615 1194 ibant
1641 1152 1687 1194 et
1723 1141 1941 1209 ﬂebant,

371 1239 628 1291 mittentes
674 1239 872 1290 semina
901 1252 1000 1290 sua
1032 1249 1050 1286 :
1076 1235 1335 1288 venientes
1366 1242 1540 1287 autem
1588 1234 1788 1286 venient
1827 1245 1944 1284 cum

361 1328 732 1394 exsultatione,
750 1336 1018 1396 portantes
1037 1325 1334 1396 manipulos
1350 1341 1471 1378 suos
1487 1325 1532 1356 ⁸³
1550 1324 1814 1378 fructibus
1839 1324 1945 1392 ple-

365 1436 485 1485 nos,
509 1420 601 1490 qui
644 1435 740 1488 pro
784 1419 991 1473 ratione
1035 1434 1222 1474 eorum
1262 1432 1381 1487 qua:
1428 1428 1543 1472 sata
1582 1417 1761 1479 fuere,
1804 1415 1936 1482 ipsis

367 1514 560 1569 redditi
589 1522 731 1567 sunt.
751 1512 970 1568 Onerati
991 1511 1170 1580 itaque
1184 1511 1461 1574 dicuntur,
1480 1507 1593 1576 qui,
1614 1505 1756 1575 quod
1777 1504 1942 1559 semi-

367 1606 630 1661 naruntin
650 1603 1137 1668 benedictionibus,
1157 1603 1223 1656 de
1249 1599 1714 1657 benedictionibus
1744 1606 1798 1650 et
1831 1609 1947 1648 me—

369 1697 565 1760 tunt“,
583 1705 639 1751 et
659 1711 779 1750 cum
803 1695 984 1750 laatitia
1012 1693 1336 1763 sempiterna
1368 1687 1670 1757 manipulos
1695 1686 1950 1766 spiritua-

370 1790 498 1842 lium
534 1788 807 1841 l'ructuum
844 1787 946 1842 sibi
970 1786 1101 1856 ipsis
1131 1791 1415 1852 reponunt.
1438 1780 1541 1848 Qui
1572 1793 1702 1848 ergo
1736 1778 1946 1832 redem-

372 1889 496 1948 ptus
516 1888 599 1932 est
628 1892 726 1945 per
751 1877 942 1941 Deum,
969 1875 1058 1944 qui
1089 1889 1186 1944 pro
1218 1888 1284 1928 eo
1320 1873 1467 1926 dedit
1494 1871 1874 1940 placationem,
1905 1869 1949 1921 is

379 1969 595 2038 quidem
651 1969 702 2022 in
731 1968 834 2023 hoc
864 1965 1060 2022 szeculo
1087 1965 1384 2031 laboravit,
1430 1972 1613 2032 postea
1649 1975 1776 2014 vero
1806 1958 1950 2012 vivet

382 2061 435 2115 in
459 2060 642 2116 linem.
663 2057 760 2112 Hic
791 2059 953 2112 etiam
981 2055 1105 2108 Non
1137 2055 1326 2109 videbit
1356 2053 1644 2114 interitum,
1663 2066 1778 2103 cum
1805 2047 1950 2101 vide-

373 2154 440 2207 rit
461 2155 717 2222 sapientes
745 2151 1039 2204 morientes.
1069 2148 1172 2215 Qui
1217 2155 1500 2216 angustam
1528 2153 1584 2200 et
1615 2143 1946 2198 laboriosam

369 2246 536 2298 vitam
566 2259 674 2312 pra:
705 2242 861 2311 plana
903 2255 967 2295 ac
1008 2239 1154 2294 molli
1185 2237 1510 2309 elegerit,in
1547 2247 1789 2304 tempore
1822 2233 1952 2286 visi-

373 2335 590 2391 tationis
635 2335 762 2398 Dei,
793 2348 916 2388 cum
952 2331 1289 2386 abducentur
1316 2331 1384 2382 ad
1423 2338 1683 2382 aeternam
1734 2341 1948 2395 pinnam

376 2429 411 2482 ii
445 2426 564 2497 qui,
601 2436 660 2479 ut
693 2440 796 2480 non
830 2423 1176 2480 crediderunt
1199 2421 1380 2477 verbis
1419 2420 1538 2486 Dei,
1576 2421 1648 2474 ita
1675 2429 1796 2489 post
1827 2417 1950 2471 vani

372 2519 453 2574 sui
487 2517 665 2574 cordis
695 2517 958 2571 desideria
1003 2513 1440 2578 ambulaverunt,
1471 2511 1560 2566 hie
1613 2526 1719 2564 non
1751 2508 1953 2562 videbit

371 2621 627 2667 aeternum
660 2611 930 2665 interitum
954 2649 968 2670 ,
997 2607 1340 2660 alllictionem
1373 2604 1621 2659 videlicet
1657 2602 1800 2655 illam
1833 2616 1952 2670 per-

373 2712 530 2772 petuo
551 2704 882 2756 duraturam.
920 2699 1205 2768 Sapientes
1241 2706 1419 2749 autem
1443 2695 1574 2748 dicit
1611 2694 1779 2746 autin
1807 2705 1954 2745 astu-

375 2795 446 2846 tia
474 2792 820 2854 exercitatos,
849 2791 915 2844 de
955 2789 1153 2858 quibus
1197 2788 1273 2840 ait
1317 2785 1586 2840 Jeremias
1621 2801 1634 2837 :
1678 2783 1952 2852 Sapientes

371 2893 513 2951 sunt,
534 2892 588 2935 ut
614 2882 812 2951 faciant
841 2881 1004 2944 mala,
1036 2879 1160 2932 bene
1193 2887 1370 2931 autent
1402 2876 1575 2946 facere
1603 2879 1838 2930 nesciunt
1865 2875 1911 2906 “
1935 2891 1950 2928 :

375 2987 470 3028 aut
497 2974 766 3044 sapientes
795 2972 926 3026 dicit
955 2971 1120 3025 etiam
1150 2969 1489 3038 pereuntium
1517 2968 1818 3038 principum
1851 2968 1948 3022 ltu-

2040 496 2326 550 ἀναλαϐεῖν
2349 496 2515 566 αὐτὴν
2553 497 2611 548 tv
2636 496 2824 559 κόποις
2853 496 3253 567 περισσοτέρως
3278 496 3636 563 tiara-3021;,

2041 582 2195 651 οὗτός
2224 589 2370 641 ἐστιν
2406 589 2434 640 ὁ
2473 587 2659 657 ζήσειν
2707 588 2916 658 μέλλων
2949 589 3028 651 εἰς
3056 588 3240 651 τέλος,
3279 588 3360 652 ὡς
3389 590 3422 642 ὁ
3461 589 3642 642 πολλὰ

2041 679 2310 742 κοπιάσας
2330 681 2386 731 tv
2416 679 2628 749 Θλίψεσι
2659 679 2939 751 Λάζαρος·
2963 679 3039 744 ὡς
3065 681 3093 732 ὁ
3119 680 3445 743 κατάκοπος
3481 681 3646 747 γενό-

2045 788 2204 840 μενος
2227 772 2283 823 ἐν
2313 774 2424 834 τοῖς
2457 773 2594 843 πρὸς
2623 771 2716 824 τὸν
2745 771 2983 824 ἐναντίον
3011 772 3214 841 ἀγῶσιν
3251 771 3399 826 Ἰώϐο
3459 772 3644 834 Ἐκεῖ,

2041 862 2171 933 γὰρ,
2200 864 2352 932 φησί,
2381 863 2704 917 κατάκοποι
2725 865 3164 918 ἀνεπαύσαντο.
3191 863 3281 917 Διὸ
3314 865 3416 918 καὶ
3449 863 3484 915 ὁ
3528 865 3646 916 Κύ-

2045 971 2158 1025 ριος
2183 955 2340 1008 καλεῖ
2375 955 2482 1026 (85)
2529 956 2664 1028 πρὸς
2693 957 2789 1026 τὴν
2820 957 3123 1011 ἀνάπαυσιν
3151 957 3278 1020 τοὺς
3311 956 3648 1019 κοπιῶντας

2043 1049 2137 1101 καὶ
2163 1049 2647 1119 πεφορτισμένους.
2679 1049 2803 1113 Πῶς
2832 1046 2923 1103 οὖν
2951 1051 3002 1103 οἱ
3033 1049 3336 1113 κοπιῶντες
3353 1051 3413 1101 ἐν
3448 1048 3650 1120 ἔργοις

2045 1139 2269 1207 ἀγαθοῖς
2299 1141 2716 1212 πεφορτισμένοι
2755 1141 3039 1210 λέγονται;
3073 1143 3194 1195 Ὅτι
3223 1141 3651 1210 Πορευόμετοι

2044 1232 2404 1300 ἐπορεύοντο
2432 1235 2529 1288 καὶ
2551 1235 2816 1297 ἔκλαιον,
2835 1235 3172 1300 βάλλοντες
3209 1234 3281 1286 τὰ
3314 1236 3652 1300 σπέρματα

2045 1323 2263 1378 αὐτῶν·
2278 1325 2586 1394 ἐρχόμενοι
2600 1325 2668 1378 δὲ
2685 1325 2944 1394 ἥξουσιν
2956 1326 3028 1378 ἐν
3040 1323 3422 1394 ἀγαλλιάσει,
3437 1324 3656 1391 alpor-

2047 1434 2145 1482 τες
2200 1417 2272 1471 τὰ
2327 1418 2635 1488 δράγματα
2681 1418 2881 1472 αὐτῶν
2929 1417 3335 1489 πεπληρωμένα
3373 1414 3651 1484 καρπῶν,

2048 1510 2158 1563 τῶν
2176 1509 2318 1564 κατὰ
2333 1510 2433 1582 τὴν
2453 1511 2746 1579 ἀναλογίαν
2764 1510 3124 1581 ὲσπαρμένων
3140 1508 3531 1563 ἀποδοθέντων
3553 1507 3657 1560 αὑ-

2048 1601 2178 1662 τοῖς.
2211 1601 2635 1670 Πεφορτισμένοι
2670 1595 2762 1653 οὖν
2796 1599 3043 1668 λέγονται
3075 1601 3123 1651 οί
3146 1639 3160 1662 ,
3195 1598 3284 1652 διὰ
3310 1599 3378 1652 τὸ
3410 1602 3653 1668 σπεῖραι

2051 1692 2136 1743 ἐπ’
2166 1691 2458 1759 εὐλογίαις,
2497 1693 2583 1745 ἐπ’
2607 1691 2878 1760 εὐλογίαις
2896 1693 2989 1745 καὶ
3018 1690 3324 1762 θερίζοντες
3357 1691 3505 1760 (86),
3552 1691 3654 1742 καὶ

2054 1783 2170 1854 μετ’
2197 1784 2534 1854 εὐφροσύνης
2562 1785 2783 1837 αἰωνίου
2815 1783 2884 1837 τὰ
2918 1784 3027 1837 τῶν
3062 1783 3453 1854 πνευματικῶν
3508 1799 3654 1852 καρ-

2052 1877 2168 1929 πῶν
2196 1878 2407 1941 ἑαυτοῖς
2437 1878 2834 1948 ὲπαναθέμενοι
2862 1877 3172 1948 δράγματα.
3215 1878 3272 1929 Ὀ
3297 1870 3394 1928 οὖν
3425 1874 3654 1945 λυτρω-

2051 1968 2164 2032 Θείς
2192 1969 2280 2022 διὰ
2325 1969 2419 2022 τοῦ
2468 1969 2760 2032 δεδοικότος
2793 1969 2928 2022 Θεοῦ
2963 1969 3102 2040 ὑπὲρ
3129 1965 3293 2021 αὑτοῦ
3341 1966 3646 2035 ὲξίλασμα,

2051 2053 2205 2122 οὗτος
2242 2060 2500 2114 ἐκοπίασε
2551 2061 2648 2132 μὲν
2696 2063 2775 2124 εἰς
2807 2061 2897 2113 τὸν
2924 2061 3095 2114 αἰῶνα
3138 2060 3353 2123 τοῦτον,
3388 2059 3538 2129 μετὰ
3588 2058 3648 2110 δὲ

2050 2152 2226 2207 ταῦτα
2258 2153 2480 2223 ζήσεται
2508 2155 2587 2216 εἰς
2611 2152 2783 2216 τέλος.
2814 2148 2982 2216 Οὗτος
3017 2154 3110 2206 καὶ
3137 2155 3260 2206 Οὐκ
3289 2152 3508 2219 ὄψεται
3543 2166 3650 2202 κα-

2053 2245 2377 2314 ταφθορὰν,
2412 2244 2558 2297 ὅταν
2605 2244 2703 2313 ἴδῃ
2750 2245 2982 2312 σοφοὺς
3011 2242 3548 2310 ἀποθνήσκοντας.
3589 2240 3650 2292 Ὁ

2050 2338 2147 2409 τὴν
2179 2336 2368 2408 στενὴν
2390 2338 2483 2390 καὶ
2513 2336 2744 2405 ἐγκοπον
2775 2337 2890 2390 ὁδὸν
2926 2336 3031 2406 πρὸ
3053 2337 3152 2406 τῆς
3177 2335 3328 2398 λείας
3368 2333 3466 2386 καὶ
3495 2335 3650 2385 ἀνει-

2056 2430 2222 2501 μένης
2257 2428 2634 2499 ὲκλεξάμενος,
2671 2429 2728 2481 ὲν
2763 2427 2840 2498 τῷ
2871 2426 3050 2498 καιρῷ
3072 2429 3168 2497 τῆς
3197 2425 3517 2494 ἐπισκοπῆς
3548 2422 3646 2476 τοῦ

2052 2518 2210 2583 Θεοῦ,
2245 2518 2609 2588 ἀπαγομένων
2636 2520 2716 2580 εἰς
2755 2517 2850 2588 τὴν
2879 2515 3099 2571 αἰωνίαν
3129 2515 3352 2568 κόλασιν
3381 2514 3494 2567 τῶν
3526 2515 3651 2566 ἁπι-

2056 2613 2368 2681 στησάντων
2405 2610 2503 2680 μὲν
2549 2614 2664 2674 τοῖς
2709 2611 2888 2678 λόγοις
2919 2609 3011 2663 τοῦ
3046 2610 3180 2663 Θεοῦ
3203 2650 3218 2672 ,
3259 2611 3650 2681 πορευθέντων

2052 2702 2108 2754 δὲ
2136 2701 2311 2754 ὀπίσω
2337 2699 2444 2752 τῶν
2478 2699 2798 2770 Θελημάτων
2818 2699 2916 2769 τῆς
2947 2699 3173 2771 καρδίας
3193 2698 3375 2752 αὐτῶν
3409 2698 3516 2768 τῆς
3548 2714 3651 2769 μα-

2052 2795 2212 2857 ταίας
2234 2793 2371 2866 (87),
2403 2787 2557 2855 οὗτος
2571 2792 2668 2863 τὴν
2696 2792 2910 2845 αἰώνιον
2940 2791 3311 2863 καταφθορὰν,
3342 2792 3450 2861 τὴν
3476 2794 3560 2855 εἰς
3591 2791 3651 2843 τὸ

2060 2886 2310 2955 διηνεκὲς
2356 2884 2727 2938 κακοπάθειαν
2765 2884 2865 2936 οὐκ
2905 2883 3114 2952 ὄψεται,
3160 2883 3368 2951 Σοφοὺς
3401 2882 3464 2935 δὲ
3497 2882 3650 2950 λέγει

2055 2979 2173 3049 ἤτοι
2196 2978 2320 3040 τοὺς
2342 2977 2546 3039 δεινοὺς
2577 2977 2634 3028 tv
2666 2976 2994 3048 πανουργίᾳ,
3021 2975 3151 3047 περὶ
3195 2968 3271 3028 ῶν
3311 2992 3453 3045 φησι
3489 2975 3650 3045 Ἱερε-

369 3066 456 3134 jus
485 3066 660 3121 seculi
702 3064 1018 3131 discipulos,
1041 3063 1134 3132 qui
1164 3061 1404 3116 Dicentes
1437 3077 1490 3114 se
1522 3077 1633 3114 esse
1665 3061 1946 3124 sapientes,

2063 3068 2188 3140 μίας
2214 3067 2348 3137 (88),
2380 3069 2461 3121 ὅτι
2497 3067 2683 3135 Σοφοί
2703 3068 2821 3120 εισι
2849 3065 2956 3120 τοῦ
2990 3062 3430 3132 κακοποιῆσαι,
3462 3063 3532 3116 τὸ
3584 3063 3651 3115 δὲ

374 3161 521 3214 stulti
553 3160 681 3230 [acti
711 3169 829 3212 sunt
847 3159 914 3211 ⁵⁸.
943 3157 1075 3210 Nam
1109 3155 1378 3224 Sapientia
1405 3155 1562 3225 hujus
1595 3155 1776 3208 mundi
1814 3154 1946 3208 stul-

377 3255 496 3308 titia
519 3265 592 3306 est
633 3253 771 3317 apud
801 3250 968 3304 Deum
997 3249 1062 3302 ⁸⁷.
1097 3248 1161 3300 Ει
1194 3248 1319 3316 quia
1361 3249 1474 3301 haec
1509 3246 1775 3316 sapientia
1815 3245 1948 3299 stul-

378 3357 459 3399 tos
487 3345 632 3408 facit,
659 3344 777 3397 ideo
805 3341 945 3397 Deus
977 3342 1310 3410 perditurum
1346 3355 1405 3395 se
1431 3354 1550 3393 esse
1577 3340 1705 3393 dicit
1734 3339 1947 3408 sapien-
1974 3351 1978 3355 ·

379 3437 502 3489 tiam
546 3433 891 3504 sapientium,
928 3441 982 3487 et
1026 3431 1365 3500 prudentiam
1405 3430 1745 3498 prudentium
1775 3443 1952 3497 repro-

376 3526 623 3579 batnrum
655 3526 722 3578 “.
756 3524 1144 3579 Persuasiones
1171 3522 1334 3589 igitur
1357 3522 1514 3591 hujus
1551 3521 1791 3575 scientia:
1815 3519 1950 3575 l‘also

377 3614 684 3677 nominatte,
715 3615 801 3676 iis,
847 3615 936 3682 qui
983 3627 1076 3666 eas
1122 3611 1452 3680 exceperint,
1497 3610 1686 3664 mortis
1728 3625 1948 3665 causam

377 3704 605 3759 alterunt
631 3724 644 3760 :
671 3722 830 3776 quam
866 3715 1097 3759 mortem
1139 3719 1242 3757 ιιοιι
1289 3702 1493 3756 videbit
1523 3702 1611 3770 qui
1643 3702 1949 3771 redemptus

375 3807 460 3851 est
501 3798 583 3852 ab.
611 3813 698 3862 eo,
741 3797 825 3851 cni
859 3798 1028 3850 visum
1062 3806 1148 3850 est
1180 3798 1232 3849 in
1286 3795 1685 3864 praedicationis
1722 3794 1948 3849 stultitia

375 3892 658 3944 credentes
697 3889 838 3942 salva
848 3903 924 3941 re.

2052 3159 2246 3213 καλὸν
2261 3158 2511 3227 ποιῆσαι
2537 3161 2608 3212 οὐ
2638 3157 3059 3229 γινώσκουσιν·
3086 3156 3118 3227 ἦ
3154 3157 3355 3225 σοφοὺς
3375 3157 3534 3224 λέγει
3559 3158 3650 3209 καὶ

2049 3253 2178 3315 τοὺς
2214 3251 2464 3322 μαθητὰς
2494 3250 2602 3303 τῶν
2652 3251 2928 3322 ἀρχόντων
2957 3249 3050 3302 τοῦ
3086 3249 3281 3312 αἰῶνος
3309 3249 3509 3302 τούτου
3541 3249 3652 3302 τῶν

2055 3341 2537 3414 καταργουμένων,
2568 3343 2782 3406 οἵτινες,
2831 3341 3179 3407 Φάσκοντες
3227 3338 3385 3395 εἶναι
3440 3343 3648 3410 σοφοὶ,

2056 3435 2509 3504 ἐμωράνθησαν.
2539 3433 2682 3485 Διότι
2715 3433 2776 3489 Ἡ
2820 3433 3007 3500 σοφία
3030 3430 3137 3484 τοῦ
3165 3433 3401 3500 κόσμου
3430 3433 3649 3485 τούτου

2053 3526 2242 3594 μωρία
2276 3525 2434 3592 παρὰ
2467 3523 2547 3590 τῷ
2593 3523 2734 3588 Θεῷ.
2778 3525 2886 3576 Καὶ
2921 3523 3006 3575 διὰ
3042 3523 3104 3576 τὸ
3144 3518 3284 3576 εἶναι
3332 3524 3648 3594 μωροποιὸν

2057 3615 2154 3686 τὴν
2193 3615 2382 3684 σοφίαν
2410 3615 2632 3686 ταύτην,
2670 3614 2955 3668 ἀπολέσειν
2988 3614 3153 3683 φησὶν
3188 3615 3215 3666 ὁ
3243 3614 3378 3678 Θεὸς
3408 3614 3525 3682 (89)
3549 3613 3645 3684 τὴν

2059 3706 2252 3774 σορίαν
2284 3705 2392 3757 τῶν
2442 3706 2641 3774 σοφῶν,
2701 3709 2792 3756 καὶ
2829 3706 2928 3775 τὴν
2987 3704 3200 3756 σύνεσιν
3245 3704 3356 3757 τῶν
3402 3705 3644 3757 συνετῶν

2055 3797 2362 3867 ἀθετήσειν.
2395 3798 2458 3850 Δί
2490 3793 2583 3850 οὖν
2610 3795 2962 3866 πιθαιιότητες
2989 3798 3085 3867 τῆς
3110 3796 3472 3867 ψευδωνύμου
3502 3795 3639 3866 γνώ-

2057 3910 2214 3956 σεως,
2243 3891 2473 3946 Θανάτου
2521 3892 2698 3946 αἰτίαν
2727 3895 2839 3954 τοῖς
2877 3893 3341 3963 παραδεξαμένοις
3368 3893 3637 3964 παρέχον-

374 3999 494 4036 ται·
529 3984 708 4038 ὅντινα
728 3981 952 4035 Θάνατον
988 3981 1088 4034 οὐκ
1109 3979 1296 4050 ὄψεται
1331 3981 1359 4032 ὁ
1391 3976 1684 4049 λυτρωθείς
1716 3974 1821 4028 ὑπὸ
1876 3975 1970 4030 τοῦ
2010 3981 2400 4052 εὐδοκήσαντος
2466 3983 2522 4034 ὲν
2584 3982 2650 4050 τῇ
2704 3981 2886 4052 μωρία
2931 3980 3025 4032 τοῦ
3069 3980 3423 4052 κηρύγματος
3473 3982 3640 4033 σῶσαι

375 4077 499 4138 τοὺς
527 4073 898 4136 πιστεύοντας.

447 4168 499 4222 6.
538 4165 704 4222 Simul
726 4167 970 4234 insipiens
986 4173 1033 4219 et
1062 4164 1252 4218 stultus
1279 4162 1539 4229 peribunt,
1568 4169 1618 4216 et
1657 4162 1948 4233 relinquent

379 4259 564 4312 alienis
599 4259 805 4312 divitias
838 4274 959 4310 suas
991 4271 1008 4308 :
1047 4257 1216 4321 (VERS.
1255 4254 1341 4324 12)
1387 4264 1433 4307 et
1473 4254 1708 4323 sepulcra
1747 4270 1974 4318 eorum,

2129 4163 2180 4217 6.
2232 4161 2362 4216 Ἐπὶ
2384 4161 2450 4213 τὸ
2479 4161 2626 4215 αὺτό
2657 4160 2863 4229 ἀείρων
2893 4162 2993 4214 καὶ
3025 4161 3209 4226 ἄνους
3236 4162 3632 4227 ἁπολουνται,

2055 4257 2153 4309 καὶ
2194 4255 2673 4321 καταλείψουσιν
2713 4254 3055 4321 ἀλλοτρίοις
3088 4253 3194 4306 τὸν
3233 4254 3511 4308 πλοῦτον
3542 4259 3639 4311 αὑ-

381 4350 565 4403 domus
611 4348 819 4401 illorum
869 4349 923 4399 in
961 4358 1232 4400 teter-num.
1269 4345 1627 4398 Tabernacula
1674 4361 1850 4398 eorum
1897 4346 1946 4397 in

2063 4347 2188 4401 τῶν.
2241 4347 2347 4402 Καὶ
2387 4351 2441 4401 οὶ
2475 4347 2648 4416 τάφοι
2687 4346 2889 4400 αὐτῶν
2934 4349 3113 4401 οἰκίαι
3154 4347 3356 4401 αὐτῶν
3399 4353 3492 4415 είς
3543 4352 3638 4405 τὸν

381 4437 672 4507 progeniem
709 4447 756 4489 et
798 4436 1126 4506 progeniem,
1163 4443 1471 4488 vocaverunt
1516 4435 1728 4487 nomina
1761 4450 1857 4487 sua
1893 4434 1948 4485 in

379 4531 546 4583 terris.
594 4528 650 4582 ln
681 4527 1050 4598 superioribus
1085 4542 1190 4581 uno
1230 4527 1461 4592 generali
1498 4527 1712 4580 nomine
1734 4527 1946 4595 sapien-

381 4627 460 4671 tes
500 4620 731 4682 vocavit,
770 4634 904 4686 quos
960 4633 1102 4672 nunc
1142 4617 1410 4678 dividens,
1447 4617 1764 4683 insipientes
1818 4615 1948 4670 dicit

379 4719 433 4762 et
455 4710 664 4766 stultos.
698 4711 878 4764 Palam
921 4722 1003 4764 est
1037 4711 1210 4778 ipsum
1263 4724 1355 4763 eos
1391 4707 1662 4776 sapientes
1698 4721 1944 4773 vocasse,

381 4803 482 4856 hoc
519 4803 733 4855 nomine
761 4817 824 4855 ex
857 4815 1042 4855 eorum
1073 4801 1328 4868 Opinione
1373 4813 1550 4854 usum.
1583 4798 1946 4864 Quemadmo-

381 4895 506 4945 dum
534 4899 588 4946 el.
623 4892 863 4946 nominat
890 4894 1040 4955 deos,
1075 4893 1168 4960 qui
1216 4889 1290 4944 dii
1326 4907 1430 4945 non
1470 4901 1595 4943 sunt
1628 4900 1846 4955 natura,
1869 4906 1949 4944 er-

1160 5004 1202 5035 ⁶¹
1228 5002 1327 5058 Job
1362 5019 1446 5067 ιιι,
1482 5003 1570 5055 l7.

450 5004 496 5036 "
537 5002 667 5058 Luc.
696 5019 807 5064 xvt,
834 5003 904 5057 20
932 5019 1084 5074 seqq.
1160 5004 1202 5035 ⁶¹
1228 5002 1327 5058 Job
1362 5019 1446 5067 ιιι,
1482 5004 1504 5055 l

453 5115 466 5128 .
544 5075 588 5105 ‘°
622 5073 774 5128 Boni.
815 5089 857 5128 ι.
891 5074 981 5127 22.
1060 5075 1104 5107 ⁸⁷
1134 5072 1154 5127 l
1181 5073 1306 5128 Cor.
1336 5089 1418 5128 ιιι.
1447 5073 1511 5126 l9

377 5073 466 5129 22.
544 5075 588 5105 ⁸⁸
622 5073 774 5128 Rom.
815 5089 857 5140 ι,
891 5074 981 5127 22.

587 5206 664 5280 lla
703 5223 833 5280 mss.
854 5216 1091 5280 septem.
1126 5206 1264 5260 Editi
1294 5221 1704 5278 προσκαΑειται.

452 5277 565 5349 (86)
603 5279 709 5349 δίο,
739 5277 922 5349 Regii“
947 5279 1160 5339 tertius,
1203 5286 1566 5349 quartus__e_t_
1591 5287 1942 5349 sextus__cum

380 5346 591 5404 duobus
647 5348 766 5402 aliis
814 5347 1134 5400 Colbertinis
1161 5355 1215 5400 et
1259 5363 1380 5399 cum
1427 5346 1594 5398 Coisl.
1624 5347 1694 5398 At
1733 5347 1860 5396 editi
1896 5356 1950 5397 et

383 5417 620 5550 ηἱὲιιιιιιιί
665 5433 799 5473 mss.
826 5417 992 5471 διὰτὸ
1027 5419 1244 5487 σπεῖραι
1281 5417 1367 5469 ἐπ’
1401 5414 1671 5482 εὐλογίαις
1692 5454 1705 5479 ,
1739 5416 1834 5468 καὶ
1863 5413 1950 5466 θε-

384 5505 414 5550 ρ
473 5505 640 5550 οντες.

473 5505 640 5551 οντες.

384 5505 640 5558 ριζοντες.

454 5559 565 5624 (87)
595 5559 721 5622 Reg.
766 5557 956 5610 tertius
977 5555 1085 5609 τῶν
1136 5554 1396 5626 ματαίων.
1440 5553 1641 5626 Ibidem
1666 5553 1716 5606 in
1748 5553 1944 5622 aliqui-

385 5627 482 5679 bus
521 5623 649 5680 mss.
686 5628 877 5694 legitur
897 5623 1210 5688 αἰώνιονζίιι
1241 5625 1360 5694 aliis
1397 5623 1640 5677 αἰωνίαν.

455 5697 564 5756 (83)
599 5692 771 5750 Editio
798 5696 970 5750 Paris.
995 5699 1023 5747 ὁ
1064 5693 1353 5762 Ἱερεμίας.
1384 5694 1542 5749 Deest
1593 5692 1853 5749 articulus
1889 5694 1941 5748 in

1663 5004 1706 5034 θ’
1731 5003 1918 5056 Matth.
1955 5021 2031 5065 κι.
2068 5006 2159 5059 28.

1610 5073 1654 5104 ⁸⁸³
1690 5072 1968 5142 lsa.xxtx,
2001 5078 2100 5140 ll;
2145 5076 2160 5127 l
2192 5075 2315 5130 Cor.
2354 5091 2390 5141 ι,
2422 5074 2502 5129 19.

2053 4437 2256 4491 αἰῶνα.
2293 4436 2658 4506 Σκηνώματα
2683 4437 2882 4490 αὐτῶν
2904 4439 2992 4503 εις
3019 4437 3231 4506 γενεὰν
3267 4438 3370 4490 καί
3401 4441 3634 4506 γενεάν.

2067 4525 2538 4581 Ἐπεκαλέσαντο
2569 4527 2639 4580 τὰ
2673 4529 2936 4596 ὀνόματα
2965 4526 3162 4583 αὐτῶν
3174 4527 3271 4580 ἐπὶ
3292 4527 3414 4580 τῶν
3436 4529 3634 4597 rauim

2058 4621 2202 4671 Ἀνω
2242 4618 2322 4670 ὲνὶ
2363 4617 2588 4688 ὀνόματι
2616 4617 2692 4687 τῷ
2726 4616 2928 4686 γενικῷ
2969 4618 3387 4688 προσηγόρευσε
3419 4621 3634 4688 σοφοὺς,

2047 4709 2141 4772 οὒς
2171 4708 2264 4760 νῦν
2310 4708 2671 4779 ὑποδιαιρῶν,
2715 4708 2959 4779 ἄφρονας
2991 4710 3083 4761 καὶ
3121 4707 3283 4771 ἄνους
3311 4708 3468 4776 λέγει
3511 4713 3633 4779 (90).

2054 4800 2218 4870 Δῆλον
2243 4800 2323 4852 ὅτι
2375 4801 2573 4868 σοφοὺς
2603 4798 2701 4868 μὲν
2732 4799 2931 4862 αὐτοὺς
2959 4794 3131 4862 εἶπεν,
3153 4800 3259 4852 ἀπὸ
3287 4803 3388 4871 τῆς
3413 4802 3635 4871 οἰήσεως

2053 4893 2154 4962 τῆς
2196 4891 2420 4944 ἐκείνων
2473 4890 2924 4962 συγχρησὰμενος
2973 4889 3052 4960 τῷ
3101 4891 3347 4960 ὀνόματι.
3407 4891 3497 4954 Ὠς
3548 4892 3635 4944 καί

2236 5005 2282 5036 ⁸³
2317 5004 2457 5059 Psal.
2488 5019 2651 5067 cxxv,
2684 5002 2736 5056 6.
2814 5003 2862 5034 ⁵⁸
2889 5001 2933 5056 ll
2956 5002 3082 5057 Cor.
3109 5019 3184 5068 ix,
3213 5003 3268 5057 6.

3347 5003 3394 5034 "
3423 5002 3535 5058 Jer.
3567 5021 3632 5070 tv,

2058 5228 2190 5265 mss.
2217 5220 2270 5265 et
2300 5211 2351 5263 in
2383 5211 2620 5265 editione
2659 5209 2821 5265 Basil.
2858 5209 3056 5265 Statim
3103 5209 3276 5264 editio
3314 5209 3497 5265 Paris.
3538 5230 3630 5263 uno

2053 5284 2217 5334 verbo
2268 5281 2650 5351 καλοποιῆσαι.
2682 5282 2860 5334 Editio
2906 5295 3039 5333 vero
3089 5279 3350 5336 Basil.»et
3373 5296 3469 5336 sex
3508 5298 3626 5338 mss.

2051 5353 2260 5404 duabus
2279 5353 2502 5421 vocibus
2531 5351 2692 5404 καλὸν
2720 5351 2967 5421 ποιῆσαι.

2122 5421 2234 5489 (89)
2268 5419 2360 5475 Sic
2404 5420 2700 5474 Colbertini
2748 5419 2978 5487 primus.
3025 5419 3272 5488 quintus,
3336 5430 3527 5474 sextus
3575 5429 3625 5476 et

2056 5492 2322 5556 Septimus
2381 5505 2504 5542 cum
2542 5491 2660 5544 aliis
2717 5493 2890 5544 tribus
2946 5489 3132 5558 Regiis
3185 5498 3240 5541 et
3307 5504 3434 5542 cum
3469 5490 3618 5546 Coisl.

2052 5559 2193 5612 Erilli
2221 5575 2349 5614 vero
2372 5575 2493 5613 cum
2527 5575 2632 5612 uno
2665 5570 2755 5611 aut
2781 5561 2953 5612 altero
2981 5574 3081 5611 ms.
3126 5559 3262 5626 φησί
3290 5559 3385 5612 τὸν
3411 5559 3560 5618 Θεὸν.

2125 5628 2238 5699 (90)
2273 5628 2352 5684 lta
2386 5645 2515 5685 mss.
2543 5645 2658 5684 sex.
2689 5631 2829 5685 Editi
2856 5628 3014 5692 ἄνους
3045 5627 3218 5682 καλεῖ.
