3836 6222
85 324 210 381 ιιε

1203 326 1482 383 IIOMILIA
1524 328 1595 384 IN
1629 329 1956 388 PSALMUM
1992 332 2226 389 XLVIII.

3254 340 3362 398 “6

86 435 264 500 θεοὺς
293 435 549 506 ὀνομάζει
581 437 707 501 τοὺς
743 435 818 509 μὴ
849 436 1010 506 φύσει
1061 439 1242 508 ὄντας,
1298 447 1364 516 τῇ
1417 445 1659 517 συνηθείς

1783 449 2017 504 rantium
2073 457 2290 507 secutus
2335 455 2832 511 consuetudinem:
2879 456 2952 513 ita
3005 472 3220 528 quoque
3273 475 3363 516 sa-

87 529 211 582 τῶν
245 528 610 599 ἠπατημένων
659 530 962 602 ἑπόμενος,
1002 534 1143 589 οὕτω
1175 537 1269 590 καὶ
1312 540 1510 607 σοφοὺς
1554 535 1675 595 εἷπε

86 621 228 685 τοὺς
257 621 494 692 ἄφρονας
529 621 622 673 καὶ
654 622 932 695 ἀνοήτους.
978 627 1210 681 Δυνατὸν
1254 622 1344 682 οὖν
1371 633 1437 701 τῇ
1467 632 1679 703 ἐπινοίᾳ

87 712 292 764 διελεῖν
321 711 410 764 τὸν
434 712 643 783 ἄφρονα
672 715 780 768 ἀπὸ
807 715 900 769 τοῦ
925 718 1172 789 ἀνοήτου.
1197 721 1418 792 Ἀφρων
1448 721 1545 792 μὲν
1568 723 1677 792 γάρ

87 803 250 856 ἐστιν
280 803 308 855 6
339 803 700 874 ἐστερημένος
729 810 1063 878 φρονήσεως,
1093 812 1185 863 καὶ
1208 813 1236 864 6
1264 812 1401 882 πρὸς
1429 815 1494 865 τά
1522 815 1677 869 κοινὰ

89 896 193 948 καὶ
237 895 553 967 ἀνθρώπινα
591 897 912 970 διορατικῶς
968 901 1044 972 μὴ
1100 901 1257 972 ἔχων.
1301 903 1456 956 Οὕτω
1500 905 1594 958 καὶ
1640 907 1674 976 ἡ

89 985 355 1057 συνήθεια
388 988 682 1058 φρονίμους
715 991 870 1044 καλεῖ
888 994 1014 1056 τοὺς
1046 995 1102 1048 ἐν
1136 997 1248 1058 τοῖς
1275 996 1414 1048 κατὰ
1440 996 1531 1049 τὸν
1561 996 1674 1064 βίον

89 1076 386 1146 πράγμασι
417 1077 477 1130 τὸ
508 1077 781 1148 ὠφέλιμον
811 1080 906 1132 καὶ
941 1080 1203 1152 βλαϐερὸν
1227 1083 1336 1153 (91)
1370 1083 1672 1156 διακρίνον-

87 1183 224 1228 τας·
256 1165 389 1219 καθὸ
410 1166 624 1239 εἴρηται
653 1168 746 1221 καὶ
772 1170 830 1222 ἐν
862 1169 940 1239 τῷ
957 1171 1292 1242 Εὐαγγελίῳ”
1319 1173 1448 1226 ’Ὁτι
1474 1176 1526 1226 οἱ
1553 1174 1670 1227 υἱοὶ

88 1258 206 1310 τοῦ
263 1256 476 1324 αἰῶνος
530 1259 748 1313 τούτου
806 1261 1228 1331 φρονιμώτεροι
1301 1263 1454 1331 ὑπὲρ
1529 1264 1672 1331 τοὺς

87 1347 271 1414 υιοὺς
313 1348 419 1402 τοῦ
471 1348 665 1416 φωτὸς
721 1351 809 1416 εὶς
856 1350 973 1419 τὴν
1021 1352 1234 1421 γενεὰν
1289 1351 1402 1421 τὴν
1442 1353 1672 1406 ἑαυτῶν

88 1441 276 1493 εἰσιν.
324 1440 398 1492 Οὐ
439 1441 548 1512 γὰρ
595 1441 782 1504 ἁπλῶς
833 1443 1250 1516 φρονιμώτεροι,
1298 1445 1412 1498 ἀλλ’
1443 1447 1523 1509 εἰς
1571 1446 1670 1517 τὴν

86 1532 431 1602 διεξαγωγὴν
458 1534 558 1604 τῆς
595 1533 740 1604 ζωῆς
767 1535 969 1606 ταύτης
1012 1536 1112 1605 τῆς
1155 1537 1213 1589 ἐν
1242 1539 1308 1608 τῇ
1339 1538 1501 1609 σαρκί
1536 1537 1665 1607 (92).

88 1619 260 1677 Οὗτοι
291 1624 348 1677 δὲ
379 1624 473 1677 καὶ
493 1625 763 1696 οἰκονόμοι
793 1626 1004 1690 ἀδικίας
1028 1627 1296 1697 λέγονται,
1332 1629 1420 1683 διὰ
1455 1629 1517 1682 τὸ
1546 1630 1668 1702 φρό‹

87 1731 252 1784 νιμον
282 1713 382 1785 τῆς
415 1715 543 1786 περὶ
590 1715 680 1768 τὸν
728 1717 932 1770 ἑαυτῶν
973 1717 1088 1788 βίον
1125 1719 1455 1788 οἰκονομίας.
1509 1717 1670 1772 Κατά

1779 540 2021 608 pientes,
2080 541 2399 612 insipientes
2445 553 2498 600 et
2551 545 2750 602 stultos
2800 548 2955 602 dixit.
3013 549 3362 618 lnsipientem

1779 630 1946 700 igitur
1983 648 2012 685 a
2047 635 2211 690 ssulto
2251 637 2578 708 cogitatione
2615 638 2743 694 licet
2792 639 3146 707 distinguere.
3178 639 3364 713 Siqui-

1778 723 1898 776 dem
1939 723 2196 794 insipiens
2230 737 2313 781 est
2367 728 2460 796 qui
2497 730 2781 797 prudentia
2815 732 3080 800 privatus,
3114 733 3166 787 in
3203 748 3359 788 com-

1779 813 2029 867 munibus
2063 829 2126 868 ac
2169 816 2423 874 humanis
2465 821 2627 876 rebus
2676 825 2964 891 perspicax
2995 842 3098 880 non
3127 837 3230 883 est.
3265 827 3360 883 Sic

1777 899 1938 954 etiam
1972 906 2308 961 consuetudo
2351 909 2644 977 prudentes
2671 923 2826 966 vocat
2865 929 2980 980 eos,
3020 917 3110 986 qui
3151 919 3202 971 in
3233 919 3360 974 vita:

1777 995 2027 1062 negotiis,
2056 996 2188 1050 utile
2210 1008 2264 1053 et
2296 1000 2517 1054 noxium
2553 1003 2886 1069 discernunt,
2911 1005 3065 1076 juxta
3102 1010 3244 1079 quod
3274 1011 3355 1064 di-

1776 1091 1919 1134 ctum
1950 1091 2034 1136 est
2073 1093 2125 1137 et
2163 1085 2215 1138 in
2271 1085 2602 1157 Evangelio:
2646 1092 2784 1156 Quia
2823 1095 2924 1162 ﬁlii
2970 1097 3129 1168 hujus
3168 1105 3352 1159 swculi

1773 1172 2136 1237 prudentiores
2150 1175 2279 1243 ﬁliis
2308 1179 2442 1233 lucis
2459 1181 2511 1232 in
2532 1186 2864 1250 generatione
2882 1205 2981 1242 sua
3007 1201 3131 1246 sunt
3155 1193 3218 1248 ⁶⁹.
3238 1195 3355 1253 Non

1774 1263 1917 1316 enim
1947 1265 2321 1333 prudentiores
2363 1283 2487 1326 sunt
2531 1274 2873 1343 simpliciter,
2907 1283 3004 1336 sed
3053 1285 3120 1339 ad
3150 1287 3355 1355 degen-

1773 1353 1894 1406 dam
1937 1356 2074 1411 hanc
2128 1359 2180 1412 in
2216 1376 2379 1416 carne
2419 1363 2605 1419 vitam.
2642 1367 2851 1425 Rursus
2894 1381 2948 1426 et
2991 1375 3153 1432 villici
3195 1353 3355 1452 183

1772 1443 1848 1498 illi
1892 1446 2194 1517 iniquitatis
2229 1453 2520 1520 prudentes
2555 1457 2830 1524 dicuntur,
2869 1469 3010 1529 quod
3061 1443 3357 1537 prudeiit;

1770 1536 1938 1590 vitam
1965 1554 2117 1593 suam
2155 1541 2460 1600 instituant.
2497 1546 2798 1606 Prudentes
2819 1569 3034 1624 quoque
3062 1536 3205 1616 sunt
3232 1578 3354 1620 sere

1771 1632 2048 1696 pentes",
2087 1636 2382 1689 secundum
2443 1638 2584 1693 hanc
2639 1643 3114 1713 signiﬁcationem,
3158 1655 3357 1724 quippe

1770 1719 1858 1787 qui
1893 1719 1992 1772 sibi
2025 1720 2156 1788 ipsis
2179 1732 2367 1792 parent
2392 1724 2635 1795 latibula,
2657 1740 2821 1800 atque
2848 1733 2900 1787 in
2923 1719 3187 1803 periculis
3205 1719 3353 1796 omini

86 1806 252 1858 τοῦτο
279 1806 340 1858 τὸ
367 1807 784 1878 σημαινόμενον,
818 1808 1070 1880 φρόνιμοί
1099 1811 1236 1862 εἰσιν
1274 1811 1368 1863 κα)⁵
1405 1811 1453 1864 οἱ
1488 1811 1659 1879 ὄφεις¹

1772 1811 1928 1865 modo
1963 1812 2148 1884 plagas
2188 1818 2382 1884 capitis
2425 1821 2650 1875 evitent.
2694 1822 2902 1880 Stultus
2935 1838 3114 1885 autem
3147 1832 3193 1886 is
3219 1834 3356 1890 diei-

88 1896 415 1961 καταδύσεις
437 1899 649 1962 ἑαυτοῖς
681 1899 1120 1969 εὐτρεπίζοντες,
1144 1901 1236 1953 καὶ
1265 1903 1322 1955 ἐν
1350 1905 1463 1966 τοῖς
1489 1902 1670 1956 κινδύ-

87 2006 206 2052 νοις
237 1990 397 2042 παντὶ
420 1989 602 2060 τρόπῳ
629 1988 727 2053 τὰς
761 1991 853 2043 ἐπὶ
883 1990 980 2062 τὴν
1023 1991 1261 2064 κεφαλὴν
1286 1994 1501 2065 πληγὰς
1531 1996 1668 2048 ἀποο

88 2081 403 2148 φεύγοντες.
441 2081 636 2145 ΙἈνους
659 2080 714 2133 δὲ
747 2080 963 2150 λέγεται
993 2083 1020 2135 6
1047 2083 1144 2135 οὐκ
1178 2083 1316 2154 ἔχων
1350 2086 1416 2139 τὰ
1456 2086 1552 2140 τοῦ
1582 2089 1669 2140 ἀν-

89 2171 314 2243 θρώπου
343 2170 610 2243 ἐξαίρετα.
641 2171 824 2225 Ταῦτα
851 2171 908 2225 δέ
939 2173 1053 2225 ἐστι
1086 2173 1220 2227 Θεοῦ
1252 2177 1466 2248 Πατρὸς
1504 2196 1668 2232 κατα-

88 2263 296 2332 νόησις,
329 2263 423 2317 καὶ
449 2266 482 2334 ή
519 2261 613 2315 τοῦ
636 2265 694 2316 ἐν
724 2264 866 2335 ἀρχῇ
889 2263 1042 2326 ὄντος
1071 2264 1205 2334 πρὸς
1220 2266 1311 2320 τὸν
1341 2267 1471 2321 Θεὸν
1493 2270 1666 2338 Λόγου

90 2353 372 2425 παραδοχή
407 2354 554 2425 (95)·
602 2355 698 2408 καὶ
742 2357 771 2408 6
822 2356 976 2427 παρὰ
1006 2357 1099 2411 τοῦ
1140 2359 1297 2425 ἁγίου
1350 2360 1667 2430 Πνεύματος

89 2446 439 2515 ἐγγινόμενος
476 2446 781 2517 φωτισμόςο
810 2448 994 2502 ὅντινα
1027 2448 1150 2502 νοῦν
1177 2449 1390 2520 ἔχουσιν
1417 2453 1465 2503 οἱ
1504 2453 1665 2506 δυνά-

92 2555 246 2608 μενοι
297 2536 433 2607 μετά
481 2537 695 2591 Παύλου
744 2537 954 2606 λέγειν’
997 2539 1187 2609 Ἡμεῖς
1243 2540 1312 2594 δὲ
1353 2543 1505 2596 νοῦν
1535 2546 1668 2612 Χρι-

85 2631 245 2686 στοῦ
293 2631 529 2702 ἔχομεν.
590 2632 872 2705 Κέχρηται
933 2635 1116 2705 μέντοι
1172 2637 1268 2690 καὶ
1327 2638 1665 2711 ἐνηλλαγμέ-

83 2741 197 2786 νως
243 2727 354 2786 τοῖς
404 2724 611 2796 ῥήμασι
638 2723 907 2798 τούτοιςή
944 2727 1200 2798 συνήθεια
1249 2728 1351 2799 τῆς
1395 2732 1640 2803 Γραφῆς,

83 2812 180 2867 τὸν
203 2813 301 2883 μὲν
329 2813 485 2867 ἄθεον
512 2814 720 2885 ἄφρονα
749 2814 981 2885 λέγουσα
1008 2819 1066 2870 ἐν
1101 2818 1176 2888 τῷ
1196 2857 1210 2882 ,
1249 2816 1438 2874 Εἶπεν
1465 2823 1667 2891 ἄφρων

82 2904 157 2955 ἐν
184 2902 396 2972 καρδίᾳ
427 2904 641 2958 αὐτοῦ·
686 2905 808 2958 Οὐκ
853 2903 984 2959 ἔστι
1015 2908 1158 2972 Θεός
1185 2923 1200 2937 °
1249 2910 1342 2962 καὶ
1395 2911 1558 2964 πάλιν
1605 2911 1666 2964 τὸ

86 2998 218 3068 περὶ
272 2997 372 3067 τὴν
437 2996 581 3069 ζωὴν
651 2997 913 3070 βλαϐερὸν
982 2999 1209 3072 ἀνόητον
1282 3003 1621 3074 όνομάζουσα
1646 3022 1661 3035 ο

84 3089 164 3151 ὡς
191 3089 220 3141 6
263 3087 586 3152 Ἀπόστολος
635 3089 763 3160 περὶ
795 3089 904 3142 τῶν
929 3091 1312 3160 ἐμπιπτόντων
1357 3095 1438 3158 είς
1475 3095 1666 3148 ἐπιθυ-

1773 1908 1880 1965 tur,
1905 1905 1993 1971 qui
2023 1919 2129 1958 non
2169 1905 2331 1963 habet
2359 1924 2443 1974 ea,
2487 1927 2608 1981 qua:
2636 1923 2761 1970 sunt
2792 1917 3030 1974 hominis
3060 1923 3350 1992 praecipua.

1770 1989 1896 2046 Haec
1923 2003 2102 2049 autem
2153 2005 2298 2065 sunt,
2339 1998 2432 2055 Dei
2466 2000 2643 2060 Patris
2669 2007 2880 2076 notitia,
2906 2018 2964 2064 et
2993 2011 3174 2079 Verbi,
3207 1989 3352 2085 quod

1769 2092 1888 2137 erat
1919 2084 1972 2138 in
2033 2087 2300 2159 principio
2333 2094 2472 2159 apud
2510 2094 2676 2152 Deum
2700 2099 2767 2167 τί,
2797 2101 3044 2159 doctrina
3068 2121 3097 2160 a
3125 2084 3350 2175 majori-

1768 2173 1868 2228 bus
1896 2187 2142 2246 accepta,
2164 2189 2218 2234 et
2245 2196 2275 2234 a
2317 2195 2504 2238 sancto
2531 2185 2734 2254 Spiritu
2775 2195 3070 2258 procedens
3110 2173 3348 2254 illustra-

1771 2265 1845 2319 tio
1873 2284 1886 2318 :
1920 2282 2081 2336 quam
2114 2280 2348 2328 mentem
2393 2275 2616 2344 habent,
2646 2281 2736 2348 qui
2771 2295 2996 2351 possunt
3024 2302 3144 2343 cum
3186 2290 3350 2347 Paulo

1769 2357 1948 2413 dicere
1980 2379 1994 2414 :
2041 2360 2152 2417 Nos
2182 2375 2356 2418 autem
2395 2380 2617 2425 mentem
2651 2372 2846 2429 Christi
2872 2377 3124 2435 habemus
3145 2383 3214 2439 ".
3245 2385 3348 2438 At-

1771 2457 1948 2503 tamen
1991 2451 2075 2506 his
2103 2456 2326 2511 vocibus
2361 2459 2606 2515 vicissim
2647 2478 2712 2519 ac
2747 2469 3060 2535 promiscue
3096 2475 3172 2527 uti
3213 2475 3350 2532 solet
3387 2471 3390 2475 ’

1768 2537 2068 2609 Scriptura,
2112 2555 2298 2614 utpote
2333 2563 2453 2618 quae
2512 2553 2736 2621 impium
2781 2569 2937 2613 vocet
2977 2560 3344 2633 insipientem,

1765 2631 2014 2688 videlicet
2068 2635 2186 2691 loco
2233 2638 2358 2708 illo,
2404 2641 2553 2697 Dixit
2606 2647 2859 2716 insipiens
2890 2652 2946 2705 in
2995 2631 3152 2709 corde
3197 2631 3350 2714 suos

1769 2722 1893 2778 Νοη
1942 2737 2017 2779 est
2066 2727 2300 2783 Deus".
2353 2731 2420 2784 Et
2466 2735 2664 2790 iterum
2701 2738 2774 2804 id,
2805 2742 2948 2809 quod
2995 2745 3121 2799 vitae
3168 2759 3345 2814 nocet,

1768 2815 1992 2870 stultum
2045 2819 2328 2886 nominat;
2356 2824 2808 2889 quemadmodum
2859 2831 3150 2899 Apostolus
3178 2838 3245 2893 de
3281 2840 3348 2895 iis

1767 2908 1856 2976 qui
1887 2907 1941 2962 in
1987 2910 2454 2980 concupiscentias
2487 2916 2682 2972 stultas
2708 2927 2763 2972 et
2804 2923 2996 2978 noxias
3021 2927 3344 2988 incidunt“.

1768 2999 1878 3054 Hoc
1911 3000 2099 3070 utique
2132 3012 2287 3071 pacto
2323 3004 2584 3074 insipiens
2622 3014 2678 3061 et
2709 3009 2905 3066 stultus
2931 3014 3252 3070 deferuntur
3279 3022 3348 3074 ad

1769 3107 1937 3146 unum
1981 3107 2325 3149 communem
2360 3095 2524 3151 tinem
2553 3138 2569 3164 ,
2600 3099 2957 3167 perditionem
2983 3105 3028 3136 ⁷⁸
3065 3107 3340 3164 videlicet.

87 3179 219 3249 μίας
251 3179 512 3250 ἀνοήτους
561 3179 655 3233 καὶ
689 3159 978 3251 βλαϐεράς.
1035 3180 1192 3235 Οὕτω
1257 3183 1440 3253 μέντοι
1492 3184 1604 3257 (94)
1634 3187 1659 3239 6

1772 3186 2131 3243 Possitetiam
2162 3191 2284 3260 quis
2316 3193 2527 3259 dicere,
2576 3194 2924 3267 insipientem
2981 3203 3198 3271 quidem
3253 3224 3348 3278 ap-

84 3272 276 3341 ἄφρων
320 3270 414 3323 καὶ
443 3272 472 3322 6
504 3268 663 3334 ἄνους
696 3271 831 3341 πρὸς
872 3271 929 3324 ἒν
971 3273 1147 3326 κοινὸν
1179 3273 1331 3338 τέλος
1380 3277 1478 3347 τὴν
1515 3277 1666 3331 ἀπώ-

82 3361 234 3414 λειαν
261 3360 682 3432 καταφέρονται.
713 3360 946 3415 Δύναται
993 3363 1050 3415 δέ
1104 3381 1189 3427 τις
1234 3366 1408 3418 εἰπεῖν
1455 3365 1665 3437 ἄφρονα

86 3455 187 3524 μὲν
236 3452 550 3523 ὠνομάσθαι
600 3453 690 3508 τὸν
737 3452 966 3515 ἐθνικῶς
1011 3452 1219 3520 ζῶντα,
1262 3455 1424 3509 ἄνουν
1468 3457 1524 3510 δὲ
1573 3459 1665 3513 τὸν

95 3546 402 3609 Ἰουδαϊκῶς
432 3545 571 3599 κατά
595 3545 692 3617 τὴν
729 3544 892 3616 ψιλὴν
926 3545 1019 3598 τοῦ
1047 3546 1212 3616 νόμου
1241 3549 1473 3619 τήρησιν
1510 3548 1662 3602 πολι-

80 3641 392 3709 τευόμενον.
433 3637 620 3708 Τούτῳ
657 3636 764 3710 γὰρ
797 3637 874 3707 τῷ
912 3636 1108 3708 ἄφρονι
1141 3634 1296 3692 εἶπεν
1337 3641 1366 3692 6
1398 3640 1529 3704 Θεὸς
1575 3641 1664 3696 διὰ

79 3733 182 3804 τὴν
249 3731 659 3802 ἐνυπάρχουσαν
728 3728 876 3800 αὐτῷ
947 3729 1247 3801 ἀθεότητα·
1301 3733 1540 3800 Ἄφρων,
1594 3733 1666 3786 ἐν

80 3825 271 3891 ταύτῃ
301 3821 380 3892 τῇ
415 3821 588 3876 νυκτὶ
612 3820 726 3889 τὴν
755 3819 970 3890 ψυχήν
998 3834 1115 3874 σου
1143 3821 1510 3890 ἀφαιροῦσιν
1544 3823 1661 3878 ἀπὸ

78 3919 198 3974 σοῦ
244 3919 376 3990 (95).
422 3919 619 3981 Ἀνους
649 3917 706 3970 δὲ
735 3917 763 3968 6
805 3915 947 3970 κατὰ
987 3915 1166 3987 σάρκα
1200 3916 1414 3988 Ἰσραὴλ
1447 3918 1662 3988 ὠνόμα-

81 4029 206 4066 σται
243 4010 382 4064 κατὰ
420 4012 510 4064 τὸν
541 4011 847 4081 προφήτην,
873 4009 932 4073 ὃς
965 4025 1126 4080 φησι·
1163 4009 1274 4063 Καὶ
1303 4004 1385 4078 ἦν
1417 4009 1663 4078 Ἐφραῖμ

77 4107 160 4170 ὡς
192 4104 510 4172 περιστερὰ
546 4103 732 4168 ἄνους
752 4119 766 4132 ·
799 4102 1105 4172 Αἴγυπτον
1133 4101 1484 4156 ἐπεκαλεῖτο
1524 4101 1658 4174 (96),

77 4196 179 4250 καὶ
229 4198 317 4261 είς
357 4179 704 4263 Ἀσσυρίους
748 4195 1084 4264 ἐπορεύετο.
1119 4194 1335 4247 Τούτων
1374 4190 1466 4247 οὖν
1507 4199 1657 4267 κοινῇ

79 4287 186 4341 ὑπὸ
209 4289 310 4358 τῆς
352 4286 486 4350 ἰδίας
526 4286 748 4354 ἀγνοίας
791 4285 1248 4356 συντριϐομένων,
1280 4287 1440 4356 ήμεῖς
1473 4287 1522 4340 οἱ
1561 4289 1658 4342 ἀλ-

76 4379 280 4451 λότριοι
305 4377 482 4432 αὐτῶν
506 4377 830 4449 κληρονόμοι
858 4377 951 4430 τοῦ
977 4377 1207 4430 πλούτου
1237 4378 1501 4448 γινόμεθα
1525 4379 1653 4448 (97).

1765 3279 2020 3345 pellatum
2077 3295 2198 3336 esse
2252 3298 2412 3350 cum,
2481 3286 2573 3354 qui
2637 3302 2788 3343 more
2843 3289 2979 3346 vivit
3043 3296 3342 3370 gentium:

1765 3367 1990 3422 stultum
2044 3383 2177 3424 vero
2228 3387 2374 3440 eum,
2411 3375 2503 3443 qui
2564 3390 2718 3432 more
2764 3376 2988 3436 Judaico
3041 3367 3339 3444 secundum

1766 3457 1962 3510 nudam
1990 3457 2121 3529 legis
2154 3461 2591 3518 observationem
2634 3467 2800 3522 vitam
2825 3469 2994 3541 degit.
3032 3472 3170 3531 Huic
3197 3481 3345 3534 enim

1766 3545 2041 3615 insipienti
2106 3550 2244 3604 dixit
2300 3552 2466 3617 Deus,
2517 3556 2588 3610 ob
2634 3571 2754 3612 eam
2804 3576 2924 3630 qua:
2960 3564 3013 3618 in
3051 3566 3168 3637 ipso
3226 3583 3347 3628 erat

1764 3636 2097 3706 impietatem
2143 3660 2158 3696 :
2207 3640 2505 3712 lnsipiens,
2565 3647 2666 3701 hac
2701 3663 2847 3705 nocte
2905 3636 3080 3710 tuamr
3111 3661 3345 3718 animum

1763 3727 2011 3796 auferunt
2047 3748 2080 3785 a
2123 3741 2172 3785 te
2203 3733 2271 3786 ⁷⁸.
2300 3733 2464 3790 Israel
2503 3749 2705 3807 autem,
2744 3743 2839 3812 qui
2880 3749 3175 3805 secundum
3219 3769 3344 3808 car-

1765 3835 1887 3874 nem
1943 3831 2068 3888 cst,
2120 3835 2344 3881 vocatus
2399 3838 2484 3882 est
2544 3831 2759 3898 stultus,
2818 3835 2973 3904 juxta
3023 3841 3342 3910 prOphetam

1763 3911 2034 3967 dicentem
2069 3932 2084 3968 :
2131 3913 2200 3969 Et
2239 3926 2353 3970 erat
2381 3917 2635 3988 Ephraim
2670 3927 2824 3993 quasi
2860 3928 3098 3984 columba
3125 3934 3291 3990 stulta
3320 3953 3341 3992 :

1762 4002 2054 4075 lEgyptum
2107 4009 2419 4079 inuocabat,
2473 4025 2520 4068 et
2573 4015 2642 4068 ad
2693 4019 2938 4088 Assyrios
2982 4022 3093 4076 ibat
3139 4026 3207 4084 ".
3244 4027 3340 4088 His

1763 4095 1926 4165 igitur
1955 4114 2053 4168 per
2083 4115 2236 4155 suam
2269 4105 2512 4172 ipsorum
2551 4108 2820 4164 inscitiam
2851 4112 3012 4167 simul
3045 4119 3296 4175 contritis
3321 4162 3337 4188 ,

1764 4189 1924 4245 alieni
1973 4206 2073 4248 nos
2125 4192 2434 4250 divitiarum
2488 4212 2709 4253 suarum
2755 4201 2998 4259 hairedes
3041 4206 3334 4266 eﬂicimur.

1713 4281 1954 4338 ‘Nostra
2018 4285 2162 4340 enim
2239 4297 2370 4343 sunt
2425 4303 2735 4360 praecepta,
2803 4295 2974 4350 nostri
3027 4301 3335 4371 prophetae,

1762 4375 1932 4428 nostri
1975 4377 2332 4446 patriarchae;
2379 4382 2551 4435 nostri
2588 4392 2716 4436 sunt
2769 4384 2924 4452 quia
2961 4388 3160 4444 saculo
3203 4389 3337 4459 justi

88 4473 278 4545 Ἦμῶν
334 4472 443 4544 γὰρ
501 4473 556 4526 αἱ
624 4470 872 4536 ἐντολαὶ,
938 4470 1196 4542 ἡμέτεροι
1254 4472 1301 4522 οἱ
1358 4471 1654 4540 προφῆται,

1772 4466 1934 4523 luere.
1982 4469 2118 4524 Suas
2165 4472 2322 4526 nobis
2369 4473 2585 4529 divitias
2634 4475 2970 4545 reliquerunt
3013 4483 3106 4551 qui
3151 4482 3204 4537 in
3238 4499 3335 4539 sua

153 4637 198 4670 ⁶⁹
222 4635 356 4690 Luc.
426 4649 536 4695 xvr,
569 4633 622 4689 8.
700 4634 745 4664 ⁷⁰
781 4631 971 4684 Matth.
1004 4646 1056 4689 ιι.
1103 4629 1185 4684 16.

77 4706 170 4761 "l
224 4707 366 4762 Tim.
399 4721 474 4769 γι,
508 4706 561 4759 9.
637 4704 686 4737 ⁷⁸
713 4702 845 4757 Luc.
873 4717 974 4767 xu,
1001 4701 1091 4755 20.
1165 4701 1209 4731 ⁷⁷
1235 4699 1360 4755 Ose.
1393 4715 1480 4763 vn,
1523 4701 1572 4752 I.

1285 4631 1331 4662 ⁷¹
1365 4627 1520 4682 Jnan.
1557 4647 1596 4694 t,
1627 4629 1682 4683 2.

1760 4629 1848 4682 ⁷³1
1882 4629 2009 4684 Cor.
2041 4645 2100 4695 ιι,
2133 4628 2219 4684 16.
2320 4631 2367 4661 ’³
2396 4630 2536 4686 Psal.
2595 4648 2716 4698 xm,
2764 4635 2816 4688 i.
2892 4633 2938 4667 ⁷⁸
2975 4634 3134 4694 Rom.
3163 4654 3202 4706 ι,
3238 4639 3334 4696 5i.

149 4844 262 4916 (9|)
293 4840 524 4923 Editiﬁb
554 4839 812 4926 βλαϐερὸν
837 4835 1499 4926 xa‘t‘tbcpéitpov.(Legitur
1521 4851 1650 4926 vgt‘o

1772 4852 1846 4914 τος
1878 4835 2092 4926 μέντοιὸ
2108 4832 2268 4914 coisl.
2303 4835 2471 4926 Ουτος
2499 4834 2596 4904 μὲν
2633 4830 2727 4888 οὖν
2752 4836 3174 4926 ἅφρων.ΠΕιξξιιο
3203 4855 3332 4923 vero

79 4917 131 4968 in
155 4906 257 4970 sei
286 4928 420 4968 mss.
448 4906 664 4966 inverso
694 4906 885 4966 ordine
907 4910 969 4963 τὸ
1004 4906 1280 4977 ὠφέλιμον
1311 4908 1406 4959 καὶ
1447 4906 1646 4976 βλαϐε-

77 4987 261 5122 ρόῖ99.)
292 5003 436 5107 Edi'ti
464 5055 522 5106 ὲν
554 5050 1002 5124 σαρκίηΑι-ηιεε.
1032 5047 1185 5124 multi
1216 5049 1282 5117 τῇ
1305 5048 1384 5124 εν
1423 5047 1608 5124 σαρκί.

1755 4904 1920 4959 Basil.
1961 4916 2016 4958 et
2055 4905 2206 5027 [iegii
2233 4909 2504 4958 secundus
2529 4915 2582 4958 et
2608 4904 2942 4961 sextuscum
2974 4908 3127 4964 Colb.
3150 4911 3328 4979 primo

1755 4975 1958 5027 Οὕτως.
1994 4990 2076 5027 me
2103 4975 2207 5026 ius.

1753 4975 1958 5040 Οὕτως,
1994 4975 2207 5028 melius.

1818 5046 1928 5115 (95)
1967 5045 2129 5099 Voces
2156 5041 2266 5096 ἀπὸ
2299 5041 2392 5095 σοῦ
2421 5043 2614 5098 desunt
2645 5045 2698 5098 in
2728 5059 2824 5101 sex
2869 5061 3000 5103 mss.
3033 5057 3086 5102 et
3125 5047 3178 5102 in
3202 5049 3320 5104 edi-

143 5115 260 5195 (95)
296 5124 408 5187 ll‘la,
437 5123 600 5195 acati}
627 5115 722 5195 τοῦ
751 5123 808 5172 ἐν
845 5120 987 5195 ἀρχῇ
1032 5117 1183 5179 ὄντος
1224 5115 1360 5195 πρὸ-ς
1389 5115 1647 5195 τὸνζθειὸν

1774 5116 2084 5195 Melissi.-

75 5185 252 5264 Λόγου
278 5185 682 5266 παραδοχή,’δίε
707 5185 950 5266 verterat
962 5185 1239 5266 interpres
1268 5185 1282 5239 ἐ
1309 5185 1444 5265 Item
1473 5185 1646 5266 Verbi,

1823 5187 1937 5257 (96)
1967 5182 2262 5257 Colbertini
2296 5183 2523 5257 primus.
2575 5193 2766 5257 sestus
2803 5193 2859 5239 et
2891 5187 3152 5253 septimus
3195 5204 3318 5243 cum

75 5251 216 5331 quad
245 5267 299 5319 in
326 5251 583 5342 ρῖἱηεξρἷο
619 5273 732 5342 erat
774 5260 920 5342 apud
956 5251 1500 5342 Deum—,kassttmptio.
1540 5256 1648 5342 sed

1772 5251 1956 5311 luobtis
2017 5254 2197 5342 Regiis
2231 5251 2859 5342 ἐπεκαλέσμοημήιίοιη
2885 5251 3011 5342 editi
3048 5267 3102 5309 et
3150 5261 3322 5342 major

76 5323 177 5390 vox
243 5323 531 5402 assumptio
585 5331 699 5412 visa
736 5323 838 5412 _e§'t
882 5326 1203 5412 South-elisit)
1257 5323 1534 5412 lﬁlllgOIdQl‘,
1578 5325 1649 5412 ob

1772 5343 1882 5412 ia‘r‘s,
1901 5340 2031 5381 mss.
2065 5323 2377 5392 ἐπορεύετο.
2412 5323 2761 5412 Alii'quidam
2797 5339 2925 5404 mss.
2975 5323 3321 5412 ἐπορεύοντο.

76 5406 238 5474 idque
267 5391 611 5469 interpretari
645 5399 854 5474 maluit,
903 5397 1061 5451 Verbi
1083 5395 1463 5474 _in__principio
1504 5391 1645 5461 apud
1745 5391 1890 5474 [.XX
1913 5411 2126 5463 quoque
2167 5391 2394 5446 numero
2428 5391 2786 5449 multitudinis
2810 5395 2891 5449 usi
2914 5391 3324 5469 ειιιιι,’ἐπορεύ-

75 5465 243 5527 θρὶιηι
283 5465 500 5527 traditio
525 5471 752 5545 etfides.
793 5469 909 5522 Vim
944 5465 1191 5545 vocabuli
1215 5465 1272 5545 si
1317 5474 1643 5545 spectemus,

75 5545 360 5615 παραδοχή
408 5533 621 5610 proprie
668 5540 773 5615 erit
799 5537 1056 5615 susceptio
1105 5533 1304 5615 ﬁerhi:
1339 5535 1421 5586 vel
1466 5535 1646 5614 potius

75 5601 531 5681 tloétrin§,'quan'i
563 5626 592 5664 a
646 5601 956 5679 majoribus
989 5608 1054 5659 de
1105 5601 1270 5658 Verbi
1314 5603 1644 5672 susceptione
1741 5601 1981 5688 νιὶιμεθα.
2025 5603 2136 5657 Hoc
2185 5604 2315 5688 ipso
2345 5601 2911 5688 ιιιιιοίέο-εομιειιιῑηῖξ

1741 5671 1881 5734 Editi
1906 5691 2033 5730 vero
2067 5688 2188 5727 cum
2216 5685 2322 5727 uno
2353 5681 2444 5726 aut
2469 5671 2642 5726 altero
2666 5685 2766 5728 ms.
2794 5671 2952 5744 ήμῶν
2978 5671 3108 5746 γάρ.

75 5687 420 5760 accepimus.
494 5752 527 5760 _
603 5754 612 5760 ⁸
927 5748 937 5757 _
1149 5753 1196 5760 Α
1274 5758 1285 5760 ᾼ
1428 5758 1470 5760 η
1536 5734 1606 5760 Λτ

145 5744 260 5810 (θὶὶ
283 5753 460 5809 Editio
493 5752 665 5808 Paris.
701 5765 821 5805 cum
852 5748 1086 5815 quinque
1111 5753 1203 5797 aut
1237 5758 1327 5798 sex
1367 5758 1496 5798 mss.
1535 5744 1632 5795 Οὗ-

1745 5466 1938 5537 θησαν.

1813 5536 1921 5656 (97ζ
1947 5531 2094 5587 Colb.
2123 5531 2382 5599 septimus
2412 5529 2706 5602 γενόμεθα.
2765 5530 2902 5602 Reg.
2940 5535 3208 5590 secundus
3231 5552 3321 5604 γι-

1813 5623 1888 5656 .as
1928 5623 1981 5656 α.
2025 5603 2136 5656 Hoc
2185 5604 2301 5656 inso
2345 5603 2397 5654 in
2437 5605 2553 5655 loco
2579 5613 2783 5656 sentem
2827 5619 2958 5656 mss.
3003 5604 3160 5656 Ἠιιῖν
3189 5608 3320 5656 γάρ.

1928 5623 1981 5657 α.
2025 5603 2136 5657 Hoc
2185 5604 2301 5669 ipso
2345 5603 2397 5654 in
2437 5605 2553 5678 loco
2579 5613 2958 5678 septemniss.
3003 5604 3160 5678 ᾘμῖν
3189 5603 3320 5678 γάρ.

3331 5777 3346 5820 ί
