3836 6222
459 355 570 411 447

1813 344 1871 400 S.
1912 344 2154 398 BASILII
2195 342 2413 399 MAGNI

3623 342 3787 399 iis;

460 468 765 538 insipientia
800 467 1029 537 periere.
1054 464 1257 520 Horum
1277 472 1457 518 autem
1480 464 1691 528 domus,
1718 463 2022 529 insipientis

2146 463 2282 533 jpt'iw
2314 462 2364 514 οἱ
2415 460 2779 531 πατριάρχαι·
2815 457 2969 529 ἡμῶν
3014 456 3064 508 oi
3112 456 3206 509 ἀπ’
3252 455 3454 518 αἰῶνος
3502 454 3705 507 δίκαια.

460 570 513 614 et
552 559 723 621 stulti,
766 558 1015 627 sepulcra
1052 565 1178 611 sunt
1207 557 1259 610 in
1292 565 1576 610 mlernnm.
1613 556 1851 620 Quorum
1884 554 2028 607 enim

459 652 570 703 vita
612 650 833 703 mortuis
867 649 1123 717 operibus
1154 663 1218 702 ex
1258 647 1406 702 omni
1460 653 1685 715 peccato
1726 645 2029 698 scaturien-

463 742 603 795 tibus
642 742 841 811 repleta
876 750 993 803 est,
1031 742 1220 794 horum
1272 741 1465 793 domus
1517 737 1764 804 sepulcra
1809 746 1935 789 sunt
1977 738 2028 787 in

461 843 742 889 aeternum.
791 835 893 899 Qui
925 832 1069 886 enim
1115 840 1360 884 mortuus
1392 840 1473 882 est
1507 843 1603 897 per
1636 838 1892 897 peccata,
1924 841 2027 877 non

461 924 678 979 domum
720 924 961 989 habitat,
1013 924 1106 977 sed
1164 920 1504 989 sepulcrum,
1540 934 1661 972 cum
1705 918 1881 970 anima
1916 916 2032 982 ejus

462 1024 671 1066 mortua
699 1014 788 1066 sit.
823 1012 955 1066 Nam
986 1014 1201 1067 domum
1243 1012 1450 1065 habitat
1482 1024 1691 1063 morum
1721 1008 1931 1073 integer
1970 1022 2033 1059 ac

462 1102 688 1171 simplex
728 1100 915 1165 Jacob,
968 1102 1033 1156 de
1084 1107 1191 1169 Quo
1238 1101 1500 1166 scriptum
1547 1107 1671 1163 est,
1721 1096 1862 1165 quod
1916 1104 2034 1148 erat

464 1193 637 1248 Homo
680 1195 912 1247 sincerus
956 1208 1017 1245 ac
1056 1192 1249 1255 bonus,
1283 1191 1526 1242 habitans
1572 1190 1784 1241 domum
1822 1186 1869 1218 "
1900 1204 1913 1238 :
1950 1201 2036 1239 se-

463 1282 705 1353 pulcrum
747 1296 876 1336 vero
921 1281 1129 1334 habitat
1164 1280 1243 1343 is,
1285 1279 1377 1348 qui
1421 1278 1644 1333 omnino
1694 1276 1871 1331 malus
1913 1287 2031 1340 est,

465 1384 627 1442 atque
684 1386 750 1426 ne
804 1370 1140 1439 poenitentia:
1199 1370 1415 1439 quidem
1497 1368 1907 1421 fundamentum
1968 1366 2035 1420 de

464 1463 693 1517 mortuis
734 1462 990 1531 Operibus
1014 1461 1148 1530 jacit
1176 1474 1190 1512 :
1220 1460 1313 1513 sed
1362 1457 1557 1512 similis
1605 1456 1854 1525 sepulcro
1892 1456 2037 1511 deal-

464 1566 594 1608 uato
626 1552 872 1616 edicitur,
909 1551 1054 1619 quod
1086 1550 1304 1619 quidem
1351 1549 1653 1603 forinsecus
1691 1548 2034 1617 conspicuum

2143 554 2301 623 Ἡμῖν
2351 551 2641 605 κατέλιπον
2680 550 2772 604 τὸν
2806 548 3035 602 πλοῦτον
3082 547 3287 600 ἑαυτῶν
3317 547 3370 599 οἱ
3406 547 3470 598 ὲν
3504 548 3578 616 τῇ
3614 546 3707 615 (98:
3808 582 3809 599 χ

2131 640 2407 711 ἀφροσύνῃ
2454 640 2662 694 ἑαυτῶν
2712 636 3093 707 ἀπολλύμενοι.
3155 635 3375 687 Τούτων
3434 632 3501 686 δὲ
3556 635 3609 685 αἱ
3648 636 3709 685 οἰ-

2133 732 2267 795 κίαι,
2313 732 2406 783 τοῦ
2462 731 2695 803 ἄφρονος
2749 730 2845 782 καὶ
2888 727 2980 780 τοῦ
3042 728 3309 797 ἀνοήτου,
3373 726 3548 794 τάφε
3594 728 3711 777 εἰέκ

2132 824 2212 883 είς
2255 821 2346 873 τὸν
2391 820 2582 873 αἰῶνα.
2616 814 2716 871 Ὧν
2756 818 2865 888 γὰρ
2897 820 2926 870 6
2980 817 3089 887 βίος
3141 814 3352 886 νεκρῶν
3401 814 3593 885 ἔργων

2132 914 2241 966 ἀπὸ
2294 912 2475 981 πάσης
2526 912 2802 983 ἁμαρτίας
2862 910 3244 979 πεπλήρωται,
3293 907 3515 959 τούτων
3571 907 3715 973 τά-γοι

2134 1005 2269 1057 εἰσιν
2301 1006 2353 1057 αἱ
2395 1004 2561 1057 οίκίαι
2609 1005 2688 1065 εἰς
2721 1002 2811 1055 τὸν
2850 1000 3040 1053 αἰῶνα.
3082 1000 3141 1052 '0
3183 997 3291 1068 γὰρ
3326 996 3537 1067 νεκρὸς
3576 997 3717 1063 γενό-

2139 1112 2297 1165 μενος
2330 1098 2441 1157 τοῖς
2476 1092 2917 1165 παραπτώμασιν
2969 1092 3069 1143 οὐκ
3127 1090 3301 1143 οἰκίαν
3360 1090 3548 1151 οἰκεῖ,

2134 1160 2324 1252 τάφον,
2369 1186 2466 1253 τῆς
2502 1160 2694 1235 ἑαυτοῦ
2723 1160 2901 1252 ψυχῆς
2931 1180 3360 1251 νενεκρωμένης.
3392 1179 3600 1231 Οἰκίαν
3636 1180 3720 1247 μὲν

2134 1277 2243 1347 γὰρ
2272 1279 2414 1329 οἰκεῖ
2440 1279 2467 1330 6
2504 1276 2691 1339 ἄδολος
2720 1276 2780 1327 τὸ
2809 1272 2941 1345 ἦθος
2974 1274 3069 1325 καὶ
3100 1271 3298 1333 ἁπλοῦς
3338 1270 3575 1332 Ἰακὼϐ,
3610 1272 3722 1341 περὶ

2134 1364 2197 1423 οὗ
2243 1371 2588 1442 γέγραπται,
2638 1371 2718 1421 ὅτι
2773 1364 2840 1438 ἢν
2880 1369 3211 1433 Ἀνθρωπος
3254 1364 3592 1427 ἄπλαστος
3640 1362 3725 1415 καὶ

2137 1462 2377 1531 ἀγαθὸς,
2429 1459 2608 1515 οἰκῶν
2659 1460 2893 1513 οἰκίαιν
2936 1458 3107 1527 τάφον
3154 1458 3209 1509 δὲ
3254 1457 3401 1508 οίκεῖ
3439 1456 3469 1506 6
3508 1455 3726 1524 παμπὲο

2138 1570 2338 1623 νηρος,
2400 1552 2533 1623 μηδὲ
2595 1550 2846 1622 θεμέλιον
2904 1548 3190 1619 μετανοίας
3240 1546 3725 1615 καταϐαλλόμεδος

3786 152 3809 479 l

3802 1230 3816 1543 l

463 1652 568 1710 est,
602 1642 929 1696 intrinsecus
952 1656 1081 1696 vero
1114 1649 1451 1695 mortuorum
1478 1640 1692 1694 ossibus
1720 1640 2037 1707 cunctisque

2146 1643 2247 1696 ἀπὸ
2278 1643 2487 1713 νεκρῶν
2516 1643 2711 1714 ἔργων,
2752 1640 2889 1694 άλλά
2928 1639 3336 1711 παροιμοιάζων
3365 1640 3535 1708 τάφῳ
3581 1657 3730 1691 κεκο-

466 1734 713 1787 sordibus
773 1731 1030 1787 refertum
1081 1742 1162 1786 est
1196 1732 1265 1784 ".
1325 1731 1688 1797 Quamobrem
1742 1730 1865 1784 talis
1908 1731 2033 1783 dum

2146 1733 2409 1803 νιαμένῳο
2441 1733 2499 1796 ὃς
2541 1732 2737 1797 ἔξωθεν
2773 1732 2871 1803 μὲν
2919 1732 3167 1802 ἐμφανὴς
3218 1730 3331 1799 (99)
3377 1729 3482 1790 ὢν·
3535 1729 3730 1781 ἔσωθεν
3808 1738 3817 1803 ξ

467 1825 725 1895 loquitur,
765 1786 877 1879 non
904 1786 969 1881 os
994 1826 1168 1896 aperit
1195 1786 1369 1880 verbo
1405 1825 1499 1879 Dei
1527 1863 1541 1889 ,
1594 1825 1691 1879 sed
1720 1824 2028 1893 sepulcrum

2146 1825 2188 1878 se
2224 1786 2412 1894 γέμων
2476 1786 2677 1876 όστέων
2728 1786 2963 1894 νεκρῶν⁵
2992 1786 3085 1874 καὶ
3125 1786 3325 1890 ᾉΞάςὲηξ
3356 1786 3729 1891 ἀκαθαρσίας.
3808 1786 3817 1831 Ἰ

465 1890 630 1969 habet
654 1924 921 1983 apertum,
961 1890 1115 1970 suum
1144 1916 1349 1970 scilicet
1379 1924 1582 1985 guttur.
1610 1914 1673 1969 Si
1710 1890 1835 1984 quis
1863 1915 2031 1983 igitur

2146 1890 2333 1988 Διόπερ
2382 1918 2411 1969 6
2441 1915 2680 1979 τοιοῦτος
2724 1890 3095 1984 φθεγγόμενος
3135 1914 3255 1983 οὐχὶ
3294 1911 3479 1981 στόμα
3531 1890 3731 1977 ἀνοίγει

466 2004 521 2059 in
546 2005 818 2060 Christum
865 2006 1117 2068 credens,
1164 2006 1405 2059 actiones
1440 2004 1551 2059 edit
1581 2003 1702 2057 ﬁdei
1739 2019 1845 2057 non
1892 2019 2030 2058 con-

466 2107 793 2161 sentaneas,
825 2099 870 2153 is
919 2107 1203 2167 propterea
1242 2097 1387 2167 quod
1415 2110 1579 2165 prava
1610 2095 1899 2149 attenderit
1936 2096 2034 2151 do-

468 2198 675 2259 gmata,
716 2188 1121 2259 Scripturaque
1162 2187 1486 2257 perverterit
1515 2201 1762 2253 sensum,
1801 2185 1854 2240 in
1887 2198 2039 2257 petra

468 2278 571 2333 sibi
618 2280 733 2349 ipse
772 2278 1077 2347 sepulcrum
1126 2278 1335 2331 incidit.

2134 2007 2279 2077 λόγῳ
2309 2005 2467 2071 Θεοῦ,
2492 2006 2629 2061 ἀλλά
2655 2006 2825 2075 τάφον
2852 2005 2965 2077 ἔχει
2995 2003 3336 2074 ἀνεῳγμένον
3360 2001 3457 2055 τὸν
3479 2001 3735 2071 λάρυγγα

2137 2097 2323 2151 αὐτοῦ.
2351 2096 2417 2149 El’
2454 2114 2538 2160 τις
2567 2093 2659 2151 οῦν
2690 2098 2768 2160 είς
2795 2096 3031 2166 Χριστὸν
3060 2094 3349 2159 πιστεύων,
3393 2093 3473 2164 μὴ
3511 2092 3735 2147 ἀκολού-

2147 2189 2254 2252 θως
2289 2192 2355 2260 τῇ
2390 2188 2570 2241 πίστει
2606 2187 2705 2251 τὰς
2737 2188 2964 2259 πράξεις
2992 2187 3333 2249 ἀποδίδωσιν,
3365 2178 3531 2248 οὗτος
3565 2183 3653 2236 διὰ
3678 2183 3738 2236 τὺ

2150 2280 2442 2353 μοχθηροῖς
2466 2280 2703 2349 δόγμασι
2734 2278 3199 2353 προσεσχηκέναι,
3235 2278 3329 2331 καί
3368 2276 3464 2329 διὰ
3494 2276 3561 2329 τὸ
3592 2292 3732 2345 παρ-

468 2370 782 2441 αδέχεσθαι
806 2371 867 2423 τὸ
896 2370 1141 2442 βούλημα
1168 2371 1269 2441 τῆς
1300 2370 1545 2443 Γραφῆς,
1572 2370 1796 2442 λατομεί
1821 2369 2000 2442 ἑαυτῷ
2039 2372 2097 2428 ἐν
2125 2377 2191 2446 τῇ
2223 2376 2404 2447 πέτρᾳ
2436 2377 2724 2446 μνημεῖον.

539 2462 593 2516 7.
621 2461 979 2516 Tabernacula
1003 2479 1187 2515 eorum
1219 2464 1273 2515 in
1296 2463 1597 2533 progeniem
1628 2471 1679 2516 et
1707 2464 2041 2533 progeniem;

470 2553 573 2609 hoc
608 2564 730 2621 est,
772 2553 1019 2623 sepulcra
1048 2555 1242 2608 domus
1278 2570 1467 2608 eorum
1498 2564 1625 2609 sunt
1659 2555 1710 2607 in
1754 2564 2036 2608 aeternum.

472 2646 673 2701 Deinde
717 2648 1014 2716 explanans
1061 2648 1127 2702 de
1180 2648 1375 2716 quibus
1414 2646 1684 2717 intelligat
1731 2646 1996 2715 sepulcris
2024 2685 2040 2712 ,

470 2746 531 2791 ut
556 2751 614 2792 se
639 2736 705 2790 de
732 2738 1049 2807 corporibus
1087 2751 1397 2792 sermonem
1441 2737 1642 2790 habere
1673 2736 1958 2798 ostendat,
1986 2738 2039 2790 in

470 2828 666 2895 quibus
698 2828 891 2881 animae
938 2842 1036 2896 per
1081 2826 1383 2895 nequitiam
1422 2836 1651 2881 mortua:
1696 2827 2040 2888 inhabitant,

476 2916 637 2988 184
653 2918 892 2985 adiunxit
915 2918 1066 2987 ipsis,
1086 2916 1445 2971 Tabernacula
1468 2934 1647 2971 eorum
1669 2920 1721 2971 in
1748 2921 2041 2989 progeniem

470 3020 521 3064 et
579 3010 870 3080 progeniem
903 3022 922 3060 :
957 3010 1155 3080 quippe
1206 3025 1272 3065 ex
1340 3011 1759 3075 consuetudine,
1810 3012 2042 3065 humana

2221 2466 2271 2519 7.
2314 2464 2679 2534 Σκηνώματα
2715 2463 2914 2518 αὐτῶν
2948 2463 3035 2527 είς
3072 2458 3288 2531 γενεὰν
3328 2456 3435 2511 καὶ
3477 2453 3734 2525 γενεάν*

2145 2557 2442 2621 τουτέστιν,
2465 2558 2514 2609 οἱ
2540 2558 2701 2627 τάφοι
2733 2555 2898 2609 οἰκίαι
2927 2552 3106 2608 αὐτῶν
3136 2554 3274 2605 εἰσιν
3297 2552 3383 2613 είς
3410 2550 3507 2602 τὸν
3541 2548 3734 2601 αἰῶνα.

2146 2646 2280 2703 Εἶτα
2334 2648 2651 2721 ἑρμηνεύων
2688 2648 2838 2710 τίνας
2887 2644 3133 2715 βούλεται
3182 2638 3323 2695 εἶναι
3369 2640 3611 2708 τάφους,
3656 2640 3738 2692 ἵνα

2146 2741 2314 2811 δείξῃ,
2354 2742 2436 2793 ὃτι
2483 2738 2749 2811 περὶτῶν
2781 2736 3044 2808 σωμάτων
3072 2735 3239 2803 λέγει,
3272 2727 3353 2794 οἷς
3393 2733 3453 2783 αἱ
3503 2730 3601 2783 διά
3647 2729 3738 2799 τὴν

2146 2832 2410 2903 πονηρίαν
2439 2829 2957 2901 ὲναπονεκρωθείσαι
2990 2828 3157 2897 ψυχαὶ
3204 2823 3482 2878 ἐνοικοῦσι
3504 2866 3521 2890 ,
3575 2839 3738 2893 προσ-

2147 2923 2342 2994 έθηκεν
2386 2924 2569 2986 αύτοῖς
2589 2940 2602 2953 ·
2648 2920 3008 2991 Σκηνώματα
3034 2917 3230 2973 αὐτῶν
3260 2920 3345 2983 είς
3389 2918 3618 2986 γενεὰν
3645 2914 3737 2966 καὶ

2148 3018 2380 3087 γενεὰν,
2412 3006 2556 3070 κατὰ
2582 3016 2682 3087 τὴν
2726 3015 3027 3085 συνήθειαν,
3076 3011 3456 3082 σκηνωμάτων
3497 3008 3614 3060 τῶν
3656 3008 3740 3059 ἀν-

475 3119 699 3173 corpora
734 3118 947 3174 semper
974 3102 1320 3157 tabernacula
1375 3102 1730 3172 appellantur.
1774 3103 1838 3158 Hi
1870 3116 2037 3159 autem

2152 3106 2437 3177 θρωπίνων
2492 3108 2761 3177 σωμάτων
2806 3106 2893 3158 ἀεὶ
2945 3104 3271 3173 λεγομένων.
3321 3094 3490 3154 Οὗτοι
3548 3100 3608 3152 δὲ
3650 3099 3739 3151 καὶ

475 3207 667 3252 vocant
715 3212 928 3266 quoque
980 3198 1196 3250 nomina
1250 3210 1350 3249 sua
1396 3196 1448 3249 in
1504 3196 1687 3249 terris.
1731 3195 1847 3250 Non
1899 3198 2047 3251 enim

478 3290 623 3360 impii
654 3304 845 3343 nomen
873 3289 1128 3343 scribitur
1158 3288 1213 3341 in
1256 3286 1398 3342 libro
1446 3286 1742 3341 viventium
1780 3288 1847 3354 ⁸ο,
1874 3303 2050 3357 neque

478 3394 790 3439 numeratur
824 3398 947 3437 eum
1002 3381 1245 3437 Ecclesia
1298 3382 1781 3451 primogenitorum
1815 3384 1904 3452 qui
1947 3400 2050 3437 nu-

479 3484 755 3527 merantur
784 3473 837 3526 in
870 3472 1026 3527 caelis
1054 3471 1099 3503 ⁸¹
1127 3488 1141 3526 :
1172 3471 1293 3537 sed,
1324 3472 1470 3540 quod
1503 3472 1875 3526 transitoriam
1911 3473 2050 3527 hanc

477 3574 533 3615 et
561 3562 777 3615 brevem
806 3560 973 3614 vitam
1009 3557 1374 3614 tabernaculis
1406 3558 1626 3611 aeternis
1661 3558 2046 3625 praatulerunt,

480 3652 696 3705 nomina
731 3654 970 3719 ipsorum
1002 3650 1056 3704 in
1083 3658 1225 3704 terra
1255 3657 1598 3718 permanent.
1632 3647 1750 3703 Non
1781 3648 1931 3702 vides
1957 3662 2052 3703 eos

478 3746 567 3812 qui
603 3742 871 3796 aediﬁcant
927 3742 982 3795 in
1028 3741 1256 3795 urbibus
1306 3739 1422 3794 l'ora
1471 3754 1535 3793 ac
1590 3728 1902 3810 gymnasia,
1956 3753 2051 3792 ex-

478 3843 692 3888 struunt
732 3832 927 3888 mceuia
948 3870 965 3895 ,
992 3832 1341 3900 aquaductus
1393 3838 1749 3895 construunt,
1782 3832 2051 3899 quomodo

482 3938 670 3978 eorum
733 3923 949 3977 nomina
993 3921 1080 3976 his
1126 3922 1359 3975 terrenis
1408 3922 1575 3974 indita
1620 3921 1729 3975 sint
1772 3920 2052 3975 aediliciis?

476 4014 594 4069 Jam
648 4029 774 4069 vero
818 4013 1105 4080 nonnulli,
1152 4014 1371 4067 nomine
1420 4027 1521 4065 suo
1566 4012 1831 4067 armentis
1884 4013 2048 4066 etiam

476 4122 738 4177 equorum
798 4105 1081 4175 imposito,
1134 4104 1395 4159 induxere
1443 4104 1495 4157 in
1551 4104 1829 4169 animum,
1888 4114 1948 4158 ut
1996 4104 2049 4158 in

2144 3196 2527 3251 ἐπικαλοῦνται
2555 3201 2624 3251 «ca
2664 3199 2901 3268 ὀνόματα
2939 3197 3116 3249 αὐτῶν
3149 3195 3239 3246 ἐπὶ
3286 3193 3398 3245 τῶν
3431 3194 3635 3262 γαιῶν.
3670 3192 3740 3242 υύ

2145 3287 2254 3357 γὰρ
2280 3288 2617 3357 ἐγγράφεται
2641 3285 2871 3349 ἀσεϐοῦς
2898 3285 3069 3355 ὄνομα
3094 3285 3150 3336 ὲν
3184 3283 3349 3353 βίϐλῳ
3380 3281 3463 3352 (1)
3495 3281 3737 3345 ζώντων,

2145 3377 2265 3430 οὐδὲ
2300 3376 2616 3448 ἀριθμεῖται
2675 3376 2813 3447 μετά
2861 3376 2961 3447 τῆς
2994 3374 3321 3445 Ἐκκλησίας
3364 3373 3481 3424 τῶν
3525 3388 3741 3443 πρωτο-

2144 3470 2318 3522 τόκων
2345 3469 2452 3521 τῶν
2500 3468 2917 3539 ἀριθμουμένων
2962 3470 3019 3521 ἐν
3069 3468 3347 3538 οὐρανοῖς·
3385 3465 3530 3518 ἀλλά
3562 3468 3631 3536 τῇ
3672 3468 3739 3533 τῇ

2147 3558 2325 3611 αὐτῶν
2358 3558 2682 3629 έναπομένει
2721 3560 2789 3612 τὰ
2818 3559 3079 3629 ὀνόματα,
3119 3557 3252 3609 διότι
3291 3556 3394 3626 τὴν
3430 3555 3740 3627 παροδικὴν

2146 3650 2348 3722 ταύτην
2390 3651 2535 3723 ζωὴν
2568 3653 2661 3704 καὶ
2705 3652 3062 3723 ὀλιγοχρόνιον
3103 3650 3212 3703 τῶν
3244 3648 3492 3701 αἰωνίων
3525 3649 3741 3719 σκηνῶν

2147 3744 2541 3817 προετίμησαν.
2574 3743 2685 3813 Ούχ
2714 3744 2847 3814 ὁρᾷς
2894 3742 3019 3805 τοὺς
3049 3739 3472 3811 οἰκοδομοῦντας
3516 3742 3581 3791 ἐν
3626 3743 3738 3800 ταῖς

2148 3836 2370 3889 πόλεσιν
2415 3834 2621 3907 ἀγορὰς
2669 3836 2761 3887 καὶ
2807 3834 3115 3903 γυμνάσια,
3162 3833 3315 3902 τείχη
3364 3830 3735 3890 ἀνιστῶντας,

2108 3992 2112 3997 θ
2156 3926 2503 3996 ύδραγωγοὺς
2537 3923 3014 3988 ἐπισκευάζοντας,
3047 3922 3164 3985 πῶς
3189 3921 3256 3973 τὰ
3286 3920 3537 3990 ὀνόματα
3564 3920 3739 3973 αὐτῶν

2155 4014 2363 4077 τούτοις
2392 4014 2746 4084 ἐπικέκληται
2776 4017 2886 4076 τοῖς
2925 4014 3135 4084 γηίνοις
3180 4012 3736 4081 κατασκευάσμασινς

2122 4186 2139 4205 ⁸
2161 4107 2301 4177 Ἤδη
2335 4106 2391 4159 δέ
2418 4124 2580 4172 τινες,
2610 4108 2704 4160 καὶ
2734 4107 2952 4175 ἀγέλαις
2981 4106 3160 4159 ἵππων
3186 4104 3284 4167 τὰς
3316 4104 3532 4157 ἑαυτῶν
3577 4118 3739 4175 προσ-

546 4244 591 4274 "
617 4241 751 4297 Gen.
780 4257 903 4307 xxv,
936 4240 1026 4294 27.
1099 4238 1144 4269 "
1172 4237 1364 4293 Matth.
1394 4253 1551 4303 χχιιι,
1586 4237 1681 4291 27.
1754 4235 1800 4267 ⁸⁸
1832 4236 1973 4291 Psal.
2010 4253 2202 4304 ιιιινιιι,
2230 4241 2320 4296 29.
2377 4242 2419 4273 ⁸⁸
2457 4240 2619 4297 Hebr.
2659 4258 2756 4306 xu,
2779 4242 2871 4296 25.

551 4371 990 4447 (98;_lta_l_egitur
1005 4370 1081 4447 _in
1118 4370 1355 4447 editione
1393 4368 1568 4447 Paris.
1590 4368 1642 4420 ot
1677 4366 2036 4447 πατριάρχαι.

479 4437 679 4496 orae
725 4443 915 4503 αἰῶνος
966 4440 1162 4493 δίκαιοι
1203 4440 1335 4509 ἡμῖν
1370 4438 1658 4491 κατέλιπον
1687 4437 1777 4489 τὸν
1812 4437 2039 4491 πλοῦτον

480 4512 707 4575 ὲαυτῶν,
736 4513 829 4564 καὶ
878 4513 925 4562 oi
960 4512 1015 4563 ὲν
1046 4512 1132 4580 τῇ.
1176 4508 1305 4570 etei,
1350 4509 1403 4560 in
1455 4510 1647 4580 quibus
1696 4508 2036 4580 vitiialiquid

483 4584 656 4637 inesse
689 4590 915 4635 constat.
977 4577 1237 4639 Primum,
1286 4593 1444 4633 voces
1495 4577 1695 4629 δίκαιοι
1723 4579 1855 4646 ἡμῖν
1878 4579 2037 4631 simul

482 4653 901 4720 coniunguntur,
924 4665 1043 4720 quin
1076 4657 1236 4720 erant
1289 4658 1704 4720 tamenpunclo
1725 4647 2035 4720 ulsjungen-

480 4723 562 4774 (ιω
584 4715 608 4773 ἰ
643 4715 853 4783 deinde,
900 4715 1208 4787 coniunctio
1235 4716 1328 4769 καί
1372 4718 1440 4769 ita
1475 4719 1652 4779 inepte
1692 4715 2035 4787 hicponitnr,

483 4800 540 4843 ut
564 4790 844 4841 absurdam
865 4785 1147 4842 admodum
1172 4787 1491 4841 sententiam
1514 4786 1726 4838 elliciat.
1757 4785 1864 4838 lloc
1894 4788 2035 4839 enim

484 4862 684 4913 diceret
716 4858 963 4922 Basilius,
996 4868 1105 4910 tum
1132 4871 1225 4910 eos
1272 4857 1363 4923 qui
1397 4872 1425 4907 a
1460 4856 1657 4908 saiculo
1691 4857 1821 4922 justi
1867 4855 2036 4919 fuere,

486 4941 596 4981 tum
628 4944 721 4982 eos
746 4928 835 4994 qui
874 4929 927 4980 in
956 4942 1051 4979 sua
1078 4926 1307 4979 stultitia
1347 4927 1578 4992 periere,
1609 4940 1735 4977 suas
1769 4924 1923 4975 nobis
1956 4925 2038 4975 di-

484 5001 639 5051 vrlias
686 4999 887 5066 pariter
941 4996 1225 5063 reliquisse
1278 5010 1290 5044 :
1346 4997 1487 5066 quo_d
1543 5002 1742 5066 tamen
1790 4996 1838 5046 ei
1872 5008 1939 5046 ne
1974 4995 2033 5066 ‘in

483 5062 712 5121 mentem
742 5068 954 5135 quidem
986 5062 1195 5119 venisse
1238 5062 1384 5135 puto.
1436 5062 1617 5115 Basilii
1674 5062 2035 5135 igiturverbn

484 5141 553 5190 ita
586 5133 888 5205 interpungi
912 5136 1141 5205 debent,
1163 5137 1261 5205 _uti
1299 5133 1716 5205 interpungenda
1756 5133 1987 5184 diximus
2021 5149 2033 5183 :

482 5210 673 5261 deinde
692 5202 936 5260 Voculam
962 5202 1053 5257 καί
1083 5219 1113 5259 e
1162 5203 1279 5256 loco
1306 5218 1462 5270 quem
1501 5202 1637 5254 male
1666 5211 1913 5268 occupat,
1946 5216 2038 5267 pe-

484 5282 626 5330 nitus
657 5277 891 5329 amoveri
923 5289 1099 5343 operui
1133 5274 1364 5341 pretium
1398 5280 1500 5325 est.
1532 5271 1644 5343 l_l_oc
1695 5273 1885 5343 posito.
1916 5286 2037 5322 ver-

483 5349 546 5399 ha
585 5346 767 5399 Basilii
793 5347 870 5399 sic
903 5339 1241 5411 interpretari
1271 5342 1450 5396 licebit
1479 5357 1492 5393 :
1527 5339 1724 5392 Nostra
1741 5340 1883 5411 enim
1913 5351 2034 5391 sunt

480 5430 756 5483 praecepta,
788 5416 951 5467 nostri
983 5409 1268 5481 prophetae,
1311 5411 1476 5483 nostri
1498 5409 2035 5483 patriurchte,_nostrt

479 5480 724 5555 quotquot
758 5502 790 5538 a
818 5480 1010 5538 sweuto
1035 5480 1168 5552 justi
1192 5484 1357 5555 fuere.
1386 5480 1533 5555 Suas_
1562 5480 1705 5531 nobis
1726 5481 1934 5555 divitias
1954 5496 2036 5529 rc-

480 5551 741 5623 liquerunt
776 5556 863 5624 qui
894 5558 945 5606 in
969 5551 1064 5605 sua
1092 5552 1393 5624 insipientia
1424 5551 1621 5617 periere
1658 5564 1678 5624 :_
1706 5563 1854 5624 qum
1892 5551 2033 5600 inter

480 5618 544 5677 se
559 5627 760 5691 optime
788 5618 1059 5677 cohaerere
1087 5618 1263 5684 nemo,
1289 5622 1499 5689 Opinor,
1530 5618 1763 5691 negabit.
1808 5618 1883 5670 Ex
1930 5633 2036 5691 quo

482 5688 792 5761 intelligitur
848 5695 934 5746 hic
980 5694 1208 5759 ellipsim
1244 5705 1360 5743 esse
1388 5691 1537 5761 vocis
1558 5688 2032 5761 quw,a_ut_voe_is

483 5755 753 5827 ἡμέτεροι,
795 5763 979 5825 sicque
1006 5755 1241 5825 suppleri
1272 5762 1485 5822 debere,
1515 5755 1670 5820 ἡμῶν
1695 5759 1744 5808 οἱ
1780 5756 1874 5809 ἀπ’
1902 5755 2027 5808 αἰῶ-

2154 4392 2242 4438 νος
2262 4375 2479 4437 δίκαιοι,
2518 4386 2628 4439 aut,
2656 4375 2913 4445 ἡμέτεροι
2941 4374 3013 4445 οἱ,
3038 4383 3145 4426 etc.
3176 4370 3330 4445 Quod
3369 4371 3416 4424 si
3464 4371 3732 4440 quispiam

2156 4447 2284 4498 illud
2308 4446 2378 4508 οἱ,
2416 4446 2557 4511 quod
2589 4443 2774 4499 vocem
2804 4443 3137 4514 πατριάρχαι
3178 4443 3430 4514 proxime
3468 4449 3729 4514 sequitur,

2156 4515 2331 4583 legere
2389 4517 2539 4567 malit
2570 4530 2692 4566 cum
2729 4511 2953 4567 acoentu
2986 4511 3244 4583 simulet
3281 4512 3509 4583 spiritu,
3533 4511 3605 4572 οῖ,
3640 4526 3728 4583 au-

2152 4580 2270 4635 ctor
2297 4584 2346 4636 ei
2378 4598 2498 4635 sum
2535 4593 2593 4635 ut
2619 4585 2693 4635 ita
2725 4596 2938 4636 vertat:
2982 4580 3170 4634 Nostri
3209 4582 3564 4647 patriarchte,
3598 4580 3731 4648 quia

2143 4652 2337 4705 swculo
2363 4653 2493 4719 justi
2548 4653 2778 4720 fuerunt.
2807 4651 2911 4706 Sed
2977 4652 3159 4704 nescio
3210 4654 3489 4717 quomodo
3540 4651 3732 4720 placuit

2144 4724 2273 4775 mihi
2325 4717 2499 4791 magis
2545 4717 2691 4789 prior
2722 4722 2811 4774 illa
2870 4720 3261 4787 interpretandi
3326 4720 3475 4791 ratio
3508 4717 3729 4791 {Nostri

2140 4801 2397 4860 quotquot
2420 4784 2482 4843 va
2536 4784 2729 4844 iwculo
2764 4784 3251 4860 fuerunthecedit
3279 4790 3453 4841 etiam
3478 4831 3493 4853 ,
3520 4789 3655 4855 quod
3680 4784 3732 4835 οἱ

2142 4858 2540 4915 clunaccentu
2569 4862 2730 4913 simul
2770 4872 2825 4914 et
2860 4862 3049 4929 Spiritu
3113 4858 3308 4929 legisse
3344 4872 3580 4929 usquam
3628 4870 3726 4908 non

2144 4931 2387 4983 memini.
2458 4932 2749 4994 Cmterum,
2806 4928 3020 4997 nequis
3047 4944 3145 4982 nos
3182 4928 3503 4994 conjecmra
3547 4928 3728 4979 ductos

2141 5000 2433 5067 quidquam
2485 5000 2679 5053 fecisse
2709 5002 3036 5068 suspicetur,
3095 5012 3319 5068 monere
3362 4997 3548 5068 juvat,
3581 5009 3728 5068 voces

2138 5064 2335 5122 δίκαιοι
2357 5072 2496 5140 ἡμῖν
2529 5080 2728 5137 puncto
2755 5064 2821 5121 iu'
2838 5070 3077 5140 editione
3119 5066 3425 5140 Basileensi
3446 5064 3673 5135 disjungi
3705 5080 3721 5114 :

2142 5142 2294 5203 item,
2318 5136 2765 5205 conjunctione“)
2801 5136 2895 5190 καί
2922 5140 2975 5191 in
3028 5140 3126 5189 hac
3150 5139 3261 5204 ipsa
3295 5136 3546 5188 editione
3588 5148 3727 5201 atque

2140 5224 2203 5261 ac
2244 5209 2299 5261 iu
2338 5204 2546 5262 noStris
2603 5223 2795 5262 novem
2838 5223 2969 5261 mss.
3001 5210 3210 5260 deesse.
3250 5206 3483 5273 Legitur
3511 5204 3723 5273 quidem

2140 5280 2299 5345 paulo
2347 5280 2504 5331 aliter
2571 5279 2622 5330 in
2671 5278 2861 5339 Coisl.,
2911 5292 3103 5345 nempe
3166 5280 3266 5327 hoc
3313 5270 3725 5345 iiiodo,'Di_m-3

2138 5339 2330 5410 αἰῶνος
2364 5347 2562 5399 δίκαιοι
2601 5347 2850 5399 πλούσιοι
2880 5348 3013 5417 ἡμῖν
3038 5339 3335 5417 κατέλιπον
3508 5339 3725 5417 πὶοῦτσί

2139 5418 2369 5479 ἑαυτῶν,
2398 5418 2446 5469 οἱ
2488 5418 2546 5468 ὲν
2581 5420 2678 5487 τῇ,
2714 5428 2844 5479 etc.,
2874 5412 2985 5487 sed
3017 5418 3150 5468 nihil
3183 5416 3308 5468 inde
3332 5414 3631 5482 adjumenti
3658 5412 3723 5457 ad

2138 5488 2256 5551 ejus
2298 5488 2403 5541 loci
2433 5484 2873 5555 explanationem
2909 5484 3157 5539 atl'ertur.

2211 5556 2326 5626 (99)
2352 5559 2443 5609 Sic
2476 5547 2641 5610 editio
2687 5556 2852 5609 Basil.
2889 5567 2943 5608 et
2977 5560 3217 5623 quinque
3268 5567 3405 5626 mss.
3442 5552 3540 5626 _Al
3566 5547 3723 5605 editio

2140 5622 2319 5681 Paris.
2346 5642 2470 5679 cum
2508 5628 2717 5681 duobus
2751 5635 2843 5678 aut
2879 5622 3049 5679 tribas
3086 5622 3519 5695 insslei’aipavﬁg.

2209 5697 2287 5766 (ί)
2320 5695 2398 5751 lla
2422 5711 2553 5751 mss.
2584 5707 2809 5765 septem.
2838 5696 2977 5750 Editi
3012 5694 3106 5747 ἐπὶ
3137 5692 3331 5763 βίϐλῳ.
