3836 6222
179 295 284 348 4ί9

1279 295 1561 352 NOMINA
1601 299 1666 353 IN
1707 290 2030 356 PSALMUM
2071 293 2301 352 XLVIII.

3306 294 3410 353 ιδο

178 421 400 477 ηγοριας
447 407 906 480 ὲνσημηναμενοι,
950 410 1042 463 ἐπὶ
1090 410 1221 465 πολὺ
1259 414 1748 486 συμπαραταθῆναι

1862 413 2065 483 longum
2099 412 2221 468 vitae
2257 421 2465 482 tempus
2515 425 2608 467 sua
2639 412 2877 482 ipsorum
2913 409 3172 466 memoria
3220 422 3413 464 exten-

179 499 256 569 τῷ
283 499 382 569 βίῳ
424 500 523 571 τὴν
559 501 777 572 μνήμην
821 502 1027 559 ἑαυτῶν
1057 504 1385 575 ἐπενόησαν·
1420 507 1514 558 καὶ
1559 509 1616 560 ἐν
1658 508 1753 561 τά-

180 609 301 660 φοις
339 592 395 645 δὲ
430 591 830 664 μεγαλουργίαν
861 595 1277 667 ἐπιδειξάμενοι,
1316 600 1429 662 τοῖς
1474 599 1752 669 μνήμασιν

181 682 387 735 ἐαυτῶν
435 683 708 752 ἐναφῆκαν
755 685 825 737 τά
871 685 1128 756 ὀνόματα.
1177 679 1334 740 Οὗτοί
1387 690 1528 741 εἰσιν
1582 690 1632 742 οἱ
1684 689 1753 744 τὰ

180 774 340 844 γήῑνα
385 773 727 843 φρονοῦντες,
774 776 866 828 καὶ
907 777 1004 846 τὴν
1055 777 1290 832 ἐνταῦθα
1335 775 1512 842 δόξαν,
1559 780 1652 832 καὶ
1693 779 1755 832 τὸ

183 862 331 936 παρὰ
358 865 468 928 τοίς
508 863 815 937 ἀνθρώποις
860 867 1292 937 μνημονεύεσθαι
1320 866 1593 940 αὔταρκες
1631 868 1755 922 ἐαυ-

181 959 295 1019 τοῖς
328 959 406 1020 εἰς
446 957 821 1028 μακαριότητα
846 958 1200 1031 λογιζόμενοι.
1242 960 1361 1014 Κᾶν
1392 961 1506 1033 ἴδῃς
1546 960 1603 1014 δέ
1633 978 1752 1014 τινα

184 1041 293 1094 τῶν
321 1042 415 1095 ἐπὶ
447 1041 782 1115 ψευδωνύμῳ
825 1045 1022 1114 γνώσει
1074 1047 1218 1117 μέγα
1264 1048 1750 1120 φρονούντωννίῖ),

187 1131 283 1184 καὶ
323 1133 734 1203 προσνεμόντων
762 1135 987 1200 ἑαυτοὺς
1021 1136 1308 1208 μοχθηρῶν
1339 1155 1501 1191 τινων
1551 1138 1754 1208 δογμά-

183 1240 293 1276 των
323 1223 750 1292 συγκαταθέσεσι
812 1225 910 1297 (5),
939 1227 1032 1280 καὶ
1068 1227 1189 1280 ἀντὶ
1221 1226 1316 1281 τοῦ
1356 1228 1616 1298 ὀνόματος
1647 1230 1753 1284 τῶν

181 1313 539 1387 Χριστιανῶν,
583 1315 676 1384 ἀφ’
719 1315 835 1381 ἐνός
870 1335 1010 1381 τινος
1059 1318 1167 1372 τῶν
1214 1319 1753 1392 αἱρεσιαρχησάντων

182 1407 408 1469 ἑαυτοὺς
437 1406 820 1478 ὀνομάζοντας,
850 1408 1193 1479 Μαρκίωνος,
1235 1410 1269 1481 ἢ
1305 1409 1673 1474 Οὐαλεντίνου,
1717 1412 1750 1484 ἢ

180 1495 292 1550 τῶν
317 1495 414 1550 νῦν
442 1496 876 1562 ἐπιπολαζόντων
903 1497 1065 1564 τινὸς,
1097 1499 1350 1569 γίνωσκε,
1375 1501 1456 1553 ὅτι
1487 1501 1581 1554 καὶ
1606 1493 1754 1554 οὗτοι

183 1588 584 1643 ἐπεκαλέσαντο
628 1588 697 1643 τὰ
738 1589 978 1661 ὀνόματα
1022 1591 1202 1646 αὐτῶν
1253 1593 1347 1647 ἐπὶ
1397 1592 1504 1647 τῶν
1556 1573 1750 1664 γαιῶν,

184 1682 444 1754 φθαρτοῖς
483 1679 790 1754 ἀνθρώποις
843 1683 936 1736 καὶ
987 1683 1047 1736 τὸ
1094 1684 1212 1738 ὅλον
1266 1685 1476 1757 γηῖνοις
1527 1685 1753 1750 ἐαυτούς

183 1773 634 1845 προσνείμαντες.
1345 1763 1349 1767 ’

255 1865 307 1918 8.
347 1864 458 1920 Καὶ
529 1864 837 1934 ἅνθρωπος
880 1866 950 1919 ἐν
1000 1863 1139 1935 τιμῇ
1193 1863 1298 1933 ὢν,
1353 1869 1426 1921 οὐ
1488 1865 1753 1938 συνῆκε-τ’

182 1953 688 2026 παρασυνεϐλήθη
723 1955 846 2021 τοῖς
878 1954 1124 2023 κτήνεσι
1165 1956 1290 2022 τοῖς
1322 1956 1627 2027 ἀνοήτοις,
1657 1958 1758 2013 καὶ

183 2045 447 2116 ὡμοιώθη
488 2044 712 2111 αὐτοῖς.
742 2046 902 2115 Αὕτη
935 2046 974 2113 ἠ
1011 2047 1150 2112 ὁδὸς
1179 2047 1376 2102 αὐτῶν
1408 2048 1759 2105 σκάνδαλον

185 2137 420 2203 αὐτοῖς·
467 2136 568 2190 καὶ
608 2136 762 2206 μετὰ
799 2137 985 2191 ταῦτα
1025 2138 1094 2192 ἐν
1138 2137 1217 2203 τῷ
1267 2141 1516 2210 στόματι
1562 2141 1758 2196 αὐτῶν

185 2227 616 2295 εὐδοκήσσυσι.
665 2229 824 2298 Μέγα
875 2229 1191 2302 ἄνθρωπος,
1240 2232 1333 2286 καὶ
1387 2233 1565 2304 τίμιον
1618 2234 1758 2305 ἀνὴρ

185 2321 456 2392 ἐλεήμων,
498 2321 557 2374 τὸ
593 2320 771 2392 τίμιον
804 2322 862 2377 ἐν
893 2325 961 2392 τῇ
1001 2327 1202 2396 φυσικῇ
1252 2327 1562 2397 κατασκευῇ
1595 2324 1754 2396 ἔχων.

187 2412 254 2464 Τί
282 2412 390 2482 γὰρ
416 2411 524 2466 τῶν
548 2413 640 2467 ἐπὶ
678 2413 780 2482 γῆς
813 2412 940 2466 ἄλλο
979 2415 1098 2467 κατ’
1141 2413 1321 2468 εἰκόνα
1352 2413 1443 2467 τοῦ
1475 2415 1758 2480 κτίσαντος

185 2504 414 2573 γέγονε;
449 2505 567 2558 Τίνι
602 2506 635 2576 ή
670 2504 811 2559 κατὰ
856 2505 1072 2559 πάντων
1106 2506 1184 2578 (4)
1229 2506 1370 2578 ἀρχὴ
1405 2507 1498 2560 καὶ
1538 2504 1756 2572 ἐξουσία

185 2597 295 2650 τῶν
337 2615 398 2650 τε
442 2598 709 2669 χερσαίων
749 2597 844 2652 καὶ
881 2597 1116 2669 ἐνύδρων
1158 2599 1252 2652 καὶ
1299 2600 1558 2671 ἐναερίων
1603 2600 1756 2664 ζώων

186 2687 533 2759 κεχάρισται;
565 2689 748 2759 Βραχύ
784 2689 880 2759 μὲν
914 2688 1221 2760 ὑποϐέϐηκε
1247 2690 1346 2762 τὴν
1377 2685 1485 2745 τῶν
1513 2692 1756 2761 ἀγγέλων

186 2778 346 2844 ἀξίαν
381 2779 469 2833 διὰ
495 2779 592 2850 τὴν
619 2780 753 2852 πρὸς
781 2779 841 2832 τὸ
872 2779 1072 2848 γεῶδες
1102 2779 1261 2852 σῶμα
1295 2781 1587 2852 συνάφειαν
1607 2800 1620 2814 ·
1666 2784 1756 2837 τὸν

190 2871 292 2940 μὲν
331 2865 425 2924 οὖν
462 2869 745 2942 ἄνθρωπον
787 2872 1038 2944 ἐποίησεν
1066 2873 1171 2925 ἀπὸ
1199 2872 1300 2943 τῆς
1330 2875 1453 2946 γῆς,
1486 2875 1583 2929 καὶ
1619 2877 1760 2944 τοὺς

185 2959 569 3029 λειτουργοὺς
602 2961 786 3015 αὐτοῦ
821 2962 1009 3031 πυρὸς
1036 2964 1264 3033 φλόγα·
1300 2963 1411 3017 ἀλλ’
1441 2965 1590 3036 ὅμως
1619 2967 1653 3038 ἦ
1694 2985 1757 3036 γε

186 3052 283 3106 τοῦ
312 3056 452 3108 νοεῖν
492 3055 586 3108 καὶ
614 3053 852 3108 συνιέναι
879 3055 969 3108 τὸν
1004 3055 1212 3109 ἑαυτῶν
1259 3055 1494 3129 Κτίστην
1525 3060 1618 3112 καὶ
1653 3060 1759 3131 Δη-

1852 505 2106 571 deretur,
2161 506 2294 574 quin
2355 503 2521 559 etiam
2568 501 2966 574 magniﬁcentia
3037 501 3092 556 in
3143 500 3409 570 sepulcris

1853 606 2102 662 ostensa,
2160 595 2526 652 monumentis
2570 594 2790 649 nomina
2837 607 2933 648 sua
2993 590 3412 660 insculpsernnt.

1857 689 1918 744 Hi
1953 697 2082 744 sunt
2107 691 2194 759 qui
2227 696 2441 744 terrena
2470 687 2708 756 sapiunt,
2744 696 2799 741 et
2826 693 3144 755 praesentem
3179 681 3404 752 gloriam

1855 795 1920 834 ac
1950 779 2224 834 hominum
2258 777 2683 832 recordationem
2711 775 2813 831 sibi
2841 776 2907 830 ad
2943 773 3251 828 felicitatem
3281 771 3413 827 satis

1854 885 1972 926 esse
1997 871 2336 925 existimant.
2359 868 2510 935 Quod
2538 869 2582 925 si
2610 884 2768 937 quem
2790 867 2950 922 etiam
2979 865 3175 920 videris
3200 878 3410 927 eorum,

1854 963 1947 1031 qui
1973 961 2040 1016 ob
2066 960 2185 1016 falsi
2217 961 2448 1017 nominis
2492 961 2774 1015 scientiam
2813 958 3148 1030 superbiunt,
3181 966 3234 1012 et
3290 972 3415 1027 pra-

1854 1054 1933 1108 vis
1989 1051 2306 1123 quibusdam
2353 1053 2691 1116 dogmatibus
2750 1051 3139 1114 assentiuntur,
3185 1064 3250 1105 ac
3293 1049 3415 1103 loco

1856 1142 2086 1198 nominis
2113 1141 2425 1209 Christiani,
2464 1142 2532 1197 ab
2563 1157 2670 1196 uno
2713 1141 2892 1210 aliquo
2924 1140 3282 1196 haeresiarcha
3310 1139 3413 1194 sibi

1854 1248 2050 1289 nomen
2078 1234 2367 1299 asciscunl,
2407 1243 2530 1304 puta
2557 1247 2588 1287 a
2618 1231 2888 1287 Marcione
2911 1274 2926 1299 ,
2960 1240 3054 1286 aut
3084 1231 3368 1286 Valentino
3390 1269 3407 1294 ,

1853 1333 1946 1378 aut
1972 1324 2040 1380 ab
2071 1325 2248 1394 aliquo
2271 1340 2456 1379 eorum
2500 1325 2590 1394 qui
2621 1339 2687 1379 ex
2719 1323 2917 1393 ignotis
2955 1336 3092 1378 nunc
3135 1323 3413 1392 conspicui

1853 1425 2016 1472 sunt:
2079 1417 2239 1472 velim
2313 1418 2528 1473 noveris
2597 1417 2696 1472 hos
2745 1430 2960 1486 quoque
3031 1430 3134 1470 sua
3195 1427 3414 1470 nomina

1853 1522 2077 1564 vocasse
2124 1508 2177 1563 in
2213 1508 2407 1574 terris,
2449 1517 2507 1562 ut
2547 1508 2641 1578 qui
2692 1507 3000 1563 hominibus
3036 1505 3306 1577 corruptis
3349 1519 3414 1560 ac

1852 1598 2010 1670 plane
2035 1600 2265 1656 terrenis
2293 1615 2410 1656 sese
2439 1598 2766 1655 addixeriut.

1927 1863 1981 1920 8.
2037 1862 2202 1918 Vsus.
2233 1863 2323 1926 13,
2364 1861 2451 1918 14.
2492 1859 2563 1913 Et
2587 1861 2738 1914 homo
2777 1875 2892 1913 cum
2933 1859 2988 1913 in
3016 1858 3209 1913 honore
3243 1873 3368 1910 esset
3396 1895 3412 1922 ,

1857 1969 1960 2006 non
1981 1951 2272 2006 intellexit:
2299 1961 2632 2019 comparatus
2657 1957 2733 2004 est
2757 1949 3004 2018 iumentis
3034 1948 3416 2018 insipientibus,

1860 2054 1907 2098 et
1933 2043 2120 2098 similis
2145 2043 2314 2112 factus
2333 2053 2407 2096 est
2441 2043 2564 2097 illis.
2588 2041 2718 2098 Hac
2753 2043 2835 2096 via
2875 2041 3085 2094 illorum
3109 2041 3417 2096 scandalum

1857 2133 2025 2204 ipsis:
2053 2143 2102 2188 et
2142 2144 2320 2203 postea
2351 2136 2406 2187 in
2436 2150 2524 2188 ore
2550 2150 2644 2188 suo
2669 2132 3077 2202 complacebunt.
3112 2132 3300 2201 Magna
3333 2149 3420 2188 res

1857 2225 2039 2292 homo,
2061 2237 2116 2282 et
2143 2226 2433 2296 pretiosum
2471 2225 2722 2296 quiddam
2753 2226 2834 2280 vir
2870 2225 3203 2290 misericors,
3245 2225 3420 2292 digni-

1861 2324 2022 2370 tatem
2047 2315 2528 2385 excellentiamque
2556 2314 2608 2369 in
2633 2313 2866 2368 naturali
2890 2328 2988 2369 sua
3009 2316 3416 2371 constructione

1859 2408 2084 2462 habens.
2123 2407 2261 2474 Quid
2295 2407 2440 2463 enim
2477 2405 2622 2461 aliud
2647 2421 2713 2461 ex
2747 2406 2813 2461 iis
2844 2420 2962 2476 quae
3002 2407 3057 2460 in
3093 2415 3238 2462 terra
3269 2419 3418 2475 sunt,

1859 2500 1925 2552 ad
1951 2495 2259 2554 Conditoris
2298 2497 2586 2568 imaginem
2624 2495 2826 2552 factum
2855 2497 3046 2552 est”?
3081 2497 3178 2554 Cui
3218 2499 3423 2569 princi-

1867 2598 2024 2658 patus
2055 2598 2111 2643 et
2135 2598 2373 2658 potestas
2400 2588 2454 2642 in
2485 2587 2664 2644 omnia
2703 2587 2951 2643 animalia
2977 2596 3086 2643 tum
3115 2592 3417 2659 terrestria,

1863 2689 1970 2732 tum
1992 2678 2274 2748 aquatilia,
2295 2688 2405 2732 tum
2433 2692 2589 2733 aerea
2611 2679 3070 2752 concessaest”?
3088 2680 3182 2736 Est
3203 2682 3420 2751 quidem

1861 2768 2018 2838 paulo
2065 2763 2290 2824 inferior
2331 2769 2543 2838 angelis
2589 2769 2850 2839 dignitate
2882 2769 2948 2837 “,
2982 2771 3050 2826 ob
3091 2786 3246 2827 suam
3297 2788 3420 2829 cum

1860 2858 2107 2915 terrestri
2151 2874 2376 2929 corpore
2417 2859 2882 2929 coniunctionem:
2917 2862 3116 2932 quippe
3147 2863 3421 2919 hominem

1861 2950 1989 3006 fecit
2046 2954 2112 3006 de
2178 2960 2319 3006 terra
2379 2951 2460 3021 ⁸⁵,
2521 2952 2588 3007 Et
2645 2953 2907 3008 ministros
2961 2970 3083 3008 suos
3149 2957 3422 3024 ﬂammant

1860 3041 1993 3110 ignis
2041 3039 2107 3094 ³⁸.
2155 3041 2224 3096 At
2261 3048 2407 3095 certe
2453 3041 2534 3095 vis
2584 3038 2914 3111 intelligendi
2963 3049 3018 3093 et
3061 3041 3422 3110 cognoscendi

189 3147 452 3218 μιουργὸν
492 3146 718 3218 δύναμις
750 3149 842 3201 καὶ
888 3149 944 3201 ἐν
991 3151 1102 3212 τοῖς
1148 3148 1452 3219 ἀνθρώποις
1503 3129 1756 3224 ὑπάρχει.

1862 3129 2203 3186 Conditorem
2235 3141 2290 3185 et
2316 3130 2573 3201 Opiﬁcem
2606 3146 2759 3187 suum
2800 3131 2940 3186 inest
2963 3131 3126 3186 etiam
3151 3131 3202 3185 in
3245 3131 3424 3187 homi-

200 3238 531 3309 Ἑνεφύσησε
579 3240 686 3311 γὰρ
735 3239 811 3310 (5)
857 3241 936 3302 εἰς
990 3240 1051 3292 τὸ
1101 3241 1426 3312 πρόσωπονο
1477 3243 1756 3310 τουτέστι,

190 3330 383 3399 μοῖράν
439 3347 558 3382 τινα
609 3331 708 3401 τῆς
763 3330 896 3394 ἰδίας
942 3331 1162 3402 χάριτος
1213 3332 1505 3387 ἐναπέθετο
1549 3333 1625 3406 τῷ
1668 3335 1762 3389 ἀν-

186 3420 412 3490 θρώπῳ,
443 3421 532 3474 ἵνα
571 3421 650 3491 τῷ
691 3421 860 3492 ὁμοίῳ
893 3422 1230 3494 ἐπιγινώσκη
1275 3422 1336 3476 τὸ
1381 3424 1582 3493 ὅμοιον.
1622 3423 1759 3478 Ἀλλ’

185 3513 337 3582 ὅμως
379 3513 437 3564 ἐν
469 3515 603 3584 τιμῇ
638 3511 712 3566 ὢν
745 3512 1066 3585 τηλικαύτῃ,
1112 3513 1176 3566 ἐκ
1225 3512 1319 3567 τοῦ
1365 3513 1760 3585 δεδημιουργῆ-

187 3603 312 3656 σθαι
345 3606 465 3658 κατ’
494 3605 679 3658 εἰκόνα
717 3603 808 3658 τοῦ
840 3605 1142 3669 κτίσαντος,
1177 3605 1316 3677 ὑπὲρ
1346 3606 1589 3678 οὐρανὸν,
1621 3606 1760 3676 ὑπὲρ

185 3695 357 3766 ἥλιον,
388 3696 529 3767 ὑπὲρ
558 3695 655 3760 τὰς
698 3695 805 3749 τῶν
847 3695 1090 3766 ἀστέρων
1135 3697 1354 3768 χορείας
1400 3697 1760 3768 τετιμημένος

187 3787 292 3856 (τίς
319 3787 428 3858 γὰρ
472 3786 578 3840 τῶν
617 3787 860 3858 οὐρανῶν
901 3786 978 3856 (6)
1009 3786 1170 3841 εἰκὼν
1221 3787 1437 3860 εἴρηται
1487 3788 1580 3842 τοῦ
1624 3787 1758 3841 Θεοῦ

184 3879 280 3932 τοῦ
314 3878 571 3947 ὐψίστου;
603 3879 761 3931 ποίαν
786 3877 842 3930 δὲ
880 3878 1032 3948 ἥλιος
1079 3878 1262 3931 εἰκόνα
1297 3877 1459 3943 σώζει
1499 3877 1595 3931 τοῦ
1643 3878 1761 3931 κτί-

187 3984 414 4032 σαντος;
445 3967 560 4038 τίή
608 3967 833 4038 σελήνης
867 3966 922 4020 τί
962 3968 1010 4020 οἱ
1051 3967 1227 4020 λοιποὶ
1270 3968 1532 4038 ἀστέρες;
1570 3965 1762 4037 ,ἄψυχα

187 4061 288 4132 μὲν
318 4061 409 4113 καὶ
445 4059 625 4124 ὐλικὰ,
659 4059 892 4129 διαφανῆ
929 4058 985 4112 δὲ
1020 4059 1176 4129 μόνον
1203 4059 1271 4112 τὰ
1305 4058 1534 4130 σώματα
1574 4075 1763 4129 κεκτη-

187 4154 378 4226 μένοι,
435 4155 494 4206 ἐν
542 4147 630 4216 οἷς
666 4151 899 4228 οὐδαμοῦ
962 4151 1203 4217 διάνοια,
1251 4153 1310 4205 οὐ
1373 4151 1760 4221 προαιρετικαὶ

181 4248 447 4317 κινήσεις,
475 4246 576 4298 οὐκ
601 4244 1072 4314 αὐτεξουσιότητος
1102 4243 1407 4316 ἐλευθερία·
1437 4241 1572 4295 ἀλλὰ
1599 4239 1760 4294 δοῦλά

181 4339 304 4390 ἐστι
352 4337 454 4406 τῆς
498 4337 850 4406 ἐπικειμένης
880 4336 1144 4407 ἀνάγκης,
1185 4334 1307 4388 καθ’
1340 4335 1407 4405 ἣν
1441 4333 1758 4404 ἀπαραλλά-

1860 3223 2036 3278 nibus.
2055 3221 2343 3293 lusu/ﬂavit
2361 3224 2497 3276 enim
2518 3223 2572 3276 in
2594 3222 2781 3291 [aciem
2803 3221 2885 3289 ⁸⁷;
2913 3223 3015 3278 hoc
3045 3230 3150 3287 est,
3184 3222 3422 3293 aliquam

1859 3317 2044 3387 gratiae
2080 3317 2309 3386 propriae
2341 3314 2498 3387 185
2529 3325 2734 3386 partem
2772 3315 2826 3370 in
2857 3316 3129 3372 hominem
3169 3316 3423 3380 immisit,

1863 3418 1922 3464 ut
1961 3409 2135 3463 simile
2171 3423 2268 3477 per
2306 3409 2483 3464 simile
2517 3419 2834 3477 cognoscat.
2889 3407 3143 3464 Attamen
3193 3423 3315 3463 cum
3369 3411 3424 3464 in

1861 3507 2013 3554 tanto
2045 3508 2192 3554 esset
2212 3499 2456 3564 honore,
2489 3513 2554 3553 ex
2588 3513 2653 3553 eo
2681 3498 2822 3568 quod
2863 3499 2929 3553 ad
2956 3497 3265 3555 Conditoris
3292 3499 3427 3555 ima«

1861 3590 2042 3660 ginem
2089 3589 2342 3646 conditus
2396 3598 2574 3654 esset,
2618 3589 2791 3660 magis
2842 3589 3018 3655 coelo,
3062 3589 3234 3657 magis
3289 3593 3426 3652 sole.

1864 3682 2036 3751 magis
2087 3681 2364 3736 stellarum
2409 3679 2621 3736 choreis
2660 3679 2956 3735 honoratus
3009 3680 3236 3750 (ecquod
3281 3681 3426 3736 enim

1863 3772 2121 3828 cmlorum
2173 3772 2350 3841 imago
2381 3771 2472 3826 Dei
2523 3769 2770 3824 altissimi
2815 3771 3016 3825 dictum
3066 3772 3185 3826 est?
3215 3772 3427 3840 qualem

1862 3863 2022 3917 etiam
2073 3861 2359 3930 imaginem
2413 3859 2711 3915 conditoris
2768 3861 2851 3916 sui
2902 3869 3082 3916 servat
3128 3863 3254 3918 sol?
3299 3863 3429 3932 quid

1861 3952 2053 4007 luna?-
2098 3951 2226 4020 quid
2291 3951 2509 4021 reliquae
2578 3949 2786 4006 stellae?
2836 3966 3061 4022 corpora
3134 3953 3428 4009 inanimata

1860 4042 2079 4113 quidem
2109 4049 2163 4095 et
2192 4055 2260 4095 ex
2291 4039 2514 4094 materia
2542 4037 2844 4094 constantia
2879 4053 2942 4094 ac
2965 4039 3134 4094 solum
3162 4039 3429 4110 pellucida

1862 4133 2101 4196 sortitae,
2139 4134 2195 4185 in
2228 4130 2425 4201 quibus
2467 4143 2732 4199 nusquam
2765 4143 2918 4185 mens
2955 4138 3072 4193 est,
3101 4145 3206 4185 non
3241 4131 3431 4184 volun-

1863 4226 1981 4280 tarii
2023 4237 2230 4290 motus,
2277 4239 2381 4279 non
2414 4221 2642 4278 liberum
2677 4222 3004 4290 arbitrium;
3050 4221 3148 4277 sed
3188 4225 3432 4279 serviunt

1862 4317 2188 4372 iucumbenti
2236 4315 2586 4379 necessitati,
2641 4328 2736 4383 per
2794 4327 2954 4382 quam
3000 4327 3214 4383 semper
3258 4316 3431 4368 modis

185 4445 332 4490 κτως
377 4405 465 4480 ἀεὶ
515 4427 641 4497 περὶ
688 4405 761 4479 τὰ
810 4405 958 4478 αὐτὰ
993 4405 1442 4496 ἀναστρέφεται)ο
1481 4423 1622 4494 ὑπὲρ
1666 4417 1756 4475 οὖν

1863 4407 2288 4462 immutabilibus
2346 4405 2489 4461 circa
2549 4405 2738 4459 eadem
2799 4407 3160 4474 versantur):
3226 4405 3426 4469 homo,

183 4519 361 4574 ταῦτα
385 4522 506 4581 ταῖς
548 4521 735 4589 τιμαῖς
779 4518 1120 4590 προηγμένος
1147 4519 1175 4571 ὁ
1201 4515 1296 4571 ἄνθ
1305 4533 1510 4586 ρωπος,
1539 4515 1601 4568 οὐ
1644 4530 1756 4566 συν-

1868 4501 2112 4568 inquam,
2144 4499 2318 4566 magis
2347 4497 2430 4552 his
2462 4498 2759 4551 honoratus
2779 4535 2794 4560 ,
2831 4511 2935 4549 non
2965 4494 3261 4562 intellexit,
3298 4498 3428 4561 sed,

181 4613 342 4681 ἧκεν,
368 4611 502 4664 ἀλλὰ
541 4609 855 4664 καταλιπὼν
892 4610 954 4662 τὸ
983 4608 1208 4662 ἔπεσθαι
1249 4607 1387 4678 Θεῷ,
1415 4607 1508 4659 καὶ
1541 4603 1762 4676 ὁμοιοῦ-

185 4701 314 4755 σΟαι
341 4699 420 4771 τῷ
459 4701 724 4765 κτίσαντι,
752 4699 933 4762 δοῦλος
961 4699 1249 4770 γενόμενος
1285 4697 1393 4751 τῶν
1427 4696 1620 4750 παθῶν
1663 4697 1762 4765 τῆς

184 4793 412 4864 σαρκὸς,
446 4789 957 4860 Παρασυνεϐλήθη
985 4789 1109 4856 τοῖς
1139 4790 1387 4856 κτήνεσι
1418 4787 1543 4854 τοῖς
1581 4786 1765 4852 ἀνοή-

256 4931 302 4962 ω
328 4931 465 4985 Gen.
504 4949 543 4998 ι,
581 4933 671 5001 27,
744 4933 792 4966 ει
821 4935 950 4990 ibid.
994 4906 1084 4990 ss.

257 5073 338 5144 (2)
371 5074 514 5130 Editi
546 5091 667 5130 cum
703 5075 837 5145 Reg.
863 5084 1056 5144 quarto
1084 5071 1652 5145 μεγαλοφρονούντων.
1683 5069 1752 5122 At

180 5158 324 5217 mss.
349 5154 472 5217 o_c_to
496 5144 998 5217 μεγαφρονούντων.

254 5213 335 5284 (5)
366 5215 456 5270 Sic
496 5209 625 5270 inss.
656 5209 802 5278 octo,
844 5231 872 5268 a
920 5216 1116 5284 quibus
1158 5227 1262 5267 non
1293 5209 1550 5284 (lili'erunt
1592 5209 1747 5284 editi,

180 5279 286 5356 nisi
313 5279 477 5354 'quod
528 5300 624 5354 pro
657 5279 951 5356 μοχθηρῶν
999 5283 1230 5356 habeant
1271 5279 1542 5356 πονηρῶν.
1576 5281 1645 5333 At
1696 5281 1747 5332 in

181 5355 318 5425 Reg.
347 5353 506 5408 tertio
533 5353 624 5408 'sic
647 5353 862 5425 legitur,
900 5353 1311 5425 προσνεμόντων
1338 5353 1548 5414 ἐαυτοῖς
1578 5366 1748 5420 πονη-

178 5423 298 5495 ρῶν
317 5441 479 5478 τινων
504 5423 788 5495 δογμάτων
817 5423 1263 5493 συγκαταθέσεις.

253 5494 328 5566 (Δ)
361 5495 502 5552 Editi
525 5488 723 5550 πάντα.
752 5488 906 5550 Οριίί
936 5509 1064 5566 vero
1093 5509 1242 5566 mss:
1261 5491 1500 5544 πάντων.
1539 5488 1649 5544 Nec
1683 5488 1756 5542 ita

178 5562 354 5635 multo
381 5576 503 5635 post
529 5566 638 5618 duo
667 5581 795 5618 mss.
830 5565 967 5635 πρὸς
992 5564 1053 5615 τὸ
1074 5562 1329 5635 γαιῶδεςΪ

255 5631 333 5703 (5)
376 5628 519 5690 ἰοῖσίιί
583 5635 693 5705 γάρ
739 5628 922 5706 φησιν.
971 5628 1131 5688 DeeSt
1195 5630 1361 5704 φησιν
1411 5630 1463 5684 in
1523 5628 1758 5699 quinque

189 5716 324 5758 mss.

437 5796 710 5858 Ρηιιοι..
729 5832 732 5836 -
751 5797 866 5859 Cn.
919 5794 1156 5856 XXIX.

1863 4591 2008 4662 quod
2031 4605 2153 4645 eum
2178 4589 2352 4658 sequi,
2392 4597 2448 4643 et
2472 4587 2748 4643 Conditori
2785 4587 2983 4642 similis
3014 4586 3129 4642 ﬁeri
3162 4587 3427 4659 neglexit,

1864 4699 2053 4741 servus
2090 4681 2315 4738 eil‘ectus
2345 4681 2702 4750 cupiditatum
2732 4679 2944 4746 carnis,
2981 4677 3328 4748 Comparatus
3353 4689 3431 4731 est

1860 4777 2110 4849 iumentis
2159 4773 2551 4842 insipientibus,
2603 4780 2651 4825 et
2707 4771 2893 4826 similis
2945 4769 3117 4839 factus
3168 4779 3243 4825 est
3301 4771 3428 4824 illis.

1183 4933 1229 4965 ⁸⁸
1249 4931 1389 4986 Psal.
1423 4948 1541 4998 VIII,
1585 4931 1639 4985 6.
1714 4929 1756 4961 ⁸⁵

1862 4941 1924 4979 :n.
1966 4939 2028 4987 ιι,
2061 4921 2111 4973 7.
2187 4919 2233 4952 ⁸⁵
2265 4917 2426 4971 Hebr.
2473 4932 2515 4982 ι,
2549 4915 2600 4970 7.
2675 4915 2719 4946 ⁸⁷
2750 4914 2884 4969 Gen.
2923 4929 2983 4977 ιι,
3023 4913 3072 4966 7.

1930 5065 2007 5137 (6)
2044 5058 2470 5137 $ic_Colb_ertin_i
2521 5057 2780 5137 quintus,
2831 5065 3018 5137 gestus
3061 5062 3116 5137 ει
3168 5055 3434 5137 septimus

1857 5124 2002 5192 cuin'
2041 5133 2248 5187 duobus
2305 5127 2493 5198 Regiis
2517 5124 2582 5182 ’ἐι
2630 5142 2751 5182 cum
2781 5127 3019 5198 editione
3059 5124 3224 5179 Basil.
3256 5125 3434 5198 Editio

1857 5221 1986 5260 vero
2009 5202 2185 5256 Paris.
2237 5201 2302 5252 Τί
2330 5194 2440 5269 γᾶρ
2485 5198 2593 5251 τῶν
2647 5194 2934 5269 οὐρανίων,
2967 5195 3168 5264 Ecquid
3203 5195 3341 5269 enim
3369 5198 3464 5269 ex’

1857 5274 2170 5336 caelestibus,
2201 5281 2308 5324 etc.
2341 5263 2382 5322 Ἀ
2410 5263 2612 5336 ’ίιυίἰιιιε
2631 5263 2882 5322 omnibus
2915 5281 3024 5336 non
3040 5263 3239 5336 parum
3269 5263 3434 5336 dissi-

1859 5347 1951 5399 det
1979 5343 2130 5398 Colb.
2157 5331 2408 5406 quintus.
2434 5331 2486 5390 in
2509 5352 2615 5405 quo
2637 5337 2718 5392 sic
2744 5335 2957 5404 legitur,
2983 5331 3079 5398 Τίς
3100 5334 3210 5404 γὰρ
3239 5331 3348 5406 τῶν
3377 5334 3436 5386 ἐν

1864 5411 2100 5485 οὐρανῷ,
2127 5403 2495 5485 Ecquis__enim
2517 5403 2698 5485 eorum
2720 5403 2814 5475 qui
2843 5406 2900 5459 in
2927 5407 3052 5458 coelo
3087 5403 3230 5468 sunt,
3261 5403 3435 5485 dictus

1866 5473 1944 5537 est
1970 5473 2166 5549 imago,
2190 5473 2294 5532 etc.
2321 5477 2491 5549 Verba
2517 5476 2604 5529 illa
2625 5473 2754 5549 quae
2771 5491 2890 5530 mox
2919 5485 3242 5549 sequuntur,
3255 5473 3437 5549 atolav

1866 5553 1946 5617 δέ,
1976 5543 2107 5617 ειεᾷ
2147 5565 2211 5602 eo
2235 5548 2424 5600 ordine
2455 5543 2706 5615 leguntur
2742 5546 2794 5598 in
2833 5560 2961 5617 mss.
2987 5559 3094 5612 quo
3115 5543 3434 5617 edidimus:

1869 5615 1965 5680 sed
1998 5615 2151 5674 aliter
2180 5620 2235 5670 in
2255 5617 2412 5671 editis
2443 5617 2823 5684 disponuntur,
2840 5616 3090 5669 videlicet
3115 5615 3216 5668 hoc
3239 5615 3434 5668 modo:

1867 5693 2028 5747 ποίαν
2059 5691 2116 5744 δὲ
2143 5687 2326 5743 εἰκόνα
2358 5685 2520 5750 σώζει
2548 5687 2576 5739 ὁ
2600 5685 2750 5755 ἥλιος
2785 5685 2878 5738 τοῦ
2905 5685 3203 5745 κτίσαντος.

3095 5776 3166 5835 15
