3836 6222
443 266 541 320 151

1766 265 1833 319 'S.
1876 265 2117 321 BASILII
2159 269 2371 323 MAGNI

3572 273 3677 328 432

445 390 597 444 Nunc
641 390 851 459 quidem
889 396 1141 457 tanquam
1178 400 1347 455 equus
1392 400 1573 440 amore
1622 387 1807 441 furens
1848 389 1989 442 femi-

2104 408 2245 457 τοις,
2279 393 2375 443 καὶ
2421 390 2681 459 ὡμοιώθη
2716 390 2951 457 αὐτοῖς’
2989 392 3082 445 νῦν
3131 393 3226 463 μὲν
3254 393 3328 456 ὡς
3370 394 3542 456 ἵππος
3582 395 3682 464 θη-

444 500 632 537 uarum
659 523 672 545 ,
708 482 953 535 adltinnit
979 482 1207 551 proximi
1251 483 1330 535 sui
1368 480 1523 534 uxori
1555 480 1599 512 ⁸⁸
1634 499 1647 533 :
1686 495 1832 534 nunc
1877 496 2005 534 vero

443 585 694 642 tanquam
728 573 881 640 lupus
912 587 1070 640 rapax
1090 571 1279 626 alienis
1310 572 1531 625 insidias
1563 571 1779 625 struit”
1801 589 1813 624 :
1836 571 2003 625 inter-

440 670 564 719 dum
606 675 673 719 ob
721 664 1020 718 adhibitum
1076 664 1332 717 adversus
1379 663 1598 717 fratrem
1636 664 1849 727 dolum,
1877 678 2002 716 ver-

438 760 594 811 sutia!
659 757 835 825 vulpis
902 756 1233 811 assimilatur
1268 756 1339 807 ’°.
1373 755 1467 809 Est
1521 765 1696 808 autem
1754 755 2002 809 cumulus

439 850 685 903 stultitia:
710 861 762 903 et
785 850 1067 903 dementia:
1098 848 1253 915 plane
1285 848 1555 911 belluinze,
1594 862 1717 901 eum
1746 848 1835 915 qui
1873 862 2003 901 con-

436 946 580 997 ditus
628 955 709 997 est
749 947 814 996 ad
863 943 1136 997 Creatoris
1183 942 1515 1010 imaginem,
1553 954 1725 1008 neque
1772 940 1998 1008 primam

434 1050 585 1089 suam
624 1034 1060 1087 constitutionem
1091 1033 1396 1101 percipere,
1436 1046 1607 1099 neque
1636 1040 1711 1083 tot
1744 1045 1807 1084 ac
1854 1039 1998 1083 tanta

432 1141 530 1195 pro
567 1141 624 1179 se
649 1127 953 1193 dispensata
996 1124 1250 1193 mysteria
1297 1124 1591 1194 intelligere
1632 1122 1767 1176 velle
1792 1163 1807 1185 ,
1842 1131 1897 1176 et
1934 1137 1998 1175 ne

430 1235 497 1272 ex
536 1219 637 1271 illis
680 1218 895 1287 quidem
937 1217 1249 1283 dignitatem
1295 1232 1446 1270 suam
1496 1230 1826 1283 cognoscere
1858 1232 1871 1268 :
1903 1216 1995 1269 sed

431 1311 800 1363 immemorem
840 1323 983 1373 esse,
1023 1311 1161 1376 quod
1209 1308 1416 1377 abjecta
1458 1308 1533 1360 rei
1584 1306 1820 1361 cmlestis
1856 1304 1993 1357 inta-

430 1402 587 1469 gine,
645 1402 719 1453 rei
770 1408 997 1454 terrenae
1046 1400 1333 1468 imaginem
1382 1399 1694 1467 sumpserit.
1727 1399 1902 1465 Atque
1938 1402 1995 1447 ut

436 1508 503 1545 ne
532 1494 581 1545 in
616 1501 837 1561 peccato
859 1502 1189 1560 permaneat,
1226 1500 1444 1559 propter
1458 1506 1577 1544 eum
1623 1488 1841 1543 Verbum
1869 1505 1993 1542 caro

430 1585 626 1651 factum
659 1592 757 1647 est,
811 1594 857 1635 et
894 1583 1145 1635 habitavit
1173 1583 1225 1635 in
1268 1580 1415 1633 nobis
1448 1580 1515 1645 σί,
1551 1592 1605 1633 et
1646 1595 1815 1647 usque
1859 1580 1993 1635 adeo

428 1690 486 1727 se
517 1675 687 1741 ipsum
720 1673 1007 1742 depressit,
1043 1683 1099 1726 ut
1131 1671 1306 1727 factus
1336 1673 1405 1726 sit
1435 1670 1693 1725 Obediens
1721 1688 1883 1740 usque
1921 1672 1990 1724 ad

2111 482 2352 553 λυμανὴς
2394 483 2730 551 χρεμετίζων
2768 484 2858 534 ἐπὶ
2894 482 2991 553 τὴν
3029 486 3260 550 γυναῖκα
3306 483 3399 535 τοῦ
3448 485 3683 553 πλησίον

2111 574 2274 628 αὐτοῦ
2296 592 2307 604 °
2340 575 2431 628 νῦν
2464 574 2517 627 δὲ
2549 575 2621 635 ὡς
2652 574 2813 636 λύκος
2856 574 3035 645 ἆρπαξ
3091 575 3396 644 ἐφεδρεύων
3426 578 3547 637 τοῖς
3590 576 3681 628 άλ-

2109 666 2366 736 λοτρίοις·
2413 667 2596 720 ἄλλοτε
2630 666 2685 718 δὲ
2736 666 2811 735 (7)
2854 666 2942 719 διὰ
2984 666 3076 717 τοῦ
3128 666 3261 736 πρὸς
3309 666 3401 717 τὸν
3448 665 3681 732 ἁδελςςὸν

2107 757 2257 809 δόλου
2316 761 2369 827 τῇ
2426 757 2727 829 πανουργίᾳ
2800 758 2898 826 τῆς
2956 756 3233 819 ἀλώπεκος
3297 756 3679 825 είκαζόμενος.

2120 847 2419 917 Ὺπερϐολὴ
2442 848 2499 900 δὲ
2528 848 2627 916 τῆς
2656 847 2840 911 ἀνοίας
2868 846 3077 915 καὶτῆς
3101 846 3407 915 κτηνώδους
3452 847 3680 913 ἀλογίας

2105 938 2181 1007 τῷ
2210 938 2323 989 ὅντι
2357 942 2492 1009 μήτε
2526 939 2623 1008 τῆς
2652 937 2708 1003 ἐξ
2738 939 2908 1009 ἀρχῆς
2935 937 3123 989 ἑαυτοῦ
3157 937 3504 1003 κατασκευῆς
3530 938 3683 989 ἐπαι-

2107 1030 2415 1095 σθάνεσθαι,
2448 1030 2917 1099 δημιουργηθέντα
2959 1029 3075 1081 κατ’
3103 1029 3283 1080 εἰκόνα
3317 1028 3413 1079 τοῦ
3451 1029 3679 1080 κτίσαν-

2104 1138 2213 1183 τος,
2260 1122 2397 1192 μήτε
2443 1121 2541 1183 τὰς
2587 1120 2916 1191 τηλικαύτας
2967 1122 3105 1192 ὑπὲρ
3155 1120 3317 1173 αὑτοῦ
3370 1121 3679 1189 γενομένας

2102 1214 2407 1283 οἰκονομίας
2462 1216 2602 1266 νοεῖν
2654 1211 2933 1283 βούλεσθαι
2983 1213 3097 1281 (8),
3143 1215 3235 1266 καὶ
3286 1214 3379 1265 ἀπ’
3446 1214 3678 1265 ἐκείνων

2101 1306 2231 1373 γοῦν
2273 1306 2466 1359 ἑαυτοῦ
2499 1306 2784 1377 γνωρίζειν
2816 1307 2875 1358 τὸ
2918 1305 3125 1376 τίμιον·
3159 1306 3271 1359 ἀλλ’
3310 1308 3677 1375 ἀμνημονεῖν,

2099 1399 2179 1451 ὅτι
2234 1398 2521 1450 ἀποϐαλὼν
2562 1398 2659 1469 τὴν
2698 1399 2879 1450 εἰκόνα
2920 1396 3013 1449 τοῦ
3057 1396 3401 1468 ἐπουρανίου,
3443 1398 3680 1449 ἀνέλαϐε

2098 1490 2196 1560 τὴν
2235 1490 2415 1543 εἰκόνα
2458 1490 2552 1542 τοῦ
2587 1488 2792 1560 χοϊκοῦ.
2837 1491 2945 1543 Καὶ
2988 1491 3070 1542 ἵνα
3107 1490 3182 1559 μὴ
3224 1491 3569 1559 ὲναπομείνῃ
3614 1494 3678 1558 τῇ

2099 1584 2368 1654 ἁμαρτίᾳ,
2409 1583 2476 1635 δι’
2524 1583 2683 1636 αὑτὸν
2717 1584 2779 1635 '0
2830 1583 3016 1650 Λόγος
3052 1581 3206 1650 σὰρξ
3252 1582 3527 1651 ἐγένετο,
3579 1586 3677 1635 καὶ

2096 1675 2449 1741 ἐσκήνωσεν
2476 1675 2545 1728 ἐν
2582 1675 2747 1744 ἡμῖν,
2784 1678 2877 1727 καὶ
2915 1676 3009 1727 ἐπὶ
3044 1675 3294 1727 τοσοῦτον
3320 1676 3526 1728 ἑαυτὸν
3557 1679 3682 1727 ἐτα-

424 1776 673 1829 mortem,
710 1772 925 1816 mortem
969 1773 1141 1816 autem
1186 1762 1355 1815 crucis
1391 1762 1457 1812 θ’.
1513 1761 1703 1814 Pritnaz
1743 1770 1846 1813 tua?
1877 1760 1987 1812 ori-

2090 1768 2376 1834 πείνωσεν,
2398 1765 2536 1818 ὥστε
2568 1764 2819 1833 γενέσθαι
2847 1764 3143 1830 ’Υπήκοος
3174 1766 3348 1833 μέχρι
3380 1766 3674 1828 θανάτου,

424 1860 561 1925 ginis
591 1858 633 1911 si
673 1870 880 1910 memor
914 1872 1019 1910 non
1051 1871 1109 1909 es
1131 1895 1145 1917 .
1177 1869 1242 1909 ex
1272 1852 1548 1923 persoluto
1587 1866 1684 1919 pro
1721 1858 1772 1904 te
1818 1850 1988 1918 pretio

422 1951 845 2020 qualemcunque
886 1951 1165 2019 dignitatis
1214 1957 1315 2001 tua:
1366 1946 1637 2001 notionem
1667 1945 1887 2011 accipe;
1921 1943 1986 1998 ad

421 2043 653 2111 pretium
708 2040 833 2093 illud
868 2055 973 2108 quo
1006 2046 1372 2092 commutatus
1410 2050 1470 2090 es
1516 2035 1759 2102 respice,
1816 2043 1987 2087 tuam-

421 2150 525 2202 que
578 2148 807 2205 agnosce
850 2131 1183 2201 dignitatem.
1229 2129 1446 2197 Emptus
1497 2141 1554 2180 es
1597 2125 1985 2195 pretiosissimo

419 2226 621 2281 Christi
670 2224 963 2293 sanguine,
999 2220 1199 2289 peccati
1244 2237 1309 2274 ne
1353 2220 1448 2273 (ias
1490 2233 1701 2272 servus.
1748 2218 1985 2288 lntellige

420 2328 564 2371 tuam
619 2315 1021 2385 praestantiam,
1075 2322 1132 2364 ut
1188 2326 1254 2364 ne
1291 2311 1550 2378 jumentis
1604 2311 1983 2379 insipientibus

416 2409 752 2462 assitnileris.
792 2405 954 2459 Vsus.
1008 2403 1094 2455 M.
1143 2402 1271 2457 llazc
1308 2404 1389 2456 via
1421 2420 1597 2456 eorum
1621 2443 1636 2469 ,
1671 2403 1981 2455 scandalum

415 2500 562 2568 ipsis.
617 2498 717 2565 Qui
766 2510 855 2550 res
910 2501 1122 2549 nostras
1169 2494 1479 2547 moderatur
1538 2491 1715 2556 Deus,
1766 2491 1981 2545 obsistit

416 2595 571 2647 nobis
599 2607 695 2661 per
725 2590 940 2644 malitia:
974 2592 1114 2645 viam
1150 2588 1543 2651 incedentibus,
1574 2586 1896 2642 offendicula
1925 2597 1980 2641 et

415 2684 794 2753 impedimenta
824 2682 1086 2751 objiciens
1112 2722 1127 2748 ,
1178 2691 1296 2733 uta
1336 2679 1443 2732 vita
1484 2679 1713 2733 rationis
1758 2688 1979 2748 experte

415 2776 737 2838 resilientes,
795 2785 982 2841 postea
1032 2775 1085 2827 in
1135 2782 1320 2826 nostro
1367 2786 1460 2826 ore
1508 2770 1975 2839 complaceamus,

413 2869 500 2921 ubi
534 2867 695 2921 corde
744 2865 962 2935 quidem
1007 2865 1392 2919 crediderimus
1438 2863 1505 2917 ad
1549 2862 1853 2929 justitiam,
1884 2878 1977 2915 ore

410 2974 537 3011 vero
563 2957 790 3028 confessi
821 2956 1085 3010 fuerimus
1111 2957 1175 3008 ad
1202 2954 1512 3009 salutem”.
1542 2952 1976 3022 Persequebatur

410 3048 629 3111 Paulus,
663 3050 978 3101 devastabat
1025 3046 1319 3100 Ecclesiam
1366 3046 1569 3101 Christi
1598 3046 1665 3109 “,
1709 3061 1861 3099 suum
1906 3045 1969 3097 ad

411 3140 701 3208 nequitiam
732 3152 949 3192 cursum
998 3137 1317 3192 acceleravit
1351 3157 1362 3191 :
1409 3138 1601 3192 deinde
1642 3138 1694 3191 in
1742 3152 1835 3190 ore
1873 3151 1970 3189 suo

409 3233 769 3300 complacuit,
822 3247 942 3285 cum
982 3224 1326 3285 annuntiaret
1371 3232 1423 3285 in
1472 3233 1777 3301 synagogis,
1817 3231 1967 3296 Quod

402 3326 487 3378 hic
522 3338 594 3377 est
628 3324 867 3378 Christus
894 3324 958 3377 -'.

470 3585 520 3637 9.
566 3583 729 3639 Vsus.
764 3586 847 3638 15.
891 3584 1040 3640 Sicut
1091 3602 1205 3640 oves
1248 3588 1301 3640 in
1348 3587 1552 3656 inferno
1594 3588 1786 3654 posuit,
1826 3603 1964 3640 mors

396 3678 637 3743 depascet
681 3693 787 3731 eos.
839 3677 1155 3745 Quicunque
1206 3690 1386 3732 autem
1449 3678 1670 3732 belluini
1720 3686 1845 3731 sunt
1902 3695 1965 3733 ac

398 3769 693 3836 comparati
757 3768 906 3821 fuere
979 3768 1190 3821 stolidis
1245 3770 1568 3836 pecoribus,
1622 3769 1765 3822 velut
1835 3785 1963 3823 oves

399 3876 573 3930 neque
615 3860 945 3914 intellectum
995 3874 1168 3925 neque
1202 3860 1523 3915 defendendi
1561 3877 1618 3915 se
1649 3860 1960 3916 facultatem

396 3953 676 4015 habentes,
711 3953 756 4005 is
786 3951 874 4020 qui
909 3954 973 4003 ad
1020 3952 1389 4021 captivitatem
1418 3952 1589 4022 rapit,
1626 3968 1746 4007 cum
1774 3938 1962 4007 inimi-

398 4058 494 4096 cus
525 4043 631 4111 sit,
652 4042 948 4112 isejam
990 4043 1042 4096 in
1084 4058 1238 4097 suam
1294 4042 1462 4111 ipsius
1488 4059 1664 4098 arcem
1693 4044 1956 4112 coniecit,

397 4150 461 4188 ac
491 4135 650 4188 morti
678 4136 899 4189 tradidit
927 4135 1245 4205 pascendos.
1274 4134 1605 4203 Depascebat
1634 4137 1776 4191 enim
1814 4153 1959 4192 mors

398 4228 467 4279 ab
514 4227 682 4280 Adam
726 4228 792 4282 ad
844 4243 1014 4296 usque
1060 4227 1263 4295 Moysis
1315 4228 1838 4284 administrationem
1889 4230 1954 4293 °°,

390 4320 559 4372 donec
592 4318 739 4372 venit
775 4332 936 4373 verus
979 4330 1183 4387 pastor,
1233 4320 1323 4388 qui
1380 4335 1533 4374 suam
1580 4322 1813 4375 animam
1861 4338 1956 4391 pro

2088 1862 2345 1916 θανάτου
2388 1860 2455 1914 δὲ
2496 1856 2783 1929 σταυροῦ.
2825 1860 2885 1911 El
2936 1860 3010 1929 μὴ
3044 1859 3140 1928 τῆς
3176 1859 3399 1929 πρώτης
3436 1860 3673 1912 σεαυτοῦ

2088 1954 2351 2022 γενέσεως
2388 1952 2683 2021 μέμνησαι,
2712 1951 2775 2002 ὲκ
2802 1950 2899 2019 τῆς
2923 1949 3356 2019 καταδληθείσης
3392 1951 3541 2021 ὑπὲρ
3578 1950 3671 2003 σοῦ

2083 2048 2249 2118 τιμῆς
2291 2046 2421 2099 λάϐε
2451 2045 2543 2098 τοῦ
2584 2044 2891 2114 ἀξιώματος
2940 2044 3183 2097 ἔννοιαν·
3216 2045 3533 2114 ἀπόϐλεψον
3574 2064 3667 2098 σου

2086 2137 2221 2208 πρὸς
2254 2138 2313 2189 τὸ
2342 2136 2714 2206 ἀντάλλαγμα,
2751 2138 2843 2188 καὶ
2881 2135 3046 2203 γνῶθι
3084 2136 3310 2188 σεαυτοῦ
3344 2136 3450 2207 τὴν
3481 2138 3665 2203 ἀξίαν.

2085 2225 2173 2295 Τῷ
2222 2224 2570 2295 πολυτιμήτῳ
2623 2225 2811 2295 αἵματι
2865 2223 2957 2277 τοῦ
3011 2224 3245 2295 Χριστοῦ
3301 2225 3661 2295 ἠγοράσθης·

2087 2316 2159 2388 μὴ
2188 2317 2337 2385 γίνου
2370 2315 2444 2385 (9)
2491 2315 2675 2378 δοῦλος
2724 2316 2822 2385 τῆς
2871 2317 3159 2386 ἁμαρτίας.
3205 2314 3375 2379 Σύνες
3427 2317 3663 2370 σεαυτοῦ

2083 2408 2182 2477 τῆς
2212 2407 2399 2477 τιμῆς,
2444 2406 2530 2458 ἵνα
2577 2406 2650 2475 μὴ
2695 2406 3067 2475 παρεικασθῇς
3095 2408 3206 2468 τοῖς
3235 2405 3490 2476 ἀνοήτοις
3532 2408 3663 2477 κτή-

2082 2514 2242 2549 νεσιν.
2275 2498 2436 2563 Αὕτη
2470 2497 2506 2561 ἡ
2536 2495 2674 2560 ὁδὸς
2715 2493 2912 2546 αὐτῶν
2939 2494 3287 2549 σκάνδαλον
3327 2496 3563 2561 αὐτοῖς.
3605 2498 3663 2549 Ὁ

2079 2589 2376 2660 οἰκονομῶν
2410 2588 2477 2641 τὰ
2509 2588 2751 2659 ἡμέτερα
2784 2587 2914 2649 Θεὸς
2951 2584 3228 2657 ἐμποδίζει
3257 2589 3394 2658 ἡμῖν
3434 2588 3526 2640 διὰ
3564 2590 3662 2659 τῆς

2079 2681 2275 2743 κακίας
2321 2680 2644 2749 βαδίζουσιν,
2696 2677 3096 2747 προσκόμματα
3139 2680 3272 2749 ἡμῖν
3326 2681 3427 2731 καὶ
3481 2682 3663 2734 κωλύ-

2081 2790 2225 2842 ματα
2278 2770 2481 2833 τιθεὶς,
2532 2771 2636 2833 ἵνα,
2691 2768 3025 2831 ἀποστάντες
3074 2769 3171 2838 τῆς
3236 2771 3379 2822 κατὰ
3432 2772 3661 2840 ἀλογίαν
3758 2790 3763 2792 '

2077 2862 2241 2933 ζωῆς,
2282 2863 2417 2933 μετά
2457 2862 2627 2915 ταῦτα
2672 2865 2729 2914 ὲν
2770 2860 2848 2930 τῷ
2890 2862 3116 2931 στόματι
3149 2862 3307 2932 ήμῶν
3347 2864 3661 2934 εὐδοκήσω-

2079 2974 2196 3026 μεν,
2258 2955 2454 3025 καρδίᾳ
2518 2955 2615 3024 μὲν
2674 2954 3078 3006 πιστευσάντων
3142 2956 3221 3017 εἰς
3273 2956 3655 3027 δικαιοσύνην,

2077 3048 2302 3117 στόματι
2351 3048 2406 3099 δὲ
2446 3046 2894 3115 ὁμολογησάντων
2947 3047 3025 3107 είς
3088 3046 3383 3115 σωτηρίαν.
3432 3048 3656 3101 Ἐδίωκε

2073 3140 2304 3203 Παῦλος,
2346 3139 2567 3209 ἐπόρθει
2614 3139 2710 3208 τὴν
2758 3137 3078 3207 Ἐκκλησίαν
3123 3137 3215 3190 τοῦ
3265 3139 3536 3208 Χριστοῦ,
3572 3143 3659 3193 ὲν-

2068 3232 2198 3301 ἧκεν
2224 3230 2386 3283 αὐτοῦ
2419 3231 2509 3283 τὸν
2552 3230 2748 3301 δρόμον
2791 3229 2880 3281 τὸν
2925 3230 3017 3280 ἐπὶ
3050 3229 3146 3298 τὴν
3184 3230 3452 3299 πονηρίαν
3504 3234 3652 3301 (10)·

2071 3324 2208 3391 μετὰ
2234 3323 2403 3375 ταῦτα
2438 3325 2495 3375 ὲν
2527 3321 2602 3391 τῷ
2636 3321 2860 3390 στόματι
2908 3319 3070 3373 αὑτοῦ
3112 3320 3395 3391 εὐδόκησε,
3441 3340 3656 3391 καταγ-

2066 3414 2267 3482 γέλλων
2306 3416 2363 3467 ὲν
2408 3416 2526 3477 ταῖς
2581 3416 2937 3482 συναγωγαῖς,
2993 3414 3109 3465 Ὅτι
3155 3409 3334 3479 οὗτός
3389 3416 3570 3468 ἐστιν
3619 3419 3655 3470 ό

2065 3508 2336 3572 Χριστός.

2133 3596 2186 3649 9.
2241 3597 2332 3661 Ὠς
2385 3597 2647 3662 πρόϐατα
2689 3594 2758 3646 ἐν
2807 3593 2919 3662 ᾄδῃ
2970 3595 3133 3647 ἔθετο
3188 3595 3325 3665 (ll),
3382 3596 3650 3662 θάνατος

2064 3686 2343 3755 ποιμανεῖ
2369 3688 2607 3752 αὐτούς.
2641 3687 2779 3748 Τοὺς
2815 3686 2870 3738 δὲ
2902 3686 3194 3755 κτηνώδεις
3220 3686 3315 3738 καὶ
3345 3704 3648 3759 παρασυμ-

2064 3778 2356 3847 ϐληθέντας
2403 3782 2515 3841 τοῖς
2563 3780 2781 3849 κτήνεσι
2829 3780 2939 3840 τοῖς
2973 3779 3235 3847 ἀνοήτοις,
3270 3779 3345 3841 ὡς
3391 3781 3642 3851 πρόϐατα

2061 3869 2183 3921 οὔτε
2221 3870 2434 3923 σύνεσιν
2484 3858 2701 3940 ἔχοντα,
2741 3869 2863 3923 οὗτε
2912 3869 3010 3939 τὴν
3058 3869 3192 3939 πρὸς
3222 3869 3283 3921 τὺ
3326 3871 3639 3940 ἀμύνασθαι

2060 3961 2306 4031 δύναμιν,
2335 3963 2361 4013 ὁ
2402 3961 2712 4031 διαρπάζων
2756 3964 2834 4023 είς
2868 3960 2965 4031 τὴν
3008 3961 3413 4031 αἰχμαλωσίαν,
3446 3965 3637 4035 ἐχθρὸς

2058 4055 2153 4115 ὢν,
2199 4055 2298 4125 ἤδη
2351 4053 2646 4107 κατέϐαλεν
2698 4056 2778 4117 είς
2834 4054 2893 4106 τὸ
2938 4053 3066 4105 ἴδιον
3116 4053 3281 4105 αὑτοῦ
3330 4055 3633 4125 ὀχύρωμα,

2059 4148 2150 4199 καὶ
2199 4148 2480 4217 παρέδωκε
2523 4147 2598 4218 τῷ
2638 4147 2851 4216 Θανάτῳ
2899 4146 3209 4215 ποιμαίνειν
3260 4146 3396 4209 (l2).
3453 4149 3633 4200 Ἐποί-

2061 4254 2217 4303 μαινε
2266 4237 2373 4306 γὰρ
2415 4238 2442 4288 ὁ
2478 4236 2704 4299 θάνατος
2751 4236 2859 4289 ἀπὸ
2910 4235 3079 4305 Ἀδάμ
3130 4234 3292 4304 μέχρι
3335 4237 3440 4305 τῆς
3495 4237 3635 4290 κατὰ

2056 4329 2291 4381 Μωῦσέα
2324 4328 2615 4392 πολιτείας,
2643 4328 2747 4393 ἕως
2772 4321 2832 4381 οῦ
2862 4325 3022 4398 ἦλθεν
3050 4329 3077 4379 ὁ
3106 4327 3362 4397 ἀληθινὸς
3407 4330 3628 4399 ποιμὴν,

386 4409 576 4461 ovibus
598 4408 776 4476 posuit
801 4409 868 4473 ³⁷,
905 4409 1090 4477 sicque
1123 4423 1216 4463 eas
1247 4424 1433 4465 secum
1469 4413 1758 4479 excitatas,
1794 4424 1846 4467 et
1884 4429 1947 4467 ex
1982 4436 1989 4490 γ

2077 4420 2222 4479 ’θεὶς
2252 4422 2350 4490 τὴν
2392 4422 2587 4474 ἑαυτοῦ
2620 4422 2797 4491 ψυχὴν
2842 4422 2983 4492 ὑπὲρ
3032 4420 3139 4473 τῶν
3182 4420 3497 4489 προὸἀτων,
3545 4424 3629 4474 καὶ

386 4499 582 4553 inferni
624 4515 845 4555 carcere
888 4501 955 4555 ad
989 4503 1402 4557 resurrectionis
1442 4505 1765 4558 matutinum
1814 4507 1946 4559 edu-

525 4632 721 4685 Jerem.
743 4650 808 4707 _v,
846 4633 931 4707 8.“
975 4633 1019 4707 9’
1046 4633 1242 4686 Ezech.
1269 4634 1513 4707 μιμῇ.
1590 4634 1635 4665 ⁹⁰
1665 4636 1861 4707 Ezech.
1886 4653 1978 4691 xm

2077 4658 2121 4699 t:
2162 4640 2289 4695 Luc.
2327 4659 2443 4701 xm.
2485 4643 2575 4699 5‘2.
2650 4646 2693 4676 ⁹¹
2723 4643 2877 4697 Joan.
2913 4661 2953 4707 t,
2989 4644 3073 4698 l4.

1408 4704 1453 4733 ³³
1493 4705 1605 4756 Act.
1643 4721 1727 4767 lx,
1758 4706 1846 4759 22.
1922 4709 1967 4739 ⁹⁶
2002 4709 2152 4764 Rom.
2192 4728 2239 4774 ι’,
2274 4713 2359 4764 Η.
2432 4713 2475 4743 ³⁷
2509 4712 2663 4767 Joan.
2699 4731 2765 4778 Χ,
2798 4714 2883 4767 15.

378 4701 427 4734 ⁸³
453 4702 604 4755 ltom.
644 4720 695 4760 Χ.
734 4705 820 4754 lt).
896 4703 940 4733 ἰ
972 4706 1087 4755 Act.
1120 4718 1210 4755 vttt
1234 4744 1247 4767 ,
1279 4705 1331 4755 5.

451 4836 525 4905 (7)
560 4836 713 4890 Deest
744 4837 799 4889 δέ
840 4838 890 4890 in
919 4853 1047 4891 mss.
1086 4854 1188 4891 non
1215 4838 1420 4906 paucis.

450 4908 525 4974 (8)
562 4906 637 4959 Ita
664 4907 790 4960 editi
827 4922 946 4959 cum
975 4909 1092 4962 solo
1128 4907 1278 4962 Colb.
1304 4908 1551 4975 septimo.
1589 4909 1658 4963 At
1704 4911 1792 4964 alii
1848 4914 1939 4967 de-

375 4990 495 5047 cem
525 4990 652 5047 mss.
676 4978 815 5030 νοεῖν
852 4975 1151 5047 βουληθείς.

450 5045 533 5121 (9).
554 5044 750 5121 Ita_s_e_x
789 5044 918 5121 mss.
948 5044 1089 5121 Editi
1122 5062 1245 5101 vero
1272 5051 1349 5121 μὴ
1384 5051 1532 5121 γίνῃ.

450 5068 525 5113 ψ)
554 5068 628 5098 ua
660 5068 750 5100 SCX
789 5068 918 5127 ιιιδξξ.
948 5068 1089 5101 [ιυιιι
1122 5068 1245 5101 νει-0
1384 5068 1532 5174 vwlg.

447 5116 561 5185 (10)
610 5115 900 5192 Colbertjnt
957 5118 1161 5182 primus
1186 5128 1241 5192 et
1279 5133 1465 5175 sextus
1522 5122 1708 5192 ρόμον,
1752 5122 1809 5175 ὃν
1840 5123 1932 5175 ἐπὶ

373 5184 478 5269 τὴν
504 5184 766 5269 πονηρίαν
814 5186 1003 5266 ἔτρεχε
1032 5205 1045 5240 :
1078 5190 1221 5269 quod
1256 5192 1383 5269 quin
1407 5207 1473 5269 et:
1520 5184 1701 5261 aliquo
1730 5193 1937 5262 glosse-

374 5265 517 5310 mate
550 5261 599 5309 in
625 5266 826 5309 tenum
860 5261 1155 5324 irrepserit,
1200 5276 1302 5315 non
1341 5261 1542 5319 dubito.

443 5328 558 5400 (ll)
589 5328 739 5395 Apud
764 5324 906 5400 LXX
936 5342 1031 5400 pro
1060 5326 1239 5400 ἔθετο,
1264 5332 1456 5400 posuit,
1489 5331 1683 5400 legitur
1724 5332 1927 5398 ἔθεντο,

370 5396 527 5473 positi
554 5398 946 5473 su_nt_,'n_e_c_abn
972 5397 1059 5473 eis
1093 5399 1355 5473 dissentit
1390 5396 1631 5473 V_ulga_'ta.
1691 5396 1933 5473 Symma-

371 5468 525 5538 chus,
574 5467 620 5538 si
669 5464 880 5538 Nobilio
918 5465 1049 5538 fides
1093 5468 1372 5538 habeatur,
1425 5464 1931 5538 ita'interpi'eta'tus

368 5544 469 5613 est,
497 5535 571 5613 ὡς
594 5535 907 5613 βοσκήματα
935 5535 1061 5606 ᾅδου
1092 5536 1275 5613 ἔταξεν
1306 5540 1521 5613 αθτούς,
1556 5535 1706 5613 Sicut
1738 5559 1925 5611 pecora

368 5603 559 5659 inferni
596 5603 872 5657 constituit
922 5603 1028 5662 eos.
1072 5608 1175 5661 Sed
1241 5608 1397 5664 facile
1442 5603 1762 5665 crediderim
1798 5628 1919 5666 eum

369 5674 499 5737 falli,
528 5682 682 5740 atque
708 5689 803 5741 pro
835 5675 1019 5738 ἔταξεν
1040 5676 1233 5741 αὐτούς
1268 5679 1545 5749 legendum
1577 5696 1694 5736 esse
1720 5680 1917 5745 ἔταξαν

2054 4509 2225 4575 οὕτως
2272 4514 2448 4582 ἑαυτῴ
2496 4516 2902 4582 συναναστήσας
2950 4514 3044 4566 καὶ⁸
3088 4512 3373 4580 ἐξαγαγὼν
3430 4516 3496 4567 ἐκ
3538 4516 3629 4583 τῆς

3158 4645 3203 4674 ⁹¹
3244 4641 3449 4713 Philip.
3484 4662 3543 4709 tt,
3577 4646 3626 4699 8.

2047 4850 2291 4920 saurouq,
2324 4853 2717 4902 Lonstituerunt
2749 4866 2803 4903 se
2850 4851 3014 4918 ipsos.
3059 4848 3192 4901 Nam
3234 4850 3309 4901 ita
3340 4853 3627 4920 scripsisse

2050 4915 2438 4987 §yntmacltum
2512 4915 2919 4987 locupletissimi
3003 4930 3168 4973 testes
3230 4915 3507 4976 Eu5eb‘tus
3575 4934 3623 4975 et

2047 4986 2420 5042 Theodoretus
2450 4986 2647 5042 litteris
2676 4991 3049 5056 prodiderunt.

2117 5056 2228 5124 (1‘2)
2264 5058 2320 5110 In
2353 5059 2589 5131 editione
2607 5058 2788 5131 Raris.
2807 5060 2877 5110 ita
2900 5059 3103 5131 editum
3129 5058 3409 5112 invenitur
3432 5060 3512 5131 τῷ
3531 5060 3622 5113 θα-

2039 5126 2182 5197 νάτῳ
2229 5129 2716 5197 ποιμαίνει-Καὶ
2773 5126 3300 5197 κατακυριεύσουσιν
3350 5126 3541 5182 αὐτῶν
3576 5132 3621 5182 oi

2040 5196 2217 5259 εὑθεῖς
2248 5195 2516 5267 τὸήπρωῖ,
2570 5195 2637 5249 Ει
2670 5195 3088 5250 dominabuntur
3132 5215 3318 5250 eorum
3378 5206 3512 5252 recti
3570 5202 3620 5252 in

2041 5268 2322 5338 matutino.
2369 5266 2473 5320 Sed
2533 5266 2643 5330 illa,
2677 5269 2771 5319 καὶ
2823 5268 3379 5338 κατακυριεύσουσιν,
3405 5283 3543 5333 etc.,
3572 5271 3617 5321 in

2046 5352 2173 5389 mss.
2210 5337 2605 5390 desiderantur.
2650 5338 2759 5389 Nec
2795 5339 2947 5388 valde
2970 5341 3257 5390 admodum
3283 5338 3615 5399 dubitamus,

2040 5408 2168 5473 quin
2203 5408 2338 5469 haec,
2371 5418 2425 5460 et
2456 5406 2556 5460 alia
2594 5407 2781 5469 multa,
2817 5422 2846 5458 e
2880 5406 3065 5459 Bthliis
3096 5416 3353 5460 contextu
3414 5425 3445 5460 a
3504 5413 3617 5475 qui-

2041 5476 2265 5528 busdam
2302 5476 2541 5529 librariis
2588 5476 2795 5542 adjecta
2832 5478 2964 5539 sint,
3016 5492 3192 5543 eoque
3232 5478 3448 5544 magis,
3481 5477 3613 5544 quod

2037 5548 2235 5598 seriem
2286 5547 2549 5600 orationis
2580 5546 2908 5599 intercidere
2936 5547 3235 5600 videantur.
3293 5547 3611 5612 Quareipsa

2031 5615 2209 5668 delere
2244 5616 2414 5669 satius
2433 5617 2701 5668 duximus.
2742 5616 2855 5668 lloc
2890 5616 3006 5681 ipso
3036 5618 3089 5670 itt
3124 5617 3241 5673 loco
3269 5618 3405 5672 editi
3438 5615 3609 5670 Ἐποί-

2029 5702 2163 5754 μανε
2192 5686 2320 5756 γάρ.
2351 5687 2420 5738 At
2458 5702 2586 5740 mss.
2633 5685 2971 5754 Ἑποίμαινε.
