  <div class='ocr_page' id='page_1' title='image "/cluster/home/n/w/nwhite01/storage/ocr_20150623/29/nnc1.0046978755/696.png"; bbox 0 0 3836 6222; ppageno 0'>
   <div class='ocr_carea' id='block_1_1' title="bbox 159 306 269 364">
    <p class='ocr_par' dir='ltr' id='par_1_1' title="bbox 159 306 269 364">
     <span class='ocr_line' id='line_1_1' title="bbox 159 306 269 364; baseline 0 0"><span class='ocrx_word' id='word_1_1' title='bbox 159 306 269 364; x_wconf 69' lang='grc' dir='ltr'><strong>4ϋῦ</strong></span> 
     </span>
    </p>
   </div>
   <div class='ocr_carea' id='block_1_2' title="bbox 1185 277 2288 373">
    <p class='ocr_par' dir='ltr' id='par_1_2' title="bbox 1185 277 2288 373">
     <span class='ocr_line' id='line_1_2' title="bbox 1185 277 2288 373; baseline 0.005 -7"><span class='ocrx_word' id='word_1_2' title='bbox 1185 277 1188 281; x_wconf 64' lang='grc'><strong>’</strong></span> <span class='ocrx_word' id='word_1_3' title='bbox 1255 309 1540 368; x_wconf 79' lang='lat' dir='ltr'><strong>HOMILIA</strong></span> <span class='ocrx_word' id='word_1_4' title='bbox 1580 312 1644 367; x_wconf 87' lang='lat' dir='ltr'><strong>lN</strong></span> <span class='ocrx_word' id='word_1_5' title='bbox 1687 312 2018 370; x_wconf 77' lang='lat' dir='ltr'><strong>PSALMUM</strong></span> <span class='ocrx_word' id='word_1_6' title='bbox 2055 313 2288 373; x_wconf 81' lang='lat' dir='ltr'><strong>XLVIII.</strong></span> 
     </span>
    </p>
   </div>
   <div class='ocr_carea' id='block_1_3' title="bbox 3308 318 3414 377">
    <p class='ocr_par' dir='ltr' id='par_1_3' title="bbox 3308 318 3414 377">
     <span class='ocr_line' id='line_1_3' title="bbox 3308 318 3414 377; baseline 0.009 -1"><span class='ocrx_word' id='word_1_7' title='bbox 3308 318 3414 377; x_wconf 62' lang='grc'><strong>456</strong></span> 
     </span>
    </p>
   </div>
   <div class='ocr_carea' id='block_1_4' title="bbox 159 417 1726 503">
    <p class='ocr_par' dir='ltr' id='par_1_4' title="bbox 159 417 1726 499">
     <span class='ocr_line' id='line_1_4' title="bbox 159 417 1726 499; baseline 0.004 -25"><span class='ocrx_word' id='word_1_8' title='bbox 159 420 412 491; x_wconf 80' lang='grc' dir='ltr'><strong>φυλακῆς</strong></span> <span class='ocrx_word' id='word_1_9' title='bbox 447 417 541 472; x_wconf 89' lang='grc' dir='ltr'><strong>τοῦ</strong></span> <span class='ocrx_word' id='word_1_10' title='bbox 580 418 703 492; x_wconf 78' lang='grc' dir='ltr'>ᾆδου</span> <span class='ocrx_word' id='word_1_11' title='bbox 734 423 812 484; x_wconf 87' lang='grc' dir='ltr'>εἰς</span> <span class='ocrx_word' id='word_1_12' title='bbox 852 423 950 492; x_wconf 81' lang='grc' dir='ltr'><strong>τὴν</strong></span> <span class='ocrx_word' id='word_1_13' title='bbox 980 423 1079 495; x_wconf 83' lang='grc' dir='ltr'>τῆς</span> <span class='ocrx_word' id='word_1_14' title='bbox 1121 425 1468 491; x_wconf 82' lang='grc' dir='ltr'><strong>ἀναστάσεως</strong></span> <span class='ocrx_word' id='word_1_15' title='bbox 1502 428 1726 499; x_wconf 64' lang='grc' dir='ltr'>πρωΐαν,</span> 
     </span>
    </p>
   </div>
   <div class='ocr_carea' id='block_1_5' title="bbox 1836 417 3416 503">
    <p class='ocr_par' dir='ltr' id='par_1_5' title="bbox 1842 429 3416 503">
     <span class='ocr_line' id='line_1_5' title="bbox 1842 429 3416 503; baseline 0.003 -19"><span class='ocrx_word' id='word_1_16' title='bbox 1842 439 1977 493; x_wconf 88' lang='lat' dir='ltr'><strong>ctas,</strong></span> <span class='ocrx_word' id='word_1_17' title='bbox 2015 431 2178 485; x_wconf 90' lang='lat' dir='ltr'><strong>rectis</strong></span> <span class='ocrx_word' id='word_1_18' title='bbox 2218 431 2458 494; x_wconf 92' lang='lat' dir='ltr'><strong>tradidit,</strong></span> <span class='ocrx_word' id='word_1_19' title='bbox 2501 429 2604 487; x_wconf 85' lang='lat' dir='ltr'><strong>hoc</strong></span> <span class='ocrx_word' id='word_1_20' title='bbox 2631 437 2749 495; x_wconf 85' lang='lat' dir='ltr'><strong>est,</strong></span> <span class='ocrx_word' id='word_1_21' title='bbox 2789 431 2996 486; x_wconf 77' lang='lat' dir='ltr'><strong>sanctis</strong></span> <span class='ocrx_word' id='word_1_22' title='bbox 3025 431 3138 487; x_wconf 87' lang='lat' dir='ltr'><strong>suis</strong></span> <span class='ocrx_word' id='word_1_23' title='bbox 3170 433 3416 503; x_wconf 82' lang='lat' dir='ltr'><strong>angelis,</strong></span> 
     </span>
    </p>
   </div>
   <div class='ocr_carea' id='block_1_6' title="bbox 160 512 1735 587">
    <p class='ocr_par' dir='ltr' id='par_1_6' title="bbox 160 512 1735 587">
     <span class='ocr_line' id='line_1_6' title="bbox 160 512 1735 587; baseline 0.004 -22"><span class='ocrx_word' id='word_1_24' title='bbox 160 512 448 582; x_wconf 88' lang='grc' dir='ltr'>παρέδωκε</span> <span class='ocrx_word' id='word_1_25' title='bbox 490 514 601 575; x_wconf 91' lang='grc' dir='ltr'>τοῖς</span> <span class='ocrx_word' id='word_1_26' title='bbox 648 513 848 576; x_wconf 82' lang='grc' dir='ltr'>εὑθέσι,</span> <span class='ocrx_word' id='word_1_27' title='bbox 881 518 1155 582; x_wconf 83' lang='grc' dir='ltr'><strong>τουτέστι,</strong></span> <span class='ocrx_word' id='word_1_28' title='bbox 1195 522 1307 582; x_wconf 90' lang='grc' dir='ltr'>τοῖς</span> <span class='ocrx_word' id='word_1_29' title='bbox 1353 521 1526 587; x_wconf 83' lang='grc' dir='ltr'>ἁγίοις</span> <span class='ocrx_word' id='word_1_30' title='bbox 1570 521 1735 574; x_wconf 79' lang='grc' dir='ltr'>αὑτοῦ</span> 
     </span>
    </p>
   </div>
   <div class='ocr_carea' id='block_1_7' title="bbox 158 604 1740 678">
    <p class='ocr_par' dir='ltr' id='par_1_7' title="bbox 158 604 1740 678">
     <span class='ocr_line' id='line_1_7' title="bbox 158 604 1740 678; baseline 0.004 -22"><span class='ocrx_word' id='word_1_31' title='bbox 158 604 433 672; x_wconf 76' lang='grc' dir='ltr'><strong>ἀγγέλοις,</strong></span> <span class='ocrx_word' id='word_1_32' title='bbox 453 607 535 667; x_wconf 90' lang='grc' dir='ltr'>εἰς</span> <span class='ocrx_word' id='word_1_33' title='bbox 552 605 616 657; x_wconf 83' lang='grc' dir='ltr'>τὸ</span> <span class='ocrx_word' id='word_1_34' title='bbox 644 606 952 677; x_wconf 81' lang='grc' dir='ltr'>ποιμαίνειν</span> <span class='ocrx_word' id='word_1_35' title='bbox 979 609 1193 672; x_wconf 78' lang='grc' dir='ltr'>αὐτούς.</span> <span class='ocrx_word' id='word_1_36' title='bbox 1219 610 1326 664; x_wconf 78' lang='lat' dir='ltr'><strong>Kal</strong></span> <span class='ocrx_word' id='word_1_37' title='bbox 1362 611 1740 678; x_wconf 76' lang='grc' dir='ltr'>κατακυριεύ-</span> 
     </span>
    </p>
   </div>
   <div class='ocr_carea' id='block_1_8' title="bbox 158 693 1737 773">
    <p class='ocr_par' dir='ltr' id='par_1_8' title="bbox 158 693 1737 773">
     <span class='ocr_line' id='line_1_8' title="bbox 158 693 1737 773; baseline 0.006 -28"><span class='ocrx_word' id='word_1_38' title='bbox 158 709 384 746; x_wconf 83' lang='grc' dir='ltr'>σουσιν</span> <span class='ocrx_word' id='word_1_39' title='bbox 405 693 606 747; x_wconf 82' lang='grc' dir='ltr'>αὐτῶν</span> <span class='ocrx_word' id='word_1_40' title='bbox 626 699 680 748; x_wconf 78' lang='grc' dir='ltr'>οἱ</span> <span class='ocrx_word' id='word_1_41' title='bbox 704 697 898 762; x_wconf 84' lang='grc' dir='ltr'>εὐθεῖς</span> <span class='ocrx_word' id='word_1_42' title='bbox 925 698 991 750; x_wconf 83' lang='grc' dir='ltr'>τὸ</span> <span class='ocrx_word' id='word_1_43' title='bbox 1018 701 1173 766; x_wconf 83' lang='grc' dir='ltr'>πρωΐ</span> <span class='ocrx_word' id='word_1_44' title='bbox 1193 701 1322 771; x_wconf 79' lang='grc'>(15).</span> <span class='ocrx_word' id='word_1_45' title='bbox 1359 702 1602 772; x_wconf 85' lang='grc' dir='ltr'>Ἐκάστῳ</span> <span class='ocrx_word' id='word_1_46' title='bbox 1627 702 1737 773; x_wconf 82' lang='grc' dir='ltr'><strong>γάρ</strong></span> 
     </span>
    </p>
   </div>
   <div class='ocr_carea' id='block_1_9' title="bbox 157 785 1738 864">
    <p class='ocr_par' dir='ltr' id='par_1_9' title="bbox 157 785 1738 864">
     <span class='ocr_line' id='line_1_9' title="bbox 157 785 1738 864; baseline 0.007 -29"><span class='ocrx_word' id='word_1_47' title='bbox 157 785 269 836; x_wconf 90' lang='grc' dir='ltr'><strong>τῶν</strong></span> <span class='ocrx_word' id='word_1_48' title='bbox 309 785 516 838; x_wconf 81' lang='grc' dir='ltr'>πιστῶν</span> <span class='ocrx_word' id='word_1_49' title='bbox 567 789 714 840; x_wconf 76' lang='grc' dir='ltr'>ἐστιν</span> <span class='ocrx_word' id='word_1_50' title='bbox 771 789 1000 857; x_wconf 78' lang='grc' dir='ltr'>ἄγγελος</span> <span class='ocrx_word' id='word_1_51' title='bbox 1047 791 1525 864; x_wconf 81' lang='grc' dir='ltr'>παρεζευγμένος,</span> <span class='ocrx_word' id='word_1_52' title='bbox 1586 793 1738 857; x_wconf 83' lang='grc' dir='ltr'>ἄξιος</span> 
     </span>
    </p>
   </div>
   <div class='ocr_carea' id='block_1_10' title="bbox 156 875 1735 956">
    <p class='ocr_par' dir='ltr' id='par_1_10' title="bbox 156 875 1735 956">
     <span class='ocr_line' id='line_1_10' title="bbox 156 875 1735 956; baseline 0.006 -28"><span class='ocrx_word' id='word_1_53' title='bbox 156 875 253 928; x_wconf 90' lang='grc' dir='ltr'><strong>τοῦ</strong></span> <span class='ocrx_word' id='word_1_54' title='bbox 279 875 497 946; x_wconf 79' lang='grc' dir='ltr'>βλέπειν</span> <span class='ocrx_word' id='word_1_55' title='bbox 533 879 623 932; x_wconf 82' lang='grc' dir='ltr'><strong>τὸν</strong></span> <span class='ocrx_word' id='word_1_56' title='bbox 657 880 873 952; x_wconf 80' lang='grc' dir='ltr'><strong>Πατέρα</strong></span> <span class='ocrx_word' id='word_1_57' title='bbox 899 881 990 934; x_wconf 80' lang='grc' dir='ltr'>τὸν</span> <span class='ocrx_word' id='word_1_58' title='bbox 1029 885 1086 936; x_wconf 86' lang='grc' dir='ltr'><strong>ἐν</strong></span> <span class='ocrx_word' id='word_1_59' title='bbox 1123 887 1236 948; x_wconf 90' lang='grc' dir='ltr'>τοῖς</span> <span class='ocrx_word' id='word_1_60' title='bbox 1270 885 1540 956; x_wconf 76' lang='grc' dir='ltr'>οὐρανοῖς.</span> <span class='ocrx_word' id='word_1_61' title='bbox 1573 880 1735 940; x_wconf 76' lang='grc' dir='ltr'>Οὗτοι</span> 
     </span>
    </p>
   </div>
   <div class='ocr_carea' id='block_1_11' title="bbox 157 961 1734 1047">
    <p class='ocr_par' dir='ltr' id='par_1_11' title="bbox 157 961 1734 1047">
     <span class='ocr_line' id='line_1_11' title="bbox 157 961 1734 1047; baseline 0.008 -29"><span class='ocrx_word' id='word_1_62' title='bbox 157 961 252 1019; x_wconf 77' lang='grc' dir='ltr'>οὖν</span> <span class='ocrx_word' id='word_1_63' title='bbox 281 968 330 1019; x_wconf 87' lang='grc' dir='ltr'>οἱ</span> <span class='ocrx_word' id='word_1_64' title='bbox 357 968 534 1032; x_wconf 81' lang='grc' dir='ltr'>εὐθεῖς</span> <span class='ocrx_word' id='word_1_65' title='bbox 567 970 1088 1041; x_wconf 82' lang='grc' dir='ltr'>κατακυριεύσουσιν</span> <span class='ocrx_word' id='word_1_66' title='bbox 1115 973 1292 1028; x_wconf 71' lang='grc' dir='ltr'>αὐτῶν</span> <span class='ocrx_word' id='word_1_67' title='bbox 1323 979 1386 1030; x_wconf 83' lang='grc' dir='ltr'><strong>ἐκ</strong></span> <span class='ocrx_word' id='word_1_68' title='bbox 1410 978 1510 1047; x_wconf 82' lang='grc' dir='ltr'>τῆς</span> <span class='ocrx_word' id='word_1_69' title='bbox 1535 995 1734 1047; x_wconf 86' lang='grc' dir='ltr'>πικρο-</span> 
     </span>
    </p>
   </div>
   <div class='ocr_carea' id='block_1_12' title="bbox 156 1061 1736 1140">
    <p class='ocr_par' dir='ltr' id='par_1_12' title="bbox 156 1061 1736 1140">
     <span class='ocr_line' id='line_1_12' title="bbox 156 1061 1736 1140; baseline 0.005 -26"><span class='ocrx_word' id='word_1_70' title='bbox 156 1061 328 1131; x_wconf 87' lang='grc' dir='ltr'>τάτης</span> <span class='ocrx_word' id='word_1_71' title='bbox 370 1062 612 1126; x_wconf 84' lang='grc' dir='ltr'>δουλείας</span> <span class='ocrx_word' id='word_1_72' title='bbox 665 1063 1159 1135; x_wconf 69' lang='grc' dir='ltr'><strong>ἐλευθερωθέντων,</strong></span> <span class='ocrx_word' id='word_1_73' title='bbox 1219 1069 1313 1122; x_wconf 79' lang='grc' dir='ltr'><strong>καὶ</strong></span> <span class='ocrx_word' id='word_1_74' title='bbox 1373 1069 1736 1140; x_wconf 82' lang='grc' dir='ltr'>κατακυριεύ-</span> 
     </span>
    </p>
   </div>
   <div class='ocr_carea' id='block_1_13' title="bbox 156 1152 1732 1232">
    <p class='ocr_par' dir='ltr' id='par_1_13' title="bbox 156 1152 1732 1232">
     <span class='ocr_line' id='line_1_13' title="bbox 156 1152 1732 1232; baseline 0.007 -30"><span class='ocrx_word' id='word_1_75' title='bbox 156 1166 313 1204; x_wconf 88' lang='grc' dir='ltr'>σουσι</span> <span class='ocrx_word' id='word_1_76' title='bbox 360 1152 468 1206; x_wconf 90' lang='grc' dir='ltr'><strong>τῶν</strong></span> <span class='ocrx_word' id='word_1_77' title='bbox 517 1154 823 1224; x_wconf 80' lang='grc' dir='ltr'>γενομένων</span> <span class='ocrx_word' id='word_1_78' title='bbox 877 1156 986 1227; x_wconf 70' lang='grc'>(11)</span> <span class='ocrx_word' id='word_1_79' title='bbox 1023 1160 1080 1210; x_wconf 83' lang='grc' dir='ltr'><strong>ὲν</strong></span> <span class='ocrx_word' id='word_1_80' title='bbox 1119 1163 1182 1231; x_wconf 82' lang='grc' dir='ltr'>τῇ</span> <span class='ocrx_word' id='word_1_81' title='bbox 1224 1161 1426 1232; x_wconf 77' lang='grc' dir='ltr'>πρωῖᾳ,</span> <span class='ocrx_word' id='word_1_82' title='bbox 1463 1162 1732 1226; x_wconf 75' lang='grc' dir='ltr'>τουτέστι,</span> 
     </span>
    </p>
   </div>
   <div class='ocr_carea' id='block_1_14' title="bbox 152 1242 1734 1322">
    <p class='ocr_par' dir='ltr' id='par_1_14' title="bbox 152 1242 1734 1322">
     <span class='ocr_line' id='line_1_14' title="bbox 152 1242 1734 1322; baseline 0.008 -28"><span class='ocrx_word' id='word_1_83' title='bbox 152 1242 266 1294; x_wconf 88' lang='grc' dir='ltr'><strong>τῶν</strong></span> <span class='ocrx_word' id='word_1_84' title='bbox 320 1244 657 1299; x_wconf 85' lang='grc' dir='ltr'>ὑπελθόντων</span> <span class='ocrx_word' id='word_1_85' title='bbox 703 1247 799 1318; x_wconf 78' lang='grc' dir='ltr'>τὴν</span> <span class='ocrx_word' id='word_1_86' title='bbox 845 1249 1106 1322; x_wconf 84' lang='grc' dir='ltr'>ἀνατολὴν</span> <span class='ocrx_word' id='word_1_87' title='bbox 1139 1251 1232 1314; x_wconf 85' lang='grc' dir='ltr'><strong>τοῦ</strong></span> <span class='ocrx_word' id='word_1_88' title='bbox 1284 1253 1481 1321; x_wconf 86' lang='grc' dir='ltr'>φωτός.</span> <span class='ocrx_word' id='word_1_89' title='bbox 1532 1253 1734 1307; x_wconf 85' lang='grc' dir='ltr'>Θέασαι</span> 
     </span>
    </p>
   </div>
   <div class='ocr_carea' id='block_1_15' title="bbox 155 1335 1734 1417">
    <p class='ocr_par' dir='ltr' id='par_1_15' title="bbox 155 1335 1734 1417">
     <span class='ocr_line' id='line_1_15' title="bbox 155 1335 1734 1417; baseline 0.009 -29"><span class='ocrx_word' id='word_1_90' title='bbox 155 1335 336 1390; x_wconf 77' lang='grc' dir='ltr'>πάντα</span> <span class='ocrx_word' id='word_1_91' title='bbox 364 1338 453 1391; x_wconf 83' lang='grc' dir='ltr'><strong>τὸν</strong></span> <span class='ocrx_word' id='word_1_92' title='bbox 487 1341 676 1410; x_wconf 80' lang='grc' dir='ltr'>εἱρμὸν</span> <span class='ocrx_word' id='word_1_93' title='bbox 706 1341 815 1394; x_wconf 90' lang='grc' dir='ltr'><strong>τῶν</strong></span> <span class='ocrx_word' id='word_1_94' title='bbox 844 1343 1129 1414; x_wconf 83' lang='grc' dir='ltr'>γραφικῶν</span> <span class='ocrx_word' id='word_1_95' title='bbox 1159 1347 1436 1417; x_wconf 77' lang='grc' dir='ltr'>ῥημάτων.</span> <span class='ocrx_word' id='word_1_96' title='bbox 1484 1349 1734 1416; x_wconf 78' lang='grc' dir='ltr'>Ἀνθρω-</span> 
     </span>
    </p>
   </div>
   <div class='ocr_carea' id='block_1_16' title="bbox 155 1430 1735 1508">
    <p class='ocr_par' dir='ltr' id='par_1_16' title="bbox 155 1430 1735 1508">
     <span class='ocr_line' id='line_1_16' title="bbox 155 1430 1735 1508; baseline 0.008 -27"><span class='ocrx_word' id='word_1_97' title='bbox 155 1442 290 1494; x_wconf 79' lang='grc' dir='ltr'>πος,</span> <span class='ocrx_word' id='word_1_98' title='bbox 318 1430 387 1483; x_wconf 81' lang='grc' dir='ltr'><strong>ἐν</strong></span> <span class='ocrx_word' id='word_1_99' title='bbox 415 1431 552 1501; x_wconf 75' lang='grc' dir='ltr'>τιμῇ</span> <span class='ocrx_word' id='word_1_100' title='bbox 572 1433 675 1496; x_wconf 80' lang='grc' dir='ltr'><strong>ὢν,</strong></span> <span class='ocrx_word' id='word_1_101' title='bbox 703 1436 774 1488; x_wconf 84' lang='grc' dir='ltr'>οὐ</span> <span class='ocrx_word' id='word_1_102' title='bbox 803 1433 1054 1503; x_wconf 76' lang='grc' dir='ltr'>συνῆκεο</span> <span class='ocrx_word' id='word_1_103' title='bbox 1079 1438 1582 1508; x_wconf 74' lang='grc' dir='ltr'>παρασυνεϐλήθη</span> <span class='ocrx_word' id='word_1_104' title='bbox 1612 1441 1735 1507; x_wconf 82' lang='grc' dir='ltr'>τοῖς</span> 
     </span>
    </p>
   </div>
   <div class='ocr_carea' id='block_1_17' title="bbox 154 1520 1732 1603">
    <p class='ocr_par' dir='ltr' id='par_1_17' title="bbox 154 1520 1732 1603">
     <span class='ocr_line' id='line_1_17' title="bbox 154 1520 1732 1603; baseline 0.009 -31"><span class='ocrx_word' id='word_1_105' title='bbox 154 1520 405 1589; x_wconf 83' lang='grc' dir='ltr'>κτήνεσι</span> <span class='ocrx_word' id='word_1_106' title='bbox 435 1523 558 1589; x_wconf 82' lang='grc' dir='ltr'>τοῖς</span> <span class='ocrx_word' id='word_1_107' title='bbox 584 1526 884 1594; x_wconf 71' lang='grc' dir='ltr'>ἀνοήτοις.</span> <span class='ocrx_word' id='word_1_108' title='bbox 931 1529 990 1581; x_wconf 84' lang='grc' dir='ltr'>Ὀ</span> <span class='ocrx_word' id='word_1_109' title='bbox 1017 1527 1102 1582; x_wconf 86' lang='grc' dir='ltr'>διὰ</span> <span class='ocrx_word' id='word_1_110' title='bbox 1136 1530 1234 1600; x_wconf 78' lang='grc' dir='ltr'><strong>μὲν</strong></span> <span class='ocrx_word' id='word_1_111' title='bbox 1259 1529 1356 1601; x_wconf 85' lang='grc' dir='ltr'>τὴν</span> <span class='ocrx_word' id='word_1_112' title='bbox 1386 1533 1732 1603; x_wconf 80' lang='grc' dir='ltr'>κατασκευὴν</span> 
     </span>
    </p>
   </div>
   <div class='ocr_carea' id='block_1_18' title="bbox 154 1611 1734 1695">
    <p class='ocr_par' dir='ltr' id='par_1_18' title="bbox 154 1611 1734 1695">
     <span class='ocr_line' id='line_1_18' title="bbox 154 1611 1734 1695; baseline 0.009 -32"><span class='ocrx_word' id='word_1_113' title='bbox 154 1611 296 1682; x_wconf 78' lang='grc' dir='ltr'>ἔχων</span> <span class='ocrx_word' id='word_1_114' title='bbox 319 1614 380 1667; x_wconf 84' lang='grc' dir='ltr'><strong>τὸ</strong></span> <span class='ocrx_word' id='word_1_115' title='bbox 405 1615 604 1686; x_wconf 84' lang='grc' dir='ltr'>τίμιον,</span> <span class='ocrx_word' id='word_1_116' title='bbox 635 1618 721 1671; x_wconf 72' lang='grc' dir='ltr'><strong>διὰ</strong></span> <span class='ocrx_word' id='word_1_117' title='bbox 743 1619 798 1672; x_wconf 83' lang='grc' dir='ltr'>δὲ</span> <span class='ocrx_word' id='word_1_118' title='bbox 829 1620 926 1692; x_wconf 82' lang='grc' dir='ltr'><strong>τὴν</strong></span> <span class='ocrx_word' id='word_1_119' title='bbox 954 1620 1268 1675; x_wconf 76' lang='grc' dir='ltr'>ἐνοικοῦσαν</span> <span class='ocrx_word' id='word_1_120' title='bbox 1296 1623 1354 1675; x_wconf 82' lang='grc' dir='ltr'>ὲν</span> <span class='ocrx_word' id='word_1_121' title='bbox 1380 1623 1528 1693; x_wconf 84' lang='grc' dir='ltr'><strong>αὑτῷ</strong></span> <span class='ocrx_word' id='word_1_122' title='bbox 1556 1625 1734 1695; x_wconf 85' lang='grc' dir='ltr'>ἁμαρ-</span> 
     </span>
    </p>
   </div>
   <div class='ocr_carea' id='block_1_19' title="bbox 153 1703 1732 1785">
    <p class='ocr_par' dir='ltr' id='par_1_19' title="bbox 153 1703 1732 1785">
     <span class='ocr_line' id='line_1_19' title="bbox 153 1703 1732 1785; baseline 0.008 -31"><span class='ocrx_word' id='word_1_123' title='bbox 153 1703 277 1756; x_wconf 83' lang='grc' dir='ltr'>τίαν</span> <span class='ocrx_word' id='word_1_124' title='bbox 307 1705 406 1758; x_wconf 82' lang='grc' dir='ltr'><strong>οὐκ</strong></span> <span class='ocrx_word' id='word_1_125' title='bbox 435 1707 822 1778; x_wconf 78' lang='grc' dir='ltr'>αἰσθανόμενος</span> <span class='ocrx_word' id='word_1_126' title='bbox 845 1711 1062 1776; x_wconf 77' lang='grc' dir='ltr'>ἑαυτοῦ,</span> <span class='ocrx_word' id='word_1_127' title='bbox 1089 1705 1243 1776; x_wconf 74' lang='grc' dir='ltr'>οὗτος</span> <span class='ocrx_word' id='word_1_128' title='bbox 1276 1714 1732 1785; x_wconf 81' lang='grc' dir='ltr'>παρασυνεὸλήθη</span> 
     </span>
    </p>
   </div>
   <div class='ocr_carea' id='block_1_20' title="bbox 153 1795 1731 1875">
    <p class='ocr_par' dir='ltr' id='par_1_20' title="bbox 153 1795 1731 1875">
     <span class='ocr_line' id='line_1_20' title="bbox 153 1795 1731 1875; baseline 0.009 -31"><span class='ocrx_word' id='word_1_129' title='bbox 153 1797 269 1856; x_wconf 88' lang='grc' dir='ltr'>τοῖς</span> <span class='ocrx_word' id='word_1_130' title='bbox 313 1797 584 1856; x_wconf 83' lang='grc' dir='ltr'>κτήνεσιν.</span> <span class='ocrx_word' id='word_1_131' title='bbox 625 1795 758 1853; x_wconf 75' lang='grc' dir='ltr'>Εἶτα</span> <span class='ocrx_word' id='word_1_132' title='bbox 802 1801 890 1854; x_wconf 76' lang='grc' dir='ltr'><strong>διὰ</strong></span> <span class='ocrx_word' id='word_1_133' title='bbox 924 1803 984 1856; x_wconf 84' lang='grc' dir='ltr'>τὸ</span> <span class='ocrx_word' id='word_1_134' title='bbox 1020 1802 1378 1875; x_wconf 85' lang='grc' dir='ltr'>ἀλλοτριῶσαι</span> <span class='ocrx_word' id='word_1_135' title='bbox 1415 1806 1605 1860; x_wconf 80' lang='grc' dir='ltr'>ἑαυτὸν</span> <span class='ocrx_word' id='word_1_136' title='bbox 1638 1805 1731 1859; x_wconf 88' lang='grc' dir='ltr'><strong>τοῦ</strong></span> 
     </span>
    </p>
   </div>
   <div class='ocr_carea' id='block_1_21' title="bbox 153 1883 1731 1969">
    <p class='ocr_par' dir='ltr' id='par_1_21' title="bbox 153 1883 1731 1969">
     <span class='ocr_line' id='line_1_21' title="bbox 153 1883 1731 1969; baseline 0.01 -33"><span class='ocrx_word' id='word_1_137' title='bbox 153 1883 290 1938; x_wconf 85' lang='grc' dir='ltr'>Θεοῦ</span> <span class='ocrx_word' id='word_1_138' title='bbox 341 1886 499 1956; x_wconf 91' lang='grc' dir='ltr'>λόγου</span> <span class='ocrx_word' id='word_1_139' title='bbox 542 1891 674 1960; x_wconf 85' lang='grc'>(15),</span> <span class='ocrx_word' id='word_1_140' title='bbox 726 1893 1017 1964; x_wconf 91' lang='grc' dir='ltr'>γενόμενον</span> <span class='ocrx_word' id='word_1_141' title='bbox 1068 1896 1280 1966; x_wconf 81' lang='grc' dir='ltr'>ἄλογον,</span> <span class='ocrx_word' id='word_1_142' title='bbox 1334 1897 1410 1961; x_wconf 88' lang='grc' dir='ltr'>ὼς</span> <span class='ocrx_word' id='word_1_143' title='bbox 1458 1897 1731 1969; x_wconf 78' lang='grc' dir='ltr'>πρόϐατον</span> 
     </span>
    </p>
   </div>
   <div class='ocr_carea' id='block_1_22' title="bbox 155 1975 1730 2063">
    <p class='ocr_par' dir='ltr' id='par_1_22' title="bbox 155 1975 1730 2063">
     <span class='ocr_line' id='line_1_22' title="bbox 155 1975 1730 2063; baseline 0.012 -37"><span class='ocrx_word' id='word_1_144' title='bbox 155 1975 490 2047; x_wconf 83' lang='grc' dir='ltr'>ἀποίμαντον</span> <span class='ocrx_word' id='word_1_145' title='bbox 517 1983 544 2033; x_wconf 88' lang='grc' dir='ltr'>ὁ</span> <span class='ocrx_word' id='word_1_146' title='bbox 567 1981 757 2053; x_wconf 83' lang='grc' dir='ltr'>ἐχθρὸς</span> <span class='ocrx_word' id='word_1_147' title='bbox 780 1984 1086 2056; x_wconf 86' lang='grc' dir='ltr'>διαρπάσας</span> <span class='ocrx_word' id='word_1_148' title='bbox 1115 1989 1172 2041; x_wconf 84' lang='grc' dir='ltr'><strong>ἐν</strong></span> <span class='ocrx_word' id='word_1_149' title='bbox 1199 1988 1278 2060; x_wconf 80' lang='grc' dir='ltr'>τῷ</span> <span class='ocrx_word' id='word_1_150' title='bbox 1309 1989 1410 2063; x_wconf 78' lang='grc' dir='ltr'><strong>ᾄδῃ</strong></span> <span class='ocrx_word' id='word_1_151' title='bbox 1438 1989 1610 2052; x_wconf 81' lang='grc' dir='ltr'>ἔθετο,</span> <span class='ocrx_word' id='word_1_152' title='bbox 1637 1993 1730 2046; x_wconf 74' lang='grc' dir='ltr'><strong>καὶ</strong></span> 
     </span>
    </p>
   </div>
   <div class='ocr_carea' id='block_1_23' title="bbox 156 2069 1732 2148">
    <p class='ocr_par' dir='ltr' id='par_1_23' title="bbox 156 2069 1732 2148">
     <span class='ocr_line' id='line_1_23' title="bbox 156 2069 1732 2148; baseline 0.013 -30"><span class='ocrx_word' id='word_1_153' title='bbox 156 2069 438 2138; x_wconf 86' lang='grc' dir='ltr'>παρέδωκε</span> <span class='ocrx_word' id='word_1_154' title='bbox 470 2071 547 2142; x_wconf 83' lang='grc' dir='ltr'>τῷ</span> <span class='ocrx_word' id='word_1_155' title='bbox 577 2073 788 2147; x_wconf 85' lang='grc' dir='ltr'>θανάτῳ</span> <span class='ocrx_word' id='word_1_156' title='bbox 816 2079 1145 2148; x_wconf 86' lang='grc' dir='ltr'>ποιμαίνειν.</span> <span class='ocrx_word' id='word_1_157' title='bbox 1176 2080 1275 2134; x_wconf 86' lang='grc' dir='ltr'><strong>Διὰ</strong></span> <span class='ocrx_word' id='word_1_158' title='bbox 1297 2081 1453 2135; x_wconf 88' lang='grc' dir='ltr'>τοῦτο</span> <span class='ocrx_word' id='word_1_159' title='bbox 1477 2085 1505 2137; x_wconf 87' lang='grc' dir='ltr'><strong>ό</strong></span> <span class='ocrx_word' id='word_1_160' title='bbox 1525 2083 1732 2138; x_wconf 82' lang='grc' dir='ltr'>ἐκεῖθεν</span> 
     </span>
    </p>
   </div>
   <div class='ocr_carea' id='block_1_24' title="bbox 155 2160 1730 2244">
    <p class='ocr_par' dir='ltr' id='par_1_24' title="bbox 155 2160 1730 2244">
     <span class='ocr_line' id='line_1_24' title="bbox 155 2160 1730 2244; baseline 0.011 -33"><span class='ocrx_word' id='word_1_161' title='bbox 155 2160 394 2230; x_wconf 67' lang='grc' dir='ltr'>ρυᾰθεὶς,</span> <span class='ocrx_word' id='word_1_162' title='bbox 431 2164 644 2218; x_wconf 76' lang='grc' dir='ltr'>καὶτοῦ</span> <span class='ocrx_word' id='word_1_163' title='bbox 685 2169 920 2240; x_wconf 86' lang='grc' dir='ltr'>πονηροῦ</span> <span class='ocrx_word' id='word_1_164' title='bbox 955 2172 1213 2242; x_wconf 86' lang='grc' dir='ltr'>ποιμένος</span> <span class='ocrx_word' id='word_1_165' title='bbox 1251 2174 1608 2244; x_wconf 75' lang='grc' dir='ltr'>ἀπαλλαγεὶς,</span> <span class='ocrx_word' id='word_1_166' title='bbox 1638 2175 1730 2228; x_wconf 81' lang='grc' dir='ltr'>λέο</span> 
     </span>
    </p>
   </div>
   <div class='ocr_carea' id='block_1_25' title="bbox 153 2253 1727 2332">
    <p class='ocr_par' dir='ltr' id='par_1_25' title="bbox 153 2253 1727 2332">
     <span class='ocr_line' id='line_1_25' title="bbox 153 2253 1727 2332; baseline 0.01 -28"><span class='ocrx_word' id='word_1_167' title='bbox 153 2268 240 2320; x_wconf 86' lang='grc' dir='ltr'><strong>γει</strong></span> <span class='ocrx_word' id='word_1_168' title='bbox 278 2253 359 2318; x_wconf 84' lang='grc' dir='ltr'><strong>τὸ,</strong></span> <span class='ocrx_word' id='word_1_169' title='bbox 389 2257 606 2325; x_wconf 84' lang='grc' dir='ltr'>Κύριος</span> <span class='ocrx_word' id='word_1_170' title='bbox 634 2261 930 2329; x_wconf 77' lang='grc' dir='ltr'>ποιμαίνει</span> <span class='ocrx_word' id='word_1_171' title='bbox 964 2280 1060 2332; x_wconf 82' lang='grc' dir='ltr'><strong>με.</strong></span> <span class='ocrx_word' id='word_1_172' title='bbox 1094 2264 1204 2316; x_wconf 77' lang='grc' dir='ltr'>Καὶ</span> <span class='ocrx_word' id='word_1_173' title='bbox 1252 2265 1432 2318; x_wconf 81' lang='grc' dir='ltr'>οὐκέτι</span> <span class='ocrx_word' id='word_1_174' title='bbox 1479 2266 1727 2331; x_wconf 85' lang='grc' dir='ltr'>θάνατος,</span> 
     </span>
    </p>
   </div>
   <div class='ocr_carea' id='block_1_26' title="bbox 153 2344 1731 2419">
    <p class='ocr_par' dir='ltr' id='par_1_26' title="bbox 153 2344 1731 2419">
     <span class='ocr_line' id='line_1_26' title="bbox 153 2344 1731 2419; baseline 0.008 -21"><span class='ocrx_word' id='word_1_175' title='bbox 153 2344 290 2399; x_wconf 73' lang='grc' dir='ltr'>ἀλλὰ</span> <span class='ocrx_word' id='word_1_176' title='bbox 324 2345 433 2418; x_wconf 77' lang='grc' dir='ltr'><strong>ζωή</strong></span> <span class='ocrx_word' id='word_1_177' title='bbox 456 2363 470 2378; x_wconf 85' lang='grc'>⁶</span> <span class='ocrx_word' id='word_1_178' title='bbox 503 2350 687 2404; x_wconf 77' lang='grc' dir='ltr'>οὐκέτι</span> <span class='ocrx_word' id='word_1_179' title='bbox 713 2353 940 2416; x_wconf 84' lang='grc' dir='ltr'>πτῶσις,</span> <span class='ocrx_word' id='word_1_180' title='bbox 965 2353 1078 2407; x_wconf 86' lang='grc' dir='ltr'>ἀλλ’</span> <span class='ocrx_word' id='word_1_181' title='bbox 1101 2355 1395 2419; x_wconf 86' lang='grc' dir='ltr'>ἀνάστασις</span> <span class='ocrx_word' id='word_1_182' title='bbox 1415 2373 1428 2386; x_wconf 78' lang='grc'><strong><em>⁸</em></strong></span> <span class='ocrx_word' id='word_1_183' title='bbox 1459 2357 1641 2411; x_wconf 80' lang='grc' dir='ltr'>οὐκέτι</span> <span class='ocrx_word' id='word_1_184' title='bbox 1669 2357 1731 2410; x_wconf 82' lang='grc' dir='ltr'>τὸ</span> 
     </span>
    </p>
   </div>
   <div class='ocr_carea' id='block_1_27' title="bbox 153 2436 1731 2514">
    <p class='ocr_par' dir='ltr' id='par_1_27' title="bbox 153 2436 1731 2514">
     <span class='ocr_line' id='line_1_27' title="bbox 153 2436 1731 2514; baseline 0.008 -26"><span class='ocrx_word' id='word_1_185' title='bbox 153 2436 369 2504; x_wconf 69' lang='grc' dir='ltr'>ψεῦδος,</span> <span class='ocrx_word' id='word_1_186' title='bbox 405 2439 519 2492; x_wconf 86' lang='grc' dir='ltr'>ἀλλ’</span> <span class='ocrx_word' id='word_1_187' title='bbox 549 2443 583 2512; x_wconf 83' lang='grc' dir='ltr'>ἡ</span> <span class='ocrx_word' id='word_1_188' title='bbox 619 2443 864 2514; x_wconf 83' lang='grc' dir='ltr'>ἀλήθεια.</span> <span class='ocrx_word' id='word_1_189' title='bbox 905 2445 1018 2499; x_wconf 82' lang='grc' dir='ltr'><strong>Καὶ</strong></span> <span class='ocrx_word' id='word_1_190' title='bbox 1054 2448 1092 2514; x_wconf 74' lang='grc' dir='ltr'><strong><em>ἡ</em></strong></span> <span class='ocrx_word' id='word_1_191' title='bbox 1121 2447 1371 2511; x_wconf 75' lang='grc' dir='ltr'>,βοήθεια</span> <span class='ocrx_word' id='word_1_192' title='bbox 1399 2447 1596 2502; x_wconf 76' lang='grc' dir='ltr'>αὐτῶν</span> <span class='ocrx_word' id='word_1_193' title='bbox 1621 2465 1731 2500; x_wconf 81' lang='grc' dir='ltr'>πα-</span> 
     </span>
    </p>
   </div>
   <div class='ocr_carea' id='block_1_28' title="bbox 152 2531 1743 2610">
    <p class='ocr_par' dir='ltr' id='par_1_28' title="bbox 152 2531 1743 2610">
     <span class='ocr_line' id='line_1_28' title="bbox 152 2531 1743 2610; baseline 0.007 -27"><span class='ocrx_word' id='word_1_194' title='bbox 152 2531 546 2598; x_wconf 75' lang='grc' dir='ltr'>λαιωθήσεται</span> <span class='ocrx_word' id='word_1_195' title='bbox 575 2535 647 2588; x_wconf 73' lang='grc' dir='ltr'><strong>ἐν</strong></span> <span class='ocrx_word' id='word_1_196' title='bbox 691 2534 769 2600; x_wconf 83' lang='grc' dir='ltr'>τῷ</span> <span class='ocrx_word' id='word_1_197' title='bbox 810 2537 943 2606; x_wconf 77' lang='grc' dir='ltr'><strong>ᾅδῃ.</strong></span> <span class='ocrx_word' id='word_1_198' title='bbox 979 2539 1135 2591; x_wconf 87' lang='grc' dir='ltr'>Ἤτοι</span> <span class='ocrx_word' id='word_1_199' title='bbox 1183 2541 1312 2610; x_wconf 72' lang='grc' dir='ltr'>περὶ</span> <span class='ocrx_word' id='word_1_200' title='bbox 1362 2539 1456 2593; x_wconf 88' lang='grc' dir='ltr'><strong>τοῦ</strong></span> <span class='ocrx_word' id='word_1_201' title='bbox 1497 2541 1743 2595; x_wconf 78' lang='grc' dir='ltr'>θανάτου</span> 
     </span>
    </p>
   </div>
   <div class='ocr_carea' id='block_1_29' title="bbox 152 2623 1730 2704">
    <p class='ocr_par' dir='ltr' id='par_1_29' title="bbox 152 2623 1730 2704">
     <span class='ocr_line' id='line_1_29' title="bbox 152 2623 1730 2704; baseline 0.008 -29"><span class='ocrx_word' id='word_1_202' title='bbox 152 2623 322 2691; x_wconf 85' lang='grc' dir='ltr'>λέγει,</span> <span class='ocrx_word' id='word_1_203' title='bbox 367 2624 463 2678; x_wconf 90' lang='grc' dir='ltr'><strong>τοῦ</strong></span> <span class='ocrx_word' id='word_1_204' title='bbox 513 2627 588 2698; x_wconf 84' lang='grc' dir='ltr'>μὴ</span> <span class='ocrx_word' id='word_1_205' title='bbox 627 2628 946 2699; x_wconf 79' lang='grc' dir='ltr'>δυνηθέντος</span> <span class='ocrx_word' id='word_1_206' title='bbox 1002 2630 1141 2701; x_wconf 80' lang='grc' dir='ltr'>μετὰ</span> <span class='ocrx_word' id='word_1_207' title='bbox 1183 2631 1364 2702; x_wconf 78' lang='grc' dir='ltr'>πάσης</span> <span class='ocrx_word' id='word_1_208' title='bbox 1411 2632 1576 2686; x_wconf 80' lang='grc' dir='ltr'>αὑτοῦ</span> <span class='ocrx_word' id='word_1_209' title='bbox 1630 2635 1730 2704; x_wconf 81' lang='grc' dir='ltr'>τῆς</span> 
     </span>
    </p>
   </div>
   <div class='ocr_carea' id='block_1_30' title="bbox 153 2714 1730 2794">
    <p class='ocr_par' dir='ltr' id='par_1_30' title="bbox 153 2714 1730 2794">
     <span class='ocr_line' id='line_1_30' title="bbox 153 2714 1730 2794; baseline 0.008 -27"><span class='ocrx_word' id='word_1_210' title='bbox 153 2714 408 2786; x_wconf 81' lang='grc' dir='ltr'>βοηθείας</span> <span class='ocrx_word' id='word_1_211' title='bbox 445 2719 793 2790; x_wconf 84' lang='grc' dir='ltr'>ἀντισχέσθαι</span> <span class='ocrx_word' id='word_1_212' title='bbox 826 2721 931 2775; x_wconf 88' lang='grc' dir='ltr'><strong>τῶν</strong></span> <span class='ocrx_word' id='word_1_213' title='bbox 965 2723 1055 2776; x_wconf 87' lang='grc' dir='ltr'>ὑπ’</span> <span class='ocrx_word' id='word_1_214' title='bbox 1089 2722 1254 2777; x_wconf 78' lang='grc' dir='ltr'>αὐτοῦ</span> <span class='ocrx_word' id='word_1_215' title='bbox 1297 2725 1730 2794; x_wconf 83' lang='grc' dir='ltr'>ποιμαινομένων</span> 
     </span>
    </p>
   </div>
   <div class='ocr_carea' id='block_1_31' title="bbox 149 2809 1730 2886">
    <p class='ocr_par' dir='ltr' id='par_1_31' title="bbox 149 2809 1730 2886">
     <span class='ocr_line' id='line_1_31' title="bbox 149 2809 1730 2886; baseline 0.005 -24"><span class='ocrx_word' id='word_1_216' title='bbox 149 2809 242 2863; x_wconf 82' lang='grc' dir='ltr'>διὰ</span> <span class='ocrx_word' id='word_1_217' title='bbox 271 2811 362 2864; x_wconf 77' lang='grc' dir='ltr'><strong>τὸν</strong></span> <span class='ocrx_word' id='word_1_218' title='bbox 392 2811 729 2866; x_wconf 82' lang='grc' dir='ltr'>καταλύοντα</span> <span class='ocrx_word' id='word_1_219' title='bbox 759 2815 847 2866; x_wconf 82' lang='grc' dir='ltr'><strong>τὸν</strong></span> <span class='ocrx_word' id='word_1_220' title='bbox 885 2815 944 2866; x_wconf 87' lang='grc' dir='ltr'><strong>τὸ</strong></span> <span class='ocrx_word' id='word_1_221' title='bbox 983 2816 1184 2886; x_wconf 88' lang='grc' dir='ltr'>κράτος</span> <span class='ocrx_word' id='word_1_222' title='bbox 1212 2815 1404 2886; x_wconf 79' lang='grc' dir='ltr'>ἔχοντα</span> <span class='ocrx_word' id='word_1_223' title='bbox 1436 2816 1530 2870; x_wconf 87' lang='grc' dir='ltr'><strong>τοῦ</strong></span> <span class='ocrx_word' id='word_1_224' title='bbox 1565 2817 1730 2870; x_wconf 87' lang='grc' dir='ltr'>θανά-</span> 
     </span>
    </p>
   </div>
   <div class='ocr_carea' id='block_1_32' title="bbox 148 2898 1728 2983">
    <p class='ocr_par' dir='ltr' id='par_1_32' title="bbox 148 2898 1728 2983">
     <span class='ocr_line' id='line_1_32' title="bbox 148 2898 1728 2983; baseline 0.005 -29"><span class='ocrx_word' id='word_1_225' title='bbox 148 2919 246 2955; x_wconf 91' lang='grc' dir='ltr'><strong>του</strong></span> <span class='ocrx_word' id='word_1_226' title='bbox 271 2921 284 2932; x_wconf 79' lang='grc' dir='ltr'><strong>ο</strong></span> <span class='ocrx_word' id='word_1_227' title='bbox 333 2898 409 2957; x_wconf 84' lang='grc' dir='ltr'>ὧν</span> <span class='ocrx_word' id='word_1_228' title='bbox 450 2905 600 2958; x_wconf 77' lang='grc' dir='ltr'>πᾶσα</span> <span class='ocrx_word' id='word_1_229' title='bbox 629 2908 662 2976; x_wconf 76' lang='grc' dir='ltr'><strong>ἡ</strong></span> <span class='ocrx_word' id='word_1_230' title='bbox 699 2905 920 2977; x_wconf 74' lang='grc' dir='ltr'>βοήθεια</span> <span class='ocrx_word' id='word_1_231' title='bbox 965 2909 1170 2964; x_wconf 81' lang='grc' dir='ltr'>παλαιὰ</span> <span class='ocrx_word' id='word_1_232' title='bbox 1211 2911 1304 2963; x_wconf 80' lang='grc' dir='ltr'>καὶ</span> <span class='ocrx_word' id='word_1_233' title='bbox 1333 2911 1584 2983; x_wconf 83' lang='grc' dir='ltr'>ἀσθενής.</span> <span class='ocrx_word' id='word_1_234' title='bbox 1617 2910 1728 2964; x_wconf 74' lang='grc' dir='ltr'><strong>Καὶ</strong></span> 
     </span>
    </p>
   </div>
   <div class='ocr_carea' id='block_1_33' title="bbox 147 2995 1728 3071">
    <p class='ocr_par' dir='ltr' id='par_1_33' title="bbox 147 2995 1728 3071">
     <span class='ocr_line' id='line_1_33' title="bbox 147 2995 1728 3071; baseline 0.004 -23"><span class='ocrx_word' id='word_1_235' title='bbox 147 2995 271 3049; x_wconf 79' lang='grc' dir='ltr'>τότε</span> <span class='ocrx_word' id='word_1_236' title='bbox 314 2995 761 3069; x_wconf 77' lang='grc' dir='ltr'>ἐξελεγχθήσεται</span> <span class='ocrx_word' id='word_1_237' title='bbox 795 3002 827 3070; x_wconf 84' lang='grc' dir='ltr'>ἡ</span> <span class='ocrx_word' id='word_1_238' title='bbox 877 2998 1095 3071; x_wconf 84' lang='grc' dir='ltr'>βοήθεια</span> <span class='ocrx_word' id='word_1_239' title='bbox 1132 3000 1238 3054; x_wconf 88' lang='grc' dir='ltr'><strong>τῶν</strong></span> <span class='ocrx_word' id='word_1_240' title='bbox 1277 3001 1580 3071; x_wconf 86' lang='grc' dir='ltr'>ἀνθρώπων</span> <span class='ocrx_word' id='word_1_241' title='bbox 1620 3001 1728 3054; x_wconf 88' lang='grc' dir='ltr'><strong>τῶν</strong></span> 
     </span>
    </p>
   </div>
   <div class='ocr_carea' id='block_1_34' title="bbox 1850 519 3418 586">
    <p class='ocr_par' dir='ltr' id='par_1_34' title="bbox 1850 519 3418 586">
     <span class='ocr_line' id='line_1_34' title="bbox 1850 519 3418 586; baseline 0.003 -15"><span class='ocrx_word' id='word_1_242' title='bbox 1850 532 1944 571; x_wconf 89' lang='lat' dir='ltr'><strong>eas</strong></span> <span class='ocrx_word' id='word_1_243' title='bbox 1963 528 2019 571; x_wconf 93' lang='lat' dir='ltr'><strong>ut</strong></span> <span class='ocrx_word' id='word_1_244' title='bbox 2044 530 2348 586; x_wconf 86' lang='lat' dir='ltr'><strong>pascerent.</strong></span> <span class='ocrx_word' id='word_1_245' title='bbox 2369 519 2437 574; x_wconf 85' lang='lat' dir='ltr'><strong>Et</strong></span> <span class='ocrx_word' id='word_1_246' title='bbox 2453 521 2866 574; x_wconf 85' lang='lat' dir='ltr'><strong>dominabuntur</strong></span> <span class='ocrx_word' id='word_1_247' title='bbox 2877 536 3057 574; x_wconf 85' lang='lat' dir='ltr'><strong>eorum</strong></span> <span class='ocrx_word' id='word_1_248' title='bbox 3076 522 3200 574; x_wconf 86' lang='lat' dir='ltr'><strong>recti</strong></span> <span class='ocrx_word' id='word_1_249' title='bbox 3223 522 3278 575; x_wconf 88' lang='lat' dir='ltr'><strong>in</strong></span> <span class='ocrx_word' id='word_1_250' title='bbox 3299 539 3418 575; x_wconf 85' lang='lat' dir='ltr'><strong>ma-</strong></span> 
     </span>
    </p>
   </div>
   <div class='ocr_carea' id='block_1_35' title="bbox 1841 607 3412 681">
    <p class='ocr_par' dir='ltr' id='par_1_35' title="bbox 1841 607 3412 681">
     <span class='ocr_line' id='line_1_35' title="bbox 1841 607 3412 681; baseline 0.005 -23"><span class='ocrx_word' id='word_1_251' title='bbox 1841 607 2032 660; x_wconf 86' lang='lat' dir='ltr'><strong>tutino.</strong></span> <span class='ocrx_word' id='word_1_252' title='bbox 2057 607 2288 664; x_wconf 88' lang='lat' dir='ltr'><strong>Cuilibet</strong></span> <span class='ocrx_word' id='word_1_253' title='bbox 2309 610 2452 666; x_wconf 85' lang='lat' dir='ltr'><strong>enim</strong></span> <span class='ocrx_word' id='word_1_254' title='bbox 2483 609 2716 665; x_wconf 83' lang='lat' dir='ltr'><strong>ﬁdelium</strong></span> <span class='ocrx_word' id='word_1_255' title='bbox 2739 620 2820 666; x_wconf 88' lang='lat' dir='ltr'><strong>est</strong></span> <span class='ocrx_word' id='word_1_256' title='bbox 2850 612 3070 680; x_wconf 77' lang='lat' dir='ltr'><strong>angelus</strong></span> <span class='ocrx_word' id='word_1_257' title='bbox 3105 612 3412 681; x_wconf 87' lang='lat' dir='ltr'><strong>adjunctus,</strong></span> 
     </span>
    </p>
   </div>
   <div class='ocr_carea' id='block_1_36' title="bbox 1839 699 3413 772">
    <p class='ocr_par' dir='ltr' id='par_1_36' title="bbox 1839 699 3413 772">
     <span class='ocr_line' id='line_1_36' title="bbox 1839 699 3413 772; baseline 0.003 -20"><span class='ocrx_word' id='word_1_258' title='bbox 1839 700 1930 768; x_wconf 87' lang='lat' dir='ltr'><strong>qui</strong></span> <span class='ocrx_word' id='word_1_259' title='bbox 1964 699 2158 770; x_wconf 89' lang='lat' dir='ltr'><strong>dignus</strong></span> <span class='ocrx_word' id='word_1_260' title='bbox 2195 713 2278 757; x_wconf 89' lang='lat' dir='ltr'><strong>est</strong></span> <span class='ocrx_word' id='word_1_261' title='bbox 2331 702 2422 772; x_wconf 88' lang='lat' dir='ltr'><strong>qui</strong></span> <span class='ocrx_word' id='word_1_262' title='bbox 2473 703 2838 759; x_wconf 89' lang='lat' dir='ltr'><strong>diversantem</strong></span> <span class='ocrx_word' id='word_1_263' title='bbox 2889 704 2942 756; x_wconf 93' lang='lat' dir='ltr'><strong>in</strong></span> <span class='ocrx_word' id='word_1_264' title='bbox 3004 703 3160 758; x_wconf 71' lang='lat' dir='ltr'><strong>caelis</strong></span> <span class='ocrx_word' id='word_1_265' title='bbox 3198 703 3413 757; x_wconf 85' lang='lat' dir='ltr'><strong>Patrem</strong></span> 
     </span>
    </p>
   </div>
   <div class='ocr_carea' id='block_1_37' title="bbox 1841 789 3417 859">
    <p class='ocr_par' dir='ltr' id='par_1_37' title="bbox 1841 789 3417 859">
     <span class='ocr_line' id='line_1_37' title="bbox 1841 789 3417 859; baseline 0.005 -18"><span class='ocrx_word' id='word_1_266' title='bbox 1841 791 2037 845; x_wconf 86' lang='lat' dir='ltr'><strong>videat.</strong></span> <span class='ocrx_word' id='word_1_267' title='bbox 2082 789 2144 843; x_wconf 90' lang='lat' dir='ltr'><strong>Hi</strong></span> <span class='ocrx_word' id='word_1_268' title='bbox 2187 791 2353 859; x_wconf 82' lang='lat' dir='ltr'><strong>igitur</strong></span> <span class='ocrx_word' id='word_1_269' title='bbox 2387 793 2520 846; x_wconf 86' lang='lat' dir='ltr'><strong>recti</strong></span> <span class='ocrx_word' id='word_1_270' title='bbox 2547 793 2628 846; x_wconf 87' lang='lat' dir='ltr'><strong>eis</strong></span> <span class='ocrx_word' id='word_1_271' title='bbox 2667 807 2733 846; x_wconf 85' lang='lat' dir='ltr'><strong>ex</strong></span> <span class='ocrx_word' id='word_1_272' title='bbox 2768 791 3105 847; x_wconf 87' lang='lat' dir='ltr'><strong>amarissima</strong></span> <span class='ocrx_word' id='word_1_273' title='bbox 3153 795 3417 849; x_wconf 77' lang='lat' dir='ltr'><strong>servitute</strong></span> 
     </span>
    </p>
   </div>
   <div class='ocr_carea' id='block_1_38' title="bbox 1841 881 3415 955">
    <p class='ocr_par' dir='ltr' id='par_1_38' title="bbox 1841 881 3415 955">
     <span class='ocr_line' id='line_1_38' title="bbox 1841 881 3415 955; baseline 0.004 -22"><span class='ocrx_word' id='word_1_274' title='bbox 1841 881 2084 938; x_wconf 83' lang='lat' dir='ltr'><strong>liberatis</strong></span> <span class='ocrx_word' id='word_1_275' title='bbox 2112 882 2552 949; x_wconf 88' lang='lat' dir='ltr'><strong>dominabuntur,</strong></span> <span class='ocrx_word' id='word_1_276' title='bbox 2586 893 2641 939; x_wconf 88' lang='lat' dir='ltr'><strong>et</strong></span> <span class='ocrx_word' id='word_1_277' title='bbox 2667 885 3098 940; x_wconf 87' lang='lat' dir='ltr'><strong>dominabuntur</strong></span> <span class='ocrx_word' id='word_1_278' title='bbox 3130 886 3260 955; x_wconf 87' lang='lat' dir='ltr'><strong>ipsis</strong></span> <span class='ocrx_word' id='word_1_279' title='bbox 3286 903 3415 942; x_wconf 88' lang='lat' dir='ltr'><strong>con-</strong></span> 
     </span>
    </p>
   </div>
   <div class='ocr_carea' id='block_1_39' title="bbox 1841 973 3414 1042">
    <p class='ocr_par' dir='ltr' id='par_1_39' title="bbox 1841 973 3414 1042">
     <span class='ocr_line' id='line_1_39' title="bbox 1841 973 3414 1042; baseline 0.004 -16"><span class='ocrx_word' id='word_1_280' title='bbox 1841 973 2047 1028; x_wconf 89' lang='lat' dir='ltr'><strong>stitutis</strong></span> <span class='ocrx_word' id='word_1_281' title='bbox 2079 974 2133 1026; x_wconf 89' lang='lat' dir='ltr'><strong>in</strong></span> <span class='ocrx_word' id='word_1_282' title='bbox 2168 975 2436 1030; x_wconf 90' lang='lat' dir='ltr'><strong>matutino</strong></span> <span class='ocrx_word' id='word_1_283' title='bbox 2457 1017 2471 1042; x_wconf 93' lang='lat'><strong>,</strong></span> <span class='ocrx_word' id='word_1_284' title='bbox 2502 977 2608 1031; x_wconf 84' lang='lat' dir='ltr'><strong>hoc</strong></span> <span class='ocrx_word' id='word_1_285' title='bbox 2632 987 2735 1042; x_wconf 87' lang='lat' dir='ltr'><strong>est,</strong></span> <span class='ocrx_word' id='word_1_286' title='bbox 2763 978 2830 1031; x_wconf 89' lang='lat' dir='ltr'><strong>ad</strong></span> <span class='ocrx_word' id='word_1_287' title='bbox 2865 975 3002 1032; x_wconf 92' lang='lat' dir='ltr'><strong>lucis</strong></span> <span class='ocrx_word' id='word_1_288' title='bbox 3032 988 3282 1032; x_wconf 85' lang='lat' dir='ltr'><strong>exortum</strong></span> <span class='ocrx_word' id='word_1_289' title='bbox 3321 996 3414 1033; x_wconf 83' lang='lat' dir='ltr'><strong>ac-</strong></span> 
     </span>
    </p>
   </div>
   <div class='ocr_carea' id='block_1_40' title="bbox 1839 1065 3414 1139">
    <p class='ocr_par' dir='ltr' id='par_1_40' title="bbox 1839 1065 3414 1139">
     <span class='ocr_line' id='line_1_40' title="bbox 1839 1065 3414 1139; baseline 0.002 -20"><span class='ocrx_word' id='word_1_290' title='bbox 1839 1067 2181 1121; x_wconf 84' lang='lat' dir='ltr'><strong>cedentibus.</strong></span> <span class='ocrx_word' id='word_1_291' title='bbox 2216 1066 2512 1122; x_wconf 89' lang='lat' dir='ltr'><strong>Considera</strong></span> <span class='ocrx_word' id='word_1_292' title='bbox 2546 1082 2761 1123; x_wconf 87' lang='lat' dir='ltr'><strong>omnem</strong></span> <span class='ocrx_word' id='word_1_293' title='bbox 2791 1069 3081 1124; x_wconf 86' lang='lat' dir='ltr'><strong>verborum</strong></span> <span class='ocrx_word' id='word_1_294' title='bbox 3115 1065 3414 1139; x_wconf 70' lang='lat' dir='ltr'><strong>Scriptum</strong></span> 
     </span>
    </p>
   </div>
   <div class='ocr_carea' id='block_1_41' title="bbox 1840 1157 3411 1225">
    <p class='ocr_par' dir='ltr' id='par_1_41' title="bbox 1840 1157 3411 1225">
     <span class='ocr_line' id='line_1_41' title="bbox 1840 1157 3411 1225; baseline 0 -13"><span class='ocrx_word' id='word_1_295' title='bbox 1840 1160 2038 1212; x_wconf 85' lang='lat' dir='ltr'><strong>seriem</strong></span> <span class='ocrx_word' id='word_1_296' title='bbox 2071 1178 2084 1213; x_wconf 87' lang='lat'><strong>:</strong></span> <span class='ocrx_word' id='word_1_297' title='bbox 2122 1157 2292 1212; x_wconf 82' lang='lat' dir='ltr'><strong>Homo</strong></span> <span class='ocrx_word' id='word_1_298' title='bbox 2327 1176 2444 1213; x_wconf 87' lang='lat' dir='ltr'><strong>cum</strong></span> <span class='ocrx_word' id='word_1_299' title='bbox 2472 1161 2525 1212; x_wconf 90' lang='lat' dir='ltr'><strong>in</strong></span> <span class='ocrx_word' id='word_1_300' title='bbox 2559 1161 2756 1214; x_wconf 83' lang='lat' dir='ltr'><strong>honore</strong></span> <span class='ocrx_word' id='word_1_301' title='bbox 2786 1171 2938 1224; x_wconf 83' lang='lat' dir='ltr'><strong>esset,</strong></span> <span class='ocrx_word' id='word_1_302' title='bbox 2975 1178 3079 1214; x_wconf 90' lang='lat' dir='ltr'><strong>non</strong></span> <span class='ocrx_word' id='word_1_303' title='bbox 3119 1161 3411 1225; x_wconf 76' lang='lat' dir='ltr'><strong>intellexit;</strong></span> 
     </span>
    </p>
   </div>
   <div class='ocr_carea' id='block_1_42' title="bbox 1839 1251 3412 1320">
    <p class='ocr_par' dir='ltr' id='par_1_42' title="bbox 1839 1251 3412 1320">
     <span class='ocr_line' id='line_1_42' title="bbox 1839 1251 3412 1320; baseline 0.001 -17"><span class='ocrx_word' id='word_1_304' title='bbox 1839 1259 2176 1318; x_wconf 86' lang='lat' dir='ltr'><strong>comparatus</strong></span> <span class='ocrx_word' id='word_1_305' title='bbox 2216 1260 2292 1304; x_wconf 85' lang='lat' dir='ltr'><strong>est</strong></span> <span class='ocrx_word' id='word_1_306' title='bbox 2315 1251 2572 1320; x_wconf 87' lang='lat' dir='ltr'><strong>jumentis</strong></span> <span class='ocrx_word' id='word_1_307' title='bbox 2613 1252 3002 1320; x_wconf 74' lang='lat' dir='ltr'><strong>insipientibus.</strong></span> <span class='ocrx_word' id='word_1_308' title='bbox 3051 1251 3152 1317; x_wconf 88' lang='lat' dir='ltr'><strong>Qui</strong></span> <span class='ocrx_word' id='word_1_309' title='bbox 3200 1267 3266 1306; x_wconf 80' lang='lat' dir='ltr'><strong>ex</strong></span> <span class='ocrx_word' id='word_1_310' title='bbox 3315 1268 3412 1306; x_wconf 90' lang='lat' dir='ltr'><strong>sua</strong></span> 
     </span>
    </p>
   </div>
   <div class='ocr_carea' id='block_1_43' title="bbox 1839 1341 3414 1412">
    <p class='ocr_par' dir='ltr' id='par_1_43' title="bbox 1839 1341 3414 1412">
     <span class='ocr_line' id='line_1_43' title="bbox 1839 1341 3414 1412; baseline -0.001 -18"><span class='ocrx_word' id='word_1_311' title='bbox 1839 1343 2148 1396; x_wconf 89' lang='lat' dir='ltr'><strong>conditione</strong></span> <span class='ocrx_word' id='word_1_312' title='bbox 2187 1341 2350 1397; x_wconf 87' lang='lat' dir='ltr'><strong>habet</strong></span> <span class='ocrx_word' id='word_1_313' title='bbox 2378 1342 2722 1412; x_wconf 86' lang='lat' dir='ltr'><strong>dignitatem,</strong></span> <span class='ocrx_word' id='word_1_314' title='bbox 2763 1354 2812 1397; x_wconf 90' lang='lat' dir='ltr'><strong>et</strong></span> <span class='ocrx_word' id='word_1_315' title='bbox 2856 1353 3076 1411; x_wconf 87' lang='lat' dir='ltr'><strong>propter</strong></span> <span class='ocrx_word' id='word_1_316' title='bbox 3105 1341 3414 1396; x_wconf 87' lang='lat' dir='ltr'><strong>inhabitans</strong></span> 
     </span>
    </p>
   </div>
   <div class='ocr_carea' id='block_1_44' title="bbox 1839 1434 3413 1506">
    <p class='ocr_par' dir='ltr' id='par_1_44' title="bbox 1839 1434 3413 1506">
     <span class='ocr_line' id='line_1_44' title="bbox 1839 1434 3413 1506; baseline 0 -18"><span class='ocrx_word' id='word_1_317' title='bbox 1839 1435 1890 1488; x_wconf 92' lang='lat' dir='ltr'><strong>in</strong></span> <span class='ocrx_word' id='word_1_318' title='bbox 1923 1436 2037 1502; x_wconf 90' lang='lat' dir='ltr'><strong>ipso</strong></span> <span class='ocrx_word' id='word_1_319' title='bbox 2073 1445 2358 1504; x_wconf 83' lang='lat' dir='ltr'><strong>peccatum</strong></span> <span class='ocrx_word' id='word_1_320' title='bbox 2381 1475 2394 1501; x_wconf 94' lang='lat'><strong>,</strong></span> <span class='ocrx_word' id='word_1_321' title='bbox 2431 1451 2537 1490; x_wconf 91' lang='lat' dir='ltr'><strong>non</strong></span> <span class='ocrx_word' id='word_1_322' title='bbox 2580 1437 2857 1506; x_wconf 77' lang='lat' dir='ltr'><strong>cognoscit</strong></span> <span class='ocrx_word' id='word_1_323' title='bbox 2897 1450 2956 1492; x_wconf 87' lang='lat' dir='ltr'><strong>se</strong></span> <span class='ocrx_word' id='word_1_324' title='bbox 3000 1435 3175 1506; x_wconf 90' lang='lat' dir='ltr'><strong>ipsum</strong></span> <span class='ocrx_word' id='word_1_325' title='bbox 3197 1474 3212 1499; x_wconf 92' lang='lat'><strong>,</strong></span> <span class='ocrx_word' id='word_1_326' title='bbox 3246 1435 3292 1488; x_wconf 90' lang='lat' dir='ltr'><strong>is</strong></span> <span class='ocrx_word' id='word_1_327' title='bbox 3321 1434 3413 1504; x_wconf 86' lang='lat' dir='ltr'><strong>ju-</strong></span> 
     </span>
    </p>
   </div>
   <div class='ocr_carea' id='block_1_45' title="bbox 1839 1525 3413 1598">
    <p class='ocr_par' dir='ltr' id='par_1_45' title="bbox 1839 1525 3413 1598">
     <span class='ocr_line' id='line_1_45' title="bbox 1839 1525 3413 1598; baseline 0.003 -21"><span class='ocrx_word' id='word_1_328' title='bbox 1839 1528 2038 1581; x_wconf 85' lang='lat' dir='ltr'><strong>mentis</strong></span> <span class='ocrx_word' id='word_1_329' title='bbox 2072 1538 2418 1597; x_wconf 76' lang='lat' dir='ltr'><strong>comparatus</strong></span> <span class='ocrx_word' id='word_1_330' title='bbox 2451 1537 2555 1583; x_wconf 87' lang='lat' dir='ltr'><strong>est.</strong></span> <span class='ocrx_word' id='word_1_331' title='bbox 2602 1529 2804 1583; x_wconf 86' lang='lat' dir='ltr'><strong>Deinde</strong></span> <span class='ocrx_word' id='word_1_332' title='bbox 2846 1529 2992 1598; x_wconf 90' lang='lat' dir='ltr'><strong>quod</strong></span> <span class='ocrx_word' id='word_1_333' title='bbox 3037 1545 3067 1581; x_wconf 87' lang='lat' dir='ltr'><strong>a</strong></span> <span class='ocrx_word' id='word_1_334' title='bbox 3108 1525 3273 1582; x_wconf 71' lang='lat' dir='ltr'><strong>Verbo</strong></span> <span class='ocrx_word' id='word_1_335' title='bbox 3317 1527 3413 1583; x_wconf 87' lang='lat' dir='ltr'><strong>Dei</strong></span> 
     </span>
    </p>
   </div>
   <div class='ocr_carea' id='block_1_46' title="bbox 1837 1617 3414 1690">
    <p class='ocr_par' dir='ltr' id='par_1_46' title="bbox 1837 1617 3414 1690">
     <span class='ocr_line' id='line_1_46' title="bbox 1837 1617 3414 1690; baseline 0.001 -19"><span class='ocrx_word' id='word_1_336' title='bbox 1837 1632 1958 1671; x_wconf 90' lang='lat' dir='ltr'><strong>sese</strong></span> <span class='ocrx_word' id='word_1_337' title='bbox 1996 1618 2348 1682; x_wconf 87' lang='lat' dir='ltr'><strong>abalienavit,</strong></span> <span class='ocrx_word' id='word_1_338' title='bbox 2385 1617 2636 1673; x_wconf 74' lang='lat' dir='ltr'><strong>etfectum</strong></span> <span class='ocrx_word' id='word_1_339' title='bbox 2668 1620 3096 1684; x_wconf 89' lang='lat' dir='ltr'><strong>brutum,-velut</strong></span> <span class='ocrx_word' id='word_1_340' title='bbox 3123 1634 3281 1675; x_wconf 91' lang='lat' dir='ltr'><strong>ovem</strong></span> <span class='ocrx_word' id='word_1_341' title='bbox 3317 1635 3414 1690; x_wconf 88' lang='lat' dir='ltr'><strong>pa-</strong></span> 
     </span>
    </p>
   </div>
   <div class='ocr_carea' id='block_1_47' title="bbox 1839 1710 3412 1783">
    <p class='ocr_par' dir='ltr' id='par_1_47' title="bbox 1839 1710 3412 1783">
     <span class='ocr_line' id='line_1_47' title="bbox 1839 1710 3412 1783; baseline 0.001 -19"><span class='ocrx_word' id='word_1_342' title='bbox 1839 1719 1986 1764; x_wconf 90' lang='lat' dir='ltr'><strong>store</strong></span> <span class='ocrx_word' id='word_1_343' title='bbox 2031 1711 2345 1765; x_wconf 84' lang='lat' dir='ltr'><strong>destitutam</strong></span> <span class='ocrx_word' id='word_1_344' title='bbox 2389 1711 2647 1766; x_wconf 86' lang='lat' dir='ltr'><strong>inimicus</strong></span> <span class='ocrx_word' id='word_1_345' title='bbox 2693 1712 2954 1782; x_wconf 87' lang='lat' dir='ltr'><strong>abripuit,</strong></span> <span class='ocrx_word' id='word_1_346' title='bbox 3008 1710 3300 1783; x_wconf 82' lang='lat' dir='ltr'><strong>posuitque</strong></span> <span class='ocrx_word' id='word_1_347' title='bbox 3355 1712 3412 1765; x_wconf 91' lang='lat' dir='ltr'><strong>in</strong></span> 
     </span>
    </p>
   </div>
   <div class='ocr_carea' id='block_1_48' title="bbox 1763 1790 3412 1876">
    <p class='ocr_par' dir='ltr' id='par_1_48' title="bbox 1763 1790 3412 1876">
     <span class='ocr_line' id='line_1_48' title="bbox 1763 1790 3412 1876; baseline 0.001 -19"><span class='ocrx_word' id='word_1_348' title='bbox 1763 1790 1806 1844; x_wconf 82' lang='grc' dir='ltr'>Β</span> <span class='ocrx_word' id='word_1_349' title='bbox 1837 1802 2070 1869; x_wconf 81' lang='lat' dir='ltr'><strong>inferno,</strong></span> <span class='ocrx_word' id='word_1_350' title='bbox 2114 1812 2168 1858; x_wconf 91' lang='lat' dir='ltr'><strong>et</strong></span> <span class='ocrx_word' id='word_1_351' title='bbox 2196 1806 2356 1860; x_wconf 88' lang='lat' dir='ltr'><strong>morti</strong></span> <span class='ocrx_word' id='word_1_352' title='bbox 2392 1804 2615 1858; x_wconf 85' lang='lat' dir='ltr'><strong>tradidit</strong></span> <span class='ocrx_word' id='word_1_353' title='bbox 2659 1807 3011 1875; x_wconf 83' lang='lat' dir='ltr'><strong>pascendum.</strong></span> <span class='ocrx_word' id='word_1_354' title='bbox 3063 1807 3412 1876; x_wconf 80' lang='lat' dir='ltr'><strong>Quapmpter</strong></span> 
     </span>
    </p>
   </div>
   <div class='ocr_carea' id='block_1_49' title="bbox 1836 1896 3406 1967">
    <p class='ocr_par' dir='ltr' id='par_1_49' title="bbox 1836 1896 3406 1967">
     <span class='ocr_line' id='line_1_49' title="bbox 1836 1896 3406 1967; baseline 0 -17"><span class='ocrx_word' id='word_1_355' title='bbox 1836 1897 1963 1951; x_wconf 88' lang='lat' dir='ltr'><strong>inde</strong></span> <span class='ocrx_word' id='word_1_356' title='bbox 1983 1907 2296 1967; x_wconf 80' lang='lat' dir='ltr'><strong>exemptus,</strong></span> <span class='ocrx_word' id='word_1_357' title='bbox 2324 1906 2378 1950; x_wconf 84' lang='lat' dir='ltr'><strong>et</strong></span> <span class='ocrx_word' id='word_1_358' title='bbox 2405 1912 2433 1950; x_wconf 91' lang='lat' dir='ltr'><strong>a</strong></span> <span class='ocrx_word' id='word_1_359' title='bbox 2462 1897 2698 1967; x_wconf 86' lang='lat' dir='ltr'><strong>maligno</strong></span> <span class='ocrx_word' id='word_1_360' title='bbox 2731 1906 2948 1966; x_wconf 86' lang='lat' dir='ltr'><strong>pastore</strong></span> <span class='ocrx_word' id='word_1_361' title='bbox 2971 1897 3257 1961; x_wconf 88' lang='lat' dir='ltr'><strong>liberatus,</strong></span> <span class='ocrx_word' id='word_1_362' title='bbox 3290 1896 3364 1950; x_wconf 86' lang='lat' dir='ltr'><strong>ait</strong></span> <span class='ocrx_word' id='word_1_363' title='bbox 3391 1912 3406 1950; x_wconf 90' lang='lat'><strong>:</strong></span> 
     </span>
    </p>
   </div>
   <div class='ocr_carea' id='block_1_50' title="bbox 1834 1986 3413 2058">
    <p class='ocr_par' dir='ltr' id='par_1_50' title="bbox 1834 1986 3413 2058">
     <span class='ocr_line' id='line_1_50' title="bbox 1834 1986 3413 2058; baseline 0 -16"><span class='ocrx_word' id='word_1_364' title='bbox 1834 1988 2092 2043; x_wconf 84' lang='lat' dir='ltr'><strong>Dominus</strong></span> <span class='ocrx_word' id='word_1_365' title='bbox 2136 1991 2298 2058; x_wconf 89' lang='lat' dir='ltr'><strong>pascit</strong></span> <span class='ocrx_word' id='word_1_366' title='bbox 2339 2005 2418 2043; x_wconf 87' lang='lat' dir='ltr'><strong>me</strong></span> <span class='ocrx_word' id='word_1_367' title='bbox 2441 1989 2508 2052; x_wconf 72' lang='lat'><strong>9&quot;,</strong></span> <span class='ocrx_word' id='word_1_368' title='bbox 2559 1999 2613 2042; x_wconf 91' lang='lat' dir='ltr'><strong>et</strong></span> <span class='ocrx_word' id='word_1_369' title='bbox 2648 2003 2753 2042; x_wconf 94' lang='lat' dir='ltr'><strong>non</strong></span> <span class='ocrx_word' id='word_1_370' title='bbox 2809 1989 3043 2058; x_wconf 88' lang='lat' dir='ltr'><strong>amplius</strong></span> <span class='ocrx_word' id='word_1_371' title='bbox 3093 2003 3258 2053; x_wconf 89' lang='lat' dir='ltr'><strong>mors,</strong></span> <span class='ocrx_word' id='word_1_372' title='bbox 3313 1986 3413 2042; x_wconf 83' lang='lat' dir='ltr'><strong>sed</strong></span> 
     </span>
    </p>
   </div>
   <div class='ocr_carea' id='block_1_51' title="bbox 1832 2080 3411 2149">
    <p class='ocr_par' dir='ltr' id='par_1_51' title="bbox 1832 2080 3411 2149">
     <span class='ocr_line' id='line_1_51' title="bbox 1832 2080 3411 2149; baseline -0.002 -15"><span class='ocrx_word' id='word_1_373' title='bbox 1832 2081 1943 2134; x_wconf 88' lang='lat' dir='ltr'><strong>vita</strong></span> <span class='ocrx_word' id='word_1_374' title='bbox 1977 2098 1990 2134; x_wconf 88' lang='lat'><strong>:</strong></span> <span class='ocrx_word' id='word_1_375' title='bbox 2024 2095 2130 2134; x_wconf 92' lang='lat' dir='ltr'><strong>non</strong></span> <span class='ocrx_word' id='word_1_376' title='bbox 2158 2080 2388 2149; x_wconf 81' lang='lat' dir='ltr'><strong>amplius</strong></span> <span class='ocrx_word' id='word_1_377' title='bbox 2416 2095 2597 2145; x_wconf 90' lang='lat' dir='ltr'><strong>casus,</strong></span> <span class='ocrx_word' id='word_1_378' title='bbox 2633 2081 2728 2134; x_wconf 89' lang='lat' dir='ltr'><strong>sed</strong></span> <span class='ocrx_word' id='word_1_379' title='bbox 2754 2080 3084 2134; x_wconf 84' lang='lat' dir='ltr'><strong>resurrectio</strong></span> <span class='ocrx_word' id='word_1_380' title='bbox 3115 2099 3127 2134; x_wconf 92' lang='lat'><strong>:</strong></span> <span class='ocrx_word' id='word_1_381' title='bbox 3161 2096 3266 2133; x_wconf 90' lang='lat' dir='ltr'><strong>non</strong></span> <span class='ocrx_word' id='word_1_382' title='bbox 3293 2095 3411 2132; x_wconf 88' lang='lat' dir='ltr'><strong>am-</strong></span> 
     </span>
    </p>
   </div>
   <div class='ocr_carea' id='block_1_52' title="bbox 1833 2170 3408 2243">
    <p class='ocr_par' dir='ltr' id='par_1_52' title="bbox 1833 2170 3408 2243">
     <span class='ocr_line' id='line_1_52' title="bbox 1833 2170 3408 2243; baseline -0.002 -17"><span class='ocrx_word' id='word_1_383' title='bbox 1833 2173 1976 2243; x_wconf 87' lang='lat' dir='ltr'><strong>plius</strong></span> <span class='ocrx_word' id='word_1_384' title='bbox 2009 2172 2373 2236; x_wconf 90' lang='lat' dir='ltr'><strong>mendacium,</strong></span> <span class='ocrx_word' id='word_1_385' title='bbox 2417 2172 2511 2226; x_wconf 89' lang='lat' dir='ltr'><strong>sed</strong></span> <span class='ocrx_word' id='word_1_386' title='bbox 2547 2173 2772 2227; x_wconf 85' lang='lat' dir='ltr'><strong>veritas.</strong></span> <span class='ocrx_word' id='word_1_387' title='bbox 2809 2172 2879 2224; x_wconf 87' lang='lat' dir='ltr'><strong>Et</strong></span> <span class='ocrx_word' id='word_1_388' title='bbox 2921 2170 3187 2224; x_wconf 77' lang='lat' dir='ltr'><strong>auxilium</strong></span> <span class='ocrx_word' id='word_1_389' title='bbox 3226 2186 3408 2224; x_wconf 87' lang='lat' dir='ltr'><strong>eorum</strong></span> 
     </span>
    </p>
   </div>
   <div class='ocr_carea' id='block_1_53' title="bbox 1833 2263 3413 2335">
    <p class='ocr_par' dir='ltr' id='par_1_53' title="bbox 1833 2263 3413 2335">
     <span class='ocr_line' id='line_1_53' title="bbox 1833 2263 3413 2335; baseline -0.001 -15"><span class='ocrx_word' id='word_1_390' title='bbox 1833 2277 2112 2321; x_wconf 85' lang='lat' dir='ltr'><strong>veterascet</strong></span> <span class='ocrx_word' id='word_1_391' title='bbox 2156 2267 2210 2320; x_wconf 92' lang='lat' dir='ltr'><strong>in</strong></span> <span class='ocrx_word' id='word_1_392' title='bbox 2253 2265 2486 2335; x_wconf 77' lang='lat' dir='ltr'><strong>inferno.</strong></span> <span class='ocrx_word' id='word_1_393' title='bbox 2517 2267 2624 2319; x_wconf 86' lang='lat' dir='ltr'><strong>Aut</strong></span> <span class='ocrx_word' id='word_1_394' title='bbox 2661 2263 2904 2333; x_wconf 89' lang='lat' dir='ltr'><strong>loquitur</strong></span> <span class='ocrx_word' id='word_1_395' title='bbox 2932 2265 2998 2318; x_wconf 89' lang='lat' dir='ltr'><strong>de</strong></span> <span class='ocrx_word' id='word_1_396' title='bbox 3029 2273 3238 2328; x_wconf 88' lang='lat' dir='ltr'><strong>morte,</strong></span> <span class='ocrx_word' id='word_1_397' title='bbox 3287 2279 3413 2333; x_wconf 67' lang='lat' dir='ltr'><strong>qua:</strong></span> 
     </span>
    </p>
   </div>
   <div class='ocr_carea' id='block_1_54' title="bbox 1834 2355 3411 2426">
    <p class='ocr_par' dir='ltr' id='par_1_54' title="bbox 1834 2355 3411 2426">
     <span class='ocr_line' id='line_1_54' title="bbox 1834 2355 3411 2426; baseline -0.003 -14"><span class='ocrx_word' id='word_1_398' title='bbox 1834 2374 1954 2412; x_wconf 91' lang='lat' dir='ltr'><strong>cnm</strong></span> <span class='ocrx_word' id='word_1_399' title='bbox 1989 2357 2135 2413; x_wconf 91' lang='lat' dir='ltr'><strong>omni</strong></span> <span class='ocrx_word' id='word_1_400' title='bbox 2167 2373 2265 2412; x_wconf 90' lang='lat' dir='ltr'><strong>suo</strong></span> <span class='ocrx_word' id='word_1_401' title='bbox 2314 2357 2569 2426; x_wconf 84' lang='lat' dir='ltr'><strong>praesidio</strong></span> <span class='ocrx_word' id='word_1_402' title='bbox 2599 2371 2729 2423; x_wconf 86' lang='lat' dir='ltr'><strong>eos,</strong></span> <span class='ocrx_word' id='word_1_403' title='bbox 2763 2372 2900 2426; x_wconf 90' lang='lat' dir='ltr'><strong>quos</strong></span> <span class='ocrx_word' id='word_1_404' title='bbox 2933 2356 3221 2426; x_wconf 85' lang='lat' dir='ltr'><strong>pascebat,</strong></span> <span class='ocrx_word' id='word_1_405' title='bbox 3265 2355 3411 2410; x_wconf 88' lang='lat' dir='ltr'><strong>deti-</strong></span> 
     </span>
    </p>
   </div>
   <div class='ocr_carea' id='block_1_55' title="bbox 1835 2448 3414 2520">
    <p class='ocr_par' dir='ltr' id='par_1_55' title="bbox 1835 2448 3414 2520">
     <span class='ocr_line' id='line_1_55' title="bbox 1835 2448 3414 2520; baseline -0.001 -17"><span class='ocrx_word' id='word_1_406' title='bbox 1835 2465 1966 2506; x_wconf 89' lang='lat' dir='ltr'><strong>nere</strong></span> <span class='ocrx_word' id='word_1_407' title='bbox 1999 2465 2106 2504; x_wconf 91' lang='lat' dir='ltr'><strong>non</strong></span> <span class='ocrx_word' id='word_1_408' title='bbox 2133 2450 2325 2519; x_wconf 89' lang='lat' dir='ltr'><strong>potuit,</strong></span> <span class='ocrx_word' id='word_1_409' title='bbox 2358 2458 2579 2520; x_wconf 88' lang='lat' dir='ltr'><strong>propter</strong></span> <span class='ocrx_word' id='word_1_410' title='bbox 2616 2448 2765 2502; x_wconf 91' lang='lat' dir='ltr'><strong>illum</strong></span> <span class='ocrx_word' id='word_1_411' title='bbox 2795 2465 2823 2502; x_wconf 86' lang='lat' dir='ltr'><strong>a</strong></span> <span class='ocrx_word' id='word_1_412' title='bbox 2848 2463 2956 2516; x_wconf 89' lang='lat' dir='ltr'><strong>quo</strong></span> <span class='ocrx_word' id='word_1_413' title='bbox 2979 2448 3295 2503; x_wconf 72' lang='lat' dir='ltr'><strong>desuuctus</strong></span> <span class='ocrx_word' id='word_1_414' title='bbox 3326 2455 3414 2501; x_wconf 80' lang='lat' dir='ltr'><strong>est</strong></span> 
     </span>
    </p>
   </div>
   <div class='ocr_carea' id='block_1_56' title="bbox 1835 2538 3410 2610">
    <p class='ocr_par' dir='ltr' id='par_1_56' title="bbox 1835 2538 3410 2610">
     <span class='ocr_line' id='line_1_56' title="bbox 1835 2538 3410 2610; baseline -0.002 -16"><span class='ocrx_word' id='word_1_415' title='bbox 1835 2542 1880 2596; x_wconf 89' lang='lat' dir='ltr'><strong>is</strong></span> <span class='ocrx_word' id='word_1_416' title='bbox 1913 2545 2005 2610; x_wconf 91' lang='lat' dir='ltr'><strong>qui</strong></span> <span class='ocrx_word' id='word_1_417' title='bbox 2040 2541 2234 2595; x_wconf 89' lang='lat' dir='ltr'><strong>mortis</strong></span> <span class='ocrx_word' id='word_1_418' title='bbox 2279 2542 2515 2595; x_wconf 86' lang='lat' dir='ltr'><strong>habebat</strong></span> <span class='ocrx_word' id='word_1_419' title='bbox 2545 2540 2834 2608; x_wconf 89' lang='lat' dir='ltr'><strong>imperium</strong></span> <span class='ocrx_word' id='word_1_420' title='bbox 2861 2538 2944 2604; x_wconf 65' lang='lat'><strong>9&#39;;</strong></span> <span class='ocrx_word' id='word_1_421' title='bbox 2984 2554 3214 2608; x_wconf 86' lang='lat' dir='ltr'><strong>quorum</strong></span> <span class='ocrx_word' id='word_1_422' title='bbox 3245 2552 3410 2594; x_wconf 86' lang='lat' dir='ltr'><strong>omne</strong></span> 
     </span>
    </p>
   </div>
   <div class='ocr_carea' id='block_1_57' title="bbox 1833 2629 3410 2700">
    <p class='ocr_par' dir='ltr' id='par_1_57' title="bbox 1833 2629 3410 2700">
     <span class='ocr_line' id='line_1_57' title="bbox 1833 2629 3410 2700; baseline 0.001 -17"><span class='ocrx_word' id='word_1_423' title='bbox 1833 2630 2093 2684; x_wconf 81' lang='lat' dir='ltr'><strong>auxilium</strong></span> <span class='ocrx_word' id='word_1_424' title='bbox 2127 2641 2283 2684; x_wconf 88' lang='lat' dir='ltr'><strong>vetus</strong></span> <span class='ocrx_word' id='word_1_425' title='bbox 2305 2639 2360 2684; x_wconf 89' lang='lat' dir='ltr'><strong>et</strong></span> <span class='ocrx_word' id='word_1_426' title='bbox 2391 2631 2663 2683; x_wconf 80' lang='lat' dir='ltr'><strong>inﬁrmum</strong></span> <span class='ocrx_word' id='word_1_427' title='bbox 2689 2639 2794 2684; x_wconf 80' lang='lat' dir='ltr'><strong>est.</strong></span> <span class='ocrx_word' id='word_1_428' title='bbox 2831 2629 3093 2699; x_wconf 85' lang='lat' dir='ltr'><strong>Tuncque</strong></span> <span class='ocrx_word' id='word_1_429' title='bbox 3117 2629 3410 2700; x_wconf 65' lang='lat' dir='ltr'><strong>redargueo</strong></span> 
     </span>
    </p>
   </div>
   <div class='ocr_carea' id='block_1_58' title="bbox 1835 2720 3407 2791">
    <p class='ocr_par' dir='ltr' id='par_1_58' title="bbox 1835 2720 3407 2791">
     <span class='ocr_line' id='line_1_58' title="bbox 1835 2720 3407 2791; baseline 0.001 -17"><span class='ocrx_word' id='word_1_430' title='bbox 1835 2731 1920 2776; x_wconf 89' lang='lat' dir='ltr'><strong>tur</strong></span> <span class='ocrx_word' id='word_1_431' title='bbox 1956 2721 2214 2776; x_wconf 82' lang='lat' dir='ltr'><strong>auxilium</strong></span> <span class='ocrx_word' id='word_1_432' title='bbox 2245 2722 2522 2776; x_wconf 89' lang='lat' dir='ltr'><strong>hominum</strong></span> <span class='ocrx_word' id='word_1_433' title='bbox 2555 2735 2767 2786; x_wconf 83' lang='lat' dir='ltr'><strong>eorum,</strong></span> <span class='ocrx_word' id='word_1_434' title='bbox 2812 2723 2905 2791; x_wconf 85' lang='lat' dir='ltr'><strong>qui</strong></span> <span class='ocrx_word' id='word_1_435' title='bbox 2944 2732 3127 2776; x_wconf 86' lang='lat' dir='ltr'><strong>mente</strong></span> <span class='ocrx_word' id='word_1_436' title='bbox 3165 2720 3407 2790; x_wconf 85' lang='lat' dir='ltr'><strong>decepti,</strong></span> 
     </span>
    </p>
   </div>
   <div class='ocr_carea' id='block_1_59' title="bbox 1831 2812 3412 2882">
    <p class='ocr_par' dir='ltr' id='par_1_59' title="bbox 1831 2812 3412 2882">
     <span class='ocr_line' id='line_1_59' title="bbox 1831 2812 3412 2882; baseline -0.001 -13"><span class='ocrx_word' id='word_1_437' title='bbox 1831 2815 1901 2869; x_wconf 93' lang='lat' dir='ltr'><strong>ob</strong></span> <span class='ocrx_word' id='word_1_438' title='bbox 1931 2814 2146 2867; x_wconf 89' lang='lat' dir='ltr'><strong>divitias</strong></span> <span class='ocrx_word' id='word_1_439' title='bbox 2187 2813 2527 2881; x_wconf 84' lang='lat' dir='ltr'><strong>gloriamque</strong></span> <span class='ocrx_word' id='word_1_440' title='bbox 2571 2822 2627 2867; x_wconf 91' lang='lat' dir='ltr'><strong>et</strong></span> <span class='ocrx_word' id='word_1_441' title='bbox 2661 2823 2990 2882; x_wconf 87' lang='lat' dir='ltr'><strong>potestatem</strong></span> <span class='ocrx_word' id='word_1_442' title='bbox 3023 2828 3084 2868; x_wconf 88' lang='lat' dir='ltr'><strong>se</strong></span> <span class='ocrx_word' id='word_1_443' title='bbox 3129 2813 3230 2882; x_wconf 86' lang='lat' dir='ltr'><strong>ipsi</strong></span> <span class='ocrx_word' id='word_1_444' title='bbox 3263 2812 3412 2867; x_wconf 77' lang='lat' dir='ltr'><strong>mul-</strong></span> 
     </span>
    </p>
   </div>
   <div class='ocr_carea' id='block_1_60' title="bbox 1835 2903 3410 2972">
    <p class='ocr_par' dir='ltr' id='par_1_60' title="bbox 1835 2903 3410 2972">
     <span class='ocr_line' id='line_1_60' title="bbox 1835 2903 3410 2972; baseline 0.001 -14"><span class='ocrx_word' id='word_1_445' title='bbox 1835 2903 2230 2960; x_wconf 70' lang='lat' dir='ltr'><strong>tum&#39;eii‘ernnt.</strong></span> <span class='ocrx_word' id='word_1_446' title='bbox 2267 2905 2333 2957; x_wconf 80' lang='lat' dir='ltr'><strong>In</strong></span> <span class='ocrx_word' id='word_1_447' title='bbox 2364 2906 2570 2972; x_wconf 82' lang='lat' dir='ltr'><strong>inferno</strong></span> <span class='ocrx_word' id='word_1_448' title='bbox 2598 2916 2878 2959; x_wconf 87' lang='lat' dir='ltr'><strong>veterascet</strong></span> <span class='ocrx_word' id='word_1_449' title='bbox 2911 2917 3046 2970; x_wconf 90' lang='lat' dir='ltr'><strong>tum,</strong></span> <span class='ocrx_word' id='word_1_450' title='bbox 3077 2921 3201 2959; x_wconf 91' lang='lat' dir='ltr'><strong>cnm</strong></span> <span class='ocrx_word' id='word_1_451' title='bbox 3242 2905 3410 2960; x_wconf 81' lang='lat' dir='ltr'><strong>fuerit</strong></span> 
     </span>
    </p>
   </div>
   <div class='ocr_carea' id='block_1_61' title="bbox 1831 2995 3404 3066">
    <p class='ocr_par' dir='ltr' id='par_1_61' title="bbox 1831 2995 3404 3066">
     <span class='ocr_line' id='line_1_61' title="bbox 1831 2995 3404 3066; baseline -0.001 -14"><span class='ocrx_word' id='word_1_452' title='bbox 1831 3012 2020 3052; x_wconf 90' lang='lat' dir='ltr'><strong>eorum</strong></span> <span class='ocrx_word' id='word_1_453' title='bbox 2053 2995 2400 3052; x_wconf 84' lang='lat' dir='ltr'><strong>imbecillitas</strong></span> <span class='ocrx_word' id='word_1_454' title='bbox 2437 2996 2791 3066; x_wconf 87' lang='lat' dir='ltr'><strong>deprehensa.</strong></span> <span class='ocrx_word' id='word_1_455' title='bbox 2827 2997 2934 3050; x_wconf 84' lang='lat' dir='ltr'><strong>Aut</strong></span> <span class='ocrx_word' id='word_1_456' title='bbox 2969 2998 3108 3051; x_wconf 79' lang='lat' dir='ltr'><strong>forte</strong></span> <span class='ocrx_word' id='word_1_457' title='bbox 3140 2996 3404 3050; x_wconf 77' lang='lat' dir='ltr'><strong>auxilium</strong></span> 
     </span>
    </p>
   </div>
   <div class='ocr_carea' id='block_1_62' title="bbox 147 3085 1726 3188">
    <p class='ocr_par' dir='ltr' id='par_1_62' title="bbox 147 3087 1726 3161">
     <span class='ocr_line' id='line_1_62' title="bbox 147 3087 1726 3161; baseline 0.006 -24"><span class='ocrx_word' id='word_1_458' title='bbox 147 3087 520 3156; x_wconf 76' lang='grc' dir='ltr'>ἠπατημένων</span> <span class='ocrx_word' id='word_1_459' title='bbox 562 3087 672 3150; x_wconf 88' lang='grc'>(16)</span> <span class='ocrx_word' id='word_1_460' title='bbox 701 3092 769 3159; x_wconf 81' lang='grc' dir='ltr'>τῇ</span> <span class='ocrx_word' id='word_1_461' title='bbox 796 3089 1024 3160; x_wconf 81' lang='grc' dir='ltr'>διανοίᾳ,</span> <span class='ocrx_word' id='word_1_462' title='bbox 1067 3089 1144 3160; x_wconf 85' lang='grc' dir='ltr'>τῷ</span> <span class='ocrx_word' id='word_1_463' title='bbox 1180 3089 1414 3161; x_wconf 83' lang='grc' dir='ltr'>πλούτῳ,</span> <span class='ocrx_word' id='word_1_464' title='bbox 1449 3092 1541 3144; x_wconf 76' lang='grc' dir='ltr'>καὶ</span> <span class='ocrx_word' id='word_1_465' title='bbox 1576 3089 1726 3161; x_wconf 80' lang='grc' dir='ltr'>δόξῃ,</span> 
     </span>
    </p>
   </div>
   <div class='ocr_carea' id='block_1_63' title="bbox 1836 3085 3406 3188">
    <p class='ocr_par' dir='ltr' id='par_1_63' title="bbox 1836 3085 3406 3158">
     <span class='ocr_line' id='line_1_63' title="bbox 1836 3085 3406 3158; baseline -0.002 -15"><span class='ocrx_word' id='word_1_466' title='bbox 1836 3089 2094 3158; x_wconf 88' lang='lat' dir='ltr'><strong>iustorum</strong></span> <span class='ocrx_word' id='word_1_467' title='bbox 2143 3102 2279 3156; x_wconf 88' lang='lat' dir='ltr'><strong>quos</strong></span> <span class='ocrx_word' id='word_1_468' title='bbox 2317 3088 2545 3141; x_wconf 84' lang='lat' dir='ltr'><strong>redemit</strong></span> <span class='ocrx_word' id='word_1_469' title='bbox 2594 3087 2876 3151; x_wconf 90' lang='lat' dir='ltr'><strong>Dominus,</strong></span> <span class='ocrx_word' id='word_1_470' title='bbox 2920 3090 2972 3141; x_wconf 91' lang='lat' dir='ltr'><strong>in</strong></span> <span class='ocrx_word' id='word_1_471' title='bbox 3012 3085 3225 3142; x_wconf 82' lang='lat' dir='ltr'><strong>inferno</strong></span> <span class='ocrx_word' id='word_1_472' title='bbox 3275 3101 3406 3155; x_wconf 86' lang='lat' dir='ltr'><strong>pro-</strong></span> 
     </span>
    </p>
   </div>
   <div class='ocr_carea' id='block_1_64' title="bbox 149 3177 1730 3251">
    <p class='ocr_par' dir='ltr' id='par_1_64' title="bbox 149 3177 1730 3251">
     <span class='ocr_line' id='line_1_64' title="bbox 149 3177 1730 3251; baseline 0.004 -22"><span class='ocrx_word' id='word_1_473' title='bbox 149 3178 246 3229; x_wconf 79' lang='grc' dir='ltr'><strong>καὶ</strong></span> <span class='ocrx_word' id='word_1_474' title='bbox 293 3177 580 3248; x_wconf 83' lang='grc' dir='ltr'>δυναστείᾳ</span> <span class='ocrx_word' id='word_1_475' title='bbox 618 3179 760 3249; x_wconf 85' lang='grc' dir='ltr'>μέγα</span> <span class='ocrx_word' id='word_1_476' title='bbox 805 3181 1163 3251; x_wconf 84' lang='grc' dir='ltr'>φρονούντων.</span> <span class='ocrx_word' id='word_1_477' title='bbox 1208 3184 1301 3235; x_wconf 81' lang='grc' dir='ltr'><strong>Ἐν</strong></span> <span class='ocrx_word' id='word_1_478' title='bbox 1336 3182 1414 3248; x_wconf 85' lang='grc' dir='ltr'>τῷ</span> <span class='ocrx_word' id='word_1_479' title='bbox 1459 3183 1571 3251; x_wconf 80' lang='grc' dir='ltr'><strong>ᾅδῃ</strong></span> <span class='ocrx_word' id='word_1_480' title='bbox 1616 3199 1730 3236; x_wconf 80' lang='grc' dir='ltr'>πα-</span> 
     </span>
    </p>
   </div>
   <div class='ocr_carea' id='block_1_65' title="bbox 146 3270 1722 3346">
    <p class='ocr_par' dir='ltr' id='par_1_65' title="bbox 146 3270 1722 3346">
     <span class='ocr_line' id='line_1_65' title="bbox 146 3270 1722 3346; baseline 0.006 -24"><span class='ocrx_word' id='word_1_481' title='bbox 146 3270 564 3337; x_wconf 72' lang='grc' dir='ltr'>λαιωθήσεται,</span> <span class='ocrx_word' id='word_1_482' title='bbox 628 3272 988 3346; x_wconf 81' lang='grc' dir='ltr'>ἐλεγχομένης</span> <span class='ocrx_word' id='word_1_483' title='bbox 1037 3275 1216 3328; x_wconf 77' lang='grc' dir='ltr'>αὐτῶν</span> <span class='ocrx_word' id='word_1_484' title='bbox 1273 3277 1373 3346; x_wconf 81' lang='grc' dir='ltr'>τῆς</span> <span class='ocrx_word' id='word_1_485' title='bbox 1417 3277 1722 3340; x_wconf 84' lang='grc' dir='ltr'>ἀσθενείας.</span> 
     </span>
    </p>
   </div>
   <div class='ocr_carea' id='block_1_66' title="bbox 153 3365 1723 3441">
    <p class='ocr_par' dir='ltr' id='par_1_66' title="bbox 153 3365 1723 3441">
     <span class='ocr_line' id='line_1_66' title="bbox 153 3365 1723 3441; baseline 0.004 -24"><span class='ocrx_word' id='word_1_486' title='bbox 153 3367 224 3417; x_wconf 86' lang='grc' dir='ltr'><strong>Ἦ</strong></span> <span class='ocrx_word' id='word_1_487' title='bbox 262 3366 471 3436; x_wconf 83' lang='grc' dir='ltr'>μήποτε</span> <span class='ocrx_word' id='word_1_488' title='bbox 499 3369 532 3438; x_wconf 81' lang='grc' dir='ltr'><strong>ἡ</strong></span> <span class='ocrx_word' id='word_1_489' title='bbox 564 3365 784 3439; x_wconf 80' lang='grc' dir='ltr'>βοήθεια</span> <span class='ocrx_word' id='word_1_490' title='bbox 817 3369 924 3421; x_wconf 92' lang='grc' dir='ltr'><strong>τῶν</strong></span> <span class='ocrx_word' id='word_1_491' title='bbox 955 3367 1178 3422; x_wconf 90' lang='grc' dir='ltr'>δικαίων</span> <span class='ocrx_word' id='word_1_492' title='bbox 1207 3369 1314 3422; x_wconf 88' lang='grc' dir='ltr'><strong>τῶν</strong></span> <span class='ocrx_word' id='word_1_493' title='bbox 1342 3369 1723 3441; x_wconf 86' lang='grc' dir='ltr'>λυτρωθέντων</span> 
     </span>
    </p>
   </div>
   <div class='ocr_carea' id='block_1_67' title="bbox 148 3454 1720 3533">
    <p class='ocr_par' dir='ltr' id='par_1_67' title="bbox 148 3454 1720 3533">
     <span class='ocr_line' id='line_1_67' title="bbox 148 3454 1720 3533; baseline 0.003 -26"><span class='ocrx_word' id='word_1_494' title='bbox 148 3454 304 3521; x_wconf 78' lang='grc' dir='ltr'>παρὰ</span> <span class='ocrx_word' id='word_1_495' title='bbox 333 3457 538 3528; x_wconf 86' lang='grc' dir='ltr'>Κυρίου</span> <span class='ocrx_word' id='word_1_496' title='bbox 571 3459 1015 3530; x_wconf 85' lang='grc' dir='ltr'>παραταθήσεται</span> <span class='ocrx_word' id='word_1_497' title='bbox 1051 3462 1108 3512; x_wconf 81' lang='grc' dir='ltr'>ὲν</span> <span class='ocrx_word' id='word_1_498' title='bbox 1143 3459 1220 3530; x_wconf 80' lang='grc' dir='ltr'>τῷ</span> <span class='ocrx_word' id='word_1_499' title='bbox 1252 3460 1374 3533; x_wconf 76' lang='grc' dir='ltr'>ᾅδῃ.</span> <span class='ocrx_word' id='word_1_500' title='bbox 1415 3458 1580 3512; x_wconf 74' lang='grc' dir='ltr'>Οὔπω</span> <span class='ocrx_word' id='word_1_501' title='bbox 1611 3461 1720 3530; x_wconf 87' lang='grc' dir='ltr'>γὰρ</span> 
     </span>
    </p>
   </div>
   <div class='ocr_carea' id='block_1_68' title="bbox 147 3546 1721 3622">
    <p class='ocr_par' dir='ltr' id='par_1_68' title="bbox 147 3546 1721 3622">
     <span class='ocr_line' id='line_1_68' title="bbox 147 3546 1721 3622; baseline 0.003 -25"><span class='ocrx_word' id='word_1_502' title='bbox 147 3546 475 3615; x_wconf 74' lang='grc' dir='ltr'>ἐκομίσαντο</span> <span class='ocrx_word' id='word_1_503' title='bbox 499 3547 597 3610; x_wconf 85' lang='grc' dir='ltr'>τὰς</span> <span class='ocrx_word' id='word_1_504' title='bbox 623 3550 973 3618; x_wconf 75' lang='grc' dir='ltr'>ἐπαγγελίας,</span> <span class='ocrx_word' id='word_1_505' title='bbox 998 3549 1090 3602; x_wconf 87' lang='grc' dir='ltr'><strong>τοῦ</strong></span> <span class='ocrx_word' id='word_1_506' title='bbox 1114 3549 1248 3602; x_wconf 85' lang='grc' dir='ltr'>Θεοῦ</span> <span class='ocrx_word' id='word_1_507' title='bbox 1279 3551 1406 3622; x_wconf 79' lang='grc' dir='ltr'>περὶ</span> <span class='ocrx_word' id='word_1_508' title='bbox 1429 3550 1582 3621; x_wconf 81' lang='grc' dir='ltr'>ήμῶν</span> <span class='ocrx_word' id='word_1_509' title='bbox 1608 3549 1721 3620; x_wconf 87' lang='grc'>(17)</span> 
     </span>
    </p>
   </div>
   <div class='ocr_carea' id='block_1_69' title="bbox 148 3638 1722 3715">
    <p class='ocr_par' dir='ltr' id='par_1_69' title="bbox 148 3638 1722 3715">
     <span class='ocr_line' id='line_1_69' title="bbox 148 3638 1722 3715; baseline 0.004 -26"><span class='ocrx_word' id='word_1_510' title='bbox 148 3638 394 3706; x_wconf 80' lang='grc' dir='ltr'>κρεῖττόν</span> <span class='ocrx_word' id='word_1_511' title='bbox 420 3657 471 3692; x_wconf 89' lang='grc' dir='ltr'><strong>τι</strong></span> <span class='ocrx_word' id='word_1_512' title='bbox 506 3641 978 3712; x_wconf 76' lang='grc' dir='ltr'>προϐλεψαμένου,</span> <span class='ocrx_word' id='word_1_513' title='bbox 1009 3644 1096 3696; x_wconf 84' lang='grc' dir='ltr'><strong>ἴνα</strong></span> <span class='ocrx_word' id='word_1_514' title='bbox 1139 3644 1212 3715; x_wconf 83' lang='grc' dir='ltr'>μὴ</span> <span class='ocrx_word' id='word_1_515' title='bbox 1242 3645 1409 3713; x_wconf 74' lang='grc' dir='ltr'>χωρὶς</span> <span class='ocrx_word' id='word_1_516' title='bbox 1449 3643 1604 3712; x_wconf 81' lang='grc' dir='ltr'>ἡμῶν</span> <span class='ocrx_word' id='word_1_517' title='bbox 1632 3659 1722 3695; x_wconf 89' lang='grc' dir='ltr'>τε-</span> 
     </span>
    </p>
   </div>
   <div class='ocr_carea' id='block_1_70' title="bbox 144 3727 1723 3804">
    <p class='ocr_par' dir='ltr' id='par_1_70' title="bbox 144 3727 1723 3804">
     <span class='ocr_line' id='line_1_70' title="bbox 144 3727 1723 3804; baseline 0.002 -23"><span class='ocrx_word' id='word_1_518' title='bbox 144 3727 442 3783; x_wconf 83' lang='grc' dir='ltr'>λειωθῶσιν</span> <span class='ocrx_word' id='word_1_519' title='bbox 470 3733 520 3784; x_wconf 79' lang='lat' dir='ltr'><strong>0i</strong></span> <span class='ocrx_word' id='word_1_520' title='bbox 549 3733 956 3804; x_wconf 82' lang='grc' dir='ltr'>προειληφότες.</span> <span class='ocrx_word' id='word_1_521' title='bbox 988 3733 1159 3801; x_wconf 78' lang='grc' dir='ltr'><strong>Πλὴν</strong></span> <span class='ocrx_word' id='word_1_522' title='bbox 1189 3738 1220 3787; x_wconf 86' lang='grc' dir='ltr'><strong>ό</strong></span> <span class='ocrx_word' id='word_1_523' title='bbox 1245 3733 1387 3798; x_wconf 79' lang='grc' dir='ltr'>Θεὸς</span> <span class='ocrx_word' id='word_1_524' title='bbox 1424 3731 1723 3800; x_wconf 77' lang='grc' dir='ltr'>λυτρώσε-</span> 
     </span>
    </p>
   </div>
   <div class='ocr_carea' id='block_1_71' title="bbox 144 3823 1720 3896">
    <p class='ocr_par' dir='ltr' id='par_1_71' title="bbox 144 3823 1720 3896">
     <span class='ocr_line' id='line_1_71' title="bbox 144 3823 1720 3896; baseline 0.002 -22"><span class='ocrx_word' id='word_1_525' title='bbox 144 3839 239 3875; x_wconf 79' lang='grc' dir='ltr'><strong>τοι</strong></span> <span class='ocrx_word' id='word_1_526' title='bbox 286 3823 388 3890; x_wconf 60' lang='grc' dir='ltr'>τὴν</span> <span class='ocrx_word' id='word_1_527' title='bbox 444 3825 656 3894; x_wconf 64' lang='grc' dir='ltr'><strong>ψυχήν</strong></span> <span class='ocrx_word' id='word_1_528' title='bbox 693 3844 812 3894; x_wconf 80' lang='grc' dir='ltr'><strong>μου</strong></span> <span class='ocrx_word' id='word_1_529' title='bbox 841 3827 910 3880; x_wconf 75' lang='grc' dir='ltr'>ἐκ</span> <span class='ocrx_word' id='word_1_530' title='bbox 954 3827 1152 3896; x_wconf 78' lang='grc' dir='ltr'>χειρὸς</span> <span class='ocrx_word' id='word_1_531' title='bbox 1185 3827 1354 3893; x_wconf 83' lang='grc' dir='ltr'>ᾅδου,</span> <span class='ocrx_word' id='word_1_532' title='bbox 1387 3825 1531 3878; x_wconf 81' lang='grc' dir='ltr'>ὅταν</span> <span class='ocrx_word' id='word_1_533' title='bbox 1567 3828 1720 3893; x_wconf 77' lang='grc' dir='ltr'>λαμ-</span> 
     </span>
    </p>
   </div>
   <div class='ocr_carea' id='block_1_72' title="bbox 1840 3177 3406 3247">
    <p class='ocr_par' dir='ltr' id='par_1_72' title="bbox 1840 3177 3406 3247">
     <span class='ocr_line' id='line_1_72' title="bbox 1840 3177 3406 3247; baseline -0.003 -14"><span class='ocrx_word' id='word_1_534' title='bbox 1840 3181 2106 3235; x_wconf 89' lang='lat' dir='ltr'><strong>tendetur.</strong></span> <span class='ocrx_word' id='word_1_535' title='bbox 2140 3177 2391 3234; x_wconf 76' lang='lat' dir='ltr'><strong>Nondum</strong></span> <span class='ocrx_word' id='word_1_536' title='bbox 2427 3179 2574 3232; x_wconf 90' lang='lat' dir='ltr'><strong>enim</strong></span> <span class='ocrx_word' id='word_1_537' title='bbox 2612 3187 2939 3247; x_wconf 87' lang='lat' dir='ltr'><strong>acceperant</strong></span> <span class='ocrx_word' id='word_1_538' title='bbox 2975 3177 3406 3247; x_wconf 81' lang='lat' dir='ltr'><strong>promissioncs,</strong></span> 
     </span>
    </p>
   </div>
   <div class='ocr_carea' id='block_1_73' title="bbox 1835 3255 3408 3339">
    <p class='ocr_par' dir='ltr' id='par_1_73' title="bbox 1835 3255 3408 3339">
     <span class='ocr_line' id='line_1_73' title="bbox 1835 3255 3408 3339; baseline -0.002 -16"><span class='ocrx_word' id='word_1_539' title='bbox 1835 3271 1976 3339; x_wconf 85' lang='lat' dir='ltr'><strong>quod</strong></span> <span class='ocrx_word' id='word_1_540' title='bbox 2011 3271 2152 3324; x_wconf 90' lang='lat' dir='ltr'><strong>Deus</strong></span> <span class='ocrx_word' id='word_1_541' title='bbox 2179 3271 2246 3325; x_wconf 91' lang='lat' dir='ltr'><strong>de</strong></span> <span class='ocrx_word' id='word_1_542' title='bbox 2284 3255 2449 3324; x_wconf 85' lang='lat' dir='ltr'><strong>nobis</strong></span> <span class='ocrx_word' id='word_1_543' title='bbox 2475 3268 2666 3322; x_wconf 89' lang='lat' dir='ltr'><strong>melius</strong></span> <span class='ocrx_word' id='word_1_544' title='bbox 2695 3269 2826 3338; x_wconf 83' lang='lat' dir='ltr'><strong>quid</strong></span> <span class='ocrx_word' id='word_1_545' title='bbox 2858 3268 3168 3336; x_wconf 85' lang='lat' dir='ltr'><strong>providerat</strong></span> <span class='ocrx_word' id='word_1_546' title='bbox 3202 3267 3242 3333; x_wconf 83' lang='grc'><strong>¹;</strong></span> <span class='ocrx_word' id='word_1_547' title='bbox 3269 3282 3337 3320; x_wconf 91' lang='lat' dir='ltr'><strong>ne</strong></span> <span class='ocrx_word' id='word_1_548' title='bbox 3370 3267 3408 3320; x_wconf 88' lang='lat' dir='ltr'><strong>ii</strong></span> 
     </span>
    </p>
   </div>
   <div class='ocr_carea' id='block_1_74' title="bbox 1832 3355 3406 3434">
    <p class='ocr_par' dir='ltr' id='par_1_74' title="bbox 1832 3355 3406 3434">
     <span class='ocr_line' id='line_1_74' title="bbox 1832 3355 3406 3434; baseline -0.003 -17"><span class='ocrx_word' id='word_1_549' title='bbox 1832 3365 1924 3434; x_wconf 90' lang='lat' dir='ltr'><strong>qui</strong></span> <span class='ocrx_word' id='word_1_550' title='bbox 1953 3355 2302 3431; x_wconf 67' lang='lat' dir='ltr'><strong>przeiveraiit,</strong></span> <span class='ocrx_word' id='word_1_551' title='bbox 2336 3361 2454 3417; x_wconf 86' lang='lat' dir='ltr'><strong>sine</strong></span> <span class='ocrx_word' id='word_1_552' title='bbox 2485 3361 2640 3416; x_wconf 89' lang='lat' dir='ltr'><strong>nobis</strong></span> <span class='ocrx_word' id='word_1_553' title='bbox 2670 3369 3204 3417; x_wconf 88' lang='lat' dir='ltr'><strong>consummarentur.</strong></span> <span class='ocrx_word' id='word_1_554' title='bbox 3239 3357 3406 3413; x_wconf 75' lang='lat' dir='ltr'><strong>Vens.</strong></span> 
     </span>
    </p>
   </div>
   <div class='ocr_carea' id='block_1_75' title="bbox 1832 3451 3406 3509">
    <p class='ocr_par' dir='ltr' id='par_1_75' title="bbox 1832 3451 3406 3509">
     <span class='ocr_line' id='line_1_75' title="bbox 1832 3451 3406 3509; baseline -0.002 -3"><span class='ocrx_word' id='word_1_555' title='bbox 1832 3455 1922 3509; x_wconf 89' lang='grc'>16.</span> <span class='ocrx_word' id='word_1_556' title='bbox 1987 3453 2360 3509; x_wconf 86' lang='lat' dir='ltr'><strong>Verumtamen</strong></span> <span class='ocrx_word' id='word_1_557' title='bbox 2414 3453 2560 3508; x_wconf 90' lang='lat' dir='ltr'><strong>Deus</strong></span> <span class='ocrx_word' id='word_1_558' title='bbox 2595 3454 2813 3507; x_wconf 84' lang='lat' dir='ltr'><strong>redimet</strong></span> <span class='ocrx_word' id='word_1_559' title='bbox 2855 3456 3089 3506; x_wconf 86' lang='lat' dir='ltr'><strong>animam</strong></span> <span class='ocrx_word' id='word_1_560' title='bbox 3140 3468 3308 3505; x_wconf 90' lang='lat' dir='ltr'><strong>meam</strong></span> <span class='ocrx_word' id='word_1_561' title='bbox 3340 3451 3406 3503; x_wconf 76' lang='lat' dir='ltr'><strong>de</strong></span> 
     </span>
    </p>
   </div>
   <div class='ocr_carea' id='block_1_76' title="bbox 1831 3537 3406 3614">
    <p class='ocr_par' dir='ltr' id='par_1_76' title="bbox 1831 3537 3406 3614">
     <span class='ocr_line' id='line_1_76' title="bbox 1831 3537 3406 3614; baseline -0.003 -16"><span class='ocrx_word' id='word_1_562' title='bbox 1831 3563 1991 3598; x_wconf 86' lang='lat' dir='ltr'><strong>manu</strong></span> <span class='ocrx_word' id='word_1_563' title='bbox 2024 3537 2208 3614; x_wconf 77' lang='lat' dir='ltr'><strong>inferi,</strong></span> <span class='ocrx_word' id='word_1_564' title='bbox 2236 3561 2352 3598; x_wconf 87' lang='lat' dir='ltr'><strong>cum</strong></span> <span class='ocrx_word' id='word_1_565' title='bbox 2387 3544 2646 3613; x_wconf 84' lang='lat' dir='ltr'><strong>acceperit</strong></span> <span class='ocrx_word' id='word_1_566' title='bbox 2677 3559 2777 3597; x_wconf 91' lang='lat' dir='ltr'><strong>me.</strong></span> <span class='ocrx_word' id='word_1_567' title='bbox 2803 3541 2986 3596; x_wconf 86' lang='lat' dir='ltr'><strong>Palam</strong></span> <span class='ocrx_word' id='word_1_568' title='bbox 3015 3541 3265 3611; x_wconf 58' lang='lat' dir='ltr'><strong>praedicit</strong></span> <span class='ocrx_word' id='word_1_569' title='bbox 3299 3539 3406 3594; x_wconf 92' lang='lat' dir='ltr'><strong>Do-</strong></span> 
     </span>
    </p>
   </div>
   <div class='ocr_carea' id='block_1_77' title="bbox 1831 3634 3407 3705">
    <p class='ocr_par' dir='ltr' id='par_1_77' title="bbox 1831 3634 3407 3705">
     <span class='ocr_line' id='line_1_77' title="bbox 1831 3634 3407 3705; baseline -0.002 -14"><span class='ocrx_word' id='word_1_570' title='bbox 1831 3639 1962 3692; x_wconf 90' lang='lat' dir='ltr'><strong>mini</strong></span> <span class='ocrx_word' id='word_1_571' title='bbox 1987 3639 2054 3693; x_wconf 88' lang='lat' dir='ltr'><strong>ad</strong></span> <span class='ocrx_word' id='word_1_572' title='bbox 2088 3637 2292 3692; x_wconf 81' lang='lat' dir='ltr'><strong>inferos</strong></span> <span class='ocrx_word' id='word_1_573' title='bbox 2315 3639 2660 3702; x_wconf 90' lang='lat' dir='ltr'><strong>descensum,</strong></span> <span class='ocrx_word' id='word_1_574' title='bbox 2681 3636 2772 3705; x_wconf 91' lang='lat' dir='ltr'><strong>qui</strong></span> <span class='ocrx_word' id='word_1_575' title='bbox 2805 3651 2911 3688; x_wconf 88' lang='lat' dir='ltr'><strong>una</strong></span> <span class='ocrx_word' id='word_1_576' title='bbox 2936 3650 3059 3688; x_wconf 90' lang='lat' dir='ltr'><strong>cum</strong></span> <span class='ocrx_word' id='word_1_577' title='bbox 3089 3635 3210 3687; x_wconf 87' lang='lat' dir='ltr'><strong>aliis</strong></span> <span class='ocrx_word' id='word_1_578' title='bbox 3235 3634 3407 3702; x_wconf 90' lang='lat' dir='ltr'><strong>ipsius</strong></span> 
     </span>
    </p>
   </div>
   <div class='ocr_carea' id='block_1_78' title="bbox 1834 3729 3404 3802">
    <p class='ocr_par' dir='ltr' id='par_1_78' title="bbox 1834 3729 3404 3802">
     <span class='ocr_line' id='line_1_78' title="bbox 1834 3729 3404 3802; baseline -0.003 -16"><span class='ocrx_word' id='word_1_579' title='bbox 1834 3733 1998 3786; x_wconf 88' lang='lat' dir='ltr'><strong>etiam</strong></span> <span class='ocrx_word' id='word_1_580' title='bbox 2037 3731 2322 3802; x_wconf 61' lang='lat' dir='ltr'><strong>Propheta</strong></span> <span class='ocrx_word' id='word_1_581' title='bbox 2355 3732 2595 3786; x_wconf 88' lang='lat' dir='ltr'><strong>animam</strong></span> <span class='ocrx_word' id='word_1_582' title='bbox 2633 3729 2916 3794; x_wconf 88' lang='lat' dir='ltr'><strong>liberabit,</strong></span> <span class='ocrx_word' id='word_1_583' title='bbox 2961 3740 3020 3784; x_wconf 89' lang='lat' dir='ltr'><strong>ut</strong></span> <span class='ocrx_word' id='word_1_584' title='bbox 3057 3745 3126 3784; x_wconf 87' lang='lat' dir='ltr'><strong>ne</strong></span> <span class='ocrx_word' id='word_1_585' title='bbox 3162 3729 3274 3782; x_wconf 89' lang='lat' dir='ltr'><strong>illic</strong></span> <span class='ocrx_word' id='word_1_586' title='bbox 3313 3743 3404 3782; x_wconf 87' lang='lat' dir='ltr'><strong>re-</strong></span> 
     </span>
    </p>
   </div>
   <div class='ocr_carea' id='block_1_79' title="bbox 1832 3832 2066 3878">
    <p class='ocr_par' dir='ltr' id='par_1_79' title="bbox 1832 3832 2066 3878">
     <span class='ocr_line' id='line_1_79' title="bbox 1832 3832 2066 3878; baseline -0.004 -1"><span class='ocrx_word' id='word_1_587' title='bbox 1832 3832 2066 3878; x_wconf 89' lang='lat' dir='ltr'><strong>maneat.</strong></span> 
     </span>
    </p>
   </div>
   <div class='ocr_carea' id='block_1_80' title="bbox 143 3914 3407 3995">
    <p class='ocr_par' dir='ltr' id='par_1_80' title="bbox 143 3914 3407 3995">
     <span class='ocr_line' id='line_1_80' title="bbox 143 3914 3407 3995; baseline -0.001 -24"><span class='ocrx_word' id='word_1_588' title='bbox 143 3917 298 3989; x_wconf 76' lang='grc' dir='ltr'><em>ϐἁνῃ</em></span> <span class='ocrx_word' id='word_1_589' title='bbox 333 3937 429 3990; x_wconf 80' lang='grc' dir='ltr'><strong>με.</strong></span> <span class='ocrx_word' id='word_1_590' title='bbox 465 3922 660 3992; x_wconf 85' lang='grc' dir='ltr'>Σαφῶς</span> <span class='ocrx_word' id='word_1_591' title='bbox 695 3923 1023 3994; x_wconf 81' lang='grc' dir='ltr'>προφητεύει</span> <span class='ocrx_word' id='word_1_592' title='bbox 1059 3923 1155 3995; x_wconf 81' lang='grc' dir='ltr'>τὴν</span> <span class='ocrx_word' id='word_1_593' title='bbox 1182 3922 1274 3976; x_wconf 89' lang='grc' dir='ltr'><strong>τοῦ</strong></span> <span class='ocrx_word' id='word_1_594' title='bbox 1320 3921 1524 3994; x_wconf 85' lang='grc' dir='ltr'>Κυρίου</span> <span class='ocrx_word' id='word_1_595' title='bbox 1552 3919 1777 3974; x_wconf 86' lang='grc' dir='ltr'>κάθοδον</span> <span class='ocrx_word' id='word_1_596' title='bbox 1811 3919 1921 3990; x_wconf 90' lang='grc'>(18)</span> <span class='ocrx_word' id='word_1_597' title='bbox 1962 3921 2042 3982; x_wconf 86' lang='grc' dir='ltr'><strong>είς</strong></span> <span class='ocrx_word' id='word_1_598' title='bbox 2075 3918 2222 3990; x_wconf 73' lang='grc' dir='ltr'>ᾅδου,</span> <span class='ocrx_word' id='word_1_599' title='bbox 2252 3918 2312 3982; x_wconf 85' lang='grc' dir='ltr'>ὂς</span> <span class='ocrx_word' id='word_1_600' title='bbox 2337 3918 2474 3988; x_wconf 85' lang='grc' dir='ltr'>μετὰ</span> <span class='ocrx_word' id='word_1_601' title='bbox 2541 3917 2649 3972; x_wconf 87' lang='grc' dir='ltr'><strong>τῶν</strong></span> <span class='ocrx_word' id='word_1_602' title='bbox 2716 3917 2890 3973; x_wconf 76' lang='grc' dir='ltr'>ἄλλων</span> <span class='ocrx_word' id='word_1_603' title='bbox 2954 3919 3047 3970; x_wconf 83' lang='grc' dir='ltr'>καὶ</span> <span class='ocrx_word' id='word_1_604' title='bbox 3110 3915 3278 3972; x_wconf 80' lang='grc' dir='ltr'>αὐτοῦ</span> <span class='ocrx_word' id='word_1_605' title='bbox 3313 3914 3407 3968; x_wconf 66' lang='grc' dir='ltr'>λυη</span> 
     </span>
    </p>
   </div>
   <div class='ocr_carea' id='block_1_81' title="bbox 145 4014 1938 4092">
    <p class='ocr_par' dir='ltr' id='par_1_81' title="bbox 145 4014 1938 4092">
     <span class='ocr_line' id='line_1_81' title="bbox 145 4014 1938 4092; baseline -0.001 -22"><span class='ocrx_word' id='word_1_606' title='bbox 145 4014 414 4088; x_wconf 72' lang='grc' dir='ltr'>τρώσεται</span> <span class='ocrx_word' id='word_1_607' title='bbox 438 4019 530 4072; x_wconf 86' lang='grc' dir='ltr'><strong>τοῦ</strong></span> <span class='ocrx_word' id='word_1_608' title='bbox 567 4021 849 4092; x_wconf 84' lang='grc' dir='ltr'>Προφήτου</span> <span class='ocrx_word' id='word_1_609' title='bbox 874 4022 972 4092; x_wconf 85' lang='grc' dir='ltr'>τὴν</span> <span class='ocrx_word' id='word_1_610' title='bbox 1001 4021 1195 4092; x_wconf 82' lang='grc' dir='ltr'>ψυχὴν,</span> <span class='ocrx_word' id='word_1_611' title='bbox 1219 4020 1294 4083; x_wconf 83' lang='grc' dir='ltr'>ὡς</span> <span class='ocrx_word' id='word_1_612' title='bbox 1321 4019 1394 4090; x_wconf 85' lang='grc' dir='ltr'>μὴ</span> <span class='ocrx_word' id='word_1_613' title='bbox 1425 4019 1773 4088; x_wconf 84' lang='grc' dir='ltr'>ὲναπομεῖναι</span> <span class='ocrx_word' id='word_1_614' title='bbox 1807 4017 1938 4069; x_wconf 81' lang='grc' dir='ltr'>ἐκεῖ.</span> 
     </span>
    </p>
   </div>
   <div class='ocr_carea' id='block_1_82' title="bbox 222 4108 1719 4184">
    <p class='ocr_par' dir='ltr' id='par_1_82' title="bbox 222 4108 1719 4184">
     <span class='ocr_line' id='line_1_82' title="bbox 222 4108 1719 4184; baseline 0.003 -22"><span class='ocrx_word' id='word_1_615' title='bbox 222 4108 312 4162; x_wconf 84' lang='grc'><strong>10.</strong></span> <span class='ocrx_word' id='word_1_616' title='bbox 354 4110 450 4178; x_wconf 79' lang='grc' dir='ltr'><strong>Μὴ</strong></span> <span class='ocrx_word' id='word_1_617' title='bbox 494 4112 711 4180; x_wconf 69' lang='grc' dir='ltr'>φοϐοῦ,</span> <span class='ocrx_word' id='word_1_618' title='bbox 747 4113 893 4167; x_wconf 85' lang='grc' dir='ltr'>ὅταν</span> <span class='ocrx_word' id='word_1_619' title='bbox 940 4113 1256 4184; x_wconf 75' lang='grc' dir='ltr'>πλουτήσῃ</span> <span class='ocrx_word' id='word_1_620' title='bbox 1305 4113 1636 4180; x_wconf 79' lang='grc' dir='ltr'>ἅνθρωπος,</span> <span class='ocrx_word' id='word_1_621' title='bbox 1679 4111 1719 4180; x_wconf 75' lang='grc' dir='ltr'>ἢ</span> 
     </span>
    </p>
   </div>
   <div class='ocr_carea' id='block_1_83' title="bbox 141 4201 1721 4275">
    <p class='ocr_par' dir='ltr' id='par_1_83' title="bbox 141 4201 1721 4275">
     <span class='ocr_line' id='line_1_83' title="bbox 141 4201 1721 4275; baseline 0.001 -20"><span class='ocrx_word' id='word_1_622' title='bbox 141 4201 293 4256; x_wconf 80' lang='grc' dir='ltr'>ὅταν</span> <span class='ocrx_word' id='word_1_623' title='bbox 315 4205 636 4274; x_wconf 79' lang='grc' dir='ltr'>πληθυνθῇ</span> <span class='ocrx_word' id='word_1_624' title='bbox 670 4209 707 4275; x_wconf 83' lang='grc' dir='ltr'><em>ὴ</em></span> <span class='ocrx_word' id='word_1_625' title='bbox 735 4207 886 4271; x_wconf 80' lang='grc' dir='ltr'>δόξα</span> <span class='ocrx_word' id='word_1_626' title='bbox 916 4205 1021 4260; x_wconf 85' lang='grc' dir='ltr'><strong>τοῦ</strong></span> <span class='ocrx_word' id='word_1_627' title='bbox 1050 4207 1218 4260; x_wconf 78' lang='grc' dir='ltr'>οἴκου</span> <span class='ocrx_word' id='word_1_628' title='bbox 1246 4206 1452 4260; x_wconf 83' lang='grc' dir='ltr'>αὑτοῦ.</span> <span class='ocrx_word' id='word_1_629' title='bbox 1486 4203 1583 4272; x_wconf 78' lang='grc' dir='ltr'><strong>Μὴ</strong></span> <span class='ocrx_word' id='word_1_630' title='bbox 1615 4222 1721 4272; x_wconf 70' lang='grc' dir='ltr'>φο-</span> 
     </span>
    </p>
   </div>
   <div class='ocr_carea' id='block_1_84' title="bbox 140 4294 1721 4368">
    <p class='ocr_par' dir='ltr' id='par_1_84' title="bbox 140 4294 1721 4368">
     <span class='ocr_line' id='line_1_84' title="bbox 140 4294 1721 4368; baseline -0.002 -18"><span class='ocrx_word' id='word_1_631' title='bbox 140 4294 273 4359; x_wconf 79' lang='grc' dir='ltr'>ϐοῦ,</span> <span class='ocrx_word' id='word_1_632' title='bbox 299 4296 482 4368; x_wconf 80' lang='grc' dir='ltr'>φησὶν,</span> <span class='ocrx_word' id='word_1_633' title='bbox 506 4297 652 4350; x_wconf 77' lang='grc' dir='ltr'>ὅταν</span> <span class='ocrx_word' id='word_1_634' title='bbox 676 4298 994 4367; x_wconf 78' lang='grc' dir='ltr'>πλουτήσῃ</span> <span class='ocrx_word' id='word_1_635' title='bbox 1027 4297 1334 4366; x_wconf 79' lang='grc' dir='ltr'>ἅνθρωπος</span> <span class='ocrx_word' id='word_1_636' title='bbox 1364 4297 1494 4365; x_wconf 89' lang='grc'>(19).</span> <span class='ocrx_word' id='word_1_637' title='bbox 1532 4296 1721 4362; x_wconf 81' lang='grc' dir='ltr'>Ἀναγ-</span> 
     </span>
    </p>
   </div>
   <div class='ocr_carea' id='block_1_85' title="bbox 138 4385 1718 4458">
    <p class='ocr_par' dir='ltr' id='par_1_85' title="bbox 138 4385 1718 4458">
     <span class='ocr_line' id='line_1_85' title="bbox 138 4385 1718 4458; baseline -0.002 -18"><span class='ocrx_word' id='word_1_638' title='bbox 138 4388 298 4440; x_wconf 80' lang='grc' dir='ltr'>καῖον</span> <span class='ocrx_word' id='word_1_639' title='bbox 327 4387 420 4438; x_wconf 79' lang='grc' dir='ltr'>καὶ</span> <span class='ocrx_word' id='word_1_640' title='bbox 442 4385 600 4440; x_wconf 85' lang='grc' dir='ltr'>τοῦτο</span> <span class='ocrx_word' id='word_1_641' title='bbox 627 4386 686 4440; x_wconf 86' lang='grc' dir='ltr'><strong>τὸ</strong></span> <span class='ocrx_word' id='word_1_642' title='bbox 714 4390 974 4458; x_wconf 85' lang='grc' dir='ltr'>κήρυγμα</span> <span class='ocrx_word' id='word_1_643' title='bbox 1003 4389 1115 4448; x_wconf 86' lang='grc' dir='ltr'>τοῖς</span> <span class='ocrx_word' id='word_1_644' title='bbox 1127 4385 1225 4456; x_wconf 82' lang='grc' dir='ltr'>τὴν</span> <span class='ocrx_word' id='word_1_645' title='bbox 1239 4385 1563 4455; x_wconf 75' lang='grc' dir='ltr'>οἰκουμένην</span> <span class='ocrx_word' id='word_1_646' title='bbox 1588 4402 1718 4438; x_wconf 87' lang='grc' dir='ltr'>κατ-</span> 
     </span>
    </p>
   </div>
   <div class='ocr_carea' id='block_1_86' title="bbox 135 4473 1716 4548">
    <p class='ocr_par' dir='ltr' id='par_1_86' title="bbox 135 4473 1716 4548">
     <span class='ocr_line' id='line_1_86' title="bbox 135 4473 1716 4548; baseline -0.003 -18"><span class='ocrx_word' id='word_1_647' title='bbox 135 4475 374 4539; x_wconf 83' lang='grc' dir='ltr'>οικοῦσι,</span> <span class='ocrx_word' id='word_1_648' title='bbox 399 4479 512 4540; x_wconf 85' lang='grc' dir='ltr'>τοῖς</span> <span class='ocrx_word' id='word_1_649' title='bbox 535 4494 595 4529; x_wconf 89' lang='grc' dir='ltr'><strong>τε</strong></span> <span class='ocrx_word' id='word_1_650' title='bbox 632 4477 887 4548; x_wconf 85' lang='grc' dir='ltr'>γηγενέσι</span> <span class='ocrx_word' id='word_1_651' title='bbox 941 4477 1035 4530; x_wconf 76' lang='grc' dir='ltr'><strong>καὶ</strong></span> <span class='ocrx_word' id='word_1_652' title='bbox 1064 4478 1176 4540; x_wconf 88' lang='grc' dir='ltr'>τοῖς</span> <span class='ocrx_word' id='word_1_653' title='bbox 1202 4478 1336 4539; x_wconf 76' lang='grc' dir='ltr'>υἱοῖς</span> <span class='ocrx_word' id='word_1_654' title='bbox 1364 4475 1472 4530; x_wconf 89' lang='grc' dir='ltr'><strong>τῶν</strong></span> <span class='ocrx_word' id='word_1_655' title='bbox 1506 4473 1716 4546; x_wconf 85' lang='grc' dir='ltr'>ἀνθρὼ-</span> 
     </span>
    </p>
   </div>
   <div class='ocr_carea' id='block_1_87' title="bbox 140 4565 1715 4638">
    <p class='ocr_par' dir='ltr' id='par_1_87' title="bbox 140 4565 1715 4638">
     <span class='ocr_line' id='line_1_87' title="bbox 140 4565 1715 4638; baseline -0.001 -18"><span class='ocrx_word' id='word_1_656' title='bbox 140 4585 284 4631; x_wconf 84' lang='grc' dir='ltr'>πων,</span> <span class='ocrx_word' id='word_1_657' title='bbox 336 4567 610 4631; x_wconf 89' lang='grc' dir='ltr'>πλουσίοις</span> <span class='ocrx_word' id='word_1_658' title='bbox 645 4585 705 4621; x_wconf 88' lang='grc' dir='ltr'><strong>τε</strong></span> <span class='ocrx_word' id='word_1_659' title='bbox 757 4568 892 4638; x_wconf 85' lang='grc' dir='ltr'>ὁμοῦ</span> <span class='ocrx_word' id='word_1_660' title='bbox 948 4569 1042 4623; x_wconf 60' lang='grc' dir='ltr'><strong>καὶ⁹</strong></span> <span class='ocrx_word' id='word_1_661' title='bbox 1089 4566 1301 4636; x_wconf 84' lang='grc' dir='ltr'>πένησι.</span> <span class='ocrx_word' id='word_1_662' title='bbox 1358 4565 1458 4634; x_wconf 78' lang='grc' dir='ltr'><strong>Μὴ</strong></span> <span class='ocrx_word' id='word_1_663' title='bbox 1507 4565 1715 4634; x_wconf 74' lang='grc' dir='ltr'>φοϐοῦ,</span> 
     </span>
    </p>
   </div>
   <div class='ocr_carea' id='block_1_88' title="bbox 140 4655 1720 4728">
    <p class='ocr_par' dir='ltr' id='par_1_88' title="bbox 140 4655 1720 4728">
     <span class='ocr_line' id='line_1_88' title="bbox 140 4655 1720 4728; baseline -0.003 -16"><span class='ocrx_word' id='word_1_664' title='bbox 140 4659 292 4712; x_wconf 75' lang='grc' dir='ltr'>ὅταν</span> <span class='ocrx_word' id='word_1_665' title='bbox 312 4657 631 4726; x_wconf 78' lang='grc' dir='ltr'>πλουτήσῃ</span> <span class='ocrx_word' id='word_1_666' title='bbox 666 4657 994 4726; x_wconf 79' lang='grc' dir='ltr'>ἄνθρωπος.</span> <span class='ocrx_word' id='word_1_667' title='bbox 1025 4657 1189 4710; x_wconf 81' lang='grc' dir='ltr'>Ὅταν</span> <span class='ocrx_word' id='word_1_668' title='bbox 1224 4657 1360 4728; x_wconf 75' lang='grc' dir='ltr'>ἴδῃς,</span> <span class='ocrx_word' id='word_1_669' title='bbox 1397 4657 1581 4728; x_wconf 69' lang='grc' dir='ltr'>φησιν,</span> <span class='ocrx_word' id='word_1_670' title='bbox 1609 4655 1720 4710; x_wconf 76' lang='grc' dir='ltr'>ἄδι-</span> 
     </span>
    </p>
   </div>
   <div class='ocr_carea' id='block_1_89' title="bbox 139 4746 1720 4820">
    <p class='ocr_par' dir='ltr' id='par_1_89' title="bbox 139 4746 1720 4820">
     <span class='ocr_line' id='line_1_89' title="bbox 139 4746 1720 4820; baseline -0.002 -18"><span class='ocrx_word' id='word_1_671' title='bbox 139 4767 237 4802; x_wconf 73' lang='grc' dir='ltr'><strong>κον</strong></span> <span class='ocrx_word' id='word_1_672' title='bbox 271 4751 370 4820; x_wconf 85' lang='grc' dir='ltr'>μὲν</span> <span class='ocrx_word' id='word_1_673' title='bbox 397 4749 748 4816; x_wconf 82' lang='grc' dir='ltr'>πλουτοῦντα,</span> <span class='ocrx_word' id='word_1_674' title='bbox 782 4749 986 4802; x_wconf 88' lang='grc' dir='ltr'>δίκαιον</span> <span class='ocrx_word' id='word_1_675' title='bbox 1017 4749 1074 4802; x_wconf 83' lang='grc' dir='ltr'>δὲ</span> <span class='ocrx_word' id='word_1_676' title='bbox 1104 4749 1430 4818; x_wconf 76' lang='grc' dir='ltr'>πενόμενον,</span> <span class='ocrx_word' id='word_1_677' title='bbox 1451 4746 1524 4818; x_wconf 79' lang='grc' dir='ltr'>μὴ</span> <span class='ocrx_word' id='word_1_678' title='bbox 1554 4747 1720 4819; x_wconf 78' lang='grc' dir='ltr'>φοϐη-</span> 
     </span>
    </p>
   </div>
   <div class='ocr_carea' id='block_1_90' title="bbox 137 4841 1710 4914">
    <p class='ocr_par' dir='ltr' id='par_1_90' title="bbox 137 4841 1710 4914">
     <span class='ocr_line' id='line_1_90' title="bbox 137 4841 1710 4914; baseline -0.001 -19"><span class='ocrx_word' id='word_1_679' title='bbox 137 4842 240 4913; x_wconf 82' lang='grc' dir='ltr'>θῇς</span> <span class='ocrx_word' id='word_1_680' title='bbox 278 4842 420 4896; x_wconf 81' lang='grc' dir='ltr'>κατὰ</span> <span class='ocrx_word' id='word_1_681' title='bbox 459 4843 716 4897; x_wconf 74' lang='grc' dir='ltr'>σεαυτόνο</span> <span class='ocrx_word' id='word_1_682' title='bbox 760 4843 834 4913; x_wconf 84' lang='grc' dir='ltr'><strong>μὴ</strong></span> <span class='ocrx_word' id='word_1_683' title='bbox 874 4841 1114 4914; x_wconf 84' lang='grc' dir='ltr'>πτοηθῇς</span> <span class='ocrx_word' id='word_1_684' title='bbox 1155 4844 1224 4913; x_wconf 77' lang='grc' dir='ltr'>τῇ</span> <span class='ocrx_word' id='word_1_685' title='bbox 1253 4842 1478 4914; x_wconf 81' lang='grc' dir='ltr'>διανοίᾳ,</span> <span class='ocrx_word' id='word_1_686' title='bbox 1506 4841 1581 4905; x_wconf 84' lang='grc' dir='ltr'><strong>ὡς</strong></span> <span class='ocrx_word' id='word_1_687' title='bbox 1603 4841 1710 4912; x_wconf 84' lang='grc' dir='ltr'>ἄρα</span> 
     </span>
    </p>
   </div>
   <div class='ocr_carea' id='block_1_91' title="bbox 209 5003 1752 5075">
    <p class='ocr_par' dir='ltr' id='par_1_91' title="bbox 209 5003 1752 5075">
     <span class='ocr_line' id='line_1_91' title="bbox 209 5003 1752 5075; baseline 0.001 -14"><span class='ocrx_word' id='word_1_688' title='bbox 209 5007 256 5040; x_wconf 77' lang='grc'><strong>⁸⁸</strong></span> <span class='ocrx_word' id='word_1_689' title='bbox 294 5006 438 5064; x_wconf 84' lang='lat' dir='ltr'><strong>Psal.</strong></span> <span class='ocrx_word' id='word_1_690' title='bbox 468 5023 604 5075; x_wconf 67' lang='grc' dir='ltr'>χιιι,</span> <span class='ocrx_word' id='word_1_691' title='bbox 636 5008 692 5066; x_wconf 92' lang='grc'>1.</span> <span class='ocrx_word' id='word_1_692' title='bbox 764 5009 809 5042; x_wconf 85' lang='grc'><strong>⁹⁹</strong></span> <span class='ocrx_word' id='word_1_693' title='bbox 845 5007 1007 5063; x_wconf 84' lang='lat' dir='ltr'><strong>Hebr.</strong></span> <span class='ocrx_word' id='word_1_694' title='bbox 1036 5025 1098 5074; x_wconf 91' lang='lat' dir='ltr'><strong>II,</strong></span> <span class='ocrx_word' id='word_1_695' title='bbox 1125 5003 1211 5063; x_wconf 65' lang='lat'><strong>14‘.</strong></span> <span class='ocrx_word' id='word_1_696' title='bbox 1293 5008 1308 5038; x_wconf 79' lang='grc'>⁸</span> <span class='ocrx_word' id='word_1_697' title='bbox 1349 5007 1512 5064; x_wconf 83' lang='lat' dir='ltr'><strong>Hebr.</strong></span> <span class='ocrx_word' id='word_1_698' title='bbox 1552 5023 1625 5072; x_wconf 78' lang='grc' dir='ltr'>ιι,</span> <span class='ocrx_word' id='word_1_699' title='bbox 1661 5006 1752 5062; x_wconf 79' lang='grc'><strong>40.</strong></span> 
     </span>
    </p>
   </div>
   <div class='ocr_carea' id='block_1_92' title="bbox 215 5185 1709 5311">
    <p class='ocr_par' dir='ltr' id='par_1_92' title="bbox 215 5185 1709 5311">
     <span class='ocr_line' id='line_1_92' title="bbox 215 5185 1709 5311; baseline 0 -71"><span class='ocrx_word' id='word_1_700' title='bbox 215 5187 324 5311; x_wconf 52' lang='lat' dir='ltr'><strong>ll?)</strong></span> <span class='ocrx_word' id='word_1_701' title='bbox 351 5188 442 5242; x_wconf 89' lang='lat' dir='ltr'><strong>Sic</strong></span> <span class='ocrx_word' id='word_1_702' title='bbox 465 5203 596 5244; x_wconf 88' lang='lat' dir='ltr'><strong>mss.</strong></span> <span class='ocrx_word' id='word_1_703' title='bbox 627 5200 880 5258; x_wconf 88' lang='lat' dir='ltr'><strong>quatuor.</strong></span> <span class='ocrx_word' id='word_1_704' title='bbox 919 5188 1057 5243; x_wconf 88' lang='lat' dir='ltr'><strong>Editi</strong></span> <span class='ocrx_word' id='word_1_705' title='bbox 1089 5203 1209 5243; x_wconf 90' lang='lat' dir='ltr'><strong>cum</strong></span> <span class='ocrx_word' id='word_1_706' title='bbox 1248 5189 1380 5257; x_wconf 74' lang='lat' dir='ltr'><strong>Reg.</strong></span> <span class='ocrx_word' id='word_1_707' title='bbox 1434 5197 1588 5242; x_wconf 79' lang='lat' dir='ltr'><strong>sexto</strong></span> <span class='ocrx_word' id='word_1_708' title='bbox 1632 5185 1709 5258; x_wconf 82' lang='grc' dir='ltr'>τῷ</span> 
     </span>
     <span class='ocr_line' id='line_1_93' title="bbox 215 5277 304 5311; baseline 0 0"><span class='ocrx_word' id='word_1_709' title='bbox 215 5277 262 5311; x_wconf 87' lang='grc' dir='ltr'><strong>ω</strong></span> <span class='ocrx_word' id='word_1_710' title='bbox 292 5299 304 5311; x_wconf 91' lang='grc'>.</span> 
     </span>
    </p>
   </div>
   <div class='ocr_carea' id='block_1_93' title="bbox 135 5277 304 5313">
    <p class='ocr_par' dir='ltr' id='par_1_93' title="bbox 135 5277 304 5313">
     <span class='ocr_line' id='line_1_94' title="bbox 135 5277 304 5313; baseline -0.012 0"><span class='ocrx_word' id='word_1_711' title='bbox 135 5277 283 5313; x_wconf 87' lang='grc' dir='ltr'>ποωι</span> <span class='ocrx_word' id='word_1_712' title='bbox 292 5299 304 5311; x_wconf 91' lang='grc'>.</span> 
     </span>
    </p>
   </div>
   <div class='ocr_carea' id='block_1_94' title="bbox 183 5276 1710 5400">
    <p class='ocr_par' dir='ltr' id='par_1_94' title="bbox 183 5276 1710 5400">
     <span class='ocr_line' id='line_1_95' title="bbox 183 5276 1710 5400; baseline -0.001 -18"><span class='ocrx_word' id='word_1_713' title='bbox 183 5276 324 5400; x_wconf 50' lang='grc' dir='ltr'>ρῐῗῗ)</span> <span class='ocrx_word' id='word_1_714' title='bbox 366 5328 657 5400; x_wconf 83' lang='lat' dir='ltr'><strong>Colbertini</strong></span> <span class='ocrx_word' id='word_1_715' title='bbox 711 5329 918 5396; x_wconf 84' lang='lat' dir='ltr'><strong>primus</strong></span> <span class='ocrx_word' id='word_1_716' title='bbox 961 5337 1015 5400; x_wconf 85' lang='lat' dir='ltr'><strong>et</strong></span> <span class='ocrx_word' id='word_1_717' title='bbox 1055 5338 1238 5400; x_wconf 65' lang='lat' dir='ltr'><strong>Sestus</strong></span> <span class='ocrx_word' id='word_1_718' title='bbox 1267 5343 1391 5400; x_wconf 85' lang='lat' dir='ltr'><strong>cum</strong></span> <span class='ocrx_word' id='word_1_719' title='bbox 1431 5327 1562 5400; x_wconf 81' lang='lat' dir='ltr'><strong>Reg.</strong></span> <span class='ocrx_word' id='word_1_720' title='bbox 1595 5338 1710 5380; x_wconf 90' lang='lat' dir='ltr'><strong>ter-</strong></span> 
     </span>
    </p>
   </div>
   <div class='ocr_carea' id='block_1_95' title="bbox 136 5397 1698 5469">
    <p class='ocr_par' dir='ltr' id='par_1_95' title="bbox 136 5397 1698 5469">
     <span class='ocr_line' id='line_1_96' title="bbox 136 5397 1698 5469; baseline -0.001 -18"><span class='ocrx_word' id='word_1_721' title='bbox 136 5397 372 5462; x_wconf 79' lang='grc' dir='ltr'>ιίοτοὺς</span> <span class='ocrx_word' id='word_1_722' title='bbox 405 5398 793 5469; x_wconf 88' lang='grc' dir='ltr'>γενομένους...</span> <span class='ocrx_word' id='word_1_723' title='bbox 827 5400 953 5462; x_wconf 79' lang='grc' dir='ltr'>τοὺς</span> <span class='ocrx_word' id='word_1_724' title='bbox 977 5397 1326 5461; x_wconf 79' lang='grc' dir='ltr'>ὑπελθόντας.</span> <span class='ocrx_word' id='word_1_725' title='bbox 1367 5397 1436 5450; x_wconf 84' lang='lat' dir='ltr'><strong>At</strong></span> <span class='ocrx_word' id='word_1_726' title='bbox 1460 5397 1545 5452; x_wconf 87' lang='lat' dir='ltr'><strong>alii</strong></span> <span class='ocrx_word' id='word_1_727' title='bbox 1570 5412 1698 5451; x_wconf 90' lang='lat' dir='ltr'><strong>mss.</strong></span> 
     </span>
    </p>
   </div>
   <div class='ocr_carea' id='block_1_96' title="bbox 135 5470 1267 5534">
    <p class='ocr_par' dir='ltr' id='par_1_96' title="bbox 135 5470 1267 5534">
     <span class='ocr_line' id='line_1_97' title="bbox 135 5470 1267 5534; baseline 0 -12"><span class='ocrx_word' id='word_1_728' title='bbox 135 5486 240 5523; x_wconf 91' lang='lat' dir='ltr'><strong>non</strong></span> <span class='ocrx_word' id='word_1_729' title='bbox 274 5471 428 5533; x_wconf 82' lang='lat' dir='ltr'><strong>panci</strong></span> <span class='ocrx_word' id='word_1_730' title='bbox 457 5484 581 5523; x_wconf 87' lang='lat' dir='ltr'><strong>cum</strong></span> <span class='ocrx_word' id='word_1_731' title='bbox 611 5473 769 5523; x_wconf 82' lang='lat' dir='ltr'><strong>editis</strong></span> <span class='ocrx_word' id='word_1_732' title='bbox 791 5480 848 5521; x_wconf 89' lang='lat' dir='ltr'><strong>nt</strong></span> <span class='ocrx_word' id='word_1_733' title='bbox 878 5470 930 5522; x_wconf 91' lang='lat' dir='ltr'><strong>in</strong></span> <span class='ocrx_word' id='word_1_734' title='bbox 966 5478 1135 5522; x_wconf 81' lang='lat' dir='ltr'><strong>textu.</strong></span> <span class='ocrx_word' id='word_1_735' title='bbox 1264 5531 1267 5534; x_wconf 28' lang='grc' dir='ltr'><strong><em>η</em></strong></span> 
     </span>
    </p>
   </div>
   <div class='ocr_carea' id='block_1_97' title="bbox 206 5537 1540 5610">
    <p class='ocr_par' dir='ltr' id='par_1_97' title="bbox 206 5537 1540 5610">
     <span class='ocr_line' id='line_1_98' title="bbox 206 5537 1540 5610; baseline -0.004 -17"><span class='ocrx_word' id='word_1_736' title='bbox 206 5538 320 5606; x_wconf 81' lang='grc'>(15)</span> <span class='ocrx_word' id='word_1_737' title='bbox 349 5537 481 5610; x_wconf 75' lang='lat' dir='ltr'><strong>Reg.</strong></span> <span class='ocrx_word' id='word_1_738' title='bbox 509 5541 704 5610; x_wconf 78' lang='lat' dir='ltr'><strong>tertius</strong></span> <span class='ocrx_word' id='word_1_739' title='bbox 731 5538 876 5594; x_wconf 84' lang='grc' dir='ltr'>θείου</span> <span class='ocrx_word' id='word_1_740' title='bbox 909 5538 1091 5607; x_wconf 80' lang='grc' dir='ltr'>λόγου,</span> <span class='ocrx_word' id='word_1_741' title='bbox 1125 5557 1154 5591; x_wconf 91' lang='lat' dir='ltr'><strong>a</strong></span> <span class='ocrx_word' id='word_1_742' title='bbox 1177 5537 1326 5610; x_wconf 79' lang='lat' dir='ltr'><strong>verba</strong></span> <span class='ocrx_word' id='word_1_743' title='bbox 1345 5537 1540 5590; x_wconf 83' lang='lat' dir='ltr'><strong>divino.</strong></span> 
     </span>
    </p>
   </div>
   <div class='ocr_carea' id='block_1_98' title="bbox 204 5608 1705 5678">
    <p class='ocr_par' dir='ltr' id='par_1_98' title="bbox 204 5608 1705 5678">
     <span class='ocr_line' id='line_1_99' title="bbox 204 5608 1705 5678; baseline -0.003 -15"><span class='ocrx_word' id='word_1_744' title='bbox 204 5609 316 5678; x_wconf 87' lang='grc'>(16)</span> <span class='ocrx_word' id='word_1_745' title='bbox 353 5608 451 5661; x_wconf 66' lang='grc' dir='ltr'><strong>Ιιιι⁷</strong></span> <span class='ocrx_word' id='word_1_746' title='bbox 483 5608 776 5663; x_wconf 86' lang='lat' dir='ltr'><strong>Colbertini</strong></span> <span class='ocrx_word' id='word_1_747' title='bbox 833 5611 1038 5676; x_wconf 87' lang='lat' dir='ltr'><strong>primus</strong></span> <span class='ocrx_word' id='word_1_748' title='bbox 1062 5648 1076 5668; x_wconf 88' lang='lat'><strong>,</strong></span> <span class='ocrx_word' id='word_1_749' title='bbox 1123 5609 1364 5676; x_wconf 86' lang='lat' dir='ltr'><strong>quintus,</strong></span> <span class='ocrx_word' id='word_1_750' title='bbox 1427 5617 1612 5661; x_wconf 83' lang='lat' dir='ltr'><strong>sextus</strong></span> <span class='ocrx_word' id='word_1_751' title='bbox 1651 5613 1705 5660; x_wconf 87' lang='lat' dir='ltr'><strong>et</strong></span> 
     </span>
    </p>
   </div>
   <div class='ocr_carea' id='block_1_99' title="bbox 133 5679 1696 5748">
    <p class='ocr_par' dir='ltr' id='par_1_99' title="bbox 133 5679 1696 5748">
     <span class='ocr_line' id='line_1_100' title="bbox 133 5679 1696 5748; baseline 0.001 -17"><span class='ocrx_word' id='word_1_752' title='bbox 133 5679 416 5740; x_wconf 80' lang='lat' dir='ltr'><strong>sentimus,</strong></span> <span class='ocrx_word' id='word_1_753' title='bbox 455 5679 676 5748; x_wconf 82' lang='lat' dir='ltr'><strong>perinde</strong></span> <span class='ocrx_word' id='word_1_754' title='bbox 716 5689 878 5748; x_wconf 88' lang='lat' dir='ltr'><strong>atque</strong></span> <span class='ocrx_word' id='word_1_755' title='bbox 933 5679 1083 5748; x_wconf 72' lang='lat' dir='ltr'><strong>Regii</strong></span> <span class='ocrx_word' id='word_1_756' title='bbox 1126 5679 1317 5731; x_wconf 87' lang='lat' dir='ltr'><strong>terIins</strong></span> <span class='ocrx_word' id='word_1_757' title='bbox 1363 5687 1416 5728; x_wconf 91' lang='lat' dir='ltr'><strong>et</strong></span> <span class='ocrx_word' id='word_1_758' title='bbox 1445 5687 1696 5748; x_wconf 84' lang='lat' dir='ltr'><strong>quartus.</strong></span> 
     </span>
    </p>
   </div>
   <div class='ocr_carea' id='block_1_100' title="bbox 135 5745 1544 5819">
    <p class='ocr_par' dir='ltr' id='par_1_100' title="bbox 135 5745 1544 5819">
     <span class='ocr_line' id='line_1_101' title="bbox 135 5745 1544 5819; baseline -0.004 -15"><span class='ocrx_word' id='word_1_759' title='bbox 135 5749 276 5804; x_wconf 77' lang='lat' dir='ltr'><strong>Editi</strong></span> <span class='ocrx_word' id='word_1_760' title='bbox 300 5763 421 5804; x_wconf 86' lang='lat' dir='ltr'><strong>cum</strong></span> <span class='ocrx_word' id='word_1_761' title='bbox 452 5747 634 5819; x_wconf 79' lang='lat' dir='ltr'><strong>Regiis</strong></span> <span class='ocrx_word' id='word_1_762' title='bbox 659 5745 896 5806; x_wconf 83' lang='lat' dir='ltr'><strong>secundo</strong></span> <span class='ocrx_word' id='word_1_763' title='bbox 933 5758 987 5804; x_wconf 88' lang='lat' dir='ltr'><strong>et</strong></span> <span class='ocrx_word' id='word_1_764' title='bbox 1019 5745 1171 5806; x_wconf 75' lang='lat' dir='ltr'><strong>sexto</strong></span> <span class='ocrx_word' id='word_1_765' title='bbox 1197 5745 1544 5819; x_wconf 76' lang='grc' dir='ltr'>ἡπατημένῃ.</span> 
     </span>
    </p>
   </div>
   <div class='ocr_carea' id='block_1_101' title="bbox 1901 4107 3404 4177">
    <p class='ocr_par' dir='ltr' id='par_1_101' title="bbox 1901 4107 3404 4177">
     <span class='ocr_line' id='line_1_102' title="bbox 1901 4107 3404 4177; baseline -0.001 -14"><span class='ocrx_word' id='word_1_766' title='bbox 1901 4110 1988 4165; x_wconf 88' lang='grc'>10.</span> <span class='ocrx_word' id='word_1_767' title='bbox 2030 4109 2194 4166; x_wconf 71' lang='lat' dir='ltr'><strong>Vens.</strong></span> <span class='ocrx_word' id='word_1_768' title='bbox 2225 4110 2312 4165; x_wconf 87' lang='grc'><strong>17.</strong></span> <span class='ocrx_word' id='word_1_769' title='bbox 2357 4109 2440 4165; x_wconf 87' lang='lat' dir='ltr'><strong>Ne</strong></span> <span class='ocrx_word' id='word_1_770' title='bbox 2462 4109 2719 4175; x_wconf 78' lang='lat' dir='ltr'><strong>timueris,</strong></span> <span class='ocrx_word' id='word_1_771' title='bbox 2760 4125 2880 4162; x_wconf 86' lang='lat' dir='ltr'><strong>cum</strong></span> <span class='ocrx_word' id='word_1_772' title='bbox 2912 4109 3057 4162; x_wconf 80' lang='lat' dir='ltr'><strong>dives</strong></span> <span class='ocrx_word' id='word_1_773' title='bbox 3086 4109 3257 4176; x_wconf 83' lang='lat' dir='ltr'><strong>factus</strong></span> <span class='ocrx_word' id='word_1_774' title='bbox 3287 4107 3404 4177; x_wconf 78' lang='lat' dir='ltr'><strong>[ue-</strong></span> 
     </span>
    </p>
   </div>
   <div class='ocr_carea' id='block_1_102' title="bbox 1828 4199 3402 4270">
    <p class='ocr_par' dir='ltr' id='par_1_102' title="bbox 1828 4199 3402 4270">
     <span class='ocr_line' id='line_1_103' title="bbox 1828 4199 3402 4270; baseline -0.001 -18"><span class='ocrx_word' id='word_1_775' title='bbox 1828 4202 1895 4253; x_wconf 86' lang='lat' dir='ltr'><strong>rit</strong></span> <span class='ocrx_word' id='word_1_776' title='bbox 1929 4201 2108 4266; x_wconf 83' lang='lat' dir='ltr'><strong>homo,</strong></span> <span class='ocrx_word' id='word_1_777' title='bbox 2146 4201 2223 4254; x_wconf 77' lang='lat' dir='ltr'><strong>vel</strong></span> <span class='ocrx_word' id='word_1_778' title='bbox 2253 4218 2373 4255; x_wconf 85' lang='lat' dir='ltr'><strong>cum</strong></span> <span class='ocrx_word' id='word_1_779' title='bbox 2407 4199 2755 4270; x_wconf 86' lang='lat' dir='ltr'><strong>multiplicata</strong></span> <span class='ocrx_word' id='word_1_780' title='bbox 2790 4200 2953 4270; x_wconf 78' lang='lat' dir='ltr'><strong>fuerit</strong></span> <span class='ocrx_word' id='word_1_781' title='bbox 2994 4199 3168 4268; x_wconf 86' lang='lat' dir='ltr'><strong>gloria</strong></span> <span class='ocrx_word' id='word_1_782' title='bbox 3213 4199 3402 4251; x_wconf 85' lang='lat' dir='ltr'><strong>domus</strong></span> 
     </span>
    </p>
   </div>
   <div class='ocr_carea' id='block_1_103' title="bbox 1826 4289 3398 4361">
    <p class='ocr_par' dir='ltr' id='par_1_103' title="bbox 1826 4289 3398 4361">
     <span class='ocr_line' id='line_1_104' title="bbox 1826 4289 3398 4361; baseline -0.002 -17"><span class='ocrx_word' id='word_1_783' title='bbox 1826 4293 1959 4358; x_wconf 86' lang='lat' dir='ltr'><strong>ejus.</strong></span> <span class='ocrx_word' id='word_1_784' title='bbox 2008 4291 2092 4346; x_wconf 89' lang='lat' dir='ltr'><strong>Ne</strong></span> <span class='ocrx_word' id='word_1_785' title='bbox 2132 4293 2397 4358; x_wconf 83' lang='lat' dir='ltr'><strong>timueris,</strong></span> <span class='ocrx_word' id='word_1_786' title='bbox 2443 4293 2640 4361; x_wconf 86' lang='lat' dir='ltr'><strong>inquit,</strong></span> <span class='ocrx_word' id='word_1_787' title='bbox 2685 4307 2805 4345; x_wconf 83' lang='lat' dir='ltr'><strong>cum</strong></span> <span class='ocrx_word' id='word_1_788' title='bbox 2835 4291 2977 4344; x_wconf 83' lang='lat' dir='ltr'><strong>dives</strong></span> <span class='ocrx_word' id='word_1_789' title='bbox 3017 4289 3193 4358; x_wconf 80' lang='lat' dir='ltr'><strong>factus</strong></span> <span class='ocrx_word' id='word_1_790' title='bbox 3234 4290 3398 4357; x_wconf 80' lang='lat' dir='ltr'><strong>fuerit</strong></span> 
     </span>
    </p>
   </div>
   <div class='ocr_carea' id='block_1_104' title="bbox 1825 4382 3400 4453">
    <p class='ocr_par' dir='ltr' id='par_1_104' title="bbox 1825 4382 3400 4453">
     <span class='ocr_line' id='line_1_105' title="bbox 1825 4382 3400 4453; baseline -0.001 -18"><span class='ocrx_word' id='word_1_791' title='bbox 1825 4382 2000 4438; x_wconf 83' lang='lat' dir='ltr'><strong>homo.</strong></span> <span class='ocrx_word' id='word_1_792' title='bbox 2030 4384 2349 4439; x_wconf 81' lang='lat' dir='ltr'><strong>Necessaria</strong></span> <span class='ocrx_word' id='word_1_793' title='bbox 2382 4397 2465 4440; x_wconf 88' lang='lat' dir='ltr'><strong>est</strong></span> <span class='ocrx_word' id='word_1_794' title='bbox 2499 4395 2554 4440; x_wconf 89' lang='lat' dir='ltr'><strong>et</strong></span> <span class='ocrx_word' id='word_1_795' title='bbox 2589 4386 2702 4438; x_wconf 64' lang='lat' dir='ltr'><strong>haec</strong></span> <span class='ocrx_word' id='word_1_796' title='bbox 2730 4382 3050 4453; x_wconf 67' lang='lat' dir='ltr'><strong>praedicatio</strong></span> <span class='ocrx_word' id='word_1_797' title='bbox 3074 4382 3141 4436; x_wconf 92' lang='lat' dir='ltr'><strong>iis</strong></span> <span class='ocrx_word' id='word_1_798' title='bbox 3174 4383 3264 4450; x_wconf 92' lang='lat' dir='ltr'><strong>qni</strong></span> <span class='ocrx_word' id='word_1_799' title='bbox 3305 4396 3400 4435; x_wconf 92' lang='lat' dir='ltr'><strong>or-</strong></span> 
     </span>
    </p>
   </div>
   <div class='ocr_carea' id='block_1_105' title="bbox 1828 4473 3400 4548">
    <p class='ocr_par' dir='ltr' id='par_1_105' title="bbox 1828 4473 3400 4548">
     <span class='ocr_line' id='line_1_106' title="bbox 1828 4473 3400 4548; baseline -0.004 -17"><span class='ocrx_word' id='word_1_800' title='bbox 1828 4477 1946 4531; x_wconf 89' lang='lat' dir='ltr'><strong>bem</strong></span> <span class='ocrx_word' id='word_1_801' title='bbox 1975 4477 2246 4543; x_wconf 86' lang='lat' dir='ltr'><strong>habitant,</strong></span> <span class='ocrx_word' id='word_1_802' title='bbox 2292 4479 2690 4548; x_wconf 85' lang='lat' dir='ltr'><strong>terrigenisqne</strong></span> <span class='ocrx_word' id='word_1_803' title='bbox 2715 4493 2780 4533; x_wconf 89' lang='lat' dir='ltr'><strong>ac</strong></span> <span class='ocrx_word' id='word_1_804' title='bbox 2812 4477 2939 4532; x_wconf 87' lang='lat' dir='ltr'><strong>ﬁliis</strong></span> <span class='ocrx_word' id='word_1_805' title='bbox 2975 4475 3280 4536; x_wconf 89' lang='lat' dir='ltr'><strong>hominum,</strong></span> <span class='ocrx_word' id='word_1_806' title='bbox 3319 4473 3400 4527; x_wconf 88' lang='lat' dir='ltr'><strong>di-</strong></span> 
     </span>
    </p>
   </div>
   <div class='ocr_carea' id='block_1_106' title="bbox 1830 4569 3400 4640">
    <p class='ocr_par' dir='ltr' id='par_1_106' title="bbox 1830 4569 3400 4640">
     <span class='ocr_line' id='line_1_107' title="bbox 1830 4569 3400 4640; baseline 0 -20"><span class='ocrx_word' id='word_1_807' title='bbox 1830 4570 2133 4639; x_wconf 87' lang='lat' dir='ltr'><strong>vitibusque</strong></span> <span class='ocrx_word' id='word_1_808' title='bbox 2168 4569 2331 4624; x_wconf 90' lang='lat' dir='ltr'><strong>simul</strong></span> <span class='ocrx_word' id='word_1_809' title='bbox 2365 4579 2420 4626; x_wconf 90' lang='lat' dir='ltr'><strong>et</strong></span> <span class='ocrx_word' id='word_1_810' title='bbox 2469 4570 2815 4640; x_wconf 88' lang='lat' dir='ltr'><strong>pauperibus.</strong></span> <span class='ocrx_word' id='word_1_811' title='bbox 2855 4569 2937 4623; x_wconf 87' lang='lat' dir='ltr'><strong>Ne</strong></span> <span class='ocrx_word' id='word_1_812' title='bbox 2967 4569 3204 4622; x_wconf 87' lang='lat' dir='ltr'><strong>timueris</strong></span> <span class='ocrx_word' id='word_1_813' title='bbox 3227 4606 3242 4631; x_wconf 93' lang='lat'><strong>,</strong></span> <span class='ocrx_word' id='word_1_814' title='bbox 3281 4581 3400 4620; x_wconf 84' lang='lat' dir='ltr'><strong>cum</strong></span> 
     </span>
    </p>
   </div>
   <div class='ocr_carea' id='block_1_107' title="bbox 1828 4657 3399 4733">
    <p class='ocr_par' dir='ltr' id='par_1_107' title="bbox 1828 4657 3399 4733">
     <span class='ocr_line' id='line_1_108' title="bbox 1828 4657 3399 4733; baseline -0.004 -18"><span class='ocrx_word' id='word_1_815' title='bbox 1828 4663 1970 4716; x_wconf 83' lang='lat' dir='ltr'><strong>dives</strong></span> <span class='ocrx_word' id='word_1_816' title='bbox 2000 4663 2171 4732; x_wconf 81' lang='lat' dir='ltr'><strong>[actus</strong></span> <span class='ocrx_word' id='word_1_817' title='bbox 2203 4664 2362 4733; x_wconf 75' lang='lat' dir='ltr'><strong>fuerit</strong></span> <span class='ocrx_word' id='word_1_818' title='bbox 2388 4665 2564 4718; x_wconf 78' lang='lat' dir='ltr'><strong>homo.</strong></span> <span class='ocrx_word' id='word_1_819' title='bbox 2598 4662 2734 4717; x_wconf 83' lang='lat' dir='ltr'><strong>Cum</strong></span> <span class='ocrx_word' id='word_1_820' title='bbox 2777 4661 3002 4725; x_wconf 89' lang='lat' dir='ltr'><strong>videris,</strong></span> <span class='ocrx_word' id='word_1_821' title='bbox 3035 4660 3228 4728; x_wconf 86' lang='lat' dir='ltr'><strong>inquit,</strong></span> <span class='ocrx_word' id='word_1_822' title='bbox 3257 4657 3399 4724; x_wconf 82' lang='lat' dir='ltr'><strong>inju-</strong></span> 
     </span>
    </p>
   </div>
   <div class='ocr_carea' id='block_1_108' title="bbox 1827 4752 3399 4828">
    <p class='ocr_par' dir='ltr' id='par_1_108' title="bbox 1827 4752 3399 4828">
     <span class='ocr_line' id='line_1_109' title="bbox 1827 4752 3399 4828; baseline -0.004 -18"><span class='ocrx_word' id='word_1_823' title='bbox 1827 4766 1970 4810; x_wconf 89' lang='lat' dir='ltr'><strong>stum</strong></span> <span class='ocrx_word' id='word_1_824' title='bbox 1999 4758 2378 4822; x_wconf 88' lang='lat' dir='ltr'><strong>ditescentem,</strong></span> <span class='ocrx_word' id='word_1_825' title='bbox 2401 4757 2607 4828; x_wconf 88' lang='lat' dir='ltr'><strong>justum</strong></span> <span class='ocrx_word' id='word_1_826' title='bbox 2638 4771 2769 4811; x_wconf 91' lang='lat' dir='ltr'><strong>vero</strong></span> <span class='ocrx_word' id='word_1_827' title='bbox 2797 4763 3067 4823; x_wconf 78' lang='lat' dir='ltr'><strong>egentem,</strong></span> <span class='ocrx_word' id='word_1_828' title='bbox 3107 4767 3173 4806; x_wconf 91' lang='lat' dir='ltr'><strong>ne</strong></span> <span class='ocrx_word' id='word_1_829' title='bbox 3206 4752 3399 4804; x_wconf 91' lang='lat' dir='ltr'><strong>timeas</strong></span> 
     </span>
    </p>
   </div>
   <div class='ocr_carea' id='block_1_109' title="bbox 1828 4845 3394 4918">
    <p class='ocr_par' dir='ltr' id='par_1_109' title="bbox 1828 4845 3394 4918">
     <span class='ocr_line' id='line_1_110' title="bbox 1828 4845 3394 4918; baseline -0.005 -16"><span class='ocrx_word' id='word_1_830' title='bbox 1828 4849 1970 4918; x_wconf 84' lang='lat' dir='ltr'><strong>apud</strong></span> <span class='ocrx_word' id='word_1_831' title='bbox 2003 4848 2382 4918; x_wconf 90' lang='lat' dir='ltr'><strong>temetipsum;</strong></span> <span class='ocrx_word' id='word_1_832' title='bbox 2413 4863 2481 4905; x_wconf 88' lang='lat' dir='ltr'><strong>ne</strong></span> <span class='ocrx_word' id='word_1_833' title='bbox 2507 4846 2880 4903; x_wconf 86' lang='lat' dir='ltr'><strong>consterneris</strong></span> <span class='ocrx_word' id='word_1_834' title='bbox 2901 4845 3105 4911; x_wconf 87' lang='lat' dir='ltr'><strong>animo,</strong></span> <span class='ocrx_word' id='word_1_835' title='bbox 3137 4851 3394 4897; x_wconf 86' lang='lat' dir='ltr'><strong>tancnam</strong></span> 
     </span>
    </p>
   </div>
   <div class='ocr_carea' id='block_1_110' title="bbox 1916 5184 3208 5256">
    <p class='ocr_par' dir='ltr' id='par_1_110' title="bbox 1916 5184 3208 5256">
     <span class='ocr_line' id='line_1_111' title="bbox 1916 5184 3208 5256; baseline -0.005 -16"><span class='ocrx_word' id='word_1_836' title='bbox 1916 5187 2002 5249; x_wconf 90' lang='grc'><strong>17)</strong></span> <span class='ocrx_word' id='word_1_837' title='bbox 2031 5185 2186 5250; x_wconf 86' lang='lat' dir='ltr'><strong>Illud,</strong></span> <span class='ocrx_word' id='word_1_838' title='bbox 2212 5187 2340 5256; x_wconf 81' lang='grc' dir='ltr'>περὶ</span> <span class='ocrx_word' id='word_1_839' title='bbox 2365 5185 2546 5256; x_wconf 69' lang='grc' dir='ltr'>ἡμῶν,</span> <span class='ocrx_word' id='word_1_840' title='bbox 2577 5184 2732 5256; x_wconf 84' lang='lat' dir='ltr'><strong>abest</strong></span> <span class='ocrx_word' id='word_1_841' title='bbox 2753 5197 2782 5235; x_wconf 88' lang='lat' dir='ltr'><strong>a</strong></span> <span class='ocrx_word' id='word_1_842' title='bbox 2810 5189 3048 5256; x_wconf 71' lang='lat' dir='ltr'><strong>quatuor</strong></span> <span class='ocrx_word' id='word_1_843' title='bbox 3079 5196 3208 5256; x_wconf 91' lang='lat' dir='ltr'><strong>mss_.</strong></span> 
     </span>
    </p>
   </div>
   <div class='ocr_carea' id='block_1_111' title="bbox 1890 5187 3388 5325">
    <p class='ocr_par' dir='ltr' id='par_1_111' title="bbox 1890 5187 3388 5325">
     <span class='ocr_line' id='line_1_112' title="bbox 1916 5187 3208 5256; baseline -0.007 -15"><span class='ocrx_word' id='word_1_844' title='bbox 1916 5187 2002 5249; x_wconf 90' lang='grc'><strong>17)</strong></span> <span class='ocrx_word' id='word_1_845' title='bbox 2031 5187 2186 5250; x_wconf 90' lang='lat' dir='ltr'><strong>Illud,</strong></span> <span class='ocrx_word' id='word_1_846' title='bbox 2212 5187 2340 5256; x_wconf 81' lang='grc' dir='ltr'>περὶ</span> <span class='ocrx_word' id='word_1_847' title='bbox 2365 5187 2546 5255; x_wconf 82' lang='grc' dir='ltr'>ἡμῶν.</span> <span class='ocrx_word' id='word_1_848' title='bbox 2577 5187 2732 5238; x_wconf 87' lang='lat' dir='ltr'><strong>abest</strong></span> <span class='ocrx_word' id='word_1_849' title='bbox 2753 5197 2782 5235; x_wconf 91' lang='lat' dir='ltr'><strong>a</strong></span> <span class='ocrx_word' id='word_1_850' title='bbox 2813 5189 3048 5250; x_wconf 85' lang='lat' dir='ltr'><strong>quatuor</strong></span> <span class='ocrx_word' id='word_1_851' title='bbox 3079 5196 3208 5234; x_wconf 90' lang='lat' dir='ltr'><strong>mss.</strong></span> 
     </span>
     <span class='ocr_line' id='line_1_113' title="bbox 1890 5187 3388 5325; baseline -0.004 -17"><span class='ocrx_word' id='word_1_852' title='bbox 1890 5187 2000 5325; x_wconf 57' lang='grc'>(18)</span> <span class='ocrx_word' id='word_1_853' title='bbox 2028 5256 2162 5325; x_wconf 82' lang='lat' dir='ltr'><strong>Reg.</strong></span> <span class='ocrx_word' id='word_1_854' title='bbox 2205 5249 2533 5325; x_wconf 60' lang='lat' dir='ltr'><strong>tertius&#39;roﬁ</strong></span> <span class='ocrx_word' id='word_1_855' title='bbox 2599 5251 2856 5325; x_wconf 71' lang='grc' dir='ltr'><strong>ΧριστοῦΔ</strong></span> <span class='ocrx_word' id='word_1_856' title='bbox 2887 5250 3133 5325; x_wconf 81' lang='grc' dir='ltr'>κάθοδον.</span> <span class='ocrx_word' id='word_1_857' title='bbox 3185 5249 3388 5325; x_wconf 80' lang='lat' dir='ltr'><strong>Ibidem</strong></span> 
     </span>
    </p>
   </div>
   <div class='ocr_carea' id='block_1_112' title="bbox 1820 5320 3393 5395">
    <p class='ocr_par' dir='ltr' id='par_1_112' title="bbox 1820 5320 3393 5395">
     <span class='ocr_line' id='line_1_114' title="bbox 1820 5320 3393 5395; baseline -0.009 -12"><span class='ocrx_word' id='word_1_858' title='bbox 1820 5320 1989 5383; x_wconf 82' lang='lat' dir='ltr'><strong>editio</strong></span> <span class='ocrx_word' id='word_1_859' title='bbox 2018 5320 2189 5380; x_wconf 79' lang='lat' dir='ltr'><strong>Paris.</strong></span> <span class='ocrx_word' id='word_1_860' title='bbox 2207 5324 2308 5394; x_wconf 88' lang='grc' dir='ltr'><strong>τὴν</strong></span> <span class='ocrx_word' id='word_1_861' title='bbox 2333 5326 2411 5388; x_wconf 80' lang='grc' dir='ltr'><strong>είς</strong></span> <span class='ocrx_word' id='word_1_862' title='bbox 2437 5325 2584 5395; x_wconf 70' lang='grc' dir='ltr'>ᾅδου.</span> <span class='ocrx_word' id='word_1_863' title='bbox 2614 5320 2904 5395; x_wconf 52' lang='grc' dir='ltr'>υεεει-τήν</span> <span class='ocrx_word' id='word_1_864' title='bbox 2941 5323 2992 5375; x_wconf 90' lang='lat' dir='ltr'><strong>in</strong></span> <span class='ocrx_word' id='word_1_865' title='bbox 3043 5322 3109 5376; x_wconf 84' lang='lat' dir='ltr'><strong>iis</strong></span> <span class='ocrx_word' id='word_1_866' title='bbox 3141 5334 3280 5388; x_wconf 89' lang='lat' dir='ltr'><strong>quos</strong></span> <span class='ocrx_word' id='word_1_867' title='bbox 3313 5320 3393 5370; x_wconf 87' lang='lat' dir='ltr'><strong>vi-</strong></span> 
     </span>
    </p>
   </div>
   <div class='ocr_carea' id='block_1_113' title="bbox 1810 5389 2926 5452">
    <p class='ocr_par' dir='ltr' id='par_1_113' title="bbox 1810 5389 2926 5452">
     <span class='ocr_line' id='line_1_115' title="bbox 1810 5389 2926 5452; baseline -0.008 0"><span class='ocrx_word' id='word_1_868' title='bbox 1810 5398 1986 5452; x_wconf 91' lang='lat' dir='ltr'><strong>dimns</strong></span> <span class='ocrx_word' id='word_1_869' title='bbox 2033 5389 2307 5448; x_wconf 77' lang='lat' dir='ltr'><strong>codicibus</strong></span> <span class='ocrx_word' id='word_1_870' title='bbox 2342 5403 2396 5447; x_wconf 89' lang='lat' dir='ltr'><strong>et</strong></span> <span class='ocrx_word' id='word_1_871' title='bbox 2425 5389 2476 5446; x_wconf 77' lang='lat' dir='ltr'><strong>in</strong></span> <span class='ocrx_word' id='word_1_872' title='bbox 2505 5393 2740 5448; x_wconf 88' lang='lat' dir='ltr'><strong>editione</strong></span> <span class='ocrx_word' id='word_1_873' title='bbox 2763 5389 2926 5444; x_wconf 84' lang='lat' dir='ltr'><strong>Basil.</strong></span> 
     </span>
    </p>
   </div>
   <div class='ocr_carea' id='block_1_114' title="bbox 1881 5459 3386 5541">
    <p class='ocr_par' dir='ltr' id='par_1_114' title="bbox 1881 5459 3386 5541">
     <span class='ocr_line' id='line_1_116' title="bbox 1881 5459 3386 5541; baseline -0.005 -22"><span class='ocrx_word' id='word_1_874' title='bbox 1881 5466 1992 5541; x_wconf 62' lang='lat' dir='ltr'><strong>(i9)</strong></span> <span class='ocrx_word' id='word_1_875' title='bbox 2029 5465 2140 5541; x_wconf 76' lang='lat' dir='ltr'><strong>illa,</strong></span> <span class='ocrx_word' id='word_1_876' title='bbox 2169 5465 2260 5533; x_wconf 87' lang='grc' dir='ltr'><strong>Μὴ</strong></span> <span class='ocrx_word' id='word_1_877' title='bbox 2310 5463 2496 5541; x_wconf 65' lang='grc' dir='ltr'>φοεξοῦ,</span> <span class='ocrx_word' id='word_1_878' title='bbox 2557 5461 2944 5541; x_wconf 42' lang='grc' dir='ltr'>φησὶν.,.ὄταν.</span> <span class='ocrx_word' id='word_1_879' title='bbox 2973 5459 3253 5541; x_wconf 38' lang='grc' dir='ltr'>πρυτήσῃ</span> <span class='ocrx_word' id='word_1_880' title='bbox 3287 5459 3386 5539; x_wconf 66' lang='grc' dir='ltr'><strong>ἄνα</strong></span> 
     </span>
    </p>
   </div>
   <div class='ocr_carea' id='block_1_115' title="bbox 1810 5529 3388 5604">
    <p class='ocr_par' dir='ltr' id='par_1_115' title="bbox 1810 5529 3388 5604">
     <span class='ocr_line' id='line_1_117' title="bbox 1810 5529 3388 5604; baseline -0.008 -14"><span class='ocrx_word' id='word_1_881' title='bbox 1810 5529 2048 5604; x_wconf 82' lang='grc' dir='ltr'>θρω’πος,</span> <span class='ocrx_word' id='word_1_882' title='bbox 2080 5529 2272 5587; x_wconf 67' lang='lat' dir='ltr'><strong>desunt</strong></span> <span class='ocrx_word' id='word_1_883' title='bbox 2322 5529 2538 5604; x_wconf 72' lang='lat' dir='ltr'><strong>quidem</strong></span> <span class='ocrx_word' id='word_1_884' title='bbox 2565 5529 2629 5586; x_wconf 70' lang='grc' dir='ltr'><strong>ἱιί</strong></span> <span class='ocrx_word' id='word_1_885' title='bbox 2644 5531 2808 5604; x_wconf 83' lang='lat' dir='ltr'><strong>editis</strong></span> <span class='ocrx_word' id='word_1_886' title='bbox 2840 5539 2894 5584; x_wconf 79' lang='lat' dir='ltr'><strong>et</strong></span> <span class='ocrx_word' id='word_1_887' title='bbox 2933 5531 2988 5582; x_wconf 88' lang='lat' dir='ltr'><strong>in</strong></span> <span class='ocrx_word' id='word_1_888' title='bbox 3023 5529 3179 5604; x_wconf 68' lang='lat' dir='ltr'><strong>Cpit).</strong></span> <span class='ocrx_word' id='word_1_889' title='bbox 3220 5529 3388 5604; x_wconf 62' lang='lat' dir='ltr'><strong>Septi-</strong></span> 
     </span>
    </p>
   </div>
   <div class='ocr_carea' id='block_1_116' title="bbox 1814 5600 3385 5672">
    <p class='ocr_par' dir='ltr' id='par_1_116' title="bbox 1814 5600 3385 5672">
     <span class='ocr_line' id='line_1_118' title="bbox 1814 5600 3385 5672; baseline -0.009 -13"><span class='ocrx_word' id='word_1_890' title='bbox 1814 5600 1900 5660; x_wconf 86' lang='lat' dir='ltr'><strong>mo</strong></span> <span class='ocrx_word' id='word_1_891' title='bbox 1929 5623 1942 5656; x_wconf 90' lang='lat'>:</span> <span class='ocrx_word' id='word_1_892' title='bbox 1987 5603 2078 5657; x_wconf 90' lang='lat' dir='ltr'><strong>sed</strong></span> <span class='ocrx_word' id='word_1_893' title='bbox 2105 5604 2356 5671; x_wconf 80' lang='lat' dir='ltr'><strong>leguntur</strong></span> <span class='ocrx_word' id='word_1_894' title='bbox 2383 5602 2436 5654; x_wconf 93' lang='lat' dir='ltr'><strong>in</strong></span> <span class='ocrx_word' id='word_1_895' title='bbox 2467 5603 2649 5672; x_wconf 81' lang='lat' dir='ltr'><strong>Regiis</strong></span> <span class='ocrx_word' id='word_1_896' title='bbox 2673 5602 2869 5672; x_wconf 91' lang='lat' dir='ltr'><strong>primo,</strong></span> <span class='ocrx_word' id='word_1_897' title='bbox 2894 5601 3151 5672; x_wconf 85' lang='lat' dir='ltr'><strong>secundo,</strong></span> <span class='ocrx_word' id='word_1_898' title='bbox 3186 5600 3385 5672; x_wconf 25' lang='lat' dir='ltr'><strong>Atertiu,</strong></span> 
     </span>
    </p>
   </div>
   <div class='ocr_carea' id='block_1_117' title="bbox 1812 5669 3388 5743">
    <p class='ocr_par' dir='ltr' id='par_1_117' title="bbox 1812 5669 3388 5743">
     <span class='ocr_line' id='line_1_119' title="bbox 1812 5669 3388 5743; baseline -0.004 -16"><span class='ocrx_word' id='word_1_899' title='bbox 1812 5685 2010 5743; x_wconf 87' lang='lat' dir='ltr'><strong>quarto</strong></span> <span class='ocrx_word' id='word_1_900' title='bbox 2043 5682 2096 5728; x_wconf 88' lang='lat' dir='ltr'><strong>et</strong></span> <span class='ocrx_word' id='word_1_901' title='bbox 2123 5669 2298 5743; x_wconf 72' lang='lat' dir='ltr'><strong>sexto,</strong></span> <span class='ocrx_word' id='word_1_902' title='bbox 2329 5672 2490 5740; x_wconf 90' lang='lat' dir='ltr'><strong>inque</strong></span> <span class='ocrx_word' id='word_1_903' title='bbox 2511 5669 2836 5743; x_wconf 73' lang='lat' dir='ltr'><strong>Colbertinis</strong></span> <span class='ocrx_word' id='word_1_904' title='bbox 2877 5669 3076 5743; x_wconf 61' lang='lat' dir='ltr'><strong>primo2</strong></span> <span class='ocrx_word' id='word_1_905' title='bbox 3107 5669 3294 5743; x_wconf 68' lang='lat' dir='ltr'><strong>quinto</strong></span> <span class='ocrx_word' id='word_1_906' title='bbox 3334 5675 3388 5720; x_wconf 86' lang='lat' dir='ltr'><strong>et</strong></span> 
     </span>
    </p>
   </div>
   <div class='ocr_carea' id='block_1_118' title="bbox 1811 5739 3184 5814">
    <p class='ocr_par' dir='ltr' id='par_1_118' title="bbox 1811 5739 3184 5814">
     <span class='ocr_line' id='line_1_120' title="bbox 1811 5739 3184 5814; baseline -0.007 -12"><span class='ocrx_word' id='word_1_907' title='bbox 1811 5739 1982 5802; x_wconf 52' lang='lat' dir='ltr'><strong>sexto.</strong></span> <span class='ocrx_word' id='word_1_908' title='bbox 2024 5743 2218 5801; x_wconf 81' lang='lat' dir='ltr'><strong>Statim</strong></span> <span class='ocrx_word' id='word_1_909' title='bbox 2249 5741 2380 5814; x_wconf 74' lang='lat' dir='ltr'><strong>Reg.</strong></span> <span class='ocrx_word' id='word_1_910' title='bbox 2404 5739 2605 5801; x_wconf 75' lang='lat' dir='ltr'><strong>tertius</strong></span> <span class='ocrx_word' id='word_1_911' title='bbox 2630 5739 2710 5794; x_wconf 79' lang='grc' dir='ltr'>ἐτι</span> <span class='ocrx_word' id='word_1_912' title='bbox 2742 5741 2835 5796; x_wconf 74' lang='grc' dir='ltr'>καὶ</span> <span class='ocrx_word' id='word_1_913' title='bbox 2863 5741 2976 5802; x_wconf 86' lang='grc' dir='ltr'>τοῖς</span> <span class='ocrx_word' id='word_1_914' title='bbox 3026 5739 3184 5802; x_wconf 78' lang='grc' dir='ltr'>υἱοῖς.</span> 
     </span>
    </p>
   </div>
  </div>
