1918 3111
216 169 267 196 155

886 166 915 194 S.
933 165 1055 194 BASlLll
1075 165 1181 192 MAGNI
1793 158 1841 189 L56

215 227 238 253 si
258 231 387 259 nusquam
409 223 444 251 sit
461 222 630 258 providentia
647 222 704 256 Dei,
726 230 786 257 qua!
803 230 847 251 res
863 224 995 251 humanas

1051 223 1165 259 οὐδαμοῦ
1183 223 1240 249 ἔστι
1262 222 1374 259 πρόνοια
1391 221 1458 249 Θεοῦ
1476 220 1661 248 ἐπισκοποῦσα
1681 220 1720 247 τὰ
1738 220 1843 255 ἀνθρώ-

216 272 360 307 inspiciat;
375 275 421 297 aut
433 271 468 297 sit
483 270 591 304 quidem
608 269 734 297 fortassis
748 270 881 303 inspectio
896 270 996 302 divina,

214 318 262 345 sed
280 325 311 345 ea
327 323 497 351 nequaquam
514 316 547 343 ad
567 320 726 343 terrestrem
748 315 837 343 locum
851 315 996 351 pertingat,

215 365 283 392 adeo
297 368 326 390 ut
339 370 383 390 res
396 369 502 397 quoque
519 367 627 389 nostras
639 362 719 397 187
733 362 887 395 intueatur;
897 366 997 389 etenim

215 411 237 438 si
252 414 325 437 esset
336 409 515 444 providentia,
529 408 675 443 unicuique
689 408 863 436 distribueret
875 407 996 442 propria,

215 456 255 483 sic
270 459 299 482 ut
321 455 418 482 divites
433 455 541 489 quidem
561 459 653 482 essent
669 454 747 489 justi.
772 453 818 488 qui
836 453 939 481 divitiis
959 453 997 480 uti

216 502 319 530 scirent
331 510 339 529 :
355 508 487 536 pauperes
500 509 565 529 vero
578 506 671 528 essent
685 500 759 531 mali.
782 500 881 535 quibus
898 498 998 526 divitize

216 549 426 575 instrumentum
440 546 528 574 forent
545 553 601 574 suae
613 546 734 581 ipsorum
752 544 915 579 iniquitatis.
929 543 997 571 Cum

215 594 298 628 igitur
318 592 394 620 multi
411 593 466 620 sint
479 593 549 620 inter
564 596 660 627 gentes
677 597 759 626 atque
772 590 935 624 terrigenas.
952 589 998 623 qui

217 639 280 665 talia
291 638 423 670 sentiunt.
438 638 537 673 quique
554 643 664 673 propter
681 641 856 672 apparentem
879 635 1000 669 insequa-

216 685 318 712 Iitatem
334 684 533 711 distributionis
546 691 635 710 rerum
650 684 683 710 ad
695 684 777 710 vitam
791 681 997 716 pertinentium.

215 729 343 757 mundum
364 730 431 756 citra
448 729 645 763 providentiam
661 728 717 762 regi
740 728 930 762 suspicantur;
946 725 996 752 hos

215 774 359 809 compellat
373 781 472 805 sermo,
487 774 652 800 ineruditum
667 773 786 808 ipsorum
801 777 903 799 motum
919 778 997 798 coer-

214 828 278 848 cens
292 830 298 848 :
313 827 379 855 quos
400 820 459 854 ipso
478 821 558 847 etiam
574 819 651 846 initio
666 819 700 845 ad
720 818 852 845 audienda
867 817 996 852 dogmata

215 866 355 894 invitabat.
376 866 429 892 Aut
452 866 532 892 etiam
554 865 680 900 privatim
705 865 737 892 ad
758 864 842 891 solam
867 865 996 899 pauperis

214 921 359 949 personam
371 912 523 939 orationem
539 912 683 942 convertit,
700 911 794 937 dicens
810 919 815 936 :
834 909 875 936 Ne
892 909 994 942 timeat,
1012 905 1032 933 Β

214 968 271 986 cum
286 959 356 985 dives
375 959 460 992 factus
476 958 554 993 fuerit
574 958 661 984 homo.
680 956 711 983 Hi
734 957 806 983 enim
819 956 862 983 vel
879 955 997 982 maxime

214 1003 333 1039 indigent
347 1003 533 1030 consolatione
544 1023 551 1034 ,
567 1010 601 1030 ne
619 1002 785 1037 potentiores
804 1001 994 1028 reformident.

213 1049 290 1076 Nulla
306 1049 389 1080 enim,
408 1049 505 1083 inquit,
518 1048 620 1075 utilitas
634 1052 675 1075 est
688 1047 763 1074 diviti
779 1047 917 1079 morienti,
934 1054 995 1074 cum

215 1103 267 1122 non
293 1099 373 1128 queat
394 1101 486 1121 secum
505 1093 611 1120 auferre
625 1093 751 1126 divitias;
773 1092 818 1126 qui
835 1092 943 1120 scilicet
969 1093 995 1120 id

213 1149 247 1168 ex
278 1147 370 1167 earum
398 1139 569 1172 possessione
597 1138 716 1165 lucratus
740 1137 775 1165 sit
801 1137 899 1169 solum,
925 1139 997 1173 quod

214 1186 298 1220 ipsius
313 1186 403 1212 anima
418 1184 444 1211 in
457 1184 507 1211 hac
520 1183 572 1210 vita
586 1184 620 1210 ab
634 1183 820 1211 adulatoribus
832 1183 911 1211 beata
928 1191 997 1218 prte-

213 1231 300 1258 dicata
321 1231 365 1257 sit.
384 1228 485 1256 Verum
509 1236 570 1256 cum
587 1229 715 1260 moritur,
737 1236 790 1256 non
807 1232 936 1261 assumet,
954 1229 996 1255 iu-

213 1276 281 1310 quit,
308 1283 415 1303 omnem
438 1275 508 1302 hanc
529 1274 716 1308 opulentiam:
738 1274 784 1301 vix
809 1274 996 1301 indumentum

213 1321 346 1355 accipiet,
369 1327 422 1354 quo
439 1318 562 1353 pudenda
582 1318 643 1351 ejus
662 1323 796 1353 tegantur.
810 1318 900 1352 idque,
918 1318 940 1345 si
956 1318 997 1345 vi-

213 1374 272 1393 sum
290 1366 370 1392 fuerit
392 1364 501 1392 famulis
517 1364 604 1399 ipsum
626 1364 826 1392 amicientibus.
844 1364 916 1391 Bene
933 1372 994 1390 cura

212 1419 245 1439 eo
257 1417 346 1438 actum
362 1410 453 1442 fuerit,
465 1410 487 1437 si
500 1410 624 1445 exiguam
645 1414 744 1437 terram
763 1410 903 1442 sortiatur,
918 1418 989 1436 cam-

213 1463 266 1491 que
282 1457 331 1491 ipsi
354 1463 369 1482 a
387 1455 489 1482 funeris
503 1454 674 1482 curatoribus
690 1455 781 1481 datam
800 1455 834 1482 ob
849 1457 995 1482 commise-

214 1503 372 1530 rationem:
392 1503 436 1538 qui
461 1503 484 1528 ei
507 1502 602 1529 istha’c
626 1505 766 1536 prmstant,
786 1502 821 1529 ob
843 1503 995 1530 communis

213 1549 338 1576 humanm
351 1553 454 1575 natura:
466 1548 657 1580 reverentiam,
671 1554 723 1575 non
733 1547 756 1574 ei
769 1548 826 1575 haec
840 1547 993 1583 largientes,

213 1593 261 1621 sed
274 1593 419 1620 humanam
442 1596 566 1619 naturam
583 1592 686 1619 honore
700 1591 858 1619 allicientes.
879 1592 995 1619 Proinde

214 1646 248 1666 ne
263 1638 300 1666 sis
314 1637 410 1673 pusillo
426 1639 515 1665 animo
538 1637 611 1664 circa
626 1637 771 1672 praesentia
787 1646 793 1664 :
809 1638 855 1665 sed
867 1644 996 1672 exspecta

215 1683 322 1709 beatam
342 1681 414 1708 illam
436 1686 461 1707 et
476 1685 632 1716 perpetuam
649 1682 743 1708 vitam.
768 1681 844 1709 Tunc
862 1681 933 1709 enim
950 1683 997 1708 vi—

214 1728 291 1756 debis
310 1733 505 1763 paupertatem,
521 1733 549 1755 et
570 1728 756 1763 ignominiam.
780 1732 808 1756 et
835 1729 996 1756 deliciarum

214 1774 394 1809 privationem
414 1774 438 1800 ei
457 1775 502 1809 qui
525 1774 614 1809 justus
632 1781 675 1801 est
696 1775 765 1802 bene
782 1776 890 1803 cedere.
914 1776 947 1802 Et
964 1784 996 1803 nc

213 1821 383 1848 conturberis
406 1828 478 1848 nunc
502 1826 612 1855 propter
627 1828 658 1847 ea
681 1828 740 1855 quae
760 1826 890 1856 putantur
913 1823 993 1854 bona,

214 1873 340 1901 tanquam
357 1866 455 1900 injuste
470 1867 526 1893 sint
540 1866 636 1894 divisa.
652 1867 753 1894 Audies
772 1867 843 1894 enim
861 1867 995 1902 quomodo

212 1913 318 1940 dicetur
333 1912 408 1939 diviti
427 1911 535 1946 quidem
553 1919 560 1937 :
580 1911 709 1945 Recepisti
731 1913 797 1939 bona
822 1917 868 1939 tua
891 1913 919 1939 in
944 1914 995 1939 vita

212 1965 258 1985 tua
270 1959 298 1991 ';
312 1958 423 1993 pauperi
436 1965 500 1986 vero
511 1959 584 1993 quod
595 1959 731 1993 acceperit
742 1959 813 1986 mala
825 1959 853 1986 in
867 1960 920 1987 vita
936 1967 993 1987 sua.

212 2005 382 2039 Quapropter
404 2008 435 2031 ut
455 2004 500 2031 hic
511 2004 574 2039 jure
591 2011 625 2032 ac
639 2006 738 2033 merito
756 2005 856 2039 reperit
871 2006 994 2032 consola-

212 2053 324 2083 tionem,
341 2050 377 2078 ita
389 2050 432 2079 ille
447 2050 540 2079 dolore
549 2052 694 2079 cruciatur.
711 2051 795 2078 Vens.
814 2051 858 2079 19.
876 2050 995 2085 Conﬁte-

208 2098 259 2124 bor
280 2098 345 2130 tibi,
366 2105 425 2124 cum
446 2097 604 2132 bene/acuis
623 2099 658 2124 ei.
679 2097 812 2133 Loquitur
837 2098 870 2125 de
887 2098 995 2125 homine

214 2150 333 2175 terreno,
345 2148 373 2171 et
386 2143 433 2179 qui
455 2144 526 2172 bona
540 2151 600 2172 esse
619 2144 758 2172 existimat
774 2144 846 2172 solas
866 2145 929 2172 vita:
946 2145 994 2171 hu-

210 2189 255 2223 jus
271 2190 474 2224 praerogativas,
492 2196 563 2223 spes,
577 2189 773 2224 sanitatemque
788 2193 816 2217 et
829 2191 990 2225 potentiam.

1052 279 1116 297 πινα
1126 278 1132 284 ·
1149 271 1166 306 ἡ
1180 271 1237 296 ἐστι
1253 270 1302 305 μέν
1313 278 1363 296 που
1377 269 1447 304 τάχα
1462 269 1478 304 ἡ
1500 268 1558 294 θεία
1574 267 1725 303 ἐπισκοπὴ,
1741 267 1774 293 οὗ
1792 268 1842 301 μὴν

1052 316 1097 342 καὶ
1113 316 1180 351 πρὸς
1197 315 1242 341 τὸν
1263 314 1400 350 περίγειον
1422 314 1505 340 τόπον
1521 312 1625 347 φθάνει,
1647 312 1723 339 ὥστε
1743 312 1791 338 καὶ
1812 311 1841 337 τὰ

1051 362 1173 397 ἡμέτερα
1191 361 1302 397 ὲφορᾷν.
1323 361 1356 386 Et
1376 360 1430 395 γὰρ
1450 360 1561 395 πρόνοια
1576 356 1620 394 ἦν,
1635 358 1750 393 ἑκάστῳ
1764 357 1842 392 μερί-

1052 409 1135 440 ζουσα
1156 408 1191 435 τὰ
1209 409 1306 440 οἰκεῖα,
1321 407 1392 434 ὥστε
1412 407 1536 433 πλουτεῖν
1552 407 1601 442 μὲν
1622 405 1686 437 τοὺς
1708 405 1842 436 δικαίους,

1051 456 1115 486 τοὺς
1131 454 1328 489 ἐπισταμένους
1344 454 1384 489 τῷ
1403 453 1510 488 πλούτῳ
1526 452 1690 487 χρήσασθαι,
1711 451 1842 477 πένεσθαι

1051 500 1078 527 δὲ
1095 500 1158 532 τοὺς
1174 500 1308 536 πονηροὺς
1321 500 1384 532 τοὺς
1400 499 1510 534 ἔχοντας
1529 499 1584 534 (20)
1596 499 1716 533 ὄργανον
1737 497 1790 532 τῆς
1804 498 1842 523 οἱ-

1052 545 1129 577 κείας
1140 545 1272 581 πονηρίας
1290 545 1335 571 τὸν
1356 544 1481 572 πλοῦτον.
1504 544 1579 570 Ἐπεὶ
1594 541 1640 570 οὖν
1655 543 1756 569 πολλοί
1776 543 1843 569 εἰσιν

1052 592 1080 619 ἐν
1094 594 1148 624 τοῖς
1161 591 1249 618 ἔθνεσι
1263 592 1309 618 καὶ
1324 592 1381 623 τοῖς
1393 591 1537 626 γηγενέσιν
1549 591 1574 616 οἱ
1593 590 1626 616 τὰ
1642 588 1764 616 τοιαῦτα
1779 596 1842 623 e90-

1051 639 1169 670 νοῦντες,
1190 638 1237 664 καὶ
1254 637 1296 664 διὰ
1308 637 1357 673 τὴν
1372 637 1536 672 φαινομένην
1548 635 1709 671 ἀνωμαλίαν
1724 635 1773 661 τοῦ
1786 635 1845 660 tn:-

1053 684 1186 721 μερισμοῦ
1204 684 1258 710 τῶν
1276 683 1410 719 βιωτικῶν
1426 683 1595 718 πραγμάτων
1611 680 1789 717 ἀπρονόητον
1806 679 1845 706 εἷ-

1051 739 1095 757 ναι
1112 730 1156 757 τὸν
1178 731 1278 765 κόσμον
1294 729 1528 764 ὑπολαμϐάνοντες
1538 737 1545 743 ·
1563 727 1668 759 τούτοις
1682 727 1845 760 διαλέγεται

1051 776 1065 802 ὁ
1078 776 1165 810 λόγος,
1183 775 1370 802 καταστέλλων
1381 774 1470 801 αὐτῶν
1482 774 1531 809 τὴν
1543 773 1709 800 ἀπαίδευτον
1723 772 1844 807 κίνησιν

1051 822 1097 854 οὒς
1110 822 1156 849 καὶ
1170 822 1199 848 έν
1213 821 1363 857 προοιμίοις
1375 821 1421 847 ἐπὶ
1431 820 1480 855 τὴν
1492 819 1622 855 ἀκρόασιν
1635 819 1691 845 τῶν
1707 818 1845 853 διδαγμά-

1051 877 1105 895 των
1120 868 1220 895 ἐκάλει.
1238 868 1274 894 Ἦ
1288 876 1339 893 που
1365 866 1412 893 καὶ
1438 866 1506 901 πρὸς
1529 865 1607 900 μόνον
1621 865 1696 896 ἰδίως
1711 864 1746 890 τὸ
1761 864 1847 899 πρόσ-

1046 923 1119 941 ωπον
1128 914 1174 941 τοῦ
1187 914 1299 949 πένητος
1309 913 1478 940 ἀποτείνεται
1488 911 1584 946 λέγων·
1593 913 1621 938 Μ
1623 910 1640 943 ὴ
1649 909 1759 945 φοϐοῦ,
1773 909 1847 935 ὅταν

1047 959 1205 994 πλουτήσῃ
1220 959 1384 993 ἄνθρωπος.
1400 955 1480 984 Οὗτοι
1493 958 1546 992 γὰρ
1560 957 1607 983 καὶ
1620 956 1743 991 μάλιστα
1760 964 1848 990 παρα-

1048 1004 1149 1039 μυθίας
1169 1004 1275 1031 δέονται
1298 1004 1365 1039 πρδς
1378 1003 1409 1029 τὸ
1428 1004 1464 1039 μὴ
1479 1003 1662 1038 ὑποπτήσσειν
1677 1002 1745 1032 τοὺς
1759 1002 1846 1036 ὑπερ-

1046 1049 1168 1084 έχοντας.
1184 1049 1266 1076 Οὐδὲν
1280 1049 1343 1085 γὰρ,
1363 1050 1454 1085 φησιν,
1471 1049 1566 1083 ὃφελος
1579 1048 1618 1083 τῷ
1633 1047 1759 1082 πλουσίῳ
1778 1047 1846 1073 ἁπο-

1046 1096 1199 1131 θνήσκοντι,
1226 1095 1263 1131 μὴ
1288 1095 1428 1130 δυναμένῳ
1457 1094 1550 1121 λαϐεῖν
1571 1093 1616 1120 τὸν
1645 1093 1766 1119 πλοῦτον
1796 1093 1846 1118 σὺν

1047 1141 1151 1177 ὲειιυτῷ⁸
1175 1142 1205 1173 ὃς
1219 1150 1251 1175 γε
1268 1140 1395 1168 τοσοῦτον
1419 1141 1473 1167 ἀπὸ
1495 1140 1546 1175 τῆς
1566 1139 1750 1170 ἀπολαύσεως
1766 1139 1845 1173 ἐκέρ-

1046 1188 1120 1214 δαινε
1145 1188 1235 1223 μόνον,
1267 1187 1329 1213 ὅσον
1355 1186 1403 1222 τὴν
1428 1185 1515 1221 ψυχὴν
1545 1184 1628 1211 αὐτοῦ
1660 1186 1690 1211 ὲν
1722 1186 1757 1220 τῇ
1787 1183 1844 1218 ζωῇ

1045 1233 1131 1268 ταύτῃ
1157 1232 1213 1268 (21)
1235 1232 1311 1268 παρὰ
1335 1232 1389 1258 τῶν
1409 1231 1532 1258 κολάκων
1553 1229 1774 1265 μακαρισθῆναι.
1799 1230 1844 1255 Ἐν

1045 1278 1073 1305 δὲ
1085 1278 1124 1313 τῷ
1137 1277 1330 1313 ἀποθνήσκειν,
1344 1277 1374 1303 οὺ
1391 1277 1516 1312 λήψεται,
1531 1276 1608 1311 φησὶ,
1628 1277 1726 1302 πᾶσαν
1739 1275 1845 1310 ταύτην

1046 1324 1094 1359 τὴν
1111 1323 1271 1359 περιϐολήν·
1291 1323 1368 1358 μόλις
1386 1322 1487 1357 ἔνδυμα
1501 1322 1613 1358 λήψεται
1631 1321 1778 1348 καλῦπτον
1794 1321 1844 1348 αὐ-

1045 1369 1093 1395 τοῦ
1107 1369 1141 1395 τὰ
1157 1369 1301 1404 ἀσχήμονα
1313 1377 1319 1383 ·
1334 1368 1381 1394 καὶ
1397 1367 1476 1394 τοῦτο
1486 1388 1492 1399 ,
1510 1367 1555 1393 ἐὰν
1572 1367 1634 1402 δόξῃ
1653 1367 1711 1394 τῶν
1729 1367 1846 1393 οἰκετῶν

1046 1418 1101 1447 τοῖς
1131 1415 1360 1450 περιστέλλουσιν.
1398 1415 1549 1449 Ἀγαπητὸν
1571 1413 1646 1447 αὐτῷ
1670 1414 1726 1448 γῆς
1750 1414 1845 1448 ὀλίγης

1047 1462 1153 1496 λαχεῖν·
1175 1461 1221 1486 καὶ
1237 1460 1337 1495 ταύτης
1351 1460 1384 1486 δι’
1401 1458 1491 1486 οἶκτον
1512 1460 1653 1494 διδομένης
1672 1460 1754 1494 αὐτῷ
1770 1460 1844 1496 παρὰ

1047 1508 1098 1533 τῶν
1115 1507 1293 1541 κηδευόντων,
1313 1506 1409 1536 οἵτινες
1424 1505 1498 1539 αὺτῷ
1516 1506 1681 1539 παρέχονται
1698 1506 1790 1531 ταῦτα
1805 1506 1844 1531 αξ-

1048 1554 1087 1579 δοῖ
1109 1553 1158 1587 τῆς
1183 1552 1275 1586 κοινῆς
1295 1553 1341 1578 καί
1367 1552 1421 1585 ('22)
1442 1551 1615 1585 ἀνθρωπίνης
1642 1551 1768 1584 φύσεως,
1795 1550 1845 1576 οὐκ

1048 1598 1121 1633 αὐτῷ
1140 1598 1323 1633 χαριζόμενοι,
1337 1597 1403 1623 ἀλλὰ
1416 1596 1548 1631 τιμῶντες
1563 1597 1612 1630 τὴν
1627 1597 1843 1631 ἅνθρωπός-ητα.

1048 1645 1092 1679 Μὴ
1112 1644 1273 1679 μικροᾲύχει
1288 1643 1333 1670 οὖν
1355 1644 1417 1678 περὶ
1438 1643 1468 1669 τὰ
1485 1643 1615 1677 παρόντα,
1631 1642 1703 1668 ἀλλὰ
1723 1643 1845 1678 ἀνάμενε

1048 1691 1095 1725 τὴν
1120 1690 1256 1724 μακαρίαν
1280 1690 1386 1723 ἐκείνην
1412 1689 1484 1723 ζωὴν
1506 1688 1551 1714 καὶ
1574 1688 1743 1723 ἀπέραντον.
1765 1689 1845 1723 Ὀψει

1047 1737 1101 1770 γὰρ
1117 1737 1186 1766 τότε,
1202 1736 1241 1761 ὅτι
1256 1735 1322 1771 πρὸς
1336 1734 1416 1761 καλοῦ
1433 1734 1535 1767 γίνεται
1548 1733 1585 1766 τῷ
1600 1733 1698 1768 δικαίῳ
1754 1734 1843 1762 πενία.

1048 1782 1093 1808 καὶ
1115 1783 1130 1815 ἡ
1150 1781 1251 1814 ἀδοξία,
1272 1782 1318 1807 καὶ
1339 1782 1354 1814 ἡ
1378 1780 1504 1814 στέρησις
1519 1780 1568 1813 τῆς
1586 1779 1704 1813 τρυφῆς.
1724 1779 1783 1805 Καὶ
1808 1780 1845 1814 μὴ

1047 1827 1184 1862 ταραχῠῇς
1197 1827 1242 1853 νῦν
1259 1827 1305 1852 ἐπὶ
1322 1828 1376 1857 τοῖς
1389 1825 1574 1860 νομιζομένοις
1589 1824 1715 1857 ἀγαθοῖς,
1733 1824 1774 1855 ὡς

1047 1881 1101 1902 κως
1124 1871 1323 1906 μεριζομένοις.
1349 1870 1465 1906 Ἂκούσῃ
1480 1869 1533 1904 γὰρ
1552 1868 1610 1900 πῶς
1626 1868 1665 1903 τῷ
1688 1869 1742 1903 μὲν
1761 1869 1845 1895 πλου-

1049 1920 1097 1953 σίῳ
1116 1919 1286 1953 λεχθήσεται·
1311 1917 1467 1949 Ἀπέλιιετες
1483 1915 1519 1942 τὰ
1543 1914 1637 1948 ἀγαθά
1659 1923 1720 1941 σου
1748 1916 1785 1942 ἐν
1807 1915 1845 1948 τῇ

1047 1962 1101 1995 ζωῇ
1117 1969 1190 1987 σου·
1209 1961 1247 1996 τῷ
1262 1961 1289 1986 δὲ
1310 1961 1415 1995 πένητι,
1433 1961 1473 1986 ὅτι
1495 1960 1592 1993 ἀπέχει
1614 1959 1649 1984 τὰ
1670 1963 1749 1986 κακα
1766 1961 1795 1986 ὲν
1812 1962 1845 1994 τῇ

1047 2007 1103 2042 ζωῇ
1122 2006 1213 2034 αὐτοῦ.
1235 2007 1335 2041 Διόπερ
1353 2005 1507 2036 ἀκολούθως
1525 2006 1539 2030 ὁ
1557 2004 1606 2039 μὲν
1623 2004 1843 2039 παρακαλεῖται.

1047 2054 1060 2079 ὁ
1078 2054 1104 2079 δὲ
1124 2053 1259 2079 ὀδυνᾶται.
1281 2052 1545 2086 Ἐξομσλογήσεταί
1567 2060 1626 2082 σοι,
1642 2050 1718 2077 ὅταν·
1735 2052 1846 2084 ἀγαθιῖ-

1047 2107 1102 2131 νῃς
1113 2098 1192 2130 αὐτῷ
1207 2099 1272 2133 (27»).
1288 2099 1354 2133 Περὶ
1366 2098 1411 2124 τοῦ
1427 2097 1518 2132 χοϊκοῦ
1532 2096 1675 2132 ἀνθρώπου
1689 2096 1740 2122 καὶ
1754 2097 1846 2131 ἁγαθὰ

1047 2144 1199 2178 νομίζοντος
1215 2142 1283 2170 εἷναι
1306 2144 1373 2178 μόνα
1395 2143 1426 2169 τὰ
1450 2142 1494 2168 τοῦ
1512 2142 1567 2177 βίου
1589 2140 1685 2167 τούτου
1702 2143 1845 2177 προτερή-

1049 2199 1130 2224 ματα,
1157 2190 1280 2221 πλοῦτον,
1302 2190 1348 2216 καὶ
1374 2190 1488 2223 ὑγίειαν,
1509 2189 1555 2214 καὶ
1578 2187 1756 2221 δυναστείαν,
1779 2189 1843 2222 περὶ

215 2235 251 2261 De
266 2234 317 2262 hoc
330 2235 381 2262 isto
396 2235 471 2267 dicit,
484 2235 556 2270 quod
570 2236 624 2262 Deo
636 2235 819 2269 conﬁtebitur,
833 2243 894 2262 cum
911 2235 994 2262 fuerit

1051 2236 1139 2261 τούτου
1155 2236 1246 2270 φησὶν,
1261 2236 1299 2261 ὅτι
1318 2235 1542 2269 ἐξομολογήσεται
1558 2234 1596 2268 τῷ
1609 2233 1679 2268 θεῷ,
1695 2233 1764 2259 ὅταν
1780 2234 1843 2267 ἁγὼ

212 2280 327 2308 aﬂ‘ectus
346 2280 498 2314 beneﬂciis;
515 2281 542 2307 in
558 2281 679 2308 adversis
703 2286 793 2308 autem
809 2288 917 2309 omnem
933 2289 994 2314 pro-

213 2327 495 2361 feratblasphemiam.
510 2326 577 2354 Nam
592 2327 687 2354 relicto
699 2334 826 2362 paupere,
841 2326 924 2354 Deum
940 2327 995 2360 jam

214 2372 375 2407 alloquitur:
393 2373 419 2399 in
433 2373 627 2407 redarguendis
639 2373 742 2400 divitiis
756 2374 837 2401 etiam
853 2374 905 2401 hoc
918 2374 993 2400 adhi-

214 2417 290 2449 bens,
303 2417 374 2452 quod
387 2417 463 2445 dives
475 2417 502 2444 in
516 2417 573 2445 sola
589 2417 724 2451 opulentia
736 2418 791 2446 Deo
805 2423 867 2453 agat
880 2419 992 2453 gratias,

249 2488 259 2503 ‘
279 2486 343 2514 Luc.
361 2494 414 2520 xvr,
434 2487 479 2514 25.

250 2588 306 2623 (20)
324 2588 369 2615 Sic
383 2588 458 2624 Regii
471 2589 586 2624 primus,
603 2589 863 2624 secundus.rtertius
883 2595 910 2617 et
930 2597 989 2616 sex-

214 2628 267 2655 tus,
292 2630 343 2650 non
373 2623 452 2651 secus
468 2623 500 2651 ac
525 2623 673 2652 Colbertini
703 2623 808 2656 tertius,
833 2624 942 2659 quintus
965 2630 990 2651 et

213 2659 345 2693 septimus
361 2665 421 2686 cum
436 2659 555 2686 editione
571 2659 729 2686 Basileensi.
754 2659 843 2686 Editio
858 2667 921 2686 vero
940 2659 990 2685 Pa—

215 2694 262 2755 riis;
273 2701 334 2720 eum
357 2693 433 2721 Colb.
457 2699 535 2722 sexto
547 2694 611 2725 τοὺς
625 2693 663 2729 μὴ
677 2694 786 2730 ἔχοντας
798 2714 806 2727 ,
828 2702 880 2723 non
906 2701 997 2721 emcn-

233 2736 247 2754 a
261 2735 285 2755 e.

233 2733 285 2755 ate.

250 2763 305 2800 (gl)
323 2762 390 2800 lies.
411 2764 506 2791 tertius
522 2765 551 2791 ὲν
567 2764 671 2800 τῇηζωῇ
690 2763 782 2800 αὑτοῦ.

262 2798 305 2837 ἓξ)
321 2797 367 2837 Sic
379 2800 497 2833 quinque
510 2807 575 2827 mss.
586 2797 679 2837 "Deest
691 2799 737 2837 καί
754 2799 884 2837 in_editis.

261 2832 306 2866 ‘23)
328 2832 374 2859 Sic
391 2832 530 2861 mssiocto
553 2842 613 2861 cum
638 2833 757 2860 editione
778 2834 908 2862 Romana.
926 2835 994 2861 Editi

216 2873 279 2892 vero
295 2870 321 2892 et
340 2867 415 2894 Colb.
433 2874 522 2896 sextus
545 2868 682 2904 ἁγαούνῃς
698 2868 788 2896 αὐτόν.
805 2868 866 2896 Mox
888 2871 995 2898 (Sollicr‘

1049 2280 1178 2315 Ούνηται·
1206 2282 1233 2306 ἐν
1259 2280 1286 2306 δὲ
1315 2282 1369 2311 τοῖς
1399 2280 1599 2314 περιστατικοῖς
1628 2278 1722 2304 πᾶσαν
1745 2278 1843 2313 ἀφεησι

1048 2328 1212 2363 δυσφημίαν.
1232 2328 1397 2354 Καταλιπὼν
1418 2328 1473 2362 γὰρ
1491 2327 1536 2353 τὸν
1557 2326 1681 2360 πένητα,
1702 2325 1777 2361 erg;
1798 2326 1843 2352 τὸν

1049 2374 1113 2399 Θεὸν
1132 2374 1181 2409 ἤδη
1204 2375 1319 2400 ποιεῖται
1336 2373 1380 2400 τὸν
1400 2373 1493 2406 λόγον·
1515 2373 1544 2398 ἐν
1565 2371 1722 2406 κατηγορίᾳ.
1743 2373 1778 2407 τῇ
1796 2371 1842 2397 τοῖα

1048 2419 1161 2445 πλούτου
1178 2419 1233 2454 (‘21)
1256 2419 1478 2454 παραλαμῦάνων
1502 2419 1549 2445 καὶ
1570 2418 1601 2445 τὸ
1620 2418 1648 2444 ὲν
1672 2418 1707 2453 τῇ
1728 2418 1842 2453 εὐθηνία

1045 2589 1092 2615 tini
1113 2594 1206 2616 sextus
1221 2593 1249 2616 et
1266 2589 1398 2623 septimus
1414 2596 1476 2617 cum
1487 2588 1554 2623 Reg.
1571 2587 1653 2615 tertio
1669 2587 1842 2623 ἐξομολογή-

1046 2633 1131 2650 σεται.

1081 2659 1142 2698 (μ).
1159 2658 1230 2698 Editi
1252 2666 1312 2698 cum
1329 2666 1400 2698 mss._
1415 2666 1467 2698 non
1484 2658 1578 2692 paucis
1593 2658 1623 2698 ὲν
1635 2658 1797 2698 κατηγορία
1809 2657 1842 2698 τὰ

1051 2686 1097 2720 τοῧ
1116 2694 1241 2720 πλούτου.
1270 2694 1304 2720 At
1328 2693 1411 2720 Coisl.
1433 2694 1462 2720 ἐν
1479 2686 1631 2728 κατηγορία
1647 2695 1681 2728 τῇ
1696 2686 1836 2719 ἑοῖ-πλού-

1051 2738 1108 2756 τοι).
1123 2729 1301 2755 Combeiisius
1313 2736 1346 2755 ex
1362 2729 1460 2756 Catena
1478 2729 1622 2764 legendum
1637 2733 1739 2764 rcenset
1758 2728 1788 2754 ὲν
1808 2729 1841 2762 τῇ

1052 2763 1204 2799 κατηγορία
1227 2763 1273 2789 τοῦ
1300 2763 1413 2790 πλούτου
1440 2773 1447 2791 :
1475 2771 1567 2799 aqua
1583 2763 1743 2799 conjectura
1757 2763 1842 2790 codex

1050 2798 1133 2826 Cois].
1154 2798 1205 2825 non
1232 2799 1343 2825 multum
1369 2799 1480 2825 abludit.
1497 2798 1600 2825 Ibidem
1626 2798 1691 2824 editi
1722 2802 1753 2825 et
1776 2805 1840 2824 mg.

1052 2834 1169 2860 mnnulli
1191 2834 1237 2859 καὶ
1250 2834 1278 2859 τὸ
1292 2835 1321 2859 ἐν
1336 2835 1380 2868 τῇ.
1407 2833 1459 2860 Alii
1476 2834 1587 2867 quidam
1605 2840 1671 2859 mss.
1691 2833 1741 2859 καὶ
1763 2832 1842 2859 τοῦτο

1052 2871 1079 2894 ἐν
1092 2870 1136 2904 τῇ.
1154 2869 1219 2904 Reg.
1232 2874 1345 2903 qrmrtus
1361 2869 1408 2895 καὶ
1425 2869 1502 2895 τοῦτο
1517 2868 1546 2895 τὸ
1566 2869 1595 2895 ὲν
1611 2869 1657 2903 τῇ.

1907 361 1913 718 ς

1904 722 1913 1022 l

1907 1191 1913 1290 l
