3836 6222
152 365 262 422 437

1267 353 1554 412 HOMILIA
1593 352 1660 409 IN
1698 352 2030 409 PSALMUM
2071 351 2304 410 XLVIII.

3294 351 3402 404 4‘38

155 479 300 551 μόνῃ
331 475 672 547 εὐχαριστεῖν
701 471 780 543 τῷ
809 471 948 542 Θεῷ,
992 470 1456 542 σκυθρωποτέρων
1484 469 1542 523 δέ
1575 487 1735 523 τινων

1866 481 1938 522 uec
1982 468 2213 538 amplius
2251 469 2391 523 idem
2429 475 2778 537 permaneat,
2815 465 2902 520 ubi
2940 479 3027 520 res
3071 464 3264 534 aliqua:
3299 465 3397 515 tri-

153 570 558 644 περιστάντων,
606 566 803 639 μηκέτι
844 565 934 620 τὸν
968 565 1128 618 αὐτὸν
1158 564 1452 635 διαμένειν.
1487 563 1736 619 Τοιοῦτον

153 666 268 733 γάρ
292 665 408 716 ἐστι
439 661 532 715 καὶ
557 659 618 713 τὸ
645 659 740 712 τοῦ
762 658 1009 711 διαϐόλου
1036 659 1114 721 εἰς
1141 657 1476 729 κατηγορίαν
1503 674 1740 729 προσφε-

163 759 392 830 ρόμενον
433 754 510 828 τῷ
539 754 652 826 (25)
698 752 838 818 Ἰὼϐ,
873 753 955 806 ὅτι
1010 753 1070 805 οὐ
1122 751 1330 822 δωρεὰν
1370 751 1586 806 σέϐεται
1620 750 1740 804 ’1ὼὸ

159 851 253 905 τὸν
280 848 508 921 Κύριον,
535 845 673 902 ἀλλὰ
705 845 893 917 μισθὸν
915 844 1025 915 ἔχει
1045 845 1142 916 τῆς
1171 844 1449 907 εὐσεϐείας
1465 843 1557 897 τὸν
1579 841 1742 896 πλοῦ-

158 960 255 997 τον
274 983 289 1006 ,
321 941 417 993 καὶ
441 939 510 992 τὰ
530 939 713 995 λοιπά.
740 939 831 992 Διὸ
861 939 953 992 καὶ
985 941 1064 1002 εἰς
1086 938 1359 1003 ἀπόδειξιν
1391 939 1489 1009 τῆς
1521 938 1615 992 τοῦ
1649 941 1742 992 ἀν-

158 1032 290 1103 δρὸς
333 1030 533 1101 ἀρετῆς
567 1028 882 1100 ἐγύμνωσεν
917 1027 1078 1082 αὐτὸν
1113 1031 1141 1082 6
1173 1028 1304 1094 Θεὸς
1346 1023 1420 1082 ὧν
1453 1023 1618 1099 εἶχεν,
1655 1029 1742 1081 ἵνα

159 1123 253 1176 διὰ
294 1121 513 1175 πάντων
555 1119 791 1191 διαφανῇ
831 1119 892 1173 τὸ
937 1119 1073 1189 πρὸς
1111 1119 1242 1173 Θεὸν
1283 1119 1604 1190 εὐχάριστον
1647 1117 1740 1172 τοῦ

160 1214 476 1286 ἀνθρώπου.
605 1199 607 1202 ί

238 1316 329 1369 ll.
364 1314 706 1381 Εὶσελεύσῃ
733 1312 844 1384 (26)
872 1313 982 1380 ἕως
1013 1313 1220 1382 γενεᾶς
1243 1312 1510 1382 πατέρων
1534 1312 1740 1367 αὑτοῦ.

161 1403 338 1479 Οἶμαι
370 1407 548 1477 λέγειν
580 1407 708 1478 περὶ
740 1406 834 1460 τοῦ
863 1406 1209 1478 ἀμαρτωλοῦ,
1236 1409 1319 1460 ὅτι
1346 1406 1597 1460 τοσοῦτον
1626 1408 1746 1460 ὲπι-

162 1499 425 1568 γινώσκει
453 1498 584 1552 Θεὸν
609 1499 743 1570 (27),
771 1500 898 1552 ὅσον
923 1502 956 1571 ὴ
982 1499 1089 1552 τῶν
1117 1499 1367 1570 πατέριον
1408 1498 1574 1552 αὐτοῦ
1625 1517 1747 1552 συν-

165 1591 328 1662 ήθεια
350 1591 719 1662 παραδέδωκε·
750 1593 815 1662 τῇ
846 1592 903 1644 δὲ
936 1592 1113 1664 οἰκείᾳ
1144 1591 1238 1645 τοῦ
1271 1594 1486 1663 φρονεῖν
1519 1592 1746 1664 δυνάμει

163 1682 322 1735 οὐδὲν
355 1683 516 1736 πλέον
550 1686 910 1755 προσκτᾶται,
935 1684 1056 1737 οὐδὲ
1082 1684 1433 1756 προστίθησιν
1457 1686 1633 1756 ἐαυτῷ
1667 1689 1748 1751 είς

166 1776 268 1845 τὴν
300 1773 402 1843 τῆς
436 1773 692 1846 ἀληθείας
740 1775 1056 1844 ἐπίγνωσιν.
1106 1773 1373 1828 Τοσοῦτον
1417 1771 1544 1841 οῦν,
1581 1778 1744 1847 φησὶ,

1841 563 2038 617 Stiores
2061 562 2378 618 acciderim.
2399 559 2530 616 Tale
2552 561 2694 616 enim
2724 567 2808 615 est
2825 561 2989 614 etiam
3016 557 3145 612 illud
3167 555 3394 620 diaboli,

1840 655 1895 710 in
1926 657 2170 711 criminis
2196 657 2316 710 loco
2345 655 2612 723 obiectum
2649 651 2806 718 Jobo,
2837 652 2980 722 quod
3006 649 3107 706 Job
3133 664 3238 704 non
3271 662 3396 716 gra.

1840 749 1910 804 tis
1938 749 2079 804 colat
2101 748 2389 804 Dominum
2411 747 2456 814 ³,
2487 747 2583 802 sed
2607 745 2822 801 divitias
2848 742 3152 799 mercedem
3181 738 3413 810 pietatis.

1841 841 2108 906 obtineat,
2143 850 2199 896 et
2237 839 2462 910 reliqua.
2490 838 2699 894 Idcirco
2723 839 2888 894 etiam
2919 837 2984 896 ad
3017 831 3402 890 ostendendam

1842 933 1947 987 viri
1977 933 2253 998 virtutem,
2274 947 2396 986 eum
2426 930 2493 985 iis
2523 945 2642 999 qua:
2668 924 3223 999 possidebatprivavit
3241 923 3404 986 Deus,

1844 1037 1902 1082 ut
1928 1027 1982 1080 in
2017 1026 2268 1082 omnibus
2297 1034 2482 1096 gratus
2515 1022 2755 1079 hominis
2785 1021 2838 1076 in
2871 1020 3040 1074 Deum
3074 1017 3290 1072 animus
3321 1014 3406 1069 in-

1844 1126 2170 1175 notesceret.

1916 1302 2003 1356 Η.
2046 1301 2210 1357 Vens.
2243 1299 2332 1354 20.
2357 1298 2607 1354 Introibis
2631 1313 2792 1368 usque
2814 1297 2870 1350 in
2904 1295 3174 1365 progenies
3198 1301 3410 1361 patrum

1844 1395 2028 1464 ipsius.
2065 1393 2228 1464 183
2253 1393 2500 1448 Arbitror
2526 1406 2648 1447 eum
2677 1391 2781 1446 hoc
2805 1391 2871 1444 de
2904 1395 3186 1459 peccatore
3210 1385 3408 1447 dicere,

1847 1486 1988 1556 quod
2006 1495 2212 1540 tantum
2226 1484 2500 1555 cognoscit
2519 1484 2712 1546 Deum,
2730 1489 2990 1552 quantum
3015 1487 3225 1549 patrum
3244 1474 3418 1545 ipsius

1847 1577 2181 1632 consuetudo
2217 1575 2468 1641 tradidit;
2523 1574 2738 1645 pr0pria
2775 1586 2905 1627 vero
2945 1567 3189 1640 sapieudi
3236 1564 3412 1620 facul-

1849 1679 1960 1726 tate
1992 1671 2124 1726 nihil
2163 1670 2396 1741 amplius
2429 1669 2696 1738 acquirit,
2725 1681 2900 1736 neque
2926 1670 3084 1734 parat
3125 1661 3228 1715 sibi
3258 1658 3414 1729 quid-

1849 1777 2012 1834 quam
2064 1763 2131 1817 ad
2164 1761 2409 1816 veritatis
2448 1759 2798 1829 agnitionem.
2835 1755 3065 1811 Tantum
3111 1753 3293 1823 igitur,
3329 1751 3417 1804 in-

168 1839 449 1936 rrapayivn
486 1839 572 1931 σύ,
607 1867 634 1918 ὁ
665 1865 818 1930 Θεὸς,
846 1839 956 1919 γκαὶ
982 1865 1218 1937 τοσαύτη
1254 1867 1404 1920 ἐστὶν
1440 1868 1499 1920 ἐν
1529 1839 1677 1939 αὐτῶ

1866 1856 1991 1925 quit,
2024 1853 2236 1909 accedis
2265 1861 2341 1918 tu,
2379 1851 2538 1916 Deus,
2575 1861 2630 1904 et
2656 1858 2804 1904 tanta
2827 1847 2878 1903 ei
2911 1846 2978 1902 de
3015 1854 3067 1900 te
3090 1846 3232 1898 inest
3257 1839 3416 1897 intel-

168 1955 301 2026 περὶ
331 1955 425 2009 σοῦ
453 1955 652 2020 ἔννοια,
685 1956 782 2026 ὄση
813 1958 871 2009 ἐν
893 1959 960 2028 τῇ
983 1959 1146 2028 γενεᾷ
1170 1957 1280 2010 τῶν
1307 1958 1560 2029 πατέρων
1585 1959 1749 2012 αὐτοῦ

169 2047 410 2118 ὑπῆρχε.
457 2048 570 2100 Καὶ
611 2047 844 2101 ἐνταῦθα
889 2048 951 2101 τὸ
997 2044 1165 2119 ἀργὸν
1209 2049 1345 2102 πολὺ
1384 2049 1485 2119 τῆς
1515 2050 1752 2115 διανοίας

167 2137 268 2192 καὶ
300 2137 421 2192 ὅλον
457 2139 645 2208 γήϊνον
678 2139 772 2192 καὶ
810 2138 1137 2210 φιλόσαρκον
1170 2139 1262 2192 τοῦ
1309 2141 1368 2193 ὲν
1411 2140 1626 2212 πλούτῳ
1659 2143 1754 2196 καὶ

167 2234 351 2302 τρυφῇ
386 2231 709 2302 κυλιομένου
737 2233 1059 2304 παρίστησι,
1089 2235 1182 2287 καὶ
1208 2232 1302 2286 τοῦ
1333 2235 1472 2306 ὑπὲρ
1496 2234 1601 2288 τῶν
1629 2235 1755 2305 βιω-

167 2322 340 2376 τικῶν
378 2323 656 2394 μεριμνῶν
687 2324 1199 2395 καταπεπνιγμένον
1231 2325 1321 2378 τὸν
1361 2325 1484 2379 νοῦν
1519 2327 1751 2396 ἔχοντος.

170 2417 275 2470 Διὰ
305 2417 481 2472 τοῦτο
506 2417 617 2483 ἕως
645 2416 860 2483 αἰῶνος
881 2421 992 2475 οὐκ
1021 2419 1229 2488 ὄψεται
1258 2419 1402 2490 φῶς.
1434 2421 1495 2474 Οἱ
1526 2423 1633 2493 γὰρ
1662 2439 1756 2474 τυ-

173 2508 330 2577 φλοῖς
361 2507 702 2572 διδασκάλοις
735 2509 833 2580 τὴν
867 2509 1090 2580 ὁδηγίαν
1117 2511 1326 2564 ἑαυτῶν
1364 2513 1756 2584 ἐπιτρέψαντες

75 2661 81 2667 ο
171 2601 480 2673 ἐστέρησαν
535 2602 761 2665 ἑαυτοὺς
822 2602 921 2672 τῆς
977 2602 1072 2656 τοῦ
1135 2604 1312 2673 φωτὸς
1380 2604 1751 2670 ἀπολαύσεως.

175 2690 332 2761 Ἔχει
355 2690 411 2744 δὲ
443 2689 556 2761 (28)
589 2691 682 2745 καί
714 2707 836 2744 τινα
868 2692 1108 2749 τοιοῦτον
1141 2695 1264 2747 νοῦν
1301 2695 1385 2761 τὸ,
1415 2697 1756 2767 Εἰσελεύσῃ

171 2784 286 2848 ἕως
315 2781 522 2854 γενεᾶς
549 2783 820 2853 πατέρων
852 2785 1060 2844 αὐτοῦ.
1096 2787 1373 2854 Τουτέστι,
1408 2789 1534 2853 τοὺς
1563 2793 1618 2843 ὲν
1660 2809 1758 2846 πο-

172 2873 328 2945 νηρῷ
371 2873 468 2944 βίῳ
507 2875 600 2926 καὶ
629 2875 861 2946 δόγμασι
899 2877 1148 2949 πατρίοις
1189 2879 1316 2948 μὲν,
1363 2879 1658 2952 ἀλλοτρίως
1700 2880 1758 2935 δὲ

175 2964 361 3034 ἔχουσι
386 2965 524 3034 πρὸς
555 2963 652 3036 τὴν
688 2967 991 3031 εὐσέϐειαν,
1024 2969 1472 3040 καταληφθέντας
1502 2972 1632 3043 (29),
1660 2975 1760 3028 οὐκ

176 3054 379 3118 αὐτοὺς
419 3054 653 3120 ἐκδικεῖς
687 3056 868 3127 μόνον,
897 3058 1032 3112 ἀλλά
1060 3061 1156 3112 καὶ
1187 3060 1314 3124 τοὺς
1345 3061 1623 3133 ἀρχηγοὺς
1651 3063 1759 3116 τῶν

182 3140 477 3211 μοχθηρῶν
507 3142 850 3214 διδαγμάτων
884 3145 1184 3218 ἐπιζητεῖς,
1229 3149 1340 3202 Καὶ
1371 3150 1529 3206 τοῦτό
1558 3155 1672 3205 ἐστι
1699 3153 1760 3207 τὸ

178 3232 472 3302 λεγόμενον
507 3235 617 3304 (50)
641 3253 654 3267 ·
696 3239 1036 3310 Εἰσελεύσῃ
1083 3239 1193 3307 ἕως
1239 3242 1448 3312 γενεᾶς
1494 3245 1763 3315 πατέρων

179 3327 391 3381 αὐτοῦ.
427 3329 500 3380 Οὐ
529 3329 638 3401 γὰρ
665 3331 828 3401 μόνον
859 3333 886 3385 6
914 3333 1155 3404 πονηρὰς
1186 3334 1325 3405 ἔχων
1354 3337 1480 3408 περὶ
1509 3337 1642 3392 Θεοῦ
1674 3341 1761 3392 ὲν-

180 3416 335 3481 νοίας
355 3418 624 3484 ὑπαίτιος,
651 3420 786 3474 ἀλλὰ
805 3422 899 3476 καὶ
923 3424 952 3475 6
975 3421 1180 3477 τούτων
1204 3426 1340 3494 πρὸς
1366 3424 1465 3497 τὴν
1488 3427 1763 3481 ἀπώλειαν

183 3507 389 3580 ταύτην
417 3510 891 3583 καθηγησάμενος.
935 3514 1180 3567 Τοιοῦτοι
1215 3515 1271 3568 δὲ
1308 3517 1357 3568 οί
1393 3517 1486 3570 καὶ
1507 3518 1606 3590 τὴν
1633 3537 1764 3591 προ-

184 3600 362 3669 γόνων
390 3602 589 3656 κακίαν
616 3604 1008 3675 διαδεξάμενοι,
1032 3608 1125 3661 καὶ
1153 3607 1504 3663 δυσέκνιπτον
1527 3611 1761 3681 ἔχοντες,

185 3691 276 3744 διὰ
313 3691 376 3745 τὸ
415 3694 616 3765 χρονίῳ
655 3695 767 3749 ἔθει
800 3695 1182 3768 βεϐαιωθῆναι.
1215 3700 1369 3766 ’Έως
1410 3700 1623 3768 αἰῶνος
1655 3705 1766 3757 οὐκ

187 3782 399 3851 ὄψεται
423 3785 567 3853 φῶς.
597 3788 912 3858 Πέμπονται
935 3790 1042 3861 γὰρ
1068 3793 1172 3858 Εἰς
1194 3791 1261 3845 τὸ
1287 3795 1509 3861 σκότος
1536 3796 1600 3849 τὸ
1626 3796 1769 3861 ἐξώ-

189 3889 396 3940 τερον·
426 3874 555 3927 ἐκεῖ
575 3874 746 3930 ἔσται
777 3880 810 3930 d
849 3879 1156 3947 κλαυθμὸς
1186 3880 1282 3932 καὶ
1307 3882 1626 3951 όβρυγμός
1649 3884 1768 3938 τῶν

190 3965 487 4019 ὀδόντων·
540 3969 635 4020 καὶ
679 3967 838 4021 τοῦτο
869 3969 1011 4023 κατά
1042 3968 1140 4040 τὴν
1174 3970 1390 4026 δικαίαν
1439 3972 1617 4043 κρίσιν
1665 3974 1760 4027 τοῦ

189 4055 329 4110 Θεοῦ
357 4057 738 4128 ὑπομένουσιν,
772 4061 958 4132 ἐπειδὴ
994 4064 1050 4114 ἐν
1080 4061 1158 4132 τῷ
1194 4061 1294 4133 βίῳ
1325 4064 1520 4135 τούτῳ,
1552 4065 1638 4119 διὰ
1671 4066 1763 4120 τοῦ

189 4146 263 4201 τὰ
291 4147 471 4217 φαῦλα
504 4149 613 4220 (5-1)
641 4150 928 4222 πράσσειν,
978 4152 1205 4224 ἐμίσουν
1236 4154 1297 4206 τὸ
1331 4156 1466 4225 φῶς.
1517 4157 1767 4226 Ἀνθρω-

193 4256 330 4306 πος,
355 4241 424 4294 ἐν
446 4241 584 4312 τιμῇ
608 4241 712 4308 ὢν,
733 4245 806 4298 οὐ
837 4244 1090 4315 συνῆκε·
1118 4247 1621 4317 παρασυνεόλήθη
1647 4250 1772 4318 τοῖς

193 4331 448 4400 κτήνεσι
478 4335 604 4402 τοῖς
627 4337 924 4405 ἀνοήτοις,
952 4337 1050 4391 καί
1077 4338 1341 4408 ὠμοιὼοη
1371 4341 1592 4406 αὐτοῖς.
1636 4342 1769 4412 Σχε-

193 4425 481 4498 τλιαστικὴ
510 4429 543 4499 ἡ
571 4429 742 4500 φωνή.
776 4429 1117 4501 Ἀνθρωπος,
1155 4432 1183 4482 6
1217 4429 1389 4502 βραχύ
1419 4448 1472 4483 τι
1509 4433 1638 4502 παρ’
1669 4433 1770 4502 ἀγ-

270 4579 295 4613 ³
332 4578 434 4636 Job
475 4596 511 4643 ι,
559 4581 614 4637 9.
694 4585 716 4614 ⁸
755 4581 946 4638 Matth.
977 4599 1098 4648 vm,
1148 4583 1239 4638 l2.
1311 4584 1332 4616 ⁸
1373 4583 1537 4641 Hebr.
1565 4602 1628 4653 ιι,
1659 4587 1712 4652 7,
1740 4587 1794 4643 9.

275 4695 606 4770 (25)__Codex
661 4695 906 4770 Combel‘.
955 4711 1074 4770 cum
1126 4696 1292 4770 Coisl.
1324 4699 1771 4770 ,προφερόμενον

201 4767 304 4838 τῷ.
337 4767 626 4838 Aliquanto
651 4777 775 4835 post
795 4767 949 4822 Colb.
975 4768 1182 4835 primus
1203 4767 1293 4821 τὸν
1314 4767 1466 4821 Θεόν.

277 4837 390 4909 (26)
423 4838 570 4909 Regii
603 4839 1140 4909 Asectnndus,_tertius
1171 4847 1226 4892 et
1271 4849 1457 4893 sextus
1496 4849 1550 4893 et
1603 4839 1771 4895 editio

203 4905 379 4962 Baisil.
409 4905 712 4978 είσελεύσῃ,
747 4906 992 4978 introibis
1019 4923 1037 4960 :
1066 4921 1228 4978 quam
1261 4909 1584 4978 scripturam
1613 4919 1668 4963 et
1717 4911 1770 4964 hi

209 4989 323 5033 tres
383 4977 600 5032 codices
650 4977 704 5031 et
760 4977 924 5032 editio
960 4977 1119 5032 Basil.
1170 4977 1225 5031 in
1273 4977 1483 5033 duobus
1521 4981 1655 5035 locis
1687 4995 1773 5034 se-

249 5049 500 5102 uentibus
538 5056 870 5119 constanter,
906 5047 1185 5119 exhibent.
1242 5047 1310 5100 Et
1358 5048 1430 5100 ita
1486 5051 1776 5119 scripsisse

205 5063 500 5172 ﬂuentibus
538 5063 852 5101 consranter
906 5063 1185 5101 exornent.
1242 5063 1310 5100 ιιι
1358 5063 1430 5100 lla
1486 5065 1773 5119 scripsisse

254 5119 465 5172 asilium
503 5126 612 5170 tota
639 5117 906 5172 orationis
947 5117 1118 5172 series
1160 5127 1346 5185 aperte
1379 5119 1640 5174 ostendit.
1700 5120 1773 5174 lta

208 5202 425 5256 quoque
440 5187 567 5241 olim
599 5185 877 5256 legebatur
894 5187 1034 5255 apud
1053 5195 1162 5242 tres
1184 5188 1530 5255 interpretes,
1553 5199 1776 5244 auctore

210 5255 574 5314 Theodoreto.
607 5255 677 5310 At
723 5256 1018 5326 Colbertiui
1083 5265 1268 5326 sextus
1298 5266 1353 5310 et
1385 5259 1648 5326 septimus
1671 5300 1686 5322 ,
1723 5267 1778 5314 et

213 5329 347 5398 Reg.
393 5337 647 5398 quartus,
693 5337 748 5381 et
775 5325 949 5398 Oliva
975 5335 1030 5398 οι
1072 5325 1213 5380 LXX
1245 5336 1326 5398 get
1376 5325 1544 5382 editio
1605 5329 1777 5382 Paris.

210 5395 599 5460 εἰσελεύσεται,
622 5397 874 5450 introibit.
909 5395 1008 5451 Ubi
1057 5395 1379 5459 notandum,
1443 5397 1530 5450 hic
1565 5399 1780 5465 quidem

207 5470 264 5524 in
291 5469 496 5522 ultimis
548 5467 719 5521 tribus
751 5468 1030 5521 codicibus
1089 5467 1190 5536 legi
1245 5465 1612 5520 εἰσελεύσεται
1643 5485 1655 5519 :
1688 5469 1782 5522 sed

208 5537 354 5609 infra
381 5539 448 5609 in_
475 5537 662 5609 iisdem
697 5537 862 5609 semel
888 5544 981 5609 aut
1010 5537 1206 5609 iterum
1239 5537 1341 5606 legi
1373 5537 1675 5609 εἰσελεύσῃ.

281 5608 394 5674 (27)
423 5607 514 5660 Ait
545 5607 902 5661 Combeﬁsius
937 5606 1040 5674 legi
1074 5607 1216 5661 Γωᾱο
1249 5621 1436 5660 errore
1473 5607 1524 5660 in
1555 5606 1782 5670 Ca'iena,

208 5673 463 5730 τοσοῦτον
488 5678 491 5680 ’
517 5676 870 5745 ἐπιγινώσκει
900 5679 928 5729 6
957 5673 1110 5739 Θεὸς,
1149 5677 1200 5730 id
1246 5680 1387 5745 quod
1440 5678 1513 5730 ita
1559 5679 1786 5732 reddidit

211 5748 522 5815 Corderius,
574 5748 714 5816 quod
752 5757 957 5801 tantum
1009 5756 1285 5815 cognoscat
1326 5763 1444 5801 eum
1484 5747 1645 5813 Deus,
1674 5759 1777 5802 etc.

1853 1946 2111 2016 ligentia,
2181 1954 2381 2012 quanta
2441 1943 2496 1996 in
2550 1939 2900 2012 generatione
2966 1944 3181 2005 patrum
3245 1931 3416 2001 ipsius

1853 2039 2084 2096 exstitit.
2137 2037 2204 2092 Et
2245 2037 2337 2092 hic
2387 2035 2627 2090 animum
2678 2031 2832 2086 valde
2871 2030 3102 2084 inertem
3147 2034 3203 2080 et
3245 2031 3416 2078 totum

1856 2142 2133 2188 terrenum
2179 2145 2241 2185 ac
2275 2127 2427 2185 carni
2473 2127 2747 2181 addictum
2793 2122 3010 2178 exhibet
3037 2119 3178 2188 ejus,
3223 2117 3315 2186 qui
3362 2115 3416 2169 in

1855 2224 2058 2280 divitiis
2097 2221 2414 2290 deliciisque
2438 2218 2735 2281 volutatur,
2769 2229 2833 2269 ac
2859 2222 3095 2268 mentem
3126 2211 3289 2265 habet
3317 2209 3420 2262 hu-

1851 2317 1939 2387 jus
1962 2317 2083 2370 vitae
2110 2313 2254 2367 curis
2283 2309 2622 2366 suffocatam.
2654 2305 2990 2375 Quapropter
3009 2317 3174 2372 usque
3194 2301 3249 2354 in
3275 2307 3422 2354 ceter-

1857 2421 1981 2458 num
2020 2421 2123 2458 non
2153 2402 2341 2458 videbit
2369 2401 2563 2455 lumen.
2594 2399 2696 2466 Qui
2721 2397 2863 2452 enim
2899 2410 2958 2451 se
2991 2396 3150 2450 caecis
3182 2393 3422 2448 doctori-

1857 2499 1957 2554 bus
2009 2495 2284 2551 ducendos
2322 2492 2726 2554 commiserint,
2773 2487 3096 2557 semetipsos
3137 2483 3273 2538 lucis
3322 2496 3421 2536 usu

1856 2590 2227 2659 privaverunt.
2263 2585 2483 2653 Quinet
2509 2583 2670 2638 talem
2704 2579 2988 2652 quemdam
3014 2591 3230 2632 sensum
3254 2575 3420 2628 habet

1856 2685 2022 2750 illud,
2071 2682 2322 2738 Introibis
2364 2696 2524 2752 usque
2564 2680 2620 2732 in
2657 2677 2924 2747 progenies
2980 2685 3190 2739 patrum
3233 2672 3420 2741 ipsius.

1862 2777 1973 2833 Hoc
2016 2786 2120 2842 est,
2155 2790 2269 2839 eos,
2301 2773 2394 2842 qui
2440 2772 2497 2826 in
2539 2769 2677 2824 mala
2707 2769 2814 2822 vita
2849 2776 2902 2820 et
2947 2764 3288 2835 dOgmatibus
3319 2777 3418 2829 pa-

1860 2869 2029 2926 ternis
2077 2867 2329 2938 quidem,
2388 2861 2484 2918 sed
2531 2876 2560 2913 a
2599 2861 2797 2929 pietate
2843 2857 3052 2923 alienis,
3100 2853 3425 2924 deprehensi

1859 2971 2004 3027 sunt,
2035 2974 2144 3016 non
2177 2955 2460 3013 ulcisceris
2489 2953 2670 3018 modo,
2704 2952 2797 3006 sed
2830 2957 3077 3004 auctores
3104 2948 3269 3002 etiam
3300 2959 3426 3014 pra-

1860 3068 2053 3109 vorum
2080 3051 2389 3118 dogmatum
2428 3045 2682 3116 inquiris.
2717 3044 2893 3113 Atque
2929 3043 3032 3097 hoc
3058 3051 3140 3096 est
3168 3041 3312 3110 quod
3344 3040 3427 3093 di-

1864 3148 2004 3203 citur
2040 3163 2054 3199 :
2089 3143 2342 3198 Introibis
2390 3155 2552 3209 usque
2587 3139 2645 3192 in
2679 3137 2950 3208 progenies
2980 3144 3193 3205 patrum
3238 3134 3426 3202 ipsius.

1866 3237 1981 3293 Non
2010 3237 2153 3292 enim
2183 3235 2354 3291 solum
2383 3235 2474 3304 qui
2505 3247 2667 3304 prave
2697 3231 2764 3286 de
2797 3229 2906 3284 Deo
2933 3227 3120 3290 sentit,
3151 3241 3276 3281 reus
3299 3233 3383 3278 est
3411 3242 3424 3278 :

1865 3328 1960 3384 sed
1995 3328 2159 3383 etiam
2188 3327 2279 3396 qui
2323 3325 2444 3381 aliis
2486 3326 2554 3379 ad
2599 3325 2742 3378 hanc
2781 3319 3142 3392 perditionem
3194 3316 3424 3387 przeivit.

1864 3421 2142 3494 Ejusmodi
2167 3429 2348 3475 autem
2385 3427 2512 3474 sunt
2537 3426 2593 3473 et
2620 3417 2712 3487 qui
2743 3413 3007 3484 majorum
3037 3411 3429 3482 malignitatem

1867 3527 2155 3584 suscepere
2181 3531 2196 3568 :
2237 3527 2380 3582 quae,
2409 3511 2553 3582 quod
2583 3508 2789 3564 diutina
2821 3503 3212 3562 consuetudine
3250 3517 3434 3558 corro-

1867 3607 2056 3662 borata
2089 3614 2193 3670 est,
2232 3602 2337 3658 elui
2373 3603 2459 3656 vix
2492 3609 2689 3672 potest.
2743 3597 2916 3669 Usque
2958 3599 3012 3650 in
3046 3605 3299 3650 ceternum
3331 3610 3437 3646 non

1867 3701 2053 3755 videbit
2074 3698 2268 3752 lumen.
2296 3696 2584 3750 Mittuntur
2609 3693 2752 3747 enim
2781 3689 2848 3744 In
2870 3689 3106 3744 tenebras
3132 3686 3432 3745 exteriores,

1866 3793 1957 3846 ubi
1993 3792 2088 3846 erit
2117 3791 2272 3860 ﬂetus
2312 3800 2359 3843 et
2396 3789 2594 3840 stridor
2619 3783 2925 3846 dentium";
2961 3781 3121 3848 idque
3150 3777 3296 3846 justo
3342 3775 3440 3829 Dei

1864 3884 2069 3956 judicio
2097 3883 2393 3952 patiuntur,
2430 3893 2552 3934 cum
2583 3877 2634 3931 in
2668 3878 2769 3930 hac
2804 3876 2912 3928 vita
2957 3874 3102 3927 inter
3145 3869 3283 3924 mala
3340 3884 3438 3938 pa-

1869 3975 2059 4029 tranda
2090 3972 2302 4030 oderint
2329 3971 2528 4024 lumen.
2559 3968 2724 4025 Vens.
2769 3967 2861 4022 21.
2892 3964 3066 4020 Homo
3095 3979 3214 4017 cum
3251 3963 3304 4015 in
3345 3963 3438 4014 ho-

1872 4085 2000 4123 nore
2039 4076 2191 4132 esset,
2233 4080 2336 4119 non
2376 4062 2668 4128 intellexit;
2712 4068 3048 4128 comparatus
3082 4067 3155 4111 est
3181 4055 3440 4126 jumentis

1868 4161 2256 4231 insipientibus,
2302 4168 2348 4213 et
2381 4158 2570 4212 similis
2603 4155 2776 4224 factus
2817 4161 2895 4207 est
2948 4152 3076 4205 illis.
3118 4148 3441 4205 Miserabilis

1871 4270 1996 4309 vox.
2035 4254 2228 4317 Homo,
2257 4252 2414 4323 paulo
2433 4249 2637 4320 angelis
2665 4247 2947 4309 inferior”,
2986 4246 3049 4299 de
3083 4259 3189 4313 quo
3213 4253 3268 4298 et
3289 4241 3442 4296 Salo-

1875 4365 2000 4406 mon
2035 4349 2110 4403 ait
2143 4366 2158 4402 :
2197 4347 2445 4418 Magnum
2480 4345 2733 4415 quiddam
2766 4351 2848 4397 est
2890 4342 3070 4402 homo,
3109 4347 3164 4393 et
3202 4352 3288 4392 res
3317 4352 3443 4404 pre—

1879 4443 2015 4500 tiosa
2049 4442 2133 4497 vir
2159 4439 2469 4495 misericors
2489 4437 2510 4469 ⁶
2545 4457 2556 4490 :
2587 4437 2676 4491 hic
2707 4435 2824 4506 ipse
2845 4474 2861 4500 ,
2893 4449 2958 4490 eo
2999 4432 3142 4502 quod
3174 4428 3442 4500 propriam

1869 4594 1891 4626 ⁸
1913 4587 2072 4644 Prov.
2100 4604 2195 4653 xx,
2224 4585 2278 4639 6.

1879 4701 1994 4774 Hoc
2019 4701 2160 4757 idem
2209 4712 2495 4774 peccatum
2546 4712 2599 4756 et
2632 4702 2684 4756 in
2714 4699 2950 4755 editione
2985 4695 3150 4774 Rasil.
3173 4701 3227 4749 et
3257 4693 3446 4774 inlic-

1915 4773 1982 4827 iis
2041 4765 2298 4837 secundo,
2337 4773 2496 4828 tertio
2553 4782 2608 4827 et
2654 4779 2848 4841 quarto
2907 4768 3113 4835 pariter
3156 4765 3444 4833 reperitur.

1878 4787 1986 4897 ged
2018 4852 2194 4897 tamen
2218 4844 2542 4897 scripturam
2579 4857 2785 4897 veram,
2819 4836 3070 4893 τοσοῦτον
3095 4833 3444 4897 ἐπιγινώσκει

1899 4836 1986 4897 Ξθά
2018 4852 2194 4898 tamen
2218 4836 2542 4911 scripturam
2579 4836 2785 4912 veram,
2819 4836 3070 4912 τοσοῦτον
3095 4836 3446 4912 ὲπιχινιῦσκει

1879 4911 2032 4973 Θεόν,
2072 4923 2292 4967 tuentur
2327 4903 2438 4967 ium
2465 4913 2632 4967 editio
2659 4910 3003 4970 Parisiensis,
3038 4918 3149 4960 tum
3183 4903 3447 4957 Colberti-

1878 4983 1934 5037 ni
1961 4983 2202 5056 quintus,
2225 4991 2410 5056 sextus
2440 4992 2497 5035 et
2534 4983 2814 5056 septimus.
2849 4979 3046 5033 Ibidem
3079 4973 3443 5056 editiojiasil.

1878 5063 1934 5106 et
1958 5044 2110 5120 Regii
2145 5044 2440 5114 secundus,
2472 5044 2661 5106 tertius
2688 5061 2743 5104 et
2776 5058 3006 5116 quartus
3026 5061 3152 5120 cum
3179 5044 3342 5098 Coisl.
3366 5044 3448 5094 ὅτι

1871 5124 1935 5192 τῇ
1965 5117 2072 5175 τῶν
2105 5124 2358 5193 πατέρων
2383 5122 2550 5175 αὐτοῦ
2585 5120 2843 5190 συνηθείᾳ
2871 5117 3253 5199 παραδέδοται.

1946 5193 2058 5268 (ξιξ)
2085 5191 2353 5268 mss._
2375 5205 2605 5268 septem.
2641 5193 2806 5245 Abest
2833 5189 2890 5242 δέ
2914 5192 2982 5242 ab
3014 5190 3221 5268 (ιιιιιιε.⁸

1945 5251 2060 5332 (29)
2095 5263 2273 5318 Editio
2320 5251 2482 5316 Basi'l.
2515 5275 2571 5316 et
2612 5271 2853 5332 quatuor
2879 5273 3006 5332 mss.
3061 5251 3451 5320 καταλειφθέν-

1877 5330 1997 5396 τας.
2031 5330 2207 5387 Editio
2260 5347 2387 5386 vero
2424 5332 2599 5385 Paris.
2639 5346 2763 5385 cum
2815 5330 2971 5385 Coll).
3005 5331 3195 5396 quinto
3242 5336 3296 5378 et
3327 5338 3447 5373 cum

1883 5403 2012 5467 Reg.
2046 5414 2206 5472 sexto
2233 5401 2697 5472 καταληφθέντας.

1950 5459 2061 5543 (50)
2097 5472 2242 5543 Regii
2273 5459 2556 5543 tertiu'set
2591 5459 2814 5543 quartus
2848 5469 3167 5543 λεγὸμρον-
3194 5467 3296 5520 ὅτι.
3331 5459 3454 5543 Sta:

1883 5537 1975 5597 tim
2029 5537 2391 5626 Regftertius
2437 5542 2574 5596 ἀλλὰ
2598 5537 2694 5594 καὶ
2730 5542 2758 5592 ὁ
2782 5537 2994 5596 τούτουζ
3031 5539 3170 5594 Editi
3204 5546 3258 5592 et
3297 5537 3464 5589 multi

1881 5630 2011 5668 mss.
2035 5630 2241 5666 τουτων
2252 5654 2263 5666 .

1953 5684 2066 5753 (51)
2096 5684 2225 5755 Reg.
2253 5683 2445 5740 tertius
2468 5683 2555 5737 διὰ
2588 5683 2647 5737 τὸ
2676 5683 2744 5736 τὰ
2779 5681 2976 5752 φαῦλα.

3477 5051 3483 5066 Ι

3469 5157 3478 5186 1
