3836 6222
422 329 528 386 θ59

1784 329 1840 385 S.
1885 328 2126 383 BASILII
2161 326 2371 383 MAGNI

3567 330 3665 382 460

421 460 526 498 non
573 443 810 512 percepit
849 441 1195 511 dignitatem.
1240 442 1334 496 sed
1381 443 1559 496 carnis
1607 442 1987 512 cupiditatibus

2101 442 2280 510 τέλους
2322 439 2663 503 ἐλαττωθεὶς,
2715 443 2843 511 περ).
2879 435 2939 496 οὗ
2985 441 3076 496 καὶ
3121 444 3148 494 ό
3187 441 3439 512 Σολομὼν
3500 461 3662 511 φησι·

420 535 731 598 succnbnit,
761 533 1113 602 Comparatus
1146 545 1222 587 est
1243 535 1497 602 jumentis
1529 535 1910 603 insipientibus,
1938 547 1985 590 et

419 625 608 678 similis
633 625 806 693 factus
829 635 905 679 est
934 624 1060 678 illis.

2092 534 2250 602 Μέγα
2289 533 2602 604 ἄνθρωπος,
2639 534 2733 586 καὶ
2777 533 2956 604 τίμιον
3003 535 3140 605 ἀνὴρ
3182 536 3470 607 ἐλεήμωνο
3516 529 3666 596 οὗτος

2091 628 2178 681 διὰ
2211 628 2271 681 τὸ
2311 629 2384 699 μὴ
2418 628 2772 698 αἰσθανθῆναι
2815 629 2910 682 τοῦ
2943 629 3142 682 οἰκείου
3180 629 3522 699 ἀξιώματος,

416 716 692 788 ὓποκῦψαι
733 721 845 782 τοῖς
884 718 1080 772 πάθεσι
1110 720 1210 790 τῆς
1251 718 1472 791 σαρκὸς,
1511 721 2025 790 Παρασυνεϐλήθη
2055 723 2178 788 τοῖς
2207 724 2458 789 κτήνεσι
2483 722 2608 788 τοῖς
2643 723 2941 789 ἀνοήτοις,
2980 722 3077 777 καὶ
3098 722 3358 791 ὡμοιώθη
3398 722 3631 787 αὐτοῖς.

860 977 926 1032 IN
967 976 1301 1034 PSALMUM
1348 976 1480 1032 LIX.

490 1073 539 1126 i.
575 1072 706 1127 Cum
732 1081 966 1124 vestram
993 1070 1058 1123 ad
1087 1069 1411 1123 audiendum
1435 1069 1793 1132 alacritatem,
1829 1085 1976 1125 mea-

418 1178 646 1232 rumque
666 1163 857 1214 virium
888 1159 1214 1215 debilitatem
1240 1160 1474 1223 intueor,
1501 1159 1799 1214 similitudo
1827 1161 1977 1228 pueri

418 1253 715 1323 cnjuspiam
743 1252 980 1304 animum
1005 1251 1181 1304 subit:
1217 1251 1306 1319 qui
1336 1250 1552 1319 quidem
1576 1249 1686 1317 jam
1714 1251 1984 1306 robustior

417 1357 523 1409 est,
565 1345 792 1399 necdum
832 1351 1013 1396 tamen
1059 1358 1090 1395 a
1126 1341 1260 1395 lacte
1295 1341 1544 1409 depulsus
1575 1341 1694 1405 fuit,
1731 1343 1822 1395 sed
1862 1356 1980 1394 ma-

419 1450 630 1492 ternam
683 1435 972 1489 mamillam
1018 1449 1125 1502 pne
1172 1431 1486 1485 inﬁrmitate
1531 1431 1857 1485 exsiccatam
1907 1432 1986 1484 di-

418 1539 617 1585 vexat:
663 1530 749 1584 cui
792 1539 983 1591 mater,
1017 1527 1178 1580 etiam
1215 1525 1259 1578 si
1295 1524 1470 1578 siccos
1501 1523 1657 1578 lactis
1688 1522 1862 1576 fontes
1893 1523 1987 1576 ha-

419 1622 550 1675 bere
597 1634 656 1674 se
699 1619 932 1681 sentiat,
976 1617 1103 1686 quia
1153 1626 1332 1669 tamen
1377 1615 1611 1668 trahitur
1659 1623 1713 1666 et
1758 1614 1826 1668 ab
1873 1613 1988 1681 ipso

420 1712 722 1776 vellicatur,
758 1725 1043 1765 mammam
1096 1707 1356 1777 porrigit;
1407 1721 1510 1759 non
1557 1715 1615 1758 ut
1657 1704 1859 1758 nutriat
1909 1703 1990 1756 in-

420 1805 644 1866 fantem,
687 1802 780 1856 sed
839 1809 897 1853 ut
931 1801 1108 1869 ipsum
1165 1797 1452 1866 eiulantem
1522 1796 1693 1851 sedet.
1764 1795 1828 1848 Et
1872 1793 1992 1862 qui-

2401 980 2510 1032 ΕΙΣ
2549 979 2685 1033 ΤΟΝ
2716 980 2832 1048 ξΝΘ¹
2870 980 3163 1033 ΨΑΛΜΟΝ
3209 981 3345 1050 (52).

2160 1069 2180 1120 1
2197 1112 2210 1123 .
2238 1070 2379 1140 Πρὸς
2403 1071 2463 1122 τὸ
2492 1070 2768 1140 πρόθυμον
2781 1071 3065 1142 ἀφορῶντα
3077 1073 3174 1142 τῆς
3190 1072 3465 1143 ὑμετέρας
3477 1075 3662 1141 ἀκοῆς,

2092 1163 2187 1215 καὶ
2219 1163 2280 1215 τὸ
2304 1163 2402 1232 τῆς
2427 1161 2663 1232 ἐμαυτοῦ
2687 1163 2965 1232 δυνάμεως
2989 1162 3229 1227 ἀσθενὲς,
3255 1164 3471 1234 ὑπῆλθέ
3501 1168 3570 1235 μέ
3591 1184 3666 1229 τις

2089 1255 2251 1307 εἰκὼν
2281 1254 2490 1307 παιδίου
2517 1252 2902 1322 νεανικωτέρου
2925 1251 3125 1310 λοιπὸν.
3148 1253 3295 1306 οὔπω
3320 1255 3515 1324 μέντοι
3543 1259 3669 1309 ἀπο-

2090 1347 2619 1417 γεγαλακτισμένου,
2653 1344 2987 1416 διοχλοῦντος
3029 1345 3083 1398 δὲ
3128 1345 3237 1413 (55)
3267 1346 3366 1416 τὴν
3404 1349 3670 1417 μητρῴαν

2085 1439 2260 1510 θηλὴν
2306 1439 2398 1492 ὑπ’
2433 1439 2745 1510 ἀρρωστίας
2778 1438 3193 1508 κατεψυγμένην
3215 1455 3227 1468 ·
3258 1432 3301 1506 ᾧ
3330 1442 3435 1493 κᾶν
3479 1442 3671 1494 αἰσθά-

2084 1545 2244 1599 νηται
2273 1532 2306 1599 ὴ
2348 1531 2529 1601 μήτηρ
2575 1529 2742 1600 ξηρὰς
2783 1529 2978 1600 ἔχουσα
3019 1531 3115 1593 τὰς
3150 1532 3331 1602 πηγὰς
3364 1532 3462 1584 τοῦ

2087 1639 2246 1686 κτος,
2308 1623 2570 1692 ἑλκομένη
2641 1622 2736 1674 κα).
2810 1623 3228 1692 σπαρασσομένη
3302 1625 3436 1693 παρ’
3503 1624 3670 1676 αὐτοῦ

2084 1715 2176 1768 τὸν
2225 1714 2394 1784 μαζὸν
2444 1713 2780 1767 ἐπιδίδωσιν
2824 1715 2922 1784 οὐχ
2973 1715 3059 1766 ἵνα
3112 1714 3283 1784 θρέψῃ
3337 1715 3399 1767 τὸ
3446 1718 3670 1785 νήπιον,

2089 1803 2204 1857 ἀλλ’
2247 1803 2333 1857 ἵνα
2387 1802 2570 1876 παύσῃ
2621 1801 3170 1873 κλαυθμυριζόμενον.
3222 1804 3330 1855 Καὶ
3381 1804 3572 1855 τοίνυν
3627 1806 3670 1855 εἰ

413 1898 540 1950 dem
592 1893 805 1948 tametsi
849 1893 994 1946 vires
1060 1900 1256 1944 nostra:
1320 1889 1476 1958 longa
1551 1886 1712 1957 189
1765 1885 1868 1940 hac
1925 1899 1988 1939 ac

2101 1895 2182 1949 καὶ
2215 1894 2282 1947 τὰ.
2310 1867 3036 1965 ἡμέτεραικατεξηραμμέντα
3063 1895 3125 1962 τῇ
3158 1895 3340 1963 μακρᾷ
3370 1893 3551 1964 ταύτῃ
3580 1897 3671 1947 καὶ

417 1987 570 2040 varia
635 1984 878 2050 corporis
925 1983 1242 2052 aegritudine
1285 1991 1644 2045 exaruerunt,
1713 1977 1988 2031 nihilomi-

422 2091 525 2130 nus
594 2085 772 2130 tamen
833 2083 1032 2144 praesto
1107 2082 1232 2128 sunt
1308 2072 1493 2133 vobis,
1556 2085 1658 2124 non
1712 2069 1986 2123 ministra-

421 2179 556 2222 tnrze
603 2167 826 2221 delicias
878 2165 1126 2228 eximias,
1165 2163 1256 2218 sed
1317 2165 1460 2232 quod
1522 2170 1789 2230 utcunque
1836 2161 1987 2215 vobis

419 2256 737 2312 satisfacere
778 2257 946 2325 possit
981 2272 994 2308 :
1027 2254 1227 2322 quippe
1273 2252 1472 2306 amoris
1511 2250 1674 2305 vestri
1723 2250 1988 2317 magnitu-

421 2349 536 2404 dini
582 2349 714 2402 satis
749 2357 851 2414 est,
883 2347 927 2400 si
963 2345 1044 2401 vel
1085 2345 1196 2400 sola
1248 2358 1376 2399 voce
1420 2343 1742 2397 desiderium
1796 2343 1849 2395 in
1903 2356 1987 2394 me

419 2449 664 2494 vestrum
701 2439 952 2494 leniatur.
985 2436 1260 2492 Salutetur
1306 2436 1468 2506 igitur
1502 2435 1593 2488 Dei
1638 2435 1891 2495 Ecclesia.
1924 2449 1986 2487 ac

421 2532 604 2584 dicere
637 2530 808 2584 discat
841 2529 982 2598 quod
1015 2529 1172 2582 modo
1203 2528 1512 2597 legebamus
1546 2547 1557 2580 :
1590 2527 1750 2580 Vens.
1784 2527 1868 2579 15.
1904 2525 1984 2578 Da

423 2623 571 2680 nobis
607 2624 870 2680 auxilium
894 2624 958 2676 de
982 2621 1316 2675 tribulatione
1350 2638 1366 2674 :
1393 2630 1441 2673 et
1472 2637 1608 2673 vana
1636 2620 1778 2673 salus
1817 2619 1986 2672 homi-

423 2715 523 2768 nis.
567 2714 743 2781 Quare
786 2713 1032 2769 fortassis
1079 2728 1146 2768 ne
1191 2713 1401 2768 causari
1442 2713 1656 2782 quidem
1699 2711 1984 2764 inﬁrmita-

424 2815 533 2859 tem
567 2804 697 2859 sinit
734 2803 924 2874 psalmi
962 2804 1222 2858 sententia
1256 2823 1267 2854 :
1299 2801 1567 2870 siquidem
1606 2800 1842 2865 afﬂictio,
1881 2815 1984 2854 non

423 2895 719 2951 debilitatis
766 2905 1058 2964 praeteritus
1107 2895 1358 2948 auxilium
1403 2909 1668 2963 opemque
1708 2893 1982 2949 conciliat.

425 2988 527 3057 Qui
570 3003 700 3059 ergo
746 2996 872 3041 sunt
914 2985 1111 3056 repulsi
1165 2988 1232 3040 ob
1272 2996 1518 3056 peccata,
1553 3002 1616 3040 ac
1662 2985 1852 3039 deinde
1891 2984 1985 3040 Dci

424 3081 796 3137 misericordia
830 3095 1016 3134 rursus
1055 3079 1295 3140 admissi,
1328 3078 1391 3131 iis
1426 3077 1588 3132 fuerit
1628 3087 1984 3147 opportunum

2090 1985 2307 2056 ποικίλῃ
2367 1983 2460 2036 τοῦ
2510 1982 2756 2053 σώματος
2806 1984 3105 2055 ἀρρωστία,
3165 1985 3311 2054 ὅμως
3377 1988 3671 2056 πρόκειται

2090 2076 2237 2145 ὑμῖν,
2279 2075 2378 2127 οὐκ
2423 2074 2718 2127 ἀπόλαυσιν
2766 2074 3059 2142 ἀξιόλογον,
3102 2075 3235 2128 ἀλλά
3290 2076 3668 2148 πληροφορίαν

2086 2166 2209 2218 τινὰ
2247 2167 2616 2237 παρεχόμενα,
2669 2167 2801 2220 διότι
2845 2168 2943 2237 τῆς
2973 2167 3190 2236 ἀγάπης
3221 2169 3375 2237 ὑμῶν
3406 2171 3464 2221 τὸ
3493 2172 3666 2239 ὑπερ-

2087 2258 2277 2310 ϐάλλον
2309 2258 2557 2328 ἀρκεῖται
2596 2258 2690 2310 καὶ
2716 2258 2850 2331 μόνῃ
2878 2261 2943 2330 τῇ
2978 2261 3126 2329 φωνῇ
3162 2259 3250 2311 τὸν
3283 2259 3368 2326 ἐφ’
3399 2262 3537 2329 ἡμῖν

2086 2349 2176 2402 θον
2209 2349 2319 2417 (54)
2370 2349 2767 2419 καταπραῧναι.
2818 2350 3198 2420 Προσειρήσθω
3245 2352 3424 2402 τοίνυν
3479 2355 3517 2423 ἡ
3575 2352 3664 2404 τοῦ

2086 2440 2221 2493 Θεοῦ
2270 2440 2583 2510 Ἐκκλησία,
2609 2441 2703 2494 καὶ
2733 2441 3063 2494 διδασκέσθω
3091 2441 3266 2509 λέγειν
3290 2443 3430 2514 ὅπερ
3460 2443 3665 2514 ἀρτίως

2087 2531 2369 2600 ἐλέγομεν·
2397 2530 2507 2596 Δὸς
2534 2532 2676 2601 ἡμῖν
2701 2533 2989 2597 ,βοήθειαν
3023 2535 3091 2586 ἐκ
3116 2536 3397 2602 θλίψεως,
3427 2536 3530 2588 καὶ
3560 2552 3666 2604 μαρ-

2085 2622 2220 2675 ταία
2239 2623 2496 2690 σωτηρία
2520 2621 2850 2690 ἀνθρώπου.
2879 2624 3037 2676 Ὥστε
3058 2625 3196 2694 τάχα
3220 2626 3339 2677 οὐδὲ
3363 2626 3426 2678 τὸ
3455 2644 3665 2697 προφαι-

2089 2713 2331 2777 σίζεσθαι
2364 2714 2674 2785 ἀρρωστίαν
2707 2715 2834 2783 ἡμῖν
2868 2715 3018 2783 ήτοῦ
3051 2715 3264 2784 ψαλμοῦ
3291 2716 3504 2770 διάνοια
3543 2735 3665 2784 συγ-

2088 2807 2270 2877 χωρεῖ,
2301 2806 2456 2876 είπερ
2489 2808 2521 2876 ἡ
2557 2805 2733 2875 θλίψις
2775 2805 3023 2875 βοηθείας
3072 2807 3346 2879 πρόξενος,
3401 2810 3519 2862 ἀλλ’
3570 2811 3663 2862 οὐκ

2089 2897 2372 2961 ἀσθενείας
2419 2899 2566 2951 ὲστὶν
2614 2899 2856 2969 ἀφορμή.
2906 2900 3028 2962 Τοῖς
3060 2896 3149 2952 οὖν
3191 2901 3547 2970 ἀπωσμένοις
3583 2903 3663 2956 διὰ

2088 2990 2185 3053 τάς
2214 2990 2509 3061 ἁμαρτίας,
2533 2984 2650 3042 εἶτα
2669 2990 2756 3042 διά
2779 2990 3179 3060 φιλανθρωπίαν
3203 2990 3336 3044 Θεοῦ
3363 2993 3479 3062 (55)
3507 2992 3664 3045 πάλιν

2088 3079 2492 3150 προσδεχθεῖσιν
2554 3079 2807 3151 εὔκαιρον
2849 3079 3055 3146 λέγειν·
3115 3081 3168 3132 ’0
3226 3081 3394 3146 Θεὸς,
3446 3080 3664 3135 ἀπιὶισω

425 3175 605 3228 dicere
640 3192 653 3226 :
691 3173 852 3228 Vens.
883 3171 936 3225 '5.
977 3171 1140 3235 Deus,
1176 3169 1410 3238 repulisti
1445 3184 1558 3228 nos.
1590 3179 1636 3221 et
1682 3169 1986 3222 destruxisti

2101 3168 2264 3238 ἡμᾶς,
2300 3169 2398 3223 καὶ
2427 3169 2698 3236 καθεῖλες
2738 3170 2925 3240 ἡμᾶς’
2975 3171 3290 3240 ὠργίσθης,
3337 3174 3435 3224 καὶ
3465 3175 3661 3237 ᾠκτεί-

426 3281 519 3318 nos
551 3266 759 3323 :iratus
811 3278 883 3325 es.
915 3270 964 3316 et
1016 3263 1258 3318 misertus
1312 3277 1364 3314 es
1419 3260 1602 3313 nostri.
1651 3259 1740 3314 Vel
1787 3261 1986 3329 potius,

426 3354 679 3425 quoniam
736 3355 802 3410 de
857 3353 1044 3422 psalmi
1099 3352 1368 3408 sententia
1409 3351 1596 3405 incidit
1635 3367 1834 3416 sermo,
1871 3367 1988 3421 age,

427 3446 817 3515 expositionem
847 3445 965 3514 ejus
993 3443 1329 3512 aliquatenus
1361 3443 1707 3513 attingamus.

497 3541 552 3595 2.
595 3538 829 3598 Historia
861 3538 1141 3608 praesentis
1171 3537 1382 3607 psalmi,
1414 3537 1480 3590 ad
1503 3537 1724 3591 verbum
1752 3537 1989 3606 quidem,

429 3637 722 3692 secundum
759 3632 1187 3702 inscriptionem,
1221 3645 1481 3701 nusquam
1518 3632 1617 3685 hoc
1659 3641 1898 3701 tempore
1939 3631 1990 3685 in

430 3729 649 3782 traditis
667 3727 922 3781 divinitus
947 3724 1189 3779 historiis
1219 3723 1510 3779 invenitur.
1536 3723 1784 3778 Attamen
1814 3723 1990 3791 aliqua

428 3821 558 3876 huic
582 3832 689 3872 non
717 3816 940 3885 imparia
974 3815 1041 3867 ab
1072 3813 1139 3870 iis
1165 3813 1257 3882 qui
1287 3812 1573 3882 diligenter
1614 3812 1913 3880 inquirunt,
1939 3812 1990 3866 in

428 3911 667 3972 secundo
709 3909 1016 3974 Regnorum
1064 3905 1203 3959 libro
1245 3904 1601 3973 reperientur,
1635 3905 1686 3958 in
1723 3919 1829 3974 quo
1861 3904 1996 3958 scri-

431 4010 578 4072 ptum
602 4009 688 4054 est
735 4017 750 4052 :
783 3999 846 4051 Et
871 3996 1119 4063 percussit
1173 3994 1343 4050 David
1370 3993 1609 4046 Adrazar
1629 3993 1796 4060 ﬁlium
1824 3992 1993 4058 Raab,

430 4110 602 4162 regem
632 4089 790 4153 Saba,
828 4106 944 4143 cum
987 4089 1081 4142 iret
1122 4090 1231 4153 ipse
1270 4086 1338 4138 ad
1381 4085 1746 4150 imponendum
1782 4101 1992 4136 manum

431 4201 582 4237 suam
632 4199 787 4252 super
831 4183 1024 4252 ﬂumen
1065 4179 1404 4248 Euphratem.
1441 4177 1506 4230 Et
1555 4178 1683 4245 cepit
1718 4176 1886 4230 David
1930 4178 1995 4232 de

433 4275 584 4328 rebus
617 4273 729 4340 ejus
759 4273 899 4326 mille
933 4287 1140 4334 currus,
1173 4279 1219 4324 et
1252 4280 1445 4338 septem
1481 4266 1647 4321 millia
1672 4267 1923 4337 equitum,
1945 4276 1995 4321 et

431 4362 615 4431 uiginti
659 4363 825 4415 millia
867 4362 1096 4415 virorum
1140 4361 1391 4429 peditum.
1441 4359 1502 4412 Et
1551 4359 1786 4413 dissoluit
1825 4359 1994 4414 David

435 4467 609 4505 omnes
647 4467 853 4512 currus,
883 4460 930 4502 et
969 4448 1240 4517 dereliquit
1286 4463 1350 4500 ea:
1381 4448 1455 4499 eis
1495 4456 1700 4498 centum
1730 4462 1914 4499 currus
1949 4447 1990 4498 ".

2084 3275 2281 3331 ρησας
2306 3259 2487 3329 ἡμᾶς.
2516 3262 2730 3318 Μᾶλλον
2761 3262 2836 3326 δὲ,
2864 3262 3048 3332 ἐπειδὴ
3077 3264 3155 3325 εἰς
3182 3263 3506 3317 ἀκολουθίαν
3537 3268 3568 3318 ὁ
3587 3266 3663 3317 λόε

2091 3369 2184 3420 γος
2217 3354 2314 3422 τῆς
2341 3353 2434 3407 τοῦ
2459 3353 2673 3424 ψαλμοῦ
2707 3354 2942 3418 διανοίας
2972 3356 3211 3421 ἐνέπεσε,
3241 3356 3402 3426 δεῦρο
3433 3360 3663 3428 μετρίως

2091 3441 2352 3512 ἁψώμεθα
2385 3442 2546 3496 αὑτοῦ
2569 3443 2667 3512 τῆς
2699 3443 3028 3514 ἐξηγήσεως.

2159 3530 2213 3586 2.
2261 3531 2323 3582 Ἦ
2355 3531 2564 3601 ἱστορία
2599 3530 2692 3582 τοῦ
2725 3531 3082 3602 προκειμένου
3123 3532 3338 3603 ψαλμοῦ
3390 3533 3662 3596 αὑτολεξεὶ

2096 3623 2215 3690 μὲν,
2262 3622 2401 3674 κατά
2437 3623 2534 3692 τὴν
2567 3622 2899 3694 ἐπιγραφὴν,
2928 3623 3138 3676 οὐδέπω
3184 3626 3276 3677 καὶ
3319 3624 3413 3678 νῦν
3443 3624 3663 3697 εὓρηται

2094 3729 2195 3764 που
2235 3713 2459 3783 κειμένη
2503 3712 2609 3766 τῶν
2657 3713 3024 3767 θεοπνεύστων
3054 3715 3334 3786 ἱστοριῶν·
3377 3717 3450 3769 τὰ
3485 3719 3662 3788 μέντοι

2097 3804 2515 3874 ἰσοδυναμοῦντα
2552 3806 2688 3875 αὐτῇ
2711 3807 2823 3868 τοῖς
2855 3805 3152 3874 φιλοπόνως
3189 3808 3488 3877 ἐρευνῶσιν
3517 3811 3578 3861 ὲν
3601 3812 3660 3877 τῇ

2093 3897 2320 3968 δευτέρᾳ
2379 3897 2545 3968 βίϐλῳ
2593 3897 2699 3950 τῶν
2749 3897 3041 3952 Βασιλειῶν
3106 3897 3490 3970 εὑρεθήσεται,
3546 3895 3662 3973 ὲνῇ

2094 3989 2428 4058 γέγραπται·
2455 3989 2563 4042 Καὶ
2587 3987 2842 4053 ἐπάταξε
2874 3988 3047 4041 Δαϐὶδ
3086 3989 3192 4042 τὸν
3230 3990 3505 4058 Ἁδραζῖῑρ
3539 3991 3663 4045 υἱὸν

2105 4081 2287 4136 Ῥαὰϐ
2319 4081 2452 4151 (56),
2495 4080 2756 4145 βασιλέα
2791 4078 2974 4144 Σωσᾶ,
3022 4080 3430 4154 πορευομένου
3483 4079 3663 4135 αὑτοῦ

2093 4174 2414 4242 ἐπιστῆσαι
2442 4174 2555 4242 τὴν
2576 4173 2740 4242 χεῖρα
2769 4173 2953 4228 αὐτοῦ
2988 4174 3082 4227 ἐπὶ
3113 4172 3220 4226 τὸν
3251 4173 3528 4242 ποταμὸν
3555 4174 3663 4226 Εὑ-

2094 4265 2345 4338 ςεράτην.
2371 4265 2478 4319 Kal
2512 4263 2978 4332 προκατελάϐετο
3005 4263 3181 4318 Δαΰὶδ
3214 4264 3335 4317 τῶν
3362 4265 3556 4318 αὐτοῦ
3580 4265 3658 4333 χίυ

2095 4361 2196 4411 λια
2223 4357 2470 4426 ἅρματα,
2495 4358 2590 4410 καὶ
2629 4356 2777 4410 ἑπτὰ
2813 4355 3086 4424 χιλιάδας
3107 4355 3356 4420 ἱππέων,
3387 4357 3491 4410 καὶ
3517 4357 3656 4410 εἴκοι

2097 4463 2160 4502 σι
2193 4447 2457 4517 χιλιάδας
2504 4448 2739 4517 ἀνδρῶν
2773 4448 2976 4508 πεζῶν.
3014 4447 3119 4500 Kal
3158 4447 3474 4515 παρέιυσε
3503 4445 3663 4501 Δαίτἱὸ

434 4541 500 4594 Et
530 4540 686 4609 paulo
716 4546 834 4608 post
860 4539 990 4592 dicit
1023 4558 1036 4592 :
1069 4536 1133 4589 Et
1165 4538 1392 4605 regnavit
1426 4535 1593 4589 David
1619 4552 1770 4604 super
1805 4535 1991 4597 Israel,

2101 4538 2292 4592 πάντα
2317 4541 2388 4594 τὰ
2419 4539 2663 4609 ἅρματα,
2691 4541 2788 4594 καὶ
2823 4540 3174 4594 ὑπελείπετο
3206 4538 3274 4602 ἐξ
3305 4538 3514 4592 αὐτῶν
3539 4540 3659 4591 ἑκα-

503 4655 523 4684 "
554 4651 594 4706 ll
623 4650 756 4722 Reg.
791 4667 903 4715 vm,
932 4652 985 4714 5,
1015 4652 1067 4704 4.

509 4744 622 4814 (52)
657 4746 830 4816 Editio
867 4745 1034 4816 Paris.
1089 4745 1196 4816 Τοῦ
1223 4745 1386 4798 αὑτοῦ
1418 4747 1496 4808 εἰς
1528 4746 1619 4798 τὸν
1657 4744 1734 4799 νθ¹
1767 4745 2000 4816 ψαλμόν.

437 4819 531 4878 Εἰς
553 4817 614 4868 τὸ
642 4815 792 4878 τέλος
827 4819 938 4876 τοῖς
972 4815 1491 4885 ἀλλοιωθησομένοις
1510 4833 1523 4846 ·
1550 4816 1630 4869 ἐτι
1676 4817 1754 4878 είς
1783 4815 1790 4816 ί
1815 4815 2006 4886 στηλο-

437 4887 677 4957 γραφίαν
704 4886 781 4955 τῷ
816 4886 979 4938 Δαϐὶδ
1005 4888 1084 4948 εἰς
1111 4885 1351 4957 διδαχὴν,
1385 4885 1544 4938 όπότε
1592 4886 1878 4957 ἐνεπύρισε
1906 4885 2005 4956 τὴν

437 4904 473 4954 γ
514 4904 677 4953 αφιαν
704 4904 781 4955 τῳ
816 4904 979 4938 nauta
1005 4904 1084 4948 εις
1111 4904 1351 4956 οιοαχην,
1385 4904 1544 4938 οποτε
1592 4904 1878 4957 ενεπυρισε
1908 4905 2005 4956 την

437 4904 862 5026 Μρεσοποταμίαν
916 4957 1135 5026 Συρίας,
1162 4959 1256 5008 καὶ
1298 4956 1396 5025 τὴν
1456 4957 1654 5026 Συρίαν
1688 4957 1869 5026 ῨΣοϐἄ,
1915 4959 2006 5009 καί

438 5025 774 5097 ἐπέστρεψεν
811 5025 1004 5087 ’1ωά6,
1050 5026 1416 5097 καῖίὲπὰταξλε
1456 5025 1545 5097 τὸν
1587 5025 1762 5097 Ἐδὼμ
1829 5029 1888 5079 ὲν
1937 5029 2002 5096 τῇ

441 5095 684 5166 φάραγγι
714 5097 824 5166 τῶν
865 5097 1054 5158 Ἀλῶν,
1082 5096 1285 5149 δώδεκα
1324 5095 1582 5165 χιλιάδας.
1616 5095 1680 5149 In
1727 5097 1880 5164 ﬁnem
1941 5095 2004 5148 iis

439 5165 531 5236 qui
571 5165 1024 5230 immutabuntur;
1068 5168 1240 5219 adhuc
1301 5168 1354 5218 in
1411 5167 1551 5219 tituli
1611 5167 2002 5236 inscriptionem

439 5235 543 5298 ipsi
573 5237 743 5290 David
780 5236 834 5288 in
865 5237 1181 5300 doctrinam,
1215 5253 1332 5289 cum
1379 5237 1642 5289 succendit
1702 5235 2001 5302 Mesopota-

443 5307 606 5359 miam
637 5306 830 5376 Syriae,
865 5318 910 5360 et
939 5307 1150 5376 Syriam
1175 5375 1180 5376 ί
1201 5305 1363 5376 Saba,
1395 5317 1442 5358 et
1493 5307 1738 5358 conuertit
1767 5305 1923 5376 Joab.
1955 5316 2002 5359 et

481 5375 696 5431 ercussit
725 5375 894 5429 Edom
923 5375 1132 5430 invalle
1156 5375 1484 5437 Salinarum,
1513 5375 1782 5429 duodecim
1812 5375 1999 5428 millia.

481 5392 696 5431 ercussu
725 5392 894 5429 uaom
923 5394 975 5428 in
1002 5392 1132 5430 vaue
1156 5392 1484 5437 cannarum,
1513 5392 1782 5429 auoaecim
1812 5392 1998 5428 mima.

443 5392 546 5498 {lic
567 5445 750 5499 titulus
786 5461 955 5513 neque
980 5448 1031 5498 in
1061 5447 1258 5499 nostris
1289 5447 1533 5499 undecim
1567 5460 1696 5498 mss.
1734 5461 1904 5512 neque
1949 5448 1998 5497 in

446 5514 679 5570 editione
727 5515 1021 5570 Basilecnsi
1064 5515 1350 5583 reperitur.
1402 5514 1605 5568 Idcirco
1639 5524 1814 5568 autem
1845 5514 1998 5568 addi~

450 5589 560 5655 tum
593 5599 716 5655 eum
751 5585 914 5640 l'uisse
945 5601 973 5638 a
1003 5585 1348 5655 typograpbis
1372 5593 1639 5655 putamus,
1672 5584 1813 5653 quod
1863 5585 1995 5639 lucis

452 5649 647 5722 aliquid
674 5654 951 5709 Basiliana:
981 5649 1342 5722 eiplaitatiuni
1372 5649 1564 5707 inferre
1592 5649 1858 5707 videatur.

523 5721 630 5788 (55)
663 5723 733 5775 Ita
769 5723 915 5792 Regii
943 5721 1226 5789 secundus,
1265 5725 1449 5778 tertius
1471 5734 1519 5778 et
1563 5736 1807 5793 quartus.
1843 5726 1996 5779 Deest

2110 4747 2168 4800 δέ
2192 4745 2245 4797 in
2288 4744 2470 4797 multis
2495 4741 2614 4795 aliis
2635 4755 2762 4793 mss.
2790 4750 2842 4793 et
2874 4739 2926 4791 in
2961 4739 3135 4793 editis.

2179 4816 2291 4885 (54)
2320 4813 2507 4885 Editio_
2545 4811 2708 4885 liasil.
2741 4821 2790 4885 et
2835 4809 2996 4885 Regii
3046 4807 3591 4885 secupdushtertius
3614 4819 3658 4885 et

2110 4878 2292 4938 Scitus
2323 4897 2441 4936 cum
2468 4882 2619 4936 Colb.
2661 4881 2821 4934 tertio
2850 4879 2941 4934 τὸν
2981 4880 3062 4946 ἐφ’
3091 4879 3218 4946 ὑμῖν
3269 4878 3462 4932 πόθον.
3500 4879 3662 4932 Editiu

2111 4953 2286 5007 Paris.
2319 4962 2373 5005 et
2396 4952 2548 5004 multi
2584 4950 2672 5002 alii
2703 4965 2830 5002 mss.
2858 4948 2950 5000 τὸν
2988 4949 3073 5018 ἐφ’
3110 4949 3239 5018 ἡμῖν
3272 4948 3462 5002 πόθον.

2183 5024 2295 5103 (55)
2324 5023 2435 5103 Illa,
2475 5021 2562 5073 διὰ
2595 5018 3002 5103 φιλανθρωπίαν
3020 5017 3191 5103 θεοῦ,
3220 5017 3658 5103 impunitum-ano

2112 5088 2316 5147 notavit
2364 5091 2588 5145 Duczcns
2612 5088 2701 5142 ‘ex
2738 5088 2946 5157 Anglic.
2982 5099 3035 5141 et
3071 5088 3210 5142 Oliv.
3248 5088 3431 5139 addita
3457 5156 3460 5157 ν
3487 5088 3656 5141 fuisse.

2108 5167 2384 5217 Annotare
2412 5169 2655 5214 nostrum
2687 5168 2790 5222 est,
2815 5156 2916 5211 lioc
2939 5159 3080 5212 idem
3115 5167 3168 5208 et
3196 5158 3247 5208 in
3291 5156 3499 5209 nostris
3541 5173 3637 5223 quo

2107 5250 2209 5302 qne
2244 5231 2518 5302 codicibus
2550 5230 2797 5302 inveniri.
2823 5227 2966 5282 lnl‘ra
2995 5241 3092 5297 pro
3120 5225 3435 5296 ἐξηγήσεως
3489 5226 3662 5296 legitur

2106 5299 2157 5358 i'n
2197 5301 2522 5374 Heg-__t¢rti0
2548 5299 2873 5374 ἒιηγήσεαξςι
2953 5367 3008 5374 ._
3067 5365 3122 5374 .-
3193 5363 3328 5374 η...
3410 5363 3448 5374 .-
3518 5365 3529 5374 .

2178 5363 2492 5443 (56)“Editio
2547 5363 2720 5443 Pari-5'.
2769 5367 2882 5443 uibv
2953 5365 3146 5443 Ἱξαάϐἐ
3189 5363 3368 5443 Ediu’p
3409 5363 3570 5443 Basil.
3618 5374 3662 5412 ct

2106 5434 2216 5497 tres
2250 5434 2380 5496 mss.
2414 5440 2525 5492 υἱὸν
2567 5438 2758 5504 Ῥαάφ.
2793 5437 2862 5490 At
2910 5437 3075 5490 codex
3108 5434 3354 5489 Combef.
3386 5444 3441 5488 et
3463 5434 3552 5487 alii
3579 5447 3658 5485 se;

2105 5527 2238 5566 n'tss.
2289 5513 2402 5562 υἱὸν
2461 5508 2651 5562 Μωάὸ.
2688 5506 2884 5560 Ibidem
2928 5506 3056 5560 editi
3108 5515 3162 5560 et
3208 5504 3365 5558 Colb.
3417 5505 3662 5572 septimus

2106 5581 2366 5653 βασιλέως
2395 5579 2570 5653 Σωϐᾄι.
2595 5578 2700 5653 Sed
2721 5577 2856 5632 Oliv.
2885 5586 2936 5632 et
2954 5575 3164 5647 Anglic.
3193 5587 3314 5629 cum
3344 5573 3467 5628 aliis
3494 5575 3659 5629 decent

2105 5649 2235 5708 inss.
2273 5649 2498 5722 βασιλέα
2524 5649 2698 5703 Σωϐἄ.
