3836 6222
253 306 372 364 461

1406 309 1685 365 ΠΟΜΙΙΛΑ
1725 310 1789 364 IN
1832 310 2158 365 PSAIMUM
2197 310 2327 364 LIX.

3392 315 3496 368 462

252 431 378 484 τὸν
400 428 646 497 ἅρματα.
702 427 810 480 Καὶ
850 429 987 498 μετὰ
1031 429 1235 499 βραχέα
1267 429 1442 496 λέγει·
1485 429 1593 482 Καὶ
1635 429 1836 482 ἐϐασί-

1946 439 1986 480 et
2020 439 2130 480 erat
2161 429 2327 484 David
2371 427 2568 496 faciens
2611 426 2861 494 iudicium
2883 435 2932 481 et
2968 428 3248 496 justitiam,
3285 440 3331 483 et
3360 430 3494 487 Joab

257 527 460 576 ,λευσε
486 521 596 590 (57)
619 519 792 572 Δαὸὶδ
810 519 910 572 ἐπὶ
949 519 1215 588 Ἰσραὴλ,
1234 521 1331 573 καὶ
1358 516 1436 590 ἦν
1457 519 1630 573 Δαϐὶδ
1655 519 1838 573 ποιῶν

258 613 450 681 κρίμα
474 610 570 664 καὶ
599 611 1011 678 δικαιοσύνην,
1055 612 1150 664 καὶ
1195 611 1364 664 Ἰωὰϐ
1392 610 1519 676 υἱὸς
1551 611 1839 678 Σαρουΐας

257 699 371 751 ἐπὶ
397 697 506 766 τῆς
529 696 828 765 στρατιᾶς.
854 699 962 751 Καὶ
991 699 1104 768 μετ’
1126 698 1280 763 ὀλίγα
1299 716 1311 728 ο
1345 699 1451 752 Καὶ
1477 699 1840 753 ἀπέστειλαν

260 791 324 842 οι
381 789 495 842 υἱοὶ
560 786 799 857 Ἀμμὼν,
844 789 941 841 καὶ
997 789 1402 858 ἐμισθώσαντο
1450 787 1564 857 τὴν
1621 790 1842 856 Συρίαν

278 880 463 935 Ῥοὼϐ
485 880 616 951 (58),
645 881 741 934 καὶ
772 879 886 949 τὴν
909 881 1130 948 Συρίαν
1159 879 1323 933 Σωϐίῐ
1349 881 1541 933 εἴκοσι
1568 880 1841 949 χιλιάδας

261 972 511 1041 ἀνδρῶν
529 990 542 1003 ο
567 973 663 1026 καὶ
680 971 838 1027 εἶδεν
875 973 1057 1037 Ἰωὰϐ,
1085 973 1172 1026 ὅτι
1198 971 1448 1040 ἐγενήθη
1483 972 1630 1040 πρὸς
1657 971 1842 1026 αὐτὸν

263 1065 731 1132 ἀντιπρόσωπον
751 1065 854 1118 τοῦ
880 1065 1163 1132 πολέμου,
1193 1065 1291 1117 καὶ
1320 1065 1607 1128 ἐπέλεξεν
1629 1063 1738 1134 (59)
1772 1064 1839 1116 ἐκ

266 1155 516 1209 πάντων
547 1155 664 1208 τῶν
680 1155 825 1210 υἱῶν
863 1154 1116 1223 Ἰσραὴλ,
1152 1156 1249 1208 καὶ
1285 1155 1689 1223 παρετάξαντο
1728 1155 1838 1227 (40)

263 1248 617 1313 ἐξεναντίας
659 1248 892 1314 Σιφίας.
959 1247 1067 1302 Καὶ
1112 1244 1273 1301 εῖδον
1314 1252 1368 1302 οἱ
1405 1248 1608 1303 δοῦλοι
1647 1250 1840 1317 Ἄδρα-

267 1336 396 1406 (ap,
435 1335 522 1390 ὅτι
561 1337 851 1390 ἔπταισαν
885 1337 1168 1391 ἀπέναντι
1207 1337 1465 1406 Ἰσραὴλ,
1521 1340 1617 1392 καὶ
1661 1343 1831 1406 ηὐτο-

260 1432 554 1496 μόλησαν
604 1429 700 1482 ἐπὶ
775 1427 1027 1495 Ἰσραὴλ,
1065 1429 1160 1481 καὶ
1199 1429 1572 1484 ἐδούλευσαν
1615 1431 1836 1496 αὐτοῖς.

267 1520 458 1592 Ταύτῃ
507 1523 574 1590 τῇ
620 1522 888 1590 περικοπῇ
935 1519 1046 1589 (41)
1091 1519 1189 1590 τῆς
1238 1520 1475 1591 ἱστορίας
1516 1521 1841 1591 εὑρίσκομεν

267 1612 375 1682 τὴν
407 1612 713 1682 ἐπιγραφὴν
745 1610 837 1664 τοῦ
875 1611 1089 1682 ψαλμοῦ
1133 1612 1562 1682 συμϐαίνουσανο
1603 1613 1742 1684 πλήν
1775 1631 1839 1682 γε

267 1707 359 1758 ὃτι
384 1707 413 1758 ὁ
440 1705 625 1774 χρόνος
652 1705 768 1756 ἐστὶ
797 1704 896 1772 τῆς
927 1705 1327 1776 στηλογραφίας
1359 1707 1579 1777 ταύτης,
1633 1707 1754 1760 καθ’
1781 1708 1840 1761 ὃν

267 1797 652 1868 λαμπρότατος
688 1797 876 1850 ἑαυτοῦ
917 1797 1010 1850 καὶ
1057 1798 1511 1869 περιφανέστατος
1541 1796 1610 1870 ἦν
1649 1801 1706 1852 ὲν
1729 1804 1841 1864 τοῖς

270 1888 419 1943 κατὰ
454 1889 682 1960 πόλεμον
715 1889 1193 1960 ἀνδραγαθήμασιν
1222 1891 1250 1941 ὁ
1276 1891 1455 1944 Δαϐίδ.
1492 1892 1650 1944 Ὥστε
1677 1890 1842 1963 ζητή-

272 1998 417 2045 σεως
453 1981 620 2047 ἄξιον,
657 1981 771 2045 πῶς
806 1981 911 2034 ἀπὸ
949 1981 1195 2052 ὀδυρμῶν
1238 1983 1330 2035 καὶ
1355 1980 1568 2053 θρήνων
1593 1983 1837 2054 ἄρχεται,

267 2073 392 2126 δέον
422 2073 687 2143 περιχαρῆ
721 2069 859 2126 εἶναι
891 2074 984 2125 καὶ
1021 2072 1251 2144 εὔθυμον
1292 2073 1383 2126 ἐπὶ
1434 2077 1541 2138 τοῖς
1567 2074 1840 2147 κατορθώ-

273 2181 463 2234 μασιν.
499 2163 686 2215 Ἀλλαι
732 2163 840 2234 γὰρ
890 2163 1250 2234 ἑορταζόντων
1296 2167 1488 2233 φωναὶ,
1546 2167 1637 2219 καὶ
1682 2167 1840 2221 ἄλλαι

271 2253 791 2325 σκυθρωπαζόντων.
829 2255 1095 2308 Ἐπινίκια
1119 2255 1174 2308 δὲ
1198 2257 1388 2328 ἑορτῆς
1418 2258 1668 2322 ὑπόθεσις
1702 2277 1839 2314 παν-

267 2345 465 2415 δήμου,
518 2345 577 2397 οὺ
625 2345 980 2416 στρατιώταις
1025 2346 1202 2415 μόνον,
1249 2347 1383 2401 ἀλλὰ
1432 2350 1524 2402 καὶ
1553 2354 1838 2422 γεωργοῖς,

270 2437 372 2490 καὶ
405 2435 684 2508 ἐμπόροις,
712 2437 803 2490 καὶ
833 2438 1218 2508 χειροτέχναις,
1255 2440 1348 2492 καὶ
1381 2442 1515 2492 πᾶσι
1557 2443 1667 2504 τοῖς
1707 2459 1840 2511 μετ-

270 2529 461 2598 έχουσι
514 2528 620 2581 τῶν
666 2528 883 2597 ἀγαθῶν
931 2531 1029 2598 τῆς
1050 2531 1288 2601 εἰρήνης.
1334 2532 1459 2594 Πῶς
1498 2529 1590 2586 οὖν
1619 2533 1749 2605 (42),
1787 2536 1841 2586 Ὁ

270 2618 442 2685 Θεὸς,
476 2619 694 2672 ἀπώσω
717 2618 892 2689 ἡμᾶς,
924 2620 1020 2673 καὶ
1052 2620 1320 2686 καθεῖλες
1356 2621 1546 2690 mirio;
1581 2625 1690 2676 Καὶ
1733 2625 1841 2695 μὴν

272 2711 638 2782 προσελάϐετο
664 2713 789 2774 τοὺς
815 2711 1180 2780 νενικηκότας.
1214 2713 1336 2775 Πῶς
1379 2713 1434 2766 δὲ
1464 2715 1708 2768 καθεῖλεν
1749 2716 1841 2780 οὒς

269 2803 525 2856 τοσοῦτον
551 2802 772 2875 ηὔξησε,
796 2803 1050 2874 προσθεὶς
1078 2805 1258 2867 αὐτοῖς
1283 2805 1442 2869 ὅπλα,
1473 2807 1566 2859 καὶ
1596 2807 1836 2878 ἅρματα,

270 2895 371 2947 καὶ
408 2892 626 2957 ἵππους,
661 2895 754 2948 καὶ
787 2895 1057 2964 ὑπηκόους
1095 2897 1188 2949 καὶ
1215 2895 1394 2966 χώραν
1427 2897 1715 2968 ὑπόφορον,
1743 2899 1839 2970 τὴν

285 2984 545 3057 ’Δραϐίαν
582 2986 780 3048 πᾶσαν,
813 2984 910 3056 τὴν
933 2986 1181 3056 Φοινικὴν
1215 2986 1344 3055 (45),
1377 2985 1474 3057 τὴν
1505 2988 1690 3059 Μέσην
1732 2988 1839 3042 τῶν

1941 519 2084 587 ﬁlius
2112 519 2314 574 Saruia:
2335 536 2490 584 super
2513 522 2792 574 exercitum
2819 522 2985 578 erat“.
3013 520 3120 575 Nec
3146 521 3312 575 multo
3337 535 3494 592 post:

1942 606 2008 660 Et
2046 609 2300 662 miserunt
2348 609 2449 677 lilii
2501 610 2738 672 Ammon,
2786 619 2832 662 et
2878 612 3106 664 mercede
3139 613 3498 669 conduxerunt

1947 698 2158 768 Syriam
2190 697 2388 762 Rhoob,
2414 710 2460 752 et
2493 699 2705 769 Syriam
2736 699 2878 753 Soba
2913 700 3094 768 viginti
3127 700 3291 754 millia
3325 702 3494 756 homi-

1942 806 2062 844 num
2092 807 2109 844 :
2133 801 2179 844 et
2208 791 2335 844 vidit
2362 789 2520 856 Joab,
2547 791 2684 861 quod
2709 800 2838 844 esset
2867 791 2934 844 ad
2962 809 3015 845 se
3046 794 3310 848 contraria
3335 793 3496 860 facies

1941 881 2142 951 prrelii;
2169 894 2215 936 et
2255 883 2405 952 elegit
2441 899 2504 936 ea:
2535 883 2772 936 omnibus
2809 881 2937 950 filiis
2982 882 3170 946 Israel,
3202 894 3248 936 et
3285 893 3494 937 struxe-

1942 982 2062 1026 runt
2085 974 2246 1026 aciem
2271 988 2335 1026 ea:
2363 973 2580 1026 adverso
2604 969 2791 1039 Syriw.
2825 969 2892 1023 Et
2919 972 3152 1024 viderunt
3174 973 3308 1025 servi
3325 971 3498 1025 Adra-

1941 1083 2054 1129 zar,
2080 1069 2218 1134 quod
2245 1066 2536 1118 ceciderunt
2567 1075 2687 1117 ante
2713 1063 2902 1128 Israel,
2930 1073 2979 1116 et
3006 1064 3395 1133 transfugerunt
3427 1067 3494 1118 ad

1941 1155 2134 1222 Israel,
2164 1165 2208 1208 et
2230 1155 2511 1209 servierunt
2537 1155 2610 1208 eis
2638 1155 2678 1208 °.
2704 1153 3107 1221 inscriptionem
3142 1154 3329 1222 psalmi
3372 1154 3497 1207 huic

1939 1248 2237 1318 fragmento
2282 1246 2519 1300 historia:
2555 1245 2850 1312 reperimus
2883 1245 3189 1308 convenire,
3227 1243 3328 1297 nisi
3356 1245 3497 1313 quod

1939 1339 2077 1392 tituli
2105 1336 2260 1403 hujus
2285 1335 2560 1406 inscriptio
2578 1336 2626 1389 id
2653 1344 2857 1404 tempus
2877 1345 3102 1404 spectat,
3121 1351 3226 1404 quo
3249 1335 3412 1389 David
3429 1336 3497 1389 ob

1940 1443 2027 1483 res
2055 1415 2194 1482 bello
2227 1427 2434 1482 fortiter
2465 1437 2660 1496 gestas,
2695 1426 2861 1482 multo
2896 1426 3225 1482 clarissimus
3269 1437 3387 1482 erat
3435 1442 3498 1481 ac

1941 1517 2355 1572 illustrissimus.
2376 1516 2550 1582 Quare
2571 1531 2667 1584 par
2689 1513 2849 1568 fuerit
2870 1529 3128 1584 quaerere,
3155 1528 3258 1582 qua
3292 1514 3499 1568 ratione

1940 1623 1970 1662 a
1997 1609 2142 1663 luctu
2169 1618 2222 1663 et
2252 1607 2497 1662 lamentis
2518 1607 2779 1668 ordiatur,
2804 1622 2923 1660 cum
2955 1606 3127 1674 ipsum
3152 1605 3219 1659 ob
3243 1605 3496 1673 praeclara

1941 1699 2176 1753 facinora
2207 1699 2477 1768 perlatum
2514 1714 2634 1754 esse
2674 1707 2944 1767 oporteret
2971 1712 3034 1752 ac
3065 1695 3220 1752 valde
3245 1697 3494 1751 hilarem.

1941 1791 2071 1845 Alia:
2103 1791 2244 1845 enim
2273 1801 2398 1845 sunt
2432 1791 2627 1845 festum
2671 1791 2811 1844 diem
2859 1791 3128 1861 agentium
3172 1805 3348 1854 voces,
3384 1789 3500 1842 aliae

1943 1884 2198 1938 tristium.
2233 1883 2472 1952 Epinicia
2501 1893 2679 1937 autem
2709 1891 3079 1953 argumentum
3109 1892 3230 1938 sunt
3257 1898 3500 1937 commu-

1940 1979 2024 2032 nis
2080 1975 2448 2040 celebritatis,
2498 1991 2605 2029 non
2648 1975 2907 2029 militibus
2952 1976 3161 2039 solum,
3205 1974 3298 2028 sed
3337 1974 3498 2027 etiam

1939 2065 2188 2138 agricolis
2217 2075 2270 2120 et
2301 2065 2690 2120 mercatoribus
2724 2074 2780 2118 et
2817 2064 3136 2128 artiﬁcibus,
3166 2073 3221 2118 et
3252 2064 3501 2117 omnibus

1938 2161 2027 2229 qui
2075 2161 2339 2214 bonorum
2389 2157 2538 2226 pacis
2580 2157 2870 2225 participes
2905 2156 3058 2209 fiunt.
3094 2155 3372 2222 Quomodo
3404 2154 3502 2224 igi-

1938 2262 2046 2316 tur,
2078 2249 2241 2312 Deus,
2277 2247 2514 2316 repulisti
2566 2263 2676 2312 nos,
2708 2255 2755 2299 et
2813 2247 3116 2300 destruxiin
3163 2247 3295 2299 nos?
3337 2243 3500 2312 Atqui

1939 2357 2033 2398 eos
2083 2341 2339 2396 ell‘ecerat
2379 2340 2632 2393 victores.
2674 2337 2952 2404 Quomodo
3001 2346 3178 2391 autem
3215 2337 3498 2401 destruxit,

1944 2449 2080 2506 quos
2107 2434 2244 2488 adeo
2276 2430 2637 2500 locupletavit,
2667 2430 2880 2484 tradens
2916 2430 3044 2498 ipsis
3073 2444 3242 2492 arma,
3277 2437 3332 2482 et
3373 2443 3499 2482 cur-

1939 2541 2052 2589 rus,
2083 2534 2138 2578 et
2173 2537 2361 2590 equos,
2389 2530 2441 2576 et
2471 2520 2734 2584 subditos,
2767 2535 2828 2574 ac
2863 2519 3130 2589 regionem
3159 2518 3497 2585 vectigalem,

1939 2616 2192 2670 Arabiam
2229 2629 2467 2680 onmem,
2497 2611 2830 2674 thniceiu,
2865 2609 3334 2678 Mesopotamiam?
3365 2608 3498 2661 Num

1939 2707 2130 2760 vitium
2183 2705 2398 2769 aliquod
2450 2703 2641 2772 ingrati
2695 2703 2860 2756 animi
2904 2703 3067 2756 verba
3121 2701 3303 2754 istluec
3344 2699 3504 2769 190

1938 2815 2050 2869 pra:
2097 2811 2156 2851 se
2201 2795 2398 2859 ferant,
2429 2795 2570 2849 scire
2614 2808 2789 2862 operae
2831 2794 3059 2862 pretium
3093 2802 3192 2846 est.
3225 2792 3323 2858 QUI
3356 2792 3499 2846 enim

1941 2891 2088 2958 prius
2129 2887 2371 2940 Adrozar
2421 2900 2601 2956 regem
2657 2885 2796 2939 Soba
2845 2885 3065 2948 evertit,
3103 2886 3259 2952 eique
3312 2899 3502 2938 currus

1942 2981 2087 3034 mille
2119 2979 2332 3049 eripuit,
2368 2987 2422 3033 et
2467 2986 2673 3048 septem
2725 2975 2889 3029 millia
2936 2976 3199 3044 equitum,
3231 2987 3284 3028 et
3313 2975 3500 3043 viginti

271 3075 568 3144 ποταμῶν;
599 3075 780 3140 Ἀξιον
801 3075 1106 3144 ἐπιστῆσαι,
1135 3077 1206 3146 μή
1237 3093 1355 3129 τινα
1383 3077 1702 3148 ἀχαριστίαν
1727 3077 1836 3148 ἔχει

1946 3071 2104 3124 millia
2146 3069 2404 3138 peditum,
2434 3071 2634 3138 quique
2677 3082 2862 3122 rursus
2907 3066 3078 3136 Syria:
3127 3081 3306 3135 regem
3353 3065 3502 3134 lapso

270 3165 344 3218 τὰ
368 3167 604 3236 ῥήματα.
644 3166 701 3218 '0
726 3164 833 3236 γὰρ
869 3166 1068 3219 ἀνελὼν
1103 3167 1199 3237 μὲν
1233 3169 1491 3241 πρότερον
1522 3171 1611 3223 τὸν
1651 3171 1839 3244 Ἀδρα-

274 3255 382 3326 ζὰρ
415 3255 633 3325 βασιλέα
655 3255 831 3319 mea,
865 3254 1044 3308 λαϐὼν
1069 3255 1126 3308 δὲ
1150 3257 1278 3328 παρ’
1306 3256 1468 3310 αὑτοῦ
1488 3259 1630 3328 χίλια
1662 3259 1838 3330 ἅρμα--

273 3361 364 3406 τα,
391 3345 483 3396 καὶ
517 3343 655 3396 ἑπτὰ
697 3344 938 3414 χιλιάδας
987 3345 1214 3410 ἱππέων,
1259 3347 1351 3399 καὶ
1390 3347 1560 3400 εἴκοσι
1597 3349 1837 3419 χιλιάδας

274 3437 480 3502 πεζῶν,
532 3437 692 3491 πάλιν
735 3437 790 3490 δὲ
825 3437 915 3490 τὸν
955 3437 1152 3508 Συρίας
1192 3437 1411 3508 βασιλέα
1450 3439 1839 3511 ὲπιϐοηθοῦντα

273 3530 354 3600 τῷ
383 3530 660 3584 ὲπταικότι
693 3530 1117 3601 δουλωσάμενος,
1153 3531 1244 3584 καὶ
1273 3531 1538 3602 ὑπόφορον
1571 3533 1838 3603 καταστή-

277 3639 396 3686 σας,
439 3622 532 3675 καὶ
570 3624 626 3675 ὲν
670 3623 766 3693 μιᾷ
807 3621 996 3692 καιροῦ
1044 3625 1180 3693 ῥοπῇ
1211 3621 1383 3675 εἴκοσι
1422 3623 1636 3676 καὶδύο
1669 3623 1839 3694 χιλιά-

273 3714 370 3776 δας
401 3713 512 3784 (Η)
541 3713 704 3766 αὑτοῦ
738 3715 1159 3782 καταφονεύσας,
1195 3715 1288 3766 καὶ
1315 3714 1502 3786 τρίτην
1534 3715 1688 3784 νίκην
1715 3717 1839 3780 τοὺς

275 3806 425 3868 υἱοὺς
479 3804 702 3876 Ἀμμὼν
746 3805 972 3874 νικήσας
1023 3805 1508 3876 παραταξαμένους
1551 3805 1703 3877 παρὰ
1739 3808 1838 3879 τὴν

276 3894 446 3965 θύραν
475 3895 571 3965 τῆς
605 3895 807 3958 πόλεως
838 3895 925 3948 διὰ
966 3895 1118 3949 Ἰωὰϐ
1152 3894 1246 3948 τοῦ
1271 3897 1726 3968 ἀρχιστρατήγου,
1780 3897 1838 3960 ὃς

272 3984 464 4039 διελὼν
518 3985 637 4056 δίχα
687 3985 786 4056 τὴν
836 3985 1081 4056 δύναμιν,
1130 3989 1242 4049 τοῖς
1295 3987 1392 4057 μὲν
1442 3987 1656 4058 ἀπήντα
1696 3987 1839 4041 κατὰ

276 4071 587 4142 πρόσωπον,
642 4074 768 4136 τοὺς
825 4073 880 4126 δὲ
905 4073 1040 4127 κατὰ
1087 4074 1238 4128 νότου
1283 4075 1580 4146 περιελθὼν
1616 4076 1838 4148 ἐχειρώ-

275 4181 439 4217 σατο*
475 4164 588 4226 πῶς
616 4165 708 4217 ἐπὶ
740 4168 850 4228 τοῖς
885 4165 1145 4230 τοιούτοις
1165 4166 1611 4238 ἀνδραγαθήμασι
1638 4169 1838 4238 στυγνὰ

272 4254 416 4309 οὕτω
451 4257 544 4309 καὶ
574 4256 792 4326 κατηφῆ
844 4256 1156 4326 φθέγγεται,
1181 4256 1352 4326 λέγων
1373 4275 1386 4287 ο
1438 4259 1499 4310 Ὃ
1533 4258 1696 4325 Θεὸς,
1723 4261 1836 4314 ἀπσ-

271 4345 410 4400 ώσω
469 4345 642 4416 ἡμᾶς,
698 4348 793 4400 καὶ
851 4347 1117 4413 καθεῖλες
1164 4347 1320 4417 ἡμᾶς
1343 4365 1356 4378 ο
1396 4349 1708 4419 ὠργίσθης,
1737 4353 1834 4406 καὶ

1939 3163 2210 3232 suppetias
2244 3160 2503 3215 ferentem
2547 3159 2752 3230 redegit
2797 3159 2848 3212 in
2892 3157 3230 3221 servitutem,
3267 3156 3504 3227 fecitque

1939 3253 2276 3324 vectigalem,
2305 3268 2367 3308 ac
2394 3253 2444 3306 iu
2471 3267 2578 3306 uno
2605 3251 2862 3320 temporis
2887 3259 3157 3304 momento
3182 3250 3366 3319 viginti
3395 3250 3502 3303 duo

1940 3345 2105 3400 millia
2161 3345 2332 3414 ipsius
2377 3345 2594 3409 occidit,
2625 3353 2681 3398 et
2729 3344 2888 3398 tertia
2932 3343 3156 3398 victoria
3202 3342 3340 3397 ﬁlios
3370 3342 3501 3396 Am-

1939 3454 2085 3500 mon,
2110 3437 2204 3506 qui
2231 3437 2402 3492 aciem
2434 3437 2803 3491 instruxerant
2823 3434 2974 3504 juxta
3003 3436 3237 3490 civitatis
3266 3443 3498 3505 portam,

1939 3546 2034 3600 per
2055 3528 2189 3584 Joab
2217 3530 2489 3585 exercitus
2529 3530 2715 3582 ducem
2753 3515 2974 3592 devicit,
3007 3527 3096 3596 qui
3142 3527 3347 3581 viribus
3388 3525 3502 3580 suis

1939 3622 1991 3676 in
2019 3622 2150 3676 duas
2179 3631 2361 3691 partes
2385 3620 2591 3683 divisis,
2611 3619 2730 3673 aliis
2752 3619 2964 3688 quidem
2989 3619 3228 3672 occurrit
3248 3633 3275 3670 a
3300 3616 3498 3682 fronte,

1937 3715 2071 3769 alios
2103 3728 2231 3767 vero
2272 3727 2303 3766 a
2352 3721 2502 3780 tergo
2537 3712 2752 3766 adortus
2796 3711 3006 3779 subegit
3040 3727 3053 3764 :
3085 3709 3354 3779 quomodo
3381 3719 3502 3778 post

1937 3805 2197 3875 ejusmodi
2232 3813 2455 3858 strenua
2493 3801 2659 3867 facta,
2691 3803 2828 3854 adeo
2859 3801 3032 3856 tristia
3065 3817 3126 3855 ac
3156 3811 3347 3855 nitesta
3377 3819 3502 3873 pro-

1939 3900 2061 3961 fert,
2086 3897 2270 3950 dicens
2299 3911 2313 3948 :
2343 3894 2507 3957 Deus,
2549 3892 2789 3960 repulisti
2822 3907 2936 3957 nos,
2959 3901 3005 3944 et
3033 3891 3341 3946 destruxisti
3367 3910 3458 3946 nos
3482 3908 3500 3946 :

1935 3989 2102 4041 iratus
2140 4002 2213 4048 es,
2248 3995 2296 4039 et
2330 3986 2576 4036 misertus
2614 4000 2666 4037 es
2700 3983 2906 4036 nostri?
2938 3983 3104 4038 Porro
3139 3995 3345 4054 tempus
3378 3988 3502 4056 qui-

1937 4077 2058 4131 dem
2109 4075 2481 4145 inscriptionis
2509 4073 2671 4138 tituli,
2705 4074 2831 4128 illud
2861 4084 2997 4140 erat,
3039 4091 3145 4145 quo
3173 4078 3390 4147 egregia
3424 4078 3501 4132 ia-

1937 4169 2121 4222 cinora
2173 4166 2500 4238 perpetravit
2545 4166 2674 4220 :vis
2722 4181 2852 4220 vero
2900 4182 3085 4222 eorum
3132 4184 3251 4238 quas
3299 4171 3499 4236 scripta

1936 4271 2099 4325 sunt,
2173 4259 2238 4312 ad
2324 4257 2482 4311 finem
2547 4256 2814 4322 refertur;
2893 4273 3013 4312 eum
3084 4269 3261 4314 autem
3341 4262 3498 4314 tinem

1935 4351 2084 4417 dicit,
2137 4349 2226 4418 qui
2285 4348 2340 4402 iu
2396 4350 2708 4404 saeculorum
2759 4352 3224 4404 consummatione
3277 4361 3498 4406 eventu-

272 4439 640 4506 ᾠκτείρησας
674 4437 861 4506 quas;
899 4439 1037 4490 Ἀλλ’
1068 4440 1096 4490 ὁ
1133 4441 1228 4509 μὲν
1273 4442 1459 4512 καιρὸς
1507 4442 1605 4512 τῆς
1648 4443 1834 4514 στηλο-

1946 4457 2028 4496 rus
2083 4454 2185 4497 est.
2243 4440 2577 4510 Quapropter
2627 4453 2682 4496 et
2738 4442 2836 4507 iis,
2897 4443 2988 4512 qui
3055 4444 3496 4510 iunuutabuntur,

273 4525 509 4596 γραφίας
538 4519 690 4589 οὗτος
718 4522 784 4596 ἦν
809 4527 959 4579 ὁτῶν
981 4527 1412 4600 κατορθωμάτων
1430 4547 1442 4559 ·
1470 4532 1502 4601 ἡ
1531 4530 1585 4582 δὲ
1613 4531 1836 4602 δύναμις

273 4615 384 4668 τῶν
428 4617 821 4687 γεγραμμένων
852 4619 930 4680 εἰς
961 4617 1021 4670 τὸ
1051 4617 1200 4681 τέλος
1237 4619 1347 4690 ἔχει
1389 4620 1488 4690 τὴν
1525 4621 1796 4693 ἀναφοράν
1817 4641 1829 4652 ·

343 4727 365 4759 ⁸
393 4726 433 4781 ll
462 4727 592 4798 Reg.
620 4746 736 4796 vm,
769 4730 963 4794 15,16.
1045 4734 1065 4763 ’
1098 4731 1140 4783 ll
1172 4732 1308 4804 Reg.
1343 4749 1396 4797 ι,
1427 4733 1480 4798 6,
1511 4735 1562 4798 9,
1595 4736 1679 4789 l9.

347 4840 560 4912 (57)]ta
621 4858 747 4897 mss.
820 4855 1046 4912 septeni.
1093 4847 1230 4900 Ecliti
1289 4847 1592 4901 ἐϐασίλευε.
1635 4849 1832 4904 Ibidem

274 4912 441 4987 editio
472 4911 644 4987 Paris.
679 4915 769 4967 ἐπὶ
794 4911 970 4987 πάντα
1011 4917 1248 4987 Ἰσραήλ.
1286 4917 1388 4970 Sed
1422 4921 1550 4986 quin
1585 4919 1743 4974 fuerit
1769 4936 1834 4975 ex

279 4981 466 5034 Bibliis
518 4980 726 5050 adjecta
771 5000 875 5057 vos
903 4980 1358 5057 πάντας-όύῠίιετί
1383 4980 1469 5042 vii:
1504 5005 1661 5057 posse
1690 4991 1835 5044 arbi—

280 5061 507 5116 tramur,
539 5066 660 5105 cum
687 5064 741 5106 et
770 5055 821 5107 in
848 5056 1082 5109 editione
1113 5055 1274 5112 Basil.
1305 5067 1359 5112 et
1401 5059 1456 5112 in
1501 5055 1700 5113 nostris
1739 5077 1839 5114 un-

280 5119 456 5198 decim
487 5135 615 5198 mss.
635 5123 848 5198 pariter
871 5125 1029 5198 desit.

508 5187 685 5247 Editi'o
713 5192 884 5249 Paris.
927 5193 1116 5252 Ῥαάϐ,
1145 5195 1212 5249 At
1237 5211 1366 5251 mss.
1402 5205 1514 5253 tres
1545 5215 1667 5253 cum
1699 5199 1840 5254 LXX

352 5275 480 5310 οωυ.

350 5327 464 5409 (ἷξ9)
497 5328 875 5409 Etlitigbasil.
900 5341 1105 5409 etmss.
1136 5345 1337 5409 septem
1365 5337 1636 5405 ἐπέλεξεν.
1668 5339 1844 5409 Etlitio

281 5396 452 5531 agis.
480 5413 602 5454 eum
639 5401 820 5458 Bibliis
861 5403 1169 5470 ἐπελέξατο.
1194 5396 1325 5474 Reg.
1355 5396 1637 5465 secundus
1664 5408 1845 5461 ἐπέλε-

347 5483 397 5524 ν.

353 5535 877 5609 (4‘0)Corrigendum
945 5557 1069 5597 esse
1097 5544 1241 5599 hunc
1283 5545 1459 5600 locum
1520 5562 1582 5599 ex
1612 5545 1750 5602 Oliv.
1785 5558 1840 5602 et

282 5606 494 5687 Anglic.
547 5606 696 5677 putat
753 5612 994 5687 Ducaaus,
1028 5613 1208 5687 aitque
1235 5631 1332 5685 pro
1369 5617 1738 5687 παρετάξαντο
1765 5618 1838 5670 le-

283 5677 511 5742 gendum
545 5692 664 5734 esse
691 5677 1048 5754 παρετάξατο.
1075 5677 1179 5738 seu
1213 5677 1334 5738 cum
1363 5677 1626 5754 vulgatam
1657 5688 1836 5742 lectio-

285 5761 406 5801 nem
438 5754 490 5802 et
519 5764 648 5807 mss.
686 5752 854 5807 nostri
886 5768 1070 5811 omnes
1095 5763 1145 5809 et
1171 5754 1312 5811 LXX
1339 5772 1403 5813 ex
1437 5752 1590 5828 ecquo
1642 5768 1830 5813 tuean-

1940 4531 2197 4600 scriptum
2253 4530 2511 4599 psalmum
2578 4546 2696 4586 esse
2753 4533 2899 4587 dicit.
2955 4532 3139 4588 Potest
3205 4545 3382 4589 autem
3448 4537 3501 4589 id

1943 4623 2158 4693 intelligi
2211 4623 2276 4678 de
2333 4623 2476 4678 onmi
2525 4625 2743 4679 omnino
2791 4625 3063 4679 hominum
3113 4641 3327 4695 genere,
3358 4628 3498 4696 quod

1945 4861 2053 4913 tur,
2086 4853 2213 4905 nihil
2248 4853 2602 4906 iunovandum
2638 4853 2964 4906 censuimus.

2017 4921 2134 4990 (41)
2164 4923 2306 4976 Editi
2364 4923 2429 4992 τῇ
2485 4926 2755 4993 προκοπῇ.
2786 4925 2854 4976 At
2894 4922 3030 4977 Oliv.
3059 4934 3112 4976 et
3136 4923 3342 4992 Anglic.
3377 4941 3500 4978 cum

1947 4994 2146 5064 nostris
2170 4993 2446 5064 duodecim
2479 4996 2702 5064 nu_s5._fcij
2729 4995 3024 5064 περικοπῇ,
3051 4993 3205 5064 δειιρ

2017 5061 2129 5130 (42)
2168 5061 2257 5130 Sic
2314 5061 2479 5130 editio
2513 5061 2834 5116 BasilIcum
2863 5061 3133 5116 sexinss.
3167 5061 3340 5118 Editio
3371 5080 3500 5117 vero

1945 5127 2119 5200 Paris.
2143 5129 2267 5194 Πῶς
2286 5127 2379 5184 οὖν
2437 5147 2619 5200 φησιν.
2654 5132 2776 5186 Mox
2804 5132 2931 5186 editi
2959 5130 3075 5194 πῶς
3103 5131 3160 5184 δὲ
3197 5133 3309 5186 καί.
3343 5134 3502 5187 Deest

1943 5199 2034 5252 καί
2065 5201 2115 5252 in
2155 5216 2280 5253 mss.
2307 5217 2409 5255 non
2437 5199 2638 5269 paucis.

2017 5270 2130 5338 (45)
2177 5271 2292 5340 Alia
2348 5279 2432 5324 est
2491 5271 2852 5337 interpunctio
2894 5270 2951 5340 in
3021 5269 3184 5324 Coisl.
3220 5271 3497 5340 Ἀραϐίαν.

1949 5337 2128 5393 πᾶσαν
2149 5337 2246 5410 τῂν
2269 5339 2540 5410 Φοινίκην,
2577 5341 2849 5400 Arabiam,
2879 5339 3156 5410 Phwnicen
3187 5337 3409 5410 omnem.

2021 5410 2132 5478 (44)
2187 5409 2404 5463 Videtur
2443 5410 2633 5475 legisse
2693 5412 2954 5478 interpres
3011 5409 3182 5461 εἴκοσι
3235 5409 3496 5478 χιλιάδας.

1951 5494 2070 5532 cum
2099 5489 2291 5541 vertat,
2326 5479 2505 5547 viginti
2537 5480 2720 5532 millia.
2757 5479 2860 5532 Sed
2889 5489 2939 5530 et
2981 5481 3030 5531 in
3059 5479 3196 5534 Oliv.
3226 5493 3278 5532 et.
3305 5480 3354 5531 in
3379 5481 3501 5534 aliis

1951 5564 2080 5600 mss.
2116 5563 2218 5618 non
2249 5552 2435 5618 paucis
2484 5548 2674 5618 legitur
2723 5548 2894 5602 εἴκοσι
2949 5551 3042 5601 καὶ
3097 5548 3188 5601 δύο
3236 5548 3495 5618 χιλιάδας,

1947 5617 2126 5739 vigintbi
2147 5619 2246 5670 duo
2283 5616 2472 5684 millia,
2502 5616 2556 5673 et
2587 5619 2657 5672 ita
2693 5621 2892 5674 editum
2938 5616 3244 5674 invenimus
3283 5619 3319 5670 ll
3367 5620 3494 5689 Heg.

1947 5701 2056 5739 vm.
2131 5726 2143 5739 .

1944 5701 2056 5753 vui,
2093 5701 2143 5740 ο.
