1918 3111
160 2535 166 2554 l

159 147 212 176 ιθδ

848 147 876 174 S.
896 146 1017 173 BASllJl
1032 145 1139 173 MAGNI

1735 146 1786 173 464

160 207 194 233 ad
207 212 301 234 omnes
315 204 394 240 hujus
409 204 504 239 psalmi
520 204 621 233 utilius
637 205 788 240 perveniat.
805 205 854 239 Qui
870 206 941 233 enim

1016 205 1068 237 ἕλος
1082 206 1110 232 δὲ
1129 205 1202 239 λέγει
1218 205 1246 231 τὸ
1258 204 1304 231 ἐπί
1320 204 1458 239 συντελείᾳ
1475 203 1529 231 τῶν
1546 203 1652 230 αἰώνων
1668 203 1788 238 ἐκϐήσε-

160 251 348 283 immutantur,
365 255 393 277 et
412 250 456 285 qui
474 250 698 285 immutabuntur,
717 251 735 278 ii
753 255 817 278 sunt
833 251 878 286 qui
896 259 942 279 ne-

159 305 212 331 que
235 297 357 324 eumdem
383 296 506 331 corporis
530 296 651 323 habitum
672 301 794 330 servant,
811 304 898 332 neque
918 297 944 324 in

160 343 255 370 eadem
269 349 377 377 semper
389 342 536 377 persistqu
550 342 683 370 sententia
698 350 707 369 :
721 343 767 371 sed
780 343 827 378 qui
839 347 869 370 ut
882 350 945 371 cor-

159 396 227 424 pore
241 388 285 415 alii
299 388 454 415 elliciuntur
465 387 542 422 juxta
557 392 667 415 aetatum
682 388 895 423 vicissitudines,
909 389 946 417 ita

161 439 251 462 mente
272 442 321 470 pro
346 442 456 462 casuum
481 435 658 463 varietatibus
681 440 879 471 permutantur.
895 436 946 464 Alii

162 488 278 515 namque
303 488 396 508 sumus
419 480 507 515 pueri,
528 480 573 508 alii
602 481 727 516 puberes,
753 481 797 509 alii
820 482 871 509 viri
892 482 947 516 jam

162 524 239 557 facti,
260 533 291 552 ac
316 531 544 553 consenescentes
565 526 661 554 iterum
688 527 797 555 omnino
822 527 947 554 immuta-

162 577 235 598 tnur.
250 570 282 597 Et
297 571 341 597 alii
355 571 463 606 quidem
480 578 574 599 smnus
590 572 616 599 in
631 571 734 599 laetiore
748 580 837 600 rerum
856 577 927 600 statu
941 582 947 599 :

163 615 207 642 alii
233 623 298 643 vero
326 623 359 643 ex
385 616 446 644 aliis
472 617 611 649 eilieimur,
633 618 770 652 asperiore
798 622 948 653 temporum

164 668 228 688 casu
249 662 311 689 usi:
328 661 373 688 alii
395 662 458 689 dum
482 667 656 697 aegrotamus,
671 663 716 690 alii
734 663 796 690 dum
815 663 949 690 valemus:

165 706 211 734 alii
236 707 262 734 in
286 708 398 742 nuptiis,
419 708 463 735 alii
489 709 514 735 iu
533 709 617 736 luctu.
634 709 688 736 Aut
707 709 832 743 quoniam
851 709 951 736 dictum

165 759 218 779 non
236 757 288 784 est,
305 751 340 780 lis
355 753 401 787 qui
418 753 605 786 immutantur,
622 754 680 786 sed,
699 753 737 780 lis
759 755 804 788 qui
827 753 951 780 immuta-

165 800 272 831 buntur,
297 806 402 834 voxque
432 800 549 834 speciem
572 800 721 835 prophetia:
751 807 806 835 pne
831 807 860 828 sc
890 799 951 834 I’ert,

164 845 236 879 quod
256 843 338 872 futuri
366 845 402 872 sit
427 846 575 880 temporis;
591 846 799 874 convenientius
816 846 908 880 fuerit,
925 851 954 874 ut

996 249 1057 276 σθαι
1069 250 1173 284 μέλλον.
1186 249 1231 276 Διὸ
1242 249 1286 276 καὶ
1297 251 1353 281 τοῖς
1363 248 1620 284 ἁλλοιωθησομένοις
1630 248 1791 283 γεγράφθαι

996 298 1063 333 φησὶ
1084 297 1128 324 τὸν
1147 297 1262 332 ψαλμόν.
1281 296 1358 322 Ἔστι
1371 295 1399 321 δὲ
1415 295 1579 328 ἁπαξαπλῶς
1599 295 1665 329 περὶ
1686 295 1792 325 παντὸς

996 340 1043 367 τοῦ
1061 340 1155 375 γένους
1168 340 1222 366 τῶν
1236 339 1387 375 ἀνθρώπων
1402 340 1505 375 νοῆσαι,
1518 339 1555 372 ὡς
1570 341 1607 371 είς
1618 340 1730 371 πάντας
1742 339 1793 374 τῆς

998 386 1052 413 ἀπὸ
1064 386 1111 412 τοῦ
1122 386 1228 421 ψαλμοῦ
1242 386 1431 421 διαϐαινούσης
1450 385 1592 421 ὠφελείας.
1614 385 1795 421 Ἀλλοιούμε-

998 441 1038 459 νοι
1053 432 1108 468 γὰρ
1125 434 1172 459 καὶ
1187 432 1429 468 ἀλλοιωθησὸμενοι
1443 433 1467 459 οἱ
1484 433 1551 467 μήτε
1570 433 1617 468 τὴν
1631 433 1679 459 τοῦ
1697 432 1795 467 σώμα-

998 487 1043 510 τος
1060 478 1116 510 ἕξιν
1131 479 1178 514 τὴν
1195 479 1278 514 αὐτὴν
1294 477 1480 510 διασώζοντες,
1506 479 1571 514 μήτε
1591 479 1638 505 ἐπὶ
1658 478 1710 513 τῆς
1725 477 1798 512 γνὼ-

1002 533 1055 560 μης
1070 524 1113 551 ἀεὶ
1123 525 1173 559 τῆς
1185 524 1270 559 αὐτῆς
1286 524 1441 559 βεϐηκότες,
1454 524 1521 551 ἀλλὰ
1535 524 1564 550 τὺ
1579 525 1626 559 μὲν
1643 524 1728 560 σῶμα
1745 533 1797 550 κα-

1000 570 1033 596 τὰ
1053 569 1102 601 τὰς
1115 570 1169 596 τῶν
1181 569 1293 605 ἡλικιῶν
1312 569 1462 605 μεταϐολὰς
1483 569 1679 605 ἀλλοιούμενοι,
1699 571 1753 605 τὴν
1768 570 1801 597 δὲ

1001 615 1121 642 διάνοιαν
1137 614 1206 650 πρὸς
1223 614 1272 646 τὰς
1287 614 1423 645 ποικιλίας
1444 614 1498 641 τῶν
1514 615 1728 650 συμπτωμάτων
1747 624 1800 649 με-

1001 661 1183 696 τατιθέμενοι.
1203 660 1294 687 ’Ἄλλοι
1310 660 1359 696 μὲν
1370 661 1424 696 γάρ
1438 662 1522 696 ἐσμεν
1539 661 1640 692 παῖδες,
1654 661 1704 687 καὶ
1719 661 1802 687 ἄλλοι.

1002 706 1109 742 ἔφηϐοι,
1125 707 1171 733 καὶ
1185 706 1367 742 ἀνδρωθέντες
1379 707 1478 742 ἕτεροι,
1496 708 1542 733 καὶ
1562 707 1803 742 ἀπογηράσαντες

1003 753 1084 779 πάλιν
1097 752 1236 784 παντελῶς
1252 752 1429 788 ἀλλοιούμεθα
1443 753 1510 788 (45).
1526 754 1580 780 Καὶ
1600 753 1675 780 ἄλλοι
1694 753 1750 788 μὲν
1771 754 1804 778 ὲν

1003 800 1063 830 ταῖς
1079 798 1269 834 φαιδροτέραις
1287 798 1370 833 ἐσμὲν
1393 799 1575 826 καταστάσεσι
1593 799 1647 824 τῶν
1664 800 1806 834 πραγμα-

1004 852 1058 870 των
1069 852 1075 858 ·
1093 843 1167 871 ἄλλοι
1182 843 1210 870 δὲ
1229 843 1259 876 ἐξ
1272 843 1357 871 ἄλλων
1377 843 1507 879 γινόμεθα
1526 844 1682 880 τραχυτέρᾳ
1696 853 1805 870 συντυ-

165 890 348 919 immutandos
379 891 560 926 intelligamus
588 900 646 926 eos,
674 892 731 927 qui,
759 893 852 920 relicta
882 900 951 920 vana

1016 890 1050 925 [ίᾳ
1076 889 1179 925 καιρῶν
1200 889 1380 925 κεχρημένοι·
1401 889 1474 916 ἄλλοι
1499 889 1646 921 νοσοῦντες,
1670 891 1720 916 καὶ
1749 890 1803 916 ἄ).-

165 940 273 971 patrum
300 944 409 965 suorum
436 939 642 972 consuetudine,
657 946 690 966 ex
715 938 850 974 Evangelii
874 938 954 966 disci-

164 982 239 1017 plina
255 982 338 1010 vitam
355 991 430 1011 suam
445 989 524 1011 erant
538 984 696 1013 instituturi.
710 984 802 1019 Itaque
817 992 870 1012 non
883 984 954 1012 illius

165 1029 254 1057 relatis
273 1027 374 1057 Iudaeis
394 1030 436 1058 hic
454 1031 575 1065 psalmus
598 1031 715 1066 scriptus
734 1035 786 1063 est,
806 1031 851 1058 sed
878 1031 955 1059 nobis

167 1074 356 1107 immutandis,
373 1076 419 1111 qui
435 1077 545 1103 deorum
561 1076 758 1104 multitudinem
773 1077 798 1103 in
815 1077 952 1111 pietatem.

166 1127 200 1148 ac
217 1120 350 1148 idolorum
372 1130 491 1149 errorem
514 1122 541 1149 in
555 1122 709 1150 Conditoris
724 1123 807 1150 nostri
822 1123 954 1158 cognitio-

167 1173 230 1194 nem
245 1167 408 1195 mutavimus
421 1175 428 1194 :
441 1169 485 1202 qui
500 1176 548 1203 pro
561 1173 727 1204 repugnante
741 1168 792 1204 legi
808 1169 954 1205 voluptate,

166 1213 384 1240 consentientem
416 1214 464 1249 legi
493 1215 698 1249 temperantiam
724 1215 855 1251 elegimus
879 1226 886 1244 :
911 1217 955 1252 qui

166 1265 218 1292 pro
236 1257 307 1284 tibiis
322 1263 349 1284 et
364 1258 458 1286 choris
472 1268 503 1287 ac
516 1260 648 1288 ebrietate
663 1260 795 1296 psalmum
808 1261 956 1297 jejunium-

167 1311 220 1338 quc
242 1308 269 1331 et
295 1305 477 1338 precationem
504 1307 583 1334 nobis
606 1307 812 1335 viudicavimus.
841 1308 957 1336 Proinde

167 1349 214 1384 qui
236 1350 310 1378 hunc
335 1350 466 1385 psalmum
490 1352 589 1379 dixerit
610 1354 740 1387 scriptum
760 1353 838 1381 nobis
854 1361 923 1388 esse,
941 1362 955 1381 a

169 1395 296 1423 veritatis
312 1403 395 1431 scopo
409 1397 479 1424 haud
499 1398 645 1425 aberrabit.
662 1398 724 1426 Ideo
741 1404 767 1426 et
788 1404 879 1427 nostra
895 1405 957 1428 sunt

167 1440 276 1467 oracula
294 1441 395 1476 divina,
412 1448 438 1470 et
463 1444 495 1469 ab
521 1443 639 1471 Ecclesia
665 1444 722 1479 Dei,
743 1450 869 1480 tanquam
887 1446 956 1474 dona

169 1485 298 1514 divinitus
322 1487 417 1519 missa,
433 1489 458 1515 in
485 1490 598 1524 singulis
621 1492 799 1520 conventibus
823 1492 956 1528 leguntur,

1004 936 1045 962 λοι
1077 936 1273 968 εὐπαθοῦντες“
1304 935 1378 962 ἄλλοι
1404 937 1431 963 ὲν
1462 936 1570 971 γάμοις,
1596 936 1642 962 καὶ
1667 936 1746 963 mm
1772 938 1803 962 ἐν

1004 981 1143 1008 πένθεσιν.
1167 982 1202 1008 Ἦ
1222 982 1265 1009 διὰ
1287 982 1318 1008 τὸ
1342 981 1379 1017 μὴ
1400 982 1534 1017 εἰρῆσθαι,
1556 981 1618 1013 Τοῖς
1636 981 1805 1017 ἀλλοιουμέ-

1005 1036 1070 1059 vutg,
1088 1027 1165 1060 ἀλλὰ,
1184 1028 1248 1060 Τοῖς
1262 1026 1562 1061 ὼιιοιωθησομένοις,
1580 1027 1627 1053 καὶ
1638 1026 1688 1062 τὴν
1703 1027 1802 1062 φωνὴν

1005 1072 1116 1105 ἔνδειξιν
1133 1073 1204 1107 ἔχειν
1218 1072 1394 1107 προφητείας,
1410 1071 1449 1107 τῷ
1467 1073 1505 1103 εἰς
1521 1071 1550 1098 τὸ
1568 1071 1663 1106 μέλλον
1677 1072 1735 1107 (46)
1754 1073 1801 1098 ἑκ-

1006 1119 1148 1146 κεκλίσθαι
1165 1119 1211 1146 τὸν
1226 1119 1332 1155 χρόνον,
1344 1118 1552 1153 ἀκολουθότερον
1563 1119 1663 1144 ἐννοεῖν
1677 1119 1743 1150 τοὺς
1757 1118 1804 1145 ἁ).-

1005 1163 1236 1200 λοιωθησομένους
1251 1164 1314 1195 τοὺς
1329 1163 1484 1198 μέλλοντας,
1501 1163 1549 1198 τὴν
1566 1163 1634 1198 πρὸς
1643 1163 1679 1189 τὰ
1694 1163 1804 1199 μάταια

1005 1210 1060 1236 τῶν
1077 1210 1202 1244 πατέρων
1219 1210 1361 1244 συνήθειαν
1384 1209 1440 1243 (47)
1466 1209 1592 1243 ἀφέντας,
1622 1210 1656 1244 τῇ
1673 1209 1748 1235 κατὰ
1771 1209 1803 1236 τὸ

1006 1257 1172 1291 Εὐαγγέλιον
1193 1256 1321 1292 ἀκριϐείᾳ
1341 1256 1490 1288 κανονίζειν
1516 1256 1564 1292 τὴν
1587 1256 1738 1284 πολιτείαν.
1764 1257 1802 1284 Οὐ

1006 1304 1095 1330 τοίνυν
1111 1303 1168 1335 τοῖς
1183 1302 1244 1330 τότε
1265 1302 1399 1334 Ἰουδαίοις
1410 1304 1424 1329 ὁ
1438 1302 1542 1338 ψαλμὸς
1555 1303 1723 1339 γέγραπται,
1743 1303 1803 1330 ἀλλ’

1006 1351 1074 1385 ἡμῖν
1093 1351 1149 1381 τοῖς
1164 1348 1435 1385 ἀλλοιωοησομένοις,
1452 1350 1507 1381 τοῖς
1526 1349 1575 1385 τὴν
1592 1349 1740 1377 πολυθεῖαν
1763 1351 1804 1382 εἰς

1008 1396 1148 1435 εὐσέϐειαν
1171 1395 1351 1431 διαμείὸουσι,
1378 1397 1428 1432 τὴν
1455 1396 1519 1432 περὶ
1538 1396 1572 1423 τὰ
1599 1396 1700 1423 είδωλα
1729 1396 1804 1423 srm-

1008 1453 1056 1479 νην
1070 1443 1125 1478 (48)
1147 1443 1187 1474 είς
1211 1443 1260 1478 τὴν
1283 1442 1331 1469 τοῦ
1356 1443 1517 1478 ποιήσαντος
1536 1443 1609 1478 ἡμᾶς
1634 1442 1801 1477 ἐπίγνωσιν·

1008 1489 1063 1520 τοῖς
1078 1488 1138 1515 ἀντὶ
1151 1487 1246 1523 ἡδονῆς
1259 1488 1417 1523 παρανόμου
1432 1488 1608 1523 σωφροσύνην
1627 1487 1743 1524 ἔννομον
1758 1489 1804 1515 al-

168 1530 243 1558 velut
258 1531 414 1560 alimentum
439 1536 573 1568 quoddam
598 1536 759 1571 animarntn,
777 1539 849 1573 quod
865 1547 879 1565 a
898 1539 953 1573 Spi-

1016 1535 1150 1571 οουμένοις
1162 1544 1168 1550 ·
1185 1535 1245 1561 ἀντὶ
1263 1534 1367 1566 αὐλῶν,
1382 1534 1429 1560 καὶ
1445 1534 1543 1569 χορῶν,
1559 1534 1605 1560 καὶ
1622 1534 1720 1570 μέθης,
1734 1534 1804 1569 ψαλ-

167 1576 223 1603 ritu
238 1577 468 1606 subministretur.
485 1579 537 1608 Sed
554 1587 577 1608 et
592 1581 636 1609 hic
652 1583 771 1617 psalmus
784 1584 901 1619 scriptus
915 1590 956 1612 est

167 1626 199 1649 ut
215 1623 242 1650 in
267 1622 393 1651 columna
410 1625 589 1660 inscribatur;
611 1627 661 1655 hoc
678 1633 729 1662 est,
748 1637 800 1656 non
821 1630 954 1666 negligen-

169 1673 212 1696 ter
233 1675 261 1697 et
283 1670 466 1704 perfunctorie
491 1673 631 1707 audiatur;
658 1682 756 1709 neque,
777 1677 956 1710 quemadmo-

168 1714 233 1741 dum
251 1715 306 1743 cito
328 1715 454 1744 delentur
473 1724 532 1752 quae
554 1718 580 1746 in
603 1721 715 1748 materia
740 1728 769 1748 se
788 1721 864 1757 191
880 1722 957 1750 facile

169 1766 362 1796 corrumpente
384 1762 538 1791 scribuntur
555 1774 561 1792 :
578 1766 618 1793 sic
635 1767 661 1794 in
683 1771 729 1794 tuo
749 1768 840 1796 animo
864 1769 957 1797 istlucc

168 1804 203 1833 ad
221 1806 302 1834 breve
321 1812 427 1842 tempus
448 1811 586 1838 memoriae
610 1812 757 1848 insculpas,
776 1814 873 1841 deinde
899 1814 956 1849 ipsa

168 1851 296 1879 confundi
313 1860 345 1881 ac
358 1854 511 1883 oblitterari
523 1856 615 1890 sinas;
635 1859 682 1886 sed
699 1859 724 1886 in
743 1864 786 1886 tua
804 1861 893 1888 anima
908 1869 955 1889 ceu

168 1896 196 1924 in
221 1897 349 1926 columna
376 1898 460 1927 incisa
483 1901 554 1934 sint;
579 1902 605 1929 id
632 1908 684 1936 est,
702 1903 907 1932 immutabiliter
926 1913 958 1933 ac

169 1944 287 1971 ﬁrmiter
309 1952 359 1980 per
380 1953 463 1974 omne
483 1952 588 1984 tempus
608 1949 635 1976 in
658 1950 787 1978 memoria
813 1951 956 1979 insideant.

169 1989 247 2023 Quod
262 1992 284 2018 si
305 2000 354 2020 nos
370 1994 500 2028 repulerit
516 1993 634 2027 Iudaeus,
652 1995 724 2023 velut
738 2004 753 2023 a
765 1996 875 2030 scriptis
889 1997 957 2025 alie-

169 2044 238 2071 nos;
260 2045 308 2072 per
324 2038 383 2066 haec
407 2048 467 2074 qua
490 2040 597 2079 scripta~
614 2046 687 2075 sttnt,
704 2042 791 2076 ipsum
811 2042 958 2070 aﬂiciamus

168 2082 300 2117 pudore:
322 2084 362 2112 sic
388 2090 416 2112 ut
443 2086 617 2114 ostendamus
648 2088 759 2115 mixtam
790 2090 957 2118 vocationem

171 2135 242 2162 esse,
256 2135 316 2163 quae
328 2130 456 2157 distantia
470 2131 581 2167 colligit,
595 2138 622 2160 ct
635 2140 666 2160 ea
680 2141 740 2168 quae
755 2135 848 2170 procul
861 2136 959 2164 absunt

171 2178 313 2206 convocat,
327 2181 359 2202 ac
384 2182 432 2210 per
453 2175 533 2203 fidem
556 2177 582 2204 in
605 2176 743 2205 Christum
764 2179 844 2206 etlicit
861 2181 959 2209 multos

1013 1581 1072 1616 μὸν.
1091 1581 1137 1608 καὶ
1152 1580 1288 1616 νηστείαν,
1303 1580 1349 1606 καὶ
1365 1580 1516 1616 προσευχὴν
1535 1579 1801 1615 μετα).αμ6ἀνουσιν.

1016 1628 1095 1663 Ἡμῖν
1108 1625 1154 1653 οὖν
1169 1626 1322 1662 γεγράφθαι
1341 1627 1386 1653 τὸν
1405 1626 1511 1662 ψαλμὸν
1525 1626 1608 1653 εἰπών
1629 1635 1683 1659 τις,
1700 1627 1753 1653 οὐκ
1771 1626 1803 1654 ἂν

1010 1674 1127 1709 ἁμάρτοι
1144 1673 1193 1709 τῆς
1209 1673 1347 1709 ἀληθείας.
1363 1673 1410 1699 Διὸ
1424 1673 1479 1708 (49)
1496 1673 1543 1699 καὶ
1554 1673 1677 1709 ἡμέτερά
1691 1674 1752 1699 ἐστι
1769 1673 1803 1699 τὶ

1010 1720 1070 1746 Οεῖα
1090 1720 1178 1754 λόγια,
1208 1720 1255 1746 κα),
1277 1721 1310 1755 τῇ
1330 1719 1377 1746 τοῦ
1398 1718 1465 1745 Θεοῦ
1491 1719 1647 1754 Ἐκκλησία,
1674 1718 1716 1750 ὡς
1742 1718 1802 1745 θεό-

1011 1774 1123 1800 πεμπτα
1145 1764 1229 1800 δῶρα,
1250 1764 1312 1791 καθ’
1337 1764 1452 1791 ἕκαστον
1474 1764 1601 1798 σύλλογον
1628 1763 1804 1797 ὑπαναγινώ-

1011 1820 1116 1842 σκεται,
1140 1808 1194 1837 οἷόν
1215 1819 1255 1842 τις
1273 1811 1360 1846 τροφὴ
1376 1810 1469 1845 ψυχῶν
1489 1810 1678 1846 χορηγουμένη
1696 1810 1742 1837 διὰ
1755 1810 1803 1837 τσῦ

1012 1855 1178 1891 Πνεύματος.
1200 1854 1280 1881 Ἀλλὰ
1296 1855 1342 1881 καὶ
1362 1856 1400 1887 εἰς
1418 1855 1617 1891 στηλογραφίαν
1642 1855 1803 1891 γέγραπται

1011 1904 1025 1929 ὀ
1048 1902 1173 1938 ψαλμὸς’
1201 1901 1333 1935 τουτέστι,
1359 1902 1396 1938 μὴ
1424 1902 1561 1938 πάρεργος
1582 1901 1655 1929 ἔστω
1675 1901 1762 1928 αὐτοῦ
1787 1903 1804 1938 ἡ

1012 1949 1156 1985 ἀκρόασις·
1172 1949 1250 1984 μηδὲ,
1266 1947 1360 1984 ὥσπερ
1374 1948 1408 1975 τὰ
1424 1949 1452 1975 ὲν
1462 1950 1494 1984 τῇ
1512 1948 1656 1983 εὐφθάρτῳ
1672 1947 1725 1984 ὕλῃ
1736 1956 1803 1983 γρα-

1013 1995 1117 2031 φόμενα
1139 1995 1223 2030 ταχὺν
1240 1994 1295 2030 (50)
1312 1994 1444 2029 λαμϐάνει
1464 1994 1510 2020 τὴν
1525 1994 1688 2029 ἀφανισμὸν,
1715 1994 1804 2026 οὕτως

1012 2043 1041 2068 ὲν
1053 2043 1086 2077 τῇ
1101 2040 1212 2067 σεαυτοῦ
1225 2040 1329 2075 διανοίᾳ
1341 2039 1409 2075 πρὸς
1422 2039 1511 2074 ὀλίγον
1522 2038 1675 2075 ἐγχαράξας
1687 2040 1723 2074 τῇ
1735 2042 1805 2075 μνήο

1014 2097 1061 2123 μῃ,
1089 2085 1148 2113 εἶτα
1173 2085 1352 2121 συγχωρήσῃς
1381 2084 1451 2111 αὐτὰ
1478 2083 1643 2119 συγχυθῆναι
1673 2084 1733 2119 (51)
1757 2084 1802 2111 καὶ

1013 2132 1208 2167 ἀφανισθῆναι·
1227 2131 1283 2157 ἀλλ’
1295 2130 1339 2166 ἔχε
1351 2130 1590 2166 ἐνεστηλιτευμένα
1603 2138 1649 2157 σου
1665 2131 1699 2165 τῇ
1713 2130 1801 2166 ψυχῇ·

1012 2178 1148 2206 τουτέστιν
1163 2177 1278 2213 ἀκίνητα
1299 2177 1346 2203 καὶ
1363 2176 1449 2210 πάγια
1469 2177 1509 2209 είς
1527 2176 1615 2203 πάντα
1636 2175 1682 2202 τὸν
1708 2176 1805 2211 χρόνον

170 2224 265 2244 unum.
286 2217 368 2245 Vens.
390 2219 417 2246 7.
439 2219 514 2248 Meus
530 2223 579 2255 est,
595 2222 692 2258 inquit,
713 2222 828 2257 Gulaad,
844 2230 868 2252 et
887 2234 953 2253 mem

1016 2224 1175 2260 ἑνιόρυμένα
1196 2224 1229 2258 τῇ
1250 2224 1352 2258 μνήμῃ.
1379 2222 1441 2249 Ἐὰν
1462 2222 1492 2249 δὲ
1514 2223 1674 2259 παρωθῆται
1694 2224 1775 2259 ἡμᾶς
1791 2223 1805 2250 ὁ

171 2267 209 2289 ut
222 2263 368 2292 Manantes.
379 2265 411 2292 Et
425 2264 554 2300 Epltraim
566 2268 643 2301 dixit,
652 2274 679 2296 et
695 2269 791 2297 Judam
803 2272 960 2307 assumpsit,

172 2312 200 2334 et
213 2312 401 2338 annumeravit
413 2311 502 2341 Moab.
515 2312 585 2346 Quin
599 2319 626 2341 et
640 2315 665 2341 in
677 2315 820 2343 [dummam
834 2325 962 2345 ascensu-

174 2361 234 2380 rum
247 2362 275 2382 se
290 2356 418 2390 minatur,
428 2366 460 2385 ac
472 2360 593 2386 omnium
614 2361 693 2387 simul
707 2362 900 2397 subjectionem
915 2371 962 2390 an-

174 2400 280 2427 nuntiat
297 2410 303 2428 :
320 2401 402 2430 Vnus.
421 2403 464 2431 10.
482 2404 548 2431 Mihi
561 2405 714 2440 alienigena:
726 2407 822 2434 subditi
837 2413 907 2435 sunt.

1021 2270 1144 2302 Ἰουδαῖος
1161 2270 1198 2301 ὼς
1214 2269 1370 2304 ἀλλοτρίους
1388 2269 1442 2295 τῶν
1463 2269 1673 2305 γεγραμμένων,
1701 2270 1737 2296 ἐκ
1752 2269 1805 2296 τῶν

1011 2315 1211 2351 γεγραμμένων
1239 2314 1319 2342 αὐτὸν
1343 2315 1564 2350 δυιτωττίμιομτῖν⁸
1597 2314 1744 2349 δηλοῦντες
1777 2315 1806 2341 τὸ

1013 2362 1164 2397 σύμμικτον
1178 2361 1226 2396 τῆς
1239 2361 1360 2395 κλήσεως
1369 2369 1375 2375 ·
1392 2360 1466 2392 ὅπως
1488 2359 1522 2386 τὰ
1534 2360 1666 2386 διεστῶτα
1680 2360 1804 2394 συνάγει,

1011 2408 1046 2434 τὰ
1059 2407 1166 2443 μακρὰν
1180 2406 1323 2441 συγκαλεῖ,
1337 2406 1386 2432 ἕνα
1400 2407 1472 2431 ποιεῖ
1489 2405 1553 2436 τοὺς
1569 2404 1683 2437 πολλοὺς
1698 2405 1745 2432 διὰ
1759 2407 1807 2440 τῆς

173 2448 214 2479 εὶς
238 2448 354 2483 Χριστὸν
383 2450 501 2482 πίστεως
522 2450 589 2486 (52).
620 2451 703 2485 Ἐαός
721 2453 795 2485 ἐστι,
827 2454 904 2489 φησι,
930 2453 1066 2481 Γαλαὰδ·
1095 2453 1144 2480 καὶ
1166 2452 1236 2487 ἐμός
1252 2452 1317 2480 ἐστι
1340 2450 1519 2485 Μανασσῆς.
1543 2450 1598 2478 Καὶ
1617 2450 1663 2477 τὸν
1681 2451 1806 2487 ,Ἐφραῖμ

162 2551 165 2565 ⁵
211 2551 267 2588 (45)
285 2552 350 2588 Reg.
366 2552 464 2578 tertius
479 2551 674 2588 ἀλλοιούμενοι.

212 2586 269 2624 (46)
286 2587 375 2624 Nostri
393 2588 517 2624 undecim
547 2586 611 2624 mss.
632 2588 730 2615 habent
744 2590 783 2620 εἰς
811 2589 840 2616 τὸ
856 2589 961 2624 μέλλον.

177 2622 247 2658 Είιίιί
270 2624 310 2654 εἰς
326 2623 371 2649 τὸν
396 2622 537 2658 μέλλοντα.
556 2622 655 2649 Ibidem
677 2629 731 2650 tres
750 2631 814 2651 mss.
839 2622 963 2658 ἐγκεκλί-

177 2656 249 2684 σθαι.
266 2658 362 2685 Statim
381 2656 501 2692 quinque
517 2666 581 2684 mss.
602 2658 813 2693 ἀκολουθότερον
830 2656 910 2688 νοεῖν.

213 2693 270 2727 (47)
286 2693 323 2719 Ita
344 2692 415 2721 Oliv.
431 2698 459 2720 et
484 2693 605 2720 Comhel.
626 2701 687 2720 cum
714 2692 774 2721 aliis
786 2702 832 2721 sex
849 2703 912 2723 mss.
931 2696 965 2723 At

176 2729 366 2765 ecti.t_i_et_lleg.
383 2733 475 2765 sextus
485 2728 545 2765 τῶν
556 2728 707 2764 ἀνθρώπων
722 2729 874 2765 συνήθειαν.

214 2762 270 2798 (48)
287 2762 438 2800 Colliertini
451 2763 553 2800 primus
566 2768 591 2790 et
601 2762 699 2800 VSextus
711 2772 771 2791 cum
782 2762 851 2800 Reg.
869 2770 965 2800 quarto

176 2798 228 2831 τὴν
244 2798 354 2833 περὶτὰ
369 2798 466 2825 εἴδωλα
479 2798 584 2829 πτοίαν,
597 2799 701 2825 inanem
710 2798 841 2827 idoloruu—t
856 2798 962 2828 metum.

179 2831 316 2868 Multiﬂalii
329 2840 396 2861 mss.
417 2841 478 2859 eum
495 2834 574 2860 editis
589 2834 638 2868 τὴν
659 2835 722 2868 περὶ
740 2834 775 2860 τὰ
788 2836 884 2862 εἴδωλα
897 2836 962 2862 πλα-

207 2841 254 2859 lllll
273 2841 316 2859 alll
329 2841 396 2861 mss.
417 2841 478 2859 eum
495 2841 574 2860 edllIS
589 2841 638 2862 την
659 2843 722 2862 περι
740 2841 775 2860 τα
788 2841 884 2862 ειῠωλα
897 2841 965 2862 ττΛά-

180 2843 254 2859 ιιιιιιιι
273 2843 316 2859 all]
329 2843 396 2861 mss.
417 2843 478 2859 cum
495 2843 574 2860 εαιιιε
589 2843 638 2868 την
659 2843 722 2869 περι
740 2843 775 2860 τα
788 2843 884 2862 ειοωΑα
897 2844 964 2862 πλα-

180 2873 236 2903 νῃν.
258 2866 311 2895 Nec
334 2868 371 2896 ita
386 2867 470 2895 multo
494 2872 553 2903 post
581 2874 674 2897 nostra
689 2870 771 2898 editio
786 2871 964 2908 Paris.atpr1-

1015 2555 1116 2590 μένοις.
1140 2555 1263 2583 Sccunda
1287 2555 1371 2583 editio
1394 2554 1480 2583 Paris.
1496 2554 1655 2590 ᾑρημένοις.
1682 2554 1717 2580 At
1739 2562 1805 2581 mss.

1014 2592 1196 2626 αἱρουμένοις.

1050 2627 1106 2661 (49)
1122 2626 1160 2653 Ita
1180 2634 1227 2653 sex
1248 2633 1313 2654 mss.
1341 2633 1402 2655 cum
1422 2626 1541 2653 editione
1569 2625 1650 2652 Basil.
1673 2625 1708 2652 At
1722 2625 1806 2652 editio

1014 2660 1100 2688 l’aris.
1114 2661 1190 2688 διότι.

1061 2695 1106 2763 50)
1120 2696 1235 2724 Codices
1245 2696 1349 2729 aliquot
1363 2695 1443 2732 ταχύ,
1458 2695 1588 2723 celeriter.

1062 2731 1090 2758 5t
1122 2731 1192 2759 Editi
1206 2731 1381 2763 συγχεθῆναι.
1397 2733 1433 2759 At
1447 2739 1512 2758 mss.
1540 2737 1588 2763 sep

1062 2729 1106 2763 51)
1122 2731 1192 2759 Editi
1206 2731 1381 2766 συγχεθῆναι.
1397 2729 1433 2759 Et
1447 2739 1512 2758 mss.
1540 2734 1650 2766 septem,
1673 2729 1806 2764 συγχυθὴ

1015 2764 1069 2792 ναι.
1086 2766 1141 2793 lloc
1155 2767 1214 2800 ipso
1229 2764 1335 2794 in'toco
1349 2767 1431 2794 editio
1446 2766 1532 2794 Paris.
1560 2764 1794 2800 ὲνπηλιτευμένα

1014 2801 1047 2827 At
1076 2806 1194 2835 quatuor
1227 2809 1292 2829 mss.
1332 2801 1583 2837 ὲνεστη).ιτευμὲνα.
1609 2801 1689 2828 Coto.
1714 2806 1805 2827 sextus

1014 2836 1236 2872 ὲπτηλιτευμένα.

1050 2873 1105 2908 (ενι)
1125 2872 1271 2902 Colbertini
1291 2872 1541 2908 primus,quartus,
1567 2871 1691 2906 quintus,
1711 2874 1801 2897 sextus
