3836 6222
388 281 487 334 367

1729 283 1784 339 S.
1829 283 2066 340 BASILII
2103 283 2316 338 MAGNI

3531 279 3657 334 468

390 396 496 448 bes.
526 395 652 458 Aut,
690 393 849 449 Lebes
881 393 1106 459 lauacri,
1136 397 1216 450 ait
1240 397 1378 452 alius
1407 399 1622 467 quidam
1652 400 1948 466 interpres:

2078 398 2224 460 ιοίας.
2285 397 2337 448 Ὀ
2363 395 2542 450 Μωὰσ
2561 393 2670 462 τῆς
2717 391 2964 456 ἐλπίδος
3023 390 3222 459 λέϐης.
3268 392 3361 452 Ἦ,
3410 391 3652 458 Λέΰης,

390 493 507 545 aut,
542 482 704 537 Lebes
749 485 1088 547 securitatis;
1146 484 1252 538 hoc
1300 494 1405 549 est,
1458 486 1580 539 vilis
1612 495 1667 539 et
1715 486 1956 554 abjectus

393 576 574 639 homo,
598 575 682 627 cui
715 590 837 629 cum
871 574 1035 630 minis
1063 576 1409 631 interdictum
1445 589 1548 642 est,
1577 593 1643 632 ne
1671 579 1722 630 in
1747 577 1952 631 Domini

395 665 687 720 Ecclesium
731 667 1086 733 ingrediatur.
1121 667 1238 722 Non
1273 669 1417 723 enim
1443 669 1664 723 intrabit
1700 668 1958 723 Moabites

390 765 447 810 et
483 757 825 812 Ammonites
855 755 1028 826 usque
1057 760 1120 812 ad
1150 759 1391 822 tertiam,
1434 769 1488 812 et
1515 773 1687 828 usque
1717 761 1784 814 ad
1814 761 1959 814 deci-

395 862 536 900 mam
562 848 994 915 generationem,
1021 861 1074 902 et
1122 862 1293 916 usque
1336 850 1404 902 ad
1435 858 1696 902 aeternum
1727 860 1955 918 tempus.

394 938 661 1004 Quoniam
695 948 876 992 tamen
919 940 1184 1007 baptisma
1222 940 1596 994 remissionem
1640 939 1803 995 habet
1834 957 1960 1011 pec-

393 1037 660 1092 natorum,
690 1042 756 1081 ac
771 1029 1108 1083 debitoribus
1141 1027 1299 1083 all‘ert
1319 1029 1697 1095 securitatem;
1734 1029 1958 1096 idcirco,

393 1119 588 1173 laetam
624 1133 718 1187 per
740 1120 1068 1188 baptismum
1101 1121 1520 1190 redemptionem
1545 1130 1598 1176 et
1623 1122 1962 1185 conjunctio-

394 1225 519 1264 uem
567 1227 691 1265 cum
748 1214 856 1266 Deo
913 1213 1228 1276 ostendens,
1267 1213 1445 1278 Moab,
1477 1214 1672 1283 inquit,
1699 1214 1836 1269 lebes
1883 1229 1958 1270 est

395 1303 595 1356 lavacri
612 1342 628 1366 ,
648 1314 740 1356 aut
769 1301 930 1357 Lebes
961 1305 1279 1358 securitatis.
1307 1303 1499 1359 Omnes
1519 1306 1680 1374 igitur
1710 1307 1962 1378 alienige-

398 1408 480 1446 nae
525 1393 722 1447 subditi
750 1405 891 1459 sunt,
917 1407 1100 1466 utpote
1131 1398 1219 1465 qui
1240 1413 1297 1452 se
1319 1396 1521 1451 Christi
1543 1398 1671 1469 iugo
1695 1399 1962 1454 submise-

398 1483 536 1538 riut:
570 1501 736 1553 quare
762 1487 812 1540 in
844 1486 1130 1541 ldumaaam
1156 1503 1312 1542 suum
1345 1491 1601 1546 extendet
1628 1489 1964 1545 Calceamen-

399 1585 533 1629 tum.
590 1576 898 1633 Divinitatis
949 1589 1130 1633 autem
1197 1579 1630 1634 calceamentum
1696 1596 1824 1635 caro
1883 1591 1964 1636 est

402 1667 492 1720 Dei
551 1669 850 1735 gestatrix,
918 1684 1016 1738 per
1071 1685 1230 1739 quam
1273 1673 1338 1726 ad
1397 1673 1644 1727 homines
1711 1674 1959 1727 accessit.

2058 489 2223 560 φησὶ.
2254 487 2508 554 λουτροῦ
2541 486 2672 554 (57),
2702 484 2858 548 ἄλλος
2901 500 2983 546 τις
3013 483 3116 535 τῶν
3138 483 3651 553 ἑρμηνεύς-άντων·

2057 579 2113 648 ἢ,
2153 577 2342 644 Λέὸης
2364 576 2744 645 ἀμεριμνίας-ο
2783 573 3076 635 τουτέστιν,
3116 573 3144 624 ὁ
3175 572 3493 642 ἀπόϐλητος
3551 573 3652 625 ἂν·

2059 669 2294 739 θρωπος.
2325 670 2354 720 ὁ
2388 667 2614 737 ἀπειλὴν
2656 666 2791 736 ἔχων
2831 665 2904 735 μὴ
2950 663 3346 716 εἰσελεύσεσθαι
3376 667 3465 726 εἰς
3514 665 3652 716 Ἑκ-

2059 759 2285 830 κλησίαν
2306 758 2530 828 Κυρίου.
2560 758 2673 809 Ούκ
2696 754 3053 808 εἰσελεύσεται
3079 753 3183 825 γὰρ
3210 755 3523 823 Μωαϐίτης
3550 755 3653 805 καὶ

2074 851 2411 921 Ἀμμανίτης
2443 851 2546 914 ἕως
2571 849 2756 918 τρίτης
2791 847 2882 900 καὶ
2909 846 3014 908 ἓως
3041 846 3270 916 δεκάτης
3289 847 3519 912 γενεᾶς,
3549 848 3654 897 καὶ

2060 944 2140 1006 είς
2171 943 2260 995 τὸν
2309 943 2480 995 αἰῶνα
2537 942 2747 1012 χρόνον.
2792 941 2978 1009 Ὅμως
3029 937 3210 1008 ἐπειδὴ
3247 938 3308 990 τὸ
3343 938 3648 1006 βάπτισμα

2061 1037 2254 1103 ἄφεσιν
2290 1033 2401 1104 ἔχει
2431 1032 2860 1104 ἁμαρτημάτων,
2899 1029 2992 1082 καὶ
3014 1028 3340 1099 ἀμεριμνίας
3370 1029 3648 1098 πρόξενον

2062 1128 2269 1197 γίνεται
2307 1129 2417 1190 τοῖς
2453 1125 2802 1196 καταχρέοις,
2837 1123 2934 1195 τὴν
2976 1123 3064 1176 διὰ
3107 1122 3199 1175 τοῦ
3254 1121 3648 1192 βαπτίσματος

2062 1219 2435 1290 ἀπολύτρωσιν
2466 1217 2560 1269 καὶ
2587 1215 2724 1287 πρὸς
2749 1215 2879 1267 Θεὸν
2911 1215 3177 1267 οίκείωσιν
3198 1213 3645 1282 ἐνδεικνύμενος,

2063 1311 2259 1372 Μωὰϐ,
2288 1311 2441 1380 φησι,
2476 1310 2660 1375 λέϐης
2686 1309 2816 1360 ἐστὶ
2836 1307 3114 1374 λουτροῦ,
3137 1308 3192 1376 ἢ,
3215 1306 3405 1372 Λέϐης
3434 1308 3651 1374 ἀμερι-

2058 1404 2255 1473 μνίας.
2287 1401 2510 1467 Πάντες
2536 1397 2628 1454 οὖν
2651 1400 2987 1468 ἀλλόφυλοι
3014 1397 3403 1466 ὑπετάγησαν
3426 1397 3516 1466 τῷ
3546 1397 3650 1461 ζυ-

2062 1493 2145 1564 γῷ
2190 1493 2282 1546 τοῦ
2341 1493 2574 1564 Χριστοῦ
2620 1492 3023 1560 ὑποκύψαντες·
3075 1490 3160 1544 διὰ
3211 1489 3370 1542 τοῦτο
3397 1490 3502 1540 ἐπὶ
3543 1489 3654 1559 τὴν

2077 1582 2377 1653 Ἰδουμαίαν
2417 1582 2665 1634 meum
2699 1581 2761 1633 τὺ
2793 1579 2982 1633 ἑαυτοῦ
3030 1579 3294 1648 ὑπόδημα,
3345 1576 3648 1647 ’Υπὸδημα

2065 1676 2120 1728 δὲ
2145 1675 2243 1744 τῆς
2267 1675 2568 1746 θεότητοςὴ
2598 1673 2731 1744 σὰρξ
2764 1673 2874 1744 (58)
2896 1676 2928 1742 ἡ
2961 1673 3233 1742 θεοφόρος,
3263 1670 3333 1722 δι’
3356 1667 3424 1740 ἦς
3461 1670 3647 1740 ἐπέϐη

396 1759 477 1814 0b
529 1761 671 1816 haue
727 1778 874 1829 spem
918 1764 1184 1832 Propheta
1232 1766 1446 1820 beatum
1497 1766 1796 1834 prazdicans
1831 1776 1965 1820 tem-

2078 1767 2178 1826 τοῖς
2203 1739 2532 1834 ἀνθρώποις.
2553 1739 2680 1816 Tui:
2701 1739 2870 1836 ταύτη
2892 1739 2957 1833 τῇ
2985 1739 3155 1815 ἐλπίδι
3193 1739 3520 1832 μακαρίζων
3549 1739 3645 1813 τιιρ

396 1865 497 1917 pus
552 1855 812 1908 adventus
867 1855 1121 1923 Domini,
1181 1858 1256 1910 ait
1293 1857 1310 1925 (
1341 1855 1500 1910 Vsus.
1542 1857 1628 1924 Η)
1661 1876 1674 1910 :
1715 1857 1847 1922 Quis
1875 1859 1966 1911 de-

395 1944 546 1996 ducet
573 1960 654 1997 me
685 1946 737 1997 in
769 1947 1032 2000 civitatem
1068 1949 1380 2001 munitionis
1408 1949 1431 2000 ?
1465 1947 1738 2002 Fortassis
1780 1947 1965 2002 Eccle-

395 2031 532 2086 siam
556 2033 710 2098 dicit,
751 2051 870 2104 qua:
901 2037 1118 2106 quidem
1143 2038 1338 2092 civitas
1369 2047 1473 2101 est,
1503 2040 1646 2106 quod
1693 2037 1765 2092 sit
1791 2049 1965 2093 coetus

395 2123 488 2189 qui
537 2124 743 2194 legibus
793 2128 996 2197 regitur
1044 2142 1059 2182 :
1115 2130 1300 2183 civitas
1338 2144 1467 2182 vero
1512 2129 1846 2195 munitionis,
1896 2133 1964 2182 oh

397 2214 518 2267 lidei
540 2216 952 2270 munimentum.
971 2216 1122 2271 Unde
1139 2219 1403 2286 interpres
1419 2218 1638 2286 quidam
1655 2220 1964 2286 signiﬁcan-

398 2307 606 2361 tissime
635 2308 864 2361 reddidit
891 2327 903 2361 :
933 2307 1000 2362 In
1033 2309 1292 2363 civitatem
1320 2312 1802 2364 circummunitam.
1834 2311 1965 2377 Quis

397 2397 561 2465 igitur
611 2399 760 2453 dabit
792 2399 945 2464 mihi,
1003 2408 1064 2453 ut
1116 2416 1370 2470 magnum
1419 2401 1548 2454 illud
1596 2403 1962 2470 spectaculum

396 2489 748 2558 conspiciam,
778 2491 942 2544 Deum
971 2492 1111 2546 inter
1137 2493 1384 2546 homines
1409 2491 1811 2547 diversantem?
1835 2493 1965 2548 Illud

397 2589 502 2643 est,
531 2583 674 2650 quod
703 2596 731 2633 a
765 2581 990 2636 Domino
1013 2582 1215 2637 dictum
1257 2582 1356 2636 fuit
1383 2600 1397 2636 :
1436 2581 1595 2636 Multi
1617 2587 1877 2652 propheta:
1916 2595 1966 2638 et

395 2670 526 2740 iusti
553 2672 828 2740 cupierunt
859 2674 1035 2727 videre
1053 2690 1170 2743 qua:
1198 2674 1405 2738 uidetis,
1424 2684 1469 2726 et
1495 2691 1596 2728 non
1631 2676 1869 2730 viderunt
1900 2677 1962 2729 ".

468 2851 523 2908 5.
558 2851 640 2906 Da
674 2854 821 2908 nobis
877 2855 1141 2910 auxilium
1181 2855 1245 2909 de
1281 2857 1646 2912 tribulatione.
1692 2857 1965 2912 Auxilium

401 2960 470 2999 ne
495 2959 800 3012 quieramus
825 2961 852 2998 a
878 2948 1095 3013 robore,
1148 2961 1216 3000 ne
1251 2962 1278 2999 a
1315 2946 1452 3000 bona
1489 2947 1733 3016 corporis
1764 2946 1969 3000 habitu-

2065 1856 2253 1926 καιρὸν
2274 1856 2372 1925 τῆς
2391 1855 2483 1908 τοῦ
2510 1856 2712 1926 Κυρίου
2741 1855 3044 1924 ἀποδημίας
3078 1855 3106 1905 ὁ
3132 1855 3419 1923 Προφήτης
3461 1852 3602 1920 φησί
3625 1869 3638 1879 ·

2071 1949 2166 2013 Τίς
2190 1948 2403 2012 ἀπάξει
2430 1965 2502 2016 με
2529 1951 2614 2012 εις
2648 1949 2827 2001 πόλιν
2852 1945 3164 2014 περιοχῆς;
3195 1945 3346 2014 Τάχα
3379 1944 3482 2013 τὴν
3518 1944 3646 1996 Ἐκ-

2064 2039 2292 2109 κλησίαν
2338 2039 2511 2100 λέγει’
2549 2038 2700 2091 πόλιν
2735 2037 2834 2107 μὲν
2854 2077 2868 2100 ,
2900 2037 2987 2090 διὰ
3012 2038 3072 2089 τὸ
3100 2036 3350 2105 σύστημα
3375 2031 3524 2087 εἶναι
3551 2051 3641 2085 νο-

2069 2130 2248 2201 μίμως
2279 2130 2592 2200 οἰκούμενον
2628 2130 2735 2199 (59)
2761 2147 2774 2159 ·
2807 2129 3089 2198 περιοχῆς
3113 2129 3169 2181 δὲ
3188 2129 3276 2180 διὰ
3295 2129 3396 2197 τὴν
3424 2128 3531 2196 τῆς
3560 2126 3644 2177 πίο

2069 2239 2236 2285 στεως
2271 2221 2578 2293 περιϐολήν.
2618 2221 2775 2274 Ὅθεν
2817 2221 3161 2291 εὐσημότατά
3200 2237 3281 2282 τις
3323 2219 3435 2270 τῶν
3462 2221 3642 2289 ἑρμη-

2065 2313 2366 2366 νευσάντων
2385 2313 2697 2375 ἐκδέδωκεν,
2724 2314 2822 2377 Εἰς
2849 2313 3029 2366 πόλιν
3055 2310 3635 2379 περιπεφρατμένην.

2066 2403 2160 2465 Τίς
2181 2399 2270 2455 οὖν
2299 2402 2457 2455 δώσει
2497 2420 2585 2472 μοι
2618 2403 2678 2455 τὸ
2710 2404 2848 2472 μέγα
2889 2402 3043 2455 τοῦτο
3079 2402 3256 2472 θέαμα
3305 2403 3464 2463 ἰδεῖν,
3505 2401 3638 2453 Θεὸν

2065 2491 2371 2563 ἀνθρώποις
2401 2493 2512 2560 (60)
2548 2492 2944 2563 ἐπιδημοῦντα;
2985 2491 3151 2545 Τοῦτό
3173 2493 3289 2543 ἐστι
3314 2492 3378 2544 τὸ
3411 2492 3640 2563 είρημὲο

2065 2600 2154 2635 νον
2187 2583 2335 2654 παρὰ
2379 2582 2472 2635 τοῦ
2523 2583 2762 2655 Κυρίου·
2797 2585 2878 2637 ὅτι
2919 2583 3139 2637 Πολλοὶ
3189 2581 3495 2650 προφῆται
3541 2583 3640 2633 καὶ

2064 2671 2279 2724 δίκαιοι
2336 2673 2720 2740 ἐπεθύμησαν
2769 2671 2915 2725 ἰδεῖν
2973 2671 3011 2724 d
3052 2671 3341 2735 βλέπετε,
3394 2672 3493 2724 καὶ
3531 2673 3641 2724 οὐκ

2064 2758 2246 2816 εἶδον.

2136 2853 2190 2906 5.
2220 2852 2333 2917 Δὸς
2376 2852 2520 2921 ἡμῖν
2573 2850 2864 2916 βοήθειαν
2908 2851 2977 2904 ἐκ
3038 2853 3312 2919 θλίψεως.
3385 2851 3478 2921 Μὴ
3536 2849 3642 2902 ἀπὸ

2071 2943 2248 3012 ἰσχύος
2299 2942 2619 3014 ζητήσωμεν
2653 2943 2751 3013 τὴν
2820 2942 3102 3014 βοήθειαν·
3171 2942 3243 3012 μὴ
3302 2942 3414 2994 ἀπὸ
3468 2943 3638 2994 εὐπα-

399 3033 569 3088 dine:
610 3049 678 3089 ne
722 3035 790 3090 ab
850 3035 959 3090 ullo
993 3049 1179 3091 eorum
1211 3037 1301 3106 qui
1333 3036 1466 3090 clari
1505 3049 1557 3090 et
1599 3035 1833 3090 illustres
1872 3036 1967 3089 ho-

2078 3034 2221 3097 θείας
2259 3035 2490 3105 σαρκός·
2535 3035 2644 3088 ἀπὸ
2686 3035 2908 3106 μηδενὸς
2942 3034 3050 3106 (61)
3092 3035 3199 3088 τῶν
3235 3033 3389 3104 παρὰ
3428 3034 3640 3105 ἀνθρώ-

401 3125 636 3180 minibus
666 3125 960 3192 habentur,
993 3143 1148 3197 opem
1181 3129 1438 3197 consequi
1476 3128 1729 3182 velimus.
1772 3125 1888 3180 Non
1915 3126 1967 3180 in

402 3217 758 3284 pecuniarum
793 3219 1172 3286 exsuperantia
1201 3259 1216 3284 ,
1255 3233 1360 3272 non
1404 3220 1455 3272 in
1508 3219 1761 3287 potentiae
1802 3217 1965 3284 fastu,

403 3321 508 3360 non
545 3306 596 3360 in
625 3307 809 3376 gloria:
837 3309 1170 3363 sublimitate
1195 3311 1296 3364 sita
1328 3309 1552 3364 victoria
1583 3318 1666 3364 est
1697 3324 1711 3361 :
1743 3309 1837 3363 scd
1892 3323 1961 3362 ex

403 3412 616 3450 summa
649 3397 1000 3452 tribulatione
1022 3398 1250 3466 largitur
1275 3399 1536 3454 Dominus
1587 3399 1848 3454 auxilium
1902 3399 1970 3454 iis

402 3487 494 3555 qui
548 3488 720 3557 ipsum
758 3489 1056 3558 inquirunt.
1103 3488 1250 3544 Talis
1300 3499 1417 3544 erat
1452 3501 1508 3544 et
1534 3489 1746 3555 Paulus,
1777 3491 1867 3559 Qui
1912 3490 1966 3544 in

403 3578 518 3633 suis
554 3579 888 3648 gloriabatur
916 3579 1354 3635 tribulationibus
1373 3581 1437 3634 ".
1457 3583 1634 3648 Quare
1661 3582 1843 3636 dicere
1870 3595 1967 3650 po-

405 3679 567 3737 terat,
599 3669 731 3725 Cum
759 3671 1020 3739 inﬁrmor,
1048 3682 1168 3725 tunc
1204 3681 1384 3741 potens
1407 3689 1522 3726 sum
1563 3675 1628 3726 ".
1668 3672 1836 3726 Vens.
1876 3672 1966 3726 13.

403 3761 488 3816 Da
516 3764 662 3816 nobis
689 3763 870 3832 igitur,
908 3762 1151 3830 Domine,
1183 3763 1441 3817 auxilium
1481 3763 1544 3817 de
1573 3764 1921 3818 tribulatione
1950 3781 1968 3828 ;

404 3871 526 3908 cum
559 3855 836 3910 tribulatio
867 3856 1182 3923 patientiam
1218 3864 1496 3924 operetur,
1533 3855 1796 3924 patientia
1843 3869 1970 3924 pro-

404 3947 700 4012 hationem,
735 3946 979 4016 probatio
1014 3961 1202 4014 spem:
1243 3963 1366 4016 spes
1392 3957 1570 4000 autem
1603 3961 1710 4001 non
1739 3947 1971 4001 confun-

405 4039 498 4091 dat
527 4039 592 4090 ⁸ο.
626 4037 788 4093 Vides
833 4054 941 4106 quo
987 4037 1266 4093 tribulatio
1299 4049 1349 4092 te
1379 4037 1681 4093 subvehat?
1712 4039 1790 4090 Ad
1823 4053 1970 4104 spem

404 4144 526 4196 qum
558 4146 662 4183 non
695 4129 1000 4185 confundit.
1035 4130 1333 4200 Egrotas?
1365 4129 1574 4193 Gaude,
1605 4129 1729 4198 quia
1753 4170 1768 4193 ,
1805 4127 1970 4193 Quem

405 4220 580 4289 diligit
627 4220 924 4286 Dominus,
976 4223 1196 4292 castigat
1224 4226 1289 4274 ιι.
1327 4221 1536 4290 Pauper
1569 4219 1668 4272 es?
1719 4219 1926 4273 Lattare
1951 4258 1968 4284 ,

2073 3143 2196 3189 ποις
2222 3127 2620 3197 νενομισμένων
2653 3128 2962 3199 περιφανῶν
2987 3127 3304 3196 ἀξιώσωμεν
3333 3131 3521 3196 τυχεῖν
3545 3127 3639 3195 τῆς

2073 3217 2423 3289 ἀντιλήψεως.
2476 3219 2590 3272 Ούκ
2643 3221 2700 3271 ἐν
2752 3219 3007 3290 περιϐολῇ
3064 3219 3399 3289 χρημάτων,
3438 3220 3542 3271 οὐκ
3585 3221 3639 3270 ἐν

2071 3303 2348 3374 δυνάμεως
2394 3304 2575 3375 ὄγκῳ,
2615 3307 2716 3358 οὐκ
2759 3309 2817 3360 ὲν
2847 3306 3096 3376 ὑψώματι
3133 3306 3289 3377 δόξης
3316 3307 3376 3359 τὸ
3423 3310 3640 3378 κρατεῖν

2074 3395 2440 3464 περιγίνεται,
2488 3396 2603 3450 ἀλλ’
2649 3397 2712 3450 ὲκ
2743 3399 2840 3469 τῆς
2887 3397 3006 3452 καθ’
3060 3397 3365 3468 ὑπερϐολὴν
3411 3397 3643 3467 θλίψεως

2074 3486 2353 3556 χαρίζεται
2373 3487 2575 3559 Κύριος
2591 3492 2703 3552 τοῖς
2727 3487 3042 3559 ἐκζητοῦσιν
3066 3489 3224 3542 αὐτὸν
3247 3490 3341 3558 τὴν
3365 3488 3636 3561 βοήθειαν.

2075 3575 2323 3639 Τοιοῦτος
2348 3572 2415 3647 ἦν
2467 3579 2560 3630 καὶ
2589 3580 2617 3631 ὁ
2662 3578 2898 3642 Παῦλος,
2933 3581 3255 3650 καυχήματα
3303 3578 3503 3631 ἑαυτοῦ
3547 3580 3641 3641 τὰς

2075 3667 2282 3738 θλίψεις
2315 3669 2648 3740 ποιούμενος.
2679 3670 2775 3723 Διά
2796 3670 2952 3725 τοῦτο
2977 3671 3203 3740 ἠδύνατο
3225 3670 3406 3738 λέγειν
3422 3688 3435 3698 ·
3463 3672 3642 3723 Ὅταν

2073 3759 2331 3823 ἀσθενῶ,
2359 3762 2491 3813 τότε
2531 3759 2786 3826 δυνατός
2807 3763 2941 3830 εἰμι.
2976 3761 3087 3827 Δὸς
3111 3757 3203 3814 οὖν
3231 3761 3398 3828 ἡμῖν,
3447 3762 3637 3828 Κύριε,

2069 3851 2358 3917 ,βοήθειαν
2399 3852 2468 3904 ἐκ
2537 3852 2824 3920 θλίψεως·
2861 3853 3045 3924 ἐπειδὴ
3085 3854 3116 3924 ἡ
3154 3853 3328 3921 θλίψις
3365 3854 3642 3924 ὑπομονὴν

2077 3943 2493 4015 κατεργάζεται,
2517 3946 2549 4014 ή
2580 3945 2638 3997 δὲ
2662 3944 2902 4015 ὑπομονὴ
2923 3943 3170 4016 δοκιμὴν,
3203 3945 3317 4015 ὴ·δὲ
3341 3945 3542 4016 δοκιμὴ
3564 3945 3642 3998 ὲλο

2077 4036 2226 4103 πίδα,
2257 4038 2289 4106 ἡ
2319 4037 2376 4089 δὲ
2401 4035 2557 4100 ἐλπὶς
2592 4038 2651 4090 οὐ
2687 4037 3051 4107 καταισχύνει.
3101 4038 3259 4108 Ὁρᾷς
3301 4036 3406 4090 ποῦ
3453 4038 3640 4105 ἀνάγει

2078 4142 2139 4178 σε
2170 4128 2202 4196 ἡ
2230 4126 2439 4196 (illd/ig;
2472 4129 2566 4190 Εἰς
2596 4129 2694 4198 τὴν
2716 4128 3141 4198 ἀκαταίσχυντον
3166 4116 3375 4182 ἐλπίδα.
3419 4129 3640 4194 Noack;

2077 4217 2298 4288 εὐθύμει
2322 4257 2339 4284 ,
2378 4220 2458 4273 ὅτι
2513 4223 2620 4273 “Or
2661 4219 2860 4289 ἀγαπᾷ
2893 4221 3126 4288 Κύριος,
3164 4219 3453 4274 παιδεύει.
3493 4223 3638 4274 Πτω-

479 4425 521 4457 "
563 4423 750 4480 Matth.
796 4425 1022 4490 xm,l7.
1102 4425 1144 4456 ¹⁸
1182 4423 1337 4478 Rom.
1381 4440 1430 4486 ν,
1460 4425 1512 4478 5.
1594 4425 1636 4456 ¹⁹
1663 4423 1702 4477 ll
1725 4424 1850 4478 Cor.
1882 4439 1968 4476 xu.

2078 4433 2102 4473 >.
2183 4421 2228 4451 ²⁰
2258 4419 2416 4476 Rom.
2441 4435 2495 4486 ν,
2524 4420 2639 4475 5-5.
2715 4423 2758 4452 ²²
2791 4419 2954 4475 Hebr.
2987 4437 3084 4474 xu.
3109 4418 3162 4474 6.

477 4630 590 4709 (537)
615 4629 820 4709 “Editio
865 4627 1039 4709 Raris.
1070 4643 1218 4709 cum.
1253 4629 1403 4709 C_olb.
1455 4627 1683 4709 septimo
1709 4624 1968 4709 τοῦ-..λου-

2081 4621 2501 4709 Theodoretnm,
2527 4623 3172 4709 E‘TOJREpt‘tltatpqupé-vnv
3201 4621 3299 4709 legi
3331 4622 3638 4709 sim-pliciter

404 4696 579 4768 epos;
614 4699 772 4752 Deest
817 4697 908 4750 τοῦ
967 4700 1021 4751 in
1083 4698 1333 4767 plurimis
1367 4714 1498 4752 mss.
1543 4707 1595 4752 et
1651 4697 1703 4750 in
1748 4696 1982 4750 editione

407 4769 577 4822 Basil.

479 4839 589 4907 (58)
621 4837 711 4891 Sic
748 4835 913 4907 Regii
960 4835 1147 4890 tertius
1184 4847 1238 4890 et
1293 4845 1524 4907 quartus
1555 4849 1818 4907 tequeac
1870 4842 1980 4907 tres

407 4903 726 4964 Cnlltet‘tini.
779 4906 921 4988 Editi
973 4921 1101 4960 vero
1141 4921 1262 4988 cum
1292 4906 1429 4974 Reg.
1476 4907 1689 4974 εεκιοή
1721 4903 1980 5027 θεοφόρος

410 4977 567 5027 σάρξ.
594 4975 718 5027 Haec
741 4975 925 5027 Basdu
957 4976 1119 5027 verba
1151 4987 1282 5027 cntat
1319 4976 1689 5027 Theodoretus
1722 4987 1850 5027 tom.
1907 4975 1970 5027 V.

410 4977 567 5047 σάρξ.
594 4975 718 5030 Haec
741 4975 925 5047 Basilii
957 4976 1119 5030 verba
1151 4977 1282 5029 citat
1319 4976 1689 5031 Theodoretus
1722 4975 1970 5045 tom._lV,

407 5045 552 5102 om.
581 5065 618 5111 1,
652 5061 772 5112 pag.
797 5045 883 5100 ιο.

479 5117 589 5185 (59)
626 5116 708 5169 Ait
736 5114 1090 5169 Combelisins
1131 5130 1228 5170 suo
1271 5115 1512 5183 periculo
1567 5131 1664 5184 pro
1729 5113 1975 5183 οίκούμε-

408 5204 497 5241 νον
531 5187 813 5256 legendum
839 5199 956 5238 esse
987 5185 1437 5256 οἰκονομούμενον
1465 5203 1481 5241 :
1513 5188 1603 5256 sed
1635 5186 1768 5256 quid
1792 5199 1979 5237 neces-

409 5275 468 5310 se
496 5259 563 5311 sit
596 5259 666 5310 ita
697 5255 796 5324 legi
834 5263 1020 5309 contra
1047 5253 1419 5309 auctoritatem
1442 5255 1680 5309 omnium
1716 5253 1974 5324 librorum

412 5337 520 5380 tum
557 5342 711 5383 mss..
756 5322 879 5378 tum
915 5340 1260 5382 excusorum.
1288 5340 1387 5387 ego
1426 5341 1532 5378 non
1559 5327 1689 5377 satis
1723 5322 1985 5387 intelligo.

413 5341 520 5380 tum
557 5342 711 5383 mss..
769 5341 879 5378 tum
915 5341 1260 5382 excusornm.
1288 5341 1315 5376 ε
1356 5341 1387 5376 o
1426 5341 1532 5378 non
1559 5341 1689 5377 satis
1724 5341 1985 5387 Intelligo.

413 5396 544 5448 bam
605 5396 886 5463 utriusque
939 5395 1087 5449 verhi
1140 5341 1408 5448 οἰκεῖσθαι
1475 5403 1529 5448 ει
1588 5392 1988 5463 οἰκονομεῖσθαι

411 5467 655 5518 eundem
713 5462 853 5532 saepe
879 5464 1333 5533 signiﬁcationem
1358 5478 1500 5526 esse,
1557 5464 1641 5533 V_el
1687 5478 1753 5533 ex
1801 5462 1989 5533 lexicis

412 5542 649 5586 constat.
690 5531 1043 5602 Interpreicm
1075 5533 1220 5586 illum
1243 5534 1332 5601 qui
1371 5548 1488 5602 mox
1515 5547 1542 5583 a
1573 5531 1773 5602 Basilio
1803 5532 1986 5602 lauda-

416 5610 523 5658 tur.
546 5601 929 5670 Symmachum
954 5617 1072 5656 esse
1107 5605 1300 5655 docent
1360 5601 1621 5655 Eusebius
1650 5612 1703 5654 et
1735 5601 1986 5654 Theodov

417 5683 581 5726 rctus.
627 5671 926 5726 Notandum
987 5682 1166 5726 tamen
1229 5674 1366 5742 apud
1422 5672 1708 5726 Eusebium
1740 5681 1791 5726 et
1849 5670 1986 5739 apud

2085 4693 2503 4763 πεφραγμένην.
2542 4691 2646 4744 Sed
2673 4691 2916 4763 suspicor
2947 4691 3094 4754 illud,
3127 4692 3269 4761 περί,
3293 4762 3301 4763 7
3325 4708 3355 4744 a
3410 4692 3638 4746 librariis

2084 4762 2322 4829 utroque
2343 4763 2395 4814 in
2434 4765 2550 4814 loco
2577 4762 2834 4816 omissum
2859 4777 2999 4824 esse,
3025 4773 3134 4814 ttuu
3163 4762 3304 4829 quod
3341 4777 3444 4814 vox
3481 4778 3636 4831 71:59!-

2083 4831 2479 4902 πεφραγμένην
2510 4831 2898 4902 signiticantior
2936 4834 3026 4894 sit,
3062 4842 3171 4884 tum
3203 4831 3430 4896 quodin
3465 4830 3636 4885 am—

2081 4899 2180 4971 plis
2200 4899 2289 4954 ita
2314 4899 2377 4955 ex
2401 4899 2531 4954 mss.
2561 4901 2766 4953 editum
2797 4899 2962 4971 fuisse
2991 4902 3284 4971 videamus.

2152 4971 2266 5037 (60)
2308 4971 2459 5024 Colb.
2529 4981 2755 5040 quartth
2816 4970 2947 5023 Θεὸν
3005 4973 3063 5023 ὲν
3119 4968 3451 5040 ἀνθρώποις.
3495 4969 3635 5024 Haud

2078 5039 2232 5107 longe
2268 5044 2370 5093 duo
2405 5055 2530 5094 mss.
2546 5036 2659 5103 ’Δὸς
2683 5036 2774 5092 οὖν
2795 5041 2944 5110 ἡμῖν.

2153 5110 2481 5178 (61)Τοιυιιι
2532 5110 2683 5174 illud,
2715 5109 3102 5179 ἀπδμηδενὸς,
3133 5119 3265 5171 etc.,
3323 5110 3400 5165 sic
3458 5109 3638 5164 Latine

2082 5181 2353 5233 redditum
2402 5180 2454 5232 in
2513 5181 2751 5233 editione
2797 5178 2970 5235 Paris.
3009 5180 3310 5233 invenimus
3349 5196 3362 5230 :
3400 5181 3442 5231 A
3479 5181 3635 5235 nulla.

2083 5250 2317 5317 inquam,
2355 5265 2410 5302 re
2429 5265 2545 5317 qua:
2565 5248 2846 5316 quamlibet
2871 5251 3010 5316 apud
3033 5249 3266 5302 homines
3298 5259 3559 5314 prwslans
3581 5252 3635 5300 sit

2087 5331 2134 5372 et
2170 5321 2388 5380 eximia,
2425 5319 2640 5388 dignum
2683 5329 2757 5372 est
2791 5329 2846 5370 ut
2874 5325 2938 5370 ab
2962 5336 3020 5388 ea
3056 5319 3304 5384 deposcas
3329 5320 3422 5370 tibi
3454 5321 3638 5384 impar-

2087 5392 2178 5441 tiri
2211 5389 2368 5442 veluti
2400 5387 2822 5455 redemptionem.
2859 5388 2965 5440 Sed
3001 5387 3184 5440 Basilii
3219 5389 3385 5442 verba
3414 5388 3483 5441 de
3523 5404 3632 5457 per-

2085 5460 2232 5512 sonis
2255 5475 2359 5513 nou
2392 5458 2458 5512 de
2490 5459 2651 5511 rebus
2680 5457 3020 5524 intelligenda
3050 5472 3170 5511 esse
3204 5467 3354 5526 pnto.
3409 5457 3520 5511 Hoc
3547 5458 3632 5527 igi-

2089 5537 2174 5580 tur
2241 5529 2393 5590 dicit,
2451 5542 2626 5594 neque
2671 5542 2699 5579 a
2773 5529 2953 5588 rebus,
3003 5543 3175 5595 neque
3223 5527 3292 5579 ab
3343 5527 3636 5581 hominibus

2087 5598 2384 5664 quamlibet
2447 5597 2611 5652 claris
2669 5595 2832 5650 ullum
2902 5597 3163 5648 auxilium
3224 5597 3635 5664 exspectandum

2086 5681 2225 5722 esse.
2246 5665 2377 5720 Nam
2413 5666 2593 5721 omnia
2624 5667 2880 5734 excludit,
2915 5674 2970 5721 et
3003 5681 3088 5720 res
3113 5673 3164 5721 et
3193 5680 3479 5733 personas.
