3836 6222
239 335 364 391 469

241 449 439 518 χεύεις
471 445 580 518 (62)
609 464 622 510 ;

245 537 578 603 διαδέξεται.
627 535 893 608 Ἀτιμάξῃ
949 536 1036 588 διὰ
1082 536 1140 588 τὸ
1187 536 1358 606 ὄνομα
1409 535 1502 589 τοῦ
1556 535 1828 607 Χριστοῦς

249 631 544 700 Μακάριος
572 625 642 692 εἴ,
683 630 766 680 ὅτι
797 645 891 681 σου
926 627 1036 698 (65)
1068 630 1102 698 ἡ
1125 627 1351 698 αἰσχύνη
1389 631 1469 692 εἰς
1497 629 1726 696 ἀγγέλου
1749 629 1833 681 δό-

251 721 354 786 ξαν
394 720 878 792 μεταϐληθήσεται.
911 720 1194 792 Πείσωμεν
1217 721 1440 784 ἑαυτοὺς
1459 761 1472 784 ,
1503 721 1748 788 ἀδελφοὶ,
1775 723 1832 772 ὲν

249 812 434 882 καιρῷ
455 813 784 883 πειρασμοῦ,
819 811 892 883 μὴ
923 812 1058 883 πρὸς
1079 812 1422 884 ἀνθρωπίνας
1453 811 1672 875 ἐλπίδας
1699 815 1833 866 ἀπο-

247 905 490 975 τρέχειν,
526 905 660 975 μηδὲ
689 905 898 958 ἐκεῖθεν
921 906 1130 968 ἑαυτοῖς
1150 905 1249 968 τὰς
1271 903 1520 974 βοηθείας
1542 904 1826 974 θηρᾶσθαι,

247 995 375 1048 ἀλλ’
404 997 462 1048 ὲν
489 993 717 1066 δάκρυσι
747 996 840 1048 καὶ
873 998 1214 1065 στεναγμοῖς,
1249 995 1342 1048 καὶ
1361 995 1632 1064 φιλοπόνῳ
1664 1011 1826 1066 προσ-

247 1090 392 1160 ευχῇ
417 1127 432 1152 ,
467 1087 560 1140 καὶ
588 1087 865 1159 ἀγρυπνίᾳ
924 1088 1126 1158 εὐτόνῳ
1164 1087 1264 1150 τὰς
1295 1087 1510 1157 δεήσεις
1537 1087 1825 1140 ποιεῖσθαι.

245 1170 426 1242 Οὗτος
451 1177 558 1248 γὰρ
580 1179 843 1249 λαμϐάνει
869 1178 1118 1248 βοήθειαν
1153 1180 1216 1230 ἐκ
1237 1177 1466 1247 θλίψεως
1486 1221 1501 1241 ,
1542 1179 1571 1230 ό
1603 1178 1700 1248 τῆς
1730 1177 1826 1230 ἀν·-

245 1269 532 1340 θρωπίνης
557 1269 810 1341 βοηθείας
847 1270 922 1332 ὡς
955 1269 1186 1339 ματαίας
1211 1269 1562 1340 καταφρονῶν
1582 1309 1596 1330 ,
1635 1269 1728 1320 κα)¹
1761 1270 1824 1338 τῇ

243 1357 348 1410 ἐπὶ
375 1359 466 1411 τὸν
495 1355 687 1424 σώζειν
717 1360 1014 1429 δυνάμενον
1042 1362 1188 1431 ἡμᾶς
1211 1361 1382 1414 ἐλπίδι
1415 1359 1822 1430 στηριζόμενος,

242 1449 308 1502 ἐν
329 1447 550 1520 Χριστῷ
585 1449 760 1522 Ἰησοῦ
785 1450 862 1520 τῷ
901 1453 1090 1522 Κυρίῳ
1108 1451 1295 1520 ἡμῶν,
1407 1454 1438 1522 ἡ
1468 1450 1594 1514 δόξα
1635 1451 1727 1504 καὶ
1765 1450 1824 1503 τὸ

243 1541 453 1612 κράτος
477 1543 558 1605 είς
588 1543 714 1606 τοὺς
735 1542 934 1605 αἰῶνας
957 1543 1064 1595 τῶν
1085 1533 1313 1598 αἰώνων.
1359 1543 1550 1613 Ἀμήν.

655 1717 764 1768 ΕΙΣ
799 1717 934 1768 ΤΟΝ
961 1713 1058 1767 ΞΛ⁸
1093 1715 1413 1768 ΨΑΔΜΟΝ.

281 1808 391 1870 Εἷς
419 1804 483 1858 τὸ
508 1805 683 1870 τέλος
707 1804 860 1872 ὑπὲρ
902 1805 1177 1872 Ἰδιθοὺμ,
1213 1802 1453 1873 ψαλμὸς
1477 1802 1558 1868 τῷ
1591 1803 1786 1857 Δαϐίδ.

321 1898 374 1950 1.
410 1895 520 1966 (64)
573 1895 675 1948 Δύο
728 1895 974 1966 ψαλμοὺς
1029 1895 1271 1964 ἔγνωμεν
1333 1894 1510 1961 ’Υπὲρ
1567 1894 1824 1964 Ἰδιθοὺμ

238 1987 469 2058 ἔχοντας
507 1988 606 2058 τὴν
653 1988 998 2056 ἐπιγραφήν·
1037 1985 1128 2038 τόν
1171 2003 1228 2037 τε
1279 1987 1596 2057 τριακοστὸν
1641 1987 1822 2054 ὄγδοον

239 2081 344 2134 καὶ
374 2080 464 2134 τὸν
499 2081 556 2132 ἐν
603 2080 781 2150 χερσί.
825 2079 934 2130 Καὶ
982 2078 1304 2148 λογιζόμεθα
1353 2078 1448 2148 μὲν
1497 2078 1659 2130 Δαῦὶδ
1712 2077 1819 2148 (65)

237 2169 386 2226 εἶναι
411 2173 512 2244 τὴν
538 2170 784 2235 σύνταξιν
807 2171 906 2240 τῆς
937 2169 1346 2241 πραγματείας·
1379 2169 1458 2238 τῷ
1487 2171 1668 2240 μέντοι
1707 2171 1822 2222 Ἰδι-

235 2264 388 2334 θοὺμ
427 2263 668 2316 δεδόσθαι
713 2265 794 2324 εἰς
850 2260 1114 2329 ὠφέλειαν
1163 2260 1360 2324 αὑτοῦ,
1403 2263 1494 2313 ἐπὶ
1541 2261 1820 2331 διορθώσει

234 2355 354 2408 τῶν
392 2357 450 2408 ὲν
489 2357 556 2425 τῇ
597 2354 741 2424 ψυχῇ
789 2352 1164 2422 παθημάτων,
1203 2355 1296 2406 καὶ
1327 2355 1404 2416 είς
1430 2353 1693 2423 μελῳδίαν
1723 2353 1821 2424 τὴν

235 2447 338 2500 ἐπὶ
369 2445 462 2500 τοῦ
493 2447 620 2499 λαοῦ
641 2463 654 2476 ·
711 2445 776 2498 δι’
803 2439 870 2516 ἦς
897 2444 991 2497 καὶ
1031 2447 1060 2497 ὁ
1107 2444 1238 2506 Θεὸς
1282 2445 1558 2510 ἐδοξάζετο
1582 2485 1596 2506 ,
1631 2445 1724 2498 καὶ
1770 2449 1818 2499 οἱ

234 2541 534 2604 ἀκούοντες
571 2539 672 2608 τῆς
712 2537 979 2608 ἁρμονίας
1014 2537 1420 2608 ὲπανωρθοῦντο
1453 2537 1522 2590 τὰ
1555 2537 1677 2608 ἤθη.
1713 2534 1820 2590 Ἦν

233 2632 350 2703 γὰρ
371 2631 466 2684 καὶ
507 2633 534 2684 ό
581 2630 810 2697 Ἰδιθοὺμ
857 2629 1176 2699 ίεροψάλτης
1197 2671 1210 2692 ,
1239 2631 1312 2693 ὡς
1341 2633 1655 2701 μαρτυρεῖὴ
1666 2633 1754 2700 μῖν
1787 2633 1817 2702 ἡ

235 2723 456 2794 ἱστορία
475 2721 583 2776 τῶν
605 2721 1117 2794 Παραλειπομένων,
1149 2719 1405 2786 λέγουσα·
1435 2720 1542 2773 Καὶ
1560 2721 1686 2787 μετ’
1715 2721 1820 2772 αὺ-

231 2812 360 2866 τῶν
395 2812 508 2882 (66)
557 2812 750 2880 Αίμέιν
792 2812 890 2865 καὶ
936 2810 1216 2878 Ἰδιθοὺμ,
1258 2808 1588 2878 σάλπιγγές
1619 2825 1682 2861 τε
1719 2809 1816 2861 καὶ

231 2905 513 2974 κύμὲαλα
553 2903 662 2956 τοῦ
700 2901 1068 2972 ἀναφωνεῖν,
1117 2901 1214 2954 καὶ
1246 2900 1466 2969 ὄργανα
1505 2900 1622 2954 τῶν
1653 2900 1819 2965 ᾠδῶν

231 2993 373 3047 τοῦ·
409 2992 577 3047 Θεοῦ.
651 2993 762 3046 Καὶ
822 2993 938 3063 μετ’
989 2991 1144 3058 ὀλίγα
1202 2991 1370 3061 φησί·
1425 2990 1534 3043 Καὶ
1593 2991 1818 3057 ἔστησε

231 3085 420 3140 Δαϐὶδ
450 3089 484 3138 ὁ
506 3083 808 3149 βασιλεὺς
839 3082 937 3136 καί
967 3085 1021 3135 ot
1049 3081 1335 3151 ὕρχοντες
1369 3079 1480 3146 τῆς
1513 3081 1818 3150 δυνάμεως

231 3181 328 3244 είς
351 3177 426 3231 τὰ
448 3177 592 3247 ἔργα
615 3175 756 3240 τοὺς
779 3175 948 3241 υἱοὺς
982 3175 1184 3242 Ἀσὴρ,
1220 3175 1316 3226 καί
1345 3177 1535 3242 Αὶμὰν
1563 3175 1693 3244 (67),
1719 3175 1816 3227 καὶ

245 3267 533 3336 Ἰδιθοὺμ,
563 3267 704 3332 τοὺς
723 3265 1282 3336 ἀποφθεγγομένους
1314 3265 1381 3316 ἐν
1407 3266 1692 3332 κινύραις,
1721 3265 1820 3318 καί

232 3361 308 3414 ἐν
329 3358 598 3424 νάϐλαις,
630 3357 730 3411 καί
759 3359 828 3410 ἐν
853 3357 1205 3426 τυμπάνοις.
1231 3356 1366 3427 Περὶ
1395 3356 1675 3426 ὑπομονῆς
1705 3357 1818 3408 τοί-

233 3469 332 3504 νυν
357 3450 614 3521 ὲκάτερος
641 3449 853 3520 ψαλμὸς
879 3451 976 3520 τὴν
1001 3449 1256 3520 πλείστην
1281 3452 1515 3503 ποιεῖται
1535 3449 1644 3519 (68)
1674 3467 1816 3521 πρα-

231 3539 540 3610 γματείαν,
573 3539 640 3592 δι’
670 3535 739 3610 ἧς
785 3537 1204 3592 καταστέλλεται
1258 3540 1354 3609 μὲν
1394 3539 1494 3610 τῆς
1533 3539 1711 3609 ψυχῆς
1755 3540 1816 3592 τὸ

233 3631 596 3703 θυμούμενον,
649 3632 1024 3702 ὑπερηφανίας
1082 3631 1137 3683 δὲ
1193 3632 1371 3702 πάσης
1421 3632 1809 3703 ὲξορισθείσης,

233 3721 597 3793 κατορθοῦται
626 3721 972 3784 ταπείνωσις.
1022 3723 1324 3792 Ἀμήχανον
1355 3721 1463 3791 γὰρ
1489 3723 1580 3774 τὸν
1610 3721 1683 3793 μὴ
1716 3740 1815 3775 κα-

232 3815 601 3886 ταδεξάμενον
625 3815 686 3867 τὸ
709 3815 846 3886 πρὸς
870 3816 1074 3878 πάντας
1097 3815 1316 3878 ὑποδεὲς
1335 3815 1430 3868 κα)¹
1451 3814 1672 3884 ἔσχατον
1703 3815 1812 3885 (69)

232 3905 528 3976 δυνηθῆναί
561 3921 692 3958 ποτε
734 3905 766 3975 ἢ
813 3905 1217 3975 λοιδορούμενον
1244 3899 1416 3974 θυμοῦ
1451 3905 1744 3976 κρατῆσαι,
1779 3903 1810 3974 ἢ

233 3996 552 4066 θλιϐόμενον
584 3995 672 4048 διὰ
708 3995 1084 4066 μακροθυμίας
1135 3995 1515 4066 περιγενέσθαι
1557 3996 1664 4048 τῶν
1705 4013 1816 4048 πει-

238 4089 484 4159 ρασμῶν.
530 4089 588 4142 Ὀ
642 4089 751 4158 γὰρ
815 4088 914 4159 τὴν
963 4088 1138 4158 ἄκραν
1169 4088 1498 4142 ταπείνωσιν
1547 4089 1814 4160 κατορθώ-

237 4196 359 4242 σας,
388 4180 446 4231 ὲν
482 4179 578 4248 μὲν
610 4181 728 4241 ταῖς
758 4177 1044 4248 λοιδορίαις
1070 4177 1289 4232 πλείονα
1315 4178 1509 4231 ἑαυτοῦ
1549 4195 1816 4248 προκατα-

233 4272 401 4338 γνοὺς
435 4270 534 4340 τὴν
567 4269 861 4332 εὐτέλειαν,
889 4271 950 4322 οὐ
979 4270 1454 4341 κινηθήσεται”τὴν
1502 4271 1678 4341 ψυχὴν
1710 4271 1814 4323 ὑπὸ

1439 331 1722 388 HOMILIA
1761 330 1830 385 IN
1869 331 2198 388 PSALMUM
2237 331 2370 386 LXI.
3390 335 3458 388 47

660 445 952 515 εὐφραίνου
977 487 990 508 ,
1027 445 1106 497 ὅτι
1139 443 1388 516 Λαζάρου
1438 462 1496 497 σε
1548 445 1616 498 τά
1659 446 1815 514 ἀγαθὲ

1944 448 2068 514 quia
2106 447 2294 502 Lazari
2322 451 2460 504 bona
2497 455 2546 504 te
2575 449 2934 519 excipient”.
2983 448 3276 517 Ignominia
3318 449 3494 507 allice-

1942 541 2016 592 ris
2055 552 2274 608 propter
2297 541 2499 596 Christi
2533 541 2763 597 nomen?
2802 541 3000 596 Beatus
3047 555 3138 604 es,
3169 543 3294 610 quia
3346 553 3494 598 tuum

1939 633 2174 686 dedecus
2201 634 2254 686 in
2293 632 2470 702 angeli
2491 633 2714 702 gloriam
2745 643 3010 687 vertetur.
3051 632 3234 698 Nobis,
3277 635 3492 699 fratres,

1937 725 2258 780 teutationis
2287 733 2530 795 tempore
2557 725 2999 793 persuadeamus,
3027 735 3087 779 ut
3113 740 3180 780 ne
3212 727 3278 782 ad
3300 727 3492 780 huma-

1939 833 2035 870 nas
2069 831 2194 885 spes
2233 816 2625 884 conlugiamus,
2661 831 2761 870 nec
2793 815 2948 887 193
2977 817 3100 871 inde
3139 818 3292 872 nobis
3345 833 3495 886 quar-

1937 919 2122 958 ramus
2156 905 2352 958 auxilia
2387 919 2402 957 :
2435 905 2526 958 sed
2557 905 2609 958 in
2642 904 2896 975 lacrymis
2929 915 2982 960 et
3021 907 3294 976 suSpiriis,
3321 917 3378 962 et.
3407 923 3496 963 se-

1933 995 2056 1050 dula
2103 997 2498 1061 obsecratione,
2529 1006 2584 1050 et
2627 997 2846 1052 intentis
2901 999 3098 1069 vigiliis
3143 1015 3328 1068 preces
3367 1015 3495 1069 per-

1933 1101 2178 1157 agamus.
2205 1087 2304 1142 Hic
2326 1089 2470 1142 enim
2495 1103 2526 1141 e
2555 1089 2901 1144 tribulatione
2929 1091 3233 1159 prtesidium
3275 1092 3491 1160 accipit,

1931 1181 2020 1248 qui
2061 1195 2217 1250 opem
2255 1181 2546 1236 humanam
2590 1190 2649 1236 ut
2679 1197 2872 1236 vanam
2921 1195 3264 1250 aspernatur,
3301 1197 3364 1238 ac
3397 1197 3494 1251 spe

1934 1273 2126 1326 nititur
2153 1273 2318 1336 illius,
2351 1275 2440 1342 qui
2486 1289 2586 1330 nos
2615 1275 2792 1329 salvos
2817 1275 2993 1330 facere
3021 1283 3216 1344 potest,
3247 1275 3300 1328 in
3329 1274 3492 1330 Chri-

1929 1375 2016 1416 sto
2044 1362 2168 1417 Jesu
2205 1363 2431 1418 Domino
2461 1375 2667 1432 nostro,
2711 1367 2794 1419 cui
2828 1365 2996 1435 gloria
3031 1373 3086 1419 et
3121 1366 3404 1434 imperium
3433 1365 3488 1419 in

1930 1455 2128 1508 sarcula
2151 1455 2490 1508 sa-culnrum.
2521 1457 2710 1512 Amen.

2413 1712 2480 1766 IN
2513 1713 2734 1767 PSAIM
2749 1714 2840 1770 ΟΜ
2867 1713 3000 1769 LXI.

2125 1804 2190 1858 In
2221 1804 2377 1874 ﬁnem
2416 1821 2510 1873 pro
2538 1803 2796 1870 [dit/mm,
2823 1805 3058 1872 psalmus
3098 1805 3310 1860 Davidi.

1996 1897 2046 1949 l.
2081 1896 2322 1950 Psalmos
2351 1897 2486 1950 duos
2523 1896 2796 1960 novimus,
2827 1897 3024 1964 quibus
3068 1896 3350 1965 inscriptio
3379 1907 3466 1954 est

1927 1985 2034 2040 Pro
2065 1986 2322 2050 [dit/mm,
2367 1986 2700 2040 tricesimum
2743 1995 2992 2040 octavum
3021 2025 3037 2046 .
3070 1995 3126 2040 et
3158 1987 3300 2042 hunc
3325 2003 3486 2056 quem

1924 2081 2186 2134 habemus
2223 2079 2276 2132 in
2305 2077 2576 2133 manibus.
2607 2077 2672 2132 Et
2705 2078 3032 2132 arbitramur
3067 2077 3486 2148 quidem—3.th-

1925 2172 2044 2224 vide
2102 2170 2462 2238 compositum
2521 2184 2655 2238 opus
2683 2184 2824 2233 esse,
2875 2169 3056 2224 datum
3097 2185 3226 2224 vero
3252 2169 3486 2224 ldithum

1924 2278 2022 2330 pro
2055 2261 2288 2314 utilitate
2321 2260 2509 2329 ipsius,
2545 2259 2611 2312 ad
2635 2260 2983 2329 eorrigendas
3013 2260 3204 2314 anima:
3245 2259 3488 2314 all'ectio-

1924 2369 2042 2419 nes,
2072 2362 2126 2408 et
2155 2354 2220 2406 ad
2256 2351 2688 2406 concinnandam
2717 2365 2900 2406 coram
2943 2351 3139 2420 populo
3171 2351 3482 2416 melodiam,

1922 2460 2017 2512 per
2049 2459 2208 2513 quam
2258 2455 2312 2497 et
2358 2443 2495 2497 Deus
2526 2440 2862 2496 afﬁciebatur
2887 2441 3080 2511 gloria,
3105 2455 3162 2496 et
3187 2458 3364 2496 mores
3391 2456 3484 2496 eo-

1923 2555 2038 2592 rum
2070 2538 2158 2608 qui
2182 2537 2518 2591 harmoniam
2550 2535 2842 2589 audiebant
2875 2535 3322 2590 ementiebantur.
3357 2535 3486 2588 Erat

1921 2631 2066 2682 enim
2106 2638 2158 2682 ct
2193 2627 2426 2681 ldithum
2455 2628 2568 2697 ipse
2595 2641 2873 2682 sacrorum
2903 2627 3230 2694 psalmorum
3271 2637 3482 2690 cantor,

1921 2733 1976 2777 ut
2004 2722 2158 2775 nobis
2212 2730 2440 2774 testatur
2485 2717 2928 2786 Paralipomenon
2971 2719 3218 2782 historia,
3247 2719 3434 2772 dicens
3465 2735 3480 2772 :

1924 2816 1987 2867 Et
2015 2830 2132 2866 cum
2167 2813 2294 2881 ipsis
2339 2811 2542 2864 Αῑηιοη
2595 2819 2644 2863 et
2687 2808 2948 2873 Idithum,
2989 2821 3034 2861 et
3081 2811 3218 2863 tuba:
3259 2819 3304 2862 et
3341 2826 3484 2879 cynt-

1920 2908 2040 2960 bala
2073 2909 2140 2958 ad
2191 2905 2564 2968 resonantium,
2595 2911 2646 2956 et
2686 2918 2886 2971 organa
2925 2905 3254 2956 canticorum
3289 2901 3383 2956 Dei
3411 2902 3482 2954 ".

1922 2999 1987 3053 Et
2023 2997 2184 3069 paulo
2228 3006 2350 3065 post
2379 2996 2500 3048 ait:
2544 2993 2742 3048 Statuit
2773 2993 2940 3046 David
2992 3009 3080 3046 rea:
3118 3001 3166 3046 et
3221 2993 3482 3061 principes

1919 3091 2176 3144 exercitus
2198 3089 2266 3142 ad
2297 3104 2452 3154 apera
2473 3087 2611 3155 ﬁlios
2641 3086 2816 3154 Λεορὴ
2834 3093 2880 3138 et
2913 3082 3114 3136 IEman
3149 3093 3198 3136 et
3225 3083 3478 3144 Idithum,

1919 3200 2075 3237 sonos
2099 3181 2306 3235 edentes
2345 3182 2401 3234 in
2431 3181 2671 3245 citharis,
2701 3179 2826 3232 etin
2856 3177 3052 3240 nablis,
3089 3183 3138 3228 et
3178 3177 3242 3228 in
3279 3186 3480 3244 tympa-

1919 3275 2000 3327 nis
2031 3273 2097 3326 “.
2126 3271 2316 3340 Itaque
2359 3271 2426 3324 de
2467 3269 2724 3339 patientia
2774 3267 3013 3336 psalmus
3056 3276 3284 3334 uterque
3317 3259 3484 3334 pluri-

1919 3381 2064 3420 mum
2097 3373 2319 3426 tractat,
2354 3379 2450 3433 per
2478 3375 2642 3430 quam
2667 3369 2726 3414 ut.
2757 3359 2977 3414 sedatur
3032 3357 3198 3410 animi
3237 3358 3482 3426 indigna-

1919 3459 2026 3523 tio,
2085 3459 2157 3508 ita
2214 3456 2362 3510 omni
2434 3452 2686 3520 superbia
2744 3451 3144 3514 exterminata,
3201 3447 3487 3502 humilitas

1916 3548 2236 3618 acquiritur.
2267 3545 2408 3600 Fieri
2439 3545 2582 3598 enim
2608 3558 2716 3598 non
2749 3549 2942 3611 potest,
2968 3551 3028 3595 ut
3059 3541 3103 3595 is
3153 3541 3244 3610 qui
3297 3539 3484 3594 inﬁmo

1917 3643 2214 3710 ultimoque
2245 3639 2362 3693 loco
2389 3652 2518 3708 erga
2549 3650 2740 3690 omnes
2785 3634 2970 3688 haberi
3003 3650 3106 3688 non
3151 3634 3282 3698 vult,
3317 3643 3482 3703 queat

1915 3749 2150 3804 unquam
2184 3741 2274 3784 aut
2309 3731 2434 3784 dum
2465 3727 2723 3783 conviciis
2745 3727 3042 3795 impetitur,
3077 3726 3166 3777 ira:
3191 3725 3482 3786 dominari,

1917 3833 2010 3878 aut
2030 3824 2154 3877 dum
2183 3819 2498 3885 alllictatur,
2543 3831 2640 3887 per
2675 3817 2989 3885 patientiam
3031 3815 3362 3870 tentationes
3392 3829 3484 3868 suo

1915 3929 2130 3983 perare.
2158 3911 2258 3976 Qui
2293 3909 2436 3962 enim
2473 3897 2540 3961 ad
2581 3919 2845 3959 summam
2897 3904 3254 3958 humilitatem
3293 3918 3484 3972 perve-

1915 4007 2013 4068 nit,
2049 4005 2093 4058 is
2124 4017 2246 4057 cum
2305 4001 2358 4054 in
2404 3997 2664 4052 conviciis
2709 4011 2860 4050 suam
2909 3996 3170 4048 vilitatem
3221 3995 3480 4064 majorem

1915 4101 2061 4168 prior
2105 4107 2394 4164 agnoscat,
2427 4090 2497 4146 ob
2549 4089 2716 4144 verba
2757 4088 3112 4158 ignominiosa
3141 4085 3322 4142 animo
3373 4103 3482 4142 non

1916 4188 2393 4243 commovebitur:
2428 4182 2522 4236 sed
2561 4183 2606 4236 si
2649 4180 2946 4250 appelletur
2977 4195 3198 4250 pauper,
3237 4181 3388 4234 novit
3419 4195 3480 4234 se

1915 4281 2088 4348 ipsum
2117 4289 2408 4346 pauperem
2445 4287 2588 4334 esse,
2613 4271 2928 4324 etomnium
2961 4271 3222 4338 indigum,
3263 4283 3326 4322 ac
3347 4284 3480 4336 quo-

233 4363 346 4415 τῶν
414 4363 672 4434 ῥημάτων
717 4362 814 4432 τῆς
851 4362 1102 4430 ἀτιμίας·
1155 4362 1268 4416 ἀλλ’
1313 4363 1408 4416 ἐὰν
1460 4363 1558 4434 μὲν
1604 4365 1810 4434 ἀκούσῃ

1927 4373 2120 4423 tidiano
2155 4366 2361 4422 Domini
2392 4361 2664 4432 stipendio
2686 4377 2819 4430 opus
2849 4361 3050 4414 habere
3078 4378 3092 4425 ;
3135 4360 3178 4414 si
3230 4375 3358 4413 vero
3382 4375 3478 4412 vn-

233 4455 428 4524 πένης,
461 4451 604 4507 οἶδεν
632 4454 822 4508 ἑαυτὸν
851 4455 1063 4525 πτωχὸν
1089 4457 1236 4520 ὅντα,
1266 4457 1358 4510 καὶ
1385 4457 1599 4510 πάντων
1634 4457 1808 4525 ὲνδεῆ,

233 4548 330 4601 καὶ
355 4548 454 4618 τῆς
481 4545 603 4600 καθ’
623 4547 837 4618 ἡμέραν
861 4547 1010 4618 παρά
1035 4547 1128 4604 τοῦ
1158 4549 1364 4618 Κυρίου
1393 4551 1655 4619 χορηγίας
1691 4551 1810 4602 ἐπι-

231 4639 521 4711 δεόμενονο
556 4638 652 4692 ὲάν
685 4639 742 4692 δὲ
777 4639 986 4711 ἀκούσῃ
1023 4639 1287 4712 δυσγενὴς
1327 4641 1419 4694 καὶ
1463 4641 1522 4705 ἐξ
1570 4641 1810 4710 ἀφανῶν,

1920 4471 2072 4514 cetur
2101 4457 2352 4528 ignobilis
2377 4465 2432 4510 et
2460 4455 2749 4516 obscurus,
2783 4452 2931 4520 prius
2953 4451 3054 4505 sibi
3099 4451 3148 4504 in
3187 4465 3288 4505 suo
3317 4450 3482 4504 corde

1920 4549 2170 4604 conscius
2208 4559 2314 4610 est,
2365 4551 2706 4614 procreatum
2745 4557 2864 4596 esse
2892 4554 2949 4594 se
2981 4555 3044 4594 ex
3077 4539 3208 4594 luto.
3240 4541 3481 4608 Quapro-

1925 4649 2040 4708 pter
2067 4639 2172 4692 illic
2201 4637 2414 4706 quidem
2443 4635 2541 4700 ait,
2573 4633 2697 4687 Dixi
2722 4649 2740 4685 :
2769 4629 3071 4685 Custodiam
3101 4631 3208 4684 vias
3241 4646 3379 4682 meas
3408 4629 3476 4692 ’⁸,

307 4754 352 4785 ’³
373 4751 499 4808 Luc.
527 4769 638 4819 va,
665 4753 756 4808 2‘2.
832 4755 876 4786 ³³
915 4753 1131 4810 lParal.
1168 4771 1274 4819 xvi,
1306 4755 1394 4808 42.
1474 4756 1516 4788 ﬂ
1551 4756 1564 4808 Ι
1597 4755 1771 4809 Paral.
1809 4771 1815 4808 ξ

1927 4801 1932 4821 ,
1965 4757 2014 4808 Ι.
2089 4755 2134 4786 ’⁵
2154 4751 2295 4806 Psal.
2321 4763 2550 4812 xxxvm,
2578 4745 2634 4798 2.

305 4919 414 4992 (6‘2)
445 4917 734 4992 §ic_editio
763 4917 928 4992 Basil.
948 4931 1066 4971 cum
1100 4917 1334 4992 quinque
1363 4917 1596 4992 mss.__At
1621 4931 1798 4992 nostra

231 4987 400 5042 editio
425 4987 616 5059 (Paris.
643 4988 996 5059 πτωχεύσεις,
1032 5003 1160 5059 non_
1193 4989 1464 5059 itarecte.
1501 4988 1618 5041 Mox
1666 4991 1793 5059 Reg.

233 5057 506 5114 secundus
533 5071 654 5109 eum
687 5056 921 5112 editione
953 5057 1112 5112 Basil.
1140 5056 1493 5120 διαδέξονται.

309 5127 420 5198 (65)
441 5126 648 5198 *Etlllio
696 5128 856 5181 Basil.
917 5143 1038 5182 cum
1097 5137 1498 5198 qttatuoritnss.
1543 5127 1625 5178 ὅτι
1685 5146 1800 5182 σου.

233 5187 413 5254 Editio
441 5187 616 5248 Pa'ris.
649 5213 768 5250 cum
821 5213 951 5251 mss.
987 5211 1090 5264 non
1117 5187 1308 5264 paucis
1332 5197 1414 5249 ὅτι
1471 5213 1574 5250 σοι.
1609 5200 1802 5252 Statim

232 5269 388 5324 Culb.
421 5267 626 5338 primus
655 5267 938 5338 Πείσωμεν
965 5262 1076 5319 οὖν.

309 5335 435 5408 (64.)
483 5336 696 5408 Initium
722 5335 1037 5408 _Ba.~3iliauge
1106 5335 1523 5408 explanationis
1551 5337 1803 5389 tribuitur

235 5405 524 5463 Theodoro
584 5407 635 5458 in
707 5406 908 5462 Catena
979 5405 1326 5460 Corderiana.
1395 5405 1525 5458 Illud
1589 5421 1804 5473 quoque

235 5481 598 5546 fragmenlurltl
633 5479 773 5544 quod
797 5477 1038 5546 proxime
1065 5477 1112 5528 in
1138 5489 1200 5528 ea
1227 5475 1490 5546 Anonymi
1527 5476 1802 5542 cujusdam

236 5543 454 5600 munitae
488 5543 688 5599 editum
725 5543 828 5610 est,
857 5545 922 5599 ad
973 5557 1218 5600 nostrum
1263 5543 1518 5600 Basilium
1558 5546 1808 5600 similiter

237 5621 490 5684 pvrtiuel.

451 5686 540 5743 Sic
573 5701 704 5744 mss.
735 5693 790 5742 et
814 5685 977 5742 editio
1014 5684 1173 5739 Basil.
1213 5685 1284 5740 At
1312 5683 1477 5740 editio
1509 5682 1682 5740 Paris.
1714 5685 1804 5738 τοῦ

327 5775 370 5810 1'.
409 5797 420 5810 .

237 5759 420 5814 Δαϐίδ.

1981 4915 2092 4986 (66)
2118 4914 2268 4969 Coll).
2297 4923 2520 4986 quartus
2545 4911 2638 4986 καί
2664 4911 2780 4986 μετ’
2803 4907 2990 4969 αὐτοῦ,
3009 4921 3104 4959 nec
3134 4905 3287 4957 aliter
3315 4903 3478 4986 LXX,

1907 4987 1922 5038 1
1965 4975 2201 5052 Paralip.
2242 4975 2350 5048 xvi,
2387 4983 2478 5036 41.
2530 4985 2598 5035 At
2643 4975 2770 5034 editi
2802 4995 2922 5032 cum
2957 4987 3190 5047 quatuor
3216 4989 3346 5028 mss.
3384 4975 3480 5029 καὶ

1907 5057 2027 5126 μετ’(
2045 5054 2247 5126 αὐτῶν.

1983 5125 2096 5195 (67)
2128 5125 2178 5177 lu
2235 5125 2446 5192 Anglic.
2509 5119 2676 5195 Allidtv
2717 5119 3070 5195 _legitu_r__pro
3115 5114 3307 5195 Αίμάνἔ
3373 5115 3478 5166 Sed

1911 5185 2175 5262 vulgatam
2246 5185 2524 5246 lcc‘t'ionetn
2588 5185 3071 5262 ᾼίμάε)⁷-‹;κ1ιίἱξριιι
3121 5194 3176 5236 et
3225 5185 3361 5236 Uliv.
3423 5195 3476 5262 et

1913 5255 2080 5316 nosiri
2126 5279 2254 5318 mss.
2283 5279 2386 5316 una
2441 5277 2562 5316 cum
2601 5255 2764 5313 LXX.
2797 5259 2914 5311 Mox
2957 5255 3106 5310 Culb.
3160 5265 3385 5322 quartus
3419 5255 3479 5305 ὲν

1910 5351 2125 5386 κινυοα.

1981 5351 2125 5404 μυρα.

1981 5405 2091 5470 (H8)
2119 5401 2192 5472 lla
2231 5417 2324 5454 sex
2353 5415 2482 5454 mss.
2505 5399 2570 5452 At
2596 5397 2724 5472 editi
2747 5398 2916 5472 amisi".
2952 5464 2974 5472 ί
3236 5459 3279 5472 ῃ
3406 5459 3418 5472 ο

1984 5459 2096 5542 (69)
2135 5471 2265 5540 lleg.
2299 5473 2564 5542 secundus
2583 5467 2803 5542 Δἒξπιδεὲς
2832 5467 2922 5518 καὶ
2951 5464 3196 5542 ἔσχατον.
3236 5459 3352 5542 Nec
3397 5459 3476 5542 ita

1913 5531 2089 5610 multo
2116 5531 2240 5610 ι)οεῖ
2263 5541 2429 5610 editio
2475 5539 2642 5610 Basil.
2680 5553 2799 5590 cum
2825 5531 3052 5610 duobus
3113 5547 3246 5610 mss.
3296 5531 3480 5610 πλεῖον

1911 5601 2130 5665 ὲαυτοῦξ
2165 5611 2338 5664 Editio
2369 5607 2539 5664 Paris.
2574 5623 2693 5663 cum
2729 5606 2910 5661 multis
2945 5619 3073 5659 mss.
3102 5601 3320 5658 πλείονα
3357 5601 3476 5658 tau-

1911 5681 2025 5740 τοῦ.
