1918 3111
165 125 215 153 471

166 184 373 220 peccatorisque
388 183 603 217 conjuraiionem
624 187 730 215 narrat,
759 188 788 210 et
814 184 950 218 propriam
967 188 988 214 Λ

166 231 336 265 patientiam.
353 229 419 257 Cum
433 230 502 257 enim
513 249 521 261 ,
538 229 636 264 inquit,
662 230 815 256 consisteret
830 236 952 263 peccator

167 276 304 302 adversum
323 282 375 305 me,
395 275 514 301 obmutui
533 279 557 301 et
578 274 733 301 humiliatus
755 282 824 307 sum,
846 279 871 301 et
888 275 952 301 silui

166 330 182 346 a
206 321 279 347 battis
298 320 331 347 ’⁸.
357 320 452 347 Postea
483 321 658 355 progrediens
686 321 743 347 ait:
768 319 952 347 Verumtamen

168 365 255 391 omnia
274 365 386 396 uanitas,
407 365 492 392 omnis
503 365 580 392 homo
600 366 685 392 riuus
705 366 746 399 '7;
761 365 867 397 deinde,
887 365 952 392 Tlte-

167 410 297 442 saurizat,
315 414 339 436 et
355 411 457 445 ignorat
476 411 518 437 cui
532 411 697 446 congregabit
710 420 740 437 ea
751 411 786 438 ’⁸.
799 412 834 438 At
847 412 872 438 in
884 419 952 446 pra:-

167 456 239 483 senti
251 456 357 490 psalmo
374 457 532 485 dubitanter
552 459 669 491 orditur,
686 458 759 485 velut
776 458 808 485 ad
833 458 952 484 animam

168 509 244 529 suam
270 501 393 537 loquens,
423 507 551 537 tanquam
567 504 589 531 si
612 504 704 531 isthaac
718 511 750 530 ex
769 503 844 538 prius
871 503 952 531 dictis

168 553 409 581 consequerentur.
419 548 523 575 Etenim
536 556 568 576 ne
576 549 665 576 anima
680 549 770 576 sensui
784 549 875 576 carnis
890 549 953 575 sub-

168 592 236 624 dita,
252 592 286 619 ad
300 593 354 620 iras
369 597 397 620 et
413 593 539 621 tristitiae
552 599 712 629 pravocetur
729 604 735 622 :
763 595 828 627 Cur,
854 595 952 630 inquit,

169 637 338 666 aEectionum
366 639 499 667 malarum
525 648 631 667 servam
650 641 720 668 facio
737 641 855 668 animam
870 661 878 673 ,
908 642 952 668 cui

169 685 291 717 corporis
321 684 549 720 affectionumque
574 687 632 720 ejus
650 687 729 722 194
753 687 922 721 principatus
937 695 952 713 a

171 730 236 762 Deo,
252 730 297 764 qui
314 738 374 758 eam
397 732 530 764 condidit,
555 734 730 761 concreditus
753 734 816 760 est?
841 733 954 768 Oportet

171 775 261 809 itaque
277 776 411 810 imperare
430 777 582 809 all'ectibns,
604 783 632 805 et
660 779 765 806 servire
792 779 857 806 Deo.
881 778 953 806 Fieri

170 820 241 847 enim
262 829 313 847 non
329 827 428 856 potest,
446 829 475 850 ut
488 823 546 858 ipsa
567 829 594 851 ct
611 832 625 850 a
639 829 750 859 peccato
767 829 794 852 et
808 832 824 851 a
841 825 895 852 Deo
909 833 952 851 re-

170 871 267 898 gatur:
288 867 334 894 sed
362 872 391 894 ut
406 869 515 896 malitiae
537 875 645 904 oportet
669 877 728 897 eam
752 871 897 902 dominari,
917 870 953 897 ita

172 913 284 940 Domino
311 914 500 941 universorum
523 916 672 950 subiectam
696 923 766 943 esse.
783 916 872 949 Quare
887 916 952 943 Pro-

171 958 250 992 pheta
275 959 416 994 insurgens
433 960 459 987 in
486 967 558 993 eum,
573 962 620 995 qui
646 962 809 988 tentationes
827 961 930 988 inducit
945 981 952 993 ,

170 1004 338 1040 multamque
359 1006 491 1034 malorum
518 1008 626 1034 turbam
648 1009 672 1035 ei
691 1008 804 1039 excitat,
823 1012 850 1034 et
873 1015 952 1034 suum

171 1050 289 1077 studium
305 1051 332 1077 in
347 1051 373 1078 id
387 1052 503 1085 confert,
518 1058 547 1079 ut
562 1054 675 1087 spiritus
686 1053 835 1081 celsitatem
852 1053 955 1088 redigat

171 1095 198 1122 in
211 1097 370 1124 servitutem
386 1098 422 1130 ",
435 1098 565 1133 acipsum
576 1099 653 1126 carni
668 1099 805 1135 subjiciat,
823 1099 895 1126 velut
911 1107 954 1126 re-

171 1141 307 1175 darguens
319 1150 414 1169 vanam
429 1143 502 1171 illius
513 1144 657 1171 adversum
677 1152 707 1172 se
719 1145 878 1177 versutiam,
898 1145 954 1172 haec

171 1187 236 1214 dicit
252 1196 259 1214 :
276 1188 345 1221 Quid
357 1196 399 1216 me
414 1190 516 1216 servire
524 1190 599 1225 cogis
614 1190 648 1218 iis
661 1191 758 1225 quibus
770 1190 810 1217 fas
826 1198 876 1217 non
887 1191 952 1217 est?

171 1231 237 1260 Milli
252 1233 379 1262 Dominus
398 1240 450 1266 est,
467 1242 585 1270 agnosco
599 1243 690 1263 verum
710 1237 820 1271 Regem.

170 1277 216 1304 τοῦ
232 1279 400 1314 πνεύματος,
419 1281 466 1307 καὶ
489 1282 639 1317 ὑπορρῖψαι
660 1284 727 1310 αὐτὸ
759 1285 790 1319 τῇ
820 1284 918 1320 σαρκὶ,
934 1279 988 1308 οἷον

171 1331 255 1355 νοιαν,
270 1326 356 1353 ταῦτά
370 1335 449 1362 φησι’
464 1329 494 1354 Τί
514 1337 546 1364 με
563 1329 643 1365 βιάζῃ
657 1330 790 1357 δουλεύειν
807 1328 846 1362 οἷς
858 1331 895 1366 μὴ
910 1329 988 1363 Θέμις

205 1371 233 1398 2.
246 1371 341 1398 Nonne
353 1373 407 1400 Deo
420 1374 537 1409 subjecta
557 1376 606 1402 erit
630 1377 719 1402 animo
734 1378 814 1404 mea?
838 1377 870 1403 ab
897 1377 952 1409 ipxo

170 1417 239 1444 enim
258 1419 375 1446 salutare
392 1428 488 1447 meum.
508 1420 623 1449 Causam
638 1422 706 1449 dixit
721 1430 769 1450 cur
784 1423 880 1458 subjici
896 1428 952 1449 stu-

171 1464 234 1491 deat
248 1473 255 1491 :
271 1466 400 1499 quoniam
417 1473 432 1492 a
445 1466 500 1494 Deo
518 1467 638 1494 salutare
651 1473 702 1495 est.
727 1468 868 1503 Proprium
880 1468 951 1495 enim
967 1480 988 1508 ρ

171 1509 283 1544 Opiﬂcis
295 1515 345 1543 est.
362 1511 530 1546 opiliciorum
547 1519 657 1540 suorum
680 1513 893 1541 incolumitatem
907 1520 954 1541 cu-

172 1562 245 1582 rare.
271 1555 330 1589 Vel,
344 1557 382 1583 Ab
403 1558 461 1591 ipso
476 1557 594 1585 salutare
610 1563 668 1592 est;
695 1559 824 1594 quoniam
838 1559 955 1594 prophe-

172 1601 225 1628 tice
237 1602 387 1636 praevidens
401 1602 520 1630 futuram
535 1611 596 1631 esse
617 1605 732 1639 gratiam
757 1605 955 1632 incarnationis

172 1648 289 1681 Domini,
304 1650 360 1677 haec
377 1650 463 1678 dicit:
480 1651 607 1678 nimirum
626 1653 680 1679 Deo
699 1653 803 1680 servire
819 1657 954 1687 oportere,

172 1699 200 1721 et
214 1695 302 1729 ipsum
316 1696 437 1731 diligere,
449 1697 495 1731 qui
506 1697 666 1725 beneﬁcium
685 1703 788 1726 tantum
805 1699 880 1733 prior
892 1706 956 1726 con-

173 1739 267 1767 tulerit
283 1741 308 1767 in
328 1741 466 1769 hominum
494 1750 590 1777 genus,
607 1748 636 1770 ut
663 1751 696 1772 ne
722 1745 831 1779 proprio
848 1745 954 1780 quidem

174 1785 245 1812 Filio
258 1787 421 1820 pepercerit,
432 1787 488 1815 -sed
504 1795 553 1823 pro
567 1788 644 1816 nobis
660 1790 787 1817 omnibus
809 1790 884 1817 illum
901 1795 955 1818 tra-

172 1831 272 1859 diderit
294 1832 327 1859 '°.
343 1832 400 1860 Mos
421 1838 464 1861 est
487 1835 558 1861 enim
581 1834 738 1869 Scriptum,
767 1841 795 1862 ut
816 1835 954 1863 Christum

174 1876 364 1909 Dei,-salutare
379 1879 512 1913 appellet;
529 1880 601 1906 sicut
620 1880 719 1919 alicubi
745 1881 828 1908 etiam
845 1881 954 1908 Simeon

173 1923 211 1951 ait
228 1933 236 1952 :
251 1924 329 1952 Nune
349 1925 460 1952 dimittis
474 1934 577 1953 servum
594 1931 680 1959 tuum,
698 1927 824 1960 Domine,
844 1928 906 1963 quia
917 1928 955 1954 υἱ-

174 1970 268 1997 derunt
279 1971 348 1998 oculi
363 1971 412 1998 mei
426 1972 543 1999 salutare
566 1976 641 1999 tuum
653 1974 687 1999 ³¹.
705 1973 887 2009 Subjiciamur
907 1974 956 2009 igi-

173 2019 217 2042 tur
238 2016 301 2049 Deo,
321 2017 391 2052 quod
416 2018 535 2046 salutare
552 2019 586 2046 ab
601 2019 661 2053 ipso
686 2023 739 2047 est.
767 2020 836 2053 Quid
865 2025 955 2048 autem

172 2060 208 2088 sit
223 2061 352 2096 salutare,
383 2064 508 2098 explicat.
533 2063 591 2092 Non
613 2064 683 2091 nuda
700 2065 822 2100 quaedam
836 2070 955 2100 estope-

174 2106 246 2134 vatio
259 2128 266 2139 ,
293 2107 409 2142 aliquam
428 2109 506 2136 nobis
530 2109 736 2136 benelicentiam
761 2110 887 2142 atTerens,
902 2119 954 2146 qua

174 2152 209 2179 ab
236 2152 393 2181 infirmitate
415 2153 570 2187 liberemur,
596 2154 720 2189 bonaque
737 2155 859 2190 corporis
877 2156 956 2183 liabi-
972 2153 993 2182 D

175 2197 268 2225 tudine
278 2203 395 2227 utamur.
408 2200 460 2227 Sed
475 2200 539 2234 quid
552 2205 595 2227 est
616 2201 755 2228 salutare?
770 2200 849 2228 Vens.
865 2202 892 2230 5.
908 2201 955 2228 Ει-

174 2243 243 2270 enim
265 2243 319 2276 ipse
345 2244 416 2272 Deus
439 2253 511 2272 meus
527 2250 552 2272 et
577 2244 699 2272 Salvator
716 2253 799 2278 meus,
822 2252 954 2281 susceptor

175 2296 262 2321 meus;
280 2298 331 2316 non
348 2291 467 2317 movebar
481 2291 603 2318 multum.
616 2291 710 2325 Filius,
723 2293 768 2326 qui
785 2300 818 2320 ex
836 2292 891 2321 Deo
903 2298 956 2325 est,

176 2334 247 2362 Deus
263 2340 354 2363 noster
377 2341 429 2364 est.
455 2336 527 2363 Idem
543 2337 624 2364 etiam
653 2337 777 2365 Salvator
791 2342 831 2365 est
851 2339 958 2372 generis

173 2380 297 2416 humani,
320 2382 486 2410 debilitatem
510 2388 629 2410 nostram
652 2383 819 2417 l'ulciens,ac
836 2391 958 2411 commo-

971 855 990 882 Β

207 2437 231 2452 ¹⁶
244 2435 316 2465 Psal.
339 2445 453 2472 xxxvnt,
466 2438 494 2465 3.
531 2439 553 2454 ³⁷
567 2438 631 2466 ibid.
650 2438 675 2465 6.
713 2439 735 2455 ’⁸
745 2439 807 2468 ibid.
826 2440 851 2467 7.
880 2439 921 2467 "l
939 2440 1001 2468 (Zur.

281 2503 356 2539 llo“).
367 2508 481 2538 quartus
494 2503 593 2539 δούλην
606 2503 748 2538 ποιοῦμεν.

282 2538 348 2574 Reg.
370 2540 465 2567 tertius
477 2539 554 2574 ὄχλον
565 2538 619 2565 ’ἑῶν
630 2539 732 2572 παθῶν,
749 2541 850 2566 turbant
867 2541 964 2574 cupidi-

210 2503 256 2535 (70

210 2537 252 2573 (τι

175 2577 271 2600 talum.

209 2608 267 2645 (Ῑὲ)
278 2607 486 2645 ῼοιὴηῃιηῃιιε
500 2609 555 2645 τῶν
572 2609 667 2636 ἑαυτοῦ
686 2609 945 2645 δημιουργημάτων.

210 2642 268 2677 (75)
286 2643 322 2669 Ita
336 2642 420 2670 editio
435 2643 518 2671 Basil.
532 2649 559 2670 et
584 2650 645 2672 orto
662 2642 728 2671 mss?
743 2642 817 2671 mn
833 2642 961 2672 'editione

176 2675 262 2704 Paris;
279 2682 340 2711 post
353 2685 444 2705 vocem
459 2679 583 2705 Δέσποτα
598 2679 686 2706 addita
703 2683 763 2706 sunt
776 2679 830 2712 illa,
848 2679 918 2706 κατὰ
931 2680 961 2706 τὸ

175 2712 314 2749 ῥῆμά-σου
333 2714 362 2749 εν
377 2713 472 2748 εἰρήνῃ
489 2729 495 2740 ι
514 2714 560 2741 sed
589 2714 653 2746 quin
675 2721 707 2740 ex
736 2714 881 2749 Evangelia
909 2715 961 2741 huc

177 2746 306 2773 translata
321 2747 385 2779 sint,
402 2746 512 2775 dubium
525 2756 577 2774 non
596 2749 692 2775 habeo.

210 2780 267 2817 (τί)
288 2780 412 2817 Verterat
426 2783 560 2816 interpres
571 2791 604 2810 ex
625 2783 746 2817 Vulgata.
762 2783 823 2810 Non
839 2784 958 2811 nzovebor

179 2814 301 2849 amplius.
329 2816 381 2844 Sed
406 2825 467 2845 cum
481 2814 532 2845 vos
561 2814 892 2853 amplius'acconnuodari
912 2819 955 2846 vix

833 125 862 153 S.
884 125 1007 153 B.\SiLll
1026 125 1132 152 MAGNI

1740 125 1756 151 ὅ

1005 181 1222 218 προειλημμένον
1237 181 1292 217 ἔχει
1307 182 1334 208 ὲν
1349 183 1380 217 τῇ
1395 180 1490 208 ἑαυτοῦ
1507 180 1603 216 καρδίᾳ
1615 181 1646 207 τὸ
1656 182 1689 208 ὲκ
1703 182 1802 216 πη)νοῦ

1003 228 1175 264 γεγενῆσθαι.
1188 228 1237 254 Διά
1250 228 1327 254 τοῦτο
1338 229 1395 254 ἐκεῖ
1403 227 1452 262 μέν
1462 235 1552 262 εςηαιν,
1560 224 1647 258 Εἶπα,
1659 227 1805 258 Φυλὰξω

1003 276 1056 308 τὰς
1078 275 1166 309 ὁδούς
1189 283 1259 308 μου.
1274 274 1321 300 καὶ
1343 274 1474 309 διηγεῖται
1496 273 1542 299 τοῦ
1555 272 1723 308 ἁμαρτωλοῦ
1745 275 1804 307 τὴν

1003 321 1191 352 ὲπισύστασιν,
1212 321 1258 347 καὶ
1274 320 1321 355 τὴν
1343 320 1445 346 οἰκείαν
1464 319 1667 354 μακροθυμίαν·
1682 319 1738 345 Ἐν
1753 318 1803 350 τῷ

1003 367 1156 401 συστῆναι
1167 368 1231 401 γὰρ,
1240 367 1315 402 φησὶ,
1327 366 1379 393 τὸν
1390 365 1560 400 ἁμαρτωλὸν
1568 365 1712 391 ἐναντίον
1721 373 1800 398 μου,

1003 412 1163 447 ἐκωφώθην
1174 412 1223 439 καὶ
1237 412 1446 445 ἐταπεινώθην,
1462 411 1510 437 καὶ
1524 411 1653 445 ἐσίγησα
1667 410 1705 441 ἐξ
1722 410 1800 443 ἀτα-

1004 460 1080 487 θῶν·
1097 457 1157 485 εἶτα
1173 458 1275 494 προῖὼν
1295 458 1384 492 λέγει’
1404 458 1490 491 Πλὴν
1506 458 1541 483 τὰ
1555 458 1722 492 σύμπαν-τα
1735 464 1799 490 μα-

1004 505 1133 538 ταιότης,
1159 503 1218 537 πᾶς
1244 503 1398 537 ἄνθρωπος
1418 502 1487 533 ζῶν
1510 500 1578 533 ε¹ίτα⁷
1601 500 1798 534 Θησαυρίζει,

1003 551 1051 577 καὶ
1066 551 1101 577 οὐ
1124 550 1261 584 γινώσκει
1286 549 1345 575 τίνι
1364 548 1487 580 συνάξει
1513 547 1595 574 αὑτά.
1623 548 1668 574 Ἐν
1695 547 1728 572 δὲ
1756 547 1802 581 τῷ

1005 596 1177 631 προκειμένῳ
1192 594 1291 630 ψαλμῷ
1305 594 1416 629 ἄρχεται
1434 593 1642 629 διαπορητικῶς,
1660 592 1750 618 οἱονεὶ
1760 594 1799 627 τῇ

1004 642 1100 668 ἑαυτοῦ
1123 642 1195 677 ψυχῇ
1227 641 1426 675 διαλεγόμενος,
1441 640 1477 671 ὼς
1499 639 1529 671 ἐξ
1551 639 1715 670 ἀκολουθίας
1739 639 1802 663 τῶν

1004 687 1218 723 προειρημένων.
1247 687 1305 713 Ἵνα
1334 686 1386 721 γὰρ
1421 686 1457 720 μὴ
1486 684 1524 720 τῷ
1560 685 1716 719 φρονήματι
1743 683 1800 718 τῆς

1005 733 1106 768 σαρκὸς
1124 734 1140 768 ἡ
1163 732 1235 767 ψυχὴ
1259 732 1434 765 ὑποταγεῖσα,
1453 730 1520 765 πρὸς
1535 731 1615 766 ὀργὰς
1633 730 1680 756 καὶ
1699 729 1798 761 λύπας

1003 778 1203 813 διερεθίζηται,
1234 778 1278 804 ἵνα
1299 778 1335 809 τί,
1354 777 1431 811 φησὶ,
1458 776 1552 810 δούλην
1578 776 1708 810 ποιοῦμαι
1735 775 1799 809 (70)

1006 825 1131 859 πονηρῶν
1147 824 1241 850 παθῶν
1264 823 1313 858 τὴν
1326 822 1424 857 ψυχὴν,
1440 822 1514 857 παρὰ
1527 821 1572 848 τοῦ
1585 821 1731 852 uetiam-.0;
1746 821 1798 846 αὺ-

1005 871 1054 906 τὴν
1072 870 1140 896 Θεοῦ
1162 870 1211 905 τὴν
1232 869 1379 905 ἡγεμονίαν
1403 868 1450 894 τοῦ
1469 867 1592 902 σώματος
1615 867 1661 893 καὶ
1686 866 1747 893 τῶν
1767 867 1796 892 ἐν

1006 916 1080 951 αὐτῷ
1095 915 1262 950 παθημάτων
1277 914 1514 948 πεπιστευμένην;
1529 914 1574 939 Δεῖ
1588 913 1679 939 τοίνυν
1693 914 1796 948 ἄρχειν

1007 963 1056 998 μὲν
1067 962 1121 988 τῶν
1134 960 1236 993 παθῶν,
1247 959 1379 985 δουλεύειν
1389 959 1416 984 δὲ
1427 958 1466 993 τῷ
1479 957 1546 992 Θεῷ.
1566 958 1720 992 Ἀμήχανον
1738 957 1796 991 γὰρ

1006 1006 1090 1041 αὐτὴν
1106 1006 1153 1031 καὶ
1171 1004 1223 1030 ὑπὸ
1238 1003 1288 1038 τῆς
1307 1002 1441 1038 ἁμαρτίας
1459 1001 1657 1037 βασιλεύεσθαι,
1673 1002 1721 1026 καὶ
1739 1001 1796 1026 ὑπὸ

1006 1051 1052 1078 τοῦ
1067 1051 1150 1077 Θεοῦι
1167 1049 1235 1076 ἀλλὰ
1256 1049 1297 1075 δεῖ
1320 1048 1419 1079 κακίας
1442 1048 1490 1083 μὲν
1507 1048 1674 1082 ἐπικρατεῖν,
1691 1046 1733 1080 τῷ
1747 1048 1796 1072 Δε-

1009 1097 1094 1132 σπότῃ
1104 1096 1132 1122 δὲ
1146 1096 1200 1122 τῶν
1213 1095 1281 1121 ὅλων
1302 1093 1492 1128 ὑποτετάχθαι.
1513 1092 1562 1119 Διὰ
1578 1092 1658 1118 τοῦτο
1678 1093 1794 1118 ἀποτει-

1006 1143 1142 1178 νόμενοςὸ
1161 1142 1304 1176 Προφήτης
1325 1139 1363 1174 τῷ
1379 1139 1505 1172 ἐπάγοντι
1526 1138 1588 1169 τοὺς
1608 1138 1794 1173 πειρασμώς,

1007 1186 1109 1213 καὶτὸν
1123 1185 1205 1212 πολὺν
1225 1184 1301 1219 ὄχλον
1319 1182 1393 1218 αὐτῷ
1415 1182 1467 1209 τῶν
1490 1181 1582 1208 κακῶν
1604 1182 1660 1216 (Ἠ)
1682 1182 1796 1215 ἐπεγείι

1009 1240 1091 1268 ροντι,
1106 1231 1153 1257 καὶ
1166 1229 1281 1265 σπουδὴν
1296 1229 1383 1264 ἔχοντι
1397 1228 1596 1262 δἰυλαγω-ίῆςαι
1618 1227 1646 1253 τὸ
1662 1227 1796 1263 φρόνημα

1008 1279 1127 1313 ἐλέγχων
1152 1275 1234 1303 αὐτοῦ
1253 1276 1370 1311 ματαίαν
1385 1274 1466 1301 οὖσαν
1488 1275 1535 1309 τὴν
1554 1275 1611 1300 κατ’
1631 1274 1715 1300 αὑτοῦ
1732 1274 1795 1299 ἐπί·

1760 126 1803 152 79..

997 1335 1005 1359 ;
1024 1325 1099 1359 Ἐχω
1110 1322 1259 1357 Δεσπόςην,
1274 1320 1399 1357 γνωρίζω
1412 1320 1457 1346 τὸν
1473 1319 1576 1354 ἀληθῶς
1590 1319 1716 1346 Βασιλέα.

1040 1371 1067 1397 2.
1084 1370 1157 1404 Οὐχί
1178 1368 1218 1401 τῷ
1245 1368 1305 1400 Θεῷ
1331 1365 1548 1401 ὑποταγήσεται
1570 1367 1588 1399 ἡ
1606 1365 1692 1399 ψυχή
1712 1374 1794 1399 pou;

1005 1416 1071 1451 παρ’
1089 1415 1180 1442 αὑτοῦ
1198 1414 1253 1449 γὰρ
1269 1413 1303 1439 τὸ
1321 1412 1467 1446 σωτήριόν
1479 1420 1547 1446 μου.
1563 1410 1617 1446 Τὴν
1629 1411 1720 1437 αἰτίαν
1730 1408 1793 1436 εἷπε

1004 1463 1054 1497 τῆς
1071 1460 1135 1496 περὶ
1150 1460 1199 1495 τὴν
1220 1458 1359 1493 ὑποταγὴν
1384 1457 1513 1492 σπουδῆςσ
1537 1457 1577 1483 ὅτι
1601 1457 1631 1482 τὸ
1655 1457 1795 1492 σαπήρισν

1004 1508 1078 1544 παρὰ
1093 1508 1138 1534 τοῦ
1148 1506 1224 1533 Θεοῦ.
1238 1505 1317 1531 Ἴδιον
1331 1504 1385 1539 γὰρ
1399 1501 1568 1539 Δημιουργοῦ
1582 1502 1612 1528 τὸ
1626 1502 1680 1528 τῶν
1693 1502 1792 1528 ἑαυτοῦ

1005 1555 1165 1589 ποιημάτων
1179 1552 1235 1587 (72)
1255 1552 1304 1586 τῆς
1318 1549 1466 1584 ἀσφαλείας
1477 1548 1638 1584 φροντίζειν.
1653 1547 1702 1579 “ﬂ,
1719 1548 1792 1581 Πίῳ·

1004 1599 1096 1627 αὑτοῦ
1110 1599 1143 1626 τὸ
1158 1597 1305 1632 σωτήριον
1314 1606 1320 1612 ·
1332 1596 1425 1631 ἐπειδὴ
1439 1594 1613 1630 προφητικῶς
1628 1594 1793 1629 προορώμε-

1004 1654 1049 1677 νος
1059 1645 1107 1679 τὴν
1120 1644 1267 1679 μέλλουσαν
1277 1642 1385 1669 ἔσεσθαι
1405 1642 1485 1677 χάριν
1497 1641 1545 1675 τῆς
1558 1639 1793 1674 ὲνανθρωπήσεως

1004 1691 1050 1718 τοῦ
1062 1690 1176 1726 Κυρίου,
1188 1688 1274 1716 ταῦτα
1289 1696 1384 1723 φησιν·
1397 1688 1438 1714 ὅτι
1451 1686 1584 1713 δουλεύειν
1599 1685 1639 1711 δεῖ
1660 1685 1702 1720 τῷ
1720 1685 1792 1719 Θεῷ,

1006 1737 1052 1764 καὶ
1065 1737 1173 1771 ἀγαπᾷν
1185 1735 1276 1766 αὑτὸν,
1295 1734 1324 1765 ὃς
1345 1733 1509 1768 τηλικαύτην
1529 1731 1686 1766 εὐεργεσίαν
1709 1732 1749 1762 εἰς
1763 1731 1794 1756 τὸ

1005 1783 1083 1818 γένος
1102 1781 1156 1808 τῶν
1177 1780 1325 1816 ἀνθρώπων
1351 1778 1582 1813 προκατεεάλετο,
1607 1777 1645 1808 ὡς
1663 1776 1734 1811 μηδὲ
1745 1777 1793 1802 τοῦ

1007 1828 1071 1854 ἰδίου
1088 1826 1153 1854 Υἱοῦ
1166 1825 1319 1861 φείσασθαι,
1331 1824 1387 1851 ἀλλ’
1400 1824 1469 1858 ὑπὲρ
1487 1823 1593 1849 πάντων
1609 1821 1689 1857 ἡμῶν
1704 1830 1792 1856 παρα-

1005 1884 1104 1911 δοῦναι.
1123 1883 1256 1918 Σωτήρων
1272 1882 1327 1918 γὰρ
1350 1881 1410 1913 ἔθος
1427 1880 1567 1915 ὀνομάζειν
1588 1880 1621 1915 τῇ
1634 1879 1730 1914 Γραξῇ
1746 1879 1793 1905 τδν

1005 1929 1122 1964 Χριστὸν
1143 1928 1188 1954 τοῦ
1207 1927 1275 1954 Θεοῦ
1286 1936 1292 1943 ·
1310 1927 1347 1959 ὥς
1364 1935 1415 1953 που
1434 1926 1479 1952 καὶ
1499 1924 1609 1959 Συμεών
1626 1932 1694 1958 φηςι
1706 1933 1713 1939 ·
1729 1924 1793 1950 Νῦν

1005 1975 1147 2007 ἀπολύεις
1160 1973 1214 2000 τὸν
1223 1973 1335 2000 δοῦλόν
1345 1980 1414 2004 σου,
1426 1972 1558 1998 Δέσπίτα
1568 1971 1623 2004 (73)
1632 1978 1638 1984 ·
1652 1969 1696 1995 ὅτι
1710 1969 1793 1996 εἶδον

1006 2020 1033 2046 ot
1055 2019 1203 2054 ὀφθαλμοί
1220 2027 1280 2053 μου
1298 2018 1329 2045 τὸ
1347 2017 1494 2051 σωτήριόν
1510 2024 1578 2043 σου.
1598 2015 1792 2049 ’Υποταγησὼ-

1008 2063 1077 2098 μεοα
1100 2061 1146 2090 οὖν
1170 2063 1209 2098 τῷ
1232 2063 1301 2097 Θεῷ,
1316 2062 1381 2089 διότι
1398 2062 1464 2097 παρ’
1485 2060 1566 2087 αὑτοῦ
1594 2059 1624 2086 τὸ
1646 2060 1792 2094 σωτήριον.

1007 2108 1040 2135 Τί
1064 2108 1092 2135 δέ
1114 2110 1171 2136 ἐστι
1198 2102 1396 2143 τὺ’σωτήριον,
1418 2107 1572 2142 ἐρμηνεύει.
1596 2105 1654 2132 Οὐκ
1667 2104 1793 2140 ἐνέργειά

1007 2161 1048 2184 τις
1074 2152 1148 2188 ψιλὴ,
1175 2153 1255 2188 χάριν
1283 2152 1344 2179 τινὰ
1366 2153 1431 2187 ἡμῖν
1458 2151 1630 2186 παρεχομένη
1651 2153 1691 2182 εἰς
1705 2152 1792 2178 ἀπαλ-

1008 2201 1093 2236 λαγὴν
1119 2201 1270 2232 ἀσθενείας,
1290 2201 1336 2226 καὶ
1359 2200 1483 2235 σώματος
1508 2199 1623 2232 εὐεξίαν.
1659 2199 1741 2226 Ἀλλὰ
1768 2202 1792 2226 τί

1006 2247 1064 2273 ἐστι
1096 2246 1127 2272 τὺ
1163 2246 1310 2282 σωτήριον;
1344 2245 1400 2272 Καὶ
1425 2246 1479 2279 γὰρ
1507 2246 1598 2277 αὐτὸς
1628 2246 1702 2278 Θεός
1734 2255 1792 2280 μου

1005 2292 1055 2318 καὶ
1081 2291 1181 2325 Σωτήρ
1207 2300 1278 2326 μου,
1301 2290 1490 2324 ἀντιλήπτωρ
1510 2299 1589 2325 μου·
1606 2291 1643 2317 οὐ
1669 2290 1714 2325 μὴ
1740 2299 1793 2317 σα-

1005 2339 1102 2365 λευθῶ
1122 2338 1170 2365 ἐπὶ
1192 2337 1297 2365 πλεῖον
1320 2337 1386 2372 (74).
1403 2337 1469 2368 Θεὸς
1488 2337 1566 2372 ἡμῶν
1584 2338 1657 2363 ἐστιν
1670 2338 1685 2363 ὁ
1698 2338 1732 2363 ὲκ
1747 2338 1792 2363 τοῦ

1007 2385 1074 2412 Θεοῦ
1098 2385 1171 2417 Υἱός.
1200 2385 1229 2411 '0
1257 2384 1337 2415 αὐτὸς
1359 2384 1405 2411 καὶ
1430 2383 1524 2419 Σωτὴρ
1544 2383 1592 2409 τοῦ
1616 2383 1712 2417 γένους
1740 2384 1792 2409 τῶν

1017 2448 1056 2473 ut,
1068 2440 1114 2467 27.
1152 2441 1173 2456 ³ο
1182 2440 1260 2467 Rom.
1278 2447 1335 2472 vnt,
1346 2440 1392 2467 52.
1429 2439 1451 2455 ³⁸
1471 2439 1536 2467 Luc.
1548 2447 1578 2471 ιι,
1591 2439 1636 2470 2t),
1652 2440 1696 2466 '50.

1013 2514 1091 2540 posse
1108 2506 1231 2532 videatur
1248 2506 1279 2532 ad
1303 2506 1465 2531 anilianam
1482 2505 1714 2538 explanationem,
1746 2513 1791 2530 nos

1013 2539 1072 2567 cuin
1089 2540 1251 2567 (lmnbclisio
1266 2541 1376 2566 multum
1392 2540 1564 2573 interpretari
1581 2539 1736 2566 maluimus.
1751 2541 1790 2565 Αι-

1013 2584 1063 2608 qne
1092 2576 1161 2601 hanc
1178 2581 1296 2602 nostrain
1314 2575 1507 2608 interpretandi
1528 2574 1661 2600 rationali)
1680 2582 1694 2600 a
1718 2574 1791 2600 Scri-

1013 2617 1098 2644 pllll'll)
1114 2618 1192 2636 sensu
1221 2618 1271 2636 non
1298 2610 1436 2639 aberrare,
1457 2617 1488 2635 ex
1517 2609 1644 2642 "emptis
1667 2611 1790 2643 cognosci

1014 2651 1109 2678 potest.
1129 2646 1154 2670 ln
1173 2646 1204 2672 iis
1219 2646 1289 2671 cnim
1305 2652 1338 2671 ex
1356 2644 1467 2670 Hebraeo
1482 2644 1520 2670 sic
1535 2645 1659 2673 vertitur,
1675 2643 1737 2670 Non
1756 2644 1789 2670 la-

1015 2680 1060 2704 bur
1080 2680 1200 2706 multum.
1233 2679 1286 2705 lloc
1302 2680 1371 2705 idem
1389 2680 1507 2705 ostendit
1529 2683 1556 2705 et
1579 2679 1704 2711 Aquilas,
1731 2681 1789 2704 dum

1015 2716 1049 2739 ita
1071 2716 1262 2747 interpretatus
1282 2719 1324 2741 est
1349 2715 1378 2739 οὐ
1404 2714 1575 2749 σφαλήσομαι
1595 2713 1706 2749 πολλὴν,
1734 2713 1789 2739 Non

1015 2750 1089 2774 Iubar
1116 2750 1236 2775 multant.
1254 2749 1314 2775 Mox
1334 2756 1477 2783 operarum
1497 2748 1660 2782 negligentia
1678 2756 1727 2779 pro
1743 2748 1788 2773 ὑπ·

1013 2785 1120 2818 ageam
1136 2785 1234 2811 Ibditunt
1250 2786 1336 2811 fuerat
1346 2785 1372 2812 in
1386 2784 1504 2811 editione
1517 2783 1600 2810 Paris.
1620 2783 1764 2819 ὑπεριδών.
