3836 6222
145 359 268 412 475

1326 355 1608 412 llOMlLlA
1649 353 1715 410 IN
1756 351 2090 409 PSALMUM
2131 350 2268 407 LXI.

3317 353 3420 406 675

147 475 491 548 ἀνθρώπων,
550 472 580 524 6
626 473 687 526 τὸ
741 473 968 538 ἀσθενὲς
1015 472 1170 546 ἡμῶν
1226 473 1547 544 ὑπερείδων,
1583 473 1611 524 6
1653 471 1734 524 τὸν

1850 471 2047 526 tionem
2087 486 2153 525 ex
2193 467 2586 524 tentationibus
2639 467 2836 523 animis
2883 468 3085 524 nostris
3132 470 3426 528 advenien-

143 572 224 623 ὲκ
256 569 365 620 τῶν
401 565 730 638 πειρασμῶν
769 567 1120 638 ἐγγινόμενον
1184 569 1304 629 ταῖς
1348 565 1549 636 ψυχαῖς
1581 563 1741 636 ἡμῶν

143 662 322 716 σάλον
348 659 838 732 ἐπανορθούμενος.
858 661 940 714 Οὐ
959 659 1046 728 μὴ
1068 658 1347 714 σαλευθῶ
1373 659 1472 712 ἐπὶ
1508 657 1737 711 πλεῖον·

142 753 521 825 ἀνθρωπίνως
587 751 844 822 ὁμολογεῖ
902 749 995 804 τὸν
1063 749 1244 805 σάλον.
1319 749 1451 802 Ἐπί
1507 747 1742 808 πλεῖον,

163 845 478 916 Ἀμήχανον
513 843 621 916 γὰρ
658 844 715 896 ἐν
747 841 1036 914 ἀνθρώπου
1069 841 1183 913 (75)
1213 841 1358 912 ψυχῇ
1393 840 1468 913 μὴ
1489 837 1742 910 γενέσθαι

142 939 285 991 τινὰ
316 939 475 992 σάλον
519 937 629 991 ἀπὸ
673 936 782 990 τῶν
816 935 1162 1007 πειρασμῶν.
1200 935 1346 997 Ἕως
1391 933 1490 1004 μὲν
1517 929 1610 988 οὖν
1650 950 1742 1003 μι-

143 1031 270 1102 κρὰ
309 1030 696 1102 ἁμαρτάνομεν
740 1029 833 1082 καὶ
874 1029 1051 1098 ὀλίγα,
1103 1027 1294 1100 ὥσπερ
1339 1026 1410 1079 τὰ
1453 1026 1597 1096 φυτὰ
1640 1023 1745 1078 ὑπὸ

144 1122 396 1194 πραείας
423 1121 598 1192 αὔρας
634 1119 1077 1193 περιδονούμενοι
1123 1119 1256 1190 (76),
1287 1117 1471 1188 ἠρέμα
1501 1133 1618 1180 πως
1650 1133 1745 1170 σα-

143 1214 429 1285 λευόμεθα
450 1231 464 1245 ·
500 1213 720 1267 ἐπειδὰν
747 1213 806 1267 δὲ
831 1213 1002 1266 πλείω
1030 1212 1123 1264 καὶ
1155 1209 1375 1284 μείζονα
1474 1208 1545 1262 τὰ
1573 1209 1740 1271 κακὰ,

143 1308 304 1361 κατὰ
331 1307 429 1377 τὴν
448 1305 741 1374 ἀναλογίαν
763 1304 866 1376 τῆς
893 1304 1003 1358 τῶν
1029 1303 1444 1376 ἁμαρτημάτων
1465 1302 1744 1374 αὐξήσεως

143 1400 256 1453 καὶ
299 1401 327 1452 6
365 1399 525 1462 σάλος
558 1397 928 1452 ἐπιτείνεσθαι
978 1396 1214 1466 πέφυκε.
1265 1395 1374 1448 Καὶ
1423 1395 1473 1447 οἱ
1518 1393 1615 1464 μὲν
1651 1393 1744 1446 ἐπὶ

143 1493 345 1544 πλεῖον
377 1489 735 1544 σαλεύονται·
764 1491 814 1542 οί
845 1489 900 1542 δὲ
945 1489 1107 1561 μέχρι
1149 1487 1244 1541 τοῦ
1287 1487 1382 1540 καὶ
1430 1487 1742 1559 αὑτόρῤιζοι

142 1581 566 1653 ἀνατραπέντες
606 1579 1035 1652 καταϐληθῆναι,
1085 1580 1214 1632 ὅταν
1247 1578 1512 1642 λαίλαπος
1561 1577 1744 1647 πάσης

144 1674 466 1747 βιαιότερον
513 1673 582 1727 τὰ
629 1672 979 1744 πνευματικὰ
1015 1671 1114 1741 τῆς
1140 1669 1406 1742 πονηρίας
1434 1669 1532 1732 τὰς
1579 1668 1744 1721 οἱονεὶ

145 1767 318 1840 ῥίζας
343 1767 444 1837 τῆς
465 1767 663 1839 ψυχῆς,
714 1759 803 1830 αἷς
828 1765 1190 1836 ἐπεστήρικτο
1227 1759 1336 1834 (77)
1368 1764 1434 1833 τῇ
1463 1761 1640 1813 πίστει
1675 1763 1738 1832 τῇ

1850 572 1956 617 tem
1982 551 2286 634 corrigens.
2326 561 2452 616 Non
2479 560 2723 616 movebar
2759 560 3004 616 multum.
3036 561 3282 619 Humano
3308 581 3424 619 mo-

1849 671 1908 709 re
1967 655 2257 710 conﬁtetur
2293 655 2736 710 commotionem.
2793 653 3045 709 Multum.
3079 653 3222 711 Fieri
3277 659 3420 712 enim

1848 765 1953 802 non
1997 757 2172 818 potest
2223 757 2281 802 ut
2313 749 2365 802 in
2417 749 2654 804 hominis
2701 760 2895 803 natura
2945 751 3241 805 commotio
3276 752 3420 806 nulla

1847 841 2115 894 excitetur
2147 856 2177 894 a
2206 840 2614 895 tcntationibus.
2652 843 2785 896 Dum
2816 843 2980 911 igitur
3009 858 3172 913 parva
3203 853 3257 899 et
3285 861 3421 915 pau-

1845 947 1908 985 ca
1942 941 2162 1000 peccata
2196 933 2609 996 committimus,
2629 933 2828 989 leuiter
2852 935 3252 1004 quodammodo
3275 953 3424 994 com-

1848 1040 2151 1090 movemur,
2181 1025 2331 1078 velut
2365 1025 2562 1095 plantae
2589 1043 2709 1096 quae
2735 1043 2766 1082 a
2799 1028 2903 1082 leni
2939 1042 3071 1082 aura
3107 1029 3420 1100 agitantur:

1847 1120 1936 1173 ubi
1975 1134 2102 1174 vero
2132 1118 2284 1187 plura
2310 1119 2623 1190 maioraque
2651 1120 2851 1176 fuerint
2882 1121 3021 1176 mala
3041 1164 3058 1190 ,
3086 1138 3184 1192 pro
3210 1124 3422 1180 ratione

1848 1211 2172 1264 incrementi
2207 1220 2578 1278 peccatorum,
2610 1213 2774 1266 etiam
2799 1216 3092 1269 commotio
3119 1218 3304 1285 augeri
3328 1233 3420 1272 so-

1847 1303 1939 1358 let.
1966 1303 2030 1357 Ει
2064 1303 2152 1357 alii
2182 1304 2398 1373 quidem
2430 1305 2658 1359 multum
2697 1317 3112 1362 commoventur
3136 1308 3263 1362 :alii
3293 1324 3421 1365 vero

1848 1411 2020 1466 usque
2050 1396 2207 1461 adeo,
2235 1407 2290 1451 ut
2321 1398 2487 1451 etiam
2535 1399 2796 1454 radicitus
2834 1399 3011 1456 eversi
3067 1401 3418 1471 dejiciantur,

1845 1505 1968 1544 cum
2014 1490 2328 1560 spirituales
2352 1491 2608 1561 nequitiae
2637 1492 2792 1562 quasi
2822 1493 3033 1549 radices
3065 1494 3283 1562 animre,
3308 1496 3422 1564 qui-

1847 1581 1946 1636 bus
1978 1596 2077 1650 per
2098 1581 2258 1635 [idem
2303 1582 2356 1636 in
2396 1584 2563 1637 Deum
2595 1584 2826 1638 subnixa
2848 1595 2985 1647 erat,
3015 1586 3168 1640 omni
3201 1585 3419 1641 turbine

1846 1674 2137 1730 violentius
2156 1676 2497 1746 abruperiut.
2518 1677 2630 1748 Ego
2657 1679 2862 1750 itaque,
2886 1679 3084 1749 inquit,
3115 1690 3420 1738 commotus

1845 1767 2064 1834 quidem
2088 1783 2208 1823 sum
2246 1776 2303 1824 ut
2326 1768 2515 1836 homo;
2548 1771 2640 1825 sed
2684 1770 2909 1826 multum
2950 1787 3056 1827 non
3104 1787 3420 1846 commove-

140 1860 302 1917 κατὰ
316 1861 470 1924 Θεὸν,
496 1859 806 1933 ἀπορρήξῃ.
833 1857 976 1928 Ἐγὼ
1007 1859 1208 1924 τοίνυν,
1231 1858 1413 1927 φησὶν,
1439 1856 1734 1929 ἐσαλεύθην

1847 1861 1960 1925 bor,
1994 1860 2252 1929 quoniam
2297 1857 2576 1915 suﬂ‘ulcior
2628 1862 2851 1917 dextera
2895 1877 3056 1918 manu
3095 1862 3418 1920 Salvatoris.

145 1953 256 2024 μὲν
272 1952 348 2017 ὡς
387 1951 705 2024 ἄνθρωπος·
736 1951 830 2004 ἐπὶ
863 1950 1046 2003 πλεῖον
1067 1949 1123 2002 δὲ
1152 1949 1212 2002 ού
1240 1949 1315 2020 μὴ
1351 1947 1619 2014 σαλευθῶ,
1654 1949 1743 2004 διὰ

139 2045 214 2098 τὸ
246 2044 728 2117 ἀντιστηρίζεσθαι
757 2047 822 2116 τῇ
854 2043 1006 2114 δεξιᾷ
1027 2043 1170 2114 χειρὶ
1192 2042 1285 2095 τοῦ
1331 2042 1603 2114 Σωτῆρος.

223 2135 281 2189 5‘.
303 2135 455 2202 Ἕως
471 2135 616 2188 πότε
635 2135 975 2189 ἐπιτίθεσθε
990 2134 1081 2187 ἐπ’
1096 2133 1411 2202 ἄνθρωπον
1430 2149 1448 2196 ;
1459 2133 1745 2203 φονεύετε

142 2227 382 2294 πάντες
421 2229 611 2297 ὑμεῖς,
643 2228 724 2294 ὡς
767 2228 946 2296 τοίχῳ
986 2226 1315 2294 κεκλιμένῳ
1365 2225 1464 2278 καὶ
1499 2225 1745 2295 φραγμῷ

139 2319 434 2388 (impera);
469 2319 639 2374 Πάλιν
687 2320 800 2382 τοῖς
846 2319 1102 2391 πονηροῖς
1149 2317 1450 2388 ὑπηρέταις
1490 2317 1583 2370 τοῦ
1625 2317 1742 2370 δια-

141 2410 310 2463 ϐόλου
344 2411 600 2481 μάχεται,
642 2411 740 2483 τὴν
771 2411 1038 2482 ἀμετρίαν
1063 2409 1385 2481 αἰτιώμενος
1408 2409 1436 2461 6
1462 2409 1619 2478 λόγος
1643 2409 1744 2479 τῆς

143 2507 287 2574 παρ’
313 2504 494 2558 αὑτῶν
524 2505 874 2577 ἐπαγομένης
904 2503 1219 2576 ἐπιϐουλῆς.
1253 2503 1376 2556 ’Ότι
1417 2504 1464 2556 οί
1513 2502 1609 2573 μὲν
1647 2503 1743 2556 ἄν-

142 2597 367 2668 Θρωποί
395 2599 503 2650 είσι
531 2597 920 2662 ζῶονὰσθενές
944 2613 957 2626 °
998 2597 1155 2666 ὑμεῖς
1189 2594 1246 2648 δέ
1276 2593 1582 2648 ἐπιτίθεσθε
1601 2635 1614 2658 ,
1643 2594 1746 2647 οὐκ

140 2688 493 2761 ἀρκούμενοι
523 2691 589 2761 τῇ
615 2688 810 2763 πρώτῃ
839 2687 1114 2760 προσϐολῇ
1145 2703 1158 2716 ’
1191 2686 1328 2741 ἀλλὰ
1369 2686 1463 2740 καὶ
1485 2685 1746 2757 δευτέραν

140 2781 250 2835 καὶ
271 2781 463 2853 τρίτην
484 2781 742 2850 ἐπάγετε,
769 2781 874 2846 ἕως
905 2781 970 2834 ἂν
1000 2780 1143 2835 οὓτω
1170 2781 1271 2853 τὴν
1299 2780 1478 2852 ψυχὴν
1503 2780 1597 2834 τοῦ
1640 2799 1745 2834 πα-

145 2874 492 2946 ραπεσόντος
519 2875 648 2945 ὑμῖν
678 2874 1095 2946 καταστρέψητε
1123 2873 1270 2945 (78),
1302 2872 1442 2925 ὥστε
1490 2871 1744 2941 γενέσθαι

142 2975 552 3048 παραπλησίαν
579 2976 748 3046 τοίχῳ
777 2975 1014 3028 κλιθέντι
1032 2975 1127 3028 καὶ
1143 2973 1386 3046 φραγμῷ
1405 2971 1746 3042 ἀνατραπέν-

139 3085 230 3122 τι.
249 3067 440 3138 Τοῖχος
465 3066 544 3133 δὲ,
571 3067 678 3131 ’έως
701 3068 798 3138 μὲν
821 3067 909 3120 ὅτε
939 3066 1038 3136 τὴν
1055 3065 1222 3136 ὀρθὴν
1246 3062 1600 3134 διαφυλάσσει
1625 3062 1746 3114 στά-

146 3175 263 3224 σιν,
315 3158 514 3228 πάγιος
549 3158 732 3230 μένει·
773 3157 992 3211 ἐπειδὰν
1031 3157 1088 3210 δὲ
1115 3155 1298 3226 κλιθῇ,
1345 3154 1562 3224 ἀνάγκη
1593 3154 1742 3206 πᾶσα

142 3251 322 3305 αὑτὸν
356 3250 673 3304 διαλυθέντα
695 3254 901 3303 πεσεῖν.
943 3249 1023 3302 Τὰ
1056 3249 1154 3319 μὲν
1177 3247 1286 3318 γὰρ
1314 3245 1568 3317 ἡνωμένα
1601 3244 1742 3316 βάρη

147 3344 302 3416 μετὰ
325 3344 426 3418 τὴν
475 3343 651 3398 κλίσιν
700 3343 955 3416 ὀρθοῦται
1003 3343 1138 3413 (79),
1187 3341 1256 3394 τὰ
1307 3339 1363 3392 δὲ
1391 3339 1455 3392 ἐκ
1484 3339 1743 3392 πλειόνων

145 3438 516 3509 συγκείμενα,
552 3437 769 3491 ἐπειδὰν
796 3437 882 3507 ἐφ’
917 3435 975 3489 ἐν
1001 3437 1100 3506 τὴν
1124 3434 1297 3506 ῥοπὴν
1325 3432 1476 3506 πάθῃ
1495 3473 1510 3497 ,
1558 3431 1744 3485 οὐκέτι

146 3529 372 3599 δέχεται
398 3529 498 3599 τὴν
524 3527 916 3601 ἐπανόρθωσιν.
945 3523 1542 3580 Ἐνδείκνυταιτοίνυνό
1565 3523 1742 3591 λόγος,

146 3623 239 3673 ὅτι
260 3622 293 3691 η
320 3621 478 3687 φύσις
497 3623 528 3692 ἡ
547 3620 639 3673 τοῦ
661 3618 974 3692 ἀνθρώπου,
995 3617 1250 3682 σύνθετος
1263 3613 1417 3683 οὖσα,
1436 3615 1624 3686 ἐκλίθη
1647 3615 1744 3686 μὲν

149 3712 266 3765 ὑπὸ
282 3712 380 3782 τῆς
400 3712 692 3783 ἁμαρτίας,
709 3711 936 3782 λυθῆναι
949 3711 1005 3764 δέ
1021 3709 1238 3772 πάντως
1255 3709 1424 3779 αὐτὴν
1439 3708 1565 3779 χρή’
1582 3706 1744 3770 ὥστε,

152 3803 268 3856 ὑπὸ
300 3801 394 3856 τοῦ
425 3804 483 3870 ἐξ
501 3804 676 3874 ἀρχῆς
701 3803 1158 3874 οἰκοδομήσαντος
1188 3799 1357 3872 αὑτὴν
1382 3798 1625 3869 τεχνίτου
1643 3796 1748 3850 πά-

147 3897 242 3950 λιν
265 3896 788 3963 ἁνασκευασθεῖσαν,
821 3896 881 3948 τὸ
897 3894 1135 3964 ἀσφαλὲς
1169 3894 1264 3948 καὶ
1290 3892 1626 3947 ἁκατάλυτον
1653 3891 1747 3944 καὶ

152 3999 301 4070 πρὸς
347 3999 608 4070 δευτέραν
657 3996 867 4051 πτῶσιν
925 3994 1379 4050 ἀνεπιϐούλευτον
1427 3989 1742 4046 ἀπολαϐεῖν.

155 4088 316 4144 Θεοῦ
342 4088 644 4160 γεώργιον,
697 4089 855 4160 φησὶ,
909 4088 1057 4143 Θεοῦ
1094 4085 1374 4156 οἰκοδομή
1421 4086 1580 4138 ἐστε.
1636 4083 1748 4154 Τὴν

149 4186 454 4256 οἰκοδομὴν
480 4187 684 4257 ταύτην
714 4187 1029 4241 κατέσεισεν
1065 4188 1095 4240 6
1121 4183 1315 4255 ἐχθρός
1335 4201 1348 4214 °
1383 4184 1452 4238 τὰ
1483 4183 1748 4254 γενόμενα

154 4282 221 4334 ἐν
273 4280 412 4350 αὑτῇ
469 4282 728 4351 ῥήγματα
775 4281 1139 4334 ἁνεσκεύασεν
1185 4282 1214 4334 6
1253 4278 1610 4349 Δημθιουργός.
1645 4276 1750 4330 Οὑ-

153 4389 273 4434 τως
305 4372 580 4440 ἀναγκαία
623 4374 720 4444 μὲν
766 4375 800 4444 ὴ
836 4373 1043 4436 πτῶσις
1071 4371 1160 4428 διὰ
1189 4370 1286 4441 τὴν
1313 4370 1610 4440 ἁμαρτίαν,
1649 4385 1746 4439 με‹

157 4465 309 4536 γάλη
337 4465 395 4518 δὲ
425 4469 458 4537 ἡ
481 4466 778 4529 ἀνάστασις
801 4465 891 4519 διὰ
919 4464 1018 4536 τὴν
1049 4463 1371 4518 ἀθανασίαν·
1416 4461 1591 4529 Πλὴν
1633 4479 1666 4514 τ
1671 4461 1749 4528 ἦν

1915 2135 1970 2190 5.
2017 2135 2178 2192 Vens.
2202 2137 2257 2192 4.
2299 2136 2580 2208 Quousque
2605 2138 2810 2194 irruitis
2841 2139 2897 2192 in
2923 2139 3228 2196 hominem?
3251 2141 3420 2197 inter-

1843 2228 2000 2297 ﬁcitis
2031 2229 2189 2300 195
2213 2231 2440 2285 uniuersi
2463 2247 2550 2285 vos
2574 2240 2821 2300 tanquam
2860 2233 3046 2299 parieti
3087 2233 3343 2290 inclinato
3369 2245 3418 2290 et

1845 2323 2089 2376 maceriae
2113 2322 2382 2393 depulere?
2418 2323 2632 2379 Rursus
2667 2325 2930 2379 adversus
2973 2340 3172 2394 pravos
3212 2327 3416 2383 diaboli

1847 2413 2127 2470 ministros
2170 2424 2373 2486 pugnat
2423 2415 2513 2470 bic
2558 2430 2760 2480 sermo,
2822 2416 3140 2473 immodicas
3175 2432 3295 2488 qua:
3349 2420 3420 2474 ab

1847 2504 1980 2572 ipsis
2009 2518 2298 2564 struuntur
2349 2508 2575 2563 insidias
2604 2523 2890 2564 accusans.
2929 2509 3200 2566 Nimirum
3239 2511 3416 2566 homi-

1847 2620 1944 2660 nes
1983 2602 2185 2657 animal
2216 2600 2391 2655 debile
2427 2611 2588 2667 sunt;
2626 2617 2721 2657 vos
2750 2611 2931 2656 autem
2978 2603 3208 2672 irruitis,
3242 2603 3419 2674 primo

1847 2694 2052 2748 assultu
2086 2708 2191 2746 non
2225 2693 2466 2747 contenti
2497 2711 2513 2746 :
2545 2693 2639 2746 sed
2671 2703 2724 2746 et
2759 2694 3059 2748 secundum
3109 2704 3164 2749 et
3194 2695 3413 2748 tertium

1847 2787 2081 2850 inl‘ertis,
2115 2787 2286 2841 donec
2315 2784 2393 2840 sic
2429 2785 2668 2839 animam
2723 2785 2842 2855 ejus
2870 2787 2961 2855 qui
2993 2787 3047 2841 in
3091 2801 3184 2842 vos
3211 2786 3419 2842 incide-

1847 2881 1936 2942 rit,
1966 2877 2314 2939 subvertatis,
2348 2877 2422 2931 ita
2452 2885 2508 2930 ut
2540 2878 2734 2946 parieti
2773 2878 3036 2933 inclinato
3071 2887 3128 2932 et
3166 2882 3419 2934 maceriae

1847 2971 2038 3024 diruta:
2074 2971 2165 3023 liat
2197 2970 2520 3024 consimilis.
2554 2969 2740 3024 Paries
2778 2981 2958 3024 autem
3007 2971 3243 3040 quandiu
3294 2972 3418 3040 qui-

1846 3064 1968 3118 dem
2014 3063 2178 3118 situm
2227 3074 2435 3117 rectum
2481 3073 2786 3127 conservat,
2838 3062 3032 3118 ﬁrmus
3083 3071 3291 3128 manet;
3325 3063 3418 3117 ubi

1848 3173 1978 3211 vero
2025 3156 2319 3212 inclinatus
2375 3155 2563 3222 fuerit,
2611 3156 2787 3226 ipsum
2833 3156 3157 3211 dissolutum
3213 3156 3414 3210 cadere

1846 3250 2068 3305 Omnino
2098 3265 2318 3304 necesse
2349 3261 2449 3303 est.
2485 3247 2616 3302 Nam
2655 3249 2888 3318 pondera
2925 3264 2990 3302 ex
3027 3263 3136 3303 uno
3157 3257 3416 3304 constan-

1848 3345 1921 3398 tia
1967 3354 2090 3414 post
2126 3344 2534 3398 inclinationem
2575 3342 2896 3411 eriguntur:
2933 3344 3028 3397 sed
3076 3358 3139 3397 ea
3188 3356 3307 3412 qua
3347 3355 3414 3394 ex

1846 3437 2091 3506 pluribus
2141 3443 2563 3503 componuntur,
2590 3444 2874 3505 postquam
2913 3434 3316 3488 inclinationem
3349 3433 3414 3486 ad

1847 3544 2006 3582 unam
2039 3538 2247 3598 partem
2305 3541 2563 3594 perpessa
2613 3526 2840 3588 fuerint,
2896 3526 3077 3580 denuo
3119 3526 3252 3596 erigi
3309 3540 3414 3579 non

1844 3629 2092 3691 possunt.
2117 3620 2368 3676 Ostendit
2417 3619 2581 3688 igitur
2623 3632 2826 3683 sermo,
2879 3627 3129 3673 naturam
3180 3617 3416 3672 hominis

1846 3729 1968 3769 cum
2008 3714 2307 3782 composita
2334 3711 2425 3775 sit,
2455 3710 2771 3765 inclinatam
2799 3710 3016 3780 quidem
3041 3710 3210 3764 fuisse
3233 3726 3260 3764 a
3291 3725 3417 3779 pec-

1847 3816 1992 3869 cato,
2018 3805 2112 3859 sed
2139 3805 2309 3873 ipsam
2343 3801 2558 3872 penitus
2588 3800 2721 3855 solvi
2753 3812 3024 3869 oportere,
3051 3801 3188 3852 utah
3209 3799 3418 3854 artiﬁce

1847 3898 1937 3965 qui
1966 3912 2086 3952 eam
2110 3895 2179 3950 ab
2204 3895 2359 3950 initio
2381 3892 2672 3949 aediﬁcavit
2701 3905 2887 3946 rursus
2920 3899 3188 3960 reparata,
3218 3899 3417 3946 statum

1847 3991 2082 4060 accipiat
2107 3998 2303 4053 tutum,
2333 3984 2901 4055 indissolubilemque,
2931 3997 2988 4040 et
3033 3985 3243 4040 insidiis
3283 3984 3420 4038 alte-

1847 4084 1960 4138 rius
1986 4098 2146 4138 casus
2174 4082 2531 4137 inaccessum.
2580 4079 2679 4134 Dei
2725 4075 3074 4148 agricultura,
3105 4076 3297 4144 inquit,
3323 4073 3418 4128 Dei

1847 4175 2130 4243 aediﬁcatio
2174 4170 2392 4228 estis“.
2436 4168 2881 4225 Ediﬁcationem
2935 4167 3095 4221 istam
3142 4164 3420 4220 concussit

1849 4267 2128 4331 inimicus,
2158 4274 2215 4320 at
2235 4263 2508 4319 fracturas
2549 4261 2602 4315 in
2631 4275 2695 4316 ea
2729 4259 2908 4314 laetas
2925 4257 3113 4327 Opifex
3142 4257 3416 4312 instaura-

1848 4360 1945 4414 vit.
1979 4359 2070 4415 Sic
2092 4355 2438 4412 necessarius
2458 4354 2675 4424 quidem
2696 4361 2780 4408 est
2817 4367 2999 4414 casus,
3037 4360 3260 4420 propter
3285 4362 3416 4418 pec-

1849 4463 2034 4508 eatum
2065 4451 2200 4506 :sed
2237 4463 2430 4518 magna
2465 4455 2552 4502 est
2594 4444 2942 4508 resurrectio,
2989 4444 3060 4498 ob
3098 4441 3421 4496 immortali-

156 4535 346 4626 τιμήν
363 4535 484 4627 μου
503 4558 943 4612 ἐϐουλεύσαντο
971 4535 1343 4612 ἀπώσασθαι·
1365 4554 1622 4623 ἔδραμον
1637 4552 1734 4624 (80]

1855 4553 2037 4601 tatem.
2063 4541 2226 4598 Vens.
2250 4541 2304 4596 5.
2335 4540 2702 4596 Verumtamen
2723 4538 2946 4592 nretium
2967 4551 3136 4591 meum
3164 4535 3420 4605 cogitave-

241 4673 289 4704 ³⁸
328 4672 500 4727 lCor.
540 4689 623 4737 ιιι,
658 4673 712 4728 9.

243 4762 359 4834 (75)
393 4763 546 4819 Colb.
616 4772 844 4833 quartus
893 4758 1323 4832 ἐπ’ὰνθρὼπου.
1383 4757 1590 4814 Ibidem
1641 4763 1752 4809 tres

163 4849 307 4889 mss.
336 4835 604 4902 γίνεσθαι.

204 4974 217 4985 _
245 4893 362 4976 (76)
394 4905 570 4985 lliditio
592 4901 1241 4985 Βεεὶίῑφεριδονούμενα.
1278 4898 1624 4985 Εᾶὶιὶογετο
1640 4893 1755 4985 μῖξαι

167 4973 276 5028 ris.
305 4973 362 5044 et
386 4975 601 5044 Anglic.
635 4984 690 5029 et
717 4974 860 5028 Oliv.
893 4984 950 5028 et
979 4973 1151 5028 nostri
1192 4985 1390 5027 novem
1427 4983 1559 5023 mss.
1591 4982 1752 5037 περι-

161 5042 326 5099 δονού
335 5042 509 5113 μενοι.

249 5103 364 5184 (77)
387 5115 540 5184 Colb.
570 5123 794 5184 quartus
818 5114 1205 5184 ἁπεστήρικτο.
1236 5109 1428 5184 Statim
1449 5106 1576 5163 editi
1609 5103 1750 5184 Ἐγὼ

166 5177 356 5238 τοίνυν
383 5177 700 5255 ἐσαλεύθην,
730 5185 914 5256 φησιν,
942 5177 1046 5247 ὡς’.’
1070 5185 1140 5236 At
1170 5195 1299 5236 mss.
1339 5179 1575 5249 quinque
1613 5177 1746 5229 utin

168 5263 454 5310 contextu.

248 5323 363 5390 (78)
400 5324 476 5378 Ita
520 5323 820 5379 Culbertini
864 5323 1107 5393 quintus,
1160 5330 1346 5393 sextus
1389 5315 1746 5393 et__sept_imus

169 5385 299 5449 cum
333 5385 466 5464 Reg.
495 5395 654 5448 tertio
696 5385 902 5464 etcum
928 5393 1164 5446 editione
1195 5387 1490 5464 Basil._Alii
1521 5385 1741 5455 quidam

172 5477 310 5518 mss.
345 5456 470 5516 cuin
498 5464 732 5518 editione
760 5463 932 5517 Paris.
963 5456 1434 5532 καταστρέψησθε.

271 5532 361 5604 79)
385 5534 514 5602 Reg.
550 5533 818 5604 secundus
837 5531 1145 5604 ὀρθοῦνται.

247 5538 361 5673 (79)
385 5538 514 5602 Reg.
550 5538 818 5588 secundus
837 5538 1145 5604 ὀρθοῦνται.
1687 5594 1700 5605 _

270 5601 362 5675 80)
394 5604 546 5670 Illud,
577 5602 830 5674 ἔδραμον,
865 5606 936 5675 ita
969 5605 1020 5655 in
1059 5599 1280 5675 Vulgata
1313 5605 1367 5652 et
1400 5595 1540 5675 apud
1581 5593 1732 5675 Latt-

173 5666 278 5728 nus
331 5666 858 5741 Patres’exp'ressuru
915 5666 1206 5732 invenitur,
1236 5666 1444 5721 cucurri
1491 5674 1613 5741 inet
1658 5666 1733 5716 ita

175 5758 417 5816 quoqu_e,
475 5733 640 5816 invito
687 5741 921 5816 Basilio,
947 5744 1346 5816 interpretatus
1383 5744 1469 5791 est
1495 5733 1736 5788 'l‘iltnan-

179 5811 319 5872 nus.
346 5813 558 5869 Etenim
604 5816 695 5883 qui
726 5811 843 5871 non
875 5813 1038 5881 videt,
1071 5811 1172 5866 nisi
1213 5817 1454 5864 vertatur
1489 5818 1736 5860 cucurre-

1855 4756 1997 4810 runt,
2017 4741 2342 4801 ἀκολουθίαν
2371 4741 2634 4796 orationis
2665 4748 2921 4810 constare
2951 4752 3055 4792 non
3098 4751 3274 4807 posse,
3308 4751 3416 4792 ca:-

1853 4809 2026 4894 cutiat
2074 4827 2296 4894 necesse
2319 4822 2422 4893 est.
2453 4811 2585 4894 item
2612 4820 2837 4894 gratam.
2867 4809 3134 4894 facturum
3173 4822 3260 4862 me
3303 4819 3416 4861 atn.

1853 4889 2022 4968 diosis
2052 4881 2384 4968 ex_istim|avi,
2421 4882 2467 4936 si
2505 4882 2606 4935 hoc
2624 4879 2752 4961 loco
2774 4879 2980 4961 edenda
2994 4891 3262 4960 curarem
3289 4893 3413 4946 quae

1853 4957 1982 5012 olim
2007 4957 2059 5009 in
2105 4955 2246 5008 hunc
2271 4951 2448 5006 locum
2483 4951 2764 5005 annotavit
2799 4951 3212 5017 antiquissimus
3243 4951 3416 5000 inter-

1854 5042 1980 5096 pres
2002 5024 2282 5096 Eusebius.
2315 5021 2446 5096 Ejus
2477 5021 2638 5091 igitur
2669 5022 2782 5096 haec
2809 5027 2954 5096 sunt,
2978 5018 3239 5096 psalmum
3263 5032 3417 5096 sesa-

1853 5085 2116 5167 gesimum
2136 5085 2386 5167 primumi
2407 5085 2822 5167 nte'rpretantis:
2846 5085 3140 5167 ξΕδραμον
3251 5085 3416 5167 δίψει

1845 5155 1961 5234 ἕὴν
1975 5155 2458 5234 spira-dardanus»
2491 5155 2822 5234 θεάσασθαι
2841 5155 3156 5234 διψῶντες.
3181 5157 3332 5234 ξᾼνξ).
3358 5155 3414 5208 δὲ

1841 5225 1957 5299 τοὺ,
1981 5225 2050 5288 ἔν
2065 5225 2245 5300 δίψει.
2275 5233 2346 5284 ἐν
2368 5231 2812 5300 διαψεύσματιὸ
2848 5227 3076 5300 Ἀκύλας
3086 5244 3113 5300 ’Δ
3129 5229 3158 5280 6
3176 5225 3234 5280 δὲ
3264 5225 3414 5300 Σύμ-

1840 5295 2036 5390 mea.
2053 5295 2452 5390 ένένεύςιξαξσ
2468 5295 3195 5390 ΞτέὲείὶκὲξῑιςιέΥ-ψεὲἔςιξ
3213 5296 3306 5390 ξεῖ
3318 5296 3416 5390 1'33":

1840 5367 2107 5444 iw'érépa
2125 5367 2354 5435 έκδοσίς,
2372 5372 2442 5425 ἐν
2457 5367 2637 5458 δότλῳ,
2655 5367 3195 5492 ἡρμηῦνευσανΕἰκδς
3215 5367 3306 5419 οὖν
3320 5367 3416 5420 καὶ

1839 5448 1898 5499 ἐν
1919 5449 1985 5517 τῇ
2015 5444 2138 5517 καθ’
2159 5443 2642 5517 ἡμᾶίὰναγνωσει
2669 5456 2801 5517 κεισ
2817 5456 2889 5517 ,αι
2910 5439 3011 5509 μὲν
3040 5437 3301 5517 πρότερον
3312 5437 3412 5517 ῇτὸ,

1837 5517 1908 5570 ἑν
1923 5505 2134 5586 ψεύδει
2153 5530 2166 5543 ο
2182 5505 2282 5587 ’ἵνα
2339 5512 2406 5587 ίεὺ
2431 5505 2720 5587 λεγόμενον
2733 5525 2755 5587 ς
2778 5505 3170 5587 Ἷρδραιεονςέις
3179 5505 3413 5587 ψεύδει,

1839 5575 2159 5660 τουτέστινη
2189 5584 2239 5635 οἱ
2267 5575 2452 5660 ἐῇξθροί
2472 5575 2635 5660 pch
2661 5579 2758 5660 καὶ.
2790 5580 2838 5632 oi
2886 5575 3322 5660 ἐπιϐομλεύοντες
3352 5577 3416 5653 οὑ

1842 5658 1938 5710 σὺν
1971 5651 2217 5725 ἀληθεία,
2242 5648 2332 5725 τὸν
2364 5648 2644 5725 κατ’ἐμοῇ
2667 5649 2866 5725 δρόμον
2888 5649 2983 5725 κα).
3004 5648 3244 5725 τῂνκαΐ
3279 5648 3412 5714 ἐμοῦ

1842 5716 2077 5795 σπουδὴν
2101 5716 2398 5795 ἐποιοῦντο,
2427 5716 2582 5782 ὅλους
2690 5716 2988 5795 αὐτοὺςμτῷ
3013 5716 3212 5795 ψεύδει*
3232 5730 3408 5795 Rapa:

1839 5778 2046 5858 δόντες⁵
2078 5792 2301 5863 σφάλμα
2339 5778 2396 5846 δέ
2432 5778 2698 5862 γραςρικὸν
2723 5778 3003 5857 γεγονέναι
3027 5778 3092 5842 ’ἐν
3128 5789 3239 5849 τοῖς
3277 5778 3416 5854 μετὰ
