3836 6222
444 331 554 387 475

1764 323 1821 376 S.
1861 317 2109 373 BASILII
2144 316 2357 374 MAGNI

3599 314 3692 365 ιἹῦ

446 458 570 505 runt
596 443 869 513 repellere;
895 448 1241 495 cucurrerunt
1280 441 1333 493 in
1362 442 1472 507 siti,
1501 456 1589 494 ore
1628 456 1720 494 suo
1748 439 2013 493 benedice-

2135 439 2182 487 ἓν
2193 436 2374 501 δίψει,
2394 433 2472 498 τῷ
2487 436 2733 501 στόματι
2744 432 2941 486 αὐτῶν
2950 432 3261 501 εὐλόγουν,
3278 430 3373 483 καὶ
3392 427 3468 496 τῇ
3484 428 3700 495 καρδίᾳ

446 541 590 601 bant,
613 549 657 591 et
683 536 837 589 corde
858 552 950 587 suo
972 533 1372 587 maledicebant.
1400 534 1643 587 Pretium
1681 532 1916 587 hominis
1934 540 2017 584 est

447 630 666 699 sanguis
708 627 909 681 Christi
950 645 963 679 :
1000 624 1179 678 Pretio
1214 628 1377 687 enim,
1425 625 1620 694 inquit,
1659 626 1815 693 empti
1860 624 2017 683 estis;

446 722 605 775 nolite
632 719 746 787 ﬁeri
774 720 907 771 servi
934 717 1282 770 hominum”.
1323 716 1435 771 Hoc
1480 718 1644 786 igitur
1676 716 1907 786 pretium
1938 716 2017 767 in-

452 813 580 866 utile
612 811 764 864 nobis
793 810 1018 862 reddere
1037 810 1411 878 cogitaverunt
1440 810 1641 863 milites
1675 807 1833 874 hujus
1865 806 2018 859 mali-

449 906 560 972 gni,
597 903 760 956 semel
794 902 1049 955 liberatos
1083 916 1269 955 rursus
1307 902 1358 953 in
1394 903 1712 955 servitutem
1741 901 2017 954 adducen-

452 1004 549 1046 tes.
580 990 934 1045 Cucurrerunt
963 992 1018 1043 in
1048 992 1158 1046 siti.
1185 992 1616 1045 Concitationem
1643 1007 1704 1044 ac
1728 991 2020 1044 vehemen-

451 1086 577 1138 tiam
611 1084 929 1137 insidiarum
957 1084 1257 1136 daemonum
1287 1084 1568 1137 enuntiat:
1595 1083 1797 1152 quippe
1826 1084 2018 1135 adver—

447 1189 567 1227 sum
598 1188 695 1227 nos
745 1181 990 1234 currunt,
1025 1173 1305 1225 interitum
1340 1184 1586 1226 nostrum
1618 1173 1883 1225 sitientes.
1917 1170 2021 1224 Ore

446 1282 541 1318 suo
590 1264 973 1330 benedicebant,
1013 1275 1061 1316 et
1094 1265 1249 1318 corde
1300 1281 1395 1317 suo
1435 1264 1837 1318 maledicebant.
1870 1262 2020 1315 Multi

450 1365 577 1409 sunt
603 1356 693 1424 qui
731 1370 925 1423 pravas
974 1356 1329 1424 comprobant
1386 1356 1661 1420 actiones;
1696 1364 1753 1409 et
1782 1354 2020 1408 dicacem

450 1448 665 1515 quidem
691 1446 931 1515 lepidum
957 1447 1160 1513 dicunt,
1197 1462 1320 1500 eum
1362 1460 1488 1500 vero
1513 1448 1601 1517 qui
1630 1447 1863 1501 obscena
1896 1460 2021 1499 vero

450 1535 517 1590 ba
557 1533 785 1603 profert,
820 1535 1093 1605 politicum
1129 1548 1143 1586 :
1176 1535 1572 1589 amarulentum
1600 1545 1653 1589 et
1676 1534 2019 1598 iracundum,

452 1643 559 1682 non
588 1627 1043 1680 contemnendum
1072 1628 1255 1681 dicunt
1281 1645 1293 1679 :
1324 1628 1549 1682 laudant
1586 1642 1807 1695 parcum
1834 1636 1886 1681 et
1919 1625 2022 1679 illi-

451 1718 690 1773 beralem
717 1727 775 1770 ut
810 1719 1232 1782 oeconomicum,
1279 1720 1562 1789 prodigum
1599 1728 1854 1786 tanquam
1885 1717 2020 1771 libe-

456 1810 644 1871 ralem.
685 1819 1042 1864 scortatorem
1076 1820 1129 1863 et
1165 1809 1448 1875 lascivum,
1480 1820 1535 1862 ut
1557 1810 1729 1861 virum
1762 1810 1919 1878 genio
1945 1809 2026 1862 in-

453 1904 779 1970 dulgentem,
800 1912 852 1955 et
873 1904 1036 1956 animi
1061 1902 1375 1957 solutioris:
1400 1903 1632 1972 denique
1660 1903 1845 1955 vitium
1867 1916 2025 1955 omne

455 1996 701 2062 specioso
728 1994 949 2047 nomine
968 1994 1183 2048 virtutis
1218 1994 1517 2063 adjacentis
1535 1993 1832 2061 appellant.
1870 1990 2027 2045 Tales

456 2101 554 2141 ore
590 2086 804 2155 quidem
852 2085 1200 2150 benedicunt,
1233 2085 1395 2139 corde
1432 2099 1561 2139 vero
1602 2083 1933 2137 maledicunt
1958 2082 2024 2134 “.

459 2177 591 2231 Nam
623 2179 800 2231 verbis
848 2177 986 2231 bene
1020 2178 1277 2231 ominatis
1323 2162 1538 2231 omnem
1595 2175 2024 2230 exsecrationem

456 2270 581 2322 vita:
608 2268 820 2322 illorum
850 2268 1119 2339 ingerunt,
1148 2270 1400 2338 ipsosque
1424 2279 1639 2322 alterum
1661 2266 2027 2320 damnationis

461 2373 581 2412 reos
608 2372 699 2426 per
721 2373 782 2411 ea
812 2372 931 2425 qua:
950 2358 1273 2426 approbant,
1300 2360 1655 2413 constituunt.
1678 2358 1884 2412 Rursus
1897 2356 2029 2411 allo-

459 2449 644 2518 quitur
673 2449 933 2511 animam,
963 2449 1077 2517 ejus
1107 2464 1234 2518 erga
1280 2449 1445 2503 Deum
1487 2448 1847 2504 obedientiam
1871 2449 2029 2519 196

463 2541 752 2609 adaugens.
799 2538 958 2594 Vens.
1000 2539 1054 2595 6.
1101 2539 1488 2603 Verumtamen,
1533 2540 1730 2610 inquit,
1764 2540 1872 2594 Deo
1907 2542 2026 2594 sub-

453 2629 597 2698 jecta
619 2641 749 2695 esto,
769 2632 945 2683 anima
970 2647 1103 2697 mea,
1128 2633 1373 2701 quoniam
1399 2631 1462 2684 ab
1485 2632 1597 2699 ipso
1618 2633 1872 2700 patientia
1891 2649 2024 2687 mea.

462 2720 665 2775 Iudicat
712 2722 1067 2775 tentationmn
1116 2724 1560 2793 magnitudinem,
1617 2734 1671 2778 et
1703 2725 1831 2779 illud
1882 2728 2025 2795 Apo-

463 2812 585 2866 stoli
609 2812 758 2878 dicit,
787 2814 930 2881 quod
960 2828 1064 2865 non
1095 2812 1237 2866 sinet
1268 2814 1464 2866 tentari
1494 2828 1591 2868 nos
1624 2829 1783 2883 supra
1804 2814 1856 2867 id
1888 2815 2027 2884 quod

463 2905 727 2959 sustinere
762 2919 1046 2972 possumus
1065 2905 1129 2959 ³³.
1157 2904 1232 2956 Ab
1261 2906 1374 2975 ipso
1394 2906 1536 2961 enim
1563 2908 1825 2975 patientia
1857 2924 1991 2961 mea.

532 3176 586 3231 4.
630 3177 792 3230 Vnus.
831 3180 882 3231 8.
928 3177 991 3230 In
1057 3178 1161 3231 Deo
1206 3180 1441 3234 salutare
1505 3199 1711 3249 meum,
1754 3193 1799 3236 et
1858 3183 2027 3253 gloria

465 3286 580 3322 mea
613 3269 790 3324 :Deus
814 3273 1003 3323 auxilii
1043 3274 1162 3334 mei,
1193 3285 1238 3325 et
1268 3291 1381 3337 spes
1409 3291 1522 3327 mea
1549 3276 1602 3327 in
1631 3274 1739 3328 Deo
1770 3288 1865 3329 est.
1899 3275 2033 3330 Bea-

466 3374 552 3415 tus
579 3364 670 3431 qui
708 3364 776 3416 ob
824 3364 1025 3416 nullam
1056 3364 1176 3417 vine
1208 3379 1318 3417 rem
1354 3368 1701 3432 quantumvis
1744 3367 2027 3421 sublimem

467 3456 718 3519 exsultat,
751 3457 845 3509 sed
897 3470 1049 3509 suam
1111 3456 1335 3525 gloriam
1384 3459 1549 3511 Deum
1610 3459 1927 3527 habenqni
1977 3460 2029 3513 in

464 3544 681 3598 Christo
717 3544 1001 3613 gloriatur,
1029 3560 1089 3599 ac
1128 3546 1427 3600 secundum
1479 3547 1798 3616 Apostolum
1847 3547 2029 3601 dicere

468 3645 646 3705 potest
694 3653 709 3689 :
760 3635 893 3689 Mihi
951 3650 1123 3690 autem
1163 3638 1300 3690 absit
1344 3638 1589 3706 gloriari,
1644 3640 1745 3691 nisi
1783 3640 1835 3691 in
1879 3655 2033 3693 cruce

468 3729 664 3781 (.‘Iiristi
690 3728 753 3781 “.
787 3727 936 3781 Nunc
974 3743 1103 3782 vero
1150 3730 1304 3781 multi
1333 3730 1397 3783 de
1434 3744 1659 3797 corpore
1706 3731 2032 3798 gloriantur,

464 3820 555 3887 qui
604 3834 722 3873 sese
766 3818 817 3871 in
870 3820 1133 3889 gymnicis
1176 3834 1473 3873 exercuere
1504 3822 1909 3884 certaminibus,
1944 3829 2036 3875 aut

466 3910 688 3965 omnino
713 3912 781 3964 ob
815 3913 989 3965 artatis
1038 3910 1225 3965 ﬂorem
1254 3913 1473 3981 vigent:
1508 3912 1658 3966 multi
1685 3913 1867 3966 itidem
1900 3912 2030 3967 clle-

473 4011 663 4055 runtur
693 4002 758 4055 de
806 4002 997 4055 bellica
1050 4001 1382 4063 fortitudine,
1420 4004 1701 4071 quietiam
1749 4005 2031 4058 tribulium

468 4093 665 4145 ca-dem
713 4092 964 4145 virtutem
1014 4107 1139 4147 esse
1192 4095 1416 4146 ducunt.
1449 4094 1737 4148 Enimvero
1769 4109 1945 4148 rerum
1980 4098 2031 4149 in

469 4183 620 4237 bellis
647 4183 783 4237 bene
832 4195 1103 4253 gestarum
1144 4186 1382 4253 prtemia,
1412 4200 1474 4239 ac
1502 4187 1736 4253 trophzea
1762 4188 1827 4240 ah
1864 4189 2036 4255 impe-

472 4285 652 4328 ratore
697 4284 751 4328 et
776 4291 804 4327 a
830 4275 1141 4329 civitatibus
1170 4287 1374 4340 erecta,
1413 4292 1511 4345 pro
1552 4280 1713 4331 caedis
1766 4282 2033 4346 magnitu-

472 4368 593 4419 dine
613 4366 765 4418 liunt.
796 4366 896 4418 Alii
933 4367 1233 4433 gloriantur
1253 4371 1320 4420 ob
1343 4368 1530 4422 ductos
1555 4369 1757 4422 circum
1787 4370 2033 4425 civitates

2117 527 2315 580 αὐτῶν
2345 524 2700 593 κατηρῶντο.
2749 526 2893 595 Τιμὴ
2950 524 3232 595 ἀνθρώπου
3290 523 3351 575 τὸ
3401 517 3553 591 αἷμα
3610 520 3697 572 to}

2117 620 2351 693 Χριστοῦ
2374 638 2385 649 ·
2446 618 2621 689 Τιμῆς
2657 620 2787 687 γὰρ,
2826 618 3008 687 φησὶν,
3058 615 3464 686 ἠγοράσθητε-ξ’
3488 613 3584 683 μὴ
3622 614 3703 681 τί·

2118 718 2296 766 νεσθε
2345 712 2552 766 δοῦλοι
2607 713 2949 779 ἀνθρώπων.
2988 709 3200 780 Ταύτην
3237 705 3329 762 οὖν
3376 709 3479 779 τὴν
3539 707 3703 777 τιμὴν

2118 805 2503 857 ἐϐουλεύσαντο
2574 804 2845 874 ἄχρηστον
2908 806 3038 873 ἡμῖν
3112 802 3503 870 καταστῆσαι,
3578 800 3702 860 τοίως

2120 896 2267 960 ἅπαξ
2301 896 2759 967 ἐλευθερωθέντας
2784 896 2944 949 πάλιν
2977 898 3054 958 εἰς
3091 894 3332 946 δουλείαν
3388 894 3702 959 ἐνάγοντες,

2118 988 2167 1038 οἱ
2207 986 2531 1055 στρατιῶται
2558 987 2650 1038 τοῦ
2677 984 2935 1055 πονηροῦ.
2973 984 3269 1052 Ἓδραμον
3307 984 3380 1035 ἐν
3409 983 3603 1050 δίψει.
3633 980 3705 1033 T3)

2122 1078 2369 1131 σύντονον
2417 1078 2564 1145 λέγει
2615 1078 2715 1148 τῆς
2770 1078 2877 1131 τῶν
2921 1077 3186 1147 δαιμόνων
3243 1075 3575 1144 ἐπιϐουλῆς,
3625 1075 3705 1125 ὅτι

2120 1172 2375 1241 τρέχουσι
2400 1170 2522 1223 καθ’
2553 1170 2731 1241 ἡμῶν,
2781 1170 3039 1238 διψῶντες
3072 1168 3222 1238 ἡμῶν
3262 1166 3360 1237 τὴν
3401 1167 3705 1219 ἀπώλειαν.

2128 1262 2208 1326 Τῷ
2230 1262 2479 1329 στόματι
2504 1260 2702 1314 αὐτῶν⁴
2729 1264 3042 1329 εὐλόγουν,
3063 1260 3154 1313 καὶ
3176 1258 3248 1326 τῇ
3267 1258 3493 1325 καρδίᾳ
3510 1257 3710 1312 αὐτῶν

2121 1352 2479 1420 κατηρῶγτο.
2527 1352 2715 1404 Πολλοί
2769 1354 2873 1404 είσι
2910 1351 3020 1421 (8|)
3052 1352 3149 1413 τὰς
3182 1350 3435 1419 πονηρὰς
3476 1349 3711 1419 πράξεις

2122 1443 2526 1513 ἀποδεχόμενοι,
2557 1444 2651 1495 καὶ
2682 1442 2941 1512 χαρίεντα
2985 1441 3081 1510 μὲν
3110 1439 3197 1491 τὸν
3230 1438 3587 1509 εὐτράπελον
3618 1438 3677 1490 iii
3696 1467 3710 1475 -

2123 1552 2338 1603 γοντες,
2385 1535 2475 1587 τὸν
2514 1534 2571 1586 δὲ
2611 1534 2963 1604 αἰσχρολόγον
3009 1532 3281 1584 πολιτικόν
3309 1548 3323 1561 ·
3367 1531 3468 1584 τὸν
3512 1530 3717 1601 πικρὸν

2124 1630 2217 1681 καὶ
2237 1627 2447 1698 ὀργίλον
2479 1626 2921 1697 ἀκαταφρόνητον
2955 1624 3318 1695 ὀνομάζουσι’
3373 1624 3472 1676 τὸν
3510 1624 3718 1692 φειδω-

2124 1721 2214 1775 λὸν
2251 1722 2344 1773 καὶ
2382 1717 2742 1789 ἀκοινώνητον
2777 1718 2851 1780 ὠς
2895 1717 3231 1786 οἰκονομικὸν
3274 1715 3595 1776 ἐπαινοῦσι,
3627 1715 3719 1767 τὸν

2126 1814 2331 1867 ἄσωτον
2386 1812 2461 1875 ὡς
2516 1810 2822 1881 ἐλευθέριον
2854 1850 2870 1874 ,
2945 1808 3033 1861 τὸν
3086 1808 3281 1879 πόρνον
3334 1808 3438 1860 καὶ
3504 1806 3719 1875 ἀσελγῆ

2126 1905 2521 1959 ἀπολαυστικόν
2562 1920 2681 1955 τινα
2714 1901 2807 1955 καὶ
2846 1900 3127 1970 ἀνειμένον
3152 1916 3164 1928 ·
3218 1899 3313 1951 καὶ
3366 1898 3721 1965 ἁπαξαπλῶς

2127 2000 2305 2051 πᾶσαν
2339 1997 2535 2050 κακίαν
2562 1997 2625 2047 ὲκ
2654 1994 2754 2063 τῆς
2797 1991 3213 2065 παρακειμένης
3245 1990 3458 2060 ἀρετῆς
3506 1990 3721 2041 ὑποκο-

2130 2090 2384 2161 ρίζονται.
2423 2090 2485 2141 Oi
2511 2086 2740 2140 τοιοῦτοι
2775 2085 2851 2154 τῷ
2894 2084 3118 2155 στόματι
3156 2083 3252 2153 μὲν
3296 2080 3619 2149 εύλογοῦσι,
3647 2082 3717 2149 τῇ

2124 2182 2180 2234 δὲ
2224 2180 2420 2252 καρδίᾳ
2463 2177 2828 2249 καταρῶνται.
2886 2177 2974 2229 Ἐν
3011 2176 3119 2247 γὰρ
3171 2178 3236 2245 τῇ
3281 2175 3394 2226 τῶν
3447 2174 3722 2243 ῥημάτων

2126 2273 2371 2343 εὑφημίᾳ
2399 2272 2577 2323 πᾶσαν
2609 2269 2853 2340 κατάραν
2902 2269 3197 2335 ἐπάγουσιν
3240 2265 3429 2319 αὑτῶν
3464 2267 3535 2335 τῇ
3578 2265 3717 2333 ζωῇ,

2127 2367 2410 2428 ὑποδίκους
2452 2366 2647 2428 αὐτοὺς
2686 2367 2751 2434 τῇ
2784 2363 2979 2434 αἱωνίᾳ
3028 2361 3354 2430 κατακρίσει
3394 2358 3511 2429 (8'2)
3544 2358 3617 2410 δι’
3642 2352 3720 2410 ὧν

2127 2458 2475 2527 ἀποδέχονται
2528 2455 2912 2517 καθιστῶντες.
2969 2453 3136 2506 Πάλιν
3190 2455 3256 2521 τῇ
3316 2451 3470 2519 ψυχῇ
3532 2449 3720 2501 διαλέ-

2126 2567 2300 2617 γεται,
2335 2548 2433 2618 τὴν
2468 2548 2749 2616 ὑποταγὴν
2782 2548 2952 2615 αὐτῆς
2986 2543 3082 2613 τὴν
3124 2542 3261 2613 πρὸς
3294 2543 3386 2593 τὸν
3410 2540 3547 2593 Θεὸν
3600 2542 3722 2592 ἐπι-

2126 2641 2333 2694 τείνων.
2369 2640 2545 2707 tum
2575 2638 2655 2703 τῷ
2690 2637 2830 2703 Θεῷ,
2867 2637 3051 2707 φησὶν,
3086 2633 3439 2703 ὑποτάγηθι,
3470 2634 3511 2700 ἠ
3543 2632 3717 2700 Ψυχή

2121 2749 2262 2801 μου.
2312 2730 2399 2782 ὅτι
2450 2729 2586 2795 παρ’
2611 2727 2796 2781 αὐτοῦ
2822 2724 2933 2797 (85)
2958 2726 2996 2792 ὴ
3028 2721 3303 2792 ὑπομονὴ
3327 2739 3475 2790 μου.
3516 2719 3721 2772 Ἐνδεξο

2128 2840 2318 2877 κνυται
2344 2822 2405 2873 τὸ
2434 2819 2664 2890 μέγεθος
2693 2818 2800 2870 τῶν
2827 2815 3166 2887 πειρασμῶν,
3203 2815 3297 2866 καὶ
3320 2813 3383 2865 τὸ
3412 2811 3507 2864 τοῦ
3558 2811 3721 2863 Ἀπο-

2129 2915 2316 2969 στόλου
2375 2911 2569 2980 λέγει·
2630 2912 2711 2963 δτι
2769 2910 2868 2961 οὑκ
2932 2908 3080 2960 ἐάσει
3130 2906 3280 2976 ἡμᾶς
3339 2904 3716 2974 πειρασθῆναι

2128 3007 2265 3076 ὑπὲρ
2307 3004 2335 3056 ὃ
2383 3001 2657 3072 δυνάμεθα
2712 2999 3052 3067 ὑπενεγκεῖν.
3096 2996 3237 3063 Παρ’
3283 2996 3481 3049 αὐτοῦ
3525 2996 3640 3065 γὰρ
3680 2997 3717 3061 ἠ

2053 3129 2094 3184 C
2126 3094 2397 3165 ὑπομονή
2427 3112 2545 3163 μου

2202 3190 2253 3242 4.
2287 3188 2415 3240 Ἐπὶ
2438 3185 2517 3250 τῷ
2547 3182 2666 3249 Θεῷ
2686 3184 2749 3237 τὸ
2771 3182 3069 3250 σωτήριόν
3094 3201 3212 3251 μου
3230 3181 3328 3233 καὶ
3346 3180 3381 3245 ή
3402 3178 3561 3243 δόξα
3577 3196 3713 3247 μου·

2132 3284 2165 3334 ό
2196 3278 2338 3343 Θεὸς
2369 3277 2479 3345 τῆς
2492 3275 2778 3343 βοηθείας
2792 3291 2933 3343 μου,
2963 3273 3061 3325 καὶ
3092 3274 3127 3341 ἡ
3163 3272 3339 3336 ἐλπίς
3362 3288 3490 3338 μου
3515 3270 3619 3322 ἐπὶ
3644 3265 3717 3333 τῷ

2133 3370 2273 3437 Θεῷ.
2302 3370 2585 3440 Μακάριος
2624 3370 2653 3421 ὁ
2680 3367 2869 3437 μηδενὶ
2896 3366 3003 3435 (84)
3028 3364 3134 3417 τῶν
3156 3364 3300 3417 κατά
3321 3363 3416 3415 τὸν
3447 3362 3567 3431 βίον
3589 3362 3717 3429 {ri/1}.

2130 3464 2236 3516 λῶν
2283 3460 2744 3530 ἐπαγαλλόμενος,
2797 3457 2934 3511 ἀλλά
2985 3456 3117 3508 Θεὸν
3173 3455 3313 3523 ἔχων
3363 3455 3471 3524 τὴν
3522 3452 3716 3506 ἑαυτοῦ

2130 3556 2285 3622 δόξαν
2306 3571 2320 3584 ·
2355 3557 2383 3607 ὁ
2416 3553 2676 3622 καύχημα
2715 3550 2853 3619 ἔχων
2905 3546 3097 3601 ἑαυτοῦ
3128 3547 3219 3600 τὸν
3252 3546 3495 3614 Χριστόν
3522 3563 3537 3575 θ
3566 3547 3597 3596 ὀ
3636 3546 3718 3597 δυ-

2131 3644 2360 3713 νάμενος
2382 3642 2560 3707 λέγειν
2583 3637 2726 3692 κατὰ
2748 3638 2839 3690 τὸν
2870 3636 3210 3688 Ἀπόστολον·
3240 3634 3399 3703 Ἐμοὶ
3433 3634 3505 3686 δὲ
3520 3635 3612 3703 μὴ
3631 3635 3715 3702 γέ-

2132 3754 2292 3788 νοιτο
2314 3733 2649 3803 καυχᾶσθαι
2670 3733 2721 3783 εὶ
2739 3728 2823 3798 μὴ
2849 3728 2918 3781 ἐν
2936 3727 3015 3793 τῷ
3042 3725 3281 3795 σταυρῷ
3298 3726 3406 3779 τοῦ
3428 3727 3712 3794 Χριστοῦ.

2132 3826 2244 3880 Νῦν
2274 3826 2331 3879 δὲ
2365 3824 2548 3877 πολλοὶ
2581 3822 2679 3893 μὲν
2702 3819 3068 3884 ὲνδοξάζονται
3100 3817 3334 3889 σώματι,
3354 3821 3402 3871 οἱ
3436 3821 3573 3891 περὶ
3601 3820 3718 3882 τοὶς

2134 3919 2434 3988 γυμνικοὺς
2480 3914 2835 3985 ὲσχολακότες
2876 3912 3111 3981 ἀγῶνας,
3154 3913 3186 3980 ἢ
3230 3911 3369 3975 ὅλως
3426 3915 3479 3964 οἱ
3528 3914 3625 3966 ἐπὶ
3656 3915 3716 3982 τῇ

2135 4013 2283 4080 ἀκμῇ
2300 4010 2395 4078 τῆς
2425 4007 2639 4078 ἡλικίας
2657 4003 2993 4075 σφριγῶντες
3020 4003 3149 4072 (85)·
3185 4003 3369 4055 πολλοὶ
3389 4003 3453 4055 δὲ
3484 4008 3554 4075 τῇ
3583 4006 3718 4058 κατὰ

2133 4104 2257 4164 τοὺς
2291 4100 2558 4169 πολέμους
2589 4097 2800 4167 ἀνδρίᾳ,
2836 4096 2885 4148 οἱ
2920 4096 3013 4148 καὶ
3042 4094 3101 4147 τὸ
3145 4096 3392 4162 φονεύειν
3430 4095 3565 4157 τοὺς
3598 4096 3720 4162 ὁμο-

2135 4194 2331 4262 φύλους
2361 4190 2563 4261 ἀρετὴν
2613 4187 2907 4257 τιθέμενοι.
2946 4184 3009 4237 Ἦ
3036 4185 3143 4255 γὰρ
3176 4185 3233 4236 ὲν
3280 4188 3393 4247 τοῖς
3456 4184 3716 4255 πολέμοις

2134 4285 2379 4358 ἀριστεία
2406 4283 2500 4336 καὶ
2527 4282 2595 4334 τὰ
2622 4280 2861 4351 τρόπαια
2900 4279 3006 4332 ὑπὸ
3039 4278 3350 4349 στρατηγοῦ
3374 4280 3478 4331 καὶ
3510 4279 3716 4332 πόλεων

2137 4376 2457 4449 ἐγειρόμενα
2494 4373 2635 4426 κατά
2685 4372 2796 4442 τὴν.
2813 4371 2906 4423 τοῦ
2939 4371 3183 4439 φονεύειν
3211 4372 3546 4440 περιουσίαν
3574 4372 3715 4439 γίνε-

472 4469 653 4509 muros
684 4472 696 4507 :
730 4455 820 4509 alii
851 4457 919 4509 ob
942 4457 1349 4524 aquaeductuum
1375 4469 1698 4524 structuras,
1732 4470 1786 4514 et
1814 4476 2024 4531 magno-

2138 4486 2247 4520 ται.
2290 4464 2471 4519 Ἀλλοι
2499 4462 2833 4526 δοξάζονται,
2861 4460 3015 4530 τείχη
3043 4459 3229 4511 πόλεσι
3262 4460 3710 4529 περιϐάλλοντες

540 4614 586 4646 ³⁸
611 4614 632 4669 l
658 4614 782 4669 Cor.
819 4629 914 4681 vn,
944 4615 1034 4670 25.
1112 4620 1157 4651 ³⁵
1181 4618 1325 4674 Psal.
1368 4637 1480 4682 LXI,
1516 4621 1570 4675 5.

471 4812 639 4867 ταῦτα
663 4810 855 4882 συνέϐη
888 4811 1119 4882 χρόνοις,
1147 4810 1286 4863 ὥστε
1316 4811 1435 4864 ἀντὶ
1458 4811 1574 4874 τοῦ,
1605 4812 1674 4864 ἐν
1701 4812 1931 4879 ψεύδει.
1954 4812 2025 4867 ἐν

470 4884 631 4950 δίψει
657 4880 951 4950 γραφῆναι.
978 4901 995 4930 ι
1029 4880 1382 4950 Cucurrerunt
1410 4883 1462 4932 in
1486 4883 1596 4944 siti,
1621 4898 1788 4934 meam
1816 4898 2025 4936 cernere

469 4948 748 5018 perniciem
774 4948 1019 5019 sitientes.
1058 4948 1163 5002 Pro
1195 4951 1286 5001 illo
1318 4960 1511 5015 autem,
1548 4969 1564 5001 ›
1599 4953 1647 5003 in
1672 4952 1783 5016 siti,
1810 4952 2024 5019 Aquila,

472 5024 523 5073 in
554 5020 795 5086 fallacia;
834 5018 1172 5088 Symmachus
1219 5035 1355 5080 vero,
1390 5021 1441 5072 in
1486 5021 1799 5083 mendacio;
1835 5018 2023 5086 quinta

469 5091 651 5151 editio,
678 5091 730 5143 in
762 5089 928 5151 l'also;
971 5100 1016 5140 et
1053 5089 1161 5140 alia
1182 5088 1303 5140 item
1325 5089 1504 5150 editio.
1529 5091 1580 5141 in
1608 5092 1747 5155 dolo,
1768 5092 2024 5157 interpre-

469 5160 568 5211 tati
602 5167 742 5213 sunt.
784 5157 1078 5211 Verisimile
1104 5160 1281 5225 itaque
1312 5167 1386 5210 est
1426 5160 1482 5210 in
1513 5167 1691 5211 nostra
1722 5176 1921 5228 quoque
1951 5160 2024 5210 le-

470 5230 639 5281 ctione
666 5230 892 5295 positum
926 5229 1093 5295 primo
1114 5228 1296 5295 fuisse,
1328 5228 1381 5279 in
1421 5229 1724 5293 mendacio,
1750 5232 1824 5280 ita
1852 5240 1905 5280 ut
1944 5228 2024 5280 di-

469 5308 688 5361 ceretur,
728 5306 1080 5351 cucurrerunt
1108 5298 1158 5349 in
1199 5298 1497 5360 mendacio,
1524 5298 1575 5348 id
1614 5307 1711 5360 est,
1744 5299 1947 5350 inimici
1974 5308 2021 5349 et

470 5368 808 5420 insidiatores
840 5368 958 5428 mei,
992 5382 1093 5418 non
1117 5368 1248 5419 duce
1282 5367 1519 5429 veritate,
1557 5368 1646 5419 sed
1669 5383 1785 5418 cum
1815 5383 1925 5419 sese
1953 5377 2026 5419 to-

469 5450 549 5488 tos
588 5438 860 5489 mendacio
897 5436 1256 5499 tradidissent,
1293 5452 1503 5488 cursum
1524 5448 1567 5489 et
1600 5439 1833 5488 studium
1872 5452 2024 5487 suum

470 5517 653 5557 contra
691 5522 771 5558 me
806 5506 1109 5558 direxerant
1151 5519 1169 5557 :
1207 5508 1297 5558 sed
1345 5506 1673 5573 sequentibus
1708 5507 2024 5574 temporibus

469 5574 622 5644 (ψη
648 5576 893 5641 graphice
921 5592 1012 5643 pro
1045 5576 1159 5639 illo,
1186 5576 1243 5627 ὲν
1274 5574 1480 5644 ψεύδει,
1535 5577 1586 5628 in
1628 5577 1929 5640 mendacio,
1969 5576 2027 5627 ἐν

466 5642 629 5710 ζίφει,
660 5644 711 5695 in
745 5644 855 5704 siti,
886 5642 1114 5707 positum
1144 5642 1324 5711 fuisse.

542 5712 650 5781 (8|)
688 5712 859 5765 Edilio
884 5712 1056 5767 Paris.
1092 5714 1271 5767 πολλοί
1296 5717 1430 5769 εἰσιν
1459 5717 1529 5769 οἱ.
1570 5716 1724 5771 Deest
1761 5717 1810 5767 οἱ
1847 5716 1898 5768 in
1922 5714 2031 5769 edi-

1649 4622 1693 4653 ³⁵
1734 4622 1904 4677 lCor.
1940 4623 2111 4687 x,13.

2118 5365 2303 5453 .Paris.
2334 5368 2426 5451 ἐπὶ

2190 4622 2233 4654 ³⁸
2265 4621 2444 4675 Galat.
2490 4634 2562 4681 γι,
2601 4617 2687 4669 14.

2133 4811 2277 4885 tione
2310 4809 2471 4885 Basil.
2505 4820 2558 4863 et
2585 4814 2639 4865 in
2666 4812 2904 4881 quinque
2942 4827 3071 4867 mss.
3100 4810 3297 4867 Statim
3336 4813 3483 4885 Reg.
3528 4817 3705 4871 tertius

2131 4881 2563 4949 ἀκαταπόνητον.

2206 4954 2316 5023 (βξ)
2350 4952 2425 5023 ita
2459 4966 2586 5023 mss.
2623 4952 2864 5023 plerique
2906 4966 3113 5005 omnes.
3146 4950 3286 5004 Editi
3319 4953 3536 5023 κρίσει.

2203 5021 2309 5089 (83)
2342 5020 2433 5072 Sic
2461 5021 2588 5073 editi
2620 5039 2741 5074 cum
2778 5022 2909 5091 Reg.
2945 5034 3098 5075 sexto
3128 5033 3328 5074 etcum
3355 5020 3519 5077 Colb.
3540 5024 3704 5078 tertio.

2128 5091 2382 5163 ᾼιιιιιιιιι
2408 5101 2626 5163 tussiet
2660 5093 2746 5163 hic
2784 5103 2840 5145 et
2872 5092 3029 5158 paulo
3054 5102 3165 5157 post
3192 5093 3324 5161 παρ’
3357 5093 3541 5163 αὐτῷ.
3576 5095 3707 5149 Sub-

2130 5162 2253 5213 inde
2300 5176 2331 5210 e
2355 5160 2467 5211 iitio
2530 5161 2696 5216 Basil.
2721 5172 2775 5214 et
2807 5175 3037 5228 quatuor
3063 5179 3190 5214 mss.
3223 5160 3319 5214 καὶ
3349 5163 3412 5213 τὸ
3437 5160 3562 5216 τοῦ.
3597 5165 3707 5217 Edi-

2132 5234 2207 5281 tio
2247 5230 2418 5280 Paris.
2451 5244 2570 5281 cum
2595 5248 2701 5285 uno
2740 5244 2833 5282 aut
2857 5232 3028 5282 altera
3064 5248 3160 5281 ms.
3193 5232 3287 5282 καὶ
3316 5232 3386 5283 τὰ
3414 5232 3539 5286 τοῦ.

2199 5299 2311 5367 (84)
2338 5299 2427 5350 Sic
2466 5314 2657 5353 novem
2682 5317 2810 5354 mss.
2840 5316 2962 5355 cum
2989 5302 3224 5354 editione
3250 5302 3419 5356 Basd.
3451 5305 3527 5357 At
3557 5304 3707 5358 editio

2199 5369 2303 5420 iris.
2334 5368 2426 5418 ἐπὶ
2465 5367 2671 5421 μηδενί.

2465 5385 2671 5437 μηοενι.

2202 5438 2312 5513 (85)
2347 5438 2568 5513 (iudices
2603 5452 2713 5493 tres
2740 5456 2837 5510 pro
2859 5440 3198 5513 σφριγῷντες
3228 5441 3433 5513 habent
3466 5442 3706 5513 φρονοῦν-

2129 5524 2240 5569 τες.
2272 5507 2425 5580 (ξυιυ.
2457 5519 2682 5580 quartus
2709 5507 3195 5580 μεγαφρονούντες.
3234 5512 3352 5563 Vox
3382 5507 3707 5577 qum'sequi-

2134 5586 2241 5649 tur.
2279 5576 2550 5649 ἀριστεία,
2584 5576 2991 5649 [ενεείίὲιιιίῐςιιι
3019 5576 3417 5644 fortitudinem,
3444 5593 3545 5633 aut
3580 5576 3702 5647 pm:-

2134 5647 2337 5698 clarum
2366 5646 2631 5721 facimus;
2655 5652 2747 5721 sed
2773 5646 2844 5702 ita
2865 5650 3208 5721 interpretati
3243 5667 3463 5717 sumus,
3498 5663 3558 5705 ut
3584 5646 3695 5706 Seu-

2135 5730 2228 5770 sus
2249 5715 2520 5784 postulare
2547 5719 2847 5775 videbatur.
