3836 6222
131 279 254 334 4δὲ

1324 283 1606 340 HOMILIA
1642 285 1710 340 IN
1747 284 2076 342 PSALSIUM
2117 287 2250 346 LXI.

3291 289 3396 348 482

131 397 529 469 ραμείόεσθαι.
578 399 788 471 ’Ὠσπερ
832 401 1075 470 ποταμὸς
1118 403 1208 472 ἀφ’
1260 403 1464 474 ὑψηλοῦ
1499 407 1700 478 φερόμε

1830 406 1897 461 iis
1929 407 2145 474 quidem
2174 405 2267 476 qui
2313 405 2378 460 ad
2409 407 2580 478 ripam
2636 414 2816 462 astant
2862 405 3275 478 appropinquat,
3299 407 3394 460 sed

128 505 240 552 νος
269 488 475 556 ἐγγίζει
530 489 630 558 μὲν
655 494 766 552 τοῖς
796 493 1106 562 παρεστῶσι
1155 497 1221 564 τῇ
1267 495 1422 568 ὄχθῃ,
1482 496 1615 566 ὁμοῦ
1672 497 1727 550 δὲ

125 579 346 648 ἥψατο,
381 581 475 632 καὶ
495 581 656 644 εὐθὺς
692 582 1067 654 ἀνεχώρησεν·
1095 585 1235 640 οὑτω
1258 589 1348 640 καὶ
1377 589 1408 658 ή
1442 590 1534 641 τοῦ
1563 589 1724 642 πλού-

127 688 246 722 του
275 670 490 724 εὐκολία
528 669 793 744 ὀξυτάτην
815 675 926 745 ἔχει
957 679 1050 728 καὶ
1081 677 1370 750 ὀλισθηρὰν
1399 679 1494 750 τὴν
1522 698 1724 750 παρου-

132 759 298 823 σίαν,
357 759 548 823 ἄλλους
606 761 663 827 ἐξ
711 763 884 816 ἄλλων
946 766 1380 836 παραμείϐεσθαι
1431 774 1719 837 πεφυκυῖα.

143 850 405 920 Σήμερον
452 850 606 902 τοῦδε
649 853 676 903 6
730 853 901 926 ἀγρὸς
959 853 1090 925 (99),
1150 857 1242 908 κα)¹
1275 855 1462 926 αὔριον
1513 859 1720 931 ἐτέρου,

129 941 245 992 καὶ
321 943 434 1011 μετ’
490 941 668 1010 ὀλίγον
745 943 925 1000 ἄλλου.
1010 945 1335 1017 Ἀπόῦλειξιον
1417 949 1552 1020 πρὸς
1625 951 1722 1016 τὰς

147 1035 220 1086 ἐν
285 1035 350 1104 τῇ
421 1033 570 1086 πόλει
635 1035 832 1100 οἰκίας,
899 1037 1041 1091 πόσα
1088 1039 1210 1110 ἤδη,
1257 1041 1348 1108 ἀφ’
1391 1037 1449 1094 οὗ
1498 1043 1722 1110 γεγόνα-

137 1140 259 1186 σιν,
317 1123 556 1194 ὀνόματα
603 1124 1009 1197 μετειλήφασιν,
1053 1129 1237 1182 ἄλλοτε
1288 1133 1384 1185 ἀπ’
1416 1133 1572 1186 ἄλλου
1613 1135 1719 1188 τῶν

135 1213 505 1283 κεκτημένων
547 1215 964 1286 ὀνομαζόμεναι.
993 1220 1102 1272 Κα)¹
1138 1222 1336 1292 χρυσὸς
1379 1225 1464 1277 ἀεὶ
1497 1225 1594 1288 τὰς
1625 1225 1716 1280 τοῦ

125 1303 360 1373 ἔχοντος
383 1307 569 1376 χεῖρας
613 1306 899 1379 διαρρέων,
935 1310 1020 1378 ἐφ’
1049 1311 1232 1382 ἕτερον
1263 1315 1590 1384 μεταϐαίνει,
1627 1319 1717 1370 καὶ

123 1397 240 1448 ἀπ’
271 1397 476 1450 ἐκείνου
521 1398 656 1468 πρὸς
705 1399 882 1452 ἄλλον.
933 1400 1148 1454 Μᾶλλον
1205 1403 1428 1459 δύνασαι
1465 1405 1604 1478 ὕδωρ
1649 1410 1712 1480 τῇ

125 1487 286 1557 χειρὶ
313 1487 622 1560 περιλαϐὼν
651 1494 962 1561 κατασχεῖν,
998 1493 1030 1563 ἢ
1065 1493 1292 1548 πλοῦτον
1327 1497 1536 1567 σεαυτῷ
1567 1498 1716 1572 διαρ-

121 1579 254 1642 κῶς
296 1581 650 1653 συντηρῆσαι.
705 1585 901 1648 Καλῶς
951 1582 1044 1642 οὖν
1096 1588 1308 1659 εἴρηται
1338 1590 1417 1654 τὸ,
1449 1593 1716 1656 Πλοῦτος

121 1669 395 1738 ἐὰνρέῃ,
416 1671 502 1740 μὴ
525 1673 920 1739 προστίθεσθε
942 1676 1176 1744 καρδίᾳ,
1213 1679 1303 1749 Μὴ
1332 1683 1398 1750 τῇ
1437 1680 1578 1751 ψυχῇ
1620 1697 1712 1734 σου

1826 497 1985 552 simul
2037 506 2094 552 ut
2143 498 2385 568 contigit,
2423 501 2606 554 statim
2640 499 2845 554 secedit
2885 520 2896 552 :
2943 497 3013 551 ita
3067 498 3228 552 etiam
3261 497 3396 552 divi-

1828 588 2022 640 tiarum
2065 589 2384 642 instabilitas
2433 589 2826 643 velocissimam
2859 589 3231 657 lubricamque
3258 603 3394 656 pra--

1825 678 2050 732 sentiam
2081 677 2256 740 habet,
2278 679 2412 733 alios
2438 695 2503 734 ex
2535 681 2656 734 aliis
2682 689 2988 748 permutare
3030 681 3208 734 solita.
3227 679 3393 735 llodie

1825 767 1984 834 huius
2034 779 2118 822 est
2155 784 2302 839 ager,
2347 786 2468 824 cras
2510 771 2751 837 alterius,
2784 781 2838 824 et
2876 771 3033 840 paulo
3067 782 3187 840 post
3233 771 3390 830 alius.

1822 857 2052 928 Respice
2093 860 2157 912 ad
2204 860 2438 913 civitatis
2482 861 2710 927 domos;
2743 869 2870 929 quot
2909 860 3020 928 jam
3059 861 3390 926 nomina,ex

1823 965 1930 1020 quo
1961 961 2250 1006 eXStructae
2281 961 2429 1015 sunt,
2461 965 2738 1022 accepere,
2766 951 2922 1006 aliter
2955 952 3022 1006 ab
3048 952 3154 1006 alio
3181 967 3393 1020 posses-

1821 1057 1944 1098 sore
1970 1041 2264 1112 appellatae.
2285 1042 2421 1110 Quin
2451 1043 2612 1097 etiam
2639 1059 2828 1098 aurum
2853 1059 3062 1110 semper
3089 1059 3120 1100 e
3147 1032 3392 1098 mimibus

1820 1132 1960 1202 ejus,
1985 1148 2146 1202 quem
2179 1147 2344 1201 penes
2377 1143 2480 1196 est,
2517 1133 2758 1201 elabens,
2793 1135 2862 1188 ad
2901 1133 3127 1188 alterum
3171 1137 3386 1198 transit,

1818 1233 1872 1277 et
1902 1223 1970 1278 ab
2013 1223 2103 1278 illo
2137 1224 2204 1278 ad
2251 1223 2439 1278 alium.
2472 1223 2931 1294 Comprehensam
2975 1240 3136 1278 manu
3191 1239 3384 1294 aquam

1817 1311 2030 1368 facilius
2055 1313 2227 1383 possis
2261 1315 2558 1379 continere,
2577 1329 2738 1384 quam
2770 1315 2985 1370 divitias
3019 1316 3112 1370 tibi
3133 1327 3391 1374 constan-

1819 1413 1899 1458 ter
1925 1419 2164 1459 servare.
2193 1402 2372 1470 Quare
2395 1415 2539 1460 recte
2569 1407 2775 1460 dictum
2815 1417 2900 1462 est
2933 1425 2946 1459 :
2972 1407 3268 1464 Divitiw'si
3307 1396 3390 1479 dr-

1814 1495 2002 1564 ﬂuant,
2033 1494 2190 1548 nolite
2218 1509 2310 1548 cor
2328 1512 2603 1564 apponere.
2623 1495 2697 1551 Ne
2731 1497 2797 1551 iis
2817 1498 2892 1553 sis
2921 1499 3104 1554 animo
3137 1500 3383 1556 deditus:

1814 1587 1907 1641 sed
1937 1586 2002 1640 de
2033 1587 2166 1655 ipsis
2199 1587 2540 1642 commodum
2568 1602 2722 1656 cape,
2753 1603 2859 1643 non
2887 1589 3010 1644 illas
3038 1589 3182 1645 velut
3217 1606 3382 1648 unum

1815 1678 2101 1748 quodpiam
2127 1680 2325 1734 bonum
2364 1679 2660 1748 impensius
2690 1679 2938 1750 diligens,
2967 1689 3058 1734 aut
3087 1682 3386 1748 admirans,

121 1763 462 1836 προσπάθῃς
484 1781 496 1793 ·
535 1763 668 1816 ἀλλά
703 1764 765 1817 τὸ
797 1766 890 1818 ἀπ’
915 1768 1080 1822 αὑτοῦ
1101 1771 1366 1840 χρήσιμον
1389 1773 1704 1844 καταδέχου,

1810 1771 1902 1823 sed
1925 1784 2109 1824 earum
2135 1768 2450 1823 famulatum
2487 1778 2736 1838 tanquam
2761 1772 3176 1826 instrumentum
3215 1776 3384 1842 quod-

123 1854 216 1924 μὴ
246 1853 323 1916 ῶς
353 1854 411 1908 ἓν
453 1872 506 1908 τι
543 1855 652 1909 τῶν
689 1857 907 1925 ἀγαθῶν
956 1860 1322 1931 ὑπεραγαπῶν
1367 1863 1462 1915 καὶ⁹
1496 1862 1706 1934 θαυμά-

121 1946 268 2010 ζων,
309 1946 422 2000 ἀλλ’
452 1947 527 2012 ὡς
559 1949 853 2020 ὀργανικὴν
882 1952 1046 2004 αὑτοῦ
1081 1954 1178 2023 τὴν
1201 1955 1502 2025 ὑπηρεσίαν
1533 1959 1709 2030 αἱρού-

124 2055 320 2107 μενος.
361 2035 494 2092 Εἶτα
525 2041 723 2109 ἐπάγει
750 2044 883 2095 πᾶσι
922 2047 1034 2108 τοῖς
1067 2047 1376 2117 εἰρημένοις
1413 2050 1706 2118 ἀπόφασιν,

121 2130 319 2183 οὐκέτι
364 2132 510 2185 ἰδίων
537 2134 818 2204 ῥημάτων,
863 2135 976 2190 ἀλλ’
1013 2137 1078 2208 ἣν
1130 2140 1258 2208 παρ’
1301 2141 1465 2194 αὑτοῦ
1507 2143 1706 2212 ἤκουσε

125 2222 228 2274 τοῦ
277 2223 432 2277 Θεοῦ.
483 2225 670 2291 ’Λπαξ
724 2227 854 2297 γὰρ,
907 2230 1090 2300 φησὶν,
1140 2230 1445 2300 ἐλάλησεν·
1481 2236 1512 2286 6
1539 2234 1703 2302 Θεὸς,

121 2313 244 2366 δύο
267 2313 454 2370 ταῦτα
473 2315 726 2385 ἤκουσα.
761 2321 871 2373 Καὶ
911 2320 1112 2391 μηδένα
1141 2324 1464 2395 ταρασσέτω
1493 2326 1568 2387 ὡς
1597 2344 1704 2379 πα-

123 2405 358 2476 ράδοξον
397 2409 459 2461 τὸ
489 2411 798 2482 εἰρημένον,
833 2412 950 2476 πῶς
983 2416 1011 2467 6
1045 2415 1141 2485 μὲν
1178 2415 1308 2478 Θεὸς
1341 2415 1485 2484 ἅπαξ
1516 2419 1707 2492 ἐλάλη-

121 2515 246 2562 σεν,
282 2501 311 2552 6
340 2500 396 2553 δὲ
426 2503 720 2573 Προφήτης
761 2503 852 2556 δύο
887 2505 1106 2575 ἤκουσε.
1143 2507 1374 2560 Δυνατὸν
1411 2509 1518 2580 γὰρ
1560 2511 1705 2577 ἅπαξ

121 2589 238 2660 μέν
261 2607 382 2644 τινα
414 2591 663 2666 λαλῆσαι,
699 2597 755 2648 ὲν
778 2595 834 2648 δὲ
869 2596 945 2666 τῷ
977 2597 1124 2662 ἆπαξ
1149 2597 1317 2652 πολλά
1341 2595 1478 2653 εἶναι
1509 2600 1577 2653 τὰ
1608 2602 1704 2655 λα-

119 2680 388 2753 ληθέντα.
425 2685 744 2757 Ἀνθρωπος
777 2689 884 2758 γάρ
931 2707 1033 2753 τις,
1085 2690 1359 2761 συντυχὼν
1389 2708 1490 2744 τινι
1535 2691 1702 2757 ἅπαξ,

119 2774 266 2845 περὶ
299 2774 506 2829 πολλῶν
531 2777 777 2851 διελέχθη
799 2798 811 2810 ·
849 2782 942 2834 καὶ
969 2782 1189 2836 δύναται
1211 2785 1242 2834 6
1267 2784 1504 2846 ἀκούσας
1539 2785 1700 2838 αὑτοῦ

115 2863 242 2916 τῶν
270 2868 528 2938 ῥημάτων
571 2872 744 2922 εἰπεῖν
769 2873 873 2938 ὅτι,
900 2873 1078 2936 ’Λπαξ
1127 2875 1224 2945 μέν
1263 2892 1352 2944 μοι
1383 2876 1700 2945 ἐφθέγξατο,

115 2959 265 3028 περὶ
305 2959 513 3012 πολλῶν
562 2960 618 3013 δὲ
662 2963 909 3032 έλὰλησε.
946 2965 1114 3018 Τοῦτό
1143 2969 1258 3020 ἐστι
1304 2967 1364 3020 τὸ
1417 2969 1703 3039 εἰρημένον

117 3049 228 3102 νῦν
251 3067 266 3080 ⁸
305 3049 363 3104 Ἦ
392 3052 488 3122 μὲν
523 3053 656 3106 Θεοῦ
688 3058 974 3126 ἐπιφάνεια
1008 3059 1153 3126 ἅπαξ
1190 3077 1277 3129 μοι
1297 3061 1504 3130 γέγονε,
1533 3063 1624 3116 δύο
1645 3063 1702 3116 δὲ

117 3138 435 3209 πράγματά
455 3143 602 3196 ἐστιν
640 3143 675 3196 ἃ.
705 3146 979 3217 ἐλάλησεν.
1014 3149 1126 3202 Οὑκ
1167 3147 1345 3205 εἷπεψ
1391 3153 1486 3204 Ἓν
1513 3153 1704 3223 ἐλάληο

119 3247 225 3284 σεν
259 3233 288 3282 6
312 3231 460 3299 Θεὸς,
495 3235 586 3287 δύο
618 3236 673 3288 δὲ
697 3238 868 3291 ταῦτα
895 3241 1104 3309 ἥκουσα
1123 3259 1135 3270 ·
1167 3243 1308 3296 οὕτω
1342 3243 1448 3316 γὰρ
1474 3245 1540 3297 ἂν
1560 3245 1704 3308 ἔδοξέ

115 3337 251 3374 τινα
273 3321 417 3391 ἔχειν
445 3327 474 3377 6
504 3325 659 3393 λόγος
688 3328 822 3398 πρὸς
856 3329 1044 3383 ἑαυτὸν
1075 3332 1408 3388 ἐναντίωσιν.
1447 3334 1580 3388 Τίνα
1613 3331 1706 3388 οὖν

115 3408 198 3482 ἦν
223 3412 296 3466 τὰ
321 3413 414 3467 δύο
435 3415 470 3468 ἃ.
488 3415 564 3486 (1)
591 3418 853 3487 ἧκουσεν;
886 3421 1027 3488 Ὅτι,
1057 3423 1127 3474 Τὸ
1159 3421 1374 3490 κράτος
1403 3425 1508 3478 τοῦ
1537 3427 1703 3490 Θεοῦ,

115 3503 232 3557 καὶ
281 3505 421 3571 σοῦ,
449 3509 650 3575 Κύριε,
690 3509 757 3562 τὸ
807 3512 996 3577 ἕλεος.
1028 3513 1148 3565 ’Ότι
1177 3513 1416 3580 δυνατὸς,
1453 3518 1636 3586 φησὶν,
1677 3517 1706 3569 6

115 3595 264 3660 Θεὸς
292 3599 352 3652 ἐν
393 3601 459 3670 τῇ
491 3601 690 3671 κρίσει,
725 3604 818 3656 καὶ
847 3607 876 3657 6
903 3605 1062 3668 αὑτὸς
1105 3605 1366 3678 ἐλεήμων.
1413 3611 1566 3681 Μήτε
1613 3606 1704 3663 οὖν

117 3688 380 3752 ἐλπίζετε
407 3691 494 3741 ἐπ’
521 3691 753 3756 ἀδικίαν,
779 3695 916 3765 μήτε
948 3695 1162 3768 πλούτῳ
1197 3699 1572 3769 προστίθεσθε,
1609 3703 1706 3773 μή·

115 3796 187 3832 τε
229 3780 469 3851 αἱρεῖσθε
499 3783 851 3854 ματαιότητα,
899 3788 1038 3857 μήτε
1074 3789 1132 3841 τὺ
1163 3789 1261 3858 τῆς
1305 3790 1484 3862 ψυχῆς
1515 3795 1705 3864 κριτή-

123 3887 248 3944 ριον
285 3871 674 3944 διεφθαρμένον
705 3877 1044 3950 περιφέρετε.
1079 3880 1289 3943 Εἰδότες
1323 3882 1422 3952 (ΕΞ),
1458 3883 1538 3935 ὅτι
1574 3901 1707 3954 κρα-

116 3965 284 4028 ταιὸς
309 3966 466 4038 ἡμῶν
492 3969 520 4019 6
555 3969 848 4040 Δεσπότης,
885 3969 1156 4040 φοϐήθητε
1185 3971 1348 4024 αὑτοῦ
1371 3973 1432 4025 τὸ
1464 3975 1701 4045 ἰσχυρὸν,

117 4058 224 4110 καί
273 4057 348 4128 μὴ
401 4059 685 4128 ἀπογνῶτε
729 4061 893 4114 αὑτοῦ
939 4061 1037 4131 τῆς
1078 4063 1500 4134 φιλανθρωπίας.
1561 4067 1702 4138 Πρὸς

123 4149 234 4220 μὲν
261 4145 354 4203 οὖν
383 4149 444 4203 τὸ
484 4151 558 4222 μὴ
593 4151 819 4215 ἀδικεῖν,
850 4151 1054 4220 ἀγαθὸς
1074 4154 1102 4204 6
1131 4155 1294 4223 φόϐος
1313 4171 1326 4185 ’
1366 4157 1500 4227 πρὸς
1524 4157 1580 4210 δὲ
1612 4159 1702 4212 τὸν

117 4242 282 4307 ἅπαξ
306 4243 386 4305 είς
412 4243 686 4314 ἁμαρτίαν
725 4243 1082 4315 ὀλισθήσαντα
1115 4245 1188 4317 μὴ
1229 4245 1416 4299 ἑαυτὸν
1442 4247 1702 4318 προέσθαι

115 4334 218 4386 διὰ
247 4333 347 4403 τῆς
369 4333 738 4398 ἀνελπιστίας,
779 4334 956 4405 ἀγαθὴ
993 4337 1026 4404 ἡ
1066 4335 1218 4400 ἐλπὶς
1249 4334 1342 4388 τοῦ
1389 4337 1587 4401 ἐλέους.
1631 4339 1704 4392 Τὸ

1811 1861 1932 1916 dam
1983 1863 2295 1918 admittens.
2321 1862 2526 1916 Deinde
2561 1862 2647 1916 his
2679 1862 2840 1918 dictis
2890 1863 3140 1920 omnibus
3166 1873 3385 1921 senten-

1812 1953 1938 2006 tiam
1951 1953 2152 2018 subdit,
2179 1969 2283 2008 non
2301 1967 2367 2006 ex
2403 1953 2518 2008 suis
2547 1953 2712 2022 ipsius
2738 1952 2915 2006 verbis
2938 1953 3272 2023 adornatam,
3289 1958 3382 2010 sed

1809 2059 1966 2114 quam
1997 2046 2064 2100 ab
2099 2046 2214 2113 ipso
2246 2029 2356 2100 Deo
2388 2045 2606 2098 audivit.
2625 2043 2786 2100 Vens.
2807 2046 2894 2098 12.
2919 2043 3088 2099 Semel
3111 2046 3268 2113 enim,
3297 2047 3380 2100 in-

1807 2139 1941 2205 quit,
1959 2137 2162 2190 locutus
2177 2145 2252 2190 est
2273 2135 2434 2200 Deus,
2454 2137 2558 2189 duo
2581 2136 2690 2188 [nec
2717 2135 2910 2189 audivi.
2929 2134 3037 2188 Nec
3057 2149 3378 2204 quemquam

1807 2227 1911 2282 hoc
1941 2228 2146 2280 dictum
2197 2226 2351 2296 quasi
2401 2227 2730 2290 paradoxum
2774 2225 3070 2294 perturbet,
3110 2227 3381 2294 quomodo

1807 2318 1948 2372 Deus
1961 2319 2174 2386 quidem
2194 2317 2360 2374 semel
2380 2319 2585 2372 locutus
2601 2317 2642 2372 si
2653 2315 2960 2385 t,Proptteta
2973 2331 3100 2371 vero
3113 2317 3217 2372 duo
3228 2318 3381 2370 audi-

1807 2408 1964 2464 verit.
1992 2408 2134 2464 Fieri
2165 2409 2308 2464 enim
2341 2417 2518 2477 potest
2547 2417 2600 2461 ut
2629 2406 2750 2476 quis
2777 2406 2942 2460 semel
2971 2405 3180 2460 locutus
3205 2407 3297 2469 sit,
3317 2417 3380 2462 et

1807 2499 1945 2554 inter
1973 2500 2140 2555 semei
2165 2500 2488 2569 loquendum
2519 2499 2661 2554 dicta
2683 2498 2792 2554 sint
2823 2498 3012 2552 multa.
3054 2497 3187 2552 Nam
3215 2498 3376 2554 homo

1806 2591 2094 2660 quispiam,
2125 2590 2292 2646 semel
2339 2606 2460 2644 cum
2497 2590 2677 2660 aliquo
2722 2604 3068 2659 congressus,
3097 2591 3164 2646 de
3192 2591 3376 2646 multis

1805 2684 2062 2738 disseruit
2081 2700 2096 2749 ;
2115 2685 2186 2737 ita
2217 2683 2310 2753 qui
2337 2683 2505 2752 ipsius
2530 2681 2692 2736 verba
2723 2681 2944 2749 audivit,
2973 2691 3148 2752 potest
3167 2684 3374 2738 dicere:

1807 2773 1985 2830 Semel
2019 2776 2236 2844 quidem
2265 2789 2352 2828 me
2385 2775 2650 2828 allocutus
2679 2783 2782 2839 est,
2809 2773 2903 2828 sed
2947 2775 3014 2828 de
3047 2774 3227 2829 multis
3271 2791 3379 2830 ser-

1805 2881 2018 2920 monem
2074 2866 2284 2920 habuit.
2323 2864 2435 2918 Hoc
2461 2872 2563 2930 est,
2615 2866 2757 2934 quod
2803 2865 2958 2920 modo
2991 2867 3190 2921 dictum
3224 2867 3322 2922 fuit
3358 2889 3374 2926 :

1803 2957 1932 3012 Mihi
1982 2957 2197 3026 quidem
2251 2955 2418 3010 semel
2469 2955 2715 3023 apparuit
2769 2955 2928 3020 Deus,
2979 2959 3074 3010 sed
3127 2970 3212 3012 res
3257 2961 3374 3014 duas

1804 3059 1948 3114 sunt,
1977 3063 2114 3117 quas
2151 3047 2306 3100 dixit.
2335 3046 2451 3101 Non
2482 3047 2558 3099 ait
2599 3059 2613 3096 :
2648 3045 2824 3099 Unum
2855 3045 3061 3100 locutus
3096 3057 3179 3101 est
3207 3046 3372 3114 Deus,

1805 3151 1859 3194 et
1888 3149 2065 3193 tamen
2097 3139 2214 3192 haec
2242 3139 2348 3192 duo
2380 3135 2558 3190 audivi
2589 3153 2604 3202 ;
2632 3136 2712 3190 sic
2744 3137 2887 3190 enim
2917 3151 3094 3192 sermo
3121 3141 3376 3206 quodam-

1805 3231 1968 3284 modo
1995 3244 2174 3284 secum
2191 3242 2428 3296 pugnare.
2447 3226 2738 3279 videretur.
2755 3225 2882 3291 Quae
2905 3227 3064 3295 igitur
3085 3238 3238 3281 erant
3265 3231 3372 3282 duo

1807 3319 1922 3372 haec
1943 3331 2062 3386 qua:
2091 3316 2333 3370 audivit?
2357 3313 2600 3369 Potestas
2625 3314 2724 3369 Dei
2751 3324 2849 3381 est,
2878 3322 3052 3384 (νεεδ.
3071 3317 3160 3389 15)
3185 3327 3232 3372 et
3261 3330 3372 3382 tua,

1805 3413 2028 3468 Domine
2052 3456 2066 3480 ,
2099 3411 2480 3466 misericordia.
2521 3409 2692 3470 Deus,
2730 3411 2926 3478 inquit,
2965 3421 3154 3480 potens
3197 3413 3248 3466 in
3290 3413 3379 3480 ju-

1807 3504 1972 3568 dicio,
2025 3511 2080 3557 et
2126 3503 2268 3556 idem
2297 3499 2627 3554 misericors.
2661 3498 2844 3568 Neque
2875 3499 3038 3568 igitur
3077 3511 3291 3570 sperate
3323 3505 3378 3557 in

1806 3597 2110 3665 iniquitate,
2151 3607 2328 3662 neque
2363 3591 2565 3646 divitiis
2599 3594 2797 3647 addicti
2839 3601 3032 3658 estote,
3059 3609 3234 3664 neque
3257 3610 3376 3648 am-

1807 3685 2116 3756 plectamiui
2157 3684 2474 3748 vanitatem,
2506 3697 2680 3751 neque
2700 3683 2868 3736 animi
2891 3683 3151 3752 judicium
3185 3699 3379 3740 corru-

1805 3793 1954 3850 ptum
1986 3775 2349 3832 eireumferte.
2370 3775 2658 3830 Donunum
2687 3785 2931 3829 nostrum
2963 3784 3232 3844 potentem
3260 3789 3378 3830 esse

1805 3887 1928 3926 cum
1975 3883 2081 3923 non
2135 3865 2412 3936 ignoretis,
2450 3866 2634 3919 timete
2687 3863 2805 3933 eius
2855 3863 3246 3931 fortitudinem,
3277 3881 3377 3920 nee

1805 3969 1987 4014 tamen
2012 3958 2312 4028 desperetis
2339 3957 2407 4012 de
2449 3955 2616 4025 ipsius
2655 3955 3008 4023 benignitate.
3049 3955 3114 4009 Et
3159 3955 3374 4024 quidem

1805 4054 1976 4107 bonus
2007 4061 2092 4106 est
2141 4052 2322 4114 timor,
2373 4057 2432 4102 ut
2473 4065 2538 4103 ne
2571 4048 2701 4118 quid
2755 4049 3102 4103 admittamus
3153 4049 3320 4118 iniqui
3358 4069 3371 4102 :

1805 4157 1927 4212 spes
1959 4156 2089 4197 vero
2137 4139 2517 4196 misericordiae
2563 4139 2700 4194 bona
2733 4147 2835 4205 est,
2870 4147 2927 4192 ut
2969 4154 3034 4193 ne
3085 4140 3176 4208 qui
3211 4141 3378 4194 semel

1805 4237 1859 4291 in
1899 4245 2180 4306 peccatum
2231 4231 2510 4302 prolapsus
2541 4241 2640 4295 est,
2689 4245 2748 4285 se
2777 4229 2890 4298 ipse
2915 4244 3009 4299 per
3043 4230 3378 4298 desperatio-

1806 4344 1927 4384 nem
1977 4328 2185 4397 perdat.
2229 4324 2364 4379 Nam
2411 4323 2504 4377 Dei
2551 4335 2634 4376 est
2671 4330 2928 4391 potestas,
2959 4321 3109 4374 etab
3145 4323 3259 4390 ipso
3295 4333 3377 4376 est

117 4423 239 4493 γὰρ
282 4424 482 4493 κράτος
507 4422 600 4474 τοῦ
631 4422 788 4485 Θεοῦ,
825 4424 918 4475 καὶ
960 4423 1087 4493 παρ’
1121 4423 1285 4476 αὐτοῦ
1324 4425 1396 4494 (5)
1431 4424 1492 4477 τὸ
1532 4424 1697 4488 ἕλεος.

1810 4419 2203 4475 misericordia.
2229 4415 2368 4481 Quia
2399 4427 2455 4468 tu
2489 4415 2668 4468 reddes
2703 4415 2982 4480 unicuique
3026 4413 3179 4479 iuxta
3221 4428 3377 4482 opera

121 4517 256 4567 Ὅτι
295 4513 376 4567 σὺ
418 4513 748 4580 ἀποδώσεις
778 4513 1014 4581 ἑκάστῳ
1045 4515 1192 4568 κατὰ
1223 4515 1296 4569 τὰ
1321 4517 1467 4585 ἔργα
1493 4517 1700 4572 αὑτοῦ.

117 4603 206 4676 τῼ
243 4605 354 4674 γὰρ
387 4606 581 4676 μέτρῳ
613 4607 892 4680 μετρεῖτε,
937 4607 1500 4676 ἀντιμετρηθήσεται
1539 4609 1698 4680 ὑμῖν.

124 4695 396 4764 Ἐθλιψας
431 4697 522 4749 τὸν
563 4696 826 4765 ἀδελφὸν;
871 4697 1090 4768 ὲκδέχου
1146 4699 1206 4750 τὸ
1241 4699 1371 4752 ἴσον.
1411 4700 1702 4771 Ἥρπασας

118 4785 201 4840 τὰ
228 4786 338 4838 τῶν
387 4787 810 4859 ὑποδεεστέρων,
854 4789 1300 4853 κατεκονδύλισας
1337 4791 1576 4864 πένητας
1602 4791 1699 4864 (4),

119 4879 478 4950 κατῄσχυνας
501 4881 560 4934 ὲν
595 4879 902 4952 λοιδορίαις,
939 4881 1400 4954 ὲσυκοφάντησας,
1435 4883 1702 4952 κατεψεύ-

121 4989 232 5033 σω,
288 4971 588 5042 ἀλλοτρίοις
639 4971 1034 5034 ὲπεϐούλευσας
1081 4973 1299 5042 γάμοις,
1330 4973 1700 5046 ὲπιώρκησας,

121 5063 256 5130 ὅρια
319 5062 572 5133 πατέρων
629 5061 930 5132 μετέθηκας
973 5061 1072 5130 (5),
1125 5065 1397 5133 κτήμασιν
1457 5063 1704 5135 ὀρφανῶν

119 5151 388 5220 ἐπῆλθες,
419 5153 592 5224 χήρας
618 5151 919 5222 ἐξέθλιψας,
947 5153 1046 5222 τὴν
1075 5153 1353 5226 παροῦσαν
1383 5153 1576 5225 ἡδονὴν
1599 5153 1706 5206 τῶν

118 5245 186 5296 ἐν
226 5243 582 5312 ἐπαγγελίαις
613 5242 832 5312 ἀγαθῶν
870 5243 1279 5314 προετίμησας;
1329 5245 1547 5316 ἐκδέχου
1591 5247 1709 5298 τού-

199 5337 246 5370 ⁶⁰
275 5337 461 5391 Matth.
492 5354 586 5405 vn,
617 5343 674 5392 Β.

191 5434 620 5514 [$39)_lta_editio
655 5435 818 5490 Basil.
849 5445 903 5490 et
931 5451 1063 5490 mss.
1095 5435 1268 5488 multi.
1315 5430 1494 5485 Editio
1525 5428 1698 5482 Paris.

117 5505 282 5580 c066;
307 5505 494 5580 ἀγρός.
566 5525 576 5534 ·
851 5575 862 5580 _
1127 5573 1179 5580 Η
1331 5569 1358 5580 _

200 5568 628 5648 (t)_lta'_se_p-tem
665 5591 793 5629 mss.
837 5575 913 5648 At
941 5575 1070 5648 editi
1124 5573 1216 5626 δύο
1261 5569 1432 5648 ταῦτα
1485 5568 1697 5648 ii.)qu

119 5639 269 5698 mss.
294 5644 322 5694 6
369 5639 531 5706 αὑτδς
567 5644 832 5714 ἐλεήμων.
879 5645 1019 5698 Editi
1057 5646 1272 5698 inverso
1312 5643 1501 5696 ordine
1545 5639 1698 5708 ἐλεή-

125 5731 250 5785 μων
274 5715 303 5766 6
329 5715 510 5778 αὑτός.

449 5809 722 5868 Parnm.
757 5807 873 5868 Gn.
913 5805 1143 5869 XXIX.

1801 4529 1919 4567 sua.
1950 4511 2153 4564 Etenim
2193 4525 2296 4579 qua
2323 4525 2568 4562 mensura
2609 4508 2770 4560 nteusi
2815 4507 3042 4575 fueritis,
3082 4509 3378 4559 rentetielur

1801 4602 2020 4658 vobis“.
2039 4601 2290 4656 Alllixisti
2313 4600 2690 4669 fratrem?par
2717 4608 2989 4666 exspecta.
3020 4599 3262 4664 Rapuisti
3296 4599 3378 4650 in-

1801 4697 2058 4750 feriorum
2079 4695 2372 4749 facultates
2405 4711 2419 4758 ;
2454 4695 2646 4762 pugnis
2688 4707 2950 4760 pauperes
2995 4689 3154 4760 199
3179 4691 3377 4744 cecidi-

1800 4788 1901 4854 sti;
1921 4803 2015 4856 per
2035 4789 2278 4842 convicia
2303 4785 2574 4840 incussisti
2608 4785 2884 4853 pudorem,
2910 4783 3267 4836 calumniatus
3293 4798 3372 4846 es,

1800 4881 2056 4935 mentitus
2081 4893 2163 4946 es,
2191 4879 2382 4932 alienis
2414 4877 2614 4946 nuptiis
2647 4877 2852 4945 paraSti
2883 4876 3127 4939 insidias,
3158 4875 3372 4944 pejera-

1803 4973 1896 5037 Sli,
1925 4973 2187 5026 terminos
2211 4979 2422 5040 patrum
2456 4967 2859 5036 transposuisti,
2893 4967 3256 5034 orpltanorum
3291 4968 3376 5020 in-

1803 5063 1990 5116 vasisti
2027 5063 2396 5131 possessiones
2417 5101 2432 5125 ,
2469 5060 2661 5114 viduas
2695 5059 3040 5128 oppressisti,
3071 5058 3224 5112 bonis
3245 5073 3376 5126 pru-

1807 5153 1983 5206 missis
2015 5152 2298 5220 praetulisti
2345 5161 2659 5222 praesentem
2695 5148 3058 5217 voluptatem?
3081 5147 3262 5201 Vicem
3294 5149 3376 5201 his

1807 5245 2019 5312 dignam
2063 5254 2336 5312 exspecta.
2383 5242 2570 5310 Qualia
2606 5239 2746 5294 enim
2798 5240 3162 5308 unusquisque
3199 5239 3369 5294 senii-

1881 5427 1956 5496 (εὶ)
1993 5426 2084 5480 Sic
2111 5437 2316 5494 septem
2357 5443 2482 5482 mss.
2517 5430 2580 5482 At
2606 5431 2734 5486 editi
2768 5429 2879 5483 ἀλλ’
2911 5429 3131 5492 εἰδότες.

1881 5497 1958 5569 (5)
1985 5498 2216 5569 Codices
2255 5509 2362 5550 tres
2385 5501 2512 5569 παρ’
2537 5499 2703 5568 αὐτῷ.

1881 5501 1936 5567 (5
1991 5501 2216 5550 Codices
2255 5509 2362 5550 tres
2385 5501 2512 5569 παρ’
2537 5501 2657 5552 αὑτί

1841 5631 1844 5636 Ι
1879 5501 1958 5636 (si
1985 5567 2111 5637 iteg.
2141 5569 2406 5620 secundus
2432 5570 2657 5637 πένητα.

1880 5637 1956 5706 (5)
1987 5635 2300 5689 Tiltnanuus
2321 5639 2496 5693 verbis
2521 5635 2932 5693 Proverbiorum
2955 5655 3088 5702 χχιι,
3106 5639 3197 5701 98,
3223 5641 3372 5704 ustis.

1813 5706 1922 5771 illa,
1969 5707 2092 5776 ὅρια
2130 5709 2408 5775 πατέρων,
2440 5722 2573 5772 ete.,
2599 5711 2676 5763 sic
2705 5713 3098 5779 interpretatus
3135 5707 3326 5766 .I'ust'ut
3360 5725 3376 5763 :

3021 5803 3094 5861 16
