3836 6222
125 323 248 378 485

1305 309 1570 367 HOMILA
1601 307 1668 362 IN
1707 303 2041 362 PSALMUM
2080 301 2274 358 CXIV.

3295 295 3402 352 486

127 443 244 514 ρᾶς
275 439 636 510 ὑπεδεξάμην.
682 433 818 492 Τίνα
844 436 900 489 δέ
938 437 1056 488 ἐστι
1085 435 1278 498 ταῦτα,
1327 432 1522 504 μικρὸν
1563 429 1720 483 ὕστε-

1839 425 1958 480 'erni
1985 424 2244 492 pericula,
2276 419 2698 488 tribulationem,
2737 420 2978 476 dolorem
3016 441 3032 477 :
3067 417 3440 493 qurepmnia‘.

133 551 234 605 ρον
265 533 615 602 διεξέρχεται,
660 529 758 609 τάς
797 530 991 592 ὠδῖνας
1023 527 1116 580 τοῦ
1158 526 1406 588 Θανάτου,
1449 524 1576 587 τοὺς
1605 540 1720 576 κιν-

125 621 328 686 δύνους
349 621 444 674 τοῦ
475 622 628 693 ᾅδου,
649 605 748 691 τὴν
775 619 974 687 θλίψιν,
1009 617 1106 689 τὴν
1137 605 1519 686 ὀδύνην,’ἆπερ
1548 613 1724 666 πάντα

127 713 292 784 αὐτῷ
319 713 577 784 ἀγαπητά
628 711 716 764 διὰ
742 710 838 781 τὴν
883 710 1017 780 πρὸς
1051 709 1180 760 Θεὸν
1209 709 1448 777 ἀγάπην,
1496 705 1588 756 καὶ
1625 703 1723 773 τὴν

127 805 352 869 ἐλπίδα,
383 804 481 875 τὴν
509 803 880 874 ἀποκειμένην
909 804 1021 865 τοῖς
1054 801 1122 853 τὰ
1143 801 1284 871 ὑπὲρ
1314 800 1413 869 τῆς
1441 797 1724 858 εὐσεϐείας

129 894 294 965 πάθη
338 895 809 965 καταδεχομένοις,
843 893 1112 961 ἐφαίνετο.
1148 892 1222 944 Οὐ
1263 889 1371 961 γὰρ
1406 887 1556 957 παρά
1589 905 1722 958 προ-

127 991 375 1061 αἰρεσιν,
405 987 523 1041 οὐδὲ
550 987 734 1057 βιαίως
756 987 850 1040 καὶ
874 983 1411 1055 κατηναγκασμένως
1434 982 1721 1050 ὑπέμεινα,

129 1085 299 1155 φησὶ,
337 1084 464 1146 τοὺς
513 1081 750 1151 ἀγῶνας,
787 1080 924 1134 ἀλλὰ
979 1081 1179 1150 στοργῇ
1207 1094 1314 1131 τινι
1364 1076 1458 1130 καὶ
1488 1075 1724 1128 διαθέσει

131 1175 488 1246 ὑπεδεξάμην
515 1173 584 1227 τὰ
609 1174 842 1227 ἐπίπονα
861 1190 872 1201 ·
901 1172 1042 1224 ὥστε
1071 1171 1214 1242 ἔχειν
1257 1187 1324 1240 με
1350 1168 1528 1238 λέγειν
1551 1185 1564 1197 ·
1605 1169 1724 1220 Ὅτι

127 1261 322 1317 ἕνεκα
351 1261 466 1316 σοῦ
509 1261 920 1329 θανατούμεθα
967 1259 1117 1326 ὅλην
1167 1257 1280 1326 τὴν
1311 1257 1557 1326 ἡμέραν.
1615 1256 1725 1308 Καὶ

131 1355 288 1409 ἔοικε
335 1355 506 1408 ταῦτα
564 1353 900 1422 ἰσοδυναμεῖν
941 1353 1054 1413 τοῖς
1096 1349 1190 1403 τοῦ
1232 1349 1574 1410 Ἀποστόλου,
1632 1348 1726 1400 καὶ

127 1445 254 1498 ἀπὺ
284 1445 384 1516 τῆς
415 1444 586 1514 αὐτῆς
616 1443 1072 1512 αὐτῷ’διαθέσεως
1095 1441 1346 1510 λέγεσθαι
1373 1441 1453 1504 τὸ,
1487 1441 1582 1506 Τίς
1609 1439 1723 1509 (l2)

131 1535 302 1606 ἡμᾶς
342 1535 585 1604 χωρίσει
641 1531 762 1587 ἀπὸ
805 1531 917 1600 τῆς
974 1530 1212 1601 ἀγάπης
1269 1529 1376 1583 τοῦ
1431 1527 1726 1595 Χριστοῦ;

129 1627 392 1694 axium.-
427 1625 466 1693 ἢ
507 1623 913 1692 στενοχωρίας
947 1623 985 1690 ἢ
1037 1622 1328 1691 διωγμός;
1373 1620 1410 1689 ἢ
1442 1623 1657 1690 λιμόςς
1687 1619 1725 1688 ἢ

129 1717 446 1788 γυμνότης
464 1731 482 1780 ;
503 1715 542 1784 ἢ
571 1713 854 1780 κίνδυνος
877 1730 894 1776 ;
919 1713 956 1780 ἢ
980 1712 1284 1783 μάχαιρα;
1319 1712 1610 1782 Ἦγάπησα
1633 1708 1728 1766 οὖν

1825 521 1895 574 ob
1921 519 2013 573 Dei
2043 531 2307 580 amorem,
2337 525 2393 570 et
2419 515 2488 570 ob
2519 529 2670 583 spem
2722 515 3012 584 repositam
3058 517 3123 570 iis
3147 517 3238 586 qui
3267 533 3406 572 teru-

1827 625 1982 664 mnas
2036 607 2458 674 alilictionesque
2489 620 2584 675 pro
2625 605 2822 672 pietate
2855 605 3141 674 sustinent,
3169 607 3217 660 ei
3249 623 3398 661 ama-

1823 703 1949 757 bilia
1985 701 2330 756 videbantur.
2368 697 2879 766 Nouenim,inquit,
2920 708 3116 767 praeter
3155 698 3393 754 volunta-

1825 803 1953 860 tem,
1987 807 2160 862 neque
2191 793 2262 856 vi,
2293 805 2466 860 neque
2519 791 2847 845 necessitate
2903 790 3016 846 haec
3061 791 3256 860 pertuli
3289 807 3392 848 cer-

1827 887 2052 950 tamina,
2079 885 2170 940 sed
2202 898 2384 938 amore
2416 882 2650 951 quodam
2678 889 2732 936 et
2768 879 2962 936 aﬂ'ectu
2994 882 3156 937 hosce
3190 883 3428 952 labores

1827 979 1988 1049 200
2010 977 2246 1047 suscepi,
2285 987 2344 1030 ut
2373 976 2574 1046 possim
2626 975 2806 1029 dicere
2837 991 2852 1028 :
2887 973 3152 1039 Quoniam
3196 989 3407 1045 promer

1827 1079 1876 1121 te
1902 1069 2284 1136 mortiﬁcamur
2307 1077 2416 1120 tota
2443 1068 2527 1120 die
2542 1065 2609 1120 “.
2640 1067 2818 1135 Atque
2851 1067 2962 1122 haec
2986 1068 3238 1124 videntur
3259 1071 3404 1125 idem

1827 1161 2006 1215 valere
2036 1175 2100 1214 ac
2139 1159 2382 1228 Apostoli
2433 1161 2618 1222 verba,
2651 1169 2706 1212 et
2751 1159 2941 1212 eodem
2991 1159 3186 1216 affectu
3233 1163 3312 1217 ab
3338 1179 3404 1218 eo

1825 1253 2058 1322 proferri
2105 1262 2266 1321 atque
2312 1251 2380 1305 ab
2429 1250 2688 1319 Apostolo
2717 1268 2729 1302 :
2761 1250 2892 1314 Quis
2939 1265 3034 1304 nos
3075 1254 3337 1320 separabit
3370 1273 3404 1308 a

1821 1345 2081 1399 charitate
2129 1342 2370 1398 Christi?
2403 1343 2673 1396 tribulatio
2705 1345 2730 1397 ?
2761 1359 2828 1396 an
2859 1345 3104 1413 angustia
3135 1345 3160 1398 ἓ
3192 1362 3262 1400 an
3287 1363 3406 1414 per-

1827 1437 2024 1491 secutio
2058 1439 2083 1492 9
2111 1453 2178 1488 an
2219 1437 2382 1505 fames
2407 1436 2432 1488 .’
2459 1452 2528 1489 an
2558 1435 2768 1489 nudilas
2807 1437 2832 1489 .9
2872 1452 2942 1489 an
2977 1437 3308 1504 periculum?
3337 1457 3404 1492 an

1825 1527 2035 1597 gladius
2053 1527 2138 1580 “‘i
2161 1527 2331 1582 Dilexi
2364 1527 2527 1595 igitur
2555 1527 2670 1581 haec
2698 1529 2904 1593 omnia,
2935 1530 3076 1596 quod
3098 1529 3294 1585 scirem
3321 1545 3406 1585 me

1831 1619 1934 1673 sub
1959 1626 2265 1688 spectatore
2299 1629 2354 1673 et
2381 1618 2726 1688 praemiorum
2757 1619 3010 1690 largitore
3039 1619 3266 1676 Domino
3295 1623 3408 1676 uni-

1831 1725 2146 1774 versorum,
2199 1725 2300 1781 pro
2349 1711 2551 1781 pietate
2605 1710 2848 1782 pericula
2879 1712 3081 1768 subire.
3141 1711 3408 1778 Quoniam

129 1802 315 1856 ταῦτα
350 1802 547 1866 πάντα,
580 1800 752 1865 εἰδὼς,
785 1802 866 1854 ὅτι
898 1799 1004 1853 ὑπὸ
1039 1800 1206 1872 θεατῇ
1229 1801 1321 1854 καὶ
1355 1799 1616 1872 ἀθλοθέτῃ
1646 1801 1723 1872 τῷ

1839 1807 2066 1860 :mudiet
2105 1805 2358 1860 Dominus
2383 1821 2556 1860 vocem
2581 1805 2837 1859 orationis
2867 1821 3016 1860 mea.
3047 1803 3140 1861 Sic
3165 1806 3308 1860 enim
3349 1817 3405 1861 et

129 1891 388 1963 Δεσπότῃ
407 1891 516 1946 τῶν
549 1890 684 1944 ὅλων
711 1892 838 1954 τοὺς
867 1891 1005 1961 ὑπὲρ
1034 1891 1133 1960 τῆς
1168 1890 1452 1953 εὐσεϐείας
1483 1891 1725 1962 διαφέρω

129 1985 442 2050 κινδύνους.
474 1987 592 2040 ’Ότι
609 1987 1028 2040 εὶσακούσεται
1045 1987 1256 2054 Κύριος
1276 1984 1384 2052 τῆς
1394 1983 1598 2054 φωνῆς
1618 1984 1726 2053 τῆς

129 2077 406 2148 δεήσεώς
434 2095 574 2148 μου.
603 2077 758 2132 Οὕτω
793 2077 902 2149 γὰρ
925 2079 1020 2131 καὶ
1047 2079 1276 2140 ἕκαστος
1309 2077 1465 2148 ήμῶν
1505 2077 1728 2132 δύναται

1830 1897 2059 1966 quilibet
2085 1907 2326 1952 nostrum
2359 1906 2754 1967 prmceptorum
2777 1896 3118 1954 difﬁcultates
3149 1915 3410 1970 superare

1831 1999 2030 2059 potest,
2060 2005 2180 2044 cum
2213 2005 2368 2044 suum
2401 1991 2527 2045 vitae
2559 1989 2862 2045 institutum
2887 1991 3259 2046 universorum
3283 1993 3410 2048 ‘Dco

1833 2081 1979 2134 velut
1997 2081 2286 2150 spectaturi
2312 2079 2586 2148 patefacit.

131 2173 204 2224 τὸ
233 2175 292 2226 ὲν
343 2175 462 2236 ταῖς
490 2173 730 2235 ὲντολαῖς
783 2172 1039 2226 ἐπίπονον
1095 2171 1352 2238 διανύειν,
1423 2172 1549 2225 ὅταν
1598 2173 1763 2226 οἱονεὶ
1802 2172 1966 2246 θεατῇ
2015 2173 2094 2244 τῷ
2159 2173 2276 2244 Θεῷ
2309 2173 2420 2244 (15)
2473 2173 2578 2226 τῶν
2609 2173 2745 2227 ὅλων
2791 2174 3230 2243 ἐπιδεικνύμενος
3311 2173 3410 2249 τὴν

131 2267 340 2320 ἑαυτοῦ
377 2267 672 2322 πολιτείαν.

215 2357 270 2412 2.
309 2359 428 2412 Ὅτι
455 2360 660 2414 ἔκλινε
691 2361 756 2415 τὸ
791 2359 902 2429 οὗς
936 2363 1122 2416 αὐτοῦ
1153 2363 1304 2431 ἐμοί.
1346 2365 1614 2427 Ἕκλινεν,
1649 2358 1724 2416 εῖ-

135 2466 268 2512 πεν,
305 2449 400 2518 οὐχ
456 2450 544 2504 ἵνα
590 2453 908 2524 σωματικήν
950 2469 1072 2505 τινα
1126 2451 1332 2506 ἔννοιαν
1393 2453 1562 2526 λάϐῃς
1596 2453 1724 2524 περὶ

133 2541 280 2596 Θεοῦ
313 2536 426 2595 ὦτα
467 2541 702 2612 ἔχοντος,
745 2546 839 2596 καὶ
869 2543 1044 2598 ταῦτα
1089 2544 1224 2616 πρὸς
1248 2545 1308 2596 τὸ
1330 2546 1594 2615 ἠρεμαῖον
1623 2545 1724 2615 τῆς

135 2631 332 2701 φωνῆς
363 2633 928 2707 ὲπικλίνοντοςηόπερ
957 2637 1113 2706 ἡμεῖς
1149 2633 1406 2705 ποιοῦμεν
1432 2635 1570 2705 πρὸς
1600 2637 1727 2699 τοὺς

139 2724 346 2794 μικρὸν
411 2723 816 2794 φθεγγομένους
887 2724 1340 2796 προσεγγίζοντες
1405 2725 1564 2795 ἡμῶν
1629 2725 1729 2795 τὴν

133 2815 336 2887 ἀκοὴν,
381 2814 468 2868 ῖνα
491 2816 556 2867 ὲκ
591 2815 686 2868 τοῦ
733 2816 998 2884 σύνεγγυς
1028 2819 1094 2887 τῇ
1127 2815 1376 2888 αἰσθήσει
1413 2815 1732 2888 παραδεξώ-

139 2907 292 2978 μεθα
319 2907 380 2960 τὸ
420 2907 778 2977 λαλούμενον,
814 2909 927 2962 ἀλλ’
967 2909 1271 2974 Ἕκλινεν,
1319 2904 1504 2972 εἶπεν,
1553 2909 1640 2961 ἵνα
1671 2908 1732 2961 τὸ

135 2996 344 3052 ἑαυτοῦ
374 2997 596 3060 ἀσθενὲς
630 2997 983 3068 ἐπιδείξηται.
1021 2999 1141 3051 Ὅτι
1177 2999 1347 3068 χαμαὶ
1377 2997 1614 3068 κειμένῳ
1643 3014 1732 3068 μοι

139 3090 460 3160 συγκατέϐη
499 3090 588 3144 διὰ
623 3091 1068 3162 φιλανθρωπίαν·
1111 3092 1295 3156 οἱονεὶ,
1331 3089 1615 3162 ἀρρώστου
1651 3109 1734 3143 τι-

135 3181 236 3244 νὸς
261 3181 330 3233 ὲκ
355 3180 554 3250 πολλῆς
585 3181 866 3244 ἀσθενείας
893 3181 1011 3234 οὐδὲ
1047 3181 1376 3250 φθέγγεσθαι
1407 3180 1620 3252 τρανῶς
1647 3181 1737 3234 δυ-

137 3273 409 3344 ναμένου,
461 3273 842 3344 φιλάνθρωπος
893 3275 1075 3343 ἰατρὸς
1132 3273 1498 3346 προσαγαγὼν
1541 3273 1734 3328 ἑαυτοῦ

135 3367 246 3438 τὴν
275 3367 448 3436 ἀκοὴν
475 3369 540 3418 ὲκ
569 3366 664 3419 τοῦ
707 3366 973 3436 σύνεγγυς
1015 3367 1278 3438 μανθάνοι
1309 3367 1416 3438 (14)
1467 3366 1534 3420 τά
1567 3369 1737 3435 ἀναγ-

137 3461 280 3511 καῖα
329 3457 410 3528 τῷ
461 3458 742 3528 κάμνοντι.
805 3460 1094 3512 Ἔκλινεν
1135 3455 1230 3512 οὖν
1287 3459 1349 3512 τὸ
1400 3459 1509 3526 οὓς
1548 3458 1735 3512 αὐτοῦ

138 3549 302 3620 ἐμοί.
359 3549 424 3602 Ἠ
451 3551 560 3619 γάρ
587 3550 706 3603 θεία
725 3549 862 3620 ἀκοὴ
891 3553 952 3604 οὐ
981 3554 1165 3622 φωνῆς
1190 3551 1358 3604 δεῖται
1387 3551 1523 3623 πρὸς
1545 3552 1737 3622 αἴσθη-

141 3660 265 3696 σιν·
301 3639 408 3696 οἶδε
440 3643 550 3714 γὰρ
577 3643 670 3696 καὶ
697 3647 754 3696 ὲν
786 3643 866 3714 τῷ
899 3647 1160 3716 κινήματι
1196 3645 1296 3715 τῆς
1333 3645 1560 3716 καρδίας
1597 3663 1737 3714 γνω-

143 3735 300 3808 ρίσαι
328 3735 398 3788 τὰ
429 3735 849 3806 ἐπιζητούμενα.
883 3738 954 3790 Ἢ
991 3738 1090 3790 οὐκ
1116 3737 1356 3800 ἀκούεις,
1389 3737 1469 3790 ὅτι
1499 3737 1737 3807 Μωῦσῆς

145 3829 324 3900 μηδὲν
353 3827 742 3898 φθεγγόμενος,
774 3827 910 3882 ἀλλὰ
937 3831 1049 3892 τοῖς
1079 3829 1364 3900 ἀλαλήτοις
1397 3827 1589 3882 ἑαυτοῦ
1619 3845 1738 3881 στε-

139 3921 384 3990 ναγμοῖς
415 3919 761 3990 ἐντυγχάνων
807 3919 884 3990 τῷ
919 3921 1128 3991 Κυρίῳ,
1176 3921 1404 3990 ἠκούετο
1439 3913 1549 3990 (15)
1585 3920 1738 3990 παρὰ

135 4007 244 4063 τοῦ
287 4008 494 4079 Κυρίου
537 4009 814 4078 λέγοντος’
869 4011 930 4063 Τί
975 4011 1134 4078 ,ϐοᾷς
1173 4011 1322 4080 πρὸς
1363 4011 1476 4080 μέ;
1511 4008 1662 4064 Οἶδεν
1707 4013 1735 4064 ὁ

143 4101 284 4164 Θεὸς
347 4101 442 4154 καὶ
493 4102 724 4172 αἵματος
773 4101 1004 4156 ἀκοῦσαι
1060 4103 1290 4168 δικαίου,
1339 4097 1384 4170 ᾧ
1417 4102 1640 4171 γλῶσσα
1673 4101 1733 4155 οὐ

145 4193 469 4264 πρόσεστιν,
513 4193 634 4245 οὐδὲ
667 4193 817 4264 φωνὴ
849 4193 942 4247 τὸν
971 4193 1109 4266 ἀέρα
1143 4195 1390 4266 περῶσα.
1439 4195 1653 4265 Ἔργων
1680 4193 1737 4246 δὲ

141 4283 378 4338 δικαίων
409 4287 682 4356 παρουσία
718 4287 1096 4357 μεγαλοφωνία
1123 4287 1240 4339 ἐστὶ
1274 4286 1424 4358 παρά
1454 4285 1592 4356 Θεῷ.
1625 4285 1736 4340 Καὶ

1899 2359 1956 2413 2.
1997 2357 2158 2412 Vens.
2185 2357 2239 2411 2.
2275 2357 2412 2423 Quia
2443 2356 2715 2411 inclinavit
2738 2373 2917 2412 aurem
2957 2376 3108 2414 suam
3143 2362 3290 2416 mihi.
3315 2362 3410 2419 In-

1831 2450 2078 2512 clinavit,
2121 2449 2328 2518 inquit,
2374 2465 2480 2504 non
2541 2461 2598 2504 ut
2637 2464 2953 2518 corpoream
3011 2455 3302 2522 quamdam
3341 2456 3410 2510 de

1832 2543 1944 2598 Deo
1993 2542 2266 2598 notionem
2315 2542 2571 2610 accipias,
2627 2544 2780 2611 quasi
2821 2544 3020 2598 habeat
3062 2559 3255 2612 aures,
3283 2561 3410 2602 eas-

1833 2651 1940 2704 que
1965 2637 2032 2689 ad
2072 2635 2398 2689 submissum
2423 2649 2612 2688 vocem
2637 2634 2861 2689 inclinet
2898 2650 2914 2686 :
2951 2636 3096 2702 quod
3145 2651 3244 2692 nos
3281 2653 3410 2710 erga

1837 2727 1960 2782 illos
2011 2728 2102 2796 qui
2157 2727 2288 2782 exili
2351 2741 2482 2782 voce
2539 2725 2866 2794 loquuntur,
2913 2727 3196 2794 efﬁcimus,
3251 2747 3412 2787 aures

1841 2827 2058 2874 nostras
2093 2818 2462 2883 admoventes,
2495 2827 2556 2870 ut
2588 2832 2654 2872 ex
2687 2817 2774 2870 illa
2806 2820 3154 2887 proximitate
3183 2820 3234 2875 id
3268 2824 3410 2891 quod

1840 2908 2061 2970 dicitur,
2089 2921 2252 2962 sensu
2284 2907 2648 2976 pereipiamus
2675 2927 2687 2959 :
2728 2907 2842 2971 sed,
2877 2906 3188 2975 Inclinavil,
3225 2913 3323 2977 ait,
3355 2923 3408 2968 ut

1839 3013 1991 3054 suam
2023 3001 2192 3069 ipsius
2220 2999 2498 3068 detegeret
2530 2998 2922 3053 infirmitatem.
2955 2999 3407 3073 Quandoquidem

1838 3093 1904 3146 ad
1936 3107 2021 3146 me
2066 3091 2216 3146 humi
2252 3090 2522 3158 iacentem
2563 3091 2634 3146 ob
2666 3105 2819 3144 suam
2860 3105 2988 3163 erga
3025 3094 3271 3150 homines
3311 3099 3409 3152 be-

1838 3182 2200 3237 nevolentiam
2229 3179 2507 3235 descendit
2539 3199 2552 3234 :
2595 3181 2738 3234 velut
2767 3195 2890 3235 cum
2941 3183 3204 3252 benignus
3235 3189 3410 3243 medi-

1838 3287 1954 3340 cus,
1985 3274 2029 3328 si
2056 3273 2178 3342 quis
2201 3281 2438 3341 aegrotus
2466 3285 2576 3340 prae
2602 3271 2771 3324 multa
2807 3271 3127 3329 infirmitate
3157 3275 3304 3331 clare
3330 3277 3412 3332 lo-

1837 3366 1928 3434 qui
1961 3381 2064 3419 non
2095 3372 2276 3432 queat,
2316 3377 2380 3417 ea
2417 3377 2536 3432 quae
2567 3371 2693 3416 sunt
2738 3365 3021 3432 aegrotanti
3063 3369 3408 3432 necessaria.

1837 3474 1902 3512 ex
1935 3457 2256 3526 propinquo,
2301 3455 2415 3509 suis
2442 3454 2665 3508 auribus
2699 3455 2958 3521 admotis,
2994 3457 3208 3512 ediscit.
3239 3457 3412 3514 Incli-

1838 3550 1980 3602 navit
2009 3548 2191 3616 itaque
2235 3562 2414 3600 aurem
2458 3561 2610 3600 suam
2641 3546 2788 3600 mihi.
2839 3547 3040 3616 Utique
3081 3551 3297 3608 auditus
3330 3553 3415 3608 di-

1837 3641 1999 3694 vinus
2029 3655 2160 3693 voce
2193 3653 2298 3692 non
2330 3637 2536 3707 indiget
2568 3639 2633 3690 ad
2669 3639 3099 3707 percipiendum,
3139 3643 3410 3711 siquidem

1839 3735 2006 3804 petita
2033 3733 2194 3787 etiam
2217 3733 2268 3786 in
2298 3733 2476 3786 cordis
2509 3741 2654 3785 motu
2681 3745 3010 3801 cognoscere
3031 3734 3193 3788 valet.
3221 3733 3412 3793 Nonne

1839 3829 1946 3884 seis
1966 3843 2028 3882 ex
2060 3827 2263 3893 auditu,
2290 3825 2432 3893 quod
2459 3823 2674 3893 Moyses
2703 3823 2836 3877 nihil
2863 3825 3116 3894 loquens,
3149 3827 3244 3880 sed
3279 3832 3415 3884 taci-

1839 3921 1908 3976 tis
1939 3921 2050 3976 suis
2093 3917 2342 3988 suspiriis
2382 3915 2668 3972 Dominum
2710 3914 3085 3984 interpellans,
3120 3930 3149 3968 a
3179 3913 3409 3972 Domino

1839 4015 2157 4070 audiebatur
2197 4011 2410 4066 dicente
2442 4026 2458 4065 :
2497 4009 2636 4074 Quid
2675 4009 2868 4062 clamas
2911 4009 2980 4060 ad
3027 4025 3108 4063 me
3137 4009 3220 4064 ⁸⁸2
3245 4009 3410 4066 Novit

1839 4105 1982 4160 Deus
2015 4105 2101 4158 vel
2141 4102 2455 4172 sanguinem
2505 4100 2636 4170 justi
2685 4099 2894 4163 audire,
2949 4099 3036 4154 cui
3083 4113 3185 4156 nee
3230 4099 3412 4172 lingua

1840 4199 2001 4260 inest,
2029 4209 2128 4250 nec
2157 4209 2258 4248 vox
2287 4207 2466 4247 aerem
2505 4205 2808 4260 permeans.
2831 4190 2968 4256 Quin
2994 4191 3156 4245 etiam
3188 4207 3411 4262 operum

1835 4291 2102 4358 justorum
2129 4286 2415 4354 praesentia
2444 4285 2650 4340 clamor
2679 4299 2908 4353 ntagnus
2941 4283 3080 4352 apud
3111 4284 3277 4338 Deum
3301 4294 3406 4340 est.

141 4375 222 4428 ἐν
249 4371 382 4438 ταῖς
409 4374 655 4443 ἡμέραις
672 4393 792 4446 μου
823 4375 1274 4446 ἐπικαλέσωμαι.
1317 4377 1504 4447 Ἡμεῖς
1534 4377 1652 4446 μὲν,
1680 4377 1728 4428 ὲν

1841 4380 1907 4434 Et
1937 4383 1990 4433 in
2023 4379 2204 4432 diebus
2234 4379 2364 4430 meis
2393 4375 2663 4429 invocabo.
2697 4373 2806 4428 Nos
2849 4373 3097 4440 equidem
3144 4387 3266 4430 cum
3306 4389 3412 4427 una

147 4469 256 4539 μιᾷ
289 4469 718 4539 προσευξάμενοι
763 4471 966 4542 ἡμέρᾳ,
1007 4471 1039 4541 ἢ
1079 4473 1136 4523 ὲν
1179 4475 1276 4544 μιᾷ
1303 4471 1422 4544 ὥρᾳ
1459 4471 1630 4542 βραχύ
1681 4487 1734 4522 τι

139 4559 270 4620 ταῖς
311 4557 607 4627 ἁμαρτίαις
652 4559 806 4630 ἡμῶν
853 4562 1380 4629 ὲπιστυγνάσαντες,
1418 4559 1734 4631 ἀμεριμνῶ-

145 4667 256 4720 μεν
286 4649 398 4718 (i6)
439 4648 515 4712 ὡς
540 4651 642 4719 ήδη
686 4667 740 4704 τι
771 4653 1094 4722 ποιήσαντες
1137 4652 1429 4723 ἐφάμιλλον
1459 4656 1524 4723 τῇ
1560 4653 1730 4723 κακίᾳ

141 4743 332 4813 ἡμῶν.
379 4743 440 4796 '0
475 4743 655 4813 μέντοι
703 4743 858 4812 ἅγιος
903 4747 1066 4798 παντὶ
1101 4745 1178 4816 τῷ
1209 4747 1385 4816 χρόνῳ
1435 4747 1534 4816 τῆς
1581 4743 1728 4814 ζωῆς

141 4833 350 4886 ἑαυτοῦ
403 4836 928 4906 παραμετρουμένην
971 4837 1372 4891 ἐπιδείκνυσθαι
1417 4837 1563 4906 λέγει
1615 4837 1728 4908 (l7)

139 4928 254 4998 τὴν
307 4925 711 4996 ἐξομολόγησιν·
775 4928 876 4980 Ἐν
931 4929 1062 4993 ταῖς
1117 4929 1362 4998 ἡμέραις
1421 4929 1536 4999 γάρ
1590 4949 1732 4999 μου,

1841 4472 1928 4525 die
1953 4470 2248 4532 oravimus,
2278 4468 2360 4522 vel
2389 4482 2487 4536 per
2512 4479 2674 4519 unam
2702 4465 2888 4518 horam
2914 4462 3062 4516 brevi
3099 4461 3280 4531 aliqua
3315 4465 3416 4516 tri-

1844 4563 1992 4616 stitia
2045 4563 2113 4614 oh
2151 4567 2372 4628 peccata
2417 4557 2615 4610 fuimus
2663 4551 2864 4614 allecti,
2921 4550 3098 4606 securi
3147 4553 3411 4618 vivimus,

1845 4664 2099 4720 tanquam
2152 4651 2196 4704 si
2247 4647 2520 4716 quidpiam
2573 4646 2714 4714 quod
2775 4643 3116 4711 iniquitatem
3169 4652 3415 4697 nostram

1841 4750 2218 4814 compensaret
2261 4755 2290 4794 a
2321 4739 2476 4793 nobis
2508 4747 2776 4806 patratum
2823 4742 2989 4789 esset.
3023 4731 3130 4787 Sed
3165 4733 3252 4788 hic
3285 4749 3417 4790 san-

1841 4846 1960 4892 ctus
1993 4832 2412 4894 confessionem,
2439 4843 2558 4898 qua:
2587 4842 2748 4882 omne
2777 4825 2906 4880 vitae
2935 4839 3048 4879 sure
3077 4834 3290 4894 tempus
3319 4829 3414 4882 ad-

1843 4926 2020 4984 metiri
2055 4926 2246 4996 possit,
2281 4923 2551 4978 editurum
2576 4933 2634 4974 se
2661 4917 2932 4972 afﬁrmat:
2971 4913 3226 4969 Omnibus
3253 4915 3414 4982 enim,

225 5063 271 5093 ¹⁸²
307 5060 450 5116 Psal.
481 5078 632 5127 mu,
665 5062 755 5118 2‘2.
831 5062 876 5094 ⁸³
914 5064 1072 5118 Rom.
1111 5080 1229 5127 vm,
1259 5064 1350 5118 53.
1422 5067 1468 5097 ⁸⁸
1507 5051 1679 5120 Exod.
1705 5081 1728 5118 1

1851 5064 1955 5119 15.

253 5197 342 5264 12)
375 5195 466 5252 Sic
497 5214 626 5254 mss.
656 5199 830 5252 multi.
865 5199 1040 5269 Editio
1073 5199 1244 5252 Paris.
1279 5199 1375 5269 τῷ,
1409 5201 1524 5264 Τίς.

253 5269 500 5344 ί5ῌὶᾳς.
539 5269 748 5344 tertius
771 5269 933 5344 οἱονεὶ
956 5341 965 5344 Α
988 5267 1160 5344 θεοιτῇ
1196 5270 1290 5344 καὶ
1327 5267 1590 5344 ἀθλοθέτῃ
1649 5271 1729 5344 τῷ

143 5338 294 5408 Θεῷ.
321 5336 440 5391 Sed
464 5355 583 5392 cum
623 5339 772 5399 illud,
803 5339 896 5392 καὶ
944 5336 1228 5409 setosae“.
1261 5341 1314 5393 in
1364 5342 1526 5393 editis
1561 5336 1626 5395 ’ἐι
1673 5336 1726 5396 in

142 5411 280 5464 aliis
313 5423 444 5462 mss.
475 5409 634 5478 desit,
667 5409 814 5463 credi
847 5411 1038 5463 merito
1060 5421 1236 5478 potest
1265 5411 1332 5463 ab
1359 5409 1728 5478 aliquolibra-

147 5481 242 5534 rio
272 5479 512 5530 additum
547 5477 734 5532 fuisse.

227 5549 344 5618 (ﬂ)
369 5549 508 5622 Editi
540 5563 662 5602 eum
693 5547 842 5604 Colb.
875 5550 1063 5618 quinto
1102 5549 1385 5621 μανθάνει.
1419 5552 1490 5606 At
1520 5560 1754 5622 septem'

145 5617 290 5672 mss.
329 5617 607 5672 μανθάνοι.

225 5685 345 5760 (15)
373 5685 447 5740 Ita
473 5687 768 5760 Colbertini
797 5690 1024 5758 primus,
1051 5691 1276 5760 quintus
1305 5700 1358 5748 et
1385 5701 1572 5748 sextus
1602 5707 1726 5748 cum

145 5755 344 5824 negas
387 5759 625 5814 secundo
677 5769 733 5814 et
774 5755 987 5825 quarto.
1034 5755 1175 5816 E’diti
1225 5777 1354 5818 vero
1385 5779 1508 5820 cum
1541 5763 1726 5824 Rcaiis

1846 5200 2005 5256 tertio
2026 5209 2092 5272 et
2119 5209 2270 5272 sexto
2303 5201 2524 5272 ἤκουσε.
2555 5197 2842 5272 lilox__mss.
2881 5199 3034 5272 treso
3067 5197 3223 5272 Bede.
3259 5198 3420 5252 Deest

1845 5271 2106 5325 articulus
2143 5270 2194 5322 in
2251 5268 2412 5324 editis
2449 5280 2503 5323 et
2555 5269 2606 5320 in
2649 5268 2769 5323 aliis
2809 5284 2938 5324 mss.
3002 5269 3246 5322 Subinde
3282 5285 3413 5324 mss.
3483 5277 3488 5284 '

1845 5356 2036 5395 novent
2068 5339 2298 5393 δικαίου.
2331 5339 2468 5392 Editi
2505 5337 2746 5391 δικαίων.

1916 5409 2029 5480 (16)
2065 5409 2216 5464 Colb.
2248 5407 2918 5480 (ιυιὶιοιυείάμεριμνῶμεν.
2973 5407 3114 5462 Editi
3147 5421 3268 5460 cum
3301 5406 3419 5480 plu-

1841 5475 2153 5550 riniis'mss.
2184 5475 2850 5550 apsptuvoﬁptsv.ibidem
2886 5487 3119 5550 quatuor
3163 5491 3296 5530 mss.
3339 5475 3418 5540 ὡς

1841 5549 2156 5620 ήδηηηΕιιίιί
2187 5547 2312 5620 cum
2342 5547 2447 5620 uno
2472 5547 2572 5620 aut
2603 5547 2774 5601 altero
2800 5563 2900 5602 ms.
2930 5547 3005 5608 ὡς
3040 5547 3124 5616 δή.

1911 5613 2023 5690 (17)
2049 5619 2124 5673 Ita
2154 5619 2320 5674 editio
2338 5617 2525 5690 iBatsil.
2567 5631 2688 5690 cum
2726 5633 2918 5690 novem
2953 5613 3106 5690 mss_.,
3133 5613 3418 5690 nec‘aliter

1837 5684 1968 5761 legit
1993 5684 2284 5758 interpres.
2321 5689 2499 5746 Editio
2521 5688 2700 5743 Paris.
2731 5685 3134 5740 ἐπιδείκνυσθαι
3166 5684 3372 5754 μέλλει.
