3836 6222
140 308 264 366 483

1337 319 1624 377 HOMILIA
1663 321 1732 377 IN
1771 319 2102 376 PSALMUM
2139 317 2324 374 CXIV.

3317 317 3423 374 490

138 435 280 498 τίας
323 433 424 506 τὴν
457 435 522 488 ἐκ
571 435 674 505 τῆς
714 436 1004 506 μετανοίας
1062 437 1304 492 κάκωσιν
1365 441 1590 514 ἐμαυτῷ
1642 443 1743 495 ἐπ-

1861 441 2167 496 iulationem
2237 451 2286 496 et
2345 441 2581 497 dolorem
2639 439 2815 496 inveni
2866 455 2963 512 per
3026 439 3420 512 paenitentiam.

139 528 380 597 ενόησα,
415 527 510 580 καὶ
539 526 713 592 οὕτως
740 529 1016 600 ἐτόλμησα
1041 530 1104 583 τὸ
1133 531 1302 602 ὄνομα
1318 533 1525 602 Κυρίου
1553 536 1745 588 ἐπικα-

139 617 438 674 λέσασθαι.
495 617 630 674 Τίνα
679 616 840 692 δὲῆν
883 621 919 675 ἃ
960 617 1148 687 εἷπον;
1202 619 1270 675 Ὦ
1321 625 1520 692 Κιῖιριε,
1561 625 1746 692 ν(εὗσαι

139 708 274 776 τὴν
336 711 551 780 ψυχήν
602 730 742 780 μου.
797 713 1116 784 Κατέχομαι
1165 715 1223 767 ἐν
1283 717 1347 785 τῇ
1401 717 1746 788 αἰχμαλωσίᾳ

137 803 352 875 ταύτῃ,
383 806 446 856 σὺ
482 805 574 868 δὸς
619 805 684 858 τὸ
716 805 857 877 ὑπὲρ
889 806 1025 878 ἐμοῦ
1065 807 1280 878 λύτρον,
1311 807 1404 860 καὶ
1442 807 1601 879 ῥῦσαι
1649 809 1746 880 τὴν

140 894 340 966 ψυχήν
374 912 498 966 μου.

227 1074 288 1130 '5.
338 1073 638 1144 Ἐλεήμων
687 1079 720 1129 ό
759 1075 979 1146 Κύριος
1023 1077 1122 1132 καὶ
1157 1077 1406 1144 δίκαιος.
1461 1079 1746 1150 Πανταχοῦ

149 1167 421 1221 συνάπτει
449 1169 484 1239 ἡ
525 1168 718 1240 Γραφὴ
751 1172 864 1242 τρῖς
895 1172 1198 1242 οἰκτιρμοῖς
1231 1172 1323 1224 τοῦ
1359 1171 1494 1225 Θεοῦ
1528 1172 1626 1242 τὴν
1667 1172 1747 1224 δι-

145 1259 474 1331 καιοσύνην,
523 1261 850 1314 διδάσκουσα
888 1264 1068 1332 ἡμᾶς,
1109 1263 1191 1316 ὃτι
1230 1263 1354 1318 οὗτε
1384 1266 1412 1318 ὁ
1453 1265 1604 1331 ἔλεος
1653 1265 1748 1319 τοῦ

147 1352 300 1404 Θεοῦ
327 1351 568 1422 ἄκριτος,
609 1352 735 1406 οὔτε
776 1354 1022 1424 ήκρίσις
1051 1354 1386 1426 ἀνελεήμων.
1448 1357 1612 1410 Ἀλλὰ
1654 1357 1749 1410 καὶ

147 1441 358 1508 ἐλεῶν,
407 1445 749 1515 κεκριμένως
797 1447 912 1509 τοῖς
953 1445 1122 1512 ἀξίοις
1163 1450 1452 1520 ἐπιμετρεϊ
1492 1449 1621 1513 τοὺς
1667 1451 1747 1502 oi-

149 1534 456 1606 κτιρμούς·
499 1537 594 1588 καὶ
623 1536 846 1607 κρίνων,
881 1537 1294 1608 ἐστοχασμένως
1321 1539 1422 1610 τῆς
1466 1539 1752 1604 ἀσθενείας

147 1624 322 1696 ἡμῶν
350 1625 543 1694 ἐπάγει
573 1625 673 1698 τὴν
707 1627 912 1698 κρίσιν,
958 1627 1342 1701 φιλανθρωπίᾳ
1378 1630 1576 1702 μᾶλλον
1607 1631 1639 1702 ἦ
1680 1633 1748 1702 τῇ

149 1715 256 1770 τοῦ
293 1716 406 1800 ἴσοι)
441 1718 826 1788 ἀντιμετρήσει
851 1717 1191 1789 ἀμυνόμενος
1215 1721 1381 1790 ἡμᾶς.
1407 1720 1519 1774 Καὶ
1547 1724 1580 1774 ὁ
1605 1721 1749 1787 Θεὸς

1851 533 2141 588 Enimvero
2175 533 2336 586 talem
2369 532 2704 603 pmnitentim
2733 531 3058 597 cruciatum,
3093 532 3184 601 qui
3217 533 3424 600 peccati

1847 622 2203 691 magnitudini
2241 623 2574 686 conveniret,
2605 622 2736 675 mihi
2764 621 2878 690 ipse
2911 622 3239 690 excogitavi,
3266 631 3320 676 et
3347 621 3427 676 sic

1848 731 2044 770 nomen
2093 714 2303 769 Domini
2357 730 2522 771 ausus
2573 731 2690 770 sum
2745 715 3024 771 invocare.
3077 713 3206 782 Quae
3244 722 3425 768 autem

1851 818 2006 861 erant
2037 821 2158 877 qua:
2194 807 2342 861 dixi?
2374 809 2538 862 Vens.
2571 809 2625 863 4.
2659 807 2704 862 0
2737 807 2981 876 Domine,
3006 805 3170 886 libera
3193 806 3424 862 animam

1852 916 2042 953 nteant.
2081 899 2139 954 In
2181 899 2282 954 hac
2313 900 2565 954 detineor
2593 900 2936 970 captivitate,
2969 909 3025 952 tu
3055 913 3152 968 pro
3183 912 3269 952 me
3305 912 3429 966 pre-

1851 988 1984 1039 tium
2021 986 2089 1040 da
2131 987 2548 1056 redemptionis,
2575 996 2629 1043 et
2665 987 2834 1044 libera
2876 988 3117 1044 animam
3154 1003 3355 1044 meam.

1923 1079 1976 1132 '5.
2020 1077 2186 1134 Vnus.
2223 1078 2278 1138 5.
2320 1078 2625 1134 Misericors
2668 1079 2922 1136 Dominus
2953 1089 3002 1135 et
3029 1081 3232 1150 justus.
3275 1079 3428 1136 Scri-

1851 1182 2012 1240 ptura
2050 1170 2251 1242 ubique
2281 1170 2377 1226 Dei
2420 1170 2868 1228 miserationibus
2895 1172 3166 1244 justitiam
3199 1175 3429 1241 conjun-

1854 1260 1930 1330 git
1973 1278 1988 1314 :
2035 1260 2234 1330 quippe
2277 1261 2434 1314 docet
2478 1275 2597 1327 nos,
2641 1277 2817 1332 neque
2863 1261 2958 1316 Dei
3003 1262 3428 1318 misericordiam

1848 1349 2054 1418 judicio
2091 1363 2302 1418 carere,
2334 1366 2512 1422 neque
2543 1350 2804 1420 judicium
2841 1366 3035 1422 expers
3064 1367 3186 1408 esse
3215 1352 3430 1407 miseri-

1851 1441 2070 1496 cordize.
2104 1440 2210 1496 Sed
2254 1452 2308 1496 et
2340 1443 2466 1498 dum
2505 1443 2824 1508 miseretur,
2869 1443 2936 1498 iis
2966 1443 3056 1514 qui
3091 1442 3238 1512 digni
3267 1450 3426 1510 sunt,

1852 1547 1976 1588 suas
2001 1549 2118 1588 cum
2137 1533 2345 1604 judicio
2363 1535 2744 1591 miserationes
2763 1534 3054 1590 admetitur
3078 1551 3091 1590 :
3115 1543 3278 1603 atque
3299 1533 3426 1589 dum

1847 1623 2075 1695 judicat,
2110 1625 2296 1680 habita
2329 1625 2663 1682 inﬁrmitatis
2692 1635 2890 1682 nostrae
2916 1627 3126 1682 ratione
3152 1627 3317 1681 infert
3343 1626 3430 1696 ju-

1854 1715 2080 1783 dicium,
2109 1715 2445 1784 benignitate
2468 1718 2660 1788 magis,
2685 1732 2846 1788 quam
2873 1733 2971 1789 par
2991 1718 3112 1788 pari
3141 1719 3429 1774 referendo

147 1807 334 1878 ἡμῶν
361 1809 534 1864 ἐλεεῖ.
574 1809 764 1875 Ἐλεός
805 1810 921 1864 ἐστι
953 1811 1124 1875 πάθος
1155 1813 1247 1864 ἐπὶ
1275 1813 1400 1878 τοὺς
1428 1815 1559 1884 παρ’
1591 1812 1748 1877 ἀξίαν

1861 1806 2091 1874 plectens
2121 1823 2242 1863 nos.
2293 1807 2366 1862 Ει
2401 1808 2542 1864 Deus
2579 1820 2757 1865 noster
2784 1810 3080 1865 miseretur.
3114 1810 3430 1867 Misericor-

149 1901 687 1972 τεταπεινωμένους,
719 1902 869 1973 παρὰ
893 1903 1000 1957 τῶν
1033 1903 1332 1974 συμπαθῶς
1358 1905 1746 1976 διατιθεμένων

150 1992 468 2064 γινόμενον.
486 1993 666 2046 Ἑλεοῦ
674 2011 774 2063 μεν
792 1993 882 2047 τὸν
899 1995 964 2046 ἐκ
982 1994 1215 2064 μεγάλου
1239 1994 1467 2048 πλούτου
1490 1995 1626 2066 πρὸς
1647 1996 1745 2068 τὴν

157 2083 284 2155 (24)
315 2084 548 2154 ἐσχάτην
577 2083 766 2138 πενίαν
803 2083 1199 2155 μεταπεσόντα,
1225 2083 1316 2138 τὸν
1353 2088 1416 2139 ἐκ
1443 2087 1543 2158 τῆς
1570 2089 1746 2159 ἄκρας

151 2173 380 2242 εὐεξίας
410 2173 504 2228 τοῦ
539 2173 788 2246 σώματος
820 2177 900 2238 είς
929 2173 1028 2246 τὴν
1059 2175 1295 2248 ἐσχάτην
1330 2177 1613 2232 ἀσθένειαν
1641 2196 1746 2232 κα-

150 2266 522 2338 ταδληθέντα,
554 2267 645 2320 τὸν
674 2267 767 2320 ἐπὶ
795 2267 980 2321 κάλλει
1012 2267 1104 2321 καὶ
1136 2268 1257 2340 ὥρᾳ
1295 2269 1546 2340 σώματος
1577 2271 1747 2340 ἀγαλ-

156 2360 412 2430 λόμενον,
437 2359 530 2414 καὶ
558 2359 662 2412 ὑπὸ
691 2359 799 2413 τῶν
827 2358 1121 2429 αἰσχίστων
1145 2361 1334 2414 παθῶν
1356 2361 1745 2434 διαφθαρέντα.

173 2452 336 2506 Ἐπεὶ
371 2447 464 2506 οὖν
489 2453 582 2506 καὶ
607 2453 768 2523 ἡμεῖς
799 2447 944 2523 ἦμέν
973 2469 1102 2505 ποτε
1149 2451 1351 2518 ἔνδοξοι
1389 2454 1483 2510 ἐπὶ
1509 2457 1612 2525 τῆς
1654 2454 1748 2508 τοῦ

159 2542 498 2614 παραδείσου
523 2543 820 2613 διαγωγῆς,
849 2543 1147 2614 ἐγενόμεθα
1169 2543 1225 2597 δὲ
1248 2543 1422 2608 ἄδοξοι
1447 2546 1538 2598 καὶ
1560 2563 1751 2599 ταπει-

155 2637 248 2688 νοὶ
278 2633 368 2688 διὰ
407 2635 506 2706 τὴν
535 2633 839 2700 ἔκπτωσιν,
897 2634 960 2686 Ὃ
1005 2633 1152 2699 Θεὸς
1193 2634 1362 2704 ἡμῶν
1404 2635 1578 2702 ἐλεεῖ,
1609 2637 1750 2710 ὁρῶν

153 2725 320 2796 ἡμᾶς
359 2720 460 2779 οἷοι
513 2723 630 2778 ἀνθ’
670 2725 798 2780 οἴων
844 2725 1170 2796 γεγόναμεν.
1207 2725 1308 2780 Διὰ
1341 2727 1502 2781 τοῦτο
1535 2729 1628 2782 καὶ
1660 2729 1750 2784 τὸν

169 2817 354 2887 Ἀδὰμ
379 2817 697 2870 ἀνεκαλεῖτο
726 2819 792 2888 τῇ
831 2816 942 2888 (25)
985 2817 1080 2872 τοῦ
1123 2818 1272 2872 ἐλέου
1329 2823 1504 2891 φωνῇ,
1546 2821 1752 2890 λέγων’

168 2906 374 2977 Ἀδὰμ,
402 2907 521 2962 ποῦ
551 2907 634 2972 εἷ;
674 2907 749 2961 Οὐ
786 2908 895 2980 γὰρ
935 2907 1243 2979 διδαχθῆναι
1278 2909 1457 2980 ἐζήτει
1497 2912 1526 2964 ὁ
1559 2913 1754 2974 ,πάντα

155 2995 361 3062 εἰδὼς,
411 2997 548 3051 ἀλλὰ
593 2997 786 3068 νοῆσαι
824 2997 986 3052 αὐτὸν
1028 2997 1277 3051 ἐϐούλετο
1329 2993 1440 3062 οἷος
1485 2997 1604 3052 ἀνθ’
1639 2999 1750 3051 οἴου

155 3091 379 3159 γέγονε.
408 3089 532 3144 Ποῦ
564 3085 652 3154 εἷ;
679 3089 797 3143 ἀντὶ
817 3087 934 3154 τοῦ,
966 3089 1060 3153 Εἰς
1087 3085 1198 3144 οἷον
1226 3089 1428 3161 πτῶμα
1457 3089 1754 3162 κατελήλυ-

159 3183 268 3246 θας
314 3181 422 3237 ἀπὸ
444 3181 762 3255 τηλικούτου
791 3180 992 3253 ὕψωςς

1847 1900 1934 1955 dia
1965 1899 2180 1956 aﬂ‘ectio
2217 1911 2301 1956 est
2342 1916 2471 1972 erga
2512 1917 2608 1959 eos
2645 1905 2748 1980 qui
2789 1913 2988 1974 praeter
3029 1904 3278 1959 meritum
3329 1904 3430 1959 de-

1845 1993 2019 2061 pressi
2047 2001 2206 2060 sunt,
2248 1993 2316 2049 ab
2346 1993 2412 2048 iis
2439 1994 2529 2062 qui
2568 1994 2926 2049 miseratione
2953 1993 3113 2065 202
3143 2003 3430 2050 moventur

1849 2083 2226 2152 proﬁciscens.
2271 2083 2595 2140 Miseramur
2625 2100 2775 2150 eum,
2809 2085 2899 2156 qui
2937 2101 3000 2142 ex
3035 2087 3246 2154 magnis
3287 2085 3431 2141 diviv

1851 2173 1940 2229 tiis
1974 2175 2026 2229 in
2055 2187 2357 2231 extremam
2389 2177 2578 2232 incidit
2617 2187 3032 2248 paupertatem:
3064 2193 3213 2244 eum,
3245 2180 3338 2248 qui
3363 2193 3430 2236 ex

1849 2267 2055 2336 Optima
2100 2269 2351 2338 corporis
2395 2267 2713 2326 habitudine
2747 2271 2814 2325 ad
2858 2286 3127 2325 summam
3176 2272 3430 2328 redactus

1849 2369 1935 2416 est
1972 2359 2309 2416 debilitatem
2357 2379 2372 2415 ε
2409 2376 2572 2428 eum,
2608 2363 2699 2434 qui
2750 2364 2822 2417 ob
2862 2361 3322 2433 pulchritudinem
3365 2379 3432 2421 ac

1850 2451 2178 2524 elegantiam
2209 2453 2456 2524 corporis
2487 2453 2890 2524 praegestiebat,
2922 2456 3015 2509 sed
3031 2450 3078 2507 'a
3111 2453 3430 2510 foedissimis

1852 2558 1916 2597 ac
1951 2544 2282 2613 turpissimis
2321 2543 2526 2598 morbis
2562 2555 2854 2616 corruptus
2889 2555 2994 2600 est.
3028 2544 3293 2612 Quoniam
3325 2545 3430 2617 igi-

1854 2645 1942 2689 tur
1976 2645 2031 2689 et
2065 2651 2164 2690 nos
2199 2635 2251 2690 in
2285 2635 2544 2704 paradiso
2575 2635 2860 2706 degentes,
2888 2651 3109 2692 eramus
3139 2637 3432 2708 aliquando

1853 2727 1984 2782 clari
2025 2741 2090 2782 ac
2137 2727 2498 2798 spectabiles,
2530 2735 2587 2782 et
2639 2737 2815 2782 tamen
2853 2728 2922 2783 ob
2956 2728 3312 2797 eiectionem,
3343 2729 3433 2786 in-

1853 2819 2012 2889 glorii
2049 2826 2104 2874 et
2135 2819 2336 2890 abjecti
2377 2819 2686 2884 evasimus,
2731 2818 2877 2874 Deus
2908 2831 3086 2876 noster
3131 2821 3430 2890 miseretur,

1853 2909 1980 2964 dum
2037 2909 2224 2981 quales
2281 2925 2380 2965 nos
2426 2925 2492 2964 ex
2533 2909 2784 2979 qualibus
2836 2909 2968 2968 facti
3020 2913 3230 2979 simus,
3260 2912 3429 2970 videt.

1856 3003 2196 3074 Quapropter
2227 3013 2280 3058 et
2324 3003 2591 3058 Adamum
2625 3003 2730 3060 hac
2759 3003 3320 3069 misericorditevoce
3347 3021 3435 3062 re—

1855 3095 2108 3158 vocabat,
2141 3093 2326 3149 dicens
2354 3110 2367 3148 :
2404 3093 2598 3162 Adam,
2629 3093 2721 3148 ubi
2760 3110 2814 3149 es
2841 3094 2926 3148 ‘7?
2957 3093 3072 3150 Non
3107 3095 3250 3150 enim
3297 3095 3432 3150 edo-

1781 3167 1826 3229 C
1859 3183 1971 3238 ceri
1997 3185 2276 3254 quatrebat
2295 3183 2537 3239 omnium
2565 3199 2786 3256 gnarus,
2813 3187 2908 3242 sed
2932 3185 3236 3258 intelligere
3257 3186 3433 3258 ipsum

159 3275 408 3345 volebat,
434 3275 612 3346 qualis
641 3289 708 3330 ex
740 3273 884 3344 quali
913 3273 1086 3328 factus
1112 3282 1276 3330 esset.
1311 3271 1411 3328 Ubi
1452 3274 1548 3328 es?
1586 3275 1742 3345 quasi
1782 3273 1932 3328 dicat
1967 3292 1980 3329 :
2013 3276 2070 3330 In
2106 3289 2270 3348 quam
2337 3275 2552 3329 ruinam
2587 3289 2657 3331 ex
2705 3285 2856 3332 tanta
2917 3278 3255 3334 sublimitate
3295 3281 3435 3339 inci-

161 3367 336 3426 disti?

241 3463 302 3518 4.
371 3461 716 3516 Φυλάσσων
746 3461 820 3516 τὰ
856 3460 1044 3528 νήπια
1075 3461 1110 3514 ό
1145 3460 1388 3529 Κύριοςο
1441 3459 1760 3514 ἐταπεινώ-

161 3563 310 3628 θην,
339 3557 440 3612 καὶ
468 3557 666 3613 ἐσωσέ
692 3573 790 3628 με.
836 3555 963 3610 Εἴτε
1007 3555 1150 3610 κατὰ
1185 3555 1277 3609 τὸν
1314 3554 1540 3624 φυσικὸν
1579 3553 1760 3623 λόγον,

164 3654 273 3706 οὐκ
305 3650 372 3705 ἂν
405 3649 634 3721 συνέστη
674 3651 710 3721 ή
742 3647 1058 3720 ἀνθρωπίνη
1094 3645 1274 3716 φύσις,
1314 3646 1388 3718 μὴ
1421 3645 1529 3699 τῶν
1560 3645 1760 3717 κομιδῆ

163 3743 382 3814 νηπίων
410 3743 502 3796 καὶ
517 3742 598 3796 ἐτι
615 3741 829 3812 βρεφῶν
850 3742 954 3794 ὑπὸ
972 3741 1066 3794 τοῦ
1087 3741 1293 3812 Κυρίου
1312 3739 1758 3810 φυλασσομένων.

167 3832 302 3895 Πῶς
329 3830 434 3902 γὰρ
459 3829 494 3900 ἢ
530 3829 642 3900 (26)
670 3831 738 3884 τὰ
766 3832 824 3883 ἐν
850 3833 917 3901 τῇ
951 3831 1138 3902 μήτρᾳ.
1179 3827 1592 3900 κυοφορούμενα
1634 3827 1762 3897 ἠδύ-

169 3943 310 3980 νατο
339 3924 633 3997 τρέφεσθαι
659 3924 692 3995 ἢ
722 3922 989 3976 κινεῖσθαι
1016 3923 1072 3976 ἐν
1096 3921 1240 3976 οὕτω
1273 3922 1480 3984 στενοῖς
1517 3921 1760 3992 χωρίοις,

168 4019 271 4075 καὶ
291 4016 560 4090 μηδεμίαν
581 4015 794 4088 ἔχουσιν
815 4016 1158 4086 ἀναστροφὴν
1181 4012 1314 4088 (27),
1333 4013 1448 4066 ἀλλ’
1471 4015 1527 4066 ἐν
1549 4029 1762 4066 σκοτεις

170 4113 290 4174 νοῖς
317 4109 503 4172 τόποις
529 4110 628 4162 καὶ
665 4107 915 4180 ἐνύγροις
941 4107 1040 4178 τὴν
1070 4105 1214 4178 ζωὴν
1253 4104 1464 4176 ἔχοντα,
1503 4103 1596 4157 καὶ
1638 4102 1762 4156 οὔτε

168 4201 437 4256 ἀναπνεῖν
457 4199 748 4271 δυνάμενα,
779 4199 901 4253 οὕτε
923 4199 1020 4271 ζῇν
1037 4199 1134 4271 τὴν
1151 4196 1259 4252 τῶν
1275 4197 1370 4251 ἀνθ
1379 4195 1574 4267 ρώπων
1595 4195 1760 4266 ζωὴν,

175 4292 320 4347 ἀλλὰ
345 4292 501 4363 δίκην
531 4291 728 4363 ἰχθύων
756 4293 868 4354 τοῖς
901 4291 1086 4362 ὑγροῖς
1113 4288 1484 4361 ἑμφερόμενα,
1517 4289 1566 4341 εἰ
1595 4288 1671 4360 μὴ
1692 4291 1760 4360 τῇ

173 4385 336 4458 παρὰ
365 4385 460 4440 τοῦ
503 4383 639 4438 Θεοῦ
679 4384 892 4456 φυλακῇ
931 4383 1300 4456 διεκρατεῖτο;
1339 4379 1466 4445 Πῶς
1507 4381 1550 4434 δ’
1583 4379 1649 4433 ἂν
1683 4381 1764 4444 είς

169 4477 271 4534 τὸν
310 4477 456 4549 ἀήθη
481 4477 669 4530 τοῦτον
698 4475 1002 4529 ἐκπεσόντα
1020 4475 1206 4538 τόπον,
1239 4473 1332 4528 καὶ
1355 4473 1462 4527 ἀπὸ
1489 4472 1586 4543 τῆς
1609 4473 1667 4524 ἐν
1693 4473 1758 4544 τῇ

179 4572 373 4642 μήτρα
407 4569 740 4642 θερμότητος
777 4565 856 4638 τῷ
889 4567 1010 4639 ἀέρι
1045 4566 1454 4639 περιψυχόμενα
1488 4563 1591 4618 κᾶν
1624 4563 1762 4643 πρὸς

175 4665 244 4719 τὸ
290 4661 464 4734 βραχὺ
509 4661 818 4733 διήρκεσεν.
863 4659 912 4711 εί
958 4659 1032 4731 μὴ
1067 4659 1218 4730 παρὰ
1259 4657 1394 4712 Θεοῦ
1437 4655 1756 4724 διεσώζετο;

1931 3459 1986 3514 4.
2043 3460 2212 3516 Vens.
2253 3461 2308 3518 6.
2349 3461 2668 3520 Custodiens
2709 3461 2964 3532 parvulos
2996 3459 3295 3529 Dominus;
3339 3463 3439 3517 Itu-

1861 3547 2101 3602 miliatus
2134 3565 2282 3618 sum,
2312 3563 2360 3606 et
2390 3552 2599 3606 salvum
2640 3569 2722 3606 me
2753 3553 2898 3622 fecit.
2933 3552 3060 3608 Sive
3084 3553 3317 3608 naturali
3347 3569 3438 3608 ra-

1863 3642 2007 3696 tione
2033 3642 2086 3696 id
2120 3643 2392 3712 accipias,
2425 3659 2532 3699 non
2567 3645 2896 3702 consisteret
2937 3647 3173 3701 humana
3216 3658 3435 3716 natura,

1862 3734 1906 3789 si
1944 3733 1981 3788 ii
2010 3734 2102 3814 qui
2134 3743 2259 3789 sunt
2293 3749 2518 3804 prorsus
2553 3736 2766 3806 parvuli
2807 3745 2864 3790 et
2896 3735 3071 3791 adhuc
3103 3736 3376 3803 infantes,
3405 3755 3437 3792 a

1862 3824 2094 3881 Domino
2126 3841 2234 3881 non
2269 3827 2696 3882 custodirentur.
2733 3828 3014 3894 Quomodo
3050 3829 3194 3882 enim
3241 3829 3334 3899 qui
3381 3829 3438 3884 in

1861 3925 2019 3972 utero
2041 3927 2346 3989 gestantur,
2375 3917 2570 3972 nutriri
2602 3927 2697 3972 aut
2724 3921 2927 3974 moveri
2957 3928 3202 3989 possent,
3228 3935 3351 3975 cum
3383 3921 3438 3976 in

1862 4009 2052 4080 Spatiis
2074 4009 2210 4065 adeo
2239 4010 2506 4079 angustis,
2541 4009 2593 4064 in
2621 4011 2820 4080 quibus
2851 4011 3000 4067 nullo
3030 4012 3190 4067 modo
3219 4027 3280 4068 se
3306 4027 3438 4068 con~

1864 4112 2076 4158 vertere
2108 4118 2172 4157 ac
2199 4117 2420 4158 versare
2449 4103 2630 4170 liceat,
2667 4104 3040 4171 diversentur,
3067 4105 3162 4160 sed
3198 4105 3251 4159 in
3289 4114 3442 4160 tene-

1864 4195 2042 4251 brosis
2073 4204 2129 4250 et
2158 4195 2394 4251 humidis
2425 4195 2559 4252 locis
2582 4195 2788 4264 vivant,
2817 4211 2994 4268 neque
3026 4197 3322 4268 respirare,
3351 4212 3441 4252 ne-

1863 4301 1970 4356 que
1995 4287 2276 4342 hominum
2308 4289 2474 4343 vitam
2511 4289 2695 4344 vivere
2721 4287 2988 4354 valentes,
3025 4290 3120 4344 sed
3159 4291 3332 4345 instar
3359 4291 3442 4359 pi-

1865 4380 2036 4434 scium
2062 4377 2240 4436 fluidis
2263 4381 2592 4446 innatantes,
2621 4380 2734 4436 nisi-
2759 4381 2853 4436 Dei
2881 4381 3126 4436 custodia
3152 4397 3439 4438 servaren-

1867 4473 1992 4528 tur?
2043 4472 2325 4540 Quomodo
2379 4488 2570 4529 rursus
2619 4475 2686 4529 ad
2730 4474 3012 4532 insolitum
3067 4475 3212 4530 hunc
3261 4476 3440 4532 locum

1865 4565 2058 4637 elapsi,
2092 4575 2147 4620 et
2169 4577 2292 4636 post
2321 4567 2458 4622 uteri
2487 4567 2724 4623 calorem
2755 4582 2880 4622 aere
2905 4566 3231 4638 refrigerati,
3263 4567 3348 4623 vel
3373 4568 3442 4623 ad

1867 4657 2028 4712 breve
2077 4665 2288 4728 tempus
2339 4659 2732 4727 persisterent,
2777 4657 2884 4713 nisi
2923 4672 2952 4712 a
2999 4658 3112 4713 Deo
3152 4673 3442 4712 conserva-

179 4754 530 4812 Φυλάσσων
567 4749 660 4808 οὖν
691 4751 764 4806 τὰ
787 4751 976 4820 νήπια
1000 4755 1032 4805 ὁ
1058 4753 1274 4820 Κύριος
1293 4769 1306 4782 ·
1336 4751 1757 4818 ἐταπεινώθην,

1871 4748 2104 4804 rentur?
2131 4749 2444 4804 Custodiens
2483 4765 2612 4821 ergo
2655 4751 2901 4820 paruulos
2931 4749 3223 4814 Dominus;
3266 4749 3441 4803 Immi-

178 4849 286 4905 καὶ
317 4847 514 4901 ἔσωσέ
539 4863 636 4916 με.
665 4846 738 4899 Ἦ
767 4845 861 4898 καὶ
897 4843 1039 4899 οὕτω
1067 4845 1280 4916 νοήσεις
1315 4843 1408 4900 τὸν
1436 4843 1610 4913 λόγον’
1638 4843 1763 4896 Ὅτι

179 4939 378 5007 ἐπειδὴ
419 4937 717 5008 ἐστράφην,
755 4935 850 4990 καὶ
888 4937 1155 5006 ἐγενόμην
1198 4935 1274 4999 ὡς
1311 4935 1374 4988 τὸ
1407 4936 1620 5006 νήπιον,
1669 4933 1764 4987 καὶ

181 5027 456 5098 ἐδεξάμην
479 5027 576 5098 τὴν
605 5025 876 5096 βασιλείαν
904 5026 1011 5080 τῶν
1037 5027 1280 5098 οὐρανῶν
1304 5026 1380 5090 ὡς
1413 5026 1642 5092 παιδίον,
1667 5026 1762 5080 καὶ

181 5122 276 5175 διὰ
305 5119 404 5192 τῆς
427 5117 664 5183 ἁκακίας
691 5117 927 5188 ἐμαυτὸν
962 5117 1043 5182 εἰς
1066 5118 1166 5192 τὴν
1191 5117 1298 5172 τῶν
1323 5117 1552 5172 παιδίων
1579 5115 1762 5171 ταπεί-

267 5301 313 5332 δτ
351 5299 486 5356 Gen.
523 5314 607 5365 tu,
637 5299 690 5354 9.

267 5477 380 5547 (24)
415 5477 506 5530 Sic
533 5481 736 5544 septem
755 5489 904 5547 mss.
934 5471 1414 5547 Αιεάῐιιμεπ-ι-την.
1433 5471 1586 5527 Haud
1609 5471 1770 5542 longe

191 5541 330 5610 [Kc-1;.
364 5541 638 5601 secundus
673 5545 954 5598 ἀσθένειαν
991 5541 1411 5614 μεταϐληθέντα.

268 5617 382 5684 (‘25)
415 5615 548 5686 Reg.
578 5615 849 5671 secundus
879 5611 1359 5670 ἐνεκαλεῖτοίθιοι
1405 5613 1538 5684 Reg.
1570 5611 1766 5668 tertius

93 5733 96 5736 λ
189 5688 308 5741 οἴου
333 5685 643 5756 γεγένηται.

272 5751 386 5816 ('26)
413 5751 531 5813 Sic'
555 5769 690 5813 mss.
725 5763 858 5813 tres.
899 5751 1079 5826 _Deest
1115 5751 1150 5824 ἦ
1195 5751 1248 5809 in
1278 5751 1436 5812 editis
1465 5759 1521 5810 et
1549 5753 1602 5810 in
1641 5751 1760 5810 aliis

1870 4846 2032 4900 liatus
2079 4861 2218 4911 sum,
2269 4853 2316 4899 et
2361 4846 2578 4900 servavit
2635 4861 2733 4900 me.
2791 4844 2901 4898 Aut
2953 4846 3116 4900 etiam
3161 4845 3243 4899 sic
3273 4843 3440 4899 verba

1872 4933 2062 4988 isthmc
2093 4932 2400 5002 intelligere
2431 4931 2640 5001 poteris
2673 4949 2687 4985 :
2722 4931 3173 5003 Quandoquidem
3207 4947 3439 4988 conver-

1870 5039 1964 5080 sus
2009 5039 2167 5088 sum,
2201 5033 2258 5079 et
2289 5021 2466 5078 factus
2510 5037 2629 5077 sum
2683 5031 2743 5078 ut
2782 5023 3072 5094 parvulus,
3104 5037 3170 5078 ac
3214 5038 3440 5093 regnum

1869 5115 2128 5171 ctelorum
2167 5114 2313 5172 velut
2343 5129 2478 5186 puer
2506 5114 2744 5186 suscepi,
2772 5129 2966 5186 meque
3008 5114 3124 5185 ipse
3155 5127 3254 5186 per
3284 5113 3448 5186 iuno:

1875 5473 2194 5544 quibusdam
2233 5487 2364 5528 mss.

1945 5543 2059 5614 (27)
2088 5543 2371 5614 ltaieditio
2401 5541 2592 5614 ABasil.
2620 5549 2698 5614 et_
2723 5539 2866 5614 Oliv_..
2910 5547 2964 5614 et
2990 5537 3233 5614 Combef.
3263 5536 3438 5614 et_alii

1875 5609 2126 5682 septenis
2167 5613 2341 5668 Editio
2393 5612 2570 5668 Paris.
2615 5611 2712 5666 καὶ
2749 5609 3018 5682 μηδεμίαν
3068 5609 3280 5682 ἔχουσιν
3310 5609 3442 5662 ἀνα-

1879 5681 2070 5755 πνοήν,
2099 5681 2164 5739 In
2196 5685 2381 5754 quibus
2410 5699 2502 5740 nec
2531 5681 2789 5755 respirare
2814 5681 2992 5736 liceat.
