3836 6222
413 308 512 360 A‘JI

1763 317 1819 372 S.
1870 319 2114 375 BASILII
2148 321 2361 377 MAGNI

3564 327 3667 382 111³2

414 425 651 478 centiam
689 425 755 478 ad
804 423 1090 496 puerorum
1125 428 1481 484 humilitatem
1516 432 1707 488 demisi
1747 451 1762 489 :
1801 435 1992 488 Custo-

2101 455 2256 492 νωσιν
2299 438 2605 508 κατήγαγον
2624 454 2637 466 ο
2678 437 2740 490 '0
2761 438 3099 507 φυλάσσων
3119 439 3188 494 τὰ
3209 439 3395 505 νήπια
3425 441 3669 508 Κύριος,

414 515 564 570 diens
607 521 858 586 parvulos
903 518 1183 589 Dominus,
1217 525 1469 593 quoniam
1508 526 1820 582 humiliatus
1848 546 1984 593 sum,

413 611 636 662 seruat-it
670 626 767 662 me.

491 697 546 751 ὅ.
591 699 750 755 Vsus.
793 701 844 755 7.
887 701 1228 767 Convertere,
1272 707 1450 759 animo
1481 725 1630 774 mea,
1663 711 1715 763 in
1759 712 1988 780 requiem

415 800 560 844 tuam
584 831 598 855 ,
625 793 749 859 quia
797 792 1052 847 Dominus
1089 796 1333 865 bene/'ecit
1370 800 1483 854 tibi.
1538 799 1648 854 Sibi
1688 802 1787 871 ipsi
1824 802 1986 856 verba

415 881 776 937 consolatoria
816 885 1069 952 proponit
1119 888 1293 942 bonus
1342 890 1582 958 athleta,
1633 893 1888 947 similiter
1922 910 1986 950 ac

415 974 645 1040 Paulus,
680 976 868 1030 dicens
913 995 927 1032 :
967 978 1169 1032 Bonum
1221 992 1482 1036 certamen
1516 987 1739 1046 certavi.
1777 1003 1986 1040 cursum

417 1071 807 1132 consummavi,
847 1072 1001 1138 ﬁdem
1035 1075 1272 1137 servavi;
1307 1076 1360 1129 in
1406 1078 1604 1146 reliquo
1640 1080 1870 1146 reposita
1909 1090 1987 1134 est

415 1158 546 1210 mihi
572 1174 766 1212 corona
788 1160 1014 1227 justitiw
1044 1162 1112 1216 ⁸⁸.
1157 1163 1282 1218 llaec
1312 1181 1527 1236 quoque
1559 1169 1659 1222 sibi
1693 1169 1821 1222 dicit
1851 1169 1986 1224 Pro-

412 1248 578 1317 pheta
614 1271 625 1305 :
662 1250 927 1318 Quoniam
976 1254 1100 1307 vitae
1146 1254 1303 1324 hujus
1336 1273 1554 1312 cursum
1593 1262 1726 1314 satis
1767 1260 1983 1331 longum

415 1341 662 1410 explesti.
716 1343 1022 1399 Convertere
1067 1347 1136 1401 de
1188 1358 1388 1402 caetero
1435 1349 1489 1402 in
1536 1353 1760 1418 requiem
1815 1361 1984 1418 tuam,

415 1430 540 1496 quia
563 1429 817 1484 Dominus
840 1433 1088 1501 benefecit
1105 1436 1218 1488 tibi.
1241 1436 1520 1504 Siquidem
1546 1437 1611 1490 iis
1628 1438 1716 1505 qui
1746 1437 1985 1504 legitime

418 1523 471 1575 in
501 1524 604 1578 hac
634 1525 741 1578 vita
774 1525 1142 1591 decertarunt,
1181 1529 1511 1598 sempiterna
1546 1530 1762 1597 requies
1791 1545 1983 1598 propoo

417 1616 522 1669 sita
562 1625 666 1677 est,
700 1631 818 1686 qua:
863 1633 964 1671 non
996 1633 1062 1672 ex
1094 1633 1318 1690 Operum
1353 1620 1535 1674 debito
1573 1623 1848 1685 tribuitur,
1895 1622 1988 1675 sed

417 1723 482 1760 ex
516 1707 608 1761 Dei
642 1708 1129 1769 tnuniliceutissimi
1157 1713 1354 1780 gratia,
1388 1713 1452 1767 iis
1477 1714 1568 1782 qui
1602 1713 1655 1766 in
1692 1713 1808 1782 ipso
1835 1727 1984 1782 spem

2090 529 2281 599 ἐπειδὴ
2308 528 2728 596 ἐταπεινώθην,
2761 529 2957 583 ἔσωσέ
2991 530 3100 601 (28)
3121 549 3216 600 με.

2177 707 2228 760 5.
2283 707 2711 773 Ἐπίστροφον,
2744 705 2912 775 ψυχή
2950 725 3100 778 μου,
3126 709 3211 772 εις
3246 706 3364 774 τὴν
3389 706 3670 760 ἀνάπαυ-

2091 814 2196 852 σιν
2213 814 2351 861 σου,
2383 797 2468 850 ὅτι
2493 799 2700 866 Κύριος
2742 797 3101 866 εὐηργέτησέ
3132 812 3224 851 σε.
3251 797 3468 867 Ἑαυτῷ
3499 815 3671 868 προσ-

2096 891 2220 959 άγει
2250 891 2373 952 τοὺς
2408 889 2850 960 παρακλητικοὺς
2876 889 3064 955 λόγους
3086 892 3115 942 ὁ
3147 890 3310 952 καλὸς
3335 891 3671 958 ἀγωνιστὴς,

2089 981 2484 1052 παραπλησίως
2517 979 2594 1049 τῷ
2615 979 2808 1048 Παύλῳ
2830 980 3003 1048 λέγων
3021 997 3035 1010 ⁸
3065 979 3172 1034 Τὸν
3198 981 3399 1050 ἀγῶνα
3426 981 3542 1033 τὸν
3571 999 3673 1033 κα-

2091 1074 2205 1126 λὸν
2230 1074 2581 1143 ἠγώνισμαι,
2610 1074 2714 1125 τὸν
2744 1071 2963 1140 δρόμον
2986 1071 3279 1136 τετέλεκα,
3308 1072 3428 1139 τὴν
3462 1075 3674 1125 πίστει·

2090 1166 2416 1233 τετήρηκα·
2453 1165 2669 1218 λοιπὸν
2691 1166 2998 1217 ἀπόκειταί
3021 1182 3119 1232 μοι
3149 1168 3182 1217 ό
3212 1164 3322 1232 τῆς
3351 1165 3671 1217 δικαιοσύ-

2089 1271 2204 1320 νης
2234 1252 2552 1321 στέφανος.
2590 1252 2777 1306 Ταῦτα
2810 1253 2956 1320 λέγει
2987 1252 3095 1323 (29)
3125 1253 3217 1305 καὶ
3249 1253 3390 1324 πρὸς
3418 1254 3619 1306 ἑαυτὸν
3648 1254 3677 1305 ὁ

2095 1343 2422 1413 Προφήτηςο
2469 1341 2684 1410 Ἐπειδὴ
2720 1342 2918 1402 ἱκανῶς
2951 1341 3044 1393 τοῦ
3077 1340 3191 1410 βίου
3222 1342 3414 1393 τούτου
3453 1343 3553 1393 τὸν
3589 1343 3679 1394 δο-

2091 1432 2238 1501 λιχὸν
2285 1432 2688 1503 ἐξεπλήρωσας,
2746 1433 3140 1500 Ἐπίστρεψον
3183 1433 3371 1486 λοιπὸν
3417 1437 3514 1499 εἰς
3564 1435 3682 1500 τὴν

2090 1523 2437 1578 ἁνάπιιυσίν
2463 1540 2601 1587 σου,
2635 1525 2721 1576 ὅτι
2752 1526 2966 1592 Κύριος
2999 1525 3362 1594 εὐηργέτησέ
3393 1542 3499 1579 σε.
3537 1527 3680 1595 Πριό-

2093 1629 2270 1666 κειται
2299 1612 2406 1683 γάρ
2451 1613 2753 1675 ἀνάπαυσις
2796 1613 2987 1665 αἰωνία
3030 1616 3136 1676 τοῖς
3177 1615 3427 1684 νομίμως
3458 1615 3556 1667 τὸν
3595 1618 3682 1667 ἐν·

2091 1703 2272 1757 ταῦθα
2297 1703 2615 1774 διαθλήσασι
2643 1703 2773 1772 βίον,
2798 1705 2858 1756 οὺ
2890 1706 3030 1758 κατὰ
3055 1705 3329 1775 ὀφείλημα
3353 1705 3468 1758 τῶν
3498 1707 3684 1776 ἔργων

419 1800 676 1865 habuere,
705 1801 883 1855 datur.
917 1801 1138 1870 Deinde,
1173 1805 1487 1874 priusquam
1519 1805 1658 1859 bona
1700 1806 1806 1860 illic
1839 1821 1990 1874 repo-

2101 1796 2453 1866 άποδιδομένη
2503 1796 2634 1866 (50),
2672 1795 2806 1848 ἀλλὰ
2847 1797 2986 1850 κατὰ
3024 1798 3180 1868 χάριν
3221 1796 3313 1849 τοῦ
3360 1797 3680 1866 μεγαλοδώ-

418 1894 521 1946 sita
555 1903 794 1961 enarret,
825 1894 1094 1963 quomodo
1137 1909 1170 1948 a
1205 1898 1386 1952 mundi
1430 1896 1694 1951 molestiis
1727 1899 1990 1952 liberatus

419 1985 513 2051 sit,
549 1999 873 2050 recensens,
908 2001 1006 2055 pro
1045 1986 1110 2041 iis
1145 1988 1350 2057 gratias
1379 1989 1488 2056 agit
1521 1989 1822 2042 animarum
1857 1989 1991 2043 libe-

418 2077 607 2139 ratori,
641 2075 731 2144 qui
773 2091 838 2129 ex
875 2076 1020 2130 varia
1067 2085 1122 2130 et
1155 2076 1452 2132 inevitabili
1490 2077 1845 2147 cupiditatum
1875 2092 1991 2132 ser-

421 2169 591 2221 vitute
627 2168 802 2237 ipsum
847 2169 1068 2222 exemit.
1099 2167 1232 2235 Qua:
1273 2179 1452 2223 autem
1485 2178 1610 2222 sunt
1641 2169 1796 2223 lucc?
1826 2169 1987 2226 Vens.

419 2258 474 2310 8.
514 2257 650 2322 Quia
681 2257 870 2324 eripuit
898 2259 1128 2310 animam
1157 2274 1325 2311 meam
1350 2259 1411 2312 de
1435 2270 1619 2322 morte,
1649 2259 1825 2312 oculos
1849 2275 1989 2313 meos

419 2365 453 2401 a
480 2349 751 2418 lacrymis,
784 2358 831 2401 et
862 2349 1015 2416 pedes
1063 2364 1200 2402 meos
1232 2366 1264 2401 a
1307 2350 1481 2417 lapsu.
1518 2349 1720 2404 Rerum
1754 2365 1991 2419 prasen-

421 2439 554 2491 tiuin
586 2439 996 2507 comparatione
1025 2439 1262 2492 futuram
1291 2439 1554 2494 describit
1585 2441 1854 2509 requiem.
1893 2440 1990 2496 llic

421 2530 586 2592 enim,
628 2530 825 2599 inquit,
857 2530 1336 2586 circumdederunt
1370 2547 1456 2586 me
1491 2533 1705 2588 dolores
1755 2533 1984 2588 mortis:

422 2619 532 2674 illic
560 2634 687 2672 vero
715 2619 915 2688 eripuit
945 2621 1182 2674 animam
1214 2635 1387 2675 meam
1425 2638 1451 2674 a
1483 2635 1677 2678 morte.
1710 2622 1809 2678 llic.
1847 2625 1988 2679 oculi

422 2709 797 2780 lacrymantur
835 2725 901 2765 ex
957 2709 1296 2770 aﬂlictione:
1350 2713 1510 2782 203
1554 2714 1661 2769 illic
1706 2730 1834 2770 vero
1883 2731 1988 2770 non

425 2802 660 2870 amplius
689 2801 938 2873 lacrymte
963 2803 1216 2858 tenebras
1242 2804 1458 2872 pupillis
1478 2804 1753 2860 effundunt
1781 2822 1989 2873 eorum,

427 2894 519 2962 qui
563 2894 1019 2963 contemplatione
1070 2897 1491 2966 pulchritudinis
1543 2898 1843 2968 majestatis
1897 2900 1989 2954 Dei

427 2984 788 3040 obiectantur.
819 2987 1042 3041 Abstulit
1069 2989 1207 3042 cnim
1230 2988 1370 3042 Deus
1391 3005 1594 3042 omnem
1618 2991 1904 3061 lacrymam
1928 2991 1991 3045 ab

2097 1904 2188 1958 pou
2217 1887 2349 1939 Θεοῦ
2381 1890 2491 1950 τοῖς
2531 1889 2610 1950 εἰς
2638 1887 2797 1940 αὑτὸν
2823 1887 3076 1956 ὴλπικόσι
3108 1890 3483 1959 παρεχομένη.
3515 1885 3678 1952 Εἶτα,

2093 1981 2222 2049 πρὶν
2245 1979 2313 2032 τὰ
2343 1980 2461 2032 ἐκεῖ
2487 1979 2664 2047 ἀγαθὰ
2693 1978 3079 2048 διηγήσασθαι,
3105 1980 3202 2049 τὴν
3238 1980 3540 2049 ἀποφυγὴν
3567 1980 3679 2031 τῶν

2090 2073 2183 2125 τοῦ
2217 2073 2422 2143 κόσμου
2453 2071 2697 2142 ὀχληρῶν
2724 2071 3095 2141 διηγούμενος,
3128 2071 3220 2123 ἐπὶ
3245 2071 3463 2132 τούτοις
3508 2072 3680 2139 εὐχα-

2095 2171 2270 2238 ριστεῖ
2301 2167 2378 2237 τῷ
2408 2166 2746 2237 ἐλευθερωτῇ
2777 2167 2883 2219 τῶν
2913 2166 3120 2235 ψυχῶν,
3164 2164 3240 2234 τῷ
3271 2165 3375 2232 τῆς
3419 2163 3678 2231 ποικῢπςς

2092 2259 2251 2311 αὑτὸν
2283 2257 2394 2328 (51)
2437 2259 2528 2310 καὶ
2571 2257 2942 2327 ἀπαραιτήτου
2981 2257 3220 2318 δουλείας
3261 2255 3373 2307 τῶν
3407 2254 3675 2328 παθημά-

2093 2367 2198 2403 των
2237 2348 2626 2420 ὲξαιρουμένῳ.
2676 2349 2809 2400 Τίνα
2871 2348 2928 2400 δέ
2973 2349 3088 2400 ἐστι
3133 2347 3339 2412 ταῦτα;
3395 2349 3530 2400 Ὅτι
3581 2346 3679 2410 ἐξ-

2091 2443 2285 2496 είλετο
2314 2441 2429 2509 ripe
2460 2441 2673 2509 ψυχήν
2700 2459 2820 2510 μου
2853 2441 2919 2494 ἐκ
2953 2439 3208 2494 θανάτου
3228 2479 3241 2502 ,
3277 2440 3425 2505 τοὺς
3449 2441 3682 2508 65:611.!—

2086 2535 2240 2603 μούς
2261 2551 2379 2602 μου
2405 2532 2521 2586 ἀπὸ
2554 2533 2850 2600 δακρύων,
2881 2533 2978 2586 καὶ
3011 2533 3152 2598 τοὺς
3181 2531 3376 2597 πόδας
3405 2550 3532 2600 μου
3563 2531 3682 2584 ἀπὸ

2092 2624 2511 2693 ὀλισθήματος.
2566 2624 2854 2695 Συγκρίσει
2904 2623 3014 2676 τῶν
3065 2617 3167 2677 ὦδε
3211 2623 3310 2692 τὴν
3373 2623 3682 2692 μέλλουσαν

2094 2715 2398 2769 ἀνάπαυσιν
2442 2714 2757 2786 διαγράφει.
2802 2713 3063 2768 Ἐνταῦθα
3095 2715 3203 2786 γάρ
3247 2731 3338 2784 με,
3371 2715 3550 2784 φησὶ,
3586 2729 3686 2766 πε-

2097 2809 2308 2880 ριέσχον
2339 2808 2525 2872 ὠδῖνες
2559 2809 2820 2863 θανάτουο
2865 2811 2980 2862 ἐκεῖ
3010 2809 3065 2862 δὲ
3094 2807 3328 2872 ἐξείλετο
3362 2809 3466 2878 τὴν
3495 2809 3685 2878 ψυχήν

2098 2915 2198 2968 μου
2233 2900 2296 2950 ὲκ
2344 2895 2593 2950 Θανάτου.
2649 2896 2910 2950 Ἐνταῦθα
2943 2898 2990 2949 οἱ
3036 2895 3304 2965 ὀφθαλμοὶ
3349 2896 3414 2948 τὸ
3467 2896 3586 2964 (52)
3619 2899 3684 2949 ὲκ

2093 2989 2193 3058 τῆς
2232 2987 2454 3056 θλίψεως
2492 2986 2779 3058 προχέουσι
2807 2988 3072 3057 δάκρυον·
3113 2989 3230 3039 ἐκεῖ
3266 2987 3323 3039 δὲ
3350 2985 3548 3041 οὐκέτι
3589 2987 3685 3040 δά-

425 3077 568 3130 omni
599 3076 735 3146 facie
758 3076 824 3128 ".
872 3076 971 3132 Hic
1003 3092 1258 3148 magnum
1291 3090 1372 3135 est
1399 3081 1624 3136 cadendi
1653 3081 1948 3151 periculum
1975 3097 1990 3135 :

2101 3097 2262 3152 κρυον
2304 3078 2622 3132 ἐπισκοτοῦν
2675 3081 2794 3142 ταῖς
2841 3079 3024 3152 κόραις
3059 3078 3177 3147 ξτῶν
3224 3079 3684 3148 εὐφραινομένων

424 3181 756 3240 quapropter
777 3179 831 3225 et
854 3169 1052 3224 Paulus
1077 3171 1255 3225 aiebat
1288 3190 1302 3226 :
1337 3172 1440 3237 Qui
1465 3189 1519 3226 se
1539 3173 1817 3226 existimat
1852 3185 1994 3229 stare

424 3264 596 3318 videat
620 3281 682 3318 ne
703 3267 858 3318 cadat
877 3265 945 3317 "'.
963 3261 1075 3318 Illic
1097 3272 1276 3318 autem
1297 3264 1436 3318 ﬁrmi
1459 3274 1583 3319 sunt
1605 3281 1824 3336 gressus
1847 3284 1859 3320 :
1887 3268 1996 3322 vita

428 3355 809 3421 immutabilis;
833 3371 938 3410 non
959 3355 1188 3424 amplius
1208 3355 1506 3425 periculum
1528 3364 1608 3411 est
1638 3357 1689 3410 in
1713 3367 1994 3427 peccatum

427 3447 762 3515 prolabeudi.
805 3446 985 3516 Neque
1013 3447 1157 3502 enim
1193 3448 1377 3501 carnis
1410 3456 1492 3501 est
1519 3447 1738 3502 rebellio
1771 3465 1784 3501 :
1822 3462 1996 3517 neque

429 3538 626 3591 mulier
654 3549 893 3592 mutuam
925 3539 991 3592 ad
1024 3548 1300 3608 peccatum
1329 3538 1539 3594 confert
1579 3555 1821 3610 operam.
1861 3539 1994 3593 Nam

428 3647 535 3684 non
559 3641 641 3686 est
664 3631 935 3685 masculus
954 3641 1008 3685 et
1025 3631 1221 3685 femina
1242 3632 1294 3686 in
1315 3632 1740 3694 resurrectione.
1768 3633 1860 3686 sed
1891 3647 1994 3684 una

413 3717 673 3786 quaedam
707 3716 812 3770 vita
858 3726 940 3771 est
981 3732 1045 3772 ac
1074 3716 1302 3788 simplex
1345 3731 1360 3769 :
1397 3717 1659 3786 siquidem
1693 3718 1782 3784 qui
1817 3718 1868 3771 in
1910 3733 1997 3772 re-

429 3809 586 3874 gioue
608 3808 850 3862 vivorum
867 3809 1133 3872 habitant,
1151 3823 1248 3864 suo
1265 3810 1500 3878 ipsorum
1523 3807 1994 3876 Dominoplacent.

430 3901 660 3956 Mundus
701 3901 788 3956 hic
833 3910 887 3956 et
933 3902 1046 3972 ipse
1097 3902 1410 3956 interiturus
1437 3910 1539 3966 est,
1571 3911 1625 3955 et
1655 3901 1996 3956 morientium

431 4001 514 4046 cst
543 3993 716 4046 locus.
745 3992 1008 4058 Quoniam
1035 3993 1179 4048 enim
1209 3993 1500 4047 visibilium
1525 3994 1823 4048 substantia
1852 4009 1998 4048 com-

431 4085 607 4153 posita
637 4093 740 4148 est,
771 4095 824 4139 et
849 4084 1108 4153 quidquid
1137 4085 1490 4154 compositum
1533 4095 1636 4149 est,
1664 4085 1882 4140 dissolvi
1911 4101 2000 4141 so-

429 4175 522 4239 let,
549 4191 646 4230 nos
672 4177 760 4245 qui
790 4177 843 4228 in
871 4177 1070 4230 mundo
1097 4175 1430 4241 exsistimus,
1462 4192 1580 4232 cum
1612 4178 1793 4232 mundi
1819 4187 1999 4248 partes

431 4268 624 4331 simus,
662 4267 970 4322 necessario
1023 4277 1230 4322 natura:
1277 4267 1513 4322 universi
1560 4267 1821 4322 eliicimur
1866 4283 1999 4322 con-

431 4369 626 4414 sortes.
670 4357 1014 4432 Quare.ante
1050 4361 1214 4413 etiam
1254 4374 1411 4428 quam
1443 4358 1618 4412 anima
1644 4373 1740 4430 per
1771 4369 1995 4412 mortem

2097 3175 2163 3243 τῇ
2197 3172 2398 3243 θεωρίᾳ
2421 3171 2514 3224 τοῦ
2547 3171 2776 3234 κάλλους
2801 3170 2899 3240 τῆς
2923 3171 3080 3240 δόξης
3101 3169 3196 3222 τοῦ
3227 3169 3390 3222 Θεοῦ.
3441 3170 3684 3238 ’Δρεῇιε

2098 3265 2206 3334 γὰρ
2233 3267 2266 3317 ό
2299 3263 2442 3329 Θεὸς
2473 3261 2595 3316 πᾶν
2621 3261 2883 3331 δάκρυον
2909 3263 3027 3316 ἀπὸ
3059 3263 3283 3327 παντὸς
3320 3265 3675 3330 προσώπου.

2111 3355 2370 3409 Ἐνταῦθα
2401 3354 2566 3417 πολὺς
2594 3354 2624 3406 ό
2653 3354 2896 3416 κίνδυνος
2922 3353 3016 3406 τοῦ
3046 3353 3410 3424 ὀλισθήματος
3429 3371 3445 3385 ο
3469 3354 3558 3406 διὸ
3585 3356 3680 3407 καὶ

2097 3445 2311 3508 Παῦλος
2338 3445 2551 3513 ἔλεγεν·
2613 3445 2666 3496 Ὁ
2716 3442 2910 3498 δοκῶν·
2960 3443 3205 3497 ἑστάναι
3247 3444 3536 3508 βλεπέτω
3590 3445 3675 3514 μὴ

2097 3538 2278 3607 πέσῃ.
2315 3539 2462 3591 Ἐκεῖ
2478 3537 2534 3590 δὲ
2554 3537 2738 3604 πάγιοι
2759 3538 2812 3589 αἱ
2831 3535 3034 3604 βάσεις·
3057 3538 3160 3589 ἀπε
3171 3537 3461 3608 ρίτρεπτος
3483 3539 3519 3606 ἡ
3539 3538 3674 3606 {mir

2097 3629 2277 3682 οὐκέτι
2300 3629 2537 3692 κίνδυνος
2553 3628 2687 3699 πρὸς
2712 3629 2984 3698 ἁμαρτίαν
3006 3629 3385 3699 ὑπενεχθῆναι..
3405 3628 3550 3681 Οὔτε
3570 3629 3676 3697 γὰρ

2101 3720 2299 3792 σαρκὸς
2335 3719 2727 3783 ἐπανάστασις,
2766 3717 2888 3770 οὒτε
2931 3721 3190 3786 γυναικὸς
3232 3721 3498 3790 συνεργία
3541 3717 3677 3790 πρὸς

2097 3811 2387 3882 ἁμαρτίαν.
2411 3810 2552 3863 Διότι
2574 3809 2674 3862 οὐκ
2698 3807 2774 3860 ἔνι
2798 3807 2963 3878 άρσεν
2990 3809 3084 3861 καὶ
3106 3809 3236 3878 θῆλυ
3266 3810 3323 3860 ἐν
3342 3812 3411 3880 τῇ
3447 3808 3676 3862 silvassi-

2099 3919 2202 3966 σει,
2237 3901 2371 3954 ἀλλὰ
2399 3901 2496 3970 μία
2520 3901 2605 3964 τίς
2632 3902 2747 3955 ὲστι
2781 3901 2894 3972 ζωὴ
2933 3902 3043 3972 (55)
3076 3901 3167 3953 καὶ
3200 3901 3556 3971 μονότροπος,
3598 3901 3674 3952 εὺο

2099 3991 2469 4064 αρεστοῦντῳν
2497 3990 2574 4071 τοῷ
2604 3991 2812 4044 ἑαυτῶν
2841 3991 3085 4061 Δεσπότῃ
3116 3989 3223 4042 τῶν
3266 3989 3674 4041 κατοικούντων

2100 4081 2156 4133 ἐν
2188 4083 2254 4151 τῇ
2282 4078 2434 4150 χώρα
2459 4069 2568 4131 τῶν
2599 4077 2835 4143 ζώντων.
2891 4078 2948 4130 'U
2987 4077 3190 4146 κόσμος
3217 4069 3372 4138 οὗτος
3405 4078 3573 4137 αὐτός
3621 4073 3676 4125 τέ

2100 4173 2214 4223 ἐστι
2237 4171 2446 4240 θνητὸς,
2469 4167 2560 4222 καὶ
2597 4169 2793 4240 χωρίον
2809 4167 3256 4237 ἀποθνησκόντων
3277 4166 3412 4236 (5.1).
3459 4165 3677 4235 Ἐπειδὴ

2099 4265 2206 4335 γὰρ
2237 4263 2487 4324 σύνθετός
2514 4264 2628 4314 ἐστι
2661 4262 2770 4315 τῶν
2801 4262 3090 4333 ὁρωμένων
3129 4262 3161 4330 ὴ
3210 4258 3496 4323 σύστασις,
3524 4259 3593 4311 τὸ
3625 4259 3679 4309 δὲ

2103 4357 2352 4410 σύνθετον
2385 4356 2529 4408 ἇπαν
2557 4353 2864 4408 διαλύεσθαι
2909 4354 3170 4420 πέφυκεν,
3203 4351 3251 4403 οἱ
3286 4354 3345 4403 ἐν
3378 4351 3460 4421 τῷ
3490 4353 3678 4420 κόσμῳ

431 4464 461 4504 a
491 4464 719 4519 corpore
753 4459 1056 4517 separetur,
1087 4451 1348 4504 morimur
1391 4466 1530 4518 saepe
1574 4451 1840 4506 homines.
1887 4451 1992 4504 Ne-

2104 4451 2276 4512 ὖντες,
2313 4449 2454 4519 μέρη
2487 4446 2637 4510 ὄντες
2682 4446 2774 4498 τοῦ
2827 4447 3054 4514 κόσμου,
3099 4443 3416 4510 ἀναγκαίως
3448 4444 3549 4512 τῆς
3589 4442 3676 4494 τοῦ

430 4555 535 4609 que
557 4555 686 4594 vero
712 4541 910 4594 dictum
955 4541 1056 4594 hoc
1099 4539 1194 4594 tibi
1239 4539 1480 4593 videatur
1516 4544 1869 4610 paradoxum,
1899 4541 1994 4594 sed

432 4632 510 4686 rei
541 4631 709 4699 ipsius
737 4631 1018 4686 considera
1046 4632 1352 4686 veritatem.
1392 4631 1598 4699 Quippe
1631 4640 1818 4685 natura
1847 4646 1997 4687 com-

431 4734 678 4778 oaratutn
710 4731 814 4790 est,
844 4733 901 4776 ut
941 4724 1103 4778 homo
1134 4722 1185 4776 in
1219 4722 1392 4777 tribus
1417 4737 1679 4778 annorum
1711 4723 2003 4804 hebdoma-

501 4903 623 4956 "Ill
667 4902 808 4957 Tim.
851 4919 921 4969 Iv,
956 4896 1007 4969 7',
1049 4904 1100 4959 8.

507 5101 619 5172 (‘28)
648 5101 740 5155 Sic
768 5101 935 5172 editio
968 5101 1132 5154 Basil.
1166 5117 1286 5154 cum
1313 5116 1551 5168 qumque
1581 5117 1710 5155 mss.
1740 5102 1809 5153 At
1837 5101 2002 5172 editio

432 5170 754 5228 Paris.cum
811 5170 964 5224 Colb.
995 5181 1148 5224 sexto
1204 5173 1296 5224 καὶ
1351 5172 1541 5224 ἔσωσε.
1599 5172 1790 5226 Statim
1845 5170 1998 5226 Colb.

431 5240 1016 5312 quartussquyérnos
1053 5259 1141 5309 με.

503 5313 618 5379 ('29)
656 5307 839 5366 Editio
868 5307 1032 5363 Ba'sil.
1056 5307 1181 5363 cum
1214 5311 1462 5377 plurimis
1493 5326 1622 5364 mss.
1665 5311 1831 5378 λέγει.
1869 5307 1998 5360 Edi-

433 5383 508 5434 tin
537 5382 718 5503 faris.
740 5382 895 5451 λέγῃ.
940 5379 1093 5433 Haud
1134 5380 1290 5450 longe
1339 5396 1470 5434 mss.
1503 5382 1742 5434 nonnulli
1775 5379 2001 5449 εὐηργέ-

433 5469 532 5503 τησ
594 5469 681 5503 με.

429 5469 562 5504 τησε
594 5469 681 5504 με.

487 5469 714 5583 ifgoiistia
742 5522 980 5589 quinque
1014 5534 1144 5574 mss.
1179 5521 1250 5573 At
1281 5521 1407 5573 editi
1439 5519 1824 5590 ἁποδεδομὲνη.

509 5590 620 5659 (51)
651 5591 741 5644 διο
775 5593 904 5644 editi
941 5605 1060 5643 cum
1099 5591 1296 5659 multis
1331 5606 1462 5642 mss.
1515 5594 1583 5643 At
1639 5589 2003 5659 lii-gytertius

439 5673 558 5729 cum
588 5658 741 5713 Colb.
770 5671 922 5713 sexto
955 5658 1205 5728 ποικίλης
1232 5660 1421 5720 αὐτάς.
1475 5663 1562 5729 qui
1611 5658 1748 5726 ipsas
1791 5659 1998 5711 exemit.

439 5728 588 5780 Colb.
620 5740 844 5796 quartus
874 5729 1120 5796 ποικίλης
1143 5730 1365 5796 ταύτης.
1400 5728 1566 5785 Ρειιιιο
1588 5741 1706 5787 post
1730 5731 1856 5784 editi
1881 5745 2000 5783 cum

2105 4540 2305 4603 παντὸς
2341 4539 2553 4607 φύσεως
2581 4537 2943 4608 ἀπολαύομεν.
2974 4536 3073 4588 Διὰ
3111 4535 3270 4587 τοῦτο
3295 4537 3392 4588 καὶ
3422 4537 3554 4606 πρὶν
3591 4537 3678 4589 θα-

2106 4634 2249 4702 νάτῳ
2279 4631 2378 4700 τὴν
2409 4628 2584 4699 ψυχὴν
2633 4626 3014 4697 διαζευχθῆναι
3066 4625 3160 4678 τοῦ
3201 4626 3457 4696 σώματος
3481 4671 3495 4692 ,
3553 4629 3679 4680 ἁποι

2113 4723 2416 4794 θνήσκοαεν
2447 4717 2707 4782 πολλάκις
2735 4719 2781 4770 οἱ
2809 4716 3103 4788 ἄνθρωποι.
3133 4716 3244 4769 Καὶ
3275 4715 3354 4786 μὴ
3384 4715 3681 4787 παράδοξον

1197 4905 1243 4936 ⁵⁸
1282 4904 1383 4959 lsa.
1420 4921 1543 4969 xxv,
1577 4905 1630 4958 8.
1662 4949 1676 4963 .
1704 4902 1749 4935 ⁵ο
1785 4903 1800 4956 l
1837 4903 1961 4958 Cor.
1993 4920 2046 4968 κ,
2087 4903 2174 4957 12.

2109 5099 2292 5152 multis
2347 5113 2476 5151 mss.
2517 5104 2572 5151 et
2616 5110 2740 5150 cum
2796 5094 2939 5150 LXX
2973 5113 3068 5150 και
3107 5096 3235 5156 τοὺς
3281 5095 3475 5156 πόδας.
3530 5095 3684 5148 Deest

2110 5170 2210 5222 καί·
2235 5171 2287 5221 in
2319 5169 2527 5223 duobus
2560 5165 2857 5230 codicibus,
2889 5167 3209 5234 quibuscum
3249 5165 3532 5219 consentit
3560 5163 3683 5217 Vul-

2103 5248 2292 5378 3³(ἓὶἶὲ.)
2330 5307 2472 5360 Editi
2496 5305 2766 5376 ὀφθαλμοί
2787 5323 2913 5378 (μου.
2945 5303 3108 5378 Abest
3131 5320 3239 5378 ρ.ου
3287 5318 3319 5355 a
3361 5318 3474 5378 sex
3529 5319 3680 5378 mss.,

2107 5372 2205 5431 nec
2255 5372 2476 5430 dubium
2526 5372 2888 5444 quin'melius
2934 5375 3091 5427 desit.
3131 5372 3432 5444 llmcenim
3484 5389 3588 5426 non
3619 5375 3681 5426 de

2109 5447 2285 5500 oculis
2316 5447 2496 5510 unius,
2528 5442 2620 5498 scd
2648 5447 2712 5499 de
2741 5447 2912 5499 oculis
2931 5444 3168 5496 omnium
3194 5442 3285 5510 qui
3321 5443 3491 5493 vitam
3527 5453 3680 5496 teter-

2111 5533 2235 5570 nam
2276 5525 2697 5584 consequentur,
2726 5514 3040 5584 accipienda
3068 5527 3187 5565 esse
3228 5511 3312 5564 vel
3345 5527 3495 5566 (τοιςο
3523 5527 3677 5582 appa-

2109 5599 2304 5720 Πὲι(55)
2335 5655 2408 5706 lla
2443 5653 2592 5707 multi
2625 5669 2752 5706 mss.
2787 5655 2852 5707 At
2875 5653 3000 5704 editi
3028 5654 3059 5719 ἡ
3093 5650 3225 5719 ζωή-

2190 5727 2302 5786 (54)
2331 5724 2479 5781 Colb.
2517 5736 2742 5787 quartUs
2771 5722 3217 5790 ἀποθνησκόντων
3247 5721 3388 5783 ἑτι-τί.
3442 5721 3563 5776 Mox
3594 5733 3673 5775 C0-
