3836 6222
137 319 256 376 495

130 718 382 789 ἡλικιῶν
425 723 520 775 καὶ
571 722 701 791 βίων
756 726 783 777 ὁ
827 725 1144 797 ἄνθρωπος,
1195 732 1289 782 καὶ
1345 733 1466 785 καθ’
1507 735 1742 806 ἑκάστην

131 809 428 882 ἑϐδομάδα
463 813 594 878 ἴδιος
622 816 746 886 ὄρος
778 819 1132 889 περιγράφων
1161 820 1227 874 τὰ
1253 824 1611 894 παρελθόντα,
1648 829 1742 881 καὶ

130 899 357 970 ἐναργῆ
385 903 644 972 παρέχων
667 903 764 975 τήν
793 908 1166 977 μεταποίησιν.
1198 910 1302 962 Τοῦ
1331 913 1544 966 παιδίου
1569 918 1601 986 ή
1627 916 1741 986 ἡλι-

130 990 230 1044 κία
264 993 330 1044 ὲν
365 997 436 1063 τῇ
464 993 572 1046 τῶν
602 993 828 1048 ὀδόντων
856 997 1090 1068 ἀποϐολῇ
1126 999 1234 1068 (56)
1283 1002 1424 1058 κατά
1467 1004 1564 1073 τὴν
1590 1006 1740 1076 πρώ-

127 1098 236 1150 την
271 1081 562 1153 ἑϐδομάδα
613 1083 1001 1156 περιορίζεται.
1048 1087 1152 1140 Τοῦ
1192 1091 1380 1154 παιδὸς
1411 1092 1594 1146 λοιπὸν
1640 1095 1736 1148 τοῦ

129 1173 280 1246 πρὸς
337 1175 446 1237 τὰς
500 1173 766 1246 μαθήσεις
820 1177 1122 1247 ἐπιτηδείου
1177 1180 1208 1250 ἡ
1266 1181 1574 1252 προθεσμία
1623 1186 1738 1237 ἐστὶ

133 1266 312 1336 μέχρι
359 1266 468 1335 τῆς
497 1267 776 1337 ἐφηϐείας.
827 1269 884 1320 '0
913 1268 1144 1339 ἔφηϐος,
1192 1271 1353 1343 μέχρι
1385 1274 1600 1345 πρώτου
1643 1279 1737 1331 καὶ

129 1356 398 1409 εἰκοστοῦ
433 1357 586 1421 ἔτους
615 1359 1033 1430 συμπληρωθεὶς
1059 1401 1075 1426 ,
1109 1363 1236 1415 ὅταν
1284 1364 1477 1430 ἰούλοις
1505 1365 1735 1438 ἄρξηται

130 1449 540 1514 κατασκιάζειν
593 1449 691 1513 τὰς
738 1451 1004 1522 παρειὰς,
1042 1454 1361 1522 ἀφανίζεται
1407 1457 1730 1529 λεληθότως,

129 1541 276 1610 πρὸς
312 1541 412 1594 τὸν
457 1541 626 1612 ἄνδρα
677 1543 778 1613 ἤδη
831 1544 924 1597 τοῦ
975 1546 1258 1599 νεανίσκου
1313 1548 1728 1622 μεθισταμένου.

130 1631 312 1687 Ὅταν
348 1633 532 1687 τοίνυν
569 1635 683 1705 ἴδῃς
713 1635 882 1706 ἄνδρα
908 1637 1244 1708 ἀποθέμενον
1289 1642 1388 1711 μὲν
1426 1643 1522 1712 τὴν
1555 1644 1734 1698 ἐπίδο-

131 1739 220 1776 σιν
254 1725 368 1794 τῆς
397 1725 520 1779 καθ’
545 1727 758 1797 ἠλικίαν
782 1729 1084 1799 αὐξήσεως,
1115 1730 1384 1802 βεϐηκότα
1409 1735 1464 1788 δὲ
1494 1736 1592 1807 ἥδη
1619 1739 1730 1800 τοῖς

127 1817 447 1890 λογισμοῖς,
499 1821 591 1873 καὶ
635 1821 798 1891 μηδὲν
847 1822 991 1891 ἴχνος
1027 1824 1126 1894 τῆς
1177 1825 1426 1895 νεότητος
1469 1827 1724 1898 φέροντα,
1758 1821 1801 1875 Β

97 1914 254 1984 ,οὐχί
295 1915 634 1986 τεθνηκέναι
690 1919 747 1971 ἐν
795 1917 942 1988 αὑτῷ
999 1918 1190 1992 λογίσῃ
1237 1920 1304 1974 τὰ
1351 1922 1723 1993 παρελθόντα;

129 2006 307 2058 Πάλιν
343 2010 376 2060 ὁ
413 2007 760 2079 πρεσϐύτης,
811 2011 950 2082 πρὸς
996 2011 1182 2081 ἓτερον
1216 2014 1400 2083 σχῆμα
1431 2015 1525 2067 καὶ
1549 2015 1728 2086 ψυχῆς

127 2099 382 2154 διάθεσιν
416 2101 834 2173 μεθαρμοσθεὶς,
883 2103 1066 2173 ἕτερός
1101 2107 1213 2158 ἐστι
1251 2106 1530 2177 προδήλως
1577 2108 1726 2178 παρά

129 2191 260 2253 τοὺς
292 2193 618 2263 προτέρους.
661 2194 824 2246 ’Ὥστε
855 2194 943 2248 καὶ
969 2197 1001 2265 ἡ
1035 2196 1146 2266 ζωὴ
1174 2195 1282 2250 τῶν
1310 2197 1611 2269 ἀνθρώπων
1639 2199 1727 2254 διὰ

85 2319 88 2324 -
131 2282 352 2342 πολλῶν
386 2285 628 2338 θανάτων
665 2287 1112 2357 συμπληροῦσθαι
1161 2289 1420 2358 πέφυκεν,
1465 2292 1526 2343 οὐ
1567 2292 1726 2362 μόνον

129 2375 188 2432 ὲν
235 2379 308 2446 τῇ
343 2375 484 2429 κατά
509 2377 606 2440 τὰς
641 2377 1053 2448 μεθηλικιώσεις
1109 2379 1412 2450 μεταϐολῇ,
1465 2380 1600 2434 ἀλλὰ
1630 2381 1726 2436 καὶ

129 2467 188 2517 ἐν
229 2469 352 2529 τοῖς
402 2465 522 2522 καθ’
568 2467 839 2540 ἁμαρτίαν
870 2468 1123 2540 πτώμασι
1165 2471 1272 2523 τῶν
1313 2471 1518 2543 ψυχῶν.
1552 2475 1722 2527 Ὅπου

127 2557 186 2612 δὲ
237 2559 344 2611 οὐκ
403 2559 548 2612 ἔστιν
599 2559 882 2625 ἀλλοίωσις
923 2561 1046 2616 οὔτε
1080 2562 1328 2634 σώματος
1375 2564 1498 2618 οὔτε
1544 2566 1726 2638 ψυχῆς

133 2647 277 2716 (οὐδὲ
305 2651 416 2720 γάρ
450 2652 563 2704 ἐστι
597 2651 856 2722 λογισμοῦ
884 2656 1244 2727 παρατροπὴ,
1280 2658 1401 2712 οὐδὲ
1437 2659 1724 2730 μετάθεσις

127 2738 382 2811 γνώμης,
413 2740 668 2812 οὐδεμιᾶς
707 2745 1073 2815 περιστάσεως
1098 2747 1160 2799 τὸ
1190 2747 1448 2813 εὐσταθὲς
1476 2752 1567 2804 καὶ
1598 2752 1728 2806 ἀτά-

133 2849 302 2902 ραχον
335 2832 446 2887 τῶν
473 2835 748 2905 λογισμων
777 2837 1228 2910 ἀφαιρουμένης),
1261 2839 1411 2912 χώρα
1435 2845 1584 2897 ἐστὶν
1609 2843 1720 2918 (57)

127 2925 318 2997 ἐκείνη
362 2926 440 2997 τῷ
478 2928 592 2982 ὖντι
645 2927 894 2996 ζώντων,
945 2931 1147 3001 ὁμοίων
1187 2933 1354 2988 ὄντων
1407 2937 1496 2990 ἀεὶ¹
1542 2939 1721 2992 αὐτῶν

129 3018 363 3083 ἑαυτοῖς.
423 3022 508 3074 Ἐν
627 3022 860 3093 μάλιστα
907 3024 1292 3096 εὐαρεστήσειν
1340 3029 1419 3098 τῷ
1446 3028 1566 3100 Θεῷ
1609 3031 1720 3084 τῶν

129 3109 266 3162 ὅλων
313 3113 342 3164 ὁ
389 3113 672 3185 Προφήτης
715 3116 1234 3184 κατεπαγγέλλεται,
1273 3120 1348 3183 ὡς
1392 3121 1483 3172 ὑπ’
1509 3123 1720 3188 οὐδενὸς
1746 3167 1790 3224 C

136 3201 440 3224 --1‘.\_-,.__~
507 3204 562 3224 ιη·
613 3205 661 3224 ι.-
720 3207 744 3224 ε.
794 3223 797 3224 ,
853 3207 866 3224 ι
1010 3208 1035 3224 ι.
1208 3210 1221 3224 ι
1323 3211 1335 3224 .
1539 3213 1552 3224 .
1654 3214 1680 3224 -

133 3201 344 3270 μέλλων
374 3204 482 3258 τῶν
505 3204 700 3269 ἔξωθεν
716 3207 1097 3262 διακόπτεσθαι
1127 3210 1263 3282 πρὸς
1288 3211 1377 3264 τὸν
1395 3213 1595 3268 σκοπὸν
1619 3214 1719 3285 τῆς

128 3292 394 3364 ἀληθινῆς
418 3297 509 3348 καὶ
539 3296 800 3368 ὁμοτίμου
835 3300 945 3362 τοῖς
971 3299 1222 3368 ἀγγέλοις
1249 3301 1516 3366 δουλείας.
1543 3307 1718 3358 Φιλο-

129 3388 468 3457 τιμούμεθα,
498 3389 681 3459 φησιν,
707 3391 826 3444 εἴτε
845 3389 1246 3459 ἐνδημοῦντες
1281 3393 1338 3446 ὲν
1373 3393 1451 3464 τῷ
1483 3394 1718 3465 σώματι,

129 3477 248 3531 εἴτε
297 3478 700 3548 ἐκδημοῦντες
745 3481 854 3535 ἀπὸ
905 3481 998 3535 τοῦ
1053 3482 1302 3552 σώματος
1324 3523 1338 3548 ,
1391 3484 1718 3553 εὐάρεστοι

131 3571 290 3637 αὐτῷ
319 3569 494 3628 εἶναι.
537 3573 762 3628 Ζώντων
788 3574 965 3646 ὲκείνη
1005 3575 1176 3647 χώρα,
1208 3577 1264 3630 ὲν
1352 3577 1451 3630 οὐκ
1482 3577 1561 3632 ἔνι
1595 3578 1711 3643 νὺξ,

131 3661 229 3715 οὑκ
255 3662 334 3716 ἔνι
363 3663 528 3728 ὕπνος
551 3665 612 3717 τὺ
643 3665 736 3719 τοῦ
760 3665 984 3719 θανάτου
1025 3667 1248 3738 μίμημα
1273 3685 1286 3699 ·
1339 3669 1397 3720 ἐν
1497 3669 1596 3722 οὐκ
1631 3669 1710 3723 ἔνι

134 3751 358 3822 βρῶσις,
386 3755 486 3808 οὐκ
513 3753 592 3808 ἔνι
623 3756 801 3820 πόσις,
847 3756 914 3810 τά
936 3757 1034 3828 τῆς
1075 3757 1358 3823 ἀσθενείας
1406 3760 1562 3830 ήμῶν
1609 3760 1710 3813 ὑπ-

133 3845 451 3916 ερείσματα,
480 3849 578 3922 οῦκ
601 3845 676 3901 ἔνι
709 3847 881 3912 νόσος,
908 3849 1007 3901 οὐκ
1032 3848 1262 3921 ἔνιάλγή
1273 3867 1416 3922 ματα
1446 3851 1577 3920 (58),
1611 3851 1710 3904 οὐκ

136 3934 368 4007 ἰατρεία,
401 3937 460 3989 οὐ
489 3916 833 4008 δικαστήρια,
877 3938 977 3992 οὐκ
1009 3942 1288 4012 ἐμπορίαι,
1322 3943 1383 3996 οὐ
1413 3925 1616 4013 τέχναι,
1645 3943 1704 3995 οὐ

131 4029 406 4100 χρήματα,
455 4029 562 4083 τῶν
595 4031 780 4086 κακῶν
810 4031 842 4103 ή
890 4031 1050 4105 ἀρχὴ,
1080 4035 1112 4103 ἡ
1148 4033 1258 4088 τῶν
1291 4034 1540 4106 πολέμων
1575 4037 1706 4090 ὑπό-

1339 331 1632 392 ΗοΜιιιΑ
1670 337 1740 395 IN
1771 339 2104 402 PSALMUM
2143 349 2333 416 CXIX.

133 446 290 515 φανῇ
321 443 448 516 (55)
471 464 552 500 σοι
573 447 633 501 τὸ
653 449 966 521 λεγόμενον,
991 452 1128 506 ἀλλὰ
1153 455 1345 510 σκόπει
1371 459 1466 513 τοῦ
1494 464 1754 535 πράγμα-

131 553 232 600 τος
282 539 396 612 τὴν
453 537 732 611 ἀλήθειαν.
787 544 874 597 Ἐν
927 545 1076 618 τρισὶ
1128 547 1235 619 γὰρ
1269 550 1559 622 ἑϐδομάσιν
1610 555 1746 609 ἐτῶν

133 630 296 699 τρεῖς
331 631 671 700 ὑφίστασθαι
700 633 942 703 πέφυκεν
971 637 1284 704 ἀλλοιώσεις
1314 643 1407 694 καὶ
1442 646 1745 713 μεταϐολὰς

3319 370 3424 426 ἆ9ό

1778 471 1825 526 Α
1853 471 2008 528 dibus
2049 483 2160 532 tres
2204 480 2382 535 mtatis
2426 495 2490 537 ac
2537 483 2662 538 vitae
2707 485 3111 545 vicissitudines
3143 503 3207 544 ac
3243 501 3422 546 muta-

1849 565 2022 621 tiones
2076 571 2360 636 sustineat,
2403 589 2576 643 eoque
2626 591 2720 645 per
2773 579 3014 650 singulas
3057 581 3420 636 hebdomades

1846 659 2110 714 terminus
2147 665 2397 733 pr0prius
2441 670 2716 736 praeterita
2757 671 3178 737 circumscribit,
3207 683 3260 727 et
3299 691 3418 728 ma-

1844 747 2095 805 nifestam
2130 755 2348 810 exhibet
2389 761 2860 828 permutationem.
2903 761 3250 818 Terminatur
3281 765 3414 820 den-

1843 841 2035 894 titione
2062 852 2193 899 artas
2219 849 2368 914 pueri
2400 849 2546 903 circa
2576 852 2806 920 primam
2833 852 3250 910 hebdomadem.
3278 854 3417 912 Prae-

1841 929 2049 985 linitum
2103 943 2313 1005 tempus
2361 941 2518 1006 pueri
2547 943 2637 1010 qui
2675 942 2786 1012 jam
2827 943 2893 998 ad
2931 945 3248 1014 disciplinas
3293 950 3412 1002 ido-

1839 1038 1974 1076 neus
2020 1036 2125 1092 est,
2157 1027 2223 1080 ad
2271 1031 2608 1098 pubertatem
2656 1049 2826 1104 usque
2869 1038 3199 1092 extenditur.
3232 1039 3410 1096 Pubes

1837 1128 1978 1167 anno
2009 1115 2268 1172 vicesimo
2299 1121 2472 1188 primo
2498 1123 2818 1192 completus,
2853 1141 2972 1180 cum
3002 1126 3210 1182 scilicet
3235 1130 3408 1197 prima

1835 1214 2089 1283 lanugine
2130 1233 2296 1287 genas
2347 1219 2545 1272 vestire
2599 1229 2654 1273 et
2704 1219 3026 1274 adumbrare
3085 1222 3408 1290 incoeperit,

1835 1308 2034 1362 sensim
2065 1309 2280 1374 desiuit,
2311 1309 2650 1366 adolescente
2675 1311 2787 1380 jam
2821 1313 2876 1367 in
2911 1315 3085 1368 virum
3120 1324 3408 1371 transeun-

1835 1406 1908 1451 te.
1944 1396 2074 1450 Cum
2113 1397 2274 1466 igitur
2309 1399 2510 1454 videris
2552 1400 2724 1455 virum
2755 1403 2844 1471 qui
2881 1419 2978 1472 per
3019 1413 3231 1459 mtatcm
3280 1422 3403 1462 cre-

1831 1501 1984 1542 scere
2017 1497 2071 1544 et
2109 1491 2291 1558 augeri
2332 1491 2618 1556 destiterit,
2646 1493 2868 1563 jamque
2912 1495 3064 1549 lirma
3113 1497 3186 1550 sit
3229 1499 3401 1552 ratio-

1831 1577 2125 1646 cinatione,
2162 1593 2262 1634 nec
2305 1580 2472 1634 ullum
2522 1580 2824 1649 juventutis
2872 1585 3155 1654 vestigium
3195 1603 3303 1656 prm
3343 1604 3402 1642 se

1831 1667 1990 1731 ferat,
2019 1683 2086 1721 an
2131 1685 2234 1723 non
2276 1685 2338 1724 ea
2379 1686 2496 1739 qua:
2527 1672 2794 1740 prasterita
2828 1683 2974 1740 sunt,
3019 1675 3070 1729 in
3106 1677 3224 1746 ipso
3253 1693 3402 1732 mor-

1834 1767 1920 1814 tua
1967 1775 2088 1816 esse
2135 1762 2514 1818 existimabis?
2545 1763 2720 1819 Senex
2767 1781 2956 1821 rursus
2991 1769 3043 1822 in
3085 1769 3242 1824 aliam
3291 1770 3402 1825 lor-

1830 1864 1972 1902 mam
2014 1859 2068 1904 et
2108 1850 2159 1904 in
2192 1851 2354 1905 alium
2398 1855 2564 1908 animi
2603 1856 2850 1911 allectum
2882 1873 3196 1925 conversus,
3229 1862 3404 1915 maui-

1826 1937 1963 1994 feste
1993 1941 2132 1996 alius
2160 1951 2261 2010 est,
2295 1944 2338 1998 si
2366 1959 2488 2000 cum
2523 1947 2798 2014 prioribus
2830 1958 3192 2018 comparetur.
3221 1950 3400 2018 Quare

1828 2029 1935 2084 vita
1978 2031 2258 2086 hominum
2302 2050 2407 2090 non
2448 2035 2621 2090 solum
2662 2051 2784 2091 cum
2836 2048 2968 2094 tetas
3001 2049 3261 2108 mutatur,
3301 2043 3397 2097 sed

1825 2121 1988 2176 etiam
2014 2137 2136 2177 cum
2173 2124 2369 2179 animae
2403 2127 2457 2180 in
2499 2140 2780 2196 peccatum
2831 2130 3106 2196 labuntur,
3139 2147 3234 2201 per
3261 2133 3398 2186 mul-

1827 2221 1912 2268 tas
1953 2223 2162 2270 mortes
2203 2227 2392 2286 suapte
2445 2229 2636 2274 natura
2669 2220 2937 2290 expletur.
2988 2221 3087 2276 Ubi
3119 2237 3247 2277 vero
3291 2237 3396 2276 non

1824 2311 1906 2358 est
1936 2306 2288 2361 commutatio
2323 2322 2499 2376 neque
2545 2309 2794 2379 corporis
2839 2325 3014 2380 neque
3053 2310 3247 2365 animae
3276 2310 3396 2383 (ne-

1823 2409 1928 2462 que
1950 2397 2093 2450 enim
2120 2407 2200 2452 est
2229 2399 2455 2454 rationis
2483 2401 2722 2466 eversio,
2749 2411 2841 2456 aut
2868 2403 3150 2457 sententiae
3181 2417 3397 2472 permu-

1826 2489 1978 2556 tatio,
2018 2490 2062 2544 si
2110 2491 2410 2547 adversitas
2461 2492 2602 2546 nulla
2657 2493 2855 2549 mentis
2904 2495 3268 2549 constantiam
3329 2509 3394 2550 ac

1825 2583 2272 2653 tranquillitatem
2307 2585 2526 2654 aufert),
2563 2585 2652 2639 illa
2685 2595 2768 2641 est
2811 2602 2937 2642 vere
2979 2587 3273 2643 viventium
3304 2601 3392 2642 re-

1823 2677 1932 2746 gio,
1969 2677 2167 2746 quippe
2215 2677 2306 2746 qui
2345 2679 2446 2732 sibi
2497 2678 2630 2746 ipsis
2661 2693 2874 2748 semper
2909 2679 3018 2734 sint
3061 2679 3388 2736 consimiles.

1821 2765 1878 2819 In
1929 2781 2044 2835 qua
2081 2767 2456 2822 universorum
2504 2767 2616 2823 Deo
2659 2770 2894 2825 maxime
2943 2770 3388 2839 complaciturum

1821 2857 1984 2928 205
2023 2871 2082 2911 se
2119 2857 2401 2926 pollicetur
2449 2858 2739 2928 Propheta,
2769 2875 2890 2913 cum
2939 2859 3073 2914 nihil
3106 2869 3389 2916 externum

1823 2949 2202 3018 impediturum
2235 2949 2326 3012 sit,
2351 2951 2640 3019 quominus
2670 2965 2889 3019 sc0pum
2917 2965 3059 3006 verae
3088 2959 3142 3005 et
3169 2951 3389 3020 aequalis

1821 3055 1939 3094 cum
1991 3039 2198 3108 angelis
2245 3039 2522 3094 servitutis
2579 3049 2904 3108 assequatur
2939 3057 2951 3093 :
2989 3038 3382 3104 Contendimus,

1823 3125 2015 3196 inquit,
2050 3128 2154 3181 sive
2207 3138 2484 3195 prmsentes
2537 3129 2590 3182 in
2643 3142 2890 3199 corpore,
2925 3128 3029 3182 sive
3078 3143 3107 3182 a
3159 3143 3388 3198 corpore

1819 3219 2225 3288 peregrinantes,
2250 3219 2454 3287 placere
2479 3219 2555 3272 illi
2581 3219 2958 3275 ".Viventium
2989 3219 3075 3274 illa
3105 3229 3188 3275 est
3215 3219 3383 3291 regio,

1820 3310 1874 3365 in
1903 3323 2009 3379 qua
2037 3325 2142 3366 non
2168 3319 2254 3366 est.
2281 3327 2408 3378 nox,
2439 3327 2546 3366 non
2586 3321 2671 3366 est
2695 3327 2916 3368 somnus
2945 3312 3135 3366 mortis
3167 3311 3344 3381 imago
3369 3330 3381 3364 :

1819 3401 1874 3455 in
1904 3415 2010 3470 qua
2048 3415 2153 3456 non
2194 3409 2279 3456 est
2322 3403 2498 3470 cibus,
2531 3419 2635 3460 non
2687 3413 2770 3460 est
2815 3415 3002 3474 potus,
3053 3403 3385 3459 inﬁrmitatis

1816 3501 2016 3546 nostrai
2061 3491 2394 3562 lulcimenta,
2428 3511 2530 3550 non
2579 3505 2662 3551 est
2707 3497 2948 3563 morbus,
2979 3512 3082 3552 non
3129 3505 3253 3550 sunt
3286 3499 3382 3551 do-

1815 3584 1980 3650 lores,
2009 3600 2116 3640 non
2147 3587 2436 3650 medicina,
2464 3603 2568 3642 non
2598 3588 2738 3652 lora,
2771 3605 2873 3644 non
2905 3597 3241 3654 mercatura},
3276 3605 3379 3643 non

1817 3687 1986 3745 artes,
2008 3695 2118 3733 non
2137 3680 2403 3748 pecuniae,
2423 3681 2684 3735 malorum
2715 3681 3166 3750 origo,bellorum
3197 3697 3378 3746 causa,

1816 3767 2113 3824 inimicitiae
2161 3769 2316 3826 radix
2365 3787 2378 3824 :
2425 3772 2522 3826 sed
2575 3779 2656 3826 est
2702 3773 2852 3842 regio
2901 3773 3226 3836 viventium,
3276 3787 3378 3826 nOn

1817 3860 2162 3915 morientium
2193 3876 2291 3931 per
2319 3873 2622 3931 peccatum,
2649 3863 2742 3918 sed
2784 3879 2966 3918 veram
2998 3863 3161 3917 vitam
3194 3864 3378 3918 viven-

1815 3947 2046 4005 tiumiin
2092 3949 2308 4006 Christo
2347 3951 2494 4017 Jesu,
2541 3955 2628 4008 cui
2681 3955 2848 4026 gloria
2899 3965 2952 4008 et
3003 3954 3284 4024 imperium
3325 3955 3378 4008 in

1812 4042 2007 4096 saecula
2039 4044 2377 4101 saeculorum.
2418 4047 2609 4103 Amen.

135 4120 298 4187 θεσις,
331 4127 365 4196 ἡ
395 4125 518 4193 ῥίζα
561 4127 658 4197 τῆς
699 4125 918 4198 ἔχθραςο
955 4127 1092 4182 ἀλλὰ
1132 4130 1285 4202 χώρα
1332 4132 1568 4200 ζώντων,
1609 4136 1707 4187 οὐκ
1745 4137 2195 4209 ἀποθνησκόντων
2223 4141 2444 4213 διά,τῆς
2493 4145 2780 4216 ἁμαρτίας,
2817 4144 2951 4198 ἀλλά
3010 4142 3222 4208 ζώντων
3276 4144 3372 4214 τὴν

135 4217 302 4289 ἀληθῆ
337 4219 478 4291 ζωὴν
511 4221 609 4294 τὴν
651 4223 708 4276 ὲν
741 4222 962 4294 Χριστῷ
1007 4223 1180 4298 Ἰησοῦ
1226 4226 1335 4299 (39)
1358 4268 1372 4294 ,
1422 4221 1466 4296 ᾧ
1516 4231 1566 4304 ή-
1589 4228 1712 4297 δόξα
1757 4249 1850 4286 και
1877 4233 1936 4286 τὸ
1961 4234 2159 4306 κράτος
2185 4239 2266 4300 είς
2292 4237 2418 4302 τοὺς
2441 4239 2642 4302 αἰῶνας
2663 4239 2771 4295 τῶν
2801 4241 3032 4294 αἰώνων.
3077 4239 3264 4310 Ἀμήν.

202 4444 244 4475 ⁵¹
283 4443 322 4498 ll
351 4444 474 4502 Cor.
503 4461 558 4512 ν,
595 4449 662 4506 9..

137 4625 232 4681 ἀει
273 4626 415 4680 idem
445 4630 508 4714 ἐν.
525 4645 604 4714 Et}!
626 4627 816 4714 κόσμῳ
855 4629 1074 4714 ζώντες.
1106 4631 1698 4714 Παιοιιιίιιιιὰο-ειιιῃριε

1824 4638 2085 4714 §a_silium,
2116 4639 2160 4714 _si
2194 4638 2336 4714 talia”
2352 4641 2418 4694 de
2441 4639 2623 4714 pueris
2660 4655 2886 4714 narrare
2909 4640 3209 4714 statuisset,
3235 4658 3370 4714 προ-

135 4711 274 4757 esse,
301 4711 401 4820 ge;
431 4700 496 4750 ad
525 4698 1085 4769 Basiliumpertinere
1117 4713 1265 4774 patet.
1289 4721 1354 4762 ex
1381 4698 1704 4764 Praefatione

137 4781 282 4819 num.
387 4805 402 4819 .

137 4781 282 4819 num.
311 4781 402 4819 bl.

197 4837 308 4910 (ἒξ)
335 4835 474 4910 [ξος.
497 4837 692 4910 tertius
725 4841 950 4910 φανήτω
966 4857 1054 4910 ,σοι
1093 4843 1173 4896 τό.

202 4907 313 4980 (56)
345 4905 504 4980 Illud,
537 4905 765 4980 ὀδόντων
789 4905 1054 4980 ἀποϐολῇ,
1093 4915 1172 4967 sic
1205 4915 1438 4970 reddidit
1465 4917 1704 4971 Tilman-

137 4992 254 5055 nus,
280 4977 512 5055 dentium
575 4978 866 5055 dejectione
895 4996 913 5032 :
943 4977 1038 5055 sed
1079 4984 1206 5052 quid
1257 4986 1358 5040 hac
1389 5002 1521 5042 voce
1557 4988 1706 5055 abje-

139 5050 301 5100 ctione
333 5046 690 5125 intellexerit,
713 5063 802 5125 _ex_
837 5065 923 5113 eo,
965 5050 1010 5103 si
1047 5046 1273 5125 viveret,
1305 5055 1532 5110 libenter
1556 5046 1702 5125 quaa-

139 5132 328 5196 rerem.
363 5116 573 5196 Etenim
619 5119 981 5196 amissionem
1013 5129 1080 5196 _e_t
1134 5116 1423 5196 iacturam,
1458 5116 1586 5196 qua!
1620 5138 1704 5182 est

139 5188 346 5263 propria
373 5196 428 5239 et
455 5189 634 5263 nativa
660 5190 807 5242 vocis
839 5189 1078 5263 ἀποϐολή
1119 5188 1488 5263 signiﬁcatio;
1507 5197 1550 5250 si
1604 5213 1699 5250 ex-

137 5257 368 5334 primere
399 5255 588 5334 voluit,
621 5271 812 5334 sopore
831 5261 988 5334 gravi
1014 5255 1294 5334 correptus
1313 5255 1478 5319 fuisse
1505 5275 1696 5334 putan-

138 5325 228 5378 ilus
261 5335 366 5388 est,
391 5325 436 5377 si
469 5339 536 5378 ex
560 5325 875 5381 suis'verhis
900 5325 1222 5384 sententiain
1251 5325 1533 5388 absurdam
1555 5335 1688 5390 ellici

139 5411 236 5448 non
266 5396 689 5466 animadvertit.
723 5397 1014 5452 Cornarius
1046 5415 1195 5466 vero,
1233 5413 1287 5456 ut
1337 5406 1438 5458 hoc
1483 5405 1688 5459 incom-

137 5465 274 5540 uiodi
330 5467 553 5540 vitaret,
588 5465 930 5540 interpretari
972 5465 1197 5540 maluit,
1235 5473 1466 5526 dentium
1519 5477 1686 5540 iactu,

143 5535 230 5588 hoc
271 5543 374 5598 est,
400 5535 645 5606 dentium
674 5547 815 5598 ortu,
839 5539 1149 5592 demitione.
1186 5541 1388 5606 Quibus
1411 5559 1478 5596 ex
1507 5535 1688 5599 verbis

151 5604 536 5681 Iptalnquidem
564 5607 890 5681 sententiam
914 5607 1071 5681 (allici,
1095 5604 1499 5681 nemo,0piuor,
1528 5614 1692 5668 homo

141 5676 347 5741 .icgabit
385 5675 888 5755 :.se.d,nni.s‘iuvalde
925 5677 1104 5755 fallor,
1144 5681 1250 5755 vim
1280 5675 1696 5755 νοεῖς-ἀποϐολῇ

141 5759 238 5798 ιιυιι
269 5743 527 5814 exprimi,
555 5743 812 5802 facillime
840 5760 1028 5804 omnes
1066 5747 1398 5808 fatebuntur.
1427 5752 1563 5809 Puto
1589 5743 1690 5814 ego

1807 4709 1935 4782 ϐολῇ
1967 4725 2069 4782 non
2105 4709 2343 4782 ἀποϐολῇ
2371 4711 2700 4779 scripturum
2733 4710 2918 4782 fuisse.
2951 4711 3078 4782 Sed,
3104 4722 3160 4764 ut
3186 4709 3370 4765 verum

1808 4781 2008 4842 dicam,
2034 4780 2148 4834 hanc
2174 4789 2227 4832 et
2257 4780 2364 4834 alia
2407 4795 2512 4850 non
2551 4796 2720 4849 pauca
2749 4781 3038 4834 Basilianis
3067 4781 3248 4850 inepte
3275 4797 3370 4834 an-

1807 4863 1944 4902 nexa
1983 4864 2118 4920 iesse
2174 4851 2438 4917 suspicor.
2471 4849 2610 4920 Lege
2663 4849 3170 4904 Prmlationem.-—’
3197 4852 3366 4906 Stabit

1806 4930 1952 4990 certe
1981 4919 2142 4988 hujus
2165 4919 2264 4990 loci
2306 4919 2593 4984 αὐθεντία,
2625 4921 2727 4976 nisi
2774 4921 3019 4974 validiori
3055 4930 3368 4990 argumento

1805 4989 2171 5058 impugnetur.
2206 4989 2340 5044 Mire
2372 4993 2513 5043 enim
2562 4991 2616 5043 in
2677 4993 2915 5044 auctoris
2945 4989 3368 5046 nostri’seuten-

1809 5059 1938 5132 tiam
1970 5059 2198 5132 quadrat
2225 5073 2325 5112 vox
2359 5060 2618 5132 ἀποϐολή,
2657 5061 2922 5132 siquidem
2963 5075 3150 5114 revera
3190 5063 3371 5114 termi-

1804 5129 1966 5199 ἠοίην·
1987 5129 2203 5197 puerilis
2235 5139 2361 5199 retas
2387 5129 2736 5199 (primorum)
2765 5131 2994 5182 dentium
3024 5145 3370 5196 ABJECTIONE,

1801 5198 1940 5250 circa
1967 5202 2190 5264 primum
2229 5197 2625 5253 hebdomadam.
2665 5197 2819 5254 Ent'r.
2853 5199 3088 5254 ΡΑΤΙιοι..

1870 5267 1981 5340 (ξῖ)
2013 5269 2094 5340 ita
2115 5279 2237 5340 octo
2263 5284 2393 5323 mss.
2431 5273 2499 5340 At
2528 5270 2656 5324 editi
2687 5268 2840 5340 χώρα
2868 5271 3016 5322 ἐστὶν
3045 5272 3176 5324 ἐκεῖ.
3233 5339 3239 5340 ί
3383 5299 3390 5314 ι

1871 5337 1983 5406 (58)
2005 5337 2155 5410 ρΙῙν.
2191 5337 2434 5410 ἄλγημα.
2466 5339 2608 5393 Editi
2651 5337 2783 5392 cum
2809 5341 2993 5394 multis
3013 5357 3162 5410 imss.
3194 5339 3366 5410 ἀλγή-

1801 5423 1966 5480 ματα.
1999 5407 2191 5461 Statim
2238 5407 2386 5462 Colb.
2424 5419 2609 5464 sextus
2662 5410 2952 5480 ὲμπορεῖα.
3000 5409 3140 5467 Oliv.
3191 5407 3365 5480 ἐμπά-

1799 5477 1907 5546 pia.

1830 5546 1979 5620 ;(§9)
2011 5543 2160 5620 _Oliv.
2213 5555 2266 5600 et
2299 5547 2402 5620 alii
2459 5557 2567 5603 tres
2616 5563 2747 5602 mss.
2812 5545 2987 5620 Ἰησοῦ
3033 5547 3120 5620 τῷ
3178 5549 3368 5620 Κυρίῳ

1795 5616 1972 5686 ἡμῶν.
2011 5616 2140 5670 Illud
2171 5617 2313 5684 quod
2347 5633 2470 5672 mox
2518 5620 2783 5685 sequitur,
2821 5616 2928 5670 τῶν
2953 5616 3189 5683 αἰώνων,
3216 5616 3362 5674 (ἰόεθί

1795 5687 2010 5753 quidem
2047 5689 2100 5739 in
2127 5689 2286 5741 editis
2321 5689 2443 5740 etin
2471 5702 2576 5741 uno
2607 5697 2699 5744 aut
2721 5689 2890 5744 altero
2921 5691 3106 5745 codice
3140 5705 3154 5741 :
3189 5691 3280 5744 sed
3311 5692 3364 5742 in

1798 5757 1981 5812 multis
2011 5757 2129 5812 aliis
2158 5772 2288 5813 mss.
2313 5758 2598 5814 reperitur.
