3836 6222
399 304 505 360 495
1752 300 1809 357 S.
1850 301 1914 357 ΒΔ

2153 297 2340 356 IAGNI
3575 295 3668 348 ιςε

409 459 3659 494 mm

1721 640 2343 733 MONITUM.

473 956 634 1028 205
676 958 727 1011 1.
774 954 954 1010 Basilii
999 955 1054 1009 in
1092 955 1414 1011 Eunomium
1459 955 1630 1011 libros
1671 955 1977 1025 antiquitus
2005 954 2391 1011 celeberrimos
2424 954 2610 1019 fuisse,
2645 956 2870 1023 nemini,
2902 957 2993 1026 qui
3026 960 3242 1028 paulum
3285 958 3461 1013 modo
3488 973 3677 1014 versa-

403 1067 491 1110 tus
526 1057 598 1110 sit
634 1057 686 1109 in
722 1056 824 1109 hoc
858 1053 1161 1108 litterarum
1193 1062 1416 1117 genere,
1447 1048 1689 1116 ignotum
1724 1056 1828 1101 est.
1859 1045 2069 1099 Passim
2105 1047 2251 1099 enim
2288 1046 2597 1111 laudantur,
2621 1047 2820 1117 passim
2848 1052 3299 1105 commendantur
3338 1052 3494 1119 apud
3542 1055 3678 1107 anti-

399 1161 555 1216 quos.
606 1144 809 1201 Horum
872 1142 1119 1197 meminit
1168 1139 1530 1209 Hieronymus
1574 1135 1708 1207 (40).
1764 1136 2177 1202 Amphilochius
2215 1136 2773 1207 (41),‘Theodoretus
2824 1139 2958 1209 (42).
3016 1142 3308 1195 concilium
3367 1142 3679 1197 Chalcedo-

399 1255 568 1296 nense
598 1240 732 1310 (45),
766 1238 1024 1294 Leontius
1071 1234 1400 1306 Byzantinus
1434 1230 1571 1303 (44),
1610 1232 1906 1297 imperator

2162 1246 2296 1285 anus
2334 1230 2472 1302 (45),
2513 1230 2829 1302 Εριιηεηιυδ
2866 1233 3249 1289 Antiochensis
3296 1237 3446 1305 (46),
3486 1247 3547 1291 et.
3591 1237 3677 1290 alii

398 1334 579 1397 multi,
609 1348 743 1403 quos
780 1332 998 1401 longum
1034 1337 1182 1383 esset
1212 1339 1496 1381 recensere
1530 1337 1737 1377 omnes.
1773 1320 1885 1375 lmo
1919 1323 2229 1377 eorumdem
2263 1325 2595 1377 mentionem
2630 1323 2825 1379 fecisse
2859 1326 3072 1382 videtur
3100 1327 3335 1383 Basilius
3370 1329 3514 1397 ipse.
3546 1328 3679 1383 Cum

399 1430 543 1482 enim
599 1428 911 1482 rescivisset
938 1430 1247 1495 suspectum
1283 1434 1340 1475 se
1376 1418 1568 1473 haberi
1601 1416 1960 1489 quorumdam
2007 1432 2256 1473 errorum
2292 1418 2360 1473 ab
2390 1419 2690 1474 Athanasio
2734 1409 3153 1491 Ancyranohel
3185 1421 3370 1488 potius
3413 1437 3481 1475 se
3514 1420 3589 1474 ab
3618 1436 3680 1475 eo

400 1530 587 1587 aperte
628 1522 809 1590 argui;
848 1519 1211 1585 suSpicionem
1247 1518 1596 1581 immeritam,
1642 1530 1710 1569 ne
1747 1514 1921 1569 dicam
1971 1514 2319 1570 falsissimam
2365 1518 2824 1584 criminationem,
2862 1519 3019 1590 longe
3060 1521 3129 1573 ab
3178 1535 3237 1575 se
3279 1529 3564 1584 removet,
3598 1522 3681 1573 bis

398 1618 577 1673 verbis
600 1635 615 1673 :
640 1620 713 1671 Οὐ
747 1618 855 1689 γὰρ
880 1616 943 1687 δὴ
967 1618 1077 1678 τοῖς
1090 1614 1495 1686 γεγραμμένοις
1527 1613 1615 1682 ὑφ’
1648 1610 1805 1682 ἡμῶν
1836 1610 1970 1684 πρὸς
1983 1611 2108 1673 τοὺς
2126 1611 2378 1680 ἀνόμοιον
2402 1612 2521 1664 κατ’
2538 1611 2721 1665 οὐσίαν
2738 1613 3114 1684 τολμήσαντας
3130 1616 3305 1666 εἰπεῖν
3323 1614 3422 1666 τὸν
3441 1615 3581 1667 Υξὸν
3592 1614 3681 1667 καὶ

398 1712 529 1763 Θεὸν
564 1710 639 1780 τῷ
666 1710 785 1780 Θεῷ
818 1710 913 1762 καὶ
940 1707 1138 1779 Has-pl,
1161 1706 1194 1776 ἢ
1219 1705 1355 1775 πρὸς
1388 1704 1514 1766 τοὺς
1543 1701 1751 1780 κτῑςςμα
1784 1701 1879 1753 καὶ
1910 1700 2123 1770 ποίημα
2153 1697 2297 1755 εἶναι
2329 1703 2389 1756 τὸ
2418 1702 2642 1775 Πνεῦμα
2666 1704 2725 1756 τὸ
2773 1704 2926 1774 ἅγιον
2972 1705 3509 1777 βλασφημήσαντας,
3553 1708 3681 1759 ταύ-

399 1823 498 1875 την
525 1804 590 1857 ἂν
613 1776 939 1872 -ὲπενεγκεῖν
1100 1800 1368 1871 λοιδορίαν
1407 1776 1661 1867 ἡνέσχουξ
1696 1797 1724 1848 ὁ
1760 1796 1884 1859 τοὺς
1924 1796 2191 1866 μεγάλους
2220 1796 2413 1861 ἄθλους
2443 1799 2683 1861 ἐκείνους
2713 1800 2805 1852 καὶ
2829 1801 3184 1872 περιϐοήτους
3213 1802 3357 1873 ὑπὲρ
3394 1803 3503 1872 τῆς
3524 1802 3683 1873 ὀρθο-

398 1902 575 1967 δοξίας
600 1895 908 1967 διενεγκών.
956 1894 1079 1949 Νοη
1107 1896 1243 1949 enim
1281 1894 1342 1947 ob
1373 1907 1433 1945 ea
1463 1907 1578 1960 qute
1608 1908 1639 1942 a
1676 1890 1822 1943 nobis
1852 1906 1913 1943 sc:

2162 1902 2201 1944 tt
2236 1892 2484 1947 adversus
2517 1909 2605 1948 eos
2644 1896 2732 1965 qui
2765 1893 2966 1948 Filium
2994 1906 3043 1951 et
3080 1896 3245 1951 Deum
3277 1898 3393 1951 Deo
3430 1907 3485 1950 et
3519 1898 3677 1951 Patri

395 2001 680 2054 secundum
715 1999 1066 2053 substantiam
1104 1990 1419 2061 ina’qualem
1460 1989 1631 2042 dicere
1674 1990 1790 2041 ausi
1833 1996 1979 2053 sunt,
2013 1996 2106 2041 aut
2146 1990 2396 2045 adversus
2446 2007 2534 2045 eos
2563 1993 2654 2062 qui
2689 1980 3223 2061 Spiritumsanctum
3272 2001 3590 2046 creaturam
3627 2000 3677 2045 et

397 2091 663 2159 opiﬁcium
700 2106 811 2145 esse
849 2089 1143 2156 blaspltemo
1174 2103 1262 2141 ore
1297 2088 1610 2150 docuerunt,
1641 2086 1961 2138 calumniam
1988 2086 2170 2153 ;istam
2216 2086 2413 2155 inferre
2460 2086 2728 2150 voluisses,
2758 2097 2815 2139 tu
2844 2086 2935 2156 qui
2973 2103 3161 2157 magna
3199 2087 3299 2140 illa
3339 2102 3409 2139 ac
3445 2086 3673 2140 celebria

399 2188 687 2240 certamina
711 2202 807 2255 pro
836 2195 979 2239 recta
1003 2185 1110 2254 ﬁde
1135 2180 1425 2250 pertulisti.
1461 2178 1669 2246 Quibus
1702 2179 1906 2246 verbis,
1941 2189 2001 2235 ut
2033 2180 2163 2235 mihi
2196 2182 2414 2251 quidem
2444 2182 2680 2245 videtur,
2706 2180 2938 2237 Basilius
2962 2179 3073 2252 (47)
3107 2194 3204 2238 eos
3230 2192 3374 2248 quos
3407 2181 3675 2235 adversus

398 2276 720 2331 Eunmnium
757 2274 1052 2342 scripserat
1078 2274 1249 2329 libros
1282 2282 1391 2327 tam
1422 2272 1569 2327 clare
1598 2271 1864 2342 designat,
1894 2281 1952 2326 ut
1980 2272 2126 2342 ipsos
2163 2281 2373 2327 tantum
2403 2288 2510 2327 non
2543 2274 2828 2328 nominare
2857 2273 3125 2328 videatur.

466 2372 521 2425 2.
563 2372 792 2425 Causam
843 2378 1019 2424 autem
1062 2384 1160 2424 cur
1202 2370 1368 2425 libros
1412 2368 1533 2424 illos
1563 2368 1930 2436 composuerit
1961 2367 2217 2433 Basilius,
2242 2383 2364 2423 eum
2394 2382 2552 2422 nemo
2586 2368 2805 2423 melius
2827 2368 3039 2423 noverit
3072 2378 3233 2435 quam
3269 2362 3415 2433 ipse,
3454 2377 3581 2417 eum
3612 2375 3671 2416 ea

398 2466 467 2517 de
503 2478 559 2518 re
595 2464 901 2533 loquentem
933 2458 1121 2515 audire
1159 2468 1398 2529 praestat.
1442 2460 1618 2515 Verba
1668 2459 1836 2529 igitur
1869 2460 2011 2515 illius
2057 2460 2171 2515 haec
2215 2469 2341 2516 sunt
2385 2475 2534 2514 num.
2573 2458 2656 2513 2:
2694 2459 2799 2514 Sed
2824 2458 2965 2529 jam,
2998 2461 3192 2528 inquit,
3220 2458 3292 2511 ad
3334 2456 3670 2522 urguendum

397 2555 668 2619 accedam,
698 2570 762 2607 ex
806 2555 919 2617 ipsa
964 2553 1303 2620 inscriptione
1353 2567 1563 2605 sumens
1605 2550 1907 2605 exordium.
1944 2551 2159 2605 Primus
2212 2551 2351 2605 enim
2395 2553 2629 2605 omnium
2670 2550 2844 2615 dolus,
2882 2550 2965 2603 hic
3011 2547 3101 2600 ille
3138 2542 3563 2615 ei4excogitatus
3602 2549 3673 2592 est

399 2649 606 2701 dicendi
641 2647 848 2709 modus,
882 2655 939 2699 ut
969 2648 1025 2699 in
1058 2645 1277 2716 speciem
1318 2642 1576 2711 apologitt'
1620 2657 1682 2694 ac
1728 2641 2047 2710 defensionis
2091 2642 2384 2714 doctrinam
2427 2658 2582 2695 suam
2612 2640 2979 2710 composuerit,
3006 2655 3067 2692 ne
3097 2636 3235 2691 velut
3269 2648 3562 2704 aggressor
3596 2632 3672 2684 ri-

398 2744 587 2794 deatur
614 2742 860 2810 dogmata
891 2741 1052 2808 impia
1083 2755 1361 2807 exponere,
1395 2739 1483 2791 sed
1515 2747 1726 2791 coactus
1767 2738 1836 2790 ad
1879 2738 1973 2791 hos
2006 2753 2270 2790 sermones
2310 2737 2599 2791 devenisse.
2637 2736 2889 2806 Cupiebat
2926 2732 3134 2803 quidem
3168 2729 3315 2781 omni
3356 2727 3521 2779 modo
3550 2740 3674 2792 pra-

400 2849 517 2885 eum
546 2832 676 2884 illud
710 2849 771 2883 ac
800 2832 1020 2900 impium
1055 2831 1243 2899 dogma
1272 2827 1647 2897 promulgare;
1681 2838 1730 2881 et
1762 2844 1918 2897 quam
1966 2828 2090 2881 olim
2137 2838 2441 2891 conceperat
2484 2845 2546 2881 ac
2590 2838 2863 2898 pepererat
2899 2822 3299 2891 blasphemiam,
3335 2819 3586 2888 proferre
3622 2818 3672 2868 in

400 2925 627 2978 medium
660 2940 677 2977 :
709 2923 797 2977 sed
838 2921 1040 2976 uidebat
1071 2922 1207 2991 fore,
1240 2931 1292 2971 ut
1329 2920 1375 2973 si
1413 2931 1591 2990 aperte
1626 2920 1857 2972 doctoris
1889 2917 2058 2971 locum
2097 2919 2367 2985 arriperet,
2394 2930 2740 2990 prwterquam
2769 2919 2908 2987 quod
2937 2919 2991 2971 id
3018 2932 3176 2988 grave
3204 2915 3505 2968 admodum
3543 2922 3670 2966 esset

400 3037 462 3074 ac
493 3020 770 3073 molestum
802 3019 1159 3081 audientibus,
1183 3024 1438 3086 pra'terea
1461 3032 1515 3069 se
1548 3017 1703 3069 etiam
1746 3014 1849 3083 [ide
1874 3014 2150 3083 indignant
2186 3029 2248 3068 ac
2288 3026 2584 3082 suspectum
2615 3017 2756 3086 apud
2793 3015 3065 3087 plerosque
3102 3015 3368 3076 redderet,
3396 3012 3495 3081 qui
3528 3010 3671 3063 cide-

398 3121 517 3175 lt’cet
549 3120 733 3191 gloria:
763 3121 1052 3187 cupiditate
1082 3133 1359 3187 aggressus
1395 3126 1525 3170 esset
1575 3117 1847 3171 innovare.
1883 3115 1983 3171 Sin
2021 3127 2195 3169 autem
2227 3116 2479 3171 simulata
2518 3119 2763 3190 apologia
2792 3115 2945 3172 verba
2980 3111 3195 3180 [πετεῦ
3225 3116 3273 3158 ει
3311 3102 3669 3157 mmmam“

398 3227 452 3262 se
479 3211 826 3280 suspicionem
871 3226 1144 3266 evasurum
1187 3214 1429 3281 putabat,
1462 3223 1509 3266 et
1549 3213 1646 3265 hoc
1681 3223 1837 3282 pacto
1879 3214 2152 3267 auditores
2200 3216 2367 3284 magis
2422 3214 2760 3280 allecturum,
2790 3231 2908 3268 cum
2951 3210 3153 3266 soleant
3202 3201 3450 3257 homines
3493 3211 3669 3251 omne!

398 3310 581 3368 suaple
616 3311 808 3356 natura
843 3302 1099 3357 lacessitis
1124 3304 1319 3372 favere.
1361 3303 1524 3358 Plura
1556 3305 1648 3373 qui
1695 3304 1860 3371 volet,
1894 3319 2179 3360 numerum
2226 3308 2522 3361 secundum
2558 3324 2663 3378 quo
2693 3307 2922 3363 Basilius
2957 3300 3154 3359 malam
3184 3291 3452 3350 Eunomii
3494 3298 3665 3345 πίειε

401 3392 519 3445 fuse
546 3394 806 3463 exagitat,
839 3394 1016 3464 legere
1042 3394 1258 3464 poterit.

470 3482 523 3535 5.
564 3483 640 3536 De
671 3496 911 3555 tempore
942 3495 1120 3542 autem
1158 3502 1266 3556 quo
1294 3487 1369 3542 illi
1400 3487 1521 3543 libri
1553 3489 1848 3559 conscripti
1875 3490 1985 3545 sint
2011 3505 2041 3545 a
2078 3490 2298 3555 Basilio,
2332 3491 2466 3546 nihil
2502 3491 2644 3546 aliud
2675 3491 2855 3547 dicere
2884 3490 3165 3552 habemus,
3198 3485 3303 3539 nisi
3345 3481 3499 3553 quod
3536 3494 3663 3535 con-

398 3572 573 3629 lectos
600 3590 721 3631 esse
750 3592 843 3633 eos
872 3577 939 3631 ab
966 3579 1082 3647 ipso
1111 3588 1325 3635 constet
1352 3590 1479 3634 ante
1502 3582 1897 3651 episcopatum,
1935 3583 1979 3636 si
2006 3582 2167 3638 modo
2190 3581 2385 3639 Photio
2407 3585 2628 3639 credere
2654 3583 2901 3638 velimus.
2935 3582 3120 3637 ltel’ert
3148 3580 3295 3633 enim
3328 3574 3664 3646 olympiades

399 3666 597 3722 multas
623 3667 973 3739 insumpsisse
1000 3670 1319 3725 Eunomiutn
1354 3671 1407 3726 in
1439 3672 1508 3727 iis
1532 3672 1899 3733 confutandis,
1924 3672 2181 3743 illamque
2201 3688 2353 3729 suam
2384 3675 2798 3744 responsionem
2835 3675 3018 3728 statim
3050 3681 3172 3742 post
3202 3669 3393 3723 Basilii
3430 3675 3662 3721 mortem

394 3766 786 3837 promulgasse.
820 3766 944 3822 Haec
986 3778 1165 3823 autem
1218 3784 1558 3840 nequaquam
1598 3770 1715 3825 ﬁeri
1764 3770 2087 3841 potuissent,
2120 3769 2224 3825 nisi
2272 3787 2407 3842 opus
2450 3786 2605 3827 suum
2644 3771 2877 3826 Basilius
2917 3771 2967 3823 in
3009 3771 3184 3824 lucem
3219 3766 3493 3821 edidisset
3539 3770 3664 3815 ante

394 3861 758 3930 episcopatum
791 3877 804 3913 :
838 3876 998 3930 quem
1028 3866 1212 3922 multis
1244 3867 1641 3937 olympiadibus
1669 3868 1977 3923 breviorem
2020 3866 2188 3922 fuisse
2218 3880 2408 3922 omnes
2445 3864 2790 3921 confitentur.
2824 3862 3050 3918 Accedit
3094 3861 3281 3923 etiam,
3311 3858 3462 3925 quod
3511 3856 3661 3908 Basi-

396 3956 517 4017 lius,
548 3963 607 4009 ut
639 3972 704 4011 ex
740 3955 894 4012 initio
923 3958 1045 4014 libri
1078 3962 1237 4028 primi
1274 3972 1441 4033 patet,
1474 3963 1738 4019 nihildum
1788 3962 2086 4032 scripserat
2126 3963 2391 4017 adversus
2424 3959 2710 4016 haereticos
2743 3968 2875 4024 tum,
2913 3973 3035 4012 eum
3068 3956 3426 4011 Eunomiante
3464 3949 3661 4007 haeresi

395 4047 741 4119 proﬂigandae
771 4065 991 4121 Operam
1038 4055 1278 4111 navavit.
1311 4056 1464 4123 Quod
1496 4066 1816 4129 argumento
1853 4065 1956 4125 est,
1986 4072 2133 4125 eum,
2165 4073 2289 4114 cum
2335 4064 2484 4111 esset
2512 4056 2715 4124 junior,
2747 4055 2848 4109 hoc
2882 4054 3062 4124 operis
3110 4051 3438 4121 suscepisse.
3480 4049 3661 4114 Quan-

393 4159 556 4211 quam
601 4152 805 4209 autem,
839 4154 896 4199 ut
945 4147 1061 4216 ipse
1114 4150 1208 4214 ait,
1237 4150 1291 4205 in
1336 4152 1439 4206 hoc
1486 4152 1755 4207 scribendi
1797 4166 1996 4222 genere
2028 4153 2423 4208 inexercitatus
2453 4160 2595 4217 erat,
2624 4165 2690 4205 eo
2722 4159 2900 4205 tamen
2930 4166 3184 4207 successu
3216 4167 3329 4205 rem
3361 4150 3562 4220 gessit,
3590 4158 3661 4211 ut,

396 4240 502 4294 nisi
550 4241 966 4297 inexercitatum
1009 4257 1068 4299 se
1113 4248 1439 4314 monuisset,
1484 4249 1995 4304 exercitatissimum
2053 4264 2175 4305 eum
2228 4250 2281 4304 in
2340 4249 2677 4304 debellandis
2728 4248 2998 4304 hmreticis
3046 4258 3207 4319 atque
3250 4246 3663 4317 paratissimum

395 4333 562 4388 fuisse
615 4334 787 4389 dicas.
834 4333 978 4389 Nihil
1004 4336 1168 4402 {enim
1222 4350 1385 4404 opere
1425 4336 1608 4391 Basilii
1657 4337 1909 4407 solidius,
1949 4339 2085 4394 nihil
2134 4338 2456 4404 absolutius,
2493 4338 2846 4409 nihil§magis
2897 4337 3151 4393 idoneum
3198 4337 3266 4392 ad
3316 4338 3662 4391 divinitatem

398 4426 562 4482 Verbi
600 4438 655 4483 et
698 4428 933 4499 Spiritus
979 4432 1174 4496 sancti,
1210 4447 1372 4501 quam
1406 4432 1706 4489 Eunomius
1756 4433 2130 4504 impugnabat,
2166 4434 2651 4504 comprobandam.
2687 4432 2802 4502 Ipsa
2843 4430 3098 4488 Eunomii
3126 4432 3308 4498 verba,
3343 4446 3451 4500 quo
3490 4428 3663 4497 magis

394 4522 511 4590 ejus
548 4537 762 4578 errores
810 4524 1237 4593 inualescerent,
1277 4524 1559 4584 referenda
1608 4542 1727 4583 esse
1778 4530 1991 4584 censuit
2032 4528 2196 4583 Pater
2229 4529 2625 4599 gravissimus;
2676 4537 2841 4599 atque
2893 4528 2999 4583 hoc
3052 4537 3212 4597 pacto
3266 4526 3384 4593 ejus
3431 4527 3659 4583 audacia

397 4618 785 4689 temeritasque
831 4620 905 4674 ita
947 4635 1190 4689 repressa
1230 4630 1333 4687 est,
1369 4632 1429 4677 ut
1458 4624 1867 4692 responsionem
1905 4639 2080 4689 suam,
2110 4625 2287 4693 quoad
2319 4623 2553 4679 Basilius
2583 4622 2740 4685 vixit,
2773 4621 3055 4691 publicare
3084 4636 3250 4676 ausus
3280 4636 3387 4674 non
3421 4622 3523 4676 sit.
3559 4620 3658 4676 Sed

394 4709 575 4763 statim
620 4718 781 4780 atque
826 4721 1072 4767 mortuus
1113 4721 1197 4769 est
1241 4714 1323 4768 vir
1363 4716 1771 4780 sanctissimus,
1822 4716 2020 4786 impius
2066 4717 2159 4772 ille
2203 4731 2339 4786 quos
2370 4717 2457 4771 diu
2494 4723 2892 4785 praeparaverat
2925 4715 3091 4770 libros
3126 4716 3177 4769 in
3213 4714 3389 4769 lucem
3418 4715 3656 4769 edendos

394 4806 628 4860 curavit.
660 4805 947 4875 Sperabat,
985 4808 1088 4863 nisi
1129 4810 1284 4864 valde
1316 4809 1500 4878 fallor,
1532 4828 1637 4866 non
1687 4823 1958 4881 repertum
1992 4812 2056 4867 iri
2084 4811 2175 4882 qui
2223 4812 2421 4866 mortui
2458 4810 2823 4866 defensionem
2876 4809 3181 4878 susciperet
3212 4827 3227 4863 :
3261 4812 3357 4863 sed
3398 4822 3501 4861 sua
3536 4821 3654 4861 eum

392 4916 517 4970 spes
555 4901 766 4957 fefellit.
808 4902 942 4957 Nam
994 4914 1192 4974 printer
1242 4906 1562 4975 Gregorium
1612 4906 1938 4979 Nyssenum,
1970 4908 2126 4977 cujus
2175 4908 2473 4963 etiamnum
2524 4915 2740 4962 exstant
2786 4905 2932 4972 libri,
2964 4904 3283 4961 Theodorus
3316 4904 3654 4974 Mopsueste—

392 5012 495 5051 nus
524 4997 637 5069 (48)
673 5008 835 5068 atque
882 4997 1219 5068 Sophronias
1266 5000 1448 5056 Basilii
1482 5003 1616 5074 (49),
1656 5013 1769 5070 aut,
1802 5014 1860 5059 ttt
1912 5004 2104 5059 melius
2153 5005 2355 5067 dicam,
2391 5002 2551 5058 Verbi
2600 5003 2771 5071 ipsius
2819 5010 2875 5057 et
2923 4999 3159 5069 Spiritus
3207 5001 3384 5055 sancti
3433 5015 3653 5054 causam

391 5092 565 5159 egisse
599 5099 988 5147 memorantur.

462 5188 517 5240 4.
562 5185 840 5240 Traditum
881 5187 1100 5257 quidem
1149 5196 1236 5245 est
1276 5191 1344 5247 ab
1394 5192 1633 5263 antiquis
1681 5193 1886 5264 aliquot
1919 5195 1973 5248 in
2013 5193 2334 5248 Euuomium
2385 5192 2552 5247 libros
2596 5206 2627 5245 a
2676 5189 2875 5247 Basilio
2924 5190 3267 5256 conscriptos
3309 5189 3480 5243 fuisse
3514 5207 3531 5241 :
3565 5187 3651 5242 sed

394 5285 527 5347 quot
550 5279 941 5347 composuerit,
976 5289 1087 5335 tres
1118 5295 1184 5335 an
1214 5282 1473 5353 quinque,
1505 5299 1571 5340 ex
1606 5285 1810 5342 eisdem
1843 5295 1992 5342 certo
2025 5286 2278 5356 cognosci
2310 5300 2417 5339 non
2451 5292 2651 5354 potest.
2682 5281 2835 5348 Quod
2865 5281 2907 5337 si
2946 5282 3109 5353 206
3130 5281 3388 5335 librorum
3438 5282 3653 5351 γνησιόο

463 5461 575 5540 (to)
604 5460 665 5540 tt.
691 5462 864 5540 ill.,de.
895 5463 1080 5540 tt6._

2145 5468 2256 5540 (45)
2287 5467 2455 5540 _Conc.
2490 5478 2619 5540 tom.
2650 5465 2719 5535 ν,
2749 5484 2869 5539 pag.
2906 5464 3030 5520 697.

462 5530 575 5670 (ως
606 5533 756 5613 Οττίι-
785 5534 839 5597 2,
872 5550 994 5603 pas-
1022 5536 1107 5590 l8.
2144 5530 2256 5607 (to)
2286 5538 2440 5592 Phot.
2474 5537 2597 5616 cod.
2635 5530 2854 5605 coitu“,
2891 5551 3009 5608 pag.
3072 5531 3199 5600 820,
3237 5531 3348 5588 89.5
3399 5542 3454 5586 et
3509 5530 3633 5588 89.8.

463 5601 553 5670 (42
611 5601 746 5654 Dial.
774 5603 830 5665 2,
859 5619 911 5670 p.
937 5606 1023 5658 97.
2144 5610 2256 5670 (47)
2288 5609 2459 5670 Epist.
2500 5607 2627 5661 olim
2660 5608 2750 5663 5'5.

461 5601 575 5735 si?)
611 5601 746 5654 Dial.
774 5603 830 5665 2,
859 5601 911 5671 p.
937 5606 1023 5658 97.
2144 5601 2256 5677 (Π)
2288 5609 2459 5676 Epist.
2500 5607 2627 5661 olim
2660 5608 2750 5663 5'5.

487 5671 575 5731 40p
600 5671 764 5724 Cone.
802 5681 929 5725 tom.
965 5675 1049 5735 IV,
1080 5690 1200 5735 hau.
1235 5677 1357 5735 828.
2143 5680 2254 5735 (48)
2286 5677 2467 5735 Phot.,
2503 5693 2555 5731 c.
2592 5692 2667 5735 Iv.
2703 5694 2750 5735 ιη

600 5671 764 5748 (_Jonc.
802 5681 931 5748 tom.
965 5675 1049 5735 IV,
1079 5690 1200 5748 pag.
1235 5677 1357 5736 828.
2143 5671 2254 5748 (48)
2286 5671 2467 5748 Phot.,
2503 5693 2555 5731 c.
2592 5692 2667 5743 tv,
2703 5694 2824 5748 pag.
2854 5678 2905 5731 6.

464 5684 575 5735 (eo)
600 5684 764 5724 uonc.
802 5684 929 5725 tom.
965 5684 1049 5735 IV,
1080 5690 1200 5746 pag.
1235 5684 1357 5736 828.
2168 5684 2254 5742 48)
2288 5684 2467 5739 Phot.,
2503 5693 2555 5731 c.
2592 5692 2667 5743 tv,
2703 5694 2824 5748 pag.
2854 5684 2905 5731 6.

464 5739 573 5804 (44)
610 5739 775 5794 Leon.
809 5746 861 5794 in
889 5741 951 5796 Ν.
988 5754 1038 5797 et
1074 5744 1130 5800 Ε.
2143 5684 2254 5816 liii)
2288 5747 2468 5815 Phot.,
2511 5763 2560 5802 c.
2591 5761 2643 5813 γ,
2668 5764 2789 5820 pag.
2833 5751 2864 5807 8
2893 5758 2945 5803 et
2977 5748 3030 5803 9.
