3836 6222
144 298 266 354 49⁷
1305 301 1659 361 ADVERSUE

1898 305 2070 362 MIUM
2105 305 2232 360 LIB.
2265 305 2306 362 l.
3311 307 3413 362 498

158 412 261 464 της
296 402 387 449 aut
413 393 595 448 νοθεία
627 409 693 449 ex
724 394 1071 451 multitudine
1120 404 1215 450 aut
1258 411 1326 450 ex
1369 400 1644 466 paucitate
1675 402 1896 456 testium
1925 403 2208 472 penderet,
2235 401 2624 457 controversiae
2648 401 2795 458 omni
2829 402 2990 456 linem
3034 403 3312 472 imponere
3339 405 3417 456 fa-

156 491 426 545 cillimum
459 501 624 546 esset.
657 488 791 546 Cum
831 492 976 547 enim
1008 507 1115 546 non
1153 493 1383 562 amplius
1426 503 1536 550 tres
1567 502 1660 548 aut
1686 504 1920 564 quatuor
1962 496 2237 551 numerari
2271 496 2430 565 vulgo
2456 495 2686 562 soleant,
2715 496 2805 565 qui
2847 497 2982 551 duos
3027 496 3194 551 libros
3237 504 3417 565 poste-

158 589 342 642 riores
372 601 468 657 pro
500 584 651 642 falsis
685 585 977 642 habuerint
1010 597 1238 642 :contra
1266 588 1580 644 innumeros
1603 605 1666 646 ac
1691 591 2076 647 celeberrimos
2098 591 2245 646 viros
2273 593 2598 660 eosdemque
2639 591 2985 647 doctissimos
3031 592 3292 660 reperias,
3325 593 3417 661 qui

159 681 304 734 duos
330 677 656 746 posteriores
683 676 849 733 libros
880 679 1104 747 perinde
1133 687 1192 733 ut
1224 688 1333 735 tres
1376 680 1585 749 priores
1626 679 1823 735 Basilio
1862 681 2055 752 Magno
2101 682 2399 737 aseribant.
2435 681 2592 747 Nam,
2628 691 2684 736 ut
2732 681 2948 737 interim
2992 681 3060 737 de
3099 681 3419 750 antiquiori-

161 770 270 824 bus
299 766 654 838 scriptoribus
690 774 919 833 taceam,
954 767 1330 833 Bellarminus,
1357 769 1562 824 Fronto
1593 769 1838 836 Duczeus,
1873 771 2198 827 Franciscus
2235 771 2615 836 Combeiisius,
2647 771 3044 838 Tillemontins,
3075 771 3221 826 Elias
3252 771 3419 839 Dupi-

162 878 272 917 nus
313 870 368 917 et
397 861 486 916 alii
522 861 770 930 permulti
800 861 1054 916 Basilium
1103 863 1294 918 horum
1339 865 1580 932 quinque
1621 863 1676 916 in
1720 863 2044 918 Eunomium
2092 866 2354 920 librorum
2392 873 2666 920 auctorem
2694 863 2924 919 faciunt.
2956 863 3025 918 Et
3055 863 3199 932 quod
3243 861 3422 932 majus

163 963 278 1019 est,
307 953 386 1008 illi
427 953 666 1024 quinque
713 953 838 1007 libri
882 954 941 1008 in
971 954 1200 1008 concilio
1228 954 1544 1011 Florentino
1589 965 1647 1010 ut
1691 972 1720 1011 a
1766 955 1994 1023 Latinis,
2029 957 2102 1011 ita
2130 973 2158 1010 a
2187 957 2392 1014 Grzrcis
2433 957 2618 1013 Basilii
2664 960 2885 1012 nomine
2922 957 3126 1027 pariter
3164 956 3420 1010 citantur.

167 1044 438 1112 Quoniam
471 1053 652 1100 tamen
679 1044 942 1114 ejusmodi
969 1045 1298 1114 quaestiones
1339 1060 1408 1101 ex
1451 1047 1742 1102 tutioribus
1769 1048 2050 1117 principiis
2083 1046 2365 1116 dijudicari
2396 1050 2610 1112 debent,
2639 1063 2726 1104 res
2770 1063 2985 1120 semper
3017 1047 3070 1103 in
3103 1057 3424 1103 controver-

166 1143 252 1196 sia
281 1139 606 1206 versabitur,
632 1141 804 1196 donec
831 1141 1034 1210 aliquid
1065 1141 1268 1197 certius
1301 1142 1368 1198 ad
1398 1157 1614 1198 omnem
1660 1143 2052 1199 dubitationem
2084 1143 2377 1199 tollendam
2425 1141 2707 1198 atl‘eratur.
2739 1141 2839 1197 Hic
2872 1149 3015 1198 esset
3053 1156 3116 1197 ea
3144 1142 3210 1196 de
3250 1154 3311 1195 re
3347 1139 3427 1193 lo-

167 1236 372 1306 quendi
404 1236 537 1293 satis
575 1237 803 1293 idoneus
847 1237 1032 1306 locus;
1070 1239 1164 1294 sed
1196 1247 1373 1295 tamen
1419 1239 1522 1295 hoc
1569 1249 1976 1308 argumentum,
2007 1250 2065 1294 ut
2094 1244 2271 1306 decet,
2302 1250 2540 1296 tractare
2568 1255 2691 1304 cum
2740 1240 3000 1312 longioris
3031 1239 3101 1294 sit
3138 1251 3337 1308 operae,
3372 1235 3425 1289 id

171 1330 516 1385 commodius
542 1330 711 1385 multo
740 1331 794 1386 in
818 1329 1141 1387 Praefatione
1174 1332 1554 1393 facturosnos
1597 1333 1950 1389 credidimus.
1985 1333 2172 1404 Neque
2215 1343 2419 1399 tamen,
2452 1333 2667 1403 opinor,
2695 1333 2966 1388 videbitur
2999 1332 3252 1392 alienum,
3284 1342 3424 1399 prae-

170 1425 363 1495 cipuas
389 1426 524 1481 duas
551 1441 763 1492 causas,
800 1441 898 1483 cur
938 1429 1266 1498 posteriores
1294 1430 1401 1485 duo
1431 1429 1552 1485 libri
1585 1431 1819 1500 suspecti
1852 1431 1984 1495 sint,
2014 1431 2118 1485 hoc
2139 1429 2258 1485 loco
2288 1430 2341 1483 in
2371 1431 2603 1484 medium
2627 1427 2890 1500 proferre.
2907 1427 3087 1482 Prima
3122 1427 3283 1497 igitur
3311 1425 3427 1480 haec

178 1533 290 1587 est,
321 1522 462 1590 quod
507 1524 818 1592 scriptionis
849 1539 1018 1593 genus
1059 1534 1166 1580 tam
1213 1535 1400 1595 aperte
1431 1527 1704 1582 diversum
1741 1527 1832 1591 sit,
1865 1534 1922 1580 ut
1951 1529 2016 1582 de
2053 1527 2158 1582 hoc
2190 1527 2335 1581 inter
2364 1527 2649 1595 utriusque
2679 1525 2950 1594 opinionis
2983 1533 3241 1593 patronos
3267 1519 3431 1589 plane

172 1614 466 1669 conveniat
500 1633 514 1670 :
552 1615 745 1684 altera,
776 1618 918 1686 quod
971 1619 1300 1687 posteriores
1342 1620 1476 1675 duos
1522 1619 1692 1675 libros
1734 1620 1788 1674 in
1835 1621 2005 1676 veteri
2036 1620 2275 1676 editione
2305 1617 2512 1674 Veneta
2560 1627 2616 1672 et
2664 1620 2717 1674 in
2766 1617 3039 1686 aliquibus
3081 1630 3211 1670 mss.
3242 1613 3433 1671 deesse

171 1716 412 1763 constet.
453 1709 528 1762 De
559 1708 664 1776 his,
692 1718 750 1762 ut
784 1709 913 1772 dixi,
957 1710 1175 1765 uberius
1207 1711 1260 1765 in
1290 1709 1613 1765 Praefatione
1643 1711 1972 1781 disputatur,
2006 1711 2068 1784 §§
2106 1711 2177 1766 Xl
2207 1721 2261 1768 et
2289 1713 2407 1768 Xll.

251 1803 308 1858 5.
353 1803 627 1859 llactenus
658 1805 724 1860 de
752 1803 940 1860 Basilii
982 1805 1141 1860 libris
1173 1825 1188 1860 :
1215 1819 1360 1861 nunc
1401 1821 1568 1875 pauca
1619 1807 1686 1860 de
1723 1821 1886 1876 opere
1915 1807 2206 1882 Ennomii.
2235 1809 2476 1878 Contigit
2509 1817 2686 1863 autem
2733 1823 2838 1863 non
2889 1806 3183 1868 immerito,
3215 1813 3274 1860 ut
3315 1805 3435 1858 luce

175 1897 432 1968 indignus
466 1897 674 1953 libellus
703 1899 790 1953 diu
822 1898 874 1952 in
901 1898 1140 1954 tenebris
1166 1897 1392 1952 latuerit
1427 1917 1441 1954 :
1473 1899 1569 1954 sed
1613 1899 1830 1954 tandem
1880 1899 2159 1969 inopinato
2198 1903 2440 1959 emersit.
2475 1899 2610 1953 Nam
2644 1899 2728 1953 vir
2757 1898 3161 1954 eruditissimus
3194 1895 3432 1951 Joannes

171 1992 431 2052 Albertus
462 1989 761 2054 Fabricius,
794 2006 916 2046 cum
955 1991 1222 2062 ejusmodi
1253 1991 1570 2062 opusculum
1603 1992 1668 2045 ad
1691 1976 1961 2062 quosdam
1995 1991 2179 2046 Basilii
2217 1991 2364 2047 locos
2406 1989 2777 2057 explanandos
2806 1989 2939 2044 utile
2972 1990 3088 2044 fore
3112 1987 3433 2056 jndicasset,

176 2086 230 2140 id
261 2085 530 2141 edendum
561 2085 768 2141 duobus
797 2085 992 2141 abhinc
1023 2085 1182 2141 annis
1210 2085 1421 2140 curavit
1451 2084 1588 2156 (50).
1615 2084 1726 2141 Nos
1769 2084 1954 2155 igitur,
1981 2083 2084 2139 viri
2106 2083 2408 2138 doctissimi
2434 2082 2704 2151 exemplo,
2732 2082 2839 2137 hoc
2872 2080 3012 2136 idem
3048 2081 3100 2133 in
3131 2077 3438 2151 Appendice

178 2189 375 2229 rursus
407 2177 548 2247 typis
579 2176 836 2233 mandare
862 2176 1172 2242 statuimus,
1203 2191 1292 2242 ne,
1320 2176 1366 2230 si
1398 2189 1556 2231 secus
1584 2176 1869 2238 faciamus,
1907 2175 2106 2245 aliquid
2137 2175 2191 2230 in
2223 2183 2408 2231 nostra
2433 2173 2670 2230 editione
2697 2173 2886 2229 deesse
2910 2171 3181 2226 videatur.

249 2287 365 2361 (50)
390 2289 444 2344 ln
469 2289 794 2346 Bibliotheca
823 2289 1032 2360 Graeca,
1062 2299 1193 2349 tom.
1223 2289 1361 2359 Vlll,
1384 2306 1512 2363 pag.
1541 2291 1670 2357 262,
1705 2291 1794 2348 ed.
1827 2293 1948 2350 Vet.
1976 2291 2135 2348 EDI'I‘.

813 2690 1065 2779 ΤΟΥ
1121 2693 1284 2784 ,ΕΝ
1372 2689 1802 2780 ΑΓΙΟΙΣ
1873 2685 2376 2778 ΠΑΤΡΟΣ
2451 2684 2817 2775 ΗΜΩΝ

1404 2897 2225 3038 ΒΑΣΙΛΕΙΟΥ

1053 3117 1618 3173 ΑΡΧΙΕΠΙΣΚΟΠΟΥ
1652 3116 2066 3170 ΚᾹΙΣΑΡΕΙΑΣ
2101 3114 2596 3169 ΚΑΠΠΛΔΟΚῙΑΣ

1390 3279 2238 3372 ΑΝΑΤΡΕΠΤΙΚΟΣ

847 3464 1586 3527 ἌὉΥΔΠΟΛΟΓΗἹἹΚΟΥ
1625 3465 1769 3518 ΤΟΥ
1801 3464 2222 3518 ΔΥΣΣΕΒΟΥΣ
2259 3466 2650 3520 ιιὙΝΟΜΙΟΥ

1569 3629 1935 3718 ΛΟΓΟΣ
1971 3625 2081 3712 Α’.
2118 3624 2128 3637 ’

1176 4128 1347 4260 -S.
1400 4131 1534 4255 P.
1586 4129 1732 4253 N.
1799 4120 2440 4255 BASILII.

585 4411 1176 4505 CESABEE
1251 4402 2026 4499 CAPPADOCIIE
2100 4391 3084 4516 ARCHIEPISCOPI,

1655 4621 2041 4737 LIBRI

716 4851 1018 4936 QUIBUS
1062 4849 1305 4913 ΙΜΡΙΙ
1347 4843 1728 4914 EUNOMII
1774 4833 2413 4904 APOLOGETICUS
2462 4829 2970 4897 EVERTITUR.

1236 5173 1396 5246 207
1453 5159 1807 5248 LIBER
1882 5145 2373 5243 PRIMUS.

288 5323 343 5380 Ι.
373 5325 436 5378 Et
471 5324 570 5394 μὲν
597 5321 875 5376 ἐϐούλοντο
904 5319 1135 5384 πάντες,
1171 5315 1256 5384 ἐφ’
1281 5313 1374 5377 οὒς
1406 5312 1466 5365 τὸ
1494 5313 1662 5383 ὄνομα.
1701 5307 1795 5362 τοῦ

1969 5308 2020 5361 1.
2063 5305 2120 5360 Si
2153 5317 2362 5370 omnes,
2394 5314 2554 5370 super
2580 5312 2715 5368 quos
2751 5309 2946 5351 nomen
2988 5291 3080 5349 Dei
3120 5306 3184 5347 ac
3217 5291 3460 5348 Salvato-

214 5416 356 5471 Θεοῦ
407 5417 502 5469 καὶ
545 5415 794 5485 Σωτῆρος
828 5411 984 5484 ἡμῶν
1025 5407 1196 5479 Ἰησοῦ
1227 5405 1461 5478 Χριστοῦ
1496 5403 1729 5457 ὲπικέκλε

1949 5413 1975 5451 s
2008 5395 2177 5450 nostri
2211 5392 2338 5447 Jesu
2369 5390 2569 5446 ChriSti
2607 5391 2912 5444 invocatum
2951 5397 3056 5450 est,
3094 5384 3231 5440 nihil
3260 5385 3458 5440 voluis—

217 5528 331 5574 ται,
358 5507 522 5580 μηδὲν
551 5509 616 5579 τῇ
655 5477 882 5579 dit-1105!;
907 5501 1002 5556 τοῦ
1031 5477 1361 5568 Εὖαγγελῖου
1390 5496 1732 5567 παρεγχειρεῖ

1941 5497 2018 5545 :nt
2049 5497 2256 5542 tentare
2287 5495 2340 5538 et
2374 5482 2586 5553 aggredi
2616 5489 2812 5552 praeter
2843 5478 3118 5551 Evangelii
3150 5477 3456 5544 veritatem,

297 5670 410 5736 (δι)
444 5668 548 5724 Tot
591 5674 720 5721 sunt
768 5666 883 5720 fere
914 5661 1237 5736 titulivarii,
1273 5667 1403 5736 quot
1428 5654 1663 5736 codices.
1694 5652 1788 5705 V'ir

1943 5662 2046 5716 qno
2067 5647 2369 5736 suqcodicc
2387 5643 2480 5700 τοῦ
2503 5644 2734 5736 fatuus;
2762 5637 3144 5736 dvttﬁp'qitxbs
3169 5640 3263 5736 1:02
3299 5640 3458 5736 “‘73-

228 5712 572 5797 do‘c‘t’i's’sini’us
591 5712 952 5794 Ilonibehsius
975 5733 1075 5791 sibi
1105 5712 1458 5800 legerejvisus
1491 5735 1572 5784 est
1595 5728 1646 5780 in
1688 5739 1743 5777 ar

1944 5712 2182 5788 nmmo?)
2216 5717 2309 5771 τοῦ
2339 5715 2628 5780 δυσσεϐοῦς
2670 5712 2956 5785 Εὐνομίού,
2978 5712 3294 5781 ’ϐοηῖιιεαιὶο
3325 5715 3459 5778 Ape-
