  <div class='ocr_page' id='page_1' title='image "/cluster/home/n/w/nwhite01/storage/ocr_20150623/29/nnc1.0046978755/720.png"; bbox 0 0 3836 6222; ppageno 0'>
   <div class='ocr_carea' id='block_1_1' title="bbox 171 333 3433 402">
    <p class='ocr_par' dir='ltr' id='par_1_1' title="bbox 171 333 3433 402">
     <span class='ocr_line' id='line_1_1' title="bbox 171 333 3433 402; baseline 0.003 -11"><span class='ocrx_word' id='word_1_1' title='bbox 171 335 286 391; x_wconf 74' lang='lat'><strong>501</strong></span> <span class='ocrx_word' id='word_1_2' title='bbox 1283 333 1654 392; x_wconf 76' lang='lat' dir='ltr'><strong>ADVERSUS</strong></span> <span class='ocrx_word' id='word_1_3' title='bbox 1691 337 2058 397; x_wconf 80' lang='lat' dir='ltr'><strong>EUNOMIUM</strong></span> <span class='ocrx_word' id='word_1_4' title='bbox 2097 343 2226 400; x_wconf 86' lang='lat' dir='ltr'><strong>LIB.</strong></span> <span class='ocrx_word' id='word_1_5' title='bbox 2267 345 2310 398; x_wconf 86' lang='grc' dir='ltr'>Ι.</span> <span class='ocrx_word' id='word_1_6' title='bbox 3328 347 3433 402; x_wconf 77' lang='grc'><strong>502</strong></span> 
     </span>
    </p>
   </div>
   <div class='ocr_carea' id='block_1_2' title="bbox 169 441 1759 522">
    <p class='ocr_par' dir='ltr' id='par_1_2' title="bbox 169 441 1759 519">
     <span class='ocr_line' id='line_1_2' title="bbox 169 441 1759 519; baseline 0.003 -22"><span class='ocrx_word' id='word_1_7' title='bbox 169 445 278 509; x_wconf 88' lang='grc' dir='ltr'><strong>λος</strong></span> <span class='ocrx_word' id='word_1_8' title='bbox 321 441 624 514; x_wconf 76' lang='grc' dir='ltr'><strong>τετόλμηκε</strong></span> <span class='ocrx_word' id='word_1_9' title='bbox 663 441 882 497; x_wconf 83' lang='grc' dir='ltr'>πώποτε</span> <span class='ocrx_word' id='word_1_10' title='bbox 917 444 1224 515; x_wconf 83' lang='grc' dir='ltr'><strong>φιλοτιμίαν</strong></span> <span class='ocrx_word' id='word_1_11' title='bbox 1257 445 1363 499; x_wconf 88' lang='grc' dir='ltr'>τῶν</span> <span class='ocrx_word' id='word_1_12' title='bbox 1391 449 1759 519; x_wconf 63' lang='grc' dir='ltr'>ἀπονειμένων</span> 
     </span>
    </p>
   </div>
   <div class='ocr_carea' id='block_1_3' title="bbox 1873 441 3434 522">
    <p class='ocr_par' dir='ltr' id='par_1_3' title="bbox 1873 451 3434 522">
     <span class='ocr_line' id='line_1_3' title="bbox 1873 451 3434 522; baseline 0.001 -13"><span class='ocrx_word' id='word_1_13' title='bbox 1873 454 2048 509; x_wconf 88' lang='lat' dir='ltr'><strong>nullus</strong></span> <span class='ocrx_word' id='word_1_14' title='bbox 2079 469 2316 522; x_wconf 85' lang='lat' dir='ltr'><strong>unquam</strong></span> <span class='ocrx_word' id='word_1_15' title='bbox 2348 452 2485 508; x_wconf 88' lang='lat' dir='ltr'><strong>alius</strong></span> <span class='ocrx_word' id='word_1_16' title='bbox 2515 469 2678 509; x_wconf 87' lang='lat' dir='ltr'><strong>ausus</strong></span> <span class='ocrx_word' id='word_1_17' title='bbox 2705 455 2915 519; x_wconf 75' lang='lat' dir='ltr'><strong>fuisset,</strong></span> <span class='ocrx_word' id='word_1_18' title='bbox 2946 457 3024 510; x_wconf 92' lang='lat' dir='ltr'><strong>sic</strong></span> <span class='ocrx_word' id='word_1_19' title='bbox 3057 451 3434 511; x_wconf 68' lang='lat' dir='ltr'><strong>animo‘elatus</strong></span> 
     </span>
    </p>
   </div>
   <div class='ocr_carea' id='block_1_4' title="bbox 169 532 1759 614">
    <p class='ocr_par' dir='ltr' id='par_1_4' title="bbox 169 532 1759 612">
     <span class='ocr_line' id='line_1_4' title="bbox 169 532 1759 612; baseline 0.004 -24"><span class='ocrx_word' id='word_1_20' title='bbox 169 538 302 598; x_wconf 81' lang='grc' dir='ltr'>τοῖς</span> <span class='ocrx_word' id='word_1_21' title='bbox 332 532 611 586; x_wconf 75' lang='grc' dir='ltr'>εὐσεϐέσιν</span> <span class='ocrx_word' id='word_1_22' title='bbox 655 535 876 602; x_wconf 83' lang='grc' dir='ltr'><strong>ἀγαθῶν</strong></span> <span class='ocrx_word' id='word_1_23' title='bbox 919 539 1285 608; x_wconf 82' lang='grc' dir='ltr'><strong>προτιμήσας,</strong></span> <span class='ocrx_word' id='word_1_24' title='bbox 1320 539 1411 591; x_wconf 87' lang='grc' dir='ltr'><strong>ὑπ’</strong></span> <span class='ocrx_word' id='word_1_25' title='bbox 1438 539 1624 593; x_wconf 83' lang='grc' dir='ltr'>ὀδόντα</span> <span class='ocrx_word' id='word_1_26' title='bbox 1654 541 1759 612; x_wconf 83' lang='lat'><strong>(59)</strong></span> 
     </span>
    </p>
   </div>
   <div class='ocr_carea' id='block_1_5' title="bbox 1873 532 3456 614">
    <p class='ocr_par' dir='ltr' id='par_1_5' title="bbox 1873 546 3456 614">
     <span class='ocr_line' id='line_1_5' title="bbox 1873 546 3456 614; baseline 0 -15"><span class='ocrx_word' id='word_1_27' title='bbox 1873 558 1974 609; x_wconf 88' lang='lat' dir='ltr'><strong>est,</strong></span> <span class='ocrx_word' id='word_1_28' title='bbox 2007 553 2064 600; x_wconf 89' lang='lat' dir='ltr'><strong>ut</strong></span> <span class='ocrx_word' id='word_1_29' title='bbox 2103 546 2490 614; x_wconf 83' lang='lat' dir='ltr'><strong>blasphemiam</strong></span> <span class='ocrx_word' id='word_1_30' title='bbox 2529 547 2788 601; x_wconf 82' lang='lat' dir='ltr'><strong>hactenus</strong></span> <span class='ocrx_word' id='word_1_31' title='bbox 2819 549 2918 601; x_wconf 88' lang='lat' dir='ltr'><strong>sub</strong></span> <span class='ocrx_word' id='word_1_32' title='bbox 2963 549 3212 602; x_wconf 75' lang='lat' dir='ltr'><strong>dentibus</strong></span> <span class='ocrx_word' id='word_1_33' title='bbox 3252 548 3456 601; x_wconf 88' lang='lat' dir='ltr'><strong>debla--</strong></span> 
     </span>
    </p>
   </div>
   <div class='ocr_carea' id='block_1_6' title="bbox 170 624 1759 712">
    <p class='ocr_par' dir='ltr' id='par_1_6' title="bbox 170 624 1759 705">
     <span class='ocr_line' id='line_1_6' title="bbox 170 624 1759 705; baseline 0.003 -25"><span class='ocrx_word' id='word_1_34' title='bbox 170 627 324 690; x_wconf 69' lang='grc' dir='ltr'>τέως</span> <span class='ocrx_word' id='word_1_35' title='bbox 353 624 687 696; x_wconf 88' lang='grc' dir='ltr'>λαλουμένην</span> <span class='ocrx_word' id='word_1_36' title='bbox 716 626 813 696; x_wconf 85' lang='grc' dir='ltr'><strong>τὴν</strong></span> <span class='ocrx_word' id='word_1_37' title='bbox 848 625 1195 705; x_wconf 75' lang='grc' dir='ltr'>βλασφημίαν</span> <span class='ocrx_word' id='word_1_38' title='bbox 1234 629 1446 700; x_wconf 80' lang='grc' dir='ltr'><strong>ἐπήρθη</strong></span> <span class='ocrx_word' id='word_1_39' title='bbox 1481 630 1759 701; x_wconf 70' lang='grc' dir='ltr'>δημοσιεῦ-</span> 
     </span>
    </p>
   </div>
   <div class='ocr_carea' id='block_1_7' title="bbox 1873 624 3436 712">
    <p class='ocr_par' dir='ltr' id='par_1_7' title="bbox 1873 638 3436 709">
     <span class='ocr_line' id='line_1_7' title="bbox 1873 638 3436 709; baseline 0.001 -20"><span class='ocrx_word' id='word_1_40' title='bbox 1873 647 2098 691; x_wconf 89' lang='lat' dir='ltr'><strong>teratam</strong></span> <span class='ocrx_word' id='word_1_41' title='bbox 2131 638 2234 692; x_wconf 84' lang='lat' dir='ltr'><strong>huc</strong></span> <span class='ocrx_word' id='word_1_42' title='bbox 2269 653 2366 692; x_wconf 91' lang='lat' dir='ltr'><strong>suo</strong></span> <span class='ocrx_word' id='word_1_43' title='bbox 2395 638 2672 707; x_wconf 88' lang='lat' dir='ltr'><strong>splendido</strong></span> <span class='ocrx_word' id='word_1_44' title='bbox 2700 653 2862 708; x_wconf 89' lang='lat' dir='ltr'><strong>opere</strong></span> <span class='ocrx_word' id='word_1_45' title='bbox 2893 639 3156 709; x_wconf 84' lang='lat' dir='ltr'><strong>evulgarit</strong></span> <span class='ocrx_word' id='word_1_46' title='bbox 3197 657 3210 690; x_wconf 89' lang='lat'><strong>:</strong></span> <span class='ocrx_word' id='word_1_47' title='bbox 3242 639 3436 706; x_wconf 87' lang='lat' dir='ltr'><strong>quippe</strong></span> 
     </span>
    </p>
   </div>
   <div class='ocr_carea' id='block_1_8' title="bbox 175 716 1759 800">
    <p class='ocr_par' dir='ltr' id='par_1_8' title="bbox 175 716 1759 792">
     <span class='ocr_line' id='line_1_8' title="bbox 175 716 1759 792; baseline 0.003 -22"><span class='ocrx_word' id='word_1_48' title='bbox 175 735 280 772; x_wconf 84' lang='grc' dir='ltr'><strong>σαι</strong></span> <span class='ocrx_word' id='word_1_49' title='bbox 312 717 390 787; x_wconf 83' lang='grc' dir='ltr'>τῷ</span> <span class='ocrx_word' id='word_1_50' title='bbox 410 716 644 788; x_wconf 83' lang='grc' dir='ltr'>λαμπρῷ</span> <span class='ocrx_word' id='word_1_51' title='bbox 667 716 840 787; x_wconf 83' lang='grc' dir='ltr'>τούτῳ</span> <span class='ocrx_word' id='word_1_52' title='bbox 863 718 1222 788; x_wconf 79' lang='grc' dir='ltr'><strong>συντάγματι,</strong></span> <span class='ocrx_word' id='word_1_53' title='bbox 1245 720 1486 790; x_wconf 86' lang='grc' dir='ltr'>ἀρχηγὸς</span> <span class='ocrx_word' id='word_1_54' title='bbox 1505 721 1600 774; x_wconf 77' lang='grc' dir='ltr'>καὶ</span> <span class='ocrx_word' id='word_1_55' title='bbox 1623 739 1759 792; x_wconf 88' lang='grc' dir='ltr'>πρω-</span> 
     </span>
    </p>
   </div>
   <div class='ocr_carea' id='block_1_9' title="bbox 1873 716 3436 800">
    <p class='ocr_par' dir='ltr' id='par_1_9' title="bbox 1873 730 3436 800">
     <span class='ocr_line' id='line_1_9' title="bbox 1873 730 3436 800; baseline -0.001 -16"><span class='ocrx_word' id='word_1_56' title='bbox 1873 731 2095 784; x_wconf 61' lang='lat' dir='ltr'><strong>haeresis</strong></span> <span class='ocrx_word' id='word_1_57' title='bbox 2141 732 2301 786; x_wconf 88' lang='lat' dir='ltr'><strong>totius</strong></span> <span class='ocrx_word' id='word_1_58' title='bbox 2341 741 2532 784; x_wconf 88' lang='lat' dir='ltr'><strong>auctor</strong></span> <span class='ocrx_word' id='word_1_59' title='bbox 2579 739 2742 798; x_wconf 89' lang='lat' dir='ltr'><strong>atque</strong></span> <span class='ocrx_word' id='word_1_60' title='bbox 2789 730 3119 785; x_wconf 91' lang='lat' dir='ltr'><strong>architectus</strong></span> <span class='ocrx_word' id='word_1_61' title='bbox 3155 731 3436 800; x_wconf 71' lang='lat' dir='ltr'><strong>praedicari</strong></span> 
     </span>
    </p>
   </div>
   <div class='ocr_carea' id='block_1_10' title="bbox 171 807 1759 887">
    <p class='ocr_par' dir='ltr' id='par_1_10' title="bbox 171 807 1759 883">
     <span class='ocr_line' id='line_1_10' title="bbox 171 807 1759 883; baseline 0.002 -20"><span class='ocrx_word' id='word_1_62' title='bbox 171 809 452 879; x_wconf 77' lang='grc' dir='ltr'>τοστάτης</span> <span class='ocrx_word' id='word_1_63' title='bbox 483 807 612 878; x_wconf 83' lang='grc' dir='ltr'>ὅλης</span> <span class='ocrx_word' id='word_1_64' title='bbox 654 810 918 878; x_wconf 88' lang='grc' dir='ltr'>αἱρέσεως</span> <span class='ocrx_word' id='word_1_65' title='bbox 963 809 1336 881; x_wconf 67' lang='grc' dir='ltr'><strong>ἀναρρηθῆναι</strong></span> <span class='ocrx_word' id='word_1_66' title='bbox 1387 812 1759 883; x_wconf 84' lang='grc' dir='ltr'>φιλοτιμούμε-</span> 
     </span>
    </p>
   </div>
   <div class='ocr_carea' id='block_1_11' title="bbox 1873 807 3432 887">
    <p class='ocr_par' dir='ltr' id='par_1_11' title="bbox 1873 817 3432 887">
     <span class='ocr_line' id='line_1_11' title="bbox 1873 817 3432 887; baseline -0.002 -15"><span class='ocrx_word' id='word_1_67' title='bbox 1873 819 2126 872; x_wconf 83' lang='lat' dir='ltr'><strong>ambibat.</strong></span> <span class='ocrx_word' id='word_1_68' title='bbox 2165 817 2337 884; x_wconf 84' lang='lat' dir='ltr'><strong>Quem</strong></span> <span class='ocrx_word' id='word_1_69' title='bbox 2369 833 2512 872; x_wconf 80' lang='lat' dir='ltr'><strong>sane</strong></span> <span class='ocrx_word' id='word_1_70' title='bbox 2545 819 2708 872; x_wconf 86' lang='lat' dir='ltr'><strong>etiam</strong></span> <span class='ocrx_word' id='word_1_71' title='bbox 2746 821 3065 887; x_wconf 80' lang='lat' dir='ltr'><strong>redarguere</strong></span> <span class='ocrx_word' id='word_1_72' title='bbox 3096 820 3147 872; x_wconf 89' lang='lat' dir='ltr'><strong>in</strong></span> <span class='ocrx_word' id='word_1_73' title='bbox 3182 817 3432 887; x_wconf 66' lang='lat' dir='ltr'><strong>prtesenti</strong></span> 
     </span>
    </p>
   </div>
   <div class='ocr_carea' id='block_1_12' title="bbox 172 893 1768 975">
    <p class='ocr_par' dir='ltr' id='par_1_12' title="bbox 172 893 1768 975">
     <span class='ocr_line' id='line_1_12' title="bbox 172 893 1768 975; baseline 0.003 -21"><span class='ocrx_word' id='word_1_74' title='bbox 172 918 297 964; x_wconf 87' lang='grc' dir='ltr'>νος.</span> <span class='ocrx_word' id='word_1_75' title='bbox 340 901 546 970; x_wconf 82' lang='grc' dir='ltr'>Ὀνπερ</span> <span class='ocrx_word' id='word_1_76' title='bbox 579 893 670 952; x_wconf 78' lang='grc' dir='ltr'><strong>οὖν</strong></span> <span class='ocrx_word' id='word_1_77' title='bbox 710 901 804 952; x_wconf 81' lang='grc' dir='ltr'>καὶ</span> <span class='ocrx_word' id='word_1_78' title='bbox 837 901 1078 956; x_wconf 84' lang='grc' dir='ltr'><strong>εὐθύνειν</strong></span> <span class='ocrx_word' id='word_1_79' title='bbox 1111 903 1392 972; x_wconf 85' lang='grc' dir='ltr'>πρόκειται</span> <span class='ocrx_word' id='word_1_80' title='bbox 1435 906 1565 974; x_wconf 85' lang='grc' dir='ltr'>ἡμῖν</span> <span class='ocrx_word' id='word_1_81' title='bbox 1600 908 1656 958; x_wconf 89' lang='grc' dir='ltr'><strong>ἐν</strong></span> <span class='ocrx_word' id='word_1_82' title='bbox 1691 905 1768 975; x_wconf 86' lang='grc' dir='ltr'>τῷ</span> 
     </span>
    </p>
   </div>
   <div class='ocr_carea' id='block_1_13' title="bbox 173 990 1766 1067">
    <p class='ocr_par' dir='ltr' id='par_1_13' title="bbox 173 990 1766 1067">
     <span class='ocr_line' id='line_1_13' title="bbox 173 990 1766 1067; baseline 0.004 -23"><span class='ocrx_word' id='word_1_83' title='bbox 173 990 436 1062; x_wconf 80' lang='grc' dir='ltr'>παρόντι.</span> <span class='ocrx_word' id='word_1_84' title='bbox 502 991 650 1053; x_wconf 88' lang='grc' dir='ltr'>Ἐνὸς</span> <span class='ocrx_word' id='word_1_85' title='bbox 693 991 752 1044; x_wconf 78' lang='grc' dir='ltr'>δὲ</span> <span class='ocrx_word' id='word_1_86' title='bbox 797 992 970 1044; x_wconf 82' lang='grc' dir='ltr'>κακοῦ</span> <span class='ocrx_word' id='word_1_87' title='bbox 1015 995 1072 1046; x_wconf 90' lang='grc' dir='ltr'><strong>ἐν</strong></span> <span class='ocrx_word' id='word_1_88' title='bbox 1117 995 1448 1066; x_wconf 79' lang='grc' dir='ltr'><strong>ἀμφοτέροις</strong></span> <span class='ocrx_word' id='word_1_89' title='bbox 1493 998 1766 1067; x_wconf 82' lang='grc' dir='ltr'>ὑπάρχον-</span> 
     </span>
    </p>
   </div>
   <div class='ocr_carea' id='block_1_14' title="bbox 171 1081 1769 1160">
    <p class='ocr_par' dir='ltr' id='par_1_14' title="bbox 171 1081 1769 1160">
     <span class='ocr_line' id='line_1_14' title="bbox 171 1081 1769 1160; baseline 0.006 -27"><span class='ocrx_word' id='word_1_90' title='bbox 171 1098 302 1145; x_wconf 85' lang='grc' dir='ltr'>τος,</span> <span class='ocrx_word' id='word_1_91' title='bbox 341 1081 519 1152; x_wconf 80' lang='grc' dir='ltr'>δῆλον,</span> <span class='ocrx_word' id='word_1_92' title='bbox 559 1082 636 1145; x_wconf 81' lang='grc' dir='ltr'><strong>ὡς</strong></span> <span class='ocrx_word' id='word_1_93' title='bbox 663 1084 720 1135; x_wconf 93' lang='grc' dir='ltr'><strong>ἐν</strong></span> <span class='ocrx_word' id='word_1_94' title='bbox 752 1082 828 1152; x_wconf 83' lang='grc' dir='ltr'>τῷ</span> <span class='ocrx_word' id='word_1_95' title='bbox 868 1084 1082 1156; x_wconf 77' lang='grc' dir='ltr'>μαθητῇ</span> <span class='ocrx_word' id='word_1_96' title='bbox 1113 1087 1189 1156; x_wconf 84' lang='grc' dir='ltr'>τῷ</span> <span class='ocrx_word' id='word_1_97' title='bbox 1219 1089 1634 1160; x_wconf 82' lang='grc' dir='ltr'>κατηρτισμένῳ</span> <span class='ocrx_word' id='word_1_98' title='bbox 1675 1092 1769 1142; x_wconf 87' lang='grc' dir='ltr'>καὶ</span> 
     </span>
    </p>
   </div>
   <div class='ocr_carea' id='block_1_15' title="bbox 173 1173 1768 1251">
    <p class='ocr_par' dir='ltr' id='par_1_15' title="bbox 173 1173 1768 1251">
     <span class='ocr_line' id='line_1_15' title="bbox 173 1173 1768 1251; baseline 0.007 -27"><span class='ocrx_word' id='word_1_99' title='bbox 173 1174 207 1224; x_wconf 80' lang='grc' dir='ltr'>ὁ</span> <span class='ocrx_word' id='word_1_100' title='bbox 254 1173 572 1236; x_wconf 85' lang='grc' dir='ltr'>διδάσκαλος</span> <span class='ocrx_word' id='word_1_101' title='bbox 621 1175 1217 1247; x_wconf 83' lang='grc' dir='ltr'>συναπελεγχθήσεται,</span> <span class='ocrx_word' id='word_1_102' title='bbox 1267 1181 1296 1231; x_wconf 81' lang='grc' dir='ltr'>ὁ</span> <span class='ocrx_word' id='word_1_103' title='bbox 1351 1180 1419 1232; x_wconf 80' lang='grc' dir='ltr'><strong>τὰ</strong></span> <span class='ocrx_word' id='word_1_104' title='bbox 1479 1181 1768 1251; x_wconf 83' lang='grc' dir='ltr'>σπέρματα</span> 
     </span>
    </p>
   </div>
   <div class='ocr_carea' id='block_1_16' title="bbox 173 1263 1768 1343">
    <p class='ocr_par' dir='ltr' id='par_1_16' title="bbox 173 1263 1768 1343">
     <span class='ocr_line' id='line_1_16' title="bbox 173 1263 1768 1343; baseline 0.005 -26"><span class='ocrx_word' id='word_1_105' title='bbox 173 1263 290 1333; x_wconf 79' lang='grc' dir='ltr'>τῆς</span> <span class='ocrx_word' id='word_1_106' title='bbox 320 1263 572 1327; x_wconf 87' lang='grc' dir='ltr'>ἀσεϐείας</span> <span class='ocrx_word' id='word_1_107' title='bbox 602 1265 1034 1336; x_wconf 85' lang='grc' dir='ltr'>καταϐαλόμενος</span> <span class='ocrx_word' id='word_1_108' title='bbox 1056 1267 1186 1340; x_wconf 87' lang='grc'>(60)·</span> <span class='ocrx_word' id='word_1_109' title='bbox 1219 1271 1376 1340; x_wconf 85' lang='grc' dir='ltr'>εἴπερ</span> <span class='ocrx_word' id='word_1_110' title='bbox 1400 1270 1462 1340; x_wconf 84' lang='grc' dir='ltr'>δὴ</span> <span class='ocrx_word' id='word_1_111' title='bbox 1481 1271 1768 1343; x_wconf 80' lang='grc' dir='ltr'>ὑπάρξειεν</span> 
     </span>
    </p>
   </div>
   <div class='ocr_carea' id='block_1_17' title="bbox 175 1353 1766 1429">
    <p class='ocr_par' dir='ltr' id='par_1_17' title="bbox 175 1353 1766 1429">
     <span class='ocr_line' id='line_1_17' title="bbox 175 1353 1766 1429; baseline 0.004 -24"><span class='ocrx_word' id='word_1_112' title='bbox 175 1356 320 1425; x_wconf 80' lang='grc' dir='ltr'>ἡμῖν</span> <span class='ocrx_word' id='word_1_113' title='bbox 351 1353 438 1407; x_wconf 77' lang='grc' dir='ltr'><strong>διὰ</strong></span> <span class='ocrx_word' id='word_1_114' title='bbox 475 1353 582 1408; x_wconf 85' lang='grc' dir='ltr'><strong>τῶν</strong></span> <span class='ocrx_word' id='word_1_115' title='bbox 631 1355 945 1425; x_wconf 82' lang='grc' dir='ltr'>προσευχῶν</span> <span class='ocrx_word' id='word_1_116' title='bbox 984 1357 1137 1426; x_wconf 84' lang='grc' dir='ltr'>ὑμῶν</span> <span class='ocrx_word' id='word_1_117' title='bbox 1169 1359 1436 1429; x_wconf 84' lang='grc' dir='ltr'>τοσαύτην</span> <span class='ocrx_word' id='word_1_118' title='bbox 1464 1359 1644 1412; x_wconf 85' lang='grc' dir='ltr'>λαϐεῖν</span> <span class='ocrx_word' id='word_1_119' title='bbox 1673 1360 1766 1413; x_wconf 79' lang='grc' dir='ltr'>τοῦ</span> 
     </span>
    </p>
   </div>
   <div class='ocr_carea' id='block_1_18' title="bbox 173 1443 1768 1524">
    <p class='ocr_par' dir='ltr' id='par_1_18' title="bbox 173 1443 1768 1524">
     <span class='ocr_line' id='line_1_18' title="bbox 173 1443 1768 1524; baseline 0.006 -28"><span class='ocrx_word' id='word_1_120' title='bbox 173 1443 345 1512; x_wconf 83' lang='grc' dir='ltr'>λόγου</span> <span class='ocrx_word' id='word_1_121' title='bbox 365 1445 616 1516; x_wconf 86' lang='grc' dir='ltr'>δύναμιν,</span> <span class='ocrx_word' id='word_1_122' title='bbox 643 1444 782 1499; x_wconf 82' lang='grc' dir='ltr'>ὥστε</span> <span class='ocrx_word' id='word_1_123' title='bbox 807 1447 949 1500; x_wconf 84' lang='grc' dir='ltr'><strong>κατά</strong></span> <span class='ocrx_word' id='word_1_124' title='bbox 980 1448 1070 1500; x_wconf 81' lang='grc' dir='ltr'>τὸν</span> <span class='ocrx_word' id='word_1_125' title='bbox 1094 1447 1339 1520; x_wconf 78' lang='grc' dir='ltr'>ζηλωτὴν</span> <span class='ocrx_word' id='word_1_126' title='bbox 1370 1451 1552 1514; x_wconf 85' lang='grc' dir='ltr'>Φινεὲς</span> <span class='ocrx_word' id='word_1_127' title='bbox 1568 1454 1630 1522; x_wconf 82' lang='grc' dir='ltr'><strong>τῇ</strong></span> <span class='ocrx_word' id='word_1_128' title='bbox 1671 1455 1768 1524; x_wconf 86' lang='grc' dir='ltr'><strong>μιᾷ</strong></span> 
     </span>
    </p>
   </div>
   <div class='ocr_carea' id='block_1_19' title="bbox 173 1535 1766 1608">
    <p class='ocr_par' dir='ltr' id='par_1_19' title="bbox 173 1535 1766 1608">
     <span class='ocr_line' id='line_1_19' title="bbox 173 1535 1766 1608; baseline 0.004 -21"><span class='ocrx_word' id='word_1_129' title='bbox 173 1536 368 1606; x_wconf 80' lang='grc' dir='ltr'>πληγῇ</span> <span class='ocrx_word' id='word_1_130' title='bbox 399 1535 490 1589; x_wconf 76' lang='grc' dir='ltr'>τοῦ</span> <span class='ocrx_word' id='word_1_131' title='bbox 525 1536 748 1606; x_wconf 80' lang='grc' dir='ltr'><strong>ἐλέγχου</strong></span> <span class='ocrx_word' id='word_1_132' title='bbox 792 1538 1118 1608; x_wconf 72' lang='grc' dir='ltr'>ἀμφοτέρων</span> <span class='ocrx_word' id='word_1_133' title='bbox 1152 1539 1286 1608; x_wconf 76' lang='grc' dir='ltr'>ὁμοῦ</span> <span class='ocrx_word' id='word_1_134' title='bbox 1319 1539 1640 1594; x_wconf 85' lang='grc' dir='ltr'>καθικέσθαι</span> <span class='ocrx_word' id='word_1_135' title='bbox 1657 1542 1766 1595; x_wconf 84' lang='grc' dir='ltr'>τῶν</span> 
     </span>
    </p>
   </div>
   <div class='ocr_carea' id='block_1_20' title="bbox 173 1626 1762 1704">
    <p class='ocr_par' dir='ltr' id='par_1_20' title="bbox 173 1626 1762 1704">
     <span class='ocr_line' id='line_1_20' title="bbox 173 1626 1762 1704; baseline 0.005 -26"><span class='ocrx_word' id='word_1_136' title='bbox 173 1626 328 1679; x_wconf 75' lang='grc' dir='ltr'>κατὰ</span> <span class='ocrx_word' id='word_1_137' title='bbox 359 1628 458 1698; x_wconf 70' lang='grc' dir='ltr'><strong>τὴν</strong></span> <span class='ocrx_word' id='word_1_138' title='bbox 485 1627 765 1680; x_wconf 86' lang='grc' dir='ltr'>εὐσέϐειαν</span> <span class='ocrx_word' id='word_1_139' title='bbox 795 1629 928 1700; x_wconf 72' lang='grc'>(60⁸)</span> <span class='ocrx_word' id='word_1_140' title='bbox 965 1631 1470 1702; x_wconf 74' lang='grc' dir='ltr'><strong>συμπεπλεγμένων</strong></span> <span class='ocrx_word' id='word_1_141' title='bbox 1492 1633 1762 1704; x_wconf 77' lang='grc' dir='ltr'>ἀλλήλοις.</span> 
     </span>
    </p>
   </div>
   <div class='ocr_carea' id='block_1_21' title="bbox 173 1714 1764 1793">
    <p class='ocr_par' dir='ltr' id='par_1_21' title="bbox 173 1714 1764 1793">
     <span class='ocr_line' id='line_1_21' title="bbox 173 1714 1764 1793; baseline 0.007 -28"><span class='ocrx_word' id='word_1_142' title='bbox 173 1714 362 1767; x_wconf 85' lang='grc' dir='ltr'>Πολλά</span> <span class='ocrx_word' id='word_1_143' title='bbox 403 1715 580 1770; x_wconf 81' lang='grc' dir='ltr'>τοίνυν</span> <span class='ocrx_word' id='word_1_144' title='bbox 605 1716 742 1787; x_wconf 77' lang='grc' dir='ltr'>ἔχων</span> <span class='ocrx_word' id='word_1_145' title='bbox 773 1718 932 1770; x_wconf 77' lang='grc' dir='ltr'>αὑτὸν</span> <span class='ocrx_word' id='word_1_146' title='bbox 963 1721 1019 1772; x_wconf 87' lang='grc' dir='ltr'>ἐν</span> <span class='ocrx_word' id='word_1_147' title='bbox 1051 1720 1236 1791; x_wconf 78' lang='grc' dir='ltr'>ιτούτῳ</span> <span class='ocrx_word' id='word_1_148' title='bbox 1263 1722 1532 1774; x_wconf 82' lang='grc' dir='ltr'>δεικνύναι</span> <span class='ocrx_word' id='word_1_149' title='bbox 1574 1723 1648 1793; x_wconf 84' lang='grc' dir='ltr'>τῷ</span> <span class='ocrx_word' id='word_1_150' title='bbox 1675 1723 1764 1777; x_wconf 84' lang='grc' dir='ltr'>λό-</span> 
     </span>
    </p>
   </div>
   <div class='ocr_carea' id='block_1_22' title="bbox 1870 909 3434 978">
    <p class='ocr_par' dir='ltr' id='par_1_22' title="bbox 1870 909 3434 978">
     <span class='ocr_line' id='line_1_22' title="bbox 1870 909 3434 978; baseline 0 -16"><span class='ocrx_word' id='word_1_151' title='bbox 1870 910 2202 978; x_wconf 89' lang='lat' dir='ltr'><strong>propositum</strong></span> <span class='ocrx_word' id='word_1_152' title='bbox 2239 911 2393 964; x_wconf 85' lang='lat' dir='ltr'><strong>nobis</strong></span> <span class='ocrx_word' id='word_1_153' title='bbox 2423 919 2526 964; x_wconf 91' lang='lat' dir='ltr'><strong>est.</strong></span> <span class='ocrx_word' id='word_1_154' title='bbox 2559 909 2690 964; x_wconf 88' lang='lat' dir='ltr'><strong>Cum</strong></span> <span class='ocrx_word' id='word_1_155' title='bbox 2727 919 2902 963; x_wconf 89' lang='lat' dir='ltr'><strong>autem</strong></span> <span class='ocrx_word' id='word_1_156' title='bbox 2935 911 3118 964; x_wconf 88' lang='lat' dir='ltr'><strong>eadem</strong></span> <span class='ocrx_word' id='word_1_157' title='bbox 3167 911 3220 962; x_wconf 91' lang='lat' dir='ltr'><strong>in</strong></span> <span class='ocrx_word' id='word_1_158' title='bbox 3269 911 3434 962; x_wconf 87' lang='lat' dir='ltr'><strong>utris-</strong></span> 
     </span>
    </p>
   </div>
   <div class='ocr_carea' id='block_1_23' title="bbox 1871 999 3436 1068">
    <p class='ocr_par' dir='ltr' id='par_1_23' title="bbox 1871 999 3436 1068">
     <span class='ocr_line' id='line_1_23' title="bbox 1871 999 3436 1068; baseline 0.001 -17"><span class='ocrx_word' id='word_1_159' title='bbox 1871 1015 1977 1067; x_wconf 89' lang='lat' dir='ltr'><strong>que</strong></span> <span class='ocrx_word' id='word_1_160' title='bbox 2011 1001 2327 1067; x_wconf 79' lang='lat' dir='ltr'><strong>improbitas</strong></span> <span class='ocrx_word' id='word_1_161' title='bbox 2357 1001 2448 1066; x_wconf 87' lang='lat' dir='ltr'><strong>sit,</strong></span> <span class='ocrx_word' id='word_1_162' title='bbox 2480 1001 2653 1068; x_wconf 86' lang='lat' dir='ltr'><strong>palam</strong></span> <span class='ocrx_word' id='word_1_163' title='bbox 2704 1008 2788 1055; x_wconf 88' lang='lat' dir='ltr'><strong>est</strong></span> <span class='ocrx_word' id='word_1_164' title='bbox 2819 1001 2873 1053; x_wconf 89' lang='lat' dir='ltr'><strong>in</strong></span> <span class='ocrx_word' id='word_1_165' title='bbox 2908 1000 3146 1068; x_wconf 87' lang='lat' dir='ltr'><strong>perfecto</strong></span> <span class='ocrx_word' id='word_1_166' title='bbox 3173 999 3436 1068; x_wconf 90' lang='lat' dir='ltr'><strong>discipulo</strong></span> 
     </span>
    </p>
   </div>
   <div class='ocr_carea' id='block_1_24' title="bbox 1871 1091 3436 1162">
    <p class='ocr_par' dir='ltr' id='par_1_24' title="bbox 1871 1091 3436 1162">
     <span class='ocr_line' id='line_1_24' title="bbox 1871 1091 3436 1162; baseline 0.001 -18"><span class='ocrx_word' id='word_1_167' title='bbox 1871 1093 2190 1160; x_wconf 85' lang='lat' dir='ltr'><strong>magistrum</strong></span> <span class='ocrx_word' id='word_1_168' title='bbox 2219 1107 2456 1162; x_wconf 88' lang='lat' dir='ltr'><strong>quoque,</strong></span> <span class='ocrx_word' id='word_1_169' title='bbox 2483 1093 2573 1162; x_wconf 89' lang='lat' dir='ltr'><strong>qui</strong></span> <span class='ocrx_word' id='word_1_170' title='bbox 2605 1093 2810 1146; x_wconf 87' lang='lat' dir='ltr'><strong>semina</strong></span> <span class='ocrx_word' id='word_1_171' title='bbox 2842 1092 3132 1160; x_wconf 86' lang='lat' dir='ltr'><strong>impietatis</strong></span> <span class='ocrx_word' id='word_1_172' title='bbox 3171 1091 3320 1159; x_wconf 86' lang='lat' dir='ltr'><strong>jecit,</strong></span> <span class='ocrx_word' id='word_1_173' title='bbox 3347 1105 3436 1146; x_wconf 90' lang='lat' dir='ltr'><strong>re-</strong></span> 
     </span>
    </p>
   </div>
   <div class='ocr_carea' id='block_1_25' title="bbox 1872 1183 3436 1253">
    <p class='ocr_par' dir='ltr' id='par_1_25' title="bbox 1872 1183 3436 1253">
     <span class='ocr_line' id='line_1_25' title="bbox 1872 1183 3436 1253; baseline -0.002 -16"><span class='ocrx_word' id='word_1_174' title='bbox 1872 1185 2098 1239; x_wconf 84' lang='lat' dir='ltr'><strong>futatum</strong></span> <span class='ocrx_word' id='word_1_175' title='bbox 2127 1186 2226 1250; x_wconf 90' lang='lat' dir='ltr'><strong>iri;</strong></span> <span class='ocrx_word' id='word_1_176' title='bbox 2258 1188 2304 1238; x_wconf 88' lang='lat' dir='ltr'><strong>si</strong></span> <span class='ocrx_word' id='word_1_177' title='bbox 2337 1186 2496 1239; x_wconf 90' lang='lat' dir='ltr'><strong>modo</strong></span> <span class='ocrx_word' id='word_1_178' title='bbox 2539 1185 2695 1239; x_wconf 89' lang='lat' dir='ltr'><strong>nobis</strong></span> <span class='ocrx_word' id='word_1_179' title='bbox 2735 1185 2931 1238; x_wconf 80' lang='lat' dir='ltr'><strong>vestris</strong></span> <span class='ocrx_word' id='word_1_180' title='bbox 2965 1183 3214 1253; x_wconf 86' lang='lat' dir='ltr'><strong>precibus</strong></span> <span class='ocrx_word' id='word_1_181' title='bbox 3252 1183 3436 1236; x_wconf 89' lang='lat' dir='ltr'><strong>datum</strong></span> 
     </span>
    </p>
   </div>
   <div class='ocr_carea' id='block_1_26' title="bbox 1870 1273 3434 1345">
    <p class='ocr_par' dir='ltr' id='par_1_26' title="bbox 1870 1273 3434 1345">
     <span class='ocr_line' id='line_1_26' title="bbox 1870 1273 3434 1345; baseline -0.001 -15"><span class='ocrx_word' id='word_1_182' title='bbox 1870 1278 2033 1332; x_wconf 83' lang='lat' dir='ltr'><strong>fuerit.</strong></span> <span class='ocrx_word' id='word_1_183' title='bbox 2082 1277 2191 1330; x_wconf 85' lang='lat' dir='ltr'><strong>vim</strong></span> <span class='ocrx_word' id='word_1_184' title='bbox 2241 1277 2452 1332; x_wconf 88' lang='lat' dir='ltr'><strong>dicendi</strong></span> <span class='ocrx_word' id='word_1_185' title='bbox 2506 1285 2707 1330; x_wconf 88' lang='lat' dir='ltr'><strong>tantam</strong></span> <span class='ocrx_word' id='word_1_186' title='bbox 2764 1275 3030 1345; x_wconf 87' lang='lat' dir='ltr'><strong>accipere,</strong></span> <span class='ocrx_word' id='word_1_187' title='bbox 3063 1284 3142 1339; x_wconf 89' lang='lat' dir='ltr'><strong>ut,</strong></span> <span class='ocrx_word' id='word_1_188' title='bbox 3189 1273 3434 1342; x_wconf 78' lang='lat' dir='ltr'><strong>exetnplo</strong></span> 
     </span>
    </p>
   </div>
   <div class='ocr_carea' id='block_1_27' title="bbox 1869 1366 3436 1442">
    <p class='ocr_par' dir='ltr' id='par_1_27' title="bbox 1869 1366 3436 1442">
     <span class='ocr_line' id='line_1_27' title="bbox 1869 1366 3436 1442; baseline -0.004 -19"><span class='ocrx_word' id='word_1_189' title='bbox 1869 1369 2197 1424; x_wconf 85' lang='lat' dir='ltr'><strong>aemulatoris</strong></span> <span class='ocrx_word' id='word_1_190' title='bbox 2232 1369 2373 1442; x_wconf 77' lang='lat' dir='ltr'><strong>illius</strong></span> <span class='ocrx_word' id='word_1_191' title='bbox 2405 1368 2636 1422; x_wconf 87' lang='lat' dir='ltr'><strong>Phinees</strong></span> <span class='ocrx_word' id='word_1_192' title='bbox 2661 1368 2728 1432; x_wconf 72' lang='grc'><strong>⁵⁵,</strong></span> <span class='ocrx_word' id='word_1_193' title='bbox 2770 1378 3023 1434; x_wconf 83' lang='lat' dir='ltr'><strong>utrosque</strong></span> <span class='ocrx_word' id='word_1_194' title='bbox 3070 1367 3212 1418; x_wconf 90' lang='lat' dir='ltr'><strong>inter</strong></span> <span class='ocrx_word' id='word_1_195' title='bbox 3243 1379 3300 1418; x_wconf 91' lang='lat' dir='ltr'><strong>se</strong></span> <span class='ocrx_word' id='word_1_196' title='bbox 3333 1366 3436 1416; x_wconf 90' lang='lat' dir='ltr'><strong>im-</strong></span> 
     </span>
    </p>
   </div>
   <div class='ocr_carea' id='block_1_28' title="bbox 1868 1454 3434 1531">
    <p class='ocr_par' dir='ltr' id='par_1_28' title="bbox 1868 1454 3434 1531">
     <span class='ocr_line' id='line_1_28' title="bbox 1868 1454 3434 1531; baseline -0.005 -17"><span class='ocrx_word' id='word_1_197' title='bbox 1868 1463 2068 1531; x_wconf 88' lang='lat' dir='ltr'><strong>pietate</strong></span> <span class='ocrx_word' id='word_1_198' title='bbox 2122 1461 2439 1530; x_wconf 82' lang='lat' dir='ltr'><strong>conjuuctos</strong></span> <span class='ocrx_word' id='word_1_199' title='bbox 2488 1476 2596 1514; x_wconf 81' lang='lat' dir='ltr'><strong>uno</strong></span> <span class='ocrx_word' id='word_1_200' title='bbox 2653 1459 3051 1527; x_wconf 85' lang='lat' dir='ltr'><strong>redargutionis</strong></span> <span class='ocrx_word' id='word_1_201' title='bbox 3104 1457 3212 1510; x_wconf 88' lang='lat' dir='ltr'><strong>ictu</strong></span> <span class='ocrx_word' id='word_1_202' title='bbox 3273 1454 3434 1508; x_wconf 90' lang='lat' dir='ltr'><strong>simul</strong></span> 
     </span>
    </p>
   </div>
   <div class='ocr_carea' id='block_1_29' title="bbox 1868 1544 3432 1622">
    <p class='ocr_par' dir='ltr' id='par_1_29' title="bbox 1868 1544 3432 1622">
     <span class='ocr_line' id='line_1_29' title="bbox 1868 1544 3432 1622; baseline -0.006 -15"><span class='ocrx_word' id='word_1_203' title='bbox 1868 1552 2225 1622; x_wconf 87' lang='lat' dir='ltr'><strong>eonfigamus.</strong></span> <span class='ocrx_word' id='word_1_204' title='bbox 2254 1553 2366 1605; x_wconf 89' lang='lat' dir='ltr'><strong>Etsi</strong></span> <span class='ocrx_word' id='word_1_205' title='bbox 2404 1551 2564 1617; x_wconf 78' lang='lat' dir='ltr'><strong>igitur</strong></span> <span class='ocrx_word' id='word_1_206' title='bbox 2597 1550 2762 1603; x_wconf 86' lang='lat' dir='ltr'><strong>multa</strong></span> <span class='ocrx_word' id='word_1_207' title='bbox 2807 1554 3100 1617; x_wconf 76' lang='lat' dir='ltr'><strong>Suppetunt</strong></span> <span class='ocrx_word' id='word_1_208' title='bbox 3130 1545 3280 1607; x_wconf 87' lang='lat' dir='ltr'><strong>mibi,</strong></span> <span class='ocrx_word' id='word_1_209' title='bbox 3310 1544 3432 1613; x_wconf 87' lang='lat' dir='ltr'><strong>qui-</strong></span> 
     </span>
    </p>
   </div>
   <div class='ocr_carea' id='block_1_30' title="bbox 1868 1639 3436 1712">
    <p class='ocr_par' dir='ltr' id='par_1_30' title="bbox 1868 1639 3436 1712">
     <span class='ocr_line' id='line_1_30' title="bbox 1868 1639 3436 1712; baseline -0.006 -14"><span class='ocrx_word' id='word_1_210' title='bbox 1868 1645 1968 1699; x_wconf 89' lang='lat' dir='ltr'><strong>bus</strong></span> <span class='ocrx_word' id='word_1_211' title='bbox 1997 1647 2281 1698; x_wconf 83' lang='lat' dir='ltr'><strong>ostendere</strong></span> <span class='ocrx_word' id='word_1_212' title='bbox 2313 1645 2516 1712; x_wconf 87' lang='lat' dir='ltr'><strong>possim</strong></span> <span class='ocrx_word' id='word_1_213' title='bbox 2550 1659 2672 1697; x_wconf 87' lang='lat' dir='ltr'><strong>eum</strong></span> <span class='ocrx_word' id='word_1_214' title='bbox 2719 1643 2882 1697; x_wconf 91' lang='lat' dir='ltr'><strong>fuisse</strong></span> <span class='ocrx_word' id='word_1_215' title='bbox 2927 1643 2980 1694; x_wconf 89' lang='lat' dir='ltr'><strong>in</strong></span> <span class='ocrx_word' id='word_1_216' title='bbox 3012 1656 3074 1694; x_wconf 86' lang='lat' dir='ltr'><strong>eo</strong></span> <span class='ocrx_word' id='word_1_217' title='bbox 3107 1639 3242 1694; x_wconf 90' lang='lat' dir='ltr'><strong>libro</strong></span> <span class='ocrx_word' id='word_1_218' title='bbox 3283 1653 3436 1691; x_wconf 89' lang='lat' dir='ltr'><strong>men-</strong></span> 
     </span>
    </p>
   </div>
   <div class='ocr_carea' id='block_1_31' title="bbox 1868 1731 3431 1804">
    <p class='ocr_par' dir='ltr' id='par_1_31' title="bbox 1868 1731 3431 1804">
     <span class='ocr_line' id='line_1_31' title="bbox 1868 1731 3431 1804; baseline -0.008 -12"><span class='ocrx_word' id='word_1_219' title='bbox 1868 1740 2088 1800; x_wconf 87' lang='lat' dir='ltr'><strong>dacem,</strong></span> <span class='ocrx_word' id='word_1_220' title='bbox 2145 1737 2486 1804; x_wconf 89' lang='lat' dir='ltr'><strong>imperitum,</strong></span> <span class='ocrx_word' id='word_1_221' title='bbox 2535 1735 2986 1798; x_wconf 84' lang='lat' dir='ltr'><strong>conviciatorem,</strong></span> <span class='ocrx_word' id='word_1_222' title='bbox 3040 1731 3431 1790; x_wconf 82' lang='lat' dir='ltr'><strong>cavillatorem,</strong></span> 
     </span>
    </p>
   </div>
   <div class='ocr_carea' id='block_1_32' title="bbox 171 1805 1759 1896">
    <p class='ocr_par' dir='ltr' id='par_1_32' title="bbox 171 1806 1758 1885">
     <span class='ocr_line' id='line_1_32' title="bbox 171 1806 1758 1885; baseline 0.006 -27"><span class='ocrx_word' id='word_1_223' title='bbox 171 1823 264 1877; x_wconf 83' lang='grc' dir='ltr'>γῳ</span> <span class='ocrx_word' id='word_1_224' title='bbox 290 1806 551 1878; x_wconf 76' lang='grc' dir='ltr'>ψεύστην,</span> <span class='ocrx_word' id='word_1_225' title='bbox 599 1809 806 1880; x_wconf 75' lang='grc' dir='ltr'>ἀμαθῆ,</span> <span class='ocrx_word' id='word_1_226' title='bbox 855 1811 1136 1881; x_wconf 79' lang='grc' dir='ltr'>ὑϐριστὴν,</span> <span class='ocrx_word' id='word_1_227' title='bbox 1167 1813 1386 1884; x_wconf 80' lang='grc' dir='ltr'>εἴρωνα,</span> <span class='ocrx_word' id='word_1_228' title='bbox 1423 1813 1758 1885; x_wconf 81' lang='grc' dir='ltr'>βλάσφημον,</span> 
     </span>
    </p>
   </div>
   <div class='ocr_carea' id='block_1_33' title="bbox 1873 1805 3431 1896">
    <p class='ocr_par' dir='ltr' id='par_1_33' title="bbox 1873 1817 3431 1896">
     <span class='ocr_line' id='line_1_33' title="bbox 1873 1817 3431 1896; baseline -0.005 -16"><span class='ocrx_word' id='word_1_229' title='bbox 1873 1829 2274 1896; x_wconf 76' lang='lat' dir='ltr'><strong>blaspliemum:</strong></span> <span class='ocrx_word' id='word_1_230' title='bbox 2303 1836 2496 1880; x_wconf 78' lang='lat' dir='ltr'><strong>caetera</strong></span> <span class='ocrx_word' id='word_1_231' title='bbox 2525 1826 2740 1894; x_wconf 86' lang='lat' dir='ltr'><strong>quidem</strong></span> <span class='ocrx_word' id='word_1_232' title='bbox 2771 1823 2945 1878; x_wconf 89' lang='lat' dir='ltr'><strong>obiter</strong></span> <span class='ocrx_word' id='word_1_233' title='bbox 2967 1817 3431 1882; x_wconf 81' lang='lat' dir='ltr'><strong>commemorabo;</strong></span> 
     </span>
    </p>
   </div>
   <div class='ocr_carea' id='block_1_34' title="bbox 173 1897 1756 1978">
    <p class='ocr_par' dir='ltr' id='par_1_34' title="bbox 173 1897 1756 1978">
     <span class='ocr_line' id='line_1_34' title="bbox 173 1897 1756 1978; baseline 0.008 -28"><span class='ocrx_word' id='word_1_234' title='bbox 173 1897 289 1950; x_wconf 81' lang='grc' dir='ltr'><strong>τῶν</strong></span> <span class='ocrx_word' id='word_1_235' title='bbox 341 1901 440 1970; x_wconf 80' lang='grc' dir='ltr'>μὲν</span> <span class='ocrx_word' id='word_1_236' title='bbox 490 1901 662 1956; x_wconf 85' lang='grc' dir='ltr'>ἄλλων</span> <span class='ocrx_word' id='word_1_237' title='bbox 712 1903 810 1974; x_wconf 83' lang='grc' dir='ltr'>τὴν</span> <span class='ocrx_word' id='word_1_238' title='bbox 854 1906 1073 1976; x_wconf 87' lang='grc' dir='ltr'>μνήμην</span> <span class='ocrx_word' id='word_1_239' title='bbox 1123 1909 1180 1958; x_wconf 90' lang='grc' dir='ltr'><strong>ἐν</strong></span> <span class='ocrx_word' id='word_1_240' title='bbox 1209 1907 1469 1978; x_wconf 82' lang='grc' dir='ltr'>παρέργῳ</span> <span class='ocrx_word' id='word_1_241' title='bbox 1501 1909 1756 1978; x_wconf 80' lang='grc' dir='ltr'>θήσομαι,</span> 
     </span>
    </p>
   </div>
   <div class='ocr_carea' id='block_1_35' title="bbox 173 1988 1758 2068">
    <p class='ocr_par' dir='ltr' id='par_1_35' title="bbox 173 1988 1758 2068">
     <span class='ocr_line' id='line_1_35' title="bbox 173 1988 1758 2068; baseline 0.009 -30"><span class='ocrx_word' id='word_1_242' title='bbox 173 1988 278 2057; x_wconf 73' lang='grc' dir='ltr'>τὴν</span> <span class='ocrx_word' id='word_1_243' title='bbox 309 1988 365 2040; x_wconf 81' lang='grc' dir='ltr'>δὲ</span> <span class='ocrx_word' id='word_1_244' title='bbox 397 1989 773 2060; x_wconf 77' lang='grc' dir='ltr'>βλασφημίαν,</span> <span class='ocrx_word' id='word_1_245' title='bbox 809 1993 875 2062; x_wconf 81' lang='grc' dir='ltr'>ἣν</span> <span class='ocrx_word' id='word_1_246' title='bbox 922 1997 1001 2057; x_wconf 91' lang='grc' dir='ltr'><strong>είς</strong></span> <span class='ocrx_word' id='word_1_247' title='bbox 1051 1996 1109 2047; x_wconf 88' lang='grc' dir='ltr'>τὸ</span> <span class='ocrx_word' id='word_1_248' title='bbox 1162 1995 1292 2064; x_wconf 67' lang='grc' dir='ltr'>ὕψος</span> <span class='ocrx_word' id='word_1_249' title='bbox 1338 1998 1436 2066; x_wconf 77' lang='grc' dir='ltr'>τῆς</span> <span class='ocrx_word' id='word_1_250' title='bbox 1476 1999 1634 2068; x_wconf 78' lang='grc' dir='ltr'>δόξης</span> <span class='ocrx_word' id='word_1_251' title='bbox 1664 1999 1758 2052; x_wconf 83' lang='grc' dir='ltr'>τοῦ</span> 
     </span>
    </p>
   </div>
   <div class='ocr_carea' id='block_1_36' title="bbox 173 2083 1762 2162">
    <p class='ocr_par' dir='ltr' id='par_1_36' title="bbox 173 2083 1762 2162">
     <span class='ocr_line' id='line_1_36' title="bbox 173 2083 1762 2162; baseline 0.008 -29"><span class='ocrx_word' id='word_1_252' title='bbox 173 2083 516 2150; x_wconf 77' lang='grc' dir='ltr'>Μονογενοῦς</span> <span class='ocrx_word' id='word_1_253' title='bbox 545 2085 792 2156; x_wconf 85' lang='grc' dir='ltr'>ἐλάλησε,</span> <span class='ocrx_word' id='word_1_254' title='bbox 822 2086 930 2140; x_wconf 82' lang='grc' dir='ltr'>τῶν</span> <span class='ocrx_word' id='word_1_255' title='bbox 978 2087 1041 2140; x_wconf 90' lang='grc' dir='ltr'><strong>ἐκ</strong></span> <span class='ocrx_word' id='word_1_256' title='bbox 1081 2088 1178 2157; x_wconf 81' lang='grc' dir='ltr'>τῆς</span> <span class='ocrx_word' id='word_1_257' title='bbox 1219 2089 1411 2158; x_wconf 84' lang='grc' dir='ltr'>τέχνης</span> <span class='ocrx_word' id='word_1_258' title='bbox 1447 2093 1762 2162; x_wconf 84' lang='grc' dir='ltr'>προκαλυμ-</span> 
     </span>
    </p>
   </div>
   <div class='ocr_carea' id='block_1_37' title="bbox 175 2175 1763 2254">
    <p class='ocr_par' dir='ltr' id='par_1_37' title="bbox 175 2175 1763 2254">
     <span class='ocr_line' id='line_1_37' title="bbox 175 2175 1763 2254; baseline 0.008 -29"><span class='ocrx_word' id='word_1_259' title='bbox 175 2175 372 2244; x_wconf 79' lang='grc' dir='ltr'>μάτων</span> <span class='ocrx_word' id='word_1_260' title='bbox 401 2175 823 2248; x_wconf 74' lang='grc' dir='ltr'>ἀπογυμνώσας,</span> <span class='ocrx_word' id='word_1_261' title='bbox 853 2179 1074 2251; x_wconf 82' lang='grc' dir='ltr'>ἐμφανῆ</span> <span class='ocrx_word' id='word_1_262' title='bbox 1114 2182 1245 2234; x_wconf 83' lang='grc' dir='ltr'>πᾶσι</span> <span class='ocrx_word' id='word_1_263' title='bbox 1265 2184 1612 2254; x_wconf 80' lang='grc' dir='ltr'>καταστῆσαι</span> <span class='ocrx_word' id='word_1_264' title='bbox 1646 2202 1763 2238; x_wconf 88' lang='grc' dir='ltr'>πει-</span> 
     </span>
    </p>
   </div>
   <div class='ocr_carea' id='block_1_38' title="bbox 175 2265 442 2336">
    <p class='ocr_par' dir='ltr' id='par_1_38' title="bbox 175 2265 442 2336">
     <span class='ocr_line' id='line_1_38' title="bbox 175 2265 442 2336; baseline 0.015 -20"><span class='ocrx_word' id='word_1_265' title='bbox 175 2265 442 2336; x_wconf 81' lang='grc' dir='ltr'>ράσομαι.</span> 
     </span>
    </p>
   </div>
   <div class='ocr_carea' id='block_1_39' title="bbox 125 2345 1767 2437">
    <p class='ocr_par' dir='ltr' id='par_1_39' title="bbox 125 2345 1767 2437">
     <span class='ocr_line' id='line_1_39' title="bbox 125 2345 1767 2437; baseline 0.008 -28"><span class='ocrx_word' id='word_1_266' title='bbox 125 2345 132 2352; x_wconf 59' lang='grc'><strong>’</strong></span> <span class='ocrx_word' id='word_1_267' title='bbox 248 2359 306 2410; x_wconf 78' lang='grc'>2.</span> <span class='ocrx_word' id='word_1_268' title='bbox 339 2359 484 2428; x_wconf 84' lang='grc' dir='ltr'><strong>Ἤδη</strong></span> <span class='ocrx_word' id='word_1_269' title='bbox 523 2359 579 2411; x_wconf 83' lang='grc' dir='ltr'><strong>δέ</strong></span> <span class='ocrx_word' id='word_1_270' title='bbox 613 2359 898 2430; x_wconf 80' lang='grc' dir='ltr'>βαδιοῦμαι</span> <span class='ocrx_word' id='word_1_271' title='bbox 945 2363 1078 2434; x_wconf 74' lang='grc' dir='ltr'>πρὸς</span> <span class='ocrx_word' id='word_1_272' title='bbox 1121 2364 1247 2430; x_wconf 75' lang='grc' dir='ltr'>τοὺς</span> <span class='ocrx_word' id='word_1_273' title='bbox 1274 2365 1552 2437; x_wconf 77' lang='grc' dir='ltr'>ἐλέγχους,</span> <span class='ocrx_word' id='word_1_274' title='bbox 1584 2368 1643 2432; x_wconf 84' lang='grc' dir='ltr'>ἐξ</span> <span class='ocrx_word' id='word_1_275' title='bbox 1672 2370 1767 2422; x_wconf 87' lang='grc' dir='ltr'><strong>αὐ-</strong></span> 
     </span>
    </p>
   </div>
   <div class='ocr_carea' id='block_1_40' title="bbox 175 2451 1764 2533">
    <p class='ocr_par' dir='ltr' id='par_1_40' title="bbox 175 2451 1764 2533">
     <span class='ocr_line' id='line_1_40' title="bbox 175 2451 1764 2533; baseline -0.001 -19"><span class='ocrx_word' id='word_1_276' title='bbox 175 2451 280 2520; x_wconf 78' lang='grc' dir='ltr'><strong>τῆς</strong></span> <span class='ocrx_word' id='word_1_277' title='bbox 310 2451 409 2520; x_wconf 70' lang='grc' dir='ltr'><strong>τῆς</strong></span> <span class='ocrx_word' id='word_1_278' title='bbox 439 2452 750 2522; x_wconf 69' lang='grc' dir='ltr'>ἐπιγραφῆς</span> <span class='ocrx_word' id='word_1_279' title='bbox 785 2455 882 2524; x_wconf 81' lang='grc' dir='ltr'><strong>τὴν</strong></span> <span class='ocrx_word' id='word_1_280' title='bbox 921 2455 1092 2526; x_wconf 76' lang='grc' dir='ltr'>ἀρχὴν</span> <span class='ocrx_word' id='word_1_281' title='bbox 1123 2459 1505 2528; x_wconf 86' lang='grc' dir='ltr'>ποιησάμενος.</span> <span class='ocrx_word' id='word_1_282' title='bbox 1543 2460 1764 2533; x_wconf 83' lang='grc' dir='ltr'>Πρῶτον</span> 
     </span>
    </p>
   </div>
   <div class='ocr_carea' id='block_1_41' title="bbox 175 2541 1766 2621">
    <p class='ocr_par' dir='ltr' id='par_1_41' title="bbox 175 2541 1766 2621">
     <span class='ocr_line' id='line_1_41' title="bbox 175 2541 1766 2621; baseline 0.009 -30"><span class='ocrx_word' id='word_1_283' title='bbox 175 2541 284 2616; x_wconf 75' lang='grc' dir='ltr'>μὲν</span> <span class='ocrx_word' id='word_1_284' title='bbox 311 2541 420 2610; x_wconf 81' lang='grc' dir='ltr'><strong>γὰρ</strong></span> <span class='ocrx_word' id='word_1_285' title='bbox 453 2541 602 2611; x_wconf 77' lang='grc' dir='ltr'>αὐτῷ</span> <span class='ocrx_word' id='word_1_286' title='bbox 635 2544 852 2596; x_wconf 86' lang='grc' dir='ltr'>πάντων</span> <span class='ocrx_word' id='word_1_287' title='bbox 882 2545 1250 2618; x_wconf 85' lang='grc' dir='ltr'>κακούργημα</span> <span class='ocrx_word' id='word_1_288' title='bbox 1292 2550 1351 2601; x_wconf 81' lang='grc' dir='ltr'>τὸ</span> <span class='ocrx_word' id='word_1_289' title='bbox 1382 2549 1568 2621; x_wconf 76' lang='grc' dir='ltr'>σχῆμα</span> <span class='ocrx_word' id='word_1_290' title='bbox 1610 2551 1766 2604; x_wconf 81' lang='grc' dir='ltr'>τοῦτο</span> 
     </span>
    </p>
   </div>
   <div class='ocr_carea' id='block_1_42' title="bbox 175 2629 1764 2714">
    <p class='ocr_par' dir='ltr' id='par_1_42' title="bbox 175 2629 1764 2714">
     <span class='ocr_line' id='line_1_42' title="bbox 175 2629 1764 2714; baseline 0.009 -33"><span class='ocrx_word' id='word_1_291' title='bbox 175 2629 290 2682; x_wconf 84' lang='grc' dir='ltr'>τῶν</span> <span class='ocrx_word' id='word_1_292' title='bbox 338 2629 510 2699; x_wconf 86' lang='grc' dir='ltr'>λόγων</span> <span class='ocrx_word' id='word_1_293' title='bbox 559 2633 922 2704; x_wconf 85' lang='grc' dir='ltr'>ἐπινενόηται,</span> <span class='ocrx_word' id='word_1_294' title='bbox 967 2638 1024 2688; x_wconf 90' lang='grc' dir='ltr'><strong>ἐν</strong></span> <span class='ocrx_word' id='word_1_295' title='bbox 1069 2637 1365 2706; x_wconf 83' lang='grc' dir='ltr'>ἀπολογίας</span> <span class='ocrx_word' id='word_1_296' title='bbox 1403 2641 1531 2693; x_wconf 82' lang='grc' dir='ltr'>εἴδει</span> <span class='ocrx_word' id='word_1_297' title='bbox 1561 2641 1659 2714; x_wconf 83' lang='grc' dir='ltr'><strong>τὴν</strong></span> <span class='ocrx_word' id='word_1_298' title='bbox 1689 2643 1764 2696; x_wconf 90' lang='grc' dir='ltr'>δι-</span> 
     </span>
    </p>
   </div>
   <div class='ocr_carea' id='block_1_43' title="bbox 175 2721 1763 2803">
    <p class='ocr_par' dir='ltr' id='par_1_43' title="bbox 175 2721 1763 2803">
     <span class='ocr_line' id='line_1_43' title="bbox 175 2721 1763 2803; baseline 0.008 -29"><span class='ocrx_word' id='word_1_299' title='bbox 175 2721 477 2778; x_wconf 85' lang='grc' dir='ltr'>δασκαλίαν</span> <span class='ocrx_word' id='word_1_300' title='bbox 509 2725 753 2778; x_wconf 77' lang='grc' dir='ltr'>συνθέντι</span> <span class='ocrx_word' id='word_1_301' title='bbox 781 2725 917 2795; x_wconf 79' lang='lat' dir='ltr'><strong>(Gl),</strong></span> <span class='ocrx_word' id='word_1_302' title='bbox 955 2728 1042 2780; x_wconf 81' lang='grc' dir='ltr'><strong>ἵνα</strong></span> <span class='ocrx_word' id='word_1_303' title='bbox 1076 2729 1149 2798; x_wconf 82' lang='grc' dir='ltr'>μὴ</span> <span class='ocrx_word' id='word_1_304' title='bbox 1181 2727 1304 2801; x_wconf 81' lang='grc' dir='ltr'>δόξῃ</span> <span class='ocrx_word' id='word_1_305' title='bbox 1338 2734 1763 2803; x_wconf 87' lang='grc' dir='ltr'>προηγουμένως</span> 
     </span>
    </p>
   </div>
   <div class='ocr_carea' id='block_1_44' title="bbox 125 2815 1758 2895">
    <p class='ocr_par' dir='ltr' id='par_1_44' title="bbox 125 2815 1758 2895">
     <span class='ocr_line' id='line_1_44' title="bbox 125 2815 1758 2895; baseline 0.009 -30"><span class='ocrx_word' id='word_1_306' title='bbox 125 2856 128 2859; x_wconf 95' lang='grc'><strong>.</strong></span> <span class='ocrx_word' id='word_1_307' title='bbox 175 2815 453 2869; x_wconf 85' lang='grc' dir='ltr'>ποιεῖσθαι</span> <span class='ocrx_word' id='word_1_308' title='bbox 478 2817 585 2870; x_wconf 86' lang='grc' dir='ltr'>τῶν</span> <span class='ocrx_word' id='word_1_309' title='bbox 631 2818 914 2888; x_wconf 85' lang='grc' dir='ltr'>δογμάτων</span> <span class='ocrx_word' id='word_1_310' title='bbox 956 2821 1052 2890; x_wconf 82' lang='grc' dir='ltr'>τῆς</span> <span class='ocrx_word' id='word_1_311' title='bbox 1101 2821 1354 2886; x_wconf 87' lang='grc' dir='ltr'>ἀσεϐείας</span> <span class='ocrx_word' id='word_1_312' title='bbox 1387 2825 1484 2895; x_wconf 79' lang='grc' dir='ltr'>τὴν</span> <span class='ocrx_word' id='word_1_313' title='bbox 1523 2825 1758 2892; x_wconf 80' lang='grc' dir='ltr'>ἔκθεσιν,</span> 
     </span>
    </p>
   </div>
   <div class='ocr_carea' id='block_1_45' title="bbox 1865 1910 3432 1988">
    <p class='ocr_par' dir='ltr' id='par_1_45' title="bbox 1865 1910 3432 1988">
     <span class='ocr_line' id='line_1_45' title="bbox 1865 1910 3432 1988; baseline -0.006 -14"><span class='ocrx_word' id='word_1_314' title='bbox 1865 1919 2254 1988; x_wconf 86' lang='lat' dir='ltr'><strong>blasphemiam</strong></span> <span class='ocrx_word' id='word_1_315' title='bbox 2307 1933 2436 1972; x_wconf 86' lang='lat' dir='ltr'><strong>vero</strong></span> <span class='ocrx_word' id='word_1_316' title='bbox 2481 1933 2644 1987; x_wconf 89' lang='lat' dir='ltr'><strong>quam</strong></span> <span class='ocrx_word' id='word_1_317' title='bbox 2705 1917 2756 1970; x_wconf 94' lang='lat' dir='ltr'><strong>in</strong></span> <span class='ocrx_word' id='word_1_318' title='bbox 2815 1914 3196 1968; x_wconf 85' lang='lat' dir='ltr'><strong>sublimitatem</strong></span> <span class='ocrx_word' id='word_1_319' title='bbox 3251 1910 3432 1980; x_wconf 60' lang='lat' dir='ltr'><strong>gloritn</strong></span> 
     </span>
    </p>
   </div>
   <div class='ocr_carea' id='block_1_46' title="bbox 1868 2003 3434 2078">
    <p class='ocr_par' dir='ltr' id='par_1_46' title="bbox 1868 2003 3434 2078">
     <span class='ocr_line' id='line_1_46' title="bbox 1868 2003 3434 2078; baseline -0.007 -13"><span class='ocrx_word' id='word_1_320' title='bbox 1868 2009 2140 2078; x_wconf 85' lang='lat' dir='ltr'><strong>Unigeniti</strong></span> <span class='ocrx_word' id='word_1_321' title='bbox 2176 2010 2385 2063; x_wconf 89' lang='lat' dir='ltr'><strong>locutus</strong></span> <span class='ocrx_word' id='word_1_322' title='bbox 2413 2020 2515 2074; x_wconf 89' lang='lat' dir='ltr'><strong>est,</strong></span> <span class='ocrx_word' id='word_1_323' title='bbox 2551 2008 2683 2062; x_wconf 89' lang='lat' dir='ltr'><strong>artis</strong></span> <span class='ocrx_word' id='word_1_324' title='bbox 2714 2006 3006 2060; x_wconf 83' lang='lat' dir='ltr'><strong>involucris</strong></span> <span class='ocrx_word' id='word_1_325' title='bbox 3034 2003 3280 2068; x_wconf 91' lang='lat' dir='ltr'><strong>detectis,</strong></span> <span class='ocrx_word' id='word_1_326' title='bbox 3321 2015 3434 2055; x_wconf 86' lang='lat' dir='ltr'><strong>ma-</strong></span> 
     </span>
    </p>
   </div>
   <div class='ocr_carea' id='block_1_47' title="bbox 1865 2100 2884 2156">
    <p class='ocr_par' dir='ltr' id='par_1_47' title="bbox 1865 2100 2884 2156">
     <span class='ocr_line' id='line_1_47' title="bbox 1865 2100 2884 2156; baseline -0.005 0"><span class='ocrx_word' id='word_1_327' title='bbox 1865 2101 2116 2156; x_wconf 88' lang='lat' dir='ltr'><strong>nifestam</strong></span> <span class='ocrx_word' id='word_1_328' title='bbox 2142 2101 2391 2156; x_wconf 89' lang='lat' dir='ltr'><strong>omnibus</strong></span> <span class='ocrx_word' id='word_1_329' title='bbox 2419 2101 2597 2154; x_wconf 88' lang='lat' dir='ltr'><strong>facere</strong></span> <span class='ocrx_word' id='word_1_330' title='bbox 2627 2100 2884 2155; x_wconf 90' lang='lat' dir='ltr'><strong>conabor.</strong></span> 
     </span>
    </p>
   </div>
   <div class='ocr_carea' id='block_1_48' title="bbox 1940 2364 3432 2439">
    <p class='ocr_par' dir='ltr' id='par_1_48' title="bbox 1940 2364 3432 2439">
     <span class='ocr_line' id='line_1_48' title="bbox 1940 2364 3432 2439; baseline -0.006 -16"><span class='ocrx_word' id='word_1_331' title='bbox 1940 2369 1994 2425; x_wconf 75' lang='lat'><strong>2.</strong></span> <span class='ocrx_word' id='word_1_332' title='bbox 2033 2369 2138 2424; x_wconf 90' lang='lat' dir='ltr'><strong>Sed</strong></span> <span class='ocrx_word' id='word_1_333' title='bbox 2191 2369 2322 2439; x_wconf 92' lang='lat' dir='ltr'><strong>jam,</strong></span> <span class='ocrx_word' id='word_1_334' title='bbox 2368 2377 2580 2436; x_wconf 90' lang='lat' dir='ltr'><strong>sumpto</strong></span> <span class='ocrx_word' id='word_1_335' title='bbox 2614 2382 2680 2420; x_wconf 82' lang='lat' dir='ltr'><strong>ex</strong></span> <span class='ocrx_word' id='word_1_336' title='bbox 2715 2367 2828 2436; x_wconf 89' lang='lat' dir='ltr'><strong>ipsa</strong></span> <span class='ocrx_word' id='word_1_337' title='bbox 2876 2364 3226 2431; x_wconf 82' lang='lat' dir='ltr'><strong>inscriptione</strong></span> <span class='ocrx_word' id='word_1_338' title='bbox 3270 2375 3432 2431; x_wconf 89' lang='lat' dir='ltr'><strong>argu-</strong></span> 
     </span>
    </p>
   </div>
   <div class='ocr_carea' id='block_1_49' title="bbox 1869 2456 3434 2529">
    <p class='ocr_par' dir='ltr' id='par_1_49' title="bbox 1869 2456 3434 2529">
     <span class='ocr_line' id='line_1_49' title="bbox 1869 2456 3434 2529; baseline -0.007 -13"><span class='ocrx_word' id='word_1_339' title='bbox 1869 2472 2070 2526; x_wconf 88' lang='lat' dir='ltr'><strong>mento,</strong></span> <span class='ocrx_word' id='word_1_340' title='bbox 2101 2464 2352 2518; x_wconf 86' lang='lat' dir='ltr'><strong>accedam</strong></span> <span class='ocrx_word' id='word_1_341' title='bbox 2399 2462 2464 2514; x_wconf 89' lang='lat' dir='ltr'><strong>ad</strong></span> <span class='ocrx_word' id='word_1_342' title='bbox 2505 2461 2854 2529; x_wconf 84' lang='lat' dir='ltr'><strong>argueudum.</strong></span> <span class='ocrx_word' id='word_1_343' title='bbox 2887 2457 3100 2510; x_wconf 87' lang='lat' dir='ltr'><strong>Primus</strong></span> <span class='ocrx_word' id='word_1_344' title='bbox 3137 2456 3278 2508; x_wconf 89' lang='lat' dir='ltr'><strong>enim</strong></span> <span class='ocrx_word' id='word_1_345' title='bbox 3318 2468 3434 2506; x_wconf 85' lang='lat' dir='ltr'><strong>om-</strong></span> 
     </span>
    </p>
   </div>
   <div class='ocr_carea' id='block_1_50' title="bbox 1868 2545 3433 2618">
    <p class='ocr_par' dir='ltr' id='par_1_50' title="bbox 1868 2545 3433 2618">
     <span class='ocr_line' id='line_1_50' title="bbox 1868 2545 3433 2618; baseline -0.006 -11"><span class='ocrx_word' id='word_1_346' title='bbox 1868 2554 2018 2608; x_wconf 90' lang='lat' dir='ltr'><strong>nium</strong></span> <span class='ocrx_word' id='word_1_347' title='bbox 2049 2552 2226 2618; x_wconf 88' lang='lat' dir='ltr'><strong>dolus,</strong></span> <span class='ocrx_word' id='word_1_348' title='bbox 2255 2552 2343 2605; x_wconf 84' lang='lat' dir='ltr'><strong>hic</strong></span> <span class='ocrx_word' id='word_1_349' title='bbox 2386 2551 2478 2604; x_wconf 88' lang='lat' dir='ltr'><strong>ille</strong></span> <span class='ocrx_word' id='word_1_350' title='bbox 2511 2551 2559 2603; x_wconf 88' lang='lat' dir='ltr'><strong>ei</strong></span> <span class='ocrx_word' id='word_1_351' title='bbox 2590 2550 2925 2616; x_wconf 76' lang='lat' dir='ltr'><strong>excogitatus</strong></span> <span class='ocrx_word' id='word_1_352' title='bbox 2953 2555 3037 2600; x_wconf 85' lang='lat' dir='ltr'><strong>est</strong></span> <span class='ocrx_word' id='word_1_353' title='bbox 3079 2545 3289 2599; x_wconf 85' lang='lat' dir='ltr'><strong>dicendi</strong></span> <span class='ocrx_word' id='word_1_354' title='bbox 3320 2559 3433 2598; x_wconf 85' lang='lat' dir='ltr'><strong>mo-</strong></span> 
     </span>
    </p>
   </div>
   <div class='ocr_carea' id='block_1_51' title="bbox 1869 2635 3434 2713">
    <p class='ocr_par' dir='ltr' id='par_1_51' title="bbox 1869 2635 3434 2713">
     <span class='ocr_line' id='line_1_51' title="bbox 1869 2635 3434 2713; baseline -0.006 -15"><span class='ocrx_word' id='word_1_355' title='bbox 1869 2645 1991 2712; x_wconf 88' lang='lat' dir='ltr'><strong>dus,</strong></span> <span class='ocrx_word' id='word_1_356' title='bbox 2019 2653 2078 2698; x_wconf 91' lang='lat' dir='ltr'><strong>ut</strong></span> <span class='ocrx_word' id='word_1_357' title='bbox 2109 2645 2161 2697; x_wconf 92' lang='lat' dir='ltr'><strong>in</strong></span> <span class='ocrx_word' id='word_1_358' title='bbox 2205 2643 2439 2713; x_wconf 84' lang='lat' dir='ltr'><strong>speciem</strong></span> <span class='ocrx_word' id='word_1_359' title='bbox 2475 2640 2731 2710; x_wconf 65' lang='lat' dir='ltr'><strong>apologis:</strong></span> <span class='ocrx_word' id='word_1_360' title='bbox 2771 2655 2835 2692; x_wconf 91' lang='lat' dir='ltr'><strong>ac</strong></span> <span class='ocrx_word' id='word_1_361' title='bbox 2865 2637 3196 2692; x_wconf 86' lang='lat' dir='ltr'><strong>defensionis</strong></span> <span class='ocrx_word' id='word_1_362' title='bbox 3233 2635 3434 2690; x_wconf 89' lang='lat' dir='ltr'><strong>doctri-</strong></span> 
     </span>
    </p>
   </div>
   <div class='ocr_carea' id='block_1_52' title="bbox 1871 2731 3434 2806">
    <p class='ocr_par' dir='ltr' id='par_1_52' title="bbox 1871 2731 3434 2806">
     <span class='ocr_line' id='line_1_52' title="bbox 1871 2731 3434 2806; baseline -0.009 -12"><span class='ocrx_word' id='word_1_363' title='bbox 1871 2755 1993 2794; x_wconf 87' lang='lat' dir='ltr'><strong>nam</strong></span> <span class='ocrx_word' id='word_1_364' title='bbox 2045 2755 2197 2794; x_wconf 88' lang='lat' dir='ltr'><strong>suam</strong></span> <span class='ocrx_word' id='word_1_365' title='bbox 2245 2746 2616 2806; x_wconf 82' lang='lat' dir='ltr'><strong>componeret,</strong></span> <span class='ocrx_word' id='word_1_366' title='bbox 2651 2750 2716 2788; x_wconf 89' lang='lat' dir='ltr'><strong>ne</strong></span> <span class='ocrx_word' id='word_1_367' title='bbox 2750 2735 2894 2788; x_wconf 88' lang='lat' dir='ltr'><strong>velut</strong></span> <span class='ocrx_word' id='word_1_368' title='bbox 2935 2745 3216 2802; x_wconf 84' lang='lat' dir='ltr'><strong>aggressor</strong></span> <span class='ocrx_word' id='word_1_369' title='bbox 3251 2731 3434 2782; x_wconf 84' lang='lat' dir='ltr'><strong>videa-</strong></span> 
     </span>
    </p>
   </div>
   <div class='ocr_carea' id='block_1_53' title="bbox 1871 2818 3433 2898">
    <p class='ocr_par' dir='ltr' id='par_1_53' title="bbox 1871 2818 3433 2898">
     <span class='ocr_line' id='line_1_53' title="bbox 1871 2818 3433 2898; baseline -0.007 -15"><span class='ocrx_word' id='word_1_370' title='bbox 1871 2838 1958 2883; x_wconf 90' lang='lat' dir='ltr'><strong>tur</strong></span> <span class='ocrx_word' id='word_1_371' title='bbox 1993 2829 2248 2898; x_wconf 83' lang='lat' dir='ltr'><strong>dogmata</strong></span> <span class='ocrx_word' id='word_1_372' title='bbox 2291 2827 2452 2896; x_wconf 87' lang='lat' dir='ltr'><strong>impia</strong></span> <span class='ocrx_word' id='word_1_373' title='bbox 2502 2839 2792 2895; x_wconf 81' lang='lat' dir='ltr'><strong>exponere,</strong></span> <span class='ocrx_word' id='word_1_374' title='bbox 2825 2823 2918 2876; x_wconf 88' lang='lat' dir='ltr'><strong>sed</strong></span> <span class='ocrx_word' id='word_1_375' title='bbox 2965 2830 3184 2875; x_wconf 87' lang='lat' dir='ltr'><strong>coactus</strong></span> <span class='ocrx_word' id='word_1_376' title='bbox 3228 2818 3294 2870; x_wconf 88' lang='lat' dir='ltr'><strong>ad</strong></span> <span class='ocrx_word' id='word_1_377' title='bbox 3337 2818 3433 2872; x_wconf 88' lang='lat' dir='ltr'><strong>hos</strong></span> 
     </span>
    </p>
   </div>
   <div class='ocr_carea' id='block_1_54' title="bbox 175 2906 1759 3008">
    <p class='ocr_par' dir='ltr' id='par_1_54' title="bbox 175 2906 1754 2984">
     <span class='ocr_line' id='line_1_54' title="bbox 175 2906 1754 2984; baseline 0.006 -26"><span class='ocrx_word' id='word_1_378' title='bbox 175 2906 296 2972; x_wconf 57' lang='grc' dir='ltr'>ἀλλ’</span> <span class='ocrx_word' id='word_1_379' title='bbox 330 2907 388 2971; x_wconf 81' lang='grc' dir='ltr'>ἐξ</span> <span class='ocrx_word' id='word_1_380' title='bbox 411 2907 656 2979; x_wconf 80' lang='grc' dir='ltr'>ἀνάγκης</span> <span class='ocrx_word' id='word_1_381' title='bbox 680 2909 774 2961; x_wconf 77' lang='grc' dir='ltr'>ἐπὶ</span> <span class='ocrx_word' id='word_1_382' title='bbox 800 2910 927 2972; x_wconf 83' lang='grc' dir='ltr'>τοὺς</span> <span class='ocrx_word' id='word_1_383' title='bbox 955 2910 1145 2978; x_wconf 81' lang='grc' dir='ltr'>λόγους</span> <span class='ocrx_word' id='word_1_384' title='bbox 1170 2911 1390 2976; x_wconf 86' lang='grc' dir='ltr'>τούτους</span> <span class='ocrx_word' id='word_1_385' title='bbox 1421 2913 1754 2984; x_wconf 85' lang='grc' dir='ltr'>ἐληλυθέναι.</span> 
     </span>
    </p>
   </div>
   <div class='ocr_carea' id='block_1_55' title="bbox 1873 2906 3433 3008">
    <p class='ocr_par' dir='ltr' id='par_1_55' title="bbox 1873 2911 3433 2986">
     <span class='ocr_line' id='line_1_55' title="bbox 1873 2911 3433 2986; baseline -0.007 -11"><span class='ocrx_word' id='word_1_386' title='bbox 1873 2935 2148 2975; x_wconf 84' lang='lat' dir='ltr'><strong>sermones</strong></span> <span class='ocrx_word' id='word_1_387' title='bbox 2193 2921 2492 2974; x_wconf 88' lang='lat' dir='ltr'><strong>devenisse.</strong></span> <span class='ocrx_word' id='word_1_388' title='bbox 2551 2917 2806 2986; x_wconf 82' lang='lat' dir='ltr'><strong>Cupiebat</strong></span> <span class='ocrx_word' id='word_1_389' title='bbox 2834 2914 3045 2982; x_wconf 89' lang='lat' dir='ltr'><strong>quidem</strong></span> <span class='ocrx_word' id='word_1_390' title='bbox 3090 2912 3234 2964; x_wconf 89' lang='lat' dir='ltr'><strong>omni</strong></span> <span class='ocrx_word' id='word_1_391' title='bbox 3277 2911 3433 2964; x_wconf 84' lang='lat' dir='ltr'><strong>modo</strong></span> 
     </span>
    </p>
   </div>
   <div class='ocr_carea' id='block_1_56' title="bbox 187 2998 1764 3078">
    <p class='ocr_par' dir='ltr' id='par_1_56' title="bbox 187 2998 1764 3078">
     <span class='ocr_line' id='line_1_56' title="bbox 187 2998 1764 3078; baseline 0.006 -27"><span class='ocrx_word' id='word_1_392' title='bbox 187 2998 474 3052; x_wconf 85' lang='grc' dir='ltr'>Ἐϐούλετο</span> <span class='ocrx_word' id='word_1_393' title='bbox 509 3001 597 3070; x_wconf 66' lang='grc' dir='ltr'>μὲι</span> <span class='ocrx_word' id='word_1_394' title='bbox 662 3001 771 3070; x_wconf 90' lang='grc' dir='ltr'><strong>γάρ</strong></span> <span class='ocrx_word' id='word_1_395' title='bbox 813 3003 878 3054; x_wconf 88' lang='grc' dir='ltr'><strong>ἐκ</strong></span> <span class='ocrx_word' id='word_1_396' title='bbox 921 3003 1117 3066; x_wconf 84' lang='grc' dir='ltr'>παντὸς</span> <span class='ocrx_word' id='word_1_397' title='bbox 1169 3005 1372 3074; x_wconf 86' lang='grc' dir='ltr'>τρόπου</span> <span class='ocrx_word' id='word_1_398' title='bbox 1420 3005 1480 3057; x_wconf 89' lang='grc' dir='ltr'>τὸ</span> <span class='ocrx_word' id='word_1_399' title='bbox 1530 3008 1764 3078; x_wconf 86' lang='grc' dir='ltr'>πονηρὸν</span> 
     </span>
    </p>
   </div>
   <div class='ocr_carea' id='block_1_57' title="bbox 175 3089 1762 3168">
    <p class='ocr_par' dir='ltr' id='par_1_57' title="bbox 175 3089 1762 3168">
     <span class='ocr_line' id='line_1_57' title="bbox 175 3089 1762 3168; baseline 0.025 -26"><span class='ocrx_word' id='word_1_400' title='bbox 175 3089 339 3143; x_wconf 79' lang='grc' dir='ltr'>τοῦτο</span> <span class='ocrx_word' id='word_1_401' title='bbox 373 3091 467 3142; x_wconf 79' lang='grc' dir='ltr'>καὶ</span> <span class='ocrx_word' id='word_1_402' title='bbox 501 3090 642 3144; x_wconf 60' lang='grc' dir='ltr'>ἄθεο*</span> <span class='ocrx_word' id='word_1_403' title='bbox 692 3093 1071 3163; x_wconf 80' lang='grc' dir='ltr'><strong>περιαγγεῖλαι</strong></span> <span class='ocrx_word' id='word_1_404' title='bbox 1103 3094 1386 3165; x_wconf 63' lang='grc' dir='ltr'><strong>κήρυγμα,</strong></span> <span class='ocrx_word' id='word_1_405' title='bbox 1421 3095 1512 3148; x_wconf 58' lang='grc' dir='ltr'>καὶ</span> <span class='ocrx_word' id='word_1_406' title='bbox 1541 3097 1623 3160; x_wconf 61' lang='grc' dir='ltr'><strong>εἰς</strong></span> <span class='ocrx_word' id='word_1_407' title='bbox 1664 3097 1762 3168; x_wconf 74' lang='grc' dir='ltr'><strong>μέ”</strong></span> 
     </span>
    </p>
   </div>
   <div class='ocr_carea' id='block_1_58' title="bbox 175 3182 1767 3262">
    <p class='ocr_par' dir='ltr' id='par_1_58' title="bbox 175 3182 1767 3262">
     <span class='ocr_line' id='line_1_58' title="bbox 175 3182 1767 3262; baseline 0.002 -24"><span class='ocrx_word' id='word_1_408' title='bbox 175 3199 276 3238; x_wconf 84' lang='grc' dir='ltr'><strong>σον</strong></span> <span class='ocrx_word' id='word_1_409' title='bbox 305 3182 550 3250; x_wconf 86' lang='grc' dir='ltr'>ἐνεγκεῖν</span> <span class='ocrx_word' id='word_1_410' title='bbox 594 3182 656 3253; x_wconf 64' lang='grc' dir='ltr'><strong>ἣν</strong></span> <span class='ocrx_word' id='word_1_411' title='bbox 706 3184 874 3237; x_wconf 87' lang='grc' dir='ltr'>πάλαι</span> <span class='ocrx_word' id='word_1_412' title='bbox 907 3185 1166 3238; x_wconf 87' lang='grc' dir='ltr'>συνέλαϐε</span> <span class='ocrx_word' id='word_1_413' title='bbox 1214 3187 1308 3238; x_wconf 77' lang='grc' dir='ltr'>καὶ</span> <span class='ocrx_word' id='word_1_414' title='bbox 1342 3185 1497 3262; x_wconf 80' lang='grc' dir='ltr'>ὧδινε</span> <span class='ocrx_word' id='word_1_415' title='bbox 1527 3189 1767 3260; x_wconf 87' lang='grc' dir='ltr'>βλασφη-</span> 
     </span>
    </p>
   </div>
   <div class='ocr_carea' id='block_1_59' title="bbox 180 3271 1767 3353">
    <p class='ocr_par' dir='ltr' id='par_1_59' title="bbox 180 3271 1767 3353">
     <span class='ocr_line' id='line_1_59' title="bbox 180 3271 1767 3353; baseline 0.004 -28"><span class='ocrx_word' id='word_1_416' title='bbox 180 3273 316 3353; x_wconf 80' lang='grc' dir='ltr'>μίαν</span> <span class='ocrx_word' id='word_1_417' title='bbox 352 3271 500 3344; x_wconf 77' lang='lat'><strong>(6‘2)&#39;</strong></span> <span class='ocrx_word' id='word_1_418' title='bbox 541 3273 688 3344; x_wconf 86' lang='grc' dir='ltr'>ἐώρα</span> <span class='ocrx_word' id='word_1_419' title='bbox 725 3274 802 3338; x_wconf 88' lang='grc' dir='ltr'><strong>δέ,</strong></span> <span class='ocrx_word' id='word_1_420' title='bbox 857 3277 938 3328; x_wconf 80' lang='grc' dir='ltr'>ὅτι</span> <span class='ocrx_word' id='word_1_421' title='bbox 977 3275 1036 3328; x_wconf 87' lang='grc' dir='ltr'>τὸ</span> <span class='ocrx_word' id='word_1_422' title='bbox 1080 3277 1176 3346; x_wconf 86' lang='grc' dir='ltr'><strong>μὲν</strong></span> <span class='ocrx_word' id='word_1_423' title='bbox 1224 3279 1288 3330; x_wconf 84' lang='grc' dir='ltr'><strong>ἐκ</strong></span> <span class='ocrx_word' id='word_1_424' title='bbox 1319 3276 1412 3330; x_wconf 80' lang='grc' dir='ltr'><strong>τοῦ</strong></span> <span class='ocrx_word' id='word_1_425' title='bbox 1456 3279 1767 3348; x_wconf 82' lang='grc' dir='ltr'>προφανοῦς</span> 
     </span>
    </p>
   </div>
   <div class='ocr_carea' id='block_1_60' title="bbox 177 3365 1767 3441">
    <p class='ocr_par' dir='ltr' id='par_1_60' title="bbox 177 3365 1767 3441">
     <span class='ocr_line' id='line_1_60' title="bbox 177 3365 1767 3441; baseline 0.003 -21"><span class='ocrx_word' id='word_1_426' title='bbox 177 3369 240 3421; x_wconf 77' lang='grc' dir='ltr'>ἐν</span> <span class='ocrx_word' id='word_1_427' title='bbox 284 3365 603 3420; x_wconf 78' lang='grc' dir='ltr'>διδασκάλου</span> <span class='ocrx_word' id='word_1_428' title='bbox 653 3365 803 3430; x_wconf 84' lang='grc' dir='ltr'>τάξει</span> <span class='ocrx_word' id='word_1_429' title='bbox 851 3367 1307 3438; x_wconf 83' lang='grc' dir='ltr'>προκαθεσθῆναι,</span> <span class='ocrx_word' id='word_1_430' title='bbox 1358 3369 1492 3441; x_wconf 80' lang='grc' dir='ltr'>πρὸς</span> <span class='ocrx_word' id='word_1_431' title='bbox 1529 3370 1607 3440; x_wconf 86' lang='grc' dir='ltr'>τῷ</span> <span class='ocrx_word' id='word_1_432' title='bbox 1650 3371 1767 3424; x_wconf 86' lang='grc' dir='ltr'>λίαν</span> 
     </span>
    </p>
   </div>
   <div class='ocr_carea' id='block_1_61' title="bbox 177 3457 1766 3530">
    <p class='ocr_par' dir='ltr' id='par_1_61' title="bbox 177 3457 1766 3530">
     <span class='ocr_line' id='line_1_61' title="bbox 177 3457 1766 3530; baseline 0.003 -19"><span class='ocrx_word' id='word_1_433' title='bbox 177 3457 425 3530; x_wconf 78' lang='grc' dir='ltr'>φορτικῷ</span> <span class='ocrx_word' id='word_1_434' title='bbox 455 3459 548 3511; x_wconf 73' lang='grc' dir='ltr'>καὶ</span> <span class='ocrx_word' id='word_1_435' title='bbox 579 3459 872 3528; x_wconf 79' lang='grc' dir='ltr'>προσάντει</span> <span class='ocrx_word' id='word_1_436' title='bbox 903 3461 1016 3522; x_wconf 86' lang='grc' dir='ltr'>τοῖς</span> <span class='ocrx_word' id='word_1_437' title='bbox 1045 3459 1352 3520; x_wconf 87' lang='grc' dir='ltr'>ἀκούουσιν,</span> <span class='ocrx_word' id='word_1_438' title='bbox 1404 3461 1483 3514; x_wconf 77' lang='grc' dir='ltr'>ἔτι</span> <span class='ocrx_word' id='word_1_439' title='bbox 1513 3463 1605 3514; x_wconf 77' lang='grc' dir='ltr'>καὶ</span> <span class='ocrx_word' id='word_1_440' title='bbox 1631 3463 1766 3516; x_wconf 84' lang='grc' dir='ltr'>ἀπί-</span> 
     </span>
    </p>
   </div>
   <div class='ocr_carea' id='block_1_62' title="bbox 179 3549 1764 3624">
    <p class='ocr_par' dir='ltr' id='par_1_62' title="bbox 179 3549 1764 3624">
     <span class='ocr_line' id='line_1_62' title="bbox 179 3549 1764 3624; baseline 0.002 -21"><span class='ocrx_word' id='word_1_441' title='bbox 179 3551 342 3610; x_wconf 79' lang='grc' dir='ltr'>θανον</span> <span class='ocrx_word' id='word_1_442' title='bbox 370 3550 559 3603; x_wconf 80' lang='grc' dir='ltr'>ἑαυτὸν</span> <span class='ocrx_word' id='word_1_443' title='bbox 593 3549 686 3603; x_wconf 73' lang='grc' dir='ltr'>καὶ</span> <span class='ocrx_word' id='word_1_444' title='bbox 722 3550 960 3603; x_wconf 79' lang='grc' dir='ltr'>ὕποπτον</span> <span class='ocrx_word' id='word_1_445' title='bbox 1000 3555 1110 3615; x_wconf 88' lang='grc' dir='ltr'>τοῖς</span> <span class='ocrx_word' id='word_1_446' title='bbox 1157 3552 1370 3616; x_wconf 81' lang='grc' dir='ltr'>πολλοῖς</span> <span class='ocrx_word' id='word_1_447' title='bbox 1413 3553 1764 3624; x_wconf 87' lang='grc' dir='ltr'>καταστήσει,</span> 
     </span>
    </p>
   </div>
   <div class='ocr_carea' id='block_1_63' title="bbox 179 3641 1763 3716">
    <p class='ocr_par' dir='ltr' id='par_1_63' title="bbox 179 3641 1763 3716">
     <span class='ocr_line' id='line_1_63' title="bbox 179 3641 1763 3716; baseline 0.002 -21"><span class='ocrx_word' id='word_1_448' title='bbox 179 3643 260 3704; x_wconf 83' lang='grc' dir='ltr'>ὡς</span> <span class='ocrx_word' id='word_1_449' title='bbox 291 3641 448 3712; x_wconf 80' lang='grc' dir='ltr'>δόξης</span> <span class='ocrx_word' id='word_1_450' title='bbox 501 3642 764 3714; x_wconf 81' lang='grc' dir='ltr'>ἐπιθυμίᾳ</span> <span class='ocrx_word' id='word_1_451' title='bbox 793 3644 885 3697; x_wconf 78' lang='grc' dir='ltr'>ἐπὶ</span> <span class='ocrx_word' id='word_1_452' title='bbox 938 3643 998 3696; x_wconf 82' lang='grc' dir='ltr'>τὸ</span> <span class='ocrx_word' id='word_1_453' title='bbox 1037 3642 1376 3715; x_wconf 81' lang='grc' dir='ltr'>νεωτερίζειν</span> <span class='ocrx_word' id='word_1_454' title='bbox 1428 3645 1725 3716; x_wconf 86' lang='grc' dir='ltr'>ἐληλυθότα</span> <span class='ocrx_word' id='word_1_455' title='bbox 1751 3663 1763 3675; x_wconf 88' lang='grc'><strong>·</strong></span> 
     </span>
    </p>
   </div>
   <div class='ocr_carea' id='block_1_64' title="bbox 178 3734 1762 3805">
    <p class='ocr_par' dir='ltr' id='par_1_64' title="bbox 178 3734 1762 3805">
     <span class='ocr_line' id='line_1_64' title="bbox 178 3734 1762 3805; baseline 0 -17"><span class='ocrx_word' id='word_1_456' title='bbox 178 3737 232 3788; x_wconf 71' lang='grc' dir='ltr'>εἰ</span> <span class='ocrx_word' id='word_1_457' title='bbox 258 3734 315 3788; x_wconf 85' lang='grc' dir='ltr'>δὲ</span> <span class='ocrx_word' id='word_1_458' title='bbox 348 3738 404 3790; x_wconf 86' lang='grc' dir='ltr'><strong>ἐν</strong></span> <span class='ocrx_word' id='word_1_459' title='bbox 447 3735 740 3803; x_wconf 85' lang='grc' dir='ltr'>ἀπολογίας</span> <span class='ocrx_word' id='word_1_460' title='bbox 785 3736 1071 3805; x_wconf 88' lang='grc' dir='ltr'>πλάσματι</span> <span class='ocrx_word' id='word_1_461' title='bbox 1121 3737 1246 3799; x_wconf 82' lang='grc' dir='ltr'>τοὺς</span> <span class='ocrx_word' id='word_1_462' title='bbox 1299 3736 1488 3804; x_wconf 88' lang='grc' dir='ltr'>λόγους</span> <span class='ocrx_word' id='word_1_463' title='bbox 1541 3739 1762 3801; x_wconf 84' lang='grc' dir='ltr'>ποιοῖτο,</span> 
     </span>
    </p>
   </div>
   <div class='ocr_carea' id='block_1_65' title="bbox 178 3826 1763 3899">
    <p class='ocr_par' dir='ltr' id='par_1_65' title="bbox 178 3826 1763 3899">
     <span class='ocr_line' id='line_1_65' title="bbox 178 3826 1763 3899; baseline 0 -19"><span class='ocrx_word' id='word_1_464' title='bbox 178 3828 282 3899; x_wconf 82' lang='grc' dir='ltr'><strong>τῆς</strong></span> <span class='ocrx_word' id='word_1_465' title='bbox 327 3845 387 3880; x_wconf 86' lang='grc' dir='ltr'><strong>τε</strong></span> <span class='ocrx_word' id='word_1_466' title='bbox 419 3826 528 3897; x_wconf 80' lang='lat'><strong>(65)</strong></span> <span class='ocrx_word' id='word_1_467' title='bbox 564 3829 912 3898; x_wconf 87' lang='grc' dir='ltr'>καινοτομίας</span> <span class='ocrx_word' id='word_1_468' title='bbox 962 3827 1024 3880; x_wconf 87' lang='grc' dir='ltr'>τὸ</span> <span class='ocrx_word' id='word_1_469' title='bbox 1078 3826 1317 3881; x_wconf 76' lang='grc' dir='ltr'>ὕποπτον</span> <span class='ocrx_word' id='word_1_470' title='bbox 1360 3826 1763 3898; x_wconf 84' lang='grc' dir='ltr'>διαφεύξεσθαι,</span> 
     </span>
    </p>
   </div>
   <div class='ocr_carea' id='block_1_66' title="bbox 179 3918 1761 3990">
    <p class='ocr_par' dir='ltr' id='par_1_66' title="bbox 179 3918 1761 3990">
     <span class='ocr_line' id='line_1_66' title="bbox 179 3918 1761 3990; baseline -0.001 -17"><span class='ocrx_word' id='word_1_471' title='bbox 179 3919 276 3973; x_wconf 80' lang='grc' dir='ltr'>καὶ</span> <span class='ocrx_word' id='word_1_472' title='bbox 308 3918 506 3990; x_wconf 81' lang='grc' dir='ltr'>μᾶλλόν</span> <span class='ocrx_word' id='word_1_473' title='bbox 539 3935 591 3971; x_wconf 90' lang='grc' dir='ltr'><strong>τι</strong></span> <span class='ocrx_word' id='word_1_474' title='bbox 630 3918 804 3989; x_wconf 85' lang='grc' dir='ltr'>τούτῳ</span> <span class='ocrx_word' id='word_1_475' title='bbox 853 3919 1221 3990; x_wconf 81' lang='grc' dir='ltr'>προσάξεσθαι</span> <span class='ocrx_word' id='word_1_476' title='bbox 1273 3921 1398 3984; x_wconf 86' lang='grc' dir='ltr'>τοὺς</span> <span class='ocrx_word' id='word_1_477' title='bbox 1445 3919 1761 3982; x_wconf 86' lang='grc' dir='ltr'>ἀκούοντας,</span> 
     </span>
    </p>
   </div>
   <div class='ocr_carea' id='block_1_67' title="bbox 179 4009 1765 4082">
    <p class='ocr_par' dir='ltr' id='par_1_67' title="bbox 179 4009 1765 4082">
     <span class='ocr_line' id='line_1_67' title="bbox 179 4009 1765 4082; baseline -0.001 -18"><span class='ocrx_word' id='word_1_478' title='bbox 179 4011 344 4082; x_wconf 83' lang='grc' dir='ltr'>φύσει</span> <span class='ocrx_word' id='word_1_479' title='bbox 373 4010 590 4064; x_wconf 84' lang='grc' dir='ltr'>πάντων</span> <span class='ocrx_word' id='word_1_480' title='bbox 619 4010 921 4078; x_wconf 83' lang='grc' dir='ltr'>ἀνθρώπων</span> <span class='ocrx_word' id='word_1_481' title='bbox 956 4014 1073 4076; x_wconf 84' lang='grc' dir='ltr'>ταῖς</span> <span class='ocrx_word' id='word_1_482' title='bbox 1101 4011 1332 4074; x_wconf 85' lang='grc' dir='ltr'>εὐνοίαις</span> <span class='ocrx_word' id='word_1_483' title='bbox 1357 4009 1622 4064; x_wconf 80' lang='grc' dir='ltr'>εἰωθότων</span> <span class='ocrx_word' id='word_1_484' title='bbox 1653 4013 1765 4073; x_wconf 83' lang='grc' dir='ltr'>τοῖς</span> 
     </span>
    </p>
   </div>
   <div class='ocr_carea' id='block_1_68' title="bbox 180 4099 1765 4172">
    <p class='ocr_par' dir='ltr' id='par_1_68' title="bbox 180 4099 1765 4172">
     <span class='ocr_line' id='line_1_68' title="bbox 180 4099 1765 4172; baseline -0.002 -18"><span class='ocrx_word' id='word_1_485' title='bbox 180 4102 592 4172; x_wconf 81' lang='grc' dir='ltr'>ἐλαττουμένοις</span> <span class='ocrx_word' id='word_1_486' title='bbox 638 4099 1044 4170; x_wconf 88' lang='grc' dir='ltr'>προστίθεσθαι.</span> <span class='ocrx_word' id='word_1_487' title='bbox 1091 4100 1189 4162; x_wconf 78' lang='grc' dir='ltr'>Διά</span> <span class='ocrx_word' id='word_1_488' title='bbox 1233 4099 1391 4152; x_wconf 74' lang='grc' dir='ltr'>τοῦτο</span> <span class='ocrx_word' id='word_1_489' title='bbox 1431 4099 1765 4170; x_wconf 85' lang='grc' dir='ltr'>κατηγόρους</span> 
     </span>
    </p>
   </div>
   <div class='ocr_carea' id='block_1_69' title="bbox 179 4189 1763 4262">
    <p class='ocr_par' dir='ltr' id='par_1_69' title="bbox 179 4189 1763 4262">
     <span class='ocr_line' id='line_1_69' title="bbox 179 4189 1763 4262; baseline -0.004 -14"><span class='ocrx_word' id='word_1_490' title='bbox 179 4193 422 4248; x_wconf 74' lang='grc' dir='ltr'>αἰτιᾶται</span> <span class='ocrx_word' id='word_1_491' title='bbox 469 4193 566 4247; x_wconf 58' lang='grc' dir='ltr'><strong>καὶ⁸</strong></span> <span class='ocrx_word' id='word_1_492' title='bbox 597 4194 958 4262; x_wconf 87' lang='grc' dir='ltr'>συκοφάντας,</span> <span class='ocrx_word' id='word_1_493' title='bbox 1009 4191 1280 4254; x_wconf 88' lang='grc' dir='ltr'>κάκείνοις</span> <span class='ocrx_word' id='word_1_494' title='bbox 1333 4189 1424 4244; x_wconf 81' lang='grc' dir='ltr'>τοῦ</span> <span class='ocrx_word' id='word_1_495' title='bbox 1459 4191 1616 4257; x_wconf 88' lang='grc' dir='ltr'>λόγου</span> <span class='ocrx_word' id='word_1_496' title='bbox 1666 4191 1763 4262; x_wconf 83' lang='grc' dir='ltr'><strong>τὴν</strong></span> 
     </span>
    </p>
   </div>
   <div class='ocr_carea' id='block_1_70' title="bbox 1867 2998 3432 3080">
    <p class='ocr_par' dir='ltr' id='par_1_70' title="bbox 1867 2998 3432 3080">
     <span class='ocr_line' id='line_1_70' title="bbox 1867 2998 3432 3080; baseline -0.008 -18"><span class='ocrx_word' id='word_1_497' title='bbox 1867 3025 2090 3080; x_wconf 86' lang='lat' dir='ltr'><strong>pravum</strong></span> <span class='ocrx_word' id='word_1_498' title='bbox 2140 3009 2268 3062; x_wconf 92' lang='lat' dir='ltr'><strong>illud</strong></span> <span class='ocrx_word' id='word_1_499' title='bbox 2327 3023 2388 3062; x_wconf 90' lang='lat' dir='ltr'><strong>ac</strong></span> <span class='ocrx_word' id='word_1_500' title='bbox 2445 3008 2664 3076; x_wconf 88' lang='lat' dir='ltr'><strong>impimn</strong></span> <span class='ocrx_word' id='word_1_501' title='bbox 2724 3006 2913 3074; x_wconf 83' lang='lat' dir='ltr'><strong>dogma</strong></span> <span class='ocrx_word' id='word_1_502' title='bbox 2971 2998 3329 3070; x_wconf 80' lang='lat' dir='ltr'><strong>promulgari;</strong></span> <span class='ocrx_word' id='word_1_503' title='bbox 3380 3007 3432 3050; x_wconf 86' lang='lat' dir='ltr'><strong>et</strong></span> 
     </span>
    </p>
   </div>
   <div class='ocr_carea' id='block_1_71' title="bbox 1867 3084 3430 3174">
    <p class='ocr_par' dir='ltr' id='par_1_71' title="bbox 1867 3084 3430 3174">
     <span class='ocr_line' id='line_1_71' title="bbox 1867 3084 3430 3174; baseline -0.009 -20"><span class='ocrx_word' id='word_1_504' title='bbox 1867 3119 2025 3174; x_wconf 87' lang='lat' dir='ltr'><strong>quam</strong></span> <span class='ocrx_word' id='word_1_505' title='bbox 2060 3102 2185 3156; x_wconf 88' lang='lat' dir='ltr'><strong>olim</strong></span> <span class='ocrx_word' id='word_1_506' title='bbox 2225 3109 2543 3169; x_wconf 87' lang='lat' dir='ltr'><strong>conceperat</strong></span> <span class='ocrx_word' id='word_1_507' title='bbox 2592 3113 2654 3152; x_wconf 90' lang='lat' dir='ltr'><strong>ac</strong></span> <span class='ocrx_word' id='word_1_508' title='bbox 2699 3084 2981 3166; x_wconf 80' lang='lat' dir='ltr'><strong>pepererat</strong></span> <span class='ocrx_word' id='word_1_509' title='bbox 3021 3091 3430 3160; x_wconf 85' lang='lat' dir='ltr'><strong>blasphemiam,</strong></span> 
     </span>
    </p>
   </div>
   <div class='ocr_carea' id='block_1_72' title="bbox 1865 3182 3432 3264">
    <p class='ocr_par' dir='ltr' id='par_1_72' title="bbox 1865 3182 3432 3264">
     <span class='ocr_line' id='line_1_72' title="bbox 1865 3182 3432 3264; baseline -0.01 -15"><span class='ocrx_word' id='word_1_510' title='bbox 1865 3193 2114 3264; x_wconf 85' lang='lat' dir='ltr'><strong>proferre</strong></span> <span class='ocrx_word' id='word_1_511' title='bbox 2143 3195 2194 3247; x_wconf 93' lang='lat' dir='ltr'><strong>in</strong></span> <span class='ocrx_word' id='word_1_512' title='bbox 2229 3193 2462 3246; x_wconf 89' lang='lat' dir='ltr'><strong>medium</strong></span> <span class='ocrx_word' id='word_1_513' title='bbox 2500 3205 2516 3243; x_wconf 90' lang='lat'><strong>:</strong></span> <span class='ocrx_word' id='word_1_514' title='bbox 2551 3189 2643 3242; x_wconf 85' lang='lat' dir='ltr'><strong>sed</strong></span> <span class='ocrx_word' id='word_1_515' title='bbox 2673 3185 2888 3240; x_wconf 83' lang='lat' dir='ltr'><strong>videbat</strong></span> <span class='ocrx_word' id='word_1_516' title='bbox 2917 3183 3051 3243; x_wconf 88' lang='lat' dir='ltr'><strong>fore,</strong></span> <span class='ocrx_word' id='word_1_517' title='bbox 3086 3192 3146 3234; x_wconf 90' lang='lat' dir='ltr'><strong>ut</strong></span> <span class='ocrx_word' id='word_1_518' title='bbox 3171 3182 3214 3234; x_wconf 87' lang='lat' dir='ltr'><strong>si</strong></span> <span class='ocrx_word' id='word_1_519' title='bbox 3249 3189 3432 3250; x_wconf 86' lang='lat' dir='ltr'><strong>aperte</strong></span> 
     </span>
    </p>
   </div>
   <div class='ocr_carea' id='block_1_73' title="bbox 1868 3269 3432 3350">
    <p class='ocr_par' dir='ltr' id='par_1_73' title="bbox 1868 3269 3432 3350">
     <span class='ocr_line' id='line_1_73' title="bbox 1868 3269 3432 3350; baseline -0.012 -9"><span class='ocrx_word' id='word_1_520' title='bbox 1868 3287 2105 3341; x_wconf 88' lang='lat' dir='ltr'><strong>doctoris</strong></span> <span class='ocrx_word' id='word_1_521' title='bbox 2151 3285 2328 3339; x_wconf 91' lang='lat' dir='ltr'><strong>locum</strong></span> <span class='ocrx_word' id='word_1_522' title='bbox 2377 3282 2725 3350; x_wconf 86' lang='lat' dir='ltr'><strong>arripuisset,</strong></span> <span class='ocrx_word' id='word_1_523' title='bbox 2775 3285 3131 3347; x_wconf 71' lang='lat' dir='ltr'><strong>praeterquam</strong></span> <span class='ocrx_word' id='word_1_524' title='bbox 3182 3272 3325 3342; x_wconf 89' lang='lat' dir='ltr'><strong>quod</strong></span> <span class='ocrx_word' id='word_1_525' title='bbox 3378 3269 3432 3324; x_wconf 77' lang='lat' dir='ltr'><strong>id</strong></span> 
     </span>
    </p>
   </div>
   <div class='ocr_carea' id='block_1_74' title="bbox 1865 3364 3431 3448">
    <p class='ocr_par' dir='ltr' id='par_1_74' title="bbox 1865 3364 3431 3448">
     <span class='ocr_line' id='line_1_74' title="bbox 1865 3364 3431 3448; baseline -0.008 -17"><span class='ocrx_word' id='word_1_526' title='bbox 1865 3393 2032 3448; x_wconf 83' lang='lat' dir='ltr'><strong>grave</strong></span> <span class='ocrx_word' id='word_1_527' title='bbox 2079 3377 2366 3430; x_wconf 88' lang='lat' dir='ltr'><strong>admodum</strong></span> <span class='ocrx_word' id='word_1_528' title='bbox 2422 3384 2567 3429; x_wconf 88' lang='lat' dir='ltr'><strong>esset</strong></span> <span class='ocrx_word' id='word_1_529' title='bbox 2619 3387 2684 3427; x_wconf 91' lang='lat' dir='ltr'><strong>ac</strong></span> <span class='ocrx_word' id='word_1_530' title='bbox 2738 3371 3019 3436; x_wconf 85' lang='lat' dir='ltr'><strong>molestum</strong></span> <span class='ocrx_word' id='word_1_531' title='bbox 3066 3364 3431 3427; x_wconf 82' lang='lat' dir='ltr'><strong>audientibus,</strong></span> 
     </span>
    </p>
   </div>
   <div class='ocr_carea' id='block_1_75' title="bbox 1867 3463 3430 3538">
    <p class='ocr_par' dir='ltr' id='par_1_75' title="bbox 1867 3463 3430 3538">
     <span class='ocr_line' id='line_1_75' title="bbox 1867 3463 3430 3538; baseline -0.01 -17"><span class='ocrx_word' id='word_1_532' title='bbox 1867 3477 2124 3538; x_wconf 69' lang='lat' dir='ltr'><strong>praeterea</strong></span> <span class='ocrx_word' id='word_1_533' title='bbox 2183 3467 2460 3522; x_wconf 88' lang='lat' dir='ltr'><strong>se-ctiam</strong></span> <span class='ocrx_word' id='word_1_534' title='bbox 2515 3464 2618 3518; x_wconf 79' lang='lat' dir='ltr'><strong>fide</strong></span> <span class='ocrx_word' id='word_1_535' title='bbox 2677 3463 2952 3530; x_wconf 82' lang='lat' dir='ltr'><strong>indignum</strong></span> <span class='ocrx_word' id='word_1_536' title='bbox 3007 3472 3070 3512; x_wconf 93' lang='lat' dir='ltr'><strong>ac</strong></span> <span class='ocrx_word' id='word_1_537' title='bbox 3120 3465 3430 3525; x_wconf 87' lang='lat' dir='ltr'><strong>suspectum</strong></span> 
     </span>
    </p>
   </div>
   <div class='ocr_carea' id='block_1_76' title="bbox 1868 3546 3430 3638">
    <p class='ocr_par' dir='ltr' id='par_1_76' title="bbox 1868 3546 3430 3638">
     <span class='ocr_line' id='line_1_76' title="bbox 1868 3546 3430 3638; baseline -0.012 -22"><span class='ocrx_word' id='word_1_538' title='bbox 1868 3563 2005 3632; x_wconf 90' lang='lat' dir='ltr'><strong>apud</strong></span> <span class='ocrx_word' id='word_1_539' title='bbox 2039 3560 2322 3630; x_wconf 88' lang='lat' dir='ltr'><strong>plerosque</strong></span> <span class='ocrx_word' id='word_1_540' title='bbox 2355 3557 2622 3618; x_wconf 87' lang='lat' dir='ltr'><strong>redderet,</strong></span> <span class='ocrx_word' id='word_1_541' title='bbox 2656 3555 2747 3623; x_wconf 89' lang='lat' dir='ltr'><strong>qui</strong></span> <span class='ocrx_word' id='word_1_542' title='bbox 2789 3551 3040 3638; x_wconf 69' lang='lat' dir='ltr'><strong>videlicet</strong></span> <span class='ocrx_word' id='word_1_543' title='bbox 3069 3548 3251 3618; x_wconf 70' lang='lat' dir='ltr'><strong>gloriae</strong></span> <span class='ocrx_word' id='word_1_544' title='bbox 3281 3546 3430 3638; x_wconf 87' lang='lat' dir='ltr'><strong>cupi-</strong></span> 
     </span>
    </p>
   </div>
   <div class='ocr_carea' id='block_1_77' title="bbox 1870 3637 3430 3719">
    <p class='ocr_par' dir='ltr' id='par_1_77' title="bbox 1870 3637 3430 3719">
     <span class='ocr_line' id='line_1_77' title="bbox 1870 3637 3430 3719; baseline -0.01 -14"><span class='ocrx_word' id='word_1_545' title='bbox 1870 3655 2035 3706; x_wconf 86' lang='lat' dir='ltr'><strong>ditate</strong></span> <span class='ocrx_word' id='word_1_546' title='bbox 2063 3663 2349 3719; x_wconf 79' lang='lat' dir='ltr'><strong>aggressus</strong></span> <span class='ocrx_word' id='word_1_547' title='bbox 2374 3655 2516 3701; x_wconf 87' lang='lat' dir='ltr'><strong>esset</strong></span> <span class='ocrx_word' id='word_1_548' title='bbox 2547 3647 2824 3698; x_wconf 82' lang='lat' dir='ltr'><strong>innovare.</strong></span> <span class='ocrx_word' id='word_1_549' title='bbox 2851 3637 2945 3696; x_wconf 84' lang='lat' dir='ltr'><strong>Sin</strong></span> <span class='ocrx_word' id='word_1_550' title='bbox 2971 3650 3148 3694; x_wconf 87' lang='lat' dir='ltr'><strong>autem</strong></span> <span class='ocrx_word' id='word_1_551' title='bbox 3180 3637 3430 3694; x_wconf 86' lang='lat' dir='ltr'><strong>simulata</strong></span> 
     </span>
    </p>
   </div>
   <div class='ocr_carea' id='block_1_78' title="bbox 1867 3729 3432 3812">
    <p class='ocr_par' dir='ltr' id='par_1_78' title="bbox 1867 3729 3432 3812">
     <span class='ocr_line' id='line_1_78' title="bbox 1867 3729 3432 3812; baseline -0.009 -18"><span class='ocrx_word' id='word_1_552' title='bbox 1867 3742 2110 3812; x_wconf 86' lang='lat' dir='ltr'><strong>apologia</strong></span> <span class='ocrx_word' id='word_1_553' title='bbox 2161 3740 2325 3793; x_wconf 89' lang='lat' dir='ltr'><strong>verba</strong></span> <span class='ocrx_word' id='word_1_554' title='bbox 2381 3738 2600 3801; x_wconf 85' lang='lat' dir='ltr'><strong>faceret,</strong></span> <span class='ocrx_word' id='word_1_555' title='bbox 2639 3745 2694 3789; x_wconf 91' lang='lat' dir='ltr'><strong>et</strong></span> <span class='ocrx_word' id='word_1_556' title='bbox 2740 3733 2902 3802; x_wconf 79' lang='lat'><strong>209</strong></span> <span class='ocrx_word' id='word_1_557' title='bbox 2959 3729 3317 3785; x_wconf 79' lang='lat' dir='ltr'><strong>innovationis</strong></span> <span class='ocrx_word' id='word_1_558' title='bbox 3373 3742 3432 3780; x_wconf 89' lang='lat' dir='ltr'><strong>se</strong></span> 
     </span>
    </p>
   </div>
   <div class='ocr_carea' id='block_1_79' title="bbox 1867 3818 3431 3902">
    <p class='ocr_par' dir='ltr' id='par_1_79' title="bbox 1867 3818 3431 3902">
     <span class='ocr_line' id='line_1_79' title="bbox 1867 3818 3431 3902; baseline -0.01 -15"><span class='ocrx_word' id='word_1_559' title='bbox 1867 3833 2224 3902; x_wconf 79' lang='lat' dir='ltr'><strong>SllSplClOllem</strong></span> <span class='ocrx_word' id='word_1_560' title='bbox 2271 3843 2556 3883; x_wconf 88' lang='lat' dir='ltr'><strong>evasurum</strong></span> <span class='ocrx_word' id='word_1_561' title='bbox 2607 3825 2844 3894; x_wconf 80' lang='lat' dir='ltr'><strong>putabat,</strong></span> <span class='ocrx_word' id='word_1_562' title='bbox 2879 3831 2932 3876; x_wconf 87' lang='lat' dir='ltr'><strong>et</strong></span> <span class='ocrx_word' id='word_1_563' title='bbox 2960 3821 3066 3875; x_wconf 89' lang='lat' dir='ltr'><strong>hoc</strong></span> <span class='ocrx_word' id='word_1_564' title='bbox 3095 3829 3251 3890; x_wconf 89' lang='lat' dir='ltr'><strong>pacto</strong></span> <span class='ocrx_word' id='word_1_565' title='bbox 3281 3818 3431 3872; x_wconf 89' lang='lat' dir='ltr'><strong>audi-</strong></span> 
     </span>
    </p>
   </div>
   <div class='ocr_carea' id='block_1_80' title="bbox 1869 3910 3434 3991">
    <p class='ocr_par' dir='ltr' id='par_1_80' title="bbox 1869 3910 3434 3991">
     <span class='ocr_line' id='line_1_80' title="bbox 1869 3910 3434 3991; baseline -0.009 -17"><span class='ocrx_word' id='word_1_566' title='bbox 1869 3933 2012 3978; x_wconf 89' lang='lat' dir='ltr'><strong>tores</strong></span> <span class='ocrx_word' id='word_1_567' title='bbox 2033 3922 2202 3991; x_wconf 87' lang='lat' dir='ltr'><strong>magis</strong></span> <span class='ocrx_word' id='word_1_568' title='bbox 2228 3920 2572 3980; x_wconf 89' lang='lat' dir='ltr'><strong>allecturum,</strong></span> <span class='ocrx_word' id='word_1_569' title='bbox 2594 3930 2716 3968; x_wconf 87' lang='lat' dir='ltr'><strong>cum</strong></span> <span class='ocrx_word' id='word_1_570' title='bbox 2745 3913 2950 3967; x_wconf 86' lang='lat' dir='ltr'><strong>soleant</strong></span> <span class='ocrx_word' id='word_1_571' title='bbox 2972 3910 3218 3964; x_wconf 86' lang='lat' dir='ltr'><strong>homines</strong></span> <span class='ocrx_word' id='word_1_572' title='bbox 3241 3922 3434 3962; x_wconf 88' lang='lat' dir='ltr'><strong>omnes</strong></span> 
     </span>
    </p>
   </div>
   <div class='ocr_carea' id='block_1_81' title="bbox 1867 4006 3430 4082">
    <p class='ocr_par' dir='ltr' id='par_1_81' title="bbox 1867 4006 3430 4082">
     <span class='ocr_line' id='line_1_81' title="bbox 1867 4006 3430 4082; baseline -0.012 -13"><span class='ocrx_word' id='word_1_573' title='bbox 1867 4024 2054 4082; x_wconf 88' lang='lat' dir='ltr'><strong>suapte</strong></span> <span class='ocrx_word' id='word_1_574' title='bbox 2091 4023 2281 4066; x_wconf 87' lang='lat' dir='ltr'><strong>natura</strong></span> <span class='ocrx_word' id='word_1_575' title='bbox 2318 4009 2583 4064; x_wconf 87' lang='lat' dir='ltr'><strong>lacessitis</strong></span> <span class='ocrx_word' id='word_1_576' title='bbox 2613 4007 2813 4061; x_wconf 87' lang='lat' dir='ltr'><strong>favere.</strong></span> <span class='ocrx_word' id='word_1_577' title='bbox 2843 4006 3180 4072; x_wconf 80' lang='lat' dir='ltr'><strong>Quapropter</strong></span> <span class='ocrx_word' id='word_1_578' title='bbox 3205 4015 3430 4052; x_wconf 88' lang='lat' dir='ltr'><strong>accusa-</strong></span> 
     </span>
    </p>
   </div>
   <div class='ocr_carea' id='block_1_82' title="bbox 1867 4089 3426 4172">
    <p class='ocr_par' dir='ltr' id='par_1_82' title="bbox 1867 4089 3426 4172">
     <span class='ocr_line' id='line_1_82' title="bbox 1867 4089 3426 4172; baseline -0.013 -12"><span class='ocrx_word' id='word_1_579' title='bbox 1867 4115 2012 4160; x_wconf 89' lang='lat' dir='ltr'><strong>tores</strong></span> <span class='ocrx_word' id='word_1_580' title='bbox 2059 4103 2588 4172; x_wconf 87' lang='lat' dir='ltr'><strong>calumuiatoresque</strong></span> <span class='ocrx_word' id='word_1_581' title='bbox 2637 4097 2844 4164; x_wconf 88' lang='lat' dir='ltr'><strong>culpat,</strong></span> <span class='ocrx_word' id='word_1_582' title='bbox 2875 4095 3062 4161; x_wconf 89' lang='lat' dir='ltr'><strong>eisque</strong></span> <span class='ocrx_word' id='word_1_583' title='bbox 3111 4092 3192 4144; x_wconf 87' lang='lat' dir='ltr'><strong>sui</strong></span> <span class='ocrx_word' id='word_1_584' title='bbox 3243 4089 3426 4154; x_wconf 88' lang='lat' dir='ltr'><strong>scripti</strong></span> 
     </span>
    </p>
   </div>
   <div class='ocr_carea' id='block_1_83' title="bbox 1863 4182 3427 4258">
    <p class='ocr_par' dir='ltr' id='par_1_83' title="bbox 1863 4182 3427 4258">
     <span class='ocr_line' id='line_1_83' title="bbox 1863 4182 3427 4258; baseline -0.013 -5"><span class='ocrx_word' id='word_1_585' title='bbox 1863 4214 2080 4253; x_wconf 85' lang='lat' dir='ltr'><strong>causam</strong></span> <span class='ocrx_word' id='word_1_586' title='bbox 2123 4195 2367 4248; x_wconf 88' lang='lat' dir='ltr'><strong>ascribit.</strong></span> <span class='ocrx_word' id='word_1_587' title='bbox 2401 4193 2580 4258; x_wconf 82' lang='lat' dir='ltr'><strong>Quare</strong></span> <span class='ocrx_word' id='word_1_588' title='bbox 2615 4203 2673 4244; x_wconf 90' lang='lat' dir='ltr'><strong>ut</strong></span> <span class='ocrx_word' id='word_1_589' title='bbox 2705 4189 2820 4256; x_wconf 87' lang='lat' dir='ltr'><strong>ejus</strong></span> <span class='ocrx_word' id='word_1_590' title='bbox 2852 4184 3137 4239; x_wconf 82' lang='lat' dir='ltr'><strong>artificium</strong></span> <span class='ocrx_word' id='word_1_591' title='bbox 3179 4182 3273 4235; x_wconf 89' lang='lat' dir='ltr'><strong>fiat</strong></span> <span class='ocrx_word' id='word_1_592' title='bbox 3303 4197 3427 4249; x_wconf 89' lang='lat' dir='ltr'><strong>per-</strong></span> 
     </span>
    </p>
   </div>
   <div class='ocr_carea' id='block_1_84' title="bbox 179 4273 1759 4360">
    <p class='ocr_par' dir='ltr' id='par_1_84' title="bbox 179 4281 1759 4358">
     <span class='ocr_line' id='line_1_84' title="bbox 179 4281 1759 4358; baseline -0.005 -15"><span class='ocrx_word' id='word_1_593' title='bbox 179 4287 361 4343; x_wconf 84' lang='grc' dir='ltr'>αίτίαν</span> <span class='ocrx_word' id='word_1_594' title='bbox 395 4288 716 4358; x_wconf 85' lang='grc' dir='ltr'>προσάπτει.</span> <span class='ocrx_word' id='word_1_595' title='bbox 775 4287 936 4338; x_wconf 84' lang='grc' dir='ltr'>Ὥστε</span> <span class='ocrx_word' id='word_1_596' title='bbox 979 4284 1034 4336; x_wconf 85' lang='grc' dir='ltr'><strong>δέ</strong></span> <span class='ocrx_word' id='word_1_597' title='bbox 1080 4285 1243 4336; x_wconf 82' lang='grc' dir='ltr'>πᾶσιν</span> <span class='ocrx_word' id='word_1_598' title='bbox 1295 4283 1458 4335; x_wconf 80' lang='grc' dir='ltr'>αὑτοῦ</span> <span class='ocrx_word' id='word_1_599' title='bbox 1513 4281 1759 4350; x_wconf 87' lang='grc' dir='ltr'>γενέσθαι</span> 
     </span>
    </p>
   </div>
   <div class='ocr_carea' id='block_1_85' title="bbox 1873 4273 3426 4360">
    <p class='ocr_par' dir='ltr' id='par_1_85' title="bbox 1873 4273 3426 4360">
     <span class='ocr_line' id='line_1_85' title="bbox 1873 4273 3426 4360; baseline -0.014 -14"><span class='ocrx_word' id='word_1_600' title='bbox 1873 4291 2108 4360; x_wconf 84' lang='lat' dir='ltr'><strong>spicuum</strong></span> <span class='ocrx_word' id='word_1_601' title='bbox 2141 4288 2414 4349; x_wconf 82' lang='lat' dir='ltr'><strong>omnibus,</strong></span> <span class='ocrx_word' id='word_1_602' title='bbox 2447 4283 2637 4338; x_wconf 84' lang='lat' dir='ltr'><strong>melius</strong></span> <span class='ocrx_word' id='word_1_603' title='bbox 2683 4281 2846 4336; x_wconf 91' lang='lat' dir='ltr'><strong>fuerit</strong></span> <span class='ocrx_word' id='word_1_604' title='bbox 2886 4281 3057 4348; x_wconf 88' lang='lat' dir='ltr'><strong>ipsum</strong></span> <span class='ocrx_word' id='word_1_605' title='bbox 3105 4273 3426 4346; x_wconf 85' lang='lat' dir='ltr'><strong>proloquen-</strong></span> 
     </span>
    </p>
   </div>
   <div class='ocr_carea' id='block_1_86' title="bbox 181 4375 1753 4452">
    <p class='ocr_par' dir='ltr' id='par_1_86' title="bbox 181 4375 1753 4452">
     <span class='ocr_line' id='line_1_86' title="bbox 181 4375 1753 4452; baseline -0.003 -17"><span class='ocrx_word' id='word_1_606' title='bbox 181 4384 281 4452; x_wconf 83' lang='grc' dir='ltr'>τὴν</span> <span class='ocrx_word' id='word_1_607' title='bbox 333 4383 526 4452; x_wconf 83' lang='grc' dir='ltr'>τέχνην</span> <span class='ocrx_word' id='word_1_608' title='bbox 569 4381 852 4451; x_wconf 84' lang='grc' dir='ltr'>καταφανῆ</span> <span class='ocrx_word' id='word_1_609' title='bbox 875 4422 888 4444; x_wconf 92' lang='grc'><strong>,</strong></span> <span class='ocrx_word' id='word_1_610' title='bbox 925 4381 1074 4432; x_wconf 80' lang='grc' dir='ltr'>οὐδὲν</span> <span class='ocrx_word' id='word_1_611' title='bbox 1107 4381 1284 4449; x_wconf 84' lang='grc' dir='ltr'>χεῖρον</span> <span class='ocrx_word' id='word_1_612' title='bbox 1332 4377 1499 4448; x_wconf 77' lang='grc' dir='ltr'>αὐτῆς</span> <span class='ocrx_word' id='word_1_613' title='bbox 1527 4375 1753 4430; x_wconf 76' lang='grc' dir='ltr'>ἀκοῦσαι</span> 
     </span>
    </p>
   </div>
   <div class='ocr_carea' id='block_1_87' title="bbox 181 4453 1446 4544">
    <p class='ocr_par' dir='ltr' id='par_1_87' title="bbox 181 4453 1446 4544">
     <span class='ocr_line' id='line_1_87' title="bbox 181 4453 1446 4544; baseline -0.003 -19"><span class='ocrx_word' id='word_1_614' title='bbox 181 4473 278 4528; x_wconf 83' lang='grc' dir='ltr'>τοῦ</span> <span class='ocrx_word' id='word_1_615' title='bbox 301 4472 584 4544; x_wconf 83' lang='grc' dir='ltr'>προοιμίου</span> <span class='ocrx_word' id='word_1_616' title='bbox 619 4473 716 4542; x_wconf 83' lang='grc' dir='ltr'>τῆς</span> <span class='ocrx_word' id='word_1_617' title='bbox 740 4472 954 4539; x_wconf 82' lang='grc' dir='ltr'>λέξεως.</span> <span class='ocrx_word' id='word_1_618' title='bbox 988 4471 1141 4540; x_wconf 84' lang='grc' dir='ltr'>Ἔχει</span> <span class='ocrx_word' id='word_1_619' title='bbox 1172 4470 1228 4522; x_wconf 87' lang='grc' dir='ltr'>δὲ</span> <span class='ocrx_word' id='word_1_620' title='bbox 1257 4453 1446 4532; x_wconf 70' lang='grc' dir='ltr'>οὕτως.</span> 
     </span>
    </p>
   </div>
   <div class='ocr_carea' id='block_1_88' title="bbox 238 4675 720 4740">
    <p class='ocr_par' dir='ltr' id='par_1_88' title="bbox 238 4675 720 4740">
     <span class='ocr_line' id='line_1_88' title="bbox 238 4675 720 4740; baseline -0.002 -11"><span class='ocrx_word' id='word_1_621' title='bbox 238 4677 286 4709; x_wconf 78' lang='grc'><strong>⁸³</strong></span> <span class='ocrx_word' id='word_1_622' title='bbox 316 4675 475 4730; x_wconf 85' lang='lat' dir='ltr'><strong>Num.</strong></span> <span class='ocrx_word' id='word_1_623' title='bbox 505 4691 638 4740; x_wconf 78' lang='lat' dir='ltr'><strong>xxv,</strong></span> <span class='ocrx_word' id='word_1_624' title='bbox 667 4675 720 4730; x_wconf 91' lang='lat'><strong>8.</strong></span> 
     </span>
    </p>
   </div>
   <div class='ocr_carea' id='block_1_89' title="bbox 183 4809 1757 4878">
    <p class='ocr_par' dir='ltr' id='par_1_89' title="bbox 183 4809 1757 4878">
     <span class='ocr_line' id='line_1_89' title="bbox 183 4809 1757 4878; baseline -0.004 -9"><span class='ocrx_word' id='word_1_625' title='bbox 183 4811 375 4870; x_wconf 78' lang='lat' dir='ltr'><strong>fratris</strong></span> <span class='ocrx_word' id='word_1_626' title='bbox 403 4811 715 4866; x_wconf 81' lang='lat' dir='ltr'><strong>charissimi</strong></span> <span class='ocrx_word' id='word_1_627' title='bbox 753 4812 972 4878; x_wconf 89' lang='lat' dir='ltr'><strong>scriptis</strong></span> <span class='ocrx_word' id='word_1_628' title='bbox 1010 4811 1241 4864; x_wconf 88' lang='lat' dir='ltr'><strong>tolleret.</strong></span> <span class='ocrx_word' id='word_1_629' title='bbox 1278 4810 1382 4864; x_wconf 87' lang='lat' dir='ltr'><strong>Sed</strong></span> <span class='ocrx_word' id='word_1_630' title='bbox 1414 4823 1576 4878; x_wconf 85' lang='lat' dir='ltr'><strong>quam</strong></span> <span class='ocrx_word' id='word_1_631' title='bbox 1625 4809 1757 4862; x_wconf 82' lang='lat' dir='ltr'><strong>levis</strong></span> 
     </span>
    </p>
   </div>
   <div class='ocr_carea' id='block_1_90' title="bbox 184 4879 1762 4946">
    <p class='ocr_par' dir='ltr' id='par_1_90' title="bbox 184 4879 1762 4946">
     <span class='ocr_line' id='line_1_90' title="bbox 184 4879 1762 4946; baseline -0.005 -8"><span class='ocrx_word' id='word_1_632' title='bbox 184 4887 260 4938; x_wconf 86' lang='lat' dir='ltr'><strong>sit</strong></span> <span class='ocrx_word' id='word_1_633' title='bbox 283 4891 339 4934; x_wconf 88' lang='lat' dir='ltr'><strong>et</strong></span> <span class='ocrx_word' id='word_1_634' title='bbox 388 4882 616 4946; x_wconf 90' lang='lat' dir='ltr'><strong>pusillus</strong></span> <span class='ocrx_word' id='word_1_635' title='bbox 641 4897 797 4934; x_wconf 90' lang='lat' dir='ltr'><strong>error</strong></span> <span class='ocrx_word' id='word_1_636' title='bbox 834 4883 946 4944; x_wconf 90' lang='lat' dir='ltr'><strong>ille,</strong></span> <span class='ocrx_word' id='word_1_637' title='bbox 975 4883 1212 4934; x_wconf 87' lang='lat' dir='ltr'><strong>ostendit</strong></span> <span class='ocrx_word' id='word_1_638' title='bbox 1267 4881 1493 4932; x_wconf 82' lang='lat' dir='ltr'><strong>fratrum</strong></span> <span class='ocrx_word' id='word_1_639' title='bbox 1524 4879 1762 4946; x_wconf 89' lang='lat' dir='ltr'><strong>optimus</strong></span> 
     </span>
    </p>
   </div>
   <div class='ocr_carea' id='block_1_91' title="bbox 183 4948 1758 5020">
    <p class='ocr_par' dir='ltr' id='par_1_91' title="bbox 183 4948 1758 5020">
     <span class='ocr_line' id='line_1_91' title="bbox 183 4948 1758 5020; baseline -0.006 -11"><span class='ocrx_word' id='word_1_640' title='bbox 183 4953 484 5020; x_wconf 77' lang='lat' dir='ltr'><strong>Gregorius</strong></span> <span class='ocrx_word' id='word_1_641' title='bbox 516 4951 607 5004; x_wconf 88' lang='lat' dir='ltr'><strong>lib.</strong></span> <span class='ocrx_word' id='word_1_642' title='bbox 649 4967 664 5004; x_wconf 84' lang='grc' dir='ltr'><strong>ι</strong></span> <span class='ocrx_word' id='word_1_643' title='bbox 702 4952 756 5002; x_wconf 85' lang='lat' dir='ltr'><strong>in</strong></span> <span class='ocrx_word' id='word_1_644' title='bbox 797 4949 1026 5004; x_wconf 86' lang='lat' dir='ltr'><strong>Eunom.</strong></span> <span class='ocrx_word' id='word_1_645' title='bbox 1061 4966 1181 5019; x_wconf 85' lang='lat' dir='ltr'><strong>pag.</strong></span> <span class='ocrx_word' id='word_1_646' title='bbox 1207 4949 1310 5003; x_wconf 81' lang='lat'><strong>307</strong></span> <span class='ocrx_word' id='word_1_647' title='bbox 1341 4967 1354 5000; x_wconf 87' lang='lat'><strong>:</strong></span> <span class='ocrx_word' id='word_1_648' title='bbox 1384 4948 1597 5020; x_wconf 14' lang='lat' dir='ltr'><strong>Mirum,</strong></span> <span class='ocrx_word' id='word_1_649' title='bbox 1618 4963 1758 5010; x_wconf 78' lang='lat' dir='ltr'><strong>vero,</strong></span> 
     </span>
    </p>
   </div>
   <div class='ocr_carea' id='block_1_92' title="bbox 185 5019 1760 5089">
    <p class='ocr_par' dir='ltr' id='par_1_92' title="bbox 185 5019 1760 5089">
     <span class='ocr_line' id='line_1_92' title="bbox 185 5019 1760 5089; baseline -0.004 -15"><span class='ocrx_word' id='word_1_650' title='bbox 185 5019 385 5087; x_wconf 84' lang='lat' dir='ltr'><strong>inquit.</strong></span> <span class='ocrx_word' id='word_1_651' title='bbox 439 5021 488 5072; x_wconf 80' lang='lat' dir='ltr'><strong>si</strong></span> <span class='ocrx_word' id='word_1_652' title='bbox 538 5037 652 5072; x_wconf 85' lang='lat' dir='ltr'><strong>eum</strong></span> <span class='ocrx_word' id='word_1_653' title='bbox 689 5021 778 5089; x_wconf 84' lang='lat' dir='ltr'><strong>qui</strong></span> <span class='ocrx_word' id='word_1_654' title='bbox 831 5022 884 5073; x_wconf 85' lang='lat' dir='ltr'><strong>in</strong></span> <span class='ocrx_word' id='word_1_655' title='bbox 931 5021 1176 5087; x_wconf 83' lang='lat' dir='ltr'><strong>conﬁniis</strong></span> <span class='ocrx_word' id='word_1_656' title='bbox 1231 5023 1458 5072; x_wconf 85' lang='lat' dir='ltr'><strong>duarum</strong></span> <span class='ocrx_word' id='word_1_657' title='bbox 1492 5019 1760 5089; x_wconf 71' lang='lat' dir='ltr'><strong>regionum</strong></span> 
     </span>
    </p>
   </div>
   <div class='ocr_carea' id='block_1_93' title="bbox 181 5087 1759 5158">
    <p class='ocr_par' dir='ltr' id='par_1_93' title="bbox 181 5087 1759 5158">
     <span class='ocr_line' id='line_1_93' title="bbox 181 5087 1759 5158; baseline -0.004 -14"><span class='ocrx_word' id='word_1_658' title='bbox 181 5091 460 5158; x_wconf 71' lang='lat' dir='ltr'><strong>habitabat</strong></span> <span class='ocrx_word' id='word_1_659' title='bbox 516 5091 570 5142; x_wconf 84' lang='lat' dir='ltr'><strong>in</strong></span> <span class='ocrx_word' id='word_1_660' title='bbox 614 5087 832 5142; x_wconf 76' lang='lat' dir='ltr'><strong>obscuro</strong></span> <span class='ocrx_word' id='word_1_661' title='bbox 861 5091 1088 5158; x_wconf 83' lang='lat' dir='ltr'><strong>quodam</strong></span> <span class='ocrx_word' id='word_1_662' title='bbox 1135 5089 1500 5156; x_wconf 75' lang='lat' dir='ltr'><strong>Gorninspina:</strong></span> <span class='ocrx_word' id='word_1_663' title='bbox 1534 5087 1759 5158; x_wconf 76' lang='lat' dir='ltr'><strong>angulo,</strong></span> 
     </span>
    </p>
   </div>
   <div class='ocr_carea' id='block_1_94' title="bbox 181 5157 1756 5224">
    <p class='ocr_par' dir='ltr' id='par_1_94' title="bbox 181 5157 1756 5224">
     <span class='ocr_line' id='line_1_94' title="bbox 181 5157 1756 5224; baseline -0.004 -10"><span class='ocrx_word' id='word_1_664' title='bbox 181 5177 290 5214; x_wconf 81' lang='lat' dir='ltr'><strong>non</strong></span> <span class='ocrx_word' id='word_1_665' title='bbox 327 5157 658 5224; x_wconf 70' lang='lat' dir='ltr'><strong>Ollisetrium,</strong></span> <span class='ocrx_word' id='word_1_666' title='bbox 713 5161 803 5211; x_wconf 85' lang='lat' dir='ltr'><strong>sed</strong></span> <span class='ocrx_word' id='word_1_667' title='bbox 835 5159 1082 5212; x_wconf 81' lang='lat' dir='ltr'><strong>Galatam</strong></span> <span class='ocrx_word' id='word_1_668' title='bbox 1139 5158 1449 5218; x_wconf 75' lang='lat' dir='ltr'><strong>nominavit,</strong></span> <span class='ocrx_word' id='word_1_669' title='bbox 1495 5157 1542 5209; x_wconf 86' lang='lat' dir='ltr'><strong>si</strong></span> <span class='ocrx_word' id='word_1_670' title='bbox 1581 5166 1756 5208; x_wconf 84' lang='lat' dir='ltr'><strong>tamen</strong></span> 
     </span>
    </p>
   </div>
   <div class='ocr_carea' id='block_1_95' title="bbox 183 5227 1760 5294">
    <p class='ocr_par' dir='ltr' id='par_1_95' title="bbox 183 5227 1760 5294">
     <span class='ocr_line' id='line_1_95' title="bbox 183 5227 1760 5294; baseline -0.004 -11"><span class='ocrx_word' id='word_1_671' title='bbox 183 5229 488 5283; x_wconf 81' lang='lat' dir='ltr'><strong>nominasse</strong></span> <span class='ocrx_word' id='word_1_672' title='bbox 510 5228 712 5281; x_wconf 79' lang='lat' dir='ltr'><strong>ostendi</strong></span> <span class='ocrx_word' id='word_1_673' title='bbox 735 5239 921 5294; x_wconf 81' lang='lat' dir='ltr'><strong>potest.</strong></span> <span class='ocrx_word' id='word_1_674' title='bbox 950 5227 1072 5280; x_wconf 81' lang='lat' dir='ltr'><strong>Non</strong></span> <span class='ocrx_word' id='word_1_675' title='bbox 1100 5231 1236 5280; x_wconf 80' lang='lat' dir='ltr'><strong>enim</strong></span> <span class='ocrx_word' id='word_1_676' title='bbox 1271 5229 1367 5278; x_wconf 84' lang='lat' dir='ltr'><strong>hoc</strong></span> <span class='ocrx_word' id='word_1_677' title='bbox 1391 5227 1557 5292; x_wconf 82' lang='lat' dir='ltr'><strong>reperi</strong></span> <span class='ocrx_word' id='word_1_678' title='bbox 1577 5227 1630 5276; x_wconf 87' lang='lat' dir='ltr'><strong>in</strong></span> <span class='ocrx_word' id='word_1_679' title='bbox 1665 5241 1760 5294; x_wconf 85' lang='lat' dir='ltr'><strong>no-</strong></span> 
     </span>
    </p>
   </div>
   <div class='ocr_carea' id='block_1_96' title="bbox 183 5293 1756 5360">
    <p class='ocr_par' dir='ltr' id='par_1_96' title="bbox 183 5293 1756 5360">
     <span class='ocr_line' id='line_1_96' title="bbox 183 5293 1756 5360; baseline -0.004 -8"><span class='ocrx_word' id='word_1_680' title='bbox 183 5303 310 5352; x_wconf 85' lang='lat' dir='ltr'><strong>stris</strong></span> <span class='ocrx_word' id='word_1_681' title='bbox 341 5298 606 5350; x_wconf 83' lang='lat' dir='ltr'><strong>codicibus</strong></span> <span class='ocrx_word' id='word_1_682' title='bbox 637 5313 654 5349; x_wconf 91' lang='lat'><strong><em>:</em></strong></span> <span class='ocrx_word' id='word_1_683' title='bbox 687 5293 776 5351; x_wconf 84' lang='lat' dir='ltr'><strong>sed</strong></span> <span class='ocrx_word' id='word_1_684' title='bbox 802 5300 1139 5360; x_wconf 79' lang='lat' dir='ltr'><strong>esta,di:rerit</strong></span> <span class='ocrx_word' id='word_1_685' title='bbox 1176 5299 1269 5349; x_wconf 82' lang='lat' dir='ltr'><strong>hoc</strong></span> <span class='ocrx_word' id='word_1_686' title='bbox 1298 5293 1756 5354; x_wconf 81' lang='lat' dir='ltr'><strong>Basilius.Aetius</strong></span> 
     </span>
    </p>
   </div>
   <div class='ocr_carea' id='block_1_97' title="bbox 187 5364 1754 5436">
    <p class='ocr_par' dir='ltr' id='par_1_97' title="bbox 187 5364 1754 5436">
     <span class='ocr_line' id='line_1_97' title="bbox 187 5364 1754 5436; baseline -0.004 -15"><span class='ocrx_word' id='word_1_687' title='bbox 187 5369 280 5422; x_wconf 81' lang='lat' dir='ltr'><strong>ille</strong></span> <span class='ocrx_word' id='word_1_688' title='bbox 310 5365 482 5436; x_wconf 80' lang='lat' dir='ltr'><strong>Syrus</strong></span> <span class='ocrx_word' id='word_1_689' title='bbox 519 5369 670 5434; x_wconf 88' lang='lat' dir='ltr'><strong>cujus</strong></span> <span class='ocrx_word' id='word_1_690' title='bbox 697 5369 974 5435; x_wconf 70' lang='lat' dir='ltr'><strong>aliquanto</strong></span> <span class='ocrx_word' id='word_1_691' title='bbox 1000 5375 1125 5420; x_wconf 86' lang='lat' dir='ltr'><strong>ante</strong></span> <span class='ocrx_word' id='word_1_692' title='bbox 1157 5367 1359 5436; x_wconf 61' lang='lat' dir='ltr'><strong>mentio</strong></span> <span class='ocrx_word' id='word_1_693' title='bbox 1391 5364 1530 5418; x_wconf 80' lang='lat' dir='ltr'><strong>facta</strong></span> <span class='ocrx_word' id='word_1_694' title='bbox 1556 5372 1657 5436; x_wconf 79' lang='lat' dir='ltr'><strong>est,</strong></span> <span class='ocrx_word' id='word_1_695' title='bbox 1679 5377 1754 5436; x_wconf 70' lang='lat' dir='ltr'><strong>ex</strong></span> 
     </span>
    </p>
   </div>
   <div class='ocr_carea' id='block_1_98' title="bbox 186 5432 1754 5505">
    <p class='ocr_par' dir='ltr' id='par_1_98' title="bbox 186 5432 1754 5505">
     <span class='ocr_line' id='line_1_98' title="bbox 186 5432 1754 5505; baseline -0.006 -13"><span class='ocrx_word' id='word_1_696' title='bbox 186 5432 466 5505; x_wconf 71' lang='lat' dir='ltr'><strong>impietate</strong></span> <span class='ocrx_word' id='word_1_697' title='bbox 487 5432 800 5504; x_wconf 33' lang='lat' dir='ltr'><strong>cog—nomen</strong></span> <span class='ocrx_word' id='word_1_698' title='bbox 827 5438 983 5490; x_wconf 85' lang='lat' dir='ltr'><strong>Athei</strong></span> <span class='ocrx_word' id='word_1_699' title='bbox 1015 5437 1244 5503; x_wconf 87' lang='lat' dir='ltr'><strong>accepit.</strong></span> <span class='ocrx_word' id='word_1_700' title='bbox 1291 5433 1364 5505; x_wconf 74' lang='lat' dir='ltr'><strong>De</strong></span> <span class='ocrx_word' id='word_1_701' title='bbox 1389 5447 1453 5486; x_wconf 88' lang='lat' dir='ltr'><strong>eo</strong></span> <span class='ocrx_word' id='word_1_702' title='bbox 1487 5432 1754 5505; x_wconf 70' lang='lat' dir='ltr'><strong>copiosis-</strong></span> 
     </span>
    </p>
   </div>
   <div class='ocr_carea' id='block_1_99' title="bbox 185 5501 1743 5572">
    <p class='ocr_par' dir='ltr' id='par_1_99' title="bbox 185 5501 1743 5572">
     <span class='ocr_line' id='line_1_99' title="bbox 185 5501 1743 5572; baseline -0.003 -11"><span class='ocrx_word' id='word_1_703' title='bbox 185 5501 321 5561; x_wconf 80' lang='lat' dir='ltr'><strong>sime</strong></span> <span class='ocrx_word' id='word_1_704' title='bbox 354 5501 646 5572; x_wconf 69' lang='lat' dir='ltr'><strong>loquuniur</strong></span> <span class='ocrx_word' id='word_1_705' title='bbox 679 5517 790 5559; x_wconf 90' lang='lat' dir='ltr'><strong>tum</strong></span> <span class='ocrx_word' id='word_1_706' title='bbox 819 5507 907 5558; x_wconf 89' lang='lat' dir='ltr'><strong>alii</strong></span> <span class='ocrx_word' id='word_1_707' title='bbox 937 5507 1111 5570; x_wconf 90' lang='lat' dir='ltr'><strong>multi,</strong></span> <span class='ocrx_word' id='word_1_708' title='bbox 1140 5501 1248 5556; x_wconf 85' lang='lat' dir='ltr'><strong>tum</strong></span> <span class='ocrx_word' id='word_1_709' title='bbox 1279 5503 1568 5572; x_wconf 79' lang='lat' dir='ltr'><strong>Gregorius</strong></span> <span class='ocrx_word' id='word_1_710' title='bbox 1605 5501 1672 5570; x_wconf 69' lang='grc' dir='ltr'><strong>Ν)</strong></span> <span class='ocrx_word' id='word_1_711' title='bbox 1688 5517 1743 5556; x_wconf 91' lang='lat' dir='ltr'><strong>s-</strong></span> 
     </span>
    </p>
   </div>
   <div class='ocr_carea' id='block_1_100' title="bbox 185 5575 1510 5644">
    <p class='ocr_par' dir='ltr' id='par_1_100' title="bbox 185 5575 1510 5644">
     <span class='ocr_line' id='line_1_100' title="bbox 185 5575 1510 5644; baseline -0.005 -12"><span class='ocrx_word' id='word_1_712' title='bbox 185 5591 374 5636; x_wconf 81' lang='lat' dir='ltr'><strong>senns,</strong></span> <span class='ocrx_word' id='word_1_713' title='bbox 403 5577 496 5630; x_wconf 89' lang='lat' dir='ltr'><strong>lib.</strong></span> <span class='ocrx_word' id='word_1_714' title='bbox 527 5591 542 5630; x_wconf 89' lang='lat' dir='ltr'><strong>l</strong></span> <span class='ocrx_word' id='word_1_715' title='bbox 572 5587 754 5628; x_wconf 85' lang='lat' dir='ltr'><strong>contra</strong></span> <span class='ocrx_word' id='word_1_716' title='bbox 785 5575 1008 5629; x_wconf 76' lang='lat' dir='ltr'><strong>Eunoni.</strong></span> <span class='ocrx_word' id='word_1_717' title='bbox 1039 5591 1159 5642; x_wconf 82' lang='lat' dir='ltr'><strong>pag.</strong></span> <span class='ocrx_word' id='word_1_718' title='bbox 1194 5575 1298 5628; x_wconf 69' lang='lat'><strong>292</strong></span> <span class='ocrx_word' id='word_1_719' title='bbox 1321 5583 1374 5644; x_wconf 80' lang='lat' dir='ltr'><strong>et</strong></span> <span class='ocrx_word' id='word_1_720' title='bbox 1396 5587 1510 5644; x_wconf 85' lang='lat' dir='ltr'><strong>seq.</strong></span> 
     </span>
    </p>
   </div>
   <div class='ocr_carea' id='block_1_101' title="bbox 257 5641 1744 5714">
    <p class='ocr_par' dir='ltr' id='par_1_101' title="bbox 257 5641 1744 5714">
     <span class='ocr_line' id='line_1_101' title="bbox 257 5641 1744 5714; baseline -0.003 -16"><span class='ocrx_word' id='word_1_721' title='bbox 257 5645 370 5714; x_wconf 87' lang='lat'><strong>(59)</strong></span> <span class='ocrx_word' id='word_1_722' title='bbox 412 5645 533 5698; x_wconf 83' lang='grc' dir='ltr'>’Υπ’</span> <span class='ocrx_word' id='word_1_723' title='bbox 569 5646 779 5710; x_wconf 88' lang='grc' dir='ltr'>ὀδόντα,</span> <span class='ocrx_word' id='word_1_724' title='bbox 825 5641 1215 5714; x_wconf 80' lang='lat' dir='ltr'><strong>blnsuhemiom</strong></span> <span class='ocrx_word' id='word_1_725' title='bbox 1244 5641 1532 5714; x_wconf 25' lang='lat' dir='ltr'><strong>subidente</strong></span> <span class='ocrx_word' id='word_1_726' title='bbox 1565 5641 1744 5706; x_wconf 86' lang='lat' dir='ltr'><strong>prola-</strong></span> 
     </span>
    </p>
   </div>
   <div class='ocr_carea' id='block_1_102' title="bbox 185 5711 1735 5772">
    <p class='ocr_par' dir='ltr' id='par_1_102' title="bbox 185 5711 1735 5772">
     <span class='ocr_line' id='line_1_102' title="bbox 185 5711 1735 5772; baseline -0.008 -2"><span class='ocrx_word' id='word_1_727' title='bbox 185 5711 290 5770; x_wconf 65' lang='lat' dir='ltr'><strong>tam</strong></span> <span class='ocrx_word' id='word_1_728' title='bbox 317 5711 472 5772; x_wconf 53' lang='lat' dir='ltr'><strong>{hoc</strong></span> <span class='ocrx_word' id='word_1_729' title='bbox 490 5725 592 5772; x_wconf 87' lang='lat' dir='ltr'><strong>est.</strong></span> <span class='ocrx_word' id='word_1_730' title='bbox 621 5715 993 5771; x_wconf 81' lang='lat' dir='ltr'><strong>blasahemiam</strong></span> <span class='ocrx_word' id='word_1_731' title='bbox 1012 5713 1305 5768; x_wconf 84' lang='lat' dir='ltr'><strong>clanculum</strong></span> <span class='ocrx_word' id='word_1_732' title='bbox 1323 5711 1735 5764; x_wconf 74' lang='lat' dir='ltr'><strong>disseminatum.</strong></span> 
     </span>
    </p>
   </div>
   <div class='ocr_carea' id='block_1_103' title="bbox 1864 4377 2756 4440">
    <p class='ocr_par' dir='ltr' id='par_1_103' title="bbox 1864 4377 2756 4440">
     <span class='ocr_line' id='line_1_103' title="bbox 1864 4377 2756 4440; baseline -0.011 -2"><span class='ocrx_word' id='word_1_733' title='bbox 1864 4393 1969 4440; x_wconf 90' lang='lat' dir='ltr'><strong>tem</strong></span> <span class='ocrx_word' id='word_1_734' title='bbox 2004 4381 2212 4437; x_wconf 88' lang='lat' dir='ltr'><strong>audire.</strong></span> <span class='ocrx_word' id='word_1_735' title='bbox 2243 4380 2332 4434; x_wconf 88' lang='lat' dir='ltr'><strong>Sic</strong></span> <span class='ocrx_word' id='word_1_736' title='bbox 2365 4387 2540 4431; x_wconf 89' lang='lat' dir='ltr'><strong>autem</strong></span> <span class='ocrx_word' id='word_1_737' title='bbox 2577 4377 2756 4430; x_wconf 84' lang='lat' dir='ltr'><strong>habet.</strong></span> 
     </span>
    </p>
   </div>
   <div class='ocr_carea' id='block_1_104' title="bbox 1859 4787 3422 4868">
    <p class='ocr_par' dir='ltr' id='par_1_104' title="bbox 1859 4787 3422 4868">
     <span class='ocr_line' id='line_1_104' title="bbox 1859 4787 3422 4868; baseline -0.01 -10"><span class='ocrx_word' id='word_1_738' title='bbox 1859 4804 1980 4859; x_wconf 76' lang='lat' dir='ltr'><strong>Mox</strong></span> <span class='ocrx_word' id='word_1_739' title='bbox 2035 4799 2164 4854; x_wconf 89' lang='lat' dir='ltr'><strong>editi</strong></span> <span class='ocrx_word' id='word_1_740' title='bbox 2222 4791 2654 4868; x_wconf 60' lang='lat' dir='ltr'><strong>wpoosa&#39;irqg:_At</strong></span> <span class='ocrx_word' id='word_1_741' title='bbox 2705 4791 2842 4858; x_wconf 79' lang='lat' dir='ltr'><strong>Reg.</strong></span> <span class='ocrx_word' id='word_1_742' title='bbox 2881 4787 3092 4868; x_wconf 74' lang='lat' dir='ltr'><strong>tertius,</strong></span> <span class='ocrx_word' id='word_1_743' title='bbox 3129 4788 3215 4841; x_wconf 88' lang='lat' dir='ltr'><strong>cui</strong></span> <span class='ocrx_word' id='word_1_744' title='bbox 3249 4787 3422 4856; x_wconf 85' lang='lat' dir='ltr'><strong>prima</strong></span> 
     </span>
    </p>
   </div>
   <div class='ocr_carea' id='block_1_105' title="bbox 1859 4859 3141 4930">
    <p class='ocr_par' dir='ltr' id='par_1_105' title="bbox 1859 4859 3141 4930">
     <span class='ocr_line' id='line_1_105' title="bbox 1859 4859 3141 4930; baseline -0.012 -3"><span class='ocrx_word' id='word_1_745' title='bbox 1859 4890 2019 4928; x_wconf 85' lang='lat' dir='ltr'><strong>manu</strong></span> <span class='ocrx_word' id='word_1_746' title='bbox 2051 4859 2319 4924; x_wconf 72' lang='lat' dir='ltr'><strong>consentit</strong></span> <span class='ocrx_word' id='word_1_747' title='bbox 2339 4859 2702 4923; x_wconf 66' lang='lat' dir='ltr'><strong>Colliertinus,</strong></span> <span class='ocrx_word' id='word_1_748' title='bbox 2733 4859 3141 4930; x_wconf 80' lang='grc' dir='ltr'>πρωτοστάτης.</span> 
     </span>
    </p>
   </div>
   <div class='ocr_carea' id='block_1_106' title="bbox 1931 4926 3424 5011">
    <p class='ocr_par' dir='ltr' id='par_1_106' title="bbox 1931 4926 3424 5011">
     <span class='ocr_line' id='line_1_106' title="bbox 1931 4926 3424 5011; baseline -0.011 -16"><span class='ocrx_word' id='word_1_749' title='bbox 1931 4943 2043 5011; x_wconf 86' lang='grc'>(60)</span> <span class='ocrx_word' id='word_1_750' title='bbox 2069 4939 2288 5008; x_wconf 79' lang='lat' dir='ltr'><strong>Antiqui</strong></span> <span class='ocrx_word' id='word_1_751' title='bbox 2323 4938 2428 4991; x_wconf 85' lang='lat' dir='ltr'><strong>duo</strong></span> <span class='ocrx_word' id='word_1_752' title='bbox 2457 4933 2575 4987; x_wconf 88' lang='lat' dir='ltr'><strong>libri</strong></span> <span class='ocrx_word' id='word_1_753' title='bbox 2599 4926 3056 5000; x_wconf 82' lang='grc' dir='ltr'>καταϐαλόμενος.</span> <span class='ocrx_word' id='word_1_754' title='bbox 3079 4926 3224 4981; x_wconf 85' lang='lat' dir='ltr'><strong>Editi</strong></span> <span class='ocrx_word' id='word_1_755' title='bbox 3259 4945 3424 4981; x_wconf 86' lang='grc' dir='ltr'>κατα-</span> 
     </span>
    </p>
   </div>
   <div class='ocr_carea' id='block_1_107' title="bbox 1861 5011 2205 5066">
    <p class='ocr_par' dir='ltr' id='par_1_107' title="bbox 1861 5011 2205 5066">
     <span class='ocr_line' id='line_1_107' title="bbox 1861 5011 2205 5066; baseline -0.012 -2"><span class='ocrx_word' id='word_1_756' title='bbox 1861 5011 2022 5066; x_wconf 79' lang='grc' dir='ltr'>ϐαλλό</span> <span class='ocrx_word' id='word_1_757' title='bbox 2031 5027 2205 5066; x_wconf 75' lang='grc' dir='ltr'>μενος.</span> 
     </span>
    </p>
   </div>
   <div class='ocr_carea' id='block_1_108' title="bbox 1931 5027 3425 5153">
    <p class='ocr_par' dir='ltr' id='par_1_108' title="bbox 1931 5027 3425 5153">
     <span class='ocr_line' id='line_1_108' title="bbox 1931 5027 3425 5153; baseline 0.001 -34"><span class='ocrx_word' id='word_1_758' title='bbox 2221 5077 2510 5153; x_wconf 76' lang='lat' dir='ltr'><strong>legendum</strong></span> <span class='ocrx_word' id='word_1_759' title='bbox 2531 5071 2672 5126; x_wconf 84' lang='grc' dir='ltr'><strong>κατά</strong></span> <span class='ocrx_word' id='word_1_760' title='bbox 2695 5071 2792 5142; x_wconf 82' lang='grc' dir='ltr'><strong>τὴν</strong></span> <span class='ocrx_word' id='word_1_761' title='bbox 2817 5069 3091 5153; x_wconf 69' lang='grc' dir='ltr'>ἀσέϐειαν,</span> <span class='ocrx_word' id='word_1_762' title='bbox 3121 5065 3208 5153; x_wconf 63' lang='grc' dir='ltr'>γε(</span> <span class='ocrx_word' id='word_1_763' title='bbox 3233 5064 3425 5153; x_wconf 72' lang='lat' dir='ltr'><strong>Latine</strong></span> 
     </span>
    </p>
   </div>
   <div class='ocr_carea' id='block_1_109' title="bbox 1859 5137 3420 5210">
    <p class='ocr_par' dir='ltr' id='par_1_109' title="bbox 1859 5137 3420 5210">
     <span class='ocr_line' id='line_1_109' title="bbox 1859 5137 3420 5210; baseline -0.01 -5"><span class='ocrx_word' id='word_1_764' title='bbox 1859 5137 2192 5205; x_wconf 75' lang='lat' dir='ltr'><strong>reddendum</strong></span> <span class='ocrx_word' id='word_1_765' title='bbox 2237 5137 2418 5202; x_wconf 65' lang='lat' dir='ltr'><strong>contra</strong></span> <span class='ocrx_word' id='word_1_766' title='bbox 2457 5146 2722 5210; x_wconf 77' lang='lat' dir='ltr'><strong>pietatem,</strong></span> <span class='ocrx_word' id='word_1_767' title='bbox 2748 5137 2910 5210; x_wconf 54' lang='lat' dir='ltr'><strong>&#39;quod</strong></span> <span class='ocrx_word' id='word_1_768' title='bbox 2956 5138 3122 5205; x_wconf 85' lang='lat' dir='ltr'><strong>magis</strong></span> <span class='ocrx_word' id='word_1_769' title='bbox 3159 5137 3420 5210; x_wconf 83' lang='lat' dir='ltr'><strong>placeret.</strong></span> 
     </span>
    </p>
   </div>
   <div class='ocr_carea' id='block_1_110' title="bbox 1858 5209 3419 5289">
    <p class='ocr_par' dir='ltr' id='par_1_110' title="bbox 1858 5209 3419 5289">
     <span class='ocr_line' id='line_1_110' title="bbox 1858 5209 3419 5289; baseline -0.012 -15"><span class='ocrx_word' id='word_1_770' title='bbox 1858 5221 2302 5289; x_wconf 75' lang='lat' dir='ltr'><strong>Prtepositionem</strong></span> <span class='ocrx_word' id='word_1_771' title='bbox 2347 5209 2522 5279; x_wconf 84' lang='grc' dir='ltr'>κατά,</span> <span class='ocrx_word' id='word_1_772' title='bbox 2573 5214 2737 5289; x_wconf 54' lang='lat' dir='ltr'><strong>etiam</strong></span> <span class='ocrx_word' id='word_1_773' title='bbox 2791 5209 3048 5289; x_wconf 76' lang='lat' dir='ltr'><strong>sequente</strong></span> <span class='ocrx_word' id='word_1_774' title='bbox 3089 5209 3419 5289; x_wconf 66' lang='lat' dir='ltr'><strong>accusativo,</strong></span> 
     </span>
    </p>
   </div>
   <div class='ocr_carea' id='block_1_111' title="bbox 1858 5275 3418 5356">
    <p class='ocr_par' dir='ltr' id='par_1_111' title="bbox 1858 5275 3418 5356">
     <span class='ocr_line' id='line_1_111' title="bbox 1858 5275 3418 5356; baseline -0.012 -11"><span class='ocrx_word' id='word_1_775' title='bbox 1858 5275 2041 5345; x_wconf 61' lang='lat' dir='ltr'><strong>contra</strong></span> <span class='ocrx_word' id='word_1_776' title='bbox 2058 5289 2362 5356; x_wconf 86' lang='lat' dir='ltr'><strong>significare</strong></span> <span class='ocrx_word' id='word_1_777' title='bbox 2382 5275 2556 5356; x_wconf 81' lang='lat' dir='ltr'><strong>posse,</strong></span> <span class='ocrx_word' id='word_1_778' title='bbox 2576 5281 2761 5336; x_wconf 65' lang='lat' dir='ltr'><strong>Graece</strong></span> <span class='ocrx_word' id='word_1_779' title='bbox 2785 5275 2956 5334; x_wconf 86' lang='lat' dir='ltr'><strong>doctis</strong></span> <span class='ocrx_word' id='word_1_780' title='bbox 2979 5287 3161 5332; x_wconf 89' lang='lat' dir='ltr'><strong>notum</strong></span> <span class='ocrx_word' id='word_1_781' title='bbox 3185 5285 3288 5330; x_wconf 91' lang='lat' dir='ltr'><strong>est.</strong></span> <span class='ocrx_word' id='word_1_782' title='bbox 3320 5275 3418 5329; x_wconf 81' lang='lat' dir='ltr'><strong>En.</strong></span> 
     </span>
    </p>
   </div>
   <div class='ocr_carea' id='block_1_112' title="bbox 1927 5355 2558 5430">
    <p class='ocr_par' dir='ltr' id='par_1_112' title="bbox 1927 5355 2558 5430">
     <span class='ocr_line' id='line_1_112' title="bbox 1927 5355 2558 5430; baseline -0.01 -18"><span class='ocrx_word' id='word_1_783' title='bbox 1927 5359 2039 5430; x_wconf 79' lang='grc'>(61)</span> <span class='ocrx_word' id='word_1_784' title='bbox 2065 5355 2214 5430; x_wconf 79' lang='lat' dir='ltr'><strong>Coll).</strong></span> <span class='ocrx_word' id='word_1_785' title='bbox 2243 5355 2558 5410; x_wconf 85' lang='grc' dir='ltr'>συντιθέντι.</span> 
     </span>
    </p>
   </div>
   <div class='ocr_carea' id='block_1_113' title="bbox 1929 5417 3420 5499">
    <p class='ocr_par' dir='ltr' id='par_1_113' title="bbox 1929 5417 3420 5499">
     <span class='ocr_line' id='line_1_113' title="bbox 1929 5417 3420 5499; baseline -0.011 -17"><span class='ocrx_word' id='word_1_786' title='bbox 1929 5417 2040 5499; x_wconf 55' lang='grc'>(623</span> <span class='ocrx_word' id='word_1_787' title='bbox 2075 5429 2202 5496; x_wconf 73' lang='lat' dir='ltr'><strong>Reg.</strong></span> <span class='ocrx_word' id='word_1_788' title='bbox 2236 5435 2462 5499; x_wconf 76' lang='lat' dir='ltr'><strong>quartus</strong></span> <span class='ocrx_word' id='word_1_789' title='bbox 2493 5423 2590 5476; x_wconf 68' lang='grc' dir='ltr'>καὶ</span> <span class='ocrx_word' id='word_1_790' title='bbox 2629 5421 2818 5499; x_wconf 67' lang='grc' dir='ltr'>ᾣδινεν</span> <span class='ocrx_word' id='word_1_791' title='bbox 2851 5417 3084 5499; x_wconf 75' lang='grc' dir='ltr'>ἀδικίαν,</span> <span class='ocrx_word' id='word_1_792' title='bbox 3125 5419 3420 5499; x_wconf 55' lang='lat' dir='ltr'><strong>etmpepertt</strong></span> 
     </span>
    </p>
   </div>
   <div class='ocr_carea' id='block_1_114' title="bbox 1855 5483 3420 5568">
    <p class='ocr_par' dir='ltr' id='par_1_114' title="bbox 1855 5483 3420 5568">
     <span class='ocr_line' id='line_1_114' title="bbox 1855 5483 3420 5568; baseline -0.01 -15"><span class='ocrx_word' id='word_1_793' title='bbox 1855 5483 2186 5568; x_wconf 54' lang='lat' dir='ltr'><strong>iniquitatem</strong></span> <span class='ocrx_word' id='word_1_794' title='bbox 2220 5483 2374 5552; x_wconf 53' lang='lat' dir='ltr'><strong>:&#39;sed</strong></span> <span class='ocrx_word' id='word_1_795' title='bbox 2415 5495 2467 5548; x_wconf 88' lang='lat' dir='ltr'><strong>in</strong></span> <span class='ocrx_word' id='word_1_796' title='bbox 2510 5509 2602 5546; x_wconf 89' lang='lat' dir='ltr'><strong>ora</strong></span> <span class='ocrx_word' id='word_1_797' title='bbox 2653 5492 2773 5545; x_wconf 91' lang='lat' dir='ltr'><strong>libri</strong></span> <span class='ocrx_word' id='word_1_798' title='bbox 2805 5490 3002 5558; x_wconf 80' lang='lat' dir='ltr'><strong>legitur</strong></span> <span class='ocrx_word' id='word_1_799' title='bbox 3036 5503 3128 5557; x_wconf 77' lang='grc' dir='ltr'><strong>γρ.</strong></span> <span class='ocrx_word' id='word_1_800' title='bbox 3178 5483 3420 5556; x_wconf 84' lang='grc' dir='ltr'>βλασφη-</span> 
     </span>
    </p>
   </div>
   <div class='ocr_carea' id='block_1_115' title="bbox 1905 5571 2008 5622">
    <p class='ocr_par' dir='ltr' id='par_1_115' title="bbox 1905 5571 2008 5622">
     <span class='ocr_line' id='line_1_115' title="bbox 1905 5571 2008 5622; baseline -0.019 0"><span class='ocrx_word' id='word_1_801' title='bbox 1905 5571 2008 5622; x_wconf 90' lang='grc' dir='ltr'>ίαν.</span> 
     </span>
    </p>
   </div>
   <div class='ocr_carea' id='block_1_116' title="bbox 1860 5587 3002 5712">
    <p class='ocr_par' dir='ltr' id='par_1_116' title="bbox 1860 5587 3002 5712">
     <span class='ocr_line' id='line_1_116' title="bbox 1860 5587 3002 5712; baseline -0.01 -18"><span class='ocrx_word' id='word_1_802' title='bbox 1860 5587 2033 5712; x_wconf 57' lang='grc' dir='ltr'>μιῗὲδ)</span> <span class='ocrx_word' id='word_1_803' title='bbox 2071 5637 2212 5694; x_wconf 80' lang='grc' dir='ltr'><strong>Εᾶίῑὶ</strong></span> <span class='ocrx_word' id='word_1_804' title='bbox 2250 5635 2348 5706; x_wconf 86' lang='grc' dir='ltr'><strong>τῆς</strong></span> <span class='ocrx_word' id='word_1_805' title='bbox 2377 5650 2461 5703; x_wconf 92' lang='grc' dir='ltr'><strong>γε.</strong></span> <span class='ocrx_word' id='word_1_806' title='bbox 2495 5632 2646 5704; x_wconf 78' lang='lat' dir='ltr'><strong>Regii</strong></span> <span class='ocrx_word' id='word_1_807' title='bbox 2671 5632 2775 5687; x_wconf 86' lang='lat' dir='ltr'><strong>duo</strong></span> <span class='ocrx_word' id='word_1_808' title='bbox 2803 5630 2902 5701; x_wconf 76' lang='grc' dir='ltr'>τῆς</span> <span class='ocrx_word' id='word_1_809' title='bbox 2925 5645 3002 5683; x_wconf 90' lang='grc' dir='ltr'><strong>τε.</strong></span> 
     </span>
    </p>
   </div>
  </div>
