3836 6222
432 316 537 372 503

1784 327 1841 384 S.
1883 328 2126 384 BASlLll
2166 329 2381 385 MAGNI

3616 331 3714 386 5εᾶ

497 432 793 487 Eunomus.
837 433 972 488 Cum
1027 437 1369 505 calumniari,
1410 451 1466 496 et
1515 445 1774 511 petulanti
1824 447 1996 519 lingua

2180 449 2669 521 ΕΥΝῡΜΙΟΣ.(64)
2690 449 2763 503 Τὸ
2779 443 2979 520 μὲνοῦν
2998 450 3349 517 συκοφαντεῖν
3372 449 3475 501 καὶ
3488 450 3714 502 διαϐάλ·

425 535 491 575 ac
523 522 769 592 improba
812 536 995 581 mente
1039 529 1313 599 aliquibus
1364 533 1678 601 detrahere,
1704 552 1840 606 opus
1870 541 2009 594 scia-

426 627 547 668 mus
585 629 706 669 esse
744 616 1023 672 hominum
1063 620 1480 691 ﬂagitiosorum,
1514 639 1681 697 seque
1718 630 2008 685 simultati-

426 705 527 759 bus
578 705 967 763 oblectantium
1005 728 1018 764 :
1056 724 1269 779 contra,
1302 715 1348 770 si
1400 718 1492 786 qui
1543 734 1640 789 per
1686 720 2006 776 calumniam

424 798 576 867 pravi
617 812 740 855 esse
778 801 881 856 visi
926 813 1073 871 sunt,
1110 807 1257 861 omni
1307 809 1485 864 studio
1523 812 1862 867 mendacium
1916 828 2004 868 re-

425 889 740 959 darguendo
783 895 1105 964 propulsare
1138 909 1425 966 conentur,
1459 902 1512 956 id
1547 918 1683 972 opus
1714 919 1835 960 esse
1862 907 2006 960 viro-

423 994 568 1047 rum,
619 983 711 1051 qui
761 987 916 1055 probi
975 999 1122 1056 sunt,
1164 992 1364 1061 quique
1407 993 1510 1048 sibi
1562 996 1812 1064 privatim
1870 998 2006 1054 bene

422 1074 811 1146 consulentes,
868 1081 1166 1139 multorum
1221 1085 1576 1141 securitatem
1641 1088 1857 1158 plurimi
1920 1090 2005 1146 fa-

420 1165 591 1222 ciunt.

490 1275 764 1335 BASlLlUS.
804 1278 990 1335 Genus
1027 1282 1195 1352 igitur
1229 1287 1499 1344 orationis
1542 1290 1650 1346 tale
1694 1302 1811 1358 est,
1846 1295 2003 1363 quale

418 1384 539 1424 esse
565 1372 739 1440 possit
761 1373 899 1442 ejus,
928 1374 1020 1442 qui
1054 1376 1185 1430 nihil
1214 1379 1559 1448 simpliciter,
1579 1384 1714 1436 nihil
1739 1386 1858 1439 sine
1883 1384 2003 1440 dolo

417 1460 603 1516 ellicit.
630 1461 770 1517 Nam
799 1473 853 1520 et
880 1466 1173 1522 innovandi
1193 1472 1557 1539 suspicionem
1585 1483 1843 1542 praetextu
1875 1491 2003 1546 apo-

420 1551 575 1622 logia:
615 1555 769 1623 tegit,
802 1566 857 1610 et
887 1558 1043 1626 quasi
1079 1558 1366 1616 calumniae
1408 1564 1722 1619 obterendae
1764 1568 2001 1621 necessi-

418 1649 533 1696 ta-te
572 1646 637 1696 ad
680 1645 782 1699 bos
815 1661 1095 1703 sermones
1151 1651 1451 1719 devenerit,
1488 1655 1793 1712 auditorum
1821 1668 2002 1727 captat

420 1734 878 1793 benevolentiam.
936 1739 1066 1794 Inde
1112 1752 1295 1797 autem
1330 1744 1476 1801 illius
1516 1746 1659 1801 circa
1697 1749 1996 1819 apologiam

417 1837 782 1883 commentum
813 1831 1256 1901 deprehenditur,
1290 1838 1433 1906 quod
1492 1853 1612 1893 cum
1668 1855 1773 1894 non
1825 1842 1998 1911 possit

417 1918 705 1976 nominare
727 1932 1100 1981 accusatorem
1126 1928 1299 1983 ullum
1343 1930 1608 1999 criminis,
1647 1932 1801 2003 cujus
1833 1948 1998 1989 causa

418 2027 479 2067 se
508 2012 792 2071 decertare
838 2016 1083 2087 simulat,
1140 2028 1322 2077 tamen
1374 2025 1510 2080 citra
1547 2026 1854 2095 oppositam
1897 2027 1996 2083 sibi

415 2119 704 2174 personam
741 2110 806 2164 ad
833 2114 1093 2181 agendam
1124 2116 1383 2187 apOIOgia:
1415 2116 1649 2172 fabulam
1681 2118 1869 2173 furtim
1903 2136 1993 2175 ac-

418 2198 596 2255 cedat.
655 2198 763 2256 Nec
797 2217 864 2257 ex
893 2203 1173 2261 tolerantia
1203 2221 1297 2264 eos
1323 2209 1413 2278 qui
1462 2210 1564 2264 sibi
1621 2210 1834 2267 molesti
1882 2211 2001 2268 fue-

419 2301 567 2359 runt,
611 2295 925 2350 nominatim
983 2298 1166 2354 dicere
1216 2301 1453 2357 abstinet
1500 2302 1629 2373 (qui
1689 2304 1833 2358 enim
1879 2306 1998 2361 ﬁeri

417 2384 591 2450 possit
618 2394 677 2437 ut
711 2385 764 2439 id
799 2384 963 2440 faciat
992 2389 1082 2457 qui
1139 2391 1302 2445 tantis
1328 2379 1594 2450 conviciis
1620 2397 2000 2453 contradicen-

419 2482 501 2529 tes
535 2476 745 2545 impetit
765 2479 838 2548 ?),
862 2481 955 2534 sed
994 2482 1259 2537 mendacii
1284 2484 1611 2541 evidentiam
1628 2489 1855 2556 veritus,
1879 2504 1999 2545 cer-

418 2576 504 2620 tas
526 2580 904 2624 accusatorum
951 2586 1215 2641 personas
1248 2576 1548 2645 producere
1588 2580 1824 2636 erubuit.
1864 2580 1997 2636 Nam

418 2658 461 2710 si
495 2660 773 2715 nominare
822 2662 1033 2731 aliquos
1064 2668 1347 2733 potuisset,
1395 2668 1623 2724 dixisset
1653 2672 1901 2740 profecto
1932 2688 1998 2727 ac

418 2748 747 2820 divulgasset
776 2769 791 2805 :
825 2754 1076 2811 videlicet
1105 2756 1317 2812 etiamsi
1351 2760 1492 2815 haud
1535 2762 1810 2833 explesset
1844 2779 1997 2820 suam

418 2840 578 2906 iram,
610 2853 665 2896 at
703 2854 854 2900 certe
887 2849 1168 2903 securitati
1225 2851 1544 2921 multorum,
1573 2857 1773 2925 quibus
1794 2872 1852 2911 se
1882 2872 1998 2911 ma-

416 2932 560 2985 xime
582 2936 887 3005 prospicere
914 2938 1216 3007 proﬁtetur,
1242 2943 1850 3001 consuluisset.Etenim
1877 2962 1995 3016 qua:

416 3023 546 3076 latet
592 3024 931 3094 improbitas,
992 3031 1352 3097 perniciosior
1399 3043 1483 3089 est
1531 3051 1693 3105 quam
1730 3052 1849 3108 quae
1875 3053 1995 3109 pro-

2111 542 2224 595 λειν
2250 541 2403 606 τινὰς
2434 542 2495 606 ἐξ
2528 543 2826 596 ἀκολάστου
2854 542 3099 612 γλώττης
3128 542 3220 595 καὶ
3252 540 3492 611 γνώμης
3525 542 3715 604 ἀγνώ-

2113 651 2292 704 μονος,
2329 633 2617 705 μοχθηρῶν
2645 635 2737 687 καὶ
2766 634 2881 706 (65)
2895 632 3391 705 φιλαπεχθημόνων
3418 632 3600 702 ἔργον
3642 635 3714 684 si-

2106 726 2258 789 δότες
2283 743 2296 757 ο
2329 727 2389 778 τὸ
2414 726 2471 778 δὲ
2508 726 2633 789 τοὺς
2671 727 2735 778 ἐκ
2762 726 3016 795 διαϐολῆς
3060 720 3198 777 εἶναι
3228 724 3502 791 δόξαντας
3540 740 3714 792 πονη-

2110 820 2237 891 ροὺς
2266 818 2413 891 πάσῃ
2442 818 2718 890 προθυμίᾳ
2767 819 3061 890 πειρᾶσθαι
3086 818 3146 871 τὸ
3175 817 3373 887 ψεῦδος
3404 820 3527 879 τοῖς
3559 816 3713 884 ὲὶὲγο

2107 929 2224 983 χοις
2270 911 2604 981 ἀποτρέπειν
2653 910 2862 982 ἀνδρῶν
2907 912 3198 982 σωφρόνων
3242 911 3339 962 καὶ
3398 909 3554 979 μετὰ
3619 909 3715 975 τῆς

2110 1004 2246 1068 ιδίας
2272 1002 2554 1065 εὐϐουλίας
2581 1000 2679 1073 τὴν
2701 1002 2809 1056 τῶν
2831 1003 3043 1057 πολλῶν
3070 1001 3374 1072 ἀσφάλειαν
3414 1001 3557 1072 περὶ
3595 997 3715 1051 πολ-

2104 1095 2198 1149 λοῦ
2238 1095 2595 1166 ποιουμένων.

2174 1293 2502 1347 ΒΑΣῙΛΙΟΣ.
2513 1293 2586 1345 Τὸ
2603 1293 2701 1364 μὲν
2717 1287 2810 1345 οὖν
2823 1291 3008 1362 σχῆμα
3018 1290 3282 1359 τοῦλόγου
3296 1288 3585 1349 τοιοῦτον,
3606 1283 3716 1341 οἷον

2106 1384 2171 1438 ἂν
2201 1385 2412 1453 γένοιτο
2436 1384 2529 1438 τοῦ
2568 1386 2731 1455 μηδὲν
2761 1384 2947 1447 ἁπλῶς
2982 1384 3116 1455 μηδὲ
3150 1383 3356 1445 ἀδόλως
3386 1381 3716 1443 ποιοῦντκ.

2104 1477 2176 1530 Τό
2216 1494 2274 1530 τε
2312 1478 2420 1548 γὰρ
2471 1478 2600 1549 περὶ
2648 1478 2746 1549 τὴν
2798 1476 3149 1548 καινοτομίαν
3192 1475 3449 1528 ὕποπτον
3483 1475 3569 1544 τῷ

2103 1568 2398 1636 ἀπολογίας
2466 1568 2892 1639 προκαλύμματι
2954 1567 3268 1632 συσκιάζει,
3318 1566 3423 1619 καὶ
3493 1565 3716 1618 εὔνοιαν

2103 1659 2335 1732 θηρᾶται
2368 1660 2517 1732 παρά
2568 1660 2675 1713 τῶν
2723 1660 3050 1725 ἀκουόντων,
3096 1660 3172 1723 ὡς
3213 1662 3282 1731 τῇ
3331 1660 3570 1732 ἀνάγκῃ
3615 1661 3715 1729 τῆς

2101 1752 2356 1823 διαϐολῆς
2382 1753 2475 1805 ἐπὶ
2505 1752 2632 1815 τοὺς
2664 1752 2853 1820 λόγους
2886 1752 3105 1815 τούτους
3135 1750 3327 1803 ἐλθών.
3372 1752 3714 1820 Ἐλέγχεται

2100 1843 2156 1896 δὲ
2189 1842 2353 1897 αύτοῦ
2384 1844 2416 1914 ή
2450 1843 2577 1914 περὶ
2613 1844 2710 1913 τὴν
2756 1842 3053 1911 ἀπολογίαν
3094 1843 3297 1913 σκηνὴ,
3348 1842 3439 1895 ὅτι
3474 1843 3577 1896 τοῦ
3623 1846 3691 1911 ἐγ

2100 1935 2398 2006 κλήματος,
2431 1935 2517 2004 ἐφ’
2572 1928 2616 2003 ᾧ
2646 1933 3059 2003 διαγωνίζεσθαι
3103 1937 3525 2005 προσποιεῖται,
3574 1952 3688 1987 κατ

2099 2025 2299 2095 ἡγορον
2346 2026 2520 2076 εἰπεῖν
2553 2023 2654 2077 ούκ
2701 2023 2860 2094 ἔχων,
2892 2024 3221 2093 ἀπρόσωπον
3252 2023 3318 2075 τὸ
3351 2024 3459 2093 τῆς
3509 2025 3691 2078 ἀπολο

2098 2114 2226 2181 γίας
2264 2113 2647 2185 ὑπεισέρχεται
2680 2112 2789 2184 (66)
2833 2112 3051 2184 δράμαο
3082 2112 3143 2164 οὐ
3179 2109 3269 2163 διά
3311 2110 3707 2182 μακροθυμίαν

2098 2205 2358 2277 ὀνομαστὶ⁵
2407 2205 2713 2277 μνησθῆναι
2758 2204 2866 2259 τῶν
2912 2204 3297 2275 λελυπηκότων
3357 2205 3705 2275 ἀπεχόμενος

2100 2299 2240 2369 (πῶς
2283 2298 2413 2370 γὰρ,
2462 2298 2520 2362 ὃς
2557 2316 2622 2367 γε
2658 2296 2948 2360 τοσαύταις
2990 2296 3279 2366 λοιδορίαις
3322 2295 3527 2348 πλύνει
3581 2296 3727 2358 τοὲς.

2105 2391 2556 2462 ἀντιλέγοντας),
2608 2390 2745 2445 άλλά
2774 2389 2868 2445 τοῦ
2894 2390 3124 2461 ψεύδους
3148 2390 3210 2444 τὸ
3250 2391 3570 2462 περιφανὲς
3618 2391 3709 2457 ύεξρ

2098 2484 2407 2557 ορῶμενος,
2461 2486 2815 2557 ἐπιφημίζειν
2841 2486 3018 2557 ἑαυτῷ
3074 2486 3361 2557 ὡρισμένα
3430 2487 3708 2557 πρᾶσωπα

2099 2579 2425 2650 κατηγόρων
2468 2578 2802 2648 αἰσχύνεται.
2846 2578 2910 2630 Ei
2944 2578 3053 2647 γάρ
3102 2573 3244 2647 εἶχεν
3293 2577 3579 2647 ὀνομάσαι
3630 2592 3709 2630 τε·

2099 2669 2216 2732 νάς,
2249 2666 2401 2721 εἶπεν
2434 2667 2500 2722 ἂν
2530 2669 2746 2733 πάντως
2774 2668 2868 2721 καὶ
2908 2668 3213 2737 διεϐόησενο
3246 2671 3299 2721 εἰ
3345 2668 3446 2720 καὶ
3486 2667 3563 2738 μὴ
3610 2665 3707 2736 τίτί

2100 2758 2293 2813 ἑαυτοῦ
2340 2760 2509 2831 ὀργὴν
2558 2758 2870 2831 ἐκπληρῶν,
2899 2758 3034 2811 ἀλλά
3067 2760 3164 2829 τήν
3207 2776 3271 2827 γε
3324 2758 3439 2811 τῶν
3492 2757 3708 2811 πολλῶν

2099 2850 2402 2920 ἀσφάλειαν
2451 2851 2849 2922 διοικούμενος·
2888 2843 2964 2902 ὧν
3010 2850 3073 2919 δὴ
3116 2852 3211 2903 καὶ
3268 2852 3524 2921 μάλιστα
3573 2869 3705 2923 πρέ-

2099 2944 2239 2997 νοεῖν
2282 2942 2694 3011 ἐπαγγέλλεται.
2745 2942 3092 2996 Λανθάνουσα
3142 2942 3253 3011 γάρ
3304 2945 3558 3013 πονηρία
3618 2945 3705 3013 τῆς

2101 3035 2631 3106 προκεκηρυγμένης
2665 3034 3069 3105 βλαϐερωτέρα.
3103 3034 3293 3099 Ὥστε,
3329 3034 3501 3107 εἴπερ
3536 3037 3704 3103 ἔγνω-

416 3115 652 3185 mnlgata
694 3129 796 3172 est.
823 3120 1003 3186 Quare
1044 3136 1164 3177 cum
1204 3126 1625 3184 calumniatores
1663 3130 1992 3198 noverimus,

2104 3144 2201 3197 μεν
2231 3128 2356 3191 τοὺς
2402 3127 2768 3195 συκοφάντας,
2805 3128 2934 3198 ῥᾷον
2967 3127 3033 3180 ἂν
3066 3127 3406 3197 διεφύγομεν
3438 3129 3545 3192 τὰς
3577 3131 3703 3182 ἀκο-

416 3222 604 3261 eorum
638 3208 846 3278 linguas
868 3211 1171 3281 petulantes
1213 3230 1277 3271 ac
1311 3228 1546 3273 mentem
1584 3221 1883 3291 improbam
1911 3224 1992 3278 l'a-

415 3298 573 3353 cilius
606 3298 844 3372 eﬂ‘ugere
888 3306 1185 3373 peterimus
1218 3325 1232 3362 :
1280 3309 1411 3378 ipsis
1434 3311 1579 3365 enim
1608 3313 1991 3381 sapientissimi

416 3392 559 3445 illius
598 3397 950 3476 utar‘verbis.
1011 3399 1080 3453 At
1134 3402 1392 3469 quoniam
1449 3412 1577 3459 tunc
1621 3406 1692 3461 ob
1740 3409 1993 3476 quamvis

419 3485 635 3538 tandem
665 3464 883 3542 causam
920 3490 1202 3557 conticuit,
1229 3509 1375 3549 nunc
1424 3495 1811 3566 interrogetur,
1854 3514 1996 3555 nunc

418 3576 763 3645 respondeat,
818 3580 910 3648 qui
958 3580 1159 3636 fuerint
1199 3583 1644 3651 calumniatores,
1692 3588 1809 3657 qui,
1871 3605 1992 3644 eum

415 3668 704 3723 calumniis
750 3671 1017 3727 lacessere
1076 3675 1417 3745 incipientes,
1458 3677 1525 3734 ad
1561 3682 1992 3751 respondendum

414 3760 727 3829 coegerint?
774 3764 913 3817 unde
960 3771 1230 3819 terrarum
1281 3769 1584 3823 venerunt?
1617 3772 1707 3840 qui
1744 3770 1992 3840 judices,

413 3865 597 3905 coram
626 3851 822 3920 quibus
838 3853 1291 3911 subiitcertamen
1310 3858 1333 3912 ?
1352 3873 1459 3927 quo
1482 3859 1533 3913 in
1566 3874 1825 3916 consessu
1856 3863 1995 3919 hanc

411 3941 811 3997 accusationem
863 3945 1159 3999 sustinuit?
1199 3947 1290 4001 ubi
1346 3956 1613 4004 terrarum
1657 3963 1711 4005 et
1761 3954 1993 4008 marium

412 4035 808 4103 congregatus?
841 4036 980 4102 Quid
1014 4038 1157 4092 enim
1183 4040 1354 4109 possit
1385 4039 1608 4096 dicere?
1639 4042 1695 4096 ln
1724 4044 1996 4100 Seleucia?

412 4126 481 4179 At
506 4126 575 4180 ob
605 4126 880 4182 silentium
913 4131 1149 4185 convicti
1198 4142 1343 4199 sunt,
1383 4136 1473 4203 qui
1511 4135 1741 4201 scilicet,
1778 4138 1992 4193 etiamsi

413 4219 479 4271 ad
506 4218 715 4287 objecta
755 4222 857 4277 sibi
896 4222 1121 4278 crimina
1157 4225 1473 4295 depellenda
1498 4230 1565 4282 ab
1591 4230 1657 4283 iis
1681 4231 1773 4299 qui
1799 4246 1995 4285 conve-

416 4322 600 4366 nerant
632 4314 828 4383 szepius
859 4313 1242 4382 invitarentur,
1273 4326 1451 4374 tamen
1486 4336 1589 4373 non
1618 4322 1988 4389 occurrerint;

414 4404 484 4458 ob
516 4404 678 4473 idque
710 4406 948 4459 damnati
978 4416 1122 4461 sunt.
1156 4408 1416 4477 Alloquor
1448 4412 1591 4465 enim
1629 4414 1681 4466 in
1721 4414 1991 4468 communi

2096 3218 2324 3282 λάστους
2364 3219 2617 3287 γλώσσας
2665 3218 2845 3271 αὐτῶν
2894 3220 2988 3271 καὶ
3027 3218 3124 3283 τὰς
3168 3219 3510 3290 ἀγνώμονας
3566 3221 3702 3290 γνὼ-

2100 3328 2239 3381 μαςο
2288 3311 2473 3375 αὐτοῖς
2505 3311 2613 3382 γὰρ
2645 3312 2921 3382 χρήσομαι
2950 3310 3045 3364 τοῦ
3079 3312 3402 3380 σοφωτάτου
3437 3317 3562 3379 τοῖς
3610 3317 3699 3385 ῥή-

2098 3420 2281 3474 μασιν.
2340 3402 2479 3455 Ἀλλ’
2535 3402 2723 3475 ἐπειδὴ
2778 3403 2935 3466 τότε,
2992 3403 3061 3456 δι’
3109 3405 3175 3473 ἣν
3225 3403 3437 3475 δήποτε
3500 3406 3694 3468 αἰτίαν,

2093 3493 2475 3564 ἀπεσιώπησε,
2508 3493 2603 3547 νῦν
2646 3494 2963 3567 ὲρωτάσθω,
2994 3494 3086 3547 νῦν
3120 3495 3519 3565 ἀποκρινέσθω
3551 3496 3693 3567 (67)·

2092 3586 2238 3650 τίνες
2267 3587 2314 3639 οἱ
2344 3586 2641 3656 κατήγοροι
2671 3587 2745 3650 οἱ,
2774 3585 2853 3656 τῷ
2893 3586 3187 3657 προλαϐεῖν
3216 3591 3345 3650 ταῖς
3394 3588 3693 3650 διαϐολαῖς,

2093 3678 2398 3748 ἀναγκαίαν
2447 3678 2598 3749 αὐτῷ
2634 3678 2734 3749 τὴν
2782 3678 3082 3747 ἀπολογίαν
3142 3681 3691 3745 κατασκευάζοντες

2094 3770 2158 3822 ὲκ
2207 3770 2365 3834 ποίας
2411 3771 2736 3841 οἰκουμένης
2781 3769 3060 3836 ὲλθόντες;
3105 3770 3255 3835 τίνες
3301 3771 3356 3823 οξ
3406 3771 3691 3828 δικασταὶ.

2093 3860 2178 3928 ἐφ’
2207 3854 2282 3913 ὧν
2340 3859 2637 3914 διατίθεται
2675 3860 2767 3913 τὸν
2814 3860 3037 3930 ἀγῶνα;
3071 3861 3130 3913 ὲν
3176 3860 3316 3931 ποίῳ
3350 3861 3695 3932 δικαστηρίῳ

2092 3949 2190 4020 τὴν
2224 3952 2440 4021 γραφὴν
2474 3948 2679 4020 ταύτην
2722 3950 3016 4021 ὑπεισῆλθε
3057 3950 3201 4021 (68);
3238 3950 3344 4003 ποῦ
3380 3950 3495 4020 γῆς
3536 3951 3570 4021 ἢ
3607 3950 3696 4003 θα-

2093 4040 2292 4112 λάττης
2328 4042 2786 4113 συγκροτηθέντις
2824 4043 2887 4095 ΤΞ
2922 4043 3030 4113 γάρ
3075 4040 3140 4095 ἂν
3172 4041 3266 4094 καὶ
3310 4043 3568 4107 εἴποιεν;
3613 4043 3693 4095 Ἐν

2094 4131 2418 4204 Σε).ευκείᾳ;
2461 4134 2619 4187 Ἀλλά
2652 4136 3031 4205 σιωπήσαντες
3061 4132 3173 4205 (69)
3209 4133 3491 4199 ἑάλωσαν,
3527 4136 3587 4189 οἵ
3613 4152 3691 4203 γε,

2094 4225 2556 4295 προκαλουμένων
2601 4225 2862 4290 πολλάκις
2908 4226 3018 4279 τῶν
3066 4224 3439 4278 συνελθόντων
3474 4228 3562 4290 εἰς
3604 4226 3693 4289 τάς

2094 4316 2233 4386 ὑπὲρ
2252 4314 2359 4368 τῶν
2383 4316 2793 4387 ἐπιφερομένων
2816 4316 3063 4381 εὐθύνας,
3082 4317 3181 4369 οὐκ
3204 4316 3545 4387 ἀπήντησαν
3563 4316 3689 4389 (70)·

2093 4411 2175 4477 ἐφ’
2204 4404 2285 4472 οἷς
2308 4408 2371 4479 δὴ
2403 4409 2500 4463 κα)¹
2541 4409 2943 4481 κατεκρίθησαν
2978 4408 3302 4481 τηνικαῦτα.
3338 4410 3550 4474 Κοινὸς
3591 4410 3690 4480 γάρ

414 4509 625 4548 munem
645 4495 801 4550 simul
822 4505 1043 4561 coetum,
1064 4498 1329 4567 21οξαοί
1352 4510 1569 4570 propter
1594 4501 1884 4570 impietatis
1900 4517 1989 4557 so-

2104 4517 2189 4570 μοι
2234 4501 2262 4553 ὁ
2308 4500 2465 4569 λόγος
2513 4502 2649 4573 πρὸς
2681 4504 2829 4558 ἀπαν
2873 4503 3010 4575 ὁμοῦ
3043 4503 3105 4555 τὸ
3147 4503 3464 4571 σύνταγμα,
3518 4504 3582 4555 τὸ
3612 4504 3690 4556 διὰ

414 4582 662 4639 cietatem
681 4584 823 4640 velut
840 4586 1145 4640 morbosum
1164 4587 1433 4657 quoddam
1470 4589 1769 4643 membrum
1797 4604 1827 4644 a
1860 4605 1991 4646 sano

487 4828 601 4898 (64)
654 4828 878 4900 Legitur
924 4832 977 4887 in
1025 4833 1185 4889 editis
1242 4836 1383 4890 intra
1453 4845 1766 4892 contextum
1817 4838 1992 4893 Εύν...

418 4899 631 4977 Βασ...;
662 4899 876 4977 contra,
917 4904 1028 4977 ill_a,
1064 4905 1240 4977 Εὺν...
1276 4906 1434 4970 Βασ.,
1470 4908 1521 4961 in
1553 4922 1649 4961 ora
1692 4907 1845 4977 Regii
1883 4920 1995 4963 lcr-

416 4970 479 5022 tii
528 4970 903 5029 inveniuntur.
960 4973 1105 5029 Nihil
1159 4984 1338 5031 tamen
1385 4970 1996 5049 mutandumjuvdicavi-

654 5112 790 5184 Reg.
849 5115 1041 5170 tertius
1079 5124 1134 5171 et
1176 5114 1325 5171 Colb.
1370 5118 1685 5189 ἀγνώμονος
1738 5118 1993 5191 πονηρῶν

416 5199 603 5328 καξϐῥ)
629 5252 852 5328 Antiqui
884 5256 989 5328 duo
1019 5256 1138 5310 libri
1174 5258 1507 5328 εἰσέρχεται,
1538 5274 1641 5311 non
1675 5260 1747 5311 ita
1792 5269 1956 5314 recte.

513 5252 603 5322 66)
629 5252 852 5323 Antiqui
884 5256 989 5311 duo
1019 5256 1138 5310 libri
1174 5258 1507 5328 εἰσέρχεται,
1538 5274 1641 5311 non
1675 5260 1747 5311 ita
1792 5269 1956 5314 recte.

486 5252 600 5394 ί67)
630 5325 857 5381 Codices
907 5327 1012 5381 duo
1058 5328 1457 5399 ἀποκρινέσθω.
1514 5330 1654 5383 Editi
1704 5329 1997 5401 ἀποκρινά-

417 5393 891 5542 ῗθῖὲὃλνεῑθι-εεῇ
909 5467 1113 5537 aliquot
1172 5468 1298 5542 libri
1339 5470 1556 5542 γραφὴν
1581 5469 1850 5542 εἰσῆλθεν.
1883 5469 1993 5525 Nec

418 5533 691 5605 itamnlto
717 5546 837 5603 post
858 5533 1249 5605 Regfquarlus
1274 5533 1473 5592 ἀν’καῖ
1489 5533 1653 5596 ε’ἴποι.

488 5603 601 5673 (69)
636 5605 772 5658 Editi
826 5603 965 5660 ἀλλά
1009 5603 1321 5673 σιωπῶντες
1352 5628 1365 5664 :
1408 5620 1461 5664 at
1497 5614 1713 5666 codices
1748 5610 1989 5667 melioris

422 5684 504 5729 nm
516 5677 757 5745 materni]
766 5693 973 5740 σαντες.

492 5741 604 5797 ιῑῡ)
634 5741 775 5797 ldelil
807 5747 964 5803 docet
984 5747 1312 5806 Athanasius
1337 5749 1427 5805 lib.
1451 5750 1522 5805 De
1539 5768 1675 5811 sum,
1700 5766 1847 5809 num.
1876 5752 1982 5807 λετ

2099 4592 2198 4664 τὴν
2240 4594 2524 4647 κοινωνίαν
2570 4594 2671 4664 τῆς
2720 4594 3004 4661 ἀσεϐείας,
3037 4594 3226 4664 ὥσπερ
3256 4611 3310 4647 τι
3350 4594 3524 4662 μέλος
3556 4612 3689 4648 νενο-

2103 4842 2272 4895 Τοῦτο
2301 4842 2358 4896 δὲ
2392 4843 2776 4918 πεποιήκασιν,
2820 4843 3011 4918 ἐπειδὴ
3063 4843 3360 4918 κληθέντες
3413 4844 3684 4918 ἀπολογή-

2103 4913 2299 4966 σασθαι
2316 4908 2491 4982 ὲφόἷς
2514 4908 2691 4968 αὐτῶν
2709 4914 2956 4989 ’πλεῖστοι
2985 4908 3351 4989 κατηγόρουν,
3377 4917 3483 4989 οὐκ
3506 4908 3679 4989 ἀπῆνῖ-

2102 5000 2295 5053 τησαν.
2324 4984 2453 5055 Ινάεο
2487 4994 2660 5055 autem
2698 4984 2795 5037 hoc
2825 4984 3080 5052 fecerunt,
3112 4987 3253 5054 quod
3287 4986 3343 5038 in
3366 4987 3462 5055 jus
3495 4984 3681 5049 mea.

2101 5064 2156 5105 ut
2184 5072 2213 5105 a
2246 5054 2426 5107 multis
2455 5054 2650 5107 allatas
2681 5055 2956 5107 adversum
2987 5070 3042 5107 se
3076 5054 3482 5109 criminatibnes
3510 5059 3682 5120 depel-

2102 5125 2289 5187 lerent,
2322 5140 2426 5177 non
2472 5125 2907 5192 comparuissent.
2953 5122 3218 5192 Loquitur
3250 5127 3597 5182 Athanasius
3624 5129 3681 5181 de

2101 5193 2392 5262 episc0pis,
2428 5194 2519 5263 qui
2551 5194 2602 5246 in
2642 5194 2877 5264 concilio
2904 5193 3240 5249 Seleuciensi
3293 5206 3389 5249 aut
3429 5196 3677 5264 depositi.

2103 5274 2197 5316 aut
2223 5264 2603 5317 communione
2637 5263 2833 5331 privati
2864 5265 3105 5318 fuerunt.
3134 5263 3677 5319 Athanasium’secu-

2100 5342 2185 5403 Ius
2231 5333 2484 5388 Socrates
2520 5334 2611 5386 lib.
2667 5348 2729 5396 ιι,
2766 5349 2886 5403 cap.
2936 5334 3025 5401 40,
3070 5334 3141 5388 ita
3196 5336 3417 5402 scripsit
3466 5352 3483 5388 :
3538 5337 3680 5389 Ἑπεί

2097 5399 2189 5455 οὖν
2219 5403 2480 5467 πολλάκις
2513 5399 2846 5475 καλούμενοί
2890 5405 2990 5458 οὐκ
3013 5399 3020 5401 “
3046 5399 3398 5475 ἀπήντησαν,
3436 5405 3679 5459 καθεῖλον

2096 5474 2259 5528 αὐτόν
2290 5493 2349 5529 τε
2379 5476 2651 5539 Ἀκάκιον,
2686 5473 2958 5545 Γεώργιον
2982 5473 3413 5545 Ἀλεξανδρείας,
3436 5484 3547 5529 etc.
3582 5477 3678 5531 Sed

2097 5548 2345 5612 quoniam
2380 5548 2576 5611 sa’pius
2632 5548 2874 5599 accersiti
2936 5548 3111 5599 venire
3168 5546 3561 5606 detrectabant.
3593 5548 3677 5597 de-

2096 5624 2387 5681 posuerunt
2438 5625 2484 5669 el
2534 5616 2705 5683 ipsum
2767 5617 3044 5684 Acacium,
3109 5614 3402 5686 Georgium
3454 5617 3673 5672 Alexan-

2095 5686 2245 5753 ἀνίαν,
2275 5696 2380 5741 etc.
