3836 6222
113 313 240 370 505

1265 315 1638 373 ADVERSUS
1678 309 2046 372 EUNOMIUM
2085 313 2211 369 LIB.
2253 315 2300 372 Ι.

3344 319 3452 376 5οτ

117 429 318 516 σηκὸς
387 429 496 485 τοῦ
545 427 899 516 ⁹ὑγιαίνοντος
971 427 1222 501 σώματος
1277 434 1378 504 τῆς
1433 433 1766 504 Ἐκκλησίας

1877 431 2134 488 Ecclesiae
2155 445 2384 502 corpore
2405 431 2667 502 abruptus
2695 442 2799 490 est.
2827 434 2910 490 An
2939 435 3398 508 Constantinopoli
3431 438 3454 491 ?

117 507 510 593 ἀῖτορραγέν.
545 507 688 575 τΑλλ’
727 525 786 577 ἐν
817 525 1388 587 Κωνσταντινουπόλει
1417 525 1570 597 (71);
1625 525 1769 578 Ἀλλ’

119 613 300 669 οὐδὲν
337 616 476 670 ἐκεῖ
511 615 812 684 ἀπολογίας
857 615 967 669 ἔδει
1016 616 1114 670 καὶ
1141 616 1337 685 λόγων.
1387 618 1526 681 Τοὺς
1558 617 1670 688 γὰρ
1699 618 1767 670 ἐκ

121 707 238 776 τῆς
276 705 595 778 βασιλικῆς
638 707 828 778 αὐλῆς,
866 707 962 760 καὶ
1009 706 1120 761 τῶν
1153 708 1356 762 λοιπῶν
1387 711 1514 773 τοὺς
1561 710 1628 763 τὰ
1675 710 1772 781 μέ-

123 815 316 868 γιστα
375 798 722 870 δυναμένους
768 799 976 852 ἑαυτῶν
1023 801 1413 872 ποιησάμενοι,
1461 802 1526 854 ἐκ
1571 800 1768 854 πολλοῦ

124 889 236 944 τοῦ
301 891 606 964 περιόντος
650 893 764 953 τοῖς
795 892 1088 962 πράγμασι
1133 893 1568 964 προσεφέροντο·
1616 893 1771 946 αὐτοὶ

129 983 242 1038 καὶ
281 985 628 1056 κατήγοροι,
656 985 753 1038 καὶ
792 984 1065 1048 δικασταὶ,
1097 985 1192 1038 καὶ
1220 984 1425 1055 δήμιοι,
1457 986 1553 1038 καὶ
1590 985 1770 1039 πάντα

132 1078 312 1142 ὅντες
343 1079 456 1132 ὅσα
498 1077 801 1140 ἐϐούλοντο,
831 1077 942 1143 ὅτε,
989 1076 1099 1131 τῶν
1132 1079 1448 1132 ἐπισκόπων
1495 1079 1622 1142 τοὺς
1669 1079 1770 1150 μὲν

135 1169 556 1236 ἐκϐάλλοντες,
585 1172 711 1234 τοὺς
743 1170 801 1224 δὲ
830 1169 1288 1240 ὲγκαθιστῶντες,
1306 1173 1420 1234 τοῖς
1447 1171 1502 1224 δὲ
1524 1172 1614 1225 τὸν
1644 1171 1772 1242 περὶ

137 1262 243 1317 τοῦ
279 1265 398 1335 ζῇν
429 1263 842 1337 ἐπικρεμῶντες
882 1262 996 1334 (72)
1046 1263 1308 1330 κίνδυνον,
1350 1264 1503 1317 αὐτοὶ
1534 1263 1630 1328 τὰς
1673 1263 1772 1315 πό-

139 1351 272 1418 λεις
312 1357 382 1408 ἐν
419 1353 671 1425 ἀλλήλοις
713 1357 832 1408 κατ’
860 1354 1106 1418 ἐξουσίαν
1137 1355 1342 1428 πολλὴν
1376 1355 1728 1426 διελάγχανον
1751 1373 1766 1387 ο

141 1443 248 1496 καὶ
279 1446 312 1497 ὁ
353 1443 462 1514 μέν
501 1439 585 1508 τις
626 1443 736 1496 τῶν
777 1444 890 1515 (75)
938 1446 995 1496 ἐν
1027 1443 1200 1516 Συρίᾳ
1246 1426 1454 1499 πόλεων
1499 1446 1770 1510 ἐκπεσὼν,

141 1535 258 1606 τὴν
316 1534 920 1600 Κωνσταντινούπολιν,
977 1535 1053 1599 ὡς
1102 1537 1195 1590 ἐπὶ
1261 1538 1588 1609 τυραννίδα,
1641 1555 1772 1594 κατ-

149 1625 414 1680 έλαϐεν’
469 1627 634 1691 αὐτὸς
681 1626 738 1680 δὲ
783 1619 940 1691 οὗτος
972 1631 1000 1681 ὁ
1028 1628 1238 1700 ἄμαχος
1270 1629 1364 1682 καὶ
1406 1628 1576 1694 δεινὸς
1619 1629 1774 1698 λογο-

148 1715 392 1788 γράφος
434 1717 547 1787 (74)
599 1713 761 1770 ἆθλον
793 1718 895 1787 τῆς
927 1716 1184 1782 ἀσεϐείας
1230 1716 1329 1788 τὴν
1379 1715 1626 1781 Κύζικον
1667 1719 1774 1772 ἀπ-

1876 521 2072 578 Verum
2125 523 2236 580 illic
2282 525 2418 595 ipsis
2469 526 2604 582 nihil
2651 541 2788 598 opus
2831 537 2952 582 erat
2999 528 3246 599 apologia
3287 539 3452 598 atque

1869 615 2136 669 oratione.
2178 614 2312 669 Nam
2361 631 2487 671 cum
2526 617 2663 673 aulae
2715 619 2880 690 regia:
2919 619 3069 674 viros
3106 635 3171 674 ac
3214 621 3450 691 reliquos

1869 705 1963 774 qui
2007 706 2298 774 plurimum
2350 708 2641 776 pollebant,
2691 709 3076 766 conciliassent
3127 714 3255 777 sibi,
3293 714 3450 784 longe

1871 799 2179 868 superiores
2233 799 2434 868 ell‘ecti,
2489 815 2578 856 res
2625 804 3098 872 aggrediebantur,
3135 805 3295 862 iidem
3345 806 3448 876 ipsi

1873 899 2235 956 accusatores,
2269 900 2325 946 et
2345 893 2583 962 judices,
2609 904 2664 948 et
2697 895 3004 960 carnifices,
3029 907 3083 951 et
3110 899 3292 952 omnia
3327 913 3448 969 qua:

1873 979 2123 1036 volebant
2155 982 2504 1050 exsistentes,
2555 999 2678 1038 cum
2711 985 3088 1055 episcoporum
3133 987 3268 1042 alios
3287 986 3452 1056 ejice-

1876 1082 2019 1138 rent;
2045 1073 2442 1129 substituerent
2467 1074 2602 1130 alios
2635 1077 2686 1130 in
2719 1076 2933 1132 illorum
2962 1077 3162 1142 locum,
3208 1079 3344 1135 alios
3395 1081 3450 1134 in

1874 1165 2173 1236 periculurn
2227 1166 2353 1222 vitm
2399 1168 2752 1236 adducerent,
2808 1169 2909 1238 ipsi
2937 1185 3068 1224 vero
3103 1187 3294 1243 magna
3329 1186 3452 1228 cum

1871 1265 2139 1328 potestate
2172 1257 2315 1312 inter
2343 1273 2402 1314 se
2431 1260 2766 1330 partirentur
2782 1262 3067 1318 civitates:
3102 1272 3210 1316 tum
3235 1265 3452 1320 demum

1872 1348 2090 1420 quidam
2115 1363 2178 1403 ex
2212 1349 2383 1420 Syria:
2428 1350 2649 1408 urbibus
2682 1352 2887 1422 pulsus,
2927 1354 3451 1428 Constantinopolim

1874 1441 2028 1512 quasi
2055 1441 2124 1496 ob
2172 1441 2515 1514 tyrannidem
2574 1446 2930 1500 exercendam
2987 1450 3294 1516 occupavit.
3357 1448 3457 1504 llic

1873 1545 2054 1591 autem
2081 1538 2186 1590 iste
2213 1537 2640 1608 inexpugnabilis
2662 1547 2716 1594 et
2737 1541 2916 1610 gravis
2932 1552 3141 1607 orator,
3175 1545 3454 1614 praemium

1875 1628 2170 1696 impietatis
2215 1627 2474 1700 Cyzicum
2533 1629 2761 1686 retulit:
2801 1631 3102 1688 Theosebio
3157 1650 3284 1690 vero
3330 1643 3455 1704 p0st

1872 1715 2230 1770 maximarum
2288 1717 2742 1788 blasphemiarum
2794 1722 3266 1793 redargutiouem,
3320 1726 3454 1780 Sar-

152 1807 450 1879 ηνέγκατο
469 1825 482 1838 ·
517 1807 788 1880 Θεοσεὸίῳ
817 1809 875 1863 δὲ
914 1809 1054 1881 μετὰ
1083 1809 1209 1872 τοὺς
1246 1809 1340 1862 ἐπὶ
1370 1811 1491 1873 ταῖς
1515 1811 1767 1884 ἀρρήτοις

1877 1807 2078 1863 diensis
2113 1807 2355 1864 Ecclesia
2390 1809 2672 1880 propinata
2700 1823 2801 1867 eat.
2839 1809 3015 1868 Taceo
3059 1822 3240 1868 autem
3277 1813 3456 1886 Bithy-

157 1899 557 1972 βλασφημίαις
617 1900 876 1970 ἐλέγχους
922 1902 955 1972 ἡ
996 1900 1291 1970 Ἐκκλησία
1336 1899 1584 1970 Σάρδεων
1633 1918 1770 1974 προ·-

157 1985 380 2063 επόθη.
422 1993 532 2046 Καὶ
563 1993 752 2046 σιωπῶ
797 1992 1078 2058 Βιθυνοὺς,
1127 1992 1224 2046 καὶ
1269 1992 1652 2062 Παφλαγόνας,
1675 1993 1770 2048 καὶ

159 2085 451 2151 Κίλικας,
507 2087 603 2140 καὶ
640 2088 848 2151 πάντας
893 2089 1050 2150 ὅσους
1100 2087 1158 2140 ἐν
1211 2085 1397 2158 κύκλῳ
1452 2086 1565 2159 (75)
1610 2088 1771 2159 φερό-

167 2192 346 2245 μενον
382 2176 444 2229 τὸ
475 2176 641 2230 κακὸν
674 2177 1016 2248 ἐπενείματο.
1047 2176 1212 2241 Ποίας
1243 2173 1336 2232 οὖν
1371 2177 1661 2248 ἀπολογίας
1689 2178 1768 2233 ἔτι

109 2307 132 2328 .
165 2269 382 2340 καιρὸς
424 2265 494 2340 ἦν
540 2269 695 2336 τότε;
737 2267 898 2334 Ἀλλ’,
941 2265 1115 2340 οἶμαι,
1164 2269 1283 2322 οὐδὲ
1335 2269 1641 2342 βουλομένῳ
1680 2271 1770 2326 δυ-

165 2360 348 2414 νατὸν
386 2359 708 2430 ψεύσασθαι.
736 2361 899 2412 Ὥστε
929 2360 1130 2422 παντὸς
1171 2359 1556 2432 ἀληθέστερον,
1595 2361 1678 2414 ὅτι
1709 2361 1770 2414 τὸ

173 2453 378 2524 σχῆμα
415 2451 508 2505 τοῦ
553 2451 710 2521 λόγου
759 2451 1059 2522 μηχάνημα
1108 2451 1257 2522 αὐτῷ
1305 2451 1440 2522 πρὸς
1488 2451 1588 2523 τὴν
1623 2451 1768 2505 ἀπά-

171 2561 280 2616 την
316 2543 434 2616 (76)
473 2545 640 2600 ἐστίν,
678 2545 789 2597 Καὶ
821 2543 994 2597 ταῦτα
1033 2542 1130 2614 μὲν
1166 2545 1247 2607 είς
1278 2543 1548 2597 τοσοῦτον.
1587 2545 1647 2598 '0
1689 2543 1768 2609 δὲ,

179 2637 390 2710 μικρὸν
431 2635 726 2709 προελθὼν,
771 2635 1042 2706 σκέψασθε
1085 2631 1172 2689 οἷα
1218 2636 1440 2706 γράφει.
1485 2636 1620 2688 Οὐδὲ
1661 2635 1770 2708 γάρ

174 2729 464 2802 ἄχρηστον
494 2730 626 2794 ἴσως
657 2728 764 2799 πρὸ
789 2727 900 2782 τῶν
933 2727 1174 2798 ἐλέγχων
1201 2728 1303 2798 τῆς
1334 2727 1588 2792 ἀσεϐείας
1617 2728 1771 2798 ὀλίγα

177 2822 279 2876 τοῦ
313 2822 446 2894 περὶ
473 2820 634 2875 αὐτὸν
658 2821 829 2892 τύφου
860 2819 1275 2892 παραδηλῶσαι.

253 2915 312 2970 5.
353 2915 514 2968 ΕΥΝ.
543 2912 806 2985 Αίτοῦμαι
839 2915 896 2967 δέ
925 2914 1032 2984 πρὸ
1084 2916 1296 2969 πάντων
1343 2916 1508 2985 ὑμᾶς,
1551 2913 1680 2976 τούς
1709 2930 1769 2966 τε

183 3001 286 3056 νῦν
327 3001 727 3072 ἀκουσομένους
766 3002 859 3054 καὶ
897 3001 1023 3064 τοὺς
1055 3001 1136 3064 εἰς
1180 3000 1405 3072 ὕστερον
1448 2999 1770 3078 ἐντερξομέ-

183 3110 338 3157 νους,
371 3093 448 3166 μὴ
475 3093 552 3166 τῷ
586 3095 779 3166 πλήθει
816 3095 1108 3168 διακρίνειν
1135 3093 1339 3147 ἐθέλειν
1372 3092 1472 3163 τῆς
1515 3091 1772 3162 ἀληθείας

184 3182 250 3235 τὺ
271 3181 488 3254 ψεῦδος,
528 3187 595 3256 τῇ
642 3183 848 3240 πλείονι
894 3186 1068 3258 μοίρᾳΓ
1087 3185 1148 3238 τὸ
1193 3187 1438 3256 κρεῖττον
1475 3184 1773 3238 συνάπτον·
1799 3169 1840 3225 C

261 3362 379 3433 (7i)
419 3361 718 3418 Concilium
757 3365 888 3420 illud
919 3365 1072 3433 cujus
1107 3367 1210 3422 hoc
1249 3366 1368 3420 luco
1424 3369 1482 3420 tit
1537 3366 1765 3431 mentio,

188 3432 441 3488 habitam
477 3433 582 3488 fuit
616 3432 1081 3502 Constantinopoli
1113 3451 1254 3491 anno
1283 3437 1410 3492 560.
1448 3437 1523 3492 De
1562 3452 1627 3490 eo
1672 3452 1770 3490 au-

192 3511 302 3556 tem
333 3504 468 3558 nihil
492 3505 684 3576 attinet
711 3506 911 3576 dicere,
942 3521 1065 3562 cum
1107 3508 1267 3576 quale
1289 3509 1475 3570 fuerit,
1511 3507 1644 3562 satis
1673 3522 1766 3561 su-

193 3587 401 3643 perque
429 3590 501 3646 ex,
517 3575 696 3631 verbis
721 3575 897 3630 Basilii
931 3575 1339 3646 colligi’possit.
1397 3578 1526 3646 Ejus
1579 3578 1769 3631 memi-
1807 3614 1812 3619 -

191 3658 324 3716 nere
353 3645 506 3716 multi
530 3661 830 3716 gravesque
855 3645 1121 3716 auctores,
1152 3645 1386 3701 Basilius
1415 3645 1530 3716 ipse
1563 3648 1616 3700 in
1653 3647 1767 3702 suis

195 3713 472 3780 Epistolis,
528 3713 781 3785 Socrates
835 3717 927 3774 lib.
979 3733 1040 3780 ιι,
1091 3713 1212 3785 cap.
1251 3719 1343 3779 4t,
1399 3713 1524 3772 Soz.
1561 3717 1655 3773 lib.
1691 3732 1764 3780 ιν,

194 3797 316 3860 φρ,
338 3785 424 3860 ,25
450 3793 504 3860 ξι
650 3796 760 3860 etc.
783 3785 912 3860 Mox
939 3803 1069 3860 mss.
1100 3784 1306 3860 aliquot
1325 3787 1657 3860 δυναμένους
1694 3785 1763 3860 διῖ

194 3853 427 3930 ἑαυτῶν.
459 3855 699 3930 Subinde
731 3857 862 3910 editi
913 3857 1068 3910 αὐτοὶ
1112 3853 1225 3912 καί.
1268 3860 1340 3913 Αι
1374 3853 1636 3930 particula
1669 3856 1765 3911 καί

194 3925 351 3978 deest
379 3927 428 3976 in
465 3924 646 3980 llllllllS
685 3942 818 3980 mss.

269 3993 384 4071 (7?)
410 3993 551 4048 Editi
573 4006 628 4050 et
657 3997 897 4071 nonnulli
943 4014 1072 4052 mss.
1107 3999 1630 4071 ἐπικρεμαννύντες.
1659 3999 1766 4055 Alii

195 4065 569 4140 qttid_a_tn_tnss.
588 4068 918 4140 antiquiores
942 4065 1372 4140 ἐπικρεμῶντές.
1401 4070 1600 4125 Ibidem
1630 4085 1762 4126 mss.

197 4132 254 4185 ἐν
278 4133 552 4204 ἀλλήλοις.
588 4132 788 4190 Vocula
820 4139 878 4190 ὲν
909 4139 960 4191 in
985 4132 1156 4192 ediiis'
1180 4155 1283 4194 non
1325 4132 1616 4196 invenitur.

267 4201 548 4281 (ῖὸλὶὶεε.
582 4207 850 4281 secundus
881 4210 976 4262 καὶ
1018 4209 1270 4281 Εὐδόξιος
1315 4211 1414 4281 μὲν
1465 4209 1594 4272 τῶν,
1653 4218 1764 4281 etc.

203 4271 651 4350 [indeintejjpres
679 4292 695 4329 :
733 4275 882 4331 Tunc
905 4295 970 4333 ea:
999 4271 1211 4333 urbibus
1239 4271 1408 4350 Sy'ria:
1433 4271 1616 4344 pulsus
1645 4279 1764 4334 Eu-

196 4344 410 4418 doajus.
440 4343 542 4398 Alii
581 4361 674 4418 sex
707 4361 839 4403 mss.
895 4364 1018 4404 cum
1071 4343 1302 4418 utraque
1357 4343 1596 4405 editione
1629 4350 1766 4416 Ven,

197 4424 252 4486 et
281 4412 455 4467 Paris.
491 4426 548 4468 ut
601 4417 654 4468 in
685 4426 959 4484 contextu,
998 4412 1227 4474 nomine
1247 4421 1496 4486 Εὐδόξιος
1539 4412 1761 4476 omisso.

199 4483 517 4554 Quanquam
551 4497 730 4540 autem
755 4483 951 4542 nomen
977 4489 1225 4553 Εὐδόξιος
1255 4507 1358 4544 non
1397 4483 1680 4544 invenitur
1713 4491 1764 4543 in
1799 4499 1843 4554 1)

201 4555 438 4628 its_quo_s
485 4553 598 4628 dixi
647 4557 947 4628 cgdicibus,
1001 4560 1084 4612 bis
1119 4573 1296 4614 tamen
1357 4561 1410 4614 in
1463 4577 1557 4614 ora
1609 4559 1764 4628 Regii

199 4623 372 4690 quinti
406 4623 618 4694 legitur.
677 4625 832 4682 Facit
872 4623 1086 4696 quidem
1122 4640 1199 4684 tot
1245 4631 1494 4686 codicum
1525 4623 1770 4685 auetoii-

202 4703 304 4758 tas,
351 4701 408 4746 ut
435 4698 519 4747 vix
572 4697 874 4751 existimem
907 4699 1206 4754 Eudoxium
1243 4717 1272 4754 a
1303 4699 1500 4754 Basilio
1530 4700 1776 4754 nomina-

203 4773 312 4816 tum
346 4763 506 4818 fuisse
529 4782 553 4839 _:
583 4767 674 4839 sed
706 4767 856 4839 mibi_
873 4769 1090 4823 dubium
1143 4785 1250 4825 non
1286 4781 1387 4832 est.
1423 4771 1555 4839 quin
1601 4771 1668 4824 de
1708 4785 1774 4823 eo

201 4847 504 4912 sermonem
529 4836 802 4912 habuerit.
831 4836 1120 4912 Postquam
1153 4841 1296 4894 enim
1318 4836 1457 4896 duas
1479 4841 1652 4912 Syriae
1681 4857 1774 4896 ω·-

204 4903 298 4956 bes
321 4903 720 4981 Germaniciam
747 4917 809 4981 et
829 4903 1172 4981 Antiochiam
1197 4912 1500 4981 oceupavit,
1522 4903 1646 4964 'tum
1680 4913 1770 4965 de-

203 4988 348 5025 mutn
397 4974 461 5026 ad
519 4977 702 5030 sedem
770 4974 1418 5043 Constantinotiolitanam
1479 4974 1772 5034 translatus

203 5052 302 5096 est.
321 5044 462 5118 Lege
491 5043 769 5118 Speratem
803 5049 900 5101 lib.
929 5064 988 5114 ιι,
1015 5065 1135 5118 cap.
1161 5051 1227 5102 57
1249 5062 1304 5104 et
1331 5052 1422 5105 45.
1459 5051 1559 5105 Hic
1585 5063 1766 5104 notam

204 5117 490 5190 quamdam
523 5113 672 5186 Regii
713 5118 888 5190 quinti
937 5113 1208 5174 ascribere
1263 5137 1365 5174 non
1417 5121 1637 5190 pigebit.
1691 5120 1765 5190 l_ta

203 5183 378 5260 igitur
421 5183 745 5260 legere—est:
779 5188 1366 5260 in__e1ttremapagina
1416 5183 1432 5246 Ξ
1474 5183 1646 5255 Οὗτος
1699 5185 1770 5260 ἦν

207 5253 304 5326 μέν
337 5253 658 5326 [Αντιοχεὺῇ
709 5255 978 5320 διεδέξατο
1017 5258 1076 5310 δὲ
1112 5253 1202 5312 τὸν
1243 5253 1604 5326 Μακεδόνων,
1627 5253 1768 5313 ⁷ἀντ’

204 5324 366 5397 αύτοῦ
387 5328 538 5397 παρὰ
569 5328 978 5380 Κωνσταντίνου
1019 5329 1314 5393 ἐπίσκοπος
1357 5324 1768 5384 Κωνσταντίνου

204 5394 409 5472 πόλεως
441 5394 932 5472 ἀποκαταστήσας·
964 5399 1024 5460 ὃς
1045 5401 1124 5472 εἰς
1171 5401 1264 5453 τὸν
1307 5400 1496 5472 θρόνον
1527 5402 1765 5470 αὐτῆς...

203 5465 434 5541 ’ξτριῖι-τοςΔ
465 5467 562 5538 τὴν
607 5465 1040 5541 πολυθρύλλητον
1091 5471 1266 5541 ἀφῆκε
1305 5465 1510 5541 φωνὴν,
1553 5465 1765 5540 φήσαςο

210 5536 490 5612 Πατὴρ
512 5536 740 5612 ἀσεϐὴς,
819 5536 944 5612 Tib;
973 5536 1216 5612 εύσεᾷὴς,
1253 5544 1280 5593 ὁ
1315 5536 1410 5611 μὲν
1447 5536 1523 5604 ὡς
1566 5536 1767 5612 μηδένα

201 5607 356 5681 δῆθεν
399 5607 709 5678 σεϐόμενος,
753 5611 782 5661 ό
825 5610 979 5671 δὲὼς
1033 5607 1336 5681 σεϐόμενος.
1382 5613 1474 5664 τὸν
1521 5607 1763 5680 Πατέρα.

207 5677 302 5730 Hic
323 5691 432 5732 erat
457 5677 829 5742 Antiocheuus,
849 5683 1098 5733 successit
1116 5677 1231 5734 vero
1263 5680 1573 5735 Macedonio
1604 5699 1621 5734 :
1653 5677 1764 5733 loco

203 5749 340 5802 illius
370 5753 680 5804 constitutus
711 5751 984 5807 epist-onus
1032 5748 1517 5806 Constantiuovolis
1551 5770 1580 5805 a
1622 5752 1763 5806 Cou-

1877 1912 1996 1964 nos,
2035 1897 2427 1969 Paphlagones,
2479 1900 2698 1966 Cilices,
2753 1911 2808 1958 et
2870 1917 3059 1959 omnes
3103 1920 3456 1975 quoscunque

1876 1985 2098 2056 depasta
2130 1995 2214 2042 est
2244 1986 2560 2042 circumlata
2583 1989 2924 2060 improbitas.
2963 1991 3130 2062 Cujus
3161 2008 3292 2063 ergo
3327 2009 3454 2063 apo-

1875 2077 2032 2149 logize
2059 2079 2359 2136 necessitas
2384 2089 2513 2136 tunc
2545 2082 2697 2136 erat?
2737 2083 2862 2148 Sed,
2893 2084 3106 2153 opinor,
3135 2086 3358 2140 mentiri
3389 2103 3456 2140 ne

1874 2171 2062 2227 volens
2090 2173 2308 2244 quidem
2347 2173 2543 2244 potuit.
2592 2173 2772 2242 Quare
2818 2178 3010 2246 quavis
3048 2193 3106 2232 re
3141 2180 3322 2234 verius
3347 2191 3454 2246 est,

1878 2265 2020 2320 hanc
2048 2265 2315 2321 orationis
2364 2267 2594 2322 formam
2643 2269 2694 2323 ei
2723 2270 2792 2323 ad
2825 2271 3200 2340 decipiendum
3233 2275 3456 2344 excogi-

1879 2365 2050 2410 tatam
2074 2371 2216 2412 esse.
2249 2355 2356 2412 Sed
2399 2359 2466 2414 de
2495 2357 2582 2415 his
2623 2363 2906 2416 hactenus.
2941 2363 3071 2430 Quae
3106 2380 3237 2420 vero
3265 2366 3454 2436 paulu-

1876 2447 1988 2502 lum
2035 2463 2356 2518 progressus
2405 2452 2632 2516 scribat,
2687 2455 3052 2512 considerate.
3087 2456 3274 2528 Neque
3301 2461 3454 2516 enim

1875 2537 2111 2594 fortasse
2137 2539 2330 2594 inutile
2369 2539 2537 2598 fuerit
2588 2553 2914 2616 anteaquam
2956 2548 3301 2604 confutemus
3339 2551 3456 2622 ejus

1877 2633 2236 2702 impietatem,
2279 2648 2448 2704 pauca
2481 2636 2546 2693 de
2573 2635 2716 2694 fastu
2762 2640 2933 2710 ipsius
2971 2641 3028 2696 in
3063 2643 3300 2698 medium
3329 2659 3458 2714 pro-

1876 2725 2040 2783 ferre.

1947 2909 2000 2964 5.
2038 2907 2173 2964 Eun.
2210 2908 2350 2964 Ante
2393 2909 2576 2965 omnia
2609 2918 2792 2966 autem
2821 2926 3078 2981 rogamus
3117 2927 3237 2980 vos,
3274 2915 3366 2984 qui
3401 2924 3456 2970 et

1878 3013 2024 3052 nunc
2076 3000 2312 3054 audituri
2356 3000 2514 3064 estis,
2569 3011 2623 3056 et
2673 3005 3016 3070 postmodum
3045 3004 3263 3070 lecturi,
3290 3015 3348 3060 ut
3385 3023 3454 3062 ne

1879 3090 2056 3146 velitis
2084 3106 2151 3144 ex
2196 3092 2540 3149 multitudine
2587 3110 2778 3148 verum
2831 3111 2862 3150 a
2910 3095 3048 3150 falso
3098 3097 3453 3166 discernere,

1873 3184 2010 3252 parti
2036 3183 2227 3253 majori
2263 3185 2459 3240 tributa
2494 3185 2714 3256 palma;
2748 3201 2922 3258 neque
2963 3197 3144 3244 mente
3166 3192 3452 3256 caecutire,

1875 3363 2108 3436 stamine
2157 3361 2518 3436 [Constantio]
2573 3365 2711 3436 ;qui
2753 3381 2870 3418 cum
2925 3366 2982 3420 in
3019 3364 3263 3418 thronum
3308 3365 3456 3420 illius

1874 3435 2228 3503 ascendisset,-
2261 3434 2465 3503 primus
2501 3434 2906 3488 celeberrimam
2943 3451 3118 3488 vocem
3151 3436 3346 3501 emisit,
3375 3439 3457 3488 di-

1875 3518 1995 3556 cens
2032 3519 2050 3556 :
2075 3502 2237 3575 Pater
2255 3502 2330 3556 est
2356 3504 2570 3575 impius,
2595 3504 2774 3558 Filius
2799 3506 2942 3572 pius,
2972 3505 3063 3558 ille
3093 3508 3304 3575 quidem
3332 3517 3454 3558 tau-

1872 3588 2031 3644 quam
2059 3574 2258 3627 nullius
2291 3573 2486 3644 cultor,
2516 3576 2600 3628 hic
2621 3591 2739 3628 veru
2767 3587 3017 3644 tanquam
3049 3573 3224 3628 cultor
3252 3575 3454 3630 Patris.

1873 3641 2000 3698 llaec
2025 3654 2204 3696 autem
2257 3643 2482 3698 Eudoxii
2524 3645 2794 3712 subtilitas
2825 3641 2992 3700 risum
3026 3645 3195 3699 movit
3225 3647 3452 3701 audien-

1873 3713 2039 3783 tibus,
2063 3723 2122 3767 ut
2142 3723 2333 3767 auctor
2359 3724 2443 3767 est
2470 3712 2804 3769 Sozomenus
2831 3717 2926 3770 lib.
2959 3731 3036 3778 tv,
3064 3731 3181 3783 cap.
3206 3715 3298 3770 26.
3325 3716 3456 3770 Post

1871 3781 2022 3856 illud,
2055 3783 2137 3856 είς
2171 3783 2264 3837 τὸν
2293 3783 2480 3856 θρόνον
2515 3784 2704 3854 αὐτῆς,
2763 3785 3010 3853 sequitur
3051 3781 3154 3838 ι·οὶ
3209 3787 3455 3856 quaedam

1872 3853 2196 3925 ita_t_letr_i_ta,
2227 3863 2282 3906 ut
2308 3853 2426 3925 eam
2455 3853 2760 3925 legere’non
2789 3857 3082 3925 potuerim.

1970 3923 2056 3995 74)
2088 3922 2180 3995 Vir
2216 3922 2616 3978 eruditissimus
2647 3922 2876 3980 Ducaéus
2908 3941 2975 3978 ex
3016 3941 3116 3986 suo
3145 3923 3318 3994 Regio
3351 3940 3451 3995 co-

1872 3993 2013 4058 dice,
2038 3993 2136 4062 qui
2167 4003 2252 4048 est
2291 4001 2477 4047 noster
2506 3995 2640 4061 Reg.
2671 3998 2959 4056 secundus,
2998 4008 3118 4059 post
3145 3993 3334 4050 vocem
3366 3994 3452 4048 λο-

1871 4064 2151 4136 γογράφος
2171 4133 2182 4136 Α
2203 4063 2405 4136 edenda
2424 4065 2659 4136 curavit
2701 4065 2811 4130 illa,
2837 4065 2929 4119 διὰ
2964 4065 3064 4136 τῆς
3092 4065 3281 4119 τούτου
3321 4083 3455 4136 προ-

1875 4133 2101 4220 στασίας
2127 4133 2654 4220 ,ἱδρῦσαιτὸηδόγμα
2688 4133 3066 4220 ἐπειγομένου,
3104 4138 3264 4220 hujus
3296 4133 3455 4220 ηιιζτξίε-

1873 4203 1964 4268 lio,
1991 4209 2082 4274 qui
2104 4203 2295 4274 dog‘ma
2324 4203 2558 4259 stabilire
2581 4203 2846 4261 studebat.
2869 4203 2974 4260 Sed
3003 4223 3122 4258 cum
3153 4203 3263 4261 haec
3291 4210 3452 4262 verba

1877 4289 1986 4344 non
2010 4277 2262 4344 legantur
2295 4287 2469 4342 neque
2498 4275 2550 4329 in
2599 4277 2821 4344 reliquis
2855 4289 2981 4330 mss.
3026 4291 3200 4344 neque
3235 4277 3288 4330 in
3319 4280 3450 4332 edit.

1873 4341 2034 4410 νειμ,
2065 4341 2126 4398 éa
2187 4341 2499 4414 expungere
2545 4362 2650 4400 non
2696 4341 3083 4400 dubitavimus.
3114 4341 3353 4401 'Ducarus
3395 4347 3450 4399 in

1873 4416 1986 4468 suis
2022 4415 2163 4468 notis
2186 4415 2308 4484 jure
2339 4417 2621 4484 redarguit
2649 4417 2935 4484 qmisdam,
2957 4431 2984 4468 a
3009 4415 3203 4483 quibus
3229 4417 3452 4471 Sardicu

1871 4496 1926 4539 et
1955 4485 2174 4548 Sardes,
2199 4501 2322 4539 cum
2353 4485 2471 4538 duae
2505 4489 2613 4540 sint
2639 4488 2908 4552 civitates,
2940 4486 3344 4540 confunduntur
3371 4499 3453 4538 ta-

1879 4571 2023 4620 men,
2053 4564 2106 4608 et
2137 4555 2392 4627 qppidum
2435 4571 2595 4609 unum
2651 4557 2979 4627 elliciuntur.
3027 4555 3254 4610 Sardica
3288 4557 3452 4627 igitur

1875 4627 2003 4692 urbs
2029 4634 2109 4680 est
2139 4623 2387 4678 Thraciae
2419 4627 2815 4680 mediterranea
2860 4644 2874 4679 :
2917 4625 3115 4680 Sardes
3152 4623 3332 4692 vero;
3352 4641 3450 4681 seu

1877 4691 2081 4765 _Sardis,
2110 4695 2294 4765 Lydiae
2327 4705 2410 4750 est
2437 4697 2584 4756 urbs.
2619 4699 2685 4750 ad
2728 4697 2866 4750 latus
2897 4695 3070 4749 Tmoli
3103 4691 3300 4751 montis
3325 4697 3451 4751 sita.

1873 4763 2032 4818 Plura
2055 4763 2332 4834 qui’volet,
2367 4776 2546 4819 notam
2572 4767 2669 4820 viri
2701 4767 2999 4820 doctissimi
3020 4767 3198 4835 legere
3233 4767 3450 4835 poterit.

1875 4835 2229 4897 Theosebius,
2268 4848 2326 4889 ut
2353 4837 2422 4889 de
2457 4851 2521 4889 eo
2547 4851 2764 4906 quoque
2797 4837 3002 4906 aliquid
3033 4839 3298 4899 dicamus,
3329 4851 3452 4892 suc-

1874 4917 2114 4960 cesserat
2167 4906 2474 4970 Heortasio,
2501 4909 2592 4975 qui
2631 4909 2773 4974 apud
2806 4906 3168 4960 Sozomenum
3225 4907 3320 4961 lib.
3373 4922 3449 4968 ιν,

1873 4991 1992 5045 t-ap.
2069 4975 2163 5042 “2.4,
2228 4979 2282 5030 in
2343 4978 2574 5030 concilio
2649 4977 3244 5045 Constantinopolitano
3321 4977 3450 5030 anni

1871 5043 1976 5100 560
2009 5046 2282 5112 depositus
2319 5045 2486 5100 fuisse
2524 5047 2746 5100 dicitur.

1943 5115 2056 5186 (75)
2085 5117 2218 5186 lleg.
2252 5119 2442 5187 tertius
2463 5115 2558 5180 οὒς
2581 5119 2638 5169 ἐν
2674 5115 2880 5187 κύκλῳ.

1943 5187 2054 5258 (76)
2095 5185 2270 5258 Editio
2292 5185 2464 5258 Paris.
2499 5198 2554 5241 et
2589 5189 2722 5258 lieg.
2753 5185 3026 5258 secundus
3051 5185 3186 5257 πρὸς
3211 5187 3310 5258 τὴν
3339 5185 3452 5240 τῶν

1871 5255 2254 5326 ἁπλουστέρων
2280 5255 2516 5326 ἀπάτην,
2569 5259 2638 5310 ad
2677 5255 3040 5325 simpliciores
3091 5255 3446 5325 decipiendos.

1871 5327 2050 5398 Editio
2092 5329 2218 5379 Ven.
2250 5338 2304 5379 et
2335 5329 2523 5395 reliqui
2553 5341 2648 5380 sex
2683 5343 2812 5381 mss.
2847 5327 3167 5394 simpliciter
3196 5327 3332 5398 πρὸς
3347 5328 3450 5398 τὴν

1869 5397 2105 5466 ἀπάτην.
2140 5397 2289 5458 Quod
2317 5398 2550 5452 diximus
2603 5398 2882 5465 aliquanto
2928 5408 3072 5458 ante,
3112 5397 3310 5450 ιιοιιιιειι
3343 5397 3448 5450 Εὑ-

1869 5467 2042 5530 δόξιος
2079 5469 2128 5518 in
2163 5466 2298 5528 Reg.
2346 5468 2584 5521 secundo
2631 5469 2870 5522 additum
2907 5467 3092 5530 fuisse,
3121 5467 3170 5520 id
3213 5468 3278 5520 de
3333 5468 3443 5530 illo,

1869 5537 1978 5589 τῶν
2003 5535 2405 5607 ἁπλουστέρων,
2448 5538 2552 5590 dici
2596 5551 2753 5604 posse
2794 5538 3146 5607 arbitrantur.
3171 5537 3292 5591 Mox
3315 5541 3444 5590 editi

1869 5609 1962 5660 ἐπὶ
1989 5606 2286 5658 τοσοῦτον.
2319 5606 2461 5658 Libri
2516 5621 2727 5661 veteres
2765 5609 2843 5669 εἰς
2877 5606 3152 5660 τοσοῦτον.
3207 5609 3322 5661 hee
3371 5610 3443 5660 ita

1873 5679 2040 5732 multo
2078 5677 2214 5729 inira
2254 5677 2421 5748 editio
2455 5689 2636 5732 nostra
2675 5678 2913 5740 καὶτοὺς
2945 5676 3193 5746 ὕστερον.
3221 5679 3444 5748 Antiqui

1870 5750 1974 5803 duo
2004 5749 2123 5802 libri
2155 5749 2234 5810 εἰς
2264 5746 2508 5814 ὕστερον.
