3836 6222
371 327 480 380 5οἹ

1715 329 1770 382 S.
1811 327 2062 384 BASILII
2105 328 2324 384 MAGNI

3542 332 3644 385 508

381 440 701 510 dignitatum
737 440 920 495 habita
974 451 1228 509 ratione;
1276 458 1449 512 neque
1491 460 1650 500 aures
1693 447 1952 503 obturare

2068 465 2152 508 τας
2181 447 2328 518 (77)·
2381 448 2516 518 μήτε
2570 447 2676 518 μὴν
2726 447 2997 518 ἀξιώμασι
3032 444 3402 518 προσέχοντας
3463 448 3643 517 ἀμαυ-

380 531 794 600 posterioribus,
819 532 1060 602 priorum
1094 535 1295 604 agmini
1336 550 1594 592 concessa
1629 539 1878 593 victoria.

449 835 576 890 Bas.
602 835 740 903 Quid
767 835 934 912 dicis?
971 837 1282 894 Palmamne
1305 840 1494 894 demus
1516 837 1954 910 antiquioribus?

380 942 449 981 ne
481 942 826 981 revercamur
855 929 1252 984 multitudinem
1286 931 1746 994 Christianorum,
1781 946 1954 1000 neque

380 1036 568 1075 eorum
598 1021 689 1090 qui
729 1037 870 1075 nunc
909 1031 1064 1086 sunt,
1098 1036 1272 1091 neque
1316 1038 1502 1077 eorum
1562 1023 1652 1092 qui
1711 1022 1952 1086 fuerunt,

381 1127 448 1166 ex
487 1127 593 1180 quo
624 1112 971 1180 praedicatum
1005 1121 1088 1166 est
1110 1111 1509 1181 Evangelium?
1540 1128 1606 1166 ne
1643 1120 1953 1180 reputemus

289 1252 300 1268 ,
383 1203 702 1273 dignitatem
753 1218 965 1268 eorum,
999 1204 1091 1274 qui
1148 1204 1302 1258 donis
1353 1204 1727 1272 spiritualibus
1777 1201 1958 1268 cujus-

382 1312 594 1366 cunque
625 1300 838 1367 generis
875 1296 1207 1362 claruerunt,
1253 1297 1450 1366 quibus
1492 1295 1743 1350 omnibus
1772 1294 1955 1348 inimi-

383 1403 500 1440 cam
535 1396 586 1440 et
611 1389 894 1442 adversam
921 1389 1061 1442 hanc
1095 1389 1236 1442 viain
1266 1387 1558 1457 impietatis
1577 1400 1767 1440 recens
1795 1398 1957 1438 exco-

382 1479 564 1545 gitasti
604 1496 618 1536 :
647 1479 741 1534 sed
767 1479 964 1532 clausis
997 1494 1220 1549 prorsus
1246 1479 1442 1532 animae
1475 1476 1671 1540 oculis,
1701 1485 1754 1531 et
1781 1475 1954 1530 sancti

383 1569 674 1637 cujuslibet
727 1569 826 1622 viri
885 1569 1145 1623 memoria
1193 1569 1351 1638 211
1395 1583 1426 1622 e
1473 1577 1655 1621 mente
1704 1567 1953 1636 depulsa,

383 1662 753 1730 unusquisque
784 1675 878 1714 cor
905 1670 1148 1716 nostrum
1177 1652 1406 1714 otiosum
1440 1674 1502 1712 ac
1531 1666 1812 1728 purgatum
1866 1673 1957 1711 ca-

2057 538 2281 609 ροῦσοαι
2317 537 2416 608 τὴν
2463 537 2721 600 διάνοιαν,
2766 537 2799 608 ἦ
2860 540 2925 609 τῇ
2975 537 3123 601 τάξει
3171 538 3278 590 τῶν
3307 536 3644 608 ’προλαϐόν-

2053 620 2159 684 των
2189 632 2248 684 τὸ
2282 630 2442 683 πλέον
2473 623 2753 704 νέμοντὰς,
2793 633 3160 702 ἀποφράττειν
3189 633 3286 695 τὰς
3314 632 3503 694 ἀκοὰς
3538 634 3643 693 τοῖς

2057 725 2324 794 ὑστέροις.
2723 725 2726 728 ’

2126 837 2272 890 ΒᾹΣ.
2307 838 2370 890 Τί
2404 838 2610 907 λέγεις;
2645 837 2736 907 Μὴ
2769 838 3042 908 νείμωμεν
3069 838 3129 890 τὺ
3157 837 3316 890 πλέον
3351 834 3480 900 τοῖς
3519 857 3643 908 προ-

2055 928 2322 994 λαϐοῦσι;
2375 931 2447 1000 μὴ
2505 930 2840 1000 αίδεσΘῶμεν
2893 930 2952 983 τὸ
3009 925 3210 998 πλῆθος
3261 931 3375 984 τῶν
3433 948 3502 983 τε
3554 931 3642 984 νῦν

2054 1021 2222 1074 ὄντων
2261 1021 2618 1091 Χριστιανῶν,
2664 1023 2757 1075 καὶ
2801 1021 2908 1074 τῶν
2949 1022 3062 1074 ὅσοι
3102 1022 3392 1090 γεγόνασιν
3457 1023 3558 1091 ἀφ’
3585 1014 3640 1075 οὗ

2057 1111 2367 1182 κατηγγέλη
2416 1111 2477 1164 τὸ
2514 1112 2877 1180 Εὖαγγέλιον;
2921 1109 2995 1183 μὴ
3028 1112 3370 1183 λογισώμεθα
3424 1108 3492 1166 τὸ
3537 1112 3643 1176 ἀξί-

2055 1221 2181 1273 ωμα
2211 1202 2316 1255 τῶν
2345 1205 2402 1255 ἐν
2438 1203 2706 1266 παντοίοις
2734 1204 3035 1275 χαρίσμασι
3068 1205 3448 1271 διαφανέντων
3488 1222 3643 1256 πνευο

2059 1298 2328 1365 ματικοῑς,
2354 1291 2434 1358 οἷς
2479 1296 2678 1349 ἅπασιν
2708 1296 2907 1367 ἐχθρὰν
2945 1294 3038 1349 καὶ
3085 1296 3348 1365 πολεμίαν
3397 1297 3508 1366 τὴν
3555 1313 3644 1347 πο-

2055 1388 2226 1461 νηρὰν
2276 1389 2392 1444 ὁδὸν
2445 1388 2648 1458 ταύτην
2695 1390 2795 1458 τῆς
2857 1389 3108 1453 ἀσεϐείας
3161 1387 3642 1457 ἐκαινοτόμησαςς

2057 1479 2192 1533 ἀλλά
2234 1479 2500 1551 μύσαντες
2533 1477 2868 1546 ἁπαξαπλῶς
2913 1482 3040 1544 τοὺς
3085 1480 3181 1548 τῆς
3226 1479 3412 1550 ψυχῆς
3446 1476 3645 1546 ὀφθαλὲ

2061 1570 2213 1640 μοὺς,
2256 1570 2348 1623 καὶ
2381 1570 2580 1632 παντὸς
2613 1571 2767 1638 ἁγίου
2809 1571 3029 1640 μνήμην
3059 1569 3158 1639 τῆς
3197 1569 3448 1632 διανοίας
3479 1569 3646 1636 ὑπερο

2056 1662 2357 1732 ορίσαντες,
2403 1662 2766 1732 σχολάζουσαν
2797 1663 2890 1715 καὶ
2937 1660 3325 1733 σεσαρωμένην
3369 1662 3479 1729 τὴν
3523 1662 3645 1713 ἑαυ-

381 1752 654 1821 ptiouibus
675 1768 735 1806 ac
767 1752 1113 1822 sophismatis
1134 1752 1240 1806 tuis
1258 1750 1584 1805 subdamus?
1613 1749 1802 1819 Magna
1831 1763 1953 1818 pro-

2068 1753 2150 1806 τοῦ
2195 1754 2420 1825 καρδίαν
2449 1754 2678 1817 ἕκαστος
2707 1753 2827 1816 ταῖς
2871 1757 3227 1824 παραγωγαῖς
3257 1769 3355 1806 σου
3398 1748 3505 1805 καὶ
3535 1753 3644 1814 τοῖς

386 1845 528 1897 fecto
563 1844 699 1896 foret
728 1854 816 1896 tua
855 1844 1121 1911 potentia,
1157 1843 1199 1896 si
1228 1858 1346 1911 qua:
1381 1841 1660 1907 multiplici
1702 1856 1801 1894 suo
1832 1839 1956 1892 arti-

385 1936 506 1990 licio
537 1937 781 1988 diabolus
803 1945 1130 1988 consecutus
1163 1949 1268 1986 non
1297 1942 1399 1996 est,
1433 1947 1495 1986 ea
1527 1932 1618 1984 tibi
1645 1931 1761 1984 solo
1789 1932 1958 1997 impe—

385 2031 466 2082 rio
492 2029 704 2094 assequi
729 2029 1068 2096 contingeret
1097 2046 1108 2080 :
1137 2027 1180 2079 si
1212 2025 1464 2078 videlicet
1491 2038 1747 2093 persuasu
1784 2037 1849 2076 ac
1878 2023 1957 2074 in-

384 2121 546 2173 ductu
584 2131 672 2172 tno
721 2119 1066 2171 traditionem
1107 2133 1228 2186 qua:
1273 2131 1368 2184 per
1414 2115 1747 2185 prmteritum
1795 2127 1957 2167 omne

387 2222 596 2280 tempus
630 2212 768 2278 apud
799 2221 875 2262 tot
895 2218 1111 2263 sanctos
1135 2206 1386 2272 obtinuit,
1408 2205 1570 2274 impio
1601 2214 1785 2258 vestro
1818 2219 1961 2257 com-

389 2317 570 2359 mento
611 2313 1080 2372 postponeremus.
1125 2298 1262 2353 Huic
1309 2309 1488 2351 autem
1531 2297 1662 2350 satis
1712 2312 1816 2349 non
1853 2305 1956 2358 est,

385 2411 574 2450 eorum
598 2392 962 2460 duntaXatqni
989 2405 1130 2444 nunc
1162 2389 1385 2443 audiunt
1419 2389 1655 2440 animum
1693 2401 1954 2451 avocare;

385 2488 480 2540 sed
529 2485 764 2554 postulat
795 2485 982 2545 etiam,
1017 2494 1074 2534 ut
1125 2481 1160 2534 ii
1205 2482 1293 2549 qui
1325 2480 1576 2546 deinceps
1622 2478 1855 2530 libellum
1888 2478 1960 2530 le-

387 2577 528 2629 cturi
587 2583 728 2636 sunt,
774 2574 1010 2626 habeant
1044 2580 1278 2624 mentem
1313 2571 1581 2623 eamdem.
1621 2567 1664 2622 Ο
1721 2568 1954 2621 fastum!

389 2678 580 2734 putare
609 2665 803 2718 librum
835 2665 934 2716 sibi
967 2664 1127 2716 etiam
1181 2663 1233 2716 in
1279 2671 1553 2730 posterum
1609 2659 1955 2726 superstitem

388 2760 524 2822 fore,
573 2772 627 2813 et
678 2756 992 2811 memoriam
1023 2770 1173 2807 suam
1213 2768 1483 2822 nunquam
1531 2751 1847 2820 perituram.
1896 2749 1962 2802 Et

389 2867 529 2905 nunc
561 2852 776 2919 quidem
810 2858 1089 2915 tantopere
1121 2845 1437 2898 intumescit
1491 2842 1583 2910 qui
1634 2841 1791 2909 paulo
1839 2847 1962 2907 post

391 2944 531 3012 apud
558 2942 833 2995 auditores
868 2938 1091 3007 ioculari
1122 2939 1352 3006 quadam
1395 2933 1740 2990 simulatione
1768 2931 1958 2996 utitur,

388 3034 540 3104 quasi
574 3035 767 3086 fastum
791 3046 1006 3093 omnem
1037 3030 1332 3099 negligens,
1360 3026 1566 3096 sicque
1622 3039 1758 3093 quos
1805 3022 1964 3078 ﬁnxit

385 3129 595 3198 iudices
619 3127 914 3195 alloquens.
967 3140 985 3162 ο

463 3461 596 3515 Eun.
630 3459 709 3511 Ad
757 3458 892 3521 lucc,
943 3468 1117 3524 neque
1158 3452 1313 3506 nobis
1350 3450 1737 3514 succenseatis,
1781 3450 1824 3504 si
1859 3449 1964 3503 fas-

394 3562 507 3606 tum
531 3552 862 3621 negligentes
893 3563 954 3601 ae
988 3547 1260 3606 timorem,
1297 3545 1590 3614 gratizeque
1637 3543 1886 3611 prtesenti
1911 3550 1967 3594 et

394 3645 674 3700 securitati
714 3640 1060 3711 praeferentes
1092 3639 1445 3692 securitatem
1482 3637 1548 3689 ad
1595 3636 1775 3691 iutura
1837 3634 1966 3687 atti-

391 3745 632 3799 nentem,
666 3744 827 3801 atque
867 3732 1161 3784 intentatas
1193 3727 1374 3797 impiis
1400 3727 1572 3780 minas
1603 3726 1773 3794 magis
1803 3739 1962 3792 quam

416 3842 660 3883 errenam
690 3840 903 3879 onmem
937 3823 1281 3876 alllietionem
1326 3835 1389 3874 ac
1421 3828 1648 3871 mortem
1688 3827 1962 3884 tempora-

399 3935 496 3976 .em
526 3919 839 3974 metuendas
868 3930 986 3970 esse
1013 3913 1283 3977 arbitrati,
1307 3911 1591 3966 veritatem
1624 3909 1823 3962 nudam
1848 3909 1965 3962 abs-

393 4027 497 4082 que
520 4012 624 4067 ullo
647 4010 911 4064 velamine
940 4021 1296 4077 exponamus.

462 4213 586 4267 Bas.
618 4211 788 4278 Quam
812 4209 1078 4278 superbia
1106 4205 1614 4260 immoderatiouem
1668 4203 1784 4256 haec
1839 4215 1964 4253 ver-

390 4305 579 4360 borum
609 4319 800 4373 pompa
833 4317 936 4354 non
965 4299 1213 4354 excedit?
1241 4297 1379 4363 Quin
1406 4293 1773 4348 adestcavillo
1799 4293 1961 4344 etiam

392 4396 716 4452 contumelia
773 4395 824 4447 in
855 4393 1100 4460 iudices:
1168 4390 1458 4458 siquidem,
1491 4395 1781 4456 propterea
1818 4383 1964 4452 quod

391 4490 531 4542 bona
569 4501 709 4556 aegre
766 4485 964 4546 ferant,
1003 4484 1090 4536 vix
1151 4489 1372 4552 possunt
1425 4479 1559 4548 quin
1606 4483 1965 4531 succenseant

393 4582 533 4644 viro,
569 4581 658 4648 qui
694 4578 913 4648 negligit
939 4578 1135 4629 fastum
1154 4591 1218 4627 ac
1251 4583 1514 4626 tumorem
1541 4588 1555 4636 ;
1587 4570 1677 4638 qui
1711 4577 1964 4635 spectan-

396 4680 505 4724 tem
552 4669 617 4722 ad
655 4667 828 4720 futura
861 4665 1202 4720 securitatem
1243 4659 1495 4728 praesenti
1538 4672 1647 4710 suae
1681 4655 1963 4710 securitati

394 4757 703 4826 anteponit;
737 4756 828 4825 qui
855 4754 1088 4807 futurum
1115 4749 1434 4819 supplicium
1474 4757 1646 4800 morte
1673 4743 1963 4812 temporali

395 4849 707 4906 horribilius
743 4847 966 4916 judicat.
1002 4843 1142 4910 Quid
1193 4850 1369 4895 autem
1405 4840 1511 4893 hoc
1532 4840 1634 4892 sibi
1670 4835 1830 4889 vult?
1865 4834 1962 4900 Ne,

393 4942 515 5006 viri,
546 4938 909 4994 succenseatis
953 4936 1102 5001 mihi,
1144 4934 1236 5004 qui
1265 4933 1331 4986 ad
1369 4933 1544 5000 ipsum
1581 4928 1803 4983 virtutis
1830 4926 1946 4996 api-

462 5184 572 5256 (77)
610 5189 742 5255 Reg.
774 5187 962 5242 tertius
993 5186 1352 5256 συνάψαντας.

455 5250 572 5330 '(78)
613 5250 744 5326 lteé.
769 5269 992 5330 quartus
1017 5250 1294 5328 κρινοίμεν
1336 5274 1348 5308 :
1376 5270 1482 5322 quo
1509 5253 1562 5306 in
1610 5250 1955 5330 codice_leg_i~

389 5323 478 5383 tur
505 5323 717 5396 quidem
744 5323 1020 5397 περινοίας
1057 5323 1070 5380 Ξ
1098 5323 1282 5381 εειιῖιςι
1309 5335 1511 5387 tamen,
1544 5334 1602 5377 ut
1635 5338 1758 5376 vera
1787 5323 1954 5390 lectio

390 5399 632 5461 ἐπινοίας
666 5403 718 5451 in
743 5415 835 5452 ora
865 5400 984 5450 libri
1017 5399 1195 5449 addita
1228 5397 1318 5449 sit.

391 5539 412 5554 ,,
459 5470 568 5538 (79)
618 5469 758 5523 Edili
815 5469 910 5521 mi.
944 5467 1188 5538 ὕστερον.
1244 5467 1469 5521 Codices
1517 5478 1621 5517 non
1659 5461 1813 5531 pauci
1876 5462 1956 5524 εἰς

390 5555 627 5606 υστερον.

460 5601 571 5677 (80)
606 5609 802 5662 Horum
858 5608 1144 5662 verborum
1193 5621 1254 5659 ea
1289 5614 1372 5659 est
1411 5603 1675 5658 sententia
1710 5618 1721 5652 :
1770 5601 1953 5677 Euno-

391 5673 529 5733 mius
554 5673 606 5730 in
639 5695 763 5732 suos
788 5677 997 5745 iudices
1021 5677 1443 5732 contumeliosus
1469 5685 1576 5745 est.
1603 5687 1732 5745 cum
1764 5673 1830 5745 de
1869 5687 1949 5724 eis

389 5753 463 5804 ita
495 5749 739 5812 loquatur
773 5739 922 5811 quasi
950 5762 1038 5802 res
1072 5746 1366 5802 laudandus
1395 5744 1574 5800 animo
1601 5741 1784 5803 iniquo
1807 5739 1949 5797 ferre

2058 1845 2354 1914 σοφίσμασι
2402 1845 2656 1916 φέροντες
2709 1845 3029 1916 ὑποοῶμεν;
3087 1845 3344 1915 Μεγάλης
3402 1843 3640 1914 μέντ’ἂν

2057 1937 2175 2006 είης
2207 1937 2305 2005 τῆς
2347 1937 2661 2001 δυναστείας
2712 1938 3134 2009 ἐπειλημμένος,
3187 1939 3347 2007 εἴπερ
3395 1929 3474 1988 ὧν
3526 1935 3641 1993 ταῖς

2058 2027 2329 2090 ποικίλαις
2389 2029 2582 2081 ἑαυτοῦ
2646 2029 2946 2100 μεθοδείαις
3015 2029 3043 2080 ὁ
3095 2029 3340 2091 διάϐολος
3394 2028 3500 2080 οὐκ
3545 2027 3635 2075 ἐπ-

2058 2122 2237 2192 έτυχε,
2272 2121 2475 2175 τούτων
2525 2139 2605 2174 σοι
2632 2127 2812 2194 τυχεῖν
2841 2122 2899 2187 ἐξ
2926 2125 3293 2192 ἐπιτάγματος
3319 2119 3633 2190 περιέσται·

2058 2215 2154 2267 ἐάν
2199 2231 2324 2284 περ,
2361 2215 2672 2278 πεισθέντες
2727 2232 2826 2279 σοι,
2869 2213 2966 2286 τὴν
3014 2214 3069 2266 ἐν
3106 2215 3267 2267 παντὶ
3312 2212 3394 2283 τῷ
3445 2211 3636 2282 παρελ-

2059 2305 2203 2358 θόντι
2264 2306 2439 2377 χρόνῳ
2498 2305 2601 2359 ὑπὸ
2667 2305 2932 2359 τοσούτων
2996 2307 3164 2374 ἁγίων
3231 2307 3634 2375 κεκρατηκυίαν

2058 2397 2355 2466 παράδοσιν
2399 2398 2725 2468 ἀτιμοτέραν
2764 2397 2872 2468 (78)
2907 2399 3179 2470 κρίνωμεν
3220 2399 3317 2467 τῆς
3350 2394 3632 2456 δυσσεϐοῦς

2060 2488 2214 2558 ὑμῶν
2247 2491 2506 2552 ἐπινοίας.
2534 2488 2622 2558 Τῷ
2656 2488 2710 2541 δὲ
2760 2490 2858 2541 οὐκ
2911 2483 3128 2558 ἐξᾶρκεῖ
3175 2490 3336 2559 μόνον
3391 2487 3501 2539 τῶν
3549 2484 3634 2538 νῦν

2061 2580 2363 2632 ἀκουόντων
2401 2580 2527 2642 τοὺς
2564 2579 2855 2650 λογισμοὺς
2888 2579 3197 2646 ὑφελέσθαι,
3230 2578 3344 2630 ἀλλ’
3373 2577 3520 2640 ἀξιοῖ
3551 2575 3633 2627 καὶ

2060 2672 2185 2734 τοὺς
2215 2671 2438 2742 ὕστερόν
2475 2686 2601 2724 ποτε
2639 2672 3027 2740 συνεσομένους
3175 2669 3316 2739 λόγῳ
3344 2671 3446 2739 τὴν
3481 2666 3633 2734 αὐτὴν

2063 2761 2206 2832 ἔχειν
2235 2761 2481 2833 γνώμην.
2511 2763 2574 2814 Ὢ
2613 2766 2710 2832 τῆς
2743 2761 3090 2825 ἁλαζονείαςί
3125 2761 3184 2813 τὸ
3215 2761 3307 2812 καὶ
3364 2762 3446 2821 εἰς
3495 2758 3637 2810 ὓστε-

2067 2869 2156 2925 ρον
2191 2854 2300 2925 (ἷ9)
2327 2853 2530 2906 οἴεσθαι
2567 2853 2714 2923 αὐτῷ
2737 2853 3040 2923 διαρκέσειν
3058 2853 3147 2904 τὸν
3180 2852 3360 2919 λόγον,
3389 2851 3487 2905 καὶ
3519 2847 3635 2905 ἀίὶά-

2065 2963 2220 2999 νατον
2248 2949 2323 3009 είς
2360 2946 2448 2998 τὸν
2480 2947 2699 2998 ἐπιόντα
2734 2947 2921 3016 χρόνον
2951 2947 3048 3014 τὴν
3083 2947 3301 3014 μνήμην
3338 2943 3506 2997 αὐτοῦ
3544 2957 3634 3009 σε·

2065 3037 2452 3108 λαχθήσεσοαι.
2481 3039 2590 3090 Kal.
2629 3038 2800 3088 ταῦτα
2838 3036 2930 3089 νῦν
2967 3035 3436 3099 ἀπαυθαδιαζεται
3463 3041 3489 3089 ὁ
3531 3030 3630 3104 μετ’

1992 3141 2033 3196 C
2067 3131 2222 3198 ὀλίγα
2268 3131 2404 3201 πρὸς
2449 3131 2573 3194 τοὺς
2633 3129 3017 3201 ἀκροωμένους
3059 3129 3525 3200 διαθρυπτόμενος
3565 3127 3632 3190 ὡς

2069 3220 2237 3289 τύφου
2275 3219 2471 3283 παντὸς
2500 3220 2737 3290 ἀμελῶν,
2762 3221 2962 3272 οὑτωσί
2995 3219 3166 3288 λέγων
3194 3224 3306 3282 τοῖς
3341 3223 3403 3273 ὲν
3429 3222 3503 3290 τῷ
3527 3217 3631 3291 δρά-

2075 3330 2203 3382 ματι
2237 3313 2358 3366 δικα
2368 3317 2536 3376 σταῖς.
2997 3313 2999 3316 ⁴

2141 3428 2300 3483 ΕΥΝ.
2333 3427 2474 3496 Πρὸς
2506 3426 2562 3478 δὲ
2590 3426 2801 3490 τούτοις
2828 3425 2962 3496 μηδὲ
3006 3426 3136 3496 ἡμῖν
3164 3425 3530 3495 χαλεπαίνειν,
3559 3424 3624 3480 εί,

2069 3520 2239 3587 τύφου
2278 3520 2373 3590 μὲν
2418 3517 2789 3588 ἀμελήσαντες
2820 3517 2912 3569 καὶ
2955 3516 3140 3584 φόϐου,
3185 3517 3286 3585 τῆς
3331 3517 3394 3568 δέ
3441 3532 3625 3584 παραυ·

2070 3612 2200 3664 τίκα
2237 3612 2460 3684 χάριτος
2494 3611 2585 3663 καὶ
2630 3609 2928 3677 ἀσφαλείας
2960 3608 3057 3677 τὴν
3093 3608 3231 3678 ὑπὲρ
3271 3609 3379 3660 τῶν
3433 3607 3624 3678 μελλόν-

2071 3722 2178 3757 των
2203 3705 2382 3758 ἅδειαν
2424 3704 2878 3774 προτιμήσαντες,
2914 3701 3008 3752 xui.
3050 3700 3228 3769 πάσης
3258 3702 3504 3767 ἐπιγείου
3543 3714 3624 3750 2.:-

2073 3793 2368 3855 κοπαθείας
2415 3792 2644 3844 θανάτου
2673 3807 2732 3843 τε
2773 3791 3106 3863 προσκαίρου
3146 3789 3524 3861 φοϐερωτέραν

2072 3885 2213 3938 κατὰ
2258 3885 2365 3936 τῶν
2395 3881 2946 3953 ἁσεὸὦνώρισμένην
2988 3881 3214 3950 ἀπειλὴν
3259 3877 3402 3932 εἶναι
3437 3881 3625 3949 κρίναν-

2073 3994 2188 4038 τες,
2221 3975 2417 4038 παντὸς
2465 3972 2912 4043 ἐπικαλύμματος
2951 3972 3162 4042 γυμνὴν
3194 3970 3516 4040 ἐκτιθέμεθα
3545 3967 3622 4036 τὴν

2073 4069 2348 4138 ἀλήθειαν.

2143 4180 2289 4232 ΒΑΣ.
2325 4180 2492 4242 Ποίας
2541 4176 2853 4242 ἀλαζονείας
2897 4173 3200 4247 ὑπερϐολὴν
3227 4175 3256 4224 ὁ
3300 4173 3511 4242 κόμπος
3553 4163 3623 4220 οἱα

2072 4288 2161 4332 τος
2207 4271 2312 4323 τῶν
2361 4271 2531 4338 λόγων
2583 4271 2680 4340 οὑχ
2731 4269 3058 4339 ὑπεραίρει;
3107 4266 3217 4318 Καὶ
3269 4265 3529 4334 πρόσεστι

2071 4364 2322 4433 εἰρωνεία
2351 4364 2444 4415 καὶ
2474 4362 2630 4433 ὕϐρις
2665 4360 2806 4415 κατὰ
2839 4359 2946 4413 τῶν
2989 4357 3352 4421 δικαζόντων·
3385 4355 3535 4422 εἴπερ
3562 4348 3619 4416 τῷ

2072 4453 2206 4525 πρὸς
2239 4455 2306 4506 τὰ
2334 4453 2474 4506 καλά
2513 4451 2788 4522 δυσχερῶς
2829 4449 2971 4520 ἔχειν
3006 4449 3157 4518 μόλις
3202 4447 3521 4515 κατέχονται
3544 4457 3620 4512 χα-

1995 4557 2039 4609 D
2068 4546 2410 4609 λεπαίνοντες
2431 4544 2718 4615 ἀμελοῦντι
2748 4543 2844 4612 μὲν
2881 4541 3168 4602 αὐθαδείας
3191 4539 3288 4592 καὶ
3311 4538 3482 4605 τύφου
3511 4534 3614 4602 (80}.

2063 4646 2162 4712 τῆς
2203 4642 2260 4694 δὲ
2288 4643 2344 4692 ἐν
2376 4640 2453 4710 τῷ
2485 4640 2711 4710 παρόντι
2737 4637 3041 4706 ἀσφαλείας
3070 4636 3170 4706 τὴν
3207 4635 3348 4704 ὑπὲρ
3377 4633 3487 4684 τῶν
3518 4627 3616 4698 μελ-

2063 4737 2260 4789 λόντων
2291 4734 2472 4787 ἄδειαν
2507 4729 2866 4804 προτιμῶντι,
2900 4730 2994 4781 καὶ
3033 4727 3126 4778 τοῦ
3173 4724 3506 4795 προσκαίρου
3543 4717 3614 4768 θα·

2064 4832 2222 4884 νάτου
2258 4825 2642 4897 φοϐερωτέραν
2694 4823 2932 4893 κρίνοντι
2977 4820 3076 4889 τὴν
3129 4820 3210 4881 εἰς
3259 4816 3486 4886 ὕστερον
3528 4809 3612 4881 (81)

2054 4922 2293 4975 κόλασιν.
2335 4919 2506 4972 Τοῦτο
2531 4917 2588 4970 δέ
2618 4917 2734 4968 ἐστι
2782 4915 2870 4979 τί;
2917 4913 3007 4984 Μὴ
3040 4907 3399 4982 χαλεπαίνετέ
3451 4923 3544 4978 μοι,
3579 4894 3613 4953 ὦ

2066 5179 2388 5247 potuissent.
2448 5175 2604 5240 Mihi,
2663 5173 2869 5247 inquit,»
2900 5187 2969 5227 ne
3012 5168 3405 5247 _succenseatis
3435 5208 3450 5228 ,
3503 5159 3610 5247 quod

2065 5239 2263 5303 i'astum
2319 5264 2380 5300 ac
2427 5257 2694 5300 tumorem
2741 5239 3105 5311 _neglexeriin,
3135 5250 3240 5294 etc.
3285 5239 3610 5311 Nemo_ettiut

2065 5335 2170 5373 non
2197 5320 2340 5372 videt
2366 5318 2720 5375 Eunomium,
2757 5315 2802 5367 si
2828 5308 3003 5373 bene,
3036 5323 3095 5364 ut
3135 5326 3233 5378 par
3283 5308 3609 5380 erat,rdesui5

2057 5389 2334 5454 judicibus
2359 5387 2752 5448 existimasset,
2785 5397 3062 5451 nunquam
3096 5379 3281 5434 verbis
3311 5379 3388 5431 ita
3425 5378 3608 5446 injuria-

2061 5462 2136 5513 sis
2167 5474 2388 5510 usurum
2425 5459 2608 5510 luisse.

2133 5528 2243 5598 (81)
2264 5527 2409 5598 _Libri
2436 5538 2652 5598 veteres
2674 5525 2753 5585 εἰς
2780 5521 3044 5598 ὕστερονΖ
3078 5521 3251 5598 Abest
3267 5520 3349 5579 είς
3395 5533 3426 5570 a
3458 5512 3607 5598 Vulg?-

2059 5584 2150 5649 tis:
2183 5584 2292 5649 lloi:
2332 5598 2445 5664 ipso
2507 5597 2558 5647 in
2599 5584 2746 5647 loco,
2774 5584 3114 5664 editi-T9510
3151 5589 3207 5641 δέ
3237 5584 3606 5664 ἐστι-τοιοῦτον-

2059 5668 2154 5731 Τίς
2183 5667 2305 5736 (sic)
2456 5665 2588 5737 χαλε
2606 5662 3110 5734 παίνετεηΑιιιὶιιιιὶ
3145 5670 3254 5715 tres
3311 5659 3439 5714 libri
3493 5661 3538 5709 ut
3570 5664 3606 5702 Ill

2057 5747 2334 5794 contextu.
3378 5742 3387 5754 '
