3836 6222
96 310 208 367 509

1224 302 1595 363 ADVERSUS
1632 304 2003 363 EUNOMIUM
2039 306 2170 362 LIB.
2208 306 2252 363 1.

3291 310 3395 366 510

91 418 324 490 ἄνδρες,
358 416 504 491 πρὸς
550 416 682 469 αὐτὸ
724 416 785 469 τὸ
825 416 1126 489 ἀκρότατον
1168 416 1270 487 τῆς
1314 417 1514 488 ἀρετῆς
1557 416 1697 470 ἀνελ-

1818 432 1933 473 cem
1973 419 2329 490 ascendi,qui
2366 420 2673 476 transcendi
2723 428 2978 489 terrena,
3018 437 3083 479 ac
3109 437 3395 481 conversa-

93 509 272 573 θόντι,
320 511 430 563 καὶ
462 509 760 582 ὑπερϐάντι
807 511 903 581 μὲν
956 509 1027 562 τὰ
1076 509 1263 580 γήϊνα,
1299 510 1481 562 πᾶσαν
1523 509 1580 562 δὲ
1614 508 1697 580 τὴι

1818 510 2017 565 tionem
2058 525 2274 566 omnem
2307 511 2360 565 in
2393 512 2593 566 cadum
2647 514 2918 568 transtuli.
2966 512 3159 581 Novus
3190 517 3279 570 hic
3313 529 3396 571 est

93 599 400 656 πολιτείαν
433 584 513 667 εἰς
545 604 774 675 οὐρανὸν
810 603 1127 707 μεταθέντιέ
1154 603 1359 667 Καινὸς
1387 594 1545 665 οὗτος
1581 600 1715 656 ἁλα-

94 689 326 756 ξονείας
352 694 582 765 τρόπος.
609 696 687 748 Δι’
710 688 784 749 ὧν
810 694 917 767 γὰρ
947 688 1589 767 ἀμελεῖν-προσποιεῖται
1616 689 1710 745 τοῦ

41 784 55 807 '
92 782 303 853 τύφου,
339 787 489 856 πρὸς
524 787 624 858 τὴν
665 787 899 859 ἐσχάτην
933 786 1196 857 φυσίωσιν
1239 786 1431 841 ἐαυτὸν
1476 785 1709 857 ὑπεραί-

98 894 204 949 ρει.
247 879 319 931 Ei
374 880 488 951 γὰρ
540 880 625 949 ἐφ’
667 873 749 943 οἷς
780 879 1111 933 ἐνδείκνυται
1167 877 1496 948 συγγνώμης
1543 875 1710 941 ἀξίως

97 970 413 1041 πράσσειν,
442 972 543 1041 τῆς
570 971 929 1042 εὐαγγελικῆς
963 971 1238 1034 πολιτείας
1266 969 1384 1022 ἐστὶ
1424 968 1495 1023 τά
1538 966 1711 1036 κεφά-

98 1062 261 1127 λαια,
316 1064 569 1128 εἰκάζειν
616 1063 842 1134 ἀφίησιν
878 1064 1060 1117 ὁποῖόν
1110 1079 1232 1118 τινα
1290 1061 1455 1114 αὑτὸν
1487 1063 1544 1113 ἐν
1595 1061 1709 1123 τοῖς

98 1156 584 1229 κατωρθωμένοις
622 1157 872 1229 ἡγεῖσθαι.
924 1155 1191 1227 προσῆκε.
1243 1154 1428 1208 Ταῦτα
1470 1153 1567 1223 μὲν
1596 1147 1704 1204 -οὖν

96 1245 313 1300 ὡσανεὶ
375 1248 707 1320 χαρακτῆρα
761 1248 862 1318 τῆς
918 1247 1047 1319 ὅλης
1092 1246 1263 1318 αὐτῆς
1332 1244 1707 1317 προαιρέσεως

97 1337 329 1407 ἔχοντα,
374 1337 590 1392 πολλῶν
637 1337 1150 1409 ἀποσιωπηθέντων,
1219 1335 1417 1398 ἱκανῶς
1460 1337 1704 1405 εῐρηται,

100 1430 193 1483 ἵνα
234 1430 308 1483 δι’
352 1424 432 1485 ὧν
469 1432 567 1502 μὲν
602 1430 887 1500 ἐψεύσατο,
932 1430 1022 1483 τὸν
1069 1428 1280 1500 πατέρα
1332 1426 1427 1480 τοῦ
1477 1426 1709 1495 ψεύδους

99 1509 165 1575 ἐν
206 1522 376 1594 αὐτῷ
418 1521 681 1577 λαλοῦντα
724 1522 1113 1594 γνωρίσωμεν·
1150 1523 1215 1574 ἐκ
1257 1518 1316 1572 δὲ
1366 1518 1473 1571 τῶν
1507 1517 1709 1582 ἀλαζο-

98 1615 405 1684 νευμάτων
436 1614 543 1667 τίνι
587 1612 1083 1685 συγκατακεκριται
1123 1611 1482 1682 διδαχθῶμεν,
1520 1607 1708 1677 σαφῶς

99 1704 202 1757 τοῦ
254 1704 592 1758 Ἀποστόλου
650 1703 898 1773 λέγοντος
939 1704 1030 1757 τὸν
1071 1702 1388 1770 τυφωθέντα
1417 1702 1497 1762 εἰς
1529 1702 1704 1771 κρῖμα

1814 603 2138 671 arrogantia:
2166 602 2377 657 modus.
2400 601 2871 673 Quibus‘namque
2897 604 3173 675 negligere
3201 622 3260 663 se
3288 608 3395 663 ias-

1814 701 1927 747 tum
1960 693 2201 760 simulat,
2228 694 2420 749 iisdem
2450 710 2510 750 se
2543 696 2659 766 ipse.
2684 696 2751 750 ad
2787 711 3056 752 summum
3100 700 3269 755 animi
3305 714 3395 754 tn-

1812 799 2020 840 morem
2055 784 2233 840 eﬂ‘ert.
2269 784 2406 842 Nam
2456 786 2505 842 si
2558 787 2756 858 quibus
2782 789 3020 843 ostendit
3066 790 3226 844 venia
3274 805 3394 848 esse

1812 876 1974 947 digna
2001 892 2122 946 qua:
2162 879 2322 947 gerit,
2362 893 2426 933 ea
2465 879 2794 949 evangelicae
2822 883 2951 935 vita:
2984 882 3161 949 capita
3214 893 3342 937 sunt
3374 900 3390 949 ;

1811 962 2120 1029 conjectare
2152 967 2305 1033 sinit,
2342 967 2557 1037 qualem
2589 984 2647 1024 se
2672 969 2724 1023 in
2759 970 2984 1038 reliquis
3011 972 3271 1041 praeclare
3305 988 3394 1044 ge-

1810 1055 1912 1111 stis
1939 1057 2127 1112 haberi
2158 1061 2467 1115 conveniat.
2499 1061 2569 1116 Et
2594 1062 2813 1130 quidem
2856 1063 2975 1118 hac
3007 1066 3206 1135 quibus
3249 1074 3393 1120 totus

1810 1146 1954 1203 illius
1979 1151 2200 1206 animus
2238 1154 2391 1220 quasi
2422 1154 2768 1222 exprimitur,
2801 1154 2984 1210 multis
3008 1156 3223 1211 silentio
3255 1172 3393 1225 prae-

1813 1241 2006 1308 teritis,
2039 1243 2253 1299 abunde
2277 1255 2573 1301 memorata
2604 1256 2767 1314 sunt;
2797 1256 2854 1301 ut
2884 1264 2978 1318 per
3001 1264 3065 1303 ea
3092 1264 3213 1319 quae
3244 1264 3393 1304 men-

1810 1333 1943 1387 titus
1967 1342 2072 1400 est,
2106 1346 2315 1405 patrem
2346 1338 2614 1394 mendacii
2642 1341 2696 1394 in
2720 1355 2785 1395 eo
2813 1339 3052 1397 locutum
3086 1357 3401 1410 cognoscao.

1810 1438 1927 1477 mus
1952 1424 2020 1491 '°,
2051 1427 2431 1499 discamusque
2453 1446 2519 1486 ex
2552 1431 2668 1499 ejus
2691 1433 3022 1502 arrogantia,
3052 1450 3287 1505 quocum
3317 1434 3393 1488 sit

1809 1515 2233 1583 condemnatus;
2268 1536 2389 1574 cum
2423 1533 2612 1593 aperte
2639 1524 2783 1578 dicat
2819 1523 3112 1592 Apostolus
3143 1525 3211 1589 ⁵⁷,
3250 1524 3390 1578 fastu

1810 1606 2072 1661 tumidum
2098 1609 2148 1663 in
2175 1610 2648 1681 diabolijudicium
2667 1615 2923 1670 incidere.
2941 1615 3061 1671 Jam
3086 1616 3304 1671 tandem
3322 1616 3391 1670 ad

1807 1698 2235 1767 redarguendam
2272 1704 2604 1773 impietatem
2638 1707 2981 1764 accedamus.

100 1794 414 1865 ἐμπίπτειν
455 1794 549 1848 τοῦ
586 1792 868 1848 διαϐόλουο
916 1795 1002 1846 ἐπ’
1035 1793 1233 1856 αὐτοὺς
1289 1792 1348 1844 δέ
1391 1789 1579 1843 λοιπὸν
1618 1791 1748 1849 τοὺς
1785 1788 2041 1860 ἐλέγχους
2064 1794 2162 1864 τῆς
2192 1795 2448 1862 ἀσεϐείας
2477 1798 2741 1869 ἔλθωμεν.

174 1907 232 1962 4.
277 1910 480 1963 Πίστιν
521 1908 792 1963 ἐκτίθεται
840 1908 1053 1981 πρῶτον
1096 1907 1156 1973 ἐξ
1192 1906 1378 1961 ἁπλῶν
1438 1908 1532 1960 καὶ
1585 1904 1697 1958 ἀδι-

1877 1906 1930 1961 4.
1971 1908 2432 1993 Fidemproponit
2459 1916 2691 1985 primum
2725 1933 2791 1971 ex
2834 1916 3172 1985 simplicibus
3199 1931 3262 1971 ac
3298 1932 3391 1971 va-

103 2001 350 2072 ορίστων
400 2000 597 2065 λέξεων
644 1995 1097 2074 συγκειμένην,
1130 2001 1432 2071 ἐχρήσαντο
1486 1997 1581 2051 καί
1623 2013 1703 2049 τι-

102 2110 194 2156 νες
225 2092 351 2163 (82)
384 2093 493 2146 τῶν
524 2093 802 2164 Πατέρων,
851 2093 971 2162 οὐχὶ
1014 2091 1150 2162 πρὸς
1194 2091 1447 2162 ζητήσεις
1481 2088 1704 2141 ὑποκει-

110 2184 284 2254 μένας
338 2186 783 2256 ἀποτεινόμενοι,
829 2184 943 2238 ἀλλ’
991 2182 1179 2246 ἁπλῶς
1216 2181 1388 2246 οὕτως
1438 2183 1523 2251 ἐφ’
1574 2183 1703 2235 ἐαυ-

104 2278 214 2329 τῶν
245 2276 370 2350 (85)
416 2279 474 2331 ἐν
526 2279 787 2348 ἁπλότητι
821 2276 1048 2349 καρδίας
1093 2274 1487 2345 διαλεγόμενοι.
1536 2272 1701 2326 Εἴτε

107 2368 204 2421 καὶ
236 2368 357 2439 (84)
387 2369 638 2439 Ἄρειος,
680 2367 756 2431 ὥς
802 2385 964 2437 φασι,
1018 2364 1369 2436 σοφιζόμενος
1416 2363 1507 2418 τὸν
1548 2363 1701 2415 Ἀλέ-

62 2461 77 2477 ’
110 2458 368 2528 ξανδρον,
405 2460 608 2529 ταύτην
653 2459 801 2531 αὐτῷ
839 2458 1189 2530 προετείνατο
1240 2457 1355 2527 (καὶ
1387 2456 1495 2526 γὰρ
1545 2457 1703 2510 τοῦτο

109 2552 413 2622 λέγουσιν),
440 2554 554 2607 ἀλλ’
576 2554 711 2626 ὁμοῦ
749 2555 846 2626 μὲν
874 2554 1078 2626 ταύτην
1110 2554 1184 2617 ὼς
1223 2553 1591 2626 ὁμολογοῦσαν
1632 2552 1699 2622 τῇ

110 2646 312 2699 ἑαυτοῦ
348 2644 543 2721 γνώμῃ
583 2647 903 2718 προϊσχεται
942 2648 1030 2701 διὰ
1071 2647 1163 2700 δύο
1198 2649 1530 2719 προφάσεις·
1571 2645 1700 2716 μίαν

115 2736 233 2807 μὲν,
271 2737 419 2790 ὥστε
447 2737 545 2807 τὴν
587 2738 689 2808 τῆς
727 2738 1077 2808 καινοτομίας
1122 2738 1374 2791 ὑπόνοιαν
1420 2738 1699 2805 ἐκφυγεῖν,

114 2830 173 2883 ἐν
202 2827 283 2901 τῷ
313 2828 416 2901 τῆν
457 2829 564 2883 τῶν
616 2829 875 2901 Πατὲρων
923 2829 1103 2882 πίστιν
1136 2829 1212 2892 ὡς
1253 2828 1426 2900 ὀρθῶς
1475 2826 1702 2897 ἔχουσαν

114 2922 516 2994 ἀποδέχεσθαι·
562 2921 753 2993 ἑτέραν
811 2921 888 2985 δὲ,
933 2920 1024 2973 τοῦ
1077 2921 1286 2984 πάντας
1346 2919 1727 2991 ἀπροοράτως

115 3018 236 3077 ταῖς
267 3016 476 3083 πάγαις
519 3014 682 3067 αὐτοῦ
722 3013 831 3066 τῶν
864 3013 1215 3085 σοφισμάτων
1264 3015 1583 3085 περιπεσεῖν
1634 3015 1698 3084 τῇ

117 3106 385 3178 ἁπλότητι
422 3106 530 3158 τῶν
571 3106 828 3177 ῥημάτων
870 3105 1075 3159 τούτων
1135 3104 1700 3167 καταπιστεύσαντας.

132 3197 299 3267 Ὁμοῦ
330 3196 388 3251 δὲ
417 3197 636 3250 κάκεῖνο
670 3196 903 3249 συνεῖδεν
945 3196 1079 3267 (85),
1107 3196 1189 3248 ὅτι
1231 3196 1325 3248 καὶ
1362 3194 1460 3266 τὴν
1506 3195 1701 3246 ἑαυτοῦ

1811 2001 1893 2071 gis
1917 2003 2141 2057 vocibus
2190 2009 2568 2075 con'ipositam,
2620 2023 2723 2077 qua
2776 2009 2992 2076 quidam
3030 2022 3097 2062 ex
3135 2005 3390 2061 Patrilms

1810 2094 1892 2147 usi
1922 2104 2069 2158 sunt,
2102 2097 2167 2149 ad
2205 2100 2508 2167 propositas
2558 2101 2886 2169 quaestiones
2915 2116 3022 2154 non
3053 2102 3264 2163 attenti,
3295 2098 3392 2154 sed

1810 2184 2129 2254 simpliciter
2152 2190 2231 2242 sic
2257 2204 2285 2241 a
2312 2190 2504 2259 seipsis
2536 2192 2586 2244 in
2632 2191 2979 2260 simplicitate
3010 2192 3188 2246 cordis
3213 2193 3390 2246 disse-

1811 2287 2011 2332 rentes.
2046 2278 2366 2349 Quanquam
2417 2294 2595 2338 autem
2649 2284 2853 2351 Arius,
2919 2296 2978 2337 ut
3021 2286 3193 2349 aiunt,
3255 2285 3392 2338 hanc

1808 2368 2118 2424 Alexandro
2141 2374 2352 2439 obtulit,
2392 2375 2568 2444 ipsum
2615 2376 2778 2445 212
2814 2374 3091 2444 decipiens
3150 2375 3310 2445 (nam
3338 2384 3391 2429 et

1811 2461 1913 2514 hoc
1950 2460 2183 2527 dicunt),
2215 2464 2566 2517 nihilominus
2606 2476 2781 2518 tamen
2838 2469 3082 2519 eaindem
3132 2479 3390 2536 tanquam

1810 2566 1923 2605 suae
1951 2555 2118 2621 ipsius
2144 2557 2427 2610 sententiae
2451 2567 2874 2611 consentaneatn
2927 2556 3133 2627 profert
3169 2571 3392 2627 propter

1810 2640 1944 2695 (luas
1994 2657 2226 2696 causas:
2268 2644 2498 2712 primum
2537 2646 2784 2713 quidem,
2833 2655 2889 2698 ut
2934 2648 3223 2700 innovandi
3260 2647 3391 2701 ellu-

1809 2733 1923 2801 giat
1949 2735 2337 2802 suspicionem,
2375 2751 2494 2788 cum
2525 2735 2747 2789 Patrum
2796 2737 2954 2790 ﬁdem
3015 2748 3266 2805 tanquam
3301 2755 3388 2794 re-

1810 2833 1952 2878 ctam
1986 2825 2245 2890 suscipiat
2284 2846 2297 2880 :
2334 2827 2582 2896 alteram,
2622 2838 2679 2880 ut
2713 2843 2928 2892 omnes,
2964 2831 3248 2883 verborum
3299 2833 3390 2886 lto-

1811 2932 1931 2970 rum
1984 2918 2316 2986 simplicitati
2353 2920 2601 2973 adhibita
2655 2922 2779 2984 lide,
2842 2922 3060 2975 incaute
3106 2925 3158 2975 in
3209 2924 3391 2991 sotihi—

1810 3020 2042 3064 smatum
2080 3011 2248 3081 ipsius
2279 3011 2502 3080 laqueos
2528 3013 2786 3067 incidant.
2814 3014 2985 3067 Simul
3012 3027 3192 3068 autem
3225 3017 3390 3071 etiam

1811 3102 1941 3156 illud
1978 3102 2266 3167 intellexit,
2320 3117 2377 3157 se
2429 3111 2484 3156 et
2530 3117 2682 3157 suam
2717 3103 2885 3171 ipsius
2916 3090 3239 3158 sententiam
3268 3120 3392 3174 spe-

1811 3192 1957 3247 ciosa
1990 3194 2226 3261 quadam
2252 3193 2464 3247 ratione
2491 3193 2668 3247 obiter
2694 3194 3067 3260 inducturum,
3121 3197 3165 3249 si
3194 3197 3390 3251 videli-

118 3287 349 3361 γνώμην
390 3289 761 3360 εὐπροσώπως
804 3287 953 3358 αὐτῷ
986 3290 1417 3358 παρεισαγαγεῖν
1447 3286 1697 3357 ὑπάρξει,

1818 3295 1892 3338 :et
1923 3284 2065 3339 dicta
2093 3283 2316 3338 Patrum
2351 3294 2667 3355 exponeret,
2701 3298 2754 3341 et
2788 3289 3027 3342 maxime
3054 3288 3388 3358 impietatem

120 3380 474 3453 ἐξηγουμένη)
511 3380 670 3451 δῆθεν
721 3379 791 3433 τὰ
838 3377 948 3433 τῶν
1001 3379 1279 3450 Πατέρων,
1326 3378 1419 3431 καὶ
1473 3376 1707 3447 μάλιστα

125 3472 221 3542 μὲν
278 3471 550 3545 λήσασθαι
603 3470 848 3524 ἀσεϐῶν·
890 3472 939 3523 εἰ
987 3470 1030 3523 δ’
1082 3470 1188 3541 ἄρα
1242 3468 1337 3521 καὶ
1388 3466 1703 3538 φωραθείη,

124 3566 363 3629 ἀναίτιος
409 3558 548 3621 εἶναι
592 3562 784 3627 δόξειν,
831 3562 906 3625 ὡς
946 3562 1098 3616 οὐδὲν
1146 3560 1357 3614 οἴκοθεν
1408 3561 1527 3613 οὐδὲ
1575 3559 1704 3630 παρ’

123 3657 316 3711 ἑαυτοῦ
353 3675 405 3711 τι
441 3657 634 3725 λέγων,
673 3655 785 3708 ἀλλ’
815 3654 1099 3726 ἀλλοτρίας
1147 3653 1436 3724 γενόμενος
1467 3652 1706 3717 διανοίας

124 3746 417 3820 ἐξηγητής.
463 3749 550 3801 Ἐν
593 3741 637 3815 ᾧ
670 3746 733 3818 δὴ
776 3746 871 3799 καὶ
916 3745 1254 3813 γελοιότατόν
1293 3761 1347 3797 τι
1384 3743 1571 3798 παθὼν
1608 3744 1709 3797 οὐκ

125 3841 412 3913 ὲπῄσθετο.
474 3841 794 3904 Ἐπαινέσας
846 3836 954 3909 γὰρ
1007 3837 1176 3909 αὐτὴν
1235 3836 1347 3908 (86)
1397 3835 1568 3905 πολλά
1616 3836 1708 3889 καὶ

129 3936 368 4004 μεγάλα,
408 3934 600 4005 μικρὸν
634 3933 860 3996 ὑποϐὰς,
891 3933 1002 3994 τοῖς
1040 3919 1340 4001 αἰσχίστοις
1369 3929 1529 3984 πάλιν
1571 3929 1709 3982 ὀνεί-

126 4024 234 4078 δεσι
283 4025 620 4097 περιϐάλλει.
663 4024 801 4077 Ἀλλ’
844 4024 930 4077 ἵνα
986 4022 1317 4095 σαφέστερον
1350 4021 1377 4075 ὃ
1436 4021 1581 4090 λέγω
1612 4021 1707 4089 γέ-

129 4128 301 4190 νηται,
334 4118 475 4172 κατά
513 4118 652 4188 μέρη
677 4117 767 4168 τὸν
792 4116 947 4184 λόγον
973 4114 1281 4184 διελόμενος
1310 4113 1568 4178 ἐξετάσω.
1594 4114 1707 4166 Καὶ

129 4211 338 4281 πρῶτόν
364 4226 428 4279 γε
457 4208 553 4280 τὴν
586 4208 698 4277 (87)
744 4207 925 4260 πίστιν
959 4205 1025 4277 ἢν
1058 4204 1403 4274 προτείνεται
1450 4203 1705 4273 καταμά-

127 4301 326 4373 θωμεν,
359 4301 527 4364 αὐτὰς
561 4299 660 4363 τὰς
694 4297 904 4351 ἐκείνου
946 4299 1129 4367 φωνάς
1169 4294 1560 4368 παραθέμενοι.

191 4394 353 4448 ΕΥΝ.
395 4392 506 4465 Τὴν
560 4392 617 4446 δὲ
664 4390 991 4462 κρατοῦσαν,
1048 4390 1234 4460 φησὶν.
1295 4387 1500 4442 ἄνωθεν
1557 4385 1708 4458 παρά

126 4486 228 4541 τῶν
267 4486 524 4558 Πατέρων
570 4483 766 4554 εὐσεϐῆ
816 4482 1131 4555 παράδοσιν,
1176 4479 1366 4551 ὥσπερ
1403 4478 1531 4563 τινὰ⁵
1566 4478 1706 4548 γνὼ-

133 4594 263 4644 μονα
293 4578 389 4632 καὶ
418 4576 617 4630 κανόνα
657 4574 1066 4647 προεκθέμενοι,
1094 4571 1316 4643 ἀκριϐεῖ
1346 4569 1520 4640 τούτῳ
1568 4586 1707 4641 χρη-

1738 4595 1845 4682 D“.

1808 3376 2170 3432 occulturum.
2195 3376 2346 3443 Quod
2387 3379 2431 3431 si
2464 3376 2606 3432 forte
2639 3379 3155 3448 deprehenderetur,
3184 3383 3389 3450 putavit

1810 3469 1949 3532 fore,
1983 3477 2042 3523 ut
2098 3480 2253 3524 extra
2288 3469 2501 3538 culpam
2558 3485 2678 3525 esse
2724 3472 3024 3537 videretur,
3057 3475 3326 3543 quodnon
3360 3489 3390 3529 e

1808 3575 1925 3626 suo,
1964 3576 2141 3631 neque
2168 3577 2197 3614 a
2223 3576 2282 3616 se
2303 3562 2603 3633 quidquam
2641 3563 2868 3627 diceret,
2898 3566 2993 3617 sed
3032 3565 3224 3619 aliena:
3265 3581 3389 3620 sen-

1774 3652 1780 3660 ’
1811 3654 1991 3710 lentiae
2013 3664 2155 3709 esset
2186 3655 2476 3724 interpres.
2516 3655 2631 3722 Qua
2661 3655 2714 3709 in
2739 3670 2798 3709 re
2813 3654 3107 3711 admisisse
3147 3673 3206 3712 se
3233 3659 3388 3727 quid-

1809 3745 1932 3800 dam
1960 3745 2074 3799 risu
2107 3744 2482 3815 dignissimum
2518 3760 2626 3799 non
2658 3747 3066 3800 animadvertit.
3091 3748 3384 3818 Postquam

1810 3839 1956 3893 enim
2003 3838 2188 3892 multis
2219 3853 2285 3892 ac
2313 3839 2545 3893 summis
2582 3838 2839 3892 laudibus
2867 3838 3064 3892 extulit
3096 3840 3252 3893 [idem
3284 3839 3389 3894 Pa-

1811 3938 1977 3996 trum,
2002 3944 2121 3982 eam
2152 3931 2365 3998 probris
2393 3928 2919 3986 fcedi’ssimisaﬂicit.
2947 3931 3076 3997 Sed,
3106 3944 3165 3986 ut
3188 3932 3389 3989 clarius

1809 4020 1905 4076 ﬁat
1937 4020 2083 4090 quod
2111 4021 2256 4088 dico,
2286 4020 2485 4076 librum
2513 4022 2566 4075 in
2591 4033 2778 4099 partes
2815 4024 3039 4078 divisum
3061 4025 3384 4096 expendam.

1807 4113 1875 4167 Et
1902 4114 2139 4183 primum
2163 4115 2381 4184 quidem
2411 4128 2573 4183 quam
2600 4116 2852 4184 proponit
2876 4116 3062 4186 ﬁdem,
3094 4118 3223 4188 ipsis
3245 4118 3388 4173 illius

1809 4206 1991 4262 verbis
2026 4206 2308 4278 appositis,
2342 4208 2776 4264 consideremus.

1879 4391 2013 4447 Eun.
2056 4391 2147 4455 At,
2183 4390 2388 4460 .nqnit,
2421 4390 2768 4446 traditionem
2802 4390 2944 4460 piam
2972 4406 3092 4461 quae
3124 4392 3192 4446 ab
3227 4392 3388 4447 initio

1810 4486 1952 4555 apud
2000 4484 2194 4540 Patres
2239 4483 2502 4548 obtinuit,
2549 4482 2699 4539 velut
2737 4483 2997 4538 amussim
3043 4498 3108 4537 ac
3147 4484 3388 4553 regulam

1853 4581 2102 4633 uamdam
2134 4576 2549 4647 praemittentes,
2582 4576 2685 4630 hac
2714 4584 2966 4630 accurata
2992 4575 3265 4642 iudicandi
3305 4591 3391 4627 ra-

131 4671 347 4744 σώμεθα
371 4671 481 4743 (88)
507 4669 777 4742 κριτηρίῳ
809 4667 946 4739 πρὸς
981 4665 1078 4737 τὴν
1105 4665 1214 4719 τῶν
1238 4662 1548 4734 λεγομένων
1581 4662 1697 4715 ἐπί-

1818 4673 1962 4725 tione
1995 4680 2234 4734 utamur,
2269 4679 2330 4723 ut
2368 4668 2435 4723 de
2470 4668 2537 4723 iis
2574 4681 2694 4737 quae
2722 4666 3030 4722 referentur
3064 4667 3390 4721 sententiam

129 4780 326 4836 κρισιν.

193 4947 239 4978 ⁸⁸
261 4943 417 5001 Joan.
450 4958 570 5010 vm,
599 4943 689 4997 44.
731 4942 807 4974 ’⁸⁷
838 4940 1020 4997 lTim.
1056 4955 1141 5005 ιιι,
1178 4937 1234 4996 6.

194 5083 304 5156 (82)
329 5083 469 5158 Editi
503 5083 800 5158 ἐχρήσαντο
852 5079 946 5158 καί
1002 5094 1183 5158 τινες.
1215 5073 1565 5158 νοθαυιειηκαί
1625 5076 1680 5128 in

130 5147 415 5227 ms'sa'non
453 5147 1033 5227 invenitur._Pra2clara
1073 5148 1358 5227 sententia,
1407 5147 1683 5227 dignaque

1815 4762 2080 4817 feramus.

1872 5071 1985 5144 (84)
2020 5070 2247 5144 Εάίιίᾳεί
2273 5068 2330 5122 δὲ
2359 5067 2474 5123 καί.
2509 5065 2656 5144 [ﬁbri
2688 5073 2901 5144 veteres
2935 5064 3391 5144 sire-scatent»

1790 5137 1979 5198 nasius
2025 5142 2121 5196 lib.
2171 5139 2245 5193 De
2277 5156 2391 5208 syn.
2450 5138 2622 5192 refert
2649 5137 2949 5208 quamdam
2978 5137 3090 5208 Arii
3132 5137 3221 5208 ad
3266 5140 3391 5208 Alu—

132 5205 570 5294 liasilioilll—agno.
601 5205 1037 5294 QuotieScunque
1085 5205 1685 5294 igitur‘hmrett‘x'fipro-
1790 5205 2400 5294 xandrumepistolam,
2429 5209 2483 5262 in
2505 5223 2619 5294 'qua
2645 5207 2845 5294 impius
2899 5205 3142 5294 ille__lidei
3178 5207 3380 5294 proles;-

131 5294 305 5367 ferunt
338 5284 556 5367 Patrum
598 5284 931 5367 testimonia,
949 5284 1082 5367 qua:
1106 5284 1208 5341 sibi
1254 5284 1653 5367 favere'videau

132 5374 231 5431 tur,
267 5366 311 5419 si
344 5363 649 5435 testimonia
690 5363 777 5416 illa
805 5361 968 5435 petita
1002 5359 1109 5412 sint
1143 5371 1206 5435 ex
1231 5359 1537 5435 peregrinis
1562 5359 1679 5423 qui-

131 5426 348 5491 busdam
375 5433 532 5497 locis,
582 5434 633 5485 in
683 5426 879 5502 quibus
928 5429 1115 5482 Patres
1142 5427 1209 5479 de
1238 5426 1416 5492 aliqua
1471 5439 1539 5547 τε(
1577 5439 1682 5505 non

131 5508 385 5547 (mnenltn-
443 5503 534 5547 ςρίι
571 5502 789 5547 Γηνιιιίιη
830 5501 1111 5547 nhitemue
1160 5495 1467 5547 loauantur.
1546 5504 1682 5547 oues

131 5508 413 5574 consulto,
443 5495 534 5574 sed
571 5495 789 5557 fortuito
830 5501 1111 5574 obiterque
1160 5495 1467 5574 loquantur,
1521 5495 1684 5548 toties

132 5577 333 5645 egregia
364 5565 455 5645 illa
484 5572 956 5645 Basiliisententia
993 5565 1155 5624 debet
1188 5565 1457 5645 adliiberi.

1788 5285 1999 5339 sionem
2033 5277 2297 5335 ediderat.
2332 5279 2471 5349 Lege
2505 5277 2698 5345 Epiph.
2733 5277 2861 5349 liaer.
2902 5290 3065 5343 uix,
3095 5291 3150 5331 ιι.
3189 5278 3220 5329 7
3250 5289 3299 5331 et
3335 5277 3389 5331 8.

2014 5350 2158 5426 Reg.
2186 5352 2378 5426 tertius
2409 5344 2632 5426 κάκεῖνο
2665 5344 2921 5426 συνιδεῖν.

1861 5416 1972 5491 (86)
1998 5416 2222 5488 Αὐτὴν,
2253 5420 2490 5491 ιιοίξίεδι,
2526 5416 2708 5469 πίστιν
2733 5416 2842 5470 τῶν
2876 5417 3140 5490 ῌατερων
3172 5458 3188 5485 ,
3231 5417 3388 5483 ﬁdem

1794 5489 2044 5551 Patrum,
2076 5493 2142 5543 de
2170 5505 2275 5559 qua
2305 5489 2586 5559 aliquanto
2624 5496 2771 5559 alite.

1872 5562 2142 5633 (87ilteg.
2187 5552 2406 5612 'tert'ius
2455 5574 2578 5633 cum
2636 5553 2791 5610 Colb.
2828 5556 3011 5609 πίστιν
3055 5555 3123 5626 ἢν
3170 5552 3387 5608 ἐκτίθε-

193 5631 303 5715 (83)
337 5644 461 5714 Ἐφ’
493 5639 740 5707 ἑαυτῶν,
771 5653 960 5715 sponte
980 5648 1206 5701 natum,
1227 5634 1356 5715 _ltoc
1381 5643 1484 5698 est,
1522 5633 1697 5715 primo

1818 5631 1913 5688 rat.
1949 5631 2106 5715 ﬁdem
2137 5644 2303 5710 quam
2335 5631 2566 5715 capolzit.

135 5705 316 5777 mentis
360 5705 584 5785 impetu,
614 5715 664 5768 id
712 5705 854 5782 quod
883 5712 1056 5781 agitur
1087 5706 1242 5778 quasi
1302 5720 1409 5761 uou
1437 5705 1696 5776 cogitan-

136 5797 225 5843 ιεε.

1873 5701 2148 5787 (88)Ed‘iti
2203 5698 2541 5771 χρησόμεθα.
2608 5698 2677 5755 At
2726 5713 2856 5754 mss.
2910 5709 3156 5767 plerique
3198 5709 3391 5752 omnes

1799 5768 2155 5845 χρησώμεθα.
