3836 6222
391 312 487 362 οιι

1714 296 1769 351 S.
1816 291 2061 348 BASlLll
2101 287 2312 345 MAGNI

3543 281 3648 338 διε

463 428 584 481 Bas.
626 423 720 478 llis
750 420 1027 493 subjungit
1068 418 1291 473 Patrum
1322 417 1507 482 ﬁdem,
1552 415 1654 469 hoc
1694 416 1854 469 modo
1897 428 1955 467 se

2129 409 2274 461 ΒΑΣ.
2340 406 2558 469 Τούτοις
2618 405 2806 473 ἐπάγει
2865 405 2960 476 τὴν
3021 406 3197 457 πίστιν
3245 404 3490 477 ἔχουσαν
3561 408 3651 459 οὗ.

391 519 701 573 habentem.

462 609 595 663 Eua.
638 604 924 661 Credimus
966 604 1020 657 in
1063 616 1227 656 unum
1272 600 1473 667 Deum,
1518 598 1734 653 Patrem
1778 595 1958 651 omni-

391 708 690 768 potentem,
720 709 788 748 οι
836 709 941 764 quo
977 692 1159 747 omnia
1194 709 1209 745 :
1243 700 1299 745 et
1339 691 1391 744 in
1422 704 1587 744 unum
1621 686 1958 755 unigenitum

393 792 587 846 Filium
619 789 733 855 Dei,
765 790 931 843 Deum
966 786 1223 851 Verbum,
1261 785 1549 838 Dominum
1594 791 1840 836 nostrum
1873 778 1963 833 Je—

393 898 511 935 sum
544 880 845 945 Christum,
879 893 976 950 per
1006 893 1167 948 quem
1199 877 1381 932 omnia
1418 894 1431 930 :
1464 886 1519 931 et
1553 874 1609 930 in
1640 889 1805 929 unum
1836 872 1961 942 Spi-

393 976 553 1028 ritum
585 982 855 1037 sanctum,
886 970 1239 1040 paracletum.

462 1063 587 1117 BAS.
635 1063 835 1116 Deinde
867 1061 1050 1114 statim
1086 1057 1357 1128 adjungit.

463 1155 599 1210 EUN.
634 1153 942 1223 Simplicior
959 1152 1122 1221 igitur
1144 1158 1199 1203 et
1218 1147 1524 1204 communis
1541 1148 1674 1203 tides
1694 1148 1962 1215 omnium,

392 1245 484 1315 qui
514 1254 605 1298 aut
639 1246 806 1301 videri
835 1252 926 1297 aut
955 1257 1074 1297 esse
1100 1240 1399 1296 Christiani
1439 1241 1685 1309 cupiunt,
1719 1248 1778 1294 ut
1808 1255 1963 1296 com-

394 1339 590 1407 pendio
615 1354 679 1392 ac
711 1335 1027 1392 summatim
1058 1334 1257 1399 dicam,
1294 1334 1411 1388 hac
1436 1341 1539 1389 est.

466 1507 589 1561 Bas.
620 1507 880 1576 Equidem
900 1508 964 1563 de
987 1522 1173 1562 eorum
1199 1521 1318 1576 qua:
1342 1509 1528 1563 retulit
1558 1509 1964 1574 contrarietate,

396 1608 452 1651 et
498 1599 562 1650 de
614 1597 909 1665 impudenti
963 1598 1231 1651 dictorum
1298 1596 1441 1651 inter
1490 1611 1549 1652 se
1607 1600 1967 1669 repugnantia

396 1690 557 1757 paulo
589 1699 712 1759 post
760 1688 1071 1758 loquemur.
1104 1687 1236 1743 lllud
1279 1700 1459 1744 tamen
1490 1690 1640 1759 prius
1675 1692 1726 1744 in
1764 1706 1969 1747 memo-

2060 518 2185 563 τως.

2134 590 2291 644 ΕΥΝ.
2330 589 2659 659 Πιστεύομεν
2684 591 2763 652 εἰς
2790 590 2887 641 ἕνα
2914 588 3043 642 Θεον
3069 590 3289 661 Πατέρα
3324 594 3625 663 παντοκρὰ

2061 700 2215 753 τορα.
2238 682 2295 748 ἐξ
2322 674 2383 734 οὗ
2408 681 2474 733 τὰ
2501 682 2703 733 πάντα·
2731 681 2823 732 καὶ
2850 682 2929 742 εἰς
2956 680 3051 732 ἕνα
3086 680 3359 751 μονογενῆ
3390 682 3527 734 Υἱὸν
3560 684 3653 735 τοῦ

2062 776 2217 840 Θεοῦ,
2246 776 2376 828 Θεὸν
2406 777 2595 843 Λόγον,
2624 774 2715 827 τὸν
2738 774 2938 845 Κύριον
2958 774 3113 844 ήμῶν
3146 775 3361 843 Ἰησοῦν
3387 778 3653 845 Χριστὸν,

2061 867 2128 919 δι’
2160 861 2221 921 οὗ
2266 866 2332 918 τὰ
2367 868 2574 919 πάντα·
2619 868 2711 919 καὶ
2757 866 2838 928 εἰς
2881 864 2939 918 ἓν
2967 865 3193 936 Πνεῦμα
3219 867 3390 934 ἅγιον
3422 869 3563 937 (89),
3600 871 3659 921 τὸ

2064 956 2435 1026 παράκλητον.

2132 1049 2283 1101 ΒΑΣ.
2319 1044 2450 1099 Εἶτα
2483 1048 2642 1111 εὐθὺς
2673 1048 3041 1101 ἐπισυνάπτει.

2133 1140 2295 1193 ΕΥΝ.
2334 1140 2397 1191 ἸΙ
2426 1140 2522 1209 μὲν
2554 1135 2645 1192 οὖν
2676 1138 2785 1208 (90)
2819 1142 3157 1209 ἁπλουστέρα
3186 1142 3381 1205 πίστις
3423 1144 3524 1196 καὶ
3548 1162 3662 1197 ret-

2064 1229 2129 1301 νὴ
2186 1230 2423 1296 πάντων,
2470 1231 2613 1293 ὅσοις
2647 1231 2707 1284 τὸ
2748 1232 2981 1302 δοκεῐνῆ
3018 1233 3077 1284 τὸ
3105 1230 3245 1285 εἶναι
3292 1236 3663 1305 Χριστιανοίς

2066 1320 2345 1391 ἐπιμελὲς,
2384 1321 2459 1385 ὡς
2495 1322 2552 1374 ἐν
2590 1321 2853 1394 ἐπιδρομῇ
2883 1310 3427 1397 κεφαλαιωδέστερον
3462 1330 3664 1392 εἰπεῖν,

2068 1412 2231 1483 αὓτη.

2135 1506 2283 1558 ΒΑΣ.
2314 1505 2447 1575 Περὶ
2483 1506 2580 1575 μὲν
2606 1501 2697 1559 οὖν
2738 1506 2837 1575 τῆς
2876 1507 2932 1559 ἐν
2968 1502 3047 1569 οἷς
3082 1504 3236 1559 εἶπεν
3269 1507 3671 1579 ἐναντιότητος

2069 1594 2284 1663 καὶτῆς
2312 1594 2662 1662 ἀναισχύντου
2700 1595 2878 1665 μάχης
2900 1596 3006 1649 τῶν
3039 1597 3355 1667 εἰρημένων
3394 1600 3540 1669 πρὸς
3574 1602 3671 1652 εὑ.-

2069 1684 2206 1754 ληλα
2236 1685 2429 1754 μικρὸν
2464 1684 2687 1756 ὕστερον
2727 1686 2960 1757 ἐροῦμεν
2987 1687 3119 1757 (91).
3167 1689 3386 1741 Ἐκεῖνο
3427 1690 3488 1741 δὲ
3534 1693 3673 1762 πρὸ-

400 1786 534 1837 riam
573 1785 966 1849 reduxerimus,
1010 1785 1155 1838 hunc
1199 1783 1347 1838 illutn
1392 1798 1534 1848 esse,
1574 1784 1665 1853 qui
1717 1786 1967 1854 superius

2112 1794 2222 1847 ερον
2246 1778 2467 1841 ἑαυτοὺς
2495 1780 2916 1849 ὑπομνήσωμεν,
2944 1781 3023 1833 ὅτι
3048 1774 3202 1843 οὗτος
3230 1782 3393 1833 ἐστιν
3419 1785 3449 1834 ὁ
3476 1784 3533 1833 ἐν
3556 1788 3670 1846 toi;

398 1874 551 1928 valde
586 1885 906 1944 arroganter
933 1874 1218 1945 pollicitus
1244 1884 1327 1929 est
1357 1876 1512 1931 nobis
1532 1914 1548 1942 ,
1594 1892 1653 1932 se
1684 1877 1967 1932 veritatem

399 1964 664 2020 velamine
714 1967 862 2020 omni
923 1966 1123 2020 nudam
1178 1967 1605 2037 pr0positurum.
1658 1968 1759 2023 llic
1806 1969 1971 2038 igitur

399 2055 659 2124 scriptum
685 2064 767 2110 est
791 2072 805 2109 :
835 2053 1118 2109 Credimus
1146 2055 1607 2125 ingenerationem
1636 2068 1755 2109 esse
1782 2069 1971 2109 essen-

402 2146 529 2199 tiam
566 2146 661 2200 Dei
695 2145 1072 2200 universorum
1102 2163 1115 2199 :
1161 2152 1275 2213 aut,
1306 2146 1577 2201 credimus
1620 2145 1967 2218 Unigenitum

398 2237 633 2293 essentia
680 2237 997 2291 dissimilem
1027 2252 1147 2293 esse
1180 2236 1351 2291 Patri.
1394 2236 1529 2292 Nam
1572 2239 1687 2293 haec
1723 2242 1971 2309 scripsis-

400 2340 504 2398 set,
539 2331 609 2396 si,
641 2328 1097 2399 quemadmodum
1133 2330 1405 2399 pollicitus
1431 2342 1571 2398 erat,
1604 2333 1792 2388 doloso
1825 2335 1971 2389 nullo

399 2425 666 2479 velamine
704 2423 1012 2492 opinionem
1054 2437 1208 2477 suam
1244 2424 1647 2479 obumbrasset.
1681 2426 1809 2491 Sed,
1852 2428 1971 2496 Opi-

401 2532 522 2582 nor,
545 2515 801 2569 insidiosa
827 2515 1073 2569 oratione
1124 2514 1323 2584 ubique
1350 2516 1612 2581 adhibita,
1638 2532 1731 2572 sua
1758 2520 1967 2584 reticet,

401 2616 462 2662 ut
492 2622 559 2661 ne
592 2622 752 2660 aures
784 2606 1089 2661 inassuetas
1136 2619 1456 2676 personans,
1491 2608 1593 2662 sibi
1627 2609 1739 2675 ipse
1773 2609 1975 2663 adimat

405 2696 581 2761 (idem,
612 2705 667 2749 et
710 2710 865 2749 suam
897 2694 1221 2749 sententiam
1267 2705 1491 2763 receptu
1546 2693 1816 2750 dillicilem
1854 2696 2001 2766 red-l

402 2791 543 2843 dat:
580 2796 765 2841 contra
802 2786 1054 2856 proponit
1098 2784 1319 2840 Patrum
1367 2787 1549 2851 ﬁdem,
1597 2802 1737 2855 quae,
1792 2798 1975 2855 utpote

402 2878 579 2931 verbis
603 2875 1033 2931 indill‘erentibus
1055 2886 1335 2941 constans,
1364 2877 1496 2930 nihil
1516 2878 1809 2947 quidquam
1834 2880 1974 2947 quod

407 2969 501 3022 toti
530 2968 794 3021 orationis
839 2965 953 3034 ejus
992 2964 1153 3036 213
1200 2967 1586 3021 constructioni
1626 2980 1973 3039 repugnaret,

403 3060 711 3115 exhibitura
743 3068 911 3124 esset,
946 3072 1171 3128 quaeque
1214 3073 1338 3111 cum
1374 3059 1475 3112 hac
1505 3056 1665 3112 facile
1700 3061 1975 3115 consenti-

405 3165 511 3219 ret,
543 3152 586 3207 si
618 3152 670 3204 in
700 3150 1051 3220 expositionis
1075 3149 1291 3202 modum
1323 3149 1390 3202 ad
1419 3164 1480 3203 ea
1510 3166 1629 3219 qua:
1653 3152 1801 3220 prius
1834 3152 1974 3207 dicta
2002 3125 2047 3176 L

405 3253 589 3299 essent
614 3256 919 3297 sermonem
952 3240 1285 3295 traduceret.
1312 3239 1465 3306 Quod
1490 3252 1669 3295 autem
1704 3243 1817 3297 haec
1847 3258 1974 3296 vera

405 3338 533 3401 sint,
571 3335 696 3390 hinc
728 3334 915 3403 liquet.
953 3331 1086 3386 Nam
1120 3333 1281 3388 simul
1310 3342 1368 3388 ut
1394 3333 1615 3387 Patrum
1659 3333 1817 3389 ﬁdem
1849 3351 1975 3405 pro-

407 3429 620 3498 posuit,
668 3427 851 3480 statim
886 3426 1124 3481 transilit
1157 3426 1223 3479 ad
1270 3427 1695 3495 expositionem.
1726 3436 1835 3480 tum
1869 3428 1976 3483 alio

406 3524 655 3584 obtentu,
684 3529 797 3574 tum
842 3520 985 3589 quod
1018 3535 1078 3574 ea
1112 3519 1178 3572 ad
1209 3518 1415 3573 crimen
1446 3519 1755 3573 diluendum
1798 3520 1972 3574 haud-

407 3626 680 3682 quaquam
731 3610 1022 3667 suﬂiceret.
1083 3610 1221 3677 Quid
1270 3620 1355 3666 est
1408 3609 1574 3680 igitur
1614 3613 1758 3679 quod
1805 3612 1978 3680 ipsam

407 3703 783 3773 proposueris,
816 3718 915 3758 nec
963 3704 1147 3757 statim
1187 3703 1252 3756 ad
1291 3716 1386 3756 eos
1423 3715 1704 3758 sermones
1745 3703 1981 3757 devene—

410 3800 504 3864 ris,
544 3799 633 3866 qui
673 3805 727 3852 et
760 3797 1125 3852 sinceritatem
1163 3797 1447 3862 haberent,
1480 3806 1534 3851 et
1581 3812 1611 3851 a
1659 3797 1979 3851 criminibus

410 3892 648 3944 eximere
690 3901 739 3943 te
768 3888 1021 3957 possent?
1048 3887 1198 3943 Nunc
1226 3898 1407 3943 autem
1434 3904 1554 3943 eam
1598 3889 1848 3958 proponit
1879 3904 1977 3942 ceu

412 3990 580 4031 tutam
601 3976 875 4045 judicandi
905 3977 1177 4047 regulam:
1211 3993 1398 4033 rursus
1426 3993 1554 4032 vero
1580 3979 1826 4033 eamdem
1856 3994 1979 4033 cor-

416 4074 539 4140 rigit
584 4072 731 4125 velut
779 4070 911 4125 nihil
961 4072 1077 4123 sani
1129 4070 1601 4139 complectentem.
1654 4070 1767 4125 Hoc
1816 4088 1980 4141 porro

414 4173 751 4234 perspectum
797 4177 860 4216 ac
910 4172 1093 4215 nutum
1132 4171 1215 4215 est
1248 4162 1520 4227 omnibus,
1562 4163 1704 4231 quod
1742 4163 1981 4232 opinioni

488 4428 597 4499 (89)
654 4427 785 4495 Reg.
833 4427 1022 4481 tertius
1071 4426 1165 4477 καὶ
1219 4428 1297 4489 εἰς
1332 4424 1393 4477 τὸ
1437 4424 1660 4494 Πνεῦμα
1704 4424 1763 4477 τὸ
1806 4424 1978 4494 ἅγιον.

490 4511 600 4579 (90)
626 4508 763 4579 Editi
798 4505 986 4574 Ἠμῶν
1019 4501 1110 4557 οὖν
1135 4504 1481 4573 ἁπλουστέρα
1510 4506 1603 4557 καὶ
1629 4504 1781 4575 κοινὴ
1812 4505 1993 4567 πίστις

422 4576 659 4635 πάντων.
698 4576 765 4629 At
791 4592 921 4629 mss.
963 4586 1019 4627 ut
1051 4579 1102 4627 in
1135 4586 1414 4629 contextu.

494 4658 780 4729 (9|)7Colh.
814 4654 1060 4724 λέξομεν.
1086 4654 1220 4724 Reg.
1254 4654 1446 4708 tertius
1486 4652 1749 4723 λέξωμεν.
1792 4653 1996 4706 Ἐκεῖνο

421 4729 479 4784 δὲ
521 4728 756 4799 πρῶτον.

497 4814 608 4883 (92)
639 4809 883 4879 Bestiicit
920 4808 1152 4862 Basilius
1182 4808 1244 4883 ad
1272 4806 1507 4883 aliquam
1546 4807 1669 4883 fidei
1707 4808 1995 4883 formulam

427 4879 807 4940 lia-'retieorum
842 4896 854 4931 :
886 4895 1046 4947 quam
1081 4879 1361 4931 confessus
1392 4879 1581 4947 fuisset
1627 4879 1921 4932 Eunomius
1967 4896 1997 4931 a

428 4972 486 5008 se
511 4955 817 5020 adoptatam
856 4946 995 5013 esse,
1026 4948 1078 5020 si_
1092 4949 1299 5020 sincere
1320 4964 1381 4999 ac
1408 4948 1525 5001 sine
1563 4946 1689 5020 iure
1720 4948 1863 5015 loqui
1905 4965 1993 5001 vo-

428 5016 635 5077 luisset.
692 5022 983 5088 ltilerpres,
1040 5016 1315 5088 Credimus
1369 5016 1831 5088 innascibilitatem
1892 5035 2000 5070 esse

431 5095 526 5147 Dei
588 5093 816 5144 omnium
838 5084 1156 5141 'essentiam.
1204 5084 1309 5139 Sed
1350 5086 1647 5156 ἀγεννησία
1675 5103 1779 5140 non
1819 5097 1897 5139 est
1927 5089 2002 5140 in-

430 5160 782 5223 nascibilitas,
807 5163 900 5212 sed
954 5158 1278 5226 ingeneratio
1313 5172 1332 5209 :
1361 5158 1533 5224 quam‘
1568 5167 1777 5209 natura:
1817 5156 1999 5211 dotem

431 5234 521 5302 qui
555 5230 815 5301 possidet,
849 5236 1039 5282 natura
1069 5226 1212 5294 gigni
1245 5241 1346 5279 non
1379 5235 1572 5293 potest.

501 5322 611 5391 (95)
655 5319 787 5387 Reg.
845 5318 1112 5391 secundus
1168 5316 1517 5391 προσϐαλλων
1574 5316 1999 5391 τὴνᾼάσέϐειαν,

430 5388 689 5443 ἀπίθανον
736 5390 945 5453 ἐαυτόν,
980 5404 1041 5442 ne
1087 5388 1304 5440 auribus
1357 5390 1632 5440 inassuetis
1685 5389 2002 5455 impietatem

431 5462 692 5526 ingerens,
732 5460 828 5513 sibi
860 5463 969 5525 ipse
1006 5457 1246 5509 detrahat
1279 5457 1458 5523 ﬁdem,
1488 5469 1593 5509 etc.
1633 5458 1734 5509 Alii
1789 5474 1917 5510 mss.
1950 5467 2006 5510 et

433 5528 563 5583 editi
595 5541 652 5582 ut
675 5533 726 5583 in
760 5539 1033 5593 contextu,
1057 5527 1159 5582 nisi
1189 5530 1331 5595 quod
1358 5527 1409 5578 in
1434 5528 1593 5581 editis
1613 5528 2005 5589 legatumne:-

434 5599 629 5653 ϐαλών.

505 5679 615 5747 (94)
658 5680 798 5734 Editi
860 5682 1041 5734 οὐκέτι
1104 5678 1430 5748 ἐναντίωμα.
1464 5681 1529 5738 At
1588 5698 1716 5736 mss.
1765 5680 2006 5751 plerique

437 5762 577 5801 omn:
598 5763 625 5803 ε
657 5754 727 5803 ita
754 5759 810 5804 ul
838 5754 1119 5807 edidimus.

2070 1869 2182 1923 ἀνω
2216 1870 2393 1939 λόγοις
2426 1871 2563 1923 πάνυ
2607 1871 2852 1942 σοϐαρῶς
2879 1874 3007 1943 ήμῖν
3052 1869 3544 1945 ἐπαγγελλόμενος
3568 1896 3670 1942 γι·

2074 1963 2210 2033 μνὴν
2259 1963 2454 2038 παντὸς
2507 1963 2968 2034 προκαλύμματος
3017 1964 3355 2036 ἐκθήσεσθαι
3403 1968 3507 2038 τὴν
3538 1970 3672 2038 ἀλή-

2071 2032 2240 2107 θειαν.
2281 2032 2738 2106 Ἐνταῦθα-τοίνυν
2761 2032 2873 2124 *(92)
2901 2072 3003 2108 που
3024 2032 3339 2126 γέγραπται
3360 2073 3374 2086 ⁸
3407 2032 3672 2111 Πιστεύο-

2075 2162 2171 2215 μεν
2202 2145 2297 2215 τήν
2324 2146 2646 2217 ἀγεννησίαν
2670 2146 2856 2199 οὐσίαν
2886 2142 3022 2199 εἶναι
3054 2148 3149 2200 τοῦ
3183 2148 3323 2201 Θεοῦ
3368 2150 3485 2201 τῶν
3508 2152 3669 2212 illum,

2070 2238 2127 2307 ἢ,
2166 2238 2490 2308 πιστεύομεν
2524 2238 2775 2309 ἀνόμοιον
2824 2238 2966 2293 κατὰ
3005 2239 3101 2309 τὴν
3143 2240 3333 2294 οὐσίαν
3381 2239 3531 2293 εἶναι
3580 2246 3669 2295 τὸν

2072 2328 2347 2398 Μονογενῆ
2384 2329 2458 2399 τῷ
2487 2330 2683 2399 Πατρί.
2719 2330 2904 2383 Ταῦτα
2929 2330 3037 2401 γὰρ
3068 2332 3310 2401 ἔγραψεν
3354 2332 3453 2397 ἂν,
3490 2334 3669 2405 εἴπερ,

2071 2420 2146 2482 ὼς
2168 2420 2452 2489 ὑπέσχετο,
2485 2422 2673 2492 μηδενὶ
2701 2424 3161 2495 παραπετάσματι
3198 2424 3415 2495 δολερῷ
3445 2427 3509 2478 τὸ
3540 2431 3669 2479 ἐαυ-

2071 2511 2163 2563 τοῦ
2204 2514 2457 2583 φρόνημα
2486 2513 2851 2578 συνεσκίαζεν.
2908 2516 3067 2583 Ἀλλ’,
3105 2511 3285 2587 οἶμαι,
3335 2521 3516 2571 πᾶσιν
3555 2523 3674 2571 ἐπι-

2074 2603 2279 2667 δούλως
2328 2608 2437 2669 τοῖς
2487 2606 2667 2674 λόγοις
2704 2607 3002 2678 χρώμενος,
3058 2608 3126 2661 τὰ
3169 2610 3273 2679 μὲν
3306 2612 3447 2681 παρ’
3475 2613 3675 2665 ἑαυτοῦ

2077 2698 2277 2765 σιωπᾷ,
2320 2697 2404 2748 ἵνα
2434 2696 2507 2767 μὴ
2532 2698 2895 2767 ἀγυμνάστοις
2932 2700 3050 2761 ταῖς
3078 2700 3273 2762 ἀκοαῖς
3303 2702 3677 2771 προσϐάλλων

2074 2787 2334 2840 ἀπίθανον
2362 2789 2549 2840 ἑαυτὸν
2572 2789 2683 2858 (95)
2710 2790 2803 2842 καὶ
2833 2790 3273 2860 δυσπαράδεκτον
3307 2799 3644 2865 καταστήσῃ
3662 2814 3676 2823 ο

2074 2878 2172 2950 τήν
2198 2879 2252 2931 δὲ
2285 2879 2390 2931 τῶν
2421 2880 2677 2950 Πατέρων
2719 2880 2899 2933 πίστιν
2932 2882 3314 2953 προϐάλλεται,
3351 2887 3391 2955 ἦ
3452 2886 3547 2938 διὰ
3583 2892 3681 2955 τὴν

2080 2970 2351 3039 μεσότητα
2399 2970 2507 3024 τῶν
2553 2974 2611 3024 ἐν
2659 2974 2795 3043 αὐτῇ
2850 2975 3106 3044 ῥημάτων
3147 2975 3274 3028 οὔτε
3315 2995 3369 3030 τι
3413 2981 3683 3031 ἐναντίω-

2080 3078 2157 3131 μα
2188 3062 2295 3129 (94)
2338 3062 2471 3133 πρὸς
2510 3063 2609 3134 τὴν
2650 3063 2776 3135 ὃλην
2817 3063 2911 3116 τοῦ
2952 3064 3109 3132 λόγου
3152 3066 3305 3137 αὐτῷ
3340 3069 3464 3138 (95)
3502 3088 3680 3123 κατα-

2080 3153 2278 3223 σκευὴν
2307 3153 2560 3224 παρέξειν
2587 3153 2798 3224 ἔμελλε,
2832 3156 2925 3207 καὶ
2954 3156 3344 3229 ἀκολουθήσειν
3383 3162 3596 3231 ῥᾳδίως
3626 3165 3682 3215 ἐν

2078 3244 2386 3315 ἐξηγήσεως
2422 3246 2550 3298 εἴδει
2586 3248 2871 3317 ιιετάγοντι
2901 3249 2989 3301 τὸν
3017 3250 3174 3317 λόγον
3219 3252 3309 3318 ἐφ’
3345 3250 3381 3304 ἃ
3420 3256 3678 3325 προῂπ-

2076 3353 2165 3390 ται
2198 3338 2330 3406 (96).
2370 3338 2457 3400 Ὠς
2484 3338 2539 3391 δὲ
2571 3338 2967 3419 ἀληθῆοταῦτα,
2995 3340 3152 3409 δῆλον
3187 3342 3447 3397 αὐτόθεν.
3491 3346 3683 3398 Ἐχίιέ-

2082 3445 2238 3498 μενος
2266 3428 2373 3499 γὰρ
2398 3429 2587 3499 αὐτὴν,
2630 3430 2789 3493 εὐθὺς
2834 3431 3072 3502 ἐπιπηδᾷ
3117 3435 3183 3501 τῇ
3213 3432 3508 3503 ἐξηγήσει,
3548 3454 3680 3507 προ-

2079 3519 2239 3587 φάσει
2276 3520 2554 3590 χρώμενος
2624 3520 2758 3592 ἄλλῃ
2800 3522 2857 3575 τὲ
2897 3540 3022 3584 τινι,
3058 3524 3152 3576 καὶ
3190 3525 3274 3575 ὅτι
3308 3527 3413 3578 οὐκ
3455 3526 3683 3597 ἐξαρκεί

2088 3610 2223 3681 πρὸς
2246 3612 2343 3682 τήν
2376 3611 2614 3664 διάλυσιν
2636 3614 2729 3666 τοῦ
2762 3614 3119 3685 ἐγκλήματος.
3165 3617 3328 3680 Τίνος
3360 3615 3461 3672 οὖν
3495 3622 3683 3673 ἕνεκεν

2088 3702 2256 3772 αὐτὴν
2291 3703 2614 3773 προεϐάλου,
2653 3704 2767 3758 ἀλλ’
2800 3707 2898 3759 οὑκ
2926 3708 3086 3771 εὐθὺς
3112 3711 3199 3761 ἐπ’
3229 3709 3487 3774 ἐκείνους
3518 3708 3683 3780 ἦλθες

2088 3799 2211 3859 τοὺς
2240 3798 2448 3865 λόγους,
2479 3798 2527 3849 οἳ
2556 3799 2650 3852 καὶ
2671 3797 2731 3850 τὸ
2762 3800 2986 3869 ἀκριϐὲς
3014 3799 3179 3872 εἶχον,
3209 3803 3307 3854 καὶ
3338 3802 3684 3874 ἐξαιρεῖσθαί

2091 3907 2147 3942 σε
2182 3888 2287 3941 τῶν
2314 3888 2671 3960 ἐγκλημάτων
2697 3890 2917 3961 ἔμελλον
2939 3908 2952 3953 ;
2979 3892 3089 3946 Νῦν
3116 3893 3174 3945 δὲ
3199 3896 3555 3963 προτείνεται
3587 3896 3685 3963 μὲν

2084 3981 2159 4043 ὡς
2192 3982 2429 4050 ἀσφαλὲς
2453 3983 2749 4053 κριτήριον,
2771 3982 3073 4053 διορθοῦται
3104 3984 3161 4036 δὲ
3193 3986 3384 4049 πάλιν,
3422 3988 3504 4050 ὡς
3533 3988 3686 4039 οἰδὲν

2087 4072 2237 4140 ὑγιὲς
2272 4072 2517 4142 ἔχουσαν.
2547 4073 2717 4126 Τοῦτο
2746 4073 2803 4127 δὲ
2836 4077 2998 4128 παντὶ
3024 4075 3325 4147 γνώριμον,
3350 4079 3462 4142 ὅτι,
3494 4079 3687 4150 ὥσπερ

2086 4164 2366 4236 ἀγκίστρῳ
2414 4163 2549 4235 πρὸς
2583 4164 2809 4219 θάνατον
2837 4166 3069 4233 ἕλκοντι,
3110 4167 3189 4237 τῷ
3232 4169 3437 4222 ἑαυτοῦ
3484 4173 3689 4241 φρονή-

2169 4434 2279 4501 (95)
2306 4434 2527 4506 Veteres
2554 4434 2899 4506 aliquotlibri
2930 4435 3080 4506 αυτῷ
3110 4452 3206 4487 του
3235 4435 3428 4502 λόγου,
3466 4438 3683 4491 inverso

2098 4506 2306 4557 ordine.
2339 4505 2493 4567 Illud,
2526 4506 2619 4556 καὶ
2651 4504 3061 4574 ἀκολουθήσειν,
3085 4506 3227 4573 quod
3263 4509 3460 4559 statim
3502 4511 3685 4574 sequi-

2100 4584 2208 4636 tur,
2266 4576 2497 4646 ι’ἱιιεξιιη·Δ
2542 4576 2621 4646 sic
2672 4575 2841 4642 accipi
2881 4577 3135 4646 debere:
3172 4574 3393 4627 Rursus
3426 4582 3687 4646 proponit

2099 4646 2282 4706 tidem,
2319 4660 2438 4712 qua:
2476 4642 2631 4697 facile
2661 4660 2782 4697 cum
2809 4645 2924 4698 suis
2958 4645 3138 4702 verbis
3166 4642 3516 4700 consentiat.

2172 4732 2279 4803 (96)
2305 4732 2478 4786 Editio
2508 4744 2735 4805 utraque
2769 4749 2892 4788 cum
2936 4735 3105 4805 tribus
3138 4750 3273 4788 mss.
3310 4737 3400 4803 ἐφ’
3428 4736 3469 4789 ἃ
3498 4740 3685 4805 προεξ-

2103 4820 2282 4873 ρηται,
2318 4806 2386 4855 ad
2413 4820 2473 4855 ea
2506 4820 2620 4871 qua:
2641 4804 2783 4856 dicta
2815 4813 2957 4856 sunt.
2991 4804 3125 4873 Reg.
3173 4806 3374 4858 tertius
3433 4818 3495 4860 et
3529 4804 3685 4860 Culb.

2102 4875 2185 4939 ἐφ’
2208 4872 2241 4925 ἂ
2271 4874 2597 4943 προῄρηται,
2629 4877 2697 4924 ad
2720 4889 2789 4945 ea
2818 4890 2933 4943 qua:
2965 4874 3010 4927 ei
3037 4872 3219 4935 libent,
3249 4877 3485 4943 Optime.
3549 4877 3683 4945 Heg.

2101 4952 2329 5010 quartus
2356 4954 2672 5011 mitramque
2719 4943 3001 4996 lectionem
3056 4945 3299 5011 praefert,
3340 4948 3581 5013 primam
3633 4943 3680 4998 in

2102 5022 2377 5078 conitextu,
2418 5014 2639 5064 alteram
2677 5013 2726 5065 in
2767 5028 2859 5063 ora
2898 5014 3042 5066 libri.
3088 5013 3240 5065 llaud
3275 5017 3478 5078 procnl
3526 5017 3682 5069 Culh.

2103 5099 2223 5153 cum
2250 5084 2420 5136 altero
2451 5097 2551 5135 ms.
2586 5082 2906 5153 προεϐάλου.
2938 5083 3079 5136 Editi
3106 5084 3473 5153 προεδέιλλου.
3497 5087 3686 5140 Subin-

2103 5154 2169 5224 de
2203 5152 2336 5219 lleg.
2370 5163 2598 5224 quartus
2626 5152 2928 5224 κριτήριον,
2981 5152 3409 5223 ἐπιδιορϐοῦται.
3446 5184 3522 5195 -—
3571 5158 3684 5223 Ἐφ’

2103 5220 2141 5273 d
2175 5220 2523 5289 προῄρῄται.
2559 5220 2727 5275 Totus
2758 5220 2843 5277 hic
2886 5224 3035 5277 locus
3078 5220 3409 5277 sic'videtnr
3452 5220 3688 5279 redden-

2106 5293 2204 5363 dus
2230 5310 2242 5345 :
2273 5291 2526 5357 Proponit
2554 5292 2776 5344 Patrum
2824 5296 2998 5359 ﬁdem,
3027 5311 3165 5363 qum,
3192 5305 3373 5357 utpote
3400 5298 3574 5347 verbis
3609 5316 3685 5347 m-

2106 5362 2496 5433 di/ferentibusq
2520 5379 2786 5425 constans,
2829 5366 2959 5415 nihil
2999 5362 3135 5433 quod
3167 5364 3263 5415 toti
3296 5364 3447 5417 iuius
3484 5371 3681 5417 oratio-

2107 5432 2185 5503 nis
2215 5431 2589 5484 constructioni
2626 5445 2891 5500 repugnet,
2916 5431 3218 5485 exhibitura
3270 5448 3411 5499 erat,
3464 5452 3685 5503 cuinqae

2108 5501 2264 5567 [urile
2310 5510 2575 5561 secutura,
2605 5503 2648 5552 si
2695 5518 2983 5555 sermonem
3015 5504 3109 5557 sub
3136 5506 3488 5569 expositionis
3521 5501 3686 5572 specie

2107 5573 2173 5623 ml
2204 5589 2285 5630 ea.
2340 5589 2454 5640 quia
2502 5574 2742 5632 intendit,
2785 5575 3110 5641 transferret.
3152 5572 3284 5628 llaec
3342 5588 3525 5628 autem
3576 5592 3688 5629 rem

2108 5658 2215 5695 esse
2246 5659 2340 5696 sua
2363 5654 2541 5709 sponte
2580 5643 2760 5710 liquet.
2791 5642 3001 5695 Marus.
