3836 6222
93 235 236 292 545
1237 233 1606 289 ADVERSUS
1647 231 1708 287 El

1824 231 2012 287 lMIUM
2053 231 2184 286 LIB.
2229 231 2272 286 1.
3283 229 3386 283 514

91 376 266 430 ματι
301 362 362 412 τὸ
391 359 596 413 ἁπλοῦν
625 359 724 429 τῆς
754 359 988 422 πίστεως
1021 357 1155 430 (97),
1185 353 1295 412 οἷόν
1317 377 1370 412 τι
1393 359 1604 430 δέλεαρ,
1628 375 1708 410 πε-

1825 371 1936 410 suae
1963 355 2108 410 velut
2137 356 2297 410 hamo
2327 353 2392 408 ad
2431 362 2658 408 mortem
2697 352 2935 408 trahenti
2981 349 3387 422 simplicitatem

91 451 404 522 ριϐάλλει,
433 450 522 504 ἵνα
553 450 632 520 τῷ
663 451 972 520 φαινομένῳ
1005 451 1394 522 ἐπιδραμόντες
1417 451 1467 504 οἱ
1496 451 1708 521 ἀπειρό-

1824 447 1942 502 fidei
1971 462 2067 500 ceu
2100 461 2278 502 escam
2309 445 2600 516 quamdam
2645 443 2967 509 circumdat,
3003 453 3061 496 ιιι
3089 441 3388 511 imperitio-

91 557 304 611 τεροι,
341 540 668 608 ἀφυλάκτως
691 540 770 611 τῷ
803 540 958 612 κακῷ
989 541 1088 610 τῆς
1121 541 1375 604 ἀσεϐείας
1401 538 1708 611 περιπαρῶ-

1824 550 1908 590 res
1943 536 2010 588 ad
2046 535 2097 588 id
2137 536 2280 605 quod
2313 544 2536 604 apparet
2565 534 2918 598 festinantes,
2949 533 3162 586 incaute
3199 531 3390 600 impie-

95 645 234 684 σιν.
281 631 371 692 Ὠξ
414 631 480 684 ἂν
521 629 580 684 δὲ
614 631 690 701 μὴ
723 631 922 696 δόξειεν
957 631 1085 685 ἄνευ
1115 631 1359 700 ἀνάγκης
1387 633 1454 701 τῇ
1484 629 1708 700 ἐπιδιορ-

1824 627 1952 682 tatis
1983 628 2193 682 scelere
2239 627 2646 693 transfigantur.
2696 624 2802 680 Sed
2853 641 2922 680 ne
2970 626 3212 680 videatur
3249 625 3386 680 citra

101 721 302 775 ϐώσει
343 723 444 792 τῆς
483 721 719 785 πίστεως
764 725 1054 794 ἐγχειρεῖν,
1093 725 1156 794 ἣν
1188 725 1347 788 αὐτὸς
1377 723 1708 792 ἀπεσέμνυνε

1824 719 2194 773 necessitatem
2245 719 2680 773 emendationem
2733 716 2853 770 fidei
2912 717 3171 786 aggredi,
3224 731 3385 786 quam

99 818 252 878 ’ταῖς
289 815 616 880 ὑπερϐολαῖς
646 815 754 870 τῶν
783 817 1041 880 ἐπαίνων,
1065 817 1286 886 ταύτην,
1315 816 1503 887 ὥσπερ
1529 813 1708 868 ἐπιλα-

1824 809 1934 879 ipse
1979 811 2492 865 summis-laudibus
2544 809 2760 872 extulit,
2803 809 2978 862 videte
3020 809 3288 878 quomodo
3335 807 3386 862 ei

101 907 362 977 θυόμενος
391 907 500 978 (98)
527 907 638 960 τῶν
671 907 864 962 ἑαυτοῦ
895 907 1088 978 λόγων,
1127 907 1396 978 σκέψασθε
1439 907 1556 970 πῶς
1602 907 1708 960 δια-

1824 903 1970 972 quasi
2005 904 2292 958 verborum
2317 917 2534 958 suorum
2567 901 2766 957 oblitus
2793 901 3061 956 detrahat.

101 1015 262 1070 συρε
277 1017 314 1052 ι.

191 1091 366 1144 ΕΥΝ.
421 1090 484 1142 Ἦ
519 1091 618 1161 μὲν
647 1085 738 1144 οὖν
769 1089 1110 1162 ἁπλουστέρα
1161 1092 1256 1144 καὶ
1303 1089 1452 1160 κοινή
1497 1088 1713 1142 πάντων

99 1183 317 1244 πίστις
343 1183 488 1246 ὅσοις
517 1182 578 1234 τὸ
603 1181 778 1236 δοκεῖν
811 1183 842 1252 ἢ
875 1183 936 1236 τὸ
975 1180 1114 1236 εἶναι
1155 1183 1498 1253 Χριστιανοῖς
1523 1183 1715 1252 ἐπιμε-

101 1274 236 1336 λὲς,
268 1275 344 1337 ὡς
367 1277 423 1326 ἐν
453 1275 714 1345 ἐπιδρομῇ
741 1273 1267 1345 κεφαλαιωδέστερον
1295 1276 1486 1340 εἰπεῖν,
1517 1273 1675 1344 αὕτη.

193 1365 355 1418 ΒΑΣ.
383 1365 516 1417 Εἰπέ
545 1383 654 1436 μοι,
678 1366 710 1435 ἡ
736 1364 964 1434 εὐσεϐὴς
983 1363 1090 1416 τῶν
1115 1365 1372 1435 Πατέρων
1397 1364 1710 1435 παράδοσις,

101 1456 222 1510 καὶ
251 1459 283 1508 ὁ
311 1455 510 1518 κανὼν,
542 1456 618 1517 ὡς
643 1455 804 1518 αὐτὸς
827 1454 1136 1525 ώνόμασας,
1167 1455 1261 1508 καὶ
1284 1457 1312 1507 ὁ
1339 1452 1593 1524 γνώμων,
1620 1454 1714 1506 καὶ

101 1547 182 1600 τὸ
217 1547 468 1616 ἀσφαλὲς
493 1546 602 1616 (99)
634 1547 936 1617 κριτήριον,
967 1546 1062 1598 νῦν
1094 1546 1322 1616 ὄργανον
1349 1546 1585 1616 ἀπάτης,
1619 1545 1713 1598 καί

101 1639 295 1709 τέχνη
334 1637 740 1708 σχηματισμοῦ,
775 1638 868 1690 καὶ
891 1635 961 1689 τά
985 1635 1205 1688 τοιαῦτα
1243 1635 1402 1689 πάλιν
1443 1651 1714 1705 προσαγο-

1885 1079 2020 1134 Eua.
2052 1079 2360 1151 Simplicior
2387 1081 2546 1152 igitur
2573 1089 2627 1136 et
2643 1080 2944 1138 communis
2967 1081 3098 1136 fides
3119 1081 3381 1143 omnium,

1815 1175 1906 1245 qui
1945 1185 2038 1228 aut
2065 1174 2257 1236 videri,
2286 1183 2378 1228 aut
2408 1189 2526 1229 esse
2552 1175 2850 1230 Christiani
2883 1173 3128 1244 cupiunt,
3157 1181 3214 1227 ut
3237 1188 3386 1227 com-

1814 1268 2011 1337 pendio
2037 1283 2098 1320 ac
2125 1267 2434 1322 summatim
2467 1267 2640 1321 dicam
2663 1300 2686 1331 ,ο
2713 1267 2826 1322 Ιισιο
2854 1276 2956 1322 est.

1885 1355 2010 1411 Bas.
2053 1355 2148 1410 Dic
2193 1355 2349 1420 mihi,
2397 1355 2484 1422 pia
2528 1355 2748 1410 Patrum
2791 1356 3010 1410 traditio
3059 1353 3382 1425 regulaque,

1815 1451 1890 1504 uti
1927 1451 2042 1518 ipse
2097 1450 2428 1516 nominasti,
2459 1459 2512 1504 et
2559 1449 2822 1513 amussis,
2862 1447 3386 1516 tutaquejudicandi

1815 1543 1956 1597 ratio
1989 1582 2003 1604 ,
2039 1556 2182 1596 nunc
2233 1556 2423 1595 rursus
2471 1541 2888 1594 instrumentum
2931 1540 3167 1604 fraudis,
3198 1549 3254 1594 et
3299 1555 3387 1593 ars

1815 1635 2137 1700 simulandi,
2179 1643 2234 1688 et
2273 1633 2375 1686 alia
2409 1633 2459 1687 id
2493 1648 2659 1704 genus
2703 1633 3040 1702 appellatur?
3083 1632 3294 1686 Etenim
3340 1631 3387 1687 si

107 1707 497 1802 petierit“);
528 1730 590 1782 Εί
617 1707 726 1800 γὰρ
755 1729 874 1800 οὑχὶ
895 1731 1008 1793 τοῖς
1036 1729 1203 1793 ὅντως
1229 1726 1346 1782 οὖσι
1369 1731 1708 1801 Χριστιανοῖς

1824 1741 1910 1780 eos
1943 1726 2032 1796 qui
2065 1740 2192 1780 vere
2235 1724 2534 1780 Christiani
2576 1733 2700 1778 sunt
2746 1739 3083 1794 nequaquam
3112 1723 3303 1789 decet,
3333 1730 3389 1776 at

101 1821 458 1894 ἐφαρμόζει,
492 1821 626 1874 ἀλλά
660 1824 770 1886 τοῖς
796 1821 856 1874 τὸ
883 1821 1056 1876 δοκεῖν
1083 1821 1186 1892 πρὸ
1213 1821 1306 1874 τοῦ
1338 1817 1473 1874 εἷναι
1497 1839 1718 1893 τετιμη-

105 1915 272 1978 κόσι,
301 1913 352 1966 τί
379 1913 506 1968 ἄλλο
531 1913 658 1984 περὶ
689 1913 859 1982 αὐτῆς
884 1913 1336 1984 ὑπολαμϐάνεινῆ
1361 1913 1530 1968 ταῦτα
1555 1931 1714 1984 προσ-

109 2004 266 2075 ῆκες
302 2003 398 2067 Τίς
439 2002 506 2054 ἂν
539 1997 651 2066 οὖν,
691 2003 764 2073 μὴ
800 2003 1076 2066 παντελῶς
1108 2003 1453 2074 παραπαίων,
1491 2003 1581 2056 τὸν
1617 2019 1717 2056 κα-

109 2095 256 2150 νόνα
283 2095 378 2148 τοῦ
405 2093 606 2158 εὐθέως
639 2097 752 2158 τοῖς
779 2093 877 2164 τὴν
908 2093 1082 2164 ψυχὴν
1111 2094 1509 2164 ἐνδιαστρόςροις
1543 2093 1713 2164 ἁρμό-

111 2187 242 2251 ζειν
271 2185 436 2246 εἴποι,
465 2185 664 2238 καὶτὸν
687 2184 940 2254 γνώμονα
961 2187 1057 2255 τῆς
1079 2184 1334 2256 ἀληθείας
1363 2187 1474 2248 τοῖς
1502 2184 1716 2255 ἐχθροῖς

111 2277 228 2348 τῆς
285 2275 573 2346 ἀληθείας;
627 2277 690 2328 Ol
745 2277 852 2348 γὰρ
891 2275 951 2330 τὸ
997 2275 1356 2347 ὀνομάζεσθαι
1401 2277 1715 2348 Χριστιανοὶ

113 2367 236 2438 πρὸ
271 2366 366 2420 τοῦ
399 2365 616 2437 ἀληθῶς
651 2360 790 2420 εἷναι
817 2367 1193 2438 τετιμηκότες,
1222 2369 1314 2420 ἐπὶ
1343 2370 1407 2438 τῇ
1449 2366 1556 2418 τῶν
1589 2367 1716 2420 πολ-

115 2460 238 2512 λῶν
269 2459 458 2532 ἀπάτῃ
485 2460 562 2530 (ἓ)
589 2459 678 2513 τὸν
715 2460 1092 2532 σχηματισμὸν
1121 2459 1309 2512 τοῦτον
1340 2453 1712 2529 ὑποδυόμενοι,

115 2551 330 2622 πόρῥω
392 2551 573 2620 πάσης
626 2550 919 2620 εὐθύτητος
972 2553 1064 2604 καὶ
1098 2551 1352 2620 ἀληθείας
1391 2549 1549 2606 εἰσίν.
1578 2549 1715 2602 Οὔτε

113 2639 219 2697 οὖν
252 2642 682 2714 διεστραμμένον
717 2643 1230 2715 κατευθυνθήσεται,
1260 2643 1334 2706 ὡς
1361 2641 1454 2696 τοῦ
1491 2642 1716 2714 Ἐκκλη-

119 2733 414 2788 σιαστικοῦ
441 2734 620 2802 λόγος,
657 2733 781 2786 οὔτε
813 2735 882 2788 τὰ
909 2736 1006 2806 τῆς
1037 2735 1292 2806 ἀληθείας
1317 2736 1571 2806 κριτήρια
1604 2739 1714 2800 τοῖς

117 2826 188 2878 τὺ
239 2825 436 2894 ψεῦδος
489 2827 630 2878 κατά
667 2827 758 2880 τὸν
793 2825 906 2896 βίον
950 2827 1243 2898 ᾑρημένοις
1279 2827 1528 2899 ἁρμόσει,
1578 2827 1714 2898 ὅπερ

119 2917 306 2988 τούτῳ
333 2917 496 2972 δοκεῖ.

1817 1817 1884 1872 iis
1926 1829 2100 1871 tamen
2135 1816 2223 1886 qui
2257 1817 2426 1871 videri
2474 1831 2631 1885 quam
2661 1831 2782 1872 esse
2811 1816 3036 1880 malunt,
3073 1816 3200 1884 quid
3241 1815 3386 1870 aliud

1818 1911 1882 1964 de
1909 1926 1968 1963 ea
2001 1925 2162 1978 quam
2193 1908 2318 1963 talia
2350 1909 2556 1964 sentire
2584 1909 2874 1964 convenit?
2905 1907 3037 1976 Quis
3070 1909 3252 1979 igitur,
3282 1910 3388 1964 nisi

1816 2001 2038 2056 demens
2085 2000 2306 2054 omnino
2341 2001 2434 2064 sit,
2493 2001 2691 2055 dixerit
2731 2000 2968 2072 regulam
3021 2005 3150 2056 recti
3190 2003 3255 2055 iis
3294 2001 3386 2069 qui

1815 2093 1994 2147 animo
2023 2107 2275 2161 perverso
2311 2103 2440 2148 sunt
2467 2095 2777 2157 convenire,
2814 2102 2908 2146 aut
2932 2094 3179 2148 veritatis
3206 2109 3388 2148 amus-

1817 2186 1943 2249 sim,
1987 2187 2053 2240 iis
2086 2187 2176 2254 qtti
2209 2187 2454 2240 veritatis
2487 2195 2614 2240 sunt
2639 2185 2880 2240 inimici?
2907 2184 3006 2252 Qui
3035 2173 3176 2240 enim
3203 2185 3386 2240 vocari

1815 2276 2110 2332 ChriSIiani
2137 2293 2296 2346 quam
2329 2293 2453 2332 vere
2476 2292 2594 2332 esse
2623 2277 2949 2346 maluerunt,
2982 2278 3382 2332 simulationem

1817 2371 1956 2424 hanc
1999 2371 2066 2424 ad
2099 2370 2296 2424 multos
2329 2369 2678 2440 decipiendos
2723 2371 3042 2432 intluentes,
3091 2370 3274 2439 procul
3319 2371 3386 2424 ab

1814 2461 1958 2516 omni
2007 2461 2336 2515 rectitudine
2369 2476 2434 2514 ac
2485 2463 2720 2516 veritate
2749 2464 2968 2518 absunt.
3009 2461 3192 2530 Neque
3225 2463 3390 2531 igitur

1815 2551 2105 2606 distortum
2164 2552 2446 2622 dirigetur,
2507 2553 2654 2608 velut
2703 2553 3058 2609 Ecclesiastes
3113 2553 3248 2608 dixit
3279 2553 3326 2586 ⁸⁸
3368 2569 3384 2608 :

1816 2658 1992 2709 neque
2011 2643 2255 2698 veritatis
2273 2644 2474 2714 judicia
2496 2645 2562 2700 iis
2590 2645 2680 2716 qui
2711 2647 2762 2698 in
2781 2645 2886 2700 vita
2908 2647 3247 2700 mendacium
3267 2661 3388 2700 am—

1813 2735 2015 2804 plexati
2068 2745 2226 2802 sunt,
2265 2737 2596 2792 convenient
2633 2753 2648 2790 :
2698 2739 2840 2808 quod
2887 2739 3106 2808 quidem
3150 2740 3274 2796 huic
3311 2740 3390 2794 vi-

1815 2827 1990 2882 detur.

199 3010 256 3064 5.
313 3009 474 3062 Ἀλλά
515 3009 582 3064 δι’
615 3009 682 3073 ἃς
716 3003 869 3062 εἷπον
905 3009 1084 3073 αἰτίας
1125 3011 1204 3073 είς
1231 3009 1372 3063 οὕτω
1415 3009 1708 3082 προδήλους

1889 3005 1942 3059 5.
1985 3003 2185 3060 Verum
2231 3005 2301 3062 ob
2329 3021 2424 3062 eas
2455 3021 2592 3076 quas
2623 3007 2781 3063 retuli
2813 3023 3004 3063 causas
3045 3017 3150 3063 tam
3202 3019 3390 3080 aperte

121 3102 511 3172 ἐναντιότητας
554 3101 847 3172 ὑπενέχθη,
907 3101 992 3154 ἵνα
1023 3096 1103 3165 οἷς
1129 3103 1229 3172 μὲν
1258 3105 1469 3156 ἐπαινεῖ
1491 3102 1586 3174 τὴν
1619 3103 1710 3154 πί-

125 3211 252 3248 στιν
272 3199 548 3250 κοινωνεῖν
572 3198 682 3258 τοῖς
704 3195 948 3265 Πατράσι
965 3194 1064 3258 τῆς
1087 3195 1363 3259 εὐσεϐείας
1385 3195 1530 3269 δόξῃ,
1559 3191 1639 3258 οἷς
1655 3194 1712 3248 δὲ

123 3286 467 3357 λαμϐάνεται
497 3285 655 3338 πάλιν
673 3285 864 3354 αὐτῆς,
890 3285 986 3356 τὴν
1008 3285 1124 3338 ὁδὸν
1153 3285 1228 3355 (5)
1251 3285 1427 3356 ἑαυτῷ
1451 3286 1586 3356 πρὸς
1615 3285 1713 3355 τὴν

125 3379 394 3450 ἐξήγησιν
425 3378 709 3452 ὑπανοίξῃ.
745 3377 842 3430 Διά
875 3377 1034 3431 τοῦτο
1061 3379 1160 3448 τὴν
1198 3378 1364 3450 αὑτὴν
1391 3380 1484 3432 καὶ
1513 3379 1714 3432 κανόνα

125 3473 302 3541 λέγει,
347 3473 440 3524 καὶ
493 3470 810 3541 προσθήκης
853 3471 1016 3542 φησὶν
1063 3470 1458 3541 ἀκριϐεστέρας
1486 3469 1709 3524 δεῖσθαι.

127 3567 304 3620 Τοῦτο
329 3566 388 3618 δὲ
415 3565 548 3618 αὑτὸ
581 3563 656 3634 (ι)
691 3565 784 3617 καὶ
813 3563 912 3633 τῆς
939 3563 1174 3633 ἐσχάτης
1198 3562 1462 3632 ἀμαθείας
1491 3566 1714 3632 σημεῖον

129 3657 296 3719 ἔστω,
319 3657 374 3709 εἴ
401 3673 480 3726 τῳ
499 3657 594 3710 καὶ
620 3655 778 3708 τοῦτο
803 3655 954 3723 φίλον
980 3653 1385 3726 παρεξετάζειν.
1421 3656 1480 3706 ’0
1505 3655 1613 3726 γάρ
1633 3671 1714 3708 τοι

131 3745 340 3810 κανὼν,
371 3741 416 3800 ὧ
441 3746 741 3816 σοφώτατε,
789 3746 884 3798 καὶ
931 3745 962 3795 ό
1008 3743 1260 3815 γνώμων,
1310 3743 1414 3807 ἕως
1445 3743 1510 3796 ἂν
1549 3745 1714 3814 μηδὲν

131 3840 294 3912 ἐνδέῃ
341 3838 436 3892 τοῦ
469 3837 650 3892 κανὼν
680 3833 820 3890 εἶναι
849 3838 943 3890 καὶ
967 3836 1222 3907 γνώμων,
1253 3835 1508 3904 οὐδεμίαν
1548 3853 1716 3906 προσ-

133 3933 311 4004 θήκην
337 3933 418 3993 εἰς
443 3929 728 4000 ἀκρίϐειαν
749 3928 1072 4003 ἐπιδέχεται.
1117 3927 1272 3980 Κατὰ
1303 3925 1412 3995 γάρ
1437 3923 1500 3978 τὸ
1549 3925 1718 3978 ἐλλεῖ-

135 4039 240 4076 πον
277 4023 308 4092 ἡ
337 4020 648 4092 πρόσθεσις.
706 4020 938 4082 Ἀτελεῖς
969 4019 1024 4072 δὲ
1049 4019 1406 4088 ὑπάρχοντες,
1453 4017 1574 4070 οὐδὲ
1607 4018 1714 4070 τῶν

138 4113 518 4186 προσηγοριῶν
551 4113 754 4166 τούτων
808 4113 976 4180 ὑγιῶς
1017 4111 1082 4164 ἂν
1111 4111 1190 4164 ἐτι
1230 4111 1568 4180 τυγχάνοιεν.
1607 4111 1716 4163 Καὶ

137 4205 310 4259 ταῦτα
343 4205 442 4275 μὲν
477 4206 556 4266 εἰς
593 4203 866 4256 τοσοῦτον.
912 4202 1049 4271 Ἤδη
1080 4201 1136 4254 δὲ
1175 4201 1266 4254 καὶ
1305 4199 1400 4263 οὓς
1441 4197 1714 4252 ἐκτίθεται

139 4299 268 4368 περὶ
296 4296 429 4348 Θεοῦ
463 4295 653 4364 λόγους
679 4293 1126 4363 ἐπισκεψώμεθα.

1818 3115 2002 3156 secum
2039 3109 2262 3171 pugnat,
2299 3110 2359 3155 ut
2405 3102 2531 3158 dum
2577 3101 2759 3156 laudat
2792 3101 2974 3168 fidem,
3021 3102 3237 3170 pietatis
3286 3103 3390 3158 Pa-

1817 3200 1960 3242 trum
2011 3191 2280 3260 particeps
2325 3205 2446 3246 esse
2497 3191 2744 3246 videatur
2789 3209 2802 3245 :
2859 3193 2984 3244 dum
3043 3205 3172 3246 vero
3217 3191 3390 3262 ipsam

1815 3295 2008 3336 rursus
2040 3281 2384 3346 criminatur,
2417 3283 2559 3336 viam
2605 3285 2706 3338 sibi
2741 3285 2950 3352 aperiat
2993 3283 3060 3337 ad
3094 3285 3388 3353 expositio-

1815 3391 1960 3430 nem.
1990 3375 2331 3446 Quapropter
2367 3379 2610 3432 eamdem
2645 3386 2700 3432 et
2727 3378 2964 3448 regulam
3001 3380 3252 3448 appellat,
3287 3379 3391 3434 ait-

1818 3484 1924 3538 que
1972 3485 2091 3524 eam
2143 3471 2517 3526 additamenta
2570 3473 2911 3528 accuratiore
2967 3473 3228 3542 indigere.
3279 3471 3391 3528 Hoc

1817 3563 1996 3631 ipsum
2055 3573 2238 3618 autem
2285 3563 2448 3618 etiam
2505 3575 2765 3618 extremae
2813 3563 3134 3633 ignorantia:
3177 3568 3391 3636 signum

1817 3653 2006 3718 fuerit,
2040 3655 2084 3709 si
2119 3655 2208 3709 cui
2243 3654 2294 3708 id
2327 3669 2547 3724 quoque
2575 3654 2882 3723 disquirere
2913 3653 3148 3710 libuerit.
3187 3655 3390 3726 Regula

1815 3745 1960 3799 enim
2008 3753 2063 3798 et
2113 3744 2366 3810 amussis,
2421 3757 2453 3796 ο
2502 3743 2920 3812 sapientissime,
2977 3745 3212 3812 quandiu
3255 3745 3390 3800 nihil

1817 3836 2048 3891 defuerit
2099 3837 2388 3905 quominus
2435 3836 2618 3906 regula
2675 3837 2782 3889 sint
2825 3845 2880 3890 et
2925 3821 3089 3908 215
3133 3838 3390 3903 amussis,

1817 3930 2182 3983 accessionem
2223 3927 2426 3982 nullam
2457 3929 2522 3983 ad
2568 3927 2936 3998 integritatem
2967 3929 3276 3984 admittunt.
3303 3929 3392 3986 Fit

1815 4023 1960 4074 enim
2031 4023 2274 4076 accessio
2321 4021 2392 4076 ob
2441 4018 2732 4076 defectum.
2775 4021 2925 4086 Quod
2969 4021 3012 4074 si
3061 4021 3392 4090 imperfectae

1817 4111 2039 4176 fuerint,
2071 4127 2138 4166 ne
2163 4112 2264 4164 has
2302 4109 2522 4179 quidem
2561 4109 2949 4180 appellationes
2969 4111 3083 4178 jam
3117 4117 3263 4165 recte
3294 4125 3390 4164 ac-

1815 4191 2081 4272 ceperint.
2122 4203 2226 4258 Sed
2253 4202 2318 4256 de
2357 4202 2439 4256 his
2465 4203 2622 4258 satis.
2651 4199 2767 4254 Jam
2803 4217 2934 4256 vero
2963 4204 3124 4256 etiam
3159 4216 3296 4274 quos
3325 4203 3392 4258 de

1819 4295 1928 4347 Deo
1959 4293 2160 4362 profert
2186 4307 2463 4348 sermones
2498 4294 2929 4349 consideremus.

210 4377 370 4440 ETN.
403 4381 498 4448 Εἷς
539 4385 737 4448 τοίνυν,
771 4385 922 4455 φησὶ,
965 4383 1106 4436 κατά
1128 4399 1194 4435 τε
1238 4379 1470 4452 φυσικὴν
1509 4379 1708 4434 ἔννοιαν

1891 4385 2025 4438 EUN.
2069 4383 2176 4437 Nos
2203 4386 2387 4454 igitur,
2419 4384 2614 4452 inquit,
2648 4401 2812 4438 unum
2847 4387 3009 4440 Deum
3041 4385 3266 4457 etjuxta
3293 4403 3392 4442 na-

141 4481 238 4536 καὶ
265 4479 405 4532 κατά
439 4478 534 4550 τὴν
565 4477 674 4531 τῶν
698 4477 955 4548 Πατέρων
982 4475 1323 4528 διδασκαλίαν
1361 4477 1490 4544 ἡμῖν
1511 4473 1714 4543 ὡμολό-

140 4587 303 4643 γηται
335 4569 488 4632 Θεὸς,
517 4569 652 4639 μήτε
684 4567 812 4638 παρ’
846 4564 1037 4618 ἑαυτοῦ
1075 4565 1210 4635 μήτε
1233 4563 1361 4634 παρ’
1397 4563 1584 4633 ἐτέρου
1617 4579 1712 4630 γε-

137 4664 380 4733 νόμενος.
435 4660 724 4731 Ἑκάτερον
775 4657 882 4728 γὰρ
939 4655 1118 4710 αὐτῶν
1183 4655 1378 4726 ἐπίσης
1431 4653 1710 4717 ἀδύνατον,

216 4817 262 4850 ⁵⁸
294 4816 471 4873 Eccle.
503 4833 544 4880 ι,
581 4814 670 4871 15.

213 4971 322 5042 (97)
349 4973 525 5027 Editio
551 4981 780 5041 utraque
807 4985 930 5042 cum
983 4970 1114 5042 Reg.
1153 4967 1364 5042 quinto
1392 4967 1454 5042 τὸ
1499 4964 1708 5042 ἁπλοῦν

143 5039 242 5114 τῆς
269 5039 566 5106 ἐπιτάσεως
591 5057 608 5074 ⁸
641 5039 780 5114 unde
821 5039 1116 5114 Carnarius
1145 5057 1160 5094 :
1193 5039 1576 5114 simplicitatem
1615 5040 1702 5114 in:

144 5105 510 5168 cr'ebrescentt's
551 5105 830 5164 orationis.
860 5111 932 5164 At
969 5111 1122 5164 Colb.
1159 5119 1212 5162 et
1235 5125 1328 5162 sex
1360 5107 1450 5160 alii
1483 5121 1616 5161 mss.
1641 5105 1704 5158 τὸ

142 5181 342 5253 ἁπλοῦν
373 5184 474 5253 τῆς
503 5185 762 5253 πίστεως,
786 5181 1176 5253 simplicitqtent
1201 5180 1346 5253 ﬁdei.
1511 5238 1518 5245 ,

217 5252 320 5320 (98)
363 5249 498 5308 Editi
521 5250 1022 5322 ἐπιλανθανόμενος.
1055 5249 1272 5304 Veteres
1301 5251 1405 5303 duo
1435 5249 1554 5303 libri
1583 5251 1704 5302 ἐπι-

143 5323 270 5377 λαθό
277 5339 451 5393 μενος.

215 5387 322 5464 (99)
356 5395 530 5464 codex
562 5406 698 5446 unus
723 5391 816 5444 ml.
838 5389 898 5443 τὸ
921 5389 1344 5459 ἀσφαλέστατον.
1406 5387 1526 5442 Mox
1561 5387 1700 5454 Reg.

145 5463 332 5519 tertius
361 5463 454 5516 νῦν
485 5463 714 5533 ὄργανα.

213 5533 450 5604 (l)_Editi
473 5526 1004 5604 upon-{093150de
1024 5531 1246 5604 Atrnss.
1270 5526 1702 5604 Δπροσαγορεὺεη

145 5599 410 5658 ταίζΝοιιι
457 5599 1044 5672 ἰιιίθτιιοςιιῑίοηὶείιιίς
1098 5599 1376 5672 invenitur
1413 5601 1464 5650 in
1517 5599 1700 5672 multis

147 5689 272 5730 mss.
311 5673 504 5728 Statim
545 5665 693 5726 editi'
711 5673 840 5744 περὶ
873 5669 1038 5725 αὑτοῦ
1087 5668 1510 5740 ὑπολαμϐάνειν.
1551 5665 1697 5748 Libri

455 5762 729 5832 ΡΔὶ-ιιοι..
774 5769 890 5830 Gtt.
929 5766 1168 5829 XXIX.

1821 4473 2050 4526 turalem
2089 4474 2363 4527 notionem
2411 4483 2467 4528 et
2489 4475 2644 4540 juxta
2676 4473 2896 4528 Patrum
2931 4476 3228 4530 doctrinam
3263 4493 3393 4532 con-

1825 4561 2061 4625 fitemur,
2111 4577 2286 4630 neque
2321 4577 2350 4616 a
2399 4563 2614 4632 seipse,
2669 4579 2845 4632 neque
2893 4565 2959 4617 ab
3010 4564 3118 4619 alio
3167 4564 3390 4621 factum.

1821 4653 1956 4708 Nam
2005 4665 2296 4724 utrumque
2343 4656 2536 4710 horum
2589 4673 2652 4710 ex
2693 4672 2850 4727 aequo
2895 4655 3010 4712 fieri
3055 4673 3162 4714 non
3191 4669 3390 4730 potest,

1813 4965 2018 5035 antiqui
2045 4963 2172 5035 περὶ
2201 4965 2392 5034 αὐτῆς.

1881 5033 1958 5109 (‘2)
1990 5033 2140 5109 Colh'.
2177 5051 2297 5109 cum
2328 5033 2462 5102 Reg.
2495 5033 2653 5109 tertio
2677 5033 2770 5109 ἐπί
2789 5035 2890 5105 τὴν
2915 5037 3154 5109 ἀπάτην.
3183 5035 3390 5109 Locum

1815 5106 2158 5178 Ecclesiaste
2190 5107 2267 5158 sic
2285 5119 2600 5178 expressere
2633 5104 2770 5178 L_XX
2809 5104 3305 5178 ιΔιεο-τραμμένον
3329 5107 3390 5159 οὑ

1807 5176 2092 5246 δυνήσεται
2130 5175 2625 5246 ἐπικοσμηθῆναι,
2663 5173 2974 5246 Perversum
3028 5173 3158 5231 ’ποκ’
3203 5179 3392 5246 poterit

1810 5243 2086 5298 adornari.
2127 5245 2282 5310 Vulg.
2309 5243 2551 5298 Perveni
2575 5245 2782 5313 difﬁcile
2809 5247 3176 5315 corriguntur.

1883 5315 1958 5384 (3)
2009 5315 2166 5376 Editi,
2209 5315 2275 5366 δι’
2319 5315 2384 5377 ἀς
2417 5315 2714 5384 εἴπομεν...
2773 5314 2962 5385 αὐτῆς
2999 5316 3140 5370 ὁδόν.
3167 5314 3394 5370 Codices

1812 5387 2058 5441 melioris
2093 5395 2233 5436 nota:
2259 5396 2316 5436 ut
2353 5387 2404 5438 in
2431 5395 2710 5438 contextu.

1883 5454 1956 5524 (4)
1993 5455 2127 5506 Editi
2164 5455 2334 5508 Τοῦτο
2365 5455 2420 5506 δὲ
2451 5455 2640 5508 αὑτοῦ.
2677 5455 2901 5523 Antiqui
2933 5455 3038 5510 duo
3076 5453 3200 5508 libri
3235 5451 3395 5507 τοῦτο

1808 5525 1866 5579 δὲ
1892 5523 2046 5578 αὑτό.
2067 5524 2168 5578 Alii
2197 5527 2302 5594 duo
2327 5525 2482 5577 τοῦτο
2511 5524 2566 5576 δὲ
2589 5525 2758 5594 αὑτῷ.
2787 5525 2941 5591 Quod
2969 5525 3251 5593 aliquanto
3272 5535 3395 5592 post

1809 5596 2023 5664 legitur,
2078 5593 2310 5666 ’A-r-zlsi;
2357 5593 2798 5666 sesumam;
2829 5637 2844 5661 ,
2903 5595 3094 5649 referri
3137 5593 3298 5650 debet
3325 5595 3394 5648 ad

1805 5662 1970 5720 voces
1995 5667 2024 5718 ὁ
2051 5663 2250 5728 κανὼν,
2283 5665 2312 5717 ό
2345 5662 2601 5734 γνώμων.

3001 5757 3072 5818 Π
