3836 6222
487 245 593 304 515

1793 243 1848 299 3.
1893 247 1974 301 BA
1986 244 2134 300 SlLll
2175 243 2385 302 MAGNI
3629 245 3709 303 5lti

486 383 608 420 cum
635 382 818 422 revera
846 367 896 420 id
925 366 1065 433 quod
1086 364 1234 428 facit,
1254 363 1402 432 prius
1422 378 1538 418 esse
1560 373 1806 433 oporteat
1825 379 1888 417 eo
1907 365 2049 433 quod

2158 364 2337 435 ἐπειδή
2377 381 2436 432 γε
2466 364 2546 418 δεῖ
2573 365 2710 418 κατά
2742 363 2993 434 ἀλήθειαν
3022 360 3080 416 τδ
3110 363 3293 418 ποιοῦν
3315 363 3410 416 τοῦ
3438 368 3715 434 γινομένω

487 461 575 518 lit;
607 471 660 514 et
695 459 745 512 id
775 459 916 527 quod
966 458 1044 520 fit,
1082 455 1354 526 posterius
1381 470 1445 509 eo
1489 457 1631 525 quod
1676 455 1822 509 facit.
1867 455 2052 524 Neque

485 566 614 603 vero
633 550 920 618 quidquam
946 549 1122 617 seipso
1141 547 1287 616 prius
1305 556 1398 600 aut
1425 546 1690 614 posterius
1712 561 1830 600 esse
1851 557 2050 615 petest,

486 656 658 708 neque
685 640 827 692 alittd
871 640 1164 707 quidquam
1214 649 1339 692 ante
1375 639 1560 690 Deum.
1598 637 1890 691 Enimvero
1923 637 2052 693 illttd

487 749 595 802 pra:
633 733 930 802 posteriore
967 733 1278 801 dignitatem
1327 730 1548 784 haberet
1586 727 1825 782 deitatis.

559 912 680 965 Bas.
724 912 991 978 Quorsum
1047 911 1210 978 igitur
1263 918 1428 963 totam
1481 909 1621 962 hanc
1665 907 1782 976 ejus
1831 909 2052 977 apposui

487 1006 816 1060 dictionem?
853 1004 919 1059 Ut
965 1006 1256 1073 conspicua
1297 1003 1390 1056 ﬁat
1424 1002 1525 1055 viri
1562 1015 1696 1054 vana
1729 1000 2051 1068 loquacitas,

486 1115 587 1168 qua
639 1114 732 1166 per
779 1108 947 1151 totum
991 1097 1184 1151 librum
1224 1097 1411 1150 utitur.
1455 1095 1564 1148 Etsi
1611 1094 1755 1148 enim
1800 1093 1890 1147 ille
1940 1094 2053 1162 ipse

483 1191 621 1244 dixit
647 1191 869 1244 evidens
897 1205 1015 1244 esse
1053 1188 1432 1242 communibus
1461 1186 1701 1239 omnium
1752 1184 2052 1253 intelligen-

487 1286 596 1350 tiis,
636 1284 800 1338 Deum
829 1299 948 1339 esse
983 1283 1302 1353 ingenitum,
1332 1281 1432 1333 hoc
1467 1290 1643 1333 tamen
1673 1279 1830 1334 nobis
1863 1278 2054 1332 nititur

485 1386 931 1431 commonstrare.
979 1376 1130 1431 Unde
1175 1375 1351 1429 simile
1397 1374 1651 1443 quiddam
1689 1371 1856 1434 facit,
1904 1386 1968 1425 ac
2003 1371 2050 1424 si

485 1471 608 1536 quis
634 1467 778 1521 clara
812 1467 863 1519 in
895 1467 1122 1519 meridie
1146 1465 1295 1520 sanis
1319 1465 1491 1517 oculis
1520 1463 1775 1532 prteditos
1807 1461 2052 1516 homines

483 1562 678 1615 docere
713 1560 918 1612 ratione
946 1559 1094 1621 velit,
1127 1558 1294 1612 solem
1321 1555 1626 1610 cmlestium
1660 1555 1899 1608 omnium
1925 1553 2052 1608 stel-

483 1653 658 1707 larum
701 1668 819 1707 esse
859 1650 1268 1704 lucidissimum.
1311 1633 1531 1714 Quod-si
1559 1645 1834 1700 deridetur
1860 1644 1950 1713 qui
1987 1660 2048 1698 ea

2154 455 2543 525 προϋπάρχειν,
2580 456 2673 507 καὶ
2703 454 2765 507 τὸ
2789 453 3106 524 ποιούμενον
3142 453 3236 506 τοῦ
3273 454 3572 517 ποιοῦντος
3597 449 3719 509 εἶναι

2151 545 2418 616 δεύτερον.
2459 547 2607 616 Μήτε
2650 546 2706 599 δὲ
2733 547 2863 598 αὐτὸ
2894 545 3084 598 ἑαυτοῦ
3126 546 3388 618 πρότερον
3424 547 3465 614 ἢ
3509 547 3719 619 ὕστερον

2152 632 2289 690 εἶναι
2319 637 2594 700 δύνασθαι,
2631 639 2764 708 μήτε
2793 637 2976 708 ἔτερόν
2996 653 3048 689 τι
3076 637 3179 708 πρὸ
3199 637 3292 690 τοῦ
3321 637 3490 692 Θεοῦ.
3526 635 3606 690 Ἥ
3629 643 3718 709 γὰρ

2152 726 2218 781 ἂν
2247 731 2420 782 έκεῖνο
2466 729 2570 800 πρὸ
2615 730 2708 782 τοῦ
2747 729 2994 800 δευτέρου
3033 729 3092 782 τὺ
3132 730 3228 800 τῆς
3269 727 3547 801 θεότητος
3585 730 3720 800 ἔσχεν

2153 821 2390 892 ἀξίωμα.

2223 914 2370 965 ΒΑΣ.
2414 913 2567 976 Τίνος
2615 908 2706 965 οὖν
2745 911 2927 965 ἕνεκεν
2969 912 3043 982 (5)
3090 914 3269 965 πᾶσαν
3314 911 3499 965 αὐτοῦ
3541 913 3718 980 sati-qv

2155 1005 2468 1076 παρεθέμην
2498 1006 2594 1075 τὴν
2630 1003 2804 1070 λέξιν;
2844 1005 2960 1058 Ἵνα
3005 1005 3324 1074 καταφανὴς
3366 1005 3403 1074 ἠ
3451 1005 3716 1074 daein-1E1

2152 1097 2244 1149 τοῦ
2267 1097 2475 1165 ἀνδρὸς,
2567 1098 2761 1166 χρῆται
2788 1095 2937 1166 παρά
2957 1094 3131 1148 πάντα
3157 1095 3245 1146 τὸν
3270 1093 3465 1162 λόγον,
3493 1096 3714 1164 γένηται.

2153 1187 2335 1241 Εἰπὼν
2388 1189 2494 1260 γὰρ
2549 1189 2709 1251 αὐτὸς
2761 1187 2984 1259 ἐναργὲς
3045 1187 3308 1258 ὑπάρχειν
3353 1190 3492 1248 ταῖς
3543 1191 3724 1249 χοι-,αξ

2154 1279 2368 1333 πάντων
2386 1280 2612 1343 ἐννοίαις
2638 1279 2697 1332 τὸ
2720 1279 2857 1332 εἶναι
2884 1280 2974 1331 τὸν
2995 1278 3125 1330 Θεὸν
3151 1279 3458 1348 ἀγέννητον
3481 1278 3586 1346 (6),
3618 1280 3726 1329 ἀπο-

2151 1370 2342 1434 δείξεις
2377 1371 2564 1423 τούτου
2591 1371 2834 1441 κομίζειν
2858 1373 2987 1440 ἡμῖν
3020 1373 3306 1440 ἐπιχειρεῖ,
3349 1369 3728 1440 παραπλήσιοι

2154 1461 2340 1524 ποιῶν,
2367 1463 2552 1533 ὥσπερ
2581 1463 2646 1516 ἂν
2680 1464 2732 1516 εί
2759 1479 2840 1525 τις
2882 1465 2938 1515 ὲν
2974 1462 3208 1532 σταθερᾷ
3254 1461 3598 1531 μεσημϐρία
3623 1462 3736 1520 τοὺς

2153 1554 2490 1624 ἐρρωμένους
2522 1556 2620 1616 τὰς
2647 1555 2797 1623 ὄψεις
2824 1555 2965 1624 λόγῳ
2992 1554 3257 1607 διδάσκειν
3282 1552 3548 1622 βούλοιτο
3583 1552 3738 1618 φανέν-

2152 1663 2310 1698 τατον
2345 1641 2480 1698 εἶναι
2512 1647 2617 1698 τῶν
2643 1649 2761 1699 κατ’
2792 1647 3016 1716 οὐρανὸν
3053 1646 3295 1715 ἀστέρων
3341 1645 3441 1697 τὸν
3472 1644 3648 1713 ἥλιον.
3681 1643 3738 1693 ΕΞ

481 1761 600 1814 qua:
640 1744 884 1799 sensibus
913 1754 1036 1796 nota
1067 1750 1211 1805 sunt,
1244 1741 1453 1794 ratione
1484 1739 1724 1793 ostendit
1759 1757 1770 1791 :
1819 1737 1911 1806 qui
1962 1752 2046 1789 res

2158 1736 2204 1788 δὲ
2228 1739 2255 1789 6
2281 1736 2347 1788 τὰ
2368 1740 2432 1808 τῇ
2468 1737 2713 1808 αἰσθήσει
2745 1736 2995 1808 γνώριμα
3021 1737 3160 1807 λόγῳ
3191 1737 3421 1797 δεικνὺς
3446 1734 3744 1801 καταγέλα-

481 1853 543 1891 ex
575 1836 951 1890 communibus
987 1834 1297 1887 notionibus
1347 1831 1626 1885 confessas
1661 1830 1842 1894 docet,
1870 1844 2047 1882 nonne

481 1927 730 1981 amentia:
760 1924 996 1993 ejusdem
1035 1923 1248 1977 futurus
1273 1931 1362 1977 est
1393 1923 1555 1976 rens?
1592 1921 1714 1974 Il.-ec
1743 1921 1886 1975 enim
1921 1936 2045 1988 pro-

482 2015 622 2068 fecto
656 2015 812 2080 longe
851 2014 1082 2067 certiora
1121 2021 1245 2066 sunt
1279 2013 1450 2082 requis
1492 2027 1673 2065 rerum
1701 2013 2045 2065 :estimatori-

481 2104 599 2165 bus,
634 2119 792 2171 quam
826 2119 944 2169 qua:
974 2104 1173 2154 cadunt
1222 2102 1322 2154 sub
1364 2101 1569 2156 oculos.
1603 2101 1666 2153 Et
1695 2117 1821 2154 vero
1849 2101 1894 2153 si
1927 2106 2048 2169 quis

481 2206 625 2248 esset
651 2193 740 2262 qtti
767 2193 818 2245 in
848 2192 989 2246 hanc
1011 2193 1292 2246 veritatem
1318 2192 1659 2262 impudenter
1682 2194 2047 2258 inveheretur,

482 2294 535 2336 et
556 2299 676 2336 enm
705 2283 794 2351 qui
829 2284 1097 2352 ingenitus
1123 2293 1229 2347 est,
1262 2297 1354 2336 aut
1381 2301 1408 2336 a
1433 2287 1635 2352 scipso,
1665 2295 1760 2338 aut
1785 2288 1852 2339 ab
1879 2287 2050 2342 altero

482 2370 716 2436 genitum
762 2383 881 2423 eSse
915 2370 1305 2434 contenderet,
1355 2373 1466 2427 INBC
1497 2375 1594 2426 ista
1631 2375 1918 2428 verborum
1952 2390 2049 2428 va-

484 2461 626 2510 nitas
661 2459 870 2512 veniam
902 2459 1134 2528 aliquam
1169 2462 1397 2516 fortasse
1427 2464 1672 2518 obtinere
1703 2475 1884 2532 posset
1913 2467 2047 2534 λείη

485 2559 666 2603 autem
720 2552 896 2605 nullus
951 2553 1016 2604 ad
1079 2552 1221 2606 hunc
1270 2568 1441 2622 usque
1483 2554 1658 2619 diem,
1712 2570 1809 2610 nec
1863 2571 2048 2610 eorum

481 2642 573 2710 qui
615 2642 774 2695 alieni
814 2652 938 2696 sunt
968 2659 996 2696 a
1041 2653 1221 2698 nostra
1265 2647 1512 2700 doctrina
1537 2687 1552 2711 ,
1607 2662 1708 2701 nec
1738 2663 1924 2702 eorum
1958 2648 2048 2717 qui

487 2749 556 2786 ex
587 2734 697 2804 ipsa
723 2734 964 2788 Ecclesia
991 2738 1192 2798 exiere,
1216 2748 1400 2790 contra
1428 2739 1707 2791 veritatem
1744 2741 2051 2794 insurrexe-

486 2835 630 2892 runt,
661 2841 725 2880 eo
751 2827 965 2881 devenit
994 2829 1344 2896 stupiditatis,
1373 2839 1431 2883 ut
1460 2831 1525 2884 de
1557 2831 1782 2896 ingeniti
1822 2833 2049 2902 ingene-

487 2916 694 2970 ratione
722 2918 1026 2973 dubitaret:
1063 2919 1189 2988 quid
1220 2919 1266 2973 ei
1304 2918 1436 2974 lucri
1469 2936 1531 2974 ex
1574 2922 1657 2976 Itis
1687 2923 1866 2978 verbis
1897 2940 2047 2980 acce-

488 3008 604 3072 dat,
643 3007 780 3060 haud
811 3007 1067 3078 intelligo.
1109 3008 1244 3061 Num
1275 3024 1400 3064 vere
1427 3009 1732 3065 Aristotelis
1761 3022 1854 3067 attt
1878 3012 2050 3084 Chry-

486 3101 620 3168 sippi
662 3099 984 3170 syllogismis
1035 3116 1168 3170 opus
1215 3102 1374 3156 nobis
1415 3113 1554 3168 erat,
1607 3113 1663 3156 ut
1713 3104 2048 3160 disceremus

485 3207 608 3244 eum
643 3193 732 3259 qui
772 3193 1038 3261 ingenitus
1078 3201 1160 3246 est
1184 3233 1198 3257 ,
1243 3210 1417 3262 neque
1445 3212 1475 3250 a
1523 3197 1700 3264 seipso
1725 3237 1740 3261 ,
1779 3213 1953 3267 neque
1987 3199 2054 3254 ab

485 3280 657 3332 altero
688 3281 923 3347 genitum
950 3280 1116 3332 fuisse
1145 3299 1157 3333 :
1189 3289 1243 3333 el
1276 3283 1522 3335 entntlem
1557 3284 1734 3352 seipso
1777 3300 1872 3338 nec
1913 3285 2053 3337 anti-

487 3374 752 3438 quiorem,
787 3386 880 3421 nec
900 3370 1167 3437 jnniorem
1194 3374 1355 3426 esse?
1387 3372 1524 3438 Quid
1551 3375 1712 3442 igitur
1737 3375 1840 3429 sibi
1870 3375 2056 3430 volunt

489 3461 601 3514 lucc
631 3459 745 3524 ejus
777 3461 975 3514 verba?
1008 3461 1228 3515 Videtur
1275 3463 1405 3516 mihi
1437 3479 1495 3518 se
1527 3464 1668 3517 inter
1704 3479 1832 3519 suos
1876 3475 2053 3520 secta-

491 3562 633 3604 tores
663 3551 890 3618 jactarc,
929 3560 1184 3617 tanquam
1224 3554 1460 3622 prudens
1499 3556 1764 3624 quispiam
1797 3571 1861 3610 ac
1903 3571 2056 3628 egre-

489 3643 573 3712 gia
609 3651 783 3695 mente
809 3643 1087 3708 prmditus,
1119 3649 1356 3711 quicum
1393 3656 1584 3700 acutus
1615 3648 1684 3700 sit
1715 3650 1765 3700 in
1802 3647 2055 3703 absurdis

489 3734 919 3802 prospicientlis,
967 3735 1018 3788 in
1090 3736 1190 3790 hoc
1249 3739 1392 3806 quod
1445 3738 1799 3807 deprehendit
1862 3739 2056 3793 dissol-

488 3829 662 3878 vendo
717 3826 925 3879 acutior
955 3835 1057 3891 est,
1111 3829 1178 3880 ob
1231 3829 1388 3896 idque
1431 3829 1484 3881 in
1536 3829 1820 3884 verborum
1869 3845 2056 3884 versu-

490 3915 564 3968 tia
620 3915 859 3986 gloriuri,
919 3928 973 3971 et
1024 3919 1206 3971 conari
1261 3919 1528 3973 subtiliter
1570 3929 1624 3973 et
1672 3929 1862 3988 argute
1923 3920 2054 3974 illud

489 4008 895 4074 demonstrare,
948 4012 1088 4077 quod
1147 4011 1191 4062 is
1225 4011 1314 4078 qni
1368 4011 1639 4081 ingenitus
1704 4020 1822 4078 est,
1878 4027 1978 4066 nec
2023 4028 2052 4065 a

489 4099 700 4165 seipse,
752 4115 851 4153 nec
902 4100 969 4153 ab
1026 4101 1131 4154 alio
1183 4104 1394 4170 genitus
1439 4104 1530 4156 sit.
1570 4103 1774 4157 Deinde
1816 4118 1946 4158 vero
1985 4119 2054 4158 ne

490 4189 578 4241 hic
606 4189 818 4257 quidem
860 4192 994 4244 artis
1040 4208 1149 4245 sua:
1187 4193 1523 4248 obliviscitur
1558 4212 1570 4247 :
1606 4195 1699 4248 sed
1742 4194 1901 4248 rebus
1926 4211 2056 4248 con-

490 4286 646 4339 fessis
677 4286 991 4351 itnmorans,
1039 4288 1190 4354 quasi
1220 4288 1485 4342 elementa
1515 4290 1759 4356 quaedam
1799 4290 1899 4344 sibi
1941 4291 2052 4356 ipse

487 4375 553 4426 ad
601 4389 717 4428 eam
759 4391 878 4444 qua:
922 4379 1168 4444 sequitur
1213 4379 1512 4432 doctrinam
1568 4380 1864 4434 interserit.
1919 4379 2050 4433 llltttl
2082 4398 2129 4457 ι)

488 4466 632 4519 enim
669 4481 772 4518 non
814 4468 986 4522 otiose
1013 4470 1169 4531 dixit,
1202 4471 1342 4537 quod
1385 4481 1629 4538 oporteat
1666 4472 1715 4524 id
1743 4473 1884 4541 quod
1927 4473 2052 4525 facit

491 4569 675 4607 revera
706 4556 853 4622 prius
885 4571 1004 4609 esse
1032 4571 1096 4609 eo
1124 4558 1262 4623 quod
1290 4555 1520 4610 ellicitur
1547 4575 1560 4609 :
1599 4557 1691 4610 sed
1722 4567 1780 4610 ut
1813 4557 1866 4610 in
1896 4557 2051 4610 insti-

490 4645 698 4698 tuendis
724 4646 789 4700 de
823 4645 960 4699 Filio
995 4647 1353 4712 sermonibus,
1379 4648 1431 4700 itt
1460 4650 2046 4701 anteeessum'cences-

487 4750 604 4789 sum
643 4736 835 4790 habeat
879 4737 1039 4806 215
1083 4737 1278 4790 Filium
1313 4748 1500 4806 postea
1535 4738 1734 4793 factum
1771 4737 1916 4792 Patri
1959 4754 2052 4792 ac-

485 4827 716 4880 cessisse
741 4868 754 4893 ,
787 4826 1052 4895 siquidem
1091 4829 1140 4881 id
1171 4831 1310 4898 quod
1342 4829 1506 4895 facit,
1539 4845 1603 4884 eo
1643 4830 1784 4898 quod
1819 4819 1882 4882 tit
1909 4828 2053 4883 anti-

485 4918 644 4984 qttitts
668 4928 751 4971 est
793 4935 808 4970 :
849 4918 996 4983 item,
1027 4929 1084 4973 ut
1119 4921 1219 4974 hoc
1263 4929 1517 4989 tanquam
1555 4921 1680 4976 inde
1713 4936 2052 4989 consequens

484 5006 723 5073 colligat,
765 5005 962 5060 Filium
993 5007 1199 5062 scilicet
1226 5021 1290 5061 ex
1334 5023 1438 5062 non
1467 5009 1809 5063 exstantibus
1849 5010 2049 5064 factum

557 5161 633 5232 (5)
663 5160 886 5232 Veteres
922 5162 1026 5216 dno
1053 5162 1172 5215 libri
1200 5161 1342 5226 τίνος
1371 5163 1552 5217 ἕνεκα.
1593 5162 1714 5218 Mox
1760 5163 1814 5218 in
1859 5163 2049 5218 iisdem

483 5231 613 5286 mss.
652 5247 753 5284 vos
788 5231 991 5302 ταύτην
1021 5234 1191 5302 deest.
1350 5273 1373 5290 .

554 5301 630 5371 (6)
663 5301 800 5354 Editi
827 5301 961 5353 Θεὸν
1001 5301 1286 5371 ἀγένητον,
1328 5302 1492 5354 Deum
1524 5318 1623 5354 non
1649 5301 2049 5369 factum,Deum

483 5388 587 5422 non
623 5381 823 5442 natttm.
853 5373 922 5424 At
959 5388 1086 5425 mss.
1115 5371 1246 5424 Θεὸν
1273 5372 1588 5442 ἀγέννητον,
1616 5371 1779 5424 Deum
1821 5388 1924 5424 non
1955 5389 2048 5442 ge-

483 5441 674 5502 nitum,
704 5439 872 5492 Deum
895 5443 1245 5510 generationis
1280 5439 1557 5508 expertem.

554 5509 630 5575 (7)
661 5510 797 5582 βιῃιὶ
833 5509 1053 5579 ctReg.
1099 5515 1365 5582 secundus
1396 5511 1755 5582 ἀγέννητον...
1786 5511 2046 5582 γεγεννῆέ

484 5575 628 5628 σθαι.
656 5578 759 5650 Alii
796 5587 909 5650 tres
946 5575 1424 5650 ηιέε.ἀγένητον...
1446 5575 2045 5650 γεγενῆσθαιζΕχιπδὶί

486 5661 646 5699 inanu
687 5647 831 5710 libri,
861 5663 982 5702 cum
1019 5650 1099 5703 hae
1151 5647 1308 5704 voces
1348 5647 1662 5718 occurrunt,
1700 5649 1874 5707 solent
1905 5651 2045 5706 inter

2076 3062 2124 3125 ο

2152 1846 2292 1894 στος,
2324 1832 2352 1882 6
2383 1831 2451 1883 τὰ
2477 1833 2596 1892 ταῖς
2626 1833 2828 1892 κοιναῖς
2862 1828 3191 1900 προλήψεσιν
3225 1827 3644 1897 ὡμολογημένα
3665 1826 3742 1876 δι-

2148 1922 2361 1975 δάσκων
2409 1921 2524 1984 πῶς
2565 1923 2685 1991 οὐχὶ
2726 1922 2826 1991 τῆς
2871 1921 2992 1990 ῐσης
3042 1919 3349 1989 παρανοίας
3401 1918 3740 1978 ὑπεύθυνος

2149 2012 2336 2082 Πολλῷ
2363 2011 2470 2082 γὰρ
2496 2013 2667 2082 δήπου
2696 2011 2867 2064 ταῦτα
2891 2011 2999 2062 τῶν
3023 2009 3108 2062 διὰ
3136 2010 3233 2079 τῆς
3266 2009 3455 2076 ὂψεως
3481 2010 3744 2078 φαινομέ-

2150 2122 2256 2157 νων
2290 2106 2399 2166 τοῖς
2433 2102 2764 2174 σωφρονοῦσι
2795 2101 3108 2172 πιστότερα.
3142 2101 3204 2152 Εἰ
3246 2101 3351 2171 μὲν
3383 2096 3482 2152 οὖν
3510 2096 3580 2170 ἦν
3606 2115 3683 2161 1t;
3711 2103 3742 2151 ὁ

2151 2196 2293 2249 κατά
2322 2196 2419 2265 τῆς
2440 2194 2696 2265 ἀληθείας
2715 2195 2918 2262 ταύτης
2940 2192 3332 2262 ἀναισχυντῶν,
3361 2192 3465 2244 καὶ
3493 2193 3586 2244 τὸν
3600 2193 3744 2258 ἀγέν-

2151 2303 2309 2355 νητον
2356 2285 2389 2355 ἢ
2423 2286 2554 2355 παρ’
2581 2283 2774 2336 ἑαυτοῦ
2809 2282 2842 2352 ἢ
2886 2283 3014 2353 παρ’
3045 2283 3232 2351 ἑτέρου
3258 2281 3640 2350 γεγεννῆσθαι
3669 2280 3742 2338 t7)

2150 2377 2560 2447 διατεινόμενος,
2592 2371 2736 2445 εἶχεν
2768 2376 2831 2429 ἀν
2862 2392 2982 2426 τινα
3006 2375 3166 2443 τυχὸν
3204 2372 3558 2444 συγγνώμην
3587 2375 3619 2443 ἡ
3644 2391 3745 2442 μα-

2149 2470 2367 2538 ταιότης
2397 2469 2504 2522 τῶν
2532 2467 2868 2538 λεγομένων·
2902 2468 2949 2519 εἰ
2986 2465 3042 2518 δὲ
3067 2465 3242 2527 οὐδεὶς
3291 2464 3471 2534 μέχρι
3510 2467 3746 2534 σήμερον

2149 2563 2271 2616 οὔτε
2305 2563 2412 2616 τῶν
2452 2563 2556 2627 ἔξω
2580 2562 2673 2615 τοῦ
2700 2563 2858 2630 λόγου
2887 2561 2978 2614 τοῦ
3013 2561 3130 2614 καθ’
3155 2562 3328 2630 ἡμᾶς,
3368 2559 3504 2612 οὕτε
3542 2560 3656 2612 τῶν
3689 2561 3748 2624 ἐξ

2150 2655 2320 2724 αὐτῆς
2348 2654 2446 2724 τῆς
2480 2653 2802 2722 Ἑκκλησίας
2823 2651 3238 2704 ἐπαναστάντων
3273 2653 3340 2720 τῇ
3374 2650 3637 2721 ἀληθείᾳ,
3675 2653 3748 2712 εἰς

2148 2745 2399 2800 τοσοῦτον
2422 2741 2582 2816 ἦλθεν
2615 2742 2973 2814 ἀποπληξίας,
3016 2742 3156 2794 ὥστε
3193 2741 3640 2812 διαμερισὸητεῖν
3667 2743 3741 2804 (81-

2152 2838 2279 2909 περὶ
2331 2836 2431 2906 τῆς
2469 2834 2792 2906 ἀγεννησίας
2835 2834 2928 2887 τοῦ
2967 2835 3294 2903 ἀγεννήτου·
3343 2835 3403 2886 τί
3455 2834 3653 2905 κέρδος
3689 2837 3750 2886 ἐκ

2151 2927 2258 2978 τῶν
2291 2926 2463 2994 λόγων
2492 2925 2716 2987 τούτων,
2739 2926 2800 2978 οὐ
2823 2923 3048 2996 συνορῶ.
3083 2926 3154 2976 Ἢ
3181 2923 3291 2976 τῶν
3332 2927 3751 2996 Ἀριστοτέλους

2151 3016 2318 3079 ὅντως
2355 3017 2485 3086 ἡμῖν
2527 3017 2620 3068 καὶ
2666 3014 2986 3085 Χρυσίππου
3019 3013 3403 3085 συλλογισμῶν
3445 3017 3562 3069 ἔδει
3617 3017 3748 3085 1:96;

2153 3109 2212 3160 τὸ
2241 3107 2450 3177 μαθεῖν,
2512 3107 2593 3159 ὃτι
2641 3108 2669 3158 6
2711 3105 3001 3176 ἀγέννητος
3030 3107 3104 3158 off
3125 3107 3466 3177 γεγέννηται
3493 3109 3599 3177 (9),
3631 3109 3746 3161 οὔτε

2153 3199 2311 3261 αὐτὸς
2347 3199 2435 3265 ὑφ’
2460 3197 2679 3259 ἑαυτοῦ,
2713 3196 2835 3249 οὒτε
2858 3197 2947 3265 ὑφ’
2978 3197 3202 3268 ἐτέρους
3232 3199 3330 3250 καὶ
3351 3199 3486 3251 οὕτε
3508 3201 3749 3270 πρεσϐύ-

2153 3305 2329 3358 τερος,
2349 3288 2472 3340 οὔτε
2496 3287 2757 3358 νεώτερος
2785 3287 2944 3350 αὑτός
2964 3288 3108 3339 ἐστιν
3133 3289 3329 3340 ἑαυτοῦ
3352 3305 3369 3349 ;
3398 3290 3469 3341 ΤΞ
3490 3286 3588 3343 οὖν
3605 3290 3748 3358 αὐτῷ

2152 3378 2324 3432 ταῦτα
2353 3377 2633 3447 βούλεται;
2665 3380 2822 3429 Δοκεῖ
2865 3393 2952 3446 μοι
2994 3375 3128 3446 ὁμοῦ
3161 3377 3259 3446 μὲν
3282 3380 3402 3439 τοῖς
3431 3378 3748 3441 ἀκολούθοις

2153 3466 2670 3534 ἐγκαλλωπίζεσθαι.
2696 3467 2769 3529 ὠς
2797 3466 2861 3536 δὴ
2889 3466 3088 3529 πυκνός
3120 3483 3204 3528 τις
3233 3468 3332 3520 καὶ
3355 3469 3628 3537 περιττὸς
3655 3469 3744 3537 τὴν

2153 3559 2409 3623 διάνοιαν,
2438 3559 2531 3610 καὶ
2553 3559 2678 3622 ὀξὺς
2706 3557 2805 3626 μὲν
2837 3556 3118 3610 ὑπιδέσθαι
3143 3557 3204 3609 τὸ
3234 3557 3468 3620 ἄτοπον,
3491 3558 3744 3628 ὀξύτερος

2153 3649 2209 3702 δὲ
2232 3649 2477 3702 διαλῦσαι
2517 3650 2577 3701 τὸ
2608 3649 2878 3718 φωραθὲν,
2913 3650 3004 3701 καὶ
3039 3647 3126 3699 διά
3152 3647 3314 3700 τοῦτο
3345 3649 3748 3720 έναὸρύνεσθαι

2152 3743 2218 3811 τῇ
2262 3739 2368 3792 τῶν
2409 3740 2582 3808 λόγων
2625 3743 2852 3809 στροφῇ,
2896 3741 2988 3792 καὶ
3037 3739 3164 3808 περὶ
3194 3739 3296 3807 τὴν
3329 3740 3622 3806 ἀπόδειξιν
3663 3743 3746 3793 λε-

2154 3833 2444 3901 πτουργεῖν
2484 3830 2577 3883 τοῦ
2615 3832 2752 3900 μήτε
2782 3832 2870 3898 ὑφ’
2904 3829 3095 3881 ἑαυτοῦ
3125 3830 3264 3898 μήτε
3312 3831 3406 3897 ὑφ’
3441 3832 3640 3902 ἑτέρου
3662 3832 3744 3883 τὴν

2153 3923 2444 3993 ἀγέννητον
2473 3921 2850 3991 γεγεννῆσθαι.
2883 3922 3111 3974 Ἔπειτα
3149 3921 3335 3990 μέντοι
3360 3922 3494 3975 οὐδὲ
3517 3923 3754 3977 ἐνταῦθα

2153 4016 2249 4085 τῆς
2288 4015 2484 4067 ἑαυτοῦ
2531 4015 2723 4084 τέχνης
2771 4012 3220 4067 ὲπιλανθάνεται’
3266 4013 3385 4065 ἀλλ’
3431 4017 3494 4067 ὲν
3533 4019 3605 4086 τῇ
3648 4013 3746 4068 τῶν

2152 4102 2596 4173 ὁμολογουμένων
2627 4104 2896 4174 διατριϐῇ,
2949 4103 3137 4174 ὥσπερ
3169 4106 3418 4173 στοιχεῖά
3466 4123 3596 4159 τινα
3623 4107 3747 4177 :96;

2151 4195 2274 4255 τοὺς
2309 4192 2434 4263 ἑξῆς
2459 4193 2646 4262 λόγους
2677 4194 2855 4262 ἐαυτῷ
2886 4193 3279 4264 παρεμϐάλλει.
3316 4195 3395 4246 Οὐ
3423 4196 3540 4266 γὰρ
3570 4198 3744 4268 ἀργῶς

2153 4284 2300 4354 αὐτῷ
2328 4287 2502 4338 ἐκεῖνο
2524 4283 2655 4354 ἔχει,
2689 4285 2770 4337 ὃτι
2810 4284 2910 4346 δεῖ,
2947 4283 3089 4337 κατά
3126 4283 3420 4354 ἀλήθειαν,
3464 4288 3533 4338 τὸ
3571 4288 3741 4340 ποιοῦν

2153 4372 2246 4424 τοῦ
2279 4373 2563 4441 γινομένου
2594 4373 2987 4445 προῦπάρχειν.
3025 4372 3164 4424 Ἀλλ’
3216 4372 3306 4424 ἴνα
3356 4375 3420 4425 ἐν
3462 4379 3584 4438 τοῖς
3631 4375 3740 4444 περὶ

2156 4463 2286 4515 Υἰοῦ
2346 4463 2524 4531 λόγοις
2578 4463 3154 4535 προδιωμολογημένον
3211 4461 3334 4534 ἔχῃ,
3393 4464 3465 4516 τὺ
3533 4466 3739 4534 ὕστερον

2154 4555 2620 4626 προσγεγενῆσθαι
2658 4554 2734 4624 τῷ
2765 4555 2938 4624 Πατρὶ
2967 4553 3058 4606 τὸν
3089 4553 3235 4616 Υἱδν,
3268 4553 3438 4626 εἰπερ
3471 4555 3539 4607 τὺ
3571 4553 3739 4608 ποιοῦν

2155 4647 2270 4697 ἐστι
2307 4645 2399 4698 τοῦ
2427 4645 2709 4715 γινομένου
2739 4644 3136 4716 πρεσϐύτερονο
3187 4643 3370 4714 τούτῳ
3416 4645 3482 4697 δὲ
3523 4647 3605 4709 ὡς
3632 4645 3736 4698 ἐπὸ-

2159 4753 2316 4806 μενον
2366 4735 2524 4807 λάϐῃ,
2583 4737 2643 4790 τὸ
2705 4738 2769 4789 ὲκ
2830 4737 2904 4806 μὴ
2955 4737 3119 4788 ὄντων
3162 4735 3252 4788 τὸν
3305 4737 3444 4788 Υἱὸν
3497 4738 3736 4807 γεγεννῆ-

2157 4827 2278 4880 σθαι
2313 4828 2446 4898 (10).
2511 4828 2645 4880 Ἀλλ’
2697 4831 2726 4880 6
2770 4829 2868 4897 μὲν
2916 4829 3018 4898 τῆς
3065 4829 3144 4891 εἰς
3181 4828 3271 4880 τὸν
3311 4828 3450 4881 Υἱὸν
3499 4831 3734 4889 ἀσεϐείας

2159 4917 2380 4988 ἔλεγχος
2407 4921 2464 4971 ὲν
2489 4922 2600 4982 τοῖς
2623 4919 2845 4981 οἰκείοις
2869 4919 3056 4982 τόποις
3097 4920 3477 4989 ἀναμεινάτω.
3525 4923 3665 4991 Ἐγὼ
3691 4921 3732 4972 δὲ

2158 5010 2253 5062 καὶ
2283 5010 2381 5079 τὴν
2407 5008 2500 5062 τοῦ
2533 5010 2828 5080 ἀγεννήτου
2858 5010 3249 5081 προσηγορίαν,
3285 5010 3392 5064 κᾶν
3412 5013 3492 5065 τὰ
3515 5014 3731 5084 μάλιστα

2155 5178 2215 5218 se
2262 5163 2551 5228 dissidere,
2593 5164 2683 5217 alii
2718 5163 2880 5217 aliam
2939 5164 3268 5233 scripturam
3332 5167 3724 5234 praferentes;

2155 5249 2275 5302 quze
2302 5236 2530 5287 variatio
2556 5244 2610 5287 et
2637 5235 2688 5286 in
2726 5235 2858 5300 ipsis
2881 5235 3034 5288 libris
3066 5237 3351 5302 impressis
3382 5237 3685 5291 invenitur.

2162 5372 2184 5389 η
2225 5305 2302 5372 (8)
2333 5304 2472 5358 Editi
2524 5303 2598 5367 ὡς
2645 5303 3086 5375 διαμφισϐητεῖν.
3138 5307 3208 5358 At
3247 5320 3384 5359 mss.
3421 5321 3542 5361 non
3591 5304 3726 5377 pauci

2151 5389 2315 5425 ωστε.

2151 5475 2161 5506 ι
2222 5444 2302 5514 (9)_
2322 5443 2456 5514 Reg.
2488 5442 3002 5514 tertinsdyévvqto;
3017 5442 3105 5514 706A
3130 5441 3454 5514 γεγένηται.

2222 5510 2335 5582 (l0)
2377 5510 2512 5566 Ιίόίιί
2539 5513 2628 5565 τὸν
2661 5512 2790 5564 Υἱὺν
2815 5510 3196 5581 γεγεννῆσθαι,
3218 5510 3447 5583 filium
3510 5515 3724 5583 genitum

2150 5599 2279 5636 esse.
2310 5581 2380 5634 At
2404 5597 2535 5636 mss.
2560 5583 2800 5651 plerique
2833 5599 3021 5637 omnes
3047 5581 3405 5652 γεγενῆσθαι.
3452 5581 3580 5641 Hbs
3608 5585 3719 5648 Bes-

2153 5653 2344 5709 tertius
2366 5667 2487 5708 cum
2514 5652 2667 5708 Colb.
2689 5654 2872 5715 τόποις
2893 5653 3230 5724 ἀναμενέτω.
