3836 6222
45 271 180 336 51‘:

1182 275 1544 341 ADVERSUS
1575 276 1942 343 EUNOMlUM
1983 277 2113 342 LIB.
2156 286 2198 341 l.

3222 290 3326 344 BIS

42 397 206 472 δοκῇ
231 403 350 465 ταῖς
376 401 608 466 ἐννοίαις
640 393 798 474 ἡμῶν
822 404 1156 475 συμϐαίνειν,
1189 405 1302 458 ἀλλ’
1325 401 1416 460 οὖν
1453 407 1528 470 ὡς
1562 409 1651 460 οὑ-

1775 423 1900 463 esse.
1945 409 2016 462 At
2048 407 2344 476 impietatis
2387 406 2442 460 in
2475 405 2671 461 Filium
2713 406 3014 462 confutatio
3045 408 3158 464 suis
3195 408 3332 466 locis

46 493 258 563 δαμοῢ
299 495 396 564 τῆς
433 495 654 566 Γραφῆς
689 496 968 566 κειμένην,
1010 497 1104 550 καὶ
1144 497 1357 567 πρῶτον
1401 502 1661 568 στοιχεῖον

49 581 251 638 οὖσαν
285 587 384 656 τῆς
411 585 758 657 βλασφημίας
781 587 980 652 αὐτῶν,
1015 589 1320 642 σιωπᾶσθαι
1350 589 1416 642 ἂν
1439 589 1663 654 δικαίως

49 677 244 744 ἀξίαν
277 673 416 730 εἶναι
447 679 712 749 φήσαιμι,
735 681 832 749 τῆς
871 680 1086 750 Πατρὸς
1135 683 1320 752 φωνῆς
1366 681 1476 734 ἴσον
1503 683 1664 736 δυνα-

57 769 260 839 μένης
302 769 378 840 τῷ
411 772 710 842 ἀγεννήτῳ,
738 773 874 842 πρὸς
903 771 980 842 τῷ
1004 774 1095 825 καὶ
1124 773 1222 843 τὴν
1257 775 1383 844 περὶ
1409 773 1502 826 τοῦ
1533 773 1662 826 Υἱοῦ

55 862 296 915 ἔννοιαν
323 863 682 933 συνημμένως
721 865 888 935 ἑαυτῇ
920 864 1006 918 διὰ
1039 866 1137 935 τῆς
1171 865 1408 935 σχέσεως
1443 885 1663 920 συνεισ-

57 953 262 1020 άγειν.
297 953 354 1005 '0
377 953 482 1024 γὰρ
508 953 674 1017 ὅντως
701 955 886 1025 Πατὴρ
905 956 997 1008 καὶ
1023 956 1183 1024 μόνος
1203 957 1260 1022 ἐξ
1283 958 1491 1020 οὐδενός
1521 960 1666 1013 ἐστιν

55 1043 274 1114 ἑτέρου
293 1060 306 1072 ·
338 1044 398 1096 τὸ
430 1045 504 1110 δὲ,
537 1044 596 1109 ἐξ
619 1047 850 1110 οὐδενὸς,
873 1049 1066 1101 ταυτόν
1097 1051 1212 1100 ἐστι
1229 1047 1325 1119 τῷ.
1349 1050 1662 1120 ἁγέννητος,

59 1135 156 1186 Οὐ
193 1135 378 1188 τοίνυν
415 1137 708 1208 ἀγέννητον
737 1140 1200 1210 προσαγορευτέον
1245 1141 1442 1212 μᾶλλον
1475 1144 1604 1212 ἡμῖν
1631 1143 1664 1214 ἢ

61 1225 332 1296 Πατέρα,
366 1229 419 1280 εί
444 1244 510 1295 γε
547 1229 620 1299 μὴ
654 1229 938 1302 μέλλοιμεν
978 1227 1127 1285 εἶναι’
1143 1232 1438 1304 σοφώτεροι
1464 1234 1572 1287 τῶν
1599 1235 1670 1286 δι-

59 1315 382 1386 δαγμάτων
431 1318 524 1371 τοῦ
589 1321 861 1392 Σωτῆρος,
904 1324 1174 1387 εἰπόντος’
1232 1325 1665 1392 Πορευθέντες,

53 1406 400 1470 ,ϐαπτίζετε
439 1413 527 1476 είς
550 1412 614 1464 τὸ
642 1411 828 1481 ὄνομα
856 1415 960 1468 τοῦ
989 1417 1236 1482 Πατρός,
1280 1417 1394 1469 ἀλλ’
1424 1418 1542 1485 οὐχ).
1574 1417 1667 1470 τοῦ

67 1502 408 1572 ἁγεννήτου.
434 1505 542 1556 Καὶ
563 1503 734 1558 ταῦτα
772 1505 870 1575 μὲν
897 1507 975 1569 εἰς
998 1506 1267 1561 τοσοῦτον.
1296 1508 1486 1577 Ἡμεῖς
1513 1509 1568 1562 δὲ
1600 1508 1670 1562 τὰ

75 1594 293 1662 συνεχῆ
343 1595 434 1648 τοῦ
487 1595 645 1664 λόγου
691 1597 1108 1669 διασκεψώμεθα
1141 1599 1273 1670 (11).
1323 1601 1530 1668 Ὀλίγον
1561 1601 1671 1672 γὰρ

67 1685 392 1754 προελθὼν,
443 1689 536 1740 καὶ
581 1685 692 1743 οἷον
740 1692 1305 1763 συγκεφαλαιούμενος
1353 1693 1513 1756 αὐτὸς
1557 1695 1668 1765 (12)

65 1777 272 1848 ἑαυτῷ
299 1779 366 1831 τὰ
405 1781 693 1851 εἰρημένα,
722 1783 864 1836 οὕτω
897 1784 1124 1855 γράφει.

1765 509 2094 554 reservetur.
2133 498 2246 567 Ego
2279 512 2406 552 vero
2437 500 2600 554 etiam
2637 499 2858 568 ingeniti
2889 501 3330 568 appellationem,

1761 603 2066 658 quanquam
2111 588 2346 641 maxime
2407 595 2592 641 nostro
2633 587 2961 658 intelligendi
3007 589 3168 642 modo
3196 603 3332 642 con-

1765 697 1959 750 gruere
1990 681 2222 748 videtur,
2263 689 2439 734 tamen
2470 680 2610 750 quod
2643 695 2908 748 nusquam
2957 679 3012 734 in
3049 678 3332 748 Scriptura

1767 781 2075 840 usurpetur,
2123 772 2296 841 silque
2339 773 2570 840 primum
2618 771 2911 840 impietatis
2954 771 3192 841 ipsorum
3232 772 3336 826 ειει

1767 874 2030 928 mentum,
2067 864 2208 918 hanc
2237 865 2453 919 silentio
2491 865 2610 933 iure
2647 865 2958 918 tradendam
3009 879 3132 918 esse
3166 865 3335 920 duxe-

1769 957 1891 1010 rim.
1922 955 2129 1025 Quippe
2167 971 2266 1010 vox
2301 956 2477 1012 Patris
2523 957 2664 1010 idem
2692 956 2836 1010 valet
2863 955 3006 1024 quod
3043 971 3146 1010 vox
3187 960 3337 1028 inge-

1768 1050 1888 1112 niti,
1921 1059 2274 1117 praeterquam
2302 1048 2448 1117 quod
2473 1047 2590 1101 Filii
2620 1049 2782 1102 etiam
2815 1049 3084 1102 notionem
3115 1049 3338 1118 coniunx

1767 1142 1897 1195 ctim
1934 1157 2028 1212 per
2073 1143 2390 1196 relationem
2420 1142 2580 1196 simul
2611 1142 2886 1208 praeferat.
2919 1141 3020 1206 Qui
3053 1140 3196 1194 enim
3245 1155 3336 1193 rea-

1770 1247 1894 1286 vera
1919 1239 1973 1286 et
1999 1233 2144 1286 solus
2175 1231 2336 1287 Pater
2374 1243 2477 1296 est,
2512 1249 2576 1287 ex
2611 1233 2759 1286 nullo
2803 1232 2907 1286 alio
2939 1241 3061 1286 est:
3093 1233 3196 1286 hoc
3226 1247 3338 1284 ιλιι-ι

1771 1331 1878 1376 tem
1910 1325 2048 1391 quod
2084 1340 2148 1378 ex
2185 1325 2336 1379 nullo
2377 1335 2479 1390 est,
2528 1325 2670 1378 idem
2719 1333 2804 1378 est
2842 1335 3005 1393 atque
3039 1325 3332 1394 ingenitus.

1771 1414 1886 1469 Non
1917 1417 2080 1484 igitur
2105 1417 2275 1484 magis
2302 1415 2574 1483 ingenitus
2597 1431 2760 1483 quam
2801 1415 2957 1468 Pater
2983 1414 3338 1483 appellandus

1771 1509 1929 1562 nobis
1957 1515 2058 1572 est,
2086 1507 2190 1561 nisi
2223 1506 2526 1561 Salvatoris
2550 1508 2871 1561 documenta
2898 1505 3224 1560 voluerimus
3255 1521 3338 1560 sae

1773 1601 1972 1668 pientia
2005 1613 2282 1666 superare,
2311 1599 2402 1666 qui
2433 1599 2606 1654 dixit:
2641 1597 2838 1650 Euntes
2867 1599 3129 1666 baptizata
3158 1597 3212 1650 in
3243 1613 3339 1650 no-

1773 1693 1912 1745 mine
1943 1691 2125 1745 Patris
2156 1693 2222 1758 5’,
2269 1707 2374 1745 non
2407 1691 2655 1762 ingeniti.
2691 1690 2793 1744 Sed
2825 1690 2892 1744 de
2937 1692 3020 1744 his
3057 1691 3338 1745 hactenus.

1705 1775 1749 1830 Β
1777 1786 1886 1842 Nos
1911 1800 2044 1840 vero
2065 1800 2128 1840 ea
2155 1801 2277 1856 quze
2303 1785 2546 1855 proxime
2571 1781 2756 1846 refert,
2785 1785 3172 1852 expendamus.
3201 1780 3339 1836 Nam

71 1871 180 1924 ubi
237 1873 512 1940 paululum
548 1889 866 1942 progressus
893 1889 998 1938 est,
1031 1879 1242 1948 sibique
1295 1881 1410 1948 ipse
1434 1895 1498 1935 ea
1536 1881 1870 1949 qnaadixerat
1901 1881 2047 1934 velut
2073 1881 2126 1932 in
2159 1894 2427 1933 summam
2454 1877 2677 1946 redegit,
2708 1869 2786 1930 Sic
2815 1875 3020 1930 scribit.

157 1965 326 2017 ΕΥΝ.
372 1967 492 2037 Ἆρ’
521 1965 636 2032 οὖν,
669 1972 717 2021 εί
741 1970 880 2040 μήτε
923 1971 1084 2034 αὐτὸς
1127 1972 1341 2036 ἑαυτοῦ,
1394 1974 1531 2044 μήτε
1560 1974 1676 2026 ἓτε-

71 2057 180 2128 ρόν
213 2075 270 2110 τι
303 2058 467 2110 αὐτοῦ
519 2061 896 2132 προϋπάρχειν
951 2062 1240 2130 δέδεικται,
1302 2063 1410 2135 πρὸ
1446 2065 1504 2118 δὲ
1531 2065 1672 2118 πάν-

71 2165 196 2200 των
231 2150 418 2214 αὐτὸς,
468 2153 752 2206 ἀκολουθεί
785 2155 958 2226 τούτῳ
1003 2157 1064 2209 τὸ
1103 2157 1431 2228 ἀγέννητον’
1472 2156 1672 2227 μᾶλλον

69 2240 142 2292 δὲ
175 2241 310 2293 αὐτό
343 2244 801 2316 έστιν(15),ούσία
833 2249 1145 2320 ἀγέννητος.

157 2333 313 2386 ΒΑΣ.
353 2337 456 2388 Ἦν
495 2337 675 2390 τοίνυν
710 2341 768 2392 ὲν
804 2339 1014 2404 τούτοις
1048 2341 1414 2412 ὲφωράσαμεν
1440 2359 1673 2414 κακουρ-

71 2423 214 2490 γίαν
243 2424 470 2478 συνιδεῖν
493 2428 610 2496 μὲν,
647 2424 800 2498 οἶμαι
818 2431 948 2498 (Mi,
975 2432 1070 2484 καὶ
1103 2432 1244 2485 πάνυ
1288 2434 1468 2503 ῥᾴδιον
1486 2434 1672 2504 τῴκαὶ

77 2516 290 2582 μικρὸν
329 2517 705 2588 ὲπιστήσαντι,
738 2523 952 2593 ἐμφανῆ
981 2523 1038 2575 δὲ
1065 2525 1284 2594 ποιῆσαι
1323 2529 1436 2589 τοῖς
1460 2528 1673 2593 πολλοῖς

71 2607 188 2658 οὐκ
219 2607 480 2679 εὐμαρές.
509 2611 654 2682 Πλὴν
679 2612 812 2664 ἀλλά
840 2615 1145 2685 πειρατέον,
1172 2617 1270 2686 τὴν
1300 2617 1488 2672 ἐλπίδα
1513 2619 1674 2690 θεμέ-

71 2715 213 2763 νους
247 2703 340 2755 ἐπὶ
381 2703 472 2756 τὸν
517 2705 728 2759 διδόντα
781 2708 932 2778 ῥῆμα
983 2711 1096 2771 τοῖς
1139 2710 1669 2782 εύαγγελιζομένοις,

69 2791 316 2864 δυνάμει
365 2793 554 2866 πολλῇ.
592 2796 796 2860 Εἰπὼν,
840 2799 941 2862 ὅτι,
978 2801 1027 2850 εί
1064 2800 1201 2869 μήτε.
1246 2800 1408 2864 αὐτὸς
1451 2802 1668 2865 ἑαυτοῦ,

77 2885 234 2956 μήτε
283 2885 468 2956 ἕτερον
511 2903 564 2939 τι
603 2887 764 2942 αὑτοῦ
813 2888 1177 2959 προϋπάρχει,
1210 2890 1491 2943 ἀκολουθεῖ
1523 2891 1672 2961 αὐτῷ

71 2977 148 3030 τὸ
189 2977 515 3047 ἀγέννητον·
563 2975 681 3032 εἶτα
724 2978 970 3043 συνιδὼν,
1007 2981 1088 3033 ὅτι
1123 2983 1186 3034 ἐκ
1218 2982 1316 3051 τῆς
1343 2980 1452 3034 τῶν
1483 2981 1669 3034 τεθέν-

73 3085 198 3122 των
231 3069 553 3134 ἀκολουθίας
587 3071 722 3141 πρὸς
763 3071 826 3124 τὸ
859 3073 1098 3125 ἐναντίον
1145 3072 1292 3144 αὐτῷ
1325 3074 1613 3145 περιῆλθεν
1642 3075 1670 3128 ὁ

73 3161 248 3230 λόγος
279 3162 348 3233 (εί
376 3161 485 3234 γὰρ
519 3163 804 3216 ἀκολουθεῖ
839 3163 918 3233 τῷ
950 3163 1069 3232 Θεῴ
1099 3166 1159 3216 τὸ
1192 3165 1505 3237 ἀγέννητον,
1541 3166 1670 3231 ἕξω-

1849 1973 1980 2027 Eun.
2011 1973 2216 2041 itaque,
2267 1972 2311 2024 si
2349 1979 2624 2024 ostensum
2651 1976 2734 2022 est
2771 1982 2951 2036 neque
3000 1967 3174 2036 ipsum
3217 1975 3343 2019 ante

1777 2065 2038 2134 seipsum,
2063 2079 2236 2132 neque
2275 2064 2566 2132 quidquam
2597 2059 2744 2114 aliud
2799 2068 2926 2114 ante
2971 2059 3148 2126 ipsum
3179 2073 3300 2112 esse
3323 2097 3340 2122 ,

1777 2156 1870 2210 sed
1913 2155 2086 2224 ipsum
2141 2163 2264 2208 ante
2297 2155 2477 2207 omnia
2523 2159 2782 2206 exstare:
2819 2151 3060 2218 sequitur
3087 2149 3232 2202 illum
3263 2150 3344 2204 iit-

1777 2249 2056 2320 generatio
2087 2265 2100 2299 :
2135 2247 2242 2300 imo
2265 2249 2442 2316 p0tius
2465 2247 2578 2314 ipsa
2605 2252 2687 2299 est
2717 2243 3014 2298 substantia
3047 2241 3306 2310 ingenita.

1846 2340 1970 2394 Bas.
1997 2339 2231 2394 Proinde
2257 2353 2418 2407 quam
2445 2339 2498 2393 in
2537 2337 2622 2392 his
2657 2336 3113 2407 deprehendimus
3137 2335 3342 2403 impro‘

1775 2432 2023 2497 bitatem,
2063 2431 2366 2500 intelligere
2394 2431 2632 2499 quidem,
2675 2439 2731 2485 ιιι
2772 2441 2924 2500 puto,
2953 2427 3110 2482 facile
3132 2435 3215 2482 est
3247 2427 3344 2482 ada-

1778 2525 1994 2578 modum
2021 2525 2091 2591 ei,
2139 2524 2229 2593 qui
2261 2523 2344 2578 vel
2397 2524 2587 2578 leviter
2640 2522 2930 2576 attenderit
2958 2523 3244 2576 animum:
3291 2531 3347 2574 at
3397 2525 3408 2598 "

1776 2633 1894 2672 eam
1919 2618 2078 2686 vulgo
2106 2617 2452 2670 manilestam
2488 2617 2714 2670 reddere
2735 2631 2838 2669 non
2867 2615 2940 2668 ita
2966 2614 3129 2668 fuerit
3164 2614 3342 2670 facile.

1775 2711 2114 2765 Tentandum
2139 2720 2340 2774 tamen,
2359 2717 2708 2779 posteaquam
2730 2723 2877 2777 spem
2897 2708 3344 2762 collocaverimus

1777 2802 1937 2868 ineo,
1974 2803 2064 2870 qui
2089 2799 2952 2866 datverbumevangelizantibus,
2988 2800 3186 2853 virtute
3203 2799 3346 2854 mul-s

1777 2901 1829 2947 ta
1848 2895 1913 2946 ⁶⁰.
1945 2894 2164 2947 Dixerat
2196 2907 2356 2962 porro
2403 2892 2542 2961 quod
2582 2891 2732 2958 illud,
2771 2892 2816 2945 si
2849 2905 3020 2959 neque
3059 2891 3176 2958 ipse
3222 2901 3347 2946 ante

1777 2987 2036 3056 seipsum,
2067 2999 2238 3053 neque
2268 2983 2415 3038 aliud
2461 2984 2754 3052 quidquam
2777 2993 2900 3036 ante
2923 2983 3097 3052 ipsum
3125 2995 3228 3049 est,
3260 2999 3347 3039 εε-

1777 3075 2329 3146 quaturingeneratio
2359 3093 2372 3130 :
2401 3076 2494 3129 sed
2528 3077 2868 3143 postmodum
2895 3075 3160 3128 intellexit
3183 3077 3345 3130 verba

1779 3183 1873 3224 sua
1892 3169 1993 3224 sibi
2015 3169 2084 3223 ob
2104 3167 2376 3236 jactorum
2398 3167 2870 3220 fundamentorum
2895 3168 3344 3236 consequentiam

75 3255 182 3309 θεν
209 3253 360 3324 αὐτῷ
389 3255 694 3324 παρέπεται
725 3254 988 3326 δηλονότι.
1015 3255 1088 3306 Τὸ
1109 3255 1166 3308 δὲ
1191 3257 1389 3322 ἔξωθεν
1414 3257 1508 3310 τοῦ
1536 3258 1651 3310 Θεοὲ

1779 3261 1832 3314 in
1851 3261 2178 3314 contrariam
2199 3270 2406 3326 partem
2433 3257 2646 3311 cedere.
2673 3255 2806 3310 Nam
2833 3257 2876 3312 si
2905 3258 3070 3312 Deum
3104 3259 3349 3326 sequitur

73 3345 190 3398 οὐκ
221 3344 380 3398 οὐσία
411 3344 576 3398 αὐτοῦ
605 3347 774 3400 ἐστιν.
817 3345 910 3399 Ἐκ
945 3345 1002 3397 δὲ
1031 3346 1364 3417 τούτωνμὸ)
1396 3349 1673 3418 οἰχήσεται

71 3437 346 3508 διαρρυὲν
372 3437 520 3508 αὐτῷ
546 3438 606 3491 τὸ
635 3437 1017 3509 σκαιὼρημα),
1036 3439 1122 3491 ἵνα
1151 3439 1206 3490 δὲ
1231 3440 1304 3510 μὴ
1327 3439 1482 3492 τοῦτο
1503 3439 1669 3511 πάθῃ,

75 3531 138 3582 τί
181 3531 358 3594 assist;
395 3530 576 3601 Βραχὺ
614 3532 908 3602 φροντίσας
937 3530 1030 3584 τοῦ
1065 3531 1320 3600 γέλωτος,
1361 3531 1420 3583 ὃν
1465 3533 1558 3584 ἐπὶ
1593 3531 1672 3602 τῷ

73 3624 158 3676 ’τὰ
187 3623 526 3677 ἀνακόλουθα
547 3623 726 3692 λέγειν
757 3626 981 3696 ὑπέχειν
1013 3624 1224 3694 ἔμελλε,
1253 3628 1319 3696 τῇ
1351 3623 1670 3695 ἐπιδιορθώ-

77 3734 174 3770 σει
225 3717 481 3788 ἀπήγαγε
525 3717 616 3770 τὸν
660 3718 817 3787 λόγον
863 3719 998 3790 πρὸς
1041 3719 1076 3772 ἃ
1123 3717 1402 3783 ἐϐούλετο,
1459 3717 1664 3770 εἰπών·

75 3809 306 3863 Μᾶλλον
331 3809 388 3864 δὲ
425 3811 556 3864 αὐτό
579 3811 690 3883 (16)
719 3813 866 3864 ἐστιν
897 3812 1052 3864 οὐσία
1080 3810 1392 3880 ἀγέννητος.
1420 3809 1588 3863 Τοῦτο
1609 3809 1666 3862 δὲ

73 3900 346 3972 οὐδεμίαν
393 3903 490 3973 μὲν
533 3902 646 3973 ἔχει
692 3903 977 3974 ὁμολογίαν
1013 3901 1149 3973 πρὸς
1195 3901 1266 3954 τά
1319 3902 1668 3971 προάγονταο

75 3992 208 4054 πῶς
240 3991 349 4064 γὰρ
381 3995 474 4046 καὶ
495 3987 755 4065 ἑπόμενον
785 3993 932 4064 αὐτῷ
957 3993 1017 4046 τὸ
1037 3993 1147 4064 (Π)
1169 3993 1460 4064 ἀγέννητον
1490 3995 1517 4046 ὁ
1535 3993 1670 4058 Θεὸς

161 4109 210 4142 ⁸⁸
237 4109 428 4163 Matth.
460 4125 649 4176 xxvm,
688 4110 773 4166 19.
852 4109 896 4140 ⁶⁰
921 4108 1061 4164 Psal.
1099 4125 1264 4174 vau,
1301 4109 1388 4162 l2.

159 4223 272 4292 (ll)
307 4223 442 4276 Editi
467 4225 546 4286 εἰς
576 4215 638 4276 τὸ
659 4221 826 4293 ὄνομα
862 4221 955 4274 τοῦ
990 4219 1205 4293 Πατρός
1227 4229 1238 4250 ί
1271 4220 1363 4274 τοῦ
1414 4221 1646 4292 Πατρὸς,

76 4295 202 4351 ἀλλ’
234 4291 356 4362 οὐχ).
385 4293 476 4346 τοῦ
511 4291 893 4363 ἀγεννήτου....
928 4291 1272 4362 σκεψώμεθα.
1312 4293 1460 4346 Libri
1507 4291 1655 4347 vete-

81 4383 198 4426 res,
239 4367 316 4417 uti
359 4365 540 4418 videre
578 4366 739 4418 estin
777 4371 1054 4417 contextu.

159 4433 385 4505 (12)lta
445 4434 655 4505 antiqui
690 4433 798 4488 duo
855 4431 1145 4505 libi'i,_Vox
1191 4425 1456 4505 αύτόςῃὶη
1496 4433 1656 4505 editis

85 4499 463 4574 desideratur.
505 4499 942 4574 Aliquantopost
982 4503 1111 4570 Reg.
1138 4504 1338 4574 tertius
1361 4499 1544 4574 ἕτερόν
1599 4521 1649 4556 τι
1683 4509 1726 4562 D

75 4576 194 4648 πρὸ
219 4565 676 4648 αὐτοῦμύ-πέιρχέιν
693 4565 1523 4648 ἀποδέδεικταιξ-ιίεηιοηεινιιιἀοι
1551 4582 1645 4630 est.

158 4645 276 4716 (ιδ)
318 4645 491 4716 Editio
532 4643 729 4716 Paris.
760 4655 815 4716 et
848 4644 999 4711 Regii
1031 4643 1257 4716 primus,
1295 4644 1562 4716 secundus
1595 4653 1650 4696 et

75 4713 296 4780 scitus,
320 4715 516 4783 μᾶλλον
563 4715 624 4768 δὲ
670 4713 832 4778 αὑτός
889 4717 1056 4776 ἐστιν,
1097 4713 1202 4764 imo
1251 4727 1368 4765 vero
1436 4714 1540 4778 ipse
1575 4723 1650 4766 est

75 4787 382 4840 substantia
411 4787 663 4854 ingenita.
729 4784 884 4854 Regii
944 4783 1134 4854 tertius
1168 4783 1489 4854 etAquintus
1525 4797 1648 4836 cum

75 4857 240 4912 Coll).
273 4867 328 4908 et
369 4841 492 4909 cuni
519 4841 782 4908 'editione
811 4841 958 4909 "Ven.
1001 4853 1198 4922 μᾶλλον
1231 4841 1289 4904 δέ
1313 4841 1445 4906 αὐτό
1477 4853 1646 4914 ἐστιν,

75 4929 191 4979 imo
250 4941 368 4977 vero
424 4926 534 4992 ipsa
575 4935 648 4977 est
705 4925 1001 4978 substantia
1039 4925 1290 4992 ingenita,
1325 4926 1426 4976 hoc
1475 4933 1559 4976 est
1588 4922 1649 4975 τὸ

73 4997 398 5063 ἀγέννητον,
433 4998 547 5060 ipsa
604 4995 948 5063 ingeneratio,
986 5005 1066 5047 est
1125 4992 1430 5063 substantia
1495 4992 1647 5060 inge-

75 5062 592 5121 ηῑιιιμέ-Μᾶλνιον
630 5062 698 5117 δὲ
747 5065 894 5118 αὑτό
948 5064 1118 5118 ἐστιν
1165 5062 1345 5116 οὐσία
1397 5063 1649 5129 ἀγέννη-

73 5153 204 5202 τος.
239 5135 296 5188 In
345 5138 446 5189 hoc
497 5135 636 5198 loco,
685 5135 774 5203 qui
809 5134 946 5188 infra
994 5135 1076 5188 bis
1133 5133 1413 5201 repetitur,
1477 5133 1645 5185 multo

73 5209 284 5262 clarior
307 5208 410 5260 erit
439 5215 548 5259 tota
583 5206 898 5272 disputatio,
933 5205 977 5259 si
1008 5207 1340 5272 legamusut
1390 5204 1440 5254 in
1509 5215 1648 5272 non-5

74 5278 246 5332 nullis
279 5275 574 5330 .codicibus
625 5267 756 5332 m'ss.
803 5285 858 5328 et
885 5267 1101 5334 ieditis‘,
1142 5271 1306 5333 αὐτός
1340 5273 1505 5324 ἐστιν.
1560 5267 1647 5324 γει

71 5349 254 5416 potius
281 5347 593 5416 ipsetDeus)
625 5356 699 5400 est
737 5345 1032 5399 substantia
1076 5343 1332 5416 ingenita.
1390 5341 1647 5416 Testatur

75 5412 314 5470 Basilius
341 5432 391 5483 p.
421 5415 528 5469 9'25
561 5417 675 5470 luec
702 5416 1025 5470 Eunomiuin
1087 5414 1152 5466 de
1201 5413 1306 5466 Deo
1339 5412 1647 5483 universo-

77 5504 202 5540 rum
243 5480 476 5556 dixisseﬁ;
503 5487 664 5555 idque
688 5497 835 5556 patet
863 5500 928 5539 ex
961 5485 1044 5538 his
1067 5495 1188 5556 qua}:
1213 5481 1457 5556 protinus
1492 5480 1644 5534 addit

73 5559 398 5630 Ennomius.
437 5550 702 5630 PrzetErea
727 5550 1206 5630 conceptis‘ve'rbis
1241 5552 1343 5606 hoc
1379 5550 1519 5630 loco
1535 5566 1642 5630 non

73 5627 608 5700 dicebatiEunomius
637 5629 812 5700 ipsum
851 5624 1145 5700 ingenitum
1193 5637 1310 5676 esse
1345 5624 1642 5700 essentiam

75 5700 200 5761 Dei,
227 5699 318 5752 sed
345 5712 409 5750 eo
440 5689 686 5763 spectare
713 5689 858 5753 illius
893 5689 1056 5751 verba
1088 5697 1342 5750 observat
1383 5689 1642 5755 Basilids,

75 5787 130 5840 p.
165 5770 290 5828 216.
313 5767 522 5823 ﬂuuit.

1781 3351 2134 3422 ingeneratio,
2154 3365 2216 3405 ea
2241 3351 2312 3403 illi
2333 3349 2520 3420 procul
2559 3349 2722 3403 dubio
2753 3351 3096 3404 extrinsecus
3114 3350 3343 3404 accedit.

1780 3444 1930 3510 Quod
1949 3451 2124 3497 autem
2144 3451 2298 3496 extra
2323 3441 2492 3496 Deum
2518 3448 2622 3505 est,
2656 3443 2954 3496 substantia
2981 3441 3096 3510 ejus
3119 3453 3346 3498 nonest.

1779 3537 1958 3592 Exhis
1986 3544 2162 3590 autem
2210 3533 2454 3588 dolosum
2481 3532 2627 3586 illius
2653 3542 3019 3587 commentum
3059 3533 3260 3590 dillluet
3285 3551 3350 3590 ac

1779 3628 2063 3683 dilabetur.
2081 3626 2184 3682 Sed
2203 3627 2308 3681 hoc
2326 3627 2375 3682 ei
2393 3641 2460 3680 ne
2475 3625 2704 3691 accidat,
2722 3625 2848 3693 quid
2868 3624 3022 3679 facit?
3041 3625 3192 3682 Haud
3211 3627 3352 3680 mut-

1781 3729 1893 3772 tum
1919 3733 2118 3773 curans
2150 3719 2342 3783 risum,
2370 3731 2530 3786 quem
2561 3713 2629 3769 ob
2664 3715 2959 3785 pugnantia
2997 3731 3116 3784 qua:
3159 3717 3349 3785 loque-

1777 3812 1934 3866 batur
1967 3813 2246 3866 subiturus
2268 3820 2411 3876 erat,
2442 3809 2744 3864 orationem
2775 3812 2840 3863 ad
2871 3824 2932 3863 ea
2971 3825 3091 3878 quae
3135 3812 3303 3867 voluit
3329 3851 3350 3882 ,

1777 3903 2098 3974 corrigendo
2131 3904 2422 3968 convertit,
2456 3903 2540 3957 his
2569 3902 2750 3955 verbis
2780 3918 2794 3953 :
2855 3901 2964 3955 Ιιιιο
3001 3903 3178 3970 potius
3231 3906 3350 3960 haec

1777 3995 1892 4065 ipsa
1931 4005 2016 4051 est
2064 3993 2366 4050 substantia
2419 3993 2680 4062 ingenita.
2730 3991 2842 4047 Hoc
2893 4004 3074 4048 autem
3127 4010 3249 4050 cum
3282 3998 3348 4052 iis

1837 4223 1950 4293 (14)
1982 4221 2120 4276 Editi
2172 4215 2401 4274 συνιδεῖν
2427 4217 2546 4284 καὶ,
2587 4207 2760 4291 οἶμαι.
2806 4216 2950 4275 Libri
2995 4229 3200 4276 veteres
3245 4223 3342 4292 ita,

1768 4295 1827 4349 ut
1858 4293 2152 4348 edidinms.

1835 4385 1950 4456 (15)
1995 4385 2038 4438 E
2067 4385 2291 4456 regione
2323 4383 2523 4456 horum
2549 4383 2866 4448 verborum,
2914 4384 3007 4438 Ἐκ
3037 4383 3092 4437 δὲ
3118 4384 3340 4449 τούτων,

1763 4457 1816 4509 in
1848 4453 2125 4520 imargine
2185 4455 2320 4523 ltcg'.
2382 4453 2524 4523 tertii
2580 4456 2838 4520 scriptum
2875 4465 2958 4509 est
2993 4457 3156 4518 illud,
3199 4457 3260 4507 Ei
3287 4457 3343 4509 δὲ

1753 4526 1912 4580 τοῦτο
1951 4523 2153 4595 δοθείη,
2204 4521 2357 4588 Quod
2399 4524 2445 4575 si
2493 4522 2598 4595 hoc;
2642 4525 3032 4578 concederetur.
3085 4523 3336 4591 Basilius,

1757 4599 1911 4660 cuius
1967 4593 2168 4662 alioqui
2205 4609 2386 4649 sermo
2425 4593 2743 4660 perspicuus
2768 4608 2850 4649 est
2878 4607 2930 4648 et
2961 4595 3142 4648 clarus
3168 4635 3181 4657 ,
3214 4598 3340 4649 dum

1754 4667 2015 4722 obscuras
2055 4665 2306 4718 Eunomii
2343 4663 2578 4730 ineptias
2600 4663 2888 4734 confutare
2917 4668 3150 4734 cogitur,
3177 4667 3234 4718 lit
3287 4677 3343 4720 et

1753 4737 1870 4803 ipse
1897 4735 2298 4804 quodammodo
2339 4737 2626 4804 obscurus.
2689 4733 3017 4788 Eunomiana
3053 4736 3167 4804 illa,
3213 4737 3342 4788 ἀκοή

1752 4799 1932 4859 λουθεῖ
1973 4804 2148 4874 τούτῳ
2201 4804 2260 4856 τὸ
2307 4803 2632 4874 ἀγέννητον,
2657 4823 2664 4832 ’
2688 4804 2886 4872 μᾶλλον
2935 4805 2991 4857 δὲ
3041 4799 3172 4862 αὗτό
3194 4806 3340 4859 ἐστιν

1752 4877 1908 4929 οὐσία
1933 4871 2247 4945 ἀγέννητος,
2283 4874 2562 4945 contendit
2591 4871 2824 4945 Basilius
2853 4876 2992 4928 inter
3024 4890 3081 4928 se
3133 4892 3340 4945 pugna-

1754 4963 1834 5011 re,
1869 4942 2139 5000 nec'inter
2161 4961 2218 4999 se
2245 4942 2524 5015 conciliari
2552 4958 2735 5012 posse.
2767 4943 2923 5015 Nam,
2962 4942 3162 5010 inquit,
3199 4942 3344 5015 quod

1753 5031 2082 5085 quemquam
2117 5015 2384 5083 sequitur,
2416 5013 2473 5085 id
2505 5013 2554 5065 in
2614 5029 2678 5065 eo
2711 5013 3069 5085 adventit‘inm
3104 5013 3345 5085 est,‘nec

1752 5071 1837 5141 est
1883 5071 2002 5155 ejus
2053 5071 2382 5140 subsiantia;
2433 5071 2530 5155 Eg
2573 5095 2680 5155 quo
2713 5075 2790 5145 fit,
2828 5095 2886 5136 ut
2919 5083 2978 5136 τὸ
3015 5071 3339 5155 ἀγέννητον,

1752 5171 1874 5210 ειιιιι
1913 5153 1982 5210 ex
2011 5155 2259 5208 Eunomii
2296 5153 2568 5208 sententia
2623 5153 2788 5205 Deum
2819 5164 3102 5221 sequatur.
3134 5153 3344 5209 adven-

1755 5227 1931 5280 titium
1961 5225 2180 5294 quidam
2208 5228 2278 5278 sit
2303 5227 2354 5276 iu
2401 5223 2531 5286 Deo,
2565 5221 2838 5294 nec_[)eus
2866 5224 3001 5292 ipse,
3067 5239 3167 5294 nec
3210 5228 3345 5294 sub-

1753 5297 1951 5350 stantia
1979 5291 2228 5363 ingenita
2281 5295 2384 5346 dici
2429 5294 2622 5363 possit.
2655 5291 2732 5343 Ex
2793 5291 2991 5362 quibus
3041 5293 3220 5362 colligi
3247 5293 3343 5346 de-

1753 5366 1862 5424 bet.
1893 5361 2238 5424 Eunoinium,
2274 5379 2394 5416 cum
2419 5361 2478 5414 τὸ
2506 5361 2827 5430 ἀγέννητονί
2868 5361 3227 5416 substantiam
3267 5364 3348 5415 in-

1751 5436 1988 5504 genitam
2023 5447 2146 5490 esse
2185 5434 2414 5495 diceret,
2472 5447 2656 5485 secum
2717 5443 3058 5502 aequaeuam
3093 5443 3342 5487 εοηεειιά

1751 5508 1916 5560 sisse.
2261 5557 2266 5568 ί

1824 5595 1936 5666 (l6)
1966 5593 2141 5648 Editio
2171 5593 2354 5647 Paris.
2389 5587 3106 5666 cum'tribusmss._p:'i110v
3147 5593 3202 5666 δὲ
3247 5594 3347 5646 αὐά

1749 5662 1861 5729 τός.
1894 5662 1997 5718 Alii
2022 5674 2258 5734 quatuor
2287 5678 2416 5717 mss.
2459 5678 2580 5717 cum
2617 5663 2858 5716 editione
2883 5662 3022 5717 Ven.
3046 5663 3200 5716 αὐτό.

1813 5755 1935 5834 ,(17)
1978 5755 2154 5812 Editio
2194 5763 2420 5823 utraque
2458 5767 2580 5812 cum
2637 5751 2784 5822 Reg.
2811 5751 3026 5824 _quinto
3068 5751 3199 5805 αὐτὸ
3259 5748 3370 5824 τόρ-
