3836 6222
49 261 146 318 521

1161 276 1530 332 ADVERSUS
1569 276 1940 336 EUNOMIUM
1976 278 2105 336 IlB.
2146 279 2189 334 1.

3209 285 3313 342 δῆἰ

49 387 136 439 ἐπὶ
159 385 260 441 τοῦ
291 388 434 443 Θεοῦ
480 391 542 444 τὸ
578 391 892 464 ἀγέννητον,
929 396 1230 468 ἡγούμενος
1270 401 1516 466 ἐντεῦθεν
1548 405 1646 474 ῥᾳ-

1769 400 1948 471 igendi
1996 402 2215 458 modum
2251 402 2304 456 in
2355 401 2466 458 Deo
2492 371 2848 470 considerari,
2879 412 3028 458 ratus
3055 405 3312 473 probatu-

49 479 160 532 δίαν
191 481 350 552 αὐτῷ
395 485 493 553 τὴν
528 485 866 558 ἐπιχείρησιν
899 487 1116 544 ἔσεσθαι
1148 494 1241 547 τοῦ
1275 495 1374 565 τὴν
1411 497 1643 568 άγεννη-

49 570 164 624 σίαν
203 573 400 628 οὐσίαν
427 571 564 628 εἶναι
599 577 690 630 τοῦ
721 579 854 631 Θεοῦ
888 581 1032 650 (26)°
1067 586 1131 637 ἐκ
1166 586 1355 640 τούτου
1387 589 1445 641 δὲ
1474 591 1641 644 άναν-

49 667 324 737 τιρῤήτως
370 668 585 735 δείξειν,
625 673 875 742 ἀνόμοιον
919 673 1057 728 εἷναι
1085 680 1207 730 κατ’
1239 680 1409 751 αὐτὴν
1431 683 1530 756 τὴν
1554 685 1644 736 ού-

49 759 166 810 σίαν
196 759 292 812 τὸν
345 763 612 834 μονογενῆ
639 764 767 817 Υίὸν
799 765 878 838 τῷ
913 769 1109 839 Πατρί.
1145 771 1242 826 Διὰ
1275 773 1432 828 τοῦτο
1475 793 1644 849 προσ-

50 849 308 904 πλέκεται
359 853 438 924 τῷ
473 856 678 926 ῥήματι
713 857 812 928 τῆς
845 861 1106 926 ἐπινοίας,
1147 863 1222 926 ὡς
1265 865 1416 918 οὐδὲν
1445 868 1642 938 σημαί-

50 958 188 994 νοντι
233 943 296 996 τὸ
349 947 636 1016 παράπαν,
684 947 798 1001 ἀλλ’
845 953 901 1002 ἐν
957 952 1093 1024 μόνῃ
1139 956 1206 1024 τῇ
1264 960 1514 1028 προφορᾷ
1547 958 1643 1029 τὴν

52 1033 348 1090 ὑπόστασιν
386 1039 740 1112 κεκτημένῳ·
779 1043 872 1096 καὶ
902 1045 1117 1109 ἀνάξιον
1142 1045 1280 1101 εἶναι
1310 1049 1444 1102 Θεοῦ
1472 1070 1642 1122 προσ-

51 1129 284 1182 ποιεῖται
339 1132 461 1194 ταῖς
503 1131 767 1195 ἐπινοίαις
815 1135 975 1188 αὐτὸν
1025 1138 1444 1208 άποσεμνύνειν.
1503 1141 1645 1210 Ἐγὼ

51 1217 104 1270 δέ
137 1221 186 1272 εἰ
231 1219 336 1289 μὲν
366 1221 581 1293 ἐπινοίᾳ
611 1221 883 1295 θεωρητδν
912 1225 1022 1296 (27)
1053 1226 1085 1296 ἢ
1133 1229 1205 1299 μὴ
1234 1229 1296 1282 τὸ
1324 1231 1642 1303 ἀγέννητον,

51 1309 201 1364 οὔπω
233 1311 643 1386 διισχυρίζομαι
669 1319 796 1388 πρὶν
831 1317 896 1372 ἂν
924 1319 1016 1370 ὑπ’
1043 1319 1212 1392 αὐτῆς
1239 1321 1328 1374 τοῦ
1359 1323 1516 1392 λόγου
1545 1325 1644 1396 τῆς

50 1403 355 1469 ἐξετάσεως
391 1407 627 1478 διδαχθῶ
635 1427 756 1480 μεν.

121 1496 171 1549 6.
191 1498 340 1551 Αὐτὸ
369 1499 428 1552 δὲ
454 1501 632 1568 τοῦτο,
651 1502 705 1555 τί
738 1505 866 1557 ποτέ
899 1507 1046 1560 ἐστιν
1071 1509 1104 1578 ἡ
1135 1509 1364 1574 ἐπίνοια,
1385 1510 1554 1581 ἡδέως
1581 1510 1647 1566 ἂν

53 1589 215 1642 αὐτὸν
261 1591 642 1664 ἐρωτήσαιμι·
699 1591 788 1666 ἆρ’
827 1596 980 1650 οὐδὲν
1028 1599 1340 1654 παντάπασι
1391 1603 1646 1672 σημαίνει

53 1680 112 1732 τὸ
140 1679 314 1752 ὄνομα
351 1684 530 1748 τοῦτο,
562 1688 657 1739 καὶ
698 1687 870 1757 ψόφος
893 1689 1068 1755 ἄλλως
1093 1692 1210 1744 ἐστὶ
1237 1691 1326 1747 διὰ
1352 1693 1452 1764 τῆς
1475 1693 1648 1763 γλώτ-

55 1789 150 1844 της
175 1775 496 1843 ἐκπίπτων;
548 1779 710 1832 Ἀλλά
738 1781 798 1834 τὸ
828 1782 1067 1836 τοιοῦτον
1109 1785 1228 1856 οὐχὶ
1274 1786 1509 1854 ἐπίνοια,
1547 1806 1649 1842 πα-
1681 1775 1719 1830 Β

58 1867 242 1936 ράνοια
281 1869 328 1922 δ’
371 1869 436 1923 ἂν
468 1871 670 1942 μᾶλλον
723 1875 817 1928 καὶ
868 1876 1104 1949 φλυαρία
1166 1881 1646 1952 προσαγορεύοιτο.

57 1959 114 2010 Εἰ
145 1960 201 2014 δὲ
231 1965 546 2036 συγχωροίη
585 1967 872 2036 σημαίνειν
901 1968 1000 2038 μέν
1025 1987 1079 2021 τι
1107 1970 1203 2040 τὴν
1227 1972 1490 2038 ἐπίνοιαν,
1520 1973 1650 2043 ψευ-

59 2051 142 2115 δές
181 2053 238 2105 δέ
283 2056 450 2108 τοῦτο
491 2058 769 2122 παντελῶς
815 2061 910 2114 καὶ
939 2061 1308 2133 ἀνύπαρκτον,
1339 2065 1416 2128 ὼς
1445 2066 1502 2119 ἐν
1532 2069 1650 2130 ταῖς

66 2143 407 2212 μυθοποιίαις
449 2149 758 2221 κενταύριον
799 2153 861 2225 δή
909 2171 1072 2208 τινων
1121 2157 1514 2230 άναπλασμοὺς
1557 2161 1650 2214 καὶ

62 2237 344 2308 χιμαίρας,
373 2240 490 2304 πῶς
511 2243 573 2295 τὸ
602 2248 997 2318 σημαινόμενον
1015 2249 1148 2320 (27⁸)
1174 2251 1364 2321 ψεῦδος
1389 2253 1466 2325 τῷ
1495 2254 1652 2326 ψόφῳ

63 2328 154 2398 τῆς
195 2330 448 2403 γλώττης
479 2339 914 2404 συναφανίξεται,
959 2342 1058 2411 τῆς
1091 2343 1188 2412 μὲν
1217 2347 1401 2416 φωνῆς
1433 2348 1652 2411 πάντως

64 2422 140 2482 είς
185 2423 330 2494 ἀέρα
383 2430 796 2501 προχεομένης,
847 2431 956 2485 τῶν
1001 2434 1058 2486 δέ
1103 2434 1314 2504 ψευδῶν
1361 2439 1651 2509 νοημάτων

66 2511 507 2584 ἐναπομενόντων
543 2519 654 2590 (28)
691 2523 754 2592 τῇ
801 2522 1047 2596 διανοίᾳ;
1102 2526 1235 2580 Οὑδέ
1289 2527 1396 2600 γὰρ
1433 2529 1652 2584 ἐπειδάν

67 2621 191 2658 ποτε
240 2606 456 2676 ψευδῶν
491 2611 773 2677 παντελῶς
822 2614 916 2668 καὶ
956 2614 1219 2670 διακένων
1259 2618 1650 2691 ἀναπλασμῶν,

67 2695 184 2768 ἢέν
229 2703 355 2765 ταῖς
385 2702 508 2756 καθ’
554 2703 719 2758 ὕπνον
754 2706 1098 2775 φαντασίαις,
1134 2709 1166 2780 ἢ
1217 2709 1391 2775 ἄλλως
1435 2714 1494 2764 ἐν
1541 2716 1654 2778 τοῖς

71 2793 322 2860 ματαίοις
369 2796 462 2848 τοῦ
517 2797 608 2850 νοῦ
666 2801 960 2870 κινήμασιν
1003 2803 1036 2873 ἡ
1081 2803 1227 2874 ψυχὴ
1280 2804 1650 2876 πληρωθεῖσα,

71 2887 466 2961 παρακατάσχῃ
507 2891 572 2960 τῇ
613 2892 822 2962 μνήμῃ,
871 2887 990 2946 εἶτα
1021 2893 1109 2946 διὰ
1129 2896 1227 2965 τῆς
1262 2897 1446 2968 φωνῆς
1491 2897 1652 2967 ἐξαγ-

73 2977 242 3042 γεῖλαι
277 2979 600 3050 προέληται,
639 2981 775 3052 ὁμοῦ
824 2983 903 3054 τῷ
943 2986 1323 3056 προενεχθέντι
1355 2988 1500 3060 λόγῳ
1533 3008 1657 3044 συν-

73 3071 342 3141 ηφανίσθη
387 3073 482 3126 καὶ
525 3075 594 3127 τὰ
629 3077 1006 3146 φαντάσματα.
1043 3079 1248 3134 Πολλοῦ
1275 3081 1384 3152 γάρ
1411 3073 1478 3137 ἂν
1505 3082 1653 3148 ἄξιον

72 3155 134 3231 ἦν
160 3162 226 3215 τὰ
253 3163 424 3236 ψευδῆ
461 3165 658 3234 λέγειν,
703 3169 860 3241 εἴπερ
892 3172 926 3241 ἡ
961 3170 1120 3238 φύσις
1149 3172 1242 3225 τοῦ
1273 3173 1502 3242 ψεύδους
1539 3179 1654 3240 τοῖς

76 3253 420 3326 λαλουμένοις
455 3260 891 3332 συνδιεφθείρετο
907 3279 924 3296 ο
946 3263 1060 3316 ἀλλ’
1080 3265 1180 3318 οὐκ
1204 3264 1326 3336 ἔχον
1349 3267 1466 3320 ἐστὶ
1493 3268 1654 3338 φύσιν

75 3348 226 3402 τοῦτό
257 3367 324 3418 γε
372 3351 504 3422 (9.9).
554 3353 875 3410 ’Υπόλοιπον
904 3355 947 3408 δ’
981 3356 1047 3410 ἂν
1079 3359 1162 3430 εἴη
1206 3358 1502 3424 δεικνύναι,
1537 3362 1658 3426 πῶς

82 3439 174 3508 μὲν
207 3440 240 3512 ἡ
289 3442 569 3513 συνήθεια,
607 3447 700 3498 καὶ
741 3447 832 3499 ἐπὶ
860 3447 1029 3500 ποίων
1059 3449 1401 3520 πραγμάτων
1433 3454 1498 3523 τῇ
1533 3453 1660 3506 ἐπι-

79 3534 208 3602 νοίᾳ
241 3535 442 3606 χρῆται
462 3550 476 3564 °
513 3537 632 3601 πῶς
653 3538 709 3590 δέ
737 3539 804 3592 τὰ
827 3539 943 3594 θεῖα
972 3540 1128 3609 λόγια
1157 3541 1255 3613 τὴν
1271 3545 1464 3615 χρῆσιν
1489 3545 1659 3616 αὐτῆς

81 3627 430 3697 παρεδέξατο.
481 3629 726 3701 Ὀρῶμεν
772 3631 971 3696 τοίνυν,
1007 3633 1088 3686 ὅτι
1131 3634 1190 3687 ἐν
1240 3635 1338 3706 μέν
1381 3639 1446 3707 τῇ
1502 3641 1654 3710 κοινῇ

81 3721 266 3788 χρήσει
301 3719 370 3773 τὰ
405 3723 526 3784 ταῖς
559 3719 782 3792 ἁθρόαις
813 3722 1089 3785 ἐπιϐολαῖς
1131 3725 1224 3778 τοῦ
1267 3725 1356 3778 νοῦ
1393 3726 1538 3780 ἁπλᾶ
1567 3727 1657 3780 δο-

83 3809 275 3863 κοῦντα
306 3808 445 3864 εἶναι
479 3815 572 3866 καὶ
614 3814 844 3885 μοναχά,
895 3818 1015 3878 ταῖς
1058 3815 1114 3868 δέ
1147 3816 1290 3870 κατὰ
1341 3817 1536 3872 λεπτὸν
1575 3818 1660 3884 ἐξ·-

83 3901 296 3954 ετάσεσι
327 3903 546 3956 ποικίλα
580 3906 899 3975 φαινόμενα,
919 3907 1014 3958 καὶ
1046 3906 1216 3959 πολλὰ
1240 3907 1352 3978 (50)
1381 3908 1556 3962 ταῦτα
1580 3907 1659 3980 τῷ

83 3989 155 4059 νῷ
184 3992 556 4066 διαιρούμενα,
589 3997 802 4067 ἐπινοίᾳ
832 3997 968 4070 μόνῃ
1003 3997 1247 4069 διαιρετά
1285 3999 1499 4069 λέγεται
1523 4000 1656 4072 (51).

171 4165 260 4246 26)
286 4167 464 4246 _Editio
501 4169 673 4224 Paris.
695 4167 1046 4246 οὐσίαν-εἷναι
1074 4170 1168 4246 τοζ)
1201 4171 1680 4246 Θεού.]11ι1(1,τοῦ.

86 4235 247 4301 Θεοῦ,
267 4239 416 4292 deest
438 4241 487 4290 in
522 4256 654 4294 mss.
681 4251 733 4294 et
761 4243 810 4295 in
842 4242 1076 4296 editione
1115 4243 1244 4298 Ven.
1276 4244 1454 4298 Nolim
1476 4235 1654 4298 tamen

88 4319 460 4375 expungantttr
488 4310 570 4362 hae
593 4327 774 4373 voces,
812 4311 912 4364 nisi
947 4313 1362 4367 stthattdianlur.

159 4377 268 4454 (27)
303 4378 452 4454 Reg._
495 4382 684 4435 tertius
728 4383 944 4454 ἐπινοίᾳ
985 4382 1310 4452 Θεωρητέον.
1364 4383 1498 4437 Cum
1549 4399 1653 4436 vox

91 4449 300 4502 ἐπίνοια
327 4450 523 4516 szepins
552 4465 827 4511 occurrat.
874 4449 1110 4506 alienun!
1134 4449 1238 4506 non
1268 4456 1499 4516 videtur,
1533 4469 1653 4506 eam

91 4521 281 4592 paucis
302 4519 592 4585 explicare.
629 4521 793 4592 Igitur
819 4539 948 4578 vere
988 4522 1203 4576 ἐπίνοια
1237 4524 1534 4577 Eunomius
1579 4525 1661 4575 in-

91 4589 361 4662 telligebat
398 4593 592 4644 mentis
621 4589 874 4662 cogitata,
914 4594 1167 4647 subtilem
1215 4596 1504 4662 quamdam
1547 4593 1660 4645 ani-

93 4659 158 4711 mi
186 4663 611 4726 perceptionem,
649 4659 756 4716 uno
786 4667 970 4724 verbo,
1017 4665 1158 4716 hunc
1190 4659 1432 4718 nostrum
1468 4663 1662 4717 intelli-

91 4731 244 4798 gendi
275 4732 512 4803 modum,
548 4748 654 4798 quo
681 4749 768 4788 res
809 4734 1176 4803 metaphysice
1203 4735 1616 4788 consideramus
1647 4749 1660 4784 :

93 4815 250 4873 quam
286 4801 526 4854 ultimam
559 4805 830 4858 notionem
873 4801 1112 4858 ominum
1173 4805 1511 4873 aptissimam
1543 4819 1666 4858 esse

95 4872 417 4924 arbitramur
435 4875 504 4924 ad
538 4873 924 4927 declarandum
959 4873 1118 4940 hujus
1142 4872 1290 4930 vocis
1318 4890 1498 4928 usum.
1524 4873 1667 4938 Qua-

95 4954 300 5008 cunque
331 4941 490 5013 igitur
514 4957 646 4996 voce
684 4946 748 4996 ad
780 4960 974 4997 nomen
1008 4944 1224 4998 ἐπίνοια
1251 4944 1665 5013 exprimendum

96 5021 326 5074 utamur,
351 5011 469 5078 ejus
527 5029 688 5078 quam
751 5015 988 5068 diximus
1054 5011 1669 5070 netionis'meminisse

95 5095 282 5152 operm.
298 5085 528 5152 p_r_etium
552 5093 652 5137 est.

161 5149 294 5220 (ΞΤ)
319 5149 470 5204 Unus
499 5159 666 5207 codex
711 5163 798 5207 aut
838 5153 974 5207 alter
1001 5169 1126 5210 cum
1169 5165 1398 5220 utraque
1428 5154 1669 5207 editione

97 5220 296 5296 adiecto
321 5224 602 5296 σημαῖνον,
636 5224 910 5296 Quomodo
939 5225 992 5276 id
1047 5225 1186 5296 quod
1235 5241 1342 5296 rent
1383 5224 1672 5296 {nisumai-

98 5292 329 5360 gm‘ﬁcat,
357 5293 518 5344 simul
569 5310 688 5346 cum
723 5295 920 5362 lingua:
951 5292 1078 5348 sono
1123 5295 1346 5348 interit?
1374 5294 1476 5347 Alii
1508 5295 1669 5362 quin-

97 5375 195 5428 que
219 5378 350 5416 mss.
379 5361 509 5434 ,πῶς
539 5363 602 5416 τὸ
650 5365 1071 5434 σημαινόμενον,
1116 5373 1221 5419 etc.
1265 5361 1540 5426 Quomodo
1567 5363 1674 5430 [al-

99 5433 387 5542 iuquuod
435 5433 800 5504 signiﬁcatur,
843 5433 948 5488 uita
995 5451 1112 5489 cum
1149 5434 1343 5503 lingua:
1396 5449 1526 5486 sono
1585 5435 1666 5486 in-

121 5509 213 5542 erit

101 5509 238 5556 terit?

166 5571 278 5640 (‘28-
309 5573 484 5644 Editio
507 5585 736 5642 utraque
757 5591 878 5628 cum
913 5575 1043 5643 Reg.
1076 5575 1264 5644 quinto
1291 5575 1400 5628 τῶν
1424 5573 1482 5626 δὲ
1534 5572 1672 5642 dsu—

102 5639 506 5716 dtbvidvopdt'cmv
557 5639 1020 5716 ἐναπομενόντωνξ
1075 5639 1237 5699 male.
1287 5645 1417 5713 Reg.
1449 5639 1674 5716 qua-rtus

105 5712 303 5780 ψευδῶν
326 5712 620 5785 νοημάτων
668 5712 1114 5784 ἐναπομενόντων
1141 5733 1155 5746 ·
1183 5731 1214 5770 a
1243 5732 1349 5786 quo
1373 5712 1558 5772 codice
1583 5713 1672 5768 alii

1745 511 1866 550 rum
1895 511 1954 550 se
1975 496 2100 551 hinc
2129 495 2272 550 facili
2303 506 2526 562 conatu,
2573 495 3036 565 ingenerationem
3067 498 3318 552 substan-

1746 588 1874 642 tiam
1901 585 1996 642 Dei
2021 601 2140 640 esse
2166 604 2180 640 :
2211 586 2335 639 inde
2361 599 2491 640 vero
2518 586 2800 640 evidenter
2832 596 3171 642 ostensurum
3196 601 3316 641 esse

1745 693 1827 742 se,
1869 678 2204 747 unigenitum
2253 676 2446 732 Filium
2483 681 2783 734 secundum
2834 678 3010 748 ipsam
3061 681 3314 734 substan-

1747 771 1876 824 tiam
1925 768 2072 823 Patri
2114 784 2236 824 esse
2280 770 2618 824 dissimilem.
2679 770 3020 840 Quapropter
3055 769 3317 826 vocabulo

1749 862 2120 932 intelligentiae
2146 862 2372 916 inhaeret
2421 872 2680 932 tanquam
2719 863 2854 918 nihil
2889 863 3110 918 onmino
3143 863 3316 932 signi-

1749 955 1953 1022 ﬁcanti,
1979 956 2074 1010 sed
2101 957 2152 1010 in
2191 957 2302 1010 sola
2337 957 2636 1025 prolatione
2665 958 3036 1012 exsistentiam
3061 954 3314 1010 habenti:

1749 1058 1910 1114 atque
1955 1048 2066 1103 Deo
2114 1048 2394 1116 indignum
2455 1063 2576 1103 esse
2628 1050 2865 1115 simulat,
2907 1066 3027 1106 eum
3067 1048 3321 1103 videlicet

1751 1139 1888 1193 ideis
1927 1154 1990 1192 ac
2017 1140 2458 1209 perceptionibus
2479 1156 2676 1195 ornare
2703 1156 2766 1196 ac
2793 1139 3171 1194 cobonestare.
3203 1138 3318 1206 Ego

1750 1246 1880 1286 vero
1910 1247 1978 1286 an
2011 1233 2310 1302 ingenitum
2347 1234 2618 1302 possimus
2650 1242 2831 1288 mente
2856 1233 3092 1300 assequi;
3123 1247 3315 1294 necne,

1749 1338 1854 1377 non
1883 1323 2031 1392 prius
2065 1322 2292 1388 afﬁrmo,
2311 1339 2470 1391 quam
2497 1325 2564 1379 ab
2591 1324 2704 1393 ipsa
2725 1323 2949 1378 rationis
2977 1323 3319 1392 indagatione

1749 1415 2060 1470 doceamur.

1819 1527 1874 1581 6.
1905 1525 2008 1582 Sed
2028 1529 2284 1597 quidnam
2305 1527 2375 1582 sit
2398 1526 2671 1598 perceptio
2695 1527 2817 1592 ista,
2840 1527 3068 1582 libenter
3095 1541 3216 1580 eum
3236 1528 3322 1581 in-

1752 1621 2139 1689 terrogave‘rim
2170 1639 2184 1676 :
2221 1631 2400 1675 utrum
2426 1620 2528 1675 hoc
2557 1621 2789 1676 nominis
2832 1621 2958 1674 nihil
3000 1620 3220 1674 omnino
3247 1620 3322 1672 si-

1751 1710 1990 1779 gniticet,
2017 1720 2073 1764 et
2099 1725 2264 1766 sonus
2281 1712 2352 1764 sit
2367 1710 2456 1779 qui
2479 1719 2684 1764 temere
2705 1724 2768 1762 ex
2787 1723 2881 1762 ore
2899 1704 3319 1778 cxcidat?217

1749 1805 1816 1855 At
1832 1801 2230 1869 reshujusmodi
2255 1815 2358 1854 non
2383 1802 2679 1870 perceptio.
2695 1799 2786 1854 sed
2801 1801 2978 1868 potius
2999 1800 3232 1853 amentia
3255 1813 3320 1852 ac

1751 1894 2034 1962 nugacitas
2068 1893 2332 1963 appellari
2376 1903 2576 1961 potest.
2619 1891 2771 1958 Quod
2806 1893 2850 1946 si
2891 1892 3222 1945 concesserit
3247 1892 3323 1944 si-

1752 1985 2004 2053 gnificari
2055 1985 2272 2053 quidem
2327 1984 2530 2053 aliquid
2578 1984 2946 2052 perceptione,
2999 1983 3089 2036 sed
3131 1982 3321 2035 falsum

1750 2075 2004 2144 quiddam
2054 2076 2298 2138 omnino,
2361 2083 2417 2130 et
2478 2075 2622 2144 quod
2669 2089 2858 2129 revera
2907 2089 3012 2127 non
3061 2073 3321 2139 exsistat,

1751 2167 2204 2235 quemadmodum
2238 2168 2289 2220 in
2315 2166 2616 2220 fabularum
2643 2166 2964 2221 commentis
2989 2166 3230 2220 centauri
3263 2179 3327 2220 ac

1751 2259 2021 2312 chimaera:
2047 2257 2434 2328 continguntur
2461 2277 2473 2311 :
2510 2259 2782 2327 quomodo
2811 2256 3004 2311 falsum
3035 2256 3162 2310 illud
3184 2255 3327 2326 quod

1751 2349 2119 2420 significatum
2147 2361 2251 2414 est,
2291 2365 2392 2404 uua
2429 2367 2550 2404 cum
2585 2351 2780 2417 linguae
2810 2365 2944 2404 sono
2977 2349 3180 2410 interit,
3201 2363 3322 2401 cum

1753 2441 1854 2494 etsi
1887 2455 1990 2494 vox
2027 2441 2251 2494 omnino
2283 2441 2334 2494 in
2378 2453 2558 2494 aerem
2603 2437 2942 2502 diffunditur,
2975 2446 3153 2491 tamen
3179 2437 3328 2505 cogi-

1757 2534 1994 2587 tationes
2037 2533 2184 2587 falsa:
2239 2543 2558 2587 remaneant
2603 2533 2656 2586 in
2708 2531 2928 2584 animo?
2965 2529 3145 2598 Neque
3185 2530 3326 2584 enim

1753 2625 1932 2678 anima
1973 2639 2093 2694 qua:
2115 2624 2268 2680 falsis
2305 2639 2534 2694 prorsus
2563 2637 2628 2677 ac
2661 2624 2814 2678 vanis
2865 2622 3190 2676 cetnmentis
3215 2621 3330 2674 sive

1755 2718 1808 2772 in
1833 2720 2174 2773 somniorum
2211 2718 2362 2780 visis,
2401 2719 2514 2772 sive
2545 2716 2682 2770 alias
2727 2715 2778 2768 in
2825 2715 2978 2768 vanis
3017 2713 3182 2767 animi
3215 2727 3329 2764 tuo-

1718 2867 1720 2869 ,
1757 2810 1996 2865 tionibus
2029 2810 2287 2878 repletur,
2321 2823 2444 2864 cum
2481 2807 2648 2862 semel
2677 2807 2792 2860 lucc
2833 2807 2886 2858 in
2920 2805 3180 2859 memoria
3205 2803 3328 2856 reti-

1755 2901 1955 2964 nuerit,
1985 2909 2040 2954 et
2067 2898 2262 2953 deinde
2287 2913 2382 2967 per
2433 2911 2617 2952 vocem
2653 2894 2844 2950 efferre
2879 2894 3126 2954 voluerit.
3165 2894 3330 2946 etiam

1755 3007 1863 3044 una
1891 3006 2014 3045 cum
2069 2989 2280 3060 prolato
2312 3003 2562 3050 seruiens
2603 2987 2863 3057 imagines
2900 3001 3080 3040 rerum
3128 3000 3326 3040 evane-

1757 3092 1935 3138 scunt.
1959 3083 2168 3137 Etenim
2195 3083 2238 3136 si
2261 3090 2451 3135 natura
2473 3080 2590 3136 falsi
2625 3079 2784 3134 simul
2806 3095 2927 3134 cum
2957 3079 3137 3134 verbis
3159 3078 3330 3132 inter-

1760 3175 1884 3238 iret,
1943 3188 2122 3243 Operaa
2185 3173 2416 3241 pretium
2462 3181 2608 3226 esset
2663 3171 2794 3225 falsa
2845 3171 3043 3226 dicere.
3095 3168 3199 3224 Sed
3232 3173 3331 3223 hoc

1760 3273 1909 3320 certe
1935 3273 2182 3318 naturam
2204 3279 2310 3318 non
2334 3263 2514 3318 habet
2539 3261 2944 3331 Reliquumjam
2967 3261 3129 3315 fuerit
3152 3274 3335 3315 03teu-

1761 3357 1912 3422 dere,
1959 3357 2232 3426 quomodo
2275 3363 2330 3410 et
2368 3355 2565 3425 quibus
2603 3356 2654 3408 in
2695 3355 2856 3410 rebus
2887 3355 3224 3409 consuetudo
3252 3353 3335 3406 di-

1763 3451 1948 3505 ctione
1976 3449 2332 3516 perceptionis
2369 3458 2572 3510 utatur,
2602 3458 2657 3502 et
2699 3447 2971 3515 quomodo
2999 3447 3178 3502 divina
3211 3445 3333 3500 Elo-

1764 3544 1890 3610 quia
1916 3557 2076 3596 usum
2113 3541 2230 3610 ejus
2266 3541 2630 3608 snsceperint.
2685 3538 2942 3594 Videmus
2975 3537 3159 3606 igitur,
3192 3535 3335 3606 quod

1765 3635 1818 3689 in
1856 3634 2128 3688 communi
2153 3633 2372 3702 quidem
2407 3649 2529 3698 usu,
2561 3645 2681 3700 qua:
2710 3630 2888 3684 subito
2909 3629 3107 3682 mentis
3130 3627 3334 3694 impetu

1762 3725 2028 3796 simplicia
2061 3739 2182 3780 esse
2235 3723 2490 3778 videntur
2532 3737 2596 3776 ac
2637 3724 2817 3784 unica,
2866 3727 3127 3790 apparent
3157 3727 3333 3770 tamen

1763 3817 1914 3884 varia
1961 3825 2085 3885 post
2117 3823 2430 3869 accuratam
2485 3815 2910 3883 indagationem,
2955 3809 3251 3879 praesertim
3289 3808 3332 3862 si

1762 3908 1860 3962 has
1892 3907 2090 3961 mttltas
2145 3918 2334 3976 partes
2387 3920 2539 3960 mens
2587 3903 2820 3968 dividat,
2860 3917 2922 3958 ea
2973 3903 3182 3956 ratione
3223 3901 3334 3954 sola

1765 3997 2056 4053 divisibilia
2109 4013 2231 4053 esse
2283 3997 2558 4051 dicantur.
2624 3993 2868 4064 Exempli
2921 4007 3108 4058 causa,
3140 4005 3338 4061 corpus

1763 4173 2002 4243 quinque
2023 4189 2130 4230 non
2153 4173 2437 4238 dissident,
2476 4173 2576 4228 nisi
2601 4172 2745 4242 quod
2773 4185 2874 4226 vox
2925 4168 3136 4240 ψευδῶν
3177 4171 3230 4222 in
3259 4168 3338 4223 eis

1764 4247 2120 4298 desideretur.

1839 4313 1952 4384 (29)
1991 4314 2105 4378 llla,
2138 4314 2252 4368 ἀλλ’
2311 4314 2412 4367 ούκ
2468 4313 2610 4384 ἔχον,
2657 4321 2787 4384 εισι,
2820 4309 3212 4379 Trapezuntius
3246 4309 3338 4384 _sic

1764 4380 2044 4438 verterat:
2082 4384 2206 4439 Non
2259 4397 2333 4440 est
2371 4386 2454 4437 hic
2497 4380 2666 4436 istius
2695 4381 2770 4434 rei
2823 4391 3012 4432 natura
3047 4395 3067 4432 :
3097 4393 3214 4446 qua:
3246 4380 3332 4431 itt-

1764 4457 2080 4524 terpretatio
2101 4469 2222 4508 Cum
2259 4473 2364 4510 non
2394 4455 2628 4522 placeret
2653 4452 3003 4524 Cmnbelisio,
3021 4451 3115 4524 vir
3147 4450 3338 4524 doctus

1765 4520 2176 4578 ita'emendavit
2203 4540 2218 4577 :
2244 4526 2313 4579 At
2347 4520 2408 4578 id
2431 4524 2548 4590 ﬁeri
2571 4525 2765 4591 nequit,
2791 4520 3107 4591 impossibile
3123 4529 3218 4572 est.
3256 4520 3336 4572 Ad

1765 4597 1986 4648 verbum
2017 4589 2493 4662 interpretabimur
2531 4611 2544 4646 :
2581 4589 2682 4646 Sed
2715 4589 2810 4643 hoc
2851 4606 2952 4642 non
3006 4589 3140 4662 [tunc
3182 4598 3340 4642 natu-

1767 4681 1880 4717 ram
1926 4665 2099 4717 habet.
2135 4660 2246 4720 lloc
2275 4677 2358 4719 est
2397 4684 2409 4718 :
2457 4662 2794 4717 Mendacium
2831 4675 2934 4712 non
2991 4660 3096 4712 tale
3150 4668 3253 4723 est,
3281 4667 3340 4711 ut

1768 4736 1838 4807 sit
1860 4735 2208 4807 ἀνύπαρκτον
2233 4737 2512 4807 quiddam,
2548 4733 2916 4807 consistetque
2943 4729 3113 4807 solum
3155 4729 3212 4807 in
3244 4745 3341 4807 no—

1771 4805 1916 4858 mine
1944 4816 1998 4861 et
2019 4799 2340 4874 prolatione.
2373 4805 2566 4858 Melius
2605 4801 2837 4874 fortasse
2859 4811 2910 4853 et
2938 4799 3236 4868 simplicius
3260 4799 3340 4853 sic

1770 4873 2115 4940 interpretari
2152 4878 2277 4930 licet
2308 4891 2322 4927 :
2358 4874 2464 4929 Sed
2496 4875 2547 4924 id
2572 4889 2675 4925 non
2699 4873 2772 4923 ita
2800 4879 2896 4922 est.

1841 4937 1952 5016 (50)
1995 4944 2300 5016 Legendum
2343 4942 2562 4997 ποικίλα
2621 4940 2923 5016 φαινόμενα
2977 4937 3069 5016 καλ
3119 4937 3339 5014 πολλά,

1779 5009 2027 5068 Videmus
2070 5009 2232 5084 igitur
2277 5019 2330 5068 in
2373 5009 2644 5068 communi
2671 5009 2916 5084 usuiqute
2949 5009 3118 5084 subito
3155 5009 3340 5060 rue-uis

1771 5087 1962 5153 impetu
1995 5081 2252 5154 simplicia
2284 5087 2521 5139 videntur
2544 5092 2594 5140 et
2628 5083 2808 5154 unica.
2839 5081 3147 5154 accuratius
3167 5092 3339 5154 autem

1769 5149 2258 5223 irujuirendo'variu
2293 5167 2339 5209 et
2391 5155 2572 5216 multa,
2600 5169 2661 5206 ea
2701 5151 2826 5223 dum
2859 5159 3048 5223 _meute
3093 5149 3342 5223 dividuu-

1773 5215 1882 5288 tur,
1917 5227 2030 5278 solo
2049 5226 2367 5292 cogitatione
2401 5215 3028 5292 divisibiliodici.Paulo
3051 5227 3174 5288 post
3199 5218 3249 5269 d.
3281 5215 3338 5278 2,

1775 5295 1889 5365 lege
1919 5297 2038 5348 κατ’
2059 5290 2302 5348 ἐπίνοιαν
2333 5291 2634 5365 καὶταῦτα.
2668 5290 2880 5365 Mitem.

1845 5353 1957 5436 (51)
2001 5367 2131 5431 Reg.
2187 5367 2417 5436 tertius,
2449 5361 2660 5432 ἐπινοίᾳ
2703 5361 2837 5432 μόνῃ
2897 5355 3148 5436 θεωρητὰ
3177 5353 3342 5436 ¹λέγε-

1773 5425 1885 5496 ται,
1940 5425 2152 5488 ’ναιὶοἶιε
2205 5436 2316 5487 sola
2365 5425 2782 5486 dicuntur-esse
2813 5425 3338 5496 "compr'eliensibilia.

1773 5508 1878 5560 Alii
1902 5521 1996 5561 sex
2032 5519 2162 5560 mss.
2196 5515 2250 5557 et
2273 5514 2501 5572 utraque
2533 5503 2698 5572 editio
2733 5515 2925 5570 magno
2951 5501 3092 5552 inter
3120 5509 3179 5550 se
3197 5508 3339 5572 ron:

1775 5593 1934 5631 sensu
1965 5575 2176 5645 ἐπινοίᾳ
2203 5561 2615 5646 μόνῃί-δίαιρετὰ
2633 5561 2867 5640 λέγεταῖ,
2903 5572 3102 5622 ratione
3131 5565 3242 5618 solo
3269 5561 3346 5618 di-

1775 5657 1964 5701 cuntur
1991 5663 2102 5701 esse
2137 5643 2441 5699 diristbilia.
