3836 6222
53 311 158 366 5'25.

1178 308 1562 367 ADVERSUS
1601 308 1968 367 EUNOMIUM
2011 307 2139 362 LIB.
2182 302 2223 359 1.

3228 311 3330 371 5°23

49 434 334 505 λυώνυμός
361 451 445 497 τις
470 433 567 487 ῶνο
601 433 663 486 οὑ
695 433 804 506 γὰρ
839 433 1018 487 πάντα
1052 433 1119 487 τὰ
1145 434 1384 505 ὀνόματα
1407 437 1485 498 εἰς
1509 451 1642 487 ταυ-

1760 447 1844 488 ius
1874 431 2129 500 praeditus
2157 445 2262 484 non
2291 438 2372 484 est
2392 446 2406 493 ;
2429 445 2529 484 nec
2558 429 2700 484 enim
2724 430 2941 485 nomina
2977 435 3154 488 omnia
3192 437 3332 491 inter

49 527 135 579 τὸν
165 526 427 597 ἀλλήλοις
467 527 644 597 φέρει.
671 526 834 579 Ἀλλο
865 526 974 598 γάρ
997 527 1058 579 τὸ
1090 527 1488 596 σημαινόμενον
1528 544 1640 595 φω-

56 621 152 684 τὸς,
182 621 280 673 καὶ
321 619 453 674 ἄλλο
481 619 753 691 ἀμπέλου,
781 620 873 674 καὶ
902 619 1030 674 ἄλλο
1061 619 1206 685 ὁδοῦ,
1234 619 1330 672 καὶ
1368 618 1496 672 ἀλλο
1524 636 1643 671 ποι-

53 713 230 783 μένος.
279 712 426 766 Ἀλλ’
464 714 523 768 ἓν
555 713 630 768 ὢν
674 713 818 767 κατά
857 713 918 767 τὸ
965 713 1345 784 ὑποκείμενον,
1396 713 1492 765 καὶ
1543 713 1642 782 μία

50 804 201 858 οὐσία
214 805 311 858 δια)⁵
326 804 474 875 ἁπλῆ
487 806 584 859 κα).
596 804 906 868 ἀσύνθετος,
922 805 1109 858 ἄλλοτε
1124 804 1298 868 ἄλλως
1317 805 1506 858 ἑαυτὸν
1529 804 1644 857 ὀνο-

57 901 232 970 μάζει,
250 903 379 964 ταῖς
398 900 666 963 ἐπινοίαις
687 899 1048 970 διαφερούσας
1070 899 1315 970 ἀλλήλων
1337 899 1436 962 τὰς
1471 916 1642 970 προσ-

59 993 278 1065 ηγορίας
298 992 800 1065 μεθαρμοζόμενος.
813 993 970 1046 Κατά
986 994 1059 1062 γά
1070 1011 1101 1064 ρ
1117 992 1215 1064 τὴν
1227 992 1335 1047 τῶν
1352 991 1644 1064 ἐνεργειῶν

53 1082 343 1155 διαφορὰν,
391 1084 487 1136 καὶ
531 1083 630 1154 τὴν
667 1084 804 1155 πρὸς
846 1083 914 1136 τὰ
953 1083 1391 1155 εύεργετούμενα
1438 1084 1641 1152 σχέσιν,

55 1174 283 1246 διάφορα
315 1171 495 1243 ἐαυτῷ
537 1174 633 1226 καὶ
664 1172 734 1225 τὰ
758 1173 1000 1242 ὀνόματα
1021 1173 1248 1228 τίθεται.
1273 1173 1392 1239 Φῶς
1417 1174 1516 1244 μὲν
1536 1173 1645 1244 γὰρ

56 1268 242 1320 ἑαυτὸν
276 1267 376 1320 τοῦ
424 1269 632 1338 κόσμου
666 1267 835 1336 λέγει,
865 1267 928 1320 τό
948 1283 1007 1319 τε
1042 1267 1336 1338 ἀπρόσιτον
1366 1267 1468 1336 τῆς
1492 1268 1550 1318 ἐν
1577 1269 1644 1338 τῇ

57 1358 267 1428 θεότητι
285 1358 448 1430 δόξης
476 1358 554 1430 τῷ
581 1360 804 1430 ὀνόματι
832 1359 1007 1429 τούτῳ
1036 1358 1426 1429 διασημαίνων,
1447 1358 1542 1411 καὶ
1571 1359 1648 1421 ὼς

56 1455 120 1521 τῇ
148 1452 505 1523 λαμπρότητι
535 1452 638 1523 τῆς
665 1451 922 1520 γνώσεως
957 1452 1084 1515 τοὺς
1117 1451 1561 1522 κεκαθαρμένους
1588 1450 1648 1503 τὸ

56 1544 210 1614 δμμα
234 1544 340 1613 τῆς
361 1544 540 1616 ψυχῆς
565 1543 927 1612 καταυγάζων
946 1557 964 1575 ο
992 1541 1236 1614 ἄμπελον
1291 1542 1370 1606 δὲ,
1401 1541 1477 1605 ὡς
1519 1543 1648 1604 τοὺς

59 1637 112 1688 ὲν
154 1637 307 1708 αὐτῷ
341 1637 487 1692 κατὰ
527 1639 628 1709 τὴν
657 1637 843 1689 πίστιν
893 1636 1297 1708 ἐρῤιζωμένους
1344 1637 1430 1688 ἐπ’
1471 1634 1648 1706 ἔργων

1742 541 1801 580 se
1817 525 2178 595 signiﬁcatum
2194 521 2440 577 eumdem
2460 538 2568 592 prae
2594 538 2650 577 se
2671 523 2866 578 ferunt.
2884 523 3169 580 Enimvero
3187 527 3330 580 aliud

1742 615 1855 680 lux,
1899 616 2043 669 aliud
2079 615 2227 676 vitis,
2280 614 2426 668 aliud
2477 617 2583 678 via,
2619 615 2760 668 aliud
2806 627 2990 684 pastor
3035 617 3330 686 signiﬁcat.

1747 707 1853 762 Sed
1879 722 2002 762 cum
2031 723 2190 761 unum
2217 707 2286 760 sit
2327 707 2622 761 secundum
2663 707 2986 776 subjectum,
3022 709 3201 777 sitque
3227 726 3328 761 una

1745 801 2044 855 substantia
2083 800 2342 870 simplex,
2373 808 2428 853 et
2470 815 2574 852 non
2624 800 2954 867 composita,
2982 800 3118 854 alias
3173 801 3332 855 aliter

1745 907 1804 948 se
1845 895 1961 961 ipse
2019 892 2294 956 nominat,
2328 893 2570 946 diversas
2628 892 3020 961 appellationes
3079 894 3221 947 inter
3271 908 3332 948 se

1745 984 1954 1039 ratione
2021 983 2342 1038 dissidentes
2396 985 2498 1039 sibi
2559 987 2658 1054 ipsi
2721 986 3154 1040 accommodans.
3197 984 3330 1040 Nam

1746 1093 1844 1147 pro
1873 1079 2247 1148 operationmn
2307 1079 2646 1142 diversitate,
2675 1087 2728 1132 et
2775 1093 2871 1147 pro
2911 1093 2971 1130 ea
3016 1076 3332 1132 habitudine

1745 1185 1907 1240 quam
1941 1172 2007 1223 ad
2041 1186 2101 1224 ea
2143 1171 2325 1235 habet,
2354 1186 2472 1237 qua:
2520 1171 2798 1225 beneﬁciis
2843 1171 2958 1240 ejus
3004 1170 3362 1235 afﬁciuntur,-

1748 1265 1961 1320 diversa
1989 1280 2206 1333 quoque
2237 1265 2342 1318 sibi
2369 1264 2588 1318 nomina
2642 1266 2890 1334 imponit.
2922 1264 3053 1318 Nam
3086 1265 3205 1318 ideo
3244 1280 3333 1319 see

1747 1355 1923 1423 ipsum
1956 1355 2128 1408 lucem
2162 1355 2348 1409 mundi
2399 1355 2547 1418 dicit,
2580 1355 2720 1424 quod
2765 1357 2961 1424 partim
2995 1356 3330 1409 inaccessam

1748 1447 1962 1502 deitatis
2004 1446 2337 1516 majestatem
2392 1447 2496 1503 hoc
2537 1449 2753 1503 nomine
2789 1448 3096 1517 signiﬁcet,
3134 1449 3330 1518 partim

1747 1543 1892 1609 quod
1946 1541 2234 1608 splendore
2274 1541 2514 1596 scientia)
2565 1557 2660 1596 eos
2713 1541 2804 1609 qui
2861 1549 3114 1611 purgatos
3167 1541 3331 1594 animi

1749 1633 1937 1687 oculos
1963 1634 2181 1696 habent,
2215 1633 2500 1688 illuminet.
2536 1632 2715 1688 Vitem
2746 1649 2907 1699 vero,
2939 1635 3080 1702 quod
3109 1649 3203 1689 eos
3238 1635 3332 1704 qui

58 1728 275 1797 ἀγαθῶν
299 1731 702 1802 καρποφορίαις
729 1730 1027 1800 ἐκτρέφων’
1052 1730 1215 1799 ἄρτον
1243 1729 1321 1795 δὲ,
1348 1727 1424 1790 ὼς
1455 1729 1651 1782 οἰκειο-

1760 1723 1804 1775 in
1830 1738 1894 1776 eo
1939 1737 2036 1791 per
2066 1723 2222 1778 ﬁdem
2284 1725 2496 1780 radices
2534 1738 2781 1794 egerunt,
2806 1724 3070 1780 bonorum
3108 1741 3331 1795 Operum

60 1820 189 1890 τάτη
225 1823 404 1892 τροφὴ
437 1821 655 1890 λογικοῦ
707 1823 1008 1890 τυγχάνων,
1064 1821 1140 1892 τῷ
1186 1821 1498 1893 διακρατεῖν
1546 1821 1646 1890 τὴν

1760 1814 2027 1870 fertilitate
2073 1818 2334 1871 enutriat.
2392 1817 2592 1872 Panem
2649 1829 2851 1884 autem,
2891 1819 3033 1889 quod
3075 1819 3145 1873 sit
3183 1819 3336 1873 cibus

63 1913 320 1966 σύστασιν
341 1914 444 1983 τῆς
475 1914 675 1986 ψυχῆς,
702 1917 796 1968 καὶ
819 1915 882 1968 τὸ
913 1915 1110 1986 ἰδίωμα
1138 1914 1307 1984 αὐτῆς
1337 1911 1645 1976 διασώζειν,

63 2005 397 2076 ἀναπληρῶν
427 2007 541 2076 (58)
575 2008 662 2060 ἀεὶ
687 2008 816 2078 παρ’
841 2007 1034 2060 ἑαυτοῦ
1062 2006 1122 2058 τὸ
1150 2005 1346 2068 ἐνδέον,
1383 2004 1478 2058 καὶ¹
1511 2005 1648 2075 πρὸς

63 2096 156 2166 τὴν
205 2099 266 2164 ἐξ
315 2098 542 2167 ἀλογίας
595 2099 948 2170 ἐγγινομένην
1003 2097 1317 2170 ἀρρωστίαν
1374 2098 1475 2150 οὐκ
1542 2096 1648 2149 ἐῶν

66 2191 432 2262 ὑποφέρεσθαι
473 2192 606 2262 (59).
638 2193 750 2246 Καὶ⁴
796 2192 968 2255 οὕτως
1002 2192 1067 2244 ἄν
1107 2209 1191 2255 τις
1223 2191 1333 2245 τῶν
1367 2191 1647 2260 ὀνομάτων

66 2281 288 2334 ἕκαστον
321 2282 595 2351 ἐφοδεύων
638 2282 888 2346 ποικίλας
928 2281 1080 2352 εὕροι
1121 2281 1219 2346 τὰς
1259 2283 1500 2344 ἐπινοίας
1531 2282 1647 2344 ἐνὸς

69 2371 294 2424 ἑκάστου
336 2372 431 2424 τοῦ
470 2372 612 2426 κατὰ
643 2372 742 2445 τὴν
770 2373 958 2427 οὐσίαν
997 2375 1111 2436 τοῖς
1146 2374 1311 2426 πᾶσιν
1355 2373 1651 2442 ὑποκειμέ-

69 2481 173 2516 νου.
226 2464 326 2527 Τίς
366 2460 458 2517 οῦν
501 2463 645 2518 οὕτω
689 2464 786 2536 τὴν
829 2465 1081 2534 γλῶσσαν
1132 2464 1270 2536 πρὸς
1302 2463 1649 2535 βλασφημίαν

69 2555 351 2626 ὴκόνηται,
397 2556 540 2609 ὥστε
574 2557 840 2628 τολμῆσαι
890 2559 1066 2610 εἰπεῖν
1114 2560 1233 2620 ταῖς
1293 2561 1500 2626 φωναῖς
1553 2555 1650 2620 τὰς

70 2649 308 2712 ἐπινοίας
341 2647 544 2712 ταύτας
579 2647 1018 2714 συνδιαλύεσθαις
1061 2649 1126 2702 Τί
1166 2643 1257 2702 οῦν
1285 2649 1484 2705 ἄτοπον
1510 2648 1651 2702 οὕτω

71 2741 159 2793 καὶ
187 2742 280 2794 ἐπὶ
312 2740 408 2794 τοῦ
443 2740 579 2794 Θεοῦ
620 2742 731 2795 τῶν
762 2741 900 2796 ὅλων
947 2741 1325 2812 λαμϐάνεσθαι
1357 2759 1480 2795 τινα
1529 2741 1650 2794 κατ’

73 2835 335 2901 ἐπίνοιαν,
379 2835 472 2887 καὶ
517 2835 650 2888 αὐτὸ
690 2835 850 2888 τοῦτο
899 2835 1118 2906 πρῶτον
1160 2834 1310 2906 (40),
1356 2835 1486 2906 περ)⁸
1521 2827 1582 2887 οῦ
1623 2836 1651 2887 ὁ

75 2925 288 2995 σύμπας
319 2929 452 2996 ἡμῖν
482 2926 764 2995 κεκίνηται
789 2927 980 2994 λόγοςς
1013 2928 1334 2998 Εὑρήσομεν
1360 2925 1469 2997 γὰρ
1497 2925 1653 2978 ούδα-

75 3019 186 3086 μῶς
202 3019 408 3090 ἑτέρως
429 3019 724 3088 λεγόμενον
751 3019 812 3071 τὸ
831 3019 1184 3088 ἀγέννητον.
1219 3017 1529 3089 Ἀφθαρτον
1546 3018 1653 3090 γὰρ

76 3110 182 3179 (41)
207 3112 310 3163 καὶ
343 3111 638 3181 ἀγέννητον
662 3107 800 3163 εἶναι
827 3110 918 3163 τὸν
950 3110 1081 3164 Θεὸν
1116 3111 1220 3163 τῶν
1245 3111 1378 3163 ὅλων
1401 3110 1650 3182 λέγομεν,

77 3203 211 3254 κατά
251 3187 544 3274 διαφόρους
585 3202 840 3266 ἐπιϐολὰς
873 3208 984 3266 τοῖς
1013 3203 1239 3272 ὀνόμασι
1255 3204 1464 3268 τούτοις
1498 3220 1656 3273 προσ-

77 3291 444 3362 αγορεύοντες.
467 3292 635 3344 Ὅταν
683 3295 782 3362 μὲν
811 3292 920 3363 γὰρ
949 3298 1028 3357 εἰς
1057 3295 1182 3357 τοὺς
1202 3293 1429 3348 κατόπιν
1457 3295 1658 3358 αἰῶνας

79 3377 493 3450 ἀποϐλέψωμιν,
532 3381 1051 3450 ὑπερεκπίπτουσαν
1084 3384 1271 3453 πάσης
1301 3384 1478 3454 ἀρχῆς
1506 3385 1657 3456 εὑρί-

82 3485 295 3534 σκοντες
331 3470 430 3541 τὴν
458 3469 602 3542 ζωὴν
630 3472 723 3524 τοῦ
765 3471 922 3538 Θεοῦ,
968 3474 1262 3544 ἀγέννητον
1310 3475 1472 3529 αὑτὸν
1504 3475 1658 3543 λέγο-

84 3577 177 3628 μεν
196 3578 208 3591 °
240 3563 370 3616 ὅταν
397 3563 456 3616 δὲ
484 3567 596 3627 τοῖς
623 3565 1014 3636 ἐπερχομένοις
1045 3566 1206 3619 αἱῶσι
1231 3568 1321 3621 τὸν
1343 3567 1466 3621 νοῦν
1496 3571 1660 3622 ἐπεκ-

80 3653 358 3726 τείνωμεν,
394 3655 484 3708 τὸν
523 3656 774 3727 ἀόριστον
799 3658 911 3727 (42)
942 3658 1038 3712 καὶ
1074 3661 1322 3731 ἄπειρον,
1359 3661 1451 3714 καὶ
1484 3662 1659 3715 οὐδενὶ

81 3744 217 3799 τέλει
265 3747 615 3818 καταληπτὸν
665 3751 1146 3822 προσαγορεύομεν
1214 3752 1514 3825 ἄφθαρτον.
1574 3754 1660 3818 Ὠς

83 3833 170 3890 οῦν
212 3838 271 3892 τὸ
305 3839 659 3911 ἀτελεύτητον
700 3841 800 3911 τῆς
832 3843 977 3913 ζωῆς
1012 3844 1125 3916 (45)
1183 3844 1482 3917 ἄφθαρτον,
1519 3846 1661 3899 οὕτω

84 3927 140 3980 τὸ
175 3928 406 3999 ἄναρχον
458 3931 631 4001 αὐτῆς
661 3932 955 4003 ἀγέννητον
983 3934 1299 4005 ὠνομάσθη,
1353 3940 1418 4008 τῇ
1451 3937 1662 4008 ἐπινοίᾳ

87 4020 428 4091 θεωρούντων
448 4023 606 4093 ἡμῶν
628 4025 884 4097 ἑκάτερα.
920 4026 1016 4090 Τίς
1038 4023 1130 4081 οῦν
1154 4029 1371 4100 ἀντερεῖ
1398 4029 1553 4097 λόγος
1570 4033 1664 4083 καὶ

86 4113 412 4170 ἐπινοεῖσθαι
438 4117 546 4170 τῶν
583 4119 863 4188 ὀνομάτων
891 4119 1096 4176 τούτων
1119 4122 1279 4176 ἐκάτε
1289 4140 1398 4194 ρον,
1417 4125 1510 4178 καὶ
1537 4126 1666 4194 ὁμο-

87 4204 266 4274 λογίαν
311 4204 450 4262 εἶναι
483 4209 575 4262 τοῦ
613 4210 733 4262 κατ’
771 4210 1031 4281 ἀλήθειαν
1060 4210 1137 4282 τῷ
1171 4213 1291 4284 Θεῷ
1329 4216 1662 4284 προσόντος;

97 4297 153 4350 Ὀ
167 4298 308 4363 δέὡς
330 4301 614 4371 μαχόμενα
634 4299 808 4355 ταῦτα
824 4303 918 4355 καὶ
933 4303 1224 4374 ἀσύμϐατα
1257 4305 1534 4371 παντελῶς
1552 4308 1663 4378 (44)

88 4389 176 4440 ἀπ’
198 4391 439 4463 ἀλλήλων
476 4393 712 4466 διίστησι
733 4411 746 4424 ·
777 4395 859 4456 τὸ,
891 4397 945 4448 τί
977 4396 1096 4449 κατ’
1131 4398 1376 4454 ἐπίνοιαν
1409 4401 1466 4453 τὶ
1508 4401 1665 4469 λέγε-

1749 1909 1943 1964 mentis
1989 1910 2220 1963 maxime
2263 1911 2548 1980 proprius,
2586 1916 2785 1980 quippe
2825 1912 2915 1980 qui
2972 1911 3167 1965 anima!
3220 1921 3333 1966 sta-

1750 2013 1861 2057 tum
1896 2004 2165 2057 sustineat
2191 2013 2355 2073 atque
2388 2006 2776 2074 proprietatem
2812 2004 2928 2071 ejus
2959 2015 3263 2068 conservet,
3283 2005 3333 2058 id

1747 2097 1890 2166 quod
1919 2097 2074 2151 deest
2120 2097 2344 2166 explens
2389 2113 2602 2166 semper
2648 2099 2714 2152 de
2757 2099 2953 2166 scipso,
2997 2113 3098 2153 nec
3133 2097 3334 2152 sensim

1749 2189 1928 2243 delabi
1959 2191 2144 2244 sinens
2177 2191 2240 2242 ad
2278 2205 2398 2243 eam
2439 2206 2560 2260 quae
2587 2207 2649 2244 ex
2693 2190 2920 2244 rationis
2951 2190 3129 2260 inopia
3155 2205 3338 2246 emer-

1750 2281 1828 2351 git
1861 2280 2251 2336 inﬁrmitatem.
2282 2282 2432 2348 Quod
2467 2283 2509 2335 si
2538 2283 2803 2351 quispiam
2851 2283 2923 2336 ita
2967 2283 3184 2337 nomina
3226 2282 3340 2337 sin-

1749 2374 1874 2443 gula
1900 2383 2200 2442 percurrat,
2222 2376 2460 2429 rationes
2487 2375 2665 2429 varias
2693 2374 2937 2429 invenire
2959 2375 3179 2444 poterit,
3201 2383 3336 2428 tam-

1749 2467 1850 2521 etsi
1873 2467 2168 2521 secundum
2195 2467 2552 2521 substantiam
2589 2484 2750 2520 unum
2781 2476 2836 2522 et
2861 2467 2999 2522 idem
3038 2466 3336 2534 subjectum

1749 2567 1835 2613 est
1868 2558 2142 2613 omnibus.
2184 2541 2318 2624 Quis
2355 2559 2520 2629 igitur
2561 2559 2640 2614 sic
2669 2569 2910 2628 paratam
2970 2558 3039 2614 ad
3089 2559 3342 2627 blasphe-

1752 2651 2008 2705 mandum
2067 2652 2231 2706 habet
2278 2651 2538 2721 linguam,
2581 2661 2642 2706 ut
2677 2653 2856 2706 dicere
2909 2653 3127 2717 audeat,
3177 2651 3340 2707 simul

1751 2755 1873 2794 cum
1905 2743 2128 2797 vocibus
2153 2743 2250 2797 has
2301 2741 2674 2811 perceptiones
2716 2742 2937 2796 interire
2959 2743 2983 2796 'i
3005 2743 3142 2810 Quid
3177 2742 3340 2812 igitur

1751 2832 1971 2886 absurdi
1995 2842 2096 2898 est,
2124 2833 2188 2886 ad
2214 2833 2357 2888 hunc
2389 2833 2549 2886 etiam
2587 2833 2800 2886 modum
2825 2833 2894 2888 de
2925 2835 3034 2888 Deo
3057 2835 3340 2888 universo-

1755 2940 1870 2978 rum
1892 2925 2055 2994 219
2069 2906 2314 2994 quaedam
2338 2924 2633 2978 secundum
2653 2924 3051 2992 perceptionem
3071 2924 3266 2993 accipi,
3284 2934 3341 2978 et

1755 3017 1858 3070 hoc
1893 3016 2064 3081 ipsum
2096 3015 2352 3083 primum,
2385 3015 2452 3069 de
2485 3030 2590 3084 quo
2626 3017 2782 3070 nobis
2826 3026 2935 3070 tota
2980 3018 3225 3072 instituta
3257 3029 3342 3074 est

1758 3107 2086 3178 disputatio?
2112 3107 2389 3178 Nusquam
2413 3111 2554 3164 enim
2594 3112 2929 3180 reperiemus
2957 3128 3142 3168 vocem
3176 3116 3338 3179 hanc,

1758 3198 2252 3266 ingeneralionem,
2306 3200 2465 3253 aliter
2542 3201 2814 3270 usurpari.
2875 3201 3340 3271 lncorruptibilem

1757 3305 1995 3357 namque
2026 3304 2090 3343 ac
2135 3291 2434 3360 ingenitum
2479 3291 2644 3345 Deum
2684 3293 3061 3348 universorum
3089 3294 3340 3360 dicimus,

1758 3396 1880 3437 eum
1908 3398 2004 3452 pro
2031 3383 2244 3438 diversa
2281 3386 2501 3439 notione
2526 3385 2612 3440 his
2656 3385 2964 3441 nominibus
2988 3386 3341 3456 appellantes.

1759 3475 1890 3530 Cum
1921 3476 2064 3531 enim
2091 3477 2143 3530 in
2178 3486 2453 3533 transacta
2475 3479 2588 3547 jam
2617 3479 2814 3534 saecula
2852 3479 3192 3547 respicimus,
3224 3479 3346 3533 Dei-

1760 3585 1865 3639 que
1898 3572 2006 3624 vita
2037 3571 2358 3640 principium
2388 3586 2547 3626 omne
2580 3586 2841 3641 superare
2870 3588 2899 3626 a
2935 3573 3091 3627 nobis
3130 3573 3344 3626 inveni-

1763 3671 1883 3729 tur,
1911 3673 2037 3718 tunc
2067 3665 2363 3734 ingenitum
2412 3666 2584 3732 ipsum
2637 3664 2910 3719 dicimus:
2952 3681 3073 3720 cum
3120 3679 3249 3720 vero
3289 3665 3343 3720 in

1764 3754 1943 3811 futura
1991 3757 2185 3812 saecula
2239 3758 2624 3826 cogitationem
2662 3759 3024 3823 extendimus,
3062 3773 3209 3826 eum,
3245 3774 3344 3813 ceu

1765 3847 2030 3905 inﬁnitum
2080 3865 2142 3905 ac
2179 3851 2522 3918 immensum,
2549 3866 2647 3906 nec
2689 3851 2797 3906 ullo
2839 3851 2943 3906 ﬁne
2989 3853 3346 3922 comprehen-

1763 3956 1903 4006 sum,
1938 3943 2702 4012 vocamusjncorruptibilem.
2737 3944 3198 4010 Quemadmodum
3248 3945 3346 4012 igi-

1765 4041 1854 4086 tur
1881 4034 1989 4087 vita
2020 4033 2124 4089 ﬁne
2151 4050 2343 4090 carens
2360 4036 2557 4091 dicitur
2586 4035 3071 4105 in'corruptibilitas
3105 4055 3118 4089 :
3150 4037 3222 4090 ita
3248 4053 3342 4092 ea-

1765 4125 1884 4180 dem
1924 4127 2172 4198 principii
2204 4143 2398 4198 expers
2438 4139 2665 4184 voeatur
2699 4129 3056 4196 ingeneratio,
3078 4137 3188 4182 tum
3219 4144 3343 4182 cum

1765 4228 1996 4289 utraque
2023 4236 2119 4291 per
2147 4232 2380 4276 mentem
2409 4223 2773 4292 speculamur.
2806 4221 2921 4287 Qua
2946 4223 3108 4291 igitur
3136 4222 3348 4276 ratione

1768 4314 2072 4383 negabitur,
2106 4324 2161 4369 et
2215 4315 2329 4370 haec
2384 4327 2613 4384 utraque
2667 4315 2887 4370 nomina
2939 4315 3260 4384 excogitari,
3293 4323 3348 4367 et

1767 4405 1885 4474 ejus
1913 4407 2056 4476 quod
2089 4422 2276 4461 revera
2310 4407 2417 4461 Deo
2459 4409 2600 4461 inest
2637 4406 3034 4461 confessionem
3064 4420 3184 4461 esse
3208 4407 3230 4460 ?
3256 4405 3349 4459 Ille.

91 4482 229 4552 σθαι,
257 4485 352 4538 καὶ
379 4486 442 4538 τὸ
469 4486 821 4558 ἀποπληροῦν
841 4487 917 4558 τῷ
939 4488 1057 4560 Θεῷ
1081 4489 1193 4562 (45)
1224 4493 1323 4563 τὴν
1352 4493 1446 4547 τοῦ
1475 4491 1615 4549 εἶναι
1640 4497 1654 4548 ε

1773 4514 1899 4554 vero
1932 4508 2187 4570 tanquam
2230 4501 2274 4555 si
2305 4501 2417 4555 haec
2451 4502 2592 4555 inter
2621 4515 2679 4555 se
2707 4509 3030 4569 pugnarent,
3066 4514 3168 4554 nec
3207 4500 3349 4554 inter

91 4576 228 4629 ἐστιν
256 4577 567 4648 ὁμολογίανι

1773 4604 1833 4644 se
1859 4590 2138 4645 conciliari
2176 4589 2285 4644 ullo
2317 4591 2475 4645 modo
2514 4599 2757 4660 possent,
2785 4590 3015 4645 alterum
3060 4591 3129 4644 ab
3175 4591 3348 4644 altero

92 4671 288 4726 dirimit
310 4690 323 4726 :
345 4672 618 4727 inﬁciatur
634 4673 972 4738 videlicet,et
996 4674 1197 4746 aliquid
1219 4676 1320 4733 diei
1343 4678 1498 4748 juxta
1526 4679 1692 4733 animi
1733 4683 2156 4752 perceptionem,
2219 4691 2274 4736 et
2323 4696 2420 4748 per
2449 4683 2553 4737 hoc
2585 4681 2759 4750 ipsum
2810 4682 2920 4736 Deo
2965 4679 3200 4750 persolvi
3235 4679 3351 4750 ejus

91 4762 226 4827 quod
258 4770 342 4816 est
375 4763 792 4818 confessionem.

299 4939 523 5018 yeteres
551 4941 900 5018 aliquptlibri
935 4945 1026 5018 καὶ
1048 4945 1401 5018 ἀναπληρων.

161 5010 442 5088 (59⁷)Ειῇῇιί
493 5028 618 5088 ctJm
671 5012 822 5068 Coll).
869 5016 1110 5088 etglieg.
1143 5010 1332 5088 quin-to
1366 5016 1666 5088 ﬁmcpépa-

95 5081 251 5157 90_at._
292 5083 398 5157 ﬁlii
455 5083 697 5157 qu_i_uqu_e
737 5099 878 5157 _mss.
937 5081 1332 5157 ὑποφέρεσθαι.
1365 5086 1482 5142 Mox
1515 5081 1665 5142 'eiliti

94 5151 204 5215 ἐνὸς
233 5151 488 5206 ἐκάστουζ
521 5152 636 5206 Vox
655 5153 884 5206 ἑκάστου
919 5151 1082 5210 deest~
1100 5151 1153 5209 i'n
1181 5157 1360 5209 inultis
1389 5173 1521 5211 mss.

159 5223 272 5292 (40)
329 5223 470 5276 Editi
507 5234 561 5277 et
607 5222 744 5291 Reg.
803 5225 1074 5278 secundus
1121 5226 1215 5280 καὶ
1258 5226 1392 5280 αὐτὸ
1425 5227 1582 5280 τοῦτο
1605 5228 1667 5280 τὸ

94 5292 382 5366 ἀγέννητον
414 5292 655 5366 πρῶτον.
692 5294 845 5359 Illud,
871 5294 932 5347 τὺ
979 5295 1297 5366 ἀγέννητον,
1349 5297 1662 5360 delevimus,

97 5363 319 5444 aliorum
354 5375 448 5418 sex
464 5363 724 5418 codicum
750 5375 806 5418 et
835 5363 1088 5421 editionis
1131 5363 1266 5421 Ven.
1288 5370 1664 5421 auctoritatem

95 5443 280 5486 secuti.
447 5446 452 5452 ’

160 5501 414 5572 (“)llla,
451 5503 764 5576 Ἀφθαρτον
791 5505 920 5576 γάρ,
967 5516 1102 5570 εῑο.,
1150 5505 1317 5562 refert
1373 5505 1669 5576 Gregorius

98 5567 558 5644 _NySSenusjtomo
587 5567 651 5640 ll;
687 5567 814 5644 pag:
872 5567 999 5637 32L,
1056 5567 1227 5644 eraque
1267 5567 1530 5632 adversus
1579 5593 1669 5631 ca-

93 5638 598 5714 lu’mnianguuomii
637 5638 796 5700 docte
817 5656 871 5699 et
904 5638 1416 5714 c0piose'defendit.

159 5710 269 5778 (42)
316 5712 455 5770 Editi
512 5724 567 5768 et
626 5714 760 5786 Reg.
830 5710 1052 5786 quintus
1098 5716 1189 5770 τὸν
1248 5717 1524 5790 ἀόριστον.
1564 5716 1669 5772 Alii

1776 4947 2016 5016 quinque
2073 4963 2206 5002 mss.
2243 4945 2304 4999 τὸ
2347 4947 2620 5018 ἀόριστον.
2650 4945 2852 5000 Ibidem
2894 4944 3153 5018 scriptum
3199 4945 3353 5018 inve:

1777 5015 1935 5071 nitur
1955 5020 2007 5070 in
2049 5020 2216 5072 tribus
2246 5015 2522 5072 codicibus
2551 5017 2790 5087 ἄληπτον
2821 5032 2917 5084 pro
2945 5016 3172 5087 ἄπειρον
3209 5032 3222 5045 ο
3256 5015 3350 5068 sed

1775 5103 1875 5158 vox
1910 5088 2136 5158 ἄπειρον
2170 5089 2367 5156 legitur
2390 5091 2441 5141 in
2471 5087 2592 5141 aliis
2620 5086 2747 5140 mss.
2776 5097 2832 5140 et
2860 5087 2923 5158 in
2950 5087 3063 5158 ipso
3085 5086 3348 5158 Gregorio

1774 5155 2056 5227 Nysseno,‘
2093 5155 2459 5224 licet’alioqui
2491 5173 2596 5211 non
2629 5171 2844 5226 semper
2891 5156 3085 5210 iisdem
3125 5156 3348 5210 vocibus

1774 5238 1979 5291 utatur,
2014 5228 2209 5296 quibus
2248 5227 2502 5281 Basilius.

1845 5297 1958 5369 (45)
1985 5292 2221 5369 Antiqui
2249 5309 2360 5352 tres
2386 5297 2515 5369 libri!
2535 5295 2908 5369 rbﬁréleomv
2931 5295 3028 5366 τῆς
3053 5293 3224 5369 ζωῆς.
3245 5292 3350 5369 lbi-

1771 5365 1893 5425 det'n
1932 5365 2061 5421 editi
2092 5367 2158 5420 τὸ
2192 5367 2425 5438 ἄναρχον
2459 5366 2718 5421 αὐτοῦ....
2770 5365 3234 5436 ἐπιθεωρούντων.
3282 5365 3351 5417 At

1772 5453 1904 5494 mss.
1929 5439 2027 5500 ita,
2067 5446 2126 5491 ut
2150 5438 2438 5492 edidimus.

1845 5507 1955 5580 (44)
1989 5508 2594 5580 Editio_u_traque__cum
2658 5506 2786 5576 Reg.
2830 5506 3137 5580 quintoqu
3166 5503 3349 5580 ἀσύμι-

1773 5574 1945 5633 δαντα
2002 5574 2461 5639 παντελῶςζΑιίἰ
2513 5593 2608 5632 sex
2668 5574 2799 5631 mss.
2850 5577 2944 5629 καὶ
3006 5574 3296 5646 ἀσύμϐατα
3330 5607 3351 5639 ,

1775 5657 1943 5704 recte.

1844 5718 1958 5788 (45)
1988 5717 2130 5774 Edili
2157 5715 2246 5772 τοῦ
2282 5715 2437 5771 Θεοῦ.
2476 5716 2624 5773 Libri
2660 5727 2868 5772 veteres
2895 5715 2970 5787 τῷ
2994 5715 3132 5785 Θεῷ.
