3836 6222
449 413 553 470 527

1758 413 1813 467 S.
1861 410 2106 466 BASILII
2147 407 2364 464 MAGNI

3611 393 3725 450 5‘28

519 507 572 560 8.
609 506 678 558 At
709 506 853 560 enim
889 520 956 561 ne
1003 507 1104 562 hoc
1153 507 1374 577 quidem
1425 515 1830 576 praetereamus.
1857 505 2032 574 qualis

2208 502 2260 556 8.
2304 500 2412 553 Καὶ
2443 498 2552 568 γὰρ
2583 492 2649 551 αὖ
2681 497 2813 568 μηδέ
2847 496 3006 550 τοῦτο
3035 491 3407 565 παρέλθωμεν,
3430 483 3550 542 οἷον
3570 489 3726 557 αὐτῷ

449 599 498 651 ei
547 595 818 651 simulatio
872 598 1089 666 pietatis
1127 599 1431 670 excogitata
1475 599 1546 654 sit
1600 598 1667 653 ad
1720 597 2024 653 auditorum

449 687 808 752 eversionem,
841 705 963 743 cum
999 689 1152 755 dicit,

523 781 655 837 Eua.
694 782 766 838 Se
791 783 1009 852 ingeniti
1035 783 1392 853 appellatione
1428 783 1593 838 Deum
1626 797 1733 836 non
1772 782 2031 836 decorare

446 873 600 942 juxta
643 875 938 927 humanum
968 873 1294 940 intelligendi
1328 875 1567 937 modum,
1611 873 1703 927 sed
1734 873 1782 926 ei
1828 869 2033 938 persol-

453 979 583 1018 vere
601 964 838 1019 debitum
861 964 1093 1018 maxime
1116 964 1357 1018 omnium
1384 965 1770 1028 necessarium;
1790 961 2035 1032 quando-

454 1058 670 1128 quidem
703 1074 824 1113 eum
858 1059 908 1112 id
937 1058 1077 1126 quod
1110 1066 1192 1112 est
1223 1055 1512 1113 conﬁtetur
1540 1071 1682 1111 esse.

527 1149 652 1202 Bas.
694 1148 1024 1214 Quibusnam
1059 1148 1236 1202 verbis
1278 1147 1446 1216 possit
1477 1159 1574 1216 pro
1627 1144 1820 1199 merito
1859 1143 2033 1212 eXpIi-

456 1243 565 1298 cari
596 1243 787 1296 harum
833 1241 1192 1295 versutiarum
1242 1241 1533 1309 obliquitas
1557 1239 1580 1292 ?
1603 1238 1802 1292 Nititur
1833 1248 2036 1291 terrere

456 1337 860 1406 simpliciores;
899 1337 1053 1405 quasi
1082 1336 1226 1405 quod
1270 1335 1468 1388 debent
1508 1350 1614 1387 non
1648 1335 1872 1388 reddant
1905 1334 2034 1396 Deo,

456 1430 562 1485 nisi
597 1430 1051 1500 ingenerationem
1089 1428 1445 1482 substantiam
1485 1442 1605 1481 esse
1656 1426 2035 1481 conﬁteantur.

456 1523 634 1592 Atque
659 1537 809 1576 suam
839 1521 1005 1589 ipsius
1027 1521 1354 1587 impietatem
1381 1519 1546 1572 debiti
1585 1517 1908 1572 solutionem
1945 1533 2040 1588 ap-

457 1613 647 1684 pellat,
673 1622 732 1667 ut
778 1627 846 1666 ne
889 1613 1017 1682 quid
1049 1611 1294 1664 videatur
1319 1625 1348 1664 a
1376 1610 1556 1677 seipso
1609 1607 1814 1672 dicere,
1851 1609 1942 1662 sed
1987 1608 2039 1661 id

459 1705 603 1774 quod
638 1703 947 1760 necessario
989 1703 1099 1757 Deo
1145 1703 1392 1768 debetur,
1429 1701 1757 1771 persolvere.
1793 1701 1935 1767 Quin
1987 1710 2042 1755 et

459 1798 689 1868 reliquis
715 1798 974 1864 declarat,
1007 1798 1120 1852 fore
1149 1807 1229 1863 ut,
1266 1797 1309 1850 si
1342 1795 1802 1866 ingenerationem
1831 1794 1884 1848 in
1911 1793 2041 1848 sub-

2131 593 2232 662 τῆς
2257 589 2540 650 εὐλαϐείας
2566 587 2624 640 τὸ
2652 588 2837 658 σχῆμα
2855 586 2946 639 ἐπὶ
2969 583 3322 654 καταστροφῇ
3347 579 3459 632 τῶν
3487 579 3727 632 ἀκουόν-

2131 702 2238 737 των
2263 681 2602 752 ἐπινενόηται
2631 680 2688 732 ἐν
2715 679 2792 749 τῷ
2819 677 3021 745 λέγειν,

2207 777 2366 830 ΕΥΝ.
2398 776 2488 844 Μὴ
2517 774 2638 826 κατ’
2675 772 2917 826 ἐπίνοιαν
2951 768 3298 840 ἀνθρωπίνην
3311 764 3602 835 σεμνύνειν
3629 763 3732 814 τὸν

2134 869 2264 922 Θεὸν
2314 871 2381 937 τῇ
2411 865 2505 918 τοῦ
2540 865 2835 933 ἀγεννήτου
2888 859 3249 932 προσηγορίᾳ,
3301 854 3615 909 ἐκτιννύναι
3665 853 3732 904 δὲ

2135 960 2284 1031 αὐτῷ
2338 959 2397 1012 τὸ
2441 958 2662 1011 πάντων
2696 953 3119 1023 ἀναγκαιότατον
3151 949 3390 1019 ὄφλημα,
3424 950 3484 1000 ἐν
3525 948 3593 1016 τῇ
3626 943 3732 995 τοῦ

2136 1049 2274 1106 εἶναι
2297 1052 2325 1103 ὃ
2348 1054 2494 1103 ἐστιν
2517 1046 2794 1119 ὁμολογίᾳ.

2209 1138 2355 1190 ΒΑΣ.
2394 1136 2488 1199 Τίς
2521 1136 2586 1190 ἂν
2605 1136 2765 1204 λόγος
2803 1132 2967 1199 ἀξίως
2998 1131 3100 1200 τῆς
3142 1129 3490 1198 σκολιότητος
3519 1124 3736 1194 ταύτης

2136 1230 2247 1282 τῶν
2287 1229 2681 1298 τεχνασμάτων
2714 1226 2990 1295 ὲφίκοιτο;
3036 1222 3315 1291 Ἐκφοὸεῖν
3347 1221 3476 1282 τοὺς
3521 1218 3736 1272 ἁπλου-

2142 1322 2364 1392 στέρους
2393 1323 2678 1392 ἐπιχειρεῖ,
2709 1320 2784 1382 ὡς
2819 1319 2893 1390 μὴ
2921 1316 3272 1378 ἀποδιδόντας
3294 1313 3363 1366 τὰ
3391 1312 3742 1382 ὀφειλόμενα.

2145 1414 2222 1486 τῷ
2247 1413 2385 1482 Θεῷ,
2421 1415 2468 1466 εί
2500 1415 2573 1485 μὴ
2601 1413 2790 1465 οὐσίαν
2825 1407 2962 1464 εἶναι
2983 1409 3374 1480 ὁμολογήσειαν
3401 1405 3462 1458 τὸ
3495 1403 3744 1471 ἀγέννη-

2139 1524 2250 1568 τον,
2293 1507 2390 1560 καὶ
2419 1506 2733 1576 ὀφλήματος
2767 1503 2976 1556 ἔκτισιν
3017 1501 3114 1571 τὴν
3153 1499 3286 1551 ἰδίαν
3323 1496 3592 1550 ἀσὲὃειαν
3615 1496 3748 1546 ὀνο-

2144 1600 2324 1671 μάζει,
2365 1599 2454 1651 ἴνα
2492 1599 2566 1668 μὴ
2611 1597 2740 1669 δόξῃ
2769 1596 2900 1667 παρ’
2931 1593 3125 1648 ἑαυτοῦ
3167 1609 3219 1644 τι
3265 1591 3466 1658 λέγειν,
3505 1587 3651 1641 ἀλλὰ
3681 1587 3748 1638 τὸ

2143 1693 2454 1760 ἀναγκαίως
2481 1691 2559 1762 τῷ
2583 1688 2701 1760 Θεῷ
2736 1689 3084 1759 ὀφειλόμενον
3113 1684 3443 1756 ἐκπληροῦν.
3469 1683 3590 1736 Καὶ
3622 1685 3748 1742 107.;

2143 1785 2346 1848 λοιποῖς
2366 1784 2720 1846 ἐνδείκνυται,
2739 1784 2821 1836 ὅτι
2840 1783 2895 1836 ἐν
2927 1782 3026 1852 μὲν
3047 1783 3112 1852 τῇ
3143 1778 3301 1848 οὐσίᾳ
3329 1777 3609 1846 τιθέμενοι
3625 1775 3748 1843 (46)

461 1890 661 1945 stantia
694 1899 916 1960 ponant,
951 1890 1155 1943 innoxii
1205 1889 1322 1944 sine
1367 1863 1524 1957 pinna
1573 1888 1916 1942 dimittantur
1949 1905 1961 1941 :
1995 1886 2040 1940 si

2186 1877 2542 1946 δάγέννητον,
2593 1873 2877 1927 ἀνεύθυνοι
2923 1872 3282 1942 ἀφεθήσονται
3309 1889 3323 1900 ·
3361 1869 3495 1921 εἰδὲ
3530 1868 3747 1936 ἑτέρως

461 1996 620 2037 secus
648 1981 799 2050 juxta
831 1984 974 2052 pium
1007 1983 1224 2036 modum
1257 1981 1597 2050 acceperint,
1629 1979 1870 2032 futurum
1898 1993 2040 2042 esse,

463 2073 640 2144 utipsi
661 2082 916 2143 tanquam
945 2075 1033 2143 qui
1064 2075 1302 2128 debitum
1333 2075 1574 2126 omnium
1601 2071 2043 2141 antiquissimum

463 2167 802 2236 maximeque
833 2167 1192 2221 necessarium
1215 2167 1495 2219 omiserint
1516 2165 1744 2229 solvere,
1765 2166 1898 2218 iram
1928 2176 2046 2217 sus-

466 2256 675 2310 tineant
723 2255 1133 2326 implacabilem.
1180 2254 1412 2308 Proinde
1443 2254 1614 2306 libens
1642 2267 1764 2306 eum
1813 2252 2047 2326 interro-

467 2348 727 2418 gaverim,
761 2358 940 2402 utrum
989 2349 1129 2401 hunc
1180 2347 1348 2400 animi
1398 2346 1689 2400 candorem
1745 2325 1948 2414 pariter
1990 2341 2044 2395 in

466 2441 719 2494 omnibus
741 2455 861 2510 qua:
887 2440 956 2494 de
996 2439 1104 2493 Deo
1135 2440 1500 2508 praedicantur
1527 2445 1727 2503 servet,
1766 2452 1832 2489 an
1863 2436 1915 2488 in
1948 2435 2050 2488 hoc

469 2533 735 2586 duntaxat
769 2532 984 2587 verbo?
1023 2532 1152 2586 Nam
1197 2533 1242 2585 si
1283 2531 1414 2586 nihil
1449 2530 1670 2585 omnino
1702 2530 1854 2598 juxta
1891 2527 2050 2581 intel-

471 2622 672 2692 ligendi
709 2623 924 2677 ntodum
975 2622 1298 2692 speculatur,
1331 2631 1388 2676 ut
1429 2637 1496 2675 ne
1534 2622 1783 2674 humanis
1817 2616 2053 2688 appella-

472 2715 710 2770 tionibus
744 2715 908 2769 Deum
962 2729 1230 2769 exornare
1278 2713 1557 2780 videatur;
1611 2713 1790 2766 omnia
1826 2726 1946 2781 qua;
1984 2711 2051 2762 de

473 2806 586 2862 Deo
613 2807 996 2878 praedicantur,
1031 2807 1286 2862 similiter
1327 2806 1686 2861 substantiam
1729 2818 1850 2858 esse
1883 2802 2054 2858 conli-

476 2900 696 2954 tcbitur.
731 2898 1010 2965 Quomodo
1040 2899 1200 2968 igitur
1242 2897 1526 2952 ridiculum
1563 2913 1665 2950 non
1695 2904 1798 2958 est,
1831 2894 2050 2950 creandi

477 2992 790 3048 facultatem
823 2993 1182 3046 substantiam
1204 3007 1323 3046 esse
1362 2991 1587 3045 dicere?
1615 2991 1895 3044 autetiam
1930 3004 2054 3059 pro-

477 3086 798 3148 videntiam,
836 3097 929 3138 aut
960 3085 1211 3138 similiter
1260 3084 1655 3153 prtescientiam
1713 3097 1900 3136 rursus
1929 3082 2058 3135 sub-

478 3177 733 3232 stantiam
754 3177 912 3231 esse?
941 3188 995 3230 et
1024 3192 1132 3229 uno
1165 3177 1350 3237 verbo,
1381 3191 1596 3228 omnem
1627 3175 1893 3228 actionem
1925 3173 2052 3227 sub-

479 3272 734 3325 stantiam
785 3269 1025 3341 putare?
1054 3270 1205 3336 Quod
1237 3269 1280 3322 si
1304 3270 1484 3322 omnia
1523 3270 1636 3322 haec
1681 3267 1748 3321 ad
1789 3281 1953 3320 unum
1986 3266 2059 3320 si.

480 3363 794 3432 gniﬁcatum
844 3365 1100 3427 tendunt,
1132 3377 1354 3417 necesse
1377 3360 1598 3415 omnino
1627 3372 1731 3426 est,
1756 3368 1813 3412 ut
1841 3357 2058 3412 nomina

484 3455 624 3508 idem
658 3455 798 3508 inter
838 3470 897 3509 se
947 3454 1110 3525 220
1163 3455 1400 3519 valeant,
1434 3454 1880 3522 quemadmodum
1923 3452 1980 3504 tit
2009 3451 2059 3505 in

484 3547 554 3602 iis
587 3548 681 3618 qui
729 3549 911 3602 multis
969 3549 1282 3603 nominibus
1327 3546 1663 3616 appellantur
1694 3560 1711 3600 :
1743 3545 1901 3600 sicuti
1938 3561 2059 3598 cum

482 3641 735 3694 eumdem
767 3640 998 3695 dicimus
1039 3641 1316 3695 Simonem
1359 3648 1416 3692 et
1454 3639 1670 3693 Petrum
1704 3646 1761 3692 et
1801 3637 2059 3706 Cepham.

485 3735 665 3799 Quare
702 3734 791 3802 qui
843 3734 1077 3788 audierit
1120 3733 1616 3787 immutabilitatetn
1667 3730 1783 3795 Dei,
1816 3731 2066 3785 deveniet

487 3827 554 3880 ad
585 3826 1041 3892 ingenerationem
1071 3843 1084 3880 :
1112 3827 1260 3890 item,
1289 3825 1378 3894 qui
1411 3823 1644 3877 audierit
1685 3819 2064 3875 indivisibilem

488 3933 632 3981 esse,
661 3921 726 3972 ad
763 3919 982 3974 creandi
1015 3918 1343 3986 ,l'acultatem
1382 3915 1675 3971 deferetur.
1718 3913 1923 3983 Ecquid
1964 3913 2066 3966 hac

489 4009 810 4066 confusione
855 4011 970 4066 ﬁeri
1003 4011 1170 4080 possit
1204 4010 1513 4075 absurdius,
1561 4008 1605 4062 si
1657 4007 1778 4076 quis
1817 4006 2070 4060 videlicet

491 4107 743 4175 adempto
789 4106 1006 4174 proprio
1037 4104 1462 4172 uniuscujusque
1510 4099 1746 4154 nominis
1796 4097 2070 4164 signiﬁca-

495 4203 549 4249 tu
571 4235 586 4261 ,
616 4206 725 4249 tum
769 4195 1040 4250 communi
1071 4193 1227 4258 usui,
1263 4203 1374 4248 tum
1417 4191 1650 4260 Spiritus
1690 4189 1947 4244 doctrina:
1981 4204 2069 4241 re-

495 4288 832 4360 pugnet?Et
879 4288 1096 4357 quidem
1153 4303 1274 4340 cum
1327 4286 1576 4339 audimus
1632 4283 1698 4337 de
1749 4282 1878 4346 Deo,
1927 4281 2068 4350 quod

494 4383 673 4438 omnia
716 4384 767 4436 in
807 4381 1070 4450 sapientia
1093 4381 1219 4435 fecit
1242 4381 1308 4446 “,
1345 4377 1664 4433 creatriccm
1696 4377 1865 4445 ipsius
1896 4385 2069 4429 artem

493 4477 753 4530 docemur
789 4491 801 4526 :
831 4490 951 4528 cum
991 4488 1122 4528 vero
1170 4473 1441 4533 audimus,
1474 4470 1614 4539 quod
1649 4470 1824 4538 aperit
1855 4484 2068 4522 manum

493 4580 670 4628 suam,
699 4575 753 4619 et
782 4564 968 4634 implet
1001 4577 1162 4618 omne
1199 4561 1397 4617 animal
1426 4559 1846 4629 beneplacito",
1881 4558 2068 4612 Provi-

494 4652 732 4707 dentiam
750 4653 930 4708 omnia
957 4653 1300 4708 invadentem
1327 4651 1618 4706 discimus:
1645 4649 1861 4719 quando
1889 4660 2069 4704 autem

567 4855 612 4886 ⁸³
643 4853 785 4911 Psal.
810 4870 924 4918 Clll,
961 4853 1050 4908 24.
1129 4853 1174 4885 ⁸³
1198 4851 1340 4908 Psal.
1371 4867 1528 4906 cxuv
1548 4892 1564 4918 ,
1594 4849 1680 4906 16.

571 5024 683 5098 (46)
721 5022 851 5089 Reg.
881 5030 1104 5098 quartus
1132 5024 1198 5098 τῇ
1224 5023 1382 5098 οὐσίᾳ
1411 5021 1510 5098 τοῦ.
1529 5021 1664 5074 Θεοῦ
1693 5019 1984 5098 τιθέμενοι,
2031 5020 2077 5098 εξ

497 5090 852 5163 ῑηςίεηῖιιιταηι
869 5090 1197 5163 inessenlid
1217 5093 1310 5145 Dei
1346 5090 1692 5146 constituant.
1732 5091 1844 5146 Hoc
1889 5103 1995 5151 εει,
2027 5090 2073 5144 si

498 5161 827 5223 contendant
865 5161 956 5214 Dei
993 5171 1239 5214 naturam
1273 5163 1414 5215 ineo
1441 5164 1602 5216 sitam
1661 5177 1803 5219 esse.
1831 5169 1888 5213 ιιι
1916 5175 2076 5230 gene-

501 5239 608 5292 rari
636 5252 740 5290 non
771 5234 957 5302 possit.
995 5231 1144 5296 Illud,
1169 5232 1428 5287 κατάἷτὺν
1449 5232 1649 5302 εὐσεϐῆ
1685 5231 1908 5302 τρόπον,
1931 5230 2076 5298 quod

500 5324 623 5362 mox
655 5306 923 5374 sequitur,
958 5303 1169 5356 videtur
1201 5306 1279 5356 sic
1301 5306 1472 5371 acvipi
1507 5305 1704 5357 debere
1739 5304 1932 5370 :juxta
1961 5317 2076 5374 mo-_

499 5384 626 5430 dum
667 5370 754 5445 qui
805 5373 1070 5427 Eunomia
1103 5374 1310 5441 quidem
1346 5370 1554 5427 videtur
1600 5374 1718 5442 pius
1759 5388 1870 5426 esse
1903 5415 1917 5437 ,
1985 5370 2076 5424 sed

499 5465 602 5501 non
634 5457 729 5500 est.

572 5518 682 5587 (Π)
709 5515 872 5571 Κατὰ
899 5514 1008 5570 τόν
1039 5512 1263 5587 εὐσεϐῆ
1293 5515 1538 5581 τρόπον.
1570 5512 1668 5587 ﬂis
1708 5512 1887 5587 verbis
1923 5512 2080 5587 inter:

498 5580 614 5656 iigit
667 5587 906 5656 Basilius
931 5580 1258 5641 catholicum
1299 5580 1518 5639 sensum
1567 5583 1860 5637 Marcionis
1894 5580 2077 5637 sensui

497 5655 822 5725 oppositum.
861 5655 1076 5710 MABAN.

571 5720 682 5799 (48)
715 5729 941 5799 Codices
993 5728 1198 5795 aliquot
1231 5720 1323 5791 οῦν
1353 5724 1419 5778 ἂν
1443 5723 1627 5777 αὐτόν.
1665 5722 1866 5776 Vocula
1919 5720 1983 5775 ἄν
2008 5722 2075 5776 ab

499 5798 660 5852 editis
691 5798 898 5850 aberat.

573 5867 682 5935 (49)
740 5866 962 5934 Antiqui
1016 5866 1120 5920 duo
1183 5865 1304 5921 libri
1361 5866 1564 5930 λέγειν,
1600 5863 1661 5916 τὸ
1725 5860 2080 5927 προνοητικὸν

2145 1969 2285 2023 κατά
2315 1967 2406 2020 τὸν
2428 1966 2627 2036 εὐσεϐῆ
2651 1966 2851 2037 τρόπον
2879 1964 2988 2035 (47)
3017 1961 3470 2033 ὐπολαμόἀνοιεν,
3497 1959 3576 2022 ὡς
3596 1959 3750 2011 ἐλλε-

2145 2061 2391 2122 λοιπότες
2414 2059 2474 2111 τὸ
2491 2059 2705 2111 πάντων
2733 2057 2908 2128 χρεῶν
2928 2056 3298 2126 πρεσϐύτατον
3328 2055 3422 2106 καὶ
3439 2051 3748 2118 ἀναγκαιό-

2145 2168 2306 2204 τατον
2340 2150 2592 2220 ἔκτισμα,
2630 2149 3002 2219 ἀπαραίτητον
3047 2146 3143 2216 τὴν
3190 2145 3357 2214 ὀργὴν
3399 2143 3741 2207 ἐκδέξονται.

2159 2245 2354 2307 Ἡδέως
2393 2239 2486 2296 οὖν
2519 2242 2583 2295 ἂν
2610 2241 2772 2296 αὑτὸν
2800 2241 2910 2313 (48)
2943 2239 3282 2308 ἐξετάσαιμι,
3312 2237 3412 2306 τὴν
3449 2236 3744 2304 εὐγνωμο-

2151 2341 2315 2412 σύνην
2340 2340 2545 2412 ταύτην
2573 2338 2774 2410 ὁμοίως
2804 2337 2898 2390 ἐπὶ
2926 2335 3143 2389 πάντων
3176 2334 3285 2387 τῶν
3316 2333 3446 2402 περὶ
3470 2329 3613 2382 Θεοῦ
3655 2329 3751 2380 λε-

2149 2435 2398 2504 γομένων
2434 2432 2718 2502 φυλάσσει,
2747 2431 2779 2502 ἢ
2814 2429 2954 2482 κατά
2978 2427 3138 2480 τοῦτο
3174 2426 3334 2497 μόνον
3363 2423 3426 2475 τὸ
3455 2422 3643 2492 pitu;
3681 2421 3750 2472 Et

2154 2530 2251 2600 μὲν
2287 2527 2395 2597 γὰρ
2429 2526 2581 2579 οὐδὲν
2623 2524 2760 2586 ὅλως
2811 2523 2931 2575 κατ’
2966 2521 3207 2574 ἐπίνοιαν
3250 2516 3468 2586 θεωρεῖ,
3525 2515 3615 2567 ἵνα
3673 2512 3752 2582 μὴ

2149 2620 2276 2692 δόξῃ
2304 2618 2673 2690 ἀνθρωπίναις
2707 2615 2798 2667 τὸν
2824 2613 2956 2666 Θεὸν
2988 2611 3273 2682 σεμνύνειν
3303 2608 3713 2680 προσηγορίαις
3735 2648 3750 2670 ,

2165 2711 2343 2763 πάντα
2376 2708 2577 2780 ὁμοίως
2611 2707 2796 2761 οὐσίαν
2820 2705 3141 2776 ὁμολογήσει
3169 2703 3237 2754 τὰ
3267 2700 3639 2770 ἐπιλεγόμενα
3671 2695 3753 2766 τῷ

2155 2800 2297 2870 Θεῷ.
2336 2799 2460 2862 Πῶς
2507 2795 2600 2852 οὖν
2651 2799 2713 2851 οὐ
2753 2796 3184 2864 καταγέλαστον,
3240 2793 3302 2846 τὺ
3349 2790 3753 2862 δημιουργικὴν

2154 2896 2342 2949 οὐσίαν
2372 2889 2510 2948 εἶναι
2539 2893 2754 2961 λέγειν;
2787 2891 2820 2961 ἢ
2856 2890 2914 2943 τὸ
2944 2887 3294 2961 προνοητικὸν
3321 2886 3481 2938 πάλιν
3507 2883 3750 2946 οὐσίαν;

2156 2988 2188 3054 ἢ
2223 2987 2282 3040 τὸ
2312 2983 2714 3058 προγνωστικὸν
2755 2983 2916 3037 πάλιν
2967 2982 3226 3042 ὡσαύτως
3254 2979 3395 3048 (49);
3438 2977 3538 3030 καὶ
3569 2975 3752 3040 ἀπαξ-

2162 3079 2371 3144 απλῶς,
2402 3081 2580 3132 πᾶσαν
2633 3079 2937 3148 ἐνέργειαν,
2972 3074 3158 3127 οὐσίαν
3192 3071 3467 3134 τίθεσθαι;
3530 3069 3647 3120 Καὶ
3705 3069 3755 3120 εί

2161 3173 2339 3226 πάντα
2379 3171 2549 3224 ταῦτα
2585 3169 2719 3239 πρὸς
2767 3167 2823 3220 ἓν
2859 3165 3254 3237 σημαινόμενον
3301 3163 3490 3223 τείνει,
3523 3161 3750 3228 ἀνάγκη

2163 3266 2312 3318 πᾶσα
2334 3263 2530 3317 ταυτὸν
2565 3260 2819 3331 ἀλλήλοις
2845 3257 3106 3311 δύνασθαι
3137 3256 3206 3308 τά
3238 3254 3479 3324 ὀνόματα
3497 3269 3516 3282 ο
3555 3253 3635 3314 ὡς
3659 3251 3756 3302 ἐπὶ

2161 3357 2268 3410 τῶν
2296 3354 2538 3410 πολυωνύ
2548 3371 2681 3424 μων·
2705 3353 2832 3405 ὅταν
2854 3351 3070 3420 Σίμωνα
3092 3348 3184 3400 καὶ
3208 3345 3412 3416 Πέτρον
3430 3343 3527 3396 καὶ
3550 3343 3756 3412 Κηφᾶν

2161 3450 2250 3503 τὸν
2275 3448 2438 3501 αὐτὸν
2470 3447 2736 3516 λέγωμεν.
2761 3441 2969 3495 Οὐκοῦν
2995 3442 3024 3492 ό
3045 3439 3179 3493 ἀκού
3190 3455 3286 3500 σας
3307 3438 3365 3490 τὸ
3383 3435 3755 3488 ἀναλλοίωτον

2163 3540 2256 3595 τοῦ
2308 3539 2467 3604 Θεοῦ,
2507 3540 2643 3610 πρὸς
2696 3537 2757 3590 τὸ
2790 3535 3082 3605 ἀγέννητον
3131 3531 3503 3602 ὐπαχθήσεται
3528 3546 3542 3558 ·
3583 3527 3680 3580 καὶ
3726 3527 3755 3578 ό

2165 3634 2406 3696 ἀκούσας
2426 3632 2484 3685 τὸ
2514 3631 2741 3702 ἀμερὲς,
2774 3629 2911 3700 πρὸς
2951 3628 3010 3680 τὸ
3040 3623 3430 3696 δημιουργικὸν
3465 3621 3581 3692 (50)
3614 3622 3756 3673 ἀπο-

2165 3728 2410 3798 φέρεται.
2446 3725 2556 3778 Καὶ
2589 3723 2793 3792 ταύτης
2834 3721 2887 3775 τί
2927 3719 2993 3774 ἂν
3027 3720 3237 3787 γένοιτο
3283 3718 3381 3786 τῆς
3433 3714 3758 3785 συγχύσεως

2167 3821 2530 3891 ἀτοπώτερον,
2566 3817 2897 3887 ἀφελόμενον
2929 3815 3025 3883 τὴν
3052 3813 3189 3865 ἰδίαν
3219 3809 3493 3879 σημασίαν
3515 3807 3758 3859 suam

2167 3913 2275 3966 τῶν
2295 3911 2595 3982 ὀνομάτων,
2624 3905 3056 3979 ἀντινομοθετείν
3082 3906 3148 3974 τῇ
3171 3920 3230 3955 τε
3265 3903 3417 3968 κοινῇ
3445 3902 3646 3970 χρήσει
3663 3897 3764 3948 καὶ

2167 4007 2234 4075 τῇ
2259 4001 2575 4071 διδασκαλίᾳ
2602 4000 2697 4054 τοῦ
2729 3998 3074 4068 Πνεύματος;
3103 3994 3296 4047 Καίτοι
3319 3993 3447 4044 ὅταν
3480 3989 3582 4059 μὲν
3601 3987 3767 4040 ἀκούο

2172 4115 2350 4168 σωμεν
2384 4096 2512 4166 περὶ
2545 4094 2638 4147 τοῦ
2682 4092 2840 4153 Θεοῦ,
2871 4093 2953 4144 ὅτι
2993 4089 3171 4141 πάντα
3212 4089 3269 4139 ἐν
3310 4085 3473 4154 σοφία
3504 4082 3762 4150 ἐποίησε,

2169 4190 2268 4261 τὴν
2320 4188 2714 4260 δημιουργικὴν
2747 4185 2943 4256 τέχνην
2975 4179 3140 4236 αὐτοῦ
3185 4175 3558 4246 διδασκόμεθα
3581 4193 3596 4204 ·
3632 4175 3763 4226 ὅταν

2171 4281 2247 4343 δὲ,
2281 4285 2364 4334 ὅτι
2407 4278 2611 4345 ἀνοίγει
2653 4279 2754 4347 τὴν
2793 4277 2951 4346 χεῖρα
2991 4269 3180 4332 αὐτοῦ,
3213 4268 3308 4322 καὶ
3352 4265 3607 4335 ὲμπιπλᾷ
3652 4267 3761 4316 πᾶν

2173 4372 2311 4436 ζῶον
2367 4369 2615 4433 εὐδοκίας
2651 4368 2785 4438 (5|),
2830 4367 2929 4437 τὴν
2968 4365 3055 4417 διὰ
3101 4361 3321 4415 πάντων
3367 4360 3759 4428 κεχωρηκυῖαν

2173 4463 2427 4535 πρόνοιαν
2447 4477 2460 4490 ·
2494 4462 2619 4514 ὅταν
2651 4459 2727 4522 δὲ,
2761 4458 2840 4510 ὃτι
2892 4457 3099 4509 Ἐθετο
3143 4454 3362 4517 σκότος
3393 4448 3759 4516 ἀποκρυφὴγ

2102 4572 2145 4626 D
2173 4556 2381 4618 αὑτοῦ,
2423 4555 2484 4607 τὸ
2521 4554 2750 4624 ἀόρατον
2790 4551 2886 4620 τῆς
2916 4547 3082 4602 αὐτοῦ
3122 4545 3337 4615 φύσεως
3364 4541 3753 4610 παιδευόμεθα.

2179 4649 2349 4704 Πάλιν
2382 4647 2438 4701 δὲ
2465 4645 2527 4699 τό
2575 4646 2639 4698 ἐκ
2680 4642 2974 4713 προσώπου
3000 4639 3094 4693 τοῦ
3127 4636 3263 4692 Θεοῦ
3297 4635 3592 4706 λεγόμενον
3626 4632 3757 4703 (52),

2182 5015 2346 5070 πάλιν
2379 5010 2564 5066 οὐσίαν
2586 5026 2599 5039 ο
2636 5009 2698 5061 τὸ
2727 5001 3137 5075 προγνωστικὸν
3161 4999 3448 5075 ῲσαύτως.
3473 4995 3761 5075 A_|in_n_anlo

2184 5024 2346 5070 πάλιν
2379 5024 2564 5066 ουσίαν
2586 5026 2599 5039 ο
2636 5024 2698 5061 το
2727 5025 2768 5059 π
2807 5024 3137 5075 ογνωστικον
3165 5024 3448 5060 ωσαυτως.
3473 5024 3760 5051 nutu-mnu

2184 5096 2304 5154 post
2354 5085 2485 5140 editi
2535 5080 2628 5133 τὸν
2671 5024 2833 5131 αὐτὲν
2866 5075 3119 5144 λέγομεν.
3151 5070 3378 5125 Codices
3401 5066 3558 5120 multi
3592 5065 3760 5118 λένω-

2227 5172 2307 5208 εν.

2186 5173 2371 5295 μεῖέθ)
2420 5221 2559 5277 Editi
2607 5234 2736 5295 cum
2777 5213 3113 5295 Colhgrrpbg
3172 5211 3234 5264 τὸ
3271 5205 3623 5280 δημιουργόν.
3663 5202 3760 5256 Alii

2183 5286 2575 5368 quatuor__m_ss.
2603 5286 3018 5368 δημιουργικόν.
3216 5352 3229 5368 9
3253 5367 3275 5368 ﬁ
3295 5349 3339 5368 Α,
3387 5350 3478 5368 ιω
3496 5345 3644 5368 ΛΖ-ιέ

2257 5345 2566 5436 (Stivnlg.
2624 5345 2688 5412 Εἰ
2723 5345 2898 5427 ὀηιρίὲι
2941 5369 3092 5436 omne
3137 5349 3339 5432 animo!
3383 5345 3758 5436 benedictione:

2189 5417 2466 5504 suspicari
2516 5417 2752 5504 fortasse
2795 5417 3009 5504 poterit
3064 5422 3359 5492 quispiam,
3410 5417 3759 5486 interpretem

2187 5525 2286 5580 pro
2304 5495 2568 5580 ἐὐδοκίας
2610 5495 3095 5580 Ιςείεεεέὐλργίαδς.

2613 5552 2808 5642 rP‘ari‘s.
2839 5552 3004 5642 πάλξν
3035 5552 3090 5616 δέ
3133 5559 3332 5642 διὰ-τὺ
3375 5561 3438 5642 ἐκ
3467 5552 3758 5642 ’προσώπου

2187 5629 2445 5702 τοῦ-Θεοῦ
2496 5641 2816 5711 λεγόμενον.
2875 5639 2980 5690 Sed
3020 5632 3333 5711 praepositio
3396 5629 3489 5709 διά
3549 5643 3672 5711 nec‘
3711 5629 3754 5711 in

2188 5701 2425 5771 editione
2463 5701 2596 5766 Veri.
2631 5701 2746 5762 ‘nec
2806 5709 2858 5760 in
2902 5706 3104 5760 nostris
3137 5701 3431 5771 codicibus
3474 5701 3754 5752 invenitur.

2188 5769 2386 5854 Quare-
2410 5769 2573 5838 facile
2601 5779 2936 5854 crediderim
2969 5775 3206 5829 additam
3243 5787 3364 5854 eam
3412 5769 3751 5854 fuisse'arly:

2192 5837 2491 5924 Misimus
2546 5862 2604 5908 ut
2670 5864 2865 5906 sensus
2925 5848 3132 5913 integer
3182 5841 3529 5898 redderetur.
3594 5837 3750 5892 Editio
