3836 6222
393 321 496 398 ius

1734 322 1792 378 S.
1833 321 2077 379 BASILII
2119 323 2334 380 MAGNI

3554 333 3656 388 500

395 438 488 491 sed
541 434 843 502 traditione
899 433 1268 502 apostolorum
1328 433 1564 503 ﬁdeique
1626 435 1977 503 simplicitate

2098 439 2144 508 τῇ
2174 437 2229 490 δὲ
2257 437 2552 509 παραδόσει
2576 439 2683 491 τῶν
2714 438 3030 512 ἀποστόλων
3056 439 3146 493 καὶ
3170 441 3232 511 τῇ
3269 441 3537 516 ἁπλότητι
3562 447 3659 517 τῆς

349 593 358 603 ,
397 530 638 584 contenti
664 544 804 590 esse,
839 527 972 581 nihil
999 543 1141 581 nunc
1163 543 1300 598 opus
1331 529 1488 582 nobis
1513 537 1659 584 esset
1685 532 1931 585 oratione
1958 549 1972 586 :

398 621 492 676 sed
523 636 682 690 quam
719 620 787 673 ab
815 619 970 672 initio
1001 620 1267 674 coluimus
1302 620 1750 687 taciturnitatem,
1784 623 1974 676 etiam-

399 729 523 766 num
559 713 782 766 omnino
816 713 1289 780 amplecteremur.
1321 714 1388 766 At
1416 715 1559 767 enim
1598 730 1720 768 cum
1765 715 1974 768 verita-

399 808 472 860 tis
513 805 760 858 inimicus
794 814 992 874 prazter
1021 819 1082 857 ea
1114 821 1233 874 quae
1262 823 1290 857 a
1325 805 1591 875 principio
1633 807 1689 860 in
1732 806 1974 862 Ecclesia

397 897 490 951 Dei
541 897 784 950 conserit
820 897 1028 949 zizania
1057 895 1127 961 ³³,
1160 897 1543 951 additamentis
1594 911 1810 967 semper
1858 913 1978 952 ma-

398 990 505 1044 lum
551 998 774 1058 augeat,
831 1004 1083 1057 nuncque
1131 990 1485 1044 instrumenta
1545 1004 1762 1043 omnem
1815 989 1974 1043 simul

397 1083 513 1152 ejus
563 1092 734 1136 artem
784 1082 1134 1149 suscipientia
1185 1092 1398 1143 nactus,
1441 1095 1539 1150 per
1572 1081 1972 1136 Christianismi

397 1174 820 1241 simulationem,
853 1175 1196 1243 negationem
1231 1175 1451 1228 deitatis
1495 1174 1770 1244 Unigeuiti
1803 1175 1976 1229 intro-

397 1269 580 1330 ducat,
616 1277 840 1320 externa
877 1267 965 1320 illa
1015 1282 1077 1321 ac
1106 1283 1241 1320 vana
1274 1268 1539 1335 sapientia
1575 1269 1863 1336 puritatem
1911 1283 1974 1322 ac

397 1359 800 1427 simplicitatem
837 1359 1100 1413 doctrina:
1134 1360 1297 1413 divini
1335 1358 1570 1427 Spiritus
1616 1362 1970 1423 conturbans,

399 1467 462 1506 ac
494 1453 672 1505 verbis
707 1452 1156 1521 persuasibilibus
1182 1453 1226 1482 ⁵³
1262 1435 1621 1521 simpliciores
1664 1453 1972 1518 seducens;

399 1546 704 1600 necessario
733 1555 786 1597 et
819 1560 939 1610 nos,
975 1555 1083 1598 tum
1120 1555 1337 1614 propter
1377 1555 1618 1598 vestrum
1661 1546 1750 1614 qui
1802 1546 1974 1612 impe-

399 1639 560 1692 rastis
631 1652 909 1700 amorem,
978 1646 1088 1689 tum
1164 1645 1382 1704 propter
1444 1646 1684 1690 nostram
1737 1637 1973 1704 ipsorum

401 1730 768 1794 securitatem,
810 1737 1050 1780 nostram
1104 1726 1321 1780 interim
1382 1727 1806 1781 imbecillitatem
1867 1744 1971 1781 non

399 1833 675 1882 Curantes,
704 1835 1010 1886 quanquam
1048 1818 1099 1870 in
1137 1820 1238 1871 hoc
1269 1817 1480 1870 dicendi
1527 1833 1723 1885 genere
1759 1818 1973 1871 incxer-
2007 1807 2049 1860 Β

400 1913 549 1967 citati
597 1927 803 1975 sutuus,
844 1921 1021 1964 tamen
1069 1926 1165 1978 pro
1219 1911 1413 1962 tradita
1470 1910 1626 1964 nobis
1670 1925 1700 1962 a
1752 1909 1975 1963 Domino

399 2008 640 2063 scientia:
678 2020 950 2064 mensura,
986 2014 1042 2056 et
1092 2001 1308 2054 veritati
1356 2002 1709 2069 patrocinari,
1741 2011 1795 2056 et
1826 2018 1978 2055 tuen-

400 2101 612 2155 dacium
667 2098 947 2151 confutare
1005 2095 1334 2160 recepimus;
1388 2095 1489 2147 rati
1537 2109 1567 2147 e
1613 2094 1784 2148 tribus
1821 2093 1977 2148 bonis

401 2208 565 2245 unum
603 2189 789 2244 saltem
819 2188 1039 2240 omnino
1074 2196 1463 2240 consecuturos
1510 2200 1607 2238 nos
1643 2204 1656 2239 :
1698 2186 1974 2252 nimirum,

399 2294 492 2338 aut
530 2284 595 2336 iis
641 2285 731 2350 qui
779 2281 889 2350 jam
942 2279 1298 2348 prayoccupati
1354 2285 1498 2340 Slllll,
1551 2277 1976 2332 confutatiouem

400 2375 566 2445 208
595 2375 733 2438 hanc
763 2372 904 2424 velut
938 2371 1108 2423 morbi
1154 2369 1447 2420 remedium
1487 2369 1731 2432 daturos,
1772 2379 1864 2423 aut
1895 2385 1981 2423 sa-

401 2467 486 2526 nis
515 2463 794 2515 oblaturus
833 2473 1070 2514 tutamen
1104 2463 1496 2528 qualecunque,
1532 2473 1625 2514 aut
1669 2471 1836 2526 certe,
1882 2478 1980 2517 nos

404 2559 550 2625 ipsos
594 2557 686 2625 qui
733 2556 932 2608 nostris
982 2555 1240 2608 fratribus
1287 2556 1487 2620 optime
1527 2556 1978 2619 consuluerimus,

404 2654 706 2706 mercedem
767 2649 1078 2715 adepturos.
1136 2648 1236 2713 Qui
1296 2658 1475 2700 autem
1536 2649 1742 2714 primus
1799 2649 1982 2702 dicere

408 2753 592 2812 aperte
623 2757 686 2796 ac
722 2743 918 2795 docere
967 2755 1131 2795 ausus
1183 2750 1288 2802 est,
1327 2741 1638 2794 dissimilem
1686 2756 1805 2796 esse
1853 2744 1982 2797 sub-

403 2837 602 2891 smntia
645 2835 980 2904 unigenitum
1013 2833 1207 2886 Filium
1261 2834 1368 2887 Deo
1414 2844 1468 2886 et
1515 2832 1684 2896 Patri,
1721 2842 1979 2902 quantum

404 2940 552 2982 certe
599 2942 696 2980 nos
749 2926 1016 2988 novimus,
1046 2925 1238 2978 Aetius
1292 2925 1378 2979 ille
1429 2934 1510 2980 est
1553 2924 1743 2994 Syrus,
1772 2930 1836 2979 de
1876 2939 1983 2993 quo

403 3038 510 3076 non
542 3023 712 3075 dicam
747 3019 943 3088 quibus
979 3018 1046 3071 ab
1074 3018 1227 3070 initio
1265 3016 1561 3071 innutritus
1605 3015 1832 3079 artibus,
1863 3029 1983 3070 sese

405 3115 711 3186 perniciose
745 3114 797 3166 iu
835 3112 928 3166 Dei
962 3111 1233 3166 Ecclesias
1265 3110 1571 3174 intruserit,
1599 3118 1658 3164 ut
1689 3125 1756 3164 ne
1779 3109 1980 3163 omissa

405 3203 768 3259 confutationc
799 3201 1094 3258 conviciari
1143 3200 1348 3254 videar.
1382 3200 1454 3254 At
1483 3199 1534 3252 in
1571 3199 1846 3266 impietate
1888 3198 1981 3268 qui

407 3299 689 3360 successit,
725 3308 953 3362 eamque
998 3292 1248 3362 perfecit,
1285 3290 1582 3345 Eunomius
1615 3291 1703 3345 hic
1749 3299 1831 3344 est
1876 3290 1986 3344 Ga-

408 3394 536 3456 lata,
564 3389 655 3460 qui
686 3388 785 3443 sibi
819 3389 936 3452 ipse
961 3401 1027 3441 ex
1056 3386 1218 3440 rebus
1248 3383 1579 3452 turpissimis
1605 3383 1984 3437 claritudinem

406 3498 730 3551 comparans
763 3480 968 3551 (Gloria
999 3479 1159 3541 enim,
1196 3477 1390 3546 inquit,
1417 3478 1473 3530 in
1508 3475 1814 3543 confusione
1845 3477 1988 3544 ipso-

407 3574 632 3645 rum"),
662 3588 784 3629 cum
813 3573 1047 3642 reposita
1074 3571 1178 3640 piis
1201 3567 1342 3623 bona
1373 3568 1763 3639 postposuisset
1793 3567 1987 3622 honori

407 3670 456 3724 ei
489 3682 648 3738 quem
689 3682 748 3722 se
773 3665 1026 3736 sperabat
1056 3661 1534 3734 acquisiturum,|si
1569 3661 1832 3716 scriberet
1865 3676 1984 3730 qua:

480 3868 526 3902 “
561 3867 754 3922 Matth.
784 3882 902 3932 xm,
942 3866 1035 3922 25.
1110 3864 1200 3919 ³³1
1233 3863 1357 3919 Cor.
1389 3879 1451 3929 tl,
1485 3863 1540 3917 4.

412 4054 620 4121 logetici
650 4052 799 4117 impii
827 4049 1103 4121 Eunomii.
1125 4047 1229 4121 Sed
1268 4046 1770 4121 liona_illius_ve_nia
1806 4045 1983 4098 dicam

412 4113 570 4180 iunco
599 4113 734 4175 libro
783 4136 886 4173 non
940 4119 1038 4186 legi
1084 4116 1488 4188 ἀντιρρητικός,
1528 4117 1618 4188 sed
1665 4118 1992 4188 ἀνατρεπτι-

413 4196 531 4261 κός,
567 4185 1496 4261 ΑηιιινεριὶεηείΑιζριορεὶῖείᾳίηιηίἱ
1564 4185 1830 4239 Eunomii.
1882 4185 1993 4261 Nec

415 4257 578 4319 aliter
612 4263 812 4316 habent
835 4260 1003 4314 editio
1039 4257 1173 4313 Ven.
1207 4270 1260 4312 et
1305 4257 1456 4322 Regii
1485 4267 1712 4322 quartus
1745 4267 1796 4308 et
1827 4258 1990 4324 quinv

415 4348 527 4395 tus.
550 4328 613 4387 in
651 4333 844 4397 quibus
877 4333 953 4384 sic
989 4329 1221 4394 legitur:
1273 4326 1694 4398 Ἀνατρεπτικὸς
1727 4327 1821 4398 τοῦ
1855 4328 1991 4398 ἀπο-

414 4396 706 4476 λογητικοῦ
739 4401 1028 4476 Εὑνομίουἶ
1058 4399 1155 4476 ||_‘c
1190 4411 1237 4453 et
1273 4398 1410 4476 illud
1435 4396 1751 4476 notandum,
1800 4397 1900 4476 legi
1945 4396 1996 4447 in

415 4465 549 4544 Reg:
586 4475 798 4544 quinto,
832 4465 958 4544 ante
995 4471 1230 4544 titulum,
1256 4466 1349 4544 tofi
1386 4465 1760 4537 βροντοφὼνου
1785 4468 1880 4544 καὶ,
1922 4482 2002 4517 σο-

417 4537 858 4617 φοῧΒασιλείου,
897 4540 1084 4617 Basilii
1139 4538 1373 4617 ignoratis
1421 4555 1488 4617 με
1550 4539 1819 4617 sapientis.
1866 4537 1998 4616 (ιρις.

415 4606 628 4687 primus
685 4612 1015 4687 simpliciter
1051 4609 1172 4687 κατ’
1229 4607 1524 4687 ῌὺνομίου,
1556 4607 1612 4658 in
1658 4606 1997 4686 Eunomium.

419 4677 555 4756 ileg.
590 4677 860 4738 secundus
896 4683 1016 4733 κατ’
1051 4679 1344 4802 Εὑνοῧίου,
1377 4677 1782 4748 ἀντιρρητικός,
1818 4689 2005 4729 contra

425 4757 766 4802 Rnnamium-
811 4753 1124 4802 confatalia.
1244 4749 1437 4802 eniuue
1485 4751 1652 4801 codex
1704 4748 1853 4800 (lolb.
1907 4743 2002 4796 τοῦ

419 4743 766 4811 Ειιῗιοηιίιιηι.
811 4753 1124 4819 confatalia.
1196 4743 1437 4819 Denique
1485 4743 1652 4801 codex
1704 4748 1853 4800 Coll).
1907 4743 2002 4819 τοῦ

418 4827 576 4896 ἁγίου
607 4815 921 4896 Βασιλείου
957 4821 1063 4873 τῶν
1112 4819 1248 4892 πρὸς
1287 4818 1567 4896 Ἐὐνόμιον
1604 4815 2004 4896 ἀντιρρητικιξιν

419 4886 536 4966 λᾶγ.
569 4895 830 4966 αἠΙιὶὑρν
853 4894 1057 4966 primus
1101 4886 1567 4943 aritirrheticorum
1601 4886 1771 4941 sancti
1809 4886 2004 4939 Basilii

421 4965 604 5021 contra
635 4965 974 5018 Eunomium.

494 5039 607 5104 (52)
637 5037 813 5088 Editio
842 5034 1014 5086 Paris.
1043 5041 1098 5087 et
1130 5046 1258 5104 mss.
1288 5045 1393 5104 non
1425 5026 1649 5104 paucio
1681 5024 1874 5104 έχθρὸς
1905 5025 2005 5104 τῆς

423 5097 682 5179 ἀληθείας
712 5105 981 5179 διάϐολος,
1010 5102 1246 5179 veritatis
1285 5100 1529 5179 inimicus
1569 5099 1821 5179 ilio-holus
1861 5113 1877 5148 :
1911 5097 2004 5176 sed

420 5166 528 5232 voti
556 5166 803 5239 διάϐολος
839 5166 947 5228 non,
967 5166 1244 5227 invenitur
1273 5187 1446 5238 neque
1479 5171 1527 5222 in
1563 5169 1715 5222 Colb.
1744 5181 1922 5239 neque
1950 5166 2002 5218 in

425 5250 560 5320 Reg.
587 5237 1010 5320 qti_into;_tteqtte_
1045 5247 1096 5296 in
1133 5237 1371 5320 editione
1400 5239 1726 5320 Veuznllnde.
1755 5237 2007 5317 suspicor

424 5306 617 5374 vocvem'
646 5317 890 5380 διάϐολος
918 5306 1166 5384 ἰπίιιιιιῐη
1204 5314 1271 5384 ab
1295 5313 1478 5384 aliquo
1530 5306 2005 5384 librarioapposi-

426 5400 534 5442 tam
577 5388 744 5443 fuisse
769 5389 820 5440 in
853 5377 946 5438 ora
979 5386 1058 5438 sui
1092 5383 1237 5445 libri,
1269 5392 1325 5435 ut
1360 5381 1621 5444 iudicaret
1658 5377 1839 5431 verbis
1873 5377 2004 5438 illis,

423 5461 454 5514 6
477 5459 670 5531 ἐχθρὸς
698 5461 798 5530 τῆς
817 5456 1098 5528 ἀληθείας,
1130 5455 1230 5508 hoc
1251 5453 1366 5531 loco
1385 5446 2004 5531 diabolum_sign_illeari.

425 5518 560 5584 cui}.
583 5518 790 5583 'au'teni'
813 5518 920 5581 nori
976 5543 1100 5578 raro
1130 5524 1434 5587 contingat,
1464 5530 1520 5573 ut
1554 5519 1716 5572 lectio
1766 5518 1944 5585 aliqua
1978 5529 2008 5569 e

427 5601 671 5670 margine
698 5601 750 5654 in
779 5609 984 5654 textum
1029 5598 1252 5662 irrepat,
1283 5593 1332 5670 id
1379 5592 1467 5645 hic
1500 5591 1796 5662 contigisse
1837 5595 2006 5657 puto;

428 5672 496 5724 ob
520 5663 682 5735 idque
705 5686 824 5723 eam
857 5683 1040 5721 vocem
1066 5682 1125 5718 ex
1137 5663 1319 5735 pllltxl.

499 5732 612 5808 (55)
641 5740 815 5793 Codex
855 5739 1006 5792 Colb.
1025 5735 1142 5808 τοῦΔ
1171 5733 1327 5808 ἀγίου
1353 5732 1688 5808 Πνεὺματος.

502 5797 614 5877 (54)
641 5808 858 5879 Antiqui
889 5809 994 5863 duo
1024 5806 1144 5862 libri
1177 5797 1332 5875 ἡμῶν
1359 5797 1558 5859 αὐτῶν.
1589 5802 1700 5860 Vox
1738 5797 2003 5871 posterior

2081 529 2316 592 πίστεως
2341 529 2684 600 ὲξαρκεῖσθαι
2706 570 2720 593 ,
2749 528 2900 582 οὐδὲν
2925 529 2989 583 ἂν
3018 532 3147 601 ἡμῖν
3170 533 3274 586 ἔδει
3299 533 3472 602 λόγων
3499 541 3560 591 ἐν
3585 541 3658 591 τῷ

2075 622 2323 690 παρόντι,
2357 599 2491 674 ἀλλά
2523 623 2615 676 καὶ
2649 622 2742 674 νῦν
2791 622 2858 675 ἂν
2888 599 3105 688 πάντως
3143 626 3207 696 ἦν
3249 626 3307 691 ἐξ
3342 599 3525 698 ἀρχῆς
3555 599 3660 683 ἐτι..

2079 715 2332 782 μήσαμεν
2377 713 2582 783 σιωπὴν
2627 714 2993 783 ὴσπασάμεθα
3019 731 3032 743 °
3075 715 3258 787 ἐπειδὴ
3304 718 3360 770 δὲ
3397 719 3426 770 6
3463 721 3662 792 ἐχθρὸς

2073 803 2176 871 τῆς
2207 804 2466 874 ἀληθείας
2500 804 2838 874 προσθήκαις
2871 805 2981 876 (59.)
3021 806 3107 858 ἀεὶ
3147 805 3206 858 τὸ
3231 809 3401 862 κακὸν
3436 811 3665 865 πλεονά-

2076 896 2183 960 ζων
2207 937 2221 960 ,
2255 898 2389 966 πρὸς
2418 892 2500 959 οἷς
2541 897 2600 962 ὲξ
2641 898 2815 967 ἀρχῆς
2847 900 3137 969 ἐπέσπειρε
3170 898 3431 964 ζιζανίοις
3463 908 3532 974 τῇ
3570 906 3660 958 τοῦ

2075 987 2210 1039 Θεοῦ
2249 987 2562 1058 Ἐκκλησία,
2590 989 2684 1040 καὶ
2704 988 2798 1041 νῦν
2819 988 2992 1060 εὑρὼν
3013 989 3218 1060 ὄργανα
3245 994 3425 1044 πᾶσαν
3451 994 3518 1046 ἁθ
3531 995 3664 1063 ρὺως

2074 1078 2237 1131 αὑτοῦ
2273 1079 2368 1149 τὴν
2397 1079 2590 1149 τέχνην
2616 1080 3002 1148 ὑποδεχόμενα,
3039 1082 3096 1132 ὲν
3136 1083 3490 1152 προσχήματι
3527 1086 3662 1153 Χρι-

2076 1171 2394 1242 στιανισμοῦ
2424 1172 2520 1242 τὴν
2550 1171 2775 1243 ἄρνησιν
2804 1172 2900 1243 τῆς
2925 1173 3175 1243 θεότητος
3198 1175 3287 1226 τοῦ
3321 1177 3663 1244 Μονογενοῦς

2077 1265 2426 1336 παρεισάγει,
2477 1267 2543 1334 τῇ
2594 1265 2790 1330 ἔξωθεν
2822 1265 2994 1338 ταύτῃ
3023 1267 3118 1318 καὶ
3153 1269 3356 1339 ματαία
3393 1271 3562 1340 coci;
3609 1271 3666 1322 =6-

2076 1357 2316 1428 καθαρὸν
2347 1359 2441 1410 καὶ
2470 1357 2674 1410 ἁπλοῦν
2700 1359 2799 1427 τῆς
2829 1358 3173 1421 διδασκαλίας
3203 1360 3294 1412 τοῦ
3325 1361 3472 1414 θείου
3503 1363 3668 1416 Πνεῦ-

2080 1469 2248 1522 ματος
2299 1451 2406 1521 (55)
2443 1451 2860 1521 συνταράσσων,
2903 1453 2994 1504 καὶ
3043 1454 3100 1503 ὲν
3141 1452 3492 1524 πιθανολογίᾳ
3540 1457 3666 1517 τοὺς

2076 1545 2496 1614 ἀκεραιοτέρους
2520 1544 3014 1615 παρακρουόμενος
3040 1545 3348 1612 ἀναγκαίως
3365 1549 3462 1600 καὶ
3477 1551 3506 1615 ή
3521 1550 3663 1617 μεῖς,

2075 1638 2162 1690 διά
2200 1655 2258 1690 τε
2286 1638 2383 1707 τὴν
2418 1635 2688 1708 ὑμετέραν
2735 1636 2842 1688 τῶν
2889 1637 3255 1701 ἐπιταξάντων
3305 1640 3528 1708 ἀγάπην
3573 1640 3665 1692 καὶ

2077 1729 2165 1782 διὰ
2195 1731 2254 1782 τὸ
2282 1730 2435 1799 ἡμῶν
2462 1729 2638 1783 αὐτῶν
2664 1729 2774 1798 (54)
2801 1729 3060 1797 ἀσφαλὲς,
3090 1732 3147 1781 ἐν
3172 1731 3342 1802 τούτῳ
3366 1732 3468 1800 τῆς
3502 1730 3665 1783 ἀσθε-

2079 1824 2227 1886 νείας
2258 1822 2629 1894 ὑπεριδόντες,
2664 1822 2840 1874 καίτοι
2887 1821 3161 1884 παντελῶς
3193 1823 3534 1892 ἀγύμναστοι
3571 1822 3664 1874 τοῦ

2079 1915 2320 1967 τοιούτου
2367 1915 2540 1978 εἴδους
2572 1913 2678 1966 τῶν
2710 1913 2883 1980 λόγων
2914 1913 3095 1977 ὄντες,
3127 1913 3264 1966 κατά
3296 1915 3356 1966 τὸ
3398 1914 3666 1984 ἐπιχειρη-

2080 2008 2246 2078 γηθὲν
2276 2007 2385 2074 (55)
2417 2008 2548 2075 ἡμῖν
2581 2007 2730 2076 παρά
2763 2006 2857 2058 τοῦ
2901 1990 3106 2076 Κυρίου
3140 2009 3236 2077 τῆς
3272 2008 3528 2076 γνώσεως
3580 2009 3667 2076 μέο

2080 2117 2228 2170 τρον,
2264 2102 2327 2169 τῇ
2362 2117 2419 2151 τε
2446 2098 2672 2169 ἀληθείᾳ
2701 2099 3069 2160 συνίστασθαι,
3102 2101 3195 2153 καὶ
3251 2101 3572 2170 ἀπελέγχειν
3607 2100 3664 2151 τὺ

2079 2191 2275 2258 ψεῦδος
2311 2191 2687 2261 ὑπεδεξάμεθα
2708 2207 2721 2216 ·
2771 2191 3063 2261 ἡγούμενοι
3102 2193 3266 2263 τριῶν
3295 2193 3514 2259 ἀγαθῶν
3547 2192 3670 2256 ἐνὸς

2081 2302 2143 2352 γε
2172 2285 2388 2346 πάντως
2427 2283 2500 2353 μὴ
2528 2283 2940 2355 ἁμαρτήσεσθαι
2963 2301 2976 2312 ·
3002 2284 3033 2353 ἦ
3068 2285 3174 2354 γὰρ
3208 2287 3319 2346 τοῖς
3351 2285 3451 2354 ήδη
3484 2301 3668 2354 προει-

2081 2376 2384 2446 λημμένοις
2425 2375 2781 2446 ἀλεξητήριον
2824 2375 2915 2428 τοῦ
2953 2376 3122 2428 κακοῦ
3169 2377 3258 2428 τὸν
3303 2376 3522 2445 ἔλεγχον
3561 2375 3665 2427 δὼ-

2083 2485 2196 2521 σειν
2219 2484 2233 2497 ·
2272 2467 2304 2536 ἢ
2341 2467 2584 2536 φυλακὴν
2618 2468 2840 2537 μετρίαν
2872 2467 3127 2538 παρέξειν
3153 2470 3266 2528 τοῖς
3294 2467 3625 2533 ὑγιαίνουσιν
3651 2482 3663 2492 ·

2081 2561 2114 2631 ἢ
2144 2561 2362 2622 πάντως
2391 2576 2453 2626 γε
2493 2560 2645 2612 αὑτοὶ
2676 2559 2783 2611 τῶν
2813 2561 2902 2612 ἐπὶ
2929 2560 3004 2629 τῷ
3043 2559 3365 2629 προελέσθαι
3401 2559 3514 2627 (56)
3556 2561 3668 2621 τοῖς

2082 2653 2328 2721 ἀδελφοῖς
2375 2651 2530 2722 ἡμῶν
2583 2650 2652 2704 τὰ
2702 2651 2951 2721 βέλτιστα
3007 2652 3210 2721 μισθῶν
3263 2651 3664 2717 ὲπιτεύξεσθαι.

2088 2747 2243 2799 Ἐστι
2275 2745 2333 2797 δὲ
2360 2747 2387 2798 6
2422 2746 2518 2814 μὲν
2549 2743 2764 2814 πρῶτος
2799 2747 2974 2798 εἰπεῖν
3020 2743 3268 2814 φανερῶς
3315 2745 3406 2796 καὶ
3460 2743 3669 2807 διδάξαι

2082 2840 2356 2910 τολμήσας
2384 2839 2634 2909 ἀνόμοιον
2664 2832 2803 2889 εἶναι
2850 2837 2991 2890 κατά
3016 2837 3112 2907 τὴν
3149 2838 3337 2890 οὐσίαν
3366 2837 3460 2889 τὸν
3512 2854 3673 2905 μονο-

2084 2931 2217 3001 γενῆ
2259 2931 2385 2983 Υίὸν
2421 2929 2498 2999 τῷ
2523 2928 2641 2999 Θεῷ
2677 2930 2770 2982 καὶ
2802 2929 2998 2999 Πατρὶ,
3030 2929 3128 2980 ὅσα
3167 2945 3230 2995 γε
3279 2928 3438 2996 ἡμεῖς
3487 2928 3669 2995 ἴσμεν,

2097 3024 2301 3086 Ἀέτιος
2349 3025 2376 3075 6
2409 3021 2579 3094 Σύρος
2601 3063 2614 3084 ,
2647 3021 2706 3075 ὂν
2735 3022 2834 3074 οὑκ
2866 3021 3005 3092 ὲρῶ,
3041 3021 3299 3082 ποδαποῐς
3334 3019 3448 3088 (57)
3503 3019 3564 3071 τὸ
3615 3019 3675 3082 ἐξ

2087 3117 2264 3189 ἀρχῆς
2317 3115 2754 3187 ὲντετραμμένος
2808 3113 3229 3184 ἐπιτηδεύμασι,
3280 3115 3399 3174 ταῖς
3440 3111 3675 3180 Ἐκκλη-

2092 3212 2232 3273 σίαις
2277 3209 2370 3262 τοῦ
2397 3209 2531 3262 Θεοῦ
2569 3207 2772 3280 προῖὼν
2800 3205 3118 3277 εἰσεφθάρη,
3154 3206 3239 3258 ἵνα
3272 3204 3345 3275 μὴ
3378 3204 3514 3270 δόξω
3563 3204 3676 3256 λοι-

2082 3303 2277 3374 δορεῖν,
2307 3302 2416 3354 τῶν
2445 3301 2680 3372 ἐλέγχων
2709 3300 2979 3372 ἀφέμενος
3007 3316 3019 3328 ·
3051 3301 3078 3351 ὀ
3105 3297 3161 3350 δὲ
3194 3296 3553 3366 ἐκδεξάμενος
3572 3295 3676 3365 τὴν

2083 3394 2336 3448 ἀσέϐειαν
2370 3393 2465 3447 καὶ
2497 3392 2789 3456 τελειώσας
2815 3391 2984 3461 αὑτὴν
3018 3390 3280 3460 Εὑνόμιος
3309 3383 3464 3452 οὗτος
3509 3389 3538 3439 6
3567 3387 3679 3440 Fa-

2085 3487 2255 3557 λάτης
2289 3486 2424 3556 (58),
2474 3486 2553 3551 ὃς,
2596 3489 2660 3539 ὲκ
2701 3484 2808 3538 τῶν
2837 3485 3131 3556 αἰσχίστων
3171 3481 3349 3550 ἑαυτῷ
3381 3482 3483 3550 τὴν
3515 3496 3674 3549 περι-

2088 3580 2314 3648 φάνειαν
2367 3577 2645 3649 κτώμενος
2693 3578 2798 3648 (Ἡ
2836 3577 2946 3648 γὰρ
2999 3575 3182 3640 δόξα,
3233 3563 3420 3644 φησὶν,
3489 3573 3559 3624 ὲν
3601 3568 3683 3638 τῇ

2093 3669 2358 3738 αἰσχύνῃ
2389 3666 2607 3738 αὐτῶν)
2628 3707 2642 3732 ,
2687 3667 2784 3738 τὴν
2817 3667 2881 3720 ἐκ
2931 3665 3022 3719 τοῦ
3051 3663 3260 3736 γράψαι
3290 3661 3324 3716 ἀ.
3354 3662 3548 3733 μηδεὶς
3579 3661 3677 3714 ἀλ-

1616 3862 1666 3894 “
1701 3861 1934 3932 Philipp.
1971 3877 2058 3929 ιιι,
2086 3863 2173 3919 l9-

2101 4040 2154 4095 in
2188 4039 2348 4093 editis
2383 4036 2738 4092 desideratur.

2173 4109 2468 4178 (55)(1011).
2523 4119 2576 4160 et
2633 4105 2767 4174 Reg.
2825 4102 3046 4173 quintus
3085 4100 3230 4178 κατ-ἀ
3273 4099 3334 4178 τδ
3369 4101 3678 4178 ἐπιμετρη-

2103 4172 2218 4243 θέν,
2243 4172 2433 4232 eodem
2453 4193 2635 4239 sensu,
2673 4172 2764 4242 pro
2799 4172 3043 4226 admenso
3079 4174 3226 4224 nobis
3251 4172 3677 4226 scientiremodo.

2179 4249 2288 4316 (56)
2323 4249 2473 4302 Coll).
2505 4249 2562 4299 ὲν
2597 4245 2671 4316 τῷ
2700 4243 3042 4316 προελέσθαι.

2177 4311 2288 4389 (57)
2318 4317 2455 4389 Editi
2497 4333 2617 4371 cum
2645 4311 2922 4389 aliquibus
2949 4329 3080 4368 mss.
3108 4314 3392 4374 ποταποῖς.
3425 4311 3677 4365 Aliimss.

2028 4369 2074 4425 υ
2110 4369 2334 4446 nuinei'o
2366 4387 2550 4454 plures
2582 4369 2860 4446 ποδαποῖς.

2183 4459 2293 4530 (58)
2323 4449 2477 4530 Illud,
2521 4459 2549 4509 6
2590 4455 2856 4530 Γαλάτης,
2897 4452 3124 4530 decslin
3167 4450 3526 4530 Rggxtertio:
3574 4449 3682 4530 Ifec

2111 4520 2367 4598 cuiquam
2401 4529 2594 4580 mirum
2629 4520 2802 4598 videri
2827 4523 3003 4586 debet,
3027 4523 3198 4598 si‘vox
3224 4520 3471 4598 Γαλάτης
3506 4520 3560 4571 in
3582 4520 3680 4572 hoc

2110 4589 2245 4669 Ιίεεῖ
2280 4600 2416 4651 libro
2461 4612 2566 4650 non
2624 4597 3044 4669 legatur,_.cu_m
3077 4591 3373 4658 Gregorius
3404 4589 3682 4669 N-yssenus

2112 4661 2329 4724 moimat
2359 4682 2477 4720 eam
2515 4661 2701 4719 vocem
2753 4666 2804 4716 in
2841 4663 3110 4731 aliquibus
3143 4661 3518 4731 mss.__statim
3562 4671 3683 4717 post

2112 4750 2342 4795 mortem
2377 4737 2557 4790 Basilii
2589 4737 2860 4788 inventam
2912 4729 3018 4786 non
3062 4732 3246 4784 fuisse.
3281 4729 3413 4783 Nam
3444 4743 3682 4796 conque—

2114 4810 2255 4865 renti
2284 4808 2569 4869 Eunomio,
2594 4815 2844 4860 vocatum
2876 4819 2932 4857 se
2957 4816 3077 4856 esse
3114 4816 3142 4853 a
3187 4800 3382 4854 Basilio
3407 4799 3681 4869 Galatam,

2113 4897 2234 4934 cum
2274 4887 2418 4932 esset
2472 4868 2783 4945 Cappadox,
2836 4872 3109 4945 respondit
3144 4869 3440 4945 Gregorius
3472 4872 3575 4945 lioc
3626 4868 3680 4921 in

2113 4953 2225 5005 suis
2255 4939 2666 5003 codicilmsiiou
2695 4939 2944 5012 reperiri.
2976 4941 3075 4996 Ubi
3123 4941 3444 5012 notandum,
3478 4939 3686 5012 Gregof

2115 5022 2253 5076 rian
2298 5033 2408 5071 rem
2457 5033 2560 5070 non
2607 5009 2850 5083 negasse,
2884 5014 2974 5066 sed
3011 5011 3335 5080 simpliciter
3365 5011 3598 5083 dixisse,
3625 5009 3682 5083 id

2114 5091 2169 5143 in
2199 5089 2310 5142 suis
2353 5089 2542 5141 deesse
2572 5080 2992 5152 exemplaribus.
3024 5083 3156 5146 lmo,
3199 5091 3259 5134 ut
3295 5097 3419 5134 mox
3456 5080 3684 5152 patebit,

2114 5159 2408 5227 Gregorius
2433 5159 2543 5223 ipse
2582 5150 2838 5209 Basilium
2874 5154 3179 5227 excusavit,
3213 5162 3466 5227 tanquam
3493 5150 3686 5227 si_E_u-

2117 5221 2357 5284 noniium
2384 5221 2626 5280 Galatam
2652 5233 2923 5278 vocasset.
2947 5223 3126 5288 Quare
3150 5223 3378 5276 Basilius
3412 5237 3517 5274 non
3548 5221 3688 5285 inju-

2116 5301 2194 5354 ria
2226 5299 2372 5353 credi
2405 5296 2670 5364 potest,iu
2695 5291 3683 5364 erroremgeographicum-incidisse:

2115 5361 2416 5439 praesertim
2450 5383 2570 5420 cum
2604 5366 2731 5421 editi
2759 5361 3076 5439 et_codices‘
3105 5378 3316 5424 omnes,
3350 5363 3393 5415 si
3439 5361 3685 5439 excipia-

2117 5431 2203 5494 iur
2227 5440 2358 5506 Reg.
2376 5439 2590 5501 tertius,
2613 5450 2806 5502 magno
2829 5435 2971 5488 inter
3001 5449 3059 5487 se
3086 5447 3351 5506 consensu
3375 5431 3688 5506 vocem-fa-

2116 5511 2286 5572 λάτης
2311 5502 2641 5562 “εκιιίι›εοιι1.
2692 5506 2829 5559 Puto
2872 5506 3033 5572 igitur
3084 5503 3337 5556 Basilium
3402 5502 3689 5566 scripsisse

2115 5553 2360 5650 Γαλάξης
2393 5579 2534 5650 :._scd
2569 5578 2618 5630 id
2651 5590 2842 5650 nomen
2875 5553 3106 5650 deletum
3139 5573 3314 5650 fuisse
3338 5553 3684 5650 _ab__a_iiquo,

2117 5655 2206 5719 qui
2238 5643 2383 5720 κεί-ο
2415 5647 2578 5720 ferret
2623 5647 2871 5720 tuendam
2908 5644 2990 5697 vel
3023 5645 3300 5720 minimam
3338 5645 3388 5695 in
3441 5643 3596 5720 illius:
3623 5643 3688 5692 [i-

2115 5710 2229 5777 liris
2259 5710 2512 5782 inveniri,
2559 5717 2761 5786 quique
2817 5715 3048 5768 fortasse
3078 5713 3438 5786 arbitraretur
3468 5728 3529 5786 se
3555 5710 3690 5764 Gre-

2112 5793 2264 5865 gorio
2319 5806 2429 5848 rem
2478 5783 2689 5859 gratam
2738 5786 3030 5860 facturum,
3081 5786 3124 5841 si
3166 5785 3305 5840 hanc
3351 5783 3626 5839 maculam
3657 5796 3687 5835 ο
