3836 6222
229 334 338 391 561

1333 334 1705 393 ADVERSUS
1741 337 2109 399 EUNOMIUM
2147 344 2277 402 LIB.
2317 346 2361 401 1.

3379 350 3484 405 502

226 444 331 508 λος
371 440 674 514 τετόλμηκε
713 441 933 497 πώποτε
967 444 1275 516 φιλοτιμίαν
1306 446 1414 501 τῶν
1441 448 1807 520 ἀπονειμένωι

1923 455 2099 511 nullus
2130 470 2366 524 unquam
2399 454 2536 511 alius
2565 471 2728 512 ausus
2755 457 2967 522 fuisset,
2996 459 3074 514 sic
3107 455 3485 514 animo'elatus

226 537 352 598 τοῖς
383 531 661 587 εὐσεϐέσιν
704 534 927 602 ἀγαθῶν
969 538 1335 609 προτιμήσας,
1370 539 1462 592 ὑπ’
1488 540 1675 594 ὀδόντα
1704 541 1815 613 (59)

229 626 376 689 τέως
403 623 737 696 λαλουμένην
766 625 864 696 τὴν
898 626 1245 705 βλασφημίαν
1284 629 1495 702 ἐπήρθη
1532 631 1820 703 δημοσιεῦ-

233 734 330 771 σαι
363 716 440 787 τῷ
461 714 695 788 λαμπρῷ
716 715 891 787 τούτῳ
912 718 1272 788 συντάγματι,
1294 719 1536 791 ἀρχηγὸς
1555 723 1650 775 καὶ
1672 740 1821 794 πρωο

228 808 503 879 τοστάτης
533 807 662 877 ὅλης
703 809 968 879 αἱρέσεως
1012 809 1386 882 ἀναρρηθῆναι
1437 812 1820 885 φιλοτιμούμε-

230 917 347 963 νος.
390 900 597 970 Ὂνπερ
629 892 720 952 οὖν
759 901 853 953 καὶ
887 900 1128 956 εὐθύνειν
1160 903 1441 973 πρόκειται
1484 906 1615 975 ἡμῖν
1649 908 1707 959 ὲν
1740 906 1819 977 τῷ

231 990 487 1062 παρόντι.
552 990 700 1054 Ἐνὸς
742 990 801 1044 δὲ
846 992 1020 1045 κακοῦ
1064 994 1121 1046 ὲν
1166 995 1499 1068 ἀμφοτέροις
1542 998 1817 1069 ὑπάρχον-

230 1097 354 1145 τος,
391 1080 570 1151 δῆλον,
609 1081 685 1146 ὡς
713 1083 771 1135 ὲν
801 1081 879 1153 τῷ
918 1084 1132 1156 μαθητῇ
1162 1087 1239 1158 τῷ
1267 1090 1685 1161 κατηρτισμένῳ
1724 1092 1819 1144 καὶ

231 1173 266 1225 ὁ
306 1171 622 1236 διδάσκαλος
670 1174 1266 1248 συναπελεγχθήσεται,
1316 1181 1345 1233 ὁ
1400 1180 1469 1233 τὰ
1529 1182 1817 1253 σπέρματα

232 1262 340 1333 τῆς
370 1263 622 1326 ἀσεϐείας
650 1265 1083 1337 καταϐαλόμενος
1104 1268 1236 1341 (60)’
1268 1271 1425 1341 εἴπερ
1449 1270 1511 1342 δὴ
1529 1271 1817 1344 ὑπάρξειεν

232 1355 371 1424 ἡμῖν
400 1352 487 1407 διὰ
524 1353 632 1407 τῶν
678 1355 995 1426 προσευχῶν
1033 1357 1186 1427 ὑμῶν
1218 1359 1485 1430 τοσαύτην
1513 1359 1693 1413 λαϐεῖν
1721 1361 1816 1415 τοῦ

231 1442 395 1512 λόγου
415 1444 664 1516 δύναμιν,
691 1443 831 1498 ὥστε
856 1447 999 1500 κατά
1028 1447 1120 1502 τὸν
1142 1447 1388 1521 ζηλωτὴν
1418 1451 1679 1523 Φινεὲςτῇ
1719 1456 1817 1525 μιᾷ

229 1534 418 1605 πληγῇ
448 1535 540 1589 τοῦ
573 1535 797 1606 ἐλέγχου
840 1537 1167 1609 ἀμφοτέρων
1200 1539 1335 1609 ὁμοῦ
1367 1539 1689 1595 καθικέσθαι
1705 1543 1815 1597 τῶν

229 1625 378 1678 κατά
408 1628 507 1698 τὴν
534 1626 815 1681 εὐσέϐειαν
844 1628 977 1701 (60⁸)
1013 1631 1518 1702 συμπεπλεγμένων
1540 1633 1810 1705 ἀλλήλοις.

226 1713 412 1766 Πολλά
452 1714 628 1769 τοίνυν
653 1716 791 1787 ἔχων
820 1718 980 1771 αὐτὸν
1011 1720 1068 1773 ὲν
1099 1719 1285 1791 ιτούτῳ
1310 1722 1580 1776 δεικνύναι
1622 1723 1696 1794 τῷ
1724 1724 1813 1778 λό-

1921 559 2026 611 est,
2056 556 2115 602 ut
2154 548 2541 616 blasphemiam
2578 549 2839 604 hactenus
2869 551 2968 604 sub
3014 552 3262 605 dentibus
3301 550 3506 605 debla--

1873 700 1887 713 ο
1924 648 2149 693 teratam
2180 640 2284 694 hoc
2319 655 2416 695 suo
2445 641 2723 709 splendido
2750 656 2913 711 opere
2943 642 3208 712 evulgarit
3247 660 3261 694 :
3291 642 3487 710 quippe

1921 732 2145 786 haeresis
2190 733 2350 787 totius
2390 742 2581 787 auctor
2628 741 2793 801 atque
2839 732 3170 789 architectus
3204 734 3487 804 praedicari

1919 821 2177 874 ambibat.
2214 819 2387 886 Quem
2416 835 2573 875 sane
2595 821 2759 875 etiam
2796 822 3115 891 redarguere
3146 823 3198 875 in
3231 821 3484 890 praesenti

1919 911 2253 979 propositum
2289 912 2443 966 nobis
2474 922 2576 966 est.
2608 912 2741 967 Cum
2776 921 2953 967 autem
2984 913 3168 967 eadem
3217 914 3270 966 in
3318 914 3485 966 utris-

1920 1017 2027 1069 que
2060 1002 2377 1070 improbitas
2406 1003 2499 1068 sit,
2528 1002 2704 1071 palam
2753 1010 2838 1058 est
2869 1003 2923 1056 in
2957 1002 3195 1071 perfecto
3223 1002 3486 1072 discipulo

1920 1095 2239 1162 magistrum
2268 1109 2506 1164 quoque,
2532 1095 2622 1163 qui
2654 1094 2859 1149 semina
2890 1094 3182 1164 impietatis
3220 1094 3370 1162 jecit,
3396 1108 3486 1149 re-

1921 1187 2147 1241 futatum
2177 1187 2275 1253 iri;
2307 1189 2353 1242 si
2386 1188 2546 1241 modo
2587 1187 2745 1242 nobis
2785 1188 2981 1241 vestris
3014 1187 3264 1256 precibus
3301 1186 3486 1240 datum

1918 1279 2082 1334 fuerit
2131 1279 2240 1332 vim
2289 1279 2501 1334 dicendi
2554 1286 2757 1333 tantam
2812 1278 3079 1348 accipere,
3112 1287 3192 1342 ut,
3238 1277 3484 1346 exemplo

1917 1371 2247 1425 aemulatoris
2280 1371 2423 1444 illius
2454 1370 2685 1426 Phinees
2711 1370 2778 1435 ",
2819 1380 3073 1437 utrosque
3120 1369 3262 1422 inter
3291 1383 3349 1422 se
3382 1368 3485 1420 im-

1917 1463 2117 1532 pietate
2171 1463 2489 1532 conjunctos
2536 1478 2645 1517 uno
2702 1461 3100 1531 redargutionis
3152 1459 3261 1513 ictu
3322 1457 3485 1513 simul

1916 1553 2274 1623 eonﬁgamus.
2302 1555 2415 1607 Etsi
2453 1553 2613 1620 igitur
2646 1552 2812 1606 multa
2857 1558 3150 1620 suppetunt
3178 1548 3329 1611 mihi,
3359 1547 3483 1617 qui-

1916 1646 2017 1701 bus
2045 1648 2330 1701 ostendere
2362 1646 2565 1714 possitn
2599 1661 2720 1700 eum
2767 1645 2932 1700 fuisse
2976 1645 3029 1697 in
3059 1659 3124 1697 eo
3154 1643 3292 1697 libro
3332 1656 3485 1695 men-

1916 1741 2136 1803 dacem,
2193 1739 2534 1806 imperitum,
2584 1738 3035 1801 conviciatorem,
3088 1734 3480 1794 cavillatorem,

225 1822 314 1898 γη)
340 1805 600 1877 ψεύστην,
647 1809 855 1879 ἀμαθῆ,
903 1810 1184 1882 ὑϐριστὴν,
1214 1814 1434 1885 εἴρωνα,
1470 1813 1806 1886 βλάσφημον,

1918 1830 2322 1898 blaspltemum:
2351 1838 2545 1882 car-tera
2572 1827 2789 1897 quidem
2819 1826 2994 1880 obiter
3015 1821 3480 1886 commemorabo;

225 1896 339 1951 τῶν
390 1900 488 1969 μὲν
538 1900 711 1955 ἀλλων
760 1903 859 1974 τὴν
902 1905 1121 1975 μνήμην
1171 1908 1228 1959 ἐν
1256 1908 1518 1979 παρέργῳ
1549 1908 1805 1980 θήσομαι,

225 1987 328 2057 τὴν
358 1987 414 2040 δὲ
446 1988 822 2061 βλασφημίαν,
857 1992 923 2062 ἢν
970 1996 1049 2058 εἰς
1097 1995 1157 2048 τὸ
1210 1995 1340 2066 ὕψος
1385 1998 1485 2068 τῆς
1523 1999 1682 2069 δόξης
1712 2001 1806 2053 τοῦ

226 2082 565 2150 Μονογενοῦς
593 2084 840 2155 ὲλάλησε,
869 2086 978 2140 τῶν
1025 2088 1089 2140 ὲκ
1128 2088 1227 2158 τῆς
1266 2090 1458 2160 τέχνης
1494 2092 1810 2164 προκαλυμ-

226 2174 421 2243 μάτων
449 2174 871 2248 ἀπογυμνώσας,
898 2179 1122 2252 ἐμφανῆ
1161 2182 1293 2235 πᾶσι
1312 2184 1660 2255 καταστῆσαι
1693 2203 1811 2240 πει-

226 2264 490 2335 ράσομαι.

176 2344 187 2353 ’
297 2357 355 2410 2.
386 2358 534 2430 ’Ἤδη
570 2358 627 2411 δὲ
661 2359 946 2431 βαδιοῦμαι
991 2362 1125 2435 πρὸς
1167 2364 1294 2429 τοὺς
1321 2366 1599 2438 ἐλέγχους,
1630 2368 1690 2434 ἐξ
1718 2371 1815 2424 αύ-

226 2449 329 2519 τῆς
358 2449 457 2520 τῆς
487 2452 797 2522 ἐπιγραφῆς
832 2455 929 2525 τὴν
968 2455 1140 2527 ἀρχὴν
1170 2459 1553 2529 ποιησάμενος.
1590 2461 1811 2535 Πρῶτον

226 2540 333 2617 μὲν
358 2539 467 2611 γὰρ
500 2541 649 2611 αὐτῷ
682 2543 900 2597 πάντων
928 2546 1297 2618 κακούργημα
1338 2550 1398 2602 τὸ
1428 2550 1615 2622 σχῆμα
1656 2552 1814 2606 τοῦτο

226 2628 339 2687 τῶν
386 2629 559 2698 λόγων
606 2633 968 2704 ἐπινενόηται,
1014 2638 1071 2689 ὲν
1116 2638 1411 2707 ἀπολογίας
1449 2641 1578 2694 εἴδει
1608 2642 1706 2715 τὴν
1735 2643 1812 2697 δι-

226 2720 525 2777 δασκαλίαν
557 2724 800 2778 συνθέντι
828 2725 964 2795 (61),
1002 2727 1089 2781 ἵνα
1122 2729 1196 2800 μὴ
1228 2727 1351 2802 δόξῃ
1384 2735 1810 2805 προηγουμένως

226 2814 501 2869 ποιεῖσθαι
526 2817 633 2870 τῶν
678 2818 960 2889 δογμάτων
1002 2822 1099 2891 τῆς
1147 2822 1400 2887 ἀσεϐείας
1433 2825 1531 2896 τὴν
1569 2825 1805 2894 ἔκθεσιν,

226 2904 343 2971 ἀλλ’
377 2905 436 2971 ἐξ
459 2906 703 2979 ἀνάγκης
726 2908 821 2961 ἐπὶ
846 2910 974 2972 τοὺς
1001 2909 1191 2979 λόγους
1216 2911 1437 2977 τούτους
1466 2914 1801 2985 ἐληλυθέναι.

236 2998 522 3052 Ἐϐούλετο
555 3000 645 3070 μὲι
709 3001 818 3071 γὰρ
860 3003 925 3054 ὲκ
967 3003 1164 3066 παντὸς
1215 3006 1419 3076 τρόπου
1466 3006 1527 3059 τὸ
1576 3009 1811 3080 πονηρὸν

226 3088 386 3142 τοῦτο
419 3089 515 3142 καὶ
547 3090 688 3143 ἄθεοι
738 3092 1117 3163 περιαγγεῖλαι
1149 3095 1433 3166 κήρυγμα,
1466 3096 1559 3150 καὶ
1587 3098 1670 3160 είς
1710 3098 1808 3169 μέ·-

225 3197 324 3238 σον
352 3181 596 3249 ἐνεγκεῖν
641 3181 703 3253 ἢν
751 3183 921 3239 πάλαι
952 3185 1212 3239 συνέλαϐε
1260 3187 1355 3240 καὶ
1388 3186 1544 3265 ὣδινε
1573 3189 1814 3263 βλασφη-

227 3272 363 3353 μίαν
399 3271 546 3343 (62)·
588 3272 735 3345 ἑώρα
770 3274 848 3338 δὲ,
902 3276 984 3329 ὅτι
1023 3275 1083 3329 τὸ
1125 3277 1222 3347 μὲν
1270 3280 1334 3331 ἐκ
1365 3276 1458 3331 τοῦ
1502 3280 1814 3350 προφανοῦς

222 3368 287 3421 ἓν
330 3365 650 3420 διδασκάλου
699 3366 849 3431 τάξει
896 3367 1353 3441 προκαθεσθῆναι,
1404 3369 1540 3443 πρὸς
1574 3370 1653 3442 τῷ
1696 3372 1813 3426 λίαν

224 3456 472 3529 φορτικῷ
501 3457 594 3511 κα)¹
625 3459 919 3528 προσάντει
949 3462 1062 3522 τοῖς
1090 3459 1399 3522 ἀκούουσιν,
1449 3461 1529 3515 ἔτι
1558 3464 1651 3515 καὶ
1676 3463 1812 3517 ἀπί-

224 3549 388 3609 θανον
416 3549 606 3603 ἑαυτὸν
638 3549 732 3603 καὶ
768 3549 1006 3604 ὕποπτον
1045 3555 1156 3616 τοῖς
1202 3552 1417 3616 πολλοῖς
1458 3554 1810 3625 καταστήσει,

224 3643 307 3704 ὡς
338 3640 495 3712 δόξης
546 3641 810 3715 ἐπιθυμία
838 3643 931 3697 ἐπὶ
983 3644 1044 3697 τὸ
1082 3642 1422 3715 νεωτερίζειν
1474 3645 1770 3716 ἐληλυθότα
1796 3664 1809 3676 ·

224 3736 278 3788 εί
305 3733 363 3787 δὲ
394 3737 451 3790 ἐν
492 3734 786 3804 ἀπολογίας
831 3735 1116 3806 πλάσματι
1166 3738 1292 3800 τους
1344 3736 1534 3806 λόγους
1585 3739 1808 3802 ποιοῖτο,

223 3827 328 3898 τῆς
374 3843 433 3879 τε
465 3824 575 3897 (65)
610 3827 958 3898 καινοτομίας
1006 3827 1070 3881 τὸ
1123 3826 1362 3881 ὕποπτον
1404 3827 1808 3900 διαφεύξεσθαι,

224 3919 323 3981 καὶ
354 3917 552 3989 μᾶλλόν
584 3935 638 3971 τι
675 3917 850 3989 τούτῳ
898 3918 1266 3990 προσάξεσθαι
1317 3920 1443 3984 τοὺς
1489 3919 1806 3984 ἀκούοντας,

225 4010 390 4084 φύσει
418 4009 636 4064 πάντων
663 4010 966 4078 ἀνθρώπων
1001 4014 1118 4076 ταῖς
1145 4010 1378 4075 εὐνοίαις
1401 4010 1668 4073 εἰωθότων
1698 4013 1810 4074 τοῖς

226 4100 637 4172 ἐλαττουμένοις
682 4100 1089 4170 προστίθεσθαι.
1135 4100 1234 4163 Διά
1278 4100 1437 4153 τούτο
1475 4100 1810 4172 κατηγόρους

227 4193 467 4247 αἰτιᾶται
514 4193 611 4246 κα)⁸
641 4194 1002 4262 συκοφάντας,
1053 4191 1325 4255 κάκείνοις
1376 4191 1470 4244 τοῦ
1503 4192 1661 4259 λόγου
1710 4192 1808 4263 τὴν

1914 1921 2303 1990 blasphemiam
2353 1934 2484 1974 vero
2529 1935 2692 1989 quam
2752 1919 2805 1973 in
2864 1917 3245 1972 sublimitatem
3299 1914 3482 1983 gloriae

1915 2010 2189 2081 Unigeniti
2224 2011 2433 2065 locutus
2460 2022 2563 2077 est,
2598 2010 2732 2064 artis
2762 2009 3054 2064 involucris
3082 2007 3329 2071 detectis,
3369 2019 3483 2059 ma-
3561 2048 3567 2053 .

1913 2102 2164 2159 nifestam
2189 2103 2439 2159 omnibus
2466 2103 2645 2157 facere
2675 2102 2933 2158 conabor.

1987 2371 2042 2426 2.
2080 2370 2186 2427 Sed
2238 2371 2370 2442 jam,
2416 2379 2628 2439 sumpto
2661 2384 2728 2423 ex
2762 2369 2876 2439 ipsa
2924 2367 3274 2435 inscriptione
3317 2379 3480 2435 argu-

1916 2473 2117 2529 mento,
2149 2466 2400 2519 accedam
2446 2465 2512 2516 ad
2552 2463 2901 2533 arguentium.
2933 2460 3148 2514 Primus
3185 2459 3326 2512 enim
3365 2472 3482 2510 om-

1914 2555 2066 2609 nium
2095 2554 2273 2621 dolus,
2302 2554 2391 2608 hic
2434 2553 2525 2607 ille
2558 2552 2607 2606 ei
2636 2552 2972 2620 excogitatas
3000 2559 3085 2604 est
3126 2549 3337 2603 dicendi
3367 2563 3481 2603 mo-

1917 2646 2038 2714 dus,
2065 2655 2126 2700 ut
2155 2647 2208 2699 in
2252 2645 2487 2716 speciem
2522 2643 2779 2713 apologiae
2817 2658 2883 2697 ac
2912 2640 3243 2696 defensionis
3280 2638 3481 2694 doctri-

1918 2757 2041 2796 nam
2092 2757 2244 2796 suam
2292 2749 2662 2809 componeret,
2698 2753 2765 2792 ne
2797 2738 2941 2792 velut
2981 2749 3263 2805 aggressor
3298 2735 3480 2787 videa-

1918 2840 2005 2885 tur
2040 2830 2295 2900 dogmata
2337 2829 2500 2898 impia
2548 2841 2839 2897 exponere,
2872 2826 2965 2879 sed
3011 2833 3231 2879 coactus
3275 2822 3341 2875 ad
3384 2821 3481 2876 hos

1916 2937 2196 2977 sermones
2240 2924 2540 2976 devenisse.
2597 2920 2853 2989 Cupiebat
2880 2917 3092 2986 quidem
3136 2916 3281 2968 omni
3323 2915 3480 2969 modo

1914 3027 2137 3082 pravum
2186 3011 2315 3065 illud
2372 3026 2434 3066 ac
2491 3010 2712 3078 inminui
2770 3008 2960 3076 dogma
3017 3002 3377 3073 promulgari;
3426 3011 3479 3055 et

1913 3120 2072 3175 quam
2105 3104 2232 3158 olim
2271 3111 2589 3171 conceperat
2638 3116 2701 3154 ac
2744 3087 3028 3169 pepererat
3067 3094 3476 3163 blasphemiam,

1912 3195 2161 3265 proferre
2189 3196 2241 3249 in
2275 3195 2509 3249 medium
2546 3207 2562 3246 :
2597 3191 2690 3245 sed
2720 3188 2935 3243 videbat
2963 3187 3098 3247 fore,
3133 3195 3193 3237 ut
3217 3186 3261 3238 si
3295 3192 3478 3254 aperte

1914 3288 2151 3343 doctoris
2197 3287 2373 3342 locum
2422 3285 2771 3353 arripuisset,
2821 3289 3178 3351 praeterquam
3228 3275 3372 3345 quod
3424 3273 3477 3328 id

1911 3394 2078 3450 grave
2125 3378 2413 3433 admodum
2467 3386 2613 3432 esset
2664 3390 2731 3430 ac
2783 3373 3065 3440 molestum
3112 3367 3477 3432 audientibus,

1913 3479 2171 3540 praeterea
2229 3468 2507 3523 se-ctiam
2561 3466 2664 3521 ﬁde
2722 3465 2998 3533 indignum
3052 3475 3117 3515 ac
3165 3468 3476 3529 suspectum

1913 3564 2051 3633 apud
2084 3561 2367 3632 plerosque
2399 3559 2667 3621 redderet,
2702 3556 2793 3626 qui
2835 3555 3086 3633 videlicet
3114 3552 3296 3622 gloria:
3326 3550 3477 3618 cupi-

1914 3624 2394 3721 ditate-aggressus
2419 3657 2562 3703 esset
2592 3624 2869 3701 innovare.
2896 3624 2991 3699 sui
3016 3653 3193 3698 autem
3225 3640 3476 3698 simulata

1913 3743 2156 3813 apologia
2206 3742 2370 3795 verba
2426 3739 2646 3804 faceret,
2685 3747 2740 3791 et
2784 3735 2948 3805 209
3003 3732 3363 3788 innovationis
3418 3745 3477 3784 se

1912 3834 2270 3903 suspicionem
2315 3845 2601 3886 evasurum
2651 3827 2890 3896 putabat,
2924 3834 2977 3880 et
3005 3824 3111 3879 hoc
3140 3832 3297 3892 pacto
3326 3820 3476 3876 audi.

1914 3934 2057 3978 tores
2078 3923 2248 3994 magis
2272 3921 2617 3983 allecturum,
2639 3932 2760 3971 cum
2789 3915 2996 3969 soleant
3016 3912 3263 3968 homines
3285 3925 3478 3966 omnes

1911 4024 2100 4084 suapte
2135 4024 2327 4069 natura
2363 4010 2628 4068 lacessitis
2657 4008 2858 4063 favere.
2888 4008 3225 4075 Quapropter
3250 4017 3475 4056 accusa-

1912 4117 2058 4162 tores
2104 4105 2633 4174 calumniatoresque
2682 4100 2888 4167 culpat,
2919 4097 3107 4164 eisque
3155 4095 3237 4148 sui
3287 4092 3472 4158 scripti

1908 4215 2126 4255 causam
2169 4198 2412 4251 ascribit.
2446 4194 2625 4261 Quare
2659 4205 2718 4246 ttt
2749 4192 2865 4259 ejus
2896 4187 3182 4242 artiﬁcium
3224 4185 3318 4238 ﬁat
3347 4199 3471 4253 per-

227 4286 406 4342 αίτίαν
439 4287 761 4358 προσάπτει.
819 4287 982 4339 Ὥστε
1023 4284 1080 4337 δὲ
1124 4285 1288 4337 πᾶσιν
1339 4283 1503 4336 αὑτοῦ
1557 4282 1807 4351 γενέσθαι

1918 4293 2153 4362 spicuum
2184 4289 2458 4351 omnibus,
2492 4285 2682 4340 melius
2726 4283 2891 4338 fuerit
2929 4283 3102 4352 ipsum
3148 4276 3471 4349 proloquen-

228 4383 327 4452 τὴν
378 4382 572 4452 τέχνην
613 4381 896 4452 καταφανῆ
919 4421 933 4443 ,
968 4380 1119 4433 οὐδὲν
1151 4381 1329 4450 χεῖρον
1367 4378 1543 4468 αὐτῆς
1570 4376 1798 4432 ἀκοῦσαι

228 4471 324 4527 τοῦ
347 4471 628 4544 προοιμίου
663 4472 760 4542 τῆς
784 4472 998 4539 λέξεως.
1032 4472 1185 4542 Ἔχει
1215 4470 1271 4523 δὲ
1301 4469 1491 4533 οὕτως.

284 4676 331 4708 ⁸³
360 4674 520 4730 Num.
550 4691 682 4740 xxv,
711 4675 764 4730 8.

228 4810 420 4869 fratris
446 4811 759 4866 charissimi
796 4811 1016 4879 scriptis
1053 4811 1284 4866 tolleret.
1322 4810 1426 4865 Sed
1456 4824 1619 4879 quam
1667 4809 1801 4864 levis

228 4885 304 4938 sit
327 4891 383 4934 et
432 4881 659 4944 pusillus
685 4896 840 4935 error
877 4883 989 4945 ille,
1018 4882 1257 4935 ostendit
1310 4882 1536 4933 fratrum
1568 4880 1806 4948 optimus

226 4951 529 5020 Gregorius
559 4950 651 5004 lib.
692 4967 709 5005 t
745 4952 800 5002 in
839 4949 1069 5005 Eunom.
1102 4966 1225 5020 pag.
1250 4950 1353 5005 507
1384 4967 1397 5002 :
1426 4949 1637 5020 Mirum,
1661 4965 1801 5011 vero,

229 5024 429 5087 inquit.
482 5021 532 5072 si
580 5036 696 5072 eum
732 5021 822 5089 qui
874 5022 928 5073 in
975 5019 1218 5088 conﬁniis
1274 5023 1501 5072 duarum
1535 5019 1803 5088 regionum

224 5090 505 5159 habitabat
559 5090 618 5150 in,
656 5089 1131 5159 obscurarquodam
1177 5090 1542 5159 Corniaspina'
1578 5090 1802 5159 angulo,

224 5177 335 5214 non
371 5157 702 5224 Olliserium,
756 5161 846 5211 sed
877 5157 1126 5213 Galatam
1181 5157 1493 5221 nominauit,
1537 5158 1585 5211 si
1624 5167 1800 5210 tamen

226 5228 532 5283 nominasse
553 5228 756 5281 ostendi
778 5238 963 5295 potest.
993 5228 1115 5282 Non
1143 5231 1279 5282 enim
1313 5230 1410 5281 hoc
1433 5228 1600 5294 reperi
1619 5229 1672 5278 in
1707 5243 1802 5279 no-

226 5302 354 5352 stris
385 5297 650 5351 codicibus
679 5312 697 5349 :
729 5299 819 5351 sed
844 5300 1182 5361 esta,dixerit
1218 5300 1312 5350 hoc
1340 5296 1591 5357 Basilius.
1610 5296 1799 5350 Aetius

230 5368 325 5421 ille
354 5365 525 5437 Syrus
561 5369 713 5435 cujus
739 5368 1017 5436 aliquanto
1042 5376 1168 5425 ante
1198 5369 1401 5437 mentio
1432 5366 1573 5421 facta
1599 5373 1699 5437 est,
1721 5380 1797 5437 ex

229 5435 510 5505 impietate
529 5435 839 5505 cognomen
869 5438 1026 5491 Athei
1057 5438 1286 5505 accepit.
1332 5436 1406 5490 De
1431 5448 1496 5488 eo
1529 5435 1797 5505 copiosis-

228 5502 365 5561 sime
397 5502 689 5573 loquuntur
722 5517 833 5560 tum
861 5508 949 5559 alii
979 5508 1153 5571 multi,
1181 5502 1290 5558 tum
1320 5505 1611 5574 Gregorius
1647 5502 1716 5573 Ν)
1730 5519 1786 5558 s-

227 5590 418 5646 senus,
446 5576 539 5646 lib.
569 5591 586 5630 ι
615 5586 797 5629 contra
827 5575 1050 5646 Eanum.
1081 5592 1201 5644 pag.
1236 5575 1341 5631 292
1362 5585 1416 5646 et
1438 5590 1553 5646 seq.

301 5644 414 5713 (59)
455 5645 576 5698 ’Υπ’
612 5645 821 5713 ὀδόντα,
867 5645 1237 5699 blasphemiam
1286 5646 1379 5698 sub
1401 5644 1571 5696 ‘deute
1607 5644 1785 5709 prola-

227 5727 335 5769 tam
361 5731 379 5769 :
413 5716 514 5772 hoc
532 5725 635 5773 est.
664 5715 1035 5772 blasphemiam
1054 5715 1347 5770 clanculum
1364 5714 1778 5766 disseminatum.

1907 4395 2013 4441 tem
2048 4383 2256 4439 audire.
2286 4381 2376 4437 Sic
2408 4389 2585 4434 autem
2620 4379 2801 4433 habet.

1903 4805 2024 4861 Mox
2078 4801 2208 4857 editi
2265 4794 2698 4872 atpoaftdtfrqg:_At
2748 4792 2885 4862 Reg.
2924 4790 3135 4872 terti-us,
3172 4790 3259 4845 cui
3292 4790 3466 4858 prima

1902 4892 2063 4931 manu
2094 4861 2363 4926 consentit
2383 4861 2746 4926 Colbertinus,
2776 4861 3184 4933 πρωτοστάτης.
3208 4929 3220 4933 Α
3254 4929 3266 4933 Α
3390 4870 3393 4873 ‘

1974 4945 2087 5012 (60)
2112 4941 2332 5011 Antiqui
2366 4940 2472 4994 duo
2499 4936 2619 4991 libri
2643 4929 3100 5004 καταϐαλόμενος.
3122 4929 3268 4984 Edili
3302 4947 3467 4985 κατα-

1904 5013 2277 5084 ϐαλλόμενοςκ
2434 5078 2448 5084 _
2690 5074 2700 5084 ,
2774 5075 2784 5084 _
2870 5074 2883 5084 ,
2943 5072 2994 5084 ,_
3229 5067 3301 5084 ..
3358 5070 3392 5084 -.

1973 5067 2105 5155 (60³)
2132 5067 2235 5155 ,νέι
2263 5078 2553 5155 legendum
2574 5074 2715 5130 κατά
2737 5075 2836 5146 τὴν
2860 5072 3134 5155 ἀσέϐειανΣ
3163 5069 3252 5155 νει.
3275 5067 3468 5155 Latine

1901 5139 2235 5208 reddendum
2279 5139 2461 5204 contra
2499 5149 2766 5213 pietatem,
2791 5139 2954 5214 'quod
2998 5141 3166 5209 magis
3201 5139 3462 5214 placeret.

1901 5223 2346 5291 Prtepositionem
2390 5217 2565 5283 κατά,
2616 5216 2780 5291 etiam
2832 5212 3463 5291 sequenteaccnsatixo,

1900 5279 2085 5351 cont'ra
2100 5291 2404 5359 signiﬁcare
2423 5279 2598 5359 posse,
2619 5284 2805 5340 Graece
2825 5279 2999 5350 doctis
3022 5290 3204 5336 notum
3228 5288 3330 5334 est.
3363 5279 3461 5334 Eo.

1993 5362 2081 5428 61)
2107 5357 2257 5415 Golb.
2285 5357 2601 5413 συντιθέντι.

1993 5363 2081 5428 61)
2107 5363 2257 5415 Colb.
2285 5363 2601 5413 συντιθέντι.

1970 5363 2082 5503 ίϐἒ)
2118 5432 2245 5500 Reg.
2278 5436 2505 5503 quartus
2536 5426 2632 5479 κα).
2671 5424 2861 5503 ᾣδινεν
2893 5421 3126 5503 ἀδικίαν,
3167 5424 3464 5503 etmpepertt

1897 5487 2228 5572 iniquitatem
2261 5487 2417 5556 :lsed
2457 5497 2510 5551 in
2552 5511 2645 5550 ora
2694 5496 2815 5549 libri
2846 5494 3045 5562 legitur
3078 5507 3171 5562 γρ.
3220 5487 3463 5561 βλασφη-

1902 5574 2075 5716 μίῗιὲεέ)
2114 5640 2254 5699 Editi
2292 5638 2390 5710 τῆς
2418 5653 2504 5707 γε.
2536 5635 2688 5708 Regii
2713 5634 2817 5691 duo
2844 5634 2945 5705 τῆς
2967 5649 3044 5688 τε.
