3836 6222
407 320 513 375 505

1759 325 1817 381 S.
1858 324 2101 381 BASILII
2142 324 2357 381 MAGNI

3568 322 3682 377 565

472 435 769 490 Essemus.
813 435 947 490 Cum
1002 438 1344 504 calumniari,
1386 450 1441 495 et
1490 443 1750 510 petulanti
1800 444 1983 515 lingua

2156 446 2196 497 E
2205 444 2528 497 ΥΝΟΜΙΟΣ.
2538 442 2647 513 (64)
2668 442 2741 495 Τὸ
2757 442 2855 513 μὲν
2865 435 2959 495 οὖν
2978 441 3327 509 συκοφαντεῖν
3348 440 3441 492 καί
3456 440 3580 492 διαϐ

402 539 467 579 ac
499 526 745 595 improba
788 538 970 581 mente
1015 530 1289 600 aliquibus
1340 532 1654 599 detrahere,
1679 550 1816 604 opus
1846 538 1985 591 scia-

402 630 523 671 mus
562 632 682 671 esse
721 618 1000 673 hominum
1039 620 1456 692 ﬂagitiosorum,
1491 638 1657 695 seque
1693 627 1984 682 simultati-

403 709 505 763 bus
555 708 943 765 obiectantium
981 730 995 765 ι
1033 724 1247 779 contra,
1278 715 1324 770 si
1376 716 1469 785 qui
1520 732 1617 787 per
1663 717 1983 773 calumniam

402 800 553 871 pravi
594 815 718 857 esse
755 803 858 857 visi
903 813 1050 872 sunt,
1087 806 1234 861 omni
1284 808 1462 863 studio
1500 810 1840 864 mendacium
1892 825 1981 864 re-

402 893 718 962 darguendo
761 896 1083 965 propulsare
1116 908 1403 965 conentur,
1436 901 1490 955 id
1524 916 1661 970 opus
1692 917 1813 957 esse
1839 903 1985 956 viro-

402 998 546 1050 rum,
597 986 689 1053 qui
739 989 894 1057 probi
953 999 1100 1057 sunt,
1143 992 1342 1061 quique
1386 992 1488 1047 sibi
1540 994 1791 1063 privatim
1848 995 1984 1051 bene

400 1077 790 1148 consulentes,
846 1082 1144 1139 multorum
1200 1084 1554 1140 securitatem
1619 1086 1836 1157 plurimi
1899 1086 1984 1142 fa-

399 1168 570 1225 ciunt.

469 1279 744 1337 BASILIUS.
783 1280 970 1337 Genus
1006 1283 1175 1353 igitur
1209 1286 1478 1343 orationis
1521 1288 1630 1344 tale
1675 1298 1790 1355 est,
1826 1291 1983 1359 quale

399 1387 519 1427 esse
546 1375 719 1443 possit
741 1375 879 1444 ejus,
908 1375 1000 1443 qui
1033 1376 1165 1430 nihil
1194 1379 1538 1447 simpliciter,
1559 1382 1694 1434 nihil
1719 1384 1837 1436 sine
1863 1381 1983 1436 dolo

399 1463 584 1519 eilicit.
610 1464 751 1519 Nam
780 1475 833 1521 et
860 1468 1153 1522 innovandi
1173 1471 1537 1539 suspicionem
1565 1481 1823 1541 praetextu
1856 1488 1984 1543 apo-

400 1554 556 1625 logia:
596 1556 749 1625 tegit,
783 1568 838 1612 et
868 1559 1024 1627 quasi
1060 1559 1346 1615 calumnia:
1388 1563 1702 1617 obterendze
1744 1565 1983 1618 necessi-

400 1652 515 1699 ta'te
554 1648 619 1699 ad
662 1647 763 1701 hos
796 1663 1076 1703 sermones
1132 1651 1432 1718 devenerit,
1469 1654 1775 1709 auditorum
1802 1664 1983 1724 captat

401 1737 860 1794 benevolentiam.
918 1740 1048 1794 Inde
1093 1752 1275 1797 autem
1312 1744 1458 1800 illius
1497 1744 1640 1799 circa
1679 1746 1978 1816 apologiam

400 1840 765 1886 commentum
795 1832 1238 1903 deprehenditur,
1272 1837 1416 1907 quod
1474 1852 1594 1891 cum
1650 1853 1755 1892 non
1807 1840 1980 1909 possit

400 1922 687 1978 nominare
709 1934 1083 1983 accusatorem
1109 1928 1281 1983 ullum
1325 1930 1591 1998 criminis,
1629 1930 1783 2001 cujus
1815 1945 1980 1986 causa

401 2031 462 2071 se
491 2016 775 2073 decertare
821 2018 1067 2087 simulat,
1122 2028 1304 2076 tamen
1357 2024 1493 2079 citra
1530 2024 1837 2093 oppositam
1880 2024 1979 2079 sibi

398 2123 687 2177 personam
724 2113 789 2167 ad
816 2116 1076 2183 agendam
1108 2116 1366 2187 apologia:
1398 2115 1632 2171 fabulam
1664 2116 1852 2171 furtim
1886 2132 1976 2172 ac-

402 2201 580 2258 cedat.
638 2201 747 2259 Nec
781 2218 847 2259 ex
877 2204 1157 2261 tolerantia
1187 2220 1280 2264 eos
1307 2208 1397 2277 qui
1446 2209 1547 2263 sibi
1606 2208 1818 2264 molesti
1866 2208 1983 2265 fue-

402 2304 552 2361 runt,
596 2297 909 2351 nominatim
967 2299 1150 2355 dicere
1200 2300 1437 2356 abstinet
1484 2301 1614 2371 (qui
1674 2302 1817 2355 enim
1864 2302 1981 2357 fieri

401 2387 575 2453 possit
603 2396 661 2439 ut
696 2386 749 2441 id
785 2386 947 2442 faciat
976 2390 1067 2458 qui
1123 2391 1286 2445 tantis
1312 2380 1578 2448 conviciis
1604 2393 1984 2449 contradicen-

403 2487 485 2531 tes
521 2478 730 2547 impetit
750 2481 823 2550 ?),
847 2482 940 2535 sed
979 2483 1243 2538 mendacii
1269 2484 1595 2539 evidentiam
1613 2486 1840 2553 veritus,
1863 2501 1983 2541 eer-

404 2580 489 2623 tas
512 2582 890 2626 accusatorum
937 2588 1200 2642 personas
1233 2576 1533 2645 producere
1573 2578 1809 2633 erubuit.
1848 2577 1981 2632 Nam

404 2661 447 2713 si
481 2662 759 2717 nominare
809 2662 1019 2733 aliquos
1050 2668 1332 2733 potuisset,
1381 2667 1609 2723 dixisset
1639 2670 1886 2738 profecto
1918 2685 1983 2724 ac

404 2751 734 2823 divulgasset
762 2771 777 2807 ι
812 2755 1063 2811 videlicet
1091 2756 1303 2812 etiamsi
1336 2759 1477 2813 haud
1521 2760 1796 2831 explesset
1830 2776 1983 2816 suam

405 2844 565 2909 iram,
598 2856 652 2898 at
690 2855 841 2901 certe
874 2849 1155 2903 securitati
1211 2850 1530 2918 multorum,
1560 2855 1759 2923 quibus
1780 2868 1838 2908 se
1868 2868 1985 2907 ma-

403 2935 547 2988 xime
570 2938 874 3007 prospicere
901 2938 1203 3008 proﬁtetur,
1228 2941 1610 2998 consuluisset.
1627 2943 1837 2999 Etenim
1863 2959 1983 3013 qua:

404 3027 533 3079 latet
580 3026 919 3096 improbitas,
980 3032 1339 3096 perniciosior
1386 3042 1470 3087 est
1518 3049 1681 3103 quam
1717 3050 1836 3105 qua:
1862 3050 1982 3105 pro-

2087 538 2201 591 λειν
2226 536 2381 600 τινάς
2412 536 2472 600 ἐξ
2504 536 2805 589 ἀκολάστου
2833 534 3080 604 γλώττης
3109 533 3202 587 καλ⁵
3233 530 3459 603 γνώμης
3489 532 3680 594 ἀγνώ-

2089 646 2269 700 μονος,
2306 627 2594 699 μοχθηρῶν
2623 628 2717 680 καὶ
2745 622 3363 699 (65)(ριλαπεχθημόνων
3387 624 3555 693 ἔργον
3593 625 3679 674 εἰ-

2083 721 2235 784 δότες
2260 738 2273 752 ⁸
2306 721 2367 773 τὸ
2392 720 2449 772 δὲ
2485 720 2611 781 τοὺς
2650 720 2714 771 ὲκ
2741 718 2997 787 διαϐολῆς
3040 712 3180 770 εἶναι
3210 715 3470 782 δόξαντας
3505 731 3680 783 πονη-

2087 816 2215 886 ροὺς
2244 813 2392 885 πάσῃ
2421 811 2699 884 προθυμία
2747 811 3041 883 πειρᾶσθαι
3068 810 3128 863 τὸ
3156 808 3349 879 ψεῦδος
3377 811 3493 870 τοῖς
3523 807 3573 859 ὲ)
3585 808 3680 874 ἐγ-

2084 924 2202 978 χοις
2248 905 2583 976 ἀποτρέπειν
2633 904 2843 975 ἀνδρῶν
2889 904 3180 975 σωφρόνων
3225 902 3319 954 καὶ
3372 899 3519 970 μετά
3577 899 3681 967 τῆς

2088 999 2224 1063 ιδίας
2250 996 2534 1059 εὐϐουλίας
2561 994 2660 1067 τὴν
2682 995 2789 1049 τῶν
2813 995 3024 1049 πολλῶν
3052 992 3351 1064 ἀσφάλειαν
3385 991 3523 1062 περὶ
3555 987 3681 1042 πολ-

2084 1090 2177 1145 λοῦ
2216 1090 2575 1161 ποιουμένων.

2155 1288 2483 1341 ΒΑΣῙΛΙΟΣ.
2494 1287 2567 1339 Τὸ
2584 1286 2683 1357 μὲν
2699 1280 2791 1339 οὗν
2806 1284 2909 1355 σχῆ
2918 1302 2990 1355 μα
3001 1282 3093 1336 τοῦ
3104 1282 3263 1351 λόγου
3276 1279 3549 1341 τοιοῦτον,
3568 1273 3683 1331 οἷον

2086 1380 2151 1434 ἂν
2181 1381 2393 1449 γένοιτο
2417 1379 2511 1432 τοῦ
2549 1379 2713 1449 μηδὲν
2744 1378 2929 1439 ἁπλῶς
2965 1376 3100 1447 μηδὲ
3135 1374 3337 1436 ἀδόλως
3364 1371 3683 1433 ποιοῦντος.

2085 1473 2157 1525 Τό
2196 1489 2255 1525 τε
2293 1473 2401 1543 γὰρ
2452 1472 2582 1542 περὶ
2631 1471 2729 1543 τὴν
2781 1468 3132 1539 καινοτομίαν
3176 1466 3419 1519 ὕποπτον
3450 1465 3537 1534 τῷ
3581 1464 3684 1532 τῆς

2085 1563 2379 1631 ἀπολογίας
2448 1561 2875 1634 προκαλύμματι
2937 1559 3253 1624 συσκιάζει,
3300 1557 3397 1609 καὶ
3461 1555 3684 1609 εὔνοιαν

2084 1655 2317 1728 θηρᾶται
2350 1655 2500 1727 παρά
2552 1653 2657 1707 τῶν
2706 1653 3034 1717 ἀκουόντων,
3081 1651 3157 1716 ὡς
3200 1653 3266 1722 τῇ
3314 1650 3539 1721 ἀνάγκῃ
3580 1650 3683 1719 τῆς

2083 1748 2338 1818 διαϐολῆς
2365 1748 2457 1799 ἐπὶ
2488 1746 2615 1810 τοὺς
2647 1746 2837 1813 λόγους
2870 1745 3091 1807 τούτους
3120 1742 3309 1795 ἐλθών.
3352 1742 3685 1810 Ἐλέγχεται

2082 1839 2138 1892 δὲ
2171 1837 2336 1893 αὑτοῦ
2366 1839 2399 1909 ή
2433 1837 2561 1909 περὶ
2597 1837 2695 1907 τὴν
2741 1836 3038 1904 ἀπολογίαν
3078 1834 3281 1904 σκηνὴ,
3329 1834 3413 1885 ὅτι
3444 1833 3544 1885 τοῦ
3587 1836 3655 1901 ἐγ

2082 1931 2381 2001 κλήματος,
2414 1930 2501 1998 ἐφ’
2556 1922 2600 1996 ᾧ
2629 1926 3044 1996 διαγωνίζεσθαι
3089 1928 3493 1997 προσποιεῖται,
3542 1942 3653 1977 κατ

2082 2021 2283 2090 ἡγορον
2329 2020 2504 2071 εἰπεῖν
2538 2018 2639 2070 οὐκ
2686 2017 2845 2087 ἔχων,
2878 2016 3207 2085 ἀπρόσωπον
3238 2014 3300 2067 τὸ
3334 2015 3431 2083 τῆς
3477 2014 3656 2068 ἀπολο

2081 2110 2209 2177 γίας
2248 2108 2631 2178 ὑπεισέρχεται
2664 2105 2776 2176 (66)
2820 2105 3036 2176 δρᾶμα’
3068 2104 3129 2155 οὐ
3166 2102 3254 2155 διά
3295 2100 3677 2173 μακροθυμίαν

2082 2201 2342 2272 ὀνομαστὶ
2392 2198 2698 2272 μνησθῆναι
2744 2196 2852 2251 τῶν
2899 2196 3281 2266 λελυπηκότων
3338 2194 3674 2263 ἀπεχόμενος

2084 2293 2225 2365 (πῶς
2267 2292 2397 2365 γὰρ,
2447 2293 2505 2356 ὃς
2543 2309 2608 2361 γε
2643 2289 2935 2353 τοσαύταις
2976 2287 3265 2357 λοιδορίαις
3305 2284 3494 2338 πλύνει
3550 2285 3701 2347 τοὺς.

2090 2386 2542 2456 ἀντιλέγοντας),
2594 2384 2732 2438 ἀλλά
2762 2382 2855 2437 τοῦ
2881 2383 3112 2453 ψεύδους
3137 2382 3198 2435 τὸ
3237 2381 3539 2453 περιφανὲς
3584 2379 3679 2445 i3;—

2082 2480 2394 2552 ορώμενος,
2447 2479 2803 2550 ἐπιφημίζειν
2829 2478 3006 2550 ἑαυτῷ
3062 2478 3341 2549 ὡρισμένα
3404 2476 3680 2547 πρόσωπα

2084 2574 2412 2645 κατηγόρων
2454 2572 2791 2642 αἰσχύνεται.
2835 2571 2899 2623 El
2933 2570 3041 2640 γὰρ
3090 2565 3232 2639 εἶχεν
3279 2567 3549 2637 ὀνομάσαι
3596 2582 3681 2620 τι-

2084 2664 2203 2728 νάς,
2235 2662 2387 2717 εἶπεν
2420 2662 2486 2716 ἂν
2517 2663 2734 2726 πάντως
2763 2661 2858 2715 καὶ
2897 2660 3202 2729 διεϐόησεν·
3235 2662 3283 2712 εί
3326 2658 3421 2711 καὶ
3456 2655 3534 2727 μὴ
3578 2654 3679 2725 τὴ]

2086 2753 2280 2809 ἑαυτοῦ
2327 2754 2495 2826 ὀργὴν
2546 2751 2860 2825 ἐκπληρῶν,
2889 2750 3023 2804 ἀλλά
3057 2752 3154 2821 τήν
3196 2767 3259 2818 γε
3307 2748 3415 2802 τῶν
3461 2747 3681 2801 πολλῶν

2085 2846 2390 2915 ἀσφάλειαν
2439 2845 2840 2915 διοικούμενος·
2877 2836 2953 2895 ὧν
2998 2843 3063 2912 δὴ
3106 2844 3199 2895 καὶ
3256 2842 3492 2913 μάλιστα
3546 2858 3680 2912 προ-

2085 2940 2226 2993 νοεῖν
2270 2937 2682 3006 ὲπαγγέλλεται.
2734 2935 3082 2990 Λανθάνουσα
3133 2934 3242 3003 γάρ
3290 2934 3529 3003 πονηρία
3590 2934 3679 3003 τῆς

2088 3030 2621 3101 προκεκηρυγμένης
2654 3027 3059 3100 βλαϐερωτέρα.
3093 3026 3280 3091 Ὥστε,
3314 3025 3471 3095 εἴπερ
3506 3026 3679 3093 ἐγνω-

404 3118 640 3187 mnlgata
682 3130 784 3174 est.
812 3121 991 3188 Quare
1032 3137 1151 3177 cum
1192 3124 1613 3182 calumniatores
1651 3127 1980 3195 noverimus,

2093 3140 2190 3192 μεν
2219 3123 2345 3186 τοὺς
2391 3121 2757 3190 συκοιράντας,
2795 3122 2924 3191 ρᾄν
2958 3120 3023 3173 ἂν
3056 3119 3387 3188 διεφύγομεν
3416 3118 3516 3181 τὰς
3550 3120 3679 3171 ἀκο-

404 3225 592 3264 enrnm
626 3210 835 3280 linguas
857 3212 1160 3283 petulantes
1201 3230 1265 3271 ac
1299 3226 1534 3272 mentem
1572 3219 1871 3289 improbam
1900 3220 1981 3275 fa-

404 3302 562 3356 cilius
596 3301 833 3374 eﬂ‘ugere
877 3306 1174 3375 peterimus
1207 3325 1222 3361 :
1269 3308 1400 3377 ipsis
1423 3309 1567 3363 enim
1597 3310 1980 3379 sapientissimi

404 3394 548 3449 illius
588 3399 940 3473 utar_verbis.
1001 3400 1070 3453 At
1124 3402 1381 3469 quoniam
1438 3411 1566 3457 tunc
1610 3403 1681 3458 ob
1729 3405 1983 3473 quamvis

409 3488 625 3541 tandem
654 3466 873 3543 ca°usam
910 3491 1193 3557 conticuit,
1219 3508 1365 3548 nunc
1414 3494 1801 3563 interrogetur,
1844 3510 1986 3551 nunc

408 3580 754 3649 respondeat,
809 3581 899 3650 qni
948 3580 1149 3637 fuerint
1189 3582 1633 3647 calumniatores,
1682 3585 1800 3654 qui,
1860 3602 1983 3641 eum

406 3672 695 3726 calumniis
740 3674 1008 3728 lacessere
1067 3674 1408 3745 incipientes,
1449 3676 1516 3733 ad
1551 3678 1983 3749 respondendum

405 3763 717 3832 coegerint?
766 3766 905 3818 unde
951 3772 1221 3819 terrarum
1272 3767 1575 3821 venerunt?
1608 3769 1698 3838 qui
1736 3768 1984 3838 judices,

404 3868 589 3909 coram
618 3853 814 3923 quibus
829 3854 1450 3926 subiitcertameniquo
1473 3857 1524 3911 in
1557 3872 1817 3913 consessu
1848 3860 1988 3916 hanc

404 3944 803 4000 accusationem
856 3946 1151 4000 sustinuit?
1190 3946 1281 4001 ubi
1338 3955 1605 4002 terrarum
1649 3960 1703 4003 et
1754 3951 1985 4005 marium

405 4038 800 4107 congregatus?
834 4038 972 4104 Quid
1006 4039 1149 4093 enim
1176 4040 1346 4109 possit
1377 4038 1600 4095 dicere?
1631 4040 1687 4094 In
1716 4042 1989 4097 Seleucia?

405 4130 474 4183 At
500 4130 568 4184 ob
598 4130 872 4184 silentium
906 4132 1142 4186 convicti
1191 4142 1336 4198 sunt,
1376 4134 1465 4202 qui
1503 4133 1734 4198 scilicet,
1771 4136 1985 4190 etiamsi

407 4223 474 4275 ad
500 4222 709 4291 objecta
748 4225 851 4280 sibi
889 4223 1115 4279 crimina
1150 4225 1465 4295 depellenda
1491 4229 1559 4281 ab
1584 4229 1651 4281 iis
1675 4228 1766 4298 qui
1793 4243 1989 4283 conve-

410 4326 595 4370 nerant
626 4317 822 4387 szepius
853 4315 1235 4383 invitarentur,
1267 4326 1445 4373 tamen
1479 4335 1582 4372 non
1612 4319 1983 4386 occnrrerint;

408 4409 478 4463 ob
511 4408 672 4477 idque
704 4409 942 4463 damnati
973 4417 1117 4463 sunt.
1150 4408 1410 4477 Alloquor
1443 4410 1585 4465 enim
1623 4413 1675 4464 in
1715 4411 1987 4465 communi

2084 3214 2313 3278 λάστους
2354 3214 2607 3283 γλώσσας
2654 3212 2835 3265 αὐτῶν
2884 3212 2979 3265 καὶ
3017 3211 3115 3275 τὰς
3159 3210 3481 3280 ἀγνώμονας
3538 3211 3679 3279 γνώ-

2089 3324 2228 3377 μας·
2278 3307 2463 3369 αὐτοῖς
2495 3306 2603 3377 γὰρ
2636 3306 2912 3376 χρήσομαι
2941 3303 3036 3357 τοῦ
3070 3304 3383 3372 σοφωτάτου
3416 3306 3534 3368 τοῖς
3584 3305 3678 3375 ῥή-

2088 3416 2272 3470 μασιν.
2331 3397 2470 3450 Ἀλλ’
2527 3396 2714 3469 ἐπειδὴ
2768 3396 2927 3459 τότε,
2984 3396 3052 3449 δι’
3100 3397 3166 3466 ῆν
3215 3395 3415 3466 δήποτε
3473 3394 3674 3459 αἰτίαν,

2083 3488 2465 3559 ἀπεσιώπησε,
2500 3488 2594 3542 νῦν
2637 3488 2955 3561 ὲρωτάσθω,
2987 3486 3079 3541 νῦν
3112 3485 3491 3556 ἀποκρινέσθω
3526 3485 3672 3557 (67)-

2082 3582 2229 3645 τίνες
2258 3583 2306 3635 οἱ
2335 3581 2633 3651 κατήγοροι
2662 3581 2736 3643 οἱ,
2764 3578 2845 3649 τῷ
2885 3579 3178 3650 προλαϐεῖν
3206 3582 3329 3641 ταῖς
3376 3577 3674 3641 διαϐολαῖς,

2084 3674 2389 3743 ἀναγκαίαν
2440 3672 2590 3743 αὐτῷ
2626 3672 2725 3743 τὴν
2774 3671 3074 3741 ἀπολογίαν
3134 3671 3673 3734 κατασκευάζοντες;

2085 3767 2149 3818 ὲκ
2198 3765 2357 3830 ποίας
2403 3765 2729 3835 οἰκουμένης
2773 3763 3053 3829 ὲλθόντες;
3098 3762 3245 3826 τίνες
3291 3762 3341 3814 οἱ
3390 3761 3674 3821 δικασταὶ,

2086 3856 2170 3925 ἐφ’
2200 3850 2274 3911 ὧν
2333 3854 2629 3910 διατίθεται
2668 3854 2760 3907 τὸν
2807 3853 3030 3924 ἀγῶνα;
3064 3855 3122 3906 ὲν
3167 3852 3305 3923 ποίῳ
3336 3851 3677 3921 δικαστηρίῳ

2084 3946 2183 4017 τὴν
2217 3947 2433 4017 γραφὴν
2468 3944 2671 4014 ταύτην
2715 3943 3009 4014 ὑπεισῆλθε
3050 3943 3194 4013 (68);
3228 3941 3331 3994 ποῦ
3365 3940 3474 4010 γῆς
3512 3940 3546 4010 ἢ
3585 3939 3677 3992 θα-

2086 4037 2285 4108 λάττης
2321 4036 2779 4108 συγκροτηθέντι;
2816 4037 2880 4089 Τί
2915 4036 3023 4106 γάρ
3069 4034 3133 4088 ἂν
3165 4034 3258 4086 καὶ
3300 4034 3545 4097 εἴποιεν;
3592 4032 3677 4084 Ἐν

2087 4128 2411 4200 Σελευκείᾳ;
2454 4129 2612 4181 Ἀλλὰ
2646 4129 3025 4199 σιωπήσαντες
3054 4125 3167 4197 (b9)
3202 4125 3473 4191 ἑάλωσαν,
3506 4125 3564 4177 οῖ
3592 4140 3673 4192 γε,

2088 4220 2550 4291 προκαλουμένων
2595 4219 2855 4283 πολλάκις
2902 4218 3011 4273 τῶν
3061 4216 3425 4271 συνελθόντων
3458 4218 3539 4279 είς
3581 4216 3677 4279 τὰς

2088 4312 2228 4383 ὑπὲρ
2246 4310 2353 4365 τῶν
2377 4311 2787 4382 ἐπιφερομένων
2810 4310 3058 4373 εύθύνας,
3077 4309 3175 4361 ούκ
3197 4308 3523 4379 ἀπήντησαν
3541 4306 3673 4377 (70)’

2088 4407 2170 4474 ἐφ’
2199 4400 2279 4468 οἷς
2302 4404 2365 4475 δὴ
2397 4404 2495 4458 καὶ
2536 4403 2937 4476 κατεκρίθησαν
2972 4400 3297 4473 τηνικαῦτα.
3330 4400 3529 4463 Κοινὸς
3570 4399 3674 4469 γάρ

409 4513 620 4553 mnnem
640 4499 796 4554 simul
817 4508 1038 4563 coetum,
1059 4498 1324 4568 21οξηυί
1346 4509 1563 4569 propter
1588 4499 1879 4569 impietatis
1895 4515 1983 4554 so-

2093 4514 2184 4567 μοι
2229 4497 2257 4549 ὁ
2303 4495 2460 4564 λόγος
2509 4496 2644 4567 πρὸς
2677 4498 2823 4551 ἆπαν
2868 4496 3005 4568 ὁμοῦ
3039 4496 3101 4548 τὸ
3142 4495 3452 4561 σύνταγμα,
3500 4493 3562 4544 τὸ
3592 4492 3674 4545 διὰ

410 4586 658 4643 cietatem
676 4588 1141 4644 velutmorbosum
1160 4588 1428 4658 quoddam
1465 4588 1764 4642 membrum
1792 4602 1823 4641 a
1855 4602 1987 4643 sano

484 4833 598 4904 (64)
651 4833 874 4903 Legitur
921 4835 973 4889 in
1022 4836 1183 4891 editis
1239 4837 1379 4891 intra
1449 4844 1763 4891 contextum
1813 4836 1988 4889 Εύν...

415 4904 628 4969 Βασ...;
659 4916 873 4969 contra,
914 4907 1026 4969 illa,
1062 4908 1237 4963 Εύν...
1273 4908 1430 4969 Βασ..
1466 4908 1517 4959 ἱη
1549 4922 1644 4960 ora
1689 4905 1842 4975 Regii
1880 4918 1992 4961 ter-

414 4976 476 5028 tii
526 4975 899 5034 inveniuntur.
958 4976 1103 5032 Nihil
1156 4986 1335 5033 tamen
1382 4977 1993 5047 mutandumjudicavi-

412 5060 597 5239 una???)
652 5116 788 5188 Reg.
847 5118 1039 5174 tertius
1077 5128 1133 5174 et
1174 5116 1323 5174 Colb.
1368 5117 1682 5189 ἀγνώμονος
1736 5116 1991 5189 πονηρῶν

414 5206 484 5239 κα
516 5226 529 5239 ι

414 5206 603 5327 καιϐϐ)
628 5256 850 5327 Antiqui
882 5260 988 5315 duo
1017 5259 1137 5313 libri
1172 5259 1505 5329 εἰσέρχεται,
1535 5274 1640 5312 non
1674 5259 1745 5311 ita
1790 5267 1956 5312 recte.

484 5258 599 5400 έ67)
628 5330 857 5386 Codices
906 5331 1011 5385 duo
1057 5330 1455 5400 ἀποκρινέσθω.
1514 5330 1652 5384 Etliti
1704 5331 1956 5400 ἀποκρινε

510 5326 599 5396 67)
628 5326 857 5386 Codiées
906 5331 1011 5385 duo
1057 5326 1455 5401 ἀποκρινέσθω.
1514 5330 1652 5384 Etliti
1704 5326 1997 5400 ἀποκρινά-

416 5400 548 5456 σθω.

489 5468 864 5542 (68lVeteres
908 5471 1113 5541 aliquot
1172 5471 1291 5525 Iihri
1339 5471 1555 5541 γραφὴν
1581 5470 1850 5542 εἰσῆλθεν.
1882 5468 1993 5524 Nec

419 5540 692 5596 ita'mnlto
717 5551 836 5610 post
858 5540 1249 5610 Regiqnarlns
1274 5542 1339 5594 ἂν
1374 5540 1467 5594 καὶ
1489 5540 1653 5597 εἴποι.

489 5611 603 5681 (69)
637 5609 773 5665 Editi
827 5613 962 5666 ἀλλά
1008 5609 1321 5675 σιωπῶντες
1352 5631 1364 5667 :
1408 5622 1462 5667 at
1498 5615 1713 5667 codices
1748 5609 1989 5667 melioris

422 5694 505 5739 nm
517 5698 571 5751 :e
584 5685 757 5751 σιωπή
767 5699 973 5745 σαντες.

493 5750 605 5807 (ῖο)
636 5750 775 5805 Idem
807 5753 1313 5809 docetAtbanasius
1338 5752 1428 5809 lib.
1452 5753 1523 5809 De
1541 5769 1677 5812 sun.
1702 5768 1848 5808 num.
1878 5751 1984 5806 12:

2095 4588 2193 4660 τὴν
2236 4589 2521 4642 κοινωνίαν
2566 4589 2667 4659 τῆς
2715 4588 2999 4653 ἀσεϐείας,
3032 4587 3220 4657 ῶσπερ
3250 4603 3304 4639 τι
3341 4584 3506 4653 μέλος
3536 4600 3674 4637 νενο-

2100 4838 2270 4892 Τοῦτο
2298 4838 2356 4892 δὲ
2388 4838 2773 4909 πεποιήκασιν,
2819 4837 3006 4909 ἐπειδὴ
3058 4835 3351 4907 κληθέντες
3403 4834 3672 4909 ἀπολογή-

2101 4910 2297 4963 σασθαι
2314 4904 2488 4978 ὲφόἷς
2512 4904 2688 4963 αὐτῶν
2714 4910 2952 4961 πλεῖστοι
2981 4904 3344 4975 κατηγόρουν,
3368 4906 3473 4978 ούκ
3496 4904 3669 4977 ἀπην-

2099 4997 2293 5051 τησαν.
2322 4976 2451 5033 ldeo
2485 4989 2658 5051 autem
2695 4979 2791 5051 hoc
2822 4978 3075 5045 fecerunt,
3107 4979 3248 5051 quod
3281 4978 3341 5051 iri
3359 4976 3455 5045 jus
3486 4976 3671 5051 vocati,

2099 5048 2212 5102 uta
2245 5050 2425 5103 multis
2454 5049 2648 5102 allatas
2678 5050 2953 5101 adversum
2983 5062 3037 5099 se
3072 5048 3474 5100 criminationes
3500 5048 3672 5111 depel-

2101 5122 2288 5183 lerent,
2320 5137 2425 5173 non
2470 5119 2923 5187 comparuissents
2950 5115 3213 5184 Loquitur
3244 5118 3583 5187 Athanasius
3611 5118 3672 5170 de

2100 5190 2391 5258 episc0pis,
2427 5190 2518 5259 qui
2550 5186 2600 5241 in
2640 5186 3234 5259 concilioSeleuciensi
3286 5196 3385 5259 aut
3421 5186 3669 5255 depositi.

2102 5271 2197 5313 aut
2222 5257 2601 5313 communione
2634 5257 2830 5326 privati
2862 5258 3101 5311 fuerunt.
3130 5257 3489 5310 Athanasium
3521 5272 3670 5308 secu-

2100 5338 2186 5398 tus
2230 5330 2484 5384 Socrates
2519 5329 2609 5381 lib.
2665 5343 2726 5391 ιι,
2764 5344 2883 5398 cap.
2933 5327 3021 5395 40,
3059 5327 3137 5398 ita
3192 5327 3410 5393 scripsit
3461 5344 3476 5380 :
3517 5327 3675 5398 Ἐπεὶ

2097 5396 2189 5453 οὖν
2219 5400 2480 5463 πολλάκις
2513 5396 2843 5467 καλούμενοι
2888 5399 2988 5452 ούκ
3045 5397 3390 5467 ἀπήντησαν,
3429 5396 3675 5467 καθεῖλον

2097 5417 2189 5453 ουν
2219 5417 2480 5463 πολλάκις
2513 5417 2677 5452 καλου
2728 5417 2836 5451 ενοι
2888 5417 2988 5452 ουκ
3045 5417 3390 5467 απηντησαν,
3429 5417 3674 5450 καοειλον

2097 5472 2259 5524 αὐτόν
2290 5490 2349 5525 τε
2378 5471 2649 5533 Ἀκάκιον,
2684 5417 2956 5540 ἰξεώργιον
2980 5466 3540 5540 Ἀλεξανδρείαθλεῐα
3574 5466 3674 5522 Sed

2098 5545 2345 5610 quoniam
2381 5544 2575 5607 swpius
2631 5537 2872 5594 accersiti
2934 5537 3555 5610 venire_deir_eclabant,
3586 5539 3674 5589 de-

2098 5608 2387 5679 posuerunt
2439 5622 2485 5666 el
2535 5613 2704 5679 ipsum
2765 5611 3043 5679 Acacium,
3108 5608 3395 5679 Georgium
3446 5608 3672 5663 Alexan-

2096 5684 2247 5750 ἀνίαν,
2277 5692 2381 5738 etc.
