3836 6222
165 331 291 390 505

1275 327 1648 386 ADVERSUS
1688 321 2055 383 EUNOMIUM
2093 326 2220 381 LIB.
2263 327 2308 384 Ι.

3354 329 3461 386 501

168 447 354 520 σηκὸς
408 443 505 498 τοῦ
554 441 909 529 ’ὑγιαίνοντος
980 441 1230 514 σώματος
1285 447 1387 517 τῆς
1443 445 1775 516 Ἐκκλησίας

1889 442 2144 499 Ecclesiae
2164 457 2394 514 corpore
2415 442 2677 514 abruptus
2705 453 2808 500 est.
2837 445 2918 501 An
2948 446 3408 518 Constantinopoli
3441 449 3464 502 ?

169 525 521 610 ἀῖτορραγέν.
555 525 697 588 ἶΑλλ’
737 538 795 590 ἐν
827 537 1398 591 Κωνσταντινουπόλει
1426 539 1538 609 (71)
1564 556 1580 605 ;
1635 537 1778 590 Ἀλλ’

171 631 338 686 οὐδὲν
367 631 487 684 ἐκεῖ
522 629 821 696 ἀπολογίας
867 628 977 682 ἔδει
1025 630 1124 683 καὶ
1151 629 1346 698 λόγων.
1396 631 1536 694 Τοὺς
1568 629 1679 700 γὰρ
1709 630 1776 683 ἐκ

172 724 286 794 τῆς
319 721 606 793 βασιλικῆς
648 720 838 791 αὐλῆς,
875 719 972 772 καὶ
1019 719 1129 774 τῶν
1163 721 1366 774 λοιπῶν
1397 723 1523 786 τοὺς
1570 722 1637 775 τὰ
1685 722 1781 793 μέ·-

174 832 350 885 γιστα
397 812 732 884 δυναμένους
778 811 986 864 ἑαυτῶν
1033 813 1423 884 ποιησάμενοι,
1471 814 1536 867 ἐκ
1581 812 1778 866 πολλοῦ

175 905 281 960 τοῦ
335 905 616 977 περιόντος
661 906 774 966 τοῖς
806 904 1098 976 πράγμασι
1143 905 1578 976 προσεφέροντο⁹
1626 905 1780 958 αὐτοὶ

180 1000 286 1054 καὶ
320 999 638 1070 κατήγοροι,
666 997 764 1052 καὶ
802 997 1075 1060 δικασταὶ,
1107 998 1203 1051 καὶ
1229 997 1435 1068 δήμιοι,
1467 998 1563 1051 καὶ
1600 997 1780 1052 πάντα

180 1094 343 1158 ὄντες
368 1094 468 1146 ὅσα
509 1091 812 1153 ἐϐούλοντο,
842 1092 952 1156 ὅτε,
999 1090 1109 1144 τῶν
1142 1091 1458 1144 ἐπισκόπων
1505 1091 1632 1155 τοὺς
1680 1091 1780 1161 μὲν

181 1185 567 1250 ἐκϐάλλοντες,
595 1185 721 1248 τοὺς
753 1183 811 1237 δὲ
841 1182 1298 1252 ἐγκαθιστῶντες,
1317 1187 1430 1247 τοῖς
1457 1183 1513 1237 δὲ
1534 1184 1624 1237 τὸν
1654 1184 1782 1254 περὶ

181 1277 282 1333 τοῦ
314 1279 411 1349 ζῇν
443 1276 852 1350 ἐπικρεμῶντες
892 1275 1006 1347 (72)
1056 1276 1319 1342 κίνδυνον,
1361 1277 1514 1329 αὐτοὶ
1544 1275 1640 1340 τὰς
1683 1275 1782 1328 πό-

182 1367 307 1432 λεις
340 1371 397 1421 ἐν
431 1368 682 1438 ἀλλήλοις
723 1369 843 1421 κατ’
871 1367 1117 1432 ἐξουσίαν
1148 1368 1352 1440 πολλὴν
1387 1369 1738 1439 διελάγχανον
1762 1385 1776 1399 ·

182 1458 285 1512 καὶ
311 1461 339 1511 ό
374 1457 473 1528 μέν
511 1453 596 1521 τις
637 1457 746 1510 τῶν
788 1457 900 1528 (7³5)
948 1459 1005 1510 ἐν
1039 1456 1210 1529 Συρίᾳ
1257 1438 1464 1512 πόλεων
1510 1438 1780 1523 ἐκπεσὼν,

182 1551 292 1621 τὴν
342 1547 931 1614 Κωνσταντινούπολιν,
987 1549 1063 1612 ὡς
1113 1551 1206 1603 ἐπὶ
1271 1551 1599 1621 τυραννίδα,
1651 1567 1782 1606 κατ-

185 1640 427 1694 έλαϐεν·
481 1641 645 1704 αὐτὸς
691 1639 748 1693 δὲ
794 1633 951 1704 οὗτος
983 1644 1010 1694 ὁ
1039 1641 1249 1712 ἄμαχος
1281 1643 1375 1694 καὶ
1417 1641 1586 1706 δεινὸς
1630 1640 1785 1710 λογο-

184 1730 407 1803 γράφος
447 1730 558 1801 (74)
610 1726 772 1784 ἆθλον
805 1731 906 1801 τῆς
938 1730 1194 1794 ἀσεϐείας
1241 1729 1340 1801 τὴν
1391 1727 1637 1793 Κύζικον
1678 1732 1785 1784 ἀπ-

1885 533 2081 589 Verum
2135 535 2246 591 illic
2291 537 2427 606 ipsis
2479 538 2614 592 nihil
2661 553 2798 609 opus
2841 549 2961 593 erat
3009 539 3257 610 apologis
3297 550 3462 609 atque

1879 627 2145 681 oratione.
2188 626 2322 680 Nam
2371 643 2496 682 cum
2535 628 2673 684 aulae
2726 629 2890 700 regiae
2930 630 3079 686 viros
3116 647 3182 685 ac
3224 632 3461 702 reliquos

1879 718 1972 787 qui
2015 718 2308 786 plurimum
2360 719 2651 788 pollebant,
2701 721 3086 778 conciliassent
3137 725 3265 788 sibi,
3303 725 3460 795 longe

1881 811 2189 880 superiores
2242 811 2444 880 effecti,
2499 826 2588 868 res
2634 815 3108 884 aggrediebantur,
3145 817 3305 872 iidem
3355 816 3459 887 ipsi

1882 911 2244 967 accusatores,
2279 913 2334 958 et
2355 904 2592 974 judices,
2620 915 2674 960 et
2707 907 3014 972 carnilices,
3039 918 3093 962 et
3120 909 3303 963 omnia
3338 923 3459 979 qua:

1883 991 2133 1046 volebant
2165 994 2514 1061 exsistentes,
2565 1009 2688 1050 cum
2721 997 3099 1066 episcoporum
3144 998 3278 1052 alios
3298 997 3463 1067 ejice-

1886 1094 2028 1149 rent;
2055 1085 2453 1140 substituerent
2477 1085 2612 1142 alios
2644 1087 2697 1141 in
2729 1087 2944 1143 illorum
2973 1088 3173 1152 locum,
3219 1089 3355 1145 alios
3406 1091 3462 1144 in

1884 1177 2184 1248 periculum
2237 1177 2363 1233 vitae
2409 1179 2762 1247 adducerent,
2819 1181 2920 1250 ipsi
2948 1196 3079 1236 vero
3115 1199 3305 1254 magna
3339 1197 3463 1238 cum

1881 1278 2150 1340 potestate
2182 1269 2326 1324 inter
2353 1285 2412 1325 se
2442 1271 2777 1342 partirentur
2793 1273 3078 1328 civitates:
3113 1283 3220 1328 tum
3245 1275 3462 1330 demum

1883 1361 2101 1430 quidam
2125 1375 2189 1415 ex
2223 1361 2394 1432 Syriae
2439 1362 2660 1420 urbibus
2693 1364 2898 1434 pulsus,
2937 1366 3461 1439 Constantinopolim

1885 1453 2038 1524 quasi
2066 1453 2134 1508 ob
2182 1453 2526 1524 tyrannidem
2585 1457 2942 1511 exercendam
2999 1461 3304 1528 occupavit.
3367 1458 3468 1514 Hic

1883 1558 2065 1603 autem
2093 1550 2197 1603 iste
2224 1549 2651 1620 inexpugnabilis
2674 1559 2727 1604 ct
2749 1553 2927 1621 gravis
2944 1563 3152 1619 orator,
3186 1555 3464 1624 praemium

1886 1640 2180 1708 impietatis
2226 1638 2485 1711 Cyzicum
2544 1640 2772 1697 retulit:
2812 1641 3112 1699 Theosebio
3168 1661 3296 1700 vero
3341 1654 3466 1715 past

1883 1727 2241 1782 maximarum
2298 1728 2754 1798 blasphemiarum
2805 1733 3278 1804 redargutionem,
3331 1737 3466 1791 Sar-

186 1822 462 1894 ηνέγκατο
481 1839 494 1852 ·
528 1821 799 1894 Θεοσεϐίῳ
827 1822 886 1877 δὲ
925 1821 1065 1894 μετά
1093 1823 1220 1885 τοὺς
1257 1822 1351 1874 ἐπὶ
1381 1824 1503 1885 ταῖς
1526 1823 1780 1894 ἀρρήτοις

1889 1819 2088 1874 diensis
2125 1819 2366 1876 Ecclesia
2401 1821 2683 1891 propinata
2711 1833 2812 1878 est.
2850 1821 3026 1879 Taceo
3071 1833 3250 1880 autem
3289 1824 3468 1898 Bithy-

191 1913 569 1985 βλασφημίαις
629 1913 887 1984 ἐλέγχους
933 1916 966 1986 ἡ
1007 1913 1302 1983 Ἐκκλησία
1347 1911 1596 1982 Σάρδεων
1644 1931 1780 1986 προ-

191 2005 392 2077 επόθη.
434 2007 544 2060 Καὶ
575 2006 764 2060 σιωπῶ
809 2005 1090 2072 Βιθυνοὺς,
1138 2005 1235 2058 καὶ
1280 2005 1662 2074 Παφλαγόνας,
1687 2005 1781 2060 καὶ

193 2100 463 2165 Κίλικας,
520 2101 614 2154 καὶ
652 2101 860 2164 πάντας
905 2102 1061 2164 ὅσους
1111 2101 1170 2153 ἐν
1223 2098 1408 2171 κύκλῳ
1464 2099 1576 2170 (75)
1621 2100 1782 2171 φερό-

197 2206 363 2259 μενον
395 2189 455 2243 τὸ
487 2190 652 2244 κακὸν
686 2190 1026 2261 ἐπενείματο.
1058 2190 1223 2254 Ποίας
1254 2186 1347 2244 οὖν
1381 2191 1672 2260 ἀπολογίας
1700 2191 1780 2245 ἐτι

137 2323 161 2342 .
195 2283 394 2354 καιρὸς
436 2278 506 2354 ἦν
553 2283 706 2349 τότε;
749 2281 910 2348 Ἀλλ’,
952 2278 1126 2352 οἶμαι,
1175 2282 1294 2336 οὐδὲ
1347 2282 1652 2355 βουλομένῳ
1692 2283 1782 2338 δυ-

195 2374 363 2428 νατὸν
399 2373 720 2444 ψεύσασθαι.
749 2374 911 2426 Ὥστε
940 2373 1142 2435 παντὸς
1182 2373 1568 2445 ἀληθέστερον,
1607 2375 1690 2427 ὅτι
1721 2373 1782 2426 τὸ

198 2467 390 2538 σχῆμα
428 2465 520 2520 τοῦ
565 2465 722 2534 λόγου
772 2465 1070 2536 μηχάνημα
1119 2463 1268 2535 αὐτῷ
1316 2464 1452 2536 πρὸς
1499 2465 1599 2536 τὴν
1634 2463 1780 2518 ἀπά-

195 2575 302 2630 την
334 2557 446 2630 (76)
486 2559 653 2614 ἐστίν.
691 2557 801 2610 Καὶ
833 2556 1005 2610 ταῦτα
1045 2555 1142 2626 μὲν
1178 2559 1259 2620 είς
1289 2555 1559 2610 τοσοῦτον.
1600 2557 1659 2610 '0
1701 2555 1778 2621 δὲ,

203 2651 403 2724 μικρὸν
444 2649 739 2723 προελθὼν,
783 2648 1054 2719 σκέψασθε
1097 2644 1184 2702 οἷα
1230 2649 1452 2719 γράφει,
1497 2649 1632 2702 Οὐδὲ
1673 2649 1782 2721 γὰρ

198 2743 477 2816 ἄχρηστον
509 2744 639 2806 ἴσως
670 2741 776 2812 πρὸ
802 2741 912 2794 τῶν
945 2741 1186 2811 ἐλέγχων
1213 2741 1314 2811 τῆς
1345 2740 1600 2805 ἀσεϐείας
1628 2741 1783 2810 ὀλίγα

198 2836 299 2891 τοῦ
331 2835 458 2908 περὶ
487 2834 646 2888 αὑτὸν
670 2834 841 2905 τύφου
873 2833 1287 2904 παραδηλῶσαι.

275 2929 330 2984 5.
367 2929 526 2982 ΕΥΝ.
556 2926 819 2998 Αξτοῦμαι
851 2928 908 2980 δὲ
937 2927 1044 2997 πρὸ
1096 2929 1308 2981 πάντων
1355 2929 1520 2998 ὑμᾶς,
1564 2925 1692 2989 τούς
1721 2943 1781 2979 τε

203 3015 304 3070 νῦν
343 3015 740 3085 ἀκουσομένους
779 3015 871 3067 καὶ
909 3015 1035 3076 τοὺς
1068 3015 1147 3078 εἰς
1193 3012 1417 3086 ὓστερον
1460 3011 1782 3090 ἐντερξομέ-

201 3124 352 3171 νους,
385 3107 460 3179 μὴ
487 3107 565 3179 τῷ
599 3109 792 3180 πλήθει
829 3108 1121 3180 διακρίνειν
1147 3106 1352 3160 ἐθέλειν
1385 3105 1485 3176 τῆς
1527 3104 1784 3174 ἀληθείας

201 3196 268 3250 τὺ
289 3195 502 3267 ψεῦδος,
541 3199 608 3270 τῇ
655 3197 860 3252 πλείονι
907 3198 1078 3271 μοίρᾳ,
1099 3198 1160 3251 τὸ
1206 3200 1451 3268 κρεῖττον
1488 3196 1785 3250 συνάπτον·
1811 3181 1852 3238 C

278 3375 393 3446 (7i)
432 3375 730 3432 Concilium
769 3378 901 3433 illud
932 3379 1084 3446 cujus
1119 3379 1223 3434 hoc
1262 3379 1381 3432 loro
1437 3381 1495 3432 lit
1549 3379 1777 3443 mentio,

205 3447 454 3502 habitum
491 3447 594 3501 fuit
628 3448 1094 3515 ConstantinOpoli
1125 3465 1266 3504 anno
1296 3451 1422 3504 560.
1460 3450 1535 3504 De
1574 3465 1640 3503 eo
1685 3465 1783 3502 au-

208 3526 318 3570 tem
348 3518 480 3572 nihil
505 3518 696 3573 attinet
725 3520 924 3584 dicere,
955 3535 1078 3574 cum
1121 3521 1280 3589 quale
1302 3522 1488 3582 fuerit,
1524 3519 1657 3574 satis
1687 3535 1779 3573 su-

207 3601 414 3656 perque
442 3604 513 3659 ex,
530 3589 708 3644 verbis
733 3589 910 3643 Basilii
943 3589 1122 3659 colligi
1163 3593 1351 3658 possit.
1410 3590 1538 3659 Ejus
1592 3590 1782 3643 memi-
1820 3627 1823 3631 -

206 3672 339 3730 nere
367 3658 519 3730 multi
543 3674 843 3730 gravesque
867 3658 1134 3728 auctores,
1171 3660 1399 3714 Basilius
1427 3658 1542 3730 ipse
1577 3661 1630 3730 in
1666 3659 1780 3714 suis

209 3727 485 3794 Epistolis,
541 3727 794 3784 Socrates
847 3730 941 3786 lib.
993 3745 1054 3793 ιι,
1104 3747 1225 3798 cap.
1263 3731 1355 3792 41.
1411 3727 1536 3784 sz.
1574 3729 1668 3785 lib.
1703 3745 1777 3792 tv,

206 3811 332 3872 cap.
352 3798 438 3872 _25
463 3806 517 3872 e_t
545 3798 638 3872 24,
665 3809 772 3872 etc.
798 3799 926 3872 illex
953 3816 1083 3872 mss.
1113 3801 1319 3872 aliquot
1338 3801 1670 3872 δυναμένους
1707 3798 1776 3872 διῖ

207 3865 440 3942 ἑαυτῶν.
473 3869 712 3942 Subinde
744 3871 875 3924 editi
927 3870 1081 3924 αὐτοὶ
1125 3865 1238 3925 καί.
1281 3873 1353 3926 At
1387 3865 1650 3942 particula
1683 3869 1778 3924 καί

207 3939 364 3991 deest
392 3940 442 3989 in
479 3938 659 3994 multis
699 3955 832 3994 mss.

283 4006 397 4084 (τε)
424 4006 564 4061 Editi
586 4019 642 4063 et
671 4011 910 4084 nonnulli
957 4027 1086 4066 mss.
1121 4012 1644 4084 ἐπικρεμαννύντες.
1673 4011 1780 4067 Alii

208 4079 583 4154 qtiid_a_tn_inss.
603 4081 931 4154 antiquiores
955 4079 1385 4154 ἐπικρεμῶντές.
1414 4083 1614 4138 ibidem
1643 4099 1775 4138 mss.

209 4148 269 4200 ἐν
294 4147 567 4218 ἀλλήλοις.
604 4147 802 4203 Vocula
834 4153 891 4204 ἐν
922 4153 973 4205 ἱιι
999 4147 1169 4206 eiliiis'
1194 4169 1296 4207 non
1338 4147 1630 4209 invenitur.

283 4215 562 4295 (ἶὸχιὶεε.
596 4221 864 4295 secundus
895 4223 990 4275 καὶ
1032 4223 1284 4295 Εὐδόξιος
1328 4224 1427 4295 μὲν
1479 4223 1608 4286 τῶν,
1667 4231 1777 4295 etc.

215 4286 666 4368 [indeint‘c‘rpres
693 4306 709 4343 :
746 4289 895 4345 Tunc
918 4309 984 4346 ea:
1013 4286 1224 4347 urbibus
1254 4286 1778 4368 Sy'ritepulsusﬁu-

208 4358 424 4432 doxjus.
453 4357 555 4413 Alii
595 4375 686 4414 sex
721 4376 852 4418 mss.
909 4378 1031 4418 cum
1086 4357 1314 4432 utraque
1371 4364 1610 4418 editione
1643 4363 1778 4428 Ven,

211 4439 266 4499 et
296 4427 469 4481 Paris.
505 4441 561 4483 ut
614 4432 668 4484 ἱιι
699 4441 972 4497 contextu,
1012 4427 1509 4499 ηοιιιὶιιθἘύδόξιος
1553 4427 1775 4490 outisSO.

1887 1924 2008 1975 nos,
2047 1908 2438 1980 Paphlagones,
2490 1911 2710 1978 Cilices,
2763 1923 2820 1969 et
2881 1929 3071 1970 omnes
3115 1931 3468 1986 quoscunque

1887 1997 2109 2068 depasta
2141 2008 2225 2054 est
2255 1999 2572 2054 circumlata
2596 2000 2935 2071 improbitas.
2975 2002 3142 2074 Cujus
3173 2019 3304 2074 ergo
3339 2021 3466 2074 apo-

1885 2089 2042 2162 logis:
2072 2091 2371 2147 necessitas
2395 2101 2525 2148 tunc
2556 2093 2709 2147 erat?
2749 2094 2874 2160 Sed,
2905 2095 3118 2163 Opinor,
3148 2097 3370 2151 mentiri
3400 2115 3467 2151 ne

1885 2184 2074 2239 volens
2101 2184 2320 2256 quidem
2359 2186 2555 2256 potuit.
2603 2185 2784 2254 Quare
2829 2189 3021 2257 quavis
3059 2204 3118 2244 re
3153 2191 3334 2245 verius
3359 2203 3466 2256 est,

1890 2277 2032 2332 hanc
2059 2277 2326 2332 orationis
2376 2278 2606 2333 formam
2655 2279 2705 2334 ei
2736 2281 2803 2334 ad
2837 2282 3212 2352 decipiendum
3245 2285 3468 2354 excogi-

1891 2377 2062 2422 tatam
2086 2383 2228 2424 esse.
2261 2368 2368 2424 Sed
2411 2371 2478 2426 de
2507 2370 2594 2426 his
2635 2374 2918 2428 hactenus.
2953 2374 3082 2440 Qua:
3118 2391 3249 2431 vero
3278 2377 3466 2446 paulu-

1887 2459 2000 2514 lum
2048 2474 2368 2531 progressus
2416 2463 2644 2528 scribat,
2699 2466 3063 2522 considerate.
3099 2468 3285 2538 Neque
3313 2472 3466 2526 enim

1887 2550 2123 2606 fortasse
2151 2551 2342 2606 inutile
2382 2551 2549 2609 fuerit
2600 2564 2926 2628 anteaquam
2969 2559 3313 2615 confutemus
3351 2561 3468 2632 ejus

1889 2644 2249 2714 impietatem,
2291 2660 2460 2716 pauca
2493 2647 2559 2704 de
2586 2647 2728 2705 fastu
2774 2651 2945 2722 ipsius
2984 2651 3039 2707 in
3075 2653 3312 2708 medium
3341 2669 3470 2726 pro-

1888 2737 2052 2795 ferre.

1959 2921 2012 2976 '5.
2051 2919 2186 2975 Eun.
2222 2919 2364 2976 Ante
2405 2920 2588 2976 omnia
2621 2929 2803 2976 autem
2833 2937 3090 2993 rogamus
3129 2939 3250 2992 vos,
3287 2925 3378 2995 qui
3413 2935 3469 2980 et

1889 3025 2037 3065 nunc
2089 3012 2324 3066 audituri
2369 3012 2527 3076 estis,
2582 3024 2636 3068 et
2685 3016 3028 3082 postmodum
3057 3015 3275 3082 lecturi,
3303 3026 3361 3071 ut
3398 3035 3466 3073 ne

1891 3103 2069 3158 velitis
2097 3119 2163 3157 ex
2209 3104 2552 3161 multitudine
2600 3121 2790 3160 verum
2843 3123 2874 3161 a
2923 3107 3060 3162 falso
3111 3108 3466 3177 discernere,

1886 3196 2022 3264 parti
2048 3195 2241 3266 majori
2275 3197 2472 3251 tributa
2507 3197 2726 3268 palma;
2760 3212 2936 3268 neque
2975 3209 3157 3256 mente
3179 3204 3464 3268 caecutire,

1887 3375 2120 3448 stantino
2170 3373 2531 3448 [Constantio]
2585 3377 2724 3448 ;qui
2765 3392 2883 3430 cum
2938 3378 2995 3430 in
3033 3376 3277 3430 thronum
3321 3376 3468 3431 illim

1887 3447 2241 3509 ascendisset,
2273 3446 2478 3514 primus
2513 3446 2918 3500 celeberrimam
2956 3463 3132 3500 vocem
3164 3448 3359 3511 emisit,
3387 3450 3469 3499 di-

1887 3530 2008 3568 cens
2045 3531 2064 3569 :
2089 3514 2250 3569 Pater
2268 3526 2343 3569 est
2369 3516 2582 3584 impius,
2609 3516 2787 3570 Filius
2811 3517 2955 3585 pius,
2985 3517 3076 3569 ille
3106 3519 3316 3586 quidem
3345 3528 3467 3569 tau-

1885 3600 2045 3656 quam
2073 3586 2272 3639 nullius
2304 3586 2498 3656 cultor,
2529 3587 2613 3639 hic
2635 3603 2752 3641 vero
2780 3599 3030 3656 tanquam
3062 3588 3236 3639 cultor
3265 3586 3466 3641 Patris.

1886 3654 2013 3710 llarc
2039 3667 2218 3708 autem
2270 3655 2495 3710 Eudoxii
2537 3657 2807 3712 subtilitas
2838 3654 3004 3711 risum
3039 3657 3208 3710 movit
3239 3659 3465 3711 audien-

1886 3726 2052 3795 tibus,
2077 3735 2135 3778 ut
2155 3735 2346 3780 auctor
2372 3736 2456 3778 est
2483 3724 2817 3782 Sozomenus
2843 3729 2938 3782 lib.
2971 3742 3049 3790 tv,
3077 3742 3194 3795 cap.
3219 3726 3309 3781 ‘26.
3338 3727 3469 3780 Post

1883 3793 2036 3868 illud,
2069 3796 2150 3868 είς
2184 3795 2276 3849 τὸν
2306 3795 2494 3868 θρόνον
2529 3797 2717 3866 αὐτῆς,
2777 3797 3024 3868 sequitur
3064 3793 3166 3850 ι·οά
3221 3797 3468 3868 quaedam

1885 3867 1961 3920 ita
1985 3865 2208 3937 detrita,
2239 3876 2295 3919 ut
2321 3865 2439 3937 eam
2468 3865 2773 3937 legere'non
2802 3867 3094 3937 potuerim.

1959 3935 2069 4007 (74)
2101 3935 2194 3990 Vir
2229 3935 2630 3991 eruditissimus
2660 3935 2889 3991 Duczeus
2921 3952 2988 3990 ex
3029 3952 3128 3990 suo
3159 3935 3332 4006 Regio
3363 3951 3464 4007 co-

1886 4005 2027 4070 dic'e,
2051 4005 2150 4074 qui
2179 4015 2276 4077 est
2305 4013 2490 4077 noster
2520 4007 2653 4073 lleg.
2683 4010 2972 4066 secundus,
3011 4019 3132 4077 post
3159 4005 3347 4062 voucm
3379 4006 3466 4060 λο-

1884 4077 2165 4148 γογράφος
2186 4147 2194 4148 7
2217 4076 2672 4148 edendacnravit
2714 4078 2824 4141 illa,
2851 4076 3076 4148 ordiri);
3105 4077 3294 4130 τούτου
3334 4095 3468 4148 προ-

1889 4145 2115 4218 στασίας
2159 4145 2370 4218 ἱδρῦσαι
2401 4147 2462 4199 τὸ
2492 4145 2668 4218 δόγμα
2703 4145 3078 4218 ἐπειγομένου,
3117 4150 3277 4216 hujus
3309 4145 3468 4201 arta-t1-

1887 4217 1978 4280 lio,
2007 4222 2096 4287 qui
2118 4217 2308 4286 dog’ma
2337 4217 2572 4271 stabilire
2594 4220 2858 4272 studebat.
2881 4217 2987 4272 Sed
3016 4234 3136 4269 cum
3166 4220 3276 4272 haec
3305 4221 3465 4272 verba

1892 4303 2000 4357 non
2026 4290 2276 4357 lcgantur
2309 4300 2482 4354 neque
2512 4289 2563 4342 in
2612 4289 2834 4356 reliquis
2868 4301 2994 4341 mss.
3039 4302 3214 4356 neque
3247 4289 3300 4342 in
3332 4291 3463 4342 edit.

1887 4355 2049 4422 Ven.,
2080 4355 2140 4411 ea
2201 4372 2512 4426 expungere
2559 4374 2664 4412 non
2709 4355 3096 4411 dubitavimus.
3130 4355 3366 4412 {locatus
3409 4359 3464 4409 in

1887 4429 2000 4481 suis
2037 4428 2177 4480 nolis
2200 4428 2322 4496 jure
2354 4431 2634 4496 redarguit
2661 4429 2948 4496 quosdam,
2969 4443 2997 4480 a
3022 4427 3216 4494 quibus
3242 4428 3465 4482 Sardiea

211 4498 530 4565 Quanquam
565 4511 744 4554 autem
771 4517 964 4556 nomen
991 4503 1239 4567 Εὑδόξιος
1269 4520 1372 4558 non
1412 4497 1693 4558 invenitur
1727 4505 1778 4556 in

1889 4507 1940 4552 et
1969 4499 2188 4560 Sardes,
2213 4513 2336 4551 cum
2366 4497 2484 4550 duae
2519 4502 2626 4552 sint
2653 4501 2922 4563 civitates,
2953 4497 3356 4551 confunduntur
3385 4509 3466 4549 ta-

215 4571 451 4640 iisquos
499 4568 610 4623 dixi
662 4571 960 4640 codicibus,
1017 4575 1098 4627 bis
1133 4587 1310 4628 tamen
1372 4575 1424 4628 in
1477 4591 1570 4628 ora
1623 4573 1778 4640 Regii

213 4639 386 4705 quinti
421 4637 632 4708 legitur.
692 4639 846 4697 Facit
886 4637 1099 4710 quidem
1136 4654 1213 4698 tot
1259 4645 1507 4698 codicum
1539 4637 1784 4698 auctori-

215 4717 318 4773 tas,
363 4717 422 4760 ut
449 4711 534 4761 vix
587 4711 888 4765 existimem
922 4713 1220 4768 Endoxium
1255 4731 1284 4768 a
1318 4714 1513 4768 Basilio
1544 4713 1790 4768 nomina-

217 4788 325 4830 tum
359 4779 521 4832 fuisse
543 4797 568 4853 ι
597 4781 688 4853 sed
720 4782 870 4853 inihi_
888 4783 1105 4836 dubium
1157 4799 1265 4839 non
1300 4795 1401 4845 est.
1437 4785 1568 4853 quin
1615 4784 1682 4837 de
1722 4798 1788 4837 eo

213 4862 519 4926 sermonem
543 4849 817 4926 habuerit.
846 4851 1134 4926 Postquam
1167 4855 1311 4908 enim
1332 4849 1470 4908 duas
1493 4855 1666 4926 Syria:
1695 4869 1788 4908 ur-

217 4917 310 4971 bes
335 4917 733 4994 Germaniciani
761 4931 823 4994 et
843 4917 1186 4978 Antiochiam
1211 4926 1514 4994 occupavit,
1536 4917 1660 4977 'tum
1695 4927 1784 4978 de-

215 5003 361 5040 mum
411 4989 476 5041 ad
533 4992 716 5044 sedem
784 4989 1432 5056 Constantinopolitanam
1493 4989 1786 5048 translatus

215 5067 315 5110 est.
334 5059 477 5125 Lege
506 5057 783 5131 Sgcratem
819 5064 914 5115 lib.
944 5078 1004 5128 ιι,
1029 5079 1149 5131 cap~
1176 5065 1242 5116 57
1264 5075 1319 5117 et
1345 5065 1436 5118 45.
1475 5064 1573 5118 ilic
1600 5077 1781 5118 notam

216 5131 504 5206 quamdam
538 5127 687 5199 Regii
728 5132 902 5206 quinti
953 5127 1223 5188 ascribere
1277 5151 1380 5188 non
1431 5134 1651 5206 pigebit.
1705 5134 1780 5206 l_ta

215 5198 392 5274 igitur
434 5198 759 5274 legere’est:
794 5202 1380 5274 i_n__eXtreutapagina
1431 5198 1446 5260 Ξ
1491 5198 1661 5268 Οὗτος
1713 5199 1784 5274 ἦν

219 5268 318 5340 μέν
352 5268 674 5340 ἶᾼντιοχεὺς,
725 5269 992 5335 διεδέξατο
1032 5272 1090 5324 δὲ
1127 5268 1217 5325 τὸν
1261 5268 1619 5340 Μακεδόνων,
1668 5268 1782 5328 ἀντ’

215 5338 381 5410 αύτοῦ
402 5343 554 5410 παρά
585 5343 991 5395 Κωνσταντίνου
1034 5343 1329 5407 ἐπίσκοπος
1372 5338 1782 5398 Κωνσταντίνου

213 5408 424 5486 πόλεως
457 5408 946 5486 ἀποκαταστήσας·
979 5413 1038 5475 ὃς
1061 5415 1139 5477 εἰς
1185 5415 1278 5467 τὸν
1322 5415 1510 5486 θρόνον
1542 5416 1779 5484 αὐτῆς...

213 5480 449 5556 πρῶξος,
480 5480 579 5556 τὴν
624 5480 1055 5556 τὲφλυθίρύλλητον
1105 5486 1280 5556 ἀφῆκε
1320 5480 1526 5555 φὶυνὴνν
1567 5480 1780 5556 φὴάαςο

220 5550 506 5626 Πατὴρ
533 5550 960 5626 aoe6ﬁ;,1‘ib;'
988 5550 1231 5625 εὐσεϐὴς,
1268 5559 1296 5608 ὁ
1330 5550 1425 5625 μὲν
1461 5550 1538 5618 ῶς
1580 5550 1782 5626 μῄδένα

209 5621 371 5696 δῆθεν
414 5621 725 5696 σεϐόμενος,
768 5625 796 5675 ὁ
840 5625 896 5676 δὲ
919 5625 993 5686 ὡς
1048 5621 1350 5696 σεϐόμενος,
1397 5628 1488 5678 τὸν
1537 5621 1778 5695 Πατέρα.

215 5693 317 5745 Hic
338 5706 448 5746 erat
473 5695 844 5757 Antiocheuus,
864 5698 1112 5748 successit
1131 5693 1245 5749 vero
1278 5695 1589 5749 Macedonio
1619 5712 1636 5748 :
1669 5693 1779 5748 loco

212 5763 355 5817 illius
386 5768 696 5818 constitutus
727 5765 998 5822 cpisconus
1047 5764 1532 5820 Coustuutiuovolts
1565 5785 1595 5820 a
1637 5766 1778 5820 Cou-

1893 4584 2038 4632 nien,
2068 4577 2121 4621 et
2151 4569 2406 4638 oppidum
2448 4583 2609 4621 unum
2665 4569 2992 4638 eiliciuntur.
3039 4567 3266 4620 Sardica
3301 4568 3466 4638 igitur

1890 4639 2018 4693 urbs
2043 4647 2124 4692 est
2154 4636 2400 4691 Thracia:
2433 4639 2827 4692 mediterranea
2873 4655 2886 4691 :
2930 4636 3128 4691 Sardes
3165 4636 3341 4703 verof
3365 4653 3462 4692 seu

1891 4705 2097 4778 Sardis,
2125 4707 2308 4778 Lydiae
2341 4719 2423 4762 est
2451 4709 2599 4768 urbs,
2633 4711 2698 4762 ad
2741 4709 2880 4760 latus
2910 4706 3083 4761 Tmoli
3117 4709 3314 4762 montis
3338 4708 3464 4762 sita.

1888 4777 2048 4830 Plura
2069 4777 2346 4846 qui'volet,
2381 4788 2560 4831 notam
2587 4779 2683 4831 viri
2715 4778 3012 4832 doctissimi
3033 4779 3212 4846 legere
3245 4778 3463 4846 poterit.

1888 4848 2243 4910 Theosebius,
2282 4861 2340 4901 nt
2368 4849 2435 4902 de
2471 4863 2535 4901 eo
2561 4863 2777 4917 quoque
2812 4847 3014 4917 aliquid
3047 4850 3311 4910 dicamus,
3343 4863 3465 4903 suc-

1888 4929 2127 4972 cesserat
2183 4919 2487 4981 lleortasio,
2515 4921 2607 4987 qui
2645 4920 2786 4986 apud
2819 4918 3181 4971 Sozomenum
3239 4917 3333 4972 lib.
3387 4933 3462 4980 tv,

1887 5003 2007 5055 i-ap.
2084 4989 2178 5053 ‘24,
2243 4991 2295 5041 in
2358 4990 2588 5042 concilio
2663 4988 3258 5056 Constantinopolitano
3333 4988 3463 5042 anni

1885 5057 1990 5112 560
2023 5059 2296 5125 depositus
2333 5057 2500 5112 fuisse
2539 5059 2760 5112 dicitur.

1957 5128 2070 5198 (75‘)
2099 5131 2232 5197 lleg.
2267 5131 2457 5199 tertius
2478 5127 2572 5191 οὓς
2596 5131 2653 5181 ἐν
2688 5127 2894 5199 κύκλῳ.

1957 5196 2069 5270 (76)
2109 5196 2284 5270 Editio
2307 5197 2478 5270 Paris.
2514 5209 2568 5252 et
2603 5200 2736 5270 Beg.
2768 5196 3041 5270 secundus
3066 5197 3200 5269 πρὸς
3225 5197 3324 5270 τὴν
3353 5196 3466 5252 τῶν

1885 5268 2268 5338 ἁπλουστέρων
2294 5267 2530 5337 ἀπάτην,
2583 5270 2652 5322 ad
2693 5267 3054 5337 'simpliciorcs
3105 5267 3459 5336 accipiendos.

1885 5341 2063 5392 Editio
2106 5341 2232 5392 Ven.
2264 5350 2319 5390 et
2349 5339 2538 5406 reliqui
2568 5353 2663 5392 sex
2697 5355 2827 5394 mss.
2861 5339 3181 5406 simpliciter
3210 5339 3346 5409 πρὸς
3361 5340 3463 5408 τὴν

1883 5411 2119 5480 ἀπάτην,
2155 5410 2304 5480 Quod
2331 5410 2564 5463 diximus
2617 5410 2896 5477 aliquanto
2943 5419 3086 5480 ante,
3127 5424 3324 5480 nomen
3357 5409 3462 5461 Εὑ-

1883 5479 2061 5543 δόξιος
2094 5482 2142 5530 in
2179 5479 2312 5541 lica.
2360 5480 2598 5533 secundo
2645 5481 2884 5533 additum
2922 5479 3108 5541 luisse,
3135 5479 3184 5531 id
3227 5480 3292 5532 de
3347 5480 3457 5541 illo,

1884 5551 1993 5602 τῶν
2017 5549 2419 5619 ἁπλουστέρων,
2463 5549 2567 5602 dici
2611 5563 2768 5616 posse
2809 5550 3160 5619 arbitrantur.
3186 5548 3305 5602 Mox
3329 5553 3457 5602 editi

1883 5622 1977 5672 ἐπὶ
2004 5618 2302 5672 τοσοῦτον(
2333 5619 2476 5670 Libri
2532 5633 2742 5672 veteres
2779 5621 2858 5680 εἰς
2892 5618 3166 5671 τοσοῦτον.
3223 5621 3335 5672 [\ec
3385 5622 3457 5672 ita

1887 5693 2054 5745 multo
2093 5691 2228 5742 intra
2269 5690 2436 5760 editio
2471 5700 2651 5744 nostra
2689 5690 2928 5752 καὶτοὺς
2961 5687 3207 5758 ὓστερον.
3235 5691 3458 5760 Antiqui

1885 5764 1989 5816 duo
2019 5762 2138 5815 libri
2171 5763 2248 5823 εἰς
2279 5759 2523 5828 ὕστερον,
