3836 6222
382 318 491 372 5οΊ

1725 334 1782 387 S.
1823 334 2073 392 BASlLll
2116 338 2256 394 MAG
2267 339 2335 394 Nl

3534 357 3652 411 508

391 433 712 502 dignitatum
747 435 931 491 habita
984 449 1238 508 ratione;
1285 459 1459 514 neque
1501 464 1660 505 aures
1703 453 1938 509 obturan

2065 474 2162 518 τας
2190 458 2338 528 (77)°
2391 460 2526 531 μήτε
2580 461 2686 532 μὴν
2735 463 3008 535 ἀξιώμασι
3045 465 3405 538 προσέχοντας
3455 472 3652 541 ἀμαυ⁶

389 525 804 592 posterioribus,
828 529 1069 598 priorum
1103 535 1303 603 agmini
1345 551 1602 595 concessa
1637 543 1887 599 victoria.

455 827 582 882 Bas.
608 830 746 896 Quid
773 831 940 908 dicis?
976 835 1287 896 Palmamne
1311 841 1499 897 demus
1521 845 1960 915 antiquioribus?

385 934 454 972 ne
487 936 832 977 revereamur
859 926 1257 983 multitudinem
1291 932 1750 1000 Christianorum,
1786 953 1959 1006 neque

384 1028 572 1067 eorum
602 1015 692 1083 qui
734 1033 874 1071 nunc
913 1029 1068 1084 sunt,
1102 1035 1276 1090 neque
1320 1039 1506 1078 eorum
1565 1027 1657 1095 qui
1715 1027 1956 1093 fuerunt,

385 1118 452 1157 ex
491 1119 596 1172 quo
627 1107 974 1174 praedicatum
1008 1119 1090 1163 est
1113 1110 1512 1181 Evangelium?
1543 1132 1609 1168 ne
1647 1127 1956 1186 reputemus

292 1241 302 1258 ,
386 1195 704 1264 dignitatem
756 1213 966 1264 eorum,
1001 1202 1094 1271 qui
1150 1204 1304 1258 donis
1355 1206 1729 1274 spiritualibus
1779 1207 1960 1274 cujus-

384 1303 596 1358 cunque
625 1295 840 1360 generis
876 1292 1208 1360 claruerunt,
1253 1298 1451 1366 quibus
1493 1299 1743 1353 omnibus
1772 1300 1957 1354 inimi-

383 1394 500 1431 cam
535 1389 586 1433 et
612 1382 894 1437 adversam
922 1386 1062 1440 lianc
1096 1387 1236 1441 viam
1267 1388 1558 1458 impietatis
1577 1405 1766 1446 recens
1795 1405 1956 1446 exco-

383 1469 564 1536 gitasti
603 1489 618 1529 :
647 1474 741 1527 sed
767 1475 963 1529 clausis
997 1493 1220 1546 prorsus
1245 1479 1441 1534 anima:
1475 1480 1670 1544 oculis,
1701 1489 1753 1536 el
1779 1483 1953 1536 sancti

381 1561 673 1628 cujuslibet
725 1564 825 1618 viri
883 1567 1144 1621 memoria
1191 1568 1349 1638 211
1394 1585 1424 1624 e
1471 1581 1653 1624 mente
1702 1573 1951 1641 depulsa,

381 1655 750 1724 unusquisque
782 1671 876 1709 cor
902 1667 1145 1712 nostrum
1175 1652 1404 1714 otiosum
1437 1676 1499 1714 ac
1528 1670 1809 1732 purgatum
1864 1679 1954 1718 ca-

377 1744 651 1812 ptionibus
671 1763 732 1800 ac
764 1748 1109 1817 sophismatis
1131 1752 1236 1806 tuis
1254 1752 1580 1807 subdamus?
1609 1753 1798 1823 Magna
1827 1770 1949 1824 pro-

382 1837 524 1890 fecto
559 1838 695 1890 foret
724 1849 812 1892 tua
851 1843 1116 1908 potentia,
1152 1842 1195 1895 si
1224 1859 1341 1911 qua:
1376 1843 1656 1910 multiplici
1698 1861 1796 1899 suo
1827 1845 1953 1899 arti-

381 1928 501 1982 licio
532 1930 775 1983 diabolus
798 1943 1124 1986 consecutus
1158 1949 1262 1986 non
1291 1943 1393 1996 est,
1427 1949 1489 1988 ea
1521 1935 1612 1987 tibi
1639 1936 1755 1989 solo
1784 1937 1952 2004 impe-

379 2023 460 2073 rio
486 2024 697 2088 assequi
723 2026 1061 2092 contingeret
1090 2044 1102 2078 :
1130 2026 1174 2077 si
1206 2025 1458 2079 videlicet
1483 2042 1741 2095 persuasu
1777 2043 1842 2081 ac
1872 2029 1951 2080 in-

377 2112 539 2165 doctu
577 2124 666 2166 tuo
714 2115 1058 2168 traditionem
1099 2133 1220 2184 quae
1266 2132 1361 2185 per
1407 2119 1740 2186 prmteritum
1788 2134 1950 2174 omne

380 2213 588 2272 tempus
621 2207 760 2273 apud
792 2216 867 2258 tot
887 2215 1102 2260 sanctos
1126 2207 1378 2273 obtinuit,
1400 2207 1562 2276 impio
1593 2219 1776 2263 vestro
1810 2225 1953 2264 com-

380 2309 562 2350 mento
602 2307 1071 2366 postponeremus.
1116 2297 1252 2353 Huic
1299 2310 1479 2354 autem
1521 2301 1653 2354 satis
1703 2318 1807 2354 non
1843 2312 1946 2365 est,

376 2402 564 2441 eorum
588 2389 952 2456 duntaxatqui
979 2403 1120 2442 nunc
1152 2389 1376 2443 audiunt
1409 2389 1645 2443 animoin
1683 2405 1943 2458 avocare;

374 2480 468 2531 sed
518 2479 753 2546 postulat
784 2481 971 2542 etiam,
1006 2491 1063 2532 nt
1114 2481 1148 2533 ii
1194 2483 1282 2549 qui
1315 2481 1565 2549 deinceps
1611 2483 1844 2535 libellum
1877 2484 1949 2537 le-

376 2569 516 2620 cturi
575 2577 716 2630 sntit,
762 2569 998 2622 habeant
1033 2579 1265 2622 mentem
1300 2573 1569 2624 eamdem.
1609 2572 1652 2626 Ο
1709 2574 1942 2626 fastum!

377 2670 567 2725 putare
596 2658 790 2711 librum
822 2661 921 2712 sibi
955 2661 1114 2714 etiam
1168 2662 1220 2715 in
1267 2673 1540 2732 posterum
1597 2665 1942 2731 superstitem

374 2751 510 2814 fore,
559 2765 613 2806 et
665 2753 978 2805 memoriam
1009 2769 1159 2804 suam
1199 2769 1468 2822 nunquam
1517 2755 1832 2823 perituram.
1882 2755 1948 2810 Et

375 2859 514 2897 nunc
545 2846 761 2912 quidem
795 2854 1074 2912 tantopere
1107 2845 1422 2899 intumescit
1477 2845 1568 2913 qui
1619 2845 1776 2913 paulo
1825 2854 1947 2913 post

375 2936 515 3003 apud
542 2935 816 2989 auditores
852 2935 1076 3003 ioculari
1107 2939 1337 3004 quadam
1379 2937 1724 2991 simulatione
1753 2938 1942 3003 utitur,

371 3026 523 3095 quasi
557 3028 750 3080 fastum
775 3043 989 3089 omnem
1020 3028 1314 3097 negligens,
1343 3027 1549 3098 sicque
1605 3044 1742 3097 quos
1789 3029 1947 3083 ﬁnxit

367 3119 577 3188 judices
601 3121 896 3188 alloquens.
949 3137 967 3159 ο

441 3453 574 3508 Eun.
608 3453 688 3505 Ad
737 3453 871 3518 haec,
922 3466 1096 3521 neque
1137 3452 1292 3506 nobis
1329 3454 1716 3519 succenseatis,
1761 3456 1802 3509 si
1838 3456 1943 3510 ras-

373 3553 484 3598 tum
509 3546 839 3616 negligentes
870 3561 932 3599 ac
966 3546 1238 3606 timorem,
1275 3547 1569 3615 gratiwque
1615 3549 1864 3615 prmsenti
1889 3557 1944 3602 et

371 3639 650 3692 securitati
691 3637 1038 3706 prmferentes
1068 3639 1422 3691 securitatem
1459 3640 1525 3691 ad
1572 3639 1752 3694 futura
1814 3641 1943 3694 atti-

367 3738 607 3794 nentem,
643 3739 803 3796 atque
843 3728 1137 3780 intentatas
1169 3728 1350 3797 impiis
1377 3729 1548 3782 minas
1579 3731 1750 3798 magis
1778 3745 1938 3798 quam

391 3835 635 3874 errenam
665 3835 878 3874 omnem
912 3820 1255 3874 alllictionem
1301 3836 1364 3874 ac
1397 3831 1623 3874 mortem
1664 3831 1937 3890 tempora-

374 3927 470 3967 .em
500 3914 813 3966 metuendas
842 3927 961 3966 esse
987 3913 1257 3977 arbitrati,
1283 3913 1566 3968 veritatem
1597 3914 1797 3968 nudam
1823 3917 1940 3969 abs-

366 4019 471 4073 que
493 4005 598 4060 ullo
620 4005 884 4060 velamine
913 4019 1269 4075 exponamus.

435 4205 557 4260 Bas.
589 4206 758 4272 Quam
783 4207 1050 4274 superbia:
1078 4205 1586 4260 immnderationem
1639 4207 1755 4261 hinc
1809 4221 1936 4260 ver-

362 4297 550 4351 borum
580 4315 770 4368 pompa
803 4314 906 4351 non
936 4299 1184 4351 excedit?
1212 4298 1349 4364 Quin
1376 4297 1744 4351 adestcavillo
1769 4299 1932 4350 etiam

361 4391 685 4444 contumelia
741 4391 792 4443 in
823 4391 1070 4456 iudices:
1138 4391 1428 4458 siquidem,
1461 4399 1751 4458 propterea
1787 4390 1934 4458 quod

361 4482 499 4534 bona
537 4496 676 4549 aegre
735 4480 932 4544 ferant,
971 4482 1058 4534 vix
1120 4491 1340 4551 possunt
1393 4483 1527 4551 quin
1575 4491 1934 4536 succenseant

2066 547 2290 631 ρούσθαι
2327 549 2426 620 τὴν
2471 550 2729 616 διάνοιαν,
2775 553 2808 624 ἢ
2869 558 2934 626 τῇ
2985 556 3132 620 τάξει
3181 559 3289 611 τῶν
3318 560 3651 631 ’προλαϐόν-

2061 629 2168 693 των
2196 641 2256 694 τὸ
2290 642 2450 696 πλέον
2481 639 2761 720 νέμοντάς,
2801 649 3169 720 ἀποφράττειν
3197 653 3295 716 τὰς
3323 655 3492 718 ἀκοὰς
3527 659 3650 718 τοῖς

2064 734 2331 804 ὑστέροις.
2731 749 2736 752 “

2132 847 2278 901 ΒΑΣ.
2313 849 2377 901 Τί
2410 850 2616 920 λέγεις;
2651 853 2742 923 Μὴ
2775 855 3049 925 νείμωμεν
3076 857 3136 910 τὸ
3164 858 3322 911 πλέον
3356 856 3468 924 τοῖς
3507 881 3646 933 προ-

2060 937 2326 1006 λαϐοῦσις
2379 943 2452 1012 μὴ
2511 945 2846 1016 αίδεσθῶμεν
2897 948 2958 1000 τὸ
3014 948 3216 1018 πλῆθος
3269 952 3377 1006 τῶν
3423 971 3488 1006 τε
3541 955 3644 1009 νῦν

2058 1030 2226 1084 ὄντων
2263 1034 2622 1102 Χριστιανῶν,
2668 1039 2761 1092 καί
2805 1039 2912 1091 τῶν
2954 1040 3066 1092 ὅσοι
3106 1041 3389 1110 γεγόνασιν
3444 1047 3544 1115 ἀφ’
3575 1041 3641 1100 οὗ

2060 1123 2369 1194 κατηγγέλη
2419 1124 2479 1177 τδ
2518 1126 2880 1195 Εύαγγέλιον;
2924 1127 2998 1202 μὴ
3031 1131 3370 1204 λογισώμεθα
3415 1132 3477 1189 το
3523 1136 3644 1202 ἀξί-

2057 1228 2183 1282 ωμα
2213 1213 2318 1266 τῶν
2347 1217 2404 1266 ἐν
2441 1217 2710 1281 παντοίοις
2737 1221 3037 1291 χαρίσμασι
3071 1225 3433 1291 διαφανέντων
3473 1246 3644 1280 πνευ-

2061 1308 2328 1374 ματικοῖς,
2355 1303 2436 1370 οἷς
2481 1309 2680 1363 ἅπασιν
2710 1313 2908 1384 ἐχθράν
2945 1313 3039 1367 καὶ
3086 1316 3347 1386 πολεμίαν
3391 1319 3493 1390 τὴν
3541 1337 3644 1372 πο-

2055 1398 2226 1470 νηρὰν
2276 1400 2392 1455 ὁδὸν
2446 1401 2649 1472 ταύτην
2696 1406 2796 1474 τῆς
2857 1407 3109 1473 ἀσεϐείας
3163 1409 3641 1481 ἐκαινοτόμησαςς

2056 1488 2191 1542 ἀλλά
2233 1491 2499 1561 μύσαντες
2533 1493 2868 1560 ἁπαξαπλῶς
2912 1499 3039 1562 τοὺς
3084 1499 3181 1568 τῆς
3227 1501 3402 1571 ψυχῆς
3432 1502 3645 1570 ὀφθαλὲ

2059 1579 2210 1648 μοὺς,
2254 1582 2345 1634 καὶ
2379 1584 2578 1646 παντὸς
2612 1585 2766 1653 ἁγίου
2807 1589 3027 1658 μνήμην
3058 1589 3158 1658 τῆς
3197 1590 3432 1655 διανοίας
3462 1593 3645 1661 ὑπερ-

2054 1671 2354 1742 ορίσαντες,
2400 1675 2764 1746 σχολάζουσαν
2794 1679 2888 1732 καὶ
2934 1676 3320 1753 σε-σαρωμένην
3364 1684 3462 1752 τὴν
3509 1686 3645 1737 ἐαυ-

1983 1794 2026 1852 B
2053 1762 2146 1814 τοῦ
2192 1765 2416 1836 καρδίαν
2445 1766 2674 1832 ἕκαστος
2705 1767 2823 1833 ταῖς
2868 1776 3224 1842 παραγωγαῖς
3255 1791 3348 1826 σου
3390 1771 3487 1828 καὶ
3521 1777 3643 1840 τοῖς

2054 1853 2350 1924 σοφίσμασι
2398 1858 2652 1929 φέροντες
2705 1861 3024 1933 ὑποθῶμεν;
3083 1866 3337 1936 Μεγάλης
3392 1868 3539 1936 μέντ’
3569 1868 3638 1923 ἂν

2051 1945 2169 2015 εἴης
2201 1947 2300 2016 τῆς
2342 1948 2655 2016 δυναστείας
2708 1954 3130 2026 ἐπειλημμένος,
3182 1959 3338 2028 εἴπερ
3385 1951 3457 2010 ὧν
3511 1961 3638 2020 ταῖς

2051 2037 2322 2101 ποικίλαις
2382 2042 2575 2094 ἐαυτοῦ
2639 2044 2939 2114 μεθοόείαις
3008 2047 3036 2098 ό
3089 2047 3330 2113 διάϐολος
3385 2051 3484 2102 οὐκ
3532 2051 3632 2101 ἐπ·-

2051 2130 2230 2202 έτυχε,
2265 2132 2467 2187 τούτων
2518 2153 2597 2188 σοι
2624 2143 2805 2209 τυχεῖν
2833 2139 2893 2204 ἐξ
2918 2143 3286 2210 ἐπιτάγματος
3310 2143 3630 2213 περιέσταιο

2050 2224 2146 2276 ἐάν
2191 2241 2315 2295 περ,
2353 2227 2664 2293 πεισθέντες
2718 2247 2817 2296 σοι,
2861 2230 2957 2302 τὴν
3005 2233 3062 2285 ἐν
3097 2235 3260 2287 παντὶ
3303 2234 3382 2304 τῷ
3429 2236 3636 2306 παρελ-

2050 2315 2194 2367 θόντι
2255 2317 2429 2389 χρόνῳ
2488 2319 2591 2372 ὑπὸ
2657 2321 2923 2376 τοσούτων
2986 2325 3156 2393 ἁγίων
3223 2331 3632 2397 κεκρατηκυίαν

2048 2406 2345 2475 παράδοσιν
2389 2410 2715 2483 ἀτιμοτέραν
2754 2413 2862 2486 (78)
2898 2417 3170 2487 κρίνωμεν
3209 2420 3306 2488 τῆς
3336 2419 3632 2482 δυσσεϐοῦς

2049 2497 2203 2566 ὑμῶν
2235 2501 2494 2564 ἐπινοίας.
2523 2501 2612 2572 Τῷ
2645 2503 2700 2556 δὲ
2749 2506 2848 2557 οὐκ
2900 2501 3118 2577 ἐξᾶρκεῐ
3165 2510 3323 2578 μόνον
3375 2510 3482 2561 τῶν
3536 2510 3631 2562 νῦν

2049 2589 2351 2642 ἀκουόντων
2389 2592 2515 2654 τοὺς
2551 2593 2843 2665 λογισμοὺς
2877 2597 3185 2664 ὑφελέσθαι,
3217 2599 3329 2651 ἀλλ’
3357 2599 3503 2663 ἀξιοῖ
3537 2601 3633 2652 καὶ

2047 2681 2172 2744 τοὺς
2203 2681 2425 2753 ὕστερόν
2461 2699 2589 2738 ποτε
2627 2689 3014 2755 συνεσομένους
3046 2679 3121 2760 τῷ
3163 2689 3304 2760 λόγῳ
3328 2692 3426 2761 τὴν
3459 2691 3632 2760 αὐτὴν

2049 2769 2192 2840 ἔχειν
2221 2771 2467 2844 γνώμην.
2497 2776 2560 2827 Ὢ
2599 2779 2696 2846 τῆς
2729 2778 3078 2843 ἀλαζονείαςί
3111 2780 3171 2832 τὸ
3202 2781 3295 2833 καὶ⁵
3346 2784 3425 2844 είς
3472 2781 3634 2834 ὓστε-

2051 2878 2141 2933 ρον
2176 2864 2285 2935 (79)
2311 2865 2516 2918 οἴεσθαι
2552 2867 2700 2937 αὐτῴ
2722 2869 3025 2940 διαρκέσειν
3043 2872 3132 2923 τὸν
3167 2872 3341 2940 λόγον,
3371 2874 3464 2927 καὶ
3499 2874 3635 2928 ἀθά-

2048 2971 2204 3008 νατον
2232 2959 2308 3020 εἰς
2345 2957 2433 3010 τὸν
2464 2960 2682 3012 ἐπιόντα
2718 2963 2906 3031 χρόνον
2937 2965 3032 3032 τὴν
3068 2966 3286 3035 μνήμην
3321 2966 3483 3018 αὑτοῦ
3528 2983 3631 3035 φε-

2049 3045 2435 3118 λαχθήσεσθαι.
2464 3053 2574 3103 Καὶ
2613 3053 2784 3104 ταῦτα
2822 3053 2914 3106 νῦν
2950 3056 3414 3120 ἁπαυθαδιάζεται
3439 3063 3466 3112 ό
3513 3059 3630 3129 μετ’

1974 3149 2015 3203 C
2049 3139 2204 3208 ὀλίγα
2250 3142 2386 3212 πρὸς
2431 3142 2576 3207 τοὺς
2615 3145 2999 3215 ἀκροωμένους
3041 3147 3505 3220 διαθρυπτόμενος
3553 3153 3632 3219 ὡς

2051 3229 2218 3298 τύφου
2257 3231 2453 3296 παντὸς
2481 3235 2718 3304 ἀμελῶν,
2743 3237 2944 3289 οὑτωσὶ
2977 3238 3148 3307 λέγων
3177 3244 3289 3304 τοίς
3322 3244 3380 3294 ἐν
3405 3244 3480 3313 τῷ
3510 3244 3634 3316 δρά-

2054 3339 2183 3390 ματι
2217 3323 2516 3389 δικασταῖς.

2120 3438 2280 3493 ΕΥΝ.
2312 3440 2454 3508 Πρὸς
2485 3440 2542 3492 δὲ
2570 3441 2781 3506 τούτοις
2808 3442 2942 3512 μηδὲ
2985 3445 3116 3514 ἡμῖν
3144 3445 3512 3514 χαλεπαίνειν,
3545 3451 3628 3512 εί,

2047 3528 2217 3595 τύφου
2257 3531 2352 3600 μὲν
2396 3531 2768 3600 ἀμελήσαντες
2798 3534 2891 3586 καὶ
2933 3535 3119 3602 φόϐου,
3165 3537 3265 3605 τῆς
3311 3539 3368 3590 δέ
3414 3557 3628 3610 παραυ-

2047 3621 2177 3675 τίκα
2214 3622 2437 3695 χάριτος
2471 3624 2562 3676 καὶ
2608 3625 2906 3693 ἀσφαλείας
2937 3626 3036 3696 τὴν
3071 3628 3209 3699 ὑπὲρ
3247 3630 3353 3681 τῶν
3405 3631 3629 3700 μελλόν-

2047 3730 2154 3767 των
2179 3715 2359 3769 ἄδειαν
2401 3719 2854 3787 προτιμήσαντες,
2891 3719 2985 3770 καὶ
3027 3720 3205 3789 πάσης
3233 3723 3479 3789 ἐπιγείου
3525 3742 3627 3778 και

2049 3804 2344 3867 κοπαθείας
2390 3805 2620 3858 θανάτου
2649 3822 2708 3858 τε
2749 3809 3083 3881 προσκαίρου
3121 3811 3502 3883 φοϐερωτέραν
3530 3815 3628 3885 τὴν

2047 3895 2188 3948 κατά
2233 3897 2340 3947 τῶν
2371 3894 2921 3969 ἀσεϐῶνὼρισμένην
2963 3900 3190 3970 ἀπειλὴν
3234 3899 3372 3954 εἶναι
3407 3905 3630 3973 κρίναν-

2046 4003 2161 4048 τες,
2194 3987 2392 4051 παντὸς
2439 3987 2886 4058 ἐπικαλύμματος
2926 3991 3136 4061 γυμνὴν
3169 3991 3491 4061 ἐκτιθέμεθα
3527 3995 3627 4065 τὴν

2045 4077 2322 4148 ἀλήθειαν.

2115 4190 2260 4244 ΒΑΣ.
2296 4193 2463 4254 Ποίας
2513 4191 2824 4258 ἀλαζονείας
2869 4193 3171 4265 ὑπερϐολὴν
3199 4195 3228 4245 ὁ
3272 4194 3485 4264 mittito;
3537 4191 3628 4248 οὗ-

2043 4297 2131 4342 τος
2178 4281 2282 4334 τῶν
2331 4283 2502 4350 λόγων
2553 4286 2650 4354 οὐχ
2701 4287 3028 4358 ὑπεραίρει;
3078 4286 3188 4338 Καὶ
3238 4287 3504 4355 πρόσεστι
3557 4291 3622 4357 τῇ

2041 4375 2291 4444 εἰρωνείᾳ
2321 4377 2414 4427 καὶ
2444 4375 2600 4446 ὕϐρις
2634 4377 2775 4430 κατὰ
2809 4376 2915 4430 τῶν
2958 4377 3288 4440 δικαζόντων
3308 4394 3322 4406 ο
3353 4377 3512 4448 εἴπερ
3547 4379 3624 4447 τῷ

2041 4463 2176 4534 πρὸς
2208 4465 2275 4517 τὰ
2303 4465 2444 4518 καλὰ
2482 4467 2756 4537 δυσχερῶς
2797 4467 2939 4537 ἔχειν
2975 4467 3126 4536 μόλις
3170 4469 3494 4537 κατέχονται
3524 4487 3624 4538 χα-

361 4573 501 4637 viro,
536 4574 626 4641 qui
662 4574 880 4644 negligit
908 4575 1102 4627 fastum
1122 4591 1186 4628 ac
1219 4584 1523 4640 tumorem;
1555 4574 1644 4642 qui
1679 4583 1932 4641 spectan-

2053 4558 2378 4620 ιεπαίνοντες
2400 4558 2686 4628 ἀμελοῦντι
2715 4559 2812 4628 μὲν
2847 4559 3136 4622 αὐθαδείας
3159 4560 3252 4612 καὶ
3277 4559 3450 4627 τύφου
3483 4560 3617 4626 (30),

363 4671 472 4715 tem
519 4663 584 4716 ad
621 4661 796 4716 futura
828 4663 1169 4717 securitatem
1210 4663 1461 4730 praesenti
1505 4676 1614 4715 sure
1648 4662 1930 4715 securitati

359 4751 670 4819 anteponit;
703 4752 794 4820 qui
821 4751 1055 4805 futurum
1081 4751 1400 4819 supplicium
1440 4761 1611 4805 morte
1639 4751 1928 4818 temporali

359 4843 672 4898 horribilius
707 4844 931 4911 judicat.
967 4842 1107 4909 Quid
1158 4852 1333 4896 autem
1369 4843 1476 4897 hoc
1496 4844 1598 4896 sibi
1635 4842 1795 4895 vult?
1829 4841 1926 4908 Ne,

357 4935 478 5001 viri,
510 4936 873 4991 succenseatis
917 4935 1067 5000 mihi,
1109 4935 1200 5004 qui
1229 4935 1294 4988 ad
1333 4935 1507 5003 ipsum
1544 4934 1767 4988 virtutis
1794 4933 1909 5003 api-

423 5178 535 5255 (77)
572 5183 703 5250 Reg.
735 5185 924 5239 tertius
955 5186 1314 5255 συνάψαντας.

416 5254 533 5323 ’(78)
576 5255 704 5328 lieg.
729 5267 952 5328 quartus
978 5254 1254 5327 κρινοῖμεν
1297 5276 1308 5310 :
1337 5272 1442 5324 quo
1469 5256 1523 5310 in
1571 5259 1758 5313 codice
1783 5257 1915 5328 legi~

349 5331 438 5376 tur
465 5325 676 5397 quidem
704 5327 981 5394 περινοίας
1017 5325 1029 5379 ἑ
1059 5325 1242 5380 εθιιίιιι
1270 5337 1471 5391 tamen,
1504 5338 1562 5381 nt
1595 5343 1718 5381 vera
1747 5325 1914 5397 lectio

350 5393 591 5455 ἐπινοίας
627 5397 678 5446 in
703 5393 794 5449 ora
824 5397 944 5448 libri
976 5398 1154 5449 addita
1188 5398 1276 5450 sit.

349 5533 371 5548 η
418 5465 528 5531 (79)
576 5464 717 5519 Editi
773 5466 869 5518 καὶ
902 5465 1146 5538 ὕστερον.
1203 5468 1428 5523 Codices
1475 5481 1580 5521 non
1617 5469 1772 5536 pauci
1834 5469 1914 5531 εἰς

348 5550 585 5600 υστερον.

417 5603 528 5672 (80)
563 5603 759 5658 Horum
814 5606 1102 5661 verborum
1151 5621 1210 5660 ea
1245 5615 1328 5661 est
1368 5607 1632 5662 sententia
1667 5623 1679 5658 :
1729 5606 1910 5661 Euno-

347 5675 486 5726 mius
509 5675 563 5724 in
595 5689 720 5729 suos
744 5675 953 5742 indices
978 5679 1399 5731 contumeliosus
1427 5688 1533 5738 est.
1568 5692 1688 5730 cum
1721 5679 1786 5730 de
1826 5681 1905 5732 eis

345 5745 419 5796 ita
451 5742 694 5806 loquatur
728 5747 878 5808 quasi
906 5761 994 5800 res
1028 5747 1323 5804 laudandus
1350 5747 1530 5803 animo
1557 5746 1739 5808 iniquo
1763 5746 1904 5804 ferre

2031 4655 2129 4721 τῆς
2170 4652 2226 4704 δὲ
2254 4654 2310 4704 ἐν
2343 4652 2420 4722 τῷ
2452 4654 2677 4724 παρόντι
2703 4654 3008 4722 ἀσφαλείας
3036 4655 3136 4725 τὴν
3172 4655 3314 4726 ὑπὲρ
3344 4655 3454 4707 τῶν
3491 4656 3618 4724 μελ-

2029 4745 2226 4799 λόντων
2257 4745 2438 4798 ἄδειαν
2473 4745 2831 4817 προτιμῶντι,
2865 4748 2960 4799 κα)⁸
2999 4745 3092 4797 τοῦ
3138 4745 3476 4816 προσκαίρου
3522 4745 3618 4797 θα-

2029 4841 2187 4893 νάτου
2223 4838 2607 4909 φοϐερωτέραν
2658 4840 2897 4908 κρίνοντι
2942 4839 3041 4908 τὴν
3094 4839 3173 4901 είς
3223 4838 3452 4909 ὕστερον
3503 4839 3614 4907 (8|)

2017 4931 2257 4985 κόλασιν.
2299 4931 2470 4984 Τοῦτο
2496 4931 2552 4983 δέ
2582 4931 2697 4983 ἐστι
2745 4931 2833 4995 τί;
2881 4932 2971 5003 Μὴ
3004 4930 3362 5001 χαλεπαίνετέ
3411 4948 3524 5000 μοι,
3569 4925 3615 4985 ὦ

2026 5189 2349 5256 potuissent.
2409 5188 2566 5254 Mihi,
2625 5189 2824 5258 inquit,
2862 5205 2932 5245 ne
2995 5189 3408 5250 succenseatis,
3470 5193 3616 5259 quod

2026 5259 2222 5312 fastum
2279 5275 2340 5312 ac
2387 5269 2655 5314 tumorem
2714 5261 3065 5328 neglexerim,
3095 5270 3201 5315 etc.
3245 5259 3417 5314 Nemo
3468 5265 3612 5314 enim

2025 5344 2130 5383 non
2156 5330 2300 5382 videt
2327 5329 2680 5390 Eunomiutn.
2717 5331 2762 5383 si
2803 5333 2963 5392 bene,
2996 5341 3053 5384 ut
3094 5346 3191 5397 par
3242 5340 3383 5392 erat,
3407 5331 3475 5382 de
3501 5335 3614 5383 suis

2015 5398 2293 5463 judicibus
2317 5400 2711 5464 existimasset,
2744 5415 3022 5469 nunquam
3054 5399 3239 5454 verbis
3268 5401 3347 5453 ita
3380 5401 3614 5469 injurio-

2019 5471 2094 5523 sis
2126 5485 2346 5521 usurum
2383 5472 2566 5523 luisse.

2090 5537 2201 5609 (81)
2221 5538 2366 5609 Libri
2393 5551 2609 5593 veteres
2632 5539 2710 5601 εἰς
2737 5537 2992 5609 ὕστερον.
3035 5540 3203 5592 Abest
3224 5540 3305 5601 είς
3351 5554 3380 5591 a
3414 5539 3614 5604 \‘nlga-

2016 5605 2107 5658 tisl
2140 5605 2249 5660 Iloi:
2289 5609 2402 5676 ipso
2464 5611 2514 5660 in
2557 5611 2676 5662 loco
2731 5605 3070 5663 editi'Toﬁto
3108 5609 3164 5660 δέ
3193 5611 3311 5660 ἐστι
3341 5609 3610 5664 τοιοῦτον.

2015 5677 2110 5740 Τίς
2139 5677 2261 5746 (sic)
2295 5679 2368 5750 μὴ
2413 5679 3066 5751 χαλεπαίνετεηΑιιιίᾳυί
3101 5690 3209 5734 tres
3265 5681 3392 5736 libri
3454 5689 3514 5733 ut
3558 5684 3610 5734 iu

2013 5758 2288 5803 contextu.
3329 5763 3339 5775 ⁸
