3836 6222
150 317 261 375 509

1247 305 1618 366 ADVERSUS
1655 307 2026 366 EUNOMIUM
2062 308 2193 364 LIB.
2231 308 2276 366 ι.

3314 312 3419 368 510

141 426 361 497 ἄνδρες,
392 420 527 495 πρὸς
574 419 706 473 αὑτὸ
748 420 808 473 τὸ
849 419 1150 492 ἀκρότατον
1191 419 1294 490 τῆς
1338 420 1538 491 ἀρετῆς
1580 418 1720 473 ἀνελ-

1842 435 1957 475 cem
1997 421 2353 492 ascendi,qui
2391 422 2697 478 transcendi
2747 431 3002 491 terrena,
3041 438 3107 480 ac
3133 439 3418 482 conversa—

143 516 318 580 Οόντι,
359 515 453 568 καὶ
487 513 783 586 ὑπερϐάντι
830 514 927 585 μὲν
980 512 1051 566 τὰ
1100 511 1287 583 γήϊνα,
1324 513 1505 565 πᾶσαν
1547 512 1604 565 δὲ
1638 510 1736 583 τὴν

143 606 427 660 πολιτείαν
458 588 538 671 εἰς
570 607 799 679 οὐρανὸν
834 606 1151 703 μεταθνέντι11
1178 606 1382 670 Καινὸς
1411 597 1569 667 οὗτος
1605 603 1739 659 ἁλα-

112 722 117 745 δ
144 696 363 761 ζονείας
387 698 606 769 τρόπος.
633 699 711 751 Δι’
734 691 808 752 ὧν
834 697 942 770 γὰρ
971 691 1613 769 ἀμελεῖν-*προσποιεῖται
1640 692 1734 748 τοῦ

140 788 344 859 τύφου,
375 790 513 860 πρὸς
549 790 648 861 τὴν
689 790 923 862 ἐσχάτην
957 790 1220 860 φυσίωσιν
1262 789 1455 843 ἑαυτὸν
1500 788 1733 860 ὑπεραί-

146 899 253 955 ρει.
293 884 358 936 Et
404 883 513 955 γὰρ
564 884 649 952 ἐφ’
692 876 774 946 οἷς
804 882 1135 936 ἐνδείκνυται
1192 880 1520 951 συγγνώμης
1568 878 1735 943 ἀξίως

144 976 439 1047 πράσσειν,
468 975 567 1045 τῆς
594 973 954 1045 εὑαγγελικῆς
988 974 1262 1037 πολιτείας
1291 972 1409 1025 ἐστὶ
1448 970 1519 1025 τὰ
1562 969 1735 1039 κεφά-

145 1067 303 1131 λαια,
354 1067 593 1132 εἰκάζειν
640 1066 867 1137 ἀφίησιν
902 1067 1085 1120 ὁποῖόν
1134 1082 1256 1119 τινα
1314 1064 1479 1117 αὑτὸν
1512 1065 1569 1116 ἐν
1620 1064 1733 1125 τοῖς

143 1161 608 1233 κατωρθωμένοις
646 1161 897 1231 ἡγεῖσθαι
948 1158 1216 1230 προσῆκε.
1267 1156 1452 1210 Ταῦτα
1495 1155 1591 1226 μὲν
1620 1150 1729 1207 ὀὖν

140 1250 348 1304 ὡσανεὶ
403 1251 732 1324 χαρακτῆρα
787 1251 887 1321 τῆς
942 1250 1071 1321 ὅλης
1117 1250 1287 1321 αὑτῆς
1356 1246 1731 1319 προαιρέσεως

140 1342 363 1413 ἔχοντα,
402 1341 614 1395 πολλῶν
662 1340 1175 1412 άποσιωπηθέντων,
1244 1338 1442 1401 ἱκανῶς
1484 1339 1728 1407 εἴρηται,

143 1434 236 1488 ἵνα
276 1435 343 1487 δι’
383 1428 457 1488 ὧν
494 1435 592 1505 μὲν
626 1433 912 1504 ἐψεύσατο,
957 1433 1046 1486 τὸν
1093 1430 1305 1503 πατέρα
1356 1429 1451 1483 τοῦ
1501 1428 1734 1498 ψεύδους

141 1513 209 1580 ἐν
249 1526 403 1597 αὑτῷ
444 1525 705 1580 λαλοῦντα
749 1525 1138 1597 γνωρίσωμεν
1175 1526 1239 1577 ἐκ
1282 1521 1341 1575 δέ
1390 1520 1498 1575 τῶν
1532 1520 1733 1584 ἀλαζο-

139 1618 431 1688 νευμάτων
462 1618 567 1671 τίνι
613 1615 1108 1688 συγκατακέκριται
1148 1614 1507 1685 διδαχθῶμεν,
1544 1610 1733 1680 σαφῶς

139 1708 243 1761 τοῦ
294 1708 618 1761 Ἀποστόλου
675 1707 923 1776 λέγοντος
964 1707 1055 1760 τὸν
1096 1705 1413 1774 τυφωθέντα
1442 1704 1522 1765 εἰς
1554 1704 1729 1773 κρῖμα

1841 513 2041 567 tionem
2082 528 2298 568 omnem
2331 513 2384 568 in
2417 513 2617 568 caelum
2670 515 2942 570 transtuli.
2990 514 3175 572 Novus
3215 518 3303 572 hic
3337 529 3420 572 est

1838 606 2162 673 arrogantiae
2190 605 2401 660 modus.
2425 604 2896 675 Quibus‘namque
2921 606 3197 676 negligere
3224 623 3284 664 se
3312 609 3418 664 ias-

1839 703 1951 750 tum
1984 696 2225 762 simulat,
2252 696 2445 751 iisdem
2475 712 2534 752 se
2567 698 2683 768 ipse
2708 698 2775 753 ad
2810 713 3081 754 summum
3124 702 3293 756 animi
3329 715 3419 756 tu-

1836 802 2045 842 morem
2079 786 2258 842 eli‘ert.
2293 786 2431 845 Nam
2481 788 2528 843 si
2582 788 2780 860 quibus
2807 790 3044 844 ostendit
3090 792 3250 846 venia
3298 806 3418 849 esse

1837 878 1998 949 digna
2026 894 2146 948 quae
2187 881 2347 949 gerit,
2387 895 2450 935 ea
2490 880 2819 951 evangelica:
2847 884 2975 936 vitae
3008 884 3185 951 capita
3238 894 3367 938 sunt
3398 902 3414 950 ;

1835 965 2144 1031 conjectare
2176 969 2329 1035 sinit,
2367 969 2581 1039 qualem
2613 986 2672 1026 se
2696 971 2748 1025 in
2783 971 3008 1040 reliquis
3035 973 3295 1041 prmclare
3328 989 3418 1045 ge-

1835 1058 1937 1113 stis
1964 1060 2152 1114 haberi
2182 1064 2492 1117 conveniat.
2524 1062 2593 1117 Et
2618 1063 2838 1132 quidem
2880 1065 3000 1120 haec
3031 1067 3231 1136 quibus
3274 1076 3418 1122 totus

1835 1148 1979 1205 illius
2004 1153 2224 1207 animus
2263 1156 2416 1222 quasi
2447 1156 2793 1224 exprimitur,
2825 1156 3008 1212 multis
3033 1157 3247 1212 silentio
3279 1174 3417 1226 prae-

1838 1244 2031 1310 teritis,
2064 1245 2277 1301 abunde
2303 1257 2598 1303 memorata
2628 1258 2792 1316 sunt;
2821 1258 2879 1303 ut
2908 1265 3003 1319 per
3026 1265 3090 1304 ea
3116 1265 3237 1321 quae
3269 1266 3417 1305 men-

1835 1335 1968 1389 titus
1992 1344 2096 1402 est,
2131 1348 2341 1407 patrem
2371 1340 2639 1396 mendacii
2667 1342 2721 1396 in
2745 1357 2811 1397 eo
2838 1341 3076 1397 locutum
3111 1359 3382 1412 cognosca
3396 1371 3425 1393 -.

1835 1440 1952 1480 nms
1977 1426 2044 1493 ³⁸,
2075 1430 2456 1501 discamusque
2478 1448 2544 1488 ex
2577 1432 2693 1501 ejus
2716 1435 3047 1504 arrogantia,
3077 1451 3312 1506 quocum
3342 1435 3417 1489 sit

1834 1517 2258 1585 condemnatus;
2293 1539 2414 1577 cum
2448 1534 2637 1594 aperte
2664 1526 2809 1579 dicat
2845 1525 3137 1594 Apostolus
3168 1527 3236 1590 ⁸⁷,
3275 1526 3415 1579 fastu

1835 1609 2097 1664 tumidum
2123 1612 2173 1665 in
2200 1613 2672 1683 diabolijudicium
2692 1617 2949 1671 incidere.
2966 1617 3087 1673 Jam
3111 1618 3329 1679 tandem
3347 1618 3415 1672 ad

1833 1701 2260 1770 redarguendam
2297 1706 2629 1775 impietatem
2663 1709 3006 1766 accedamus.

137 1797 442 1870 ἐμπίπτειν
480 1797 574 1851 τοῦ
612 1796 892 1851 διαϐόλουι
941 1798 1027 1849 ἐπ’
1060 1796 1258 1859 αὐτοὺς
1314 1795 1373 1848 δὲ
1416 1792 1604 1847 λοιπὸν
1644 1794 1772 1852 τοὺς
1810 1791 2067 1862 ἐλέγχους
2089 1796 2187 1867 τῆς
2218 1797 2473 1864 ἀσεϐείας
2502 1800 2766 1871 ἔλθωμεν.

215 1912 271 1967 4.
312 1913 504 1966 Πίστιν
546 1912 816 1966 ἐκτίθεται
865 1911 1079 1985 πρῶτον
1121 1911 1181 1977 ἐξ
1216 1909 1403 1964 ἁπλῶν
1463 1911 1557 1963 καὶ¹
1610 1906 1720 1961 ἀδι-

1902 1909 1955 1964 4.
1997 1910 2178 1968 Fidem
2207 1918 2457 1985 proponit
2485 1918 2716 1987 priumm
2751 1934 2816 1973 ex
2860 1918 3197 1987 simplicibus
3224 1934 3287 1973 ac
3324 1934 3417 1972 va-

140 2005 379 2077 ορίστων
425 2004 623 2069 λέξεων
670 1998 1123 2077 συγκειμένην,
1156 2004 1457 2074 ἐχρήσαντο
1511 1999 1606 2054 καί
1648 2016 1728 2052 τι-

138 2114 233 2160 νες
265 2096 379 2167 (82)
410 2097 518 2149 τῶν
549 2097 827 2168 Πατέρων,
877 2096 997 2166 οὐχὶ
1039 2095 1175 2165 πρὸς
1219 2094 1473 2165 ζητήσεις
1506 2092 1729 2144 ὑποκει-

144 2189 318 2259 μένας
368 2190 808 2260 άποτεινόμενοι,
854 2188 969 2242 ἀλλ’
1016 2185 1205 2249 ἁπλῶς
1241 2184 1413 2248 οὕτως
1463 2186 1548 2253 ἐφ’
1600 2185 1728 2238 ἐαυ-

138 2283 251 2334 τῶν
282 2281 395 2353 (85)
442 2283 499 2336 ὲν
551 2282 814 2351 ἁπλότητι
846 2280 1074 2353 καρδίας
1119 2277 1512 2348 διαλεγόμενοι.
1561 2276 1726 2329 Εἴτε

141 2372 241 2426 καὶ
272 2372 383 2443 (84)
412 2373 664 2443 Ἀρειος,
705 2371 781 2435 ῶς
828 2388 989 2440 φασι,
1043 2368 1394 2439 σοφιζόμενος
1441 2366 1532 2420 τὸν
1574 2366 1726 2418 Ἀλέ-

86 2467 103 2481 ⁹
141 2463 394 2533 ξανδρον,
431 2465 634 2533 ταύτην
679 2463 827 2534 αὑτῴ
865 2461 1213 2535 προετείνατο
1265 2460 1381 2531 (καὶ
1412 2459 1521 2530 γὰρ
1571 2460 1728 2512 τοῦτο

140 2557 439 2626 λέγουσιν),
466 2558 580 2611 ἀλλ’
602 2557 737 2629 ὁμοῦ
775 2559 873 2629 μὲν
900 2557 1104 2628 ταύτην
1135 2558 1210 2621 ὡς
1248 2556 1616 2629 ὁμολογοῦσαν
1658 2555 1725 2625 τῇ

140 2650 342 2704 ἑαυτοῦ
375 2649 569 2724 γνώμῃ
609 2651 928 2721 προΐσχεται
967 2651 1055 2704 διὰ
1096 2650 1189 2703 δύο
1224 2652 1555 2722 προφάσεις·
1597 2648 1726 2718 μίαν

144 2741 267 2812 μὲν,
302 2740 445 2793 ὥστε
472 2740 572 2811 τὴν
613 2741 714 2812 τῆς
753 2742 1102 2811 καινοτομίας
1148 2741 1400 2794 ὑπόνοιαν
1446 2741 1725 2807 ἐκφυγεῖν,

139 2835 203 2888 ὲν
233 2831 314 2905 τῷ
343 2832 441 2905 τῆν
483 2832 590 2886 τῶν
641 2833 901 2904 Πατέρων
948 2833 1129 2885 πίστιν
1162 2832 1238 2895 ὡς
1278 2830 1452 2903 ὀρθῶς
1501 2829 1727 2900 ἔχουσαν

140 2926 543 2997 ἀποδέχεσθαι·
588 2924 779 2997 ἑτέραν
837 2924 914 2989 δὲ,
959 2923 1050 2977 τοῦ
1103 2923 1312 2988 πάντας
1372 2922 1727 2994 ἀπροοράτως

139 3022 267 3082 ταῖς
297 3019 503 3087 πάγαις
546 3018 708 3071 αὑτοῦ
748 3017 857 3071 τῶν
891 3016 1241 3088 σοφισμάτων
1289 3018 1609 3087 περιπεσεῖν
1660 3018 1725 3088 τῇ

141 3110 411 3181 ἁπλότητι
448 3109 557 3162 τῶν
598 3109 855 3181 ῥημάτων
896 3109 1101 3162 τούτων
1162 3107 1726 3171 καταπιστεύσαντας.

156 3201 328 3273 Ὀμοῦ
359 3200 414 3254 δέ
443 3201 663 3254 κάκεῖνο
696 3200 929 3253 συνεῖδεν
972 3199 1105 3270 (85),
1133 3200 1215 3252 ὅτι
1256 3199 1350 3251 καὶ
1389 3197 1486 3268 τὴν
1532 3197 1728 3249 ἐαυτοῦ

1836 2003 1918 2074 gis
1943 2006 2167 2060 vocibus
2215 2011 2594 2077 compositam,
2646 2025 2749 2078 qua
2802 2010 3017 2078 quidam
3055 2025 3121 2063 ex
3160 2007 3415 2063 Patribus

1836 2097 1918 2149 usi
1948 2106 2095 2160 sunt,
2127 2099 2193 2152 ad
2231 2103 2534 2169 propositas
2584 2104 2912 2171 quaestiones
2941 2118 3047 2156 non
3079 2104 3290 2165 attenti,
3320 2100 3417 2156 sed

1836 2187 2155 2256 simpliciter
2178 2193 2256 2244 sic
2283 2206 2311 2243 a
2338 2193 2530 2261 seipsis
2561 2194 2612 2246 in
2657 2193 3005 2262 simplicitate
3035 2195 3214 2247 cordis
3238 2195 3415 2247 disse-

1837 2290 2037 2335 rentes.
2072 2281 2391 2351 Quanquam
2443 2296 2620 2340 autem
2674 2286 2879 2353 Arius,
2945 2297 3004 2338 ut
3047 2288 3218 2350 aiunt,
3280 2286 3417 2340 hanc

1834 2371 2143 2426 Alexandro
2167 2376 2377 2441 obtulit,
2418 2378 2593 2446 ipsum
2641 2378 2804 2447 212
2839 2377 3117 2446 decipiens
3175 2377 3335 2447 (nam
3363 2386 3417 2431 et

1837 2464 1939 2517 hoc
1975 2463 2209 2529 dicunt),
2241 2466 2592 2519 nihilmninus
2631 2478 2807 2520 tamen
2864 2470 3108 2521 eamdem
3158 2480 3416 2537 tanquam

1836 2568 1948 2608 sua:
1976 2558 2144 2623 ipsius
2170 2559 2453 2612 sententia-
2476 2569 2900 2613 consentaneum
2953 2558 3157 2629 profert
3194 2572 3417 2629 propter

1836 2643 1970 2697 duas
2020 2659 2253 2698 causas:
2293 2646 2525 2714 primum
2563 2648 2810 2715 quidem,
2859 2657 2915 2700 ut
2960 2650 3248 2702 innovamli
3286 2649 3417 2703 ellu-

1836 2736 1948 2804 giat
1975 2738 2362 2804 suspicionem,
2402 2754 2520 2790 cum
2552 2737 2773 2791 Patrum
2823 2738 2980 2792 ﬁdem
3041 2750 3291 2807 tanquam
3326 2756 3413 2795 re-

1836 2836 1978 2881 ctam
2012 2828 2272 2893 suscipiat
2311 2848 2323 2883 :
2360 2829 2609 2899 alterum,
2648 2840 2705 2882 ut
2739 2845 2954 2894 onmes,
2990 2833 3274 2885 verborum
3325 2835 3416 2887 Ιιο·

1837 2935 1956 2973 rum
2010 2921 2343 2988 simplicitati
2379 2922 2627 2975 adhibita
2682 2924 2806 2985 lide,
2868 2924 3086 2977 incaute
3132 2927 3184 2977 in
3235 2925 3417 2993 sopbi-

1836 3023 2068 3067 smatum
2106 3014 2275 3084 ipsius
2306 3014 2528 3082 laqueos
2554 3016 2812 3069 incidant.
2840 3016 3011 3069 Simul
3038 3028 3218 3070 autem
3251 3018 3416 3072 etiam

1837 3105 1967 3159 illud
2004 3105 2292 3170 intellexit,
2346 3120 2404 3159 se
2456 3114 2511 3159 et
2556 3120 2709 3160 suam
2743 3105 2912 3174 ipsius
2942 3092 3266 3159 sententiam
3294 3121 3417 3175 spev

1838 3195 1982 3249 ciosa
2016 3196 2253 3264 quadam
2279 3196 2491 3250 ratione
2517 3195 2694 3249 obiter
2721 3196 3093 3261 inducturum,
3147 3199 3191 3251 si
3221 3198 3416 3252 videli-

140 3291 376 3365 γνώμην
416 3294 787 3364 εὐπροσώποις
830 3291 979 3362 αὑτῷ
1013 3294 1443 3361 παρεισαγαγεῖν
1473 3289 1720 3359 ὑπάρξει,

1842 3298 1918 3340 cet
1949 3288 2091 3341 dicta
2118 3286 2342 3341 Patrum
2377 3296 2694 3357 exponeret,
2727 3300 2780 3343 et
2814 3291 3053 3344 maxime
3080 3290 3415 3361 impietatem

141 3384 501 3457 ἐξηγουμένῳ
538 3384 696 3454 δῆθεν
748 3383 817 3436 τὰ
864 3381 974 3436 τῶν
1028 3382 1305 3452 Πατέρων,
1352 3381 1445 3434 καὶ
1499 3379 1733 3450 μάλιστα

148 3477 249 3549 μὲν
307 3475 577 3548 λήσασθαι
630 3473 875 3528 ἀσεϐῶνο
917 3475 966 3526 εἰ
1013 3473 1057 3526 δ’
1108 3472 1214 3545 ἄρα
1268 3472 1363 3525 καὶ
1415 3470 1728 3541 φωραθείη,

145 3569 390 3633 ἀναίτιος
435 3562 576 3624 εἶναι
619 3566 811 3631 δόξειν,
857 3565 932 3628 ὡς
972 3564 1125 3619 οὐδὲν
1172 3563 1383 3617 οἴκοθεν
1434 3563 1554 3616 οὑδὲ
1601 3562 1731 3633 παρ’

144 3662 345 3716 ἑαυτοῦ
380 3679 433 3715 τι
467 3661 660 3729 λέγων,
699 3658 811 3711 ἀλλ’
842 3657 1126 3729 ἀλλοτρίας
1174 3656 1463 3727 γενόμενος
1494 3655 1733 3720 διανοίας

145 3752 443 3824 ἐξηγητής.
490 3753 577 3804 Ἐν
619 3745 663 3819 ᾧ
696 3750 759 3821 δὴ
802 3749 897 3801 καὶ
943 3747 1281 3816 γελοιότατόν
1320 3764 1373 3799 τι
1410 3746 1597 3801 παθὼν
1635 3747 1734 3799 οὑκ

145 3845 439 3917 ἐπῄσθετο.
501 3844 820 3907 Ἐπαινέσας
872 3840 981 3912 γὰρ
1034 3840 1203 3913 αὑτὴν
1262 3839 1374 3911 (86)
1424 3838 1595 3907 πολλὰ
1642 3839 1735 3892 καὶ

150 3938 395 4011 μεγάλα,
435 3938 627 4009 μικρὸν
661 3936 887 4000 ὑποϐὰς,
918 3936 1028 3997 τοῖς
1066 3922 1366 4004 αἰσχίστοις
1395 3932 1556 3986 πάλιν
1597 3932 1736 3984 ὀνεί-

145 4030 262 4083 δεσι
312 4029 646 4101 περιϐάλλει.
690 4028 827 4081 Ἀλλ’
871 4027 957 4080 ἵνα
1012 4025 1344 4099 σαφέστερον
1376 4024 1404 4077 ὃ
1462 4024 1607 4093 λέγω
1638 4023 1733 4092 γέ-

149 4132 330 4197 νηται,
362 4122 502 4176 κατὰ
541 4122 679 4192 μέρη
704 4120 793 4173 τὸν
819 4119 973 4187 λόγον
1000 4117 1307 4188 διελόμενος
1337 4116 1594 4180 ἐξετάσω.
1621 4116 1733 4169 Καὶ

150 4214 366 4288 πρῶτόν
391 4230 456 4283 γε
484 4212 580 4284 τὴν
613 4213 725 4281 (87)
770 4211 952 4264 πίστιν
985 4209 1052 4280 ἢν
1085 4208 1430 4278 προτείνεται
1478 4205 1731 4276 καταμά-

147 4307 354 4377 θωμεν,
386 4305 553 4367 αὑτάς
588 4302 687 4367 τὰς
720 4301 930 4355 ἐκείνου
973 4302 1156 4370 φωνάς
1196 4297 1587 4371 παραθέμενοι.

217 4398 380 4453 ΕΥΝ.
423 4397 534 4469 Τὴν
587 4396 644 4450 δὲ
691 4394 1018 4465 κρατοῦσαν,
1075 4393 1261 4463 φησιν.
1322 4389 1527 4445 ἄνωθεν
1584 4387 1735 4460 παρὰ

145 4490 256 4546 τῶν
294 4490 552 4562 Πατέρων
597 4487 793 4559 εὐσεϐῆ
843 4485 1158 4559 παράδοσιν,
1204 4483 1393 4554 ὥσπερ
1430 4481 1557 4565 τινὰ.
1593 4480 1733 4550 γνῶ-

152 4599 289 4652 μονα
321 4583 417 4635 καὶ
446 4580 643 4634 κανόνα
684 4577 1094 4650 προεκθέμενοι,
1120 4574 1343 4647 ἀκριϐεῖ
1373 4572 1547 4643 τούτῳ
1595 4589 1733 4643 χρη-

151 4675 374 4748 σώμεθα
397 4674 509 4746 (88)
534 4672 804 4746 κριτηρίῳ
836 4671 972 4742 πρὸς
1008 4668 1106 4741 τὴν
1132 4668 1241 4722 τῶν
1265 4665 1574 4737 λεγομένων
1608 4665 1731 4717 ἐπί-

148 4785 353 4841 κρισιν.

218 4952 265 4982 ³η
286 4947 445 5004 Joan.
477 4962 597 5013 vm,
626 4946 717 5001 44.
789 4945 835 4978 ’τ
865 4943 1047 5000 ιΤίιη.
1084 4958 1168 5009 ιιι,
1205 4941 1261 5000 6.

218 5088 333 5160 (82)
356 5087 498 5160 Editi
531 5087 828 5160 ἐχρήσαντο
880 5083 973 5160 καί
1029 5097 1209 5160 τινες.
1242 5076 1592 5160 νοριιΙειηκαί
1652 5078 1707 5131 in

148 5150 280 5216 mss.
315 5150 443 5212 'non
481 5150 769 5211 invenitur.
797 5155 1061 5210 Praeclara
1100 5150 1386 5211 sententia,
1435 5150 1709 5217 dignaque

147 5208 1064 5301 basi-lioﬁiiag—no.Quotiescunque
1112 5208 1712 5301 igittll'ﬁéfel-‘ifiﬁi'o‘

148 5301 330 5355 ferunt
366 5286 584 5370 Patrum
626 5286 1109 5370 Διῖεειῖιιιοιιὶίι,’(ιιιξθ
1134 5286 1236 5345 sibi
1280 5286 1680 5370 faverevidean

150 5381 256 5436 tur,
294 5370 339 5423 si
371 5367 677 5439 testimonia
718 5366 805 5419 illa
832 5366 995 5439 petita
1029 5363 1136 5415 sint
1170 5375 1232 5439 ex
1258 5363 1564 5439 peregrinis
1589 5363 1706 5426 qui-

148 5429 375 5496 busdam
403 5437 559 5501 locis,
610 5438 661 5488 in
712 5429 906 5505 quibus
957 5432 1143 5486 Patres
1170 5430 1236 5483 de
1265 5429 1443 5496 aliqua
1498 5441 1567 5550 τῆ
1604 5442 1709 5480 non

148 5511 411 5550 mnuum,
470 5507 562 5550 ςιηι
599 5506 817 5550 ιἠι-ιηίιη
858 5504 1138 5550 nhitemne
1187 5499 1495 5550 loquantur.
1574 5499 1709 5550 oties

147 5511 441 5578 consulto,
470 5499 562 5578 sed
599 5499 817 5578 fortuito
858 5504 1138 5578 obiterque
1187 5499 1495 5578 loquantur,
1549 5499 1711 5552 toties

147 5581 360 5650 egregia
392 5569 485 5650 illa
512 5576 983 5650 Basiliisentenlia
1020 5569 1182 5627 debet
1215 5569 1485 5650 ad‘liiberi.
1619 5636 1631 5649 .

217 5637 330 5721 (83)
364 5649 488 5718 Ἐφ’
521 5643 768 5721 ἑαυτῶν,
799 5657 988 5721 sponte
1009 5652 1233 5705 naturae,
1255 5637 1383 5720 _ltoc
1408 5646 1511 5701 est,
1550 5637 1726 5721 primo

152 5716 343 5781 utentis
388 5716 612 5789 impetu,
643 5719 692 5771 id
740 5716 881 5787 quod
910 5716 1084 5785 agitur
1115 5716 1270 5782 quasi
1330 5723 1437 5764 non
1465 5716 1723 5779 cogitan-

152 5804 250 5847 ιεε.

1834 3379 2195 3435 occultarum.
2220 3379 2372 3445 Quod
2413 3380 2458 3433 si
2492 3378 2632 3435 forte
2665 3382 3181 3451 deprehenderetur,
3210 3384 3415 3452 putavit

1836 3471 1976 3535 fore,
2009 3480 2069 3526 ut
2124 3483 2279 3526 extra
2314 3472 2527 3539 culpam
2585 3487 2705 3527 esse
2751 3474 3050 3539 videretur,
3083 3476 3226 3545 quod
3249 3489 3352 3529 non
3386 3490 3416 3530 e

1834 3578 1952 3628 suo,
1991 3578 2167 3633 neque
2194 3580 2223 3617 a
2249 3579 2309 3619 se
2329 3564 2630 3635 quidquam
2667 3564 2895 3629 diceret,
2924 3569 3019 3619 sed
3058 3567 3250 3621 alienae
3291 3583 3415 3622 sen-

1800 3654 1807 3663 ’
1837 3657 2017 3712 tentia:
2038 3666 2181 3711 esset
2212 3657 2503 3726 interpres.
2542 3657 2658 3724 Qua
2688 3657 2741 3711 in
2766 3671 2825 3711 re
2847 3658 3133 3713 admisisse
3174 3675 3232 3713 se
3259 3661 3415 3729 quid-

1836 3747 1958 3802 dam
1987 3748 2100 3801 risu
2134 3746 2509 3817 dignissimum
2544 3762 2652 3801 non
2684 3748 3093 3803 animadvertit.
3118 3749 3410 3820 Postquam

1836 3842 1982 3895 enim
2029 3840 2215 3895 multis
2245 3855 2311 3894 ac
2340 3841 2571 3895 summis
2609 3839 2865 3894 laudibus
2893 3840 3091 3894 extulit
3122 3842 3279 3895 tidem
3310 3841 3416 3896 Pa-

1838 3941 2003 3998 trum,
2029 3946 2147 3985 eam
2178 3933 2392 4000 probris
2419 3931 2945 3988 l'aedi'ssimisaﬂicit.
2974 3934 3102 3999 Sed,
3133 3946 3192 3988 ut
3214 3934 3416 3991 clarius

1836 4023 1932 4078 ﬁat
1964 4022 2109 4093 quod
2137 4024 2283 4090 dico,
2312 4023 2512 4078 librum
2540 4024 2593 4077 in
2618 4035 2804 4094 partes
2841 4025 3066 4080 divisum
3088 4027 3410 4097 expendam.

1833 4116 1901 4170 Et
1929 4117 2166 4186 primum
2190 4117 2406 4186 quidem
2437 4131 2600 4185 quam
2626 4118 2879 4187 proponit
2903 4117 3088 4187 ﬁdem,
3121 4120 3250 4189 ipsis
3272 4120 3414 4174 illius

1835 4208 2018 4264 verbis
2052 4209 2335 4281 appositis,
2368 4210 2803 4266 consideremus.

1906 4393 2040 4450 Eon.
2083 4395 2174 4457 At,
2209 4393 2414 4462 .nquit,
2447 4392 2795 4448 traditionem
2828 4392 2971 4462 piam
2998 4407 3119 4462 quae
3150 4393 3219 4448 ab
3254 4393 3416 4448 initio

1837 4489 1979 4557 apud
2027 4487 2219 4542 Patres
2266 4486 2530 4551 obtinuit,
2576 4484 2726 4540 velut
2763 4484 3023 4539 amussim
3071 4500 3136 4539 ac
3174 4485 3415 4555 regulam

1839 4583 2128 4651 quamdam
2161 4579 2576 4650 praemittentes,
2608 4577 2712 4631 hac
2740 4586 2993 4631 accurata
3019 4576 3292 4643 iudicandi
3332 4593 3418 4629 ra-

1842 4676 1989 4727 tione
2022 4682 2261 4736 utamur,
2296 4682 2357 4725 ut
2395 4670 2462 4726 de
2497 4670 2564 4724 iis
2600 4683 2721 4739 quae
2749 4668 3057 4724 referentur
3091 4669 3416 4722 sententiam

1841 4764 2107 4819 feramus.

1899 5074 2013 5146 (84)
2047 5072 2274 5146 Εόίιί-εί
2300 5071 2356 5124 δὲ
2385 5070 2501 5126 καί.
2536 5067 2682 5146 μὶ)νί
2715 5075 2928 5146 veteres
2962 5066 3418 5146 εἴτεκαίηΑιΙιει-

1817 5138 2006 5201 nasius
2053 5145 2148 5198 lib.
2198 5141 2272 5195 De
2304 5158 2419 5210 syn.
2477 5140 2649 5194 refert
2676 5139 2977 5210 quamdam
3005 5139 3117 5210 Arii
3158 5138 3247 5210 _ad
3292 5141 3418 5210 Ale—

1817 5217 2093 5271 xaudrum
2120 5207 2428 5280 epistolam,
2457 5212 2511 5264 in
2543 5225 2646 5280 qua
2674 5209 2872 5277 impius
2926 5207 3014 5261 ille
3048 5208 3168 5262 ﬁdei
3204 5208 3407 5280 profes-

1815 5288 2026 5342 sionem
2060 5278 2325 5337 ediderat.
2360 5281 2498 5351 Lege
2534 5279 2725 5347 Epipb.
2760 5280 2888 5351 liter.
2930 5292 3092 5344 Lm,
3122 5292 3177 5332 ιι.
3216 5279 3247 5331 7
3277 5290 3326 5332 et
3362 5278 3416 5332 8.

1911 5354 2000 5422 83)
2040 5352 2183 5422 Reg.
2213 5353 2406 5405 tertius
2437 5347 2659 5422 κάκεῖνο
2692 5347 2947 5422 συνιδεῦρ

1911 5363 2000 5422 83)
2040 5363 2179 5420 Heg.
2213 5363 2406 5405 tertius
2439 5363 2659 5403 κακεινο
2692 5363 2947 5400 συνιοειν.

1888 5363 1999 5495 (86)
2026 5421 2249 5491 Αὐτήν,
2281 5422 2517 5495 hoccst,
2553 5418 2736 5471 πίστιν
2760 5417 2869 5471 τῶν
2904 5419 3167 5492 ῌατερων
3199 5460 3214 5486 ,
3259 5418 3416 5484 ﬁdem

1821 5491 2071 5553 Patrum,
2104 5495 2169 5545 de
2197 5508 2302 5561 qua
2333 5491 2613 5561 aliquanto
2652 5497 2798 5561 apte.

1899 5565 2012 5636 (87)
2039 5565 2169 5632 Reg.
2215 5554 2433 5614 'tertius
2482 5575 2606 5636 cum
2663 5555 2818 5613 Colb.
2855 5559 3038 5612 πίστιν
3083 5557 3151 5629 ἢν
3197 5554 3415 5611 ἐκτίθε-

1829 5632 1940 5693 ται,
1976 5633 2133 5700 ﬁdem
2172 5647 2331 5701 quam
2363 5632 2594 5701 exponit.

1900 5700 2189 5774 (88)Editi
2231 5700 2569 5773 χρησόμεθα.
2636 5700 2704 5756 At
2755 5715 2883 5756 mss.
2938 5712 3183 5770 puerique
3225 5711 3419 5754 omnes

1827 5771 2182 5847 χρησώμεθα.
