3836 6222
395 307 492 358 οιι

1718 290 1773 344 S.
1819 283 2065 341 BASlLll
2105 279 2317 338 MAGNI

3536 273 3640 330 512

468 423 589 477 Bas.
631 418 725 473 llis
756 415 1032 488 subiungit
1073 412 1295 467 Patrum
1326 411 1512 476 ﬁdem,
1556 409 1658 463 hoc
1698 410 1859 463 modo
1902 420 1959 461 se

2133 401 2279 453 ΒΑΣ.
2345 398 2566 461 Τούτοις
2626 397 2817 466 ἐπάγει
2875 396 2972 468 τὴν
3034 396 3211 449 πίστιν
3258 396 3487 468 ἔχουσαν
3552 400 3642 451 οῦ-

396 514 707 568 habentem.

466 604 600 658 EUN.
642 599 929 655 Credimus
971 599 1025 651 in
1068 610 1232 651 unum
1277 594 1477 660 Deum,
1522 592 1739 647 Patrem
1783 588 1963 644 omni-

397 703 695 763 potentem,
724 704 794 743 ex
841 704 947 758 quo
982 686 1164 741 omnia
1199 702 1214 739 :
1248 695 1303 738 et
1344 684 1395 738 in
1426 698 1591 737 unum
1626 680 1963 748 unigenitum

398 787 592 841 Filium
623 784 739 849 Dei,
770 784 937 837 Deum
970 780 1228 845 Verbum,
1266 779 1554 832 Dominum
1599 784 1845 829 nostrum
1878 770 1968 825 Je-

398 893 517 930 sum
550 875 849 939 Christum,
884 888 982 944 per
1010 887 1171 942 quem
1204 871 1386 925 omnia
1422 888 1437 924 :
1469 879 1525 925 et
1558 868 1615 923 in
1645 882 1811 922 unum
1842 864 1966 935 Spi-

398 971 559 1023 ritum
591 976 861 1031 sanctum,
893 964 1244 1035 paracletum.

467 1058 593 1112 Bas.
640 1057 841 1111 Deinde
873 1055 1056 1109 statim
1091 1051 1363 1122 adjungit.

469 1150 604 1205 Eua.
640 1148 948 1218 Simplicior
964 1146 1128 1215 igitur
1150 1152 1204 1197 et
1224 1140 1530 1198 communis
1546 1140 1680 1197 lides
1699 1141 1967 1208 omnium,

398 1240 490 1310 qui
519 1249 611 1293 aut
644 1240 812 1297 videri
841 1246 931 1291 aut
960 1251 1079 1291 esse
1106 1234 1404 1290 Christiani
1444 1235 1691 1303 cupiunt,
1725 1242 1784 1287 ut
1814 1248 1968 1289 com-

399 1334 596 1402 pendio
620 1348 685 1386 ac
716 1329 1032 1387 summatim
1064 1328 1262 1393 dicam,
1300 1328 1416 1382 hac
1441 1335 1545 1383 est.

471 1501 595 1556 Bas.
626 1502 886 1571 Equidem
906 1502 970 1557 de
993 1515 1178 1556 eorum
1205 1515 1325 1570 quae
1348 1502 1534 1556 retulit
1564 1502 1970 1568 contrarietate,

402 1602 458 1645 et
504 1594 569 1645 de
620 1591 915 1660 impudenti
968 1591 1237 1645 dictorum
1304 1590 1447 1643 inter
1496 1605 1554 1646 se
1613 1593 1973 1662 repugnantia

402 1684 563 1752 paulo
595 1693 718 1753 post
766 1683 1077 1752 loquemur.
1110 1681 1241 1737 lllud
1285 1693 1465 1738 tamen
1496 1684 1646 1752 prius
1681 1685 1732 1737 in
1770 1699 1975 1739 memo-

2064 511 2190 557 τως.

2138 582 2297 637 ΕΥΝ.
2336 580 2668 651 Πιστεύομεν
2694 584 2773 644 εἰς
2800 581 2898 633 ἕνα
2925 579 3057 633 Θεον
3084 581 3300 653 Πατέρα
3332 585 3616 655 παντοκρά
3638 619 3642 622 -

2065 692 2220 746 τορα,
2243 674 2300 741 ἐξ
2328 667 2389 727 οὗ
2414 673 2481 726 τά
2508 673 2712 726 πάντα·
2741 672 2833 724 καὶ
2860 673 2940 734 εἰς
2968 671 3065 724 ἕνα
3100 672 3362 743 μονογενῆ
3390 674 3520 727 Υἰὸν
3552 676 3643 727 τοῦ

2066 769 2223 833 Θεοῦ,
2252 768 2382 820 Θεὸν
2412 769 2603 835 Λόγον,
2633 766 2724 819 τὸν
2748 765 2949 837 Κύριον
2970 766 3127 836 ἡμῶν
3161 766 3365 835 Ἰησοῦν
3387 769 3643 837 Χριστὸν,

2066 859 2133 912 δι’
2166 853 2226 913 οὗ
2272 858 2337 911 τὰ
2374 859 2583 911 πάνταο
2628 859 2720 911 καὶ
2767 858 2847 921 είς
2892 856 2950 910 ἓν
2980 856 3206 928 Πνεῦμα
3232 859 3387 927 ἅγιον
3418 860 3555 930 (89),
3591 862 3650 912 τὸ

2069 948 2442 1019 παράκλητον.

2138 1041 2290 1094 ΒΑΣ.
2325 1035 2457 1092 Εἶτα
2491 1040 2650 1103 εὐθὺς
2682 1040 3054 1093 ὲπισυνάπτει.

2139 1133 2302 1186 ΕΥΝ.
2340 1133 2404 1184 Ἥ
2433 1132 2529 1201 μὲν
2562 1127 2655 1184 οὖν
2685 1131 2794 1200 {90)
2830 1133 3171 1201 ἁπλουστέρα
3200 1134 3379 1197 πίστις
3416 1135 3516 1189 καὶ
3540 1154 3651 1189 κοι-

2070 1222 2136 1294 νὴ
2192 1222 2429 1289 πάντων,
2478 1223 2622 1285 ὅσοις
2656 1223 2717 1276 τὸ
2758 1224 2993 1294 δοκεῖνῆ
3029 1225 3089 1277 τὸ
3117 1222 3255 1277 εἶναι
3301 1228 3652 1297 Χριπιανοίς

2072 1312 2351 1383 ἐπιμελὲς,
2391 1314 2467 1378 ὡς
2502 1315 2560 1367 ὲν
2599 1313 2863 1385 ἐπιδρομῇ
2893 1302 3419 1389 κεφαλαιωδέᾶτερον
3454 1322 3652 1385 εἰπεῖν,

2074 1405 2239 1476 αῦτη.

2142 1498 2290 1550 ΒΑΣ.
2320 1498 2455 1567 Περὶ
2491 1498 2588 1567 μὲν
2615 1492 2706 1552 οὖν
2748 1498 2847 1568 τῆς
2886 1499 2943 1551 ὲν
2978 1493 3059 1561 οἷς
3094 1496 3246 1551 εἶπεν
3278 1500 3659 1571 ἐναντιότητος

2074 1586 2291 1656 καὶτῆς
2319 1587 2671 1655 ἀναισχύντου
2710 1587 2889 1657 μάχης
2911 1589 3016 1642 τῶν
3049 1589 3355 1660 εἰρημένων
3390 1592 3531 1662 πρὸς
3564 1594 3661 1645 ἄλ-

2075 1676 2213 1746 ληλα
2243 1677 2437 1747 μικρὸν
2472 1676 2697 1749 ὕστερον
2737 1678 2971 1750 ἐροῦμεν
2998 1679 3130 1750 (91).
3180 1682 3383 1735 Ἐκεῖνο
3420 1682 3480 1734 δὲ
3524 1684 3663 1754 πρό-

407 1780 540 1832 riam
580 1779 971 1842 reduxerimus,
1016 1779 1160 1832 hunc
1204 1776 1354 1831 illum
1398 1791 1541 1841 esse,
1580 1777 1671 1846 qui
1723 1778 1973 1847 superius

2099 1787 2229 1840 :spov
2253 1770 2475 1833 ἑαυτοὺς
2503 1772 2927 1842 ὑπομνήσωμεν,
2955 1774 3035 1826 ὅτι
3059 1767 3213 1837 οὗτός
3239 1775 3389 1826 ἐστιν
3412 1776 3439 1827 ὁ
3466 1776 3524 1826 ὲν
3548 1780 3663 1839 τοῖς

404 1868 558 1922 valde
592 1879 912 1939 arroganter
939 1868 1224 1938 pollicitus
1250 1877 1333 1923 est
1363 1870 1518 1924 nobis
1538 1907 1554 1935 ,
1600 1884 1660 1925 se
1689 1870 1973 1924 veritatem

405 1959 670 2014 velamine
720 1961 868 2013 omni
928 1960 1129 2014 nudam
1183 1960 1611 2031 propositurum.
1664 1960 1765 2015 Hie
1811 1962 1976 2031 igitur

406 2049 665 2118 scriptum
691 2058 774 2103 est
797 2066 811 2103 :
842 2047 1125 2103 Credimus
1152 2048 1613 2119 ingenerationem
1642 2061 1761 2102 esse
1788 2062 1977 2102 essen-

409 2140 535 2193 tiam
572 2140 668 2194 Dei
701 2139 1078 2194 uuiversorum
1108 2157 1121 2193 :
1167 2146 1282 2207 aut,
1312 2139 1584 2194 credimus
1627 2138 1973 2212 Unigenitum

405 2231 640 2287 essentia
687 2231 1004 2285 dissimilem
1033 2246 1154 2286 esse
1185 2229 1358 2285 Patri.
1400 2230 1536 2285 Nam
1578 2232 1694 2287 haec
1730 2235 1977 2303 scripsis-

407 2335 511 2393 set,
546 2326 615 2390 si,
648 2323 1103 2394 quemadmodum
1140 2324 1411 2394 pollicitus
1438 2336 1578 2392 erat,
1610 2326 1799 2382 doloso
1832 2328 1978 2382 nullo

406 2419 673 2474 velamine
711 2418 1019 2487 opinionem
1062 2430 1215 2471 suam
1251 2418 1654 2473 obumbrasset.
1687 2420 1816 2485 Sed,
1859 2422 1977 2489 Opl-

408 2526 529 2577 nor,
552 2509 809 2563 insidiosa
834 2509 1081 2563 oratione
1131 2508 1331 2578 ubique
1356 2510 1619 2574 adhibita,
1645 2526 1738 2565 sua
1765 2513 1974 2577 reticet,

408 2612 469 2657 ut
498 2616 567 2656 ne
599 2616 759 2655 aures
790 2601 1096 2655 inassuetas
1143 2613 1464 2669 personans,
1498 2602 1601 2655 sibi
1634 2602 1746 2670 ipse
1780 2603 1983 2657 adimat

412 2692 589 2755 (idem,
619 2700 674 2744 et
717 2704 872 2744 suam
904 2687 1228 2743 sententiam
1273 2699 1498 2757 receptu
1553 2687 1823 2744 diﬂicilem
1862 2690 2009 2759 τεὼ,

409 2786 502 2838 dat
536 2801 550 2837 :
587 2791 773 2836 contra
809 2781 1061 2851 proponit
1105 2778 1327 2834 Patrum
1373 2781 1556 2846 ﬁdem,
1604 2796 1745 2849 qum,
1800 2791 1983 2849 utpote

409 2873 587 2927 verbis
610 2870 1040 2925 indichrentibus
1062 2880 1342 2935 constans,
1370 2870 1503 2924 nihil
1524 2872 1816 2941 quidquam
1841 2874 1981 2941 quod

414 2964 509 3017 toti
538 2962 801 3016 orationis
846 2959 960 3029 ejus
999 2958 1160 3030 213
1207 2960 1594 3015 consuuctioni
1633 2973 1980 3032 repugnaret,

410 3055 718 3110 exhibitura
750 3062 919 3118 esset,
952 3066 1178 3121 quaeque
1221 3067 1345 3105 eum
1382 3053 1483 3106 hac
1512 3050 1673 3106 facile
1708 3054 1983 3108 consenti-

412 3160 518 3214 ret,
550 3147 593 3201 si
625 3146 677 3199 in
707 3144 1059 3215 expositionis
1081 3142 1298 3196 modum
1331 3142 1397 3196 ad
1426 3158 1487 3197 ea
1518 3160 1637 3212 qua:
1661 3145 1809 3213 prius
1843 3146 1982 3199 dicta

412 3247 596 3294 essent
621 3250 926 3292 sermonem
959 3234 1292 3289 traduceret.
1320 3233 1473 3300 Quod
1498 3245 1677 3288 autem
1712 3237 1825 3290 huic
1854 3251 1982 3289 vera

412 3333 541 3396 sint,
577 3330 703 3385 hinc
736 3328 923 3398 liquet.
960 3325 1094 3380 Nam
1127 3327 1289 3382 simul
1318 3337 1376 3381 ut
1402 3326 1623 3381 Patrum
1667 3327 1826 3383 [idem
1858 3345 1983 3399 pro-

413 3424 627 3494 posuit,
675 3421 858 3475 statim
894 3420 1132 3476 lransilit
1165 3419 1231 3473 ad
1278 3420 1704 3489 expositionem,
1734 3430 1844 3474 tum
1878 3422 1984 3477 alio

413 3520 662 3580 obtentu,
691 3524 804 3570 tum
849 3515 993 3584 quod
1026 3529 1085 3569 ea
1120 3513 1186 3567 ad
1217 3513 1423 3568 crimen
1454 3513 1763 3567 diluendum
1806 3514 1980 3567 haud-

415 3622 687 3677 quaquam
738 3604 1030 3661 suﬂiceret.
1091 3605 1229 3671 Quid
1278 3614 1363 3660 est
1416 3604 1582 3674 igitur
1623 3607 1766 3673 quod
1813 3606 1986 3674 ipsam

414 3699 791 3769 proposueris,
823 3713 923 3752 nec
971 3698 1155 3752 statim
1195 3697 1260 3750 ad
1299 3710 1394 3750 eos
1430 3710 1712 3752 sermones
1754 3697 1990 3751 devene-

418 3796 512 3859 ris,
552 3794 642 3861 qni
680 3800 735 3848 et
767 3791 1133 3847 sinceritatem
1170 3792 1455 3856 haberent,
1488 3800 1542 3845 et
1589 3806 1619 3844 a
1668 3790 1988 3845 criminibus

418 3887 656 3939 eximere
697 3896 747 3938 te
775 3882 1028 3952 possent?
1056 3882 1206 3937 Nunc
1234 3892 1415 3937 autem
1443 3897 1563 3937 eam
1606 3882 1857 3952 proponit
1888 3898 1986 3936 ceu

420 3985 588 4027 tutam
609 3972 883 4040 judicandi
912 3972 1148 4042 regulam
1172 3990 1185 4024 :
1219 3987 1406 4027 rursus
1433 3987 1563 4026 vero
1588 3973 1835 4027 eamdem
1864 3988 1988 4027 cor-

424 4070 547 4135 rigit
592 4068 739 4120 velut
786 4064 920 4120 nihil
968 4066 1084 4117 sani
1137 4064 1610 4133 complectentem.
1662 4065 1775 4119 Hoc
1825 4082 1989 4135 porro

422 4168 759 4229 perspectum
805 4172 868 4211 ac
918 4166 1100 4210 nutum
1140 4165 1223 4209 est
1256 4156 1529 4221 omnibus,
1571 4157 1713 4225 quod
1752 4157 1991 4226 opinioni

496 4424 605 4495 (89)
663 4424 793 4492 Reg.
840 4422 1030 4477 tertius
1080 4421 1174 4473 καὶ
1227 4423 1306 4485 εἰς
1340 4420 1402 4472 τὸ
1445 4417 1669 4491 Πνεῦμα
1712 4419 1772 4471 τὸ
1815 4419 1988 4489 ἅγιον.

499 4507 608 4575 (90)
635 4504 771 4575 Editi
806 4501 994 4571 Ἡμῶν
1027 4497 1118 4553 οὖν
1143 4499 1489 4569 ἁπλουστέρα
1519 4500 1612 4552 καὶ
1638 4498 1791 4569 κοινὴ
1821 4500 2004 4562 πίστις

430 4572 668 4631 πάντων.
706 4572 773 4626 At
800 4589 929 4625 mss.
971 4582 1028 4624 ut
1059 4575 1111 4624 in
1144 4581 1423 4624 contextu.

503 4654 789 4726 (9|)VVColb.
822 4650 1069 4721 λέξομεν.
1094 4651 1229 4721 Reg.
1264 4649 1455 4704 tertius
1496 4648 1759 4718 λέξωμεν.
1802 4648 2006 4702 Ἐκεῖνο

431 4726 488 4781 δὲ
530 4725 765 4795 πρῶτον.

507 4811 617 4882 (9‘2)
648 4806 892 4876 Respicit
929 4805 1161 4859 Basilius
1190 4804 1254 4882 ad
1282 4803 1517 4882 aliquam
1557 4802 1680 4882 ﬁdei
1717 4803 2006 4882 formulam

437 4874 816 4937 haereticorum
850 4893 863 4928 :
896 4892 1056 4946 quam
1090 4876 1372 4928 confessus
1402 4875 1599 4946 fuisset
1638 4874 1932 4946 Eunomius
1978 4891 2007 4927 a

437 4969 496 5006 se
521 4952 826 5018 adoptatam
866 4942 1004 5011 esse,
1034 4946 1309 5018 sisincere
1330 4960 1392 5018 ac
1419 4944 1536 4997 sine
1573 4942 1701 5018 [nco
1731 4944 1874 5011 loqui
1915 4960 2004 4997 vo-

437 5012 644 5076 luisset.
701 5020 992 5086 lnterpres,
1049 5013 1326 5086 Credimus
1379 5012 1843 5086 innasciliilitatem
1903 5030 2011 5086 esse

442 5093 536 5145 Dei
598 5090 825 5142 omnium
848 5082 1166 5139 'essentiam.
1214 5082 1320 5137 Sed
1361 5082 1658 5155 ἀγεννησία
1686 5100 1789 5136 non
1830 5093 1909 5155 est
1938 5085 2013 5136 in-

441 5158 792 5221 nascibilitas,
816 5162 910 5210 sed
964 5156 1288 5224 ingeneratio
1324 5170 1343 5207 :
1372 5152 1788 5222 quanf'naturte
1829 5152 2010 5208 dotem

441 5232 531 5302 qui
565 5229 825 5299 possidet,
859 5234 1049 5280 natura
1079 5224 1222 5293 gigni
1256 5239 1357 5278 non
1390 5232 1584 5292 potest.

511 5320 621 5391 (95)
665 5318 798 5386 Reg.
855 5316 1122 5391 secundus
1178 5314 1528 5391 προσϐαλλων
1585 5313 2010 5391 τὴνμάσεϐειαν,

440 5386 700 5444 ἀπίθανον
746 5388 955 5451 ἑαυτόν,
990 5403 1052 5441 ne
1098 5387 1315 5439 auribus
1368 5387 1643 5438 inassuetis
1697 5386 2013 5452 impietate»:

440 5463 702 5529 ingerens,
742 5460 838 5513 sibi
870 5462 980 5524 ipse
1017 5456 1258 5529 detrahat
1290 5455 1470 5529 ﬁdem,
1500 5466 1605 5529 etc.
1628 5455 1746 5529 _Alii
1801 5471 1929 5507 mss.
1961 5463 2017 5507 et

442 5525 573 5585 editi
605 5534 737 5585 utin
771 5538 1044 5593 contextu,
1068 5527 1169 5582 nisi
1200 5528 1343 5595 quod
1370 5526 1422 5577 in
1446 5525 2017 5587 editisleeatnrﬁoos-

444 5602 473 5651 6
479 5601 639 5656 αλών.

515 5682 625 5751 (94)
667 5682 809 5736 Editi
871 5683 1053 5735 οὐκέτι
1115 5676 1441 5747 ἐναντίωμα.
1476 5679 1541 5736 At
1599 5695 1727 5734 mss.
1776 5678 2017 5748 plerique

446 5769 587 5806 omn:
608 5766 635 5806 ε
666 5756 737 5805 ita
764 5761 821 5806 υι
848 5755 1130 5808 edidimus.

2076 1862 2189 1915 ἄνω
2222 1862 2400 1932 λόγοις
2434 1864 2572 1916 πάνυ
2616 1864 2863 1935 σοϐαρῶς
2890 1867 3019 1936 ήμῑν
3064 1853 3535 1938 ἐπαγγελλόμενος
3561 1887 3663 1936 γιο-

2081 1955 2217 2027 μνὴν
2266 1956 2463 2031 παντὸς
2516 1956 2979 2028 προκαλύμματος
3029 1958 3354 2030 ἐκθήσεσθαι
3398 1960 3499 2030 τὴν
3529 1962 3665 2031 ἀλή-

2077 2046 2247 2100 θειαν.
2288 2026 2548 2099 Ἐνταῦθα
2572 2049 2748 2101 τοίνυν
2775 2049 2885 2118 (92)
2912 2066 3014 2102 που
3036 2052 3372 2120 γέγραπται·
3402 2053 3668 2104 Πιστεύε-

2081 2156 2179 2208 μεν
2209 2138 2305 2208 τὴν
2332 2139 2657 2210 ἀγεννησίαν
2680 2140 2867 2194 οὐσίαν
2897 2136 3035 2193 εἶναι
3066 2142 3161 2193 τοῦ
3195 2141 3328 2195 Θεοῦ
3368 2143 3478 2195 τῶν
3500 2144 3664 2208 ὅλων,

2077 2231 2134 2301 ἢ,
2173 2231 2499 2301 πιστεύομεν
2534 2232 2785 2302 ἀνόμοιον
2835 2232 2977 2286 κατὰ
3017 2232 3114 2304 τὴν
3154 2234 3339 2288 οὐσίαν
3380 2232 3523 2287 εἶναι
3572 2238 3665 2288 τὸν

2078 2322 2356 2391 Μονογενῆ
2393 2322 2467 2393 τῷ
2496 2324 2693 2393 Πατρί.
2730 2323 2915 2377 Ταῦτα
2940 2323 3049 2395 γὰρ
3080 2324 3315 2395 ἔγραψεν
3356 2325 3443 2390 ἂν,
3482 2326 3664 2398 εἴπερ,

2077 2413 2154 2476 ὡς
2176 2414 2461 2483 ὑπέσχετο,
2494 2416 2683 2485 μηδενὶ
2710 2417 3173 2488 παραπετάσματι
3209 2417 3410 2489 δολερῷ
3438 2420 3503 2471 τὸ
3532 2423 3665 2471 ἑαυ-

2078 2505 2170 2557 τοῦ
2212 2507 2465 2577 φρόνημα
2496 2507 2862 2571 συνεσκίαζεν.
2920 2510 3080 2577 Ἀλλ’,
3118 2504 3291 2580 οἶμαι,
3339 2513 3508 2564 πᾶσιν
3547 2515 3670 2564 ἐπι-

2082 2596 2287 2661 ϐούλως
2336 2602 2447 2663 τοῖς
2496 2599 2677 2667 λόγοις
2714 2600 3016 2672 χρώμενος,
3070 2601 3137 2654 τὰ
3180 2604 3280 2673 μὲν
3311 2604 3439 2674 παρ’
3469 2605 3670 2657 ἑαυτοῦ

2085 2692 2285 2759 σιωπᾷ,
2328 2690 2413 2742 ἵνα
2443 2690 2517 2760 μὴ
2542 2692 2906 2761 ἀγυμνάστοις
2944 2694 3063 2755 ταῖς
3090 2694 3280 2756 ἀκοαῖς
3309 2694 3672 2764 προσϐάλλων

2082 2780 2343 2834 ἀπίθανον
2370 2782 2559 2834 ἑαυτὸν
2582 2783 2693 2852 (95)
2720 2784 2813 2836 καὶ
2844 2784 3281 2854 δυσπαράδεκτον
3312 2791 3637 2858 καταστήσῃ
3656 2806 3670 2816 ε

2081 2872 2180 2943 τὴν
2205 2872 2261 2924 δὲ
2293 2872 2399 2925 τῶν
2429 2874 2687 2944 Πατέρων
2729 2873 2909 2927 πίστιν
2943 2875 3319 2947 προϐάλλεται,
3356 2879 3390 2947 ἢ
3445 2878 3540 2930 διὰ
3574 2881 3676 2949 τὴν

2087 2963 2361 3033 μεσότητα
2408 2964 2516 3018 τῶν
2562 2967 2621 3018 ὲν
2668 2967 2805 3037 αὐτῇ
2860 2969 3118 3037 ῥημάτων
3158 2968 3281 3021 οὔτε
3320 2988 3373 3023 τι
3411 2973 3677 3024 ἐναντίω-

2089 3070 2165 3124 μα
2195 3055 2304 3122 (94)
2346 3055 2481 3127 πρὸς
2519 3057 2618 3127 τὴν
2659 3057 2786 3128 ὃλην
2827 3057 2922 3109 τοῦ
2963 3057 3121 3125 λόγου
3164 3060 3311 3130 αὐτῷ
3344 3061 3457 3132 (95)
3495 3080 3675 3116 κατα-

2087 3145 2286 3217 σκευὴν
2315 3146 2569 3217 παρέξειν
2596 3147 2808 3217 ἔμελλε,
2842 3150 2936 3201 καὶ
2965 3150 3348 3222 ἀκολουθήσειν
3386 3154 3587 3224 ῥᾳδίως
3619 3157 3679 3206 ἐν

2086 3237 2395 3308 ἐξηγήσεως
2432 3239 2559 3292 εἴδει
2596 3241 2881 3310 μετάγοντι
2911 3243 3002 3295 τὸν
3030 3243 3186 3311 λόγον
3231 3246 3314 3312 ἐφ’
3349 3243 3384 3296 ἃ
3418 3248 3675 3318 προῄρήο

2084 3346 2173 3382 ται
2206 3330 2339 3399 (96).
2379 3331 2466 3394 Ὠς
2494 3331 2550 3384 δὲ
2581 3332 2979 3412 ἀληθῆπαῦτα,
3007 3334 3164 3403 δῆλον
3198 3336 3442 3391 αὐτόθεν.
3486 3338 3679 3390 Ἐκθέ-

2090 3438 2247 3492 μενος
2275 3421 2383 3492 γὰρ
2407 3423 2597 3492 αὐτὴν,
2640 3424 2799 3487 εὐθὺς
2845 3426 3084 3496 ἐπιπήδᾷ
3129 3429 3195 3497 τῇ
3223 3426 3504 3497 ἐξηγήσει,
3546 3446 3678 3498 προ-

2087 3512 2248 3580 φάσει
2284 3514 2564 3584 χρώμενος
2634 3514 2768 3586 ἄλλῃ
2810 3516 2867 3569 τέ
2908 3533 3034 3580 τινι,
3070 3518 3163 3570 καὶ
3200 3518 3282 3570 ὅτι
3313 3520 3412 3571 οὐκ
3450 3517 3681 3590 ἐξαρκεῖ

2096 3604 2231 3674 πρὸς
2255 3606 2353 3676 τὴν
2386 3605 2625 3660 διάλυσιν
2647 3608 2739 3660 τοῦ
2772 3608 3131 3680 ἐγκλήματος.
3176 3611 3331 3674 Τίνος
3362 3607 3455 3664 οὖν
3491 3613 3680 3665 ἕνεκεν

2096 3694 2265 3766 αὐτὴν
2300 3697 2624 3767 προεδάλου,
2664 3699 2777 3752 ἀλλ’
2810 3702 2909 3753 οὐκ
2937 3702 3097 3765 εὐθὺς
3124 3705 3209 3756 ἐπ’
3239 3702 3482 3766 ἐκείνους
3514 3699 3679 3773 ἦλθες

2096 3792 2221 3853 τοὺς
2249 3791 2458 3859 λόγους,
2490 3792 2538 3844 οἳ
2567 3793 2661 3845 καὶ
2682 3792 2742 3845 τὸ
2773 3794 2997 3864 ἀκριϐὲς
3025 3794 3189 3867 εἶχον,
3220 3796 3311 3848 καὶ
3340 3794 3680 3867 ὲξαιρεῖσθαὶ

2100 3901 2157 3936 σε
2191 3881 2297 3935 τῶν
2324 3882 2682 3953 ἐγκλημάτων
2708 3884 2964 3956 ἕμελλον;
2990 3886 3101 3941 Νῦν
3128 3888 3184 3940 δὲ
3208 3887 3551 3958 προτείνεται
3580 3888 3680 3956 μὲν

2094 3975 2169 4037 ὼς
2201 3976 2439 4044 ἀσφαλὲς
2463 3977 2761 4047 κριτήριον,
2782 3977 3084 4048 διορθοῦται
3115 3979 3172 4031 δὲ
3203 3980 3385 4044 πάλιν,
3420 3980 3499 4043 ὡς
3528 3980 3682 4031 οὐδὲν

2096 4067 2247 4135 ὑγιὲς
2282 4066 2528 4137 ἔχουσαν.
2558 4067 2729 4121 Τοῦτο
2758 4068 2815 4122 δὲ
2846 4071 3009 4124 παντὶ
3035 4069 3327 4143 γνώριμον,
3351 4072 3457 4134 ὅτι,
3488 4071 3682 4142 ὥσπερ

2096 4158 2376 4230 ἀγκίστρῳ
2424 4157 2560 4231 πρὸς
2595 4159 2819 4214 θάνατον
2848 4161 3081 4229 ἕλκοντι,
3122 4162 3199 4232 τῷ
3240 4162 3435 4215 ἑαυτοῦ
3478 4166 3683 4233 φρονή·

2180 4429 2290 4497 (95)
2316 4429 2537 4501 Veteres
2565 4429 2910 4501 aliquotlibri
2941 4430 3091 4501 αυτῷ
3122 4429 3427 4501 τοῦλόγου.
3460 4430 3679 4484 inverso

2109 4501 2316 4553 ordine.
2348 4500 2504 4563 Illud,
2537 4500 2630 4552 καὶ
2662 4499 3072 4569 ἀκολουθήσειν,
3096 4500 3236 4569 quod
3271 4500 3454 4551 statim
3494 4504 3682 4567 sequi-

2110 4579 2218 4632 tur,
2277 4571 2487 4622 videtur
2553 4571 2631 4622 sic
2683 4570 2853 4637 accipi
2910 4568 3145 4623 debere:
3182 4568 3394 4621 Rursus
3426 4572 3685 4638 proiionit

2110 4642 2293 4701 tidem,
2329 4654 2448 4707 quae
2486 4638 2642 4693 facile
2672 4655 2793 4693 cum
2819 4640 2935 4693 suis
2969 4640 3149 4697 verbis
3178 4638 3509 4694 consentiat.

2183 4728 2290 4799 (96)
2316 4727 2489 4781 Editio
2519 4738 2746 4796 utraqne
2780 4744 2902 4783 cum
2948 4730 3115 4799 tribus
3149 4744 3281 4783 mss.
3316 4730 3401 4797 ἐφ’
3429 4728 3466 4782 ἃ.
3491 4732 3682 4798 προεί-

2113 4798 2293 4867 ρηται,
2328 4800 2396 4850 ad
2423 4815 2484 4850 ea
2516 4814 2631 4866 qua?
2652 4799 2794 4851 dicta
2826 4808 2967 4851 sunt.
3002 4798 3134 4868 Reg.
3182 4800 3375 4852 tertius
3435 4810 3491 4852 et
3524 4802 3681 4853 Cnlh.

2112 4869 2196 4935 ἐφ’
2218 4868 2252 4920 ἃ
2281 4868 2608 4939 προῄρηται,
2640 4872 2800 4939 adea
2828 4885 2944 4938 qua:
2976 4870 3020 4922 ei
3049 4869 3228 4931 libent,
3257 4870 3481 4937 optime.
3546 4869 3681 4937 Reg.

2112 4938 2339 5006 quartus
2366 4948 2682 5007 antrumque
2729 4938 3012 4991 lectionem
3068 4940 3306 5005 praefert,
3343 4942 3578 5005 primam
3632 4944 3677 4990 iu

2113 5017 2387 5074 contextu,
2428 5010 2650 5060 alteram
2687 5008 2737 5059 in
2778 5022 2869 5059 ora
2909 5009 3052 5061 libri.
3098 5007 3247 5060 llaud
3283 5008 3473 5073 procul
3523 5009 3679 5061 Coll).

2113 5094 2233 5131 cum
2262 5080 2431 5131 altero
2461 5092 2561 5131 ms.
2596 5077 2917 5148 προεϐάλου.
2948 5078 3089 5131 Editi
3116 5078 3471 5147 προεϐάλλου.
3493 5079 3684 5132 Subin-

2114 5150 2180 5219 de
2214 5147 2347 5215 Reg.
2380 5158 2608 5219 quartus
2636 5147 2939 5219 κριτήριον,
2992 5148 3411 5218 ὲπιδιορθοῦται.
3447 5176 3519 5187 -—-
3569 5149 3681 5215 Ἐφ’

2114 5215 2153 5269 ἄ
2186 5215 2535 5285 προῄρηται.
2570 5215 2737 5270 Totus
2768 5215 2853 5272 hic
2897 5220 3045 5272 locus
3089 5215 3411 5272 sic—videtur
3452 5219 3684 5271 redden-

2117 5288 2215 5340 dus
2240 5305 2254 5340 :
2283 5286 2537 5352 Proponit
2564 5287 2786 5340 Patrum
2834 5291 3008 5354 (idem,
3037 5306 3175 5358 quw,
3201 5299 3375 5358 utpote
3401 5289 3573 5339 verbis
3608 5308 3681 5339 m-

2116 5358 2506 5429 eti/ferentibus
2531 5374 2797 5429 constans,
2839 5360 2969 5411 nihil
3009 5356 3145 5429 quod
3177 5358 3269 5409 toti
3303 5356 3447 5409 illius
3481 5362 3677 5409 oratio-

2118 5428 2197 5478 nis
2226 5426 2600 5479 constructioni
2636 5440 2903 5495 repugnet,
2928 5426 3225 5480 exhibitura
3276 5439 3411 5491 erat,
3463 5444 3681 5496 etunque

2119 5497 2275 5563 [urile
2321 5505 2586 5557 secutura,
2615 5498 2658 5548 si
2705 5512 2993 5550 sermonem
3025 5497 3117 5551 sub
3144 5498 3485 5563 expositionis
3518 5514 3683 5565 specie

2118 5568 2185 5619 ad
2216 5584 2296 5626 ea,
2351 5584 2465 5635 qua:
2512 5570 2751 5626 intendit,
2795 5569 3119 5636 trmtsferret.
3160 5566 3288 5621 "(ac
3344 5580 3523 5621 autem
3574 5583 3685 5621 rem

2118 5654 2227 5691 esse
2258 5654 2351 5691 sua
2374 5648 2552 5705 sponte
2591 5638 2771 5705 liquet.
2801 5638 3011 5690 Marus.
