3836 6222
165 241 287 298 545

1273 239 1644 296 ADVERSUS
1683 238 2050 294 EUNOMIUM
2091 238 2221 293 LIB.
2267 239 2308 294 1.

3319 237 3424 290 514

163 381 310 436 ματι
341 367 403 418 τὸ
431 363 634 419 ἁπλοῦν
663 365 762 435 τῆς
791 363 1025 428 πίστεως
1059 363 1192 436 (97),
1223 359 1332 418 οἶόν
1353 383 1407 418 τι
1430 365 1642 437 δέλεαρ,
1665 382 1746 418 πε-

1863 378 1974 417 suae
2001 362 2144 418 velut
2173 363 2334 418 hamo
2363 360 2430 416 ad
2467 370 2696 416 mortem
2735 361 2972 416 trahenti
3019 357 3424 430 simplicitatem

161 455 443 527 ριϐάλλει,
473 455 560 508 ἵνα
591 455 670 526 τῷ
701 457 1010 526 φαινομένῳ
1043 457 1431 528 ἐπιδραμόντες
1455 458 1504 510 οἱ
1534 457 1756 528 ἀπειρό-

159 562 346 616 τεροι,
379 546 705 614 ἀφυλάκτως
729 545 807 616 τῷ
841 546 995 617 κακῷ
1026 546 1126 616 τῆς
1157 547 1412 610 ἀσεϐείας
1437 545 1753 618 περιπαρῶ-

163 651 280 690 σιν.
323 636 410 698 Ὠξ
453 636 518 689 ἂν
559 635 617 689 δὲ
651 636 726 706 μὴ
759 635 960 700 δόξειεν
994 637 1122 690 ἄνευ
1151 637 1396 706 ἀνάγκης
1425 639 1490 707 τῇ
1521 637 1754 706 ἐπιδιορρ

167 726 342 780 θὼσει
383 729 481 798 τῆς
523 727 756 790 πίστεως
801 730 1091 800 ἐγχειρεῖν,
1129 731 1194 799 ἢν
1225 731 1384 794 αὐτὸς
1415 730 1752 798 ἀπεσέμνυνε

165 823 296 884 ταῖς
329 821 654 885 ὑπερϐολαῖς
683 821 792 874 τῶν
821 823 1078 886 ἐπαίνων,
1101 823 1322 892 ταύτην,
1351 823 1540 892 ὥσπερ
1566 820 1754 874 ἐπιλα-

165 913 400 982 ϐόμενος
428 913 538 984 (98)
565 913 674 966 τῶν
708 913 902 968 ἐαυτοῦ
932 913 1126 984 λόγων,
1164 913 1434 984 σκέψασθε
1477 913 1594 976 πῶς
1639 913 1752 966 δια-

163 1004 304 1076 σὺρε
317 1022 354 1056 ι.

239 1096 403 1150 ΕΥΝ.
459 1096 522 1148 Ἦ
557 1097 656 1166 μὲν
683 1090 776 1149 οὑν
805 1095 1148 1168 ἁπλουστέρα
1198 1098 1293 1149 καὶ
1340 1096 1489 1166 κοινή
1535 1094 1750 1148 πάντων

161 1187 356 1250 πίστις
381 1189 525 1251 ὅσοις
555 1187 614 1240 τὸ
640 1187 815 1241 δοκεῖν
848 1188 879 1258 ἢ
911 1190 972 1242 τὸ
1011 1186 1150 1242 εἶναι
1192 1189 1535 1259 Χριστιανοῖς
1559 1189 1752 1258 ἐπιμε-

161 1279 280 1342 λὲς,
309 1280 384 1343 ὡς
405 1282 460 1332 ἐν
490 1281 752 1351 ἐπιδρομῇ
777 1279 1304 1351 κεφαλαιωδέστερον
1331 1283 1524 1346 εἰπεῖν,
1555 1279 1712 1350 αὕτη.

241 1371 392 1423 ΒΑΣ.
419 1371 553 1423 Εἰπέ
581 1388 691 1440 μοι,
715 1372 746 1440 ἡ
773 1370 1000 1440 εὐσεϐὴς
1021 1369 1126 1422 τῶν
1151 1371 1409 1441 Πατέρων
1433 1370 1747 1441 παράδοσις,

159 1461 266 1514 καὶ
293 1464 322 1514 6
349 1461 547 1524 κανὼν,
579 1462 654 1523 ὡς
679 1461 842 1524 αὐτὸς
863 1461 1172 1531 ὠνόμασας,
1205 1462 1298 1513 καὶ
1321 1463 1348 1514 6
1375 1458 1630 1531 γνώμων,
1657 1461 1750 1513 καὶ

161 1553 230 1606 τὸ
261 1553 504 1621 ἀσφαλὲς
531 1552 638 1622 (99)
671 1553 972 1623 κριτήριον,
1003 1552 1098 1605 νῦν
1130 1552 1358 1622 ὄργανον
1386 1553 1622 1623 ἀπάτης,
1656 1553 1749 1604 καὶ

157 1644 334 1714 τέχνη
373 1643 776 1714 σχηματισμοῦ,
811 1643 904 1695 καὶ
927 1641 996 1695 τὰ
1022 1642 1241 1695 τοιαῦτα
1279 1641 1439 1696 πάλιν
1481 1659 1750 1712 προσαγο-

161 1717 392 1807 ρεύεται
423 1735 534 1806 (ι);
565 1736 627 1788 Εἰ
654 1735 762 1806 γὰρ
791 1736 910 1806 οὐχὶ
932 1737 1045 1799 τοῖς
1073 1736 1240 1800 ὅντως
1265 1733 1382 1789 οὖσι
1405 1738 1749 1808 Χριστιανοῖς

155 1827 494 1899 ἐφαρμόζει,
529 1827 664 1880 ἀλλὰ
697 1831 806 1892 τοῖς
833 1828 892 1881 τὸ
919 1827 1092 1882 δοκεῖν
1119 1827 1222 1899 πρὸ
1249 1829 1342 1880 τοῦ
1375 1824 1509 1882 εἶναι
1534 1845 1754 1900 τετιμη-

155 1920 312 1982 κόσι,
339 1919 390 1972 τί
416 1919 542 1972 ἄλλο
567 1919 694 1990 περὶ
725 1919 894 1988 αὐτῆς
919 1920 1372 1990 ὑπολαμϐάνεινῆ
1397 1919 1566 1974 ταῦτα
1591 1937 1750 1991 προσ-

161 2009 306 2081 ﬁxe;
339 2009 434 2072 Τίς
475 2008 542 2061 ἂν
575 2003 687 2072 οὖν,
727 2009 800 2078 μὴ
836 2009 1112 2072 παντελῶς
1143 2009 1490 2080 παραπαίων,
1527 2010 1616 2062 τὸν
1653 2027 1753 2063 κα-

161 2101 295 2154 νόνα
321 2099 414 2153 τοῦ
443 2099 643 2163 εὐθέως
675 2103 788 2164 τοῖς
815 2099 912 2171 τὴν
943 2100 1118 2171 ψυχὴν
1145 2101 1544 2170 ἐνδιαστρόφοις
1578 2101 1749 2172 ἀρμόρ

161 2191 282 2257 ζειν
309 2191 473 2254 εἴποι,
503 2191 699 2243 καὶτὸν
723 2190 976 2261 γνώμονα
996 2193 1092 2261 τῆς
1115 2191 1370 2262 ἀληθείας
1399 2193 1509 2254 τοῖς
1538 2191 1751 2262 ἐχθροῖς

163 2283 267 2353 τῆς
321 2281 609 2352 ἀληθείας
663 2283 726 2334 Οἱ
780 2283 888 2354 γὰρ
927 2281 986 2336 τὸ
1033 2282 1392 2354 ὀνομάζεσθαι
1437 2283 1751 2355 Χριστιανοὶ

163 2373 276 2444 πρὸ
307 2372 402 2426 τοῦ
435 2372 651 2442 ἀληθῶς
687 2366 825 2426 εἶναι
853 2373 1228 2444 τετιμηκότες,
1257 2375 1349 2427 ἐπὶ
1379 2377 1442 2444 τῇ
1485 2373 1591 2426 τῶν
1625 2373 1752 2426 πολ-

163 2465 276 2518 λῶν
305 2465 493 2538 ἀπάτῃ
522 2466 597 2537 (2)
625 2466 714 2520 τὸν
751 2467 1126 2537 σχηματισμὸν
1155 2465 1344 2519 τοῦτον
1375 2459 1747 2536 ὑποδυόμενοι,

163 2557 365 2628 πόρρω
428 2557 610 2626 πάσης
661 2555 954 2627 εὐθύτητος
1007 2559 1098 2611 καὶ
1133 2557 1387 2627 ἀληθείας
1425 2556 1584 2612 εἰσίν.
1614 2555 1750 2610 Οὔτε

159 2645 256 2702 οὖν
289 2647 718 2719 διεστραμμένον
753 2649 1264 2722 κατευθυνθήσεται,
1295 2650 1370 2713 ὡς
1395 2649 1489 2702 τοῦ
1525 2649 1751 2722 Ἐκκλη-

165 2737 450 2794 σιαστικοῢ
477 2739 654 2808 λόγος,
693 2739 816 2793 οὐτε
847 2741 916 2794 τὰ
945 2743 1042 2812 τῆς
1073 2741 1326 2812 ἀληθείας
1351 2743 1606 2813 κριτήρια
1639 2745 1750 2806 τοῖς

161 2831 224 2884 τὺ
275 2831 471 2900 ψεῦδος
525 2833 666 2885 κατά
701 2833 792 2886 τὸν
827 2831 941 2902 βίον
985 2833 1278 2904 ᾑρημένοις
1313 2833 1564 2905 ἁρμόσει,
1613 2833 1748 2905 ὅπερ

161 2923 342 2994 τούτῳ
369 2923 531 2977 δοκεῖ.

235 3015 292 3070 5.
349 3015 509 3068 Ἀλλά
549 3015 617 3070 δι’
649 3015 717 3078 ἃς
751 3009 903 3069 εἷπον
939 3015 1118 3079 αἰτίας
1159 3017 1238 3080 εἰς
1265 3015 1406 3070 οὕτω
1449 3015 1744 3089 προδήλους
1775 3050 1820 3112 C

161 3107 546 3178 ἐναντιότητας
589 3107 881 3179 ὑπενέχθη,
941 3108 1026 3161 ἵνα
1057 3103 1138 3172 οἷς
1163 3109 1264 3178 μὲν
1293 3111 1504 3162 ἐπαινεῖ
1525 3109 1620 3180 τὴν
1654 3109 1744 3162 πί-

163 3217 288 3253 στιν
307 3205 582 3254 κοινωνεῖν
607 3204 717 3264 τοῖς
737 3201 983 3271 Πατράσι
1001 3201 1098 3265 τῆς
1121 3202 1398 3266 εὐσεϐείας
1419 3202 1564 3276 δόξῃ,
1593 3197 1672 3265 οἷς
1690 3201 1746 3254 δὲ

161 3291 502 3362 λαμϐάνεται
532 3291 689 3344 πάλιν
709 3291 898 3360 αὐτῆς,
923 3291 1020 3362 τὴν
1043 3291 1158 3344 ὁδὸν
1187 3291 1264 3362 (5)
1286 3291 1462 3362 ἐαυτῷ
1485 3293 1620 3362 πρὸς
1649 3291 1746 3362 τὴν

163 3384 428 3456 ἐξήγησιν
459 3383 742 3458 ὑπανοίξῃ.
779 3383 876 3436 Διά
909 3383 1068 3436 τοῦτο
1095 3385 1194 3454 τὴν
1231 3384 1398 3456 αὐτὴν
1425 3387 1518 3438 καὶ
1547 3387 1748 3439 κανόνα

163 3479 338 3546 λέγει,
381 3478 474 3530 καὶ
527 3476 844 3547 προσθήκης
887 3477 1050 3547 φησιν
1097 3476 1491 3548 ἀκριϐεστέρας
1519 3476 1742 3530 δεῖσθαι.

163 3571 338 3624 Τοῦτο
366 3571 422 3624 δέ
449 3571 582 3624 αὑτὸ
616 3570 690 3640 (4)
725 3571 817 3623 καὶ¹
846 3570 945 3639 τῆς
972 3570 1208 3639 ἐσχάτης
1231 3569 1496 3638 ἀμαθείας
1525 3573 1747 3640 σημεῖον

163 3662 330 3724 Εστω,
354 3661 408 3714 εί
435 3679 514 3732 τῳ
533 3663 628 3714 καὶ
653 3661 812 3714 τοῦτο
837 3661 986 3730 φίλον
1014 3660 1418 3734 παρεξετάζειν.
1455 3663 1514 3714 Ὀ
1539 3663 1646 3732 γάρ
1667 3679 1748 3714 τοι

167 3751 374 3815 κανὼν,
405 3747 450 3806 ὧ
476 3751 775 3822 σοφώτατε,
823 3753 918 3804 καὶ
965 3751 996 3802 6
1042 3749 1294 3821 γνώμων,
1345 3750 1448 3814 ἓως
1478 3751 1544 3804 ἂν
1583 3751 1748 3820 μηδὲν

165 3845 327 3918 ἐνδέῃ
375 3843 470 3898 τοῦ
503 3843 684 3898 κανὼν
714 3839 853 3897 εἶναι
883 3845 976 3897 καὶ
1001 3843 1256 3913 γνώμων,
1287 3842 1542 3911 οὐδεμίαν
1582 3859 1748 3913 προσ-

167 3937 344 4008 θήκην
371 3938 452 3999 εῑς
477 3935 762 4006 ἀκρίϐειαν
783 3935 1106 4010 ἐπιδέχεται.
1149 3933 1306 3987 Κατὰ
1337 3931 1446 4002 γὰρ
1471 3929 1532 3984 τὸ
1581 3933 1750 3985 ἐλλεῖ-

167 4045 272 4081 πον
309 4029 342 4098 ή
371 4025 680 4098 πρόσθεσις.
740 4026 970 4087 Ἀτελείς
1002 4025 1058 4076 δὲ
1083 4025 1440 4094 ὑπάρχοντες,
1487 4023 1608 4077 οὐδέ
1641 4025 1747 4078 τῶν

169 4119 552 4190 προσηγοριῶν
585 4119 788 4172 τούτων
841 4119 1010 4187 ὑγιῶς
1051 4117 1116 4170 ἂν
1145 4117 1224 4170 ἔτι
1263 4118 1600 4186 τυγχάνοιεν.
1641 4119 1748 4170 Καὶ

167 4209 342 4264 ταῦτα
377 4211 475 4280 μὲν
511 4212 590 4272 εἰς
626 4209 900 4263 τοσοῦτον.
945 4208 1082 4277 Ἤδη
1113 4207 1170 4260 δέ
1207 4208 1300 4261 καὶ
1339 4205 1433 4269 οὓς
1473 4203 1747 4259 ἐκτίθεται

169 4305 300 4374 περὶ
329 4301 463 4354 Θεοῦ
496 4301 686 4370 λόγους
712 4299 1159 4369 ἐπισκεψώμεθα.

1861 453 1979 509 fidei
2009 469 2104 508 ceu
2137 469 2314 510 escam
2347 453 2637 524 quamdam
2682 451 3004 518 circumdat,
3041 461 3098 504 ut
3126 449 3424 519 imperitio-

1859 557 1946 598 res
1979 543 2046 596 ad
2083 542 2134 596 id
2175 543 2316 612 quod
2350 552 2574 611 apparet
2602 541 2954 606 festinantes,
2986 542 3199 594 incaute
3236 540 3427 608 impie-

1859 635 1988 688 tatis
2019 635 2230 690 scelere
2275 635 2682 700 transfigantur.
2733 632 2839 688 Sed
2889 649 2958 688 ue
3007 634 3250 689 videatur
3286 634 3422 688 citra

1857 725 2230 780 necessitatem
2281 727 2716 780 emendationem
2770 724 2890 778 fidei
2948 725 3208 794 aggredi,
3260 739 3422 793 quam

1853 816 1971 886 ipse
2016 817 2528 872 summis-laudibus
2580 817 2797 879 extulit,
2839 817 3014 870 videte
3056 817 3325 886 quomodo
3371 815 3422 871 ei

1853 909 2008 978 quasi
2041 911 2328 966 verborum
2353 925 2570 966 suorum
2604 909 2802 964 oblitus
2829 909 3097 964 detrahat.

1921 1086 2056 1142 Eua.
2088 1085 2396 1159 Simplicior
2423 1088 2582 1160 igitur
2609 1089 2980 1145 etcommunis
3004 1089 3134 1144 lldes
3156 1089 3417 1152 omnium,

1851 1181 1942 1251 qui
1981 1192 2074 1234 aut
2101 1181 2294 1244 videri,
2323 1191 2414 1234 aut
2445 1197 2563 1236 esse
2589 1182 2886 1237 Christiani
2919 1181 3163 1251 cupiunt,
3191 1191 3250 1236 ut
3273 1196 3422 1236 com-

1851 1275 2048 1343 pendio
2073 1289 2134 1328 ac
2161 1275 2470 1328 summatim
2503 1275 2676 1328 dicam
2700 1307 2722 1338 ,-
2748 1275 2863 1330 ba'c
2890 1285 2992 1330 est.

1921 1362 2047 1418 Bas.
2091 1363 2184 1416 Dic
2229 1363 2385 1427 mihi,
2433 1363 2520 1428 pia
2564 1362 2784 1418 Patrum
2827 1364 3046 1418 traditio
3095 1362 3418 1432 regulaque,

1852 1457 1927 1510 uti
1965 1457 2078 1524 ipse
2133 1457 2465 1524 nominasti,
2495 1466 2550 1512 et
2595 1457 2858 1520 amussis,
2898 1467 3120 1525 tutaque
3142 1456 3422 1524 judicandi

1851 1550 1993 1604 ratio
2025 1589 2038 1612 ,
2075 1563 2218 1603 nunc
2269 1563 2459 1602 rursus
2506 1549 2923 1602 instrumentum
2967 1548 3202 1612 fraudis,
3233 1557 3291 1602 et
3335 1563 3422 1602 ars

1851 1641 2174 1707 simulandi,
2215 1649 2269 1696 et
2309 1641 2411 1694 alia
2443 1641 2495 1694 id
2528 1656 2695 1710 genus
2738 1641 3076 1710 appellatur?
3119 1641 3329 1694 Etenim
3375 1639 3422 1695 si

1781 1713 1822 1768 Β
1851 1747 1946 1786 eos
1979 1733 2068 1802 qui
2101 1747 2228 1787 vere
2271 1731 2570 1787 Christiani
2612 1741 2736 1787 sunt
2782 1747 3118 1802 nequaquam
3147 1731 3338 1798 decet,
3369 1738 3425 1784 at

1853 1824 1919 1878 iis
1963 1834 2136 1878 tamen
2170 1824 2259 1893 qui
2293 1824 2462 1878 videri
2510 1839 2667 1892 quam
2697 1839 2817 1880 esse
2847 1825 3071 1889 malunt,
3109 1825 3235 1893 quid
3277 1823 3420 1878 aliud

1853 1917 1918 1971 de
1945 1933 2004 1970 ea
2037 1932 2198 1986 quam
2229 1916 2354 1970 talia
2386 1917 2591 1971 sentire
2620 1917 2910 1972 convenit?
2940 1915 3072 1984 Quis
3105 1917 3287 1988 igitur,
3317 1919 3423 1973 nisi

1852 2008 2074 2063 demens
2121 2007 2342 2062 omnino
2377 2009 2470 2072 sit,
2528 2009 2726 2063 dixerit
2767 2008 3003 2080 regulam
3055 2013 3185 2064 recti
3225 2011 3290 2064 iis
3329 2010 3422 2078 qui

1851 2100 2030 2154 animo
2059 2115 2311 2168 perverso
2347 2111 2476 2156 sunt
2503 2103 2812 2164 convenire,
2849 2110 2943 2154 aut
2967 2103 3214 2156 veritatis
3241 2117 3423 2156 amus-

1852 2193 1978 2256 sim,
2023 2194 2089 2248 iis
2122 2195 2212 2262 qui
2245 2194 2490 2248 veritatis
2523 2203 2649 2248 sunt
2675 2193 2915 2248 inimici?
2941 2192 3040 2260 Qui
3070 2181 3211 2248 enim
3238 2194 3422 2248 vocari

1850 2283 2146 2339 Christiani
2173 2300 2331 2354 quam
2365 2301 2488 2340 vere
2511 2300 2630 2338 esse
2658 2285 2984 2354 maluerunt,
3017 2286 3418 2341 simulationem

1853 2379 1992 2432 hanc
2035 2379 2102 2432 ad
2135 2378 2332 2432 multos
2365 2376 2713 2448 decipiendos
2757 2380 3076 2440 induentes,
3126 2379 3308 2447 procul
3354 2380 3421 2432 ab

1849 2469 1994 2523 omni
2043 2469 2370 2522 rectitudine
2405 2485 2469 2522 ac
2520 2470 2755 2524 veritate
2785 2471 3002 2525 absunt.
3043 2469 3227 2539 Neque
3261 2471 3424 2539 igitur

1850 2559 2140 2614 distortum
2199 2559 2481 2629 dirigetur,
2543 2561 2689 2616 velut
2737 2560 3093 2617 Ecclesiastes
3149 2562 3282 2617 dixit
3314 2562 3360 2594 ⁸⁸
3403 2577 3419 2617 :

1851 2665 2026 2716 neque
2046 2651 2290 2706 veritatis
2308 2652 2508 2720 judicia
2531 2653 2596 2707 iis
2625 2653 2715 2724 qui
2745 2654 2797 2706 in
2815 2653 2920 2707 vita
2943 2655 3282 2708 mendacium
3301 2669 3422 2709 am-

1849 2741 2050 2811 plexati
2103 2752 2262 2808 sunt,
2299 2745 2630 2799 convenient
2668 2761 2682 2797 :
2732 2747 2874 2816 quod
2922 2747 3140 2817 quidem
3185 2749 3309 2804 huic
3345 2749 3424 2802 vi-

1849 2834 2026 2889 detur.

1925 3011 1977 3066 5.
2020 3009 2220 3067 Verum
2265 3013 2336 3068 ob
2363 3029 2459 3070 eas
2489 3029 2626 3084 quas
2657 3015 2815 3071 retuli
2846 3031 3038 3071 causas
3079 3026 3184 3072 tam
3235 3027 3424 3088 aperte

1853 3122 2036 3162 secum
2075 3116 2296 3178 pugnat,
2333 3117 2394 3162 ut
2439 3109 2564 3164 dum
2611 3109 2793 3164 laudat
2825 3109 3008 3176 fidem,
3055 3110 3271 3179 pietatis
3319 3111 3424 3165 Pa—

1852 3207 1994 3249 trum
2046 3199 2315 3267 particeps
2360 3213 2480 3254 esse
2532 3199 2778 3253 videatur
2823 3217 2836 3252 :
2893 3201 3018 3252 dum
3076 3215 3205 3254 vero
3251 3199 3423 3271 ipsam

1849 3302 2042 3342 rursus
2075 3289 2418 3354 criminatur,
2453 3290 2593 3344 viam
2639 3292 2739 3347 sibi
2775 3293 2983 3360 aperiat
3026 3293 3093 3345 ad
3127 3293 3422 3361 expositio-

1849 3398 1994 3438 nem.
2024 3382 2364 3454 Quapropter
2401 3386 2644 3440 eamdem
2679 3394 2734 3440 et
2761 3386 2997 3455 regulam
3035 3389 3286 3456 appellat,
3320 3387 3424 3442 ait-

1851 3491 1958 3545 que
2006 3492 2125 3532 eam
2178 3479 2550 3534 additamenta
2603 3481 2944 3536 accuratiore
3001 3481 3260 3550 indigere.
3311 3479 3424 3536 Hoc

1851 3570 2030 3638 ipsum
2089 3581 2272 3626 autem
2319 3571 2480 3626 etiam
2539 3581 2798 3626 extremae
2847 3571 3167 3641 ignorantia:
3210 3577 3424 3644 signum

1851 3659 2040 3725 fuerit,
2075 3661 2119 3716 si
2155 3662 2242 3716 cui
2277 3661 2328 3716 id
2361 3676 2580 3731 quoque
2607 3663 2916 3731 disquirere
2946 3661 3181 3718 libuerit.
3219 3664 3422 3734 Regula

1849 3753 1994 3806 enim
2043 3759 2097 3806 et
2147 3751 2399 3817 amussis,
2454 3765 2486 3804 ο
2535 3751 2953 3820 sapientissime,
3011 3753 3245 3820 quandiu
3288 3754 3423 3808 nihil

1849 3843 2082 3898 defuerit
2133 3843 2421 3912 quominus
2467 3843 2650 3914 regula
2709 3845 2816 3897 sint
2859 3854 2913 3898 et
2957 3831 3122 3916 214
3165 3847 3422 3912 amussis,

1849 3937 2215 3991 accessionem
2257 3935 2458 3990 nullam
2489 3937 2556 3990 ad
2601 3936 2969 4006 integritatem
3000 3938 3308 3992 admittunt.
3337 3937 3425 3994 Fit

1849 4029 1993 4082 enim
2064 4030 2306 4082 accessio
2355 4028 2424 4082 ob
2475 4025 2764 4082 defectum.
2808 4029 2958 4094 Quod
3001 4029 3045 4083 si
3093 4029 3425 4099 imperfectae

1849 4118 2072 4184 fuerint,
2103 4133 2172 4172 ne
2197 4119 2296 4172 has
2335 4117 2554 4186 quidem
2594 4117 2982 4187 appellationes
3001 4118 3115 4186 jam
3148 4127 3296 4174 recte
3327 4135 3424 4173 ac-

1848 4199 2114 4279 ceperint.
2155 4209 2260 4264 Sed
2286 4209 2352 4264 de
2389 4209 2472 4264 his
2499 4210 2655 4265 satis.
2685 4207 2800 4262 iam
2835 4225 2966 4264 vero
2995 4211 3156 4265 etiam
3191 4224 3328 4281 quos
3357 4211 3424 4267 de

1851 4301 1960 4354 Deo
1991 4301 2192 4368 profert
2218 4315 2496 4356 sermones
2531 4301 2961 4356 consideremus.

240 4379 402 4445 ET'N.
437 4385 532 4454 Εἷς
572 4392 770 4454 τοίνυν,
803 4391 956 4461 φησὶ,
998 4389 1138 4442 κατά
1161 4406 1228 4440 τε
1271 4385 1504 4458 φυσικὴν
1541 4385 1746 4440 ἔννοιαν

1925 4392 2058 4446 EUN.
2101 4390 2208 4445 Nos
2235 4393 2420 4462 igitur,
2451 4392 2647 4459 inquit,
2681 4408 2845 4446 unum
2879 4395 3042 4447 Deum
3072 4393 3299 4464 etjuxta
3325 4411 3423 4451 na-

169 4486 268 4540 καὶ
295 4483 438 4538 κατὰ
471 4483 567 4556 τὴν
598 4483 706 4536 τῶν
730 4483 988 4554 Πατέρων
1014 4481 1356 4534 διδασκαλίαν
1394 4482 1522 4550 ἡμῖν
1543 4479 1746 4548 ὡμολό-

168 4593 334 4648 γηται
369 4575 522 4637 Θεὸς,
549 4575 684 4644 μήτε
717 4573 844 4644 παρ’
879 4570 1070 4624 ἐαυτοῦ
1107 4572 1244 4641 μήτε
1265 4569 1394 4640 παρ’
1431 4569 1616 4640 ἐτέρου
1649 4586 1744 4636 γε·

163 4669 412 4738 νόμενος.
469 4666 756 4736 Ἑκάτερον
807 4663 914 4734 γάρ
973 4661 1150 4716 αὐτῶν
1215 4661 1409 4732 ἐπίσης
1463 4660 1744 4724 ἀδύνατον,

245 4823 290 4856 ⁸⁸
323 4822 504 4879 Eccle.
535 4839 576 4886 ι,
613 4820 700 4877 15.
757 4789 760 4792 Ι

241 4977 354 5048 (97)
381 4979 557 5033 Editio
583 4987 810 5047 utraque
838 4991 962 5048 cum
1015 4975 1146 5048 Reg.
1185 4975 1395 5048 quinto,
1424 4974 1486 5048 τὸ
1532 4971 1740 5048 ἁπλοῦν

167 5047 270 5120 τῆς
297 5046 598 5112 ἐπιτάσεως
623 5063 640 5080 ο
673 5046 812 5120 unde
853 5046 1148 5120 Cernaritis
1177 5063 1193 5101 :
1225 5046 1608 5120 simplicitatem
1647 5047 1734 5120 in_—

167 5113 540 5174 crebrescentis
587 5118 862 5171 orationis.
891 5117 963 5169 At
1001 5117 1154 5170 Colb.
1191 5127 1244 5169 et
1267 5131 1361 5169 sex
1392 5115 1482 5168 alii
1516 5129 1647 5169 mss.
1673 5113 1736 5166 τὸ

165 5187 374 5260 ἁπλοῦν
400 5190 506 5260 τῆς
533 5191 792 5260 πίστεως,
817 5187 1208 5260 simplicitatem
1233 5187 1378 5260 ﬁdei.
1543 5247 1550 5253 _

243 5257 352 5326 (98)
395 5255 529 5313 Editi
553 5256 1053 5328 ἐπιλανθανόμενος.
1087 5255 1304 5310 Veteres
1333 5259 1437 5310 duo
1467 5257 1586 5311 libri
1615 5259 1736 5310 ἐπι-

165 5327 484 5400 λαθόμενος.

239 5394 354 5468 (99)
387 5399 563 5468 codex
593 5412 730 5452 unus
755 5397 848 5451 καὶ
870 5396 930 5450 τὸ
952 5395 1376 5466 ἀσφαλέστατον.
1438 5394 1558 5450 Mox
1594 5395 1732 5462 Reg.

165 5467 362 5524 tertius
393 5467 487 5521 νῦν
519 5468 746 5538 ὄργανα.

239 5539 482 5610 (lLEditi
507 5533 1035 5610 προσαγορεύονται,
1055 5537 1278 5610 Αιγῐιιεε.
1303 5533 1734 5610 γπροσαγορεὺε-

163 5607 277 5662 ται.
303 5607 442 5661 Nota
490 5607 1074 5678 interrogationisrhic
1135 5609 1407 5678 invenitur
1445 5609 1496 5658 iu
1549 5607 1732 5678 multis

166 5693 298 5734 mss.
342 5677 536 5734 Statim
577 5673 723 5732 editi
743 5679 870 5750 περὶ
903 5677 1070 5732 αὐτοῦ
1119 5676 1541 5748 ὑπολαμϐάνειν.
1581 5673 1728 5730 Libri

487 5767 761 5836 Parnm.
806 5776 922 5837 Gn.
961 5774 1200 5836 XXIX.

1853 4481 2083 4534 turalem
2121 4481 2396 4534 notionem
2443 4491 2499 4536 et
2521 4483 2676 4547 juxta
2709 4481 2928 4536 Patrum
2963 4484 3260 4538 doctrinam
3295 4501 3424 4540 con—

1857 4568 2094 4632 fitemur,
2143 4585 2318 4638 neque
2353 4585 2382 4624 a
2431 4571 2646 4640 seipse,
2702 4587 2877 4640 neque
2926 4573 2992 4626 ab
3041 4573 3150 4628 alio
3199 4573 3422 4630 factum.

1852 4659 1990 4715 Nam
2039 4673 2330 4732 utrumque
2375 4663 2568 4718 horum
2621 4681 2686 4718 ex
2726 4679 2883 4734 reque
2927 4663 3042 4720 fieri
3086 4681 3194 4722 non
3223 4677 3422 4737 potest,

1845 4973 2050 5042 antiqui
2077 4971 2204 5042 περὶ
2233 4972 2424 5042 αὐτῆς.

1915 5041 1990 5117 (2)
2023 5041 2172 5117 Coll).
2209 5058 2328 5117 cum
2360 5041 2494 5110 Reg.
2525 5041 2802 5117 tertioggr}
2820 5043 2921 5114 τὴν
2947 5043 3185 5117 ἀπάτην.
3215 5044 3422 5117 Locum

1847 5113 2190 5186 Ecclesiastae
2221 5114 2299 5166 sic
2317 5128 2630 5186 expressere
2665 5111 2800 5186 L_XX
2841 5111 3336 5186 [Διεστρσίμμένον
3361 5115 3422 5168 οὑ

1841 5184 2124 5255 δυνήσεται
2159 5181 2638 5255 ἐπικοσμηθῆναι,
2695 5181 3006 5238 Peraea-sum
3059 5181 3190 5240 ’ποθί
3234 5188 3424 5255 poterit

1842 5251 2129 5324 adornari.
2159 5253 2314 5324 Vulg.
2341 5251 2582 5324 Perveni
2605 5255 2814 5322 diﬂicife
2841 5257 3206 5324 corriguntur.

1915 5324 1990 5392 (ὅ)
2040 5323 2198 5384 Editi,
2239 5323 2307 5375 δι’
2351 5323 2415 5384 ἃς
2449 5323 2746 5393 εἴπομεν...
2803 5323 2993 5394 αὐτῆς
3029 5324 3170 5380 ὁδόν.
3197 5323 3425 5379 Codices

1843 5395 2090 5449 melioris
2123 5403 2264 5444 nota:
2291 5403 2348 5444 ut
2384 5395 2436 5446 in
2461 5405 2740 5446 contextu.

1915 5463 1987 5534 (4)
2025 5463 2365 5534 ΕιΙίιίΠΤοῦτο
2481 5462 2672 5534 αὐτοῦ.
2709 5465 2932 5532 Antiqui
2963 5465 3070 5519 duo
3107 5464 3230 5519 libri
3266 5462 3426 5518 τοῦτο

1839 5533 1897 5588 δέ
1925 5532 2078 5586 αὑτό.
2099 5533 2200 5587 Alii
2229 5535 2334 5603 duo
2357 5532 2514 5585 τοῦτο
2541 5532 2597 5585 δὲ
2621 5534 2788 5602 αὐτῷ.
2818 5535 2972 5600 Quod
3001 5536 3282 5603 aliquanto
3303 5546 3426 5602 post

1841 5605 2054 5674 legitur,
2109 5601 2341 5675 Ἀτελεῖς
2389 5601 2828 5675 δὲ-ὐπάρχοντες
2859 5647 2875 5671 ,
2934 5601 3124 5660 referri
3168 5601 3329 5661 debet
3355 5606 3424 5660 ad

1839 5671 2000 5730 voces
2027 5676 2056 5727 6
2083 5672 2281 5739 κανὼν,
2313 5675 2342 5726 6
2377 5671 2632 5744 γνώμων.

3033 5769 3102 5828 1⁸7
