3836 6222
475 255 580 314 515

1780 249 1835 306 3.
1880 250 2121 308 BASlLll
2162 249 2374 308 MAGNI

3609 251 3712 308 516

474 393 595 430 cum
623 391 806 431 revera
833 375 884 429 id
913 374 1052 442 quod
1074 372 1221 436 facit,
1241 371 1389 440 prius
1409 385 1526 425 esse
1548 379 1794 440 oporteat
1812 385 1876 423 eo
1895 371 2037 440 quod

2148 369 2325 440 ἐπειδή
2366 386 2426 438 γε
2456 370 2536 423 δεῖ
2562 370 2700 423 κατὰ
2733 368 2988 440 ἀλήθειαν
3017 364 3076 421 τδ
3105 367 3288 423 ποιοῦν
3308 367 3402 421 τοῦ
3425 371 3712 440 γινομένου

475 471 564 528 fit;
596 479 649 524 et
683 467 733 522 id
763 467 904 536 quod
954 466 1032 529 fit,
1069 463 1342 534 posterius
1368 477 1433 516 eo
1476 463 1618 532 quod
1663 461 1811 516 facit.
1855 461 2040 530 Neque

474 575 602 613 vero
620 559 908 628 quidquam
934 557 1110 625 seipso
1129 554 1274 624 prius
1293 564 1386 607 aut
1412 553 1678 622 posterius
1699 568 1818 606 esse
1839 563 2038 621 pateat,

473 665 647 718 neque
673 649 816 702 aliud
859 648 1152 716 quidquam
1202 656 1326 699 ante
1363 646 1548 698 Deum.
1585 643 1878 698 Enimvero
1911 643 2040 699 illud

475 759 583 812 pra:
621 742 918 810 posteriore
955 740 1265 809 dignitatem
1315 737 1536 791 haberet
1575 733 1814 789 deitatis.

547 921 668 974 Bas.
713 921 980 986 Quorsum
1036 919 1199 986 igitur
1251 925 1416 970 totam
1469 916 1610 970 hanc
1654 915 1772 983 ejus
1820 915 2042 984 apposui

475 1014 805 1069 dictionem?
841 1013 908 1067 Ut
954 1013 1244 1081 conspicua
1286 1009 1378 1063 fiat
1412 1009 1514 1062 viri
1551 1022 1685 1061 vana
1717 1006 2040 1076 loquacitas,

475 1124 577 1176 qua
628 1122 720 1175 per
769 1116 936 1160 totum
979 1105 1172 1159 librum
1213 1104 1400 1157 utitur.
1443 1102 1553 1156 Etsi
1600 1101 1745 1155 enim
1789 1099 1878 1154 ille
1929 1100 2043 1168 ipse

472 1199 611 1254 dixit
637 1199 858 1252 evidens
886 1212 1004 1252 esse
1043 1195 1421 1250 communibus
1450 1193 1690 1246 omnium
1741 1190 2042 1259 intelligen-

477 1294 586 1359 tiis,
625 1293 790 1347 Deum
819 1307 939 1348 esse
971 1290 1291 1360 ingenitum,
1321 1288 1421 1341 hoc
1456 1297 1632 1340 tamen
1663 1285 1819 1340 nobis
1852 1284 2043 1338 nititur

475 1394 921 1440 commonstrare.
966 1384 1120 1439 Unde
1165 1382 1340 1437 simile
1387 1381 1641 1450 quiddam
1678 1377 1846 1441 facit,
1894 1392 1958 1431 ac
1993 1377 2040 1430 si

475 1480 599 1544 quis
623 1476 769 1530 clara
802 1475 854 1527 in
886 1475 1112 1527 meridie
1136 1473 1284 1527 sanis
1309 1472 1481 1524 oculis
1510 1469 1764 1539 prreditos
1797 1467 2042 1522 homines

474 1571 669 1624 docere
703 1568 908 1621 ratione
935 1567 1084 1630 velit,
1118 1566 1284 1620 solem
1310 1562 1616 1618 etelestium
1649 1561 1889 1615 omnium
1915 1559 2042 1614 stel-

472 1662 649 1716 larum
691 1676 809 1714 esse
849 1658 1259 1713 lucidissimum.
1301 1639 1521 1721 Quod‘si
1549 1652 1824 1707 deridetur
1851 1650 1940 1719 qui
1977 1666 2038 1704 ea

2142 461 2532 531 προῦπάρχειν,
2570 461 2664 512 καὶ
2695 459 2756 512 τὸ
2781 459 3100 528 ποιούμενον
3137 457 3230 510 τοῦ
3269 458 3549 522 ποιοῦντος
3573 453 3714 513 εἶναι

2139 551 2408 622 δεύτερον.
2448 552 2597 622 Μήτε
2641 551 2697 604 δὲ
2725 551 2856 603 αὐτὸ
2887 549 3079 603 ἑαυτοῦ
3121 551 3380 622 πρότερον
3413 551 3446 618 ἢ
3484 552 3715 624 ὕστερον

2140 638 2278 695 εἶναι
2308 641 2584 706 δύνασθαι,
2621 644 2756 713 μήτε
2786 642 2971 712 ἕτερόν
2990 658 3043 693 τι
3071 641 3176 712 πρὸ
3195 642 3287 695 τοῦ
3314 642 3466 697 Θεοῦ.
3499 639 3580 696 Ἦ
3602 645 3716 714 γὰρ

2139 732 2206 786 ἂν
2236 737 2410 787 ἐκεῖνο
2455 734 2560 806 πρὸ
2606 734 2700 786 τοῦ
2739 733 2988 805 δευτέρου
3027 733 3088 786 τὸ
3128 734 3225 806 τῆς
3266 732 3517 806 θεότητος
3556 735 3719 805 ἔσχεν

2142 826 2380 897 ἀξίωμα.

2212 919 2359 970 ΒΑΣ.
2403 918 2558 982 Τίνος
2606 913 2698 971 οὖν
2737 917 2920 970 ἕνεκεν
2963 917 3038 987 (5)
3085 919 3266 970 πᾶσαν
3307 916 3470 969 αὐτοῦ
3511 917 3718 986 sat-'va

2143 1011 2458 1082 παρεθέμην
2489 1011 2586 1081 τὴν
2621 1009 2798 1074 λέξιν;
2837 1010 2954 1062 Ἵνα
2999 1009 3317 1079 καταφανὴς
3353 1011 3388 1079 ἡ
3431 1010 3717 1079 (moles-xi:

2141 1103 2233 1155 τοῦ
2256 1102 2466 1171 ἀνδρὸς,
2558 1103 2754 1171 χρῆται
2781 1100 2931 1171 παρὰ
2951 1100 3128 1152 πάντα
3154 1099 3242 1151 τὸν
3266 1098 3443 1167 λόγον,
3466 1099 3714 1168 γένηται.

2143 1192 2325 1248 Εἰπὼν
2378 1194 2484 1265 γὰρ
2539 1194 2701 1256 αὐτὸς
2754 1193 2978 1264 ἐναργὲς
3040 1193 3302 1262 ὑπάρχειν
3341 1194 3463 1253 ταῖς
3512 1195 3721 1254 κοιναῖς

2144 1286 2359 1339 πάντων
2377 1285 2604 1348 ὲννοίαις
2630 1285 2688 1337 τὸ
2712 1284 2851 1337 εἶναι
2877 1285 2968 1336 τὸν
2989 1283 3121 1336 Θεὸν
3147 1285 3436 1354 ἀγέννητον
3456 1282 3556 1352 (6),
3589 1284 3724 1334 ἀπο-

2141 1376 2332 1440 δείξεις
2367 1376 2555 1428 τούτου
2583 1377 2827 1447 κομίζειν
2851 1378 2981 1446 ἡμῖν
3015 1377 3300 1446 ἐπιχειρεῖ,
3336 1373 3725 1444 παραπλήσιον

2144 1467 2330 1530 ποιῶν,
2357 1468 2544 1538 ὥσπερ
2573 1467 2638 1521 ἂν
2672 1469 2724 1520 εί
2752 1485 2833 1530 τις
2876 1470 2932 1520 ἐν
2968 1467 3204 1537 σταθερᾷ
3249 1465 3569 1536 μεσημϐρία
3596 1466 3726 1525 10!);

2144 1559 2482 1630 ἐρρωμένους
2514 1561 2612 1621 τὰς
2640 1560 2791 1628 ὄψεις
2818 1559 2960 1629 λόγῳ
2987 1559 3252 1612 διδάσκειν
3277 1557 3519 1628 βούλοιτο
3554 1556 3728 1623 φανό-

2143 1669 2300 1704 τατον
2335 1647 2472 1704 εἶναι
2504 1652 2610 1703 τῶν
2635 1655 2754 1704 κατ’
2786 1651 3011 1722 οὐρανὸν
3048 1651 3290 1720 ἀστέρων
3329 1650 3420 1702 τὸν
3447 1648 3623 1718 ἣλιον.
3661 1647 3726 1698 ΕΞ

472 1769 591 1822 qua:
631 1752 874 1807 sensibus
903 1761 1026 1804 nota
1057 1757 1202 1812 sunt,
1233 1748 1444 1802 ratione
1475 1745 1714 1800 ostendit
1749 1763 1761 1798 :
1809 1743 1902 1813 qui
1952 1758 2036 1796 res

2148 1742 2195 1795 51.:
2219 1745 2246 1795 ὁ
2272 1742 2338 1794 τά
2359 1746 2424 1813 τῇ
2461 1743 2706 1814 αἰσθήσει
2738 1741 2990 1814 γνώριμα
3015 1743 3157 1812 λόγῳ
3188 1742 3400 1802 δεικνὺς
3423 1738 3732 1805 καταγέλα-

472 1861 535 1900 ex
566 1844 942 1898 communibus
977 1841 1288 1895 notionibus
1337 1838 1617 1892 confessas
1652 1836 1832 1900 docet,
1861 1850 2038 1889 nonne

473 1935 721 1990 amentiae
751 1932 987 2001 ejusdem
1026 1931 1239 1984 futurus
1264 1939 1352 1984 est
1383 1930 1546 1984 reus?
1583 1927 1705 1981 llaec
1734 1927 1877 1982 enim
1911 1942 2036 1994 pro-

473 2023 614 2077 fecto
646 2023 803 2088 longe
842 2021 1073 2074 certiora
1111 2027 1236 2073 sunt
1270 2020 1441 2088 requis
1483 2034 1663 2072 rerum
1692 2019 2037 2072 testimatori-

471 2112 590 2174 bus,
625 2127 783 2180 quam
817 2126 935 2177 qua:
965 2112 1164 2162 cadunt
1213 2109 1313 2162 sub
1355 2108 1560 2163 oculos.
1594 2107 1658 2160 Et
1686 2124 1813 2161 vero
1840 2108 1885 2160 si
1918 2112 2040 2176 quis

473 2215 617 2257 esset
642 2202 731 2270 qui
758 2202 809 2254 in
839 2200 980 2254 hanc
1003 2200 1283 2254 veritatem
1309 2199 1651 2269 impudenter
1673 2201 2038 2264 inveheretur,

473 2303 668 2345 etcum
697 2292 786 2360 qui
821 2292 1089 2360 ingenitus
1115 2301 1221 2355 est,
1254 2305 1346 2344 aut
1372 2308 1400 2344 a
1425 2294 1627 2360 seipse,
1657 2301 1752 2345 aut
1777 2295 1843 2346 ah
1870 2294 2042 2348 altero

473 2379 709 2446 genitum
754 2392 873 2432 esse
907 2378 1298 2442 contenderet,
1346 2381 1458 2435 haec
1489 2381 1586 2434 ista
1623 2382 1909 2434 verborum
1944 2396 2041 2434 va-

477 2469 618 2520 nitas
652 2468 862 2521 veniam
894 2467 1126 2536 aliquam
1161 2470 1389 2524 fortasse
1419 2471 1664 2524 obtiuere
1695 2481 1876 2540 posset
1906 2473 2040 2540 asin

478 2568 658 2612 autem
713 2560 888 2614 nullus
943 2561 1008 2613 ad
1072 2561 1214 2614 hunc
1262 2576 1433 2630 usque
1475 2561 1651 2626 diem,
1704 2576 1800 2617 nec
1855 2577 2040 2617 eorum

474 2651 566 2720 qui
608 2650 768 2704 alieni
807 2661 930 2704 sunt
961 2667 989 2705 a
1033 2661 1213 2706 nostra
1259 2655 1505 2708 doctrina
1529 2693 1544 2718 ,
1599 2669 1700 2708 nec
1730 2669 1916 2708 eorum
1950 2654 2041 2722 qui

481 2759 549 2796 ex
580 2743 690 2812 ipsa
717 2743 957 2797 Ecclesia
983 2745 1184 2806 exiere,
1209 2756 1393 2798 contra
1421 2746 1700 2798 veritatem
1736 2747 2044 2800 insurrexe-

479 2844 624 2900 runt,
654 2849 718 2888 eo
744 2835 958 2889 devenit
987 2837 1337 2903 stupiditatis,
1365 2845 1423 2890 ut
1453 2838 1517 2890 de
1550 2838 1774 2903 ingeniti
1814 2840 2042 2909 ingene-

481 2925 688 2978 ratione
715 2926 1019 2980 dubitaret:
1055 2927 1182 2996 quid
1213 2927 1259 2980 ei
1296 2925 1428 2980 lucri
1462 2943 1524 2981 ex
1567 2929 1650 2983 his
1679 2930 1859 2984 verbis
1891 2946 2039 2986 acce-

481 3016 597 3080 dat,
636 3015 773 3068 haud
804 3016 1061 3086 intelligo.
1102 3015 1237 3069 Num
1268 3031 1393 3070 vere
1419 3016 1725 3072 Aristotelis
1755 3029 1846 3074 aut
1871 3019 2043 3091 Chry-
2069 3068 2118 3132 c

481 3109 613 3132 ..ἱμηῖ
656 3108 974 3132 ,κυΙΙΑι-εηηγζη
1030 3124 1158 3132 Λευ...
1210 3109 1364 3132 ..κ1.ζ-
1411 3120 1521 3132 Α---Ι
1599 3121 1650 3132 --ι
1711 3111 2035 3132 -IE---_,-,_____

479 3109 614 3178 sippi
655 3108 978 3178 syllogismis
1027 3124 1161 3177 opus
1209 3109 1367 3164 nobis
1407 3120 1547 3175 erat,
1599 3121 1656 3163 ut
1706 3111 2043 3167 disceremus

479 3214 601 3253 eum
637 3201 726 3268 qui
766 3200 1032 3270 ingenitus
1072 3209 1192 3264 est,
1236 3217 1411 3270 neque
1439 3219 1468 3256 a
1517 3204 1693 3271 seipso
1719 3244 1733 3268 ,
1773 3219 1946 3274 neque
1981 3206 2048 3260 ab

479 3289 651 3341 altero
682 3289 917 3356 genitum
944 3288 1109 3340 fuisse
1139 3306 1151 3341 :
1182 3297 1236 3341 et
1269 3291 1517 3343 eumdem
1551 3291 1727 3359 seipso
1771 3307 1866 3345 nec
1908 3292 2047 3344 anti-

480 3383 746 3448 quiorem,
780 3378 1161 3446 ueejuniorem
1188 3381 1348 3434 esse?
1381 3379 1518 3446 Quid
1545 3383 1706 3450 igitur
1731 3381 1834 3436 sibi
1865 3383 2049 3436 volunt

483 3471 595 3523 ha'c
625 3469 739 3534 ejus
770 3469 970 3523 verba?
1002 3470 1222 3524 Videtur
1269 3471 1400 3524 mihi
1431 3487 1489 3525 se
1521 3472 1663 3525 inter
1698 3486 1826 3526 suos
1871 3482 2048 3527 secta-

485 3571 628 3614 tores
657 3560 884 3628 jactare,
923 3569 1178 3625 tanquam
1218 3562 1455 3630 prudens
1493 3563 1759 3630 quispiam
1792 3579 1856 3618 ac
1897 3577 2050 3634 egre-

483 3653 568 3722 gia
603 3660 777 3704 mente
803 3652 1082 3718 praeditus,
1115 3657 1350 3720 quicum
1388 3664 1579 3708 acutus
1610 3656 1679 3708 sit
1709 3657 1760 3708 in
1797 3654 2049 3710 absurdis

484 3743 914 3812 prospiciendis,
961 3744 1012 3797 in
1083 3744 1185 3799 hoc
1244 3747 1388 3814 quod
1440 3745 1794 3814 deprehendit
1857 3745 2050 3801 dissol-

483 3839 657 3888 vendo
713 3835 920 3888 acutior
950 3845 1052 3900 est,
1105 3837 1173 3889 ob
1225 3837 1383 3904 idque
1427 3838 1479 3889 in
1531 3837 1815 3891 verborum
1863 3852 2050 3891 versu-

485 3925 559 3978 tia
615 3924 854 3995 gloriari,
914 3937 967 3980 et
1019 3927 1202 3980 conari
1257 3927 1524 3980 subtiliter
1565 3937 1619 3980 et
1668 3936 1857 3996 argute
1918 3927 2049 3981 illud

484 4017 890 4083 demonstrare,
943 4020 1083 4086 quod
1143 4019 1186 4071 is
1221 4019 1310 4088 qui
1363 4019 1634 4088 ingenitus
1699 4027 1818 4085 est,
1873 4034 1974 4074 nec
2019 4035 2048 4072 ει

484 4108 695 4175 seipso,
748 4123 846 4162 nec
897 4109 964 4162 ab
1021 4110 1126 4163 alio
1177 4112 1389 4180 genitus
1434 4112 1525 4164 sit.
1565 4111 1769 4165 Deinde
1812 4125 1941 4164 vero
1981 4127 2050 4166 ne

486 4199 573 4251 hic
601 4199 814 4267 quidem
855 4201 989 4253 artis
1036 4217 1144 4254 smn
1182 4202 1519 4256 obliviscitur
1554 4220 1566 4254 :
1601 4203 1694 4256 sed
1737 4201 1896 4256 rebus
1921 4218 2052 4256 con-

485 4295 641 4349 fessis
672 4295 986 4361 immorans,
1035 4297 1186 4364 quasi
1216 4297 1480 4351 elementa
1511 4298 1755 4364 quaedam
1795 4297 1895 4351 sibi
1937 4298 2048 4364 ipse

2143 1852 2284 1901 στος,
2316 1837 2343 1888 ὁ
2375 1837 2443 1889 τὰ
2469 1838 2590 1898 ταῖς
2619 1838 2823 1898 κοιναῖς
2857 1834 3188 1906 προλήψεσιν
3221 1830 3622 1902 ὡμολογημένα
3645 1830 3729 1881 δι-

2139 1928 2353 1981 δάσκων
2400 1927 2517 1991 πῶς
2559 1927 2679 1996 οὑχῖ⁹
2721 1927 2820 1996 τῆς
2866 1926 2988 1996 ῐσης
3037 1924 3336 1994 παρανοίας
3382 1921 3728 1984 ὑπεύθυνος-ς

2140 2018 2328 2088 Πολλῷ
2355 2017 2463 2088 γὰρ
2489 2019 2660 2088 δήπου
2689 2016 2862 2069 ταῦτα
2886 2017 2995 2068 τῶν
3019 2014 3104 2068 διά
3131 2015 3228 2085 τῆς
3258 2013 3433 2081 ὄψεως
3457 2013 3731 2083 φαινομέ-

2141 2128 2248 2164 νων
2281 2112 2391 2172 τοῖς
2426 2107 2758 2180 σωφρονοῦσι
2790 2107 3104 2178 πιστότερα.
3137 2107 3200 2158 Et
3240 2106 3338 2176 μὲν
3364 2101 3458 2158 οὖν
3482 2101 3554 2174 ἦν
3581 2120 3668 2165 τις
3699 2107 3729 2155 6

2143 2202 2285 2255 κατά
2313 2201 2412 2270 τῆς
2433 2199 2690 2271 ἀληθείας
2709 2200 2914 2268 ταύτης
2935 2197 3321 2268 ἀναισχυντῶν,
3346 2196 3442 2249 καὶ
3466 2196 3560 2249 τὸν
3574 2196 3730 2262 ἀγέν-

2143 2309 2302 2362 νητον
2349 2291 2382 2361 ἢ
2417 2292 2548 2361 παρ’
2575 2289 2768 2342 ἑαυτοῦ
2804 2288 2837 2358 ἢ
2883 2289 3010 2359 παρ’
3041 2287 3226 2358 ἐτέρου
3252 2284 3617 2354 γεγεννῆσθαι
3647 2285 3728 2350 (7)

2142 2383 2555 2453 διατεινόμενος,
2586 2378 2730 2450 εῖχεν
2762 2381 2826 2436 ἄν
2857 2398 2978 2432 τινα
3002 2380 3162 2449 τυχὸν
3200 2377 3532 2448 συγγνώμην
3560 2380 3593 2447 ἡ
3621 2395 3729 2446 μα-

2141 2476 2360 2544 ταιότης
2391 2474 2499 2529 τῶν
2526 2473 2863 2543 λεγομένων·
2897 2474 2946 2524 εί
2983 2471 3039 2524 δὲ
3063 2470 3235 2533 οὐδεὶς
3283 2469 3447 2540 μέχρι
3484 2470 3730 2538 σήμερον

2142 2569 2264 2622 οὒτε
2297 2568 2406 2622 τῶν
2447 2569 2551 2633 ἔξω
2574 2567 2667 2622 τοῦ
2694 2569 2853 2636 λόγου
2883 2567 2974 2620 τοῦ
3009 2567 3126 2620 καθ’
3152 2567 3319 2637 ἡμᾶς,
3352 2564 3479 2617 οὔτε
3515 2563 3633 2617 τῶν
3669 2565 3729 2629 ἐξ

2143 2661 2314 2730 αὐτῆς
2342 2659 2440 2730 τῆς
2475 2658 2797 2728 Ἑκκλησίας
2819 2657 3232 2711 ἐπαναστάντων
3264 2658 3329 2726 τῇ
3357 2655 3611 2726 ἀληθείᾳ,
3651 2656 3731 2715 είς

2141 2751 2393 2806 τοσοῦτον
2417 2747 2577 2822 ἦλθεν
2609 2748 2970 2820 ἀποπληξίας,
3013 2747 3152 2800 ὥστε
3190 2745 3615 2817 διαμφισϐητεῖν
3643 2747 3722 2811 (8)

2145 2844 2273 2915 περὶ
2325 2843 2425 2912 τῆς
2462 2841 2787 2912 ἀγεννησίας
2831 2840 2924 2894 τοῦ
2963 2841 3286 2909 ἀγεννητου·
3332 2839 3385 2890 τί
3433 2837 3628 2909 κέρδος
3666 2840 3735 2890 ἐκ

2144 2933 2252 2985 τῶν
2285 2932 2458 3000 λόγων
2487 2931 2712 2993 τούτων,
2735 2932 2796 2984 οὐ
2819 2930 3044 3002 συνορῶ.
3081 2931 3150 2982 Ἢ
3177 2929 3282 2982 τῶν
3322 2931 3732 3000 Ἀριστοτέλους

2145 3022 2312 3086 ὅντως
2349 3023 2480 3092 ἡμῖν
2521 3023 2615 3074 καὶ
2661 3020 2982 3091 Χρυσίππου
3016 3020 3384 3091 συλλογισμῶν
3423 3021 3536 3072 ἔδει
3589 3021 3730 3089 πρὸς

2146 3114 2206 3166 τὸ
2236 3113 2444 3183 μαθεῖν,
2507 3113 2589 3165 ὅτι
2636 3114 2664 3164 ὁ
2706 3112 2998 3182 ἀγέννητος
3027 3112 3102 3164 οὐ¹
3121 3113 3444 3182 γεγέννηται
3470 3113 3574 3182 (9),
3607 3111 3730 3164 οὔτε

2147 3205 2306 3268 αὐτὸς
2341 3205 2430 3271 ὑφ’
2455 3203 2674 3265 ἑαυτοῦ,
2709 3201 2831 3256 οὔτε
2855 3204 2944 3271 ὑφ’
2975 3203 3197 3274 ἑτέρου;
3227 3204 3319 3255 καὶ
3338 3202 3463 3255 οὔτε
3483 3205 3732 3274 πρεσϐύ-

2147 3312 2324 3365 τερος,
2345 3294 2468 3346 οὔτε
2492 3292 2753 3364 νεώτερος
2781 3294 2941 3356 αὑτός
2961 3295 3106 3345 ἐστιν
3129 3293 3319 3346 ἑαυτοῦ
3341 3311 3354 3355 ;
3381 3293 3447 3345 Τί
3467 3289 3564 3347 οὖν
3582 3295 3733 3364 αὑτῷ

2145 3385 2320 3438 ταῦτα
2348 3383 2629 3454 βούλεται;
2660 3385 2817 3436 Δοκεῖ
2860 3400 2950 3452 μοι
2991 3381 3124 3452 ὁμοῦ
3157 3383 3251 3452 μὲν
3273 3385 3385 3444 τοῖς
3412 3382 3731 3446 ἀκολούθοις

2147 3473 2666 3541 ἐγκαλλωπίζεσθαι.
2692 3473 2765 3535 ὡς
2794 3472 2856 3544 δὴ
2886 3472 3086 3534 πυκνός
3117 3489 3199 3534 τις
3228 3473 3322 3526 καὶ
3344 3473 3604 3543 περιττὸς
3631 3473 3732 3542 τὴν

2147 3565 2405 3630 διάνοιαν,
2434 3565 2527 3617 καὶ
2549 3565 2674 3628 ὀξὺς
2703 3563 2801 3633 μὲν
2833 3563 3115 3616 ὑπιδέσθαι
3139 3562 3200 3615 τὸ
3229 3563 3446 3623 ἄτοπον,
3469 3562 3730 3632 ὀξύτερος

2147 3656 2205 3708 δὲ
2227 3655 2473 3709 διαλῦσαι
2513 3656 2574 3708 τὸ
2604 3654 2873 3725 φωραθὲν,
2909 3655 3002 3707 καὶ
3038 3654 3124 3706 διά
3148 3653 3304 3706 τοῦτο
3335 3653 3735 3724 ὲναϐρύνεσθαι

2147 3749 2213 3818 τῇ
2257 3746 2364 3799 τῶν
2406 3747 2578 3814 λόγων
2621 3749 2847 3816 στροφῇ,
2891 3747 2986 3798 καὶ
3035 3745 3161 3815 περὶ
3190 3745 3288 3813 τὴν
3320 3744 3599 3810 ἀπόδειξιν
3639 3745 3731 3798 λε-

2149 3841 2440 3908 πτουργεῖν
2481 3836 2574 3890 τοῦ
2611 3839 2748 3907 μήτε
2778 3838 2866 3905 ὑφ’
2901 3835 3093 3888 ἑαυτοῦ
3124 3836 3258 3905 μήτε
3302 3835 3391 3903 ὑφ’
3423 3835 3615 3906 ἐτέρου
3638 3836 3731 3888 τὸν

2148 3930 2440 4000 ἀγέννητον
2469 3928 2846 3998 γεγεννῆσθαι.
2880 3929 3109 3980 Ἔπειτα
3146 3927 3325 3997 μέντοι
3350 3927 3471 3979 οὐδὲ
3493 3926 3743 3981 ἐνταῦθα.

2148 4023 2245 4092 τῆς
2284 4021 2480 4074 ἑαυτοῦ
2527 4022 2720 4092 τέχνης
2767 4019 3216 4074 ἐπιλανθάνεται·
3260 4019 3372 4070 ἀλλ’
3414 4021 3471 4071 ὲν
3508 4023 3581 4090 τῇ
3623 4017 3734 4073 τῶν

2148 4109 2592 4180 ὁμολογουμένων
2625 4111 2892 4181 διατριϐῇ,
2946 4109 3134 4181 ὥσπερ
3166 4111 3402 4179 στοιχεῖά
3444 4127 3572 4162 τινα
3598 4111 3736 4180 πρὸς

2147 4201 2272 4262 τοὺς
2305 4199 2431 4271 ὲξῆς
2455 4200 2643 4268 λόγους
2674 4201 2851 4270 ἑαυτῷ
2883 4200 3272 4271 παρεμϐάλλει.
3307 4199 3381 4252 Οὐ
3405 4199 3513 4270 γὰρ
3545 4201 3736 4270 ἀργῶς

2149 4291 2297 4361 αὐτῷ
2324 4294 2499 4344 ἐκεῖνο
2521 4291 2652 4361 ἔχει,
2687 4292 2766 4344 ὅτι
2807 4291 2906 4354 δεῖ,
2942 4291 3086 4344 κατά
3124 4290 3402 4361 ἀλήθειαν,
3443 4291 3506 4342 τὸ
3545 4292 3732 4344 ποιοῦν

483 4385 549 4436 ad
597 4399 713 4438 eam
755 4400 874 4454 quae
918 4389 1163 4454 sequitur
1209 4388 1507 4440 doctrinatn
1563 4388 1860 4442 interserit.
1915 4387 2044 4441 lllud

2149 4379 2242 4432 τοῦ
2275 4379 2560 4448 γινομένου
2591 4381 2984 4452 προϋπάρχειν.
3023 4379 3161 4431 Ἀλλ’
3213 4379 3298 4432 ἵνα
3344 4380 3403 4430 ἐν
3440 4381 3558 4442 τοῖς
3606 4380 3734 4448 περὶ

485 4477 629 4529 enim
665 4491 768 4530 nou
810 4477 982 4531 otiose
1008 4480 1164 4541 dixit,
1198 4479 1338 4546 quod
1381 4489 1625 4546 oporteat
1661 4480 1711 4532 id
1739 4480 1880 4548 quod
1923 4480 2048 4533 facit

487 4579 671 4618 revera
702 4567 850 4633 prius
881 4581 1000 4620 esse
1028 4581 1092 4619 eo
1120 4567 1258 4633 quod
1287 4564 1516 4619 ellicitur
1543 4582 1556 4617 :
1595 4565 1688 4618 sed
1719 4575 1776 4618 ut
1810 4565 1863 4618 in
1893 4565 2047 4618 insti—

486 4657 694 4710 tuendis
720 4657 786 4710 de
820 4655 956 4710 Filio
991 4656 1350 4722 sermonibus,
1375 4657 1427 4708 in
1456 4657 2044 4709 antecessum'conces-

483 4761 601 4800 sum
639 4747 832 4801 habeat
875 4747 1035 4818 215
1081 4747 1274 4800 Filium
1310 4757 1496 4815 postea
1531 4746 1731 4802 factum
1768 4746 1914 4800 Patri
1957 4762 2049 4800 ac-

483 4839 713 4892 cessisse
737 4879 751 4904 ,
784 4837 1048 4906 siquidem
1087 4839 1136 4892 id
1168 4840 1308 4909 quod
1338 4838 1503 4905 facit,
1535 4854 1600 4893 eo
1640 4839 1781 4907 quod
1817 4827 1881 4890 tit'
1907 4837 2050 4891 anti-

483 4929 641 4996 quius
664 4939 748 4983 est
790 4945 804 4982 :
846 4929 993 4995 item,
1023 4939 1080 4984 ut
1116 4932 1216 4985 hoc
1259 4939 1514 4998 tanquam
1552 4931 1677 4984 inde
1710 4944 2048 4997 consequens

481 5018 721 5085 colligat,
763 5017 959 5072 Filium
991 5018 1196 5073 scilicet
1223 5031 1288 5072 ex
1331 5033 1436 5072 non
1465 5018 1806 5072 exstantibus
1847 5018 2046 5072 factum

555 5173 631 5244 (5)
660 5172 884 5244 Veteres
919 5175 1023 5228 duo
1051 5174 1169 5227 libri
1197 5172 1340 5237 τίνος
1369 5174 1550 5227 ἕνεκα.
1591 5171 1713 5228 Mox
1758 5173 1812 5227 in
1857 5171 2047 5227 iisdem

481 5261 611 5297 mss.
649 5259 751 5296 vox
785 5243 988 5314 ταύτην
1019 5245 1188 5314 deest.
1335 5284 1370 5314 γ.

552 5313 627 5384 (6)
660 5313 798 5367 Editi
825 5311 958 5366 Θεὸν
999 5313 1284 5384 ἀγένητον,
1325 5313 1489 5384 Deum
1522 5311 2047 5384 non_factum,l)eum

481 5381 585 5435 non
611 5381 821 5454 uatum.
851 5386 920 5436 At
956 5399 1084 5437 mss.
1113 5381 1244 5435 Θεὸν
1272 5383 1587 5454 ἀγέννητον,
1615 5381 1778 5434 Deum
1820 5397 1922 5434 non
1954 5397 2046 5450 ge-

480 5455 672 5516 nitum,
702 5452 870 5505 Deum
893 5455 1242 5522 generationis
1278 5452 1556 5520 expertem.

553 5524 628 5591 (7)
659 5523 795 5576 Editi
830 5520 1050 5592 etBeg.
1097 5526 1364 5593 secundus
1395 5522 1754 5593 ἀγέννητοντ..
1785 5520 2046 5593 γεγεννῆτ

481 5591 625 5644 σθαι.
653 5593 756 5646 Alii
799 5601 908 5647 tres
944 5590 1075 5645 is.
1095 5591 1423 5662 ἀγένητον...
1453 5590 1800 5662 γεγενῆσθαι.
1827 5590 2044 5662 Exarati

483 5677 644 5714 manu
685 5662 830 5726 libri,
859 5677 980 5716 omn
1017 5663 1098 5717 hae
1149 5660 1306 5717 voces
1347 5673 1662 5729 occurrunt,
1700 5660 1874 5718 solent
1905 5661 2045 5714 inter

2152 4470 2282 4523 Υίοῦ
2343 4470 2522 4538 λόγοις
2575 4469 3151 4543 προδιωμολογημένον
3207 4468 3324 4540 ἔχῃ,
3380 4467 3444 4520 τὸ
3504 4469 3731 4538 ὕστερον

2150 4562 2618 4634 προσγεγενῆσθαι
2655 4561 2731 4632 τῷ
2762 4562 2936 4631 Πατρὶ
2964 4561 3056 4612 τὸν
3084 4561 3230 4622 Υἱὸν,
3262 4559 3420 4630 εἰπερ
3448 4558 3510 4610 τὸ
3545 4558 3730 4611 ποιοῦν

2152 4655 2268 4706 ἐστι
2304 4653 2397 4706 τοῦ
2425 4652 2706 4723 γινομένου
2736 4651 3134 4723 πρεσϐύτερονο
3183 4648 3357 4719 τούτῳ
3401 4649 3459 4701 δὲ
3497 4650 3579 4712 ὡς
3608 4651 3732 4702 ἑπό-

2157 4761 2313 4814 μενον
2363 4743 2522 4815 λάϐῃ,
2580 4744 2640 4797 τὸ
2702 4745 2766 4796 ὲκ
2829 4743 2902 4814 μὴ
2951 4744 3117 4796 ὄντων
3159 4741 3248 4795 τὸν
3296 4741 3426 4794 Υἱὸν
3473 4743 3731 4811 γεγεννῆ-

2155 4835 2276 4888 σθαι
2310 4835 2444 4907 (10).
2508 4835 2642 4888 Ἀλλ’
2695 4838 2724 4888 ὁ
2769 4836 2866 4905 μὲν
2914 4836 3015 4906 τῆς
3062 4836 3141 4898 είς
3177 4834 3266 4887 τὸν
3303 4834 3432 4886 Υἱὸν
3477 4834 3730 4896 ἀσεϐείας

2157 4925 2378 4996 ἐλεγχος
2406 4929 2462 4979 ὲν
2487 4930 2597 4990 τοῖς
2621 4927 2844 4989 οἰκείοις
2866 4927 3052 4989 τόποις
3095 4926 3459 4997 ἀναμεινάτω.
3500 4927 3646 4995 Ἐγὼ
3677 4927 3727 4979 δὲ

2156 5018 2251 5070 καὶ
2281 5018 2379 5087 τὴν
2405 5016 2498 5070 τοῦ
2531 5018 2825 5088 ἀγεννήτου
2856 5017 3244 5089 προσηγορίαν,
3278 5016 3380 5070 κᾶν
3401 5016 3471 5070 τὰ
3495 5017 3730 5088 μάλιστα

2153 5187 2213 5226 se
2261 5171 2550 5235 dissidere,
2591 5172 2680 5225 alii
2717 5171 2878 5225 aliam
2937 5171 3263 5240 scripturam
3323 5171 3723 5240 prteferentes;

2153 5257 2274 5311 qua:
2301 5243 2528 5295 variatio
2554 5252 2608 5296 et
2636 5243 2686 5294 in
2724 5243 2856 5308 ipsis
2879 5243 3030 5295 libris
3062 5243 3341 5309 impressis
3370 5243 3676 5296 invenitur.

2161 5380 2183 5398 η
2223 5313 2300 5381 (8)
2331 5313 2471 5366 Editi
2523 5311 2596 5375 ὡς
2644 5311 3083 5383 διαμφισϐητεῖν.
3134 5314 3204 5365 At
3241 5326 3374 5365 mss.
3411 5327 3524 5366 non
3575 5312 3725 5381 pauci

2150 5398 2314 5433 ωστε.

2150 5484 2161 5515 ι
2221 5452 2298 5522 (9)
2320 5451 2455 5520 Reg.
2487 5450 3102 5522 ῑοτιίυεγάγέννητοςίού-
3126 5448 3443 5522 γεγένηται.

2220 5517 2334 5590 (10)
2375 5517 2511 5575 Εὶϋιὶ
2537 5521 2626 5573 τὸν
2659 5517 2788 5572 res,
2813 5517 3191 5589 γεγεννῆσθαι,
3212 5517 3451 5590 Ἐξίὲιιπιν
3494 5519 3725 5590 genitum

2149 5587 2278 5644 esse.
2309 5587 2379 5643 At
2403 5605 2534 5644 mss.
2559 5592 2798 5659 plerique
2832 5587 3018 5646 omnes
3033 5587 3394 5659 γεγενῆσθαι.
3441 5589 3563 5645 Mox
3592 5589 3719 5656 Reg.

2152 5662 2344 5718 tertius
2366 5676 2486 5716 cum
2513 5660 2665 5716 Colb.
2687 5661 2871 5724 τόποις
2891 5660 3224 5730 ἀναμενέτω.
