3836 6222
99 278 214 345 ειτ

1205 283 1566 348 ADVERSUS
1597 283 1964 350 EUNOMIUM
2005 289 2135 349 LIB.
2178 293 2220 348 l.

3244 297 3347 351 5l8

97 405 236 480 δοκῇ
259 411 374 474 ταῖς
399 409 630 474 ἐννοίαις
663 401 820 482 ἡμῶν
844 411 1178 482 συμϐαίνειν,
1211 413 1324 466 ἀλλ’
1347 409 1438 468 οὖν
1475 415 1550 477 ὡς
1584 416 1678 467 οὺ-

1797 431 1922 470 isse.
1968 416 2038 468 At
2069 414 2366 484 impietatis
2410 414 2464 468 iu
2497 413 2693 468 Filium
2735 413 3036 469 confutatio
3067 416 3180 471 suis
3217 415 3352 472 locis

99 501 282 571 δαμοῦ
323 503 419 572 τῆς
457 503 678 574 Γραφῆς
711 503 990 574 κειμένην,
1031 505 1126 558 καὶ
1166 505 1379 574 πρῶτον
1423 509 1682 576 στοιχεῖον

101 589 276 646 οὖσαν
310 595 408 664 τῆς
435 593 780 664 βλασφημίας
803 594 1001 660 αὐτῶν,
1037 597 1342 650 σιωπᾶσθαι
1372 597 1438 650 ἂν
1461 597 1684 661 δικαίως

101 686 270 752 ἀξίαν
301 681 440 738 εἶναι
471 688 734 757 φήσαιμι,
757 689 854 757 τῆς
893 688 1108 758 Πατρὸς
1157 690 1342 760 φωνῆς
1388 689 1498 742 ἴσον
1525 691 1684 744 δυνα-

107 776 284 847 μένης
325 777 401 847 τῷ
434 779 732 850 ἀγεννήτῳ,
761 780 895 850 πρὸς
926 779 1002 849 τῷ
1026 781 1117 832 καὶ
1146 781 1244 851 τὴν
1279 782 1406 852 περὶ
1433 781 1524 834 τοῦ
1555 781 1684 834 Υίοϋ

104 870 319 924 ἔννοιαν
345 871 705 940 συνημμένως
743 873 910 942 ἐαυτῇ
941 871 1029 926 διὰ
1061 873 1160 943 τῆς
1193 873 1430 942 σχέσεως
1466 892 1684 928 συνεισ-

105 961 285 1028 άγειν.
319 961 376 1013 Ὁ
399 961 506 1032 γὰρ
531 961 698 1025 ὅντως
723 963 908 1034 Πατὴρ
927 964 1020 1015 καὶ
1046 963 1204 1032 μόνος
1226 965 1282 1029 ἐξ
1305 965 1514 1028 οὐδενός
1543 967 1688 1020 ἐστιν

103 1051 296 1121 ἑτέρου
315 1067 328 1080 ·
361 1051 420 1104 τὸ
453 1053 527 1118 δὲ,
560 1051 618 1117 ἐξ
641 1054 872 1118 οὐδενὸς,
895 1056 1088 1108 ταυτόν
1119 1057 1234 1108 ἐστι
1251 1055 1347 1126 τῷ,
1371 1057 1684 1128 ἀγέννητος,

106 1142 186 1194 Οὐ
221 1143 400 1196 τοίνυν
438 1145 731 1216 ἀγέννητον
760 1147 1222 1217 προσαγορευτέον
1268 1149 1464 1219 μᾶλλον
1498 1151 1686 1221 ἡμῐνῆ

105 1232 356 1304 Πατέρα,
389 1236 442 1288 εί
467 1251 532 1303 γε
569 1237 642 1306 μὴ
675 1236 960 1309 μέλλοιμεν
1001 1235 1150 1294 εἶναι’
1166 1239 1460 1312 σοφώτεροι
1486 1242 1594 1295 τῶν
1621 1242 1692 1294 δι-

103 1323 404 1393 δαγμάτων
455 1326 548 1378 τοῦ
612 1329 884 1400 Σωτῆρος,
926 1331 1196 1394 εἰπόντος·
1255 1333 1688 1400 Πορευθέντες,

99 1413 424 1478 ,ϐαπτίζετε
463 1421 549 1484 εἰς
573 1419 637 1471 τὸ
664 1420 850 1489 ὄνομα
877 1422 983 1475 τοῦ
1012 1425 1258 1490 Πατρός,
1303 1424 1416 1476 ἀλλ’
1446 1425 1564 1492 οὐχ).
1596 1424 1689 1478 τοῦ

109 1510 432 1580 ἀγεννήτου.
457 1513 564 1564 Καὶ
585 1510 756 1565 ταῦτα
794 1513 894 1582 μὲν·
919 1513 997 1576 είς
1021 1514 1288 1569 τοσοῦτον.
1318 1516 1509 1585 Ἡμεῖς
1536 1516 1592 1569 δέ
1623 1516 1692 1570 τὰ

115 1602 316 1671 συνεχῆ
367 1603 458 1654 τοῦ
510 1603 667 1671 λόγου
713 1604 1131 1676 διασκεψώμεθα
1163 1607 1295 1678 (Η).
1345 1609 1552 1676 Ὀλίγον
1585 1609 1693 1680 γὰρ

109 1693 415 1763 προελθὼν,
465 1697 560 1748 καὶ
604 1693 714 1751 οἷον
762 1699 1328 1770 συγκεφαλαιούμενος
1375 1701 1535 1764 αὐτὸς
1579 1703 1691 1773 (12)

105 1784 295 1856 ἐαυτῷ
321 1787 390 1838 τὰ
429 1789 715 1859 εἰρημένα,
745 1791 886 1844 οὕτω
919 1792 1144 1863 γράφει.

1787 516 2116 562 reservetur.
2155 505 2268 575 Ego
2301 520 2428 560 vero
2461 507 2622 560 etiam
2659 507 2880 575 ingeniti
2911 508 3351 576 appellationem,

1784 610 2088 666 quanquam
2133 595 2368 649 maxime
2429 602 2614 648 nostro
2655 594 2982 665 intelligendi
3029 597 3189 649 modo
3217 610 3353 648 con-

1787 705 1981 757 gruere
2012 689 2244 756 videtur,
2285 697 2460 741 tamen
2491 687 2632 756 quod
2667 701 2929 755 nusquam
2978 686 3034 740 in
3070 685 3354 754 Scriptura

1790 788 2097 848 usurpatur,
2145 780 2318 849 sitque
2361 780 2592 846 primum
2641 779 2934 847 impietatis
2976 778 3214 848 ipsorum
3255 779 3358 834 ele=

1789 881 2052 936 mentum,
2089 872 2230 926 hanc
2258 873 2476 926 silentio
2513 872 2632 940 jure
2669 872 2980 926 tradendam
3031 886 3154 926 esse
3187 872 3357 927 duxe-

1791 964 1914 1018 rim.
1945 963 2152 1032 Quippe
2188 979 2288 1018 vox
2323 964 2500 1018 Patris
2546 964 2686 1017 idem
2714 963 2857 1016 valet
2885 962 3028 1032 quod
3065 978 3167 1016 vox
3208 967 3359 1034 inge-

1791 1058 1910 1120 niti,
1943 1066 2296 1125 praeterquam
2325 1055 2471 1124 quod
2495 1054 2613 1109 Filii
2641 1057 2804 1108 etiam
2838 1056 3106 1110 notionem
3137 1055 3360 1125 conjunb

1789 1149 1920 1204 etim
1955 1164 2050 1219 per
2095 1150 2412 1204 relationem
2441 1149 2602 1204 simul
2634 1149 2908 1216 praeferat.
2941 1147 3042 1214 Qui
3075 1147 3218 1201 enim
3267 1163 3358 1200 rea

1793 1255 1916 1293 vera
1941 1246 1996 1294 et
2021 1240 2167 1294 solus
2197 1239 2358 1294 Pater
2396 1251 2498 1305 est,
2535 1255 2599 1294 ex
2633 1241 2780 1294 nullo
2825 1240 2929 1293 alio
2963 1249 3083 1294 est:
3115 1241 3218 1293 lioc
3248 1254 3360 1291 au-a

1795 1339 1900 1384 tem
1932 1332 2070 1398 quod
2106 1347 2172 1386 ex
2207 1332 2358 1386 nullo
2399 1343 2500 1398 est,
2549 1332 2692 1386 idem
2741 1341 2826 1386 est
2865 1341 3027 1400 atque
3061 1332 3354 1402 ingenitus.

1793 1421 1908 1477 Non
1939 1425 2101 1492 igitur
2127 1424 2298 1492 magis
2325 1423 2596 1490 ingenitus
2619 1437 2782 1491 quam
2823 1422 2980 1476 Pater
3006 1422 3359 1490 appellandus

1794 1516 1951 1569 nobis
1979 1522 2080 1580 est,
2109 1515 2212 1569 nisi
2245 1513 2547 1568 Salvatoris
2572 1515 2894 1569 documenta
2920 1513 3246 1567 voluerimus
3277 1529 3361 1567 sas

1796 1608 1994 1675 pientia
2027 1621 2304 1674 superare,-
2334 1607 2424 1674 qui
2455 1606 2628 1660 dixit:
2663 1604 2860 1658 Eumer
2890 1606 3151 1673 baptizata
3180 1604 3234 1657 in
3265 1621 3362 1658 no-

1795 1700 1934 1752 mine
1965 1699 2147 1752 Patris
2177 1700 2244 1765 ”,
2290 1715 2396 1752 non
2429 1699 2678 1769 ingeniti.
2712 1697 2815 1752 Sed
2847 1697 2914 1751 de
2959 1699 3042 1752 liis
3079 1699 3360 1752 hactenus;

1728 1783 1771 1838 Β
1801 1793 1908 1849 Nos
1934 1808 2066 1847 vero
2087 1807 2150 1848 ea
2177 1809 2298 1863 qua:
2325 1794 2568 1862 proxime
2593 1789 2778 1854 refert,
2807 1791 3193 1859 expendamus.
3223 1787 3361 1842 Nam

111 1878 206 1932 ubi
261 1881 535 1947 paululum
571 1898 888 1950 progressus
915 1897 1021 1947 est,
1053 1886 1264 1955 sibique
1317 1888 1432 1956 ipse
1457 1903 1520 1943 ea
1559 1889 1892 1956 qttzedixerat
1923 1887 2068 1941 velut
2097 1888 2149 1940 in
2181 1901 2449 1940 summam
2476 1885 2699 1953 redegit,
2729 1877 2808 1938 Sic
2837 1883 3042 1938 scribit;

185 1973 350 2025 ΕΥΝ.
395 1975 516 2045 Ἆρ’
545 1973 658 2038 οὖν,
692 1979 740 2028 εί
763 1979 902 2047 μήτε
945 1979 1108 2042 αὐτὸς
1149 1980 1363 2043 ἑαυτοῦ,
1417 1981 1553 2051 μήτε
1583 1981 1698 2033 ἓτε·

111 2063 206 2136 ρόν
238 2083 291 2117 τι
325 2065 490 2118 αὐτοῦ
542 2069 919 2140 προῡπάρχειν
973 2071 1262 2138 δέδεικται,
1324 2071 1432 2142 πρὸ
1469 2073 1526 2125 δὲ
1554 2072 1694 2126 πάν-

109 2173 222 2208 των
255 2158 442 2222 αὐτὸς,
491 2160 774 2214 ἀκολουθεῖ
807 2162 981 2234 τούτῳ
1025 2164 1086 2216 τὸ
1126 2164 1453 2236 ἀγέννητον·
1494 2163 1695 2234 μᾶλλον

105 2247 170 2300 δὲ
201 2249 333 2300 αὐτό
367 2251 546 2317 ἐστιν(
555 2253 823 2323 15),οὺσία
855 2257 1167 2326 ἀγέννητος.

185 2341 336 2394 ΒΑΣ.
377 2344 480 2395 Ἦν
519 2345 698 2398 τοίνυν
733 2349 790 2400 ἐν
827 2347 1038 2411 τούτοις
1070 2348 1436 2419 ἐφωράσαμεν
1463 2365 1696 2422 κακουρ-

109 2430 240 2498 γίαν
265 2432 494 2486 συνιδεῖν
515 2435 633 2503 μὲν,
670 2432 822 2506 οἶμαι
841 2439 886 2506 (1
897 2438 971 2503 4),
998 2439 1092 2492 καὶ
1126 2440 1268 2492 πάνυ
1311 2441 1490 2510 ῥᾴδιον
1508 2441 1584 2511 τῷ
1602 2443 1695 2494 καὶ

112 2523 314 2591 μικρὸν
353 2525 727 2596 ἐπιστήσαντι,
761 2531 974 2600 ἐμφανῆ
1004 2531 1060 2583 δὲ
1088 2533 1307 2602 ποιῆσαι
1347 2536 1458 2596 τοῖς
1483 2535 1694 2600 πολλοῖς

105 2615 212 2666 οὐκ
243 2615 502 2688 εὐμαρές.
531 2619 676 2689 Πλὴν
702 2619 834 2673 ἀλλὰ
863 2623 1168 2693 πειρατέον,
1194 2625 1292 2694 τὴν
1323 2625 1512 2679 ἐλπίδα
1536 2626 1696 2697 θεμέ-

103 2723 238 2772 νους
271 2711 364 2762 ἐπὶ
403 2711 494 2764 τὸν
539 2712 750 2766 διδόντα
804 2716 954 2786 ῥῆμα
1005 2719 1118 2778 τοῖς
1162 2718 1691 2790 εύαγγελιζομένοις,

103 2799 340 2871 δυνάμει
387 2802 577 2874 πολλῇ.
615 2804 820 2868 Εἰπὼν,
863 2806 964 2870 ὅτι,
1001 2807 1224 2877 είμήτε
1269 2808 1431 2871 αὐτὸς
1473 2810 1691 2874 ἑαυτοῦ,

109 2893 256 2962 μήτε
305 2893 492 2964 ἕτερόν
535 2912 588 2946 τι
625 2895 787 2950 αὐτοῦ
836 2896 1199 2966 προῦπάρχει,
1233 2897 1513 2950 ἀκολουθεί
1545 2898 1694 2968 αὐτῷ

103 2984 174 3038 τὸ
212 2985 540 3056 ἀγέννητον·
587 2982 704 3038 εἷτα
747 2986 992 3050 συνιδὼν,
1029 2989 1110 3040 ὅτι
1145 2991 1208 3042 ὲκ
1240 2990 1339 3060 τῆς
1367 2988 1474 3042 τῶν
1506 2989 1691 3042 τεθέν-

103 3093 222 3129 των
255 3077 576 3142 ἀκολουθίας
611 3079 744 3148 πρὸς
786 3079 848 3132 τὺ
881 3081 1120 3132 ἐναντίον
1168 3080 1315 3151 αὐτῷ
1349 3081 1635 3152 περιῆλθεν
1664 3083 1693 3134 ὁ

103 3168 271 3238 λόγος
301 3170 372 3240 (εί
399 3169 508 3241 γὰρ
543 3171 828 3224 ἀκολουθεῖ
863 3171 940 3241 τῷ
973 3171 1092 3240 Θεῷ
1121 3173 1182 3224 τὸ
1215 3173 1528 3245 ἀγέννητον,
1563 3173 1694 3238 ἔξω·

1871 1981 2003 2034 EUN.
2032 1979 2239 2048 Itaque,
2289 1979 2333 2031 si
2371 1987 2646 2031 ostensum
2673 1983 2755 2030 est
2793 1989 2973 2043 neque
3021 1974 3196 2043 ipsum
3239 1983 3366 2026 ante

1799 2073 2060 2142 seipsum,
2085 2085 2258 2140 neque
2297 2071 2588 2138 quidquam
2620 2067 2766 2120 aliud
2821 2076 2948 2121 ante
2994 2067 3170 2134 ipsum
3202 2081 3322 2119 esse
3345 2104 3362 2128 ,

1799 2163 1892 2218 sed
1935 2163 2110 2232 ipsum
2164 2171 2287 2215 ante
2319 2161 2500 2214 omnia
2545 2166 2804 2213 exstare:
2841 2158 3083 2226 sequitur
3109 2156 3254 2210 illutn
3285 2158 3366 2210 iit-

1799 2256 2078 2327 generatio
2109 2272 2122 2307 :
2157 2255 2264 2308 imo
2288 2255 2464 2324 potius
2487 2253 2600 2321 ipsa
2627 2259 2708 2306 est
2739 2251 3036 2305 substantia
3069 2249 3326 2318 ingenita.

1869 2347 1993 2402 Bas.
2019 2346 2254 2402 Proinde
2279 2360 2440 2415 quam
2469 2346 2520 2400 in
2557 2345 2644 2400 bis
2679 2343 3136 2414 deprehendimus
3159 2342 3365 2410 impro4

1798 2439 2046 2504 bitatem,
2085 2439 2388 2507 intelligere
2416 2438 2654 2506 quidem,
2697 2445 2754 2492 ut
2795 2448 2946 2507 puto,
2977 2435 3132 2490 facile
3154 2443 3238 2490 est
3269 2433 3366 2489 ado

1800 2532 2016 2586 modum
2043 2532 2113 2598 ei,
2161 2531 2251 2600 qui
2285 2531 2367 2585 vel
2419 2531 2609 2584 leviter
2661 2529 2952 2584 attenderit
2980 2531 3266 2583 animum:
3313 2539 3369 2582 at
3419 2533 3430 2606 '_

1799 2639 1916 2680 eam
1941 2625 2100 2694 vulgo
2129 2625 2475 2678 manifestam
2511 2624 2736 2677 reddere
2757 2639 2860 2676 non
2891 2623 2962 2676 ita
2988 2622 3152 2676 fuerit
3187 2621 3364 2677 facile.

1799 2718 2136 2773 Tentandum
2161 2727 2362 2780 tamen,
2380 2725 2730 2787 posteaquam
2752 2729 2899 2785 spem
2919 2715 3366 2770 collocaverimus

1799 2810 1852 2866 in
1873 2823 1960 2874 eo,
1996 2810 2086 2878 qui
2111 2809 2436 2864 datverbum
2457 2807 2974 2874 evangelizantibus,
3009 2807 3208 2861 virtute
3225 2807 3368 2860 mula

1799 2909 1851 2955 ta
1871 2903 1936 2954 °°.
1967 2901 2186 2954 Dixerat
2217 2915 2378 2968 porro
2425 2899 2565 2968 quod
2605 2899 2754 2965 illud,
2795 2899 2838 2953 si
2871 2913 3042 2966 neque
3081 2897 3198 2965 ipse
3244 2908 3370 2954 ante

1800 2994 2058 3063 seipsum,
2089 3007 2260 3061 neque
2291 2991 2437 3045 aliud
2483 2991 2776 3060 quidquam
2799 2999 2922 3044 ante
2946 2991 3120 3058 ipsum
3147 3001 3250 3056 est,
3282 3007 3370 3046 se-

1799 3082 2352 3154 quaturingeneratio
2381 3101 2395 3137 :
2424 3083 2517 3136 sed
2551 3083 2892 3150 postmodum
2917 3081 3182 3136 intellexit
3205 3085 3367 3137 verba

1801 3191 1895 3231 sua
1915 3176 2015 3231 sibi
2037 3177 2106 3230 ob
2127 3175 2398 3243 jactorum
2420 3174 2892 3228 fundamentorum
2917 3175 3367 3243 consequentiam

105 3261 206 3316 θεν
233 3261 383 3332 αὐτῷ
411 3262 716 3331 παρέπεται
749 3262 1010 3334 δηλονότιι
1039 3263 1111 3314 Τὸ
1132 3263 1188 3315 δὲ
1213 3264 1411 3330 ἔξωθεν
1437 3265 1530 3317 τοῦ
1559 3266 1682 3318 Θεοί

1801 3268 1854 3322 in
1873 3269 2200 3321 contrariam
2221 3277 2428 3334 partem
2455 3265 2668 3319 cedere.
2694 3263 2828 3317 Nam
2855 3264 2898 3318 si
2927 3265 3092 3320 Deum
3126 3266 3371 3334 sequitur

103 3353 214 3404 οὐκ
246 3353 404 3405 οὐσία
435 3352 600 3405 αὐτοῦ
629 3355 798 3408 ἐστιν.
839 3353 932 3406 Ἐκ
967 3353 1024 3405 δὲ
1053 3353 1256 3407 τούτων
1275 3355 1386 3425 (15)
1418 3356 1695 3425 οἰχήσεται

103 3443 370 3516 διαρρυὲν
395 3444 544 3516 αὐτῷ
569 3445 630 3498 τὸ
659 3445 1040 3516 σκαιώρημσε),
1059 3447 1144 3498 ἵνα
1173 3447 1228 3498 δὲ
1254 3447 1326 3518 μὴ
1349 3447 1504 3500 τοῦτο
1525 3447 1692 3518 πάθῃ,

103 3537 164 3588 τί
203 3539 382 3602 ποιεῖς
418 3537 600 3609 Βραχὺ
637 3539 930 3609 φροντίσας
960 3537 1053 3592 τοῦ
1087 3539 1342 3607 γέλωτος,
1384 3539 1442 3591 ὃν
1488 3540 1581 3591 ἐπὶ
1617 3538 1694 3610 τῷ

101 3631 180 3682 τὰ
209 3630 550 3684 ἀνακόλουθα
570 3631 750 3700 λέγειν
779 3633 1004 3703 ὑπέχειν
1035 3631 1246 3702 ἔμελλε,
1277 3636 1341 3703 τῇ
1374 3631 1692 3702 ἐπιδιορθώ-

105 3741 197 3776 σει
249 3724 504 3796 ἀπήγαγε
549 3724 640 3778 τὸν
683 3725 840 3794 λόγον
885 3727 1022 3797 πρὸς
1064 3726 1100 3780 ἃ
1146 3725 1426 3790 ἐϐούλετο,
1482 3725 1688 3778 εἰπών’

103 3817 330 3870 Μᾶλλον
356 3817 411 3871 δέ
449 3819 580 3872 αὐτό
603 3817 712 3891 (16)
742 3821 889 3872 ἐστιν
919 3819 1075 3871 οὐσία
1103 3817 1415 3887 ἀγέννητος.
1443 3815 1611 3870 Τοῦτο
1632 3817 1689 3869 δὲ

101 3908 370 3979 οὐδεμίαν
417 3911 514 3981 μὲν
556 3910 669 3981 ἔχει
715 3911 1000 3982 ὁμολογίαν
1036 3909 1172 3980 πρὸς
1218 3908 1288 3962 τὰ
1341 3909 1651 3979 προάγοντα
1676 3925 1691 3941 ·

103 3999 230 4062 πῶς
265 3999 373 4072 γὰρ
404 4003 497 4053 καὶ
518 3995 778 4073 ἑπόμενον
807 4001 955 4072 αὐτῷ
980 4001 1040 4053 τὸ
1059 4001 1170 4072 (17)
1192 4000 1482 4072 ἀγέννητον
1513 4000 1692 4065 ὁΘεὸς

184 4117 234 4150 ⁵³
261 4117 451 4170 Matth.
485 4133 672 4184 xxvm,
711 4118 795 4174 i9.

183 4231 295 4300 (Μ)
329 4230 466 4283 Editi
490 4233 568 4293 εἰς
599 4223 660 4284 τὸ
682 4229 849 4301 ὄνομα
884 4229 977 4282 τοῦ
1013 4225 1260 4301 Πατρόςί
1294 4227 1385 4281 τοῦ
1407 4300 1410 4301 ν
1435 4227 1669 4300 Πατρὸς,

103 4297 226 4358 ἀλλ’
259 4297 379 4370 οὐχ).
407 4301 500 4353 τοῦ
535 4297 915 4372 ἀγεννήτὸυ....
951 4297 1294 4369 σκεψώμεθα.
1335 4300 1483 4354 Libri
1529 4297 1678 4354 vete-

107 4390 222 4434 res,
265 4375 340 4425 uti
382 4373 564 4425 videre
601 4375 762 4426 estin
799 4379 1076 4425 contextu.

181 4433 298 4512 (l2)
329 4441 408 4494 ita
467 4442 678 4512 antiqui
713 4441 820 4496 duo
877 4439 1168 4512 libi-LVOX
1213 4433 1478 4512 abrd;__in
1519 4439 1678 4512 editis

875 4116 919 4148 ⁶⁰
943 4116 1084 4171 Psal.
1121 4132 1287 4182 vau,
1323 4117 1411 4170 12.

113 4507 486 4582 desideratur.
530 4507 965 4582 Aliquantopost
1006 4511 1134 4578 Reg.
1160 4513 1360 4582 tertius
1383 4507 1567 4582 ἕτερόν
1621 4529 1671 4563 τι
1705 4515 1748 4570 D

101 4583 218 4655 πρὸ
243 4579 412 4655 αὐτοῦ
437 4571 700 4655 ὑπάρχειν
715 4571 1546 4655 ἀποδέδεικταιξιιίεηιοηειναιιὶηι
1573 4589 1667 4638 est.

181 4653 297 4724 (£5)
341 4653 514 4724 Editio
555 4651 751 4724 Paris.
783 4663 838 4724 et
871 4651 1022 4719 Regii
1053 4651 1279 4724 primus,
1318 4652 1584 4724 secundus
1618 4661 1672 4704 et

101 4721 318 4788 scitus,
343 4723 540 4792 μᾶλλον
586 4723 646 4776 δὲ
693 4721 855 4785 αὑτός
911 4725 1078 4784 ἐστιν,
1119 4721 1224 4772 imo
1273 4727 1391 4792 vero
1457 4722 1562 4786 ipse
1598 4730 1671 4774 est

99 4791 404 4846 substantia
435 4793 686 4862 ingenita.
752 4793 906 4862 Regii
967 4792 1156 4862 tertius
1191 4791 1511 4862 et-quintus
1548 4803 1670 4844 cum

101 4865 266 4918 Colb.
294 4875 350 4916 et
392 4849 514 4916 cuni
543 4849 804 4916 'editione
834 4849 980 4917 "Ven.
1025 4860 1220 4930 μᾶλλον
1254 4849 1311 4912 δέ
1336 4849 1468 4913 αὑτό
1499 4861 1668 4930 ἐστιν,

100 4935 214 4986 imo
274 4949 391 4985 vero
447 4933 558 5000 ipsa
597 4942 671 4985 est
727 4929 1035 4986 substantia
1059 4933 1312 5000 ingenita,
1349 4933 1449 4984 hoc
1497 4940 1581 5000 est
1611 4929 1670 4982 τὸ

99 5004 421 5072 ἀγέννητον,
456 4999 570 5068 ipsa
627 5004 971 5072 ingeneratio,
1008 5013 1089 5054 est
1121 4999 1453 5072 substantia
1514 4999 1669 5072 inge-

101 5070 240 5127 nita.
267 5070 614 5127 -Ᾰ-Μᾶλλον
653 5070 721 5125 δὲ
769 5073 917 5125 αὑτό
971 5072 1141 5126 ἐστιν
1188 5070 1368 5124 οὐσία
1419 5070 1672 5138 ἀγέννη-

97 5161 226 5210 τος.
261 5143 318 5196 ln
367 5147 468 5196 hoc
521 5143 658 5207 loco,
707 5143 796 5211 qui
833 5143 968 5196 infra
1017 5143 1098 5196 bis
1157 5140 1436 5209 repetitur,
1500 5141 1668 5193 multo

95 5215 306 5269 clarior
329 5215 434 5268 erit
462 5223 570 5267 tota
605 5215 920 5280 disputatio,
955 5213 1000 5266 si
1031 5215 1362 5280 Iegamusrut
1413 5211 1462 5262 in
1531 5224 1670 5280 non-

97 5286 269 5338 nullis
301 5284 597 5338 codicibus
647 5277 778 5340 niss.
825 5293 880 5336 et.
923 5277 1123 5342 editis}
1165 5279 1328 5342 αὑτός
1362 5281 1527 5332 ἐστιν.
1583 5277 1669 5331 γει

93 5357 276 5422 potius
303 5355 616 5422 ipse(l)eus)
647 5364 721 5408 est
759 5353 1054 5406 substantia
1099 5351 1355 5418 ingenita.
1413 5350 1669 5402 Testatur

97 5425 336 5478 Basilius
364 5441 414 5491 p.
444 5423 552 5477 2'23
585 5425 698 5478 hinc
725 5424 1048 5478 Eunomiutn
1109 5423 1174 5474 de
1223 5422 1328 5474 Deo
1363 5422 1669 5491 ittniverso—

99 5511 224 5548 rum
266 5489 500 5564 dixisse;
527 5495 686 5563 idque
711 5504 858 5564 patet
886 5509 950 5547 ex
983 5494 1066 5546 his
1090 5505 1210 5564 quae
1235 5490 1480 5564 protinus
1515 5489 1666 5543 addit

95 5565 422 5619 Eunomius.
461 5559 724 5619 Praeterea
751 5565 1021 5632 conceptis
1049 5559 1230 5616 verbis
1263 5561 1366 5615 hoc
1401 5559 1521 5614 loco
1557 5575 1665 5632 non

93 5639 316 5689 dicebat
339 5635 631 5688 Eunomius
660 5637 836 5704 ipsum
873 5629 1168 5702 ingenitum
1215 5646 1334 5685 esse
1368 5629 1663 5704 essentiam

93 5707 221 5768 Dei,
249 5708 342 5760 sed
369 5721 433 5759 eo
464 5699 708 5772 spectare.
735 5699 880 5762 illitis
916 5699 1078 5759 verba
1110 5706 1364 5758 observat
1405 5699 1665 5764 Basilids,

95 5793 155 5846 p.
186 5777 312 5836 216.
337 5775 544 5830 Manut.

1803 3359 2156 3429 ingeneratio,
2177 3373 2238 3413 ea
2264 3357 2334 3410 illi
2355 3357 2542 3426 procul
2582 3357 2744 3410 dubio
2775 3357 3118 3411 extrinsecus
3136 3357 3365 3412 accedit.

1803 3451 1952 3518 Quod
1971 3458 2146 3504 autem
2167 3458 2321 3504 extra
2345 3449 2514 3502 Deum
2540 3455 2644 3512 est,
2678 3449 2976 3502 substantia
3003 3447 3118 3518 ejus
3141 3461 3367 3506 nonest.

1801 3545 1878 3599 Ex
1898 3544 1980 3598 bis
2009 3551 2185 3598 autem
2233 3540 2476 3596 dolosam
2505 3539 2649 3593 illius
2675 3549 3042 3594 commentum
3081 3540 3282 3597 dillluet
3307 3559 3372 3597 ac

1801 3635 2085 3690 dilabetur.
2103 3633 2206 3689 Sed
2226 3635 2330 3688 hoc
2349 3633 2397 3688 ei
2415 3647 2484 3687 ne
2497 3632 2726 3697 accidat,
2744 3633 2870 3699 quid
2891 3631 3044 3686 facit?
3064 3633 3214 3688 Haud
3232 3635 3373 3688 mul-

1804 3735 1916 3780 tum
1942 3741 2140 3780 curans
2173 3725 2364 3791 risum,
2392 3738 2552 3792 quem
2583 3721 2652 3776 ob
2687 3722 2982 3792 pugnantia
3019 3737 3137 3791 quae
3181 3723 3370 3792 loque‘

1799 3819 1956 3874 batur
1989 3819 2268 3873 subiturus
2291 3827 2433 3882 erat,
2464 3817 2767 3871 orationem
2797 3819 2862 3870 ad
2893 3831 2954 3870 ea
2993 3831 3113 3884 quae
3157 3818 3325 3874 voluit
3351 3856 3371 3888 ,

1799 3911 2120 3982 corrigendo
2154 3911 2444 3975 convertit,
2479 3910 2562 3964 his
2591 3909 2772 3962 verbis
2802 3925 2816 3960 :
2877 3908 2985 3962 Imo
3023 3909 3200 3976 potius
3254 3912 3372 3967 haec

1800 4003 1915 4073 ipsa
1955 4012 2038 4058 est
2087 4001 2387 4057 substantia
2442 4000 2702 4070 ingenita.
2751 3998 2864 4054 Hoc
2915 4011 3095 4055 autem
3148 4016 3271 4056 cum
3303 4005 3370 4058 iis

1859 4231 1972 4300 (tt)
2005 4228 2142 4283 Etiili
2194 4221 2423 4281 συνιδεῖν
2449 4225 2569 4291 και,
2609 4213 2782 4298 οἶμαι.
2827 4221 2972 4282 Libri
3017 4236 3223 4283 veteres
3267 4229 3364 4299 ita,

1791 4303 1850 4356 ut
1880 4301 2175 4356 edidimus.

1859 4393 1973 4463 (15)
2018 4391 2060 4445 Ε
2090 4391 2313 4463 regione
2345 4391 2545 4463 horum
2570 4390 2888 4463 verborum,
2936 4390 3029 4444 Ἐκ
3059 4389 3114 4443 δὲ
3139 4391 3362 4456 τούτων,

1785 4464 1838 4516 in
1868 4459 2147 4528 'm'argine
2208 4461 2342 4530 lieg.
2404 4459 2546 4530 tertii
2603 4462 2860 4527 scriptum
2897 4473 2980 4515 est
3015 4463 3178 4525 illud,
3221 4463 3282 4514 Εἰ
3309 4464 3365 4516 δὲ

1775 4533 1934 4587 τοῦτο
1973 4531 2175 4602 δοθείη,
2226 4529 2380 4595 Quod
2422 4531 2466 4582 si
2515 4529 2622 4602 hoc,
2665 4531 3054 4585 concederetur.
3107 4531 3359 4598 Basilius,

1779 4607 1933 4667 cuius
1990 4601 2190 4669 alioqui
2227 4616 2408 4656 set-mo
2447 4601 2764 4666 perspicuus
2789 4614 2872 4656 est
2899 4613 2952 4654 et
2983 4602 3164 4655 clarus
3190 4643 3202 4662 ,
3235 4605 3362 4656 dum

1777 4675 2036 4728 obscuras
2077 4672 2328 4726 Eunomii
2365 4669 2600 4737 ineptias
2622 4670 2910 4741 confutare
2938 4674 3172 4741 cogitur,
3199 4674 3254 4724 lit
3309 4684 3365 4726 et

1775 4744 1892 4810 ipse
1920 4743 2320 4812 quodammodo
2361 4743 2650 4812 obscurus.
2710 4739 3039 4812 Eunomiana
3075 4742 3190 4812 illa,
3235 4743 3364 4795 ἀκο-

1774 4805 1954 4866 λουθεῖ
1997 4812 2171 4881 τούτῳ
2223 4812 2282 4864 τὸ
2330 4810 2908 4881 ἀγέννητον-(μᾶλλον
2957 4811 3013 4864 δὲ
3062 4805 3193 4867 αὖτό
3216 4813 3362 4866 ἐστιν

1774 4884 1930 4937 οὐσία
1955 4879 2268 4952 ἀγέννητος,
2305 4881 2584 4952 contendit
2613 4879 2846 4952 Basilius
2875 4882 3014 4952 inter
3046 4897 3104 4934 se
3155 4899 3362 4951 pugna-

1777 4971 1856 5018 re,
1891 4949 2161 5007 necinter
2182 4968 2240 5006 se
2266 4949 2546 5021 conciliari
2575 4965 2756 5019 posse.
2789 4951 2944 5014 Nam,
2983 4949 3184 5018 inquit,
3221 4949 3365 5021 quod

1775 5038 2104 5093 quemquam
2138 5021 2406 5090 sequitur,
2438 5020 2496 5093 it_i
2527 5021 2577 5072 itt
2637 5037 2700 5073 e0
2733 5021 3091 5093 adventitiutn
3125 5020 3366 5093 est,’nec

1774 5083 1859 5149 est
1905 5083 2023 5162 ejus
2075 5083 2399 5147 substantia.
2456 5083 2552 5162 Eu
2597 5099 2702 5162 quo
2735 5083 2812 5153 fit,
2851 5101 2908 5143 ιιι
2941 5090 3000 5143 τὸ
3038 5083 3361 5162 ἀγέννητον,

1775 5179 1896 5218 eum
1935 5160 2004 5218 ex
2033 5161 2282 5216 Eunomii
2317 5160 2588 5215 sententia
2646 5161 2810 5213 Deum
2841 5171 3124 5228 sequatur.
3156 5160 3366 5215 adven-

1777 5236 1953 5287 titiutu
1982 5232 2202 5302 qttidant
2230 5235 2301 5286 sit
2326 5233 2376 5284 itt
2423 5231 2553 5294 Deo,
2587 5229 2860 5302 nec_Deus
2889 5231 3024 5300 ipse,
3089 5247 3189 5302 nec
3231 5235 3367 5302 sub-

1775 5305 1972 5358 stantia
2001 5299 2250 5371 iugeuita
2303 5301 2406 5354 dici
2451 5302 2644 5371 possit.
2677 5299 2753 5350 Ex
2815 5299 3013 5370 quibus
3064 5301 3242 5370 colligi
3269 5301 3365 5354 de-

1775 5374 1884 5434 bet.
1915 5369 2260 5431 Eunomium.
2297 5387 2416 5424 cum
2442 5369 2500 5421 τὸ
2528 5369 2849 5437 ἁγέννητονίί
2890 5369 3248 5424 substantiam
3289 5372 3368 5424 in-

1773 5445 2010 5513 genitam
2045 5457 2168 5498 esse
2207 5442 2436 5503 diceret,
2495 5455 2678 5492 secum
2741 5449 3080 5510 nequaquam
3115 5451 3365 5495 censen-ﬁ

1773 5529 1910 5568 81886
1921 5549 1939 5567 ο

1847 5603 1958 5674 (16)
1988 5603 2163 5658 Editio
2193 5602 2376 5656 Paris.
2411 5615 2536 5656 cum
2567 5601 2738 5674 tribus
2761 5597 3128 5674 ποια-μᾶλλον
3169 5601 3224 5674 δὲ
3270 5603 3369 5656 arba-

1771 5672 1884 5738 τός.
1916 5672 2019 5727 Alii
2044 5684 2280 5744 quatuor
2309 5688 2438 5726 mss.
2481 5687 2602 5726 cum
2639 5672 2881 5724 editione
2905 5672 3044 5726 Ven.
3068 5673 3222 5725 αὐτό.

1836 5764 1958 5845 ξ(ΓΙ)
2000 5764 2177 5822 Editio
2216 5773 2442 5833 utraque
2481 5775 2602 5819 cum
2659 5759 2806 5831 Reg.
2833 5761 3049 5834 _q_u_ieto
3090 5761 3222 5815 αὐτὸ
3281 5757 3370 5812 τόι
