3836 6222
93 299 220 356 521

1223 321 1592 378 ADVERSUS
1629 324 2000 384 EUNOMIUM
2037 322 2166 386 ΠΒ.
2207 330 2250 386 Ι.

3269 345 3374 402 522

93 425 207 478 ἐπὶ
231 425 330 480 τοῦ
359 427 496 482 Θεοῦ
541 431 603 483 τὸ
639 433 952 506 ἀγέννητον,
990 439 1290 512 ἡγούμενος
1331 447 1577 514 ἐντεῦθεν
1608 453 1691 522 pq.-

1810 449 2008 520 ligendi
2057 454 2274 510 modum
2312 455 2364 509 in
2416 453 2526 512 Deo
2553 431 2910 528 considerari,
2939 469 3088 516 ratus
3115 465 3372 532 probatu-

93 517 231 570 δίαν
263 519 413 590 αὐτῷ
456 523 554 593 τὴν
589 526 926 600 ἐπιχείρησιν
959 531 1174 590 ἔσεσθαι
1209 539 1301 592 τοῦ
1335 541 1434 611 τὴν
1470 543 1702 616 ἀγεννη-

96 609 234 662 σίαν
274 612 461 666 οὐσίαν
487 611 623 668 εἶναι
658 617 749 671 τοῦ
779 621 914 674 Θεοῦ
948 625 1091 694 (26)·
1126 630 1190 682 ἐκ
1225 609 1414 686 τοῦτοῦ
1447 609 1700 691 δῖε-ἀναν-

93 705 388 776 τιρῤήτως
429 707 644 774 δείξειν,
684 713 933 784 ἀνόμοιον
977 715 1115 772 εἶναι
1144 724 1265 774 κατ’
1297 726 1468 798 αὐτὴν
1489 731 1588 806 τὴν
1612 733 1702 784 οὐ·

95 796 233 848 σίαν
263 797 358 850 τὸν
405 803 670 874 μονογενῆ
697 805 825 859 Υἱὸν
857 807 936 880 τῷ
971 812 1166 883 Πατρί.
1203 816 1300 870 Διὰ
1333 796 1489 873 τοῦτο
1533 796 1702 896 προσο

95 887 370 943 πλέκεται
417 892 497 964 τῷ
530 897 736 966 ῥήματι
771 899 869 970 τῆς
901 903 1164 970 ἐπινοίας,
1205 908 1280 972 ὡς
1323 911 1472 964 οὐδὲν
1502 916 1700 986 σημαί-

95 997 252 1032 νοντι
300 982 360 1036 τὸ
407 987 692 1056 παράπαν,
741 989 855 1043 ἀλλ’
901 995 958 1044 ἐν
1013 995 1149 1068 μόνῃ
1195 1001 1262 1070 τῇ
1321 982 1700 1077 προφορᾷγτὴν

97 1071 406 1128 ὑπόστασιν
445 1081 796 1152 κεκτημένῳ·
836 1086 928 1138 καὶ
957 1087 1172 1152 ἀνάξιον
1197 1089 1336 1146 εἶναι
1366 1095 1500 1149 Θεοῦ
1528 1117 1698 1170 προσ-

97 1167 346 1220 ποιεῖται
398 1171 518 1232 ταῖς
559 1171 822 1236 ἐπινοίαις
869 1177 1030 1232 αὐτὸν
1080 1182 1498 1253 ἁποσεμνύνειν.
1559 1167 1700 1258 Ἐγὼ

95 1253 160 1350 δέ
197 1257 248 1310 εἰ
295 1257 394 1350 μὲν
423 1260 635 1334 ἐπινοίᾳ
665 1262 937 1336 Θεωρητὸν
965 1267 1076 1338 (27)
1107 1270 1139 1340 ἢ
1187 1273 1259 1344 μὴ
1288 1274 1350 1326 τὸ
1377 1253 1696 1350 ἀγέννητον,

95 1347 262 1402 οῦπω
295 1349 696 1426 διισχυρίζομαι
723 1359 850 1429 πρὶν
885 1359 949 1414 ἂν
978 1362 1069 1413 ὑπ’
1097 1363 1265 1436 αὐτῆς
1293 1367 1382 1420 τοῦ
1412 1369 1570 1438 λόγου
1599 1372 1698 1444 τῆς

93 1440 410 1507 ἐξετάσεως
447 1445 680 1518 διδαχθῶ
688 1467 810 1520 μεν.

175 1534 230 1587 6.
249 1536 396 1590 Αὐτὸ
425 1537 480 1590 δὲ
507 1541 685 1608 τοῦτο,
704 1543 758 1596 τί
791 1547 918 1598 ποτέ
952 1550 1098 1602 ἐστιν
1123 1552 1156 1622 ή
1187 1553 1416 1621 ἐπίνοια,
1437 1556 1606 1628 ἡδέως
1633 1557 1698 1614 ἂν

93 1626 274 1720 adeo»!
319 1629 694 1704 ἐρωτήσαιμι·
750 1632 840 1708 ἄρ’
879 1639 1031 1694 οὐδὲν
1079 1644 1392 1700 παντάπασι
1442 1626 1698 1720 σημαίνει

93 1716 163 1769 τὸ
194 1716 368 1790 ὄνομα
405 1723 581 1787 τοῦτο,
613 1729 708 1780 καὶ
749 1728 920 1799 ψόφος
944 1731 1119 1798 ἄλλως
1143 1736 1261 1790 ἐστὶ
1289 1737 1376 1792 διὰ
1403 1716 1699 1810 τῆςνγλώτ-

93 1826 204 1882 της
229 1813 547 1882 ἐκπίπτων;
599 1819 760 1874 Ἀλλὰ
789 1822 848 1876 τὸ
879 1825 1118 1880 τοιοῦτον
1158 1829 1278 1900 οὐχὶ
1323 1832 1558 1902 ἐπίνοια,
1597 1853 1699 1890 πα-
1731 1823 1770 1878 Β

95 1905 300 1998 ξάνοια
336 1907 380 1960 δ’
421 1907 486 1962 ἂν
518 1911 720 1982 μᾶλλον
773 1916 866 1969 καὶ
917 1919 1154 1993 φλυαρία
1215 1928 1694 1998 προσαγορεύοιτο.

94 1996 163 2048 Ei
198 1997 256 2050 δέ
287 2005 595 2076 συγχωροίη
635 2008 922 2077 σημαίνειν
949 2011 1050 2080 μέν
1074 2030 1128 2066 τι
1156 2014 1252 2085 τὴν
1275 2018 1538 2084 ἐπίνοιαν,
1569 2019 1698 2090 ψευ-

95 2089 192 2152 δές
233 2091 294 2144 δέ
338 2094 498 2148 τοῦτο
539 2099 817 2164 παντελῶς
863 2103 958 2156 καὶ
987 2105 1356 2177 ἀνύπαρκτον,
1387 2110 1464 2174 ὡς
1493 2113 1550 2166 ἐν
1580 2117 1699 2178 ταῖς

101 2180 455 2250 μυθοποιίαις
495 2189 806 2262 κενταύριον
846 2195 908 2267 δή
957 2213 1119 2252 τινων
1169 2201 1560 2275 ἁναπλασμοὺς
1605 2209 1698 2262 καὶ

97 2274 390 2374 χιμαίρας,
421 2280 536 2344 πῶς
559 2283 620 2336 τὸ
649 2290 1043 2360 σημαινόμενον
1062 2293 1195 2364 (27‘)
1221 2297 1411 2366 ψεῦδος
1435 2299 1512 2371 τῷ
1541 2301 1698 2374 ψόφῳ

95 2365 201 2434 τῆς
246 2368 496 2441 γλώττης
526 2379 960 2445 συναφανίζεται,
1005 2385 1105 2454 τῆς
1137 2389 1235 2456 μὲν
1263 2392 1446 2462 φωνῆς
1479 2395 1697 2460 πάντως

97 2460 186 2556 εἰς
233 2461 376 2532 ἀέρα
429 2471 840 2542 προχεομένης,
893 2474 1001 2528 τῶν
1046 2477 1104 2530 δὲ
1149 2479 1360 2548 ψευδῶν
1403 2460 1696 2556 νοημάτων

95 2549 552 2622 ἐναπομενόντων
589 2560 698 2628 (‘28)
735 2564 800 2634 τῇ
847 2564 1092 2638 διανοίᾳ;
1147 2571 1280 2624 Οὑδέ
1333 2573 1440 2646 γὰρ
1476 2549 1696 2632 ἐπειδάν

97 2659 238 2696 ποτε
289 2643 500 2714 ψευδῶν
536 2652 817 2718 παντελῶς
866 2657 960 2710 καὶ
1000 2657 1262 2714 διακένων
1303 2643 1694 2738 ἀναπλασμῶν,

96 2733 132 2806 ἢ
169 2737 230 2788 ἐν
277 2741 399 2804 ταῖς
429 2741 552 2795 καθ’
597 2743 763 2798 ὕπνον
797 2750 1140 2817 φαντασίαις,
1177 2754 1209 2824 ἢ
1260 2755 1434 2820 ἄλλως
1478 2760 1537 2812 ἐν
1559 2733 1696 2825 ’τοῖς

99 2829 366 2899 ματαίοις
411 2834 505 2888 τοῦ
559 2837 650 2890 νοῦ
709 2841 1002 2912 κινήμασιν
1045 2847 1078 2916 ή
1123 2847 1269 2919 ψυχὴ
1321 2850 1692 2922 πληρωθεῖσα,

97 2925 507 3015 παρακατάσχῃ
549 2931 614 3000 τῇ
655 2933 864 3002 μνήμῃ,
913 2931 1032 2988 εἶτα
1063 2937 1150 2990 διὰ
1171 2940 1269 3009 τῆς
1303 2943 1488 3014 φωνῆς
1532 2945 1693 3015 ἐξαγ-

97 3013 288 3081 γεῖλαι
321 3017 642 3090 προέληται,
681 3022 816 3093 ὁμοῦ
865 3025 944 3096 τῷ
983 3031 1364 3100 προενεχθέντι
1396 3013 1540 3106 λόγῳ
1575 3013 1698 3092 συν-

98 3109 382 3198 ηφανίσθη
428 3113 522 3166 καὶ
566 3114 635 3168 τά
670 3119 1046 3190 φαντάσματα,
1083 3123 1288 3178 Πολλοῦ
1315 3127 1424 3198 γὰρ
1452 3119 1518 3184 ἂν
1544 3129 1693 3195 ἄξιον

95 3194 170 3270 ἦν
199 3200 269 3252 τὰ
297 3201 464 3275 ψευδῆ
501 3205 699 3273 λέγειν,
743 3211 900 3282 εἴπερ
932 3215 964 3284 ἡ
1000 3213 1159 3280 φύσις
1188 3216 1282 3270 τοῦ
1313 3217 1541 3288 ψεύδους
1578 3227 1692 3288 τοῖς

99 3291 458 3364 λαλουμένοις
494 3299 962 3374 συνδιεφθείρετο·
984 3306 1099 3359 ἀλλ’
1119 3309 1218 3362 οὐκ
1243 3309 1364 3381 ἔχον
1388 3314 1504 3366 ἐστὶ
1531 3315 1692 3384 φύσιν

95 3385 268 3439 τοῦτό
299 3405 362 3456 γε
410 3389 542 3462 (29).
593 3393 913 3450 Ὑπόλοιπον
942 3398 986 3450 δ’
1019 3399 1086 3454 ἂν
1117 3403 1200 3473 εἴη
1243 3403 1539 3470 δεικνύναι,
1576 3410 1695 3474 πῶς

102 3477 212 3548 μὲν
247 3477 280 3549 ή
329 3481 607 3552 συνήθεια,
645 3487 738 3538 καὶ
779 3489 870 3540 ἐπὶ
898 3490 1066 3544 ποίων
1097 3495 1438 3564 πραγμάτων
1471 3501 1536 3569 τῇ
1571 3499 1698 3553 ἐπι-

97 3571 248 3640 νοίᾳ
282 3573 478 3644 χρῆται
499 3589 512 3604 ⁸
549 3577 670 3641 πῶς
690 3579 746 3630 δὲ
775 3580 840 3634 τὰ
864 3581 980 3636 θεῖα
1009 3583 1164 3652 λόγια
1194 3585 1292 3658 τὴν
1307 3591 1502 3661 χρῆσιν
1526 3592 1695 3663 αὐτῆς

101 3665 466 3735 παρεδέξατο.
517 3669 762 3742 Ὁρῶμεν
807 3674 1006 3738 τοίνυν,
1043 3677 1124 3729 ὅτι
1167 3678 1226 3731 ἐν
1275 3681 1374 3750 μέν
1417 3685 1482 3754 τῇ
1537 3689 1690 3757 κοινῇ

98 3758 304 3826 χρήσει
337 3757 406 3811 τὰ
441 3762 562 3824 ταῖς
595 3761 818 3833 ἁθρόαις
848 3765 1124 3829 ἐπιϐολαῖς
1166 3769 1259 3822 τοῦ
1302 3771 1392 3824 νοῦ
1427 3773 1573 3826 ἁπλᾶ
1601 3774 1692 3826 δο-

99 3847 311 3900 κοῦντα
341 3846 480 3903 εἶναι
515 3855 606 3906 καὶ
649 3856 879 3926 μοναχά,
929 3861 1049 3922 ταῖς
1093 3859 1148 3912 δὲ
1181 3861 1324 3914 κατὰ
1375 3864 1570 3919 λεπτὸν
1609 3865 1694 3932 ἐξ-

99 3939 332 3992 ετάσεσι
361 3943 582 3996 ποικίλα
615 3947 932 4016 φαινόμενα,
953 3949 1047 4001 καὶ
1080 3951 1248 4004 πολλὰ
1274 3952 1386 4022 (50)
1415 3955 1590 4009 ταῦτα
1614 3955 1692 4028 τῷ

97 4027 186 4098 νῷ
217 4029 591 4104 διαιρούμενα,
623 4037 836 4109 ἐπινοίᾳ
865 4040 1002 4113 μόνῃ
1035 4041 1280 4113 διαιρετὰ
1319 4044 1532 4116 λέγεται
1555 4027 1688 4120 (51).

201 4202 294 4284 g6)
318 4205 496 4284 _Editio
533 4208 706 4265 Paris.
727 4212 916 4266 οὐσίαν
941 4210 1077 4269 εἶναι
1105 4215 1200 4268 τοῦ
1233 4217 1390 4272 Θεοῦ.
1418 4219 1710 4282 ιΙΙιιᾶ,τοῦ.

101 4275 270 4338 Θεοῦ,
299 4277 448 4330 deest
471 4280 519 4330 in
553 4296 684 4335 mss.
712 4293 764 4335 ct
791 4285 841 4336 in
873 4285 1108 4340 editi0ne
1146 4287 1274 4342 Ven.
1307 4289 1485 4344 Nolim
1508 4275 1685 4346 tamen

103 4357 492 4413 exi-iungantur
519 4350 600 4402 hie
624 4367 804 4414 voces,
843 4355 944 4407 nisi
977 4357 1393 4412 subaudiuntur.

187 4415 298 4497 (27)
331 4416 484 4497 εἶρε..
525 4423 714 4476 tertius
759 4425 974 4496 ἐπινοίᾳ
1016 4425 1340 4497 θεωρητέον.
1394 4429 1528 4483 Cum
1579 4446 1682 4484 vox

105 4485 330 4562 ἐπίνοια
357 4489 554 4562 saepius
581 4505 856 4554 occurrat.
904 4485 1140 4549 alienun;
1164 4485 1267 4550 non
1297 4501 1528 4562 videtur,
1561 4516 1682 4554 eam

105 4559 310 4632 paucis
331 4559 622 4623 explicare.
659 4563 822 4632 igitur
849 4581 977 4620 vore
1018 4566 1232 4620 ἐπίνοια
1266 4559 1562 4624 Eunomius
1608 4572 1690 4622 in-

103 4626 390 4707 telligebat
427 4632 620 4707 mentis
649 4626 902 4703 cogitata,
943 4637 1196 4690 subtilem
1244 4641 1532 4707 quamdam
1575 4641 1687 4692 ani-

105 4698 186 4750 mi
215 4701 639 4766 perceptionem,
679 4698 784 4756 uno
815 4698 998 4767 verbo,
1045 4709 1186 4760 hunc
1219 4698 1460 4763 nostrum
1496 4711 1690 4764 intelli-

103 4769 270 4837 gendi
301 4771 540 4846 modum,
575 4788 689 4846 quo,
709 4789 795 4828 res
837 4779 1204 4846 metaphysice
1230 4781 1643 4834 consideramus
1673 4797 1687 4833 :

103 4853 276 4918 quam
313 4839 553 4918 ultimam
583 4845 857 4918 notionem
899 4839 1139 4918 omnium
1199 4850 1537 4918 aptissimam
1569 4867 1693 4905 esse

105 4910 444 4986 arbitramur
463 4914 530 4963 ad
565 4913 950 4969 declarandum
985 4917 1144 4985 hujus
1168 4910 1315 4974 vocis
1344 4937 1523 4975 usum.
1549 4921 1693 4986 Qua-

105 4993 326 5045 cunque
357 4980 517 5058 igitur
541 4997 672 5036 voce
711 4987 774 5038 ad
797 5003 1001 5058 nomen
1035 4980 1249 5042 ἐπίνοια
1277 4980 1690 5058 expritiicttdtttn

106 5060 351 5112 utamur,
377 5049 495 5116 ejus
553 5069 714 5118 quam
777 5056 1013 5112 diximus
1079 5049 1694 5115 nodouis'meminisse

105 5133 292 5188 operae
323 5123 552 5188 pretium
577 5134 677 5177 est.

183 5187 318 5266 (ετ)
345 5187 693 5266 Unus_code.vt
735 5203 824 5248 aut
863 5195 999 5250 alter
1025 5213 1150 5254 cum
1193 5209 1424 5266 utraque
1453 5201 1694 5255 editione

105 5259 241 5338 πῶς
257 5259 320 5311 τὸ
345 5263 626 5338 σημαῖνον,
661 5265 934 5338 Quomodo
963 5267 1016 5319 id
1071 5269 1210 5338 quod
1258 5259 1366 5321 rem
1406 5271 1596 5337 {uisant
1622 5274 1695 5324 si-

105 5330 352 5400 gniﬁcat,
381 5333 542 5409 sintut
593 5351 711 5409 eum
747 5336 942 5409 linguae
974 5330 1102 5391 sono
1146 5339 1370 5392 interit?
1397 5330 1500 5394 Alii
1531 5343 1692 5409 quin-

105 5415 218 5468 que
241 5415 373 5454 mss.
399 5401 532 5478 Δπῶς
673 5401 1092 5478 σημαινόμενον,
1138 5419 1244 5464 etc.
1287 5401 1564 5472 Quomodo
1589 5411 1697 5478 [at-

105 5486 226 5523 sum
248 5471 410 5580 ’qnod
458 5471 822 5544 signiﬁcatur,
865 5471 971 5532 una
1017 5495 1134 5533 cum
1172 5471 1366 5548 lingua:
1418 5497 1548 5534 sono
1589 5471 1688 5534 ’ξη-

109 5545 234 5580 ιιτίι

107 5545 234 5594 terit
247 5545 258 5594 Ξ

185 5609 298 5690 (28-
330 5611 506 5690 Εάηἰιίο
529 5623 757 5690 utraque
778 5631 900 5690 cum
934 5617 1064 5687 Reg.
1097 5620 1286 5689 quinto
1313 5621 1421 5672 τῶν
1445 5619 1504 5673 δὲ
1556 5619 1692 5690 ψευέ

107 5679 528 5760 ξῶνλόνομάτων
579 5679 1043 5760 ἐναπομενόντωνξ
1096 5679 1258 5745 male.
1309 5691 1438 5760 Reg.
1470 5679 1694 5760 quartus

112 5751 324 5821 ψευδῶν
352 5754 641 5824 νοημάτων
689 5751 1133 5827 ἐναπομενόντων
1161 5777 1174 5792 ·
1205 5777 1234 5816 a
1263 5778 1370 5833 quo
1389 5751 1578 5818 codice
1603 5761 1692 5816 alii

1805 561 1925 600 rum
1955 561 2013 600 se
2034 546 2160 602 hinc
2187 548 2332 602 facili
2363 560 2586 616 conatu,
2631 551 3096 620 iugenerationem
3126 558 3376 612 substan-

1805 637 1934 690 tiam
1960 636 2056 692 Dei
2080 652 2200 692 esse
2225 656 2238 692 :
2269 638 2394 692 inde
2420 653 2550 694 vero
2576 641 2859 697 evidenter
2891 653 3230 700 ostensurum
3255 661 3374 702 esse

1803 743 1886 790 se,
1927 728 2262 798 unigenitum
2311 729 2504 786 Filium
2542 737 2841 789 secundum
2892 735 3068 805 ipsam
3119 741 3371 792 substan-

1806 819 1933 874 tiam
1982 817 2130 874 Patri
2172 836 2292 876 esse
2337 823 2676 880 dissimilem.
2736 826 3076 898 Quapropter
3113 829 3374 884 vocabulo

1806 912 2176 984 intelligentiae
2203 915 2428 970 inhaeret
2477 926 2736 987 tanquam
2775 919 2910 974 nihil
2946 922 3166 976 omnino
3201 923 3372 991 signi-

1805 1005 2010 1073 ﬁcanti,
2035 1008 2130 1062 sed
2157 1009 2208 1062 in
2246 1009 2358 1064 sola
2394 1012 2692 1078 prolatione
2721 1014 3090 1068 exsistentiam
3118 1014 3370 1070 habenti:

1804 1106 1965 1164 atque
2011 1099 2122 1154 Deo
2169 1100 2449 1168 indignum
2511 1117 2632 1158 esse
2683 1105 2920 1170 simulat,
2962 1123 3082 1162 eum
3123 1108 3376 1162 videlicet

1805 1189 1943 1242 ideis
1981 1205 2045 1243 ac
2073 1193 2512 1260 perceptionibus
2533 1211 2730 1250 ornare
2757 1213 2821 1251 ac
2846 1197 3226 1252 cohonesmre.
3258 1197 3372 1266 Ego

1804 1295 1934 1336 vero
1964 1297 2032 1336 an
2067 1284 2364 1353 ingenitum
2401 1289 2672 1355 possimus
2704 1299 2884 1344 mente
2909 1291 3146 1358 assequi;
3177 1306 3369 1354 necne,

1803 1387 1908 1426 non
1935 1373 2084 1442 prius
2118 1373 2344 1440 afﬁrmo,
2365 1392 2524 1444 quam
2549 1380 2616 1434 ab
2644 1379 2756 1448 ipsa
2778 1381 3002 1436 rationis
3030 1382 3372 1451 indagatione

1802 1464 2112 1520 doceamur.

1871 1576 1926 1630 6.
1957 1575 2059 1632 Sed
2079 1580 2336 1648 quidnam
2356 1580 2428 1635 sit
2451 1581 2724 1651 perceptio
2747 1583 2869 1648 ista,
2892 1583 3120 1640 libenter
3147 1601 3267 1638 eum
3289 1588 3373 1642 in-

1803 1673 2190 1739 terrogave‘rim
2221 1691 2235 1727 :
2272 1683 2450 1728 utrum
2477 1674 2579 1729 hoc
2609 1677 2840 1732 nominis
2882 1678 3010 1731 nihil
3051 1680 3270 1732 omnino
3297 1679 3374 1732 si-

1802 1760 2042 1828 gnificet,
2067 1771 2124 1816 et
2149 1777 2314 1818 sonus
2331 1764 2402 1816 sit
2417 1764 2507 1832 qui
2529 1773 2733 1818 temere
2755 1780 2818 1818 ex
2837 1779 2931 1818 ore
2949 1765 3369 1838 exeidat?217

1798 1855 1866 1904 At
1882 1851 2280 1920 reshujusmodi
2304 1869 2408 1907 non
2433 1857 2728 1925 perceptio,
2745 1856 2836 1910 sed
2850 1857 3027 1924 potius
3049 1859 3282 1911 amentia
3305 1873 3370 1913 ac

1800 1944 2083 2011 nugacitas
2117 1946 2380 2014 appellari
2425 1957 2624 2014 potest.
2667 1947 2820 2014 Quod
2855 1950 2898 2002 si
2940 1951 3270 2004 concesserit
3296 1952 3372 2004 si-

1800 2035 2052 2102 gniﬁcari
2103 2038 2321 2104 quidem
2375 2037 2578 2107 aliquid
2627 2041 2993 2109 perceptione,
3047 2042 3137 2094 sed
3179 2041 3369 2095 falsum

1798 2125 2052 2193 quiddam
2103 2127 2345 2191 omnino,
2409 2137 2464 2182 et
2525 2130 2670 2198 quod
2715 2145 2906 2185 revera
2955 2145 3059 2185 non
3108 2133 3368 2200 exsistat,

1798 2217 2250 2284 quemadmodum
2285 2220 2336 2272 in
2363 2219 2663 2274 fabularum
2690 2223 3010 2278 commentis
3035 2225 3276 2278 centauri
3309 2239 3373 2280 ac

1797 2307 2067 2362 chimaera:
2093 2309 2480 2380 continguntur
2507 2331 2518 2366 :
2555 2315 2828 2381 quomodo
2857 2313 3050 2368 falsum
3081 2314 3210 2368 illud
3230 2315 3373 2385 quod

1797 2399 2164 2469 significatum
2193 2413 2296 2466 est,
2336 2419 2438 2458 una
2475 2421 2596 2458 cum
2631 2405 2825 2474 linguae
2856 2421 2990 2461 sono
3023 2407 3226 2469 interit,
3246 2423 3367 2461 rum

1797 2489 1900 2542 etsi
1933 2505 2035 2544 vox
2073 2493 2296 2546 omnino
2328 2493 2378 2546 in
2423 2509 2602 2548 aerem
2647 2493 2985 2560 diffunditur,
3019 2503 3197 2550 tamen
3223 2497 3372 2565 cogi-

1801 2583 2037 2637 tationes
2081 2583 2228 2638 falsa:
2282 2597 2602 2640 remaneant
2647 2587 2700 2642 in
2752 2588 2972 2641 animo?
3009 2587 3188 2657 Neque
3228 2590 3370 2642 enim

1796 2673 1976 2728 anima
2016 2689 2136 2744 qua»:
2159 2676 2311 2732 falsis
2347 2693 2577 2746 prorsus
2606 2692 2670 2732 ac
2705 2680 2858 2734 vanis
2909 2681 3232 2734 commentis
3258 2680 3374 2735 sive

1797 2767 1851 2821 in
1876 2770 2216 2823 somniorum
2253 2770 2405 2834 visis,
2443 2772 2556 2825 sive
2587 2771 2724 2825 alias
2769 2771 2820 2824 in
2867 2772 3020 2826 vanis
3059 2772 3224 2826 animi
3258 2786 3371 2824 mo-

1799 2859 2039 2916 tionibus
2071 2861 2328 2930 repletur,
2363 2875 2484 2916 cum
2521 2861 2690 2916 semel
2719 2863 2833 2916 lucc
2874 2863 2927 2915 in
2962 2862 3222 2917 memoria
3246 2863 3370 2916 reti-

1795 2951 1996 3015 nuerit,
2027 2960 2080 3004 et
2108 2949 2304 3004 deinde
2327 2965 2422 3020 per
2473 2965 2658 3006 vocem
2693 2949 2885 3006 cﬂ'erre
2919 2952 3166 3013 voluerit,
3207 2954 3370 3006 etiam

1797 3055 1904 3094 una
1932 3056 2054 3095 cum
2109 3041 2320 3110 prolato
2352 3057 2602 3104 sermone
2643 3043 2903 3113 imagines
2941 3059 3120 3098 rerum
3167 3059 3366 3098 evane-

1797 3142 1975 3187 scunt.
1997 3133 2208 3188 Etenim
2235 3134 2278 3188 si
2300 3142 2490 3188 natura
2512 3135 2630 3190 falsi
2664 3135 2824 3190 simul
2845 3151 2966 3190 cum
2997 3136 3178 3192 verbis
3199 3137 3369 3190 inter-

1799 3225 1924 3288 iret,
1982 3239 2162 3293 Opera:
2224 3226 2455 3293 pretium
2501 3235 2646 3280 esset
2701 3226 2832 3280 falsa
2885 3227 3082 3283 dicere.
3134 3227 3238 3282 Sed
3271 3231 3370 3282 hoc

1798 3323 1948 3369 certe
1972 3324 2221 3370 naturam
2241 3331 2348 3370 non
2373 3316 2538 3371 habet
2577 3316 2862 3386 Reliquum
2871 3317 2982 3386 jam
3005 3319 3167 3373 fuerit
3190 3332 3373 3375 osten-

1799 3405 1949 3472 dere,
1997 3408 2270 3476 qnomodo
2313 3417 2366 3463 et
2405 3409 2602 3478 quibus
2641 3411 2692 3463 iu
2733 3411 2894 3466 rebus
2925 3413 3262 3467 consuetudo
3289 3412 3373 3465 di-

1799 3499 1986 3554 ctione
2013 3501 2369 3568 perceptionis
2405 3511 2609 3565 utatur,
2638 3513 2694 3556 et
2736 3505 3008 3570 quomodo
3035 3505 3215 3560 divina
3247 3505 3370 3560 Elo-

1801 3593 1926 3659 quia
1953 3607 2112 3645 usum
2149 3591 2266 3662 ejus
2302 3594 2666 3662 susceperint.
2721 3593 2978 3648 Videmus
3011 3595 3195 3664 igitur,
3228 3595 3371 3664 quod

1801 3683 1854 3737 in
1891 3685 2164 3737 communi
2189 3686 2408 3753 quidem
2440 3701 2564 3751 usu,
2597 3701 2717 3755 quae
2746 3686 2924 3740 subito
2944 3687 3142 3740 mentis
3166 3685 3370 3752 impetu

1797 3775 2062 3845 simplicia
2095 3791 2216 3831 esse
2269 3776 2524 3830 videntur
2567 3791 2628 3830 ac
2673 3779 2852 3840 unica,
2901 3785 3161 3846 apparent
3191 3786 3368 3828 tamen

1795 3867 1948 3934 varia
1995 3875 2119 3936 post
2153 3875 2464 3922 accuratam
2519 3869 2944 3938 indagationem,
2989 3868 3285 3936 praesertim
3323 3868 3367 3922 si

1795 3957 1894 4011 has
1925 3957 2123 4012 multas
2179 3970 2368 4028 partes
2420 3974 2572 4013 mens
2621 3959 2852 4024 dividat,
2893 3973 2955 4014 ea
3005 3961 3214 4014 ratione
3257 3961 3368 4013 sola

1797 4047 2088 4103 divisibilia
2142 4065 2264 4104 esse
2315 4049 2590 4104 dicantur.
2657 4049 2900 4120 Exempli
2955 4065 3140 4115 causa,
3173 4065 3370 4120 corpus

1794 4223 2034 4297 quinque
2054 4240 2161 4281 non
2185 4225 2468 4291 dissident,
2507 4228 2608 4282 nisi
2633 4227 2776 4297 quod
2804 4241 2905 4282 vox
2957 4225 3168 4297 ψευδῶν
3207 4229 3262 4282 in
3290 4227 3369 4283 eis

1795 4295 2150 4350 desideretur.

1869 4363 1982 4434 (29)
2023 4364 2282 4436 llla,7&).).’
2341 4367 2442 4420 οὐκ
2497 4366 2639 4436 ἕχον,
2687 4375 2816 4430 etc.,
2850 4367 3242 4434 Trapezuntius
3287 4369 3368 4436 sic

1793 4445 2073 4488 verterat:
2112 4435 2236 4490 Non
2288 4449 2363 4491 est
2400 4438 2483 4490 hic
2527 4435 2695 4489 istius
2725 4437 2798 4489 rei
2853 4449 3040 4490 natura
3077 4453 3096 4490 :
3126 4451 3243 4504 qua:
3276 4439 3361 4491 in-

1793 4508 2110 4576 terpretatio
2130 4521 2250 4560 cum
2287 4525 2392 4562 non
2423 4509 2657 4576 placeret
2682 4507 3028 4572 Combefisio,
3061 4509 3144 4560 vir
3176 4509 3366 4562 doctus

1794 4574 1866 4627 ita
1897 4577 2204 4630 emendavit
2232 4591 2246 4629 :
2272 4579 2341 4631 At
2375 4574 2434 4629 id
2460 4577 2577 4644 ﬁeri
2599 4581 2793 4645 nequit,
2819 4577 3136 4642 impossibile
3151 4587 3246 4630 est.
3284 4580 3364 4631 Ad

1793 4647 2014 4697 verbum
2044 4645 2521 4714 interpretabimur
2557 4665 2572 4700 :
2608 4647 2710 4700 Sed
2742 4645 2838 4699 hoc
2878 4663 2979 4698 non
3033 4647 3168 4699 hanc
3210 4657 3368 4700 natu-

1795 4730 1908 4766 ram
1953 4715 2126 4768 habet.
2163 4717 2272 4771 Hoc
2303 4729 2384 4772 est
2424 4737 2436 4771 :
2482 4717 2821 4771 Mendacium
2858 4731 2962 4768 non
3018 4717 3123 4769 tale
3177 4727 3280 4782 cst,
3309 4719 3368 4771 ut

1796 4785 1866 4858 sit
1887 4784 2236 4857 ἀνύπαρκτον
2259 4789 2538 4858 quiddam,
2575 4787 2942 4858 consistetque
2969 4786 3137 4858 solum
3187 4787 3239 4840 iu
3270 4803 3368 4840 no-

1799 4855 1942 4926 mine
1971 4865 2024 4910 et
2045 4855 2366 4924 prolatione.
2399 4857 2592 4912 Melius
2632 4857 2863 4910 fortasse
2885 4867 2934 4908 et
2965 4857 3262 4926 simplicius
3285 4859 3366 4912 sic

1796 4923 2140 4990 interpretari
2178 4929 2303 4982 licet
2333 4944 2348 4980 :
2384 4927 2490 4982 Sed
2521 4929 2572 4978 id
2598 4944 2700 4979 non
2723 4927 2798 4979 ita
2825 4935 2922 4978 est.

1867 4995 1978 5074 (ς’)Ο)
2021 4995 2324 5074 Legendum
2369 4996 2587 5050 ποικίλα
2647 4996 2948 5074 φαινόμενα
3001 4995 3094 5074 καὶ.
3144 4995 3364 5074 πολλά,

1803 5063 2052 5118 Videmus
2095 5063 2257 5135 igitur
2301 5071 2354 5120 in
2398 5063 2792 5120 communium
2814 5063 2940 5135 ante
2973 5066 3143 5118 subito
3179 5069 3364 5118 tne-uis

1797 5135 1988 5202 impetu
2020 5137 2277 5205 simplicia
2308 5139 2545 5191 videntur
2569 5147 2618 5198 et
2654 5139 2832 5216 unica,
2862 5137 3170 5216 accuratius
3190 5151 3364 5216 alitem

1794 5205 2102 5272 inquirendo
2136 5211 2282 5260 varia
2316 5219 2362 5261 et
2414 5209 2594 5269 multa,
2625 5224 2684 5260 ea
2723 5207 2848 5259 dum
2901 5216 3072 5259 mente
3116 5207 3365 5258 dividun—

1797 5285 1905 5346 tur,
1940 5278 2053 5329 sola
2073 5277 2390 5344 cogitatione
2423 5277 2708 5329 divisibilia
2739 5277 2864 5328 dici.
2883 5275 3050 5330 Paulo
3074 5286 3196 5346 post
3222 5277 3272 5328 d.
3304 5275 3361 5338 2,

1798 5343 1912 5414 lege
1942 5349 2061 5400 κατ’
2082 5343 2325 5400 ἐπίνοιαν
2356 5345 2656 5400 καὶταῦτα.
2691 5346 2902 5400 ΜΑΒΑΝ.

1867 5416 1980 5487 (51)
2023 5418 2153 5496 lira.
2208 5420 2440 5496 κει-μω,-
2470 5417 2682 5496 ἐπινοίᾳ
2724 5417 2860 5488 μόνῃ
2919 5414 3171 5496 θεωρητὰ
3198 5413 3365 5496 ,λεγε-

1795 5503 1906 5546 ται.
1963 5485 2174 5540 ratione
2226 5489 2338 5540 sala
2386 5485 2803 5540 dicuntur'esse
2834 5485 3359 5554 "comprehensibilia.

1795 5558 1898 5611 Alii
1923 5571 2018 5612 sex
2053 5571 2182 5612 mss.
2218 5567 2271 5609 et
2294 5567 2522 5626 utraque
2555 5558 2719 5611 editio
2754 5573 2946 5626 inagno
2972 5559 3114 5611 inter
3142 5569 3200 5609 se
3230 5569 3360 5626 con-

1795 5643 1954 5680 sensu
1985 5624 2635 5700 émvoiqtpévn‘oiatperdt
2653 5624 2888 5695 λέγεται,
2923 5631 3123 5680 ratione
3151 5626 3264 5679 sola
3289 5624 3367 5680 dir-

1794 5707 1984 5752 cnntur
2012 5715 2121 5752 esse
2157 5697 2460 5752 dieisiliilia.
