3836 6222
81 330 200 388 εεε

1209 325 1593 384 ADVERSUS
1631 324 2000 384 EUNOMIUM
2041 324 2170 378 LIB.
2212 319 2253 376 l.

3259 329 3360 388 5‘23

74 452 370 523 λυώνυμός
395 467 478 514 τις
501 449 598 504 ὥν·
633 451 694 502 οὐ
726 450 835 522 γὰρ
870 450 1048 504 πάντα
1083 449 1151 504 τὰ
1176 451 1414 522 ὀνόματα
1437 453 1516 514 είς
1540 468 1672 504 ταυ-

1790 464 1876 504 ius
1905 449 2160 516 praeditus
2188 461 2293 501 non
2321 455 2437 510 est;
2459 461 2560 502 nec
2589 445 2731 500 enim
2754 447 2972 502 nomina
3008 451 3184 505 omnia
3223 454 3363 507 inter

75 545 176 598 τὸν
205 543 459 614 ἀλλήλοις
499 543 674 614 φέρει.
702 543 865 596 Ἀλλο
897 542 1006 614 γὰρ
1029 543 1089 596 τὸ
1121 544 1519 614 σημαινόμενον
1559 560 1670 612 φω-

85 639 194 704 τὸς,
224 639 319 691 καὶ
358 636 486 690 ἄλλο
513 637 784 708 ἀμπέλου,
812 637 905 690 κα)⁸
933 636 1062 690 ἄλλο
1093 635 1238 702 ὁδοῦ,
1265 635 1361 688 καὶ
1399 635 1527 689 ἄλλο
1555 652 1673 688 ποι-

83 732 272 802 μένος.
319 729 458 784 Ἀλλ’
495 731 554 785 ἓν
587 730 662 784 ὢν
705 729 849 784 κατά
888 730 949 784 τὸ
995 730 1376 800 ὑποκείμενον,
1427 729 1524 782 καὶ
1574 729 1672 798 μία

77 823 244 876 οὐσία
257 823 349 876 καὶ
363 821 506 892 ἁπλῆ
519 824 614 876 καὶ
626 821 937 885 ἀσύνθετος,
954 821 1140 874 ἄλλοτε
1156 821 1330 885 ἄλλως
1348 822 1536 876 ἐαυτὸν
1559 821 1674 874 όνο-

85 918 272 989 μάζει,
290 920 412 981 ταῖς
431 917 698 980 ἐπινοίαις
719 915 1079 988 διαφερούσας
1101 915 1346 987 ἀλλήλων
1368 915 1467 978 τὰς
1502 933 1672 988 προσ-

87 1011 318 1084 ηγορίας
336 1009 831 1082 μεθαρμοζόμενος.
844 1010 1002 1064 Κατὰ
1017 1011 1090 1079 γὰ
1101 1027 1132 1081 ρ
1147 1009 1246 1080 τὴν
1257 1009 1366 1064 τῶν
1383 1008 1674 1081 ἐνεργειῶν

81 1100 378 1171 διαφορὰν,
424 1100 518 1154 καὶ
562 1099 662 1170 τὴν
698 1101 835 1172 πρὸς
877 1099 945 1153 τὰ
983 1100 1422 1171 εὐεργετούμενα
1469 1100 1672 1168 σχέσιν,

82 1192 322 1263 διάφορα
352 1188 527 1260 ἐαυτῷ
569 1190 664 1244 καὶ
695 1189 765 1242 τὰ
789 1189 1031 1260 ὀνόματα
1051 1189 1280 1244 τίθεται.
1303 1189 1422 1256 Φῶς
1448 1190 1548 1261 μὲν
1567 1189 1676 1260 γὰρ

83 1285 282 1338 ἑαυτὸν
314 1283 409 1337 τοῦ
457 1285 663 1355 κόσμου
697 1283 866 1352 λέγει,
897 1284 960 1336 τό
979 1300 1038 1336 τε
1073 1283 1368 1354 ἀπρόσιτον
1397 1283 1498 1353 τῆς
1523 1284 1581 1335 ὲν
1608 1286 1675 1355 τῇ

83 1376 306 1446 θεότητι
323 1375 479 1446 δόξης
507 1375 585 1446 τῷ
612 1376 835 1448 ὀνόματι
863 1375 1038 1445 τούτῳ
1067 1375 1457 1445 διασημαίνων,
1479 1375 1572 1428 καὶ
1603 1375 1680 1438 ὼς

81 1473 156 1538 τῇ
185 1469 536 1540 λαμπρότητι
567 1469 670 1540 τῆς
696 1468 952 1537 γνώσεως
987 1469 1115 1532 τοὺς
1148 1467 1593 1538 κεκαθαρμένους
1619 1467 1678 1520 τὸ

81 1562 250 1632 ὗμμα
273 1561 374 1631 τῆς
394 1561 571 1633 ψυχῆς
597 1560 958 1628 καταυγάζων
977 1574 994 1592 ⁶
1023 1558 1267 1630 ἄμπελον
1322 1558 1401 1622 δὲ,
1432 1559 1508 1622 ὡς
1551 1559 1678 1622 τοὺς

83 1655 148 1706 ἐν
191 1653 342 1725 αὐτῷ
375 1654 519 1708 κατὰ
557 1655 658 1725 τὴν
688 1654 874 1706 πίστιν
924 1652 1328 1724 ἐρριζωμένους
1375 1654 1462 1704 ἐπ’
1502 1651 1680 1722 ἔργων

83 1745 312 1814 ἀγαθῶν
334 1748 734 1819 καρποφορίαις
761 1746 1058 1817 ἐπιτρέφων·
1084 1747 1246 1815 ἄρτον
1275 1745 1352 1812 δὲ,
1379 1745 1455 1808 ὼς
1486 1746 1682 1798 οἰκειο-

1773 557 1832 597 se
1847 541 2208 612 significatum
2225 538 2470 594 eumdem
2491 555 2599 608 prae
2625 555 2682 594 se
2701 539 2896 595 ferunt.
2913 541 3199 597 Enimvero
3217 543 3360 596 aliud

1773 632 1886 696 lux,
1930 633 2074 686 aliud
2109 631 2258 693 vitis,
2311 631 2456 684 aliud
2508 633 2614 695 via,
2650 631 2790 684 aliud
2837 643 3021 700 paSIor
3065 633 3360 702 significat.

1778 724 1884 780 Sed
1909 739 2033 778 cum
2061 739 2221 778 unum
2249 723 2318 777 sit
2357 723 2652 778 secundum
2695 723 3018 792 subjectum,
3053 726 3232 794 sitque
3257 742 3360 778 uua

1775 817 2074 872 substantia
2113 817 2373 886 simplex,
2404 825 2458 870 et
2500 831 2605 870 non
2655 816 2985 884 composita,
3013 817 3148 871 alias
3203 818 3364 872 aliter

1776 924 1834 966 se
1876 911 1990 978 ipse
2050 909 2324 973 nominat,
2359 910 2601 962 diversas
2659 909 3050 978 appellationes
3109 910 3252 964 inter
3302 925 3363 966 se

1775 1001 1986 1056 ratione
2051 1000 2372 1055 dissidentes
2427 1001 2530 1056 sibi
2590 1003 2690 1070 ipsi
2751 1002 3184 1056 accommodans.
3227 1001 3360 1056 Nam

1777 1109 1875 1164 pro
1904 1095 2278 1165 operationum
2338 1095 2677 1158 diversitate,
2706 1103 2758 1149 et
2805 1109 2903 1164 pro
2941 1110 3002 1148 ea
3047 1093 3363 1148 habitudine

1776 1202 1937 1256 quam
1971 1188 2038 1240 ad
2071 1202 2132 1240 ea
2173 1187 2356 1252 habet,
2385 1203 2502 1254 qua:
2551 1187 2829 1242 beneficiis
2873 1189 2990 1256 ejus
3035 1186 3392 1252 afﬁciuntur,-

1779 1282 1991 1336 diversa
2020 1297 2236 1350 quoque
2267 1281 2372 1334 sibi
2401 1280 2620 1334 nomina
2673 1282 2922 1351 imponit.
2953 1280 3083 1334 Nam
3117 1281 3236 1335 ideo
3275 1297 3365 1336 se-.

1777 1372 1954 1440 ipsum
1987 1371 2158 1425 lucem
2193 1371 2380 1426 mundi
2430 1371 2578 1436 dicit,
2611 1372 2752 1440 quod
2797 1373 2992 1441 partim
3026 1372 3360 1426 inaccessam

1778 1464 1993 1518 deitatis
2033 1463 2368 1532 majestatem
2423 1464 2526 1520 hoc
2568 1466 2784 1520 nomine
2821 1464 3128 1534 significet,
3165 1465 3362 1535 partim

1777 1559 1922 1625 quod
1977 1558 2264 1624 splendore
2305 1558 2546 1613 scientia:
2596 1573 2690 1612 eos
2744 1558 2834 1626 qui
2892 1567 3146 1627 purgatos
3198 1557 3362 1611 animi

1781 1650 1967 1704 oculos
1995 1651 2212 1712 habent,
2245 1649 2531 1704 illuminet.
2567 1649 2746 1704 Vitem
2777 1665 2938 1715 vero,
2971 1652 3111 1720 quod
3139 1666 3234 1706 eos
3269 1653 3364 1720 qui

1781 1739 1835 1792 in
1860 1754 1925 1792 eo
1970 1753 2067 1808 per
2097 1739 2252 1794 [idem
2315 1741 2527 1796 radices
2565 1755 2812 1811 egerunt,
2837 1741 3101 1796 bonorum
3139 1757 3362 1812 operum

85 1837 228 1907 τάτη
263 1840 436 1910 τροφὴ
468 1838 686 1907 λογικοῦ
737 1840 1039 1907 τυγχάνων,
1094 1837 1172 1908 τῷ
1217 1837 1529 1910 διακρατεῖν
1578 1837 1678 1907 τὴν

1790 1830 2058 1887 fertilitate
2103 1834 2364 1888 enutriat.
2421 1833 2623 1889 Panem
2681 1847 2882 1902 autem,
2922 1835 3065 1906 quod
3107 1836 3175 1890 sit
3213 1835 3366 1890 cibus

88 1930 354 1983 σύστασιν
373 1931 475 2000 τῆς
507 1931 706 2002 ψυχῆς,
733 1933 827 1985 καὶ
850 1931 912 1985 τὸ
943 1931 1140 2002 ἰδίωμα
1169 1931 1338 2000 αὐτῆς
1367 1928 1676 1993 διασώζειν,

87 2021 428 2094 ἀναπληρῶν
458 2023 572 2093 (³58)
606 2024 694 2077 ἀεὶ
718 2025 846 2095 παρ’
872 2023 1065 2077 ἐαυτοῦ
1092 2023 1153 2075 τὸ
1180 2021 1377 2086 ἐνδέον,
1415 2020 1509 2074 καὶ
1542 2021 1680 2092 πρὸς

87 2113 192 2184 τὴν
243 2115 302 2180 ἐξ
349 2115 574 2184 ἀλογίας
625 2116 980 2186 ἐγγινομένην
1035 2114 1348 2187 ἀρρωστίαν
1405 2115 1506 2166 οὐκ
1574 2113 1678 2167 ἐῶν

89 2208 464 2278 ὑποφέρεσθαι
505 2208 637 2280 (59).
668 2209 781 2262 Καὶ
827 2209 998 2272 οὕτως
1033 2209 1098 2261 ἄν
1137 2225 1222 2271 τις
1255 2207 1363 2262 τῶν
1397 2207 1678 2277 ὀνομάτων

89 2299 324 2352 ἕκαστον
355 2299 626 2368 ἐφοδεύων
669 2299 919 2362 ποικίλας
959 2297 1111 2369 εὖροι
1151 2297 1250 2362 τὰς
1290 2299 1532 2361 ἐπινοίας
1561 2298 1679 2361 ἐνὸς

91 2389 330 2442 ἑκάστου
369 2388 462 2442 τοῦ
502 2388 643 2443 κατά
675 2389 772 2462 τὴν
801 2390 989 2444 οὐσίαν
1028 2392 1142 2453 τοῖς
1176 2391 1342 2443 πᾶσιν
1386 2390 1682 2460 ὑποκειμέ-

90 2497 207 2533 νου.
263 2480 359 2544 Τίς
397 2477 490 2534 οὖν
533 2480 676 2535 οὕτω
720 2481 816 2552 τὴν
859 2482 1112 2550 γλῶσσαν
1163 2481 1301 2553 πρὸς
1333 2480 1680 2552 βλασφημίαν

91 2572 384 2642 ὴκόνηται,
430 2572 572 2626 ὥστε
604 2573 871 2644 τολμῆσαι
921 2575 1097 2627 εἰπεῖν
1144 2577 1264 2638 ταῖς
1324 2577 1531 2643 φωναῖς
1583 2573 1681 2638 τὰς

91 2665 342 2728 ἐπινοίας
373 2664 576 2728 ταύτας
609 2664 1049 2731 συνδιαλύεσθαι;
1091 2666 1156 2719 Τί
1197 2661 1288 2719 οῦν
1317 2666 1515 2722 ἄτοπον
1541 2665 1682 2719 οὕτω

92 2758 190 2810 καὶ
221 2758 315 2810 ἐπὶ
347 2756 440 2810 τοῦ
474 2756 610 2811 Θεοῦ
651 2758 762 2812 τῶν
793 2757 930 2812 ὅλων
978 2757 1356 2829 λαμϐάνεσθαί
1387 2775 1511 2812 τινα
1559 2758 1681 2812 κατ’

93 2852 368 2917 ἐπίνοιαν,
409 2851 504 2904 καὶ
549 2852 682 2904 αὐτὸ
721 2851 880 2904 τοῦτο
930 2852 1148 2922 πρῶτον
1191 2851 1340 2923 (40),
1387 2851 1516 2923 περὶ
1552 2844 1612 2904 οῦ
1654 2853 1682 2904 ὁ

95 2943 322 3013 σύμπας
352 2945 484 3012 ἡμῖν
513 2942 796 3012 κεκίνηται
819 2943 1011 3012 λόγοςς
1044 2945 1365 3015 Εὑρήσομεν
1391 2941 1500 3013 γὰρ
1528 2942 1684 2996 οὐδα-

95 3036 218 3106 μῶς
237 3035 440 3106 ἑτέρως
460 3035 755 3105 λεγόμενον
781 3035 843 3088 τὸ
861 3035 1215 3104 ἀγέννητον.
1250 3034 1560 3106 Ἀφθαρτον
1577 3034 1684 3106 γὰρ

95 3127 214 3197 (εΗ)
241 3127 338 3180 καὶ
374 3127 670 3198 ἀγέννητον
693 3124 831 3180 εἶναι
858 3126 948 3180 τὸν
981 3127 1112 3180 Θεὸν
1147 3127 1252 3180 τῶν
1275 3127 1409 3180 ὅλων
1433 3127 1682 3199 λέγομεν,

95 3219 246 3274 κατά
286 3203 576 3290 διαφόρους
616 3219 871 3283 ἐπιϐολὰς
903 3224 1015 3282 τοῖς
1044 3220 1270 3290 ὀνόμασι
1286 3221 1494 3284 τούτοις
1528 3237 1687 3290 προσ-

95 3307 476 3380 αγορεύοντες.
498 3309 680 3361 Ὅταν
713 3311 812 3379 μὲν
843 3309 950 3380 γὰρ
980 3315 1060 3374 είς
1087 3311 1213 3374 τοὺς
1233 3311 1460 3364 κατόπιν
1487 3311 1688 3374 αἰῶνας

96 3395 524 3466 ἀποϐλέψωμιν,
563 3397 1082 3466 ὑπερεκπίπτουσαν
1115 3401 1302 3470 πάσης
1332 3401 1508 3471 ἀρχῆς
1537 3402 1687 3472 εὑρί-

99 3503 328 3550 σκοντες
363 3487 462 3558 τὴν
489 3486 633 3559 ζωὴν
660 3488 755 3541 τοῦ
796 3488 952 3554 Θεοῦ,
999 3491 1293 3561 ἀγέννητον
1341 3491 1502 3546 αὐτὸν
1535 3492 1689 3560 λέγο-

101 3595 206 3647 μεν
227 3595 240 3608 ·
273 3579 402 3632 ὅταν
429 3579 486 3632 δέ
515 3583 626 3644 τοῖς
655 3582 1044 3653 ἐπερχομένοις
1076 3583 1238 3636 αἰῶσι
1262 3585 1352 3638 τὸν
1373 3584 1497 3638 νοῦν
1517 3587 1690 3639 ’ἐπεκ-

95 3671 389 3742 τείνωμεν,
425 3672 516 3726 τὸν
553 3672 806 3744 ἀόριστον
830 3675 942 3744 (42)
973 3676 1069 3729 καὶ
1105 3677 1354 3748 ἄπειρον,
1390 3678 1481 3731 καὶ
1515 3679 1690 3731 οὐδενὶ

95 3761 251 3816 τέλει
299 3763 646 3834 καταληπτὸν
697 3768 1176 3838 προσαγορεύομεν
1245 3769 1544 3842 ἄφθαρτον.
1604 3771 1691 3835 Ὠς

97 3851 198 3908 οῦν
244 3855 304 3908 τὸ
337 3855 690 3928 ἀτελεύτητον
731 3858 831 3928 τῆς
863 3859 1008 3929 ζωῆς
1043 3861 1157 3932 (45)
1214 3861 1512 3934 ἄφθαρτον,
1550 3863 1692 3916 οὕτω

98 3945 164 3999 τὸ
203 3945 439 4016 ἄναρχον
490 3947 662 4018 αὐτῆς
692 3949 985 4020 ἀγέννητον
1014 3950 1330 4021 ὠνομάσθη,
1383 3956 1449 4024 τῇ
1481 3955 1692 4025 ἐπινοίᾳ

101 4038 460 4108 θεωρούντων
479 4039 637 4110 ἡμῶν
659 4041 915 4112 ἑκάτερα.
951 4042 1047 4106 Τίς
1069 4039 1160 4097 οὖν
1185 4045 1401 4117 ἀντερεῖ
1429 4045 1584 4114 λόγος
1600 4049 1694 4100 καὶ

101 4132 444 4186 ἐπινοεῖσθαι
469 4133 576 4186 τῶν
614 4135 894 4205 ὀνομάτων
922 4135 1128 4191 τούτων
1151 4139 1429 4210 ἑκάτερον,
1447 4141 1541 4194 καὶ
1568 4142 1696 4211 ὀμο-

101 4223 298 4292 λογίαν
341 4221 481 4278 εἶναι
514 4225 606 4279 τοῦ
643 4227 764 4279 κατ’
802 4226 1062 4298 ἀλήθειαν
1091 4227 1168 4298 τῷ
1202 4229 1322 4300 Θεῷ
1361 4232 1692 4301 προσόντος;

115 4316 178 4368 '0
195 4315 254 4368 δέ
265 4315 339 4379 ὡς
361 4317 644 4388 μαχόμενα
665 4317 838 4371 ταῦτα
855 4319 949 4372 καὶ
963 4319 1255 4391 ἀσύμϐατα
1288 4321 1564 4386 παντελῶς
1582 4324 1694 4396 (44)

101 4408 204 4460 ἀπ’
228 4408 470 4479 ἀλλήλων
507 4410 776 4482 διίστησι·
808 4411 890 4472 τὸ,
921 4413 976 4464 τὶ
1007 4413 1127 4466 κατ’
1162 4415 1407 4470 ἐπίνοιαν
1439 4417 1496 4469 τὶ
1539 4417 1694 4485 λέγε-

1781 1926 1974 1980 mentis
2020 1927 2251 1980 maxime
2294 1927 2579 1997 proprius,
2617 1933 2816 1996 quippe
2856 1929 2946 1997 qui
3003 1929 3198 1982 animae
3251 1937 3365 1982 sta-

1781 2029 1892 2074 tum
1927 2021 2196 2074 sustineat
2222 2030 2386 2090 atque
2418 2023 2807 2090 proprietatem
2843 2021 2958 2088 ejus
2990 2031 3294 2084 conservet,
3314 2021 3364 2074 id

1779 2114 1920 2183 quod
1949 2114 2106 2168 deest
2151 2113 2374 2183 explens
2420 2129 2634 2183 semper
2679 2115 2745 2168 de
2788 2115 2985 2182 seipso,
3028 2130 3130 2169 nec
3165 2114 3365 2168 sensim

1781 2206 1960 2260 delabi
1990 2208 2176 2261 sinens
2207 2208 2271 2260 ad
2309 2222 2428 2260 eam
2469 2223 2590 2277 qua:
2617 2223 2680 2261 ex
2724 2207 2950 2261 rationis
2981 2207 3160 2277 inopia
3186 2221 3369 2262 emer-

1781 2297 1859 2368 git
1891 2297 2282 2354 infirmitatem.
2313 2299 2464 2366 Quod
2497 2300 2540 2352 si
2568 2299 2834 2368 quispiam
2882 2300 2954 2353 ita
2999 2299 3215 2353 nomina
3257 2298 3370 2354 sin-

1779 2391 1905 2460 gula
1931 2400 2231 2458 percurrat,
2253 2393 2491 2446 rationes
2517 2393 2696 2446 varias
2723 2391 2968 2445 invenire
2989 2391 3210 2460 poterit,
3231 2399 3367 2444 tam-

1780 2483 1881 2537 etsi
1905 2484 2199 2538 secundum
2225 2485 2583 2562 substantiam
2620 2501 2780 2537 unum
2812 2491 2867 2538 et
2892 2483 3030 2538 idem
3069 2482 3368 2550 subjectum

1781 2583 1866 2630 est
1899 2574 2172 2630 omnibus.
2215 2575 2348 2641 Quis
2385 2576 2550 2646 igitur
2591 2576 2670 2631 sic
2699 2585 2940 2646 paratam
3001 2574 3070 2630 ad
3119 2575 3373 2644 blasphe-

1783 2668 2038 2722 mandum
2097 2669 2262 2723 habet
2309 2667 2569 2738 linguam,
2612 2678 2672 2722 ut
2707 2669 2887 2722 dicere
2939 2669 3157 2732 audeat,
3207 2668 3370 2724 simul

1782 2772 1903 2811 eum
1935 2759 2158 2813 vocibus
2183 2759 2281 2814 has
2330 2758 2704 2828 perceptiones
2747 2759 2967 2813 interire
2990 2759 3013 2812 ‘2
3035 2759 3173 2826 Quid
3207 2758 3371 2828 igitur

1782 2849 2001 2903 absurdi
2025 2859 2127 2916 est,
2154 2849 2218 2903 ad
2245 2851 2388 2904 hunc
2419 2850 2579 2903 etiam
2616 2849 2831 2902 modum
2856 2849 2925 2904 de
2955 2851 3064 2904 Deo
3087 2851 3372 2904 universo-

1786 2956 1901 2994 rum
1923 2941 2086 3011 219
2099 2923 2345 3011 quaedam
2369 2941 2664 2995 secundum
2683 2941 3082 3009 perceptionem
3102 2941 3296 3009 accipi,
3315 2949 3371 2994 et

1786 3032 1888 3086 hoc
1925 3032 2094 3098 ipsum
2127 3031 2382 3100 primum,
2415 3031 2484 3086 de
2515 3046 2620 3101 quo
2657 3033 2811 3086 nobis
2857 3041 2965 3087 tota
3011 3034 3256 3088 instituta
3288 3044 3373 3090 est

1789 3124 2116 3194 disputatio?
2143 3123 2419 3194 Nusquam
2443 3127 2585 3180 enim
2624 3129 2960 3196 reperiemus
2987 3145 3172 3185 vocem
3207 3132 3369 3195 hanc,

1789 3215 2282 3282 ingeneratt’onem,
2337 3216 2495 3270 aliter
2572 3217 2844 3286 usurpari.
2905 3217 3370 3288 lncorruptibilcm

1788 3321 2025 3374 namque
2057 3321 2121 3360 ac
2165 3307 2464 3378 ingenitum
2509 3308 2675 3362 Deum
2715 3309 3092 3364 universorum
3119 3311 3370 3376 dicimus,

1789 3412 1910 3454 eum
1939 3414 2034 3468 pro
2061 3399 2274 3454 diversa
2311 3402 2531 3456 notione
2555 3402 2642 3456 his
2685 3401 2994 3458 nominibus
3018 3403 3371 3473 appellantes.

1789 3491 1921 3546 Cum
1951 3493 2094 3548 enim
2121 3493 2173 3547 in
2209 3502 2484 3550 transacta
2505 3495 2618 3564 jam
2648 3495 2844 3550 saacula
2881 3495 3222 3564 respicimus,
3255 3495 3376 3550 Dei-

1790 3601 1896 3656 que
1929 3588 2037 3641 vita
2067 3587 2388 3656 principium
2419 3603 2578 3642 omne
2610 3602 2871 3658 superare
2901 3605 2930 3643 a
2965 3589 3122 3644 nobis
3160 3589 3374 3643 inveni-

1793 3687 1914 3746 tur,
1941 3689 2067 3734 tunc
2097 3681 2393 3750 ingenitum
2442 3682 2614 3748 ipsum
2667 3681 2939 3736 dicimus:
2982 3697 3102 3737 cum
3149 3696 3280 3738 vero
3319 3682 3374 3737 in

1794 3770 1973 3827 futura
2021 3774 2216 3828 swcula
2271 3775 2654 3842 cogitationem
2691 3776 3054 3841 extendimus,
3092 3790 3240 3842 eum,
3275 3791 3374 3830 ceu

1795 3864 2061 3922 infinitum
2111 3881 2172 3921 ac
2209 3867 2552 3934 immensum,
2580 3883 2678 3922 nec
2719 3868 2827 3922 ullo
2869 3867 2974 3922 fine
3019 3869 3376 3938 comprehen-

1793 3972 1934 4023 sum,
1968 3960 2732 4028 vocamus,incorruptibilem.
2767 3961 3229 4027 Quemadmodum
3277 3962 3377 4029 igi-

1796 4057 1884 4102 tur
1911 4050 2019 4103 vita
2050 4049 2154 4105 line
2181 4066 2374 4106 carens
2391 4053 2586 4108 dicitur
2616 4053 3100 4122 in‘corruptibilitas
3134 4071 3148 4106 :
3180 4053 3252 4107 ita
3278 4069 3373 4109 ea-

1795 4142 1914 4196 dem
1954 4143 2203 4214 principii
2234 4159 2428 4214 expers
2469 4156 2695 4200 vocatur
2729 4146 3085 4212 ingeneratio,
3107 4153 3218 4199 tum
3249 4161 3374 4200 cum

1795 4245 2026 4306 utraque
2052 4252 2149 4308 per
2177 4248 2411 4292 mentem
2440 4239 2802 4310 speculamur.
2836 4237 2950 4304 Qua
2975 4238 3138 4308 igitur
3166 4238 3378 4292 ratione

1797 4330 2103 4400 negabitur,
2136 4341 2192 4386 et
2244 4332 2360 4386 haec
2415 4343 2643 4401 utraque
2697 4331 2916 4386 nomina
2968 4331 3290 4400 excogitari,
3323 4339 3378 4384 et

1797 4421 1914 4490 ejus
1942 4423 2086 4492 quod
2118 4439 2307 4477 revera
2341 4425 2448 4477 Deo
2490 4426 2630 4477 inest
2667 4423 3064 4478 confessionem
3094 4437 3214 4478 esse
3238 4423 3261 4476 ?
3285 4422 3379 4476 Ille

107 4501 262 4568 σθαι,
288 4503 382 4555 καὶ
410 4503 472 4556 τὸ
500 4503 852 4575 ἀποπληροῦν
872 4504 948 4576 τῷ
969 4505 1088 4577 Θεῷ
1112 4505 1224 4578 (45)
1255 4509 1354 4580 τὴν
1383 4508 1477 4563 τοῦ
1507 4507 1646 4564 εἶναι
1671 4512 1680 4563 ἑ

1802 4529 1929 4570 vero
1961 4524 2217 4586 tanquam
2261 4517 2305 4572 si
2335 4517 2448 4571 haec
2481 4517 2622 4570 inter
2649 4531 2708 4571 se
2737 4525 3059 4585 pugnarent,
3095 4531 3198 4571 nec
3237 4516 3379 4570 inter

105 4595 262 4646 ἐστιν
287 4594 598 4665 ὀμολογίανι

1803 4619 1862 4660 se
1889 4606 2168 4661 conciliari
2207 4606 2315 4660 ullo
2348 4607 2506 4660 modo
2544 4613 2786 4676 possent,
2815 4606 3046 4660 alterum
3091 4607 3158 4661 ab
3205 4607 3378 4661 altero

107 4689 319 4743 dirimit
341 4707 354 4742 :
375 4689 648 4744 inficiatur
665 4689 1004 4755 videlicet,et
1027 4691 1229 4762 aliquid
1250 4693 1352 4748 dici
1375 4693 1528 4764 juxta
1557 4695 1722 4748 animi
1763 4699 2186 4768 perceptionem,
2249 4707 2304 4752 et
2354 4712 2450 4764 per
2479 4699 2583 4752 hoc
2615 4697 2789 4766 ipsum
2839 4697 2950 4752 Deo
2994 4696 3230 4766 persolvi
3264 4696 3380 4766 ejus

103 4777 258 4847 quod
288 4787 373 4833 est
406 4779 822 4835 confessionem.

329 4955 554 5034 Xeteres
581 4959 930 5034 aliqu_0t__libri
965 4962 1057 5034 καὶ
1079 4961 1432 5034 ἀναπληρῶν.

187 5027 474 5104 (59⁷)
524 5044 648 5104 cum
701 5029 853 5085 Colb.
899 5033 1141 5104 etAlteg.
1175 5027 1364 5104 quinto
1397 5032 1697 5104 ﬁmpépa-

109 5097 282 5174 σθαι.-
321 5099 430 5174 Adii
486 5099 728 5174 qu_i_nqu_e
767 5116 908 5174 niss.
967 5097 1363 5174 ὑποφέρεσθαι.
1396 5103 1514 5158 Mox
1545 5097 1696 5158 'eiliti

107 5169 235 5232 ἑνὸς
263 5167 520 5222 ἐκάστουζ
553 5169 666 5224 Vox
685 5169 914 5223 ἑκάστου
949 5167 1112 5226 deest'
1131 5167 1184 5226 iit
1211 5173 1390 5226 multis
1419 5189 1552 5228 mss.

185 5239 301 5308 (40)
361 5239 502 5292 Editi
539 5251 592 5293 et
637 5239 775 5308 Reg.
833 5242 1105 5296 secundus
1150 5243 1245 5298 καὶ
1289 5242 1422 5296 αὐτὸ
1455 5243 1612 5296 τοῦτο
1636 5244 1697 5296 τὸ

105 5309 412 5384 ἀγέννητον
446 5309 686 5384 πρῶτον.
722 5310 875 5376 Illud,
900 5311 1328 5384 τδάγὲννητον,
1379 5315 1692 5378 delevitnus,

108 5381 350 5461 aliorum
385 5393 479 5434 sex
507 5380 754 5435 codicum
781 5391 836 5436 et
865 5380 1118 5438 editionis
1161 5380 1296 5438 Ven.
1319 5387 1694 5438 auctoritatem

105 5459 310 5504 secuti.
479 5463 484 5470 '

185 5520 302 5588 (41)
327 5519 446 5585 Illa,
483 5520 794 5594 Ἀφθαρτον
822 5522 957 5594 γάρ.
990 5533 1132 5594 ίεῑοη
1181 5523 1347 5579 refert
1404 5523 1700 5594 Gregorius

107 5587 412 5661 Eyssenus,
443 5587 590 5646 torno
614 5587 682 5658 ll,
717 5587 844 5661 past.
902 5587 1030 5654 824,
1087 5587 1258 5661 eaque
1298 5587 1560 5649 adversus
1609 5609 1700 5648 ca-

103 5659 628 5731 lumpianguuomii
669 5659 826 5718 docte
847 5673 902 5716 et
935 5664 1152 5731 c0piose
1172 5659 1446 5718 defendit.

184 5727 299 5796 (42)
347 5729 487 5786 Editi
544 5741 598 5785 et
656 5731 791 5802 Reg.
860 5727 1082 5804 quintus
1127 5735 1219 5788 τὸν
1278 5735 1554 5808 ἀόριστον.
1594 5733 1699 5790 Alii

1807 4963 2046 5032 quinque
2103 4979 2236 5018 mss.
2273 4962 2334 5016 τὸ
2377 4963 2650 5034 ἀόριστον.
2679 4961 2882 5016 Ibidem
2923 4960 3184 5034 scriptum
3229 4961 3383 5034 inve:-

1808 5034 1952 5086 nitur
1985 5036 2037 5086 in
2079 5035 2246 5088 tribus
2276 5031 2552 5104 codicibus
2581 5033 2820 5104 ἄληπτον
2851 5048 2948 5104 pro
2975 5031 3203 5104 ἄπειρον
3239 5048 3252 5061 ·
3285 5031 3380 5104 sed

1805 5117 1906 5175 vox
1941 5104 2166 5175 ἄπειρον
2199 5105 2397 5174 legitur
2419 5107 2470 5157 in
2501 5103 2622 5158 aliis
2650 5101 2778 5157 mss.
2806 5112 2862 5156 et
2890 5103 2954 5175 in
2979 5103 3093 5175 ipso
3115 5101 3379 5175 Gregorio

1805 5171 2087 5243 Nysseuo,’
2123 5171 2488 5241 licet‘alioqui
2521 5189 2626 5228 non
2659 5188 2874 5242 semper
2921 5171 3114 5226 iisdem
3155 5172 3378 5226 vocibus

1805 5254 2010 5307 utatur,
2045 5244 2238 5312 quibus
2277 5245 2532 5298 Basilius.

1876 5313 1989 5385 (45)
2015 5308 2250 5385 Antiqui
2278 5325 2389 5368 tres
2417 5313 2545 5385 libri
2565 5311 2938 5385 Tb__&té).£_0‘10fl
2961 5311 3058 5382 τῆς
3084 5310 3254 5385 ζωῆς.
3275 5308 3380 5385 lbi-

1802 5380 1924 5442 det'n
1963 5380 2092 5438 editi
2123 5385 2188 5437 τὸ
2222 5383 2454 5455 ἄναρχον
2488 5382 2748 5437 αὐτοῦ....
2800 5380 3264 5453 ἐπιθεωρούντων.
3313 5380 3382 5434 At

1803 5470 1935 5512 mss.
1960 5455 2058 5517 ita,
2097 5464 2157 5508 ut
2180 5455 2467 5508 edidimus.

1875 5523 1986 5598 (44)
2019 5525 2624 5598 Editio_u_traque__cum
2687 5523 2816 5592 Reg.
2859 5523 3167 5598 quintoqu
3195 5519 3379 5598 ἀσύμ-

1803 5591 1977 5650 ϐανταξ
2032 5591 2490 5656 παντελῶςξΑιὶἰ
2541 5610 2639 5648 sex
2697 5591 2830 5650 tusis.
2880 5594 2974 5646 καὶ
3035 5591 3326 5663 ἀσύμϐατα
3360 5625 3381 5656 ,

1805 5675 1974 5722 recte.

1874 5736 1988 5807 (45)
2017 5735 2160 5792 Editi
2187 5733 2277 5789 τοῦ
2312 5733 2466 5789 Θεοῦ.
2505 5733 2654 5791 Libri
2690 5743 2898 5790 veteres
2925 5733 3000 5804 τῷ
3024 5731 3162 5804 Θεῷ.
