3836 6222
476 397 581 454 527

1785 403 1842 458 S.
1889 404 1970 457 BA
1982 403 2133 458 SlLll
2176 401 2392 458 MAGNI

3634 395 3748 451 528

546 492 599 544 8.
637 492 705 543 At
737 491 880 546 enim
917 507 984 547 ne
1030 493 1131 549 hoc
1181 496 1401 565 quidem
1451 505 1858 566 praetereamus,
1884 498 2060 567 qualis

2235 496 2288 549 8.
2331 495 2440 548 Καὶ
2471 494 2579 564 γὰρ
2610 489 2676 547 αὐ
2707 493 2841 565 μηδέ
2874 493 3034 547 τοῦτο
3062 490 3436 564 παρέλθωμεν,
3459 483 3575 542 οἷον
3595 489 3750 558 αὐτῷ

476 583 525 634 ei
573 581 846 637 simulatio
899 584 1116 652 pietatis
1153 587 1458 659 excogitata
1502 589 1573 644 sit
1627 589 1694 644 ad
1747 588 2052 644 auditorum

476 672 834 738 eversionem,
868 691 988 730 cum
1025 676 1178 742 dicit,

549 765 681 821 Eua.
720 768 792 823 Se
817 769 1034 838 ἰημηίιί
1060 772 1418 840 appellatione
1453 773 1619 828 Deum
1652 787 1759 827 non
1798 774 2058 828 decorare

471 857 626 926 juxta
669 860 962 913 lmmanum
993 860 1320 928 intelligendi
1353 865 1592 928 modum,
1636 864 1728 918 sed
1759 864 1807 918 ei
1854 862 2058 930 persol-

477 963 607 1002 vere
626 949 863 1004 debitum
885 951 1118 1005 maxime
1141 953 1382 1006 omnium
1408 956 1796 1020 necessarium;
1815 954 2060 1023 quando-

478 1043 694 1111 quidem
727 1060 847 1099 eutn
882 1045 932 1099 id
961 1045 1101 1113 quod
1133 1055 1216 1100 est
1247 1045 1536 1102 conﬁtetur
1565 1062 1706 1102 esse.

551 1133 675 1187 Bas.
717 1134 1048 1201 Quibusnam
1083 1137 1260 1190 verbis
1302 1137 1470 1206 possit
1501 1150 1597 1206 pro
1651 1136 1844 1190 merito
1882 1135 2056 1205 expli-

479 1228 588 1282 cari
620 1228 810 1281 harum
857 1228 1215 1282 versutiarum
1265 1230 1556 1298 obliquitas
1581 1229 1603 1283 ?
1626 1229 1826 1282 Nititur
1857 1240 2059 1284 terrere

478 1321 882 1392 simpliciores;
921 1325 1075 1392 quasi
1105 1325 1248 1392 quod
1292 1324 1491 1378 debent
1531 1340 1636 1378 non
1671 1326 1894 1380 reddant
1928 1327 2057 1388 Deo,

478 1414 584 1469 nisi
619 1415 1073 1484 ingenerationem
1111 1417 1467 1470 substantiam
1507 1432 1627 1472 esse
1678 1419 2058 1473 conﬁteantur.

477 1507 656 1576 Atque
679 1522 830 1562 suam
860 1507 1026 1575 ipsius
1049 1508 1375 1575 impietatem
1402 1508 1566 1561 debiti
1607 1509 1930 1564 solutionem
1967 1526 2061 1581 ap-

478 1597 668 1668 pellat,
694 1608 752 1652 ut
799 1614 866 1653 ne
910 1600 1038 1670 quid
1069 1599 1314 1652 videatur
1340 1614 1369 1653 a
1397 1600 1578 1667 seipso
1630 1599 1834 1664 dicere,
1872 1601 1963 1655 sed
2007 1601 2060 1654 id

479 1689 623 1758 quod
658 1690 968 1745 necessario
1010 1690 1120 1744 Deo
1164 1691 1413 1757 debetur,
1449 1691 1778 1760 persolvere.
1814 1693 1956 1760 Quin
2007 1703 2062 1748 et

480 1783 708 1854 reliquis
735 1784 993 1851 declarat,
1027 1785 1139 1839 fore
1169 1795 1248 1852 ut,
1285 1786 1329 1839 si
1361 1785 1822 1855 ingenerationem
1851 1787 1904 1840 in
1931 1787 2061 1841 sub-

2157 587 2259 656 τῆς
2284 584 2567 646 εὐλαϐείας
2593 584 2651 636 τὸ
2679 585 2864 654 σχῆμα
2881 584 2974 636 ἐπὶ
2997 583 3349 653 καταστροφῇ
3375 579 3486 632 τῶν
3513 581 3751 632 ἀκουόν-

2158 695 2265 730 των
2289 676 2628 747 ἐπινενόηται
2657 677 2715 728 ἐν
2741 675 2819 746 τῷ
2846 675 3046 743 λέγειν,

2233 771 2392 824 ΕΥΝ.
2424 771 2514 840 Μὴ
2543 771 2663 822 κατ’
2701 768 2944 823 ἐπίνοιαν
2978 767 3323 838 ἀνθρωπίνην
3337 765 3628 836 σεμνύνειν
3654 765 3756 816 τὸν

2159 863 2290 916 Θεὸν
2340 866 2406 932 τῇ
2437 861 2530 913 τοῦ
2566 861 2860 930 ἀγεννήτου
2915 858 3273 930 προσηγορίᾳ,
3326 856 3639 910 ἐκτιννύναι
3692 855 3756 906 δὲ

2160 955 2309 1026 αὐτῷ
2363 955 2422 1007 τὸ
2467 954 2686 1007 πάντων
2721 953 3142 1021 ἀναγκαιότατον
3175 949 3415 1020 ὄφλημα,
3449 950 3508 1001 ἐν
3550 950 3619 1017 τῇ
3650 945 3754 998 τοῦ

2160 1043 2299 1100 εἶναι
2322 1047 2349 1098 ὅ
2373 1049 2518 1098 ἐστιν
2541 1043 2818 1115 ὁμολογίᾳ.

2233 1133 2379 1185 ΒΑΣ.
2418 1131 2512 1195 Τίς
2544 1132 2609 1186 ἂν
2630 1132 2788 1200 λόγος
2826 1130 2991 1197 ἀξίως
3022 1129 3123 1199 τῆς
3165 1129 3513 1199 σκολιότητος
3543 1126 3760 1195 ταύτης

2159 1224 2270 1276 τῶν
2310 1225 2703 1294 τεχνασμάτων
2737 1223 3012 1292 ἐφίκοιτο;
3059 1222 3338 1290 Ἐκφοὸεῖν
3370 1222 3499 1283 τούς
3544 1219 3760 1273 ἀπλουο

2165 1316 2386 1388 στέρους
2416 1319 2701 1389 ἐπιχειρεῖ,
2731 1317 2806 1380 ὡς
2841 1317 2916 1388 μὴ
2943 1315 3294 1377 ἀποδιδόντας
3317 1314 3386 1366 τὰ
3414 1312 3764 1383 ὀφειλόμενα

2167 1409 2244 1479 τῷ
2269 1408 2407 1477 Θεῷ,
2443 1411 2490 1462 εί
2522 1411 2595 1480 μὴ
2623 1409 2812 1462 οὐσίαν
2847 1405 2984 1462 εἶναι
3005 1409 3396 1478 ὁμολογήσειαν
3424 1407 3484 1458 τὸ
3519 1405 3766 1473 ἀγέννη-

2161 1518 2272 1563 τον,
2315 1503 2411 1555 κα)⁷
2441 1502 2754 1572 ὀφλήματος
2788 1499 2998 1554 ἔκτισιν
3038 1499 3135 1570 τὴν
3173 1498 3307 1551 ἰδίαν
3346 1497 3616 1550 ἀσέϐειαν
3640 1498 3769 1548 ὀνο-

2166 1595 2345 1665 μάζει,
2387 1594 2475 1646 ἵνα
2513 1595 2587 1665 μὴ
2633 1594 2761 1667 δόξῃ
2791 1594 2920 1665 παρ’
2953 1591 3145 1646 ἑαυτοῦ
3187 1609 3240 1644 τι
3287 1591 3490 1659 λέγειν,
3527 1589 3672 1642 ἀλλά
3703 1589 3769 1640 τὸ

2164 1687 2473 1754 ἀναγκαίως
2503 1687 2580 1758 τῷ
2604 1686 2722 1757 Θεῴ
2757 1687 3104 1758 ὀφειλόμενον
3133 1685 3464 1756 ἐκπληροῦν.
3491 1684 3613 1738 Καὶ
3647 1687 3768 1744 τοῖς

2163 1779 2366 1843 λοιποῖς
2385 1779 2739 1842 ἐνδείκνυται,
2759 1781 2841 1832 ὅτι
2859 1781 2915 1834 ἐν
2947 1780 3045 1850 μὲν
3067 1782 3132 1850 τῇ
3163 1778 3320 1849 οὐσίᾳ
3348 1777 3628 1847 τιθέμενοι
3645 1776 3768 1845 (46)

480 1875 680 1929 stantia
713 1885 935 1946 ponant,
970 1877 1174 1931 innoxii
1223 1879 1341 1932 sine
1387 1893 1543 1946 pmna
1592 1879 1936 1932 dimittantur
1968 1898 1981 1933 :
2015 1880 2060 1933 si

2195 1872 2223 1924 ὸ
2247 1872 2562 1941 ἀγέννητον,
2613 1871 2896 1924 ἀνεύθυνοι
2943 1871 3301 1942 ἀφεθήσονται
3329 1889 3341 1901 ·
3381 1870 3514 1921 εἰδὲ
3550 1870 3767 1939 ἑτέρως

480 1981 639 2022 secus
666 1967 817 2036 juxta
849 1970 992 2038 pium
1026 1971 1242 2024 modum
1276 1971 1616 2039 acceperint,
1648 1970 1889 2024 futurum
1917 1985 2059 2035 esse,

481 2058 658 2128 utipsi
679 2067 934 2129 tanquam
963 2062 1051 2130 qui
1082 2063 1321 2116 debitum
1350 2065 1592 2116 omnium
1620 2063 2062 2133 antiquissimum

481 2151 820 2222 maximeque
851 2155 1210 2208 necessarium
1233 2157 1513 2209 omiserint
1534 2156 1762 2221 solvere,
1783 2158 1916 2210 iram
1946 2169 2064 2210 sns-

484 2240 692 2295 tineant
740 2241 1151 2312 implacabilem.
1196 2242 1429 2298 Proinde
1460 2244 1632 2298 libens
1659 2259 1782 2297 eum
1833 2244 2064 2296 interro-

483 2333 743 2402 gaverim,
777 2345 956 2388 utrum
1006 2337 1146 2389 hunc
1197 2336 1364 2389 animi
1415 2337 1706 2390 candorem
1762 2317 1965 2405 pariter
2007 2334 2061 2388 in

481 2426 735 2480 omnibus
757 2441 878 2496 qua:
903 2427 973 2480 de
1012 2427 1120 2480 Deo
1151 2429 1516 2496 praedicantur
1543 2436 1743 2495 servet,
1783 2444 1848 2481 an
1879 2428 1931 2481 in
1965 2428 2065 2481 hoc

484 2517 750 2572 duntaxat
785 2519 1000 2574 verbo?
1039 2519 1168 2574 Nam
1213 2521 1258 2574 si
1299 2521 1429 2575 nihil
1465 2521 1685 2575 omnino
1717 2522 1869 2590 juxta
1906 2520 2066 2574 intel-

485 2606 687 2676 ligendi
723 2610 939 2663 modum
991 2610 1314 2679 speculatur,
1347 2621 1404 2666 ut
1445 2627 1511 2665 ne
1549 2612 1798 2665 humanis
1832 2609 2068 2680 appella-

486 2701 724 2754 tionibus
759 2701 922 2755 Deum
977 2717 1245 2758 exornare
1293 2703 1572 2770 videatur;
1626 2704 1805 2757 omnia
1840 2718 1960 2773 quae
1998 2703 2066 2756 de

487 2790 601 2847 Deo
626 2793 1010 2862 praedicantur,
1045 2794 1300 2849 similiter
1341 2796 1700 2850 substantiam
1743 2811 1863 2850 esse
1897 2795 2068 2850 conﬁ-

489 2885 709 2938 tebitur.
745 2884 1023 2951 Quomodo
1053 2887 1214 2956 igitur
1255 2887 1540 2941 ridiculum
1576 2904 1678 2941 non
1708 2896 1811 2950 est,
1844 2887 2063 2941 creandi

489 2976 802 3033 facultatem
836 2981 1194 3033 substantiam
1217 2996 1336 3036 esse
1375 2982 1600 3035 dicere?
1627 2983 1908 3036 autetiam
1943 2997 2067 3052 pro-

489 3070 810 3134 videntiam,
848 3083 941 3124 aut
972 3073 1223 3126 similiter
1272 3074 1667 3142 przescientiam
1725 3089 1912 3128 rursus
1942 3075 2070 3128 sub-

490 3163 745 3216 stantiam
766 3164 924 3217 esse?
953 3175 1006 3217 et
1036 3181 1143 3216 uno
1176 3167 1362 3227 verbo,
1393 3181 1608 3219 omnem
1639 3167 1905 3220 actionem
1936 3166 2064 3220 sub-

491 3257 745 3310 stantiam
797 3267 984 3326 putare
1013 3257 1036 3309 ?
1065 3258 1216 3324 Quod
1249 3257 1291 3312 si
1315 3259 1495 3312 omnia
1535 3260 1647 3312 haec
1692 3259 1758 3312 ad
1799 3274 1964 3312 unum
1998 3259 2070 3313 si-

491 3348 804 3416 gniﬁcatum
855 3353 1111 3415 tendunt,
1143 3366 1364 3406 necesse
1388 3351 1609 3405 omnino
1638 3364 1742 3417 esr,
1767 3361 1824 3404 ut
1851 3351 2068 3405 nomina

494 3439 634 3492 idem
669 3439 809 3494 inter
849 3456 907 3495 se
957 3442 1120 3513 220
1174 3444 1410 3509 valeant,
1444 3446 1890 3513 quemadmodum
1933 3445 1990 3497 lit
2019 3445 2069 3498 in

494 3531 563 3586 iis
596 3533 690 3602 qui
739 3535 921 3589 multis
979 3537 1291 3591 nominibus
1337 3537 1672 3606 appellantur
1704 3552 1720 3592 :
1752 3537 1910 3592 sicuti
1947 3554 2068 3591 cmn

491 3625 744 3679 eumdem
777 3625 1006 3681 dicimus
1048 3628 1324 3683 Simonem
1369 3637 1424 3682 et
1463 3629 1678 3683 Petrum
1713 3638 1769 3684 et
1810 3628 2068 3698 Cepham.

494 3719 674 3783 Quare
710 3719 800 3788 qui
851 3721 1085 3776 audierit
1129 3722 1625 3776 itnmutabilitatem
1676 3722 1791 3786 Dei,
1823 3723 2074 3777 deveniet

495 3811 562 3864 ad
593 3810 1049 3877 ingenerationem
1079 3831 1092 3868 :
1120 3814 1268 3878 item,
1297 3814 1386 3882 qui
1419 3813 1652 3866 audierit
1693 3812 2071 3866 indivisibilem

495 3917 640 3965 esse,
669 3905 734 3957 ad
770 3905 989 3960 creandi
1022 3905 1350 3972 _l'acultatem
1389 3904 1682 3960 deferetur.
1724 3905 1930 3974 Ecquid
1971 3906 2073 3959 hac

496 3993 816 4051 confusione
862 3997 976 4052 ﬁeri
1011 3998 1177 4067 possit
1211 3999 1519 4064 absurdius,
1568 3999 1611 4052 si
1664 3999 1784 4067 quis
1823 3999 2076 4054 videlicet

497 4090 749 4158 adempto
795 4092 1012 4160 proprio
1043 4091 1468 4160 uniuscujusque
1516 4090 1752 4144 nominis
1802 4090 2076 4155 signiﬁca-

501 4186 554 4233 tu
576 4218 592 4244 ,
622 4190 731 4234 tum
775 4182 1046 4235 communi
1076 4181 1233 4246 usui,
1269 4192 1379 4236 tum
1423 4181 1654 4249 Spiritus
1695 4181 1954 4235 doctrina:
1987 4197 2074 4234 re-

499 4273 837 4344 pugnetHSt
883 4275 1101 4343 quidem
1158 4291 1279 4328 cum
1332 4275 1580 4327 audimus
1636 4274 1702 4327 de
1753 4273 1883 4338 Deo,
1932 4275 2073 4342 quod

498 4368 677 4421 omnia
720 4368 772 4420 in
811 4368 1074 4436 sapientia
1098 4368 1224 4422 fecit
1247 4369 1312 4434 “,
1349 4367 1668 4422 creatricem
1700 4367 1869 4436 ipsius
1901 4378 2074 4422 artem

497 4460 757 4514 docemur
793 4477 804 4510 ε
835 4475 955 4514 cum
995 4475 1126 4514 vero
1174 4461 1444 4522 audimus,
1477 4460 1618 4529 quod
1651 4461 1827 4528 aperit
1857 4476 2072 4513 manum

496 4563 674 4613 suam,
702 4559 756 4604 et
786 4549 971 4620 implet
1005 4565 1165 4605 omne
1202 4550 1400 4605 animal
1429 4550 1767 4620 beneplacito
1781 4551 1848 4614 “,
1883 4549 2072 4605 Provi-

497 4635 734 4691 dentiam
753 4639 933 4693 omnia
959 4639 1303 4696 invadentem
1329 4640 1620 4695 discimus:
1647 4640 1864 4710 quando
1891 4652 2072 4697 autem

569 4839 614 4870 ⁶⁹
645 4838 787 4896 Psal.
812 4856 926 4904 CIII,
963 4840 1051 4895 24.
1130 4841 1175 4872 ”
1199 4839 1342 4896 Psal.
1373 4856 1529 4895 cxuv
1549 4881 1565 4907 ,
1595 4839 1682 4895 16.

572 5008 684 5092 (46)
722 5007 851 5074 Reg.
882 5011 1198 5092 quartusq'rﬁ
1225 5011 1383 5092 οὐσίᾳ
1411 5010 1510 5092 τοῦ.
1528 5011 1664 5064 Θεοῦ
1692 5011 1985 5092 τιίξέμενοι,
2031 5013 2076 5092 εξ

497 5079 930 5147 ingenituramin
961 5079 1196 5132 essentid
1217 5081 1310 5132 Dei
1346 5079 1692 5136 constituant.
1733 5079 1844 5136 Hoc
1889 5095 1995 5142 est,
2026 5083 2074 5136 si

498 5146 826 5206 colttentlant
865 5146 956 5222 Ι)θί
993 5157 1238 5222 naturam
1273 5151 1326 5222 in
1349 5167 1414 5203 eo
1440 5153 1601 5205 sitam
1661 5168 1802 5211 esse,
1831 5161 1888 5205 ιιι
1915 5167 2076 5222 gene-

500 5223 608 5275 ιεετί
635 5236 739 5274 non
770 5219 956 5293 possit.
993 5217 1143 5293 illud,
1169 5221 1427 5275 κατάῖτὸν
1448 5223 1648 5293 εὐσεϐῆ
1683 5217 2074 5292 τρόπον,ἧυοιι

499 5307 622 5345 mox
654 5290 922 5361 sequitur,
957 5289 1168 5361 videtur
1200 5293 1278 5343 sic
1301 5295 1470 5360 :tCt'ipi
1505 5289 1749 5346 tlebtire':
1771 5295 1930 5361 juxta
1951 5289 2075 5345 imo-

497 5367 624 5413 dum
664 5361 752 5429 qui
802 5359 1068 5413 Eunomia
1102 5361 1309 5428 quidem
1344 5365 1552 5416 videtur
1597 5364 1716 5432 pius
1757 5359 1868 5417 esse
1901 5407 1915 5429 ,
1983 5362 2074 5416 sed

497 5447 600 5483 mm
632 5441 727 5483 εει.

570 5501 680 5570 (Π)
707 5499 869 5554 Κατὰ
897 5499 1006 5554 τὸν
1037 5501 1260 5568 εὐσεϐῆ
1292 5504 1534 5569 τρόπον.
1571 5502 1666 5556 His
1705 5503 1884 5556 verbis
1921 5503 2077 5556 intel-

496 5570 612 5638 ligit
664 5571 896 5626 Basilius
928 5572 1254 5626 catholicum
1295 5590 1514 5627 sensum
1563 5573 1857 5628 Marcionis
1891 5573 2074 5628 sensui

493 5643 819 5707 Oppositum.
858 5639 1073 5695 ΜΑΙιΑΝ.

567 5710 680 5780 (48)
712 5712 938 5767 Codices
989 5713 1194 5780 aliquot
1227 5707 1320 5778 οῦν
1349 5712 1415 5766 ἂν
1439 5712 1623 5767 αὐτόν.
1661 5712 1862 5766 Vocula
1915 5712 1979 5766 ἄν
2004 5715 2072 5768 ab

496 5779 656 5833 editis
688 5780 896 5832 aberat.

570 5848 679 5916 (49)
737 5849 958 5917 Antiqui
1012 5851 1116 5905 duo
1178 5851 1298 5907 libri
1356 5855 1558 5919 λέγειν,
1596 5853 1656 5906 τὸ
1719 5853 2076 5918 προνοητικὸν

2165 1963 2304 2017 κατά
2334 1963 2426 2015 τὸν
2446 1963 2646 2032 εὐσεϐῆ
2671 1963 2870 2034 τρόπον
2898 1963 3007 2032 (47)
3035 1962 3489 2033 ὑπολαμβάνοιεν,
3516 1961 3595 2023 ὡς
3614 1961 3769 2012 ἐλλε-

2164 2055 2409 2117 λοιπότες
2432 2055 2493 2108 τὸ
2510 2055 2724 2107 πάντων
2751 2055 2926 2126 χρεῶν
2947 2073 3046 2125 πρε
3057 2055 3316 2108 σῦὐτατον
3346 2055 3440 2106 καὶ
3457 2054 3767 2120 ἀναγκαιό-

2163 2162 2325 2198 τατον
2359 2145 2610 2216 ἔκτισμα,
2648 2146 3020 2216 ἀπαραίτητον
3064 2145 3160 2214 τὴν
3207 2146 3375 2214 ὀργὴν
3418 2143 3761 2209 ἐκδέξονται.

2177 2239 2372 2302 Ἡδέως
2411 2234 2504 2291 οῦν
2537 2238 2600 2291 ἂν
2627 2239 2790 2292 αὐτὸν
2818 2239 2928 2310 (48)
2960 2237 3299 2308 ἐξετάσαιμι,
3331 2238 3431 2307 τὴν
3466 2238 3762 2306 εὐγνωμο-

2167 2335 2332 2406 σύνην
2357 2335 2562 2406 ταύτην
2589 2335 2790 2406 ὁμοίως
2821 2335 2914 2388 ἐπὶ
2943 2334 3160 2388 πάντων
3193 2333 3302 2386 τῶν
3333 2334 3463 2403 περὶ
3489 2331 3628 2384 Θεοῦ
3674 2332 3769 2382 λε-

2166 2429 2414 2499 γομένων
2451 2428 2734 2497 φυλάσσει,
2763 2427 2795 2498 ἢ
2830 2427 2969 2480 κατά
2994 2426 3155 2479 τοῦτο
3190 2426 3350 2496 μόνον
3379 2424 3442 2476 τὸ
3472 2423 3662 2494 ρἧας
3701 2423 3768 2475 Εἰ

2169 2524 2266 2594 μὲν
2302 2522 2412 2592 γὰρ
2445 2521 2595 2575 οὐδὲν
2638 2521 2775 2583 ὅλως
2827 2521 2946 2572 κατ’
2981 2520 3222 2572 ἐπίνοιαν
3266 2517 3485 2586 Θεωρεῖ,
3542 2516 3631 2567 ἵνα
3691 2515 3768 2584 μὴ

2165 2614 2291 2687 δόξῃ
2319 2613 2688 2685 ἀνθρωπίναις
2723 2613 2812 2664 τὸν
2839 2611 2970 2664 Θεὸν
3003 2611 3288 2681 σεμνύνειν
3319 2609 3730 2680 προσηγορίαις
3751 2651 3767 2673 ν

2179 2706 2357 2758 πάντα
2391 2704 2591 2774 ὁμοίως
2625 2704 2810 2757 οὐσίαν
2834 2703 3156 2773 ὁμολογήσει
3183 2702 3252 2754 τὰ
3282 2701 3657 2770 ἐπιλεγόμενα
3690 2699 3770 2767 τῷ

2169 2794 2311 2865 Θεῷ.
2349 2795 2474 2858 Πῶς
2521 2791 2614 2848 οὐν
2665 2795 2726 2848 οὐ
2767 2794 3198 2862 καταγέλαστον,
3255 2793 3315 2846 τὸ
3362 2791 3770 2862 δημιουργικὸν

2167 2891 2356 2943 οὐσίαν
2385 2885 2523 2943 εἶναι
2553 2889 2766 2957 λέγειν;
2801 2888 2832 2958 ἢ
2869 2888 2927 2940 τὸ
2956 2887 3306 2959 προνοητικὸν
3333 2886 3498 2938 πάλιν
3523 2885 3728 2938 οὐσίαν
3752 2903 3765 2950 ;

2169 2983 2202 3048 ἢ
2236 2981 2295 3034 τὸ
2325 2980 2727 3052 προγνωστικὸν
2767 2980 2929 3034 πάλιν
2980 2980 3238 3042 ὡσαύτως
3267 2979 3411 3048 (49),
3453 2978 3554 3030 καὶ
3584 2977 3767 3042 ἀπαξ-

2174 3074 2382 3139 απλῶς,
2414 3076 2592 3127 πᾶσαν
2644 3075 2949 3145 ἐνέργειαν,
2985 3073 3172 3125 οὐσίαν
3204 3071 3480 3135 τίθεσθαι;
3546 3071 3661 3122 Καὶ
3720 3071 3769 3121 εί

2173 3167 2351 3220 πάντα
2391 3166 2560 3219 ταῦτα
2596 3166 2730 3236 πρὸς
2777 3164 2834 3217 ἓν
2870 3164 3266 3234 σημαινόμενον
3313 3164 3507 3225 τείνει,
3539 3162 3763 3230 ἀνάγκη

2174 3261 2323 3312 πᾶσα
2345 3259 2541 3312 ταυτὸν
2575 3257 2830 3328 ἀλλήλοις
2855 3255 3117 3309 δύνασθαι
3149 3255 3216 3308 τὰ
3249 3254 3492 3324 ὀνόματα
3513 3272 3531 3283 ·
3571 3253 3648 3316 ὡς

2171 3352 2279 3404 τῶν
2306 3350 2548 3404 πολυωνύ
2558 3367 2692 3420 μων·
2716 3350 2843 3402 ὅταν
2864 3349 3081 3419 Σίμωνα
3103 3348 3194 3400 καὶ
3218 3345 3425 3416 Πέτρον
3442 3345 3541 3397 καὶ
3565 3346 3769 3414 Κηφᾶν

2171 3445 2260 3498 τὸν
2285 3443 2447 3496 αὐτὸν
2480 3443 2745 3513 λέγωμεν.
2770 3441 2981 3493 Οὐκοῦν
3006 3441 3034 3492 ὁ
3056 3439 3297 3500 ἀκούσας
3316 3439 3377 3490 τὸ
3395 3436 3768 3490 ἀναλλοίωτον

2173 3535 2266 3589 τοῦ
2317 3534 2476 3599 Θεοῦ,
2516 3536 2652 3606 πρὸς
2704 3535 2766 3586 τὸ
2799 3533 3092 3604 ἀγέννητον
3140 3532 3556 3602 ὑπαχθήσεται·
3595 3530 3693 3582 καὶ
3738 3531 3767 3580 ὁ

2175 3629 2414 3692 ἀκούσας
2435 3627 2493 3680 τὸ
2523 3627 2750 3698 ἀμερὲς,
2782 3627 2921 3696 πρὸς
2960 3627 3020 3679 τὸ
3050 3625 3440 3696 δημιουργικὸν
3475 3623 3593 3692 (50)
3626 3624 3767 3675 ἀπο-

2174 3722 2418 3792 φέρεται.
2455 3721 2564 3774 Kal
2597 3720 2801 3789 ταύτης
2843 3719 2897 3772 τί
2935 3717 3003 3773 ἂν
3035 3719 3245 3786 γένοιτο
3292 3719 3393 3787 τῆς
3442 3717 3771 3786 συγχύσεως

2175 3816 2537 3886 ἀτοπώτερον,
2573 3814 2906 3884 ἀφελόμενον
2937 3813 3033 3880 τὴν
3061 3812 3196 3864 ἰδίαν
3226 3809 3504 3879 σημασίαν
3527 3809 3770 3861 ἑκάστου

2175 3908 2282 3960 τῶν
2303 3906 2602 3978 ὀνομάτων,
2631 3903 3064 3976 ἀντινομοθετεῖν
3091 3905 3156 3972 τῇ
3179 3919 3237 3954 τε
3273 3903 3427 3970 κοινῇ
3454 3904 3656 3971 χρήσει
3675 3901 3775 3951 καὶ

2174 4002 2240 4070 τῇ
2265 3997 2580 4067 διδασκαλίᾳ
2609 3997 2704 4050 τοῦ
2736 3996 3082 4066 Πνεύματος;
3111 3995 3304 4046 Καίτοι
3327 3993 3454 4044 ὅταν
3488 3992 3591 4060 μὲν
3611 3990 3776 4042 ἀκού-

2179 4109 2356 4162 σωμεν
2389 4092 2517 4162 περ)¹
2552 4090 2643 4144 τοῦ
2687 4089 2844 4150 Θεοῦ,
2877 4091 2960 4142 ὅτι
3000 4088 3178 4140 πάντα
3219 4088 3278 4138 ἐν
3319 4084 3480 4154 σοφίᾳ
3513 4084 3773 4152 ἐποίησε,

2175 4184 2274 4255 τὴν
2325 4184 2720 4255 δημιουργικὴν
2751 4183 2948 4253 τέχνην
2981 4178 3145 4233 αὐτοῦ
3192 4175 3566 4246 διδασκόμεθα
3589 4195 3602 4206 ·
3640 4177 3773 4228 ὅταν

2176 4275 2252 4337 δὲ,
2287 4279 2368 4329 ὅτι
2412 4275 2616 4342 ἀνοίγει
2657 4275 2758 4344 τὴν
2798 4275 2956 4343 χεῖρα
2997 4268 3186 4330 αὐτοῦ,
3220 4268 3316 4321 καὶ
3360 4266 3614 4336 ἐμπιπλᾷ
3661 4270 3770 4318 πᾶν

2177 4366 2315 4430 ζῶον
2371 4365 2620 4429 εὐδοκίας
2655 4365 2788 4434 (51),
2834 4365 2933 4436 τὴν
2973 4363 3060 4415 διὰ
3106 4361 3328 4414 πάντων
3375 4363 3769 4429 κεχωπκυίαν

2177 4457 2431 4529 πρόνοιαν
2451 4472 2465 4486 ο
2498 4457 2622 4510 ὅταν
2655 4456 2731 4517 δέ,
2764 4455 2843 4508 ὅτι
2896 4455 3103 4507 Ἕθετυ
3147 4454 3370 4517 σκότος
3401 4451 3768 4517 ἀποκριιρὴν

2106 4565 2148 4620 D
2177 4551 2384 4612 αὑτοῦ,
2426 4551 2487 4602 τὸ
2523 4549 2752 4620 ἀόρατον
2793 4548 2890 4618 τῆς
2919 4546 3086 4600 αὐτοῦ
3126 4544 3344 4614 φύσεως
3371 4542 3762 4611 παιδευόμεθα.

2183 4643 2352 4698 Πάλιν
2385 4642 2440 4695 δέ
2468 4641 2530 4694 τὸ
2577 4642 2642 4694 ἐκ
2683 4639 2977 4710 προσώπου
3003 4638 3097 4692 τοῦ
3131 4636 3268 4690 Θεοῦ
3302 4636 3596 4706 λεγόμενον
3630 4633 3764 4704 (52),

2183 5009 2346 5064 πάλιν
2379 5006 2564 5061 οὐσίαν
2586 5022 2599 5035 ’
2637 5005 2699 5057 τὸ
2728 5000 3138 5072 προγνωστικὸν
3164 4999 3451 5072 ᾡσαύτως.
3475 4997 3766 5072 ᾼΙῇη-ιιιιηιο

2185 5021 2346 5064 πάλιν
2379 5021 2564 5061 ουσίαν
2586 5022 2599 5035 ’
2637 5021 2699 5057 το
2728 5022 2769 5056 π
2807 5021 3138 5072 ογνωστικον
3167 5021 3451 5062 ωσαυτως.
3475 5021 3764 5054 atumat-tu

2185 5091 2304 5148 post
2355 5080 2485 5134 editi
2535 5076 2628 5129 τὸν
2671 5021 2834 5128 αὐτὸν
2867 5073 3120 5143 λέγομεν.
3152 5069 3382 5125 Codices
3406 5068 3562 5122 multi
3595 5067 3764 5119 λέγω·

2227 5167 2306 5203 εν.

2186 5167 2370 5288 μεῖἐο)
2419 5217 2558 5272 Etliti
2609 5231 2736 5288 cum
2776 5212 3113 5288 Colb._7:pbc;
3172 5209 3235 5263 τὸ
3271 5207 3625 5278 δημιουργόν.
3663 5204 3763 5258 Alii

2182 5284 2574 5362 qnatnor__m_ss.
2601 5284 3018 5362 δημιουργικόν.
3216 5351 3228 5362 _
3326 5349 3340 5362 _
3389 5351 3402 5362 _
3536 5347 3570 5362 __
3612 5349 3646 5362 __

2255 5361 2378 5430 (51)
2410 5357 2564 5430 Vulg.
2621 5347 2686 5408 Ei
2721 5347 2897 5424 implet
2940 5368 3092 5430 omne
3136 5349 3340 5430 animo!
3384 5347 3761 5430 benedictione.

2187 5419 2464 5498 Su‘spicari
2516 5419 2751 5498 l'orlasse
2795 5419 3008 5498 'poterit
3063 5421 3357 5492 quispiam,
3413 5419 3762 5487 interpretem

2185 5493 2566 5574 ρτοῇεὐδρκέοις
2608 5493 3095 5574 ¹ςείεβέεύλ9γίῆε
3135 5561 3160 5574 -
3197 5560 3209 5574 .
3303 5560 3317 5574 .
3376 5561 3390 5574 .
3635 5555 3650 5574 .

2255 5571 2367 5637 (5‘2)
2401 5569 2576 5621 Ezlitio
2633 5560 2806 5620 P'aris.
2838 5560 3003 5618 πάλιν
3033 5562 3089 5614 δέ
3130 5560 3242 5637 διὰ-
3265 5560 3329 5637 τὸ
3373 5561 3439 5637 ἐκ
3466 5560 3761 5637 ,προσώπου

2183 5642 2277 5695 τοῦ
2310 5629 2813 5708 Θεοῦ-λεγόμενον.
2873 5637 2977 5688 Sed
3017 5631 3330 5708 praepositio
3396 5629 3487 5708 διά
3548 5644 3649 5708 nec
3712 5629 3758 5677 in

2185 5713 2421 5765 editione
2458 5701 2592 5761 Ven.
2629 5701 2742 5758 'nec
2803 5707 2854 5757 in
2899 5705 3102 5758 nostris
3133 5701 3419 5754 codicibus
3474 5701 3757 5752 invenitur.

2184 5782 2382 5848 Quare.
2412 5780 2569 5832 facile
2597 5775 2932 5848 crediderim
2965 5774 3204 5827 additam
3239 5786 3362 5848 eam
3411 5770 3753 5848 fuisses-ty-

2188 5839 2480 5918 oograplzis
2542 5857 2600 5903 ut
2665 5861 2861 5902 sensus
2921 5846 3127 5912 integer
3178 5841 3526 5896 redderetur.
3593 5839 3752 5893 Editio
