3836 6222
251 337 368 390 ε”ἒθ

1365 340 1737 398 ADVERSUS
1777 342 2148 398 ιιύΝοΜιυΜ
2185 341 2314 397 LIB.
2357 342 2398 398 l.

3423 344 3528 397 570

267 449 414 520 Ἐγώ
437 454 574 520 εἰμι,
625 452 724 505 καὶ
765 455 876 507 οὐκ
928 454 1279 524 ήλλοίωμαι,
1313 458 1372 512 τὸ
1399 460 1486 510 ἀεὶ
1523 459 1717 512 ταυτὸν
1753 460 1844 512 καὶ

1960 460 2198 512 audimus
2237 457 2380 526 quod
2434 453 2618 508 Posuit
2674 453 2910 510 tenebras
2946 455 3224 508 latibulum
3279 472 3432 508 suum
3459 453 3526 521 “,

183 573 186 576 ι
252 539 530 610 ἄτρεπτον
575 542 676 610 τῆς
731 541 879 605 θείας
917 544 1106 607 ούσίας
1159 546 1520 616 μανθάνομεν.
1573 549 1696 610 Πῶς
1745 544 1838 601 οὖν

253 633 382 702 οὐχὶ
413 633 578 702 μανία
603 632 798 704 σαφὴς,
825 633 898 705 μὴ
929 634 1058 688 ἴδιον
1080 637 1474 708 σημαινόμενον
1501 639 1711 709 ἑκάστῳ
1731 639 1838 692 τῶν

255 724 540 792 ὀνομάτων
589 725 990 797 ὑποϐεϐλῆσθαι
1052 728 1252 796 λέγειν,
1317 729 1484 794 ἀλλά,
1538 731 1688 802 παρὰ
1740 731 1840 802 τὴν

257 817 544 886 ἐνέργειαν
569 816 701 886 (55),
743 819 918 870 πάντα
948 820 1144 872 ταυτὸν
1172 820 1426 875 δύνασθαι
1460 823 1707 894 ἀλλήλοις
1759 825 1835 876 δι-

261 907 548 979 ορίζεσθαι
575 909 644 962 τὰ
665 909 905 981 ὀνόματα
927 929 940 976 ;
969 913 1202 966 Ἔπειτα
1233 915 1326 966 ἐὰν
1345 915 1434 967 καὶ
1456 915 1635 986 δῶμεν
1661 915 1838 979 τοῦτο,

259 999 526 1054 οὺδόὖτω
545 1001 706 1054 πλέον
734 1004 916 1066 αὐτοῖς
933 1005 1052 1057 οὐδὲ
1086 1007 1166 1068 εἰς
1186 1005 1276 1088 τόν
1307 1007 1506 1059 σκοπὸν
1538 1008 1838 1076 περιέσται.

259 1093 325 1144 Εἰ
367 1091 478 1162 γὰρ
512 1093 688 1146 πάντα
712 1093 904 1152 ταῦτα.
928 1097 1019 1148 ἐπὶ
1052 1097 1144 1149 τοῦ
1179 1097 1312 1151 Θεοῦ
1343 1098 1435 1150 καὶ⁴
1463 1099 1677 1170 Πατρὸς
1699 1099 1842 1169 λαμ-

259 1183 558 1254 ϐανόμενα,
583 1185 682 1255 τὴν
709 1187 894 1240 οὐσίαν
927 1189 1089 1241 αὑτοῦ
1118 1189 1388 1260 σημαίνει,
1411 1192 1471 1243 τὸ
1491 1191 1843 1245 ἀναλλοίωτον

257 1275 426 1344 λέγω,
475 1278 569 1330 καὶ
614 1278 674 1330 τὸ
703 1279 954 1349 ἀόρατον,
991 1281 1092 1333 καὶ.
1118 1281 1178 1333 τὸ
1223 1281 1520 1354 ἄφθαρτον,
1557 1283 1846 1354 παραπλη-

261 1369 396 1432 σίως
445 1369 687 1438 δηλονότι
736 1372 829 1424 καὶ
885 1373 977 1424 ἐπὶ
1031 1372 1124 1426 τοῦ
1189 1375 1510 1444 μονογενοῦς
1569 1374 1698 1428 Υίοῦ
1748 1375 1843 1428 τοῦ

259 1457 397 1512 Θεοῦ
625 1461 814 1525 οὐσίας
863 1461 1014 1517 ἔσται
1074 1464 1368 1536 δηλωτικὰ.
1409 1468 1661 1538 Ἀόρατον
1695 1468 1803 1536 γὰρ
1829 1507 1843 1530 ,

261 1552 360 1606 καὶ
395 1553 773 1620 ἀναλλοίωτον,
816 1556 910 1609 καὶ
952 1557 1245 1628 ἄφθαρτον,
1277 1563 1370 1612 καὶ
1411 1559 1616 1630 ἀμερῆ,
1655 1561 1748 1612 καὶ
1779 1560 1846 1613 τὰ

259 1644 488 1699 τοιαῦτα
523 1646 721 1714 πάντα,
761 1649 855 1701 καὶ
890 1649 982 1704 τὸν
1016 1652 1274 1721 μονογενῆ
1318 1652 1445 1705 Υἱὸν
1485 1651 1843 1722 ὀνομάζομεν.

260 1739 371 1790 Καὶ
395 1737 538 1792 οὕτω
558 1739 620 1791 τὸ
650 1741 810 1808 σοφὸν
836 1743 1020 1805 αὐτοῖς
1049 1745 1126 1806 εἰς
1147 1744 1206 1796 τὸ
1229 1744 1471 1798 ἐναντίον
1504 1743 1848 1816 περιελεύσε-

259 1847 370 1884 ται.
423 1831 496 1884 Ού
543 1832 651 1903 γάρ
682 1834 793 1904 (55)
825 1835 1025 1905 μᾶλλον
1053 1836 1140 1888 διὰ
1185 1836 1243 1889 τὸ
1288 1837 1345 1889 ὲν
1375 1837 1473 1908 μιᾷ
1503 1837 1844 1907 προσηγορίᾳ

261 1922 520 1996 διάφορον
573 1926 825 1996 ἀνόμοιον
881 1927 1024 1980 κατὰ
1075 1929 1171 2000 τὴν
1229 1929 1416 1981 οὐσίαν
1467 1929 1844 1982 ἀποδεικνύειν

260 2015 496 2080 ἕξουσιν,
533 2017 566 2088 ἢ
605 2017 694 2070 διὰ
724 2019 824 2090 τὴν
865 2021 921 2070 ἐν
958 2022 1070 2084 τοῖς
1099 2019 1308 2072 πλείοσι
1340 2021 1624 2074 κοινωνίαν
1659 2022 1845 2091 ὅμοιον

259 2105 542 2174 ὁμολογεῖν
589 2109 682 2160 ὑπ’
735 2109 904 2179 αὐτῆς
955 2109 1052 2178 τῆς
1103 2110 1347 2180 ἀνάγκης
1396 2110 1506 2162 τῶν
1539 2111 1845 2181 δεδομένων

263 2199 732 2272 ἐκϐιασθήσονται.
761 2204 822 2256 Εἰ
855 2204 910 2256 δὲ
944 2203 1093 2271 λέγοι
1116 2205 1208 2256 ἐπὶ
1245 2203 1413 2274 μόνης
1435 2203 1534 2272 τῆς
1567 2203 1659 2255 τοῦ
1686 2205 1847 2270 ἀγεν-

261 2295 423 2363 νὴτου
447 2294 628 2364 φωνῆς
657 2297 722 2366 τῇ
764 2295 1019 2367 εὐλαϐείᾳ
1054 2295 1164 2366 (56)
1197 2295 1370 2367 ταύτῃ
1409 2293 1732 2365 κεχρῆσθαι,
1755 2297 1848 2348 ἐπὶ

262 2385 321 2437 δὲ
349 2385 458 2437 τῶν
485 2384 658 2438 ἄλλων
689 2386 1013 2454 ἀφυλάκτως
1053 2387 1196 2456 ἔχειν
1214 2403 1228 2416 ·
1259 2387 1420 2440 πάλιν
1449 2388 1608 2440 αὑτὸν
1634 2388 1846 2460 ἐρωτή-

267 2493 470 2546 σωμεν,
503 2479 586 2542 τίς
615 2481 646 2549 ή
671 2479 1059 2550 ἀποκλήρωσις
1081 2479 1214 2550 (57),
1245 2480 1513 2534 τοσούτων
1541 2480 1709 2534 ὅντων
1739 2481 1848 2533 τῶν

265 2569 398 2639 περὶ
423 2569 556 2622 Θεοῦ
586 2569 917 2640 λεγομένων,
957 2574 1013 2624 ἐν
1047 2573 1127 2625 ἑνὶ
1157 2573 1336 2643 τούτῳ
1377 2572 1523 2643 μόνῳ
1551 2573 1648 2643 τὴν
1691 2574 1850 2645 ἀκρί-

267 2660 420 2714 ϐειαν
454 2663 876 2730 ἐπιδείκνυσθαι,
917 2665 1012 2718 καὶ
1046 2667 1103 2718 ἐν
1150 2667 1229 2719 ἐν),
1260 2665 1433 2736 τούτῳ
1467 2665 1849 2737 ἀποπληροῦν-

273 2769 336 2803 τα
365 2751 476 2822 (58)
529 2753 680 2824 αὐτῷ
709 2755 807 2826 τὴν
836 2754 928 2809 τοῦ
960 2753 1099 2809 εἶναι
1149 2757 1178 2809 ὅ
1228 2758 1377 2809 ἐστιν
1427 2756 1740 2826 ὁμολογίαν,
1792 2758 1850 2811 ἐν

269 2839 479 2909 ἑτέροις
509 2843 896 2914 παμπληθέσιν
927 2845 1300 2918 ἀνθρωπίναις
1355 2847 1622 2910 ἐπινοίαις
1651 2847 1851 2918 σεμνύ-

269 2948 380 2984 νειν
404 2933 620 3006 μὴεῌὲθ)
659 2938 1044 3008 παραιτεῖσθαι
1071 2956 1084 3002 ;
1122 2939 1180 2991 '0
1213 2939 1322 3010 γὰρ
1351 2939 1611 2993 πλειόνων
1645 2940 1853 3010 ὀφειλέ-

268 3042 368 3096 της
400 3027 460 3079 ού
512 3029 710 3098 μᾶλλον
733 3029 1029 3102 εὐγνώμων
1059 3034 1115 3084 ἐν
1143 3033 1210 3103 τῇ
1255 3031 1347 3084 τοῦ
1397 3032 1514 3095 ἐνὸς
1541 3033 1790 3088 ἀποδόσει
1818 3033 1852 3104 ἢ

270 3117 622 3190 ὑπερϐάλλων
654 3123 1018 3195 ἀγνωμοσύνῃ
1043 3127 1100 3176 ἐν
1118 3127 1184 3195 τῇ
1204 3124 1308 3176 τῶν
1337 3123 1598 3176 πλειόνων
1621 3125 1853 3177 ἀποστε-

271 3217 447 3283 ρήσει.
480 3212 638 3266 Οὕτω
695 3213 795 3284 μὲν
823 3211 936 3278 οὖν,
984 3215 1058 3278 ὡς
1085 3215 1154 3268 τὰ
1184 3215 1465 3286 πανοῦργα
1492 3213 1600 3266 τῶν
1623 3214 1847 3285 θηρίων,

267 3307 387 3368 ταῖς
407 3305 603 3359 ἑαυτοῦ
637 3306 854 3375 τέχναις
879 3307 1181 3374 ἁλίσκεται,
1207 3300 1289 3370 οἷς
1318 3306 1601 3360 λανθάνειν
1647 3307 1852 3378 ἐπιχει-

268 3397 371 3466 ρεῖ,
407 3394 616 3459 τούτοις
640 3394 800 3449 πλέον
825 3396 1254 3468 διελεγχόμενος.

1941 551 2225 604 invisibilis
2269 559 2474 602 natura:
2512 548 2626 616 ejus
2656 549 3025 600 admon‘emur.
3058 545 3189 599 Cum
3215 561 3402 599 rursus
3430 562 3532 599 au-

1941 644 2122 697 dimus
2150 642 2200 694 id
2234 641 2375 709 quod
2417 641 2468 693 in
2503 655 2732 708 persona
2763 639 2856 692 Dei
2898 639 3100 693 dicitur
3135 655 3148 690 :
3185 639 3297 708 Ego
3327 649 3534 704 sum,“

1941 751 2044 786 non
2077 747 2250 787 mutor
2274 733 2350 799 ⁸⁵,
2381 743 2698 800 perpetuam
2737 733 3073 786 identilalem
3114 747 3176 785 ac
3221 732 3533 786 immutabi-

1941 827 2149 880 litatem
2187 825 2502 880 substantiae
2531 825 2724 878 divinte
2757 825 3129 895 intelligimus.
3155 823 3346 878 Nonne
3367 826 3534 894 igitur

1945 913 2230 968 manifesta
2266 924 2347 968 est
2387 915 2625 979 insania,
2657 916 2702 968 si
2751 915 2900 968 dicas
2939 917 3214 985 proprium
3249 917 3530 984 signiﬁca-

1945 1019 2058 1062 tum
2123 1008 2416 1075 unicuique
2466 1007 2670 1060 nomini
2730 1007 3033 1094 subjectum
3083 1023 3188 1060 non
3225 1007 3402 1062 esse?
3436 1006 3532 1061 sed

1944 1107 2135 1152 contra
2173 1099 2458 1152 verborum
2488 1098 2618 1164 vim,
2640 1099 2901 1152 decernas
2931 1099 3146 1152 nomina
3184 1100 3362 1152 omnia
3383 1097 3529 1154 idem

1946 1191 2088 1244 inter
2134 1205 2192 1244 se
2223 1190 2402 1244 valere
2433 1190 2458 1242 ?
2483 1189 2747 1244 Praeterea
2799 1191 3013 1244 etiamsi
3064 1191 3166 1244 hoc
3196 1189 3533 1252 dederimus,

1947 1299 2013 1336 ne
2048 1283 2124 1336 sic
2176 1283 2393 1351 quidem
2424 1283 2504 1336 eis
2539 1282 2834 1351 quidquam
2884 1282 3115 1349 amplius
3155 1280 3424 1350 supererit
3466 1281 3534 1335 ad

1950 1376 2207 1428 tuendum
2241 1375 2599 1444 propositum.
2633 1375 2846 1428 Etenim
2883 1375 2929 1429 si
2965 1375 3082 1429 haec
3109 1375 3292 1428 omnia
3321 1389 3440 1427 cum
3465 1373 3535 1427 de

1950 1466 2058 1519 Deo
2087 1474 2141 1518 et
2171 1465 2330 1519 Patre
2357 1463 2634 1530 dicuntur,
2667 1464 3019 1519 substantiam
3055 1463 3170 1532 ejus
3201 1462 3527 1532 signiﬁcant,

1949 1555 2286 1608 immutabile
2317 1555 2438 1608 dico
2462 1563 2515 1608 et
2539 1553 2810 1609 invisibile
2832 1565 2884 1609 et
2911 1555 3320 1622 incorruptibile
3341 1571 3355 1606 :
3375 1552 3530 1606 simi-

1952 1648 2072 1702 liter
2121 1649 2238 1703 sine
2281 1648 2442 1703 dubio
2470 1651 2630 1702 etiam
2663 1648 2728 1702 de
2757 1647 3035 1717 unigenito
3067 1647 3158 1700 Dei
3193 1644 3330 1699 Filio
3353 1645 3520 1708 dicta,

1952 1740 2310 1794 substantiam
2353 1740 2685 1794 indiCabunt.
2719 1736 2853 1791 Nam
2885 1739 3213 1792 invisibilem
3250 1746 3305 1792 et
3329 1737 3529 1789 immu-

1881 1812 1921 1866 Β
1951 1832 2165 1885 labilem
2198 1843 2253 1885 et
2301 1831 2765 1900 incorruptibilem
2798 1843 2852 1884 et
2882 1831 3266 1884 indivisibilem
3311 1843 3374 1882 ac
3410 1827 3535 1882 reli-

1947 1925 2073 1991 quis
2099 1923 2408 1977 nominibus
2443 1923 2713 1978 similibus
2744 1924 2907 1976 etiam
2954 1922 3292 1990 unigenitum
3337 1919 3532 1975 Filium

1949 2017 2316 2070 nominamus.
2363 2017 2426 2070 Et
2473 2017 2548 2069 ita
2584 2015 2798 2070 subtilis
2828 2029 3014 2069 eorum
3045 2013 3256 2081 argutia
3293 2013 3422 2082 ipsis
3451 2029 3536 2068 re-

1946 2109 2090 2162 cidet
2122 2109 2173 2160 in
2209 2108 2564 2162 contrarium.
2591 2107 2705 2161 Non
2752 2109 2896 2161 enim
2930 2107 3101 2174 magis
3133 2116 3354 2176 propter
3377 2106 3537 2160 unius

1948 2199 2327 2269 appellationis
2361 2200 2753 2264 diversitatem,
2787 2199 3104 2253 dissimilem
3137 2198 3188 2251 in
3231 2195 3537 2251 substantia

1947 2296 2144 2351 Filium
2197 2305 2452 2364 poterunt
2495 2297 2894 2361 demonstrare,
2940 2309 3100 2364 quam
3149 2301 3367 2362 propter
3417 2290 3540 2360 plu-

1953 2389 2093 2442 rium
2120 2390 2552 2442 convenientiam
2597 2389 2829 2443 similem
2881 2385 3123 2440 conliteri
3154 2397 3436 2454 cogentur,
3471 2381 3536 2435 ad

1951 2481 2054 2535 hoc
2089 2496 2157 2534 ex
2188 2481 2466 2536 concessis
2493 2480 2804 2534 necessario
2853 2479 3048 2532 adacti.
3081 2479 3232 2544 Quod
3265 2477 3308 2530 si
3345 2473 3544 2529 dixerit

1951 2571 2003 2626 in
2030 2571 2142 2626 sola
2181 2571 2406 2641 ingeniti
2440 2586 2573 2625 voce
2601 2585 2661 2624 se
2695 2570 2798 2625 hac
2841 2569 3325 2638 circumspectione
3353 2567 3454 2631 uti,
3487 2563 3544 2618 in

1953 2663 2174 2734 reliquis
2205 2679 2335 2718 vero
2369 2664 2584 2718 incaute
2616 2679 2676 2717 se
2706 2675 2895 2732 gerere
2929 2677 2943 2714 :
2981 2677 3169 2716 rursus
3201 2661 3374 2730 ipsum
3427 2673 3544 2726 per-

1951 2768 2256 2821 contemur,
2283 2771 2528 2824 quamam
2558 2757 2629 2810 sit
2658 2757 2772 2810 haec
2801 2755 3016 2820 divisio,
3049 2765 3105 2809 ut
3139 2769 3258 2807 cum
3286 2761 3360 2807 tot
3384 2749 3542 2820 221

1955 2846 2064 2900 sint
2091 2861 2211 2914 quae
2260 2846 2326 2898 de
2361 2845 2470 2898 Deo
2508 2844 2786 2907 dicuntur,
2833 2851 3012 2896 tamen
3060 2844 3112 2896 in
3154 2844 3257 2897 hoc
3287 2857 3392 2895 uno
3430 2839 3546 2895 solo

1954 2941 2291 3011 diligentiam
2335 2938 2613 3002 ostendat,
2659 2947 2823 3005 atque
2855 2936 2908 2988 in
2955 2935 3058 2989 hoc
3085 2950 3195 2988 uno
3237 2935 3284 2988 ei
3325 2931 3545 2986 confes-

1956 3035 2164 3088 sionem
2197 3031 2488 3102 persolvat,
2521 3043 2624 3099 qua
2680 3027 2969 3081 conﬁtetur
2997 3026 3050 3079 id
3096 3040 3219 3078 eum
3252 3037 3370 3077 esse
3400 3021 3546 3091 quod

1956 3133 2042 3177 est
2072 3141 2085 3176 :
2124 3122 2177 3176 in
2208 3122 2420 3178 caeteris
2453 3135 2580 3174 vero
2608 3133 2769 3188 quam
2804 3115 3076 3187 plurimis,
3114 3129 3238 3168 eum
3293 3112 3546 3167 humanis

1956 3216 2289 3286 intelligendi
2350 3215 2525 3268 modis
2582 3213 2842 3267 decorare
2887 3225 2992 3262 non
3045 3217 3276 3262 recuset.
3333 3205 3543 3259 Etenim

1957 3307 2107 3378 plura
2134 3309 2225 3377 qui
2260 3307 2440 3374 debet,
2457 3323 2562 3360 non
2591 3305 2762 3373 magis
2789 3299 3261 3372 gratusjudicatur
3288 3297 3358 3353 ob
3385 3297 3545 3352 unius

1957 3397 2524 3466 redditionem,quam
2572 3411 2734 3466 supra
2787 3394 3006 3448 modum
3053 3393 3300 3459 ingratus
3325 3391 3394 3445 ob
3427 3390 3545 3457 plu-

273 3490 410 3544 rium
447 3489 869 3547 fraudationem.
927 3492 1214 3564 Sic—igitur
1279 3493 1454 3547 instar
1514 3501 1859 3546 versutarum
1892 3491 2195 3548 bestiarum
2248 3495 2361 3548 suis
2413 3493 2582 3563 ipsius
2638 3493 2846 3547 artibus
2895 3490 3150 3559 capitur,
3188 3488 3314 3543 dum
3348 3487 3546 3558 quibus

267 3583 442 3640 latere
471 3585 683 3655 nititur,
715 3587 782 3640 iis
816 3589 988 3659 magis
1019 3588 1386 3644 convincitur.

340 3745 386 3777 “
421 3743 567 3801 Psal.
601 3763 737 3812 xvn,
770 3745 857 3800 1‘2.
933 3745 980 3778 ⁸³
1012 3745 1202 3801 Malae.
1226 3764 1308 3815 ιιι,
1331 3745 1388 3801 6.

271 3907 406 3962 Ven.
455 3915 510 3960 et
559 3904 694 3972 Reg.
745 3905 967 3974 quintus
1035 3904 1300 3975 πάλινδὲ
1347 3903 1410 3956 τὸ
1453 3904 1520 3956 ὲκ
1565 3901 1862 3975 προσώπου

268 3977 367 4032 τοῦ
401 3975 538 4030 Θεοῦ
581 3976 896 4046 λεγόμενον,
965 3988 1020 4030 et
1087 3979 1178 4046 ita,
1221 3974 1516 4046 legendum
1550 3974 1672 4046 esse
1710 3974 1863 4046 arbi-

271 4059 415 4174 Bror,
445 4049 525 4102 sic
574 4043 836 4109 ut'il'lud,
869 4047 999 4100 ὅταν
1047 4043 1396 4115 ἀκούσωμεν,
1437 4043 1718 4098 subaudiri
1763 4044 1862 4098 de-

307 4128 419 4173 eat.

307 4128 419 4173 eat.

349 4191 461 4260 (55)
510 4187 646 4258 Reg.
675 4187 873 4242 tertius
903 4187 1127 4260 perinde
1159 4195 1322 4253 atque
1368 4183 1464 4260 alii
1515 4199 1654 4260 mss.
1693 4183 1858 4238 habet

272 4255 492 4336 quidem
524 4260 576 4313 in
600 4255 855 4336 contextu
885 4258 1189 4336 ἐνέργειαν,
1201 4255 1519 4336 ροηίνιξυὶηι
1547 4257 1855 4330 verborum;

275 4325 330 4388 at
359 4332 623 4396 scriptum
653 4329 926 4382 invenitur
956 4325 1008 4380 iit
1045 4327 1288 4394 margine
1315 4325 1636 4396 ἐνάργειαν,
1673 4325 1856 4377 contra

272 4401 605 4460 evidentiam.
639 4398 764 4452 Mihi
796 4400 1012 4450 dubium
1045 4415 1149 4451 non
1178 4407 1258 4449 est
1283 4397 1412 4465 quin
1451 4399 1723 4463 interpres
1759 4409 1855 4446 ve-

277 4485 365 4529 tus
423 4471 618 4539 legerit
651 4469 803 4539 παρὰ
843 4469 942 4540 τὴν
993 4467 1274 4540 ἀλήθειαν,
1299 4483 1428 4540 cum
1467 4467 1856 4540 interpretatus

275 4546 366 4610 sit,
408 4535 594 4595 contra
623 4535 945 4594 veritatem':
987 4535 1221 4608 sed'qua
1261 4538 1313 4591 id
1345 4537 1679 4590 auctoritate
1719 4535 1861 4588 fece-

275 4617 366 4678 rit,
405 4612 611 4666 nescio.

346 4673 634 4754 (547)7Editi
661 4687 744 4754 ft
773 4695 906 4754 mss.
947 4678 1193 4735 nonnulli
1245 4676 1378 4730 Υἱοῦ
1432 4675 1529 4728 καὶ
1563 4673 1726 4728 Θεοῦ.
1753 4673 1860 4728 Alii

276 4750 406 4812 mss.
432 4751 566 4806 Υἱοῦ
593 4751 688 4804 τοῦ
713 4750 867 4804 Θεοῦ.

349 4825 462 4895 (55)
494 4821 608 4876 Hoc
634 4823 767 4876 dicit
801 4819 1030 4874 Basilius
1059 4818 1324 4895 :___P:_itrem
1373 4817 1514 4895 Filio
1549 4816 1858 4895 substantia

285 4884 606 4951 dissimilem
631 4907 756 4946 esse
803 4907 868 4945 ex
894 4906 962 4943 eo
992 4890 1200 4960 colligit
1231 4889 1548 4952 Eunomius,
1578 4884 1859 4960 quod__I_’a-_

277 4977 362 5022 ter
394 4963 668 5033 ingenitus
707 4965 798 5029 sit,
851 4961 1024 5033 Filius
1065 4956 1196 5014 vero
1248 4959 1462 5033 genitus
1514 4977 1529 5013 :
1567 4959 1673 5033 sed
1727 4956 1857 5033 illud

277 5024 894 5108 arguni'entandige'nus
923 5032 1165 5108 ineptum
1195 5039 1277 5108 est
1305 5035 1360 5083 et
1379 5029 1696 5108 absurdum.
1721 5024 1856 5106 Qum

277 5097 422 5160 enim
470 5105 636 5158 multa
669 5097 780 5157 sint
813 5105 864 5156 in
911 5097 1110 5168 quibus
1151 5100 1295 5152 inter
1345 5114 1404 5153 se
1457 5097 1860 5168 perfectissime

278 5176 609 5231 conveniant
641 5173 804 5227 Pater
848 5183 904 5227 et
932 5167 1136 5234 Filius,
1166 5172 1234 5224 ob
1265 5167 1676 5237 integerrunam
1712 5167 1856 5219 illam

279 5249 333 5302 in
361 5247 604 5317 pluribus
629 5245 1040 5317 consensionem
1071 5255 1233 5308 atque
1261 5239 1698 5317 convenientiam
1710 5253 1858 5317 .__po-

279 5307 386 5372 tius
415 5314 742 5369 Eunomium
772 5313 932 5368 fateri
964 5307 1304 5381 oportuerat,
1339 5309 1555 5362 Patrem
1575 5319 1626 5362 et
1658 5307 1856 5381 Filium

279 5387 424 5442 inter
455 5401 515 5440 se
539 5385 747 5440 similes
778 5399 918 5445 esse,
955 5379 1054 5435 nec
1079 5382 1267 5435 debuit
1293 5381 1362 5432 ob
1389 5381 1553 5434 unius
1594 5379 1745 5433 vocis
1777 5379 1858 5431 di-

276 5459 590 5514 Versitatem
622 5471 716 5508 eos
744 5453 1036 5508 dissimiles
1059 5452 1376 5522 pra-dicare.

347 5527 462 5599 (56)
495 5525 606 5580 Vox
634 5525 892 5599 εὐλαϐείᾳ
918 5519 1304 5577 ευιιιῖνὶιιειυιθ
1322 5521 1424 5573 hoc
1449 5519 1568 5574 loco
1597 5535 1694 5588 pro
1721 5533 1856 5599 qiua-

279 5591 396 5652 dain
433 5591 947 5665 cireumspection—ie,
1001 5607 1116 5665 seu,
1162 5605 1280 5665 pro_
1313 5601 1569 5665 accurata
1617 5591 1854 5665 quadam

277 5669 531 5740 loquendi
582 5659 940 5740 etscribendi
979 5664 1210 5717 ratione.
1241 5659 1606 5716 Conibelisius
1643 5659 1852 5714 vertit:

278 5735 374 5793 hac
411 5738 683 5808 religionis
727 5735 899 5808 larva.

349 5809 462 5872 (57)
509 5799 617 5874 'Tlc
644 5809 681 5875 ἡ
715 5804 1178 5874 ἁποκλήρωσις;
1217 5801 1472 5868 Quaenam
1502 5802 1612 5854 Ιιαέ
1645 5799 1855 5864 temeri-

1973 3900 2102 3954 tas?
2159 3897 2362 3952 Ibidem
2426 3893 2653 3948 delenda
2701 3892 2916 3962 negatio
2971 3899 3098 3943 ante
3139 3887 3544 3962 παραιτεῖσθαι.

1973 3970 2128 4026 Clara
2163 3967 2307 4023 enim
2345 3965 2528 4018 Basilii
2559 3961 2828 4017 sententia
2863 3974 2879 4012 :
2925 3963 3106 4029 arguit
3141 3961 3543 4022 adversarium,

1971 4041 2115 4108 quod
2145 4036 2441 4108 essentiam
2473 4033 2566 4108 Dei
2623 4035 2676 4086 in
2706 4033 2818 4088 sola
2863 4031 3084 4108 ingeniti
3125 4029 3542 4108 vneeeontiteri

1969 4100 2156 4173 vellet,
2189 4111 2240 4162 in
2273 4107 2396 4160 aliis
2426 4107 2674 4166 vocibus,
2707 4117 2899 4170 nempe
2931 4100 3354 4173 incorruptibilis
3381 4109 3436 4153 et
3467 4101 3550 4152 in-

1966 4171 2222 4244 visibilis,
2247 4175 2365 4244 cjus
2395 4175 2693 4230 essentiam
2727 4176 2934 4243 pariter
2953 4171 3204 4227 conﬁteri
3238 4179 3544 4225 recusaret.

1965 4251 2180 4306 Massa.

2037 4322 2150 4394 (58)
2181 4318 2321 4394 Editi
2355 4315 2461 4394 καὶἰ
2501 4316 2558 4367 ἐν
2588 4313 2765 4394 τούτω
2802 4309 3177 4394 ἀποπληροῦν.
3238 4309 3391 4376 Regii
3440 4319 3550 4394 tres

1965 4381 2160 4445 ἐν“ἐν²ι
2209 4389 2384 4457 τούτῳ
2439 4381 2884 4457 ἀποπληροῦντα.
2943 4381 3095 4436 Colb.
3131 4396 3292 4434 manu
3345 4381 3548 4435 recenti

1963 4464 2282 4517 emendatus
2298 4454 2734 4526 ἀποκληροῢντα.

2041 4532 2154 4600 (59)
2191 4529 2462 4600 Particula
2604 4526 2758 4600 abest
2797 4540 2825 4576 a
2857 4521 2991 4600 Reg.
3027 4520 3264 4600 secundo
3291 4537 3307 4585 ;
3339 4535 3438 4599 nec
3467 4519 3549 4600 in-

1965 4590 2274 4672 cogitanter
2297 4590 2613 4672 omissa-est
2640 4613 2672 4672 a_
2699 4590 3096 4672 librariogcum
3131 4593 3182 4672 in
3209 4605 3304 4672 ora
3338 4591 3454 4672 eius
3481 4590 3547 4641 li—

1965 4660 2065 4727 briv
2086 4672 2352 4739 scriptum
2389 4669 2479 4732 sit,
2511 4667 2572 4720 τὸ
2609 4667 2682 4737 μή
2711 4663 2994 4739 περισσόν,
3044 4660 3306 4739 porticula
3339 4664 3413 4739 μή
3454 4675 3548 4739 tu:

1963 4743 2172 4812 perﬂuo
2201 4729 2309 4812 'est.
2341 4729 2627 4812 Hoc-idem
2671 4729 2846 4788 visum
2871 4744 2955 4787 est
2981 4729 3414 4812 DDCUIIIbeﬁbLiQ,
3439 4729 3550 4812 Aqui

1965 4799 2040 4865 ait
2060 4799 2265 4864 'vocnla
2302 4810 2375 4880 μή
2407 4817 2723 4880 contexmm
2746 4813 2931 4880 aperte
2958 4802 3212 4856 vitiosum
3239 4799 3417 4880 reddi.
3439 4799 3546 4880 Sed

1961 4899 2064 4950 ego
2103 4883 2262 4950 longe
2302 4867 2474 4932 'alliter
2494 4879 2708 4950 sentio,
2739 4867 3086 4950 arbitrorque
3115 4869 3432 4950 particulam
3469 4867 3546 4939 μή

1965 4939 2598 5007 ιιῖοιίιιιονηοοθεεθτίδιιι
2631 4961 2774 5004 esse,
2809 4939 3009 4996 nedum
3038 4940 3158 5009 ejus
3195 4939 3294 4992 loci
3325 4947 3544 4992 senten-

1965 5025 2096 5076 tiam
2125 5029 2462 5085 corrumpat.
2521 5017 2702 5087 Igitur
2745 5015 2936 5087 horum
2968 5017 3259 5087 verborum
3311 5009 3425 5087 llaec
3461 5014 3549 5087 est

1964 5092 2239 5148 sententia
2271 5105 2286 5140 :
2317 5080 2616 5143 Eunomius
2637 5085 2797 5139 aliter
2819 5083 3030 5150 judicat
3054 5082 3120 5135 de
3139 5093 3270 5134 voce
3303 5080 3546 5150 ingeniti,

1963 5164 2122 5217 aliter
2160 5162 2228 5214 de
2282 5175 2416 5214 voce
2465 5149 2832 5218 indivisibilis,
2881 5151 3256 5211 immutabilis,
3305 5149 3552 5201 incorru-

1961 5234 2160 5300 ptibilis
2180 5243 2235 5284 et
2263 5231 2493 5283 aliorum
2519 5227 2800 5300 similium.
2840 5223 3008 5290 Negat
3033 5220 3546 5300 Eunomiusnvocem

1961 5287 2184 5373 ingenui
2223 5301 2447 5373 deiDeo
2477 5299 2582 5351 dici
2635 5311 2794 5366 posse
2843 5287 3151 5373 ean‘ostro'
3209 5287 3544 5356 intelligendi

1963 5363 2121 5428 modo
2153 5391 2168 5425 :
2221 5372 2314 5425 sed
2347 5370 2460 5422 vult
2487 5383 2606 5420 eam
2637 5363 2866 5418 natura:
2903 5364 3096 5416 divinae
3141 5363 3212 5414 ita
3259 5374 3381 5412 esse
3414 5370 3544 5428 pro-

1960 5426 2156 5513 priam,
2185 5451 2244 5493 ut
2280 5451 2530 5513 naturam
2561 5440 2732 5513 ipsam
2777 5435 3017 5513 divinam
3080 5431 3396 5485 constituat.
3433 5426 3547 5513 ‘Et-

1959 5505 2151 5579 enini,
2194 5519 2252 5565 ut
2293 5512 2403 5579 jam
2432 5511 2772 5579 notavimus,
2817 5505 2947 5579 illud
2995 5513 3119 5579 erat
3165 5505 3544 5577 argumentum

1961 5569 2311 5654 praecipuum.
2332 5577 2605 5654 Eunomii,
2639 5575 2700 5627 τὸ
2735 5575 3070 5654 ἀγέννητον,
3101 5569 3547 5654 ingenerationem

1959 5636 2319 5708 substantiam
2355 5651 2527 5718 ipsam
2563 5636 2686 5699 esse
2717 5636 2979 5718 divinam.
3011 5636 3261 5718 Negabat
3285 5653 3413 5706 ergo
3437 5636 3545 5718 has:

1961 5725 2164 5778 reticus
2205 5722 2292 5776 ille
2345 5711 2565 5779 nonnon,
2603 5717 2890 5785 ingenitus,
2930 5713 3044 5785 dici
3105 5713 3174 5785 de
3229 5711 3338 5763 Deo
3387 5715 3546 5784 posse

1959 5811 2025 5852 ex
2057 5796 2294 5850 humano
2317 5781 2881 5858 intelligendi'modo:
2910 5785 3004 5838 sed
3023 5781 3294 5836 fatebatur
3322 5781 3542 5830 nomina
