3836 6222
306 307 408 365 531

1628 308 1685 366 S.
1733 308 1977 365 BASlLll
2015 308 2228 365 MAGNI

3457 316 3583 371 553

382 425 437 479 9.
477 422 664 490 Qualia
700 437 830 478 vero
873 422 981 479 sint
1021 437 1142 493 qua:
1179 433 1501 493 sequuntur,
1541 430 1881 497 perpendite.

2054 429 2107 483 9.
2146 428 2281 481 Τίνα
2304 427 2359 481 δέ
2404 429 2519 482 ἐστι
2554 428 2619 484 τὰ
2655 428 2783 498 ἑξῆς
2825 427 2917 483 τοῦ
2959 430 3117 497 λόγου
3149 432 3399 484 σκοπεῖτε
3426 430 3574 500 (60)..

312 515 671 584 Posteaquam
712 516 1011 583 οειειιάίι,ο
1030 527 1088 573 ιιι
1138 528 1326 587 putat,
1375 518 1491 573 lieri
1543 533 1885 589 nequaquam

310 623 491 679 posse,
528 617 587 663 ut
626 608 962 679 ingeneratio
999 611 1326 682 cogitatione
1364 611 1718 681 concipiatur,
1755 611 1887 668 sub-

312 700 390 755 dit
418 718 434 757 :

384 792 516 847 Eun.
560 793 672 847 Nec
704 808 834 848 vero
860 795 1157 849 secundum
1187 797 1543 866 privationem
1576 814 1590 850 :
1619 797 1885 867 siquidem

310 884 640 952 privationes
670 895 793 938 sunt
823 886 1147 953 privationes
1169 901 1355 942 eorum
1373 904 1492 959 quae
1514 897 1640 943 sunt
1668 901 1884 955 natura,

312 984 541 1044 suntque
572 977 841 1031 habilibus
867 980 1216 1047 posteriores.

383 1067 510 1121 Bas.
552 1068 705 1134 Quod
764 1079 945 1123 autem
995 1070 1109 1124 haec
1167 1085 1231 1125 ex
1289 1073 1558 1125 mundana
1621 1072 1885 1142 sapientia

313 1160 542 1229 garriat,
584 1175 612 1212 a
640 1176 744 1228 qua
793 1176 1033 1229 praeceps
1087 1172 1264 1224 actus.
1292 1163 1555 1231 ejusmodi
1595 1164 1884 1218 verborum

312 1252 644 1307 novitatibus
676 1254 914 1306 animum
970 1254 1191 1323 adjecit,
1238 1256 1616 1310 demonstrare
1655 1258 1883 1311 arduum

312 1356 420 1395 non
453 1340 637 1396 fuerit.
672 1341 814 1396 Sunt
855 1343 998 1395 enim
1033 1344 1341 1397 Aristotelis
1374 1345 1441 1398 de
1476 1345 1657 1399 habitu
1690 1356 1742 1400 et
1772 1348 1884 1415 pri-

312 1432 532 1487 vatione
575 1432 765 1495 verba,
801 1434 892 1502 qui
939 1435 1271 1501 posteriores
1318 1436 1592 1490 habilibus
1627 1439 1886 1506 privatio-

316 1538 415 1579 nes
441 1539 565 1579 esse
611 1525 715 1587 ait;
755 1527 1207 1593 quemadmodum
1256 1527 1291 1581 ii
1337 1528 1427 1596 qui
1462 1528 1712 1597 legerunt
1749 1530 1799 1582 in
1826 1529 1886 1583 li-

314 1615 415 1670 bro
448 1616 540 1684 qui
575 1618 889 1671 inscribitur
930 1617 1242 1688 Categoriw,
1276 1631 1501 1687 possunt
1529 1621 1741 1675 testari.
1778 1620 1886 1676 No-

313 1707 399 1763 bis
437 1718 614 1763 autem
663 1710 796 1765 satis
845 1720 963 1764 erat
1006 1713 1332 1774 ostendisse,
1363 1728 1469 1767 non
1523 1727 1589 1767 ex
1631 1714 1879 1769 doctrina

315 1797 569 1867 Spiritus.
601 1801 693 1855 sed
738 1815 804 1855 ex
848 1802 1113 1870 sapientia
1150 1803 1456 1872 principum
1509 1804 1667 1874 hujus
1700 1805 1881 1860 saeculi
1915 1783 1957 1837 Β

314 1889 427 1944 hzec
452 1906 573 1944 eum
606 1892 808 1960 dicere,
835 1908 900 1948 ac
932 1894 1060 1947 illud
1096 1896 1285 1963 psalmi
1313 1896 1367 1948 in
1394 1896 1569 1964 ipsum
1595 1896 1840 1966 proferre
1866 1914 1879 1950 :

316 1979 679 2037 Narravcrunt
703 1984 833 2037 milii
867 1984 1034 2051 iniqui
1062 1985 1440 2054 fabulationes,
1463 1987 1554 2039 sed
1578 2003 1681 2039 non
1717 1997 1772 2039 ut
1800 1986 1884 2042 lea:

314 2080 428 2138 tua,
461 2072 765 2128 Domine“.
802 2074 867 2128 Et
909 2077 1165 2145 quoniam
1218 2076 1623 2142 didiceramus,
1669 2094 1777 2131 non
1816 2094 1882 2133 ex

313 2162 554 2217 doctrina
600 2166 807 2220 Domini
845 2168 1018 2221 nostri
1055 2167 1184 2222 Jesu
1222 2168 1424 2223 Christi
1475 2184 1595 2225 esse
1647 2185 1768 2238 quae
1802 2172 1883 2224 di-

312 2265 532 2317 cuntur,
565 2260 698 2312 satis
744 2257 1074 2312 habebamus
1122 2260 1270 2313 vocis
1305 2260 1473 2326 ipsius
1526 2261 1879 2316 meminisse:

313 2344 442 2399 Cum
496 2348 727 2417 loquitur
778 2351 1132 2415 mendacium,
1171 2367 1236 2405 ea:
1269 2353 1496 2420 pmpriis
1539 2352 1772 2423 loquitur
1792 2355 1881 2412 "z

311 2447 476 2504 atque
511 2437 614 2491 hoc
652 2451 810 2506 pacto
857 2439 1153 2508 longiorem
1204 2456 1509 2496 sermonem
1540 2445 1881 2500 contrahere.

311 2525 521 2596 Quippe
557 2529 682 2584 hinc
722 2530 849 2583 illud
882 2532 1135 2585 omnibus
1163 2534 1516 2601 conspicuum
1541 2534 1882 2603 fecissemus,

310 2622 454 2686 quod
502 2618 636 2671 nihil
682 2620 813 2687 ipsis
853 2622 1138 2677 nobiscum
1189 2624 1258 2676 sit
1305 2640 1618 2679 commune.
1674 2626 1884 2681 Etenim

309 2725 427 2777 qua:
456 2713 735 2765 concordia
752 2712 967 2767 L'ltristo
999 2731 1116 2768 cum
1141 2715 1358 2771 Belial?
1382 2726 1475 2770 aut
1505 2734 1622 2786 qua:
1653 2736 1778 2785 pars
1815 2718 1885 2788 ﬁ-

311 2801 415 2855 deli
459 2818 577 2855 cum
615 2803 817 2871 inﬁdeli
834 2805 912 2858 “‘2
948 2805 1141 2859 Verum
1190 2823 1258 2861 ne
1291 2810 1571 2862 videantur
1600 2809 1670 2863 ob
1706 2811 1887 2864 redar-

311 2895 592 2965 gutionum
632 2896 869 2966 in0piam
905 2899 969 2950 ad
1003 2899 1278 2953 silentium
1315 2900 1633 2970 confugere,
1665 2914 1784 2967 age,
1821 2901 1887 2953 de

310 2987 379 3040 iis
410 2987 573 3041 etiam
609 3003 779 3057 pauca
823 2991 1180 3045 disseramus.
1230 2989 1398 3046 Multa
1439 3007 1626 3046 eorum
1660 3008 1781 3060 qua:
1819 2993 1886 3047 de

310 3077 422 3132 Deo
454 3080 728 3146 dicuntur,
757 3096 790 3133 o
813 3081 1064 3146 Enuomi,
1101 3082 1262 3136 simili
1309 3083 1478 3137 forma
1510 3082 1689 3138 ellerri
1734 3084 1882 3138 vide-

312 3185 453 3233 nms,
485 3180 542 3224 ut
571 3182 697 3241 puta
722 3172 1166 3242 incorruptibilis,
1195 3175 1536 3240 immortalis,
1567 3174 1873 3229 invisibilis.

310 3258 427 3314 Jatn
461 3278 587 3316 vero
615 3273 669 3318 et
703 3264 842 3317 hanc
881 3280 1064 3319 vocem
1099 3267 1363 3331 ingenitus
1417 3267 1603 3321 formae
1633 3267 1875 3336 ejusdem

312 3369 436 3408 esse
482 3356 749 3411 ducimus.
787 3358 938 3423 Quod
981 3358 1025 3411 si
1070 3359 1306 3427 quipiam
1329 3373 1394 3413 ea
1420 3374 1539 3427 quae
1573 3367 1699 3412 sunt
1738 3358 1878 3428 ejus-

313 3444 482 3511 modi,
529 3448 809 3500 nominant
866 3447 1153 3516 privativa,
1211 3449 1343 3502 nihil
1400 3452 1467 3503 ad
1516 3465 1636 3503 nos.
1690 3447 1881 3518 Neque

312 3534 456 3589 enim
513 3536 741 3590 artificia
781 3538 1031 3593 novimus
1084 3538 1394 3604 verborum,
1446 3554 1620 3608 neque
1664 3555 1757 3594 eos
1785 3540 1877 3610 qui

313 3637 582 3680 noverunt
626 3627 921 3685 imitamur.
975 3628 1173 3684 Verum
1238 3630 1610 3700 cujuscunque
1666 3631 1881 3684 tandem

313 3718 530 3788 generis
561 3720 943 3775 existimentur
981 3737 1103 3777 esse
1126 3738 1285 3777 voces
1316 3723 1558 3791 I'BIIthB,
1595 3737 1729 3792 quas
1750 3735 1884 3776 enu-

314 3811 682 3866 meravimus:
717 3811 955 3878 ejusdem
996 3815 1210 3884 generis
1256 3829 1376 3868 esse
1427 3824 1482 3868 et
1539 3813 1755 3882 ingeniti
1789 3827 1886 3881 ap-

314 3901 659 3970 pellationem
708 3905 904 3959 dicturi
951 3919 1161 3960 sumus.
1214 3904 1678 3972 Quemadmodum
1718 3904 1885 3973 igitur

314 3992 725 4062 incorruptibile
770 3995 1041 4065 signiﬁcat
1081 4012 1185 4052 non
1255 3997 1433 4051 inesse
1480 3996 1883 4065 corruptionem

1990 519 2200 585 Δείξας,
2234 520 2310 583 ὡς
2332 520 2522 581 οἴεται,
2555 521 2636 574 ὃτι
2670 520 2927 574 ἀδύνατόν
2959 522 3103 574 ἐστιν
3136 522 3349 593 ἐπινοίᾳ
3378 521 3577 575 λαϐεῖν

1986 610 2046 663 τὸ
2075 612 2388 683 ἀγέννητον,
2415 612 2631 680 ἐπάγειο

2059 792 2223 849 ΕΥΝ.
2271 792 2434 846 Ἀλλά
2477 794 2582 865 μὴν
2615 792 2737 846 οὐδὲ
2777 792 2917 846 κατά
2952 793 3234 864 στέρησιν
3267 794 3322 846 εῐ
3354 811 3417 863 γε
3455 794 3569 849 τῶν

1989 886 2129 940 κατά
2175 886 2335 955 φύσιν
2382 887 2440 939 αἱ
2484 886 2769 957 στερήσεις
2805 886 2913 939 εἰσὶ
2961 886 3276 955 περήσεις,
3319 887 3415 938 καὶ
3455 885 3569 938 τῶν

1985 974 2151 1041 ῐξεων
2183 974 2452 1045 δεύτεραι.

2058 1067 2208 1120 ΒΔΣ.
2253 1065 2443 1120 Ταῦτα
2490 1066 2566 1131 δὲ,
2615 1066 2696 1120 ὅτι
2743 1068 2808 1119 ὲκ
2856 1069 2956 1138 τῆς
2999 1066 3093 1119 τοῦ
3133 1067 3337 1138 κόσμου
3373 1067 3567 1135 σοφίας

1986 1158 2285 1230 περιλαλεῖ,
2344 1161 2433 1227 ὑφ’
2483 1153 2551 1231 ἦς
2602 1157 3068 1230 ἐκτραχηλισθεὶς,
3114 1161 3236 1222 ταῖς
3282 1161 3568 1224 τοιαύταις

1984 1250 2093 1302 τῶν
2122 1250 2295 1315 λόγων
2324 1249 2548 1303 ἐπέθετο
2577 1249 2968 1320 καινοτομίαις,
2999 1251 3059 1303 οὐ
3100 1250 3331 1321 χαλεπὸν
3360 1251 3571 1304 έπιδεῖο

1986 1341 2095 1408 ξαι.
2135 1342 2539 1414 Ἀριστοτέλους
2571 1342 2679 1414 γάρ
2699 1342 2869 1406 εἰσιν,
2902 1341 2979 1405 ὡς
3004 1343 3054 1395 οί
3084 1341 3452 1410 ἀνεγνωκότες
3489 1342 3572 1395 εῖ-

1986 1451 2137 1487 ποιεν
2160 1434 2244 1497 ἂν,
2261 1437 2317 1487 ὲν
2337 1437 2456 1498 ταῖς
2477 1433 2942 1507 ἐπιγραφομέναις
2959 1433 3123 1487 αὐτοῦ
3147 1434 3567 1502 Κατηγορίαις,

1982 1528 2031 1583 οἱ
2074 1526 2201 1596 περὶ
2242 1525 2408 1592 ἕξεως
2446 1526 2540 1579 καὶ
2586 1528 2891 1597 στερήσεως
2917 1525 3085 1594 λόγοι,
3126 1525 3383 1594 δευτέρας
3420 1522 3570 1578 εἶναι

1983 1619 2233 1688 λέγοντος
2259 1618 2366 1672 τῶν
2396 1618 2560 1685 ἕξεων
2590 1618 2689 1681 τὰς
2716 1618 3016 1688 στερήσεις.
3054 1616 3215 1686 Ἡμῖν
3249 1616 3307 1668 δὲ
3338 1617 3570 1687 ἐξήρκει

1982 1713 2219 1779 δείξασιν
2244 1710 2404 1764 αὐτὸν
2437 1711 2535 1762 οὐκ
2575 1710 2640 1762 ὲκ
2671 1709 2768 1778 τῆς
2806 1706 3150 1770 διδασκαλίας
3179 1705 3273 1759 τοῦ
3304 1706 3570 1776 Πνεύμα-

1983 1821 2097 1868 τος,
2135 1801 2248 1856 ἀλλ’
2282 1779 2352 1855 ὲκ·
2389 1800 2489 1870 τῆς
2532 1799 2721 1867 σοφίας
2764 1798 2871 1850 τῶν
2908 1798 3185 1868 ἀρχόντων
3230 1796 3323 1849 τοῦ
3366 1796 3573 1861 αἰῶνος

1982 1893 2171 1947 τούτου
2228 1890 2514 1954 λαλοῦντα,
2558 1889 2618 1942 τὸ
2646 1888 2739 1941 τοῦ
2788 1887 3004 1958 ψαλμοῦ
3051 1887 3185 1959 πρὸς
3225 1886 3388 1940 αὐτὸν
3438 1889 3572 1939 ἐπι-

1984 1985 2343 2054 φθέγξασθαι,
2371 1986 2453 2037 ὅτι
2475 1981 2849 2051 Διηγήσαντό
2871 1999 2972 2049 μοι
2996 1980 3325 2049 παράνομοι
3348 1978 3572 2033 ἀδολε-

1982 2078 2185 2145 σχίας,
2212 2077 2363 2130 ἀλλ’
2395 2077 2505 2143 οὐχ
2538 2076 2617 2139 ὡς
2640 2078 2673 2127 ό
2694 2074 2877 2142 νόμος
2909 2087 3046 2137 σου,
3075 2074 3247 2139 Κύριε
3266 2088 3281 2102 ο
3314 2071 3411 2126 καὶ
3459 2089 3574 2142 μα-

1983 2168 2196 2232 θόντας,
2232 2170 2314 2221 ὅτι
2340 2168 2440 2220 οὐκ
2474 2170 2536 2220 ἐκ
2570 2164 2677 2217 τῶν
2699 2164 3044 2234 διδαγμάτων
3087 2163 3198 2232 (61)
3232 2164 3327 2217 τεῦ
3353 2163 3573 2236 Κυρίου

1984 2260 2142 2336 ήμῶν
2180 2257 2357 2330 Ἰησοῦ
2393 2256 2628 2326 Χριστοῦ
2659 2259 2774 2310 ὲστι
2815 2255 2880 2309 τὰ
2918 2256 3214 2326 λεγόμενα,
3254 2256 3353 2325 τῆς
3394 2254 3572 2307 αὑτοῦ

1985 2352 2169 2422 φωνῆς
2214 2348 2651 2421 ὑπομνησθῆναι,
2700 2349 2783 2402 ὅτι
2813 2348 2998 2401 Ὅταν
3020 2345 3183 2415 λαλῇ
3213 2346 3280 2399 τὸ
3310 2346 3571 2414 ψεῦδος,

1981 2445 2051 2497 ἐκ
2072 2443 2191 2497 τῶν
2221 2442 2389 2496 ἰδίων
2409 2439 2611 2496 λαλεῖ·
2643 2439 2739 2493 καὶ
2764 2438 2938 2510 τούτῳ
2964 2438 3041 2509 τῷ
3067 2438 3251 2508 τρόπῳ
3277 2438 3403 2500 τοὺς
3431 2437 3577 2489 πολ-

1981 2536 2107 2599 λοὺς
2151 2534 2259 2589 τῶν
2306 2533 2479 2603 λόγων
2529 2534 2742 2594 ἑαυτοῖς
2787 2532 3105 2601 συντεμεῖν,
3140 2529 3388 2582 ἐντεῦθεν
3423 2531 3571 2583 πᾶσι

1983 2629 2293 2698 καταφανὲς
2325 2628 2674 2698 ποιήσαντας,
2699 2627 2782 2679 ὅτι
2800 2624 3025 2696 οὐδεμία
3051 2625 3181 2694 ἡμῖν
3203 2624 3336 2694 πρὸς
3364 2623 3569 2686 αὐτοὺς

1984 2722 2256 2778 κοινωνία.
2298 2720 2393 2787 Τίς
2424 2717 2535 2789 γὰρ
2570 2718 2966 2787 συμφώνησις
2991 2713 3221 2784 Χριστῷ
3262 2714 3413 2782 πρὸς
3452 2716 3569 2767 Bs-

1982 2814 2119 2879 .ilap
2138 2829 2157 2876 ;
2177 2812 2210 2880 ἢ
2240 2811 2333 2876 τις
2353 2811 2526 2879 μερίς
2552 2807 2746 2874 πιστῷ
2764 2808 2917 2878 μετὰ
2941 2807 3238 2868 ἀπίστου;
3260 2804 3375 2858 Ἵνα
3393 2804 3451 2857 δὲ
3486 2805 3569 2876 μὴ

1983 2904 2223 2975 δόξωμεν
2249 2903 2316 2956 δι’
2340 2900 2574 2973 ἀπορίαν
2603 2900 2844 2970 ἐλέγχων
2878 2901 2957 2962 είς
3003 2897 3100 2969 τὴν
3137 2895 3342 2967 σιωπὴν
3388 2912 3569 2948 κατα-

1985 2995 2227 3063 φεύγειν,
2263 2992 2416 3063 φέρε,
2445 2991 2540 3046 καὶ
2569 2991 2697 3061 περὶ
2719 2988 2920 3042 τούτων
2943 2986 3145 3059 βραχέα
3171 2984 3563 3055 διαλεχθῶμεν.

1986 3080 2185 3141 Πολλὰ,
2218 3074 2262 3132 ὦ
2296 3079 2547 3149 Εὐνόμιε,
2576 3077 2684 3131 τῶν
2724 3078 2853 3148 περὶ
2882 3075 3019 3128 Θεοῦ
3067 3074 3370 3144 λεγομένων
3415 3075 3568 3127 κατὰ

1982 3173 2074 3226 τὸν
2107 3173 2289 3243 ὅμοιον
2319 3170 2533 3242 ὁρῶμεν
2557 3169 2899 3240 ἐκφερόμενα
2926 3166 3115 3229 τύπον,
3148 3160 3257 3219 οἷον
3295 3166 3322 3217 ὁ
3350 3164 3569 3237 ἀφθαρ-

1982 3282 2094 3331 τος,
2129 3267 2156 3317 ὁ
2188 3263 2472 3325 ἀθάνατος,
2503 3263 2532 3314 ό
2559 3261 2811 3332 ἀόρατος.
2853 3259 2960 3313 Τοῦ
2993 3259 3049 3312 δὲ
3079 3257 3243 3311 αὑτοῦ
3277 3257 3447 3314 τύπου
3479 3275 3570 3310 τι-

1985 3354 2193 3425 θέμεθα
2230 3349 2367 3407 εἶναι
2392 3355 2486 3407 καὶ
2517 3353 2596 3416 τὸ,
2621 3352 2965 3422 ἀγέννητος.
3008 3351 3072 3405 Ei
3117 3350 3213 3422 μὲν
3249 3348 3342 3404 οῦν
3374 3367 3572 3422 στερη.

1985 3448 2111 3501 τικά
2151 3464 2295 3510 τινες
2338 3446 2659 3519 ὀνομάζουσι
2709 3443 2780 3498 τὰ
2808 3443 3064 3505 τοιαῦτα,
3094 3443 3155 3495 οὐ
3189 3443 3325 3514 πρὸς
3351 3445 3504 3514 ἡμᾶς
3536 3445 3568 3495 ὁ

1985 3538 2161 3606 λόγος.
2196 3536 2333 3590 Οὔτε
2362 3538 2467 3607 γὰρ
2499 3538 2656 3607 ἴσμεν
2678 3536 3018 3607 τεχνολογίας
3042 3534 3259 3601 λέξεων,
3287 3534 3413 3588 οὔτε
3433 3536 3568 3598 τοὺς

1985 3630 2191 3692 εἰδότας
2220 3629 2511 3700 ζηλοῦμεν,
2548 3629 2695 3700 Πλήν
2725 3645 2787 3697 γε
2820 3628 2884 3699 δὴ
2920 3629 3001 3681 ὅτι
3035 3623 3206 3700 οὗπερ
3233 3627 3300 3681 ἂν
3328 3627 3568 3681 τεθῶσιν

1986 3723 2042 3775 αἱ
2091 3722 2277 3775 λοιπαὶ
2324 3722 2498 3790 φωναὶ
2536 3720 2601 3784 ἃς
2652 3720 3195 3793 ἀπηριθμησάμεθα,
3247 3718 3339 3773 τοῦ
3392 3719 3566 3774 αὐτοῦ

1986 3808 2128 3866 εἶναι
2154 3814 2399 3882 φήσομεν
2425 3813 2519 3866 καὶ
2540 3813 2638 3884 τὴν
2652 3812 2767 3877 τοῦ,
2787 3811 3141 3881 ἀγεννήτου,
3164 3812 3564 3883 προσηγορίαν.

1998 3902 2087 3964 Ὣς
2113 3903 2292 3955 τοίνυν
2312 3903 2371 3955 τὸ
2395 3902 2670 3973 ἄφθαρτον
2689 3902 2751 3954 τὸ
2776 3903 2849 3973 μὴ
2873 3905 3155 3974 προσεῖναι
3179 3901 3256 3973 τῷ
3283 3902 3402 3974 Θεῷ
3433 3902 3569 3971 900—

1990 3995 2090 4069 ράν
2122 3995 2377 4067 σημαίνει
2403 4010 2416 4022 ·
2446 3995 2541 4048 καὶ
2571 3995 2633 4048 τὸ
2655 3995 2883 4067 ἀόρατον
2917 3995 2978 4049 τὸ
3005 3994 3353 4066 ὑπερϐαίνειν
3398 3994 3569 4049 αὐτὸν

392 4146 597 4204 “l’sal.
639 4162 829 4216 cxvttt,
854 4147 943 4204 85.
978 4125 985 4133 ’
1020 4148 1063 4181 ⁸⁷
1094 4148 1251 4205 Joan.
1282 4166 1399 4216 vm,
1431 4150 1524 4206 tu.
1599 4151 1710 4205 "ll
1738 4149 1945 4218 Cor.vt,
1980 4151 2067 4208 15.

316 4306 432 4371 illa,
464 4306 826 4373 indivisibilis,
877 4308 1320 4376 incorruptibilis,
1352 4309 1715 4373 immutabilis,
1751 4320 1880 4374 etc.,

319 4378 480 4432 tribui
541 4379 651 4434 Deo
693 4392 854 4445 posse
904 4382 1202 4431 secundum
1259 4390 1499 4432 nostram
1546 4380 1882 4448 concipiendi

1994 4315 2223 4370 scivisse
2261 4323 2441 4368 tttrum
2491 4315 2643 4384 seligi
2687 4314 2949 4378 deberet,
2978 4315 3049 4369 ob
3089 4314 3249 4383 idque
3277 4325 3572 4385 utramque

1993 4400 2182 4456 vocem
2215 4387 2482 4454 posuisse,
2510 4395 2567 4438 ut
2602 4401 2700 4453 pro
2729 4402 2828 4439 suo
2854 4389 3084 4456 quisque
3110 4385 3374 4440 arbitratu
3419 4387 3570 4456 lege-

317 4448 833 4523 rationemaAtqne,
867 4458 925 4501 ut
955 4449 1199 4523 En_nomii
1224 4450 1407 4523 verbis
1431 4459 1570 4523 utar,
1602 4454 1893 4523 recusabat
1916 4454 1961 4511 D
1992 4467 2094 4509 ret.
2123 4448 2422 4508 Redeamus
2468 4456 2535 4509 ad
2579 4448 2922 4514 Eunomium.
2947 4448 3241 4523 ctijus,tota
3276 4448 3572 4510 ratiocina—

317 4516 480 4572 homo
510 4518 705 4585 impius
724 4516 982 4572 decorare
1014 4519 1177 4572 Deum
1210 4536 1303 4585 per
1333 4520 1547 4587 ingeniti
1577 4521 1888 4588 appellatio.

319 4604 441 4641 nem
480 4602 544 4642 ex
577 4589 814 4641 humano
846 4588 1117 4657 cogitandi
1154 4591 1348 4651 modo;
1382 4601 1436 4641 at
1463 4604 1569 4641 non
1606 4593 1892 4649 recusabat

316 4673 440 4729 eum
465 4659 723 4712 decorare
748 4674 814 4729 ex
848 4669 1034 4729 nostra
1061 4660 1396 4726 ccncipiendi
1426 4659 1634 4729 ratione
1668 4676 1762 4728 per
1792 4677 1889 4729 ap-

318 4727 663 4795 pellationem
689 4727 1051 4791 indivisibilis,
1075 4729 1437 4790 immutabilis,
1461 4739 1567 4782 etc.
1596 4727 1674 4782 Ex
1696 4727 1890 4797 quibus

318 4798 534 4869 planum
567 4806 649 4851 est
688 4806 746 4869 et
792 4810 1156 4865 compertum,
1192 4800 1509 4865 particulam
1557 4800 1630 4869 μή
1671 4801 1892 4858 minime

318 4868 646 4935 redundare,
685 4868 792 4921 imo
825 4883 957 4920 vero
991 4869 1224 4922 maxime
1266 4868 1629 4921 necessariam
1657 4885 1799 4932 esse,
1834 4882 1893 4927 ut

319 4939 590 5007 possimus
644 4938 725 4991 sic
781 4939 1173 5005 interpretari:
1224 4940 1280 4991 in
1337 4941 1537 4992 cwteris
1582 4954 1700 4992 vero
1733 4957 1893 5007 quam

318 5008 559 5075 plurimis
580 5023 698 5062 eum
729 5024 835 5060 non
870 5017 1067 5060 recuset
1098 5008 1345 5061 humanis
1370 5008 1692 5077 intelligendi
1722 5014 1893 5065 modis

319 5078 602 5142 decorare;
630 5093 737 5147 qua
773 5078 1220 5146 interpretatione
1243 5093 1393 5132 tuens
1413 5078 1658 5131 Eunomii
1690 5082 1893 5147 optime

319 5148 667 5215 exprimitur,
705 5149 818 5215 qui,
851 5156 909 5199 ut
929 5149 1184 5209 diximus.
1213 5163 1407 5201 nomen
1433 5164 1596 5201 ttnunt
1630 5148 1768 5203 Filio
1797 5154 1895 5205 tri-

321 5216 588 5289 buereita
628 5218 936 5279 recusabat,
958 5230 1015 5270 ut
1046 5218 1263 5289 reliqua
1285 5217 1333 5271 ei
1368 5220 1496 5273 dare
1532 5233 1637 5271 non
1673 5234 1896 5274 recusa-

321 5296 426 5362 ret.
459 5284 681 5362 Necest
734 5284 1183 5362 pratereunduin'
1224 5287 1483 5362 silentio,
1508 5289 1759 5362 voculam
1793 5293 1890 5362 μή,

322 5368 379 5408 ιιι
413 5357 466 5410 in
505 5360 745 5412 editione
776 5357 1095 5420 Parisiensi.
1127 5359 1198 5411 ita
1233 5368 1288 5411 et
1323 5359 1375 5410 in
1402 5360 1641 5412 editione
1667 5357 1805 5414 Ven;
1840 5357 1895 5415 et

321 5426 376 5498 in
401 5427 551 5498 σου).
580 5438 634 5482 et
672 5430 723 5481 in
767 5427 951 5498 Regiis
991 5429 1160 5498 tribus
1195 5428 1476 5482 codicibus
1531 5430 1775 5496 reperiri.
1828 5430 1895 5484 Et

321 5496 462 5571 illud
480 5499 769 5571 adnotabo,
794 5496 891 5565 legi
926 5500 978 5552 iu
1010 5496 1143 5571 Reg.
1170 5499 1342 5571 primo
1372 5498 1659 5571 σεμνύνειν
1693 5500 1719 5552 ὲ
1752 5517 1895 5571 παρ-

320 5566 607 5641 αιτεῖσθαι.
637 5568 786 5641 _Puto
822 5581 999 5641 autem
1045 5568 1072 5619 ὲ
1112 5569 1372 5641 scriptum
1396 5566 1565 5641 fuisse
1599 5584 1696 5636 pro
1720 5571 1775 5641 ή,
1797 5566 1894 5634 uel,

322 5645 437 5698 aut,
465 5636 854 5705 librariumque
885 5637 1126 5691 indicare
1153 5638 1408 5701 voluisse,
1439 5640 1629 5692 horum
1659 5636 1892 5694 duorum

321 5705 612 5759 verborum
655 5706 882 5761 alterum
917 5707 1133 5773 quidem
1167 5706 1268 5774 legi
1297 5721 1551 5775 oportere
1580 5726 1595 5762 :
1648 5713 1744 5766 sed
1798 5726 1897 5765 ne-

1996 4526 2071 4579 tio
2106 4539 2171 4578 eo
2198 4525 2408 4578 redibat
2446 4542 2460 4577 :
2514 4525 2833 4593 Quanquam
2866 4524 3038 4580 Filius
3068 4536 3293 4580 vocatur
3320 4526 3572 4580 invisibi-

1991 4595 2080 4657 lis,
2107 4594 2453 4657 immortalis,
2486 4595 2861 4658 immutabilis,
2901 4594 3355 4662 quemadmodum
3381 4606 3439 4651 et
3466 4595 3573 4649 Pa-

1994 4677 2100 4728 ter,
2127 4673 2305 4717 tamen
2340 4664 2480 4734 Deus
2510 4679 2636 4718 vere
2661 4675 2712 4719 et
2738 4666 2957 4734 proprie
2982 4666 3087 4720 non
3125 4676 3228 4719 est.
3261 4664 3389 4720 Haec
3418 4668 3567 4719 enim

1992 4735 2214 4805 nomina
2248 4748 2353 4787 non
2394 4732 2635 4788 alliciunt
2663 4732 2854 4805 ipsam
2869 4746 3115 4789 naturam
3152 4736 3393 4789 divinam
3422 4752 3439 4789 :
3471 4737 3569 4790 sed

1993 4804 2445 4858 Deo-tribuuntur
2474 4820 2543 4859 ex
2589 4804 2826 4859 humano
2855 4805 3192 4872 concipiendi
3228 4807 3410 4859 modo.
3459 4806 3569 4859 Sed

1991 4873 2139 4927 aliud
2172 4887 2366 4927 nomen
2402 4884 2502 4935 est,
2537 4876 2679 4944 quod
2709 4876 2801 4930 Dei
2831 4885 2914 4929 est
2943 4875 3244 4943 proprium,
3271 4875 3415 4944 quod
3437 4876 3572 4930 cha-

1991 4953 2175 4996 racter
2201 4952 2281 4997 est
2311 4944 2635 5008 divinitatis,
2662 4946 2806 5013 quod
2836 4945 3008 5012 ipsam
3039 4955 3285 4999 naturam
3325 4946 3568 4999 divinam

1996 5013 2297 5077 constituit,
2334 5016 2478 5079 quod
2509 5014 2616 5068 Deo
2647 5029 2753 5067 non
2782 5014 3038 5069 tribuitur
3063 5029 3131 5068 ex
3175 5024 3362 5069 nostro
3409 5015 3571 5069 intel-

1993 5082 2194 5149 ligendi
2252 5084 2434 5146 modo,
2468 5096 2523 5136 et
2565 5093 2743 5137 tamen
2805 5085 2857 5137 id
2912 5099 3110 5138 nomen
3162 5100 3267 5138 non
3313 5088 3572 5139 convenit

1991 5152 2153 5223 Eilio,
2185 5152 2293 5205 imo
2323 5157 2486 5223 etiam
2537 5154 2773 5207 maxime
2817 5162 3112 5223 repugnat;
3168 5168 3236 5208 ex
3271 5168 3378 5223 quo
3412 5157 3471 5208 tit
3511 5165 3573 5209 ut

1993 5222 2165 5275 Filius
2200 5223 2418 5290 proprie
2451 5222 2590 5276 Deus
2625 5238 2730 5276 non
2759 5223 2850 5278 sit.
2886 5222 3017 5278 Illud
3045 5233 3224 5279 autem
3254 5222 3455 5279 numen
3486 5236 3573 5279 est

1990 5292 2053 5345 τὸ
2086 5291 2402 5361 ἀγέννητον,
2427 5292 2729 5362 ingenitum.

2066 5362 2570 5433 (GOlCodtcesduo
2595 5363 2932 5433 σκοπήσατε.
2962 5363 3165 5433 ibidem
3200 5363 3331 5418 editi
3375 5362 3573 5431 Δείξας

1993 5432 2124 5503 γάρ.
2152 5431 2356 5503 Vocula
2387 5432 2507 5503 γάρ
2530 5431 2685 5486 deest
2724 5431 2785 5503 in.
2804 5432 3059 5486 omnibus
3083 5448 3213 5503 mss.

2071 5500 2182 5571 (6i)
2225 5501 2363 5571 Edijti
2388 5511 2443 5554 et
2468 5500 2612 5568 Reg.
2645 5502 2865 5570 quintus
2909 5504 3009 5555 οὐκ
3037 5505 3103 5555 ἑκ
3128 5502 3237 5556 τῶν
3269 5500 3435 5557 θείων
3479 5505 3575 5559 καὶ

1996 5570 2265 5641 ἀληθινῶν
2287 5570 2674 5642 διδαγμάτων,
2712 5588 2817 5642 non
2842 5587 2907 5625 ex
2935 5574 3126 5627 divinis
3147 5575 3381 5642 cerisque
3408 5575 3577 5626 doru-

1998 5642 2204 5713 mentis.
2235 5641 2338 5693 Alii
2367 5656 2458 5694 sex
2488 5656 2616 5697 mss.
2649 5651 2709 5698 ut
2741 5641 2795 5695 in
2825 5652 3117 5713 contextu;
3157 5658 3258 5700 nec
3299 5642 3463 5699 aliter
3492 5645 3574 5699 le.

2002 5720 2161 5778 gerat
2193 5712 2479 5777 interpres.
