3836 6222
255 318 370 375 535

1354 324 1726 381 ADVERSUS
1762 325 2128 384 EUNOMIUM
2168 328 2297 385 LIB.
2346 327 2386 384 Ι.

3406 335 3519 407 sas

250 434 444 490 πᾶσαν
462 424 559 506 τὴν
575 433 666 489 διὰ
691 434 800 487 τῶν
820 434 1114 506 ὀφθαλμῶν
1134 437 1435 508 κατάληψιν
1451 458 1464 470 ·
1497 442 1589 494 καὶ
1608 441 1670 493 τὸ
1696 439 1838 494 eota.

1965 460 1994 495 n
2032 443 2139 498 Deo
2164 461 2177 497 :
2201 453 2255 497 et
2289 442 2576 511 invisibile,
2614 445 2879 500 excedere
2912 459 3036 500 eum
3080 461 3293 503 omnem
3336 451 3516 504 oculo-

264 543 435 597 ματον
465 525 526 579 τὸ
562 527 637 598 μὴ
670 527 936 599 ὑπάρχειν
982 528 1146 583 αὑτοῦ
1185 532 1350 602 τριχῆ
1403 530 1694 601 διαστατὴν
1742 531 1842 602 τὴν

258 616 452 671 οὐσίαν
475 633 489 647 ·
532 617 629 672 καὶ
676 618 739 672 τὸ
768 619 1036 675 ἀθάνατον
1066 622 1126 675 τὸ
1170 623 1438 694 μηδέποτε
1473 624 1716 677 διάλυσιν
1746 623 1843 677 αὑ-

258 707 340 779 τῷ
369 711 834 781 προσγενήσεσθαι
853 729 868 744 ’
899 713 1043 766 οὕτω
1063 715 1242 784 φαμὲν
1263 716 1356 769 καὶ
1380 717 1461 780 τὸ,
1489 715 1842 785 ἀγέννητον,

260 798 457 863 δηλοῦν
500 801 564 854 τὸ
594 801 849 873 γέννησιν
882 803 1031 874 αὐτῷ
1065 804 1174 876 (62)
1221 806 1294 876 μὴ
1322 809 1625 877 προσεῖναι.
1653 807 1717 860 Ei
1747 805 1846 876 μὲν

261 887 360 945 οὖν
402 892 573 970 μηδὲν
604 893 811 948 τούτων
863 897 1179 968 στερητικὸν
1223 898 1331 953 τῶν
1375 898 1684 968 ὀνομάτων,
1726 898 1846 952 οὐδὲ

260 984 461 1035 ἐκεῖνο.
516 984 578 1036 Ei
617 984 673 1037 δὲ
715 985 802 1039 ἐπ’
834 988 1057 1041 ἐκείνων
1105 988 1260 1052 δίδως
1305 990 1367 1042 τὸ
1399 990 1538 1044 κατὰ
1588 994 1847 1062 στέρησιν

259 1070 554 1139 λέγεσθαι,
605 1075 697 1127 ἐπὶ
740 1075 840 1145 τῆς
888 1076 981 1129 τοῦ
1040 1077 1337 1149 ἀγεννήτου
1386 1080 1755 1151 προσηγορίας
1784 1081 1845 1133 οὐ

263 1166 591 1233 συγχωρεῖς,
627 1165 773 1228 εἰπὲ,
804 1166 949 1230 τίνος
982 1168 1079 1233 μὲν
1119 1168 1288 1235 ἕξεως
1320 1170 1700 1243 προλαϐούσης
1729 1173 1850 1226 στέ-

267 1270 426 1325 ρησιν
473 1256 726 1326 ἐμφαίνει
763 1256 824 1309 τὸ
871 1258 1178 1330 ἄφθαρτον;
1225 1261 1343 1326 πῶς
1384 1262 1442 1316 δὲ
1486 1265 1607 1334 οὐχὶ
1634 1264 1696 1317 τὸ
1738 1265 1850 1317 ἴσον

264 1345 417 1418 αὑτῷ
457 1346 676 1400 δύναται
703 1348 765 1401 τὸ
797 1348 906 1421 (65)
957 1351 1281 1423 άγέννητον;
1321 1353 1481 1407 Ἀλλὰ
1520 1357 1651 1426 περὶ
1682 1356 1851 1427 μόνην

263 1438 470 1508 ταύτην
498 1438 594 1510 τὴν
614 1438 758 1505 λέξιν
797 1446 1135 1513 κακοτεχνεῖ,
1169 1445 1303 1498 διότι
1330 1444 1579 1499 ἐντεῦθεν
1610 1446 1759 1518 αὐτῷ
1792 1448 1850 1502 ai

264 1530 515 1601 ἀφορμαὶ
544 1531 643 1601 τῆς
685 1532 943 1596 ἀσεϐείας
976 1536 1261 1606 ἤρτηνται.
1297 1536 1414 1591 Ἵνα
1455 1536 1512 1591 δὲ
1546 1538 1719 1607 σαφὲς
1755 1539 1853 1592 αὑ-

264 1623 361 1676 τοῦ
405 1623 467 1676 τὸ
498 1623 783 1695 τέχνασμα
815 1624 1064 1696 γένηται,
1110 1626 1252 1680 οὕτω
1289 1630 1551 1699 ποιήσατε
1574 1646 1587 1659 ·
1624 1631 1717 1695 οὓς
1758 1631 1852 1684 ἐπὶ

264 1715 362 1772 τοῦ
390 1716 688 1788 ἅγεννήτου
738 1717 1009 1788 γυμνάσει
1051 1718 1279 1787 λόγους,
1314 1721 1397 1775 ὅτι
1429 1720 1553 1774 οὔτε
1586 1723 1705 1775 κατ’
1728 1723 1851 1776 ἐπί-

265 1820 416 1858 νοιαν
450 1805 796 1877 ἀνθρωπίνην
816 1849 830 1873 ,
861 1805 985 1861 οὔτε
1010 1809 1152 1862 κατὰ
1185 1810 1445 1881 στέρησιν
1479 1809 1701 1880 εὔλογόν
1733 1814 1848 1866 ἐστι
1884 1794 1924 1849 Β

153 1912 166 1924 ·
265 1896 398 1966 περὶ
436 1895 571 1949 Θεοῦ
599 1896 887 1965 λέγεσθαι,
916 1899 1139 1965 τούτους
1179 1901 1599 1972 μετενεγκόντες
1637 1904 1725 1956 ἐπ’
1758 1904 1851 1958 ἄλ-

265 1986 360 2042 λου
405 1989 552 2052 τινὸς
582 1989 691 2042 τῶν
721 1990 850 2061 περὶ
893 1989 1029 2044 Θεοῦ
1060 1991 1401 2063 λεγομένων,
1439 1996 1713 2050 σκοπεῖτε.
1750 1996 1854 2049 Εὑ-

269 2085 465 2152 ρήσετε
489 2081 598 2154 γὰρ
635 2083 850 2152 ἑκάστῳ
884 2084 1130 2156 ἀκριϐῶς
1172 2084 1603 2156 ὲφαρμόζοντας.
1642 2089 1772 2153 Καὶ,
1802 2090 1852 2142 εἰ

269 2172 527 2242 βούλεσθε
550 2212 564 2236 ,
594 2174 686 2227 ἐπὶ
720 2174 816 2228 τοῦ
855 2175 1134 2246 ἀφθάρτου
1162 2176 1332 2229 ταῦτα
1365 2176 1612 2248 λέγωμεν
1631 2219 1646 2243 ,
1683 2180 1852 2252 αὐτὴν

266 2263 436 2324 αὐτοῦ
478 2264 576 2336 τὴν
606 2265 752 2332 λέξιν
784 2270 1273 2338 μετακομίσαντες.
1316 2268 1629 2340 Ἀφθαρτον
1660 2271 1717 2325 δὲ
1767 2272 1855 2326 λέ-

265 2371 478 2430 γοντες,
508 2357 568 2410 οὐ
606 2359 726 2411 κατ’
760 2358 1002 2411 ἐπίνοιαν
1042 2356 1390 2430 ἀνθρωπίνην
1431 2359 1717 2430 σεμνύνειν
1748 2362 1855 2415 οίό-

269 2447 414 2516 μεθα
453 2448 596 2503 δεῖν·
634 2448 984 2503 ἀποτιννύναι
1035 2450 1093 2503 δὲ
1135 2449 1285 2521 αὐτῷ
1332 2451 1393 2505 τὸ
1434 2452 1653 2507 πάντων
1686 2456 1854 2523 ἀναγ-

267 2536 556 2594 καιότατον
580 2537 822 2609 ὄφλημα,
857 2539 960 2610 τὴν
991 2540 1085 2592 τοῦ
1128 2538 1267 2593 εἶναι
1293 2541 1321 2594 ὃ
1351 2543 1498 2595 ἐστιν
1527 2543 1818 2614 ὁμολογίαν
1836 2564 1852 2583 ν

266 2626 408 2681 ἀλλὰ
439 2627 549 2701 μὴν
576 2628 696 2682 οὐδὲ
722 2629 866 2684 κατὰ
903 2630 1161 2703 στέρησιν
1199 2632 1314 2704 (65)
1340 2651 1354 2665 ·
1393 2635 1448 2687 εἴ
1485 2652 1549 2704 γε
1578 2635 1688 2690 τῶν
1715 2638 1856 2691 κατὰ

270 2718 435 2787 φύσιν
463 2722 521 2774 αἱ
569 2723 854 2792 στερήσεις
892 2723 1000 2776 εἰσὶ
1047 2726 1331 2797 στερήσεις
1356 2765 1370 2790 ,
1411 2728 1509 2780 καὶ
1550 2728 1657 2781 τῶν
1690 2727 1856 2794 ἕξεων

268 2810 540 2887 δεύτεραι.
572 2813 638 2866 Τί
671 2814 871 2884 μᾶλλον
896 2816 989 2869 ἐπὶ
1018 2814 1112 2870 τοῦ
1141 2800 1438 2889 ἀγεννήτου
1463 2820 1661 2891 πρέπει
1682 2822 1857 2875 ταῦτα

268 2900 584 2971 φιλοσοφεῖν
625 2902 658 2974 ἢ
703 2905 799 2959 καὶ
836 2905 929 2958 ἐπὶ
970 2905 1065 2959 τοῦ
1110 2908 1428 2981 ἀφθάρτου,
1479 2912 1574 2963 καὶ
1605 2911 1740 2975 ὅλως
1771 2914 1854 2982 ἐφ’

269 2994 512 3066 ἑκάστης
559 2996 742 3067 φωνῆς
788 2997 888 3068 τῆς
937 2998 1081 3051 κατὰ
1110 2999 1201 3054 τὸν
1225 3000 1388 3053 αὑτὸν
1430 3000 1599 3057 τύπον
1632 3005 1859 3074 ἐκφερο-

273 3088 473 3159 μένης;
526 3088 664 3140 Ἀλλ’
709 3088 860 3143 οὐδὲν
907 3089 1015 3143 τῶν
1054 3090 1228 3144 ἄλλων
1261 3091 1409 3162 αὐτῷ
1440 3093 1576 3165 πρὸς
1604 3093 1705 3164 τὴν
1731 3094 1856 3147 ἀσέ-

1950 552 2065 590 rum
2101 537 2638 604 comprehensionem
2684 546 2778 592 :et
2824 538 3226 606 incorporeum,
3262 540 3520 594 substan-

1950 628 2079 681 tiam
2116 628 2233 694 ejus
2284 629 2420 682 trina
2475 629 2811 684 dimensione
2847 645 2952 683 non
3005 640 3299 685 constare:
3327 640 3382 689 et
3422 631 3523 683 im-

1950 721 2198 784 mortale,
2219 735 2341 773 eum
2363 720 2699 775 dissolutioni
2734 736 3010 790 nunquam
3041 722 3334 775 obnoxium
3370 722 3519 776 fore:

1946 811 2191 864 eumdem
2222 810 2287 863 ad
2327 812 2541 864 modum
2576 811 2808 866 dicimus
2837 814 3128 881 ingenitum
3149 814 3313 867 etiam
3346 814 3524 883 signi-

1950 901 2133 965 ficare,
2166 903 2572 968 generationem
2622 904 2675 956 in
2720 905 2839 972 ipso
2881 920 2986 957 non
3044 905 3242 959 inesse.
3288 905 3525 960 Proinde

1950 993 1994 1046 si
2024 992 2226 1046 nullum
2260 1007 2326 1046 ex
2362 992 2470 1048 illis
2503 994 2811 1048 nominibus
2850 995 3174 1062 privativum
3217 1005 3320 1060 est,
3349 1012 3527 1066 neque

1950 1084 2054 1139 hoc
2083 1086 2206 1138 erit.
2243 1084 2394 1151 Quod
2437 1087 2483 1140 si
2519 1086 2775 1141 concedis
2808 1087 2893 1140 illa
2936 1089 3233 1142 secundum
3267 1089 3527 1157 privatio-

1952 1190 2071 1229 nem
2101 1174 2228 1238 dici,
2262 1176 2354 1229 sed
2377 1176 2430 1228 id
2458 1175 2510 1227 in
2540 1175 2898 1243 appellatione
2929 1176 3152 1246 ingeniti
3198 1193 3302 1232 non
3329 1178 3526 1232 admito

1953 1272 2068 1317 tas:
2099 1263 2205 1324 dic,
2232 1279 2340 1331 quo
2378 1263 2560 1318 habitu
2598 1265 2759 1334 222
2797 1267 3157 1335 praecedente,
3194 1267 3528 1338 incorrupti-

1953 1357 2058 1411 bile
2089 1357 2448 1426 privationem
2482 1356 2726 1410 indicet?
2763 1366 2856 1410 aut
2898 1360 3169 1427 quomodo
3220 1361 3522 1429 ingenitum

1954 1463 2059 1503 non
2091 1449 2231 1503 idem
2266 1451 2409 1518 quod
2464 1449 2567 1503 hoc
2608 1449 2820 1503 valeat?
2847 1450 2917 1504 At
2971 1450 3117 1505 circa
3174 1452 3277 1506 hoc
3307 1450 3529 1505 verbum

1954 1539 2129 1593 solum
2177 1538 2433 1609 malignis
2466 1538 2680 1594 artibus
2711 1540 2902 1605 utitur,
2936 1540 3080 1609 quod
3109 1541 3158 1594 ei
3191 1542 3317 1596 hinc
3345 1542 3529 1611 impie-

1955 1630 2083 1685 tatis
2112 1630 2414 1700 dependent
2436 1630 2773 1685 occasiones.
2798 1631 2905 1686 Sed
2943 1632 3233 1687 artificium
3276 1632 3395 1703 ejus
3424 1648 3535 1687 ma-

1957 1723 2209 1778 nifestum
2245 1732 2303 1776 ut
2358 1725 2469 1789 fiat,
2524 1723 2595 1776 ita
2632 1722 2834 1777 facite:
2873 1739 3009 1794 quos
3059 1724 3125 1779 de
3171 1725 3412 1796 ingenito
3448 1729 3535 1780 in-

1956 1814 2117 1869 struit
2164 1828 2466 1877 sermones,
2500 1815 2644 1881 quod
2705 1828 2877 1883 neque
2934 1829 3003 1868 ex
3054 1815 3294 1870 humano
3344 1817 3532 1870 conci-

1956 1905 2138 1974 piendi
2180 1906 2356 1968 modo,
2392 1919 2568 1974 neque
2597 1919 2664 1958 ex
2696 1905 3005 1973 privatione
3037 1910 3103 1960 de
3148 1906 3259 1961 Deo
3291 1906 3399 1961 dici
3430 1920 3531 1974 par

1957 2008 2074 2064 est;
2104 1998 2204 2052 hos
2231 1997 2523 2051 translatos
2558 1997 2611 2050 in
2640 1997 2783 2051 aliud
2818 1999 3086 2068 quoddam
3117 2014 3309 2053 nomen
3349 2013 3414 2053 ex
3449 1998 3535 2054 bis

1958 2104 2078 2158 quae
2127 2090 2195 2143 de
2226 2090 2338 2143 Deo
2369 2090 2643 2153 dicuntur,
2680 2090 3045 2144 consideretis
3081 2090 3263 2144 velim.
3307 2089 3535 2145 Unicui—

1961 2194 2069 2249 que
2117 2179 2263 2233 enim
2302 2179 2513 2233 illorum
2557 2195 2784 2249 prorsus
2828 2181 3126 2235 convenire
3162 2180 3532 2249 comperietis.

1960 2271 2047 2334 Et,
2082 2271 2126 2325 si
2160 2269 2343 2336 vultis,
2378 2270 2444 2325 de
2472 2270 2869 2339 incorruptibili
2917 2271 3104 2326 eadem
3145 2272 3411 2333 dicamus,
3449 2271 3535 2326 his

1961 2362 2094 2431 ipsis
2131 2362 2326 2431 quibus
2354 2362 2521 2415 utitur
2551 2361 2731 2416 verbis
2762 2361 2867 2416 huc
2908 2362 3245 2415 transmotis.
3291 2361 3538 2414 Incorru-

1961 2452 2205 2521 ptibilem
2235 2462 2415 2507 autem
2441 2468 2566 2508 cum
2592 2453 2845 2517 dicimus,
2878 2468 2984 2509 non
3020 2455 3316 2508 secundum
3346 2453 3539 2507 huma-

1961 2560 2088 2599 num
2145 2544 2478 2613 intelligendi
2530 2544 2747 2598 modum
2793 2546 3161 2600 decorandum
3203 2557 3324 2598 esse
3369 2543 3536 2598 Deum

1961 2636 2296 2691 arbitramur
2327 2654 2341 2691 ι
2367 2637 2459 2690 sed
2499 2637 2914 2706 persolvendum
2941 2638 2991 2691 ei
3035 2637 3272 2692 debitum
3307 2636 3540 2690 maxime

1961 2728 2202 2784 omnium
2244 2730 2636 2793 necessarium,
2679 2730 3076 2784 confessionem
3123 2730 3394 2794 videlicet,
3426 2745 3537 2799 qua

1961 2835 2086 2875 eum
2131 2820 2186 2873 id
2221 2835 2345 2875 esse
2387 2822 2531 2889 quod
2566 2831 2649 2876 est
2682 2824 3040 2877 conﬂteamur
3076 2824 3208 2876 :sed
3246 2838 3419 2894 neque
3448 2838 3538 2876 se-

1962 2914 2195 2968 cundum
2253 2914 2613 2982 privationem
2656 2929 2672 2967 :
2717 2915 2984 2984 siquidem
3032 2917 3365 2983 privationes
3415 2921 3543 2969 sunt

1964 3005 2299 3074 privationes
2325 3020 2514 3060 eorum
2544 3022 2665 3076 qua:
2696 3015 2824 3061 sunt
2869 3017 3092 3072 natura,
3129 3018 3363 3077 suntque
3389 3007 3545 3061 habi-

1967 3097 2110 3151 tibus
2142 3097 2493 3166 posteriores.
2523 3097 2633 3152 Cur
2666 3099 2833 3168 magis
2875 3099 2941 3154 de
2986 3100 3227 3168 ingenito
3266 3100 3378 3152 haec
3404 3097 3545 3152 afﬁr-

270 3178 427 3233 6ειαν
462 3182 735 3250 συνεργεῖ.
760 3179 853 3232 Διὸ
884 3180 993 3234 τῶν
1021 3180 1223 3235 λοιπῶν
1259 3160 1391 3234 οὑδὲ-
1415 3160 1706 3254 μέμνηται,
1736 3184 1859 3239 καί-

1966 3200 2116 3241 mare
2156 3188 2331 3251 decet,
2369 3203 2531 3257 quam
2589 3190 2654 3243 de
2702 3189 3120 3257 incorruptibili,
3143 3201 3195 3244 et
3227 3181 3448 3242 omnino
3478 3191 3543 3244 de

271 3289 354 3327 τοι
386 3272 596 3343 μυρίων
625 3272 795 3327 ὄντων
820 3271 927 3326 τῶν
955 3273 1085 3345 περὶ
1114 3271 1249 3326 Θεοῦ
1282 3273 1612 3343 λεγομένων.

1968 3279 2208 3348 qualibet
2246 3296 2401 3345 voce,
2444 3297 2565 3350 quae
2602 3283 2795 3336 eodem
2842 3283 3003 3337 modo
3049 3282 3405 3351 proferatur?
3435 3283 3541 3337 Sed

272 3368 420 3423 aliud
478 3368 611 3422 nihil
661 3368 711 3421 ei
762 3369 830 3422 ad
884 3370 1216 3436 impietatem
1289 3371 1566 3425 conducit.
1631 3369 1814 3438 Quare
1863 3388 1933 3427 ne
1972 3376 2219 3429 meminit
2267 3377 2484 3446 quidem
2546 3376 2922 3446 reliquorum,
2991 3376 3202 3431 etiamsi
3260 3376 3544 3432 innumera

272 3463 383 3518 sint
414 3477 535 3531 qua:
566 3462 631 3517 de
671 3461 778 3516 Deo
800 3462 1074 3515 dicuntur.

345 3552 434 3607 10,
481 3554 635 3624 Ἔχει
669 3553 725 3607 δὲ
757 3552 950 3616 οὕτως.
992 3554 1087 3605 Ἐν
1124 3553 1224 3624 μὲν
1265 3552 1417 3606 οὐδέν
1453 3553 1600 3609 ἐστιν
1634 3553 1805 3625 ὄνομα
1837 3554 1866 3608 ὃ

274 3647 458 3699 πᾶσαν
490 3642 711 3715 ἐξαρκεῖ
735 3644 834 3716 τὴν
877 3642 970 3697 τοῦ
1003 3643 1138 3697 Θεοῦ
1177 3643 1339 3713 φύσιν
1382 3643 1708 3716 περιλαϐὸν,
1747 3647 1866 3697 ίκα-

275 3737 384 3803 νῶς
424 3736 770 3805 ἐξαγγεῖλαι·
811 3735 983 3819 πλείω
1026 3736 1083 3789 δὲ
1141 3737 1234 3791 καὶ
1292 3737 1512 3792 ποικίλα
1556 3741 1679 3791 κατ’
1729 3737 1865 3791 ίδίαν

274 3829 507 3883 ἕκαστον
556 3827 863 3899 σημασίαν,
898 3828 1143 3900 ἀμυδρὰν
1190 3828 1288 3900 μὲν
1321 3829 1602 3894 παντελῶς
1640 3831 1735 3884 καὶ
1774 3848 1866 3902 μι-

275 3920 571 3993 κροτάτην,
593 3920 669 3984 ὡς
698 3920 835 3990 πρὸς
862 3920 923 3973 τὸ
944 3921 1084 3987 ὅλον,
1117 3923 1253 3992 ἡμῖν
1282 3937 1347 3989 γε
1382 3922 1489 3995 μὴν
1523 3922 1865 3995 ὲξαρκοῦσαν

276 4014 378 4085 τὴν
419 4013 626 4067 ἔννοιαν
670 4011 1033 4085 συναθροίζει.
1078 4015 1167 4068 Ἐν
1213 4015 1394 4069 τοίνυν
1422 4018 1536 4079 τοῖς
1572 4016 1702 4088 περὶ
1730 4013 1865 4069 Θεοῦ

277 4107 596 4178 λεγομένοις
625 4108 877 4178 ὀνόμασι,
912 4107 982 4161 τὰ
1023 4108 1121 4177 μὲν
1152 4107 1261 4162 τῶν
1291 4109 1604 4179 προσόντων
1646 4108 1725 4180 τῷ
1748 4108 1867 4180 Θεῷ

278 4197 555 4268 δηλωτικά
586 4199 722 4262 ἐστι,
751 4197 821 4250 τὰ
845 4197 901 4251 δὲ
925 4197 986 4251 τὸ
1006 4197 1268 4262 ἐναντίον,
1293 4199 1403 4252 τῶν
1433 4198 1508 4270 μὴ
1531 4198 1862 4269 προσόντων.

293 4292 390 4344 Ἐκ
413 4290 508 4344 δύο
539 4289 650 4363 γὰρ
680 4290 886 4345 τούτων
911 4290 1076 4345 οἱονεὶ
1107 4292 1396 4362 χαρακτήρ
1431 4307 1515 4355 τις
1550 4292 1680 4361 ἡμῖν
1716 4291 1869 4359 ὲγγίη

280 4401 431 4438 νεται
456 4383 549 4438 τοῦ
571 4383 728 4450 Θεοῦ,
760 4382 824 4437 ἔκ
852 4401 912 4437 τε
944 4384 1042 4455 τῆς
1081 4383 1189 4437 τῶν
1220 4384 1676 4455 ἀπεμφαινόντων
1711 4385 1871 4456 ἀρνή-

281 4498 423 4544 σεως
445 4481 541 4533 καὶ
586 4482 655 4533 ὲκ
687 4479 787 4550 τῆς
815 4479 922 4533 τῶν
966 4480 1319 4550 ὑπαρχόντων
1367 4476 1677 4549 ὁμολογίας.
1721 4474 1867 4541 υἶον,

281 4574 412 4626 ὅταν
457 4571 731 4644 ἄφθαρτον
786 4571 1162 4643 ὀνομάζωμεν,
1211 4571 1437 4641 δυνάμει
1486 4568 1597 4641 (65)
1638 4568 1870 4638 λέγομεν

285 4667 499 4730 ἑαυτοῖς
542 4666 577 4737 ἢ
621 4668 733 4739 τοῖς
781 4664 1091 4729 ἀκούουσιν,
1127 4664 1209 4717 ὅτι
1264 4663 1358 4733 Μὴ
1403 4662 1515 4715 οἴου
1560 4660 1736 4731 φθορᾷ
1780 4660 1871 4714 τὸν

285 4758 422 4813 Θεὸν
449 4758 773 4812 ὑποκεῖσθαι
792 4774 805 4787 ·
844 4757 938 4810 καὶ
966 4757 1095 4810 ὅταν
1126 4755 1376 4825 ἀόρατον.
1420 4754 1503 4806 ὅτι
1539 4753 1629 4823 Μὴ
1669 4751 1869 4805 ὑπολά-

2035 3555 2123 3610 10.
2166 3554 2337 3610 Habet
2367 3563 2545 3609 autem
2594 3569 2655 3609 se
2700 3569 2786 3608 res
2820 3554 2925 3607 boc
2976 3553 3153 3606 modo.
3184 3550 3399 3604 Nullum
3425 3551 3547 3621 qui‘

1963 3650 2086 3706 dem
2120 3664 2314 3703 nomen
2351 3658 2436 3703 est
2473 3648 2615 3718 quod
2660 3655 2826 3701 totam
2874 3646 2970 3701 Dei
3003 3654 3251 3699 naturam
3303 3644 3546 3714 comple-

1966 3756 2115 3806 xum,
2154 3751 2237 3794 sat
2266 3755 2385 3794 eam
2425 3739 2597 3809 possit
2639 3739 2932 3794 enuntiare
2971 3753 2984 3789 :
3020 3737 3175 3805 plura
3199 3749 3330 3790 vero
3368 3745 3423 3788 et
3451 3750 3546 3789 va-

1967 3830 2068 3895 ria,
2102 3829 2313 3899 singula
2366 3829 2418 3883 in
2474 3829 2690 3897 propria
2749 3826 3186 3896 significatione,
3247 3823 3543 3878 obscuram

1968 3923 2184 3994 quidem
2233 3921 2456 3976 omnino
2484 3930 2540 3974 et
2580 3933 2843 3989 perquam
2898 3917 3171 3986 exiguam,
3200 3915 3245 3970 si
3278 3931 3398 3969 cum
3436 3924 3548 3969 toto

1967 4022 2330 4084 comparetur,
2355 4012 2508 4067 nobis
2527 4021 2706 4066 tamen
2733 4009 3108 4073 suﬁicientem,
3138 4006 3545 4078 intelligentiam

1969 4113 2288 4176 congerunt.
2325 4103 2511 4175 Itaque
2538 4104 2680 4157 inter
2725 4102 2941 4157 nomina
2976 4115 3038 4154 ea
3071 4114 3194 4169 qua:
3230 4100 3298 4153 de
3329 4100 3438 4152 Deo
3464 4099 3549 4152 αἰο-

1968 4210 2184 4266 cuntur,
2227 4198 2403 4267 aliqua
2455 4196 2760 4267 signiﬁcant
2798 4209 2918 4262 quae
2952 4192 3063 4248 Deo
3096 4193 3278 4246 insunt
3314 4206 3327 4243 :
3367 4190 3545 4257 aliqua

1969 4306 2098 4345 vero
2162 4290 2470 4345 econtrario
2514 4288 2757 4340 indicant
2803 4301 2924 4355 quae
2971 4288 3021 4339 ei
3060 4300 3168 4338 non
3225 4283 3432 4337 insunt.
3462 4281 3541 4334 Ex

1970 4383 2056 4438 his
2087 4382 2229 4437 enim
2281 4381 2510 4446 duobus,
2551 4388 2606 4434 et
2657 4393 2722 4432 ex
2773 4391 2959 4430 eorum
3010 4389 3130 4443 qua:
3201 4373 3547 4426 dissentanea

1970 4487 2095 4531 sunt
2126 4475 2433 4544 negatione,
2463 4483 2519 4526 et
2547 4487 2611 4525 ex
2642 4485 2831 4526 eorum
2865 4483 2987 4538 qua:
3032 4468 3227 4521 adsunt
3258 4464 3550 4519 confessio-

1972 4584 2061 4632 ne,
2099 4567 2246 4622 velut
2286 4565 2503 4634 quidam
2556 4563 2651 4617 Dei
2686 4564 2971 4618 character
3002 4558 3156 4613 nobis
3197 4555 3546 4627 imprimitur.

1971 4659 2217 4729 Exempli
2262 4672 2449 4724 causa,
2482 4671 2605 4711 cum
2660 4651 3129 4722 incorruptibilem
3184 4648 3547 4712 nominamus,

1972 4752 2115 4806 idem
2152 4748 2385 4804 facimus
2419 4762 2484 4801 ac
2515 4747 2557 4802 si
2588 4745 2834 4800 dicamus
2866 4754 2959 4796 aut
2996 4740 3153 4794 nobis
3182 4739 3313 4808 ipsis
3339 4745 3433 4791 aut
3456 4751 3546 4789 au-

286 4848 389 4925 σῃς
434 4849 597 4905 αὑτὸν
649 4851 717 4921 τῇ
750 4848 839 4903 διά
869 4848 978 4901 τῶν
1034 4846 1209 4917 ὄψεων
1243 4845 1492 4917 αἰσθήσει
1522 4842 1859 4915 καταλαμὸά-

1973 4841 2250 4903 dientibus
2278 4858 2293 4896 :
2325 4839 2473 4899 Cave
2501 4847 2657 4908 putes
2676 4836 2843 4891 Deum
2867 4831 3146 4902 subiacere
3174 4828 3546 4899 corruptioni:

299 5064 309 5073 -
362 5028 476 5103 (62)
508 5028 642 5103 Reg.
674 5027 878 5103 tertius
897 5026 1115 5095 γένεσιν
1147 5022 1317 5095 αὐτῷ.
1345 5022 1491 5077 Editi
1528 5030 1583 5076 et
1614 5021 1704 5074 alii
1739 5034 1871 5074 mss.

285 5097 543 5172 γέννησιν
563 5097 731 5172 αὐτῷ,

286 5120 416 5172 γενν
460 5120 543 5153 σιν
563 5120 731 5166 αυτῳ.
1696 5160 1707 5174 ⁸

286 5120 474 5296 τόμόἓ)
503 5170 643 5225 Editi
668 5168 872 5223 δύναιτ’
907 5166 972 5221 ἂν
1006 5165 1087 5219 τό.
1123 5164 1193 5219 At
1222 5178 1355 5218 mss.
1391 5170 1624 5233 quatuor
1649 5162 1875 5215 δυναται

364 5309 480 5381 (64)
505 5309 649 5364 Editi
702 5306 848 5381 κατᾲ
884 5307 985 5378 τὴν
1036 5305 1315 5381 στέρησιν.
1344 5302 1624 5381 Articulns
1657 5301 1708 5354 in
1737 5313 1871 5381 mss.

290 5369 401 5437 non
436 5370 733 5436 invenitur.
783 5369 963 5447 Neque
1007 5369 1721 5447 secundumiprivationem.
1767 5369 1877 5447 illoc

289 5465 394 5517 est,
424 5442 1289 5520 quemadmodum'nonputamus
1320 5446 1482 5498 Deum
1506 5442 1873 5520 decorandum

290 5512 415 5577 esse
444 5512 543 5591 per
568 5519 931 5591 privationem
966 5532 981 5569 :
1020 5518 1090 5569 ita
1124 5530 1228 5591 non
1264 5523 1531 5591 putamus
1557 5526 1680 5591 eum
1714 5512 1872 5591 deco-

291 5580 522 5646 randum
546 5580 668 5644 esse
697 5590 1116 5659 perhumanum
1131 5580 1750 5659 intelligendimodum.
1800 5580 1871 5632 Ea

296 5664 464 5733 igitur
492 5650 710 5733 videtur
738 5656 909 5733 fuisse
954 5670 1107 5733 m_eqs
1130 5650 1404 5733 Eunomij,
1437 5651 1595 5705 aliter
1621 5650 1873 5733 iudican-

293 5719 421 5787 d‘um
463 5743 584 5786 esse
614 5731 682 5783 de
724 5728 948 5784 vocibus
984 5723 1281 5798 ἄφθαρτος,
1309 5722 1593 5790 ἀθάνατος,
1617 5719 1869 5795 ἀόρατος,

1976 5019 2137 5074 aliter
2174 5018 2241 5073 de
2269 5031 2405 5071 voce
2424 5017 2772 5090 dvévvqreg._
2793 5012 2884 5068 llla
2918 5011 3063 5067 enim
3092 5008 3357 5090 privativa
3404 5013 3551 5075 sunt,

1977 5105 2099 5143 cum
2128 5104 2238 5157 pra:
2263 5103 2322 5141 se
2355 5086 2714 5159 privationem
2746 5086 2944 5147 ferant,
2986 5086 3384 5159 corruptionis,
3407 5092 3552 5130 mor-

1980 5161 2071 5225 tis,
2103 5150 2251 5211 v'isus
2296 5172 2312 5210 :
2355 5150 2458 5230 sed
2486 5158 2587 5230 hoc
2626 5156 2731 5210 tale
2754 5170 2860 5211 non
2897 5162 3153 5230 est,_cum
3194 5150 3548 5230 privationem

1978 5221 2084 5283 non
2117 5230 2340 5292 indicet,
2367 5228 2461 5281 sed
2493 5229 2942 5299 ipsamnaturam
2973 5221 3212 5299 divinam
3231 5221 3547 5299 constituat.

1978 5289 2372 5367 Argumentum
2412 5289 2594 5349 autem
2630 5296 2757 5367 illud
2791 5292 3041 5367 Eunomii
3070 5306 3237 5360 quam
3265 5289 3382 5344 leve
3403 5289 3552 5343 sitat

1978 5364 2157 5428 futile,
2182 5383 2249 5420 ex
2278 5367 2463 5420 Basilii
2492 5366 2672 5420 verbis
2695 5364 2927 5433 perspici
2960 5371 3153 5431 potest.

2055 5424 2169 5510 (65')
2196 5439 2349 5510 Illud,
2378 5435 2629 5510 δυνάμει,
2659 5424 2750 5504 qui
2782 5424 2854 5488 ita
2887 5424 3359 5510 interpretaretur,
3384 5424 3553 5510 (equi:

1980 5495 2262 5579 pollen'ter,
2295 5495 2435 5579 bene
2463 5495 2816 5579 quidem-rem
2850 5495 3424 5579 expressurnmputo,
3457 5495 3550 5579 sed

1980 5565 2085 5634 non
2115 5565 2327 5635 Latine.
2352 5565 2646 5646 Aliquanto
2684 5573 2827 5630 infra
2858 5565 2992 5629 mss.
3017 5565 3428 5640 nonnulli—pqae
3452 5565 3552 5635 ὰρς

1977 5651 2097 5722 χῆς.
