3836 6222
286 295 393 349 555

1707 294 1954 350 BASILII
1998 293 2215 349 MAGNI

3445 287 3571 346 536

285 414 482 458 etcum
529 403 851 457 invisibilem
884 421 896 457 :
931 403 1006 457 Ne
1047 404 1449 457 existimaveris
1478 404 1648 473 ipsum
1681 407 1868 459 oculo-

1988 406 2167 458 νεσθαι
2188 422 2203 437 ·
2242 405 2332 458 καὶ
2356 405 2483 458 ὅταν
2511 405 2798 466 ἀθάνατον,
2826 404 2908 456 ὅτι
2937 403 3160 472 Μήποτε
3186 401 3375 472 οῐηθῇς
3402 403 3573 458 θάνα-

289 513 408 551 rum
447 511 607 551 sensu
657 498 1039 565 comprehendi
1075 507 1168 550 :et
1193 513 1314 551 cum
1352 498 1732 559 immortalem,
1759 499 1868 553 Ab-

288 593 358 644 sit
388 601 442 641 ut
478 605 713 655 unquam
772 590 963 642 credas
1015 601 1244 643 mortem
1309 591 1415 644 Deo
1451 593 1698 645 accidere
1729 610 1742 643 :
1778 593 1870 645 Sic

289 680 452 748 igitur
478 689 526 732 et
559 696 678 733 cum
707 681 1021 748 ingenitum,
1063 680 1139 733 Ne.
1173 683 1456 736 arbitreris
1476 699 1542 736 ex
1569 684 1673 736 ulla
1707 700 1867 737 causa

288 783 381 825 aut
432 773 698 841 principio
743 774 1117 828 exsistentiam
1177 775 1267 830 Dei
1305 777 1628 845 dependere.
1694 777 1759 830 Et
1811 786 1869 831 ut

286 865 450 918 verbo
474 864 672 929 dicam,
702 881 765 918 ex
802 882 1130 936 unoquoque
1159 868 1352 921 borum
1389 871 1669 933 docemur,
1712 878 1770 922 ut
1803 883 1869 923 ne

288 956 342 1010 in
385 957 662 1010 indecoras
691 960 984 1012 sententias
1009 960 1314 1015 incidamus
1345 971 1479 1026 tum,
1515 979 1635 1015 cum
1662 965 1726 1015 de
1760 963 1867 1017 Deo

285 1047 563 1116 quidpiam
596 1049 916 1117 cogitamus.
950 1049 1133 1119 Itaque
1167 1061 1221 1103 ιιι
1249 1054 1580 1122 przecipuam
1617 1053 1706 1108 Dei
1743 1071 1866 1123 pro-

285 1139 568 1208 prietatem
619 1156 1032 1209 cognoscamus,
1063 1143 1200 1196 alter
1230 1143 1408 1207 alteri,
1459 1160 1580 1199 cum
1635 1146 1704 1200 de
1757 1146 1868 1200 Deo

285 1246 466 1285 sermo
509 1232 757 1293 habetur,
795 1233 1172 1289 interdicimus
1213 1250 1279 1289 ne
1323 1237 1652 1306 c0gitatione
1694 1239 1760 1291 ad
1801 1253 1863 1292 ea

285 1338 404 1391 qua:
453 1340 555 1377 non
599 1335 815 1393 oportet
855 1325 1184 1394 deferamur,
1234 1345 1300 1382 ne
1341 1345 1577 1398 unquam
1619 1331 1867 1386 homines

283 1424 476 1484 putent
518 1417 683 1469 Deum
718 1431 840 1471 esse
869 1418 1164 1488 quidquam
1196 1423 1570 1490 corruptibile,
1596 1436 1689 1479 aut
1731 1427 1864 1479 visi-

284 1506 413 1571 bile,
445 1517 538 1561 aut
573 1518 908 1579 generatum.
937 1509 1118 1576 Quare
1151 1527 1248 1578 per
1277 1513 1460 1567 omnia
1518 1516 1634 1568 ham:
1681 1518 1865 1586 prohi-

283 1598 480 1653 bitoria
511 1601 748 1664 nomina,
781 1602 896 1668 ejus
935 1604 1078 1671 quod
1110 1603 1347 1659 alienum
1377 1617 1461 1661 est
1495 1609 1554 1662 lit
1583 1610 1738 1678 quasi
1769 1626 1866 1664 ne-

283 1693 431 1761 satio
455 1694 722 1762 quadam,
757 1694 884 1749 dum
921 1696 1129 1764 singula
1189 1699 1526 1767 distinguens
1576 1717 1728 1755 mens
1772 1718 1867 1754 no-

1970 516 2061 550 τον
2096 498 2483 568 προσγίνεσθαι
2508 498 2584 568 τῷ
2612 497 2752 566 Θεῷ.
2781 496 2939 549 Οῦτω
2954 495 3016 565 δὴ
3046 495 3136 547 καὶ
3165 495 3291 547 ὅταν
3325 496 3568 565 ἀγέννη-

1969 608 2082 656 τον,
2138 593 2220 643 ὅτι
2273 591 2560 660 Μηδεμιᾶς
2611 590 2792 652 αἰτίας
2841 591 2976 658 μήτε
3027 586 3200 658 ἀρχῆς
3234 586 3465 655 ὲξῆφθαι
3495 587 3565 639 τὸ

1970 679 2110 735 εἶναι
2138 682 2230 735 τοῦ
2253 683 2388 736 Θεοῦ
2412 683 2660 754 νομίσῃς.
2692 684 2802 735 Καὶ
2825 681 2981 745 ὅλως,
3011 681 3068 745 ἐξ
3093 681 3322 732 ἑκάστου
3349 678 3565 732 τούτων

1968 774 2332 844 διδασκόμεθα
2388 775 2460 845 μὴ
2498 777 2576 836 εἰς
2632 775 2901 844 ἀπρεπεῖς
2952 771 3159 832 ἐννοίας
3186 771 3244 822 ὲν
3269 772 3389 832 ταῖς
3424 771 3564 840 περὶ

1968 865 2104 919 Θεοῦ
2149 866 2448 936 ὑπολήψεσι
2489 865 2872 918 καταπίπτειν.
2913 863 3119 916 Οὐκοῦν
3147 864 3232 914 ἵνα
3257 861 3320 914 τὸ
3342 861 3559 932 ἐξαίρε-

1966 974 2057 1008 τον
2093 957 2284 1027 ἰδίωμα
2319 957 2412 1010 τοῦ
2459 956 2594 1009 Θεοῦ
2631 956 2963 1025 ἐπιγνῶμεν,
3006 953 3424 1025 ἀπαγορεύομεν
3460 953 3559 1006 ἀλ-

1967 1047 2149 1117 λήλοις
2199 1049 2255 1100 ὲν
2287 1051 2396 1110 τοῖς
2423 1049 2552 1118 περὶ
2580 1046 2714 1100 Θεοῦ
2755 1047 2953 1114 λόγοις,
2989 1046 3062 1116 μὴ
3096 1047 3431 1115 καταφέρειν
3458 1044 3560 1107 τάς

1966 1140 2204 1204 διανοίας
2245 1141 2354 1209 (66)
2386 1144 2465 1203 εἰς
2502 1141 2536 1194 ἃ
2582 1140 2656 1211 μὴ
2691 1140 2791 1202 δεῖ,
2829 1141 2917 1193 ἵνα
2970 1140 3176 1209 μήποτε
3212 1138 3470 1206 οἰηθῶσιν
3500 1136 3560 1188 ἒν

1966 1235 2074 1287 τῶν
2107 1235 2384 1305 φθαρτῶν,
2417 1235 2448 1304 ἦ
2490 1233 2546 1286 ἓν
2584 1233 2690 1285 τῶν
2723 1231 2955 1298 ὁρατῶν,
2989 1230 3021 1300 ἢ
3056 1231 3114 1282 ἓν
3141 1230 3246 1282 τῶν
3276 1229 3563 1298 γεννητῶν

1966 1330 2055 1382 τὸν
2086 1329 2216 1382 Θεὸν
2265 1329 2529 1399 ὑπάρχειν
2579 1328 2626 1378 οἱ
2659 1325 2954 1396 ἄνθρωποι.
3001 1325 3165 1375 Ὥστε
3214 1324 3301 1376 διὰ
3349 1321 3564 1375 τούτων

1967 1438 2032 1488 γε
2075 1420 2189 1489 (67)
2246 1419 2501 1472 ἁπάντων
2550 1417 2659 1470 τῶν
2717 1415 3186 1486 ἀπηγορευμένων
3249 1416 3560 1484 ὀνομάτων,

1965 1513 2127 1566 οἱονεὶ
2158 1510 2468 1582 ἀπάρνησίς
2513 1510 2596 1574 τίς
2638 1509 2755 1560 ἐστι
2804 1506 2897 1560 τοῦ
2930 1507 3234 1576 ἀλλοτρίου,
3269 1507 3567 1576 διαρθρου-

1970 1605 2137 1676 μένης
2160 1604 2318 1674 ἡμῶν
2341 1605 2440 1672 τῆς
2473 1601 2728 1664 διανοίας,
2761 1600 2858 1654 καὶ
2886 1598 2984 1662 τὰς
3021 1601 3153 1669 περὶ
3197 1599 3308 1668 (68)
3338 1598 3449 1650 τῶν
3486 1599 3567 1670 μὴ

1969 1695 2280 1766 προσόντων
2324 1692 2473 1763 αὑτῷ
2521 1691 2818 1762 ὑπολήψεις
2883 1689 3300 1760 ἀποτιθεμένης.
3357 1691 3564 1752 Πάλιν,

284 1793 417 1849 stra,
457 1799 645 1838 eorum
671 1800 791 1854 qua:
825 1785 876 1838 in
910 1786 1019 1841 Deo
1051 1804 1154 1842 non
1181 1792 1365 1844 insunt
1392 1792 1676 1859 opiniones
1705 1793 1867 1863 223

1988 1762 2170 1853 ιγαθὸν
2211 1762 2452 1854 λέγομεν
2486 1785 2576 1836 τὸν
2607 1783 2758 1847 Θεὸν,
2797 1781 2890 1834 καὶ
2911 1781 3138 1841 δίκαιον,
3169 1783 3261 1834 καὶ
3297 1781 3562 1852 δημιουρα

285 1876 454 1930 exuit.
487 1877 650 1930 Deuin
689 1895 880 1934 rursus
925 1881 1122 1934 bonum
1171 1881 1430 1942 dicimus.
1468 1894 1521 1937 et
1568 1886 1871 1950 justuiu,et

285 1977 614 2033 creatorem,
664 1979 719 2022 et
758 1971 1019 2039 judicem,
1064 1973 1280 2041 aliaque
1306 1975 1632 2044 hujusmodi.
1667 1976 1868 2040 Quem-

289 2058 579 2112 admodum
631 2060 794 2129 igitur
835 2062 888 2115 in
937 2063 1042 2117 illis
1087 2065 1170 2118 ha:
1215 2080 1373 2119 voces
1432 2067 1868 2134 reprobationeiu

285 2151 595 2216 quamdam,
629 2167 693 2204 ac
720 2153 1154 2209 interdictionem
1182 2157 1559 2224 signiﬁcabant
1584 2161 1866 2212 notionuiu

286 2253 313 2291 a
362 2239 468 2294 Deo
515 2240 858 2297 alienarum:
896 2245 967 2297 ita
1018 2247 1105 2299 hic
1157 2248 1482 2313 positionem
1519 2258 1574 2301 et
1621 2259 1868 2302 naturam

286 2347 468 2386 eorum
517 2348 634 2401 quae
679 2338 895 2406 propria
936 2337 1028 2391 Dei
1068 2349 1214 2401 sunt,
1266 2343 1762 2412 convenienterque
1816 2346 1870 2398 in

286 2438 349 2478 eo
410 2425 841 2492 considerantur,
893 2428 1220 2498 signiﬁcant.
1284 2430 1470 2501 Itaque
1526 2449 1593 2488 ex
1643 2442 1872 2503 utroque

287 2513 700 2581 appellationum
757 2531 953 2584 genere
1023 2519 1296 2582 docemur,
1351 2533 1442 2576 aut
1515 2523 1583 2576 de
1619 2524 1701 2578 his
1751 2540 1873 2593 quae

288 2605 502 2668 adsunt,
541 2605 682 2672 quod
711 2607 890 2660 adsint
920 2624 933 2660 :
969 2619 1059 2661 aut
1094 2609 1160 2663 de
1207 2611 1292 2665 his
1335 2627 1454 2682 quae
1485 2613 1701 2676 absunt,
1729 2619 1872 2682 quod

289 2692 484 2746 absint.
517 2693 629 2748 Vox
676 2705 854 2748 autem
897 2697 1186 2764 ingenitum
1233 2714 1295 2752 ea
1354 2717 1474 2769 qua!
1525 2718 1630 2757 non
1676 2703 1872 2759 adsunt

288 2784 600 2853 signiﬁcat:
649 2787 848 2841 iudicat
903 2790 1046 2842 enim
1119 2790 1225 2843 Deo
1293 2795 1698 2858 generationem
1764 2812 1870 2850 non

288 2876 496 2929 adesse.
533 2874 645 2930 lloc
671 2887 851 2930 autem
903 2880 1019 2933 sive
1068 2881 1189 2948 quis
1237 2884 1615 2950 privationem,
1646 2887 1759 2941 sive
1793 2888 1873 2941 in-

289 2967 685 3030 terdictionem,
714 2970 828 3024 sive
855 2971 1220 3039 negationem,
1253 2974 1368 3027 sive
1399 2975 1526 3042 quid
1561 2976 1871 3046 hujusinodi

291 3059 565 3128 appellare
605 3061 854 3123 voluerit,
890 3062 1029 3114 haud
1061 3065 1471 3120 coutcndemus.
1509 3065 1662 3132 Quod
1690 3081 1868 3123 autem

291 3151 420 3204 nihil
453 3167 640 3204 eorum
677 3168 797 3220 qua:
831 3153 882 3206 in
935 3153 1043 3207 Deo
1077 3155 1260 3209 insunt
1308 3158 1583 3224 signiticet
1642 3161 1868 3229 ingeniti

289 3257 414 3305 vox,
449 3259 513 3296 ex
545 3243 656 3311 jam
695 3243 855 3299 dietis
896 3247 1032 3298 satis
1071 3247 1404 3301 declaratum
1454 3264 1574 3303 esse
1613 3262 1760 3318 puto.
1797 3254 1868 3306 At

290 3333 589 3386 substantia
626 3349 732 3388 non
778 3345 859 3389 est
907 3337 1199 3406 quidquam
1245 3354 1436 3393 eorum
1483 3356 1604 3410 quze
1635 3358 1741 3396 non
1773 3343 1870 3396 ad-

291 3431 459 3477 sunt:
487 3423 585 3477 sed
622 3434 706 3478 est
753 3424 928 3492 ipsum
982 3442 1094 3479 esse
1133 3426 1248 3492 Dei,
1298 3429 1440 3495 quod
1479 3429 1620 3482 inter
1657 3444 1721 3483 ea
1748 3445 1868 3498 qua:

294 3527 400 3568 non
419 3524 562 3578 sunt,
589 3529 968 3581 annumerare,
999 3533 1221 3571 summae
1250 3519 1498 3572 amentia:
1522 3528 1622 3573 est.
1654 3519 1866 3574 Etenim

297 3605 342 3660 si
379 3607 678 3662 substantia
727 3609 778 3661 in
825 3624 1053 3663 numero
1083 3626 1270 3665 eorum
1309 3627 1430 3680 quae
1469 3627 1573 3666 non
1611 3623 1757 3674 sunt,
1792 3613 1864 3666 lo-

293 3707 467 3762 catur,
493 3698 658 3751 multo
677 3700 852 3754 minus
870 3699 1011 3754 aliud
1040 3701 1310 3771 quidpiam
1337 3718 1522 3757 eorum
1545 3720 1664 3773 quae
1682 3705 1748 3759 de
1767 3705 1874 3759 Deo

294 3790 565 3856 dicuntur,
599 3790 779 3846 fuerit.
820 3792 1254 3849 Demonstratum
1291 3804 1375 3849 est
1428 3805 1633 3860 autem,
1664 3796 1874 3866 ingeni-

292 3883 330 3936 ti
357 3898 541 3938 vocem
565 3883 781 3938 interea
802 3901 922 3954 qua:
940 3902 1043 3940 non
1075 3887 1288 3952 adsunt,
1316 3888 1621 3954 numerari;
1649 3890 1872 3942 mendax

292 3982 375 4028 est
410 3973 573 4041 igitur
600 3975 690 4043 qui
726 3977 826 4030 hac
848 3992 975 4031 voce
1000 3979 1356 4032 substantiam
1388 3979 1677 4045 signiﬁcari
1701 3990 1872 4046 putat.

368 4067 456 4120 Η.
498 4066 569 4120 At
600 4083 729 4121 vero
762 4069 1062 4123 Eunontius
1095 4071 1299 4140 aliquid
1336 4073 1400 4125 de
1428 4071 1535 4124 Deo
1577 4074 1872 4126 secundum

296 4160 653 4230 privationem
696 4160 800 4215 dici
831 4177 974 4231 aegre
1011 4161 1212 4226 ferens,
1246 4175 1500 4232 tanquam
1530 4165 1574 4219 si
1610 4181 1696 4217 res
1726 4173 1874 4218 esset

298 4249 552 4315 absurda,
597 4251 665 4305 ad
704 4250 1096 4321 religiosiorem
1131 4252 1340 4306 scilicet
1380 4251 1709 4306 sententiam
1741 4266 1872 4305 con-

373 4429 483 4498 (66)
521 4431 794 4498 Scriptum
842 4431 896 4485 in
951 4433 1195 4500 margine
1232 4431 1365 4500 Reg.
1414 4433 1589 4500 quarti
1640 4433 1872 4496 ἐννοίας.

301 4499 497 4573 Statim
535 4502 674 4554 idem
703 4502 871 4556 codex
912 4505 1120 4573 μήποτε
1147 4499 1542 4573 οἰηθῶμενίεειΙ
1575 4503 1704 4555 illud
1736 4504 1877 4570 quod

300 4572 462 4652 paulo
487 4583 608 4640 post
631 4573 846 4641 legitur,
875 4549 934 4624 oi.r
949 4549 1249 4644 ἄνθρωποί,
1283 4549 1359 4627 ei;
1395 4575 1448 4626 in
1498 4575 1686 4628 codice
1719 4549 1878 4627 oinit-

304 4652 452 4696 llltll'.

375 4711 485 4782 (67)
520 4711 720 4782 Yocula
752 4729 816 4778 γε
848 4713 899 4765 in
933 4714 1123 4779 majori
1158 4724 1311 4781 parte
1342 4728 1474 4768 mss.
1505 4714 1678 4767 deest.

376 4783 486 4850 (68)
522 4780 679 4845 lllnd,
708 4783 929 4847 καὶτὰς
963 4784 1111 4852 περί,
1149 4780 1278 4847 ete.,
1319 4785 1384 4836 ad
1431 4786 1651 4838 verbum
1683 4785 1761 4837 sic
1796 4784 1880 4835 in-

307 4854 680 4917 terpretabere
709 4869 721 4906 :
771 4864 817 4908 et
851 4857 1062 4918 deponit
1117 4856 1385 4923 opiniones
1420 4871 1593 4908 rerum
1621 4872 1738 4924 qua’
1771 4854 1880 4908 Deo

306 4939 408 4977 non
432 4925 646 4977 adsunt.

379 4993 491 5062 (69)
520 4993 642 5046 Haec
661 4994 844 5056 verba,
877 4994 963 5057 Ὡς
982 4992 1097 5059 οὖν,
1129 5005 1259 5058 etc.,
1289 4997 1366 5049 sic
1391 4995 1588 5049 debent
1615 4995 1835 5062 intelligi
1863 5011 1876 5046 :

311 5065 768 5134 quemadmodum
809 5067 1024 5119 nomina
1059 5069 1346 5134 privativa,
1373 5067 1548 5134 qualia
1583 5079 1708 5118 sunt
1739 5066 1881 5118 indi-

306 5134 528 5196 viss'bile,
551 5133 962 5204 incorruptibile,
993 5133 1121 5198 etc.,
1159 5133 1441 5190 removent
1465 5152 1493 5188 a
1535 5137 1642 5188 Deo
1673 5137 1879 5203 cogita-

309 5206 486 5259 tiones
508 5205 770 5271 quasdam
814 5222 829 5260 :
871 5208 942 5258 ita
991 5224 1053 5260 ea
1089 5209 1304 5260 nomina
1357 5223 1477 5274 qua:
1523 5208 1881 5271 privationem

308 5291 414 5328 non
445 5275 759 5341 prwl'erunt,
790 5280 930 5343 quod
949 5293 1114 5346 genus
1139 5288 1262 5329 sunt
1297 5279 1483 5340 bonus,
1508 5278 1712 5345 justus,
1741 5293 1884 5330 crea-

309 5355 414 5403 tor,
444 5357 575 5404 etc..
605 5347 892 5412 posilivum
920 5349 1172 5412 quiddam
1208 5349 1258 5400 iu
1287 5348 1394 5400 Deo
1428 5349 1737 5402 ostendunt.

381 5414 495 5488 (70)
529 5414 667 5488 Editi
701 5417 864 5488 σχολή
901 5420 952 5486 γ’
977 5419 1062 5471 ἄν.
1107 5419 1237 5486 Reg.
1270 5419 1463 5471 tertius
1499 5417 1661 5486 σχολή
1697 5435 1762 5486 γε
1794 5416 1879 5470 ἄν.

311 5484 681 5558 CodexhColb.
713 5484 1092 5542 cuin'dnobns
1125 5484 1305 5555 [iegiis
1353 5484 1541 5558 σχολῇ.
1575 5484 1728 5541 bene.
1773 5488 1884 5540 Hoc

313 5555 446 5626 dicit
478 5555 716 5612 Basilius
749 5576 761 5610 ε
799 5559 854 5612 Si
891 5560 1192 5613 substantia
1231 5555 1444 5611 locatur
1490 5555 1636 5612 inler
1670 5573 1731 5611 ea
1763 5573 1884 5626 qute

317 5623 380 5696 in
408 5624 513 5696 Deo
543 5627 772 5692 positiva
817 5644 921 5683 non
977 5640 1104 5681 sunt
1161 5643 1176 5681 :
1242 5630 1401 5696 longe
1466 5631 1641 5681 minus
1670 5623 1884 5694 quidvis

314 5693 461 5747 aliud
486 5708 694 5761 eorum,
728 5711 846 5762 qua:
893 5698 958 5752 de
1015 5699 1122 5752 Deo
1184 5693 1567 5763 praedicantur,
1618 5693 1884 5753 loeabitnr

1970 1877 2064 1944 γὸν
2086 1917 2100 1939 ,
2131 1877 2224 1930 καὶ
2261 1876 2477 1948 κριτὴν,
2508 1877 2601 1928 καὶ
2628 1875 2764 1928 ἄλλα
2784 1875 2882 1927 ὅσα
2914 1872 3160 1928 τοιαῦτα.
3198 1875 3287 1936 Ὠς
3318 1870 3414 1926 οὖν
3445 1874 3569 1942 (69)

1970 1971 2058 2021 ἐπ’
2092 1969 2316 2022 ἐκείνων
2343 1967 2597 2038 ἀθέτησίν
2628 1983 2749 2020 τινα
2791 1967 2885 2020 καὶ
2914 1967 3284 2036 ἀπαγόρευσιν
3324 1965 3432 2017 τῶν
3467 1967 3573 2018 ἀλ-

1971 2059 2198 2131 λοτρίων
2258 2059 2352 2113 τοῦ
2403 2059 2536 2112 Θεοῦ
2603 2060 2900 2128 ἐσήμαινον
2935 2061 2992 2111 αί
3050 2060 3244 2127 φωναὶ,
3279 2058 3454 2120 οὕτως
3486 2061 3572 2110 ἐν·

1971 2155 2146 2208 ταῦθα
2201 2155 2350 2207 θέσιν
2397 2155 2489 2206 καὶ
2541 2152 2777 2221 ὓπαρξιν
2824 2153 2933 2205 τῶν
2963 2153 3176 2206 οἰκείων
3208 2153 3285 2222 τῷ
3313 2153 3432 2223 Θεῷ
3466 2155 3571 2206 καὶ

1973 2247 2294 2318 πρεπόντως
2319 2246 2446 2316 περὶ
2471 2245 2630 2298 αὑτὸν
2652 2245 3040 2315 θεωρουμένων
3065 2246 3564 2315 ἀποσημαίνουσιν.

1985 2341 2081 2392 Ἐκ
2128 2340 2306 2392 τοίνυν
2367 2338 2628 2406 ἐκατέρου
2675 2337 2770 2389 τοῦ
2825 2335 2996 2398 εἴδους
3041 2335 3149 2388 τῶν
3176 2337 3574 2407 προσηγοριῶν

1972 2431 2358 2501 διδασκόμεθα,
2389 2431 2421 2501 ἢ
2457 2431 2582 2500 περὶ
2605 2428 2713 2480 τῶν
2748 2429 3076 2500 προσόντων,
3119 2430 3200 2482 ὅτι
3245 2431 3571 2499 πρόσεστιν,

1974 2523 2005 2593 ἦ
2034 2525 2162 2595 περὶ
2213 2524 2322 2575 τῶν
2359 2524 2432 2593 μὴ
2462 2523 2806 2593 προσόντων,
2839 2522 2920 2573 ὅτι
2958 2522 3030 2592 μὴ
3075 2523 3351 2592 πρόσεστι.
3397 2521 3474 2573 Τό
3502 2537 3568 2588 γε

1977 2618 2082 2689 μὴν
2103 2617 2441 2685 ἀγέννητον
2468 2615 2574 2667 τῶν
2601 2614 2673 2683 μὴ
2705 2613 3016 2684 προσόντων
3049 2613 3166 2664 ἐστὶ
3195 2612 3564 2681 σημαντικόν

1973 2709 2124 2780 δηλοῖ
2160 2708 2266 2778 γὰρ
2289 2705 2351 2757 τὸ
2399 2704 2472 2775 μὴ
2501 2707 2783 2776 προσεῖναι
2824 2703 3077 2772 γέννησιν
3121 2702 3198 2772 τῷ
3229 2701 3364 2771 Θεῷ.
3390 2702 3570 2755 Τοῦτο

1973 2800 2029 2852 δὲ
2060 2800 2168 2852 εἴτε
2198 2796 2576 2868 ἀφαιρετικὺν,
2615 2796 2723 2848 εἴτε
2746 2795 3231 2866 ἀπαγορευτικὸνῆ
3266 2795 3571 2864 ἀρνητικώι

1973 2908 2026 2943 τι
2073 2888 2314 2942 τοιοῦτον
2348 2886 2588 2956 βούλοιτό
2642 2903 2728 2948 τις
2771 2883 3199 2955 προσαγορεύειν
3222 2925 3236 2946 ,
3265 2885 3327 2936 οὑ
3363 2884 3569 2937 διοισό-

1978 2981 2139 3053 μεθα.
2168 2980 2292 3033 ’Ότι
2338 2978 2398 3030 δὲ
2422 2979 2484 3030 οὑ
2511 2976 2618 3029 τῶν
2645 2977 3003 3046 ὑπαρχόντων
3032 2973 3108 3027 τῶ
3140 2973 3258 3044 Θεῷ
3293 2991 3568 3043 σημαντι-

1975 3072 2069 3124 κόν
2129 3074 2244 3124 ἐστι
2291 3068 2353 3122 τὸ
2388 3068 2713 3137 ἀγέννητον,
2752 3066 3064 3136 ἀρκούντως
3093 3062 3244 3135 οἶμαι
3271 3066 3569 3136 δηλοῦσθαι

1974 3165 2086 3225 τοῖς
2111 3161 2441 3233 εἰρημένοις.
2480 3161 2543 3211 'H
2566 3159 2621 3210 δὲ
2665 3159 2825 3211 οὑσία
2852 3159 2948 3226 οὑχ
2981 3157 3038 3208 ’ἐν
3067 3175 3118 3209 τι
3139 3157 3247 3209 τῶν
3280 3157 3354 3228 μὴ
3390 3175 3569 3228 προσ-

1972 3255 2142 3307 όντων
2180 3255 2348 3314 ὲστὶν,
2380 3251 2494 3304 ἀλλ’
2527 3252 2656 3304 αὑτὸ
2705 3251 2767 3304 τὸ
2811 3247 2961 3303 εῖναι
2987 3249 3081 3301 τοῦ
3123 3249 3286 3311 Θεοῦ,
3319 3251 3459 3320 ὅπερ
3507 3253 3568 3302 ὲν

1975 3351 2088 3409 τοῖς
2120 3347 2193 3417 μὴ
2229 3341 2348 3398 οὖσι
2390 3343 2750 3414 καταριθμεῖν
2803 3343 3102 3413 παρανοίας
3133 3343 3250 3395 ἐστὶ
3293 3341 3392 3410 τῆς
3418 3343 3568 3394 ἀνω-

1973 3438 2141 3490 τὰτω.
2197 3437 2257 3488 Εἰ
2288 3435 2396 3506 γάρ
2435 3438 2466 3504 ἡ
2513 3434 2672 3487 οὑσία
2713 3436 2771 3486 ὲν
2823 3436 2936 3496 τοῖς
2980 3433 3053 3504 μὴ
3099 3430 3236 3493 οὖσι,
3295 3433 3455 3503 σχολῇ
3501 3450 3570 3500 γε

1975 3527 2041 3581 ἂν
2073 3527 2183 3597 (70)
2219 3527 2345 3581 ἄλλο
2372 3544 2425 3580 τι
2459 3527 2567 3579 τῶν
2590 3525 2897 3596 λεγομένων
2927 3527 3026 3596 εἴη.
3059 3527 3336 3578 Δέδεικται
3366 3526 3424 3577 δὲ
3453 3526 3565 3594 ἄρα

1978 3617 2040 3671 τὸ
2073 3619 2363 3686 ἀγέννητον
2398 3621 2510 3680 τοῖς
2541 3617 2614 3688 μὴ
2653 3616 2914 3689 προσοῦσι
2954 3618 3382 3686 συντεταγμένον
3411 3617 3529 3686 (71)
3551 3634 3568 3648 ·

1980 3711 2120 3764 ὥστε
2148 3712 2352 3782 ψευδὴς
2387 3713 2415 3764 ό
2446 3711 2728 3781 τιθέμενος
2750 3711 2848 3781 τῆς
2877 3710 3065 3773 οὐσίας
3095 3710 3267 3780 αὐτῆς
3295 3705 3432 3762 εἶναι
3463 3711 3571 3780 τὴν

1983 3804 2166 3874 φωνὴν
2193 3805 2400 3872 ταύτην
2419 3804 2742 3875 δηλωτικήν.

2052 4063 2138 4116 Η.
2179 4065 2239 4116 '0
2267 4064 2346 4127 δὲ,
2381 4063 2456 4126 ὡς
2484 4063 2570 4116 ἐπ’
2610 4064 2795 4134 ἀτόπῳ
2819 4064 2896 4135 τῷ
2934 4063 3075 4118 κατά
3113 4065 3366 4136 στέρησίν
3399 4081 3452 4118 τι
3475 4065 3568 4118 λέ-

1978 4157 2171 4226 γεσθαι
2197 4157 2327 4228 περὶ
2373 4156 2509 4210 Θεοῦ
2553 4157 2952 4228 δυσχεραίνων,
3000 4158 3094 4210 ἐπὶ
3137 4157 3198 4210 τὸ
3249 4157 3569 4211 εὐσεϐέστε-

1979 4265 2072 4320 ρον
2099 4249 2212 4320 (72)
2246 4249 2409 4319 δῆθεν
2450 4250 2820 4320 καταφεύγει,
2845 4249 2906 4303 τὸ
2932 4252 3012 4313 εἰς
3044 4250 3214 4322 αὐτὴν
3249 4250 3348 4322 τὴν
3376 4250 3570 4303 οὐσίαν

1985 4442 2127 4486 .nter
2151 4448 2214 4487 ea
2249 4447 2369 4502 quae
2423 4435 2651 4502 positiva
2685 4445 2812 4488 sunt
2863 4433 2916 4487 in
2975 4433 3105 4487 Deo.
3161 4434 3374 4486 Etenim
3429 4435 3567 4488 nihil

1981 4519 2135 4572 a'qne
2169 4503 2416 4572 designat
2471 4505 2520 4556 in
2575 4503 2681 4557 Deo
2733 4505 3019 4572 positivum
3071 4505 3350 4572 quiddam,
3402 4515 3571 4568 atque

1981 4575 2286 4627 substantia
2322 4575 2463 4640 ipsa,
2498 4590 2660 4641 quam
2697 4578 2936 4626 omnium
2966 4575 3138 4626 basim
3168 4591 3289 4626 esse
3325 4584 3564 4627 constat.

1982 4643 2058 4697 Ex
2090 4644 2284 4709 quibus
2306 4643 2482 4710 colligi
2517 4645 2692 4704 debet,
2730 4644 3007 4705 Basilium,
3045 4655 3101 4697 ιιι
3130 4644 3264 4697 alias
3292 4660 3458 4711 same,
3490 4646 3568 4697 ita

1983 4714 2071 4766 hic
2095 4713 2453 4776 ἐλλειπτικῶς
2486 4714 2719 4780 locutum
2775 4715 2966 4777 fuisse,
3005 4715 3084 4765 sic
3128 4727 3184 4766 ut
3214 4725 3336 4780 post
3373 4730 3566 4768 vocem

1981 4784 2068 4852 εῐη
2101 4786 2453 4852 subaudiatur
2483 4786 2538 4837 ἐν
2566 4779 2704 4846 οὖσι,
2737 4787 2791 4836 in
2843 4779 3376 4852 exstantibusrquas
3429 4786 3568 4838 duas

1985 4851 2145 4907 voces
2181 4851 2401 4908 Latinas
2461 4855 2512 4907 in
2577 4857 3025 4924 interpretatione
3081 4851 3298 4923 quoque
3357 4854 3564 4908 subau-

1981 4924 2205 4976 diendas
2232 4939 2351 4975 esse
2377 4939 2589 4976 nioneo.

2056 4994 2167 5066 (71)
2196 4995 2334 5047 Editi
2359 4997 2418 5048 ὲν
2440 4997 2552 5057 τοῖς
2582 4995 2654 5065 μὴ
2684 4993 2948 5066 προσοῦσι
2981 4992 3414 5062 τεταγμένον.Αι
3433 5008 3563 5048 mss.

1983 5062 2224 5133 plerique
2260 5078 2448 5117 Omnes
2485 5077 2540 5118 ut
2567 5062 2616 5118 iii
2645 5062 2920 5118 contextu.

2057 5133 2168 5202 (72)
2203 5133 2496 5203 Inlerpres,
2522 5137 2633 5202 qui,
2660 5146 2716 5187 ut
2749 5144 2900 5199 puto,
2937 5133 3039 5187 sibi
3087 5133 3420 5201 persuadere
3453 5147 3561 5185 non

1983 5214 2217 5272 poterat,
2254 5206 2550 5272 quidquam
2583 5208 2668 5272 pie
2702 5208 2768 5256 ab
2801 5204 3064 5256 Eunomia
3106 5203 3310 5254 dictum
3369 5203 3562 5264 fuisse,

1985 5273 2086 5326 sibi
2120 5275 2269 5328 visus
2296 5286 2378 5328 est
2423 5276 2602 5345 legere.
2643 5274 2738 5326 ἐπὶ
2781 5275 2842 5326 τὸ
2887 5273 3563 5345 ἀσεϐέστερονηιιιιᾲριιὶιη

1983 5345 2149 5398 vortit
2191 5360 2205 5397 :
2240 5345 2309 5397 ad
2340 5340 2683 5410 aliudmagis
2714 5345 2869 5409 impie
2898 5346 3092 5395 dictum
3123 5340 3338 5411 refugit.
3377 5340 3484 5394 Sed
3509 5352 3568 5394 et

1984 5415 2111 5466 editi
2137 5425 2191 5466 et
2226 5431 2352 5468 mss.
2385 5417 2579 5468 habent
2611 5415 2704 5467 ἐπὶ
2729 5415 2790 5466 τὸ
2823 5413 3226 5483 εὐσεϐέστερον,
3258 5414 3329 5464 ad
3358 5413 3565 5480 aliquid

1984 5485 2152 5552 magis
2203 5485 2348 5550 pium
2403 5485 2689 5554 confugit:
2738 5487 2880 5552 quod
2915 5485 3119 5554 irouii-e
3164 5484 3370 5554 dictum
3419 5496 3562 5542 esse,

1986 5569 2146 5605 nemo
2176 5570 2282 5607 non
2307 5556 2469 5606 videt.
2511 5551 2621 5607 llue
2654 5551 2769 5622 ipso
2805 5555 2856 5607 in
2907 5555 3023 5605 loco
3051 5552 3218 5605 editio
3251 5551 3426 5604 Paris.
3467 5566 3566 5603 κα-

1983 5625 2266 5695 ταφεύγει,
2291 5626 2383 5678 καὶ
2403 5623 2571 5694 αὑτὴν
2593 5625 2687 5695 τὴν
2708 5623 2894 5695 οὐσίαν
2920 5622 3125 5676 τίθεται
3153 5622 3213 5674 τὸ
3245 5623 3564 5695 ἀγέννητον.

1987 5693 2164 5749 Editio
2205 5695 2337 5750 Ven.
2365 5692 2724 5764 καταφεύγει,
2751 5694 2827 5765 τῷ
2854 5696 3045 5765 αὑτήν,
3076 5705 3208 5758 etc.,
3247 5705 3306 5747 ut
3360 5695 3413 5746 iu
3455 5692 3569 5746 edi-
