3836 6222
282 333 383 390 857

1370 319 1741 378 ADVERSUS
1781 317 2148 375 EUNOMIUM
2189 317 2316 372 LIB.
2362 315 2402 369 1.

3424 309 3526 366 558

275 450 520 507 τίθεσθαι
547 447 608 500 τὸ
638 447 952 519 ἀγέννητον,
982 443 1075 498 καὶ
1098 445 1342 512 συνάγων
1375 440 1550 510 ἐαυτῷ
1576 439 1668 492 τὸν
1691 439 1846 508 λόγον

1974 438 2123 506 ιπείις
2151 452 2216 489 eo
2242 435 2526 496 nimirum,
2557 439 2615 485 ut
2655 433 2706 484 in
2745 433 2858 500 ipsa
2897 429 3198 483 substantia
3228 427 3526 495 ingentium

276 542 417 614 πρὸς
442 539 504 593 τὸ
523 537 838 608 κεφάλαιον,
871 533 1013 588 οὕτω
1034 534 1256 606 γράφει·

352 713 511 771 ΕΥΝ.
545 711 753 766 Οὐκοῦν
775 753 791 778 ,
825 713 872 764 εί
905 711 1041 781 μήτε
1080 711 1197 761 κατ’
1233 709 1508 771 ἐπίνοιαν,
1543 710 1678 780 μήτε
1714 708 1854 761 κατὰ

275 807 570 879 στέρησιν,
605 806 742 875 μήτε
781 807 837 856 ὲν
879 803 1033 873 μέρει
1061 799 1294 871 (ἀμερὴς
1321 799 1472 870 γὰρ),
1508 802 1645 870 μήτε
1679 801 1735 852 ὲν
1760 801 1856 854 αὐ-

275 901 357 970 τῷ
383 901 459 962 ὡς
480 898 662 970 ἕτερον
695 896 920 968 (ἁπλοῦς
943 894 1096 966 γὰρ),
1129 895 1268 966 μήτε
1310 897 1440 966 παρ’
1472 894 1632 950 αὑτὸν
1669 893 1856 964 ἓτερον

279 987 382 1062 (εἷς
406 991 514 1061 γὰρ
555 991 649 1044 καὶ
699 989 856 1061 μόνος
894 985 1245 1058 ἀγέννητος),
1291 987 1424 1040 αὐτὸ
1458 985 1524 1041 ἂν
1566 987 1652 1057 εῐη
1701 986 1856 1039 οὐσία

275 1085 596 1154 ἀγέννητος.

354 1265 502 1317 ΒΑΣ.
536 1263 748 1330 Ἥγαγε
775 1262 865 1314 τὸν
892 1259 1051 1328 λόγον
1093 1259 1179 1329 ἐφ’
1207 1259 1243 1314 ἃ
1276 1258 1554 1325 ἐϐούλετο,
1596 1259 1688 1312 καὶ
1719 1277 1856 1311 παν-

276 1355 508 1426 ταχόθεν
548 1353 610 1408 τὸ
663 1354 958 1424 ἀγέννητον
997 1352 1354 1415 ἀποσπάσας,
1401 1355 1479 1415 εἰς
1529 1353 1699 1422 αὐτὴν
1744 1351 1855 1420 (75)

285 1450 603 1520 συνήλασεν,
651 1447 728 1509 ὼς
783 1444 940 1516 ᾤετο,
974 1447 1071 1517 τὴν
1097 1447 1318 1500 ούσίανο
1378 1445 1547 1499 εἰπὼν
1594 1447 1722 1518 περὶ
1762 1446 1856 1499 τού

279 1539 419 1593 Θεοῦ
459 1538 566 1591 τῶν
607 1537 764 1599 ὅλων,
802 1537 884 1589 ὅτι
930 1537 1060 1590 αὐτὸ
1103 1538 1168 1591 ἂν
1219 1539 1303 1608 είη
1349 1539 1504 1591 οὐσία
1543 1538 1854 1608 ἀγέννητος.

292 1631 438 1700 Ἐγὼ
461 1631 517 1684 δὲ
561 1631 660 1701 τὴν
702 1628 800 1699 μὲν
850 1629 1038 1682 ούσίαν
1067 1629 1161 1683 τοῦ
1211 1629 1344 1682 Θεοῦ
1397 1629 1688 1698 ἀγέννητον
1721 1625 1860 1681 εἶναι

279 1725 377 1778 καὶ
394 1724 554 1787 αὐτὸς
587 1722 652 1776 ἂν
682 1723 867 1794 φαίην,
896 1722 956 1774 ού
991 1720 1095 1792 μὴν
1123 1721 1182 1774 τὸ
1205 1722 1497 1791 ἀγέννητον
1521 1720 1620 1791 τὴν
1648 1719 1856 1772 οὐσίαν.

1953 529 2277 591 constituat;
2306 540 2728 593 sermonemque
2769 527 2820 577 in
2857 538 3124 578 summam
3176 519 3530 586 contrahens,

1956 621 2027 674 ita
2055 621 2241 674 scribit
2268 635 2281 670 :

2027 711 2160 764 Eua.
2203 709 2370 780 Igitur
2404 709 2448 764 si
2483 722 2663 776 neque
2700 707 2996 762 secundum
3041 705 3384 775 concipiendi
3419 719 3534 760 mo-

1956 801 2106 865 dum,
2139 816 2314 869 neque
2343 799 2636 854 secundum
2679 798 3062 867 privationem,
3090 812 3266 865 neque
3295 797 3347 850 in
3381 807 3536 864 parte

1959 896 2176 962 (quippe
2207 902 2290 946 est
2337 891 2726 959 iudivisibilis),
2759 905 2932 958 neque
2961 893 3012 944 in
3045 892 3163 957 ipso
3193 889 3341 942 velut
3389 887 3534 942 aliud

1961 987 2210 1056 (simplex
2266 1000 2498 1052 namque
2550 984 2680 1050 est),
2738 998 2912 1052 neque
2965 991 3160 1051 prater
3215 996 3338 1035 eum
3391 979 3535 1034 aliud

1960 1080 2123 1150 (unus
2158 1079 2299 1132 enim
2334 1087 2418 1131 est
2450 1087 2504 1131 et
2545 1076 2691 1129 solus
2716 1075 3010 1144 ingenitus)
3043 1091 3056 1127 :
3091 1074 3191 1128 hoc
3217 1075 3388 1142 ipsum
3417 1072 3537 1126 fue-

1957 1172 2032 1225 rit
2056 1171 2240 1238 utique
2271 1169 2574 1223 sanIantia
2605 1160 2865 1236 ingenita.

2031 1263 2154 1318 Bas.
2213 1261 2470 1317 Perduxit
2521 1261 2819 1314 orationem
2875 1273 2981 1328 quo
3009 1257 3206 1323 voluit;
3240 1265 3294 1310 ct
3321 1265 3535 1325 postca-

1958 1375 2120 1429 quam
2168 1357 2441 1410 undelibet
2489 1357 2785 1425 ingenitum
2837 1355 3093 1415 extrusit,
3140 1352 3194 1405 in
3242 1351 3431 1419 ipsam,
3481 1357 3541 1402 ut.

1960 1451 2183 1520 putavit.
2234 1450 2589 1504 substantiam
2649 1447 2897 1508 intrusit,
2959 1445 3157 1514 quippe
3199 1444 3289 1512 qui
3331 1443 3396 1497 de
3431 1443 3540 1494 Deo

1957 1540 2334 1594 universorum
2391 1539 2632 1600 dixerit,
2678 1538 2820 1605 quod
2877 1535 3173 1604 ingenitum
3232 1535 3346 1603 ipsa
3392 1533 3542 1601 ingv-

1960 1633 2072 1685 nita
2101 1631 2400 1684 substantia
2444 1630 2534 1684 sit.
2587 1628 2698 1697 Ego
2748 1643 2876 1682 vero
2919 1628 3272 1681 substantiam
3318 1625 3411 1678 Dei
3460 1623 3542 1677 in-

1962 1723 2196 1789 genitam
2228 1737 2369 1778 esse.
2406 1721 2570 1774 etiam
2599 1720 2714 1787 ipse
2754 1719 3008 1782 dixerim,
3039 1733 3144 1770 non
3177 1726 3354 1771 autem
3392 1716 3542 1786 inge-

283 1820 520 1871 Ἔπειτα
552 1816 734 1887 μέντοι
755 1815 992 1884 κάκείνῳ
1017 1815 1303 1886 προσέχειν
1328 1813 1496 1879 ἄξιον,
1529 1815 1610 1867 ὃτι
1640 1815 1702 1866 τὸ
1728 1815 1863 1884 ἀμε-

1974 1815 2143 1868 nilum
2175 1827 2294 1867 esse
2323 1811 2712 1867 substantiam.
2739 1811 2942 1864 Deinde
2970 1810 3097 1864 illud
3134 1823 3348 1878 quoque
3369 1817 3543 1861 atten-

283 1910 376 1981 ρὲς
403 1908 496 1962 καὶ
523 1907 582 1960 τὸ
609 1901 833 1968 ἁπλοῦν,
859 1906 1052 1959 ταυτὸν
1093 1906 1335 1977 ὑπάρχον
1359 1905 1498 1959 κατά
1530 1907 1627 1977 τὴν
1656 1905 1863 1958 ἔννοιαν

281 1999 512 2070 (ἀμερές
539 2015 598 2051 τε
627 1998 737 2068 (74)
767 1998 875 2069 γάρ
913 2000 1029 2050 ἐστι
1055 1997 1114 2049 τὸ
1147 1997 1220 2068 μὴ
1252 2001 1316 2050 ὲκ
1359 1997 1540 2067 μερῶν
1573 1998 1865 2066 συγκείμε-

279 2108 390 2155 νον,
422 2091 516 2144 καὶ¹
549 2089 753 2142 ἁπλοῦν
784 2088 1042 2151 ὡσαύτως
1067 2089 1127 2140 τὸ
1155 2088 1227 2158 μὴ
1276 2088 1340 2140 ὲκ
1369 2087 1632 2141 πλειόνων
1653 2088 1750 2157 τὴν
1779 2087 1866 2139 σύ-

277 2197 475 2234 στασιν
521 2178 687 2250 ἕχον),
727 2172 881 2240 οὗτος
929 2177 1005 2239 ὡς
1025 2176 1351 2246 διαφέροντα
1395 2174 1473 2245 τῶ
1520 2173 1865 2243 ὑποκειμένῳ

280 2270 549 2340 διίστησιν
577 2271 670 2322 ἀπ’
695 2268 958 2337 ἀλλήλων.
993 2262 1127 2318 Εἶτα
1151 2265 1484 2336 ἀπαγορεύει
1519 2265 1593 2335 μὴ
1622 2264 1730 2317 δεῖν
1762 2281 1864 2316 κα-

273 2362 604 2434 ⁴ιεαμερίςειν
632 2362 721 2414 τὸν
755 2361 908 2422 Θεὸν,
943 2360 1079 2430 μηδὲ
1117 2359 1177 2411 τὸ
1213 2357 1312 2428 μέν
1353 2375 1405 2409 τι
1437 2356 1601 2409 αὐτοῦ
1637 2357 1868 2425 ἀγέννη-

281 2473 397 2516 τον,
423 2454 484 2507 τὸ
515 2454 571 2507 δὲ
595 2452 852 2524 γεννητὸν
895 2450 1255 2504 ὑποπτεύειν·
1306 2450 1430 2520 μηδ’
1473 2445 1539 2502 αὖ
1585 2449 1866 2516 ἐγκεῖσθαι

279 2547 361 2609 ὠς
387 2545 574 2617 ἕτερον
594 2547 650 2599 ὲν
679 2544 852 2616 ἑτέρῳ
881 2543 1120 2614 νομίζειν
1141 2540 1290 2611 αύτῴ
1316 2542 1374 2594 τὸ
1401 2541 1712 2612 ἀγέννητον.
1734 2540 1869 2593 Τού-

283 2655 396 2690 των
434 2635 492 2688 δὲ
525 2635 586 2688 τὸ
629 2634 856 2705 μάταιον
904 2633 1127 2687 ἀποκνῶ
1158 2633 1475 2702 διελέγχειν.
1525 2634 1709 2685 Ἔοικε
1757 2633 1868 2703 γάρ

285 2743 405 2790 πως
427 2724 899 2795 συνεξομοιοῦσθαι
922 2723 998 2794 τῷ
1024 2723 1464 2794 ματαιολογοὖντι
1492 2725 1519 2776 ὁ
1545 2723 1863 2790 ἀντιλέγων.

286 2817 510 2888 Διόπερ,
536 2813 710 2887 οἶμαι,
737 2818 766 2869 ὁ
804 2816 967 2885 σοφὸς
1001 2817 1289 2886 παρεγγυᾷ
1325 2813 1576 2885 Σολομὼν
1626 2815 1700 2886 μὴ
1737 2816 1870 2868 ἀπο-

287 2909 579 2979 κρίνασθαι
611 2909 722 2979 (73)
746 2909 823 2976 τῷ
857 2909 1051 2980 ἄφρονι
1079 2907 1219 2960 κατά
1249 2907 1346 2978 τὴν
1383 2907 1597 2960 ἐκείνου
1631 2907 1871 2976 ἀφροσύ-

286 3016 407 3068 νην.
447 2998 584 3062 Τοὺς
610 3000 716 3070 γὰρ
748 2997 858 3068 (76)
895 3000 1032 3069 μήτε
1065 2998 1386 3069 εἰρημένους
1417 2998 1554 3067 μήτε
1582 2996 1870 3067 λεχθέντας

288 3092 422 3146 ποτὲ
449 3091 637 3160 λόγους
660 3090 765 3143 ὑπὸ
789 3089 1052 3159 διαίρεσιν
1086 3090 1313 3160 ἢγαγεν,
1354 3087 1441 3141 ἵνα
1482 3087 1610 3161 δόξῃ
1637 3090 1695 3139 ἐν
1739 3087 1869 3139 πολ-

287 3181 402 3245 λοῖς
443 3183 557 3244 τοῖς
600 3179 1113 3251 ἀπηριθμημένοις,
1151 3177 1272 3232 καθ’
1314 3177 1410 3230 ἕνα
1452 3177 1612 3249 μόνον
1647 3179 1868 3248 τρόπον,

282 3274 506 3337 οἰκείως
538 3272 872 3344 ἐξευρίσκειν
899 3271 1191 3340 λεγόμενον
1233 3270 1295 3322 τὸ
1348 3270 1659 3342 ἀγέννητον.
1712 3271 1872 3340 Ἡμῖν

285 3366 347 3419 δὲ
396 3366 526 3428 ἴσως
571 3364 813 3426 πλείονος
863 3363 968 3414 ἔδει
1006 3363 1164 3430 λόγου
1211 3361 1346 3432 πρὸς
1377 3363 1477 3433 τὴν
1518 3361 1611 3414 τού
1646 3361 1872 3430 ψεύδους

290 3456 658 3528 παράστασιν,
696 3455 791 3508 καὶ
828 3455 965 3525 πρὸς
997 3453 1057 3506 τὸ
1080 3453 1282 3517 δεῖξαι,
1311 3453 1393 3506 ὅτι
1436 3470 1540 3524 περ
1585 3454 1683 3506 οὐκ
1715 3454 1874 3508 οὐσία

287 3548 428 3602 Θεοῦ
449 3548 508 3602 τὸ
532 3549 846 3618 ἀγέννητον,
874 3546 1034 3618 εἴπερ
1058 3547 1128 3600 τὰ
1153 3549 1210 3599 ἐν
1239 3549 1302 3616 τῇ
1331 3546 1592 3617 διαιρέσει
1621 3546 1750 3615 παρ’
1783 3548 1870 3598 αύ-

289 3640 386 3693 τοῦ
418 3639 851 3710 ἀπηριθμημένα
904 3638 978 3709 μὴ
1023 3638 1210 3706 σαφῶς
1255 3638 1628 3708 ἐξελήλεγκτο.
1657 3639 1718 3690 Ei
1765 3638 1874 3708 γὰρ

296 3731 548 3808 ἰσχυρῶς¹
579 3726 723 3802 εἶχεν
756 3734 784 3784 ὁ
823 3731 978 3799 λόγος
1021 3728 1190 3800 αὐτῷ,
1221 3730 1302 3783 ὅτι
1333 3728 1457 3783 οὔτε
1488 3732 1608 3783 κατ’
1632 3731 1872 3784 ἐπίνοιαν

291 3822 417 3876 οὔτε
469 3822 608 3876 κατὰ
659 3822 917 3893 στέρησιν
942 3821 1276 3893 λαμϐάνεται
1318 3824 1377 3876 τὸ
1405 3824 1700 3894 ἀγέννητον
1719 3865 1734 3889 ,
1763 3825 1869 3877 οὐδ’

290 3913 438 3968 οὕτω
469 3914 566 3984 μὲν
589 3913 654 3968 ἂν
678 3915 894 3978 πάντως
915 3913 1235 3968 ἀκολουθίαν
1266 3911 1378 3986 εἶχε
1397 3916 1457 3968 τὸ
1484 3917 1868 3987 συναγόμενον.

293 4005 392 4068 Τίς
414 4005 522 4075 γὰρ
551 4006 583 4075 ή
625 4005 863 4076 ἀνάγκη,
896 4005 1000 4057 ὑπὸ
1030 4005 1086 4058 ἓν
1126 4006 1232 4059 τῶν
1267 4006 1739 4078 ἀπηριθμημένων
1775 4009 1873 4079 τὴν

293 4096 623 4166 ἀγεννησιαν
676 4099 892 4161 πεσεῖν;
933 4097 1006 4148 Οὐ
1071 4095 1175 4166 μὴν
1233 4097 1348 4150 ἀλλ’
1382 4097 1566 4168 ἐπειδὴ
1611 4099 1771 4162 αὐτὸς
1801 4100 1876 4162 ὡς

294 4184 606 4252 ἀναγκαίως
632 4183 972 4254 συνημμένον
997 4187 1108 4246 τοῖς
1142 4185 1471 4254 προάγουσιν
1505 4185 1753 4254 ἐπιφέρει
1792 4184 1873 4247 τὸ,

295 4278 506 4331 Οὐκοῦν
533 4279 581 4329 εί
612 4278 721 4345 (77)
756 4278 891 4347 μήτε
932 4277 1052 4329 κατ’
1095 4278 1356 4339 ἐπίνοιαν,
1391 4278 1527 4348 μήτε
1567 4277 1710 4330 κατὰ
1755 4277 1875 4328 στέ-

299 4387 478 4440 ρησιν,
515 4371 651 4440 μήτε
707 4369 848 4422 κατὰ
887 4369 1043 4423 ἄλλον
1082 4367 1202 4422 τινὰ
1253 4368 1360 4421 τῶν
1407 4368 1878 4440 ἀπηριθμημένων

1967 1907 2093 1958 dere
2123 1917 2300 1973 operte
2355 1903 2586 1971 pretium
2636 1913 2740 1964 est,
2773 1903 2916 1970 quod
2969 1899 3302 1954 indivisihile
3332 1907 3387 1952 et
3413 1899 3542 1952 siino
3625 1933 3628 1936 .

1968 1997 2112 2064 plex,
2150 2012 2270 2064 qua:
2297 1995 2484 2049 eadem
2521 2003 2646 2048 sunt
2680 1993 2818 2046 inter
2861 2007 2919 2045 se
2947 1991 3350 2062 signiﬁcatione
3379 1989 3542 2060 (iudi-

1966 2087 2176 2141 visibile
2205 2087 2348 2140 enim
2383 2095 2464 2139 est
2489 2083 2630 2152 quod
2661 2098 2727 2137 ex
2761 2082 3005 2152 partibus
3037 2096 3142 2134 non
3173 2080 3540 2147 componitur,

1967 2189 2022 2234 et
2045 2179 2270 2245 simplex
2321 2177 2573 2231 similiter
2597 2176 2740 2245 quod
2773 2191 2803 2230 e
2837 2175 3080 2243 pluribus
3129 2189 3232 2226 non
3268 2171 3538 2242 constat);

1967 2271 2056 2324 hic
2082 2271 2233 2339 quasi
2270 2269 2485 2322 diversa
2523 2269 2633 2320 sint
2669 2266 2936 2334 subjecto,
2985 2265 3216 2318 alterum
3267 2265 3335 2318 ab
3374 2263 3544 2318 altero

1965 2374 2202 2436 separat.
2240 2364 2432 2418 Postea
2473 2373 2642 2428 vetat,
2703 2363 2869 2416 Deum
2916 2361 3082 2416 dividi
3131 2370 3406 2429 oportere,
3453 2368 3545 2413 aut

1968 2459 2129 2512 aliam
2167 2457 2335 2526 ipsius
2363 2467 2572 2525 partem
2605 2455 2926 2524 ingenitam,
2979 2453 3140 2508 aliam
3189 2453 3424 2522 genitam
3461 2468 3546 2506 sn-

1968 2549 2185 2618 spicari,
2211 2557 2306 2601 aut
2335 2563 2529 2601 rursus
2558 2547 2841 2608 arbitrari,
2874 2546 3172 2615 ingenitum
3206 2545 3258 2597 in
3290 2544 3405 2613 ipso
3431 2543 3548 2598 vel-

1969 2649 2029 2693 ut
2059 2639 2203 2692 aliud
2242 2640 2293 2692 in
2355 2639 2460 2692 alio
2523 2639 2686 2692 situm
2718 2652 2858 2694 esse.
2899 2635 3102 2690 Horum
3145 2643 3325 2689 autem
3363 2635 3546 2688 verbo-

1971 2745 2088 2783 rttm
2126 2729 2421 2782 vanitatem
2455 2729 2596 2795 piget
2653 2742 2741 2781 me
2789 2726 3097 2780 confutare.
3141 2723 3369 2778 Videtur
3401 2723 3544 2778 enim

1969 2820 2369 2890 quodaminodo
2418 2819 2614 2872 similis
2648 2819 2762 2871 ﬁeri
2800 2819 2848 2872 ei
2895 2819 2985 2886 qui
3026 2832 3161 2870 vana
3197 2817 3347 2879 dicit,
3378 2815 3424 2870 is
3454 2815 3546 2883 qui

1970 2913 2309 2968 contradicit.
2343 2910 2508 2982 224
2548 2911 2907 2981 Quapropter,
2934 2910 3143 2977 opinor,
3173 2910 3392 2977 sapiens
3456 2907 3552 2962 Sa-

1971 3005 2152 3058 lomon
2201 3003 2553 3068 admouet",
2607 3011 2659 3055 ut
2706 3017 2770 3055 ne
2806 3002 3226 3069 respondeamus
3273 3000 3547 3068 insipienti

1969 3094 2122 3164 juxta
2175 3093 2537 3162 insipientiam
2596 3091 2760 3146 illius.
2803 3092 2932 3156 Quae
2964 3091 3107 3144 enim
3161 3105 3336 3160 neque
3383 3089 3549 3154 dicta,

1975 3197 2147 3251 neque
2177 3182 2383 3250 prolata
2435 3189 2561 3234 sunt
2596 3195 2857 3249 unquam,
2890 3195 2954 3234 ea
2993 3181 3080 3234 hic
3130 3195 3240 3234 suae
3294 3180 3548 3234 divisioni

1973 3275 2222 3342 subjecit,
2257 3284 2336 3337 ut,
2370 3273 2554 3326 multis
2593 3274 2954 3338 enumeratis,
3009 3273 3253 3326 invenire
3303 3271 3554 3326 videatur

1975 3367 2272 3436 ingenitum
2326 3365 2488 3418 unico
2527 3365 2687 3417 modo
2726 3364 2942 3432 proprie
2985 3364 3112 3418 dici.
3153 3361 3319 3418 Nobis
3368 3373 3550 3416 autem

1977 3459 2202 3511 fortasse
2230 3455 2454 3525 longiori
2482 3470 2616 3524 opus
2643 3465 2788 3509 esset
2817 3455 3087 3518 oratione,
3116 3463 3173 3507 ut
3211 3453 3550 3508 mendacium

1975 3551 2372 3618 detegeremus,
2421 3547 2832 3616 ingenuumque
2885 3548 3246 3602 substantiam
3308 3545 3402 3600 Dei
3444 3558 3546 3599 nor:

1973 3655 2094 3694 esse
2117 3641 2616 3693 demoustraremus
2652 3656 2664 3690 :
2701 3638 2804 3692 nisi
2837 3653 2956 3706 quae
3000 3639 3068 3692 ab
3099 3652 3300 3706 eo‘pcr
3327 3637 3552 3691 divisio-

1974 3744 2096 3782 nem
2131 3737 2446 3782 enumerata
2479 3739 2626 3791 sunt,
2652 3729 2764 3794 jam
2816 3728 3020 3796 liquido
3068 3726 3300 3781 refutata
3347 3735 3550 3782 essent.

1973 3821 2108 3874 Nam
2139 3820 2352 3874 etiamsi
2384 3821 2488 3872 vim
2524 3821 2751 3874 haberet
2785 3821 2946 3873 allata
2981 3819 3049 3872 ab
3085 3819 3178 3873 illo
3212 3820 3373 3882 ratio,
3408 3819 3553 3887 quod

1977 3927 2150 3981 neque
2197 3926 2264 3966 ex
2322 3912 2656 3982 intelligendi
2689 3913 2868 3976 modo,
2918 3925 3095 3980 neque
3133 3925 3198 3964 ex
3257 3911 3554 3979 privatione

1975 4003 2274 4073 ingenitam
2305 4005 2569 4074 accipitur
2601 4018 2616 4056 :
2655 4005 2842 4072 utique
2868 4019 2934 4056 ne
2968 4004 3048 4058 sic
3076 4003 3290 4071 quidem
3327 4003 3378 4057 id
3411 4004 3553 4072 quod

1975 4098 2196 4167 colligit,
2223 4108 2668 4166 consequeretur.
2701 4098 2840 4164 Quid
2881 4099 3023 4152 enim
3075 4111 3295 4152 necesse
3327 4106 3412 4151 est
3451 4097 3554 4150 sub

1975 4203 2083 4241 uno
2115 4200 2556 4243 enumeratorum
2589 4191 2860 4243 contineri
2895 4189 3236 4256 ingenitum?
3270 4187 3376 4244 Sed
3419 4204 3556 4258 quo-

1977 4281 2120 4338 niam
2154 4282 2268 4348 ipse
2293 4291 2549 4350 tauquam
2593 4282 2795 4350 aliquid
2851 4281 3276 4350 przecedentibns
3306 4295 3555 4334 necessa-

1978 4371 2060 4424 rio
2089 4372 2435 4446 coujunptutu
2470 4371 2637 4425 infert
2675 4372 2802 4424 illud
2831 4387 2844 4423 :
2871 4371 3039 4439 Igitur
3067 4371 3112 4424 si
3147 4385 3326 4438 neque
3360 4381 3555 4422 secun-

293 4462 517 4531 τρόπον,
554 4460 686 4513 αὐτὸ
725 4459 789 4512 ἂν
832 4459 916 4530 εἴη
951 4459 1107 4512 οὐσία
1133 4460 1425 4529 ἀγέννητος
1449 4477 1462 4490 ο
1495 4459 1667 4522 οὕτως
1709 4461 1864 4529 ἡμεῖς

1978 4462 2102 4514 dum
2144 4462 2577 4532 intelligentiam,
2611 4477 2788 4530 neque
2839 4462 3136 4516 secundum
3169 4460 3553 4529 privationem.

297 4550 751 4621 ἀντιστρέψαντες
811 4551 1084 4620 εἴπωμεν,
1139 4550 1220 4602 ὅτι
1269 4549 1478 4601 Οὐκοῦν
1521 4549 1705 4619 ἐπειδὴ
1749 4551 1876 4602 κατ’

299 4643 540 4695 ἐπίνοιαν
579 4641 880 4712 θεωρεῖται,
930 4642 1023 4694 καὶ
1074 4640 1392 4712 στερητικόν
1435 4643 1552 4693 ἐστι
1585 4641 1645 4692 τὸ
1677 4641 1872 4709 ὄνομα,

297 4734 420 4804 ούχὶ
472 4733 631 4788 ούσία
677 4733 770 4786 τοῦ
797 4731 930 4786 Θεοῦ
974 4732 1032 4784 τὸ
1077 4733 1391 4803 ἀγέννητον.
1432 4732 1576 4794 Ἕως
1620 4731 1729 4801 γὰο
1775 4733 1875 4786 οὑκ

376 4891 420 4922 ⁸³
442 4887 603 4943 Prov.
639 4904 787 4953 xxvn,
815 4889 877 4942 4.

303 5071 450 5122 tione
481 5067 655 5122 Paris.
695 5067 875 5122 Codex
921 5065 1074 5120 Colb.
1106 5074 1161 5120 et
1189 5067 1276 5118 alii
1302 5067 1538 5136 quinque
1569 5065 1716 5135 Regii
1757 5083 1858 5120 κα-

299 5139 587 5208 ταφεύγει,
621 5139 681 5191 τὸ
708 5141 788 5200 εἰς
819 5137 986 5208 αὐτὴν
1011 5138 1107 5208 τὴν
1135 5138 1323 5190 οὐσίαν
1339 5136 1579 5190 τίθεσθαι
1603 5138 1662 5190 τὸ
1697 5137 1858 5204 ἀγέν-

301 5207 482 5279 νητον.
513 5209 860 5279 Sttppleﬁmt
895 5207 1004 5266 ἐπί,
1040 5207 1094 5259 ιιι
1132 5208 1422 5279 legnsﬂto:
1450 5209 1542 5259 ἐπὶ
1566 5208 1626 5258 τὸ
1658 5210 1738 5279 εἰς
1764 5209 1860 5259 αύ-

301 5278 401 5351 την
424 5282 539 5351 τήν.
565 5292 671 5333 etc.
702 5278 961 5351 Videlicet
995 5293 1059 5330 eo
1084 5278 1323 5351 confugit
1352 5289 1489 5351 :Aaut
1515 5279 1662 5351 illud,
1697 5278 1756 5329 τὸ
1780 5279 1860 5351 είς

302 5346 495 5420 αὑτήν,
533 5351 756 5420 iuverle.
792 5362 849 5402 ttt
879 5350 1047 5420 legas,
1072 5348 1150 5409 είς
1179 5346 1241 5420 τὸ
1268 5346 1435 5417 αὐτὴν
1465 5349 1588 5418 τήν,
1620 5359 1748 5407 etc.,
1785 5350 1861 5399 ita

302 5430 358 5471 ut
381 5418 664 5472 arbitretur
689 5418 842 5478 illud,
877 5419 1184 5486 ingenitum,
1234 5419 1400 5482 ipsam
1432 5433 1550 5470 esse
1574 5485 1579 5486 γ
1602 5421 1858 5471 substan-

305 5490 459 5542 tiam.
497 5491 705 5542 Etenim
747 5485 1025 5556 principiis
1074 5489 1184 5540 suis
1241 5488 1494 5540 insistens
1545 5485 1860 5552 Eunuutitts,

304 5573 429 5612 mox
460 5561 536 5612 ait
575 5559 724 5620 illud,
759 5560 1038 5626 ingenitus,
1072 5560 1242 5623 ipsam
1267 5571 1386 5609 esse
1413 5561 1794 5612 substanttat‘n.

374 5628 485 5698 (75)
518 5629 646 5695 Reg.
676 5638 896 5698 quartus
926 5628 1251 5690 ἀποσπάσας
1282 5627 1368 5698 ἐπέ
1398 5627 1585 5698 αὐτήν.

375 5697 489 5767 (74)
516 5700 604 5752 Sic
635 5697 762 5752 is.
796 5709 925 5750 trcs.
960 5699 1203 5751 Abest'ra
1227 5715 1253 5748 ιι
1290 5697 1537 5767 vulgatis.

373 5768 488 5840 (75)
516 5769 734 5839 Antiqui
763 5767 869 5823 duo
894 5768 1014 5823 libri
1053 5767 1125 5837 μὴ
1150 5766 1558 5836 ἀποκρίνεσθαι.

1983 4568 2156 4620 neque
2177 4556 2472 4607 secundum
2499 4554 2660 4606 alium
2690 4554 2854 4607 ullum
2876 4568 2942 4606 ex
2963 4552 3290 4606 enumeratis
3316 4551 3552 4612 modum,

1985 4644 2281 4712 ingenitqu
2328 4646 2515 4712 utique
2579 4646 2805 4713 ipsatuet
2857 4643 3019 4697 fuerit
3057 4641 3362 4699 substantia
3409 4642 3559 4710 inge-

1949 4728 1956 4734 ’
1987 4734 2099 4788 uita
2131 4756 2141 4789 :
2169 4751 2266 4789 nos
2300 4747 2680 4805 retorquentes
2702 4737 2780 4790 sic
2807 4735 3081 4789 dicamus:
3103 4733 3268 4804 lgitur
3297 4733 3554 4804 quoniam

2037 5067 2151 5138 (76)
2185 5065 2386 5120 Horum
2424 5065 2914 5138 verborumLTobq
2943 5063 3077 5136 γάρ,
3127 5073 3262 5138 βίον
3293 5062 3427 5138 ΑΙιεεο
3475 5074 3556 5118 est

1965 5134 2234 5191 sententia
2277 5156 2290 5190 :
2339 5139 2656 5189 divisionem
2719 5137 2884 5198 illam,
2925 5134 3064 5206 μήτε
3125 5134 3244 5206 κατ’
3290 5134 3554 5206 ἐπίνοιαν,

1969 5209 2103 5278 μήτε
2129 5208 2269 5262 κατὰ
2318 5206 2595 5277 στέρησιν,
2643 5206 2779 5276 μήτε
2814 5207 2871 5256 ὲν
2906 5205 3089 5276 μέρει,
3122 5205 3418 5258 Eunomius
3457 5207 3557 5257 liu—

1968 5284 2066 5343 xit,
2103 5293 2330 5348 eantque
2366 5281 2584 5348 prunus,
2609 5279 2901 5348 evulgavit.

2037 5350 2146 5421 (77)
2178 5343 2512 5421 ΙΙΙ;ι,ούκοῦν
2543 5347 2609 5421 εί,
2633 5347 2701 5396 ita
2724 5348 2975 5421 intellige
3006 5362 3018 5396 :
3060 5343 3115 5397 Si
3154 5357 3329 5409 neque
3352 5357 3551 5396 secun-

1967 5416 2090 5475 duiu
2131 5416 2378 5470 nostram
2429 5416 2754 5485 intelligendi
2803 5417 3090 5477 rationem,
3141 5427 3316 5480 neque
3364 5427 3557 5466 secun-

1976 5493 2100 5545 dutn
2135 5488 2524 5557 privationem,
2551 5500 2725 5552 neque
2757 5489 3051 5557 secundum
3082 5485 3218 5536 alios
3253 5497 3389 5557 quos
3421 5497 3558 5557 enu-

1912 5594 1916 5595 ν
1977 5553 2303 5614 meraviutus
2360 5556 2693 5624 intelligendi
2752 5557 2937 5607 tuodos
2999 5556 3288 5624 ingenitum
3317 5553 3390 5624 de
3449 5553 3556 5606 Deo

1976 5630 2207 5692 dicitur;
2231 5641 2478 5695 ,uecesse
2523 5623 2690 5678 estut
2721 5625 3014 5693 ingenitum
3047 5625 3161 5694 ipsa
3209 5623 3279 5676 sit
3315 5623 3555 5690 ingenita

1975 5700 2213 5755 essentia
2243 5696 2676 5764 substantiaque.
