3836 6222
343 312 448 364 σου

1642 310 1725 363 οδ.
1766 309 2011 364 BASILII
2050 307 2265 364 MAGNI

3495 310 3595 366 540

343 425 557 479 ratione
589 427 991 493 consideratur,
1026 435 1081 483 et
1103 427 1430 499 privativum
1461 444 1654 485 nomen
1676 440 1780 497 est,
1815 447 1914 486 non

2028 432 2241 502 ἐλέγχει
2290 432 2358 486 τὰ
2410 432 2692 504 εἰρημένα,
2741 431 2861 486 οὐδὲ
2898 433 3017 496 ταῖς
3045 432 3371 504 πραιάσεσιν
3403 430 3597 484 ἑαυτοῦ

340 524 425 570 est
475 518 781 572 substantia
829 520 924 574 Dei
985 520 1309 588 ingenitum.
1347 519 1596 587 Quandiu
1626 523 1771 578 enim
1807 537 1928 592 qua:

343 607 499 663 nobis
514 609 651 663 dicta
681 620 805 664 sunt
824 625 932 665 non
962 610 1182 677 refutat,
1207 627 1306 667 nec
1331 613 1443 667 suis
1472 616 1926 684 propositiOuibus

340 702 510 757 robur
528 702 697 768 addit,
731 703 782 758 id
819 705 962 775 quod
987 705 1213 774 colligit,
1253 707 1454 762 nullum
1479 708 1653 763 locum
1688 712 1922 765 habebit.

415 791 499 846 12.
561 792 616 847 ln
664 808 918 862 summa,
973 799 1115 867 quod
1178 807 1332 867 putat
1369 813 1428 853 se
1463 800 1578 864 Dei,
1628 801 1719 870 qui
1761 816 1927 871 super

341 904 523 959 omnia
566 914 671 973 est,
716 900 1078 963 substantiam
1131 910 1303 980 ipsam
1364 912 1730 981 adinvenisse,
1759 930 1925 984 quan-

344 1004 411 1047 tm
441 997 707 1063 superbiae
729 1008 992 1070 est‘atque
1014 999 1266 1055 elationis
1289 1002 1302 1054 !
1334 1000 1470 1057 Fere
1500 1004 1641 1058 enim
1662 1005 1924 1074 jactantia

340 1096 604 1154 superant
632 1088 715 1141 vel
754 1090 904 1144 illum
966 1092 1166 1161 ipsum,
1219 1095 1310 1162 qui
1360 1094 1539 1149 dixit:
1576 1094 1749 1165 Super
1777 1109 1923 1151 astra

339 1190 528 1241 ponam
552 1178 725 1231 sedem
753 1196 917 1233 meam
941 1181 986 1213 ⁷⁸
1014 1199 1027 1234 :
1057 1183 1147 1251 qui
1183 1184 1391 1237 scilicet
1419 1199 1524 1238 non
1560 1195 1747 1240 contra
1780 1186 1914 1241 stel-

340 1263 421 1319 las
441 1269 745 1323 autcmlum
768 1271 1072 1342 insurgant,
1100 1275 1193 1329 sed
1220 1275 1389 1344 ipsam
1422 1275 1513 1331 Dei
1542 1278 1920 1332 universormn

341 1356 701 1414 substantiam
754 1364 1050 1431 pervadere
1083 1381 1141 1421 se
1173 1367 1497 1435 glorientur.
1533 1368 1925 1425 Percontemur

340 1457 522 1503 autem
554 1466 699 1517 eum,
722 1455 988 1509 undenam
1023 1459 1504 1527 connprehendisse
1528 1475 1589 1515 se
1614 1475 1731 1516 eam
1756 1462 1920 1516 dicat.

341 1538 423 1593 Ex
446 1544 794 1598 communine
818 1547 1073 1601 notione?
1095 1549 1289 1603 Athmc
1314 1548 1479 1603 Deum
1498 1564 1641 1615 esse,
1667 1567 1772 1605 non
1794 1553 1921 1621 quid

341 1630 434 1694 sit,
459 1646 556 1685 nos
586 1634 857 1689 admonet.
901 1636 984 1690 An
1042 1652 1107 1692 ex
1150 1639 1398 1693 doctrina
1439 1638 1709 1709 Spiritus?
1740 1642 1918 1708 Quali,

339 1727 433 1772 aut
469 1721 558 1775 ubi
607 1723 841 1777 tradita?
877 1725 1065 1781 Nonne
1092 1741 1315 1796 magnus
1358 1730 1446 1786 ille
1498 1732 1668 1789 David
1707 1736 1793 1789 cui
1829 1750 1921 1789 oc-

341 1810 490 1864 culta
515 1813 938 1886 absconditaque
974 1833 1085 1873 sua:
1114 1822 1392 1889 sapientia:
1427 1823 1568 1878 Deus
1594 1825 1917 1880 manifesta~

337 1904 436 1967 vit,
470 1904 646 1972 palam
696 1909 990 1963 conﬁtetur
1019 1911 1351 1967 inaccessam
1386 1929 1504 1969 esse
1536 1915 1628 1970 Dei
1653 1918 1919 1984 cognitio-

337 2004 486 2057 nem,
525 2008 645 2047 cum
678 1995 810 2051 dicit
844 2014 860 2051 :
894 1997 1153 2054 Mirabilis
1194 2003 1339 2070 facta
1378 2015 1453 2058 est
1480 2007 1696 2060 scientia
1720 2018 1810 2061 tua
1855 2025 1919 2062 ea:

336 2099 439 2146 me,
477 2085 774 2153 confortata
824 2091 939 2158 esti;
997 2107 1121 2144 num
1154 2103 1337 2160 potero
1369 2097 1438 2148 ad
1483 2098 1705 2151 eant“?
1748 2097 1919 2154 Isaias

336 2182 519 2226 autem
554 2175 680 2227 dum
714 2177 1052 2244 majestatem
1092 2181 1187 2235 Dei
1229 2183 1625 2252 specularetur,
1654 2188 1782 2255 quid
1818 2203 1916 2242 no-

336 2262 422 2317 bis
448 2266 515 2337 de
543 2266 724 2321 divina
779 2270 1077 2326 substantia
1106 2273 1400 2327 declaravit
1433 2276 1458 2328 ἲ
1510 2277 1598 2345 qui
1634 2278 1915 2347 proferens

336 2356 404 2410 de
435 2356 655 2412 Christo
691 2362 1026 2427 vaticinium,
1058 2373 1291 2419 testatur
1319 2368 1401 2421 his
1425 2370 1608 2424 verbis
1642 2387 1657 2424 :
1684 2368 1917 2425 Genera~

336 2447 536 2501 tionem
573 2449 687 2517 ejus
719 2451 835 2519 quis
862 2454 1129 2506 enarralrit
1147 2455 1230 2507 τί
1258 2456 1396 2521 Quid
1421 2472 1550 2512 vero
1578 2474 1671 2513 vas
1693 2461 1916 2518 electio-

339 2540 426 2593 nis
457 2540 676 2605 Paulus,
712 2544 804 2611 qui
842 2543 1148 2613 loquentem
1184 2546 1239 2601 in
1276 2563 1336 2602 se
1362 2549 1911 2617 habebatChristum,

334 2633 428 2701 qui
463 2632 529 2685 ad
563 2633 781 2687 tertium
811 2649 983 2705 usque
1027 2638 1223 2692 ctutum
1260 2651 1443 2707 raptus
1472 2652 1573 2706 est,
1600 2644 1689 2711 qui
1721 2660 1912 2700 arcana

334 2721 541 2775 audivit
589 2723 770 2787 verba,
798 2739 919 2795 quae
976 2741 1081 2782 non
1138 2728 1263 2783 licet
1293 2731 1496 2785 homini
1523 2733 1666 2802 loqui
1697 2752 1711 2800 ;
1746 2752 1912 2805 quam

334 2811 493 2865 nobis
517 2812 581 2866 de
615 2814 914 2869 substantia
946 2815 1040 2871 Dei
1092 2812 1395 2873 doctrinam
1437 2822 1694 2892 reliquit?
1729 2825 1826 2880 Hic
1846 2827 1913 2881 ad

334 2904 695 2972 particulares
747 2908 1100 2976 providentiae
1138 2911 1376 2966 rationes
1405 2929 1527 2967 cum
1565 2918 1912 2986 respexisset,

335 2996 483 3049 velut
512 2999 780 3067 vertigine
812 2999 1070 3057 laborans
1089 3013 1312 3072 prepter
1346 3005 1761 3075 insnperahilem
1791 3024 1915 3063 con-

339 3089 634 3158 templandi
673 3091 1069 3158 diﬂicultatem,
1096 3097 1250 3163 quasi
1278 3096 1520 3153 clamans
1559 3114 1744 3154 vocem
1768 3100 1909 3154 illam

335 3180 517 3234 emisit
547 3198 561 3234 :
605 3180 651 3236 0
682 3183 914 3237 altitudo
952 3185 1256 3240 divitiarum
1294 3199 1340 3241 et
1370 3190 1642 3257 sapientia:
1663 3202 1710 3244 et
1733 3192 1914 3262 cogni-

334 3268 494 3322 tionis
530 3269 667 3323 Dei:
699 3287 857 3340 quam
895 3274 1263 3330 inscrutabilia
1303 3290 1423 3331 sunt
1448 3279 1660 3347 judicia
1702 3281 1835 3349 ejus,
1864 3291 1913 3336 et

332 3359 834 3431 impertesligabiles
860 3364 957 3418 uia:
995 3365 1110 3435 ejus
1135 3366 1217 3422 ⁷⁸1
1265 3367 1417 3434 Quod
1465 3371 1509 3424 si
1546 3371 1661 3427 haac
1695 3373 1770 3426 illi
1814 3375 1913 3444 ipsi

333 3452 427 3520 qui
479 3452 545 3527 ad
593 3468 899 3507 mensuram
955 3457 1279 3527 cognitionis
1325 3458 1914 3530 Pauli'pervenerunt,

334 3543 555 3611 assequi
590 3558 697 3597 non
747 3555 1008 3614 possunt;
1059 3558 1260 3615 quanta
1303 3558 1387 3605 est
1422 3553 1671 3619 superbia
1702 3567 1914 3621 eorum,

334 3631 429 3700 qui
460 3647 519 3687 se
552 3635 910 3689 substantiam
936 3637 1098 3707 225
1137 3640 1227 3694 Dei
1257 3642 1579 3709 proﬁtentur
1617 3658 1914 3715 cognosce-

334 3722 436 3777 re?
471 3722 616 3789 Quos
647 3727 892 3793 profecto
938 3729 1110 3784 libens
1152 3730 1623 3803 interrogaverim,
1657 3737 1911 3805 quidnam

334 3812 401 3867 de
435 3820 578 3869 terra
620 3816 675 3869 in
707 3831 814 3886 qua
845 3829 1275 3887 commorantur,
1306 3833 1361 3877 et
1383 3840 1445 3878 ex
1478 3840 1582 3894 qua
1624 3827 1735 3881 nati
1765 3837 1912 3893 sunt,

332 3904 539 3969 dicant,
569 3921 733 3975 quam
769 3908 886 3975 ejus
924 3911 1082 3965 nobis
1108 3924 1381 3980 exponant
1415 3916 1771 3972 substantiam
1809 3936 1822 3973 :
1851 3929 1914 3973 ut

334 4000 379 4056 si
404 4001 471 4056 de
496 4002 561 4056 iis
589 4018 710 4072 quae
736 4004 881 4059 hutni
917 4017 1045 4061 sunt
1070 4023 1135 4064 ac
1167 4012 1393 4079 pedibus
1434 4015 1738 4086 subiacent,
1764 4030 1913 4076 certo

332 4091 809 4163 iuduhitanterque
841 4095 1130 4167 disserant,
1161 4109 1289 4156 tunc
1317 4105 1397 4159 eis
1435 4122 1670 4177 quoque,
1702 4125 1820 4165 cum
1848 4114 1913 4167 de

334 4180 497 4235 rebus
531 4182 860 4239 intellectum
893 4202 1109 4244 onmem
1148 4196 1531 4260 superantibus
1580 4204 1907 4258 sententiam

330 4270 637 4341 proferunt,
685 4276 843 4330 ﬁdem
878 4278 1196 4336 habeamus.
1229 4284 1360 4350 Quae
1399 4288 1561 4356 igitur
1606 4291 1906 4349 substantia

331 4371 417 4415 est
448 4365 642 4417 teme?
683 4367 820 4435 quis,
857 4371 1358 4439 comprehensionis
1400 4379 1624 4434 modus?
1664 4384 1907 4453 Respon-

2026 524 2126 596 τὴν
2154 525 2304 595 ίσχὺν
2336 525 2676 590 ἀποδίδωσιν,
2715 525 2968 597 οὐδεμίαν
2989 525 3138 595 αὐτῷ
3183 523 3366 594 χώραν
3386 522 3501 589 ἔξει
3537 522 3598 577 τὸ

2027 620 2413 691 συναγόμενον.

2096 797 2182 851 12.
2210 798 2387 861 ὐλως
2408 797 2463 851 δὲ
2483 837 2498 862 ,
2520 798 2581 851 τὸ
2618 796 2823 851 οίεσθαι
2847 796 2941 851 τοῦ
2976 797 3068 851 ἐπὶ
3094 796 3309 851 πάντων
3333 797 3475 852 Θεοῦ
3505 799 3605 851 ai»

2023 885 2121 961 τὴν
2172 890 2271 961 τὴν
2318 890 2506 944 οὐσίαν
2556 890 2942 962 ἐξευρηκέναι,
3001 892 3174 962 πόσης
3215 892 3605 962 ὑπερηφανίας

2023 983 2138 1035 ἐστὶ
2175 984 2271 1036 καὶ
2299 985 2615 1052 φυσιώσεως
2640 985 2652 1036 !
2694 985 2887 1054 Σχεδὸν
2909 985 3015 1057 γὰρ
3045 986 3138 1039 καί
3163 985 3322 1039 αὐτὸν
3349 985 3601 1056 ἀποκρύ-

2023 1091 2217 1129 πτουσι
2260 1079 2325 1148 τῇ
2368 1077 2742 1150 μεγαληγορίᾳ
2772 1079 2863 1133 τὸν
2902 1080 3156 1133 εἰπόντα·
3207 1079 3445 1133 Ἑπάνω
3484 1078 3605 1132 τῶν

2022 1166 2261 1235 ἄστρων
2298 1168 2553 1239 θήσομαι
2576 1169 2682 1223 τὸν
2705 1172 2919 1238 θρόνον
2932 1189 3051 1240 μου
3071 1190 3085 1203 ο
3114 1172 3170 1225 οἵ
3202 1189 3267 1240 γε
3294 1173 3357 1224 οὐ
3363 1172 3418 1243 χὶ
3444 1171 3605 1225 ἀστέ-

2024 1276 2154 1331 ρων,
2205 1260 2237 1331 ἢ
2285 1261 2517 1333 οὐρανοῦ
2574 1262 3006 1333 κατατολμῶσιν,
3060 1263 3174 1317 ἀλλ’
3215 1265 3388 1336 αὐτὴν
3423 1265 3605 1335 ἐμϐα-

2020 1351 2197 1405 τεύειν
2236 1353 2332 1405 τοῦ
2382 1353 2518 1406 Θεοῦ
2572 1355 2679 1409 τῶν
2730 1355 2866 1409 ὅλων
2890 1356 2989 1427 τὴν
3017 1357 3204 1409 οὐσίαν
3254 1357 3604 1421 ἀλαζονεύονο

2022 1459 2130 1498 ται.
2192 1444 2565 1515 Ἐξετάσωμεν
2618 1448 2725 1518 γάρ
2779 1448 2959 1510 αὐτὸν,
3047 1448 3208 1502 πόθεν
3275 1450 3449 1521 αὐτῆς
3501 1468 3607 1522 φη-

2022 1552 2107 1589 σιν
2158 1537 2218 1588 ἐν
2280 1538 2529 1608 περινοίᾳ
2584 1538 2933 1610 γεγενῆσθαι.
2983 1536 3108 1613 'Ap‘
3148 1542 3212 1594 ἐκ
3257 1541 3361 1611 τῆς
3412 1544 3607 1613 κοινῆς

2021 1627 2231 1690 ἐννοίας
2257 1627 2404 1697 (78);
2453 1628 2592 1681 Ἀλλ’
2621 1629 2758 1701 αὓτη
2799 1631 2860 1684 τὸ
2887 1627 3027 1685 εἶναι
3060 1632 3150 1685 τὸν
3186 1631 3338 1696 Θεὸν,
3369 1634 3433 1685 οὐ
3459 1634 3525 1685 τὸ
3552 1633 3605 1686 τί

2023 1715 2160 1772 εἶναι
2211 1721 2342 1791 ἡμῖν
2387 1720 2696 1776 ὑποϐάλλει.
2763 1723 2900 1777 Ἀλλ’
2966 1726 3031 1778 ἐκ
3090 1724 3192 1794 τῆς
3250 1725 3607 1790 διδασκαλίας

2022 1809 2116 1863 τοῦ
2159 1812 2504 1883 Πνεύματοςς
2538 1815 2736 1879 Ποίας;
2764 1815 2796 1885 ἢ
2826 1816 2926 1886 τῆς
2958 1816 3060 1870 ποῦ
3090 1818 3347 1887 κειμένης
3375 1834 3389 1883 ;
3426 1820 3543 1889 Οὐχ
3575 1821 3605 1872 ὁ

2028 1901 2126 1971 μὲν
2178 1903 2352 1973 μέγας
2379 1905 2563 1965 Δαόὶδ,
2705 1907 2773 1958 τὰ
2813 1906 2980 1977 ἄδηλα
3022 1908 3116 1960 καὶ
3143 1909 3210 1962 τὰ
3250 1909 3459 1979 κρύφια
3503 1909 3604 1980 τῆς

2023 1992 2219 2045 ἑαυτοῦ
2266 1994 2458 2063 σοφίας
2496 1995 2763 2067 ἐδήλωσεν
2794 1999 2823 2050 ό
2858 1996 3011 2061 Θεὸς,
3063 2000 3312 2071 φανερῶς
3349 1999 3605 2070 ὁμολογεῖ

2025 2082 2139 2154 (79)
2182 2084 2280 2154 τῆς
2324 2088 2576 2154 γνώσεως
2611 2088 2674 2141 τὸ
2701 2090 3016 2161 ἀπρόσιτον,
3051 2090 3250 2160 λέγων·
3309 2095 3598 2164 Ἐθαυμαε

2022 2173 2220 2243 στώθη
2266 2177 2303 2243 ἠ
2332 2176 2556 2245 γνῶσίς
2586 2178 2697 2250 (80)
2738 2198 2854 2234 σου
2896 2181 2964 2246 ἐξ
2990 2182 3155 2251 ἐμοῦ,
3188 2184 3558 2254 ἐκραταιὼθη
3580 2198 3599 2216 ⁸

2022 2266 2095 2317 οὐ
2112 2263 2200 2333 μὴ
2234 2265 2499 2336 δύνωμαι
2519 2269 2667 2337 πρὸς
2691 2270 2924 2339 αὐτήν;
2966 2272 3186 2335 Ἡσαΐας
3212 2273 3289 2337 δὲ,
3312 2276 3343 2328 ὁ
3373 2277 3434 2328 ἐν
3462 2274 3599 2329 θεω-

2024 2358 2116 2429 ρίᾳ
2138 2358 2237 2428 τῆς
2262 2358 2418 2429 δόξης
2450 2360 2544 2413 τοῦ
2565 2362 2701 2415 Θεοῦ
2730 2364 3039 2435 γενόμενος,
3080 2366 3133 2418 τί
3166 2368 3294 2437 περὶ
3324 2368 3429 2438 τῆς
3449 2367 3601 2433 θείας

2020 2450 2204 2515 οὐσίας
2235 2451 2504 2522 ἐδήλωσεν
2557 2456 2723 2525 ἡμτνς
2777 2458 2836 2520 ὃς
2884 2474 2948 2525 γε
3002 2460 3061 2512 ἐν
3086 2463 3151 2531 τῇ
3180 2462 3308 2532 περὶ
3355 2462 3599 2532 Χριστοῦ

2022 2543 2326 2613 προφητείᾳ
2368 2542 2794 2618 διαμαρτύρεται
2843 2548 3046 2616 λέγων’
3090 2550 3207 2618 Τὴν
3243 2553 3462 2620 γενεὰν
3487 2556 3599 2607 αὑ·-

2018 2632 2126 2686 τοῦ
2172 2635 2264 2700 τίς
2289 2634 2678 2705 διηγήσεται;
2711 2639 2776 2692 Τί
2815 2639 2871 2694 δὲ
2898 2641 2959 2693 τὸ
2997 2642 3187 2706 σκεῦος
3216 2644 3317 2714 τῆς
3365 2645 3602 2717 ἐκλογῆς

2021 2725 2250 2791 Παῦλος,
2286 2729 2315 2781 ὁ
2343 2728 2605 2783 λαλοῦντα
2637 2731 2775 2803 ἔχων
2820 2736 2877 2787 ἐν
2916 2735 3095 2805 ἐαυτῷ
3137 2736 3228 2790 τὸν
3277 2740 3537 2811 Χριστὸν,
3568 2742 3599 2794 ὁ

2020 2817 2124 2881 ἕως
2155 2820 2339 2889 τρίτου
2369 2821 2642 2893 ἀρπαγεὶς
2665 2824 2917 2896 οὐρανοῦ,
2946 2829 2975 2881 ὁ
3010 2827 3081 2881 τὰ
3111 2828 3325 2900 ἅρῤητα
3353 2830 3600 2896 ἀκούσας

2021 2910 2261 2982 ῥήματα,
2306 2911 2342 2967 ἃ
2373 2915 2473 2968 οὐκ
2528 2915 2647 2982 ἐξὸν
2693 2917 2965 2991 ἀνθρώπῳ
3016 2920 3264 2991 λαλῆσαι,
3307 2926 3431 2977 τίνα
3460 2928 3599 2997 ἡμῖν

2019 3004 2148 3074 περὶ⁵
2181 3005 2369 3070 οὐσίας
2399 3006 2532 3061 Θεοῦ
2556 3008 2902 3065 διδασκαλίαν
2934 3014 3173 3084 ἀφῆκεν;
3207 3017 3267 3081 ὃς
3301 3035 3367 3086 γε
3397 3019 3487 3072 ὅτε
3514 3023 3598 3085 εἰς

2018 3095 2145 3158 τοὺς
2196 3099 2454 3167 μερικοὺς
2485 3100 2587 3169 τῆς
2613 3102 2924 3173 οἰκονομίας
2964 3105 3186 3175 διέκυψε
3215 3107 3425 3178 λόγους,
3478 3106 3596 3165 οἷον

2020 3192 2323 3261 ἰλιγγιάσας
2362 3194 2497 3266 πρὸς
2527 3196 2588 3249 τὸ
2617 3197 2716 3268 τῆς
2743 3198 2973 3269 θεωρίας
3016 3201 3399 3268 ἀδιεξόδευτον,
3446 3205 3597 3257 ἐκεί-

2016 3298 2114 3352 νην
2157 3284 2411 3355 ὲξεϐόησε
2462 3288 2563 3359 τὴν
2616 3291 2830 3363 φωνήν⁴
2867 3288 2935 3344 Ὦ
2974 3292 3154 3365 βάθος
3187 3297 3453 3349 πλούτου
3489 3297 3594 3350 καὶ

2016 3376 2237 3443 σοφίας
2274 3378 2371 3430 καὶ
2408 3378 2683 3448 γνώσεως
2711 3384 2857 3438 Θεοῦ
2882 3399 2896 3414 ο
2931 3386 3011 3451 ὡς
3046 3387 3481 3454 ἀνεξερεύνητα
3520 3389 3595 3442 τὰ

2015 3466 2269 3535 κρίματα
2297 3470 2504 3535 αὐτοῦ,
2527 3472 2627 3526 καὶ
2650 3474 3096 3545 ἀνεξιχνίαστοι
3122 3484 3181 3531 αἱ
3207 3480 3335 3533 ὁδοὶ
3363 3481 3554 3534 αὐτοῦ
3572 3482 3595 3534 .'

2014 3556 2079 3609 Ei
2103 3556 2160 3609 δὲ
2185 3558 2355 3612 ταῦτα
2389 3563 2499 3625 τοῖς
2529 3565 2608 3626 εὶς
2638 3562 2699 3616 τὸ
2736 3565 2835 3637 τῆς
2864 3563 3077 3621 Παύλου
3111 3568 3363 3637 γνώσεως
3393 3572 3595 3643 μέτρον

2016 3647 2309 3717 ἐφθακόσιν
2338 3651 2622 3721 ἀνέφικτα,
2668 3657 2833 3721 πόσος
2862 3660 2891 3711 ό
2920 3658 3089 3728 τῦφος
3119 3662 3228 3714 τῶν
3262 3664 3597 3732 ἐπαγγελλο-

2019 3741 2195 3811 μένων
2226 3742 2424 3798 είδέναι
2460 3746 2554 3799 τοῦ
2582 3747 2717 3801 Θεοῦ
2763 3750 2861 3820 τὴν
2893 3751 3114 3817 οὐσίαν;
3164 3755 3273 3818 Οὓς
3299 3756 3469 3822 ἡδέως
3525 3759 3595 3812 ἂν

2016 3833 2355 3904 ἐρωτήσαιμι
2398 3837 2531 3908 περὶ
2561 3837 2660 3908 τῆς
2691 3838 2794 3909 γῆς
2818 3840 2905 3908 ἐφ’
2928 3837 2997 3913 ἦς
3030 3845 3237 3909 ἑστᾶσι,
3276 3849 3370 3899 καί
3401 3848 3496 3916 ἀφ’
3525 3844 3596 3920 ἧς

2013 3925 2289 3992 γεγόνασι,
2325 3926 2380 3980 τί
2432 3947 2562 3983 ποτε
2603 3932 2851 4001 λέγουσι;
2904 3937 3026 3989 τίνα
3065 3938 3234 4008 αὐτῆς
3261 3938 3359 4011 τὴν
3402 3941 3596 3996 οὐσίαν

2013 4016 2443 4085 ἀπαγγέλλουσιν
2484 4022 2655 4094 ὴμίνς
2697 4024 2804 4092 ἴνα,
2843 4027 2937 4081 ἐὰν
2976 4030 3085 4099 ἄρα
3115 4031 3243 4101 περὶ
3278 4031 3388 4083 τῶν
3413 4036 3597 4102 χαμαὶ

2015 4110 2105 4161 καὶ
2132 4110 2236 4162 ὑπὸ
2261 4115 2373 4175 τοῖς
2412 4115 2537 4167 ποσὶ
2573 4118 2835 4186 κειμένων
2863 4121 3272 4193 ἀναντιρρἡως
3305 4127 3437 4194 ἡμῖν
3458 4126 3598 4179 δια-

2012 4198 2264 4269 λεχθῶσι,
2310 4203 2430 4255 τότε
2470 4206 2653 4269 αὐτοῖς
2684 4208 2773 4260 καὶ
2820 4209 2949 4279 περὶ
2982 4192 3089 4263 τῶν
3122 4212 3378 4265 ἐπέκεινα
3410 4214 3598 4284 πάσης

2014 4292 2223 4356 ἐννοίας
2254 4293 2674 4367 διατεινομένοις
2699 4300 3096 4371 πιστεύσωμεν.
3123 4304 3219 4366 Τίς
3238 4300 3329 4357 οὖν
3358 4304 3459 4377 τῆς
3486 4310 3597 4378 γῆς

2012 4382 2045 4453 ἡ
2081 4384 2272 4450 οὐσία;
2301 4389 2452 4451 ποῖος
2484 4388 2684 4459 τρόπος
2716 4391 2815 4461 τῆς
2839 4392 3220 4464 καταλήψεως
3268 4395 3600 4467 Ἀποκρινάο

332 4454 497 4506 deant
525 4456 680 4510 nobis
704 4468 882 4512 utrum
911 4475 1030 4515 eam
1059 4464 1194 4518 ratio
1220 4480 1560 4538 assequatur,
1584 4489 1651 4527 an
1680 4478 1909 4547 sensus?

2020 4474 2227 4530 σθωσαν
2263 4479 2415 4548 ἡμῖν,
2463 4454 2692 4552 πότερον
2729 4454 2888 4551 λόγος
2933 4454 3151 4555 ἐφίκετο
3175 4454 3407 4560 ταύτης,
3510 4493 3600 4546 ατ·-

331 4543 427 4597 sed
451 4548 495 4599 si
528 4560 748 4601 sensum
794 4550 996 4619 dicent,
1024 4568 1133 4621 quo
1153 4571 1314 4612 sensu
1351 4571 1527 4628 potest
1553 4543 1910 4636 comprehen-

2008 4566 2233 4638 σθησις;
2262 4570 2357 4622 καὶ
2399 4574 2446 4624 εί
2480 4573 2575 4642 μὲν
2608 4573 2707 4645 τὴν
2732 4574 2985 4645 αἴσθησιν
3028 4579 3280 4648 φήσουσι,
3315 4581 3443 4652 ποίᾳ
3480 4582 3596 4635 τῶν

331 4635 424 4688 di?
474 4632 706 4691 Visune?
759 4639 829 4693 At
860 4640 951 4695 hic
981 4644 1191 4701 colores
1226 4651 1474 4719 percipit.
1511 4654 1594 4707 An
1633 4632 1910 4714 ta'ctulAt

2020 4632 2311 4728 ιίσθήσεών
2330 4661 2447 4713 ἐστι
2477 4632 2799 4735 καταληπτή
2823 4681 2838 4729 ;
2874 4632 3100 4737 "Cptiost.
3116 4683 3130 4732 ;
3170 4632 3330 4721 Ἀ)λά
3359 4632 3595 4740 χρωμάξ

331 4721 422 4777 hic
447 4724 701 4780 duritiem
731 4738 789 4782 et
832 4732 1131 4799 mollitiem,
1173 4738 1405 4793 calidum
1437 4752 1491 4795 et
1550 4742 1825 4812 frigidum,
1855 4759 1908 4804 et

2020 4757 2111 4800 tow
2154 4721 2304 4801 ἐστὶν
2336 4721 2694 4825 ἀντιληπτικη
2724 4721 2883 4825 αὕτη.
2930 4721 3069 4811 iam
3253 4776 3268 4825 ;
3305 4721 3415 4813 ιιΞὶ
3446 4721 3593 4833 αῦτη

330 4815 436 4871 alia
479 4817 786 4885 huiusmodi
836 4824 1095 4879 discernit
1126 4846 1139 4882 :
1165 4844 1392 4897 quorum
1424 4835 1555 4888 nihil
1589 4837 1750 4904 ullus,
1801 4842 1903 4895 nisi

328 4906 383 4961 in
408 4924 674 4963 summam
719 4914 1044 4969 dementiam
1095 4917 1296 4987 lapsus,
1346 4924 1705 4981 substantiam
1754 4930 1906 4985 dixe-

328 4998 420 5052 rit.
473 4999 546 5054 De
577 5012 735 5070 gustu
783 5017 933 5069 vero,
968 5005 1141 5076 deque
1180 5010 1380 5066 olfactu
1426 5016 1559 5083 quid
1592 5019 1785 5072 attinet
1816 5021 1902 5074 di-

327 5089 490 5143 cere?
520 5105 752 5160 quorum
794 5093 932 5151 alter
961 5111 1201 5167 sapores,
1232 5100 1369 5155 alter
1401 5116 1625 5173 vapores
1665 5109 1901 5177 attingit.

2014 4838 2124 4910 (81)
2175 4840 2538 4913 σκληρότητος
2568 4845 2664 4898 καὶ
2714 4847 3071 4919 ἀπαλότητος,
3106 4851 3201 4904 καὶ
3262 4851 3463 4922 θερμοῦ
3494 4856 3595 4907 καὶ

2008 4929 2235 5001 ψυχροῦ,
2274 4935 2368 4986 καὶ
2399 4934 2506 4988 τῶν
2545 4937 2800 4991 τοιούτων
2828 4941 2944 4993 ἐστὶ
2972 4940 3303 5015 διακριτικὴ,
3332 4937 3408 4997 ὧν
3435 4945 3594 4999 οὐδὲν

2007 5022 2072 5075 ἀν
2100 5040 2181 5086 τις
2218 5025 2404 5079 οὐσίαν
2445 5026 2611 5093 εἴποι,
2658 5030 2735 5101 μὴ
2778 5033 2859 5094 είς
2888 5031 3114 5102 ἔσχατον
3162 5035 3458 5107 παρανοίας
3485 5038 3596 5089 ὑπ⁴

2007 5114 2263 5184 ενεχθείς.
2304 5118 2437 5188 Περὶ
2464 5120 2704 5188 γεύσεως
2728 5121 2785 5175 δὲ
2807 5124 2900 5176 καὶ
2919 5125 3242 5196 ὀσφρήσεως
3272 5128 3325 5180 τί
3355 5128 3458 5200 χρὴ
3493 5129 3595 5183 καὶ

407 5278 454 5310 ’⁸
487 5276 591 5334 lsa.
619 5298 729 5349 stv,
765 5285 853 5340 15.
929 5288 972 5320 ⁷¹
1006 5287 1149 5346 Psal.
1180 5306 1448 5364 cxxxvm,
1478 5296 1534 5353 6.
1611 5300 1656 5333 τ’
1682 5300 1785 5358 lsa.
1823 5319 1914 5359 LIII

2020 5343 2030 5360 .
2103 5306 2149 5338 ⁷³
2172 5306 2329 5362 Rom.
2362 5325 2440 5376 ιι,
2472 5309 2561 5365 33.

400 5430 515 5519 (Ίβ)
551 5434 703 5518 Coll).
729 5434 877 5519 τέὶρεπι
900 5443 971 5519 ,ἐκ
989 5446 1087 5515 τῆς
1109 5449 1293 5519 κοινῆς
1316 5450 1375 5502 οὐ
1386 5451 1537 5516 σίαςς
1579 5453 1660 5508 An
1681 5472 1745 5510 ea:
1768 5473 1903 5512 com-

327 5506 474 5554 muni
511 5509 774 5561 essentia?
810 5506 967 5564 Male.

696 5581 888 5668 tertius
917 5582 1147 5655 ἐδήλωσε
1174 5589 1421 5659 φανερῶς
1447 5593 1475 5645 ό
1504 5592 1658 5658 Θεὸς,
1706 5596 1900 5668 ὁμολο-

325 5641 433 5707 γεῖ,
464 5658 566 5695 non
599 5646 668 5695 ita
695 5658 862 5702 recte.

400 5708 512 5781 (80)
555 5711 703 5768 Libri
738 5727 948 5776 veteres
977 5722 1010 5790 ἡ
1038 5722 1258 5789 γνῶσις.
1288 5726 1565 5787 Articulus
1590 5733 1642 5788 in
1674 5733 1890 5794 excusis

2012 5460 2371 5541 desideratur.
2403 5464 2598 5521 Statim
2621 5468 2671 5523 in
2696 5480 2929 5538 quatuor
2955 5487 3089 5528 mss.
3124 5474 3390 5541 reperitur
3420 5474 3597 5531 intrr—

2007 5534 2307 5637 rctga‘t’ionis
2338 5548 2463 5590 nota
2500 5547 2621 5607 post
2674 5534 2859 5596 vocem
2883 5544 3088 5615 αὐτήν;
3132 5534 3278 5598 Nam
3300 5548 3497 5615 ipotsro
3521 5551 3597 5602 ad

2007 5616 2117 5637 .m...

2004 5616 2117 5653 eam
2144 5616 2155 5655 2

2075 5669 2362 5755 (subditi
2406 5673 2565 5755 an}
2614 5678 2769 5752 ἅφῇ;
2831 5683 2942 5737 Καὶ
2985 5684 3148 5755 αὐτή.
3186 5685 3258 5740 At
3305 5700 3443 5743 mss.
3484 5687 3603 5746 duo

1986 5740 2151 5823 _’A)tit’
2170 5740 2295 5814 ἀφῇ
2316 5759 2331 5809 ;
2359 5745 2452 5799 καὶ
2477 5746 2636 5820 αὕτη.
