3836 6222
231 278 334 344 ,⁸311

1329 290 1700 349 ADVERSUS
1735 291 2102 349 EUNOMIUM
2141 286 2271 350 LIB.
2312 290 2379 350 1.*

3390 297 3495 352 542

224 401 407 471 λέγειν
432 419 447 468 ;
485 397 560 457 ὧν
579 403 614 475 ἡ
648 400 744 475 μὲν
765 404 977 476 χυμῶν,
1012 408 1044 476 ὴ
1070 406 1126 461 δὲ
1157 407 1320 478 ἑτέρα
1353 409 1462 463 τῶν
1493 411 1683 481 ἀτμῶν
1705 411 1792 482 τὴκ

1908 410 2144 464 Auditus
2195 410 2429 479 denique
2486 423 2650 465 sonos
2703 408 2937 480 percipit
2970 417 3028 466 et
3078 422 3264 480 voces,
3294 413 3496 483 quibus

220 493 513 566 ἀντίληψιν
545 494 677 567 ἔχει.
714 497 875 569 Ἀκοὴ
903 498 960 551 δὲ
1000 498 1188 569 ψόφων
1222 502 1337 554 ἐστὶ
1370 503 1464 555 καὶ
1496 502 1690 571 φωνῶν
1723 504 1807 555 ai-

223 584 484 659 σθητικὴ,
519 586 626 640 τῶν
658 587 913 658 οὐδεμίαν
939 590 1169 660 ἐχόντων
1195 593 1331 664 πρὸς
1360 592 1458 664 τὴν
1483 594 1587 665 γῆν
1620 596 1808 648 οἰκειό-

220 694 385 749 τητα.
411 678 671 732 Λείπεται
703 674 796 733 οὖν
842 680 919 751 τῷ
947 680 1089 753 λόγῳ
1116 683 1343 752 φάσκειν
1370 686 1568 749 αὐτοὺς
1586 667 1687 758 τὴν
1716 686 1806 739 ού-

223 768 349 823 σίαν
388 769 559 840 αὐτῆς
586 771 897 843 εὑρηκέναι.
934 774 1079 845 Ποίῳ
1134 776 1344 849 τούτῳ;
1386 778 1488 831 ποῦ
1538 780 1637 849 τῆς
1665 780 1806 850 Γρα-

222 861 334 932 φῆς
360 862 634 933 κειμένῳ;
664 864 768 917 ὑπὸ
794 865 936 931 τίνος
970 867 1079 921 τῶν
1106 868 1274 936 ἀγίων
1299 870 1656 941 παραδοθέντι
1684 888 1698 937 ;

296 954 387 1008 15.
428 955 485 1008 ’0
517 954 614 1026 μέν
645 972 709 1024 γε
744 958 871 1029 περὶ
896 959 996 1030 τῆς
1034 962 1264 1026 κτίσεως
1310 965 1443 1034 ἡμῖν
1481 963 1805 1035 διαλεχθεὶς,

218 1046 477 1102 τοσοῦτον
518 1050 663 1120 ἡμᾶς
694 1050 949 1118 ἐδίδαξεν,
982 1054 1062 1106 ὅτι
1106 1052 1209 1108 Ἐν
1239 1055 1396 1125 ἀρχῆ
1444 1057 1737 1123 ἐποίησεν
1769 1060 1802 1111 d

221 1143 372 1209 Θεὸς
386 1143 494 1197 τὸν
524 1144 785 1213 οὐρανὸν
813 1146 911 1199 καὶ
928 1145 1045 1214 τὴν
1064 1147 1201 1217 τῆν’
1224 1149 1261 1216 ἡ
1282 1148 1350 1201 δὲ
1368 1149 1443 1218 γῆ
1464 1149 1545 1218 ἦν
1559 1150 1809 1219 ἀόρατος

220 1236 325 1290 καὶ
351 1236 886 1306 ἀκατασκεύαστος
912 1257 924 1270 ο
945 1240 1198 1310 ἐξαρκεῖν
1221 1240 1529 1311 ἡγούμενος
1544 1241 1635 1295 τὸν
1658 1244 1810 1315 ποιή-

222 1345 397 1382 σαντα
425 1329 593 1401 αὐτὴν
613 1331 707 1383 καὶ
735 1331 1179 1404 διακοσμήσαντα
1209 1334 1515 1404 διαγγεῖλαι
1535 1351 1547 1363 °
1577 1336 1661 1398 τίς
1693 1335 1749 1389 δὲ
1774 1338 1807 1408 ἠ

217 1420 382 1474 οὐσία
403 1421 606 1492 ταύτης
625 1424 1100 1493 περιεργάζεσθαι,
1128 1426 1203 1489 ὡς
1233 1428 1455 1497 μάταιον
1478 1428 1570 1480 καὶ
1598 1428 1809 1498 ἀνωφε-

219 1512 316 1577 λὲς
347 1517 460 1578 τοῖς
488 1515 743 1570 ἀκούουσι
770 1518 1147 1589 παρῃτήσατο.
1176 1520 1238 1572 Εἰ
1268 1520 1447 1574 τοίνυν
1475 1522 1613 1592 μήτε
1652 1525 1716 1593 τῇ
1744 1524 1808 1575 ἐκ

216 1605 322 1675 τῆς
351 1606 656 1676 αἰσθήσεως
697 1608 991 1679 μαρτυρίᾳ,
1037 1610 1175 1680 μήτε
1217 1614 1282 1681 τῇ
1320 1613 1384 1665 ὲκ
1414 1612 1507 1665 τοῦ
1540 1612 1697 1681 λόγου
1730 1614 1808 1667 δι-

215 1695 564 1769 δασκαλίᾳ,ἡ
598 1697 800 1766 γνῶσις
833 1700 1003 1770 αὐτῆς
1030 1700 1360 1769 βεϐαιοῦται,
1393 1702 1555 1757 πόθεν
1590 1703 1669 1757 ἔτι
1700 1708 1803 1777 φή-

1911 502 2047 557 nihil
2081 509 2167 558 est
2201 500 2482 557 afﬁnitatis
2508 517 2633 557 cum
2662 511 2828 558 terra.
2867 501 3154 574 Reliquum
3191 506 3360 577 igitur
3388 516 3494 573 est,

1910 604 1969 648 ut
2000 609 2256 650 sermone
2304 593 2585 649 invenisse
2631 610 2691 650 se
2717 596 2835 665 ejus
2865 596 3227 652 substantiam
3280 598 3493 653 dicant.

1909 684 2028 751 Quo
2066 686 2335 741 tandem?
2364 696 2420 742 et
2450 702 2559 757 quo
2597 686 2715 743 loco
2757 685 3057 757 Scriptura:
3093 688 3272 746 editus
3314 690 3494 746 est?a

1909 794 2018 849 quo
2046 788 2357 835 sanctorum
2384 780 2656 837 traditus?

1982 960 2071 1015 15.
2110 958 2274 1016 Certe
2299 961 2366 1015 de
2397 961 2673 1016 creatione
2711 960 2800 1030 qui
2834 961 3106 1030 disseruit,
3158 971 3367 1018 tantum
3393 965 3490 1020 do-

1909 1053 2022 1108 cuit
2068 1068 2189 1118 nos,
2228 1053 2394 1107 Deum
2449 1053 2500 1107 in
2532 1054 2798 1123 principio
2834 1053 3028 1109 fecisse
3074 1054 3270 1109 caelum
3308 1066 3357 1110 et
3383 1067 3492 1110 ter-

1911 1160 2051 1209 ram,
2095 1154 2261 1214 atque
2312 1155 2513 1199 terram
2579 1145 2750 1201 fuisse
2792 1146 3115 1202 invisibilem
3166 1156 3221 1201 et
3270 1147 3490 1202 inorna-

1912 1233 2124 1302 tam";
2175 1235 2309 1289 satis
2358 1234 2462 1291 sibi
2494 1249 2617 1290 esse
2666 1244 2838 1301 ratus,
2879 1250 3002 1290 eum
3032 1236 3122 1307 qui
3171 1237 3310 1292 hanc
3361 1237 3491 1293 fecit

1910 1337 2074 1396 atque
2119 1328 2425 1391 exornavit,
2478 1327 2778 1396 praedicare
2836 1347 2848 1383 :
2901 1343 3021 1398 quae
3049 1344 3176 1385 vero
3218 1330 3335 1400 ejus
3362 1332 3490 1386 sub-

1910 1422 2112 1475 stantia
2169 1422 2329 1486 foret,
2385 1428 2641 1490 tanquam
2670 1421 2715 1475 si
2750 1419 2941 1477 fuisset
2992 1422 3247 1491 quiddam
3291 1437 3487 1476 vanum

1907 1522 1963 1569 et
1992 1514 2342 1569 audientibus
2382 1514 2595 1578 inutile,
2622 1514 2795 1568 noluit
2822 1514 3097 1568 curiosius
3135 1514 3486 1583 investigare.

1909 1610 2095 1680 Itaque
2138 1611 2181 1665 si
2222 1626 2398 1679 neque
2427 1625 2494 1665 ex
2540 1626 2796 1666 sensuum
2851 1611 3182 1678 testimonio,
3218 1626 3393 1681 neque
3421 1625 3488 1667 ex

1908 1702 2175 1756 sermonis
2203 1702 2476 1765 doctrina,
2507 1702 2745 1773 cognitio
2776 1701 2896 1769 ejus
2935 1710 3167 1768 constat,
3209 1704 3352 1757 unde
3377 1704 3488 1772 jam

219 1805 378 1841 σουσι
406 1791 505 1860 τὴν
536 1790 841 1863 κατάληψιν
879 1793 1050 1863 αὐτῆς
1091 1794 1413 1865 ὲσχηκέναι;
1454 1795 1527 1848 Τὸ
1563 1797 1664 1867 μὲν

1906 1793 2087 1849 dicent
2119 1794 2660 1863 comprehensionem
2700 1794 2870 1863 ipsius
2916 1795 3144 1864 adeptos
3172 1795 3328 1849 esse?
3352 1795 3487 1850 Nam

212 1881 343 1934 ὅσον
377 1883 548 1950 αὐτῆς
567 1883 845 1956 αἰσθητὸν,
876 1885 909 1955 ἢ
956 1884 1156 1958 χρῶμά
1182 1888 1349 1952 ἐστιν,
1385 1888 1416 1958 ἢ
1442 1887 1625 1957 ὄγκος,
1648 1890 1680 1961 ἢ
1706 1890 1804 1960 βά-

218 1989 333 2043 ρος,
364 1973 398 2045 ἢ
434 1974 725 2046 κουφότης,
774 1975 806 2048 ἢ
839 1976 1134 2049 πυκνότης,
1185 1978 1218 2050 ἢ
1253 1980 1543 2052 χαυνότης,
1577 1983 1609 2054 ἢ
1653 1982 1803 2037 ἀντι-

214 2066 406 2131 τυπία,
454 2067 816 2139 ἢάπαλότης,
845 2069 877 2141 ἤ
909 2070 1203 2142 ψυχρότης,
1251 2072 1285 2143 ἢ
1323 2072 1612 2145 θερμότης,
1669 2074 1701 2146 ἤ
1744 2078 1801 2129 αἱ

215 2157 362 2211 κατά
392 2157 520 2221 τοὺς
544 2159 753 2228 χυμοὺς
779 2161 1087 2231 ποιότητες,
1128 2162 1160 2233 ἢ
1194 2164 1247 2215 αἱ
1279 2164 1423 2216 κατὰ
1453 2165 1638 2236 σχῆμα
1682 2166 1802 2219 δια-

214 2249 384 2320 φοραί
417 2248 527 2322 (82)
550 2270 562 2282 -
605 2245 682 2305 ὧν
716 2252 868 2307 οὐδὲν
899 2252 964 2307 ἂν
989 2254 1177 2307 οὐσίαν
1222 2256 1427 2309 εἴποιεν
1471 2253 1637 2323 οὗτοι,
1680 2258 1801 2310 οὐδὲ

213 2342 266 2394 εί
295 2341 475 2396 πάντα
512 2342 710 2415 ῥᾳδίως
735 2342 963 2413 λέγοιεν.
1000 2347 1158 2417 Λόγῳ
1192 2346 1249 2399 δὲ
1294 2348 1457 2401 πάλιν
1501 2348 1675 2403 οὐδενὶ
1707 2350 1801 2418 γέ-

212 2449 341 2502 γονε
394 2433 642 2507 θεωρητὴ
686 2435 795 2490 τῶν
849 2436 1027 2506 σοφῶν
1082 2439 1176 2492 καὶ
1220 2441 1506 2512 μακαρίων
1550 2442 1759 2513 ἀνδρῶν
1783 2458 1798 2473 ⁸

212 2527 369 2590 ποῖος
391 2521 483 2579 οῦν
513 2526 593 2579 ἔτι
628 2527 827 2599 τρόπος
866 2529 967 2599 τῆς
1000 2528 1253 2599 γνώσεως
1282 2532 1630 2586 ὑπολείπεται
1654 2535 1798 2605 (8'5);

226 2619 743 2691 Ἀποκρινάσθωσαν
777 2623 906 2693 ἡμῖν
934 2625 983 2676 οἱ
1005 2623 1458 2694 περιφρονοῦντες
1494 2626 1594 2696 μὲν
1625 2626 1802 2680 πάντα

209 2712 285 2766 τά
313 2713 371 2764 ὲν
420 2714 567 2778 ποσὶ,
607 2712 979 2777 διαϐαίνοντες
1021 2714 1079 2767 δὲ
1102 2716 1194 2768 τὸν
1220 2716 1469 2787 οὐρανὸν,
1502 2717 1596 2770 καὶ
1621 2718 1802 2782 πάσας

210 2802 316 2867 τάς
342 2804 745 2876 ὑπερκοσμίους
772 2806 1053 2878 δυνάμεις,
1080 2808 1215 2878 αὐτῇ
1244 2808 1302 2861 δὲ
1333 2811 1399 2879 τῇ
1433 2807 1625 2882 πρώτῃ
1645 2808 1802 2881 οὐσίᾳ

209 2896 303 2952 διά
335 2898 432 2951 τοῦ
455 2898 548 2952 νοῦ
585 2900 1002 2970 συναπτόμενοι.
1038 2900 1178 2953 Ἀλλ’
1198 2901 1373 2954 ἔοικεν
1401 2905 1429 2955 ὁ
1456 2902 1624 2971 τῦφος
1661 2903 1799 2956 πάν-

209 3006 323 3043 των
356 2985 496 3045 εἶναι
541 2991 649 3045 τῶν
678 2994 737 3045 ὲν
778 2992 1087 3064 ἀνθρώποις
1126 2993 1315 3047 παθῶν
1345 2993 1456 3066 (84)
1485 2994 1802 3065 χαλεπώτα-

207 3098 327 3148 τον,
365 3085 461 3138 καὶ
492 3085 661 3149 ὅντως
702 3085 783 3157 τῷ
819 3087 914 3141 τοῦ
963 3087 1209 3141 διαϐόλου
1255 3087 1485 3159 κρίματι
1536 3087 1800 3160 περιϐάλ-

208 3174 349 3237 λειν,
387 3170 470 3241 οἷς
508 3174 574 3229 ἂν
602 3176 972 3249 προσγένηται
1002 3177 1135 3248 (85).
1171 3176 1333 3230 Ὅθεν
1381 3178 1476 3230 καὶ
1507 3170 1652 3230 οῦτοι
1680 3177 1801 3229 οὐδὲ

207 3266 315 3337 τῆς
348 3266 472 3339 γῆς,
528 3269 596 3340 ἢν
648 3256 1046 3333 καταπατοῦσι,
1081 3269 1180 3337 τὴν
1231 3269 1414 3337 φύσιν,
1466 3270 1587 3339 ἥτις
1632 3270 1799 3335 ἐστὶν,

208 3358 589 3429 ἐπιστάμενοι,
625 3359 796 3431 αὐτὴν
825 3359 1151 3430 ἐμϐατεύειν
1187 3360 1286 3430 τὴν
1314 3359 1501 3415 οὐσίαν
1536 3359 1630 3413 τοῦ
1664 3358 1800 3413 Θεοῦ

207 3450 321 3504 τῶν
369 3450 507 3505 ὅλων
542 3450 956 3515 ἀλαζονεύονται
985 3451 1119 3523 (86).
1154 3453 1266 3505 Καὶ
1314 3455 1429 3515 τοῖς
1481 3452 1578 3523 μὲν
1626 3453 1801 3521 ἁγίοις

207 3543 379 3597 αὐτοῦ
409 3546 438 3597 ὁ
469 3544 624 3609 Θεὸς,
672 3543 751 3615 τῷ
794 3543 1046 3616 Ἀϐραὰμ
1094 3544 1190 3598 καὶ
1243 3543 1319 3615 τῷ
1360 3543 1543 3597 Ἰσαὰκ
1575 3545 1668 3598 καὶ
1723 3544 1801 3614 τῷ

222 3633 442 3700 Ἰακὼϐ,
475 3629 573 3702 ὧν,
598 3635 687 3690 διὰ
713 3636 776 3690 τὸ
803 3638 885 3700 εἰς
922 3637 1102 3690 πᾶσαν
1151 3636 1351 3707 ἀρετὴν
1377 3636 1571 3703 τελεῖν,
1621 3638 1716 3691 καὶ
1739 3636 1801 3690 τὸ

207 3726 346 3791 Θεὸς
401 3727 780 3799 ὀνομάζεσθαι,
816 3727 892 3792 ὥς
943 3745 995 3781 τι
1055 3727 1337 3800 ἐξαίρετον
1368 3730 1464 3781 καὶ
1494 3729 1703 3800 πρέπον
1732 3731 1797 3799 τῇ

207 3817 408 3871 ἑαυτοῦ
432 3819 834 3890 μεγαλειότητι,
867 3820 1225 3892 προετίμησε,
1250 3820 1423 3887 λέγων
1451 3821 1641 3874 ἑαυτὸν
1666 3820 1799 3875 Θεὸν

222 3906 497 3979 Ἀϐραὰμ,
535 3910 628 3962 καὶ
655 3910 788 3963 Θεὸν
833 3910 1040 3975 Ἰσαὰκ,
1066 3913 1160 3964 καὶ
1180 3911 1313 3964 Θεὸν
1355 3910 1578 3964 ’1ακώϐ’
1617 3911 1798 3965 Τοῦτο

206 3998 327 4069 γάρ
340 4002 459 4068 μού
486 4001 658 4055 ἐστιν
687 4001 799 4073 (87)
831 4002 1017 4072 ὄνομα
1049 4002 1307 4071 αἰώνιον,
1335 4004 1488 4075 φησὶ,
1519 4003 1618 4057 καὶ
1645 4020 1797 4072 μνη-

200 4092 487 4161 μόσυνον
530 4092 752 4163 γενεῶν
801 4095 1054 4165 γενεαῖς.
1090 4095 1311 4159 Τούτοις
1357 4096 1535 4149 τοίνυν
1586 4095 1705 4148 οὐδὲ
1736 4094 1797 4148 τὸ

206 4184 383 4256 ὄνομα
408 4185 602 4240 ἑαυτοῦ
629 4186 900 4258 ἐδήλωσεν
938 4189 966 4241 ὁ
999 4188 1152 4253 Θεὸς,
1180 4188 1322 4259 ἦπου
1364 4204 1428 4257 γε
1460 4187 1559 4259 τὴν
1608 4186 1795 4240 οὐσίαν

204 4276 334 4345 ἥτις
382 4276 533 4329 ἐστὶν
565 4276 940 4347 ἀπεκάλυψεν.
986 4277 1135 4346 Ἐγὼ
1182 4277 1315 4344 γὰρ,
1352 4276 1507 4346 φησὶ,
1540 4276 1792 4342 Κύριος·

203 4366 311 4419 καὶ
354 4366 563 4435 ὤφθην
603 4367 755 4435 πρὸς
800 4368 1052 4436 Ἀϐραὰμ
1097 4366 1232 4438 (88),
1276 4366 1375 4419 καὶ
1438 4366 1656 4427 Ἰσαὰκ,
1697 4361 1794 4416 καὶ

1902 1887 2043 1954 quod
2077 1887 2129 1940 in
2164 1902 2226 1941 ea
2272 1885 2530 1943 sensibile
2568 1895 2674 1951 est,
2708 1896 2803 1939 aut
2833 1885 2983 1941 color
3012 1895 3115 1954 est,
3163 1896 3256 1940 aut
3296 1886 3488 1953 moles,

1902 1987 1995 2031 aut
2024 1978 2289 2051 gravitas,
2324 1988 2417 2031 aut
2443 1977 2660 2041 levitas,
2711 1984 2804 2031 aut
2844 1978 3111 2041 densitas,
3142 1987 3237 2032 aut
3268 1977 3486 2042 raritas,

1902 2080 1994 2124 aut
2026 2070 2273 2135 durities,
2321 2081 2416 2125 aut
2465 2070 2752 2139 mollities,
2788 2079 2881 2124 aut
2919 2070 3210 2141 frigiditas,
3242 2080 3335 2125 aut
3358 2071 3489 2126 cali-

1900 2163 2064 2228 ditas,
2090 2174 2183 2218 aut
2224 2163 2514 2217 humorum
2552 2164 2866 2231 qualitates,
2899 2172 2995 2217 aut
3044 2164 3226 2232 ﬁgurae
3252 2164 3487 2220 diversi-

1904 2265 1984 2310 tas
2012 2274 2026 2310 :
2055 2271 2285 2326 quorum
2320 2256 2372 2311 hi
2410 2256 2541 2310 nihil
2565 2255 2800 2311 dixerint
2834 2255 3222 2322 substantiam,
3269 2255 3486 2309 etiamsi

1899 2346 2082 2399 omnia
2130 2345 2293 2400 facile
2339 2345 2556 2400 soleant
2605 2345 2892 2399 alIirmare.
2936 2344 3148 2398 Rursus
3187 2344 3335 2398 nullo
3370 2360 3486 2399 ser—

1901 2454 2059 2494 mone
2086 2438 2414 2509 sapieutitnn
2452 2438 2690 2492 virorum
2719 2447 2881 2507 atque
2915 2437 3200 2492 beatorum
3235 2447 3487 2507 percepta

1899 2539 2002 2586 est.
2039 2529 2172 2596 Quis
2202 2531 2366 2600 igitur
2392 2529 2505 2598 jam
2536 2538 2783 2599 superest
2832 2528 3021 2583 modus
3053 2529 3489 2598 comprehensio-

1902 2622 2028 2677 nis?
2070 2622 2450 2691 liespondeant
2484 2621 2639 2675 nobis
2670 2620 2762 2689 qui
2804 2629 2997 2675 cuncta
3030 2636 3153 2692 quae
3190 2622 3290 2677 sub
3333 2620 3487 2691 pedi-

1899 2713 2002 2769 bus
2030 2721 2178 2776 sunt,
2208 2712 2516 2783 despiciunt
2554 2729 2567 2764 :
2599 2711 2795 2766 coelum
2828 2726 2954 2767 vero
2987 2721 3043 2766 et
3074 2713 3340 2782 quaslibet
3372 2728 3488 2769 ete-

1900 2806 2065 2861 lestus
2114 2814 2413 2875 potestates
2460 2804 2866 2868 transcendunt,
2917 2818 2981 2857 ac
3016 2804 3114 2873 ipsi
3149 2805 3334 2873 prima:
3356 2806 3487 2859 sub-

1900 2897 2116 2954 stantiae
2143 2908 2322 2953 mente
2347 2895 2775 2966 conjunguntnr.
2807 2893 2912 2949 Sed
2944 2895 3155 2949 videtur
3179 2897 3488 2965 arrogantia

1901 2994 2142 3047 omnium
2208 2991 2568 3045 humanorum
2617 2988 2871 3041 vitiorum
2901 2987 3282 3057 gravissimum
3345 3002 3483 3052 esse,

1903 3093 1958 3139 et
1980 3083 2178 3154 quibus
2216 3084 2377 3146 inest,
2420 3097 2516 3136 eos
2554 3096 2682 3136 vere
2706 3079 2903 3135 diaboli
2932 3080 3160 3135 crimine
3197 3081 3485 3149 implicari.

1908 3178 2059 3233 Unde
2079 3179 2242 3232 etiam
2272 3177 2350 3241 hi,
2387 3190 2455 3230 ne
2485 3184 2768 3230 noscentes
2795 3174 3008 3243 quidem
3038 3173 3212 3242 qualis
3228 3175 3297 3228 sit
3328 3182 3487 3231 terra:

1903 3285 2067 3340 quam
2101 3270 2315 3325 calcant
2344 3280 2560 3334 natura,
2605 3268 2776 3337 ipsam
2810 3267 2903 3321 Dei
2948 3268 3326 3322 universorum
3357 3269 3488 3323 subv

1902 3363 2161 3420 stantiam
2220 3363 2374 3417 adire
2435 3375 2493 3416 se
2526 3368 2843 3430 arroganter
2891 3369 3164 3416 asserunt.
3221 3360 3294 3414 Et
3344 3359 3486 3415 Deus

1903 3457 2107 3512 sanctis
2145 3455 2363 3526 quidem
2411 3455 2547 3520 suis,
2594 3453 2871 3507 Abraham
2919 3460 2978 3505 et
3010 3450 3160 3506 Isaac
3198 3460 3253 3508 et
3294 3447 3486 3515 Iacob,

1902 3562 2155 3615 quorum,
2190 3547 2259 3602 ob
2300 3546 2467 3601 totius
2487 3545 2709 3600 virtutis
2734 3542 3154 3615 perfectionem,
3185 3546 3342 3614 quasi
3381 3544 3487 3599 hoc

1903 3636 2098 3692 fuisset
2132 3639 2464 3709 praecipuum
2509 3638 2765 3707 quiddam
2801 3652 2867 3692 ac
2892 3636 3156 3703 majestati
3206 3652 3318 3692 sua:
3353 3652 3485 3691 con-

1901 3730 2151 3795 veniens,
2187 3732 2329 3786 Deus
2371 3731 2534 3787 etiam
2569 3730 2840 3784 nominari
2889 3730 3079 3795 voluit,
3114 3728 3280 3785 Deum
3310 3730 3485 3784 Abra-

1902 3822 2024 3877 ham
2047 3822 2284 3893 seipsum
2318 3822 2616 3892 appellans,
2641 3832 2696 3876 et
2729 3822 2893 3876 Deum
2925 3820 3099 3888 Isaac,
3130 3831 3184 3875 et
3204 3822 3370 3876 Deum
3391 3819 3481 3875 Ja-

1900 3915 2001 3970 cob
2031 3934 2045 3967 :
2084 3912 2203 3968 Hoc
2235 3915 2374 3968 enim
2403 3933 2587 3970 nomen
2619 3931 2791 3969 meum
2830 3924 2907 3969 est
2951 3925 3224 3978 (uernum,
3277 3913 3479 3982 inquit,

1898 4014 1948 4059 et
2009 4006 2315 4062 memoriale
2365 4009 2761 4078 generationem
2806 4006 3228 4077 generationibus
3257 4004 3327 4060 ⁷⁸.
3385 4004 3483 4059 His

1898 4097 2065 4164 igitur
2095 4113 2163 4152 ne
2187 4113 2342 4153 suum
2379 4100 2598 4168 quidem
2634 4114 2832 4154 nomen
2871 4097 3165 4151 declaravit
3204 4095 3361 4158 Deus.
3394 4112 3483 4151 ne-

1898 4191 2023 4242 dum
2049 4201 2176 4257 qua:
2231 4189 2304 4243 sit
2359 4204 2455 4244 sua
2502 4189 2671 4258 ipsius
2705 4188 2966 4252 essentia,
3030 4187 3311 4243 revelarit.
3366 4187 3502 4256 Ego'

1896 4280 2056 4345 enim,
2130 4280 2304 4349 inquit
2353 4280 2611 4335 Dominus
2640 4294 2659 4333 :
2687 4293 2734 4335 et
2796 4282 2935 4334 visus
2966 4294 3083 4331 sum
3113 4277 3389 4330 Abraham
3427 4288 3477 4330 et

1898 4367 2055 4423 Isaac
2098 4371 2263 4441 226
2301 4381 2349 4424 et
2376 4358 2573 4436 Jdcob,
2631 4372 2768 4425 Deus
2810 4371 3064 4424 exsistenx
3111 4368 3383 4437 ipsorum;
3431 4378 3480 4422 et

220 4456 449 4522 Ἰακὼϐ,
493 4457 637 4525 Θεὸς
670 4457 756 4512 ὢν
795 4456 1028 4512 αὐτῶνθ
1076 4458 1174 4511 καὶ
1214 4458 1280 4510 τὸ
1318 4455 1506 4525 ὄνομά
1525 4473 1645 4524 μου
1681 4456 1792 4509 οὐκ

1906 4476 2081 4515 nomen
2120 4479 2289 4515 meum
2323 4479 2427 4516 non
2458 4465 2688 4517 indicavi
2721 4464 2849 4531 ipsis
2876 4464 2957 4527 7‘;
3010 4470 3266 4530 tanquam
3303 4464 3478 4531 majus

201 4548 491 4619 ἐδήλωσα
522 4549 729 4617 αὐτοῖς
751 4567 765 4580 ·
814 4550 887 4614 ὡς
947 4548 1131 4620 μεῖζον
1170 4548 1475 4619 δηλονότιῆ
1522 4547 1664 4600 ὥστε
1705 4547 1799 4599 ἀν-

180 4641 456 4713 ·θρωπίνῃ
490 4643 627 4714 ἀκοῇ
661 4642 995 4715 χωρηθῆναι.
1040 4641 1289 4711 Εὑνομίῳ
1318 4640 1427 4711 (89)
1469 4639 1546 4704 δὲ,
1579 4641 1656 4702 ὡς
1688 4637 1796 4701 ἔοι-

280 4732 331 4764 ⁷⁸
353 4731 490 4787 Gen.
511 4749 553 4797 ι,
583 4733 709 4798 1,2.
784 4733 833 4764 ’⁸
864 4732 1035 4788 Exod.
1067 4747 1153 4796 ιιι,
1177 4731 1265 4787 15.
1339 4732 1386 4762 ⁷⁸
1410 4730 1583 4784 Exod.
1619 4729 1753 4794 “,2,
1784 4728 1837 4782 5.

281 4826 393 4900 ςεε)
423 4828 559 4900 Editi
603 4828 879 4900 διαφοραὶ,
920 4827 954 4900 ἢ
992 4827 1240 4900 μέγεθος.
1288 4825 1393 4881 Sed
1429 4825 1577 4890 illud,
1612 4825 1645 4897 ἢ
1688 4826 1786 4896 μέ-

200 4898 388 4968 γεθος,
416 4898 1066 4965 delendumcensuimus,
1101 4899 1258 4968 (idem
1279 4906 1523 4968 veterum
1555 4907 1788 4964 quatuor

202 4966 472 5023 librorum
506 4970 698 5024 secuti.
734 4968 840 5023 Nec
880 4969 1037 5022 valde
1072 4967 1357 5023 admodum
1401 4966 1606 5031 dubito,
1654 4968 1787 5035 quin

200 5037 403 5093 melius
438 5038 600 5103 absit,
635 5053 758 5093 cum
782 5039 1058 5106 aliquanto
1114 5047 1241 5092 ante
1270 5052 1370 5091 vox
1400 5035 1564 5104 ὄγκος
1611 5037 1783 5105 posita

201 5110 301 5175 sit,
338 5121 456 5177 quae
482 5123 593 5190 non
634 5123 779 5190 raro,
816 5117 874 5190 ut
911 5118 1095 5189 notum
1139 5115 1243 5172 est,
1278 5108 1419 5190 idem
1457 5107 1599 5190 valet
1641 5108 1785 5174 quod

200 5192 315 5232 vox
354 5176 612 5248 its-{€809
656 5178 881 5233 Accedit
924 5180 1109 5243 etiam,
1152 5183 1293 5247 quod
1331 5177 1428 5231 has
1455 5176 1589 5229 duas
1624 5190 1785 5230 voces

200 5248 489 5318 interpres
524 5257 681 5318 vetus
729 5264 843 5318 non,
879 5250 1180 5318 agnoverit.
1209 5246 1426 5318 _lbidem
1464 5261 1593 5301 mss.
1625 5246 1778 5299 οὐδὲν

201 5317 293 5371 ἄν.
325 5317 526 5371 Vocula
548 5317 613 5372 ἄν
641 5320 693 5371 in
720 5317 880 5374 editis
913 5317 1119 5372 deerat.

277 5384 395 5457 (85)
424 5386 554 5452 Reg.
583 5399 809 5456 quartus
835 5386 1089 5457 γνώσεως
1135 5385 1540 5457 ὑπολέλειπται.
1576 5385 1777 5457 Ibidem

191 5455 879 5530 εᾶῖιὶῥάποκρίνέσθωσαν-
901 5459 1033 5529 ἡμῖν
1070 5459 1120 5511 οἱ
1147 5456 1603 5530 περιφρονοῦντες
1642 5455 1781 5510 πάν-

199 5525 710 5598 ta._Codex'Colb.
752 5541 804 5582 et
847 5525 997 5598 Regii
1033 5540 1142 5583 tres
1171 5525 1264 5589 ita.
1290 5525 1347 5581 ut
1380 5527 1673 5598 edidimus.

276 5596 392 5670 (84)
422 5597 562 5670 Beg.
588 5608 810 5670 quartus
844 5595 954 5654 τῶν
981 5598 1335 5670 ἀνθρωπίνων
1357 5595 1567 5670 παθῶν.

278 5668 391 5750 (85)
417 5667 602 5750 Potest
633 5669 723 5750 hic
755 5669 923 5733 locus.
950 5670 994 5722 si
1018 5667 1338 5750 lli.b'et,_.verti
1364 5677 1418 5750 et
1446 5669 1552 5750 hoc
1565 5668 1778 5750 modo;

202 5746 263 5795 ιτ
282 5736 337 5793 in
368 5736 556 5797 intibus
578 5743 730 5805 inest,
761 5754 847 5793 eos
877 5756 989 5796 vere
1010 5739 1208 5795 diaboli
1243 5738 1670 5794 condemnationi
1699 5736 1782 5792 ob-

1904 4551 2170 4615 videlieet,
2199 4568 2360 4621 quam
2394 4563 2451 4607 ut
2480 4555 2728 4608 humanae
2753 4555 2913 4609 aures
2934 4554 3172 4623 capiant.
3199 4552 3267 4605 At
3294 4550 3479 4606 Euno-

1905 4641 2038 4707 mio,
2072 4653 2131 4697 ut
2160 4645 2396 4711 videtur,
2435 4660 2540 4700 non
2566 4660 2761 4700 nomen
2798 4646 2979 4711 modo,
3007 4642 3103 4698 sed
3128 4643 3291 4697 etiam
3323 4658 3478 4699 suam

1891 4825 2080 4878 noxios
2106 4824 2341 4909 reddere.
2392 4824 2514 4881 Mox
2560 4825 2690 4881 editi
2712 4817 2781 4898 ἧς
2810 4821 3208 4879 καταπατοῦσι.
3241 4822 3309 4877 At
3341 4837 3474 4877 mss.

1889 4910 1995 4948 non
2031 4910 2184 4948 D:II|CI
2210 4910 2299 4948 ην.

1962 4895 2753 5035 Z8513)RWan‘Covedavmg,
2801 4961 3139 5035 negligentia
3162 4976 3469 5035 operarum.

1888 5031 2181 5104 Aliquanto
2230 5042 2355 5105 post
2399 5032 2804 5104 Reg._quartus
2853 5035 2922 5105 τῇ
2954 5031 3141 5085 αὑτοῦ
3192 5031 3476 5103 μεγαλειό-

1886 5120 2028 5159 τητι.
3304 5124 3311 5135 ¹

1921 5122 2072 5244 ηῗὶἒίῐ)
2094 5172 2234 5245 Reg.
2267 5180 2493 5245 quartus
2517 5172 2629 5245 γάρ
2657 5172 2747 5245 μοι
2772 5174 2940 5228 ἐστιν.
2984 5172 3131 5227 Infra
3161 5124 3473 5228 mssamulti

1884 5242 2382 5366 ηῗῗὲιςᾟιῗῧσέῗῖ

1956 5315 2066 5382 (88)
2098 5312 2237 5367 Editi
2262 5323 2314 5368 et
2344 5325 2483 5368 unus
2515 5313 2813 5385 codexgxal.
2841 5313 3032 5385 ὤφθην
3068 5312 3148 5385 τῷ
3184 5312 3468 5385 μ’Λϐραάμ.

1884 5383 1986 5456 Alii
2017 5384 2255 5456 quinque
2288 5399 2428 5456 mss.
2462 5382 2558 5456 xui.
2598 5381 2788 5456 ῷφθην
2818 5381 2955 5455 πρὸς
2986 5381 3268 5455 Ἄϐραάμ,
3298 5381 3355 5437 et
3392 5381 3471 5437 ita

1885 5451 2089 5509 editum
2124 5451 2393 5508 invenitur
2421 5454 2560 5520 apud
2594 5451 2760 5510 LXX.

1959 5524 2071 5594 (89)
2103 5522 2241 5577 Editi
2270 5534 2325 5577 et
2352 5523 2485 5591 Reg.
2514 5532 2787 5595 secundus
2804 5523 3121 5595 χωρηθῆναι
3143 5520 3465 5595 δυνάμενον.

1885 5591 1989 5650 Alii
2027 5591 2137 5665 tres
2188 5591 2670 5665 ηιεεεχωρηθῇναι
2707 5594 2781 5664 μὴ
2806 5591 3144 5665 δυνάμενον.
3183 5591 3339 5665 Regii
3360 5599 3467 5665 duo

1885 5673 1941 5719 et
1964 5664 2117 5719 Colb.
2161 5662 2506 5735 xuipneijvdt.
2539 5662 2811 5735 Εὐνομίῳ,
2835 5676 2889 5718 et
2921 5662 2992 5717 ita
3031 5664 3297 5735 edendum
3323 5662 3470 5730 judi-

1887 5732 2259 5792 cavimus.Et'
2277 5732 2405 5791 vero
2452 5732 2603 5802 illud,
2634 5732 2798 5800 ὥστε,
2832 5735 2969 5805 regit
3010 5733 3332 5791 inﬁnitivum
3365 5746 3469 5801 χω-
