3836 6222
249 307 357 362 545

1339 305 1710 363 ADVERSUS
1749 307 2116 366 EUNOMIUM
2159 309 2287 364 LIB.
2333 311 2372 365 1.

3403 303 3506 361 546

233 418 374 472 θεοῦ
403 417 498 488 τὴν
531 415 718 469 οὐσίαν
753 415 902 485 παρὰ
942 415 1036 469 τοῦ
1077 416 1334 488 Ἰεζεκιὴλ
1379 417 1665 487 διδαχθεὶς,
1723 419 1808 471 πά·

1923 422 2107 488 tur”;
2135 432 2298 490 atque
2331 423 2434 476 hoc
2465 429 2622 491 pacto
2656 436 2760 474 non
2807 420 2974 474 falsas
2999 420 3195 484 solum,
3233 421 3330 475 sed
3366 423 3504 476 inter

233 511 320 562 λιν
347 509 459 578 πῦρ
485 502 621 560 εἶναι
641 506 731 559 τὸν
761 506 893 558 Θεὸν
925 506 1072 576 παρὰ
1106 507 1198 560 τοῦ
1229 508 1474 571 Μωσέως
1507 509 1818 572 ἀκούσεται,

235 601 332 654 καὶ
377 599 526 670 παρά
554 597 646 650 τοῦ
682 597 845 667 σοφοῦ
893 599 1094 670 Δανιὴλ
1141 599 1278 669 πρὸς
1315 599 1480 662 ἄλλας
1522 601 1820 672 ὑπολήψεις

235 689 702 760 ἁπενεχθήσεται·
762 690 855 741 καὶ
883 689 1056 752 οὕτως
1100 689 1159 741 οὑ
1210 689 1425 758 ψευδεῖς
1459 691 1639 760 μόνον,
1689 691 1824 744 ἀλλὰ

235 784 334 836 καὶ
367 781 678 853 μαχομένας
707 780 962 852 ἀλλήλαις
996 781 1061 834 ὲκ
1092 781 1199 834 τῶν
1219 782 1570 853 Γραμμάτων
1599 783 1826 856 εὑρεθή-

241 889 399 926 σεται
445 871 542 934 τὰς
575 872 876 940 φαντασίας
910 871 1324 943 ἀναλεγόμενος.
1374 874 1689 944 Ἀφεμένοις
1717 875 1826 946 (95)

235 962 334 1019 οὖν
357 966 457 1036 τῆς
482 965 624 1018 κατά
648 965 747 1036 τὴν
770 965 958 1018 οὐσίαν
991 965 1523 1037 πολυπραγμοσύνης
1555 967 1630 1030 ὡς
1661 968 1826 1036 ἀνεφ-

241 1060 420 1124 ίκτου,
453 1061 518 1128 τῇ
558 1058 702 1129 ἁπλῇ
723 1058 1040 1128 παραινέσει
1071 1059 1164 1112 τοῦ
1196 1059 1520 1112 Ἀποστόλου
1551 1060 1822 1120 πειστέον,

234 1149 527 1217 λέγοντος·
564 1149 894 1202 Πιστεῦσαι
947 1147 1058 1216 γὰρ
1105 1147 1201 1200 δεῖ
1246 1146 1504 1215 πρῶτον,
1562 1147 1651 1200 ὅτι
1694 1149 1827 1201 ἔστι

237 1241 408 1306 Θεὸς,
437 1239 532 1294 καὶ
582 1238 708 1305 τοῖς
749 1237 1102 1305 ἐκζητοῦσιν
1144 1239 1330 1292 αὑτὸν
1373 1241 1824 1308 μισθαποδότης

231 1333 483 1401 γίνεται.
520 1331 594 1382 Οὑ
628 1329 794 1400 γάρή
832 1330 928 1382 τοῦ
957 1331 1010 1382 τί
1043 1331 1192 1383 ἐστιν
1231 1330 1602 1402 ὲξερεύνησις,
1642 1332 1757 1385 ἀλλ’
1787 1336 1820 1404 ἡ

231 1422 331 1476 τοῦ
361 1425 443 1476 ὃτι
475 1421 622 1474 ἐστιν
655 1421 912 1491 ὁμολογία
951 1421 1048 1492 τὴν
1090 1423 1361 1492 σωτηρίαν
1398 1424 1528 1493 ἡμῖν
1565 1422 1678 1494 (96)
1713 1441 1822 1476 πα-

237 1513 588 1586 ρασκευάζει.
625 1513 778 1568 Ἐπεὶ
817 1508 909 1565 οὖν
944 1513 1298 1584 ἀπερινόητος
1331 1513 1620 1585 ἀνθρώπου
1661 1515 1820 1584 φύσει

233 1609 330 1660 καὶ
361 1608 596 1677 άρῤητος
625 1605 901 1669 παντελῶς
922 1608 954 1676 ὴ
976 1606 1130 1658 οὑσία
1151 1605 1242 1658 τοῦ
1268 1605 1402 1658 Θεοῦ
1424 1607 1818 1671 ἀποδέδεικται,

1929 525 1988 564 se
2017 511 2178 564 etiam
2213 520 2512 581 pugnantes
2539 511 2954 579 imaginationes
2973 525 3039 563 ex
3067 509 3367 580 Scripturis
3400 514 3504 563 col-

1931 603 2093 670 ligere
2135 603 2458 671 reperietur.
2488 601 2722 655 Proinde
2748 601 2963 654 curiosa
3003 599 3252 652 essentia
3279 597 3502 668 indaga-

1933 696 2096 755 tione,
2125 703 2380 762 tanquam
2408 709 2529 763 quin
2557 703 2771 762 captum
2797 703 3040 746 nostrum
3066 699 3312 758 superet,
3339 689 3504 762 227

1933 785 2139 848 relicta,
2171 786 2499 839 credendum
2539 786 2694 839 nobis
2724 792 2806 838 est
2839 784 3066 853 simplici
3101 781 3333 836 consilio
3363 784 3502 850 Apo~

1927 877 2070 938 stoli,
2121 877 2210 945 qui
2247 877 2374 930 dicit
2412 893 2426 930 :
2467 875 2606 930 Nam
2651 878 2876 946 primum
2908 876 3116 930 credere
3149 883 3372 944 oportet,
3396 891 3506 928 esse

1928 966 2114 1030 Deum,
2142 977 2190 1021 et
2211 983 2322 1022 esse
2350 981 2796 1022 remuneratorem
2828 968 3184 1038 quwrentibus
3219 984 3273 1021 se
3293 967 3359 1019 δι.
3385 966 3502 1022 Non

1927 1060 2069 1113 enim
2115 1059 2458 1126 investigatio
2515 1075 2618 1128 qua
2653 1069 3060 1128 perscrutamur
3104 1059 3233 1128 quid
3276 1059 3366 1123 sit,
3409 1060 3504 1113 sed

1928 1149 2198 1205 confessio
2233 1165 2340 1219 qua
2371 1151 2546 1220 ipsum
2572 1164 2692 1206 esse
2717 1151 3063 1215 confitemur,
3093 1151 3320 1205 salutem
3349 1151 3506 1204 nobis

1927 1243 2202 1298 conciliat.
2237 1242 2417 1310 Quare
2439 1257 2561 1297 cum
2609 1243 3038 1298 demonstratum
3074 1243 3164 1307 sit,
3211 1242 3502 1298 essentiam

1930 1333 2022 1387 Dei
2067 1333 2134 1387 ab
2173 1333 2404 1386 humana
2430 1341 2621 1386 natura
2669 1331 2890 1402 intelligi
2941 1347 3004 1387 ac
3041 1331 3298 1401 explicari
3357 1330 3503 1384 nullo

1929 1423 2088 1477 modo
2117 1435 2276 1490 posse
2297 1461 2312 1486 ,
2353 1421 2620 1490 reliquum
2647 1431 2726 1475 est
2757 1432 2815 1474 ut
2851 1421 2918 1475 de
2957 1422 3068 1489 ipsa
3097 1421 3504 1490 ingeneratione

1929 1513 2266 1582 inquiramus
2307 1514 2434 1582 quid
2465 1513 2557 1576 sit,
2607 1522 2664 1567 et
2692 1515 2959 1582 quomodo
3009 1526 3127 1567 eam
3163 1513 3217 1568 in
3247 1511 3358 1568 Deo
3382 1513 3505 1568 uui-

1928 1617 2210 1658 versorum
2249 1603 2606 1670 speculemur.

231 1697 553 1770 λειπόμενόν
605 1701 720 1750 ἐστι
763 1699 894 1767 περὶ
957 1698 1056 1768 τῆς
1099 1698 1426 1770 ἀγεννησίας
1482 1701 1652 1772 αὐτῆς
1701 1700 1753 1754 τί
1791 1699 1852 1752 τέ
1888 1699 2024 1763 ἐστι,
2055 1697 2150 1750 καὶ
2189 1695 2308 1760 πῶς
2357 1697 2737 1768 ὲπιθεωρεῖται
2785 1695 2864 1767 τῷ
2890 1695 3008 1768 θεῷ
3048 1695 3158 1750 τῶν
3199 1695 3336 1750 ὅλων
3363 1693 3503 1760 διεξ,

231 1791 430 1844 ελθείν.

305 1881 395 1935 15.
430 1881 766 1953 Εὑρίσκομεν
811 1875 904 1934 οῦν
957 1880 1320 1952 λογιζόμενοι,
1381 1883 1464 1936 ὅτι
1511 1884 1612 1937 οὑκ
1659 1885 1717 1937 ὲν
1749 1885 1808 1955 τῇ

1994 1878 2084 1932 l5.
2145 1875 2468 1946 Reperimus
2530 1877 2716 1948 itaque
2777 1891 2892 1932 rem
2959 1885 3294 1946 reputantes,
3355 1877 3500 1945 quod

228 1973 324 2026 τοῦ
366 1973 418 2025 τί
451 1975 598 2026 ἐστιν
631 1975 981 2044 ἀνερευνήσει
1012 1975 1044 2044 ἡ
1089 1973 1184 2026 τοῦ
1229 1975 1526 2046 ἀγεννήτου
1566 1977 1698 2046 ἡμῖν
1733 1975 1817 2028 ἐν·

228 2083 349 2118 νοια
371 2067 687 2130 ὑποπίπτει,
714 2065 849 2118 ἀλλά
875 2065 1094 2136 μᾶλλον,
1125 2067 1210 2120 ἵνα
1241 2067 1574 2138 βιασάμενος
1601 2067 1712 2139 (97)
1747 2068 1816 2120 εί-

229 2177 320 2211 πω
346 2159 438 2212 τὸν
463 2159 640 2228 λόγον,
674 2161 731 2212 ὲν
754 2161 820 2230 τῇ
851 2158 946 2212 τοῦ
982 2161 1130 2222 ὅπως
1167 2160 1333 2214 ἐστίν.
1383 2158 1680 2227 Ἐξετάζων
1707 2159 1816 2230 γὰρ

229 2250 388 2320 ἡμῶν
408 2251 436 2303 6
463 2249 608 2314 νοῦς,
629 2251 679 2302 εί
711 2252 738 2304 ὁ
761 2251 853 2303 ἐπὶ
879 2250 1096 2305 πάντων
1119 2251 1252 2314 Θεὸς
1275 2252 1467 2304 ἑαυτοῦ
1487 2269 1606 2304 τινα
1636 2252 1814 2306 αἰτίαν

227 2341 630 2412 ὑπερκειμένην
681 2341 812 2411 ἔχει,
849 2337 968 2394 εἶτα
1006 2342 1066 2394 οὐ
1111 2342 1406 2413 δυνάμενος
1454 2345 1692 2396 ἐπινοεῖν
1721 2345 1814 2396 οὑ-

225 2433 442 2503 δεμίαν,
475 2433 534 2486 τὸ
563 2433 796 2504 ἄναρχον
823 2433 987 2486 αὑτοῦ
1021 2434 1120 2504 τῆς
1151 2433 1298 2504 ζωῆς
1325 2435 1616 2505 ἀγέννητον
1648 2453 1816 2508 προσ-

225 2527 550 2598 ηγόρευσεν.
601 2527 688 2590 Ὠς
719 2526 830 2597 γάρ
857 2528 915 2580 ὲν
953 2529 1064 2589 τοῖς
1101 2527 1226 2598 περὶ
1255 2526 1364 2580 τῶν
1397 2527 1700 2599 ἀνθρώπων
1723 2528 1814 2580 λό-

226 2635 366 2686 γοις,
393 2621 522 2672 ὅταν
552 2619 804 2690 λέγωμεν
833 2620 936 2682 ὅτι,
967 2619 1024 2673 '0
1044 2617 1188 2671 δεῖνα
1218 2621 1282 2671 ὲκ
1310 2619 1464 2672 τοῦδε
1491 2619 1732 2689 γέγονεν,
1751 2620 1810 2672 οὑ

224 2711 288 2764 τὸ
308 2711 362 2764 τί
389 2714 534 2764 ὲστιν
567 2713 821 2775 ἑκάστου,
852 2711 986 2765 ἀλλά
1007 2711 1070 2764 τὸ
1093 2709 1213 2764 ὅθεν
1238 2711 1426 2780 γέγονε
1455 2711 1809 2782 διηγούμεθα·

228 2805 376 2858 οὕτω
404 2807 499 2860 καὶ
532 2808 590 2858 ἐν
622 2809 733 2870 τοῖς
758 2808 883 2877 περὶ
907 2804 1042 2857 Θεοῦ
1073 2805 1105 2876 ή
1135 2806 1463 2873 ἀγέννητος
1491 2804 1641 2875 φωνὴ
1663 2806 1721 2857 οὑ
1753 2805 1813 2858 τὸ

225 2897 302 2960 τί,
332 2896 468 2949 ἀλλά
493 2895 556 2948 τὸ
583 2895 693 2967 (98)
726 2895 1039 2966 μηδαμόθεν
1070 2893 1235 2949 αὑτοῦ
1271 2894 1546 2964 σημαίνει.
1583 2894 1738 2948 Οῦτω
1765 2897 1810 2950 δ’

225 2988 292 3041 ἂν
325 2989 653 3060 σαφέστερον
680 2989 708 3040 ὃ
737 2987 878 3056 λέγω
908 2989 1138 3056 γένοιτο.
1181 2987 1238 3038 Ὁ
1262 2986 1651 3058 εὑαγγελιστὴς
1676 2991 1813 3042 Λου-

224 3081 352 3141 κᾶς,
383 3080 483 3150 τὴν
513 3079 654 3133 κατά
687 3079 866 3150 σάρκα
896 3065 1248 3146 γενεαλογίαν
1280 3076 1374 3128 τοῦ
1401 3077 1536 3131 Θεοῦ
1573 3079 1666 3132 καὶ
1699 3080 1812 3132 Σω-

232 3172 392 3243 τῆρος
435 3172 592 3242 ήμῶν
645 3171 819 3244 Ἰησοῦ
869 3173 1102 3243 Χριστοῦ
1154 3172 1520 3244 ἐκτιθέμενος,
1557 3173 1652 3225 καὶ
1703 3172 1811 3226 ἀπὸ

231 3267 332 3320 τῶν
364 3267 690 3320 τελευταίων
719 3268 814 3320 ἐπὶ
853 3267 982 3331 τοὺς
1021 3267 1273 3338 πρώτους
1319 3266 1677 3330 ἀναποδίζων,
1707 3268 1808 3337 ἧρ-

223 3359 353 3424 ξατο
389 3359 489 3429 μὲν
527 3358 635 3412 ἀπὸ
665 3357 760 3410 τοῦ
802 3359 1032 3429 Ἰωσήφ·
1081 3356 1250 3410 εἰπὼν
1283 3358 1341 3410 δὲ
1369 3357 1559 3410 τοῦτον
1588 3358 1684 3427 μὲν
1717 3355 1810 3410 τοῦ

230 3451 406 3516 Ἦλεὶ,
445 3451 538 3504 τὸν
580 3451 636 3504 δὲ
667 3449 762 3504 τοῦ
792 3451 1052 3513 Ματθάν,
1085 3449 1180 3502 καὶ
1223 3449 1366 3502 οὕτω
1413 3450 1557 3503 κατὰ
1609 3449 1810 3502 ἀνάλυ-

219 3562 310 3598 σιν
357 3543 466 3615 (99)
518 3545 652 3614 πρὸς
691 3545 783 3597 τὸν
839 3543 1010 3612 Ἀδὰμ
1045 3542 1142 3612 τὴν
1189 3543 1449 3612 ἐξήγησιν
1497 3541 1808 3609 ἐπανάγων,

221 3630 343 3688 εἶτα
377 3632 546 3687 ἐλθὼν
593 3633 686 3686 ἐπὶ
723 3633 850 3695 τοὺς
893 3632 1026 3694 ἄνω,
1065 3633 1160 3684 καὶ
1218 3630 1386 3683 εἰπὼν
1421 3632 1502 3683 ὅτι
1536 3632 1564 3681 6
1599 3630 1704 3701 Σὴθ
1745 3631 1810 3683 ὲκ

225 3726 316 3781 τοῦ
363 3726 559 3797 Ἀδὰμ,
594 3728 622 3780 6
669 3725 728 3778 δὲ
773 3723 944 3793 Ἀδὰμ
989 3724 1054 3776 ὲκ
1101 3720 1193 3775 τοῦ
1231 3721 1388 3786 Θεοῦ,
1430 3719 1663 3774 ἐνταῦθα
1709 3723 1812 3792 τῆς

219 3819 544 3881 ἀναϐάσεως
577 3817 794 3886 έληξεψ
831 3817 952 3886 οὐχὶ
978 3813 1081 3878 τὰς
1129 3813 1316 3875 οὐσίας
1349 3813 1426 3880 (1)
1461 3813 1568 3865 τῶν
1603 3812 1808 3883 ἀπηρι-

217 3911 518 3984 θμημένων
558 3909 736 3980 δηλῶν
769 3911 826 3960 ὲν
859 3910 924 3978 τῇ
970 3907 1218 3977 διηγήσει
1251 3905 1348 3976 τῆς
1383 3904 1616 3958 ἑκάστου
1654 3905 1809 3973 γενέ-

217 4022 382 4068 σεως,
414 4003 549 4058 ἀλλά
577 4003 677 4064 τὰς
715 4003 1000 4074 προσεχεῖς
1031 3999 1205 4070 ἀρχὰς
1237 3999 1329 4067 ἀφ’
1363 3991 1432 4069 ἧς
1455 3997 1686 4060 ἕκαστος
1717 3997 1810 4066 γέ-

215 4112 380 4164 γονεν
419 4095 787 4165 ἐκτιθέμενος.
826 4093 1036 4162 Ὥσπερ
1070 4087 1162 4143 οὖν
1198 4089 1405 4151 ἐκεῖνος
1445 4083 1620 4151 εἶπεν,
1651 4087 1732 4139 ὅτι
1777 4086 1806 4139 6

1919 1987 2025 2026 non
2070 1971 2124 2024 in
2183 1969 2537 2034 scrutatione,
2595 1984 2700 2040 qua
2747 1970 2874 2038 quid
2916 1969 2988 2024 sit
3027 1979 3354 2033 scrutamur,
3415 1969 3500 2024 in-

1917 2063 2083 2134 geniti
2146 2062 2302 2117 nobis
2367 2061 2516 2116 notio
2575 2063 2782 2117 accedit
2831 2080 2846 2118 :
2893 2062 2987 2117 sed
3033 2062 3232 2131 potius,
3289 2069 3350 2115 ut
3403 2075 3495 2115 co-

1917 2164 2068 2209 actus
2107 2153 2428 2208 sententiam
2457 2153 2653 2220 dicam,
2707 2153 2758 2208 in
2785 2152 3137 2218 scrutatione,
3187 2167 3294 2224 qua
3342 2165 3498 2206 scru-

1917 2255 2097 2301 tamur
2153 2245 2426 2316 quomodo
2480 2245 2571 2300 sit.
2632 2244 2766 2300 Nam
2825 2261 2944 2300 cum
2981 2261 3133 2301 mens
3173 2253 3360 2301 nostra
3403 2260 3501 2300 ex-

1913 2343 2101 2412 pendit
2147 2357 2216 2398 an
2271 2342 2415 2398 Deus
2459 2342 2552 2411 qui
2604 2350 2690 2398 est
2739 2355 2903 2410 super
2955 2343 3136 2397 omnia
3155 2342 3226 2408 ³⁵,
3277 2357 3495 2398 causam

1915 2435 2152 2504 aliquam
2206 2447 2266 2490 se
2314 2433 2654 2504 superiorem
2697 2432 2918 2501 habeat,
2952 2447 3053 2489 nec
3103 2445 3280 2490 tamen
3333 2433 3496 2488 ullam

1915 2528 2232 2596 excogitare
2261 2535 2470 2596 potest,
2512 2526 2632 2596 ejus
2672 2526 2836 2580 vitam
2872 2525 3140 2596 principio
3181 2533 3456 2580 carentem
3479 2565 3496 2590 ,

1915 2620 2213 2689 ingenitum
2241 2617 2562 2688 Iappellavit.
2601 2617 3070 2684 Quemadmodum
3105 2619 3254 2672 enim
3285 2617 3340 2672 in
3386 2633 3499 2672 ser-

1915 2711 2165 2766 monibus
2199 2711 2290 2780 qui
2325 2709 2393 2765 de
2423 2710 2737 2764 hominibus
2777 2709 3155 2774 instituuntur,
3197 2724 3322 2763 cum
3357 2708 3496 2763 dici-

1915 2817 2073 2858 mus:
2109 2802 2209 2857 Hic
2237 2817 2305 2857 ex
2333 2801 2426 2856 illo
2461 2811 2623 2856 natus
2654 2810 2776 2868 est;
2807 2815 2914 2855 non
2944 2801 3070 2870 quid
3101 2803 3193 2864 sit,
3229 2803 3324 2858 sed
3358 2803 3498 2856 unde

1913 2905 2072 2952 natus
2099 2896 2192 2958 sit,
2221 2908 2508 2948 narramus
2534 2911 2546 2947 :
2575 2893 2656 2947 sic
2677 2901 2732 2946 et
2760 2893 2813 2945 in
2839 2893 2905 2947 iis
2925 2895 3015 2962 qui
3055 2893 3120 2948 de
3147 2893 3256 2948 Deo
3289 2893 3496 2947 haben-

1915 2997 2002 3042 tur
2030 2985 2390 3050 sermonibus,
2419 2998 2520 3038 vox
2543 2983 2804 3052 ingenitus
2829 2997 2934 3037 non
2962 2983 3091 3056 quid
3121 2985 3213 3050 sit,
3244 2985 3340 3037 sed
3367 2999 3492 3040 eum

1913 3081 1980 3135 ab
2011 3079 2120 3136 alio
2163 3093 2273 3133 non
2318 3091 2441 3134 esse
2490 3077 2780 3146 significat.
2828 3077 2980 3144 Quod
3016 3084 3196 3132 autem
3231 3077 3391 3144 dico,
3445 3076 3498 3134 id

1912 3172 2016 3228 hoc
2047 3175 2210 3229 modo
2239 3173 2331 3230 ﬁet
2357 3173 2531 3243 magis
2559 3174 2931 3239 perspicuum.
2955 3173 3132 3228 Lucas
3160 3171 3491 3242 evangelista

1914 3264 2284 3336 genealogiam
2335 3267 2426 3320 Dei
2467 3277 2522 3321 et
2569 3266 2869 3322 Salvatoris
2916 3267 3088 3321 nostri
3125 3265 3250 3322 Jesu
3288 3266 3492 3321 Christi

1913 3358 2208 3412 secundum
2241 3371 2460 3412 carnem
2491 3373 2790 3427 exponens,
2820 3367 2876 3412 et
2921 3357 2990 3412 ab
3035 3357 3245 3414 ultimis
3278 3357 3344 3412 ad
3380 3358 3493 3426 pri-

1913 3461 2031 3504 mos
2054 3448 2286 3511 rediens,
2323 3447 2526 3518 incepit
2551 3449 2772 3519 quidem
2803 3463 2828 3502 a
2853 3447 3056 3520 Joseph
3081 3464 3098 3503 :
3125 3449 3221 3505 sed
3245 3448 3334 3504 ubi
3359 3450 3495 3503 dixit

1915 3539 2060 3594 hunc
2107 3537 2225 3592 Heli
2274 3553 2418 3604 esse,
2463 3541 2608 3594 hunc
2637 3554 2767 3595 vero
2801 3541 3042 3607 lliathan,
3079 3541 3268 3610 sicque
3303 3541 3496 3596 ordino

1915 3631 2132 3686 inverso
2166 3633 2230 3685 ad
2259 3631 2433 3685 Adam
2460 3647 2638 3702 usque
2660 3634 3037 3688 narrationem
3071 3632 3345 3703 perduxit,
3380 3643 3490 3694 tum

1917 3723 1986 3777 ad
2023 3723 2338 3792 superiores
2381 3739 2724 3794 progressus,
2757 3739 2879 3778 cum
2931 3724 3160 3778 dixisset
3203 3722 3336 3780 Seth
3371 3739 3493 3779 esse

1915 3829 1982 3868 ex
2013 3815 2206 3880 Adam,
2239 3817 2411 3870 Adam
2437 3831 2568 3871 vero
2595 3831 2662 3872 ex
2697 3816 2826 3882 Deo,
2859 3817 2949 3870 hic
2987 3831 3274 3872 ascensum
3309 3817 3494 3870 termi-

1915 3904 2067 3958 navit
2095 3906 2160 3958 “.
2194 3906 2300 3960 Nec
2331 3915 2534 3972 tamen,
2575 3921 2698 3961 cum
2730 3906 3162 3978 uniuscujusque
3186 3909 3492 3978 generatio-

1915 4011 2038 4051 nem
2073 4008 2342 4065 narraret,
2385 4013 2574 4054 eorum
2611 4000 2702 4070 qui
2745 4001 3050 4057 enumerati
3091 4001 3312 4056 fuerant
3345 4001 3492 4055 indi-

1913 4089 2057 4142 cavit
2089 4091 2394 4145 essentias:
2429 4089 2528 4147 sed
2553 4090 2793 4162 origines
2824 4092 3101 4162 proximas
3127 4092 3272 4147 unde
3308 4105 3486 4147 unus-

287 4278 336 4312 ⁸³
363 4277 496 4331 Dan.
535 4289 631 4340 vn,
662 4275 718 4328 9.
791 4272 838 4306 ⁸⁷³
869 4271 1034 4327 Hebr.
1063 4285 1142 4334 ιιι,
1171 4269 1224 4322 6.
1299 4267 1343 4298 ⁸³
1371 4265 1532 4320 Rom.
1567 4280 1642 4328 ις,
1675 4262 1726 4317 5.

1917 4279 2021 4319 .uc.
2055 4279 2137 4330 ιιι,
2165 4265 2357 4322 25-58.

297 4439 408 4512 (95)
441 4439 618 4512 Codex
646 4451 810 4512 unus
850 4432 1178 4503 ἀφεμένους.
1212 4429 1316 4512 Alii
1347 4431 1789 4512 quinque'mss.

2111 4423 2271 4512 illud.
2301 4427 2384 4508 ἵνα
2418 4425 2923 4512 βιασάμενοςηειιεη
2965 4427 3485 4512 italvertetlat‘i‘nter-

217 4497 344 4566 cuiu
382 4497 612 4576 vulgatis
635 4497 975 4576 ἀφεμένοιςξ
1005 4516 1166 4576 quam
1196 4502 1520 4576 scripturam
1541 4497 1792 4549 vitiosam

215 4595 342 4636 esse
367 4567 722 4632 Cornbelisius
747 4567 978 4646 "credidit
1005 4567 1110 4637 {et
1137 4571 1217 4646 ita
1247 4571 1388 4646 hunc
1412 4567 1585 4646 locum
1614 4580 1801 4646 emen-

213 4635 388 4712 davit,
426 4659 482 4702 ut
513 4663 609 4716 pro
631 4643 924 4715 ἀφεμένοις
953 4635 1093 4710 legat
1114 4639 1425 4716 ἀφεμένης.
1457 4635 1654 4690 Fateor
1683 4635 1801 4702 qui-

219 4723 344 4776 dem
391 4712 532 4771 hanc
561 4712 996 4785 emendationem
1045 4712 1222 4785 primo
1266 4716 1486 4785 aSpectu
1551 4719 1802 4785 necessa-

221 4775 362 4845 riam
389 4787 558 4842 videri
613 4803 628 4840 :
667 4786 761 4840 sed
803 4785 846 4838 si
899 4775 1162 4850 quispiam
1195 4775 1518 4850 reni'paulo
1543 4775 1798 4850 attentius

218 4843 551 4914 consideret.
601 4854 888 4910 lectionem
916 4843 1077 4905 aliain
1109 4847 1323 4904 defendi
1361 4843 1518 4914 posse
1556 4843 1798 4914 fortasse

219 4945 329 4983 non
371 4913 608 4996 negabit,
643 4936 753 4978 tum
790 4923 860 4978 ob
881 4933 1206 4996 consensum
1239 4913 1481 4996 veterum
1515 4913 1794 4996 librorum,

219 5009 336 5055 tum
360 4985 500 5065 quod
527 4985 630 5049 vox
656 4996 789 5065 ἡμῖν
823 4991 992 5065 possit
1027 4985 1286 5065 suppleri,
1323 4987 1431 5065 hoc
1450 4985 1608 5036 modo
1635 4999 1648 5036 :
1678 4997 1798 5065 erat:

217 5053 391 5122 στέον’
408 5067 538 5137 ἡμῖν
566 5053 858 5137 ἀφεμένοις
884 5061 982 5137 τῆς
1021 5053 1159 5111 κατὰ
1183 5053 1501 5137 τὴνιοὺσίαν
1543 5091 1557 5106 .
1583 5090 1638 5137 .-τ
1663 5089 1676 5102 .
1728 5053 1793 5122 τῇ

145 5185 154 5194 .
215 5139 390 5210 ἁπλῇ,
423 5125 530 5190 ἓιο.
573 5125 763 5197 Νόίῖὶδ,
806 5125 1072 5210 curiosum
1111 5125 1350 5210 assentire
1398 5125 1794 5210 ipdagqtionept

215 5192 596 5268 omiiientibus,
645 5192 962 5256 credendum
994 5207 1074 5268 est
1100 5195 1343 5268 simplici.
1385 5201 1490 5268 etc.
1524 5192 1593 5246 Et
1645 5200 1795 5268 certe

215 5259 595 5331 cumWLatine'
627 5273 732 5326 dici
767 5271 959 5344 possit,
986 5259 1504 5344 nobisncredendum
1538 5271 1612 5344 est
1660 5259 1796 5344 ᾼρρ-

214 5348 380 5410 stolo,
423 5362 528 5400 non
576 5345 730 5396 video
765 5331 863 5412 cur
899 5339 1084 5394 Graace
1129 5335 1233 5390 dici
1283 5349 1405 5412 nou_
1438 5333 1626 5400 possit,
1658 5331 1792 5412 ἡμῖν

215 5402 469 5470 πειστέον
501 5413 580 5480 τῷ
613 5410 922 5480 Ἀποστόλῳ
980 5426 993 5462 :
1027 5421 1134 5480 quo
1165 5402 1342 5480 semel
1375 5403 1521 5480 dato,
1564 5415 1664 5480 vox

213 5467 435 5556 εμενοις
453 5467 529 5539 ad
552 5467 744 5556 .vocetn
758 5467 904 5551 ἡμῖν’
921 5488 1012 5556 aut
1037 5467 1105 5556 ad
1133 5475 1360 5556 similent
1382 5470 1664 5523 referetur.
1688 5470 1792 5556 be-

215 5541 364 5625 gitur
391 5541 444 5609 in
497 5569 602 5609 uno
630 5541 812 5625 codice
837 5559 891 5603 et
921 5551 972 5602 iu
1021 5545 1266 5625 vulgatis.
1285 5541 1538 5608 λέγοντος
1565 5555 1792 5592 πιστευ-

211 5613 357 5681 ¹ἷὲέον.
389 5626 494 5680 Alii
518 5640 649 5679 mss.
677 5622 881 5676 habent
915 5615 1184 5692 πειστέον,
1211 5613 1482 5692 λέγοντοςς
1551 5677 1576 5690 _
1695 5679 1710 5692 _

287 5677 678 5766 igiii—Eiditiie!
717 5705 855 5766 littus
909 5691 1077 5741 codex
1122 5677 1395 5754 σωτηρίαν
1459 5677 1636 5750 ’δμῶ’
1683 5677 1788 5736 Am

215 5763 453 5838 quinque
483 5779 614 5819 mss.
652 5763 804 5832 ἡμῖν.

493 5860 768 5922 ΡΔΤιιοι..
815 5853 934 5915 Gn.
980 5849 1215 5911 XXIX-

1906 4509 2072 4564 presp:
2106 4504 2162 4546 ut
2197 4499 2348 4564 quasi
2375 4507 2588 4550 coactus
2622 4501 2720 4550 hoc
2755 4499 2928 4550 dicam
2953 4499 3183 4554 verbum.
3219 4499 3287 4552 At
3317 4499 3480 4554 Com-

1904 4562 2146 4626 belisius,
2171 4562 2371 4631 reiecta
2397 4566 2500 4620 hac
2528 4567 2992 4634 interpretatione,
3025 4569 3166 4621 hunc
3192 4568 3366 4624 locum
3399 4571 3480 4625 sic

1903 4635 2172 4706 erpressit
2197 4651 2210 4688 :
2243 4648 2301 4688 ut
2330 4635 2628 4690 doctrinam
2656 4637 2891 4706 proferre
2935 4639 3097 4690 nitar.
3136 4638 3357 4693 Videtur
3383 4639 3482 4694 Ba-

1903 4703 2057 4758 silius
2109 4703 2212 4773 lioc
2249 4708 2364 4758 loco
2388 4703 2664 4760 exrttsare
2696 4703 2761 4760 se
2783 4707 2850 4762 de
2885 4707 3104 4762 minutis
3153 4707 3259 4762 illis
3287 4709 3476 4773 rebus.

1901 4787 2020 4840 qua:
2055 4771 2122 4825 ad
2147 4775 2368 4846 scholas
2395 4780 2688 4846 pertinent,
2710 4785 2764 4830 et
2789 4777 2854 4829 ad
2879 4777 3289 4846 grammaticam
3315 4796 3328 4844 ;
3366 4771 3476 4833 tuo;

1903 4853 2102 4916 netqne
2147 4843 2371 4916 invitum
2410 4861 2468 4899 se
2519 4845 2602 4900 liis
2633 4847 2686 4899 in
2713 4846 2863 4916 tricis
2884 4843 3113 4900 inorari.
3141 4847 3219 4901 Ex
3245 4863 3352 4916 quo
3383 4850 3464 4903 inv

1902 4911 2162 4984 telligitur
2184 4913 2684 4984 interpretationem
2715 4915 3056 4984 Trapezuntii
3103 4932 3132 4970 a
3165 4911 3343 4973 mente
3371 4918 3473 4973 Ba-

1899 4981 2004 5050 silii
2039 4994 2142 5033 non
2181 4983 2254 5036 ita
2297 4981 2525 5038 alienam
2554 4985 2745 5050 videri,
2785 4981 2886 5040 nec
2910 4995 3017 5040 tam
3052 4985 3210 5042 facile
3242 5003 3271 5042 a
3307 4987 3471 5045 Cont—

1898 5049 2086 5120 befisio
2117 5053 2388 5120 repudiari
2418 5055 2682 5108 debuisse.

1969 5118 2081 5189 (98)
2121 5118 2303 5176 codex
2343 5137 2481 5176 unus
2513 5124 2573 5176 οὐ
2607 5123 2668 5176 τὸ
2704 5125 2756 5178 τί
2804 5125 2973 5190 ἐστιν,
3024 5124 3160 5179 ἀλλὰ
3211 5127 3292 5180 τό.
3350 5127 3470 5184 Mox

1894 5190 2026 5312 gili‘ti
2073 5198 2128 5244 et
2181 5205 2324 5248 unus
2368 5207 2468 5247 tus.
2513 5193 2712 5248 οὑτωσὶ
2763 5195 2808 5248 δ’
2848 5195 2934 5248 ἄν.
2981 5195 3088 5250 Alii
3149 5211 3278 5252 mss.
3330 5198 3473 5252 οὑτω

2003 5277 2051 5311 ν.

2003 5277 2051 5311 ν.

1969 5328 2079 5412 (ii?)
2119 5328 2284 5412 Illud,
2337 5331 2477 5386 κατά
2529 5333 2630 5403 τὴν
2681 5334 2960 5412 ἀνάλυσιν,
3013 5335 3083 5390 ita
3122 5337 3199 5412 ad
3243 5337 3468 5394 verbum

1901 5405 2396 5471 vertitqinlerpres
2443 5420 2454 5454 :
2509 5419 2604 5471 per
2675 5407 3065 5460 resolutionem.
3119 5405 3217 5460 Est
3288 5419 3470 5463 autem

1893 5482 2061 5540 genus
2093 5468 2383 5536 loquendi,
2429 5468 2538 5540 quo
2579 5472 2753 5529 Graeci
2791 5476 2866 5529 uti
2906 5476 3176 5540 solebant,
3224 5491 3348 5532 cum
3385 5493 3473 5534 res

1895 5538 2074 5607 aliqua
2131 5540 2348 5595 inverso
2400 5538 2591 5596 ordine
2643 5557 2804 5614 atque
2859 5538 3196 5616 praepostero
3250 5548 3470 5604 dioere-

1893 5617 1999 5661 tur.

1963 5677 2040 5749 (1)
2078 5678 2299 5748 Antiqui
2347 5689 2457 5735 tres
2499 5680 2622 5735 libri
2671 5685 2731 5736 οὑ
2778 5683 2880 5748 τὰς
2925 5685 3135 5749 οὐσίας.
3184 5686 3304 5744 Mox
3341 5687 3468 5744 editi

1892 5747 2206 5818 ἐκθέμενος.
2226 5747 2304 5806 Αι
2345 5765 2476 5807 mss.
2506 5752 2656 5820 multi
2685 5747 3056 5826 ἐκτιθέμενος.

3081 5849 3154 5908 18
