3836 6222
349 288 457 347 54³1

1671 279 1727 335 S.
1774 279 2019 337 BASlLll
2061 278 2280 337 ΜΔΕ-Νι

3512 270 3610 326 548

346 412 579 482 quisque
606 412 764 459 natus
777 407 951 465 esset,
970 397 1238 469 exposuit.
1265 396 1736 465 Quemadmodum
1763 398 1926 466 igitur

2058 398 2214 467 Αδᾶιμ
2254 398 2318 449 ὲκ
2346 393 2438 447 τοῦ
2469 393 2606 447 Θεοῦ
2627 410 2638 423 ·
2664 393 2837 455 οὕτως
2875 392 3037 462 ἡμεῖς
3063 388 3291 452 ἑαυτοὺς
3320 386 3612 458 ἐρωτήσω-

349 502 439 556 ille
469 497 610 554 dixit
638 495 807 548 Adam
844 506 910 545 ex
945 491 1056 545 Deo
1086 505 1208 546 esse
1237 508 1250 544 :
1296 490 1377 544 sic
1417 504 1518 542 nos
1559 489 1927 557 nosmetipsos

348 598 751 664 percontemur,
783 585 924 640 Deus
951 593 1130 637 autem
1161 598 1225 636 ex
1260 581 1409 651 quo?
1438 580 1631 634 Nonne
1654 581 1705 633 in
1735 580 1926 634 unius-

348 684 611 753 cujusque
664 689 846 734 mente
895 684 1204 748 promptum
1250 675 1414 731 fuerit
1462 674 1813 743 respondere.
1860 687 1926 727 ex

350 776 535 833 nullo?
565 774 717 841 Quod
745 780 924 825 autem
947 785 1011 824 ex
1043 768 1190 823 nullo
1217 779 1326 831 est,
1358 768 1545 837 utique
1575 767 1694 821 sine
1726 765 1931 834 princi-

349 870 437 936 pio
465 874 549 919 est
578 883 592 919 :
620 873 675 918 et
722 863 864 932 quod
910 862 1030 917 sine
1071 861 1342 930 principio
1379 870 1463 914 est
1490 898 1506 923 ,
1543 858 1595 912 id
1629 858 1929 927 ingenitum

350 968 454 1013 cst.
494 956 647 1013 Sicut
685 970 815 1026 ergo
854 955 909 1008 in
945 952 1259 1008 hominibus
1290 950 1444 1021 origo
1480 964 1550 1004 ex
1578 948 1786 1017 aliquo,
1820 962 1925 1001 non

351 1060 644 1105 esteorum
675 1045 914 1102 essentia
946 1061 960 1097 :
990 1046 1071 1100 sic
1103 1057 1281 1113 neque
1316 1043 1370 1096 in
1399 1043 1508 1096 Deo
1546 1041 1924 1094 universorum

352 1140 526 1207 ipsum
558 1136 857 1208 ingenitum
886 1135 1028 1202 quod
1057 1133 1198 1189 idem
1223 1143 1308 1187 est
1332 1141 1495 1201 atque
1518 1148 1585 1186 ex
1616 1130 1764 1186 nullo
1785 1146 1926 1194 esse,

351 1230 469 1297 ejus
498 1231 795 1285 essentiam
824 1227 992 1297 228
1039 1226 1223 1280 dicere
1252 1239 1557 1293 possumus.
1603 1222 1774 1279 Porro
1808 1237 1933 1278 esse

352 1323 472 1376 sine
504 1320 775 1390 principio
796 1356 813 1384 ,
842 1319 1134 1373 essentiam
1173 1331 1296 1371 esse
1321 1316 1412 1386 qui
1444 1316 1596 1378 dicit,
1635 1332 1741 1371 non
1775 1316 1933 1369 aliter

354 1416 487 1469 facit
528 1426 593 1467 ac
632 1411 677 1466 si
722 1411 848 1481 quis
895 1411 1260 1479 interrogatus
1319 1422 1439 1477 quae
1496 1405 1666 1461 fuerit
1698 1406 1931 1461 essentia

353 1507 503 1571 Adae,
525 1513 582 1560 et
607 1519 727 1574 quae
749 1502 917 1573 ipsius
942 1512 1160 1565 natura,
1187 1499 1537 1571 respondeat,
1564 1515 1669 1553 non
1694 1514 1760 1553 ex
1784 1497 1932 1551 coitu

355 1601 456 1655 viri
497 1608 553 1653 et
589 1597 870 1661 mulieris,
919 1594 1015 1650 sed
1075 1594 1261 1661 divina
1308 1606 1472 1645 manu
1524 1589 1931 1645 conformatum

355 1707 478 1748 eum
512 1691 700 1745 fuisse.
736 1689 826 1755 At,
857 1688 1066 1756 inquiet
1094 1686 1238 1755 quis,
1267 1699 1374 1740 non
1410 1683 1628 1737 modum
1661 1695 1771 1751 quo
1803 1680 1930 1736 sub-

2035 503 2153 555 μεν,
2188 487 2217 536 ὁ
2251 484 2307 537 δὲ
2338 483 2470 545 Θεὸς
2502 484 2564 535 ἐκ
2594 482 2773 545 τίνος;
2812 474 2957 550 τΑριι
2994 479 3116 548 οὐχὶ
3149 476 3439 548 πρόχειρόν
3475 477 3614 528 ἐστιν

2033 579 2090 630 ὲν
2118 580 2184 647 τῇ
2216 576 2430 645 ἑκάστῳ
2455 574 2683 644 διανοίᾳ,
2717 573 2797 625 ὅτι
2822 572 2880 637 ἐξ
2910 570 3156 635 οὐδενός;
3187 569 3260 622 Tb
3303 567 3363 621 δὲ
3406 567 3468 633 ἐξ
3499 566 3614 618 οὐδ-

2031 670 2151 732 ενὸς
2178 668 2239 721 τὸ
2262 667 2495 737 ἄναρχόν
2529 669 2644 719 ἐστι
2669 664 2932 734 δηλονότιο
2958 663 3019 716 τὸ
3044 663 3101 716 δὲ
3121 663 3355 733 ἄναρχον
3382 659 3444 712 τὸ
3469 659 3617 728 ἀγέν-

2031 776 2211 831 νητον.
2255 760 2340 822 Ὠς
2373 755 2465 812 οὖν
2494 759 2588 811 ἐπὶ
2615 756 2916 829 ἀνθρώπων
2947 757 3048 809 οὐκ
3072 749 3139 825 ἦν
3168 754 3324 807 οὐσία
3358 752 3420 805 τὸ
3453 751 3518 803 ἐκ
3544 768 3617 803 τι.

2032 868 2141 915 νος,
2167 850 2340 915 οὕτως
2356 851 2475 904 οὐδὲ
2498 851 2590 903 ἐπὶ
2613 849 2707 903 τοῦ
2733 848 2867 903 Θεοῦ
2888 848 2998 901 τῶν
3018 848 3153 901 ὅλων
3172 846 3360 900 οὐσίαν
3380 846 3529 898 ἐστὶν
3551 847 3619 897 εἱ·

2033 948 2156 998 πεῖν
2196 945 2259 997 τὸ
2296 945 2593 1014 ἀγέννητον
2629 943 2739 1015 (2)·
2776 944 2912 1013 ὅπερ
2951 940 3065 994 ἴσον
3100 942 3219 994 ἐστὶ
3260 940 3339 1010 τῷ
3389 938 3450 1003 ἐξ
3500 937 3618 990 οὑδ-

2032 1036 2171 1100 ενός.
2220 1038 2279 1089 Ὀ
2300 1036 2357 1090 δὲ
2389 1036 2449 1088 τὸ
2479 1036 2713 1108 ἄναρχον
2736 1035 2923 1088 οὐσίαν
2956 1030 3096 1087 εἶναι
3126 1033 3299 1101 λέγων
3329 1030 3622 1100 παραπλήο

2034 1145 2146 1181 σιον
2184 1131 2363 1193 ποιεῖ,
2404 1127 2595 1199 ὥσπερ
2625 1128 2691 1181 ἂν
2720 1127 2773 1180 ετ
2800 1144 2905 1190 τις,
2939 1124 3313 1197 ἐρωτώμενος,
3348 1123 3435 1186 τίς
3468 1124 3503 1193 ἡ
3534 1121 3622 1174 τοῦ

2045 1219 2215 1289 Ἀδὰμ
2250 1219 2430 1282 οὐσία,
2473 1219 2569 1273 καὶ
2597 1218 2681 1282 τίς
2729 1220 2763 1289 ἡ
2811 1217 2973 1287 φύσις
3021 1214 3252 1285 αὺτῷ;ό
3295 1215 3356 1267 δὲ
3396 1213 3626 1283 ἀποκρί-

2032 1327 2195 1374 νοιτο,
2251 1310 2327 1383 μὴ
2362 1310 2437 1381 (5)
2483 1312 2547 1364 ἐκ
2594 1307 2937 1380 συνδυασμοῦ
2982 1308 3173 1379 ἀνδρὸς
3213 1308 3309 1360 καὶ
3344 1306 3625 1375 γυναικός,

2032 1403 2147 1456 ἀλλ’
2202 1405 2266 1457 ὲκ
2305 1405 2404 1474 τῆς
2443 1403 2593 1467 Θείας
2639 1403 2819 1474 χειρὸς
2852 1401 3271 1471 διαπλασθῆναι.
3328 1398 3474 1452 Ἀλλ’
3513 1397 3630 1466 οὐχὶ

2032 1495 2123 1549 τὸν
2148 1497 2351 1569 τρόπον
2373 1497 2473 1567 τῆς
2503 1496 2855 1560 ὑποστάσεως
2885 1492 3148 1564 ἐπιζητῶ,
3172 1493 3402 1563 φήσειεν
3429 1492 3497 1545 ἄν
3523 1506 3628 1553 τις.

2033 1588 2148 1643 ἀλλ’
2185 1588 2318 1642 αὐτὸ
2359 1587 2453 1641 τοῦ
2508 1586 2799 1661 ἀνθρώπου
2845 1586 2905 1641 τὸ
2943 1586 3127 1640 ὑλικὸν
3170 1583 3568 1653 ὑποκείμενον·
3603 1581 3632 1633 ὃ

2035 1680 2231 1734 πολλοῦ
2265 1680 2370 1734 δέω
2402 1680 2696 1751 μανθάνειν
2729 1680 2818 1733 διὰ
2847 1680 2946 1751 τῆς
2976 1679 3340 1750 ἀποκρίσεως.
3370 1675 3549 1729 Τοῦτο
3574 1674 3630 1727 δὲ

360 1787 541 1850 sistat,
577 1782 811 1851 inquiro,
852 1780 946 1834 sed
984 1781 1161 1849 ipsum
1198 1776 1482 1833 materiale
1530 1775 1768 1830 hominis
1801 1772 1934 1828 sub-

2055 1775 2131 1829 ιαὶ
2168 1776 2298 1845 ἡμῖν
2333 1774 2618 1845 συμϐαίνει
2653 1775 2718 1827 ἐκ
2748 1773 2847 1843 τῆς
2872 1770 2966 1825 τοῦ
2995 1769 3331 1841 ἁγεννήτου
3351 1768 3541 1839 φωνῆς
3570 1768 3630 1818 τὸ

351 1880 557 1948 jectum
588 1893 605 1933 :
646 1874 793 1946 quod
827 1873 988 1944 longe
1023 1872 1211 1927 absum
1259 1879 1319 1925 ut
1351 1869 1557 1925 discam
1607 1881 1675 1920 ex
1705 1879 1932 1936 respon-

355 1973 528 2027 sione.
565 1968 680 2023 Hoc
724 1977 905 2022 autem
961 1965 1118 2019 nobis
1165 1963 1331 2018 etiam
1379 1960 1667 2030 contingit,
1710 1973 1836 2012 cum
1867 1971 1934 2012 ex

359 2063 584 2135 ingeniti
617 2075 746 2116 voce
793 2057 964 2127 magis
994 2057 1271 2127 quomodo
1306 2054 1451 2111 Deus
1479 2055 1551 2109 sit
1573 2094 1588 2121 ,
1621 2065 1787 2122 quam
1816 2064 1937 2120 quas

358 2158 429 2213 sit
458 2157 578 2227 ejus
604 2165 797 2210 natura
830 2153 1184 2207 edoceamur.

430 2247 516 2302 16.
561 2244 616 2299 In
642 2256 878 2307 summa,
911 2242 955 2296 si
989 2240 1116 2310 quis
1143 2237 1576 2293 velitveritatem
1598 2250 1785 2291 eorum
1817 2248 1939 2305 quas

359 2359 388 2397 ιι
431 2338 588 2395 nobis
619 2337 876 2392 dicuntur
908 2332 1245 2403 perdiscere,
1280 2345 1339 2386 se
1369 2330 1487 2400 ipse
1515 2337 1893 2398 perscrutetur
1920 2345 1935 2383 :

358 2448 488 2489 num
514 2431 580 2484 ad
615 2427 837 2498 ingeniti
879 2425 1154 2480 notionem
1188 2421 1471 2493 perveniat
1503 2428 1640 2486 tum,
1676 2434 1797 2472 cum
1826 2419 1942 2473 vult

357 2523 564 2595 aliquid
589 2523 655 2576 de
680 2520 787 2574 Deo
811 2515 1135 2586 intelligere.
1160 2512 1273 2584 Ego
1300 2511 1554 2583 equidem
1587 2511 1769 2575 video,
1794 2512 1939 2580 quod

360 2612 691 2687 cog'tatione
745 2608 893 2663 velut
940 2605 1230 2660 inventura
1287 2599 1489 2663 saecula
1533 2608 1778 2665 extenta,
1835 2598 1942 2653 [ine

363 2714 638 2763 carentem
679 2701 912 2757 dicimus
932 2711 1081 2762 eum,
1108 2693 1267 2763 cujus
1295 2692 1402 2746 vita
1435 2690 1585 2745 nullo
1616 2689 1724 2745 [lue
1753 2690 1942 2744 termi-

364 2809 574 2856 natur:
618 2797 691 2849 ita
737 2794 897 2849 etiam
952 2791 1083 2844 dum
1130 2788 1197 2841 ad
1237 2785 1521 2855 superiora
1562 2782 1761 2837 saecula
1809 2797 1941 2836 con-

366 2892 684 2949 scendentes
712 2883 1059 2957 cogitatione,
1089 2889 1253 2950 atque
1281 2879 1335 2933 in
1368 2876 1793 2933 immensitatem
1818 2876 1944 2930 vita:

368 2985 459 3040 Dei
499 2981 647 3038 velut
679 2980 731 3034 in
786 2985 1001 3032 vastum
1043 2972 1317 3044 quoddam
1371 2968 1596 3040 pelagus
1646 2968 1940 3033 intuentes,

2034 1869 2183 1932 ὅπως
2203 1867 2299 1921 τοῦ
2325 1867 2461 1922 Θεοῦ
2498 1868 2698 1922 μᾶλλον
2728 1867 2760 1939 ἢ
2789 1866 2960 1937 αὐτὴν
2992 1866 3093 1936 τὴν
3120 1863 3283 1934 φύσιν
3311 1860 3630 1931 διδασκομέ-

2037 1979 2169 2026 νοις.

2111 2240 2202 2295 16.
2246 2238 2424 2302 Ὀλως
2470 2237 2527 2291 δὲ
2572 2237 2624 2290 εἰ
2665 2253 2750 2299 τις
2792 2233 3033 2305 βούλοιτο
3076 2230 3175 2302 τὴν
3217 2227 3482 2300 ἀλήθειαν
3526 2224 3632 2279 τῶν

2041 2334 2171 2405 παρ’
2215 2332 2370 2404 ἡμῶν
2414 2331 2726 2402 λεγομένων
2768 2326 3125 2398 καταμαθεῖν,
3169 2321 3362 2376 ἑαυτὸν
3408 2321 3631 2390 ἀνερευ-

2042 2425 2218 2478 νάτω’
2252 2423 2382 2476 ὅταν
2414 2439 2467 2475 τι
2497 2421 2687 2492 νοῆσαι
2726 2418 2835 2473 τῶν
2862 2417 2990 2489 περὶ
3015 2415 3149 2470 Θεοῦ
3178 2413 3438 2486 βουληθῇ,
3478 2413 3529 2464 εἰ
3554 2412 3633 2475 είς

2041 2516 2101 2569 τὸ
2138 2514 2537 2588 σημαινόμενον
2567 2513 2642 2582 (4)
2671 2511 2765 2566 τοῦ
2794 2511 3089 2581 ἀγεννήτου
3120 2508 3308 2579 χωρεῖ.
3358 2503 3503 2573 Ἐγὼ
3537 2504 3637 2574 μὲν

2042 2604 2151 2676 γὰρ
2189 2602 2320 2675 ὁρῶ,
2361 2602 2466 2665 ὅτι,
2504 2599 2695 2671 ὥσπερ
2730 2600 2841 2662 τοῖς
2896 2594 3282 2667 ἐπερχομένοις
3322 2590 3491 2645 αἰῶσι
3537 2589 3638 2660 τὴν

2040 2698 2279 2752 διάνοιαν
2309 2692 2739 2754 ἐπεκτείνοντες,
2771 2689 3127 2758 ἀτελεύτητον
3145 2686 3380 2756 λέγομεν
3410 2682 3502 2736 τὸν
3524 2681 3641 2734 οὑδ-

2043 2791 2126 2844 ενὶ
2171 2789 2367 2860 πέρατι
2399 2787 2500 2859 τὴν
2566 2784 2711 2855 ςωὴν
2752 2782 3097 2854 ὁριζόμενον·
3135 2777 3278 2832 οὕτω
3324 2777 3423 2830 καὶ
3454 2777 3538 2838 εἰς
3576 2774 3640 2826 το

2044 2881 2158 2934 ἄνω
2201 2880 2309 2932 τῶν
2358 2878 2570 2932 αἰώνων
2619 2879 2729 2938 τοῖς
2769 2874 3048 2946 λογισμοῖς
3087 2870 3470 2932 ἀναϐαίνοντες
3494 2909 3511 2933 ,
3545 2884 3641 2920 κα.

2045 2968 2156 3028 οἷον
2187 2972 2270 3037 εἷς
2314 2990 2368 3026 τι
2400 2971 2637 3039 πέλαγος
2669 2969 2869 3040 ἀχανὲς
2900 2968 2993 3020 ἐπὶ
3033 2965 3094 3019 τὸ
3136 2966 3363 3034 ἄπειρον
3395 2963 3501 3034 τῆς
3543 2959 3639 3014 τοῦ

366 3092 490 3133 cum
515 3072 840 3146 principium
873 3065 1080 3123 nullum
1106 3064 1249 3118 unde
1275 3062 1349 3118 sit
1377 3060 1784 3131 apprehendere
1819 3073 1940 3127 pus-

2055 3064 2182 3119 Βεοῦ
2232 3062 2379 3136 ζωῆς
2428 3062 2859 3126 διακύπτοντες,
2901 3059 3158 3128 οὐδεμιᾶς
3205 3056 3381 3127 ἀρχῆς
3428 3056 3526 3125 ἀφ’
3570 3050 3641 3125 ἦς

369 3172 570 3230 siuius;
618 3166 727 3217 imo
755 3175 878 3215 cum
920 3159 1201 3213 videamus
1230 3153 1326 3210 Dei
1376 3154 1547 3208 vitam
1598 3152 1739 3207 ultra
1783 3166 1945 3207 omne

366 3259 512 3329 quod
533 3253 916 3314 intelleximus,
943 3260 1160 3317 semper
1183 3244 1404 3301 extendi
1427 3259 1493 3300 ac
1517 3244 1790 3316 protrahi,
1820 3244 1942 3309 hoc,

368 3351 512 3420 quod
541 3349 595 3403 in
625 3347 769 3402 illius
806 3344 914 3398 vita
945 3339 1221 3412 principio
1249 3345 1407 3394 caret
1439 3345 1497 3392 et
1519 3336 1758 3407 origine,
1795 3336 1946 3405 inge-

373 3445 543 3498 nitum
577 3437 916 3493 vocavimus.
956 3431 1082 3487 Haec
1108 3436 1193 3486 est
1229 3428 1377 3483 enim
1406 3427 1557 3484 vocis
1585 3428 1808 3497 ingeniti
1842 3441 1945 3482 no-

371 3537 467 3598 tio,
500 3546 605 3586 non
647 3528 851 3584 habere
881 3523 1097 3595 aliunde
1136 3520 1442 3577 exsistendi
1490 3518 1846 3591 principium.
1876 3519 1947 3573 At

370 3624 706 3689 Eunomius,
738 3618 996 3690 quoniam
1028 3617 1083 3671 in
1126 3614 1245 3671 solo
1290 3614 1673 3669 universorum
1708 3613 1820 3667 Deo
1861 3611 1948 3667 in-

369 3715 608 3787 genitum
641 3710 948 3781 inspicitur,
977 3704 1444 3762 facinorosissime
1470 3702 1715 3759 omnium
1745 3705 1849 3757 hoc
1877 3702 1945 3756 ad

374 3806 643 3877 Unigeniti
679 3798 1074 3871 blasphemiam
1119 3796 1319 3867 rapuit.
1353 3794 1495 3863 Quid
1536 3794 1682 3850 enim
1717 3809 1945 3865 progre-

369 3905 525 3962 diens
551 3901 659 3958 ait?

443 3998 579 4054 Eun.
618 3992 898 4065 lngenitus
927 3996 1112 4044 autem
1159 4001 1284 4043 cum
1325 3984 1434 4050 sit,
1466 3992 1525 4037 ut
1565 3981 1814 4053 superius
1854 3981 1948 4036 de-

372 4089 826 4149 monstravimus,
863 4096 1139 4153 nunquam
1190 4088 1370 4150 potest
1404 4077 1810 4146 generationem
1855 4075 1947 4128 ad—

373 4187 609 4249 mittere,
643 4180 780 4235 adeo
811 4188 875 4231 ut
913 4190 1068 4231 suam
1095 4172 1266 4244 ipsius
1297 4179 1551 4225 naturam
1578 4167 1948 4224 communicet

370 4291 495 4332 cum
525 4273 707 4344 genito
735 4289 748 4324 :
783 4267 1133 4326 sed'omnem
1182 4259 1647 4332 comparationem
1681 4273 1746 4313 ac
1778 4258 1950 4328 parti;

371 4365 696 4444 sipationem
723 4377 845 4419 cum
871 4359 1057 4431 genito
1096 4355 1285 4427 fugiet.

2047 3158 2238 3227 γέγονε
2261 3156 2523 3209 λαϐέσθαι
2555 3154 2864 3225 δυνάμενοι,
2897 3152 3032 3206 ἀλλὰ
3062 3150 3154 3204 τοῦ
3181 3149 3477 3221 νοουμένου
3507 3148 3642 3215 ἐξω-

2046 3248 2212 3320 τέραν
2240 3248 2327 3301 ἀεὶ
2366 3247 2460 3299 καὶ
2495 3244 3011 3316 ὑπερεκπίπτουσαν
3040 3239 3135 3294 τοῦ
3184 3238 3320 3293 Θεοῦ
3359 3238 3462 3310 τὴν
3492 3236 3641 3307 ζωὴν

2046 3338 2381 3404 ἐννοοῦντες,
2425 3337 2583 3391 τοῦτο
2620 3336 2680 3389 τὸ
2726 3335 2961 3406 ἄναρχον
3000 3332 3100 3403 τῆς
3147 3331 3294 3402 ζωῆς
3341 3329 3643 3399 ἀγέννητον

2048 3434 2515 3506 προσειρήκαμεν.
2543 3428 2692 3501 Αὕτη
2722 3427 2833 3499 γὰρ
2860 3426 2955 3480 τοῦ
2988 3424 3320 3496 (irem-ritca)
3358 3424 3393 3494 ἡ
3427 3422 3639 3483 ἔννοια,

2047 3526 2108 3579 τὸ
2139 3526 2212 3596 μὴ
2256 3527 2401 3595 ἔχειν
2432 3523 2701 3595 ἑτέρωθεν
2745 3522 2844 3594 τὴν
2876 3520 3053 3592 ἀρχὴν
3101 3517 3194 3572 τοῦ
3234 3512 3399 3569 εἶναι.
3455 3515 3517 3568 ’0
3549 3514 3640 3576 δὲ,

2049 3616 2239 3687 ἐπειδὴ
2269 3616 2399 3687 περὶ
2426 3615 2584 3686 μόνον
2614 3613 2705 3666 τὸν
2744 3612 2878 3666 Θεὸν
2916 3611 3025 3664 τῶν
3070 3608 3206 3663 ὅλων
3237 3606 3300 3659 τὸ
3341 3605 3643 3675 ἀγέννητον

2049 3709 2335 3775 θεωρεῖται
2385 3708 2498 3778 (5),
2551 3705 2969 3777 κακουργότατα
3017 3701 3236 3755 πάντων
3283 3699 3365 3769 (6)
3405 3699 3489 3760 εἰς
3538 3697 3642 3768 τὴν

2050 3801 2191 3854 κατά
2222 3800 2316 3853 τοῦ
2348 3798 2685 3868 Μονογενοῦς
2717 3798 2966 3868 ἥρπασεν
2994 3792 3126 3849 αὐτὸ
3159 3789 3531 3863 βλασφημίαν.
3573 3788 3644 3841 Τί

2049 3892 2155 3964 γάρ
2190 3908 2324 3962 φησι
2358 3892 2563 3962 προϊών
2582 3906 2597 3954 ;

2121 3983 2282 4039 ΕΥΝ.
2332 3980 2649 4050 Ἀγέννητος
2692 3978 2751 4032 δὲ
2796 3975 2873 4030 ὢν
2910 3974 3054 4030 κατὰ
3101 3975 3199 4045 τὴν
3252 3969 3642 4045 προλαϐοῦσαν

2049 4071 2346 4137 ἀπόδειξιν,
2380 4073 2482 4125 οὐκ
2514 4072 2578 4125 ἄν
2612 4086 2741 4123 ποτε
2769 4067 3026 4140 πρόσοιτο
3054 4067 3327 4135 γέννησιν,
3354 4063 3500 4116 ὥστε
3535 4063 3643 4132 τῆς

2054 4165 2190 4230 ἰδίας
2226 4163 2549 4236 μεταδοῦναι
2573 4161 2652 4233 τῷ
2679 4161 3008 4231 γεννωμένῳ
3047 4159 3281 4229 φύσεως,
3313 4156 3548 4224 ἐκφύγοι
3580 4172 3645 4207 τε

2052 4259 2117 4312 ἂν
2145 4259 2324 4312 πᾶσαν
2361 4256 2651 4327 σύγκρισιν
2682 4252 2778 4307 καὶ
2811 4252 3094 4305 κοινωνίαν
3120 4249 3218 4320 τὴν
3251 4248 3389 4320 πρὸς
3418 4246 3483 4299 τὸ
3512 4262 3648 4314 γεν-

2051 4353 2231 4425 νητόν.

444 4465 572 4519 ΒΑε.
618 4459 662 4516 Ο
698 4456 1065 4525 impudentem
1087 4461 1143 4505 et
1179 4447 1482 4519 improbam
1514 4441 1940 4514 blasphemiam!

2122 4445 2269 4497 ΒΑΣ.
2307 4444 2370 4495 Ὢ
2397 4443 2495 4512 τῆς
2518 4438 2875 4510 ἀναισχύντου
2897 4437 2976 4508 (7)
2999 4436 3095 4491 καὶ
3124 4435 3369 4506 πονηρᾶς
3392 4432 3649 4505 βλασφη-

370 4558 417 4613 Ο
442 4552 712 4611 occultum
738 4545 920 4600 dolum
959 4552 1017 4598 et
1045 4541 1398 4612 multiplicem
1423 4537 1713 4594 versutiam
1737 4535 1750 4590 !
1781 4550 1944 4604 quam

372 4647 661 4720 diligenter
702 4656 769 4696 ex
813 4639 933 4708 ipso
980 4634 1179 4691 diaboli
1216 4634 1450 4688 artilieio
1495 4631 1755 4699 loquitur.
1812 4626 1945 4680 Nam

372 4718 497 4811 quia
527 4732 844 4833 dissimilem
871 4728 979 4784 Deo
1002 4742 1067 4783 ac
1095 4724 1244 4781 Patri
1270 4723 1609 4795 unigenitum
1644 4718 1843 4775 Filium
1876 4733 1940 4773 ac

445 4966 524 5037 (2)
564 4964 698 5033 Reg.
728 4961 922 5037 tertius
951 4967 1007 5037 et
1039 4956 1191 5037 Cglb.
1239 4954 1390 5037 εστὶν
1440 4954 1637 5037 εἰπεῖν.
1663 4951 1730 5037 ab
1758 4950 1819 5037 eg
1863 4950 1955 5003 ού-

369 5022 521 5101 δεκὶδξ
560 5022 697 5105 ὅπέρ
741 5031 854 5084 ἴσον
885 5030 1003 5105 εστὶ
1040 5026 1120 5105 τῷ
1166 5026 1497 5105 ἀγέννητος·
1532 5022 1650 5105 όηδὲ
1679 5023 1762 5105 τὸ,
1789 5022 1955 5105 ἄναξ).

373 5093 642 5181 χονί-Ιιο-
669 5093 832 5181 itaque
882 5103 937 5154 in
982 5093 1370 5181 uniuersorunt'
1403 5094 1511 5176 D_eo
1552 5094 1690 5181 illu‘d
1712 5093 1792 5181 .qe
1828 5094 1955 5145 sub-

372 5162 571 5235 stantia
604 5176 724 5228 licet
745 5162 951 5234 'dicere,
980 5169 1119 5237 quod
1144 5183 1207 5220 ea:
1228 5166 1371 5219 nullo
1410 5167 1497 5226 sit,
1527 5164 1678 5237 quod
1706 5162 1842 5216 idem
1876 5171 1953 5214 est

374 5233 529 5317 atque
559 5242 887 5317 generationi
906 5233 1201 5317 _0bnoxiu_m
1247 5252 1354 5289 non
1389 5250 1521 5316 esse.
1548 5233 1680 5317 ﬁed
1730 5241 1952 5317 praestat

374 5302 505 5388 legi,
532 5302 592 5388 uvt
628 5314 758 5368 mihi
781 5312 1009 5388 quidem
1057 5309 1290 5388 videtur,
1321 5316 1378 5387 ut
1412 5306 1466 5357 in
1505 5303 1634 5385 aliis
1665 5302 1948 5358 codicibus

375 5374 513 5443 cini
542 5374 824 5454 impressis
853 5381 1005 5454 libris
1041 5378 1300 5454 scriptum
1339 5374 1633 5454 invenitur.

444 5457 525 5528 (ὃ)
564 5442 700 5528 Reg.
722 5460 951 5528 quartus
980 5442 1328 5528 ἀποκρίνοιτο
1355 5445 1543 5528 τδνμή.
1575 5442 1709 5528 nios
1726 5457 1854 5497 mss.
1883 5442 1949 5493 ἐκ

374 5515 884 5599 τῆξ-θείαξχέιρός.
917 5515 1194 5599 Λῐιίεὶιιὶιλε
1219 5520 1406 5599 deerat
1430 5517 1482 5569 in
1501 5515 1763 5599 vulgatis.

446 5583 521 5667 (4)
563 5583 719 5667 Ειιῖιῖ
746 5583 929 5667 e'tuse;
975 5604 1104 5643 mss.
1148 5584 1419 5667 βουληθῇ,
1467 5586 1547 5647 είς
1586 5584 1648 5637 τὸ
1690 5583 1951 5667 σημαινό-

380 5659 557 5735 μενον.
586 5664 768 5717 Codex
800 5660 951 5735 (ξοην.
978 5660 1210 5735 secunda
1230 5659 1470 5735 quidem
1508 5670 1692 5735 manu,
1725 5663 1817 5708 Sed
1850 5670 1951 5706 an-

380 5724 526 5802 iiqua
564 5744 775 5792 tamen,
823 5727 1058 5800 βουληθῇ
1098 5728 1147 5780 εί
1197 5727 1277 5791 εἰς
1319 5725 1378 5778 τὸ
1426 5724 1848 5796 σημαινόμενον,
1897 5738 1950 5777 se

2058 4537 2220 4610 μίαςί
2256 4537 2320 4588 Ὢ
2341 4534 2437 4587 τοῦ
2480 4532 2867 4605 κεκρυμμένου
2915 4529 3067 4583 δόλου
3112 4528 3205 4582 καὶ
3246 4527 3345 4598 τῆς
3386 4526 3646 4596 ποικίλης

2058 4626 2437 4701 ρᾳδιουργίαςί
2467 4626 2543 4689 ὡς
2571 4622 2818 4694 ἀκριϐῶς
2849 4620 2908 4688 ἐξ
2940 4619 3111 4690 αὐτῆς
3140 4617 3232 4672 τοῦ
3258 4616 3509 4671 διαϐόλου
3543 4618 3646 4688 τῆς

2050 4719 2332 4793 μεθοδείας
2363 4716 2697 4788 φθέγγεταιί
2749 4713 3027 4784 Ἀνόμοιον
3068 4710 3178 4781 γὰρ
3207 4707 3533 4779 βουλόμενος
3564 4707 3645 4777 τῷ

2051 4953 2160 5019 ipse
2188 4955 2550 5019 perscrutetur
2586 4964 2656 5000 an
2688 4944 2937 5019 procedat
2970 4942 3039 4995 ad
3082 4939 3348 5019 notionem
3381 4935 3639 5005 ingeniu';

2050 5008 2107 5076 et
2141 5008 2212 5074 ita
2258 5020 2359 5089 legi
2389 5029 2643 5086 Oportere
2679 5008 2931 5089 arhitror,
2953 5027 3076 5089 _n_ec
3101 5011 3172 5064 ob
3202 5008 3365 5062 aliam
3410 5020 3635 5089 causam

2049 5076 2371 5160 particula‘in
2401 5076 2452 5142 εὶ
2497 5086 2914 5160 praetermissam
2949 5082 3136 5160 fuisse.
3184 5093 3345 5148 quam
3378 5076 3538 5160 quod
3568 5076 3637 5130 li-

2050 5148 2216 5216 hrarii
2246 5163 2295 5213 εἰ
2326 5175 2450 5213 cum
2484 5148 2564 5222 εἰς
2599 5155 2963 5215 confuderint,
2994 5151 3353 5218 ultimamque
3379 5148 3635 5202 voculam

2050 5232 2294 5286 scribere
2328 5230 2466 5282 satis
2504 5228 2815 5283 habuerint.

2121 5301 2197 5373 (5)
2232 5301 2302 5355 Τὸ
2329 5297 2671 5373 ἀγέννητον-
2696 5293 3013 5373 θεωρεῖται,
3038 5292 3410 5373 consideratur
3420 5287 3645 5373 iugeti-

2047 5357 2193 5436 tum;
2213 5375 2314 5426 hoc
2344 5357 2448 5432 est,
2477 5357 2613 5421 raiio
2654 5357 2897 5435 ingenia}
2929 5364 3225 5433 praprielas
3256 5357 3497 5428 ingeniti,
3536 5373 3639 5410 no-

2049 5447 2122 5498 tio
2153 5442 2394 5512 ingeniti,
2425 5438 2618 5512 et_ejus
2649 5446 2864 5512 natura.

2112 5511 2189 5583 (6)
2211 5497 2391 5583 Ἑαυῖ
2426 5497 2674 5583 πάεκξτως,
2712 5506 2893 5560 Codex
2941 5502 3103 5583 C_olb._
3141 5509 3196 5556 et
3248 5498 3340 5579 alii
3409 5497 3641 5569 quidam

2049 5568 2185 5638 mss:
2212 5582 2449 5635 πάντων.
2486 5578 2606 5632 Mox
2631 5568 2751 5630 duo
2786 5592 2916 5629 mss.
2943 5575 3023 5637 εἰς
3052 5569 3151 5644 τὴν
3182 5568 3300 5623 τοῦ.

2122 5652 2200 5725 (Ἰὶ
2240 5652 2382 5707 Editi
2417 5651 2482 5702 Ὢ
2508 5647 2601 5702 τοῦ
2638 5644 3018 5702 ἀναισηύντου.
3048 5638 3120 5698 Δί
3155 5656 3289 5698 mss.
3315 5638 3385 5693 ’Ὤ
3406 5638 3535 5711 τῆς.
