3836 6222
281 324 386 379 549

1373 319 1735 376 ADVERSUS
1774 318 2139 375 EUNOMIUM
2178 320 2311 377 LIB.
2351 319 2395 374 l.

3423 326 3530 383 550

277 436 399 507 Θεῷ
421 435 515 489 καὶ
541 434 717 505 Πατρ).
739 436 831 487 τὸν
850 435 1130 505 Μονογενῆ
1157 434 1280 486 Υίὸν
1308 436 1399 487 καὶ
1424 434 1554 485 Θεὸν
1577 432 1834 498 ἐπιδεῖξαι

1966 433 2130 487 Deum
2176 433 2286 487 vult
2308 434 2612 498 ostendere,
2642 432 2820 489 Patris
2844 442 2900 489 et
2925 434 3045 489 Filii
3077 450 3274 492 nomen
3307 438 3530 494 silentio

274 528 340 580 τὸ
372 526 470 596 μὲν
490 524 585 578 τοῦ
608 526 819 595 Πατρὸς
847 527 940 577 καὶ
965 524 1059 578 τοῦ
1094 525 1222 577 Υίοῦ
1246 524 1414 594 ὗνομα
1443 526 1642 594 σιωπᾷ,
1669 524 1855 586 ἁπλῶς

274 618 333 671 δὲ
360 618 490 682 περὶ
531 617 826 687 ἀγεννήτου
864 619 958 670 καὶ
990 616 1247 686 γεννητοῦ
1282 616 1622 684 διαλέγεται·
1658 617 1751 669 καὶ
1784 616 1855 670 τὰ

272 712 376 781 τῆς
409 709 677 781 σωτηρίου
713 709 945 773 πίστεως
977 708 1218 780 ὀνόματα
1267 708 1544 777 κρύπτων,
1580 708 1712 777 ψιλὰ
1746 725 1853 761 πα-

278 802 535 874 ραδίδωσι
565 800 664 873 τῆς
694 800 1039 871 βλασφημίας
1066 801 1133 854 τὰ
1161 800 1407 871 δόγματα
1426 818 1439 831 ο
1469 802 1576 863 ἵνα,
1604 801 1703 871 τῆς
1730 801 1855 853 ἀσε-

272 888 433 956 ϐείας
470 894 528 946 ὲν
558 896 671 956 τοῖς
708 892 993 964 πράγμασι
1041 893 1443 964 γυμνωθείσης,
1478 889 1596 946 εἶτα
1623 893 1723 964 τῆς
1755 910 1853 963 με-

274 983 561 1045 ταϐάσεως
583 983 674 1035 ἐπὶ
701 983 770 1035 τὰ
796 983 1062 1054 πρόσωπα
1094 983 1391 1054 γενομένης
1427 984 1526 1052 (8),
1556 984 1718 1048 αὐτὸς
1753 983 1852 1055 μὲν

278 1075 450 1145 μηδὲν
469 1073 594 1147 δόξῃ
624 1074 901 1145 δύσφημον
927 1075 1225 1145 εἰρηκέναι,
1252 1079 1321 1146 τῇ
1349 1075 1404 1128 δὲ
1427 1074 1520 1128 τοῦ
1543 1075 1700 1144 λόγου
1726 1075 1856 1129 ἁκο-

273 1165 467 1237 λουθίᾳ
491 1165 1000 1236 κατεσκευασμένην
1023 1165 1121 1238 ἔχῃ
1146 1164 1244 1236 τὴν
1268 1164 1634 1235 βλασφημίαν.
1670 1164 1855 1233 Ἀγέν·

275 1272 438 1326 γητος
466 1254 523 1307 δὲ
546 1253 641 1317 ὣν,
670 1255 852 1325 φησὶν,
886 1255 1112 1323 ἐκφύγοι
1135 1254 1200 1310 ἂν
1234 1257 1415 1308 πᾶσαν
1447 1254 1731 1326 σύγκρισιν
1759 1255 1854 1309 καὶ

275 1348 560 1400 κοινωνίαν
592 1347 690 1417 τὴν
722 1348 856 1417 πρὸς
885 1346 944 1400 τὸ
975 1347 1251 1417 γεννητόν.
1284 1349 1398 1401 Οὐκ
1425 1344 1597 1411 εἶπεν,
1628 1349 1707 1400 ὅτι
1741 1350 1853 1401 Πα-

273 1438 382 1509 τὴρ
408 1440 502 1491 καὶ
530 1439 656 1502 Υἱός
675 1455 689 1469 ⁸
718 1438 853 1501 ἀλλ’,
872 1440 1188 1509 ’Δγέννητος
1218 1440 1313 1492 καὶ
1342 1440 1603 1511 γεννητός
1635 1440 1731 1511 (9).
1754 1441 1851 1495 Ἓν

278 1530 382 1600 μὲν
408 1530 474 1600 δὴ
503 1531 667 1584 αὑτοῦ
698 1531 853 1585 τοῦτο
878 1532 1116 1585 τοιοῦτον
1150 1532 1549 1603 κακούργημα·
1580 1530 1768 1602 ἕτερον
1796 1531 1853 1586 δὲ

276 1625 463 1689 ποῖον,
512 1626 784 1677 σκοπεῖτε.
845 1623 1163 1693 Ἀγέννητος
1192 1623 1248 1676 δὲ
1290 1624 1386 1687 ὣν,
1421 1641 1606 1694 φησιν,
1658 1624 1754 1680 sint
1788 1624 1852 1678 ἄν

275 1731 411 1767 ποτε
443 1716 694 1787 πρόσοιτο
726 1716 972 1785 γέννησιν
994 1730 1007 1745 ⁸
1041 1716 1135 1768 κα)¹
1159 1716 1374 1784 ἐπάγει,
1411 1714 1550 1768 ὥστε
1584 1716 1683 1787 τῆς
1716 1715 1851 1779 ίδίας

1959 524 2357 592 praetermittit,
2393 539 2459 580 ac
2504 523 2825 595 simpliciter
2859 531 2927 581 de
2972 525 3213 596 ingenito
3254 535 3310 583 et
3343 531 3530 598 genito

1958 615 2194 669 disserit.
2227 615 2367 682 Quin
2394 625 2448 670 et
2477 617 2762 671 occultatis
2793 616 3090 673 salutifera;
3134 617 3261 673 ﬁdei
3295 621 3527 675 nomini-

1958 707 2078 770 bus,
2107 706 2455 776 blasphemiae
2482 708 2732 775 dogmata
2760 709 2901 763 nuda
2933 709 3119 777 tradit,
3149 719 3227 775 ut,
3257 711 3524 766 denudata

1957 797 2011 850 in
2043 797 2173 866 ipsis
2201 800 2362 852 rebus
2397 797 2693 866 impietate,
2726 814 2790 855 ac
2820 800 3014 855 deinde
3051 799 3197 856 facto
3231 801 3297 857 ad
3337 816 3529 872 perso-

1956 902 2054 943 nas
2084 888 2338 953 transitu,
2373 888 2620 944 videatur
2647 889 2761 959 ipse
2791 890 2923 944 nihil
2966 890 3170 947 dixisse
3195 892 3524 963 blasphemi,

1956 978 2049 1033 sed
2075 979 2336 1035 orationis
2375 980 2518 1037 serie
2556 973 2954 1051 blasphemiam
2996 982 3378 1038 concinnatam
3420 984 3525 1038 ha-

1955 1070 2097 1125 beat.
2127 1070 2403 1140 lngenitus
2433 1080 2613 1127 autem
2638 1087 2761 1129 cum
2785 1073 2875 1139 sit,
2900 1074 3096 1143 inquit,
3120 1073 3311 1147 effugit
3339 1077 3524 1148 utique

1953 1174 2168 1214 omnem
2210 1162 2666 1230 comparationem
2708 1178 2771 1218 ac
2803 1166 3236 1221 communionem
3267 1180 3390 1221 cum
3429 1181 3526 1237 ge-

1955 1251 2086 1305 nito.
2128 1249 2244 1305 Non
2284 1251 2457 1306 dixit:
2491 1251 2653 1308 Pater
2691 1262 2747 1308 et
2774 1253 2980 1321 Filius,
3009 1255 3127 1320 sed,
3160 1255 3440 1329 lngenitus
3468 1267 3524 1313 et

1954 1342 2189 1409 genitus.
2223 1342 2354 1397 Tale
2384 1352 2469 1398 est
2497 1344 2664 1414 igitur
2696 1360 2865 1399 unum
2887 1384 2904 1411 ,
2932 1346 3075 1413 quod
3104 1347 3172 1402 ab
3210 1362 3277 1404 eo
3304 1352 3524 1421 excogi—

1955 1440 2123 1486 tatum
2148 1442 2231 1489 est
2262 1452 2275 1488 :
2310 1433 2537 1490 alterum
2571 1450 2699 1490 vero
2722 1434 2882 1505 quale
2922 1437 2995 1491 sit
3039 1438 3403 1496 considerate.
3434 1440 3523 1495 ln-

1954 1529 2166 1598 genitus
2192 1542 2322 1583 vero
2350 1520 2473 1585 etim
2509 1529 2603 1598 sit,
2637 1531 2843 1601 inquit,
2876 1547 3155 1602 nunquam
3186 1548 3317 1591 sane
3349 1536 3524 1591 admi-

1953 1620 2089 1677 serit
2128 1620 2530 1690 generationem
2571 1638 2586 1675 :
2622 1631 2683 1674 et
2731 1622 3041 1692 subjungit,
3087 1623 3224 1680 adeo
3265 1633 3324 1679 ut
3368 1640 3520 1682 suam

1956 1711 2125 1778 ipsius
2151 1721 2400 1766 naturam
2427 1713 2792 1767 communicet
2822 1729 2944 1768 cum
2973 1715 3174 1784 genito.
3199 1715 3355 1782 Illud,
3386 1734 3524 1772 nunc

280 1805 600 1876 μεταδοῦναι
632 1805 708 1876 τῷ
732 1806 1055 1877 γεννωμένῳ
1081 1806 1316 1875 φύσεως.
1349 1806 1443 1869 Τὸ,
1469 1808 1580 1859 οὐκ
1611 1806 1688 1859 ἄν
1710 1818 1842 1859 ποτε

1956 1819 2112 1872 quam
2143 1820 2270 1858 sane
2299 1804 2574 1857 admiserit
2611 1780 3020 1873 generationem,
3062 1806 3171 1862 duo
3195 1780 3470 1879 significat
3504 1826 3517 1863 :

276 1898 561 1966 πρόσοιτο
601 1896 909 1966 γέννησιν,
939 1898 1030 1950 δύο
1071 1898 1355 1968 σημαῖνειο
1398 1896 1456 1951 ἓν
1498 1898 1630 1968 μὲν,
1661 1898 1740 1951 ὅτι
1783 1899 1849 1968 τῇ

280 1990 390 2060 ἰδίᾳ
418 1989 581 2042 αὐτοῦ
616 1990 772 2057 φύσει
805 1991 905 2043 οὐκ
935 1990 1233 2061 ἐφαρμόζει
1260 1990 1372 2059 (10)
1402 1990 1655 2060 γέννησις
1685 1989 1852 2062 (ἁδύ-

276 2099 434 2136 νατον
466 2081 574 2151 γὰρ
622 2082 727 2134 ὑπὸ
760 2082 1012 2152 γέννησιν
1052 2081 1226 2135 ἐλθεῖν
1268 2080 1367 2152 τὴν
1413 2081 1706 2152 ἀγέννητον
1749 2080 1851 2150 φύ-

277 2172 405 2241 σιν)
429 2189 442 2201 ·
482 2172 669 2244 ἓτερον
699 2172 777 2236 δὲ,
812 2172 893 2225 ὅτι
932 2173 1188 2242 γεννῆσαι
1223 2172 1282 2225 οὐ
1319 2171 1672 2242 καταδέχεται
1714 2172 1847 2243 (Η).

274 2259 446 2327 Οὗτος
478 2264 577 2335 μὲν
605 2258 698 2316 οὖν
725 2264 866 2317 κατὰ
892 2265 951 2317 τὸ
979 2264 1229 2336 δεύτερον
1262 2264 1659 2335 σημαινόμενον
1689 2266 1853 2336 ἐχρή-

273 2373 409 2411 σατο
446 2360 511 2427 τῇ
546 2360 733 2427 φωνῇ·
770 2356 1105 2429 συναρπάζει
1137 2356 1195 2409 δὲ
1227 2356 1354 2420 τοὺς
1384 2357 1613 2420 πολλοὺς
1646 2359 1709 2412 ὲκ
1753 2360 1851 2429 τῆς

270 2448 547 2520 προτέρας
586 2449 816 2512 ἐννοίας.
861 2449 1011 2501 Ἐπεὶ
1043 2450 1124 2502 ὅτι
1161 2466 1225 2517 γε
1252 2447 1412 2503 τοῦτό
1449 2452 1563 2504 ἐστι
1593 2452 1653 2504 τὸ
1684 2468 1852 2506 κατα-

275 2541 689 2610 σκευαζόμενον,
753 2541 939 2609 σαφῶς
993 2539 1054 2594 τὸ
1105 2542 1498 2614 ἐπιφερόμενον
1558 2543 1846 2598 δείκνυσιν.

273 2631 459 2685 Εἰπὼν
492 2632 600 2703 γὰρ
643 2632 744 2697 ὅτι,
776 2636 897 2686 Οὐκ
925 2632 1003 2687 ἄν
1031 2648 1175 2687 ποτε
1204 2637 1489 2703 πρόσοιτο
1527 2636 1842 2705 γέννησιν,

270 2724 579 2794 επήγαγεν’
627 2721 783 2777 ὥστε
810 2722 921 2792 τῆς
956 2723 1110 2790 ιδίας
1131 2725 1495 2794 μεταδοῦναι
1529 2726 1609 2793 τῷ
1637 2745 1853 2797 γεννω-

265 2814 431 2884 μένῳ
470 2817 726 2884 φύσεως.
765 2816 844 2887 Τῇ
885 2815 994 2886 γὰρ
1034 2817 1261 2889 δευτέρα
1311 2818 1422 2890 (12)
1473 2819 1652 2891 ἐννοίᾳ
1694 2819 1851 2873 τοῦτό

269 2906 423 2957 ἐστιν
460 2906 783 2959 ἀκόλουθον⁹
830 2908 911 2961 ὅτι
952 2908 1011 2960 ού
1050 2909 1403 2979 καταδέχεται
1444 2910 1698 2978 γενέσθαι
1736 2912 1849 2965 Πα-

268 2995 398 3067 τὴρ,
440 2997 528 3050 ἵνα
568 2996 642 3069 μὴ
690 2998 902 3069 μεταδῴ
935 3000 1036 3070 τῆς
1089 3000 1224 3063 ἰδίας
1273 3000 1486 3069 φύσεως
1529 3001 1607 3072 τῷ
1650 3018 1851 3070 γεννωο

1953 1910 2117 1949 unum
2144 1935 2160 1959 ,
2204 1896 2346 1965 quod
2392 1896 2622 1965 propriae
2652 1896 2821 1965 ipsius
2854 1908 3062 1953 natura:
3106 1915 3213 1956 non
3260 1901 3513 1966 congruit

1953 1988 2235 2058 generatio
2276 1987 2513 2059 (quippe
2554 1989 2669 2043 ﬁeri
2696 2004 2802 2044 non
2835 2000 3015 2060 potest
3044 2000 3103 2046 ut
3137 2002 3331 2047 natura
3362 1994 3515 2063 inge-

1953 2080 2062 2133 nita
2095 2080 2423 2151 generetur)
2454 2098 2468 2134 :
2506 2080 2760 2149 alterum,
2787 2083 2929 2152 quod
2956 2098 3221 2153 generare
3255 2100 3359 2140 non
3392 2099 3518 2141 sus-

1955 2173 2109 2227 tinet.
2141 2172 2241 2228 Hic
2267 2174 2485 2243 quidem
2531 2174 2633 2228 hac
2662 2188 2793 2229 voce
2836 2179 3130 2233 secundum
3158 2178 3516 2248 posteriorem

1951 2278 2167 2319 sensum
2209 2279 2339 2320 usus
2378 2274 2501 2319 est:
2546 2267 2639 2321 sed
2671 2281 2737 2321 ex
2769 2268 2949 2337 priore
2987 2284 3148 2325 sensu
3187 2270 3376 2342 vulgus
3417 2271 3518 2325 ho-

1952 2355 2157 2409 minum
2183 2356 2234 2410 iu
2261 2370 2416 2410 suam
2443 2357 2767 2411 sententiam
2794 2358 2976 2413 trahit.
3001 2359 3213 2416 Etenim
3235 2363 3378 2431 quod
3411 2362 3515 2417 hoc

1951 2444 2021 2499 sit
2048 2447 2190 2515 quod
2235 2447 2521 2512 astruitur,
2567 2446 2850 2503 manifeste
2881 2459 3028 2519 patet
3066 2465 3134 2507 ex
3170 2466 3235 2506 eo
3263 2452 3404 2521 quod
3437 2452 3519 2506 in-

1952 2537 2146 2592 fertur.
2202 2538 2369 2609 229
2415 2537 2550 2593 Nam
2600 2549 2950 2610 posteaquam
2996 2542 3188 2597 dixit:
3237 2540 3518 2613 Nunquam

1950 2647 2078 2685 sane
2120 2633 2390 2687 admiserit
2432 2635 2855 2702 generationem,
2901 2635 3200 2705 subiunxit,
3264 2639 3398 2691 adeo
3457 2649 3513 2692 ut

1949 2739 2098 2777 suam
2127 2724 2294 2791 ipsius
2338 2733 2586 2777 naturam
2622 2726 2968 2779 communicet
3006 2742 3125 2780 cum
3169 2729 3365 2797 genito.
3403 2728 3516 2784 lloc

1950 2831 2183 2886 namque
2225 2817 2404 2871 sensui
2438 2818 2724 2887 posteriori
2755 2819 3044 2883 convenit,
3087 2819 3358 2890 siquidem
3411 2837 3517 2877 non

1950 2906 2178 2961 sustinet
2210 2905 2374 2960 Pater
2398 2906 2536 2970 fieri,
2568 2916 2627 2961 ut
2657 2922 2724 2962 ne
2753 2922 2875 2962 cum
2902 2909 3088 2979 genito
3117 2918 3367 2965 naturam
3397 2926 3521 2981 pro-

1949 2999 2123 3068 priam
2156 2999 2550 3054 communicet.
2588 2998 2868 3069 lmpietate
2896 3001 2998 3056 hac
3040 3016 3159 3071 qua:
3196 3002 3366 3072 possit
3400 3018 3519 3059 esse

272 3086 444 3158 μένῳ.
488 3090 583 3152 Τίς
612 3089 677 3143 ἂν
708 3090 915 3158 γένοιτο
948 3090 1046 3160 τῆς
1078 3090 1332 3155 ἀσεϐείας
1366 3092 1568 3163 ταύτης
1600 3096 1842 3163 χαλεπω-

1950 3090 2347 3160 perniciosior?
2380 3092 2501 3160 quis
2546 3106 2783 3161 unquam
2826 3100 3026 3148 tantam
3072 3093 3412 3165 iniquitatem
3441 3095 3518 3152 lo-

269 3178 441 3249 τέρα;
494 3179 580 3242 τίς
621 3179 847 3250 ὲλάλησε
899 3179 1166 3252 τοσαύτην
1212 3181 1426 3238 ἀδικίαν
1474 3186 1554 3246 είς
1603 3184 1664 3237 τὸ
1715 3183 1847 3254 ὕψος

272 3270 439 3335 ποτέ;

266 3400 271 3403 -
347 3361 434 3416 17.
490 3360 631 3429 Ἐγὼ
674 3362 773 3432 μὲν
813 3362 921 3433 γὰρ
965 3361 1255 3434 φοϐοῦμαι.
1304 3364 1379 3435 μὴ
1413 3367 1507 3419 καὶ
1546 3368 1742 3437 ἡμεῖς,
1787 3368 1846 3418 ὲν

268 3454 349 3526 τῷ
378 3455 476 3519 τὰς
510 3455 795 3527 ἀλλοτρίας
828 3455 1224 3527 ἀναλαμϐάνειν
1255 3456 1601 3530 βλασφημίας
1634 3460 1721 3513 διὰ
1750 3460 1844 3513 τοῦ

270 3549 560 3618 στόματος,
608 3547 921 3618 μολύνωμεν
960 3548 1166 3601 ἑαυτῶν
1202 3549 1297 3620 τὴν
1326 3550 1586 3614 διάνοιαν,
1619 3552 1713 3605 καὶ
1748 3553 1846 3621 τῆς

268 3638 646 3711 κατακρίσεως
690 3641 873 3704 αὐτοῖς
925 3641 1340 3712 κοινωνήσωμεν
1396 3643 1530 3712 (15).
1578 3644 1844 3715 Παραμυ-

267 3731 441 3785 Θείται
475 3732 532 3785 δέ
582 3749 648 3802 με
696 3732 758 3784 τὺ
801 3733 858 3785 ὲν
906 3734 1020 3795 τοῖς
1070 3733 1443 3801 Εὐαγγελίοις,
1494 3735 1575 3787 ὃτι
1635 3736 1728 3789 καὶ
1782 3736 1845 3789 τὸ

265 3821 492 3893 Πνεῦμα
524 3824 584 3875 τὸ
616 3823 768 3891 ἅγιον
799 3823 897 3895 τὴν
927 3823 1035 3876 τῶν
1092 3825 1360 3879 Ἰουδαίων
1393 3828 1469 3889 είς
1510 3827 1601 3879 τὸν
1640 3827 1843 3899 Κύριον

267 3914 617 3984 βλασφημίαν
658 3914 929 3986 ἔγγραφον
970 3918 1082 3979 τοῖς
1123 3916 1261 3987 μετὰ
1299 3916 1474 3972 ταῦτα
1507 3917 1842 3989 παραδοῦναι

262 4003 329 4055 οὐ
359 4005 730 4075 παρῃτήσατο,
772 4005 994 4059 ἐκείνων
1020 4004 1331 4075 στηλιτεῦον
1363 4009 1442 4070 είς
1475 4006 1690 4061 ἅπαντα
1718 4008 1845 4079 χρό-

262 4111 357 4148 νον
387 4095 484 4167 τὴν
512 4095 879 4167 βλασφημίαν,
908 4097 1029 4167 οὐχὶ
1058 4099 1124 4168 τῇ
1167 4097 1421 4169 ἀχράντῳ
1445 4098 1570 4169 δόξῃ
1608 4099 1702 4151 τοῦ
1731 4101 1844 4153 Μο-

261 4186 517 4254 νογενοῦς
558 4186 1017 4259 προστριϐόμενόν
1054 4204 1176 4241 τινα
1221 4187 1570 4259 βλασφημίαν
1601 4189 1731 4259 (14).
1773 4191 1838 4245 Ei

258 4278 443 4333 τοίνυν
465 4280 565 4333 οὐκ
586 4279 651 4334 ἄν
674 4296 802 4333 ποτε
830 4279 1083 4351 πρόσοιτο
1108 4279 1381 4352 γέννησιν,
1409 4279 1549 4334 ὥστε
1574 4282 1673 4353 τῆς
1705 4282 1842 4347 ἰδίας

263 4370 586 4440 μεταδοῦναι
634 4370 712 4441 τῷ
763 4368 1085 4440 γεννωμένῳ
1142 4370 1380 4439 φύσεως.
1419 4372 1519 4425 οὐκ
1574 4372 1690 4425 ἐστι
1737 4374 1836 4445 μὲν

1949 3194 2105 3239 cutus
2133 3192 2218 3239 est
2244 3184 2296 3238 in
2333 3182 2747 3239 celsitudinem?

2018 3360 2103 3412 l7.
2162 3360 2270 3430 Ego
2314 3360 2562 3430 equidem
2617 3374 2828 3427 vereor,
2880 3375 2947 3416 ne
2995 3375 3095 3417 nos
3135 3376 3350 3432 quoque
3389 3363 3516 3419 dum

1947 3456 2151 3510 alienas
2173 3455 2536 3526 blasphemias
2556 3469 2652 3510 ore
2675 3457 2994 3525 repetimus,
3015 3464 3251 3512 mentem
3272 3469 3514 3512 nostram

1943 3546 2281 3617 polluamus,
2335 3554 2498 3614 atque
2548 3546 3026 3601 condemnationis
3068 3560 3255 3602 eorum
3313 3548 3513 3604 fiamus

1944 3638 2256 3709 participes.
2303 3638 2407 3693 Sed
2462 3637 2786 3693 consolatur
2814 3653 2902 3693 me
2951 3638 3081 3693 illud
3125 3639 3179 3694 in
3212 3639 3516 3710 Evangeliis

1942 3730 2259 3801 proditum,
2311 3729 2455 3797 quod
2508 3728 2744 3799 Spiritus
2788 3740 3009 3784 sanctus
3047 3744 3260 3800 quoque
3301 3730 3515 3786 Judaao—

1944 3836 2063 3875 rum
2113 3820 2165 3874 iu
2206 3818 2491 3873 Dominum
2536 3818 2925 3890 blasphemiam
2975 3820 3232 3889 scriptam
3284 3823 3516 3891 posteris

1945 3911 2160 3967 tradere
2199 3925 2307 3965 non
2355 3910 2713 3978 abstinuerit,
2766 3910 2980 3966 illorum
3015 3910 3407 3981 blasphemiam
3457 3914 3511 3967 in

1943 4016 2107 4058 omne
2134 4011 2346 4070 tempus
2371 4001 2442 4055 ita
2477 4011 2695 4067 notans,
2730 4011 2790 4056 ut
2823 4001 3023 4055 nullam
3052 4010 3230 4056 tamen
3260 4002 3515 4058 incontz-

1942 4094 2160 4149 minata:
2209 4091 2484 4161 Unigeniti
2522 4090 2789 4159 maiestati
2843 4090 3235 4161 blasphemiam
3280 4089 3515 4146 altrices.

1943 4186 2129 4256 Itaque
2163 4185 2209 4251 si
2257 4197 2531 4252 nunquam
2585 4181 2990 4251 generationem
3038 4182 3343 4252 admiserit,
3376 4185 3512 4240 adeo

1943 4290 1998 4334 ut
2034 4277 2263 4349 propriae
2293 4283 2499 4329 naturas
2530 4273 2848 4343 participem
2877 4272 3043 4329 faciat
3082 4274 3324 4342 genitum
3349 4313 3368 4342 ,
3402 4290 3509 4332 non

1943 4378 2027 4426 cst
2046 4368 2262 4437 quidem
2295 4364 2456 4418 Pater
2488 4361 2647 4426 Deus,
2678 4376 2786 4416 non
2826 4370 2910 4416 est
2935 4361 3134 4428 etiam;
3162 4362 3258 4417 sed
3283 4370 3509 4433 praestat

255 4461 450 4533 Πατὴρ
492 4463 521 4514 ὁ
554 4462 719 4530 θεὸς,
755 4464 856 4517 οὐκ
885 4463 1002 4516 ἐστι
1030 4462 1089 4516 δέ
1115 4462 1226 4534 (l5)
1247 4480 1260 4494 ·
1291 4462 1404 4515 ἀλλ’
1438 4462 1662 4532 ἄμεινον
1698 4466 1833 4536 ἡμῖν

1946 4477 2000 4517 ιιι
2042 4457 2436 4529 blasphemiam
2487 4453 2860 4526 imperfectam
2910 4452 3303 4524 relinquamus.
3353 4455 3505 4512 Alter

332 4692 409 4763 (8)
450 4692 591 4748 Editi
621 4694 932 4763 γινομένης.
958 4692 1104 4763 Libri
1132 4694 1336 4763 antiqui
1361 4691 1683 4762 γενομένης.
1708 4689 1829 4745 Mox

332 4710 409 4763 (δ)
450 4710 591 4748 nam
621 4710 737 4761 γινο
786 4710 932 4763 ενης.
958 4710 1103 4747 ιλιυτι
1132 4710 1217 4747 ant

255 4761 390 4834 Reg.
421 4764 610 4834 tertius
641 4710 802 4826 αύτΐς
836 4763 935 4834 μέν
967 4762 1045 4834 μὴ
1071 4762 1217 4834 δόξῃ.

328 4830 425 4903 ('9),
448 4831 579 4903 Reg.
609 4830 992 4903 ιιιιίινιιιεὰλλὰ
1024 4830 1316 4902 ἀγέννητον
1346 4831 1440 4885 καὶ
1474 4830 1758 4901 γεννητόν.

326 4902 437 4974 (10)
478 4902 701 4974 codices
739 4902 844 4955 duo
875 4903 1199 4974 ἐφαρμόσει.

325 4967 437 5047 (li)
477 4971 784 5047 Γεννῇσαι
807 4974 879 5025 οὺ
912 4967 1316 5041 καταδέχεται,
1347 4970 1402 5023 id
1435 4986 1538 5024 non
1570 4967 1821 5047 admittit,

249 5037 566 5112 ut'geueret
596 5056 615 5094 :
644 5037 745 5096 hoc
783 5050 885 5105 est,
926 5037 1173 5111 generare
1202 5057 1306 5094 non
1351 5049 1517 5112 potest
1543 5052 1562 5090 :
1596 5037 1822 5112 liberum

244 5114 298 5167 ei
337 5107 441 5166 non
485 5121 560 5164 est
609 5126 857 5181 generare
893 5107 1184 5181 {gignendi
1235 5107 1357 5163 non
1386 5108 1540 5163 habet
1593 5107 1824 5177 faculta-

247 5193 376 5237 tem.

322 5251 435 5319 (12)
481 5248 561 5318 Τῇ
608 5249 716 5319 γὰρ
767 5248 1035 5316 δευτέρᾳ.
1077 5247 1190 5319 Hoc
1221 5245 1518 5319 est_:quod
1552 5243 1818 5319 sequitur,

250 5313 337 5376 ἵνα
372 5320 446 5391 μὴ
493 5313 704 5390 μεταδῷ
729 5321 828 5391 τῆς
848 5313 1238 5391 ᾲίδίαςίφύσεως
1272 5315 1350 5391 ego
1382 5313 1723 5391 γεννωμένῳ,
1768 5313 1820 5366 id

242 5384 445 5459 aperte
479 5384 712 5443 ostendit
749 5384 910 5442 verba
958 5384 1049 5459 illa
1097 5384 1376 5459 Eunomi‘i,
1425 5385 1524 5437 οὐκ
1568 5384 1634 5459 ἄν
1669 5398 1811 5459 ’ποτε

241 5454 504 5531 πρόσοιτο
530 5459 803 5529 γέννησιν,
836 5459 901 5531 de
934 5457 1104 5511 activa
1130 5455 1476 5531 generatione
1511 5454 1684 5522 accipi
1718 5454 1810 5506 de-

240 5524 395 5586 bere.
428 5530 507 5597 sic
540 5524 601 5581 ut
639 5524 790 5597 pater
824 5528 1046 5597 gignere
1066 5524 1170 5597 non
1205 5524 1392 5597 possit.

314 5598 427 5671 (15)
469 5590 708 5671 §ic_libri
749 5590 973 5671 vetEaFes.
1008 5595 1147 5671 Editi
1176 5590 1813 5671 dusﬁggtowwvﬁawpev.

313 5662 427 5738 (14)
467 5666 618 5738 Colb.
658 5681 782 5721 cum
826 5664 962 5736 Reg.
988 5666 1149 5722 tertio
1184 5662 1311 5719 τινα
1345 5662 1680 5733 δυσφημίαν,
1728 5662 1813 5716 in-

242 5735 461 5791 fiamiam
493 5735 748 5795 aliquam.

2004 4687 2115 4760 (15)
2155 4690 2278 4751 Illa,
2306 4688 2406 4742 οὐκ
2447 4687 2563 4741 ἔστι
2612 4686 2692 4751 δέ,
2733 4685 2812 4760 sic
2862 4685 3024 4760 vertit
3068 4685 3338 4760 interpres
3366 4706 3378 4739 :
3411 4686 3504 4760 sed

1932 4754 2036 4815 non
2074 4754 2149 4812 ita
2192 4768 2291 4813 est.
2335 4760 2472 4823 Quid
2508 4767 2689 4811 autem
2734 4756 2851 4811 hac
2892 4754 2991 4810 sibi
3027 4755 3215 4818 velint,
3258 4754 3397 4808 alius
3428 4756 3506 4808 vi-

1931 4830 2089 4883 derit.
2132 4829 2242 4898 Ego
2287 4828 2544 4898 arbitror_
2570 4840 2773 4898 ‘vocem
2817 4823 2934 4888 υίὸς
2979 4823 3259 4898 subaudiri
3305 4823 3505 4878 debere

1930 4908 2067 4968 post
2088 4893 2217 4951 illud
2239 4898 2339 4950 οὐκ
2377 4896 2491 4949 ἐστι
2525 4895 2604 4960 δέ,
2633 4894 3067 4968 Ιιὲιιηεθηιςιιιίεε
3104 4903 3165 4948 ιιι
3204 4893 3499 4968 Deus_non

1931 4962 2013 5021 East
2042 4966 2242 5029 Pater,
2300 4970 2373 5020 ita
2406 4983 2509 5019 non
2556 4976 2639 5019 est
2668 4964 2854 5018 Filius.
2887 4962 2999 5018 Hoc
3043 4973 3157 5026 est,
3204 4976 3306 5017 nec
3354 4963 3497 5017 Deus

1920 5036 2086 5091 Pater
2124 5036 2303 5090 vocari
2374 5035 2534 5091 debet
2582 5034 2763 5099 Pater,
2815 5047 2915 5086 nec
2971 5031 3142 5087 Filius
3203 5031 3363 5086 debet
3397 5045 3497 5084 vo-

1933 5108 2042 5159 cari
2121 5104 2309 5159 Filius.
2356 5104 2424 5158 Et
2498 5105 2701 5158 idcirco
2769 5101 2997 5156 Basilius
3054 5100 3131 5155 ait
3192 5100 3496 5159 relinquere

1917 5189 1980 5229 se
2022 5175 2410 5241 blasphemiam
2463 5173 2753 5241 Eunomii,
2770 5171 3167 5241 imperfectam,
3215 5171 3360 5239 quod
3391 5183 3494 5241 po-

1918 5259 2041 5298 men
2098 5237 2213 5306 υίός
2268 5243 2691 5311 praetermiserit.
2723 5237 2870 5295 'Nec'
2894 5241 2969 5294 ita
3006 5239 3174 5311 multo
3222 5237 3343 5311 post
3387 5237 3492 5311 Ba-

1918 5313 2074 5367 silius
2117 5315 2218 5367 hoc
2258 5308 2397 5365 idem
2442 5310 2600 5375 fecit,
2641 5326 2764 5365 cum
2811 5312 2883 5364 ita
2919 5310 3155 5376 scripsit,
3185 5308 3422 5378 αὐτή-τε
3456 5309 3489 5377 ή

1917 5381 2178 5453 ἀλήθεια,
2224 5383 2269 5453 ὁΔ
2296 5380 2509 5453 ’Κύριος
2555 5380 2712 5453 ἡμῶν
2734 5378 2969 5453 ,Ἰησοῦς
3021 5375 3493 5453 Χριστόςηᾘεηιο

1917 5445 2059 5505 eui'm
2088 5445 2192 5505 non
2224 5449 2369 5520 videt
2397 5445 2838 5520 'yocem'tpeusﬁg'
2873 5449 2969 5520 hic
2992 5445 3233 5520 suppleri
3265 5447 3486 5520 debere,

1919 5522 2022 5597 hoc
2059 5521 2215 5597 modo
2244 5538 2258 5573 :
2301 5518 2504 5597 ψευδὴς
2539 5516 2676 5589 αὐτή
2709 5516 2852 5597 τελή-
2880 5516 3137 5597 ἀλῄθειαί,
3169 5516 3407 5597 πιεηάατ.
3438 5524 3491 5567 et

1916 5591 2032 5652 ipsa
2065 5591 2279 5652 veritas,
2316 5582 2427 5643 'etc.
2458 5582 2616 5642 'Sane
2653 5582 2758 5642 non
2804 5582 2873 5642 ob
2914 5582 3074 5641 aliam
3122 5601 3341 5642 causam
3392 5582 3493 5638 has

1959 5674 2053 5713 uas
2091 5673 2253 5713 voces
2287 5658 2634 5726 praetermisit
2665 5657 2915 5722 Basilius,
2955 5671 3119 5725 quam
3150 5655 3293 5726 quod
3322 5653 3492 5725 impia

1919 5728 2164 5785 Eunomii
2194 5731 2356 5786 verba
2382 5727 2566 5786 omnia
2603 5726 2850 5799 proferre
2878 5726 3175 5785 horruerit.
