3836 6222
316 330 412 385 5⁵51

1620 322 1675 373 S.
1718 316 1964 373 BASIL"
2006 314 2222 371 MAGNI

3458 310 3562 365 552

316 448 533 515 quidem
566 460 669 498 nun
699 443 920 497 admisit
949 440 1352 511 generationem
1380 453 1394 491 :
1424 438 1559 493 alter
1585 454 1715 492 vero
1743 438 1885 504 geni-

2024 436 2199 502 :pai'vat
2239 431 2424 494 ἀτελὲς
2452 430 2511 482 τὸ
2544 429 2879 500 βλάσφημον.
2927 427 2983 479 ’0
3033 427 3127 495 μὲν
3160 424 3270 496 γὰρ
3304 424 3366 477 οὐ
3394 440 3563 497 προσ-

319 538 453 589 toris
487 545 737 591 naturam
769 550 874 588 non
905 531 1274 602 participavit.
1317 528 1519 582 Deinde
1548 528 1665 597 ipse
1697 541 1884 581 secum

319 639 510 693 certat,
535 642 726 681 novam
756 626 1103 693 blasphemiae
1133 622 1523 692 mitigationem
1547 620 1884 689 excogitans,

318 733 425 772 non
475 719 615 788 quod
660 718 954 786 quidquam
1013 717 1161 769 dicat
1203 715 1346 783 quod
1391 715 1459 767 ad
1511 712 1886 782 paenitentiam

322 810 608 876 pertineat,
658 810 752 865 sed
788 811 929 877 quod
979 808 1372 877 posterioribus
1403 805 1584 875 priora
1628 819 1890 875 superare

321 912 566 957 conetur.
600 904 739 970 Quid
769 905 913 958 enim
946 904 1189 972 proferre
1222 916 1385 956 ausus
1416 900 1539 956 est?

391 1091 525 1146 Eun.
567 1086 935 1157 Efl'ugerilque
968 1085 1155 1155 utique
1181 1099 1397 1139 omnem
1429 1084 1890 1154 comparationem

326 1198 387 1238 ac
412 1179 953 1237 communicationem
986 1192 1110 1231 cum
1140 1177 1344 1245 genito.

398 1276 521 1329 Bas.
564 1275 632 1327 At
673 1273 776 1325 nisi
808 1269 1145 1339 comparatio
1173 1270 1243 1323 sit
1274 1268 1397 1324 Filii
1433 1284 1554 1323 cum
1581 1268 1761 1333 Patre,
1793 1268 1893 1322 nisi

329 1367 399 1421 sit
449 1362 869 1419 communicatio
926 1376 1049 1415 cum
1106 1362 1387 1429 genitore,
1435 1362 1723 1415 mendaces
1773 1370 1899 1413 sunt

329 1456 576 1527 apostoli,
613 1454 892 1509 mendacia
945 1451 1233 1520 Evangelia
1261 1492 1276 1517 ,
1314 1452 1633 1527 ipsaetiam
1675 1450 1896 1515 veritas,

330 1549 591 1604 Dominus
643 1556 829 1601 noster
875 1544 1034 1601 Jesus
1075 1545 1345 1600 Christus.
1402 1544 1510 1598 Sed
1553 1560 1654 1613 ego
1702 1544 1899 1597 iterum

331 1642 528 1695 horreo
579 1638 1004 1706 blasphemiam,
1035 1651 1196 1707 quam
1240 1637 1439 1705 cuique
1483 1635 1639 1688 facile
1693 1641 1777 1687 est
1817 1633 1901 1686 in-

332 1733 591 1801 telligere.
629 1730 762 1784 Nam
792 1731 834 1784 si
872 1730 1068 1783 nullam
1102 1730 1263 1783 habet
1295 1728 1751 1797 comparationem
1778 1741 1898 1779 cum

1988 527 2160 595 ήκατο
2179 524 2428 592 γέννησιν
2447 539 2461 552 ο
2491 524 2519 574 6
2548 521 2604 573 δὲ
2636 521 2697 572 οὐ
2726 518 2986 589 μετέλαϐε
3020 518 3119 586 τῆς
3149 517 3243 568 τοῦ
3268 519 3567 586 γεννήσαν-

1987 634 2077 679 τος
2117 617 2349 685 φύσεως.
2396 611 2527 667 Εἶτα
2571 612 2967 680 ἐπαγωνίζεται
3008 610 3170 671 αὐτὸς
3218 608 3400 678 ἑαυτῷ
3446 624 3570 659 και-

1990 709 2084 779 νὴν
2124 708 2232 777 (16)
2266 707 2365 775 τῆς
2407 705 2752 775 βλασφημίας
2782 704 2882 772 τὴν
2931 700 3282 772 παραμυθίαν
3317 699 3569 755 ἐπινοιῖιν.

1990 802 2050 853 ού
2085 800 2163 869 τῷ
2203 801 2375 852 εἰπεῖν
2416 815 2467 850 τι
2510 796 2798 868 μετανοίας
2838 795 3117 864 ἐχόμενον,
3146 792 3282 844 ἀλλὰ
3315 794 3427 853 τοῖς
3456 791 3573 843 δευ-

1990 890 2167 958 τέροις
2206 886 2521 957 φιλονεικῶν
2566 884 2880 955 ἀποκρύψαι
2929 883 2994 936 τὰ
3036 882 3335 951 φθάσαντα.
3372 880 3437 933 Τί
3469 882 3575 948 γαρ

1995 981 2258 1050 ὑπέμεινε
2292 977 2624 1047 φθέγξασθαι
2649 996 2663 1042 ;

2064 1072 2223 1124 ΕΥΝ.
2278 1069 2533 1137 Ἐκςρύγοι
2564 1087 2624 1121 τε
2673 1069 2738 1123 ἂν
2780 1071 2959 1121 πᾶσαν
3007 1067 3291 1141 σύγκρισιν
3333 1066 3430 1119 καὶ
3461 1083 3576 1119 κοι-

1996 1162 2191 1215 νωνίαν
2219 1162 2315 1232 τὴν
2356 1162 2491 1231 πρὸς
2529 1161 2590 1215 τὸ
2620 1160 2903 1229 γεννητόν.

2067 1255 2216 1307 ΒΑΣ.
2259 1256 2321 1306 Εί
2367 1253 2424 1306 δὲ
2463 1254 2537 1323 μὴ
2574 1252 2863 1323 σύγκρισίς
2894 1253 3011 1304 ἐστι
3055 1250 3131 1320 τῷ
3169 1250 3281 1320 Υἱῷ
3320 1252 3460 1322 πρὸς
3490 1248 3581 1302 τὸν

2000 1347 2240 1417 Πατέρα,
2280 1345 2414 1416 μηδὲ
2468 1344 2719 1398 κοινωνία
2757 1344 2892 1415 πρὸς
2923 1344 3015 1395 τὸν
3048 1344 3418 1413 γεννήσαντα,
3452 1342 3583 1411 ψευ-

1999 1440 2108 1501 δεῖς
2138 1440 2235 1508 μὲν
2265 1440 2313 1490 οἱ
2346 1437 2651 1501 ἀπόστολοι,
2683 1437 2854 1506 ψευδῆ
2888 1437 2945 1489 δὲ
2978 1436 3045 1489 τὰ
3072 1435 3376 1503 Εύαγγὲλια
3396 1453 3410 1464 ·
3446 1437 3583 1506 αὑτὴ

2000 1550 2059 1585 τε
2089 1534 2121 1601 ἡ
2154 1533 2266 1599 (17)
2300 1530 2555 1600 ἀλήθεια,
2584 1530 2612 1581 ὁ
2642 1529 2844 1598 Κύριος
2881 1528 3037 1597 ἡμῶν
3077 1528 3285 1597 Ἰησοῦς
3325 1528 3584 1598 Χριστός.

2014 1625 2153 1675 Ἀλλ’
2179 1622 2288 1691 ἐγὼ
2320 1622 2416 1693 μὲν
2443 1623 2603 1675 πάλιν
2643 1622 2856 1691 φρίσσω
2883 1621 2982 1690 τὴν
3011 1620 3358 1690 βλασφημίαν
3380 1638 3392 1649 ·
3422 1620 3587 1672 παντὶ

2004 1715 2059 1767 δὲ
2091 1713 2316 1765 συνιδεῖν
2352 1713 2548 1782 ῥᾴδιον.
2587 1713 2647 1764 Εἰ
2687 1712 2793 1780 γὰρ
2830 1710 3097 1781 μηδεμίαν
3140 1711 3427 1780 σύγκρισιν
3475 1710 3587 1779 ἔχει

332 1786 513 1888 Patrue,
554 1823 827 1893 quomodo
869 1822 1081 1875 dicebat
1124 1820 1372 1889 Philippo
1406 1786 1626 1874 :lTanlo
1673 1829 1902 1879 tempore

2020 1807 2138 1876 :p’);
2177 1802 2266 1856 τὸν
2296 1804 2536 1874 Πατέρα,
2573 1804 2690 1866 πῶς
2727 1802 2879 1870 ἔλεγε
2930 1802 3009 1873 τῷ
3036 1802 3286 1873 Φιλίππῳ
3310 1820 3323 1831 ·
3370 1803 3591 1857 Τοσοῦ-

334 1908 591 1961 vobiscum
642 1923 781 1969 sunt,
840 1917 886 1959 et
938 1923 1042 1959 non
1080 1906 1256 1959 vidisti
1298 1922 1417 1967 me,
1465 1903 1701 1972 Philippe
1742 1902 1901 1955 '7'“?

334 2008 420 2063 et,
450 1998 552 2064 Qui
598 1998 731 2053 videt
773 2014 854 2051 me
875 2040 888 2061 ,
922 2000 1057 2051 videt
1098 2014 1215 2051 eum
1242 1997 1332 2067 qui
1379 1998 1520 2049 misit
1547 2013 1628 2050 me
1658 1996 1741 2049 "'l
1769 1995 1901 2049 Nam

334 2108 455 2145 eum
483 2092 572 2161 qni
602 2106 698 2145 nec
720 2091 1175 2161 comparationem
1201 2089 1428 2158 suscipit
1457 2105 1555 2144 nec
1580 2089 1744 2144 ullam
1778 2105 1899 2141 cum

336 2182 471 2237 Filio
501 2185 930 2238 communionem
970 2184 1166 2247 habet,
1199 2182 1471 2250 quomodo
1503 2183 1556 2235 in
1595 2182 1773 2251 seipso
1808 2179 1901 2233 Fi-

338 2276 440 2329 lius
482 2276 767 2330 ostendere
814 2272 1109 2340 potuisset?
1154 2269 1263 2326 Nec
1310 2271 1454 2325 enim
1506 2285 1603 2339 per
1645 2271 1905 2325 dissimile

339 2379 430 2421 aut
462 2368 695 2419 alienum
740 2363 1119 2431 comprehendi
1163 2371 1339 2432 potest
1386 2363 1531 2432 quod
1578 2364 1901 2431 ignoratur:

339 2459 430 2512 sed
458 2473 523 2511 ex
550 2456 688 2509 aliini
718 2454 875 2509 aliine
900 2454 1037 2509 solet
1065 2455 1339 2524 cognosci.
1387 2454 1479 2508 Sic
1523 2455 1577 2508 in
1609 2455 1786 2522 sigillo
1822 2456 1904 2507 in—

338 2550 566 2618 spicitur
602 2546 716 2615 ejus
740 2546 832 2615 qui
870 2561 927 2599 se
954 2546 1227 2614 impressit
1250 2544 1473 2616 eﬂigies,
1502 2556 1558 2600 et
1590 2562 1684 2615 per
1712 2548 1905 2614 imagi-

342 2657 459 2695 nem
508 2641 787 2710 exemplar
825 2642 1192 2709 cognoscitur,
1236 2641 1281 2693 si
1321 2640 1573 2694 videlicet
1620 2655 1905 2709 compare-

340 2750 460 2789 mus
491 2748 587 2789 nos
613 2748 731 2788 eam
756 2748 875 2789 oua:
906 2734 957 2787 in
992 2741 1221 2787 utroaue
1252 2742 1337 2787 est
1366 2732 1726 2787 identitatem.

410 2909 497 2963 18.
539 2906 718 2973 Quare
746 2906 847 2960 hac
883 2920 987 2959 una
1023 2905 1353 2974 blaSphemia
1387 2920 1546 2961 voces
1579 2920 1766 2961 omnes
1788 2921 1908 2975 qme

342 3015 369 3053 a
411 3000 614 3068 Spiritu
649 3009 839 3054 sancto
866 2999 931 3051 ad
972 2998 1424 3069 gloriﬁcationem
1475 2998 1747 3067 Unignniti
1793 3007 1907 3050 tra-

2004 1916 2109 1951 τον
2139 1898 2360 1965 χρόνον
2388 1897 2515 1965 μεθ’
2550 1894 2714 1963 ὑμῶν
2751 1898 2888 1962 εἰμι,
2925 1896 3024 1947 καὶ
3059 1897 3172 1963 οὐχ
3200 1894 3467 1962 ἑώρακάς
3489 1912 3587 1963 με.

2004 1992 2302 2050 (biduum;
2344 1988 2469 2046 καὶ,
2526 1986 2586 2037 Ὁ
2637 1983 2869 2052 θεωρῶν
2913 1984 3018 2053 ἐμὲ
3062 1985 3267 2052 θεωρεῖ
3300 1985 3408 2038 τὸν
3445 1985 3591 2054 πέμ-

2002 2077 2205 2150 ψαντά
2228 2092 2344 2148 με;
2374 2078 2477 2130 Τὸν
2501 2078 2608 2148 γὰρ
2648 2078 2783 2147 μήτε
2815 2076 2926 2147 (18)
2959 2076 3244 2145 σύγκρισιν
3275 2078 3594 2147 ἐπιδεχόμε-

2004 2189 2114 2235 νον,
2166 2171 2299 2241 μήτε
2346 2170 2629 2222 κοινωνίαν
2676 2169 2794 2222 τινὰ
2840 2171 2976 2240 πρὸς
3024 2170 3186 2222 αὑτὸν
3226 2168 3589 2239 κεκτημένον,

2006 2264 2123 2327 πῶς
2156 2262 2220 2317 ἂν
2265 2260 2463 2326 ἔδειξεν
2503 2264 2559 2314 ἐν
2602 2260 2779 2329 ἐαυτῷ
2826 2263 2854 2313 ὁ
2886 2261 3051 2323 Υίός;
3098 2262 3171 2313 0'3
3214 2260 3323 2331 γὰρ
3362 2260 3453 2313 διὰ
3497 2260 3592 2313 τοῦ

2005 2354 2258 2426 ἀνομοίου
2296 2355 2388 2407 καὶ
2422 2354 2703 2423 ἀλλοτρίου
2738 2354 3083 2423 καταληπτόν
3118 2354 3233 2405 ἐστι
3264 2353 3324 2405 τὸ
3357 2353 3592 2420 ἀγνοού-

2010 2464 2195 2519 μενον·
2233 2446 2369 2500 an:
2405 2445 2484 2515 τῷ
2522 2445 2708 2515 οἰκείῳ
2749 2447 2961 2514 πέφυκε
3002 2446 3061 2499 τὸ
3097 2448 3294 2498 οἰκειον
3336 2445 3597 2513 ἐπιγινώ-

2008 2540 2253 2593 σκεσθαι.
2309 2538 2495 2601 Ούτως
2543 2538 2601 2590 ὲν
2649 2537 2748 2608 μὲν
2781 2536 2859 2607 τῷ
2891 2536 3000 2605 (19)
3043 2535 3537 2605 ἀποσφραγίσματι
3569 2537 3598 2588 6

2005 2629 2099 2683 τοῦ
2129 2627 2477 2690 τυπώσαντος
2514 2627 2803 2698 χαρακτὴρ
2840 2626 3174 2697 καθορᾶται·
3202 2626 3270 2678 δι’
3298 2626 3514 2688 εἰκόνος
3542 2625 3599 2677 δὲ

2006 2724 2039 2790 ὴ
2068 2720 2269 2789 γνῶσις
2292 2719 2385 2772 τοῦ
2412 2718 2720 2790 ἀρχετύπου
2744 2719 2983 2787 γίνεται,
3014 2718 3415 2787 συγκρινὼιτων
3438 2716 3599 2787 ἡμῶν

2006 2813 2245 2884 δηλονότι
2278 2811 2376 2883 τὴν
2404 2814 2459 2863 ὲν
2487 2812 2735 2881 ἑκατέρῳ
2764 2809 3070 2881 ταύτότητα
3097 2810 3228 2879 (‘20).

2081 2907 2166 2961 i8.
2211 2907 2374 2958 Ὥστε
2400 2904 2487 2958 διὰ
2515 2907 2644 2975 μιᾶς
2667 2905 2871 2973 ταύτης
2899 2902 3247 2972 βλασφημίας
3268 2903 3450 2963 πάσας
3479 2898 3601 2952 ἀθε-

2007 3000 2215 3053 τεῖσθαι
2248 2998 2347 3061 τὰς
2390 2997 2574 3066 φωνὰς
2606 2995 2704 3058 τὰς
2746 2994 2895 3064 παρὰ
2931 2993 3025 3046 τοῦ
3074 2994 3231 3061 ἁγίου
3277 2993 3601 3062 Πνεύματος

342 3092 465 3145 dita:
481 3101 627 3152 sunt,
651 3090 1028 3160 reprobantur.
1048 3089 1115 3144 Et
1130 3089 1346 3157 quidem
1363 3090 1708 3157 Evangelium
1728 3091 1904 3153 docet,

2020 3094 2091 3154 εἰς
2134 3090 2233 3161 τὴν
2282 3088 2377 3141 τοῦ
2421 3086 2759 3155 Μονογενοῦς
2810 3085 3114 3153 δοξολογίαν
3156 3085 3597 3155 παραδοθείσαςν

343 3184 483 3249 quod
510 3180 663 3234 Hunc
700 3182 862 3235 Pater
890 3183 1115 3251 signavit
1138 3181 1300 3250 230
1325 3180 1462 3235 Deus
1495 3181 1542 3212 ⁹⁰
1571 3198 1586 3233 :
1622 3180 1911 3249 Apostolus

343 3286 471 3325 vero
514 3272 589 3325 ait
626 3290 639 3325 :
676 3271 779 3336 Qui
802 3282 878 3325 est
916 3272 1089 3339 imago
1132 3272 1229 3323 Dei
1272 3271 1545 3325 invisibilis
1574 3272 1642 3325 ⁹¹.
1690 3270 1910 3340 Imago,

344 3377 447 3417 non
479 3362 794 3427 inanimata,
837 3377 1015 3430 neque
1049 3377 1207 3415 manu
1238 3361 1538 3424 elaborata,
1574 3377 1748 3433 neque
1776 3364 1913 3417 artis

343 3465 436 3510 aut
461 3456 734 3509 industrire
760 3470 893 3523 opus
919 3474 932 3509 :
963 3455 1055 3509 sed
1099 3456 1276 3522 imago
1309 3455 1450 3520 viva,
1480 3457 1589 3510 imo
1618 3471 1766 3516 vero.
1798 3457 1911 3526 ipsa

345 3560 440 3613 per
455 3558 510 3598 se
530 3545 656 3607 vita,
678 3559 779 3597 non
808 3545 857 3597 in
878 3544 1060 3613 ﬁgura:
1076 3546 1449 3607 similitudine,
1475 3547 1569 3599 sed
1590 3548 1775 3614 quaein
1797 3549 1913 3617 ipsa

345 3635 645 3689 substantia
662 3636 1065 3689 similitudinem
1086 3636 1916 3706 dissimilitudiniscujuscunque

344 3733 616 3792 expertem
662 3740 875 3794 semper
920 3726 1134 3778 retinet.
1162 3725 1273 3794 Ego
1301 3726 1445 3779 enim
1472 3727 1624 3793 illud,
1652 3731 1709 3781 in
1739 3732 1913 3797 forma

348 3817 439 3869 Dei
464 3834 571 3871 esse
595 3818 662 3881 ⁸³,
693 3818 830 3871 idem
861 3816 1040 3870 valere
1073 3817 1218 3881 dico,
1253 3819 1396 3886 quod
1436 3820 1558 3885 hoc,
1581 3820 1636 3872 in
1667 3821 1915 3874 substan-

345 3912 423 3963 tia
463 3912 557 3964 Dei
586 3927 715 3965 esse.
743 3910 895 3964 Sicut
929 3912 1072 3964 enim
1106 3909 1263 3974 illud,
1299 3910 1525 3979 formam
1568 3914 1914 3980 assumpsisse

342 4003 473 4055 servi
512 4003 575 4065 9',
609 4003 884 4071 signilicat
910 4001 1195 4055 Dominum
1245 4010 1490 4055 nostrum
1521 4003 1572 4056 in
1609 4004 1912 4058 substantia

346 4094 593 4146 humana:
648 4103 851 4147 natura
912 4104 1095 4145 natum
1140 4108 1303 4146 esse:
1352 4092 1428 4146 ita
1481 4094 1645 4148 etiam
1700 4095 1824 4160 hoc,
1860 4097 1913 4149 in

413 4227 530 4259 "-3"
566 4226 722 4283 Joan.
772 4245 882 4295 xw,
910 4230 961 4284 9.
1038 4230 1081 4260 "
1120 4228 1380 4292 Joan.xn,
1418 4230 1507 4285 45.
1582 4232 1626 4264 ⁹⁰
1662 4232 1819 4290 .Ioan.
1851 4254 1923 4303 γι,
1953 4239 2039 4296 27.

2014 3182 2108 3237 τοῦ
2142 3182 2241 3252 μὲν
2275 3179 2608 3247 Εὐαγγελίου
2638 3176 2981 3239 διδάσκοντος
3016 3177 3117 3238 ὅτι,
3161 3176 3383 3229 Τοῦτον
3410 3178 3444 3229 ὁ
3484 3179 3606 3229 Πα-

2014 3274 2123 3342 τὴρ
2154 3272 2523 3342 ἐσφράγισεν
2552 3274 2584 3323 ό
2613 3268 2758 3334 Θεός
2778 3284 2793 3299 ο
2843 3267 2938 3320 τοῦ
2979 3268 3039 3321 δὲ
3096 3268 3423 3321 Ἀποστὸλου
3443 3285 3456 3298 ο
3497 3270 3607 3334 ’ος

2012 3368 2183 3421 ἐστιν
2228 3364 2407 3419 εἰκὼν
2454 3362 2560 3417 τοῦ
2603 3360 2754 3415 Θεοῦ
2807 3360 2912 3414 τοῦ
2946 3359 3223 3427 ἀοράτου.
3273 3359 3456 3414 Είκὼν
3503 3363 3607 3414 οὐκ

2014 3458 2240 3528 ἄψυχος,
2264 3456 2385 3509 οὐδὲ
2409 3454 2774 3524 χειρόκμητος
2799 3452 2933 3521 (21),
2960 3451 3081 3503 οὐδὲ
3100 3451 3298 3520 τέχνης
3320 3451 3484 3521 ἔργον
3510 3455 3607 3504 καί

2014 3550 2272 3613 ἐπινοίας·
2306 3548 2439 3601 ἀλλὰ
2471 3545 2632 3598 εἰκὼν
2662 3543 2831 3608 ζῶσα,
2860 3542 3062 3612 μᾶλλον
3085 3542 3143 3595 δὲ
3168 3543 3439 3596 αύτοοῦσα
3465 3544 3604 3614 ζωὴ,

2012 3640 2114 3693 οὐκ
2143 3642 2198 3692 ὲν
2236 3642 2511 3709 σχήματος
2534 3634 2832 3706 ὁμοιότητι,
2862 3633 2976 3687 ἀλλ’
3018 3636 3077 3687 ὲν
3104 3635 3241 3704 αὐτῇ
3268 3636 3333 3705 τῇ
3361 3635 3525 3705 οὐσία
3546 3635 3609 3687 τὸ

2015 3730 2431 3801 ἀπαράλλακτον
2458 3727 2571 3795 (22)
2602 3727 2690 3779 ἀεὶ
2712 3723 3066 3790 διασώζουσα.
3108 3724 3248 3793 Ἐγὼ
3270 3727 3381 3796 γὰρ
3403 3726 3499 3778 καὶ
3524 3726 3604 3784 τὸ,

2011 3823 2082 3876 ἐν
2119 3820 2320 3892 μορφῇ
2371 3820 2519 3873 Θεοῦ
2564 3818 2891 3886 ὑπάρχειν,
2940 3818 3053 3870 ἴσον
3095 3818 3357 3871 δύνασθαι
3392 3817 3493 3887 τῷ,
3538 3818 3610 3870 ἐν

2014 3917 2196 3981 οὐσίῃ
2226 3914 2371 3968 Θεοῦ
2400 3911 2711 3979 ὑπάρχειν,
2761 3910 2925 3980 φημί.
2972 3910 3059 3971 Ὠς
3088 3908 3196 3977 γὰρ
3240 3909 3320 3968 τὸ,
3357 3909 3610 3977 μορφὴν

2014 4005 2403 4074 ἀνειληφέναι
2431 4003 2679 4063 δούλου,
2730 4000 2786 4052 ἐν
2820 4003 2886 4069 τῇ
2921 3999 3078 4068 οὐσία
3118 4000 3217 4069 τῆς
3244 3998 3609 4069 ἀνθρωπότη-

2015 4118 2107 4164 τος
2150 4099 2241 4151 τὸν
2278 4096 2479 4166 Κύριον
2516 4093 2674 4164 ἡμῶν
2720 4091 3078 4161 γεγεννῆσθαι
3120 4092 3412 4159 σημαίνει·
3464 4090 3613 4143 οὓτω

2122 4236 2398 4292 “Coloss.
2426 4252 2463 4297 t,
2494 4234 2581 4288 15.
2659 4234 2704 4263 ⁹¹
2744 4232 2974 4300 Philipp.
3005 4248 3066 4293 ll,
3095 4230 3147 4285 6.
3254 4231 3301 4262 ’³
3329 4232 3460 4286 ibid.
3495 4232 3550 4284 7.

418 4367 528 4440 (l6)
569 4366 737 4445 Recte
769 4375 822 4421 et
849 4381 972 4420 vere
996 4365 1260 4445 judicavit
1297 4369 1377 4445 rir
1415 4369 1760 4445 doctissimus
1808 4375 1911 4427 Du-
1944 4382 1987 4435 ι)
2016 4377 2106 4430 τόν
2152 4374 2503 4445 supplendam
2553 4388 2711 4445 esse,
2762 4372 2947 4445 sicque
2995 4371 3108 4424 haec
3153 4371 3315 4445 yerba
3362 4375 3613 4445 construi

343 4437 511 4502 catus,
548 4439 739 4510 καινήν
794 4452 898 4490 non
946 4438 1108 4510 κενήν
1156 4437 1258 4491 hoc
1287 4437 1427 4510 loco
1475 4439 1581 4510 legi
1639 4453 1910 4510 oportere.

345 4510 498 4572 Nam,
527 4512 569 4560 si
609 4508 829 4574 Regium
859 4508 1151 4560 secundum
1182 4507 1438 4574 excipias,
1472 4508 1541 4559 ita
1574 4507 1778 4565 habent
1815 4529 1912 4566 an-

346 4580 477 4651 tiqui
508 4592 692 4651 omnes
728 4585 837 4651 tum
870 4579 1076 4651 calamo
1118 4577 1307 4651 notati,
1344 4586 1453 4629 tum
1486 4580 1626 4647 typis
1658 4582 1916 4651 descripti

344 4650 483 4702 libri.
518 4648 783 4700 Przetcrea
810 4647 883 4715 ita
916 4647 1013 4715 legi
1048 4647 1261 4709 debere,
1292 4648 1405 4713 ipsa
1437 4650 1701 4703 orationis
1746 4647 1918 4708 series

344 4720 476 4799 satis
508 4716 760 4769 ostendit.
809 4714 1007 4769 Ibidem
1040 4730 1179 4769 unus
1220 4718 1388 4769 codex
1438 4719 1793 4789 παραμυθίαν
1829 4726 1916 4776 ὲν-

342 4806 495 4841 νοων.

420 4856 531 4926 (17)
572 4854 794 4908 Codices
841 4869 944 4927 non
974 4854 1129 4927 pauci
1162 4853 1315 4927 αὑτὴ
1348 4854 1404 4907 δὲ
1443 4856 1495 4924 ή.
1545 4855 1657 4912 lloc
1706 4861 1821 4927 ipso
1861 4862 1913 4916 in

342 4922 458 4979 loco
496 4922 623 4978 mss.
656 4924 893 4976 nonnulli
923 4925 950 4975 6
973 4922 1225 4992 Χριστός.

411 4993 523 5065 (18)
566 4993 658 5047 Sic
702 5009 831 5048 mss.
860 5010 1067 5048 omnes.
1103 4992 1213 5047 Vox
1258 4994 1396 5063 μήτε
1433 4998 1781 5066 typographis
1817 5014 1909 5053 ex—

340 5071 570 5120 Clderat.

412 5134 704 5209 (i9)_Editi
732 5144 801 5209 _et
833 5133 965 5209 Reg.
1013 5132 1239 5209 quintus
1281 5132 1454 5209 οὕτως
1498 5136 1555 5186 ὲν
1608 5134 1760 5206 μέσῳ
1809 5138 1906 5209 τῷ.

345 5202 479 5259 llinc
507 5202 813 5275 ‘Cornarius
841 5221 854 5256 :
887 5202 973 5256 Sic
1004 5203 1073 5275 fin
1104 5204 1273 5255 medio
1313 5204 1511 5272 sigillo,
1553 5202 1667 5272 ejus
1700 5202 1791 5275 qui
1832 5202 1909 5261 si-

342 5276 604 5347 gniﬁcavit
635 5274 806 5347 ﬁgura
836 5274 1298 5347 conspicitur._Alii
1318 5278 1564 5347 quinque
1596 5274 1724 5329 mss.
1756 5276 1909 5347 Regii

342 5340 462 5397 cum
495 5340 643 5398 Colb.
686 5342 857 5404 οὕτως
896 5345 953 5395 ἐν
991 5340 1091 5411 μὲν
1134 5341 1229 5411 τῷ.
1267 5345 1355 5396 Ait
1399 5340 1910 5402 vir’ermlitissim'us

346 5413 737 5486 put-scus,ilegi
788 5413 980 5486 al_icubi
1024 5413 1053 5463 6
1084 5411 1355 5486 sumina;
1385 5415 1702 5486 χαρακτήρ,
1728 5427 1782 5470 et
1835 5419 1907 5472 ita

345 5484 539 5551 legisse
571 5484 780 5536 videtur
814 5482 1228 5548 Trapezuntius,
1266 5484 1357 5549 qui
1388 5482 1579 5537 ’vertat
1621 5482 1820 5540 {Sicut
1853 5490 1908 5540 in

344 5554 593 5621 impressa
635 5552 811 5621 ﬁgura,
838 5553 1134 5617 imprimens
1167 5555 1441 5605 character
1469 5554 1765 5621 inspicitur.
1799 5556 1906 5611 Sed

345 5620 506 5673 editio
543 5623 670 5674 Ven.
700 5634 754 5674 et
797 5620 970 5694 Paris.
1017 5621 1256 5694 per_inde_
1288 5631 1450 5694 atque
1480 5620 1644 5677 noStri
1694 5636 1901 5694 septem

347 5703 475 5741 mss.
517 5701 825 5759 constanter
861 5688 1056 5744 habent
1100 5692 1128 5741 6
1162 5688 1257 5741 τοῦ
1309 5688 1660 5757 τυπώσαντος
1707 5715 1719 5749 :
1759 5688 1902 5759 quod

348 5766 404 5810 ut
439 5758 630 5811 melius
678 5760 1023 5823 intelligatur,
1067 5774 1286 5815 monere
1324 5760 1511 5829 juvat,
1545 5780 1727 5820 vocem
1775 5758 1899 5821 ἑαυ-

2020 4440 2455 4505 ιιεξιοιείούτως
2484 4445 2541 4496 ὲν
2587 4442 2687 4510 μὲν
2730 4440 2812 4513 τῷ
2845 4441 3335 4513 ἁποσφραγίσματι
3368 4442 3616 4513 καθορᾶ-

2021 4534 2108 4569 ται
2138 4519 2165 4568 ὁ
2197 4514 2486 4585 χαρακτὴρ
2528 4509 2622 4585 τοῦ
2666 4509 3046 4585 ,τυπῴσαντοέ
3068 4511 3281 4585 ἑαυτὸν,
3315 4513 3394 4585 sic
3423 4513 3480 4565 in
3517 4509 3612 4567 ‘si-

2022 4586 2150 4656 gillo
2187 4582 2514 4656 conspicitur
2543 4584 2730 4656 efﬁgies
2758 4583 2874 4648 ejus
2895 4583 2994 4656 _qui
3022 4598 3077 4656 se
3108 4582 3373 4656 impressit

2092 4656 2202 4725 (9.0)
2244 4650 2372 4707 Jure
2418 4667 2479 4705 ac
2506 4653 2703 4725 merito
2736 4650 3084 4725 reprehendit
3129 4652 3357 4725 Ducyetts
3397 4650 3583 4721 Trape

2019 4719 2284 4785 zuntium,
2311 4726 2452 4791 quod
2486 4723 2599 4780 illa,
2627 4722 2726 4791 τὴν
2759 4723 2817 4773 ἐν
2864 4720 3113 4791 ἐκατέρῳ
3155 4719 3489 4790 ταύτότητα,
3515 4719 3615 4776 ’1ίᾶ

2020 4796 2269 4848 vertisset
2309 4790 2342 4848 :7
2370 4794 2422 4845 iu
2464 4790 2691 4861 utroque
2732 4790 3177 4861 similitudinem_,°_
3216 4806 3340 4842 cum
3365 4802 3617 4861 _vertere

2017 4864 2326 4921 debuisset,
2374 4865 2429 4913 in
2474 4857 2693 4926 utroque
2729 4860 3078 4912 identitatem.
3136 4857 3246 4913 Nec
3290 4859 3435 4912 enim
3487 4860 3618 4914 licet

2017 4933 2266 5002 scriptori
2296 4932 2609 5002 Christiano
2666 4928 3088 5002 ita_Latinitatis
3117 4930 3428 5002 studiosum
3464 4944 3614 4988 esse.

2016 5014 2070 5054 ut
2106 4999 2264 5057 voces
2307 5016 2525 5071 quoque
2558 5000 2881 5071 Christianae
2916 4999 3189 5071 religionis
3220 4999 3469 5071 proprias
3530 5015 3619 5054 re-

2017 5072 2204 5140 fugiat,
2246 5068 2400 5125 et_in
2439 5068 2635 5125 earum
2693 5069 2868 5122 locum
2927 5069 3065 5122 alias
3110 5068 3441 5130 substituat,
3488 5086 3615 5139 qua:

2014 5139 2335 5193 sententiam
2367 5149 2459 5194 aut
2503 5139 2725 5193 omnino
2757 5148 3001 5204 mutent,
3042 5149 3136 5191 aut
3169 5149 3317 5191 certe
3352 5154 3461 5192 non
3514 5157 3619 5207 pa—

2015 5227 2130 5262 rum
2164 5220 2534 5278 corrumpant.

2085 5281 2197 5348 (21)
2238 5277 2595 5349 chftertius
2636 5278 2832 5343 codex,
2873 5277 3092 5347 optimae
3128 5286 3296 5340 notae,
3327 5277 3455 5330 οὐδὲ
3497 5296 3622 5350 χει-

2015 5352 2302 5421 ρότμητος,
2331 5367 2491 5419 neque
2520 5360 2665 5421 secta
2700 5365 2883 5421 manu.

2082 5416 2195 5487 (ἐπὶ)
2244 5416 2484 5473 Εὐίιίἐι
2522 5419 2654 5486 Reg.
2702 5420 2925 5486 quintus
2967 5416 3418 5488 ἀπαράλλακτον,
3445 5418 3617 5488 αὐτή.

2012 5486 2125 5563 Vox
2162 5486 2319 5563 aeni
2350 5492 2402 5542 in
2453 5490 2673 5563 reliquis
2713 5503 2809 5563 sex
2835 5503 2987 5561 _mss.
3028 5486 3213 5563 deest_;_
3260 5501 3359 5539 nec
3391 5486 3623 5563 dubium

2009 5560 2181 5613 habeo
2232 5557 2359 5626 quin
2398 5559 2587 5612 melius
2628 5560 2805 5626 absit,
2836 5557 2985 5610 'cum
3040 5557 3249 5611 inutilis
3301 5561 3530 5611 omnino
3563 5574 3621 5613 et

2008 5628 2276 5754 ειιιιᾶεᾶίιιιει
2305 5643 2425 5686 esse
2459 5629 2724 5684 videatur.
2758 5625 3015 5683 Voculam
3044 5627 3135 5682 ἀει
3165 5642 3232 5683 ex
3260 5628 3441 5683 tribus
3473 5643 3617 5685 mss.

2008 5714 2059 5754 at
2118 5717 2130 5753 ι
2173 5715 2337 5754 1111115.

2007 5714 2337 5754 addidimus.
