3836 6222
233 341 344 397 555

1342 345 1711 406 ADVERSUS
1748 350 2120 411 EUNOMIUM
2160 355 2290 411 LIB.
2333 357 2375 412 1.

3388 365 3492 424 554

225 459 284 511 δὲ
322 458 417 510 καὶ
452 458 534 520 τὺ,
559 458 629 510 ἐν
666 458 778 529 (25)
806 458 1011 528 μορφῇ
1042 463 1190 517 Θεοῦ
1212 463 1526 533 ὑπάρχειν,
1553 467 1654 537 τῆς
1677 467 1796 520 θεία

1931 472 2102 538 forma
2127 470 2226 524 Dei
2248 489 2380 536 esse,
2418 488 2639 541 prorsus
2666 474 2862 530 divina:
2901 477 3219 532 substantia:
3248 484 3489 548 preprle~

223 550 420 612 οὐσίας
452 551 750 623 παρίστησι
781 552 998 616 πάντως
1025 555 1123 626 τὴν
1161 555 1418 628 ἰδιότητα.
1457 559 1512 610 '0
1552 558 1824 626 ἑωρακὼς

223 640 354 707 ἐμὲ,
386 640 571 710 φησὶν,
603 639 825 708 ἑώρακε
845 644 952 696 τὸν
977 643 1228 712 Πατέρα,
1253 641 1419 709 Οὗτος
1440 646 1497 698 δὲ
1523 645 1822 717 ἀλλοτριῶν

225 731 324 784 τοῦ
357 732 573 800 Πατρὸς
601 732 693 786 τὸν
718 734 1018 804 Μονογενῆ,
1051 735 1144 788 καὶ
1186 736 1466 799 παντελῶς
1510 738 1821 808 ἀποσχίζων

225 823 330 893 τῆς
375 822 515 895 πρὸς
551 824 715 878 αὐτὸν
755 825 1056 890 κοινωνίας,
1096 827 1194 898 τὴν
1231 828 1298 880 δι’
1321 829 1484 882 αὐτοῦ
1522 835 1820 901 γενομένην

225 918 331 985 τῆς
357 914 612 984 γνώσεως
644 916 848 982 ἄνοδον,
882 917 946 970 τὸ
971 919 1094 971 ὅσον
1139 921 1225 972 ἐπ’
1267 920 1416 990 αὐτῷ
1463 921 1596 992 (24),
1633 923 1819 976 διακό-

227 1023 378 1059 πτει.
411 1004 614 1059 Πάντα
647 1006 763 1060 ὅσα
794 1008 916 1076 ἔχει
953 1011 984 1062 ὀ
1011 1008 1234 1077 Πατὴρ,
1272 1010 1384 1079 ἐμά
1420 1012 1608 1075 ἐστιν,
1643 1014 1672 1064 ό
1705 1013 1819 1065 Κύ-

227 1096 348 1168 ριός
371 1115 554 1169 φησιν.
585 1099 848 1170 Εὐνόμιος
879 1101 935 1153 δὲ
972 1102 1227 1173 οὐδεμίαν
1263 1103 1412 1172 λέγει
1436 1103 1717 1158 κοινωνίαν
1744 1101 1819 1156 εἷ-

224 1208 319 1244 ναι
345 1191 423 1260 τῷ
448 1192 624 1262 Πατρὶ
658 1193 794 1263 πρὸς
825 1194 915 1246 τὸν
944 1195 1002 1260 ὲξ
1029 1194 1215 1248 αὐτοῦ.
1236 1197 1370 1258 Καὶ,
1393 1198 1618 1266 Ὥσπερ
1648 1201 1680 1251 ὀ
1708 1202 1820 1252 Ila-

223 1281 342 1350 τὴρ
371 1280 526 1350 ζωὴν
556 1284 681 1352 ἔχει
711 1285 780 1337 ἐν
811 1285 1024 1350 ἐαυτῷ,
1056 1287 1246 1354 οὕτως
1266 1287 1449 1341 ἔδωκε
1478 1289 1572 1341 καὶ
1601 1287 1678 1354 τῷ
1708 1289 1817 1354 Υἱῷ

221 1373 384 1443 ζωὴν
413 1375 578 1444 ἔχειν
607 1379 678 1430 ἐν
698 1377 909 1442 ἐαυτῷ.
944 1378 1114 1432 Τοῦτο
1145 1380 1273 1451 παρ’
1305 1380 1470 1432 αὐτοῦ
1500 1380 1817 1451 δεδιδάγμε-

223 1466 295 1520 θα
322 1467 416 1520 τοῦ
456 1469 659 1539 Κυρίου
681 1486 693 1500 ·
731 1470 879 1540 παρά
901 1469 957 1522 δὲ
986 1471 1249 1539 Εὐνομίου
1275 1472 1324 1524 τί
1351 1489 1364 1536 ;
1421 1472 1704 1542 Μηδεμίαν
1733 1468 1813 1524 εἷ-

221 1577 317 1612 ναι
356 1559 644 1630 σύγκρισιν
683 1561 761 1632 τῷ
801 1563 1115 1632 γεννηθέντι
1151 1565 1287 1635 πρὸς
1327 1565 1415 1617 τὸν
1453 1566 1810 1635 γεννήσαντα.

221 1652 340 1706 Καὶ⁵
365 1653 722 1719 ἁπαξαπλῶς,
748 1654 836 1708 διὰ
875 1657 1004 1725 μιᾶς
1030 1655 1237 1725 ταύτης
1263 1655 1447 1725 φωνῆς
1473 1658 1687 1728 ἀναιρεῖ
1716 1658 1814 1726 μὲν

218 1745 317 1798 τὸν
348 1747 446 1816 τῆς
482 1747 690 1811 εἰκόνος
724 1747 903 1816 λόγον,
935 1747 1120 1800 ἀθετεῖ
1139 1747 1194 1800 δὲ
1227 1749 1288 1801 τὸ
1309 1747 1648 1818 ἀπαύγασμα
1675 1743 1813 1802 εἶναι

1928 573 2093 615 tatem
2117 563 2359 617 exhibet.
2393 563 2497 628 Qui
2523 565 2649 618 vidit
2685 582 2786 630 me,
2813 568 3007 635 inquit,
3046 569 3178 622 vidit
3206 569 3412 622 Putrem
3426 571 3492 629 ".

1926 652 2024 707 llic
2046 662 2226 709 autem
2251 655 2482 710 alienum
2507 671 2535 709 a
2578 656 2738 712 Patre
2770 658 3126 728 Unigenitum
3164 662 3387 728 faciens,
3429 679 3493 719 ac

1924 761 2150 814 prorsus
2196 747 2512 802 rescindens
2545 748 2612 802 ab
2663 750 2779 816 ejus
2825 751 3111 817 societate,
3165 755 3494 823 cognitionis

1923 852 2206 891 ascensum
2236 839 2328 908 qui
2377 854 2474 910 per
2507 839 2680 909 ipsum
2730 841 2808 908 tit,
2856 853 3115 911 quantum
3150 844 3201 898 in
3239 846 3356 915 ipso
3387 858 3490 914 est,

1921 932 2213 990 abscindit.
2253 931 2587 1002 Quaecunque
2633 934 2788 988 habet
2833 935 3014 1003 Pater,
3067 953 3180 992 mea
3214 950 3357 1005 sunt,
3409 941 3493 995 in-

1921 1024 2038 1092 quit
2063 1023 2322 1078 Dominus
2343 1024 2410 1078 ”.
2439 1025 2510 1078 At
2542 1023 2841 1081 Eunomius
2892 1030 3325 1084 communionem
3367 1032 3488 1085 nul-

1919 1115 2023 1168 lam
2053 1131 2171 1170 esse
2203 1119 2280 1170 ait
2314 1116 2458 1171 Patri
2487 1133 2608 1172 cum
2640 1133 2706 1172 eo
2737 1120 2827 1188 qui
2861 1135 2924 1174 ex
2961 1122 3076 1189 ipso
3106 1131 3210 1178 est.
3233 1123 3318 1188 Et,
3343 1121 3487 1178 Sicut

1925 1206 2087 1261 Pater
2116 1208 2172 1261 in
2209 1209 2378 1276 seipso
2409 1210 2567 1263 vitam
2589 1210 2768 1274 habet,
2793 1213 2868 1265 sic
2899 1213 3040 1265 dedit
3068 1223 3117 1268 et
3161 1213 3304 1269 Filio
3326 1217 3486 1270 vitam

1917 1298 2109 1351 habere
2133 1298 2190 1352 in
2218 1300 2494 1369 semetipso
2529 1299 2598 1358 ⁸⁵.
2633 1299 2746 1356 Hoc
2777 1318 2964 1356 sumus
2990 1304 3056 1358 ab
3093 1304 3207 1374 ipso
3261 1307 3487 1362 ltoniino

1915 1391 2139 1445 edocti:
2187 1391 2258 1445 ab
2301 1391 2568 1447 Eunomia
2622 1407 2752 1448 vero
2801 1393 2966 1463 quid?
2999 1394 3244 1466 Nempe,
3284 1397 3484 1451 nullam

1915 1496 2035 1536 esse
2077 1483 2544 1552 comparationem
2598 1483 2764 1553 geniti
2808 1501 2932 1540 cum
2979 1486 3240 1556 genitore.
3278 1489 3345 1542 Et
3378 1504 3486 1544 uno

1913 1575 2102 1639 verbo,
2139 1584 2197 1628 ut
2229 1575 2484 1646 imaginis
2516 1577 2780 1632 rationem
2816 1579 2916 1633 hac
2943 1579 3102 1635 unica
3157 1595 3291 1636 voce
3325 1582 3481 1648 tollit,

1915 1665 1986 1718 ita
2024 1665 2369 1734 splendorem
2414 1681 2477 1719 ac
2526 1665 2898 1722 characterem
2927 1683 3047 1724 esse
3095 1671 3412 1726 substantia:
3438 1671 3483 1703 ’7

1915 1766 2095 1827 negat.
2146 1755 2333 1828 Neque
2377 1758 2522 1812 enim
2571 1759 2683 1813 ﬁeri
2733 1767 2927 1828 potest,
2965 1771 3023 1817 ut
3070 1763 3358 1833 imaginem
3405 1766 3486 1818 in-

218 1835 322 1890 καὶ
349 1837 671 1908 χαρακτῆρα
690 1838 790 1908 τῆς
821 1838 1190 1901 ὑποστάσεως.
1221 1836 1360 1892 Οὔτε
1389 1839 1497 1909 γὰρ
1523 1839 1705 1892 εἰκόνα
1726 1838 1800 1892 δυ·

1920 1849 2126 1918 tclligas
2149 1849 2266 1918 ejus
2289 1850 2379 1919 qui
2412 1849 2614 1903 nullam
2650 1849 2813 1905 habet
2851 1829 3341 1921 comparationem,
3391 1872 3478 1910 ne-

219 1930 385 1982 νατὸν
416 1929 510 1983 τοῦ
549 1931 884 2001 ἀσυγκρίτου
912 1931 1169 1994 νοεῖσθαι,
1209 1929 1334 1984 οὐτε
1366 1931 1704 2002 ἀπαύγασμα
1736 1927 1811 1984 εἷ-

217 2041 313 2079 ναι
358 2023 452 2077 τοῦ
493 2025 858 2094 ἀκοινωνήτου
911 2023 1054 2077 κατά
1098 2024 1197 2094 τὴν
1232 2023 1410 2092 φύσιν.
1457 2022 1548 2092 Τῷ
1579 2023 1635 2075 δὲ
1665 2022 1813 2093 αὐτῷ

216 2117 355 2170 εῖδει
394 2117 556 2171 πάλιν
591 2116 686 2170 τοῦ
721 2117 1095 2187 τεχνάσματος
1129 2116 1399 2186 ἐπιμένει,
1423 2115 1501 2185 τῷ
1531 2117 1812 2186 ἀγεννήτῳ

216 2206 400 2275 λέγων
439 2209 514 2278 μὴ
549 2205 690 2260 εἶναι
736 2206 872 2276 πρὸς
919 2206 980 2259 τὸ
1021 2206 1278 2276 γεννητὸν
1321 2205 1641 2277 σύγκρισιν·
1692 2207 1812 2277 οὐχὶ

215 2299 301 2370 τῷ
329 2301 504 2370 Πατρὶ
541 2299 678 2371 πρὸς
710 2299 802 2352 τὸν
830 2297 888 2363 ὲξ
920 2298 1107 2363 αὐτοῦ,
1143 2299 1228 2351 ἵνα
1256 2299 1432 2370 ἥνπερ
1458 2298 1523 2352 ἂν
1549 2301 1669 2363 ταῖς
1696 2317 1810 2369 φω-

216 2395 345 2455 ναῖς
376 2392 601 2456 ταύταις
625 2391 976 2462 ὑπάρχουσαν
1005 2389 1282 2444 ἀντίθεσιν
1304 2390 1566 2462 ἐπιδείξῃ,
1606 2391 1811 2463 ταύτην

216 2485 310 2535 ἐπ’
335 2482 508 2553 αὐτῆς
546 2484 645 2547 τῆς
675 2483 863 2546 οὐσίας
892 2482 986 2535 τοῦ
1027 2480 1238 2552 Πατρὸς
1273 2483 1364 2535 καί
1399 2481 1493 2534 τοῦ
1521 2481 1652 2535 Υἰοῦ
1685 2500 1811 2553 μετ-

213 2575 443 2646 ενέγκῃ.
1589 2567 1596 2569 Α

289 2668 378 2721 19.
416 2667 603 2729 Ὅπως
627 2665 685 2717 δὲ
723 2662 819 2736 μὴ,
850 2681 1050 2728 πασαις
1080 2664 1242 2718 αὑτοῦ
1286 2665 1810 2730 κατακολουθοῦντες

213 2760 340 2821 ταῖς
375 2756 772 2826 βλασφημίαις,
809 2755 902 2808 καὶ
935 2754 1165 2808 ἕκαστον
1189 2756 1434 2809 εὐθύνειν
1461 2756 1567 2809 τῶν
1595 2758 1812 2828 εἰρημέ-

213 2867 326 2900 νων
355 2847 780 2919 ἐπιχειροῦντες,
807 2848 888 2911 εἰς
925 2847 1059 2900 πολὺ
1109 2847 1283 2919 μῆκος
1319 2850 1409 2901 τὸν
1438 2849 1594 2914 λόγον
1631 2849 1811 2904 ἐκτεί-

212 2957 400 3010 νωμεν
431 2939 542 3009 (25)
565 2957 577 2970 °
601 2941 701 2993 ὅσα
723 2939 821 3011 μὲν
843 2939 936 2993 καί¹
961 2939 1250 3010 πρόχειρον
1273 2939 1386 3010 ἔχει
1410 2942 1506 3010 τὴν
1532 2941 1807 3007 ἀσέϐειαν,

212 3031 312 3083 καὶ
359 3029 585 3083 αὐτόθεν
630 3030 839 3100 φανερά
887 3033 1000 3094 τοῖς
1043 3031 1462 3102 ὲντυγχάνουσίν
1497 3035 1635 3098 ἐστι,
1672 3053 1811 3108 παρ-

213 3126 456 3195 ήσομεν·
511 3124 546 3178 ἃ
579 3125 635 3178 δὲ
675 3125 832 3193 λόγου
879 3124 1024 3188 τινὸς
1061 3124 1197 3196 πρὸς
1227 3125 1318 3179 τὸν
1359 3125 1578 3197 ἔλεγχον
1611 3127 1803 3193 δεῖται,

211 3217 394 3270 ταῦτα
443 3217 897 3289 παραθησόμεθα.
954 3217 1222 3280 Ποικίλως
1265 3217 1374 3289 γὰρ
1425 3217 1486 3270 τὸ
1538 3218 1672 3289 πρὸς
1715 3220 1806 3272 τὸν

213 3310 349 3362 Υἰὸν
380 3308 742 3379 ἀκοινώνητον
775 3309 873 3379 τῆς
900 3308 994 3361 τοῦ
1017 3308 1232 3378 Πατρὸς
1255 3308 1443 3373 οὐσίας
1463 3310 1805 3364 κατασκευά-

215 3419 340 3463 σας,
370 3402 465 3454 καὶ
486 3400 841 3471 πανταχόθεν,
873 3399 948 3464 ὡς
966 3399 1158 3463 οἴεται,
1192 3398 1254 3452 τὸ
1283 3402 1483 3454 ἄτοπον
1509 3402 1803 3468 ἐπιδείξας,

211 3495 417 3561 ἐπάγει
438 3510 452 3525 ο

288 3587 452 3639 ΕΥΝ.
485 3588 560 3640 Οὐ
598 3586 708 3657 γὰρ
771 3585 834 3657 δὴ
889 3585 1047 3638 τοῦτο
1089 3585 1154 3638 ἂν
1197 3585 1466 3656 εἴποιμεν,
1503 3587 1578 3650 ὡς
1638 3585 1794 3660 κοινῂ

217 3679 323 3749 μὲν
369 3679 572 3748 ἀμφοῖν
628 3679 662 3749 ἡ
712 3677 906 3730 οὐσίαο
949 3676 1100 3743 τάξει
1143 3677 1201 3730 δὲ
1236 3677 1328 3730 καὶ
1362 3681 1473 3740 τοῖς
1507 3679 1570 3730 ὲκ
1613 3678 1804 3749 χρόνου

212 3769 534 3838 πρεσϐείοις
585 3772 613 3823 ὁ
654 3770 754 3840 μὲν
800 3769 913 3823 ἐστι
956 3769 1193 3842 πρῶτος.
1243 3772 1271 3823 ό
1303 3769 1359 3822 δὲ
1387 3770 1637 3842 δεύτερος
1671 3771 1801 3839 (26).

226 3862 449 3933 Ἐπειδὴ
493 3879 556 3930 γε
598 3863 678 3915 δεῖ
712 3865 994 3936 προσεῖναι
1024 3864 1082 3915 ὲν
1119 3865 1229 3926 τοῖς
1269 3863 1593 3934 ὑπερέχουσι
1624 3863 1682 3916 τὸ
1709 3863 1802 3933 τῆς

214 3955 498 4025 ὑπεροχῆς
547 3954 717 4008 αἰτιον
743 3974 756 3986 ο
813 3955 874 4009 οὐ
919 3954 1270 4018 συνέζευκται
1317 3956 1372 4008 δὲ
1415 3958 1480 4026 τῇ
1519 3955 1678 4026 οὐσίᾳ
1710 3955 1802 4008 τοῦ

213 4047 354 4100 Θεοῦ
385 4049 446 4100 οὐ
486 4047 698 4118 χρόνος,
740 4047 839 4100 οὐκ
883 4046 1038 4109 αἰὼν,
1079 4048 1140 4100 οὐ
1173 4045 1346 4112 τάξις.
1385 4049 1457 4100 Ἥ
1483 4064 1540 4100 τε
1573 4047 1682 4118 γὰρ
1705 4047 1804 4100 τά-

216 4140 303 4205 ξις
336 4140 570 4211 δευτέρα
603 4140 696 4192 τοῦ
723 4140 1042 4203 τάττοντος·
1084 4140 1235 4193 οὐδὲν
1287 4139 1343 4192 δὲ
1385 4139 1496 4193 τῶν
1537 4139 1631 4193 τοῦ
1668 4139 1803 4192 Θεοῦ

345 4231 537 4302 ἑτέρου
564 4231 840 4284 τέτακται.
876 4231 944 4284 ’⁸0
979 4247 1041 4283 τε
1068 4230 1259 4302 χρόνος
1287 4229 1532 4302 ἀστέρων
1566 4229 1694 4282 ποιά
1721 4230 1804 4293 τίς

214 4325 335 4376 ἐστι
381 4324 597 4394 κίνησις
626 4323 739 4394 (27)
763 4339 778 4355 ⁸
810 4322 1056 4394 ἀστέρεςέ
1071 4321 1126 4374 δὲ
1156 4323 1218 4375 οὐ
1245 4322 1345 4392 τῆς
1376 4323 1669 4392 ἀγεννήτου
1707 4321 1802 4391 μό-

212 4432 308 4468 νον
336 4414 525 4477 οὐσίας
563 4414 656 4468 καὶ
682 4413 890 4485 νοητῶν
919 4413 1196 4480 ἁπάντων,
1233 4414 1368 4468 ἀλλὰ
1398 4412 1622 4467 καὶτῶν
1653 4413 1774 4484 πρῶ

1915 1955 2038 2009 que,
2066 1951 2124 1997 ut
2157 1941 2414 2011 Splendor
2443 1941 2514 1996 sit
2536 1940 2653 2009 ejus
2683 1943 2776 2012 qui
2809 1943 3011 1999 nullam
3048 1949 3481 2019 communionem

1912 2033 2205 2087 secundum
2227 2043 2478 2088 naturam
2510 2033 2694 2088 habet.
2742 2036 3010 2090 Caeterum
3040 2037 3092 2092 in
3131 2039 3322 2092 eodem
3349 2041 3484 2093 arti-

1914 2125 2023 2180 ﬁcii
2064 2140 2267 2194 genere
2296 2143 2482 2183 rursus
2505 2132 2769 2200 persistit,
2798 2132 2922 2186 dum
2950 2130 3027 2185 ait
3059 2146 3162 2185 non
3193 2145 3314 2186 esse
3337 2147 3485 2187 com-

1911 2217 2248 2285 parationem
2282 2218 2505 2288 ingeniti
2537 2237 2658 2275 cum
2695 2222 2914 2291 genito:
2969 2236 3074 2276 non
3124 2220 3325 2285 Patris,
3359 2237 3482 2276 cum

1912 2324 1978 2364 eo
2007 2310 2096 2378 qui
2141 2325 2207 2365 ex
2251 2312 2370 2382 ipso
2402 2321 2506 2378 est,
2539 2325 2597 2368 ut
2629 2328 2790 2382 quam
2824 2315 2908 2368 bis
2938 2315 3160 2372 vocibus
3191 2315 3366 2368 inesse
3389 2331 3484 2384 op-

1912 2402 2236 2470 positionem
2273 2404 2595 2472 ostenderit,
2622 2421 2740 2459 eam
2777 2405 2829 2460 in
2861 2407 3034 2476 ipsam
3058 2405 3238 2460 Patris
3276 2416 3330 2460 et
3363 2405 3483 2462 Filii

1910 2493 2274 2549 substantiam
2301 2493 2616 2550 transferat.

1984 2673 2068 2729 19.
2103 2674 2208 2730 Sed
2240 2689 2325 2740 ne,
2357 2676 2404 2730 si
2445 2690 2636 2731 omnes
2667 2676 2837 2746 ipsius
2883 2677 3249 2747 blasphemias
3304 2691 3485 2745 perse-

1911 2781 2161 2835 quamur,
2196 2777 2251 2820 et
2283 2767 2494 2838 singula
2524 2784 2644 2838 qua:
2672 2769 2808 2824 dixit
2849 2769 3132 2825 confutare
3184 2785 3442 2824 conemur
3467 2810 3483 2836 ,

1911 2859 2123 2929 longius
2175 2861 2474 2915 orationem
2509 2860 2888 2930 protrabamus
2919 2879 2933 2915 :
2967 2877 3086 2930 qua:
3118 2863 3337 2931 quidem
3373 2877 3484 2915 ma-

1913 2952 2164 3006 nifestam
2193 2953 2394 3007 habent
2426 2954 2787 3022 impietatem,
2818 2962 2875 3009 et
2919 2968 3015 3021 per
3057 2968 3117 3008 se
3177 2955 3483 3024 legentibus

1912 3053 2116 3112 patent,
2155 3045 2587 3112 prmteribimus;
2615 3059 2733 3114 qua:
2755 3060 2884 3101 vero
2907 3045 3088 3114 aliqua
3120 3046 3328 3099 ratione
3350 3061 3486 3116 opus

1909 3147 1994 3193 est
2042 3140 2383 3209 redarguere,
2442 3139 2556 3193 haec
2592 3137 2928 3207 proferemus
2964 3138 3015 3192 in
3060 3139 3316 3194 medium.
3349 3137 3483 3193 Nam

1913 3230 1999 3283 ubi
2026 3231 2192 3284 variis
2234 3229 2407 3285 modis
2435 3230 2794 3285 substantiam
2825 3229 2999 3285 Patris
3020 3229 3156 3284 Filio
3183 3230 3484 3285 incommu-

1913 3321 2200 3376 nicabilem
2253 3335 2376 3376 esse
2407 3321 2718 3384 aﬂtrmavit,
2757 3332 2812 3376 et
2857 3322 3242 3392 undecunque,
3287 3330 3346 3376 ut
3380 3321 3484 3377 sib:

1917 3414 2152 3482 videtur,
2189 3415 2446 3484 ineptiam
2475 3415 2733 3482 ostendit,
2762 3414 2874 3470 haec
2895 3415 3138 3486 adjungit
3169 3433 3184 3472 :

1980 3595 2115 3651 Eua.
2146 3594 2260 3649 Non
2285 3597 2426 3651 enim
2448 3597 2631 3652 dicere
2651 3611 2959 3666 possumus,
2992 3609 3332 3650 communem
3360 3611 3483 3665 qut-

1911 3688 2030 3741 dem
2063 3688 2303 3758 utrisque
2328 3689 2688 3742 substantiam
2721 3702 2861 3752 esse,
2891 3686 3082 3741 ordine
3102 3701 3230 3741 vero
3257 3695 3312 3740 et
3347 3698 3487 3741 tem-

1909 3778 2057 3848 poris
2106 3777 2465 3848 praerogativa
2502 3778 2650 3831 illum
2698 3778 2926 3845 primum
2981 3790 3136 3840 esse,
3174 3775 3317 3831 hunc
3356 3789 3486 3831 vero

1909 3871 2227 3926 secundum.
2250 3869 2525 3939 Siquidem
2555 3878 2703 3924 certe
2732 3869 2784 3923 in
2807 3869 2870 3922 iis
2894 3883 3014 3938 quae
3037 3876 3318 3936 prastant,
3347 3883 3488 3938 pra:-

1909 3964 2125 4017 stantia:
2172 3977 2392 4018 causam
2442 3963 2621 4017 inesse
2651 3971 2910 4031 oportet;
2956 3960 3275 4016 substantia:
3302 3969 3483 4013 autem

1863 4061 1865 4064 ‘
1913 4057 2004 4108 Dei
2039 4069 2144 4110 non
2191 4064 2427 4124 tempus,
2487 4069 2592 4108 non
2634 4069 2832 4119 mvnm,
2857 4068 2962 4107 non
2998 4051 3134 4107 ordo
3167 4050 3487 4119 coniunctus

1909 4155 2012 4199 est.
2050 4144 2184 4199 Nam
2217 4155 2272 4199 et
2307 4146 2442 4200 ordo
2468 4145 2756 4198 ordinante
2775 4143 3042 4211 posterior
3066 4150 3186 4209 est,
3217 4153 3316 4194 nec
3337 4139 3490 4209 quid-

1908 4253 2072 4305 quam
2097 4251 2282 4290 eorum
2309 4251 2428 4305 qua:
2458 4235 2548 4290 Dei
2584 4244 2728 4300 sunt,
2753 4239 2822 4288 ab
2845 4236 3016 4289 altero
3048 4234 3354 4288 ordinatum
3381 4239 3482 4285 est.

1911 4327 1976 4380 Et
2009 4335 2220 4396 tempus
2237 4326 2459 4394 quidam
2487 4324 2644 4394 231
2665 4334 2745 4378 est
2769 4325 3044 4380 stellarum
3069 4331 3244 4377 motus
3268 4322 3332 4376 ad
3350 4336 3487 4391 qua-

1909 4417 2116 4471 litatem
2147 4417 2426 4486 pertinens
2457 4434 2469 4470 :
2501 4415 2672 4470 stella:
2710 4426 2888 4469 autem
2918 4431 3022 4470 non
3041 4425 3166 4484 post
3192 4413 3484 4484 ingenitam

213 4525 324 4561 των
398 4508 667 4578 σωμάτων
741 4509 1026 4578 γεγόνασιν
1089 4507 1306 4579 ὕστεροι
1359 4507 1492 4576 (28).
1556 4509 1692 4579 Περὶ
1749 4506 1800 4560 δὲ

1920 4507 2082 4561 solum
2115 4508 2478 4562 substantiam
2510 4523 2574 4562 ac
2605 4517 2831 4564 cunetas
2867 4519 3146 4562 creaturas
3178 4505 3486 4573 intelligen-

215 4596 430 4652 αἰώνων
488 4598 541 4650 τί
607 4598 687 4651 δεῖ
739 4599 831 4652 καὶ
895 4599 1110 4667 λέγειν,
1164 4599 1266 4670 τῆς
1323 4598 1546 4670 Γραφῆς
1616 4597 1799 4666 σαφῶς

213 4689 676 4760 διαγορευούσης,
750 4689 857 4760 πρὸ
920 4689 1027 4742 τῶν
1092 4687 1303 4742 αἰώνων
1374 4688 1638 4760 ὑπάρχειν
1705 4687 1800 4740 τὸν

213 4784 351 4836 Θεόν
374 4800 388 4848 ;

292 4919 339 4950 ’⁸
363 4917 526 4973 Joan.
574 4934 685 4984 xw,
720 4919 772 4974 9.
850 4919 898 4950 ⁸⁸
921 4917 1079 4974 Joan.
1106 4935 1240 4984 xvn,
1288 4921 1377 4976 10.
1452 4921 1499 4952 ³⁸
1529 4919 1683 4974 Joan.
1715 4936 1766 4982 ν,
1799 4919 1894 4973 26.

288 5043 405 5113 (25)
439 5042 620 5113 Codex
659 5038 806 5113 unus
855 5056 977 5094 cum
1007 5041 1178 5113 editis
1219 5041 1363 5095 οὕτω
1402 5042 1673 5113 λέγωννῄτὸ
1720 5044 1796 5094 ἐν.

211 5110 318 5168 Alii
354 5110 466 5166 tres
493 5110 638 5165 οὕτω
677 5112 851 5181 λέγων
883 5113 960 5166 ὲν.
1005 5112 1243 5180 Denique
1273 5113 1361 5166 alii
1411 5124 1520 5166 tres
1561 5111 1704 5166 οὐτω
1744 5113 1801 5165 δὲ

212 5185 312 5237 καὶ
359 5182 422 5236 τὸ
450 5183 529 5236 ὲν.
563 5182 806 5250 Respicit
839 5181 1071 5236 Basilius
1097 5182 1164 5236 ad
1214 5182 1338 5235 illud
1374 5182 1646 5247 Apostoli:
1692 5182 1798 5246 Qui

212 5269 337 5306 rum
364 5255 419 5307 in
449 5253 624 5321 {arma
657 5251 750 5306 Dei
787 5260 948 5306 esset.
976 5293 989 5308 .
1019 5291 1033 5306 .
1059 5292 1069 5306 .
1097 5287 1112 5305 .
1150 5253 1482 5314 semetipsum
1513 5253 1800 5307 exiuanivit

211 5326 447 5392 formam
479 5323 614 5376 servi
643 5325 925 5388 accipiens,
956 5321 1188 5392 Philipp.
1217 5337 1278 5389 tt,
1307 5321 1362 5386 6,
1391 5323 1444 5392 7.

289 5392 405 5463 (24)
448 5392 592 5446 Editi
641 5393 1049 5463 γενομένην...
1163 5392 1249 5462 ἐφ’
1292 5391 1495 5462 ἑαυτῷ.
1544 5393 1612 5463 At
1670 5407 1798 5445 mss.

215 5476 331 5533 tres
376 5472 435 5515 ut
472 5463 523 5515 in
559 5462 834 5517 contextu.
872 5463 1004 5533 Illud
1051 5463 1193 5533 quod
1235 5465 1500 5531 sequitur,
1529 5462 1714 5516 ἀθετεῖ
1743 5463 1801 5515 δὲ

217 5532 300 5596 τό,
327 5533 394 5586 ad
422 5533 649 5587 verbum
679 5532 1180 5602 interpretabimur,
1203 5533 1440 5603 reprobat
1471 5533 1798 5602 splendorem

220 5619 328 5656 me
354 5603 512 5673 :Ahoc
542 5613 650 5664 est,
689 5612 870 5673 negat.

290 5671 405 5741 (25)
451 5673 599 5727 Unus
630 5671 800 5727 code'x
843 5673 973 5742 Reg.
1014 5675 1095 5736 εἰς
1123 5673 1259 5727 πολύ

229 5759 321 5816 γον
341 5742 706 5816 ἐκϐάλωμεν.
737 5743 890 5816 Colb.
929 5744 1223 5816 εἰςηπολὺί
1254 5742 1425 5816 μῆκος
1464 5743 1572 5796 τῶν
1623 5743 1798 5816 λόγων

219 5811 709 5881 ἐκϐάλωμεν.Ἀιίἱ
744 5815 848 5869 duo
875 5823 930 5869 et
973 5815 1100 5870 editi
1151 5815 1227 5870 uti
1255 5811 1326 5869 'iti
1367 5824 1644 5880 contextu,
1693 5815 1794 5870 nisi

1303 5673 1563 5744 μήκιστον
1589 5671 1682 5744 τον
1711 5673 1798 5726 λόο

1911 4609 2012 4663 tcs,
2050 4601 2141 4653 sed
2171 4610 2290 4669 post
2319 4599 2496 4669 prima
2526 4601 2691 4654 etiam
2725 4614 2952 4667 corpora
2999 4598 3158 4653 facta:
3188 4607 3334 4651 sunt.
3363 4594 3482 4650 Jam

1908 4707 2039 4746 vero
2061 4692 2126 4744 de
2151 4692 2366 4746 sacculis
2395 4692 2522 4761 quid
2569 4691 2765 4746 attinet
2813 4692 3016 4755 dicere,
3044 4706 3164 4746 cum
3200 4689 3482 4758 Scriptura

1912 4793 2100 4852 aperte
2123 4783 2438 4851 pronuntiet
2463 4783 2630 4838 Deum
2663 4791 2790 4838 ante
2815 4783 3010 4838 saecula
3033 4781 3192 4837 esse?

2038 4919 2204 4974 llebr.
2235 4937 2274 4984 ι,
2297 4920 2350 4975 5.

1909 5043 2220 5114 quoduunius
2256 5058 2352 5114 pro
2376 5043 2707 5114 ὲκτείνωμεν
2734 5042 2899 5114 habet
2930 5041 3304 5114 ἐκϐάλλωμεν.

2001 5111 2093 5182 26)
2132 5108 2353 5181 Antiqui
2385 5129 2478 5167 sex
2510 5108 2630 5168 libri
2659 5113 2895 5182 πρῶτος,
2924 5113 2950 5182 ὁ
2982 5111 3038 5164 δὲ
3069 5108 3314 5181 ὕστερος.
3347 5108 3484 5182 Editi

1908 5191 1963 5254 et
1992 5180 2377 5254 Beg._.qujntus
2426 5183 2664 5254 πρῶτος,
2707 5180 3140 5254 ὖδὲδεύτερος,
3184 5180 3284 5254 nec
3329 5180 3488 5254 aliter

1908 5250 2104 5323 legitur
2133 5250 2187 5307 in
2217 5250 2680 5320 Eunomii'opere,
2709 5253 2851 5323 quod
2883 5255 2934 5306 ln
2965 5250 3147 5323 codice
3173 5250 3486 5323 Golbertino

1907 5321 2178 5391 integrum
2213 5323 2508 5378 invenitur.
2536 5323 2658 5392 Mox
2691 5321 2882 5376 vocula
2915 5323 2972 5374 ὲν
3018 5323 3073 5377 1η
3117 5321 3324 5376 duobus
3352 5335 3484 5373 mss.

1906 5393 2076 5463 deest,
2103 5402 2158 5463 et
2188 5395 2240 5446 in
2273 5393 2366 5446 illo
2398 5393 2518 5458 ipse
2543 5408 2707 5463 Opere
2735 5392 3005 5463 Eunomii.

1977 5462 2088 5533 (27)
2129 5462 2262 5533 Reg.
2313 5456 2502 5517 tertius
2547 5456 2592 5516 δ’
2619 5480 2679 5515 τε
2721 5462 2916 5533 χρόνος
2955 5459 3085 5516 ποιά
3137 5459 3292 5522 τάσις
3337 5456 3487 5533 ὲστίν

1905 5529 2151 5603 ἀστέρων
2197 5529 2434 5602 κίνησις,
2466 5543 2520 5587 et
2567 5534 2636 5587 ila
2669 5529 2882 5599 quoque
2913 5533 3103 5586 habuit
3144 5533 3311 5603 codex
3361 5529 3486 5603 Col-

1903 5599 2146 5656 bertiitus
2194 5599 2354 5657 manu
2412 5604 2608 5672 prima.
2657 5603 2762 5656 Alii
2809 5603 2918 5658 duo
2961 5620 3091 5659 mss.
3137 5602 3204 5654 ’Ὀ
3255 5617 3316 5652 τε
3375 5599 3486 5671 γάρ

1903 5673 2113 5744 χρόνος,
2133 5682 2237 5727 etc.

1976 5743 2090 5812 (28)
2132 5743 2270 5797 Editi
2314 5759 2436 5797 cum
2481 5743 2615 5812 Reg.
2658 5741 2876 5812 quinto
2921 5742 3177 5811 γεγόνασι
3217 5739 3478 5810 δεύτεροι.

1904 5814 2006 5867 Alii
2040 5828 2131 5869 sex
2165 5829 2294 5870 mss.
2324 5811 2610 5884 γεγόνασίν
2641 5811 2879 5884 ὕστεροι.
