3836 6222
391 305 498 361 555

1693 304 1750 360 S.
1793 301 2041 358 BASlLll
2080 303 2295 358 MAGNI

3520 311 3622 367 556

463 428 588 484 Bas.
632 427 924 497 Postquam
960 426 1195 496 sumpsit
1226 427 1328 481 sibi
1361 427 1414 482 in
1443 426 1688 481 oratione
1726 440 1844 496 quae
1869 440 1949 479 vo-

2134 426 2280 480 ΒΑΣ.
2344 427 2701 498 Ὑποθέμενος
2755 428 2862 497 (29)
2913 428 3089 498 ἑαυτῷ
3140 428 3281 481 κατά
3324 429 3417 482 τὸν
3474 430 3628 499 λόγον

391 519 510 583 luit,
530 529 584 574 et
600 534 661 574 ea
692 534 810 588 qua:
831 533 942 572 sum
965 533 1141 573 causae
1165 519 1567 574 accommodata
1607 527 1732 573 sunt
1758 518 1956 588 posuit,

394 621 506 664 tum
557 612 609 664 in
653 611 917 664 absurdos
947 625 1140 666 sensus
1173 611 1352 680 seipse
1380 609 1691 674 detrudens,
1721 610 1846 664 hinc
1869 610 1959 662 de-

393 712 725 756 monstrasse
773 716 831 756 se
879 709 1053 770 putat,
1110 701 1417 757 necessario
1473 701 1777 770 recipienda
1836 715 1958 754 esse

391 795 640 860 dogmata
673 808 792 848 sua.
821 793 912 847 Ait
939 795 1082 848 enim
1111 809 1127 848 :
1153 792 1265 848 Hoc
1294 793 1478 848 dicere
1511 807 1615 847 non
1646 805 1955 862 possumus,

390 886 534 950 quod
565 884 873 937 communis
905 884 1122 953 quidem
1147 885 1217 938 sit
1245 883 1462 953 utrique
1486 882 1786 938 substantia
1814 899 1828 946 ;
1867 895 1959 935 or-

390 973 516 1026 dine
539 987 686 1038 vero,
723 983 778 1029 et
821 977 1079 1044 temporis
1113 976 1470 1044 praerogativa
1504 975 1592 1028 hic
1623 973 1694 1027 sit
1729 972 1956 1041 primus,

390 1064 478 1119 ille
501 1080 630 1121 vero
660 1069 954 1122 secundus.
981 1068 1133 1134 Quod
1160 1066 1205 1121 si
1228 1082 1568 1122 communem
1599 1065 1956 1120 substantiam

388 1157 466 1210 sic
493 1172 521 1210 a
554 1172 614 1212 se
638 1167 919 1227 acceptam
972 1159 1193 1223 dixerit,
1227 1169 1283 1212 ut
1305 1161 1592 1227 quamdam
1631 1173 1694 1212 ex
1730 1157 1955 1210 materia

389 1248 538 1316 prius
559 1251 854 1305 exsistente
875 1251 1310 1307 distributionem
1352 1267 1414 1306 ac
1446 1251 1784 1316 divisionem,
1811 1251 1862 1304 in
1895 1265 1955 1303 ea

389 1357 506 1410 quae
531 1344 598 1396 ab
626 1345 739 1412 ipsa
770 1353 921 1409 sunt,
953 1346 1257 1416 intelligat;
1299 1361 1397 1400 nos
1440 1346 1579 1400 hanc
1633 1345 1954 1399 sententiam

391 1448 495 1485 non
525 1448 812 1501 possumus
841 1435 1147 1503 suscipere;
1185 1436 1326 1489 absit
1357 1437 1370 1488 !
1401 1446 1456 1489 et
1484 1436 1574 1504 qui
1618 1435 1718 1490 hoc
1745 1437 1954 1500 dicunt,

390 1523 434 1576 si
467 1524 558 1590 qui
588 1532 739 1590 sunt,
759 1537 855 1578 eos
879 1524 943 1578 iis
972 1523 1585 1594 qui'dissimilitudinem
1614 1527 1954 1596 proﬁtentur,

392 1612 668 1682 impietate
719 1614 1006 1670 inferiores
1057 1630 1162 1670 non
1206 1631 1327 1670 esse
1353 1615 1708 1671 allirmamus.
1741 1617 1794 1669 Si
1829 1632 1955 1670 vero

389 1705 511 1772 quis
549 1705 868 1760 substantiae
897 1707 1335 1762 communionem
1370 1708 1441 1761 ita
1468 1709 1686 1777 accipit,
1712 1718 1768 1761 ut
1793 1724 1953 1762 uuam

389 1802 442 1847 et
466 1796 711 1850 eamdem
737 1797 943 1850 essendi
968 1799 1228 1851 rationem
1263 1799 1314 1852 in
1349 1798 1595 1868 utrisque
1621 1800 1947 1864 consideret,

390 1893 449 1938 ut
475 1886 518 1940 si
558 1901 624 1940 ex
660 1888 946 1959 hypothesi
1000 1889 1158 1944 Pater
1191 1889 1281 1942 lux
1311 1891 1554 1958 subjecto
1596 1892 1909 1961 intelligitur
1931 1930 1950 1958 ,

393 1980 665 2050 Unigeniti
691 1999 905 2053 quoque
958 1984 1252 2038 essentiam
1302 1985 1476 2038 lucem
1513 1985 1863 2051 conﬁteatur;
1899 1995 1952 2040 et

387 2089 761 2144 quamcunque
778 2075 1111 2145 quisessendi
1127 2077 1381 2131 rationem
1403 2077 1689 2131 reddiderit
1707 2079 1755 2130 in
1771 2077 1950 2147 Patre,

387 2167 631 2220 eamdem
667 2175 720 2220 et
745 2166 884 2220 Filio
909 2168 1281 2221 accommodet
1309 2183 1322 2231 ;
1349 2167 1392 2221 si
1427 2167 1498 2220 ita
1527 2169 1778 2223 essentia;
1806 2184 1953 2223 com-

388 2258 571 2310 munio
621 2257 902 2326 accipitur,
955 2257 1311 2324 admittimus,
1352 2268 1514 2328 atque
1555 2260 1656 2314 hoc
1709 2270 1950 2315 nostrum

386 2351 578 2420 dogma
611 2364 728 2403 esse
761 2349 1151 2418 prolitebimur.
1190 2347 1322 2401 Nam
1363 2351 1463 2404 hoc
1487 2361 1646 2420 pacto
1679 2362 1733 2407 et
1779 2354 1953 2408 deitas

386 2455 489 2494 una
516 2440 640 2504 erit,
673 2440 880 2494 unitate
909 2439 1164 2494 videlicet
1212 2443 1506 2495 secundum
1559 2445 1808 2498 essentia:
1866 2460 1952 2498 ra-

388 2531 588 2585 tionem
610 2530 900 2595 intellecta,
922 2531 1054 2583 adeo
1073 2539 1126 2583 ut
1147 2529 1200 2583 in
1218 2545 1444 2587 numero
1459 2533 1674 2600 quidem
1693 2543 1746 2589 et
1760 2535 1810 2588 in
1837 2550 1953 2604 pro-

384 2622 704 2691 prietatibus
735 2631 1025 2690 utrumque
1054 2621 1463 2689 designantibus
1487 2623 1792 2680 dill'erentia
1829 2629 1899 2682 sit
1934 2643 1948 2682 :

384 2717 435 2769 in
465 2714 682 2769 deitatis
702 2728 830 2768 vero
860 2714 1069 2768 ratione
1090 2713 1268 2769 unitas
1297 2715 1692 2772 consideretur.

451 2890 540 2944 20.
570 2888 703 2944 Cum
738 2888 902 2960 igitur
937 2891 1285 2944 constitutum
1321 2893 1681 2963 sitquomodo
1706 2909 1954 2967 Oporteat

382 2982 827 3036 communitatem
884 2982 1203 3038 substantia:
1259 2987 1453 3054 accipi,
1508 3003 1625 3057 qua:
1654 3002 1952 3059 sequuntur

2061 515 2202 586 ἅπερ
2232 517 2497 582 ἐϐούλετο,
2537 520 2628 571 καὶ
2659 519 2727 572 τὰ
2761 520 3027 572 ἀκόλουθα
3058 520 3235 573 λαϐὼν
3272 524 3389 583 ταῖς
3431 522 3626 574 ὑποθέ-

2061 624 2228 672 σεσιν,
2281 605 2396 662 εἶτα
2453 614 2532 675 είς
2584 612 2817 675 ἀτόπους
2873 613 3078 676 ἐννοίας
3140 614 3328 667 ἑαυτὸν
3385 614 3623 679 ἐξωθῶν,

2059 701 2360 768 ἀναγκαίαν
2400 703 2643 756 ἐντεῦθεν
2683 703 2850 756 οἴεται
2879 704 2974 774 τὴν
3002 705 3309 775 παραδοχὴν
3347 707 3454 760 τῶν
3488 706 3626 758 ἰδίων

2057 790 2341 861 δογμάτων
2375 791 2487 861 (50)
2519 791 2901 844 ἐπιδεικνύναι.
2939 793 3074 860 Φησὶ
3115 793 3223 862 γὰρ
3265 794 3368 857 ὅτι,
3425 793 3626 846 Οὐκᾶν

2057 881 2212 934 τοῦτο
2236 883 2500 952 εἴποιμεν,
2537 883 2610 945 ὡς
2644 883 2795 955 κοινὴ
2831 883 2928 952 μὲν
2962 884 3161 954 ἀμφοῖν
3191 885 3223 952 ἡ
3250 884 3406 936 οὐσία
3426 901 3440 913 ο
3477 883 3626 949 τάξει

2057 974 2114 1026 δὲ
2145 975 2238 1028 καὶ
2269 973 2381 1038 τοῖς
2415 978 2478 1028 ὲκ
2506 975 2693 1046 χρόνου
2727 975 3032 1045 πρεσϐείοις
3055 977 3083 1027 ὀ
3119 976 3214 1045 μὲν
3245 975 3360 1028 ἔστι
3389 977 3622 1045 πρῶτος,

2057 1068 2085 1118 ὁ
2123 1066 2179 1119 δὲ
2206 1067 2355 1120 δεύτε
2367 1085 2475 1138 ρος.
2521 1069 2582 1120 El
2615 1068 2711 1136 μὲν
2740 1063 2832 1119 οὖν
2853 1067 2914 1119 τὸ
2939 1067 3112 1119 κοινὸν
3143 1067 3241 1136 τῆς
3267 1066 3456 1129 οὐσίας
3488 1067 3628 1119 οὕτω

2057 1159 2259 1230 νοήσας
2296 1153 2468 1222 εἶπεν,
2515 1159 2590 1221 ὼς
2619 1159 2676 1224 ἐξ
2706 1157 2836 1230 ὕλης
2867 1159 3324 1230 προϋπαρχούσης
3364 1160 3628 1229 διανομήν

2055 1268 2176 1304 τινα
2220 1252 2312 1304 καὶ
2343 1250 2743 1321 καταδιαίρεσιν
2781 1251 2891 1320 (51)
2936 1251 3103 1314 είςτά
3128 1253 3220 1304 ἀπ’
3257 1252 3426 1321 αὐτῆς
3461 1255 3626 1313 νοεῖν,

2055 1341 2164 1395 οὔτ’
2191 1341 2256 1395 ἂν
2299 1342 2452 1394 αὐτοὶ
2501 1342 2930 1412 καταδεξαίμεθα
2977 1342 3076 1413 τὴν
3116 1342 3351 1394 διάνοιαν
3391 1343 3626 1410 ταύτηψ

2059 1435 2132 1505 μὴ
2167 1435 2402 1502 γένοιτοι
2433 1433 2526 1487 καὶ
2565 1435 2691 1496 τοὺς
2735 1434 3013 1501 λέγοντας,
3065 1434 3120 1485 εί
3152 1451 3293 1495 τινες
3341 1434 3434 1485 καί
3468 1435 3624 1493 εἰσιν,

2054 1525 2203 1578 οὐδὲν
2227 1525 2444 1578 ἔλαττον
2481 1525 2694 1577 ἀσεϐεῖν
2726 1524 2833 1578 τῶν
2852 1526 2910 1577 τὸ
2931 1526 3179 1596 ἀνόμοιον
3209 1527 3477 1594 λεγόντων
3505 1529 3630 1578 ἀπο-

2056 1616 2355 1688 φαινόμεθα
2374 1635 2386 1647 ·
2421 1619 2468 1670 εί
2503 1618 2559 1670 δὲ
2595 1616 2736 1669 οὕτω
2759 1634 2843 1680 τις
2874 1617 3204 1687 ἐκλαμϐάνοι
3234 1618 3291 1670 τὸ
3320 1619 3416 1687 τῆς
3444 1619 3630 1680 οὐσίας

2058 1709 2254 1772 κοινὸν,
2285 1706 2360 1771 ὡς
2393 1708 2482 1760 τὸν
2518 1707 2609 1760 τοῦ
2642 1701 2782 1759 εἷναι
2807 1707 2962 1775 λόγον
2991 1707 3086 1760 ἕνα
3115 1710 3206 1760 καὶ
3231 1707 3321 1759 τὸν
3351 1709 3516 1760 αὑτὸν

2055 1803 2258 1872 ἀμφοῖν
2285 1800 2626 1872 θεωρεῖσθαι,
2649 1798 2788 1852 ὥστε
2822 1799 2916 1851 καὶ
2939 1800 2986 1851 εί
3019 1798 3139 1852 καθ’
3173 1798 3430 1851 ὑπόθεσιν
3460 1800 3576 1867 φῶς
3605 1801 3632 1852 ὁ

2053 1893 2241 1963 Πατὴρ
2257 1891 2332 1962 τῷ
2347 1891 2685 1962 ὑποκειμένῳ
2699 1890 2810 1960 (52)
2829 1893 3019 1952 νοοῖτο,
3036 1890 3150 1959 φῶς
3169 1891 3260 1943 καὶ
3274 1892 3370 1961 τὴν
3395 1890 3493 1947 τοῦ
3522 1891 3632 1943 Μο-

2052 1982 2299 2052 νογενοῦς
2329 1983 2514 2035 οὐσίαν
2541 1979 2932 2050 ὁμολογεῖσθαι,
2966 1981 3058 2032 καὶ
3089 1981 3254 2050 ὅνπερ
3285 1981 3348 2034 ἄν
3369 1998 3455 2042 τις
3493 1984 3631 2033 51:0-

2051 2076 2127 2147 δεῖ)
2173 2076 2264 2129 ἐπ).
2319 2074 2412 2127 τοῦ
2451 2073 2660 2144 Πατρὸς
2695 2071 2787 2124 τὸν
2829 2071 2922 2124 τοῦ
2959 2068 3103 2125 εἶναι.
3136 2070 3311 2140 λόγον,
3343 2072 3436 2123 τὸν
3471 2074 3630 2125 αὑτὸν

2051 2168 2239 2221 τοῦτον
2262 2167 2354 2220 καὶ
2380 2165 2457 2236 τῷ
2480 2163 2593 2234 Υἱῴ
2621 2163 2949 2234 ἐφαρμόζειν
2967 2180 2980 2192 °
3005 2165 3052 2214 εἱ
3082 2159 3223 2215 οὓτω
3248 2164 3306 2214 τὸ
3335 2164 3512 2215 κοινὸν
3532 2165 3631 2232 τῆς

2053 2262 2241 2324 οὐσίας
2264 2257 2614 2330 λαμϐάνοιτο,
2643 2254 2937 2324 δεχόμεθα*
2976 2255 3071 2307 καὶ
3101 2254 3366 2324 ἡμέτερον
3401 2251 3541 2306 εἶναι
3573 2257 3632 2307 τὸ

2052 2352 2228 2421 δόγμα
2252 2353 2512 2420 φήσομεν.
2570 2346 2726 2398 Κατά
2778 2344 2936 2397 τοῦτο
2989 2344 3097 2415 γάρ
3139 2346 3232 2397 καὶ
3273 2344 3468 2415 θεὰτης
3496 2345 3630 2413 μία.-

2051 2443 2290 2511 δηλονότι
2329 2440 2468 2493 κατὰ
2499 2437 2588 2491 τὸν
2618 2437 2713 2505 τῆς
2743 2436 2928 2498 οὐσίας
2956 2436 3111 2503 λόγον
3131 2437 3228 2505 τῆς
3256 2435 3508 2505 ὲνότητος
3545 2453 3634 2487 νο-

2051 2535 2310 2605 ουμένης,
2345 2533 2485 2585 ὥστε
2520 2528 2736 2600 ἀριθμῷ
2773 2529 2869 2596 μὲν
2893 2527 2990 2597 τὴν
3015 2527 3273 2598 διαφορὰν
3303 2528 3416 2594 (55)
3452 2526 3633 2596 ὑπάρ-

2052 2645 2186 2698 χειν,
2223 2625 2317 2680 καὶ
2345 2625 2464 2686 ταῖς
2498 2621 2719 2690 ἰδιότησι
2745 2621 2863 2682 ταῖς
2891 2618 3420 2689 χαρακτηριζούσαις
3448 2620 3637 2670 ἑκάτε-

2055 2737 2148 2791 ρον
2168 2735 2180 2748 °
2215 2720 2270 2770 ὲν
2293 2717 2350 2768 δὲ
2375 2714 2451 2784 τῷ
2471 2713 2612 2783 λόγῳ
2638 2711 2735 2782 τῆς
2757 2710 3006 2780 θεότητος
3032 2709 3128 2774 τὴν
3153 2712 3381 2780 ἑνότητα
3412 2711 3637 2781 θεωρεῖ.

2054 2811 2198 2866 σθαι.

2121 2902 2211 2958 ‘20.
2239 2897 2601 2970 Διωρισμένου
2636 2896 2813 2948 τοίνυν
2845 2891 2962 2956 πῶς
2986 2895 3092 2964 χρὴ
3118 2893 3178 2946 τὺ
3199 2894 3374 2946 κοινὸν
3411 2896 3516 2964 τῆς
3541 2896 3634 2947 ού-

2054 2994 2174 3056 σίας
2219 2985 2554 3058 ὲκδέχεσθαι,
2601 2984 2669 3036 τὰ
2710 2981 2904 3052 ἑφεξῆς
2940 2981 3302 3050 ἐξετάσωμεν,
3343 2981 3465 3032 τίνα
3509 2998 3636 3032 συν-

381 3074 771 3140 expendamus,
805 3087 966 3142 quam
1002 3074 1211 3130 scilicet
1242 3077 1615 3132 babeautcum
1645 3084 1949 3149 praeceden-

2061 3093 2244 3157 ἅψειαν
2271 3083 2383 3152 ἔχει
2418 3077 2554 3149 πρὸς
2582 3077 2648 3129 τὰ
2680 3076 3005 3146 προάγοντα.
3032 3074 3193 3137 Τάξει
3226 3074 3302 3134 δὲ,
3347 3076 3503 3142 φησι,
3540 3093 3636 3127 και

385 3165 527 3218 tibus
557 3165 972 3221 connexionem.
995 3165 1196 3221 Ordine
1233 3183 1384 3235 vero,
1412 3169 1608 3239 inquit,
1643 3183 1698 3226 et
1743 3183 1948 3244 tempo-

2061 3185 2156 3245 τοῖς
2203 3180 2266 3231 ἐκ
2296 3175 2492 3247 χρόνου
2528 3163 2832 3239 πρεσϐεἱοις
2868 3165 2896 3216 ὁ
2944 3162 3044 3233 μὲν
3087 3162 3200 3214 ἔστι
3234 3163 3473 3233 πρῶτπ,
3513 3163 3542 3212 ὁ
3577 3163 3634 3214 δὲ

385 3256 460 3310 ris
494 3257 874 3325 prterogativa,
909 3256 996 3311 ille
1029 3258 1233 3325 primus
1254 3269 1357 3327 est,
1384 3261 1472 3316 hic
1497 3265 1785 3320 secundas.
1809 3267 1948 3332 Quid

2061 3273 2315 3343 ῑεύτερος.
2349 3267 2444 3328 Τίς
2474 3266 2506 3334 ἠ
2541 3260 2752 3328 ἀνάγκη
2793 3255 2879 3324 ἐφ’
2904 3248 2978 3306 ὧν
3012 3257 3044 3324 ἡ
3083 3255 3237 3306 οὐσία
3267 3255 3444 3343 κοινὴ,
3479 3254 3631 3316 τάξει

384 3363 610 3403 necesse
638 3358 720 3402 est
748 3363 809 3402 ea
847 3364 1078 3418 quorum
1123 3354 1428 3406 communis
1469 3362 1553 3408 est
1593 3357 1847 3421 essentia,
1899 3369 1949 3414 et

2061 3383 2105 3419 τε
2169 3341 2572 3425 ὑιτοϐεϐλῆσθαι
2619 3349 2814 3412 ταῦτα,
2872 3345 2964 3398 καὶ
3020 3346 3212 3414 χρόνον
3256 3341 3395 3396 εἶναι
3445 3344 3630 3396 δεῦτε-

384 3439 562 3492 ordini
616 3438 826 3507 subjici,
882 3446 937 3491 et
997 3453 1118 3493 esse
1175 3447 1416 3510 tempore
1447 3444 1789 3511 posteriora?
1833 3445 1948 3500 Non

2061 3475 2116 3530 ρα
2149 3455 2294 3526 (54);
2329 3450 2403 3502 Οὐ
2427 3446 2536 3515 γὰρ
2565 3440 2786 3496 δυνατὸν
2819 3441 2881 3508 τῇ
2906 3436 3098 3489 ἑαυτοῦ
3132 3436 3300 3488 εἰκόνι
3330 3437 3443 3503 (55)
3470 3435 3632 3504 ἀχρό-

384 3529 526 3581 enim
565 3529 680 3582 lieri
711 3537 904 3596 potest,
965 3540 1023 3582 ut
1079 3530 1449 3586 universorum
1488 3534 1628 3588 Deus
1678 3551 1799 3590 cum
1852 3555 1948 3592 sua

2061 3527 2152 3609 ito;
2179 3537 2596 3608 ἀπαυγασθείσῃ
2636 3531 2727 3584 τὸν
2764 3529 2894 3582 Θεὸν
2925 3527 3034 3580 τῶν
3060 3527 3198 3580 ὅλων
3234 3528 3308 3596 μὴ
3352 3527 3414 3589 ἐξ
3459 3527 3631 3580 ἀϊδίου

387 3621 559 3688 ipsius
593 3621 826 3689 imagine
854 3636 973 3692 qua:
1001 3622 1135 3675 citra
1189 3624 1449 3691 temporis
1494 3628 1862 3682 accessionem
1897 3629 1949 3682 il-

2061 3637 2308 3697 τυνείναι,
2360 3630 2453 3684 καὶ
2505 3626 2577 3697 μὴ
2617 3622 2805 3694 χρόνον
2838 3619 3017 3690 μόνον,
3068 3618 3160 3671 καὶ
3188 3617 3400 3672 αἰώνων
3431 3619 3490 3669 δὲ
3521 3619 3631 3685 (ﬁlii

387 3712 614 3765 lustrata
665 3721 767 3777 est,
820 3714 886 3766 ab
931 3722 1133 3767 aeterno
1165 3712 1274 3768 non
1302 3715 1393 3779 sit,
1422 3724 1476 3770 et
1515 3719 1948 3787 conjunctionem

2061 3725 2263 3780 πάντων
2287 3721 2541 3774 ἐπέκεινα
2565 3715 2662 3785 τὴν
2694 3712 2984 3779 συνάφειαν
3017 3709 3181 3778 ἔχειν.
3221 3708 3319 3759 Διά
3343 3707 3505 3760 τοῦτο
3525 3709 3634 3778 γὰρ

386 3817 489 3855 non
528 3803 728 3856 habeat
777 3818 882 3855 non
946 3803 1119 3858 solum
1156 3806 1295 3860 ultra
1347 3817 1612 3878 tempora,
1657 3815 1750 3867 sed
1788 3817 1949 3872 etiam

2061 3816 2388 3884 Ξιπαύγασμα
2441 3810 2676 3880 εἴρηται,
2717 3805 2803 3856 ἵνα
2845 3803 2904 3855 τὸ
2947 3801 3290 3870 συνημμένον
3325 3801 3632 3868 νοήσωμεν,

386 3893 523 3945 ultra
566 3895 745 3947 omnia
773 3893 990 3950 saecula.
1022 3892 1156 3948 Nam
1209 3897 1410 3952 ideirco
1449 3899 1705 3966 splendor
1743 3904 1788 3935 ⁸⁸
1817 3905 1949 3960 dici-

2061 3910 2141 3962 ιαὶ
2171 3903 2457 3977 χαρακτὴρ
2485 3901 2585 3969 τῆς
2617 3895 2986 3956 ὑποστάσεως,
3024 3895 3108 3944 ἵνα
3135 3891 3194 3942 τὸ
3227 3891 3514 3959 ὁμοούσιον
3537 3892 3636 3943 ὲκ-

387 3998 490 4048 tur,
526 3995 583 4038 ut
629 3987 1061 4053 conjunctiouem
1097 3987 1458 4058 intelligamus
1490 4010 1502 4044 :
1535 4001 1589 4048 et
1623 3996 1790 4064 ligura
1821 3998 1949 4052 sub-

2061 3999 2430 4070 μανθάνωμεν.
2465 3991 2622 4046 Ἀλλά
2645 3991 2738 4043 καὶ
2762 3986 2912 4050 τάξις
2937 3988 2969 4056 ἡ
3001 3985 3098 4054 μὲν
3126 3983 3329 4052 φυσική
3355 3982 3438 4042 τίς
3466 3984 3636 4040 ἐστιν,

383 4075 597 4129 stantia:
616 4075 683 4139 ",
711 4085 768 4128 ut
790 4076 1401 4132 consubstantialitatem
1419 4081 1808 4146 perdiscamus.
1837 4087 1941 4143 Sed

2061 4093 2080 4162 ί)
2114 4091 2171 4144 δὲ
2205 4091 2325 4142 κατ’
2361 4085 2723 4156 ἐπιτήδευσιν.
2761 4078 2969 4147 Φυσικὴ
3019 4075 3138 4144 μὲν,
3185 4075 3260 4136 ὡς
3306 4076 3339 4143 ὴ
3373 4072 3482 4124 τῶν
3517 4089 3639 4125 κτι-

458 4194 504 4225 ⁹⁸
536 4192 699 4246 Hebr.
743 4209 781 4251 ι,
822 4193 874 4247 5.
951 4191 994 4225 ⁹⁹
1035 4193 1164 4248 ibid.

455 4302 564 4372 (‘29)
605 4301 780 4374 ll_lud,_
817 4300 1182 4374 ὑποθέμενος,
1227 4300 1311 4374 _sic
1327 4301 1593 4374 _reddidit
1627 4303 1895 4374 interpres
1927 4328 1939 4363 :
2052 4318 2245 4363 vetus:
2283 4308 2347 4362 Et
2383 4317 2839 4374 quantumcunque
2874 4305 3065 4372 aliquis
3108 4299 3259 4374 Patri
3316 4307 3637 4358 attributio-

385 4369 666 4438 supposuit
686 4372 868 4442 primo
913 4369 1050 4438 quod
1101 4371 1279 4442 voluit.
1327 4369 1521 4424 Fateor
1556 4369 1786 4439 quidem-
1821 4393 1942 4431 ver—
1982 4425 2014 4442 η
2053 4395 2190 4441 nem,
2220 4377 2353 4430 hanc
2386 4369 2551 4442 ipsum
2577 4388 2623 4427 et
2655 4369 2795 4426 Filio
2823 4369 3172 4426 accommodet
3195 4389 3213 4425 :
3241 4375 3336 4425 sed
3368 4388 3634 4438 quantum

385 4425 508 4494 lium
537 4425 888 4511 ὑποτίθεσθαι
925 4425 1128 4492 ἰιδίιιιιε
1149 4441 1262 4492 Δ(Ιὶιγί
1299 4456 1394 4508 pro
1425 4455 1490 4494 eo
1531 4425 1791 4510 quod—est
1824 4425 1948 4511 sa};-
1980 4425 2022 4479 D
2929 4443 3131 4496 Graecis
3159 4452 3328 4508 patet.
3361 4425 3638 4508 ΙῘιιηΙξτὸν

381 4527 612 4582 ponere;
644 4513 734 4563 sed
771 4510 1006 4582 arbitror
1053 4511 1140 4582 hic
1179 4512 1315 4582 idem
1357 4511 1539 4564 valere
1573 4513 1712 4579 quod
1743 4510 1948 4571 sumere
2047 4515 2140 4568 τοῦ
2191 4512 2329 4569 εἶναι
2376 4515 2559 4582 λόγον,
2605 4515 2668 4566 ad
2718 4515 2942 4566 verbum
3013 4512 3377 4582 reddidimus.
3426 4516 3639 4568 esse-adi

381 4580 621 4651 alicunde
650 4580 923 4651 materiam
958 4577 1238 4651 scribendi.
1300 4647 1310 4651 _
1475 4647 1489 4651 Α
1590 4577 1603 4579 ’
2049 4587 2339 4648 rationem,
2396 4577 2498 4638 non
2555 4583 2747 4637 Latine
2799 4583 3050 4651 quidem,
3099 4584 3194 4635 sed
3247 4581 3638 4647 signiﬁcantis-

453 4650 562 4720 (50)
604 4649 822 4720 Antiqui
867 4663 958 4720 sex
1009 4649 1126 4720 libri
1170 4647 1422 4701 τοιούτων
1469 4647 1772 4720 δογμάτων.
1806 4653 1942 4710 Editi

2061 4658 2202 4709 sitne.

381 4730 433 4773 et
462 4719 839 4793 Beggttiutus
865 4717 970 4793 τῷν
1009 4717 1172 4793 ἰδίων..
1330 4786 1351 4793 _
1534 4717 1547 4793 ,⁷
1571 4717 1580 4720 ⁷

2119 4724 2231 4791 (55)
2263 4721 2377 4778 Vox
2414 4721 2648 4793 διαφορά
2673 4721 3031 4793 differentiam
3053 4719 3285 4793 _quidem
3320 4721 3590 4790 signiﬁcat
3617 4744 3631 4778 :

454 4786 561 4857 (51)
603 4787 744 4840 Editi
788 4795 841 4840 et
871 4786 1045 4858 _liegn
1072 4789 1294 4858 quintus
1325 4786 1584 4858 διανομήν
1636 4807 1757 4843 τινα
1805 4795 1946 4848 κατά

2061 4786 2137 4848 ted
2171 4786 2292 4845 eum
2326 4786 2529 4846 nntnetr
2551 4786 2868 4846 d'ill'erentiae
2893 4790 3157 4845 latissime
3194 4786 3398 4856 pateat,
3433 4793 3504 4844 ita
3543 4795 3631 4848 hic

383 4855 664 4928 διαίρεσιν,
700 4870 801 4931 nec
834 4855 994 4931 aliter
1036 4857 1237 4931 legerat
1271 4855 1581 4920 Corttaritts,
1615 4862 1704 4927 qui
1747 4863 1818 4914 ita
1864 4866 1946 4917 in-
2045 4875 2099 4915 et
2141 4865 2190 4915 in
2227 4863 2494 4916 similibus
2525 4862 2655 4915 locis
2707 4862 3139 4931 restringendum
3181 4855 3290 4920 est,
3325 4871 3382 4913 ut
3419 4866 3638 4931 proprie

2045 4949 2142 5004 pro
2168 4931 2514 5004 distinctione
2543 4932 2860 5000 accipiatur.
2889 4930 3086 4985 Statim
3119 4943 3250 4982 mss.
3279 4930 3532 4985 nonnulli
3557 4931 3638 5004 τῷ

2043 5001 2183 5070 λόγῳ
2210 4999 2286 5069 τῷ
2310 5002 2431 5070 τῆς.
2495 5033 2498 5037 -

2113 5068 2512 5193 gemmam“:
2568 5086 2662 5124 sex
2715 5069 2835 5123 libri
2894 5083 3014 5122 cum
3065 5069 3304 5121 editione
3355 5068 3495 5122 \icn.
3541 5075 3639 5125 καὶ

2145 5158 2234 5193 νου
2283 5137 2419 5192 εἶναι
2466 5139 2715 5193 δεύτερα.
2753 5141 2883 5193 Hea.
2915 5143 3184 5191 secundus
3219 5152 3344 5189 eum
3392 5141 3639 5193 editione

2044 5137 2234 5212 χρόνου
2283 5137 2419 5192 εἶναι
2442 5137 2715 5212 ίδεύτερα.
2753 5141 2883 5212 ῌθε.
2915 5143 3184 5212 secundus
3219 5152 3344 5212 _cum
3392 5141 3641 5212 editiOne

2043 5205 2214 5264 Paris.
2242 5212 2336 5263 κα)⁸
2368 5209 2560 5280 χρόνου
2610 5205 2919 5279 ττρεσϐείοις
2970 5205 3107 5260 εἶναι
3146 5205 3402 5280 δεύτερα.
3440 5208 3635 5272 Nemo.

2042 5285 2253 5347 Opinor,
2299 5276 2459 5333 homo
2507 5295 2610 5332 non
2645 5276 2790 5332 ridet
2827 5294 3011 5330 vocem
3043 5276 3376 5347 ίπρεσϐείοις
3423 5293 3493 5331 ex
3542 5299 3639 5334 su-

2041 5346 2347 5418 perioribus
2403 5351 2616 5402 incaute
2659 5351 2980 5403 accersitam
3032 5346 3223 5409 luisse,
3273 5357 3326 5399 et
3371 5347 3479 5402 hoc
3517 5351 3639 5406 loco

2043 5421 2225 5481 inepte
2260 5419 2566 5486 repetitam.

2111 5489 2225 5558 (55)
2265 5485 2444 5544 Cedet:
2478 5503 2616 5542 unus
2640 5490 2706 5559 τῇ
2735 5487 2829 5540 ἀπ’
2857 5486 3022 5538 αὑτοῦ
3051 5485 3241 5559 εἰκονι.

2114 5556 2228 5628 (56)
2272 5559 2499 5616 Codices
2549 5556 2751 5625 aliquot
2812 5559 3004 5628 μόνον,
3057 5556 3272 5628 αἰώνων
3315 5560 3396 5613 δέ,
3444 5560 3635 5612 Itidem

2040 5626 2170 5682 mss.
2211 5626 2460 5684 nonnulli
2528 5626 2872 5698 συνημμένον
2926 5627 3155 5697 νοῶμεν.
3199 5626 3448 5684 Subinde
3501 5629 3636 5698 Reg.

2041 5709 2264 5768 quartus
2299 5701 2390 5752 καὶ
2420 5698 2622 5770 φυσικὴ
2655 5698 2752 5765 μὲν
2783 5699 2875 5760 ὡς.

389 4924 714 4994 terprelatus
740 4926 812 4978 sit
837 4944 849 4978 :
881 4924 1311 4979 Distributionem
1341 4924 1944 4994 quamdam'sccundam

386 4997 691 5051 diuisionem
717 4996 779 5069 in
807 5012 866 5048 ea
894 5011 1010 5061 qua:
1041 4997 1102 5069 ali
1130 4996 1244 5069 i;gsa
1270 5009 1387 5048 sunt
1406 4998 1595 5069 {quod
1627 5001 1754 5065 quid
1786 5004 1944 5069 signi-

387 5071 550 5120 licarc
587 5065 778 5134 possit,
815 5079 881 5118 ex
920 5079 1006 5124 eo,
1047 5064 1092 5117 si
1131 5065 1362 5127 viveret,
1405 5067 1576 5120 libens
1620 5064 1938 5134 qurererEm.

381 5137 488 5208 Alii
519 5137 756 5208 quinque
784 5149 931 5208 “mss.
962 5134 1351 5208 διανομὴνικαὶ
1379 5135 1805 5208 καταδιαίρεσιν,
1837 5156 1942 5194 uno

382 5207 566 5270 verbo,
598 5202 752 5258 bene.
784 5202 917 5276 Reg.
945 5202 1155 5276 primus
1181 5202 1442 5276 διανομήν
1483 5223 1604 5258 τινα
1635 5202 1744 5259 ’καὶ
1776 5225 1943 5262 κατα-

380 5275 646 5349 διαίρεσιν
661 5313 674 5334 ,
728 5275 889 5349 paulo
942 5274 1152 5329 melius.
1209 5274 1484 5346 Hoc'ipso
1533 5279 1585 5329 in
1638 5278 1756 5332 loco
1808 5279 1937 5349 Reg.

381 5345 604 5414 quartus
632 5345 851 5397 ἐννοεῖν.

452 5414 562 5481 (5:2)
603 5414 734 5466 Cum
775 5429 878 5465 vox
927 5413 1283 5483 ὑποκείμενον
1331 5414 1436 5468 late
1473 5424 1669 5483 pateat,
1714 5414 1941 5472 fortasse

385 5484 540 5535 debet.
581 5484 682 5534 hoc
729 5485 846 5535 loco
889 5488 1026 5536 sumi
1075 5499 1171 5550 pro
1215 5485 1330 5549 ipsa
1382 5487 1693 5549 substantia,
1731 5497 1788 5537 ut
1839 5487 1940 5541 hoc

387 5552 525 5603 dicat
544 5551 783 5625 _Basilius
808 5567 824 5625 ς
852 5551 914 5605 Si
948 5553 1108 5605 Pater
1134 5569 1197 5606 ea;
1219 5555 1486 5620 Izypothesi
1516 5555 1822 5625 intelligitur
1849 5559 1939 5609 tua:

386 5637 494 5670 esse
537 5622 591 5673 in
627 5638 679 5673 se
712 5631 759 5673 et
801 5624 854 5672 in
889 5639 985 5673 sua
1017 5625 1331 5687 substantia,
1360 5633 1465 5675 etc.
1502 5625 1651 5688 Quod
1685 5622 1807 5677 inux
1854 5642 1937 5680 se-

389 5690 588 5754 quitur,
639 5692 729 5743 καὶ
776 5691 962 5760 ὅνπερ,
1002 5702 1129 5757 ctc.,
1176 5695 1245 5746 ita
1292 5705 1626 5749 converterat
1675 5696 1938 5766 interpres
