3836 6222
191 313 308 369 557

1297 307 1668 364 ADVERSUS
1708 307 2078 365 EUNOMIUM
2119 309 2246 364 LIB.
2289 309 2329 368 1.

3353 307 3456 360 558

193 427 428 498 σμάτων
465 441 604 479 κατα
639 407 766 489 τοὺς
807 426 1230 496 δημιουργικοὺς
1258 427 1448 495 λόγους
1488 429 1785 500 διαταχθεῖ-

1894 441 1946 485 ει
1983 432 2118 486 ordo
2145 431 2284 486 alius
2307 431 2573 484 naturalis
2607 437 2712 496 est,
2745 428 2882 484 alius
2921 425 3240 482 artiﬁcialis.
3289 424 3456 480 Natu-

199 535 272 570 σα
307 518 439 584 :57),
481 516 574 569 καὶ
601 516 675 579 ὡς
700 518 732 586 ἡ
763 517 871 568 τῶν
900 517 1218 586 ἀριθμητῶν
1243 519 1352 590 (58)
1392 519 1560 584 θέσις,
1593 521 1683 573 καὶ
1708 519 1784 582 ὡς

192 611 234 680 ἡ
281 609 392 662 τῶν
426 609 615 662 αἰτίων
651 609 787 680 πρὸς
817 609 886 662 τὰ
917 610 1132 662 αἰτιατά
1167 612 1370 680 σχέσις,
1409 613 1616 664 ἐκείνου
1653 631 1784 684 προ-

191 699 678 770 διωμολογημένου
708 699 801 752 τοῦ
830 700 924 752 καὶ
959 701 1059 770 τῆς
1099 704 1314 768 φύσεως
1349 703 1520 772 αὐτῆς
1553 705 1786 776 ποιητὴν

195 790 342 846 εἷναι
374 792 468 844 καὶ
500 791 830 862 δημιουργὸν
868 792 961 844 τὸν
991 792 1122 844 Θεόν
1145 810 1157 822 ·
1225 795 1684 865 ἐπιτετηδευμένη
1731 795 1787 848 δέ

195 885 296 938 καὶ
324 884 568 955 τεχνικὴ,
597 885 673 946 ὡς
715 885 748 953 ἡ
779 886 836 937 ἐν
864 889 976 948 τοῖς
1005 887 1512 956 κατασκευάσμασι,
1549 887 1642 939 καὶ
1685 903 1790 958 μα-

195 975 432 1044 θήμασι,
471 975 566 1026 καὶ¹
603 973 897 1044 ἀξιώμασι,
946 977 1038 1027 καὶ
1068 977 1306 1046 ἀριθμῷ,
1353 977 1448 1030 καὶ
1479 981 1588 1040 τοῖς
1615 977 1791 1030 τοιού-

193 1081 336 1128 τοις.
369 1065 586 1117 Τούτων
621 1067 801 1118 τοίνυν
827 1067 888 1118 τὸ
929 1067 1190 1137 πρότερον
1215 1069 1670 1139 ἀποκρυψάμενος
1703 1065 1790 1123 οῦ-

195 1173 316 1219 τος,
341 1156 434 1209 τοῦ
471 1157 723 1228 δευτέρου
749 1158 922 1221 εἴδους
951 1160 1049 1228 τῆς
1077 1157 1280 1224 τάξεως
1313 1160 1652 1232 ἐπεμνήσθη,
1695 1161 1788 1215 καί

195 1269 357 1320 φησι,
391 1250 462 1320 μὴ
505 1253 701 1321 χρῆναι
741 1251 920 1318 λέγειν
961 1252 1052 1304 ἐπὶ
1090 1251 1224 1304 Θεοῦ
1270 1251 1438 1316 τάξιν,
1487 1253 1718 1324 ἐπείπερ
1757 1255 1789 1322 ή

193 1343 356 1409 τάξις
395 1343 623 1412 δευτέρα
661 1344 778 1395 ἐστὶ
816 1343 909 1395 τοῦ
953 1344 1258 1407 τάττοντος.
1315 1345 1521 1396 Ἐκεῖνο
1561 1344 1619 1398 δὲ
1661 1345 1693 1414 ἢ
1729 1345 1788 1396 οὑ

199 1435 462 1498 συνεῖδεν,
519 1435 552 1504 ἢ
612 1435 752 1486 ἑκὼν
787 1434 1164 1504 ἀπεκρύψατο,
1221 1436 1302 1488 ὅτι
1336 1435 1450 1488 ἐστι
1493 1453 1545 1488 τι
1585 1435 1792 1498 τάξεως

195 1523 364 1588 εἶδος,
411 1527 510 1578 οὐκ
560 1529 624 1578 ἐκ
665 1527 763 1596 τῆς
805 1525 1114 1596 παρ’ήμῶν
1139 1527 1341 1590 θέσεως
1383 1527 1788 1596 συνιστάμενον,

195 1617 319 1670 ἀλλ’
349 1619 484 1689 αὐτῇ
509 1621 574 1688 τῇ
611 1619 749 1670 κατά
776 1618 935 1686 φύσιν
961 1619 1250 1690 ἀκολουθίᾳ
1273 1619 1588 1688 συμϐαῖνον,
1611 1620 1686 1682 ὼς
1714 1619 1792 1690 τῷ

199 1710 340 1779 πυρὶ
369 1709 502 1783 πρὸς
532 1711 593 1762 τὸ
620 1728 734 1778 qam;
771 1713 886 1762 ἐστι
919 1711 978 1762 τὸ
1004 1709 1064 1774 ἐξ
1093 1710 1278 1764 αὑτοῦ.
1315 1713 1403 1763 Ἐν
1438 1711 1648 1774 τούτοις
1678 1712 1785 1782 γὰρ

199 1799 470 1870 πρότερον
509 1800 570 1851 τὸ
607 1799 777 1852 αἴτιον
818 1801 1069 1870 λέγομεν,
1118 1800 1368 1872 δεύτερον
1408 1801 1466 1853 δὲ
1508 1802 1568 1854 τὸ
1599 1801 1656 1866 ἐξ
1690 1803 1787 1854 αὺ-

195 1886 298 1938 τοῦ
349 1887 495 1954 (59)·
550 1889 610 1939 οὐ
665 1887 994 1959 διαστήματι
1052 1891 1374 1960 χωρίζοντες
1413 1893 1507 1944 ἀπ’
1544 1893 1786 1961 ἀλλήλων

197 1977 400 2038 ταῦτα,
432 1977 567 2031 ἀλλὰ
611 1980 687 2048 τῷ
719 1980 965 2052 λογισμῷ
997 1982 1088 2036 τοῦ
1119 1983 1362 2036 αἰτιατοῦ
1406 1983 1789 2054 προεπινοοῦνν-

197 2087 296 2132 τες
325 2070 387 2122 τὸ
416 2071 606 2123 αἴτιον.
643 2072 765 2135 Πῶς
807 2069 898 2126 οὖν
931 2073 1150 2141 εὔλογον
1180 2073 1459 2144 ἀρνεῖσθαι
1485 2075 1586 2145 τὴν
1612 2075 1784 2141 τάξιν,

197 2163 288 2232 ἐφ’
316 2155 390 2214 ὧν
416 2163 532 2214 ἐστι
567 2164 830 2235 πρότερον
862 2166 954 2218 καὶ
976 2165 1247 2236 δεύτερον,
1281 2167 1340 2218 οὐ
1359 2167 1498 2220 κατὰ
1524 2166 1621 2237 τὴν
1647 2168 1786 2237 ἡμε-

197 2252 368 2325 τέραν
402 2253 568 2316 θέσιν,
605 2253 719 2305 ἀλλ’
745 2257 808 2307 ἐκ
841 2256 937 2325 τῆς
966 2256 1108 2308 κατά
1145 2255 1306 2325 φύσιν
1337 2258 1520 2320 αὐτοῖς
1553 2259 1789 2329 ἐνυπαρ-

196 2347 406 2414 χούσης
435 2345 787 2412 ἀκολουθίαςς
821 2349 976 2411 Τίνος
1014 2345 1106 2400 οὖν
1140 2348 1324 2401 ἕνεκεν
1355 2348 1540 2402 ἀθετεῖ
1567 2349 1665 2420 τὴν
1695 2351 1789 2404 τά-

199 2436 284 2502 ξιν
315 2439 404 2489 ἐπὶ
424 2438 558 2490 Θεοῦ
583 2439 986 2509 ).αμ6ἀνεσθαι;
1018 2443 1280 2510 Ἡγεῖται,
1301 2443 1348 2494 εἰ
1372 2442 1482 2510 (40)
1505 2443 1788 2508 ἐπιδείξειε

203 2527 477 2597 μηδαμῶς
525 2529 700 2592 ἄλλως
751 2531 812 2582 τὺ
865 2532 1128 2602 πρότερον
1181 2534 1274 2584 ἐπὶ
1335 2531 1468 2584 Θεοῦ
1527 2533 1786 2598 νοεῖσθαι,

197 2621 526 2690 λειπόμενον
566 2621 730 2688 ἕξειν,
769 2626 891 2676 κατ’
925 2626 1095 2694 αὐτὴν
1125 2624 1222 2695 τὴν
1257 2625 1443 2678 οὐσίαν
1491 2627 1588 2696 τὴν
1623 2627 1790 2696 ὑπερ-

195 2715 334 2784 οχὴν
388 2715 790 2768 ἐπιδείκνυσθαι
829 2716 960 2780 (41).
1005 2717 1197 2786 Ἡμεῖς
1225 2716 1300 2781 δὲ,
1358 2717 1497 2770 κατὰ
1552 2718 1649 2787 μὲν
1691 2718 1788 2789 τὴν

197 2807 312 2859 τῶν
377 2809 566 2861 αἰτίων
631 2810 767 2880 πρὸς
825 2809 894 2862 τὰ
960 2808 1019 2873 ἐξ
1079 2809 1258 2862 αὐτῶν
1325 2810 1528 2878 σχέσιν,
1594 2827 1789 2882 προτε-

195 2897 398 2966 τάχθαι
423 2899 516 2950 τοῦ
551 2900 681 2952 Υἰοῦ
701 2899 790 2952 τὸν
821 2900 1044 2970 Πατέρα
1075 2899 1254 2970 φαμέν
1275 2917 1288 2929 ·
1326 2901 1467 2954 κατὰ
1488 2901 1542 2954 δὲ
1565 2901 1663 2971 τὴν
1693 2902 1788 2971 τῆς

199 2988 419 3055 φύσεως
454 2989 736 3059 διαφορὰν,
787 2991 992 3056 οὐκέτι,
1045 2991 1164 3044 οὐδὲ
1210 2989 1350 3042 κατὰ
1395 2991 1492 3062 τὴν
1531 2993 1624 3044 τοῦ
1660 2993 1787 3062 χρό-

198 3097 296 3132 νου
344 3081 654 3152 ὑπεροχήν··
709 3081 742 3152 ἢ
803 3081 943 3135 οὕτω
984 3099 1047 3150 γε
1105 3084 1198 3138 καὶ
1243 3084 1374 3137 αὐτὸ
1407 3084 1540 3154 (Η),
1576 3085 1635 3138 τὸ
1677 3087 1788 3138 Πα-

197 3173 338 3242 τέρα
394 3167 532 3226 εἶναι
589 3173 679 3226 τὸν
721 3173 874 3240 Θεὸν,
933 3175 1288 3246 ἀθετήσομεν,
1342 3177 1440 3247 τῆς
1497 3176 1636 3230 κατὰ
1687 3177 1786 3249 τὴν

197 3265 390 3318 οὐσίαν
445 3266 856 3338 ἀλλοτριότητος
897 3267 995 3339 τὴν
1043 3268 1277 3339 φυσικὴν
1327 3270 1620 3339 συνάφειαν
1663 3269 1788 3324 ἀθε-

195 3357 425 3426 τούσης.

270 3446 362 3499 21.
405 3449 558 3502 Ἐπεὶ
589 3451 772 3520 μέντοι
809 3451 1171 3521 ἀφορίσασθαι
1198 3454 1328 3524 ἡμῖν
1353 3453 1446 3506 τοῦ
1468 3453 1659 3524 χρόνου
1689 3453 1787 3522 τὴν

199 3541 366 3608 φύσιν
411 3542 438 3592 ὁ
477 3542 638 3610 σοφὸς
674 3543 742 3596 τά
775 3543 1251 3618 πάνταβροήχθη,
1285 3547 1377 3600 κα)¹
1405 3546 1637 3600 ἐνταῦθα
1676 3546 1786 3616 (45)

197 3632 370 3686 αὑτοῦ
417 3633 476 3685 τὸ
527 3633 744 3702 βέϐαιον
783 3637 874 3688 καὶ
901 3638 1373 3707 περιεσκεμμένον
1410 3639 1507 3706 τῆς
1551 3637 1790 3703 διανοίας

199 3725 426 3794 ἴδωμεν.
473 3727 680 3795 Χρόνον
705 3728 884 3780 τοίνυν
930 3724 1068 3780 εἷναί
1096 3745 1229 3798 φησι
1259 3729 1418 3782 ποιάν
1434 3747 1555 3782 τινα
1577 3730 1789 3801 κίνησιν

197 3817 485 3887 ἀστέρων·
520 3818 669 3889 ἡλίου
710 3820 952 3889 δηλονότι
997 3821 1092 3874 καὶ
1137 3821 1366 3891 σελήνης
1417 3823 1510 3874 καὶ
1547 3823 1656 3875 τῶν
1686 3823 1793 3876 λοιο

197 3909 342 3972 πῶν,
383 3911 526 3974 ὅσοις
573 3913 695 3964 καθ’
726 3913 895 3965 ἑαυτά
925 3913 1038 3981 (AM)
1087 3912 1351 3966 κινεῖσθαι
1384 3914 1613 3984 δύναμίς
1648 3919 1782 3972 ἐστι.

197 4001 276 4054 Τὸ
314 3999 492 4055 τοίνυν
527 4003 635 4056 ἀπὸ
671 4003 937 4070 γενέσεως
974 4003 1204 4073 οὐρανοῦ
1235 4003 1328 4055 καὶ
1359 4003 1463 4072 γῆς
1501 4005 1662 4074 μέχρι
1689 4005 1788 4076 τῆς

275 4205 570 4276 (57)Ε‹1ἰιί
603 4203 792 4273 λόγους
821 4204 1101 4274 ταχθεῖσα.
1141 4205 1365 4262 Veteres
1389 4206 1628 4274 quinque
1671 4205 1792 4260 libri

199 4275 576 4338 διαταχθείσα.

271 4343 648 4416 (58)»λιιιίςιιιί
697 4343 804 4398 duo
856 4345 978 4398 libri
1030 4345 1123 4398 τοῦ
1166 4345 1429 4416 ἀριθμοῦ.
1479 4344 1632 4416 Alius
1685 4344 1789 4398 τῶν

200 4414 480 4487 ἀριθμῶν.
510 4415 612 4467 Alii
645 4424 756 4468 tres
785 4431 907 4487 cum
937 4416 1096 4487 editis
1128 4414 1236 4467 τῶν
1270 4414 1608 4487 ἀίριθμητῶν.

277 4485 392 4556 (59)
445 4485 576 4552 Reg.
625 4487 818 4556 tertius
861 4484 922 4536 τὸ
960 4485 1053 4556 ἀπ’
1098 4487 1285 4540 αὑτοῦ.
1313 4484 1626 4556 Ἀιίιιιιιιιιιο
1671 4496 1789 4554 post

203 4554 376 4610 codex
409 4572 548 4626 unus
575 4554 838 4624 πρότερον
871 4557 964 4608 καὶ
996 4555 1218 4626 ὕστερον
1250 4557 1309 4609 οὑ
1342 4555 1502 4626 κατὰ.

272 4625 386 4696 (40)
429 4625 552 4696 llla,
573 4626 810 4694 ἡγεῖται,
841 4627 911 4690 εί,
947 4625 1331 4693 etc.,.possunt
1381 4625 1631 4680 fortassis
1683 4626 1787 4680 hoc

197 4695 364 4750 modo
407 4695 673 4761 intelligi:
707 4696 1004 4748 Eunomins
1043 4697 1145 4749 sibi
1195 4697 1407 4750 videtur
1450 4697 1785 4764 propositum

197 4775 485 4820 assecutus
529 4765 714 4827 fuisse,
761 4766 803 4818 si
841 4766 1190 4832 probaverit,
1237 4766 1496 4835 quidquid
1533 4765 1682 4832 prius
1733 4767 1784 4818 itt

199 4835 314 4890 Deo
344 4835 670 4900 concipitur,
719 4835 770 4888 id
807 4835 1118 4890 necessario
1149 4836 1295 4904 prius
1329 4851 1451 4890 esse
1486 4844 1540 4888 et
1567 4849 1702 4894 aevo,
1733 4845 1788 4887 et

199 4919 478 4974 tempore,
521 4913 577 4958 et
621 4906 832 4962 ordine.
890 4905 996 4958 Sed
1047 4904 1154 4958 falli
1210 4921 1332 4958 eum
1381 4912 1614 4959 constat.
1669 4905 1782 4958 Etsi

197 4978 346 5028 enim
383 4975 550 5028 Filius
581 4975 792 5028 dicatur
827 4975 1098 5042 posterior
1131 4989 1253 5028 esse
1280 4976 1492 5038 ordine,
1526 4975 1650 5027 inde
1677 4990 1782 5027 non

196 5046 434 5098 ellicitur
471 5059 592 5098 eum
630 5053 722 5098 aut
757 5045 906 5098 Patri
940 5059 1058 5098 esse
1088 5045 1429 5110 dissimilem,
1461 5053 1552 5097 attt
1585 5058 1649 5096 eo
1691 5061 1785 5111 po-

195 5119 488 5169 steriorem
518 5129 636 5168 esse
663 5125 820 5168 tetate
845 5123 900 5168 et
927 5124 1186 5184 tempore.
1215 5115 1349 5184 Reg.
1375 5116 1565 5170 tertius
1587 5113 1782 5178 οἴεται,

195 5188 246 5238 εξ
277 5183 588 5250 ἐπιδείξειε.

271 5255 385 5326 (41)
426 5255 606 5326 Codex
624 5269 780 5326 ‘untts
804 5253 1080 5326 ὑπεροχὴν
1106 5253 1446 5326 θεωρεῖσθαι.

268 5325 384 5396 (42)
424 5325 578 5396 lllt_t_d,
607 5324 640 5394 ἢ
671 5324 812 5378 οὕτω
839 5323 927 5394 γε,
946 5323 1088 5396 etc},
1113 5327 1190 5396 si_c
1219 5323 1604 5396 interpretatur
1629 5323 1783 5378 Com-

199 5391 452 5458 beﬁsius,
483 5391 788 5462 Hocﬁpwd
823 5391 896 5449 est
933 5395 1095 5448 Deum
1131 5392 1344 5447 Patrem
1375 5411 1506 5456 esse,
1547 5395 1783 5448 destrue-

193 5483 339 5520 mus.
369 5466 428 5519 In
463 5479 571 5532 quo
600 5467 817 5532 quidem
853 5465 1332 5533 reprehendendus
1367 5481 1470 5517 non
1500 5473 1604 5527 est,
1637 5465 1778 5532 quod

191 5551 312 5588 rem
345 5551 450 5589 non
476 5536 816 5604 expresserit
847 5553 861 5590 :
895 5535 1012 5600 sed,
1054 5535 1197 5604 quod
1229 5533 1439 5589 locutus
1483 5533 1555 5588 sit
1603 5537 1782 5589 minus

193 5605 406 5671 Latine,
440 5603 490 5658 id
525 5613 626 5670 est,
653 5619 753 5658 suo
785 5620 954 5660 more.

269 5675 381 5746 (45)
418 5675 641 5746 Editiret
667 5675 804 5746 Reg.
828 5675 1048 5744 quintus
1073 5675 1170 5732 καὶ
1198 5673 1467 5730 ἐντεῦθεν.
1497 5673 1598 5732 Alii
1630 5675 1781 5746 quin-

193 5761 304 5813 que
337 5762 464 5803 mss.
494 5745 586 5799 καὶ
615 5745 874 5804 ἐνταῦθα.

1889 525 2018 580 ralis
2037 525 2276 594 quidem,
2299 536 2356 578 ut
2379 533 2772 587 creaturarum,
2789 522 2879 590 qui
2907 536 2974 576 ex
2997 519 3220 575 creandi
3253 519 3462 574 ratione

1888 616 2176 684 dispositus
2205 625 2306 680 est,
2339 623 2394 669 et
2422 615 2564 668 sicut
2581 613 2992 668 numerabilium
3017 611 3234 682 positio,
3255 621 3308 664 et
3326 625 3459 664 cau-

1889 722 2070 762 sarum
2107 706 2174 760 ad
2205 705 2468 776 producta
2494 705 2751 772 habitus;
2780 720 2902 760 cum
2955 717 3043 760 res
3091 703 3337 759 confessa
3368 703 3462 764 sit,

1889 798 2057 851 Deum
2087 797 2266 850 etiam‘
2289 796 2458 866 ipsius
2485 805 2695 850 natura!
2723 797 3056 851 conditorem
3091 811 3214 850 esse
3246 805 3300 850 et
3343 796 3456 862 opi-

1891 888 2068 942 ﬁcem.
2103 887 2454 956 Excogitatus
2489 887 2650 957 232
2689 903 2818 940 vero
2841 896 2896 941 et
2921 887 3242 949 artiﬁcialis,
3271 895 3328 939 ιιι
3353 885 3460 948 ille,

1890 979 1979 1047 qui
2016 979 2442 1047 deprehenditur
2491 979 2542 1031 in
2591 979 3020 1047 probationibus,
3055 978 3105 1031 in
3139 979 3460 1046 disciplinis.

1893 1071 1944 1123 in
1979 1071 2366 1140 dignitatibus,
2401 1070 2454 1124 in
2491 1085 2718 1123 numero
2765 1079 2818 1122 et
2865 1071 3086 1137 reliquis
3129 1069 3460 1140 huiusmodi.

1897 1163 2194 1216 Eunomius
2231 1163 2417 1233 itaque
2448 1163 2640 1218 ltorum
2693 1165 2874 1233 priore
2904 1163 3200 1229 occultato,
3252 1161 3320 1218 de
3374 1177 3462 1215 se-

1892 1255 2070 1308 cundo
2101 1254 2309 1310 ordinis
2341 1269 2538 1325 genere
2565 1253 2692 1310 fecit
2723 1255 3048 1310 mentionem
3077 1271 3092 1320 ;
3141 1255 3324 1320 aitque
3357 1268 3462 1306 non

1892 1357 2142 1412 oportere
2173 1346 2353 1398 dicere
2387 1345 2438 1397 in
2467 1345 2577 1399 Deo
2605 1343 2850 1398 ordinem
2883 1357 3024 1408 esse,
3057 1341 3312 1412 quoniam
3330 1347 3466 1396 ordo

1893 1437 2180 1490 ordinante
2211 1437 2479 1503 posterior
2524 1444 2626 1492 est.
2673 1435 2804 1488 lllttd
2837 1451 2966 1490 vero
2987 1445 3078 1488 attt
3109 1450 3212 1488 non
3250 1433 3462 1506 intelle-

1893 1527 1992 1592 xit,
2031 1535 2123 1580 aut
2157 1525 2301 1580 ultro
2329 1526 2588 1588 occuluit,
2610 1527 2878 1594 quoddam
2906 1525 3112 1580 ordinis
3138 1539 3258 1580 esse
3274 1540 3462 1594 genus,

1895 1634 1999 1671 non
2037 1627 2222 1671 nostra
2257 1619 2616 1672 constitutum
2663 1617 3026 1680 ordinatione,
3064 1620 3158 1670 sed
3215 1617 3331 1686 ipsa
3367 1631 3462 1670 nc-

1896 1709 2232 1763 cessitmline
2291 1708 2522 1762 naturali
2575 1708 2920 1774 contingens,
2963 1722 3072 1777 quo
3097 1722 3158 1762 se
3189 1709 3349 1762 modo
3378 1707 3469 1761 ba-

1895 1800 2026 1854 bent
2055 1800 2194 1868 ignis
2223 1807 2276 1852 et
2311 1800 2425 1864 lux,
2451 1814 2570 1868 quae
2605 1815 2672 1854 ex
2698 1800 2812 1868 ipso
2836 1809 2939 1854 est.
2977 1799 3113 1853 Nam
3157 1799 3209 1852 in
3249 1799 3318 1854 iis
3346 1811 3468 1850 cau-

1895 1907 2008 1945 sam
2046 1893 2280 1961 priorem
2310 1907 2430 1946 esse
2472 1893 2702 1946 dicimus
2732 1912 2744 1946 :
2785 1893 3056 1961 posterius
3086 1905 3214 1946 vero
3245 1891 3297 1946 id
3323 1891 3468 1960 quod

1895 1985 1963 2038 ab
1987 1984 2098 2052 ipsa
2133 1993 2236 2048 est,
2277 1999 2382 2036 non
2438 1983 2722 2038 intervallo
2751 1983 2864 2038 hanc
2913 1999 2940 2036 a
2978 1998 3035 2037 se
3066 1983 3294 2036 invicem
3335 1983 3462 2036 diri-

1896 2083 2124 2138 mentes,
2163 2073 2254 2128 sed
2279 2073 2606 2143 cogitatione
2655 2087 2874 2126 causam
2933 2081 3059 2126 ante
3105 2070 3355 2126 etlectum
3385 2072 3470 2126 in-

1897 2163 2218 2234 telligentes.
2249 2165 2496 2230 Quonam
2539 2163 2706 2232 igitur
2761 2173 2920 2232 pacto
2955 2163 3146 2216 rationi
3178 2173 3467 2217 consenta-

1897 2273 2054 2312 neum
2095 2256 2282 2322 l‘uerit,
2307 2258 2552 2311 ordinem
2583 2257 2634 2310 in
2677 2256 2745 2310 iis
2785 2271 3004 2325 negare,
3043 2256 3096 2308 in
3142 2256 3338 2321 quibus
3385 2265 3470 2308 est

1895 2353 2044 2419 prius
2071 2361 2127 2405 et
2167 2351 2455 2418 posterius,
2489 2364 2596 2404 non
2631 2363 2698 2404 ex
2727 2359 2916 2404 nostra
2953 2347 3329 2418 dispositione,
3371 2347 3468 2400 sed

1896 2456 1962 2494 ex
1999 2440 2234 2494 naturali
2270 2441 2501 2509 quadam
2533 2455 2712 2494 rerum
2747 2437 3182 2494 consecutione?
3222 2437 3333 2493 Cur
3370 2437 3470 2508 igi-

1897 2541 1985 2586 tur
2017 2533 2224 2585 fastidit
2253 2533 2500 2586 ordinem
2549 2533 2601 2584 in
2631 2533 2741 2587 Deo
2763 2531 3092 2586 admittere?
3132 2530 3466 2592 Arbitratur,

1895 2625 1938 2679 si
1969 2625 2270 2680 ostenderit
2298 2639 2402 2679 non
2438 2624 2598 2679 aliter
2623 2625 2774 2693 prius
2815 2625 2870 2677 in
2911 2625 3020 2680 Deo
3055 2625 3304 2694 intelligi,
3341 2625 3466 2678 reli-

1895 2731 2061 2785 quum
2095 2731 2153 2770 se
2189 2717 2522 2780 habiturum,
2558 2715 2610 2770 in
2647 2718 2760 2786 ipsa
2780 2717 2990 2772 scilicet
3006 2717 3304 2772 substantia
3333 2731 3468 2786 prae-

1895 2809 2150 2864 stantiam
2181 2810 2570 2867 demonstrari.
2593 2807 2704 2863 Nos
2733 2817 2938 2872 autem,
2971 2823 3068 2878 pro
3109 2809 3296 2863 habitu
3333 2823 3466 2862 can-

1895 2917 2078 2957 sarum
2111 2901 2176 2956 ad
2204 2917 2416 2970 eaquae
2453 2915 2520 2955 ex
2561 2900 2695 2968 ipsis
2725 2911 2874 2964 sunt,
2917 2898 3128 2953 Patrem
3159 2899 3296 2954 Filio
3331 2915 3468 2968 pne-

1903 2995 2028 3064 poni
2065 2995 2296 3048 dicimus
2329 3011 2342 3047 :
2371 3003 2424 3047 at
2453 3009 2584 3047 vero
2609 2993 2906 3046 secundum
2945 2999 3150 3046 natura:
3179 2993 3466 3046 diversita-

1896 3097 2026 3152 tem,
2052 3103 2155 3139 non
2193 3087 2341 3150 item,
2367 3101 2538 3155 neque
2557 3087 2852 3140 secundum
2876 3085 3131 3152 temporis
3151 3097 3464 3139 excessum:

1893 3178 2128 3248 alioquin
2163 3178 2266 3232 hoc
2299 3188 2459 3248 pacto
2506 3179 2670 3232 etiam
2702 3175 2868 3230 Deum
2912 3175 3126 3228 Patrem
3159 3187 3278 3228 esse
3303 3187 3468 3243 nega-

1893 3271 2110 3337 bimus;
2173 3286 2298 3324 cum
2354 3271 2612 3324 alienatio
2642 3285 2760 3338 quae
2789 3270 2843 3322 in
2876 3267 3112 3322 essentia
3149 3267 3418 3335 reperitur
3448 3306 3463 3330 ,

1893 3364 2330 3433 coniunctionem
2366 3363 2666 3418 naturalem
2703 3362 2934 3416 aboleat.

1964 3455 2054 3508 21.
2085 3455 2188 3510 Sed
2217 3455 2470 3523 quoniatn
2494 3455 2600 3509 huc
2629 3453 2718 3508 ille
2748 3453 2800 3506 in
2825 3451 3075 3508 omnibus
3097 3451 3314 3520 sapiens
3347 3465 3466 3520 pro-
3511 3481 3518 3488 -

1899 3562 2121 3618 gressus
2150 3555 2256 3609 est,
2295 3546 2452 3601 nobis
2485 3545 2812 3600 utdeﬁniret
2835 3545 3092 3614 temporis
3111 3552 3382 3606 naturam,
3409 3553 3465 3595 et

1889 3641 1975 3695 hic
2013 3655 2172 3710 quam
2211 3639 2389 3704 ﬁrma,
2425 3655 2586 3709 qttam
2627 3640 3019 3707 circumspecta
3047 3637 3115 3690 sit
3150 3649 3304 3690 metis
3325 3635 3460 3704 ejus,

1887 3733 2186 3786 videamus.
2217 3730 2454 3800 Tempus
2471 3745 2598 3800 ergo
2625 3741 2832 3784 certum
2867 3725 3460 3798 quenidamstciiarum

1887 3836 2093 3880 motum
2129 3839 2249 3879 esse
2270 3825 2422 3890 dicit,
2465 3823 2595 3878 solis
2617 3822 2866 3877 videlicet
2896 3833 2949 3877 et
2975 3823 3113 3876 luna:
3137 3837 3201 3875 ac
3233 3821 3464 3890 reliqua-

1892 3933 2035 3979 rum,
2075 3916 2272 3985 quibus
2313 3917 2454 3970 inest
2511 3929 2622 3984 qua
2669 3929 2767 3984 per
2820 3929 2878 3968 se
2913 3917 3252 3968 moveantur.
3293 3910 3464 3964 luter—

1895 4009 2093 4062 vallum
2137 4009 2300 4078 igitur
2329 4007 2474 4077 quod
2507 4008 2574 4062 ab
2599 4007 2808 4076 origine
2837 4005 3028 4060 coeliet
3048 4014 3206 4060 terrae
3239 4003 3306 4058 ad
3331 4002 3461 4056 stel-

1973 4205 2082 4277 (44)
2125 4207 2259 4277 Editi
2288 4221 2408 4260 cum
2443 4205 2572 4277 Reg.
2600 4206 2833 4260 secundo
2862 4206 3006 4268 ὅσοις
3031 4205 3086 4256 ἐν
3113 4201 3291 4265 ἄλλοις
3323 4205 3465 4277 κατά

1900 4274 2106 4332 τούτων
2141 4276 2264 4330 καθ’
2311 4276 2520 4329 suum:
2557 4279 2696 4346 quod
2726 4277 2854 4344 quin
2901 4277 3152 4328 vitiosum
3182 4277 3273 4338 sit,
3304 4274 3462 4346 dubi-

1901 4349 2002 4400 tari
2039 4364 2142 4401 non
2189 4355 2383 4414 potest.
2431 4347 2495 4399 Et
2539 4343 2688 4400 certe
2739 4343 3196 4412 bmninibns,‘qui
3245 4343 3462 4413 paulum

1901 4420 2059 4471 modo
2089 4420 2138 4470 in
2173 4418 2272 4470 hoc
2302 4417 2598 4471 studiorum
2632 4429 2827 4482 genere
2855 4416 3052 4468 versati
3083 4425 3232 4477 sunt,
3262 4415 3464 4466 erroris

1825 4461 1866 4514 θ
1893 4501 2116 4540 causam
2146 4489 2398 4556 detegere
2428 4461 2660 4538 difﬁcileP
2681 4501 2786 4538 non
2815 4495 2916 4538 est.
2943 4485 3170 4538 Cmctttit
3199 4461 3460 4556 enimqui

1891 4571 1998 4610 non
2033 4557 2179 4608 videt
2225 4553 2465 4608 errorem
2501 4557 2625 4608 hinc
2659 4564 2906 4607 exortum
2946 4569 3088 4616 esse,
3120 4554 3262 4620 quod
3302 4553 3462 4606 libra-

1889 4627 2004 4678 rius
2044 4627 2236 4693 aliquis
2269 4627 2375 4688 illa,
2406 4627 2464 4678 ἐν
2498 4624 2678 4687 ἄλλοις
2723 4625 2866 4678 κατὰ
2903 4624 3129 4688 τούτων,
3163 4625 3212 4675 in
3243 4637 3335 4674 ora
3379 4625 3460 4693 sui

1891 4695 2013 4748 libri
2037 4691 2361 4764 scripsisset,
2379 4705 2437 4748 ttt
2461 4703 2810 4748 monerentur
2825 4697 2914 4762 qui
2943 4695 3202 4761 legerent,
3219 4708 3315 4761 pro
3336 4691 3461 4746 καθ’

1891 4765 2058 4818 ἐαυτά
2106 4767 2363 4832 scriptum
2410 4765 2638 4818 inveniri
2685 4765 2736 4818 in
2773 4764 2894 4818 aliis
2932 4765 3252 4833 quibusdam
3281 4777 3463 4815 eXetn-

1889 4835 2130 4902 plaribus
2166 4835 2306 4888 κατὰ
2354 4834 2558 4887 τούτων
2588 4851 2602 4888 :
2635 4849 2700 4888 ex
2738 4849 2845 4902 quo
2885 4835 3138 4904 contigit,
3183 4843 3243 4904 ut
3291 4841 3458 4884 totum

1891 4905 2043 4968 illud,
2076 4907 2132 4958 ἐν
2166 4905 2346 4967 ἄλλοις
2379 4905 2520 4958 κατὰ
2559 4905 2786 4968 τούτων,
2827 4919 2892 4958 ex
2940 4903 3058 4958 libri
3107 4919 3202 4956 ora
3233 4903 3285 4955 itt
3332 4917 3462 4954 con-

1890 4983 2092 5028 textum
2145 4974 2445 5044 irrepserit.
2477 4975 2836 5029 Combelisius
2867 4975 2979 5026 vitii
3017 4973 3216 5040 aliquid
3261 4973 3312 5024 in
3357 4973 3458 5044 ἱιιιτ

1887 5045 2094 5113 pressis
2125 5043 2278 5098 libris
2315 5047 2540 5100 subesse
2589 5045 3042 5098 animadverterat
3074 5043 3460 5113 quidemr__:_sed

1887 5110 2013 5166 dum
2069 5116 2212 5168 hunc
2263 5115 2438 5168 locum
2487 5117 2560 5167 ita
2607 5115 2944 5175 emendavit,
2992 5113 3136 5174 ὅσοις
3180 5111 3246 5164 ἂν
3281 5110 3461 5172 ἄλλοις

1887 5183 2028 5236 κατὰ
2073 5183 2295 5247 τούτους
2333 5183 2454 5237 καθ’
2483 5185 2672 5248 ἐαυτά,
2708 5185 2877 5252 magis
2923 5183 3084 5236 etiam
3113 5197 3234 5234 eum
3269 5195 3460 5252 corru-

1886 5257 1985 5322 pit.
2013 5255 2137 5308 Hacc
2165 5267 2342 5306 autem
2374 5265 2540 5320 recte,
2572 5265 2629 5308 ut
2663 5250 2901 5322 putabat,
2932 5252 3210 5305 emendata
3244 5250 3459 5322 sicver-

1887 5320 2031 5378 ierat
2059 5343 2072 5378 :
2106 5323 2162 5376 Si
2196 5339 2312 5394 qua:
2343 5324 2464 5376 alite
2498 5320 2877 5392 sunt,rqttibus
2913 5331 2970 5394 ut
3015 5322 3120 5383 his,
3161 5335 3284 5394 ause
3329 5320 3458 5394 ipsis

1884 5409 2055 5448 matus
2087 5395 2162 5446 vis
2208 5388 2470 5458 competit.
2511 5388 2734 5448 Codices
2772 5404 2884 5446 tres
2917 5392 3062 5454 ὅσοις
3111 5388 3234 5443 καθ’
3265 5389 3454 5442 ἐαυτὰ.

1882 5463 1988 5518 Alii
2029 5465 2250 5518 totidem
2302 5463 2448 5525 ὅσοις
2500 5462 2620 5516 καθ’
2663 5461 2908 5524 ἑαυτούς.
2961 5461 3122 5515 Certe
3174 5471 3294 5512 utro
3337 5459 3460 5525 quis

1885 5535 2043 5588 modo
2074 5533 2288 5600 legerit,
2335 5544 2684 5600 peccaturum
2720 5549 2842 5586 eum
2893 5545 2998 5585 non
3047 5539 3217 5600 puto,
3251 5527 3456 5600 Sed_st

1883 5603 2030 5672 legas
2069 5596 2191 5656 κεῖθ’
2212 5596 2390 5674 eausa
2410 5641 2424 5666 ,
2470 5604 2658 5673 supple
2699 5601 2875 5674 ἄστρα
2902 5619 2915 5656 :
2947 5601 2992 5657 si
3027 5596 3171 5670 legas
3201 5596 3456 5670 ἑαυτούςν

1883 5675 2068 5744 supple
2094 5673 2349 5744 ἀστέρας.
