3836 6222
410 313 517 370 559

1729 315 1785 369 S.
1833 314 2077 370 BASILII
2118 312 2333 367 MAGNI

3561 304 3667 358 560

408 424 581 478 larum
606 438 775 495 usque
811 425 1142 480 creationem
1192 426 1518 490 intercessit,
1564 429 1819 496 quidnam
1859 446 1977 483 esse

2102 430 2351 498 ποιήσεως
2380 442 2491 478 των
2514 428 2760 495 ἀστέρων
2789 423 3061 491 διάστημα
3088 437 3139 473 τι
3168 437 3295 472 ποτε
3330 418 3439 491 ἄρα
3467 412 3613 469 εἶναι
3644 420 3671 468 ὁ

407 517 661 569 decernet
689 516 920 568 eximius
952 516 1038 569 ille
1066 532 1245 570 rerum
1292 516 1600 571 sublimium
1632 522 1977 588 speculator?

406 606 541 675 Nam
576 605 662 673 qui
695 608 875 660 mundi
897 608 1225 661 creationem
1249 609 1448 663 virtute
1482 610 1714 678 Spiritus
1740 612 1980 666 conscri-

407 696 538 765 psit,
569 710 763 766 magna
812 697 900 750 illa
949 697 1238 753 luminaria
1289 710 1345 755 et
1396 700 1634 769 reliquas
1675 703 1860 757 stellas
1893 704 1979 758 die

408 796 606 855 quarta
649 790 945 857 productas
978 805 1098 845 esse
1128 794 1410 859 perspicue
1446 804 1633 848 narrat
1663 797 1700 850 ⁸.
1746 794 1979 865 Tempus

409 879 593 947 igitur,
636 887 694 932 ut
741 881 929 950 liquet,
981 882 1034 935 in
1094 884 1363 949 prioribus
1414 884 1604 939 diebus
1637 899 1975 954 nequaquam

409 982 570 1024 erat:
614 970 875 1039 siquidem
925 976 1158 1027 nondum
1196 976 1554 1030 movebantur
1606 976 1798 1031 stellze.
1834 977 1977 1043 Quo.

412 1062 571 1117 modo
598 1064 743 1117 enim
784 1064 832 1116 id
868 1064 985 1118 fieri
1013 1068 1299 1133 potuisset,
1338 1083 1458 1122 cum
1498 1084 1564 1121 ne
1600 1069 1831 1123 condita:
1860 1071 1980 1138 qui-

408 1154 530 1207 dem
570 1154 799 1209 fuissent
823 1156 1017 1209 initio?
1051 1157 1115 1210 Et
1136 1158 1356 1222 iterum,
1389 1156 1691 1214 cumJesus
1721 1159 1864 1213 Nave
1887 1161 1981 1212 ad-

408 1260 597 1299 versus
624 1244 959 1301 Gabaonitas
998 1258 1279 1317 pugnaret,
1310 1252 1561 1319 quoniam
1598 1252 1681 1305 sol
1713 1260 1980 1320 prmcepto

410 1336 607 1405 ligatus
639 1340 890 1392 manebat
922 1339 1229 1403 immobilis,
1260 1356 1322 1394 ac
1350 1341 1472 1395 luna
1502 1341 1555 1395 in
1583 1341 1701 1396 loco
1727 1341 1902 1395 stabat
1936 1344 1977 1405 ²,

412 1436 623 1495 tempus
654 1437 781 1481 tunc
809 1443 913 1483 non
947 1430 1104 1483 erat?
1136 1430 1415 1495 Quodnam
1452 1432 1616 1500 igitur
1666 1448 1859 1486 nomen
1906 1432 1979 1484 illi

412 1517 515 1571 diei
545 1518 721 1588 spatio
746 1520 1135 1588 imponemus?
1194 1537 1356 1590 quam
1409 1524 1748 1593 excogitabis
1800 1523 1983 1591 appel-

410 1608 663 1663 lationem
708 1609 979 1665 ‘IEtenim
1032 1613 1076 1666 si
1125 1614 1384 1683 temporis
1440 1615 1709 1669 deiecerat
1758 1624 1981 1681 natura,

411 1715 582 1754 :evum
632 1703 815 1769 utique
860 1706 908 1757 ei
953 1706 1234 1759 successit.
1272 1707 1339 1759 At
1380 1722 1551 1760 aevum
1590 1708 1841 1775 exiguam
1877 1708 1981 1761 diei

2078 520 2251 581 δεινὸς
2279 519 2345 571 τὰ
2378 516 2628 587 μετέωρα
2655 511 2807 577 οὗτος
2834 515 3224 581 ἀποφανεῖται;
3262 510 3460 578 mea»;
3495 510 3614 581 γὰρ
3645 512 3674 561 ὁ

2078 611 2174 681 τὴν
2204 607 2559 678 κοσμογονίαν
2590 606 2700 678 (45)
2731 609 2796 675 τῇ
2818 605 3044 675 δυνάμει
3074 605 3167 656 τοῦ
3200 602 3518 671 Πνεύματος
3545 602 3676 653 ἀνα-

2079 703 2297 773 γράψας
2340 703 2403 770 τῇ
2440 700 2676 769 τετάρτῃ
2702 698 2885 769 ἡμέρᾳ
2912 698 3036 759 τοὺς
3064 696 3334 766 μεγάλους
3364 693 3673 762 φωστῆρας

2079 794 2173 847 καὶ
2234 794 2359 855 τοὺς
2411 791 2629 853 λοιποὺς
2676 790 2911 859 ἀστέρας
2956 787 3281 857 γεγενῆσθαί
3321 802 3480 855 φησι.
3527 785 3674 854 Χρῦ·

2079 902 2167 947 νος
2222 880 2315 936 οὖν
2361 883 2460 934 οὐκ
2494 877 2581 951 ἦν,
2632 881 2707 943 ὡς
2749 879 2946 941 ἔοικεν,
2991 881 3048 931 ἐν
3090 882 3209 941 ταῖς
3248 876 3484 929 κατόπιν
3531 875 3673 945 ἠμέ-

2084 993 2201 1046 ραις
2220 992 2233 1005 ⁸
2268 974 2328 1027 οὑ
2359 977 2467 1043 γὰρ
2495 971 2767 1025 ἐκινοῦντό
2796 989 2881 1023 πω
2902 973 2950 1023 οἱ
2974 970 3197 1041 ἀστέρες
3220 969 3353 1039 (46).
3383 967 3512 1029 Πῶς
3535 967 3673 1036 γὰρ,

2079 1068 2133 1119 οἴ
2176 1083 2237 1133 γε
2270 1066 2391 1135 μηδ’
2424 1064 2767 1131 ἐγεγόνεισαν
2800 1064 2897 1132 τὴν
2927 1064 3099 1132 ἀρχήν
3122 1063 3266 1131 (47);
3322 1062 3435 1114 Καὶ
3484 1061 3671 1120 πάλιν,

2080 1159 2167 1211 ὅτε
2220 1155 2476 1224 ἐπολέμει
2522 1158 2634 1217 τοῖς
2697 1154 3066 1215 Γαϐαωνίταις
3119 1155 3146 1205 ὁ
3193 1150 3290 1204 τοῦ
3341 1152 3503 1219 Ναυῆ
3567 1153 3673 1219 Ἰη-

2083 1250 2225 1313 σοῦς.
2262 1248 2450 1319 ἐυιιειδὴ
2489 1249 2742 1316 ἀκίνητος
2786 1249 2814 1298 ὁ
2856 1247 3005 1315 ἥλιος
3035 1246 3214 1315 ἔμεινε
3250 1246 3361 1315 (48}
3392 1244 3474 1313 τῷ
3506 1260 3672 1313 προσ-

2081 1340 2317 1411 τάγματι
2350 1338 2622 1407 πεδηοεὶς,
2664 1340 2758 1391 καὶ
2796 1340 2830 1407 ἡ
2874 1338 3066 1406 σελήνη
3099 1338 3235 1389 κατά
3264 1336 3451 1405 χώραν
3497 1337 3673 1405 εἱστή-

2082 1451 2190 1494 κει,
2245 1432 2433 1501 χρόνος
2479 1431 2577 1483 οὑκ
2628 1426 2695 1501 ἦν
2746 1430 3084 1499 τηνικαῦτα;
3145 1429 3209 1480 Τί
3268 1430 3447 1481 ἐκεῖνο
3478 1424 3573 1481 οὖν
3616 1430 3672 1479 τὸ

2081 1527 2354 1596 διάστημα
2399 1525 2499 1595 τῆς
2530 1525 2741 1595 ἡμέρας
2796 1523 3073 1592 sin-(optati;
3122 1523 3243 1574 τίνα
3294 1520 3672 1591 προσηγορίαν

2085 1620 2429 1687 ἐπινοήσεις;
2474 1618 2536 1669 Ei
2575 1616 2683 1685 γὰρ
2723 1618 2756 1685 ή
2794 1615 2888 1668 τοῦ
2922 1615 3029 1683 (49)
3058 1615 3248 1684 χρόνου
3291 1613 3455 1681 φύσις
3488 1613 3670 1665 ἐπιλε-

2084 1708 2280 1770 λοίπει,
2312 1706 2446 1759 αἰὼν
2479 1704 2797 1774 ἀντεισῆλθε
2831 1703 3103 1773 δηλονότι.
3150 1701 3330 1753 Αἰῶνα
3372 1702 3431 1753 δὲ
3478 1701 3669 1771 μικρὸν

409 1790 568 1861 233
620 1802 829 1859 partem
877 1795 1165 1863 appellare.
1221 1812 1379 1865 quem
1443 1798 1727 1851 dementia:
1774 1801 1987 1852 modum

2102 1800 2302 1868 ἡμέρας
2344 1799 2508 1867 μέρος
2538 1795 2967 1867 προσαγορεύειν
2999 1794 3119 1847 τίνα
3146 1793 3243 1862 τῆς
3278 1793 3467 1854 ἀνοίας
3508 1792 3671 1861 ὑπερ-

412 1899 516 1935 nnn
542 1885 805 1951 superat?
843 1884 970 1950 Sed,
1007 1874 1126 1955 quin
1158 1888 1322 1941 multa
1361 1900 1444 1942 est
1479 1889 1594 1957 ejus
1625 1890 1867 1953 solertia,
1894 1905 1986 1958 pn-

412 1985 529 2027 tare
574 1973 809 2040 videtur,
838 1975 977 2029 diem
1024 1992 1089 2029 ac.
1139 1989 1351 2032 noctem
1383 1980 1496 2032 iieri
1526 1980 1773 2048 quapiam
1809 1978 1989 2032 stella-

411 2084 526 2119 rum
579 2068 817 2122 motione
864 2069 930 2122 ad
976 2071 1293 2139 qualitatem
1330 2074 1653 2139 pertinente,
1682 2080 1844 2139 atque
1892 2072 1989 2125 has

409 2172 530 2212 esse
556 2162 812 2227 temporis
838 2172 1049 2229 partes:
1074 2162 1213 2213 unde
1239 2171 1449 2231 tempus
1480 2162 1669 2216 statuit
1698 2163 1987 2230 quemdam

409 2264 533 2303 esse
592 2251 867 2305 stellarum
928 2261 1129 2305 motum
1164 2253 1424 2321 qualitate
1470 2256 1787 2323 przeditum,
1823 2269 1891 2307 ne
1936 2254 1987 2308 id

410 2342 629 2409 quidem
676 2345 821 2411 quod
870 2344 999 2397 dicit
1036 2343 1360 2413 intelligens.
1418 2344 1533 2399 Non
1588 2346 1731 2400 enim
1785 2328 1988 2400 motum

412 2435 668 2502 qualitate
699 2434 980 2503 przeditum
1002 2472 1019 2497 ,
1055 2436 1145 2489 sed
1178 2436 1476 2504 quantitate
1508 2437 1785 2497 donatum.
1822 2440 1867 2491 si
1908 2446 1991 2489 ta—

415 2542 533 2580 men
563 2528 633 2580 ita
664 2527 808 2594 loqui
839 2526 919 2581 fas
944 2538 1049 2593 est,
1068 2528 1245 2581 dicere
1271 2529 1440 2598 magis
1461 2530 1835 2583 conveniebat.
1860 2530 1992 2595 Quis

416 2621 554 2672 enim
603 2620 683 2673 sie
726 2621 947 2673 omnino
981 2636 1112 2688 puer
1154 2630 1239 2674 est
1289 2632 1489 2687 mente,
1526 2630 1586 2674 ut
1616 2623 1823 2691 ignoret
1851 2623 1990 2687 dies,

416 2711 601 2771 horas,
632 2724 864 2774 menses,
896 2725 1086 2773 annos,
1110 2710 1369 2779 temporis
1400 2725 1702 2774 mensuras,
1738 2726 1842 2764 non
1871 2726 1993 2779 par-

415 2814 496 2855 tes
536 2800 959 2869 esse?Tempus
1006 2810 1183 2855 autem
1236 2802 1472 2869 spatium
1508 2810 1614 2864 est,
1646 2802 1799 2869 quod
1840 2818 1992 2870 teque

414 2894 719 2947 extenditur
748 2904 909 2961 atque
940 2892 1050 2960 ipsa
1074 2892 1254 2945 mundi
1278 2893 1597 2946 constitutio
1622 2911 1635 2946 :
1661 2908 1766 2961 qtto
1791 2903 1992 2945 motum

414 2998 628 3036 omnem
662 2982 774 3037 sive
816 2983 1113 3045 stellarum,
1149 2984 1261 3036 sive
1296 2982 1633 3045 animalium,
1669 2984 1781 3036 sive
1814 2984 1995 3049 cujus-

416 3088 627 3142 cunque
657 3073 733 3128 rei
758 3088 878 3142 qua:
901 3082 1167 3136 movetur,
1198 3074 1553 3136 admetimur,
1582 3081 1741 3140 prout
1764 3072 1993 3126 dicimus

417 3166 560 3219 aliud
602 3165 707 3220 alio
750 3166 985 3220 velocius
1026 3174 1118 3217 aut
1162 3165 1365 3219 tardius
1405 3180 1567 3219 esse:
1602 3164 1839 3219 velocius
1874 3163 1995 3231 qui-

418 3262 558 3319 dem,
590 3259 639 3313 id
666 3260 807 3327 quod
832 3259 1041 3311 minore
1071 3267 1308 3325 tempore
1338 3257 1452 3325 plus
1482 3256 1745 3325 percurrit
1787 3256 1942 3323 spatii
1976 3272 1990 3319 ;

422 3350 624 3403 tardius
648 3365 796 3413 vero,
815 3350 956 3417 quod
988 3349 1163 3403 minus
1192 3348 1435 3417 longiore
1462 3358 1702 3417 tempore
1727 3357 1989 3401 movetur.

422 3440 716 3494 Eunomius
746 3455 873 3495 vero
901 3441 1153 3510 quoniam
1188 3442 1239 3494 in
1297 3451 1535 3509 tempore
1561 3440 1727 3494 stella:
1772 3452 1993 3491 moven-

424 3543 529 3597 tur,
560 3534 813 3602 tcmporis
843 3534 985 3601 ipsas
1007 3548 1125 3587 esse
1151 3533 1370 3601 Opifices
1407 3530 1737 3601 pronuntiat.
1766 3528 1995 3581 Proinde

420 3640 482 3675 ex
518 3624 901 3691 sapientissimi
940 3626 1081 3679 illius
1120 3624 1411 3688 sententia,
1452 3624 1706 3693 quoniam
1754 3621 1999 3676 scarabei

421 3731 635 3785 quoque
670 3718 722 3771 in
757 3726 995 3787 tempore
1028 3728 1332 3783 moventur,
1375 3715 1766 3772 constituamus
1793 3724 1999 3781 tempus

425 3808 584 3862 talem
616 3811 912 3878 quamdam
956 3811 1245 3864 motionem
1282 3824 1404 3864 esse
1451 3810 1874 3861 scarabeorum:
1912 3814 1997 3859 et-

423 3900 564 3954 enim
600 3903 742 3969 quod
769 3902 928 3965 dixit,
965 3903 1016 3956 id
1070 3903 1138 3957 ab
1174 3903 1274 3955 hoc.
1308 3900 1437 3953 nihil
1485 3896 1685 3961 differt,
1719 3896 1994 3949 nominum

425 3993 682 4060 dignitate
708 4003 948 4063 excepta.
974 3994 1039 4047 Et
1074 3994 1186 4047 haec
1208 3992 1421 4061 quidem
1444 3991 1518 4044 ita
1549 4003 1608 4043 se
1634 3988 1851 4043 habent.
1868 3986 1997 4051 Quae

424 4093 598 4137 autem
639 4094 935 4152 sequuntur
954 4126 969 4148 ,
994 4084 1348 4139 considerate.

495 4176 585 4228 22.
618 4176 748 4230 Eun.
774 4176 955 4243 Atqui,
986 4176 1176 4245 inquit,
1213 4190 1280 4228 nc
1313 4175 1425 4228 fieri
1459 4174 1673 4243 quidem
1714 4181 1908 4242 potest,
1938 4182 1995 4227 ut

480 4288 496 4318 ¹
529 4288 661 4344 Gen.
692 4305 729 4354 ι,
763 4291 949 4346 ιι-ιο.
1024 4292 1046 4323 ¹
1079 4289 1191 4347 Jos.
1230 4305 1294 4353 x,
1346 4290 1539 4352 l2,15.

497 4379 608 4445 (lii)
653 4378 743 4433 Sic
777 4381 897 4435 libri
932 4390 1175 4443 veteres;
1208 4378 1335 4433 editi
1367 4378 1778 4447 κοσμογένειαν.
1812 4388 1823 4414 ⁸

497 4451 606 4519 (46)
650 4450 785 4504 Editi
818 4464 1101 4519 operarum
1123 4450 1341 4519 incuria
1364 4448 1438 4501 Οὐ
1474 4447 1583 4517 γὰρ
1610 4448 1821 4503 ἐκινοῦν
1851 4449 2000 4519 τόπῳ

425 4518 767 4574 οἰζϐοιιίοεε
815 4518 919 4573 duo
967 4518 1242 4573 ἐκινοῦντο
1294 4536 1397 4571 πω.
1448 4519 1551 4570 Alii
1599 4521 1818 4587 quidam
1868 4518 1998 4574 mss.

427 4588 702 4643 ἐκινοῦντό
734 4607 867 4652 πως.
902 4588 1103 4643 Ibidem
1133 4590 1348 4658 codices
1382 4588 1486 4641 duo
1512 4589 1560 4639 οἱ
1598 4589 1751 4658 μηδέ.

498 4660 608 4728 (47)
651 4660 781 4725 Πῶς
822 4658 953 4728 γὰρ,
985 4661 1041 4712 οἳ
1081 4676 1145 4727 γε
1174 4657 1314 4727 μηδ’
1341 4657 1728 4726 ἐγεγόνεισαν
1757 4658 1871 4725 τὴν
1903 4659 2004 4725 ἀρ-

428 4730 583 4798 χήν;
618 4730 890 4795 Quomodo
919 4732 1053 4782 enim
1087 4731 1141 4782 id
1170 4730 1284 4795 ﬁeri
1315 4728 1589 4796 potuisset,
1619 4746 1737 4781 cum
1770 4746 1831 4782 ue
1874 4746 2002 4782 con-

428 4802 553 4851 dita:
584 4802 791 4868 quidem
823 4802 1031 4851 omnino
1063 4799 1274 4868 (stellae)
1307 4798 1573 4866 fuissent?

523 4864 612 4941 48)
818 4868 1000 4941 ἔμενε..
1032 4864 1251 4941 Antiqui
1291 4864 1400 4941 tres
1440 4868 1558 4919 libri
1590 4864 1792 4941 ἔμεινε.

527 4935 611 5006 49)
653 4939 817 5001 Editi,
842 4935 903 5010 Ei
933 4938 1041 5010 γὰρ
1057 4938 1172 5010 τοῦ.
1193 4935 1851 5010 βοιΙίοοεᾼιτθελΕξλγάρμή
1882 4935 1998 5010 τοῦς

429 5006 518 5079 alii
551 5011 676 5072 duo,
720 5010 791 5060 ’Ἡ
842 5006 951 5079 γὰρ
996 5006 1326 5079 τοῦᾼχρόνου
1375 5006 1534 5079 φύσις
1578 5006 1926 5067 ἐπιλελοίπει,
1972 5006 2001 5075 ἣ

430 5077 583 5141 αἰών,
610 5088 699 5132 aut
728 5080 861 5131 enim
894 5077 1136 5143 temporis
1167 5077 1360 5130 natura
1398 5077 1679 5143 defecerat,
1712 5088 1801 5129 aut
1838 5092 2003 5129 azvum

431 5150 484 5200 in
520 5148 691 5201 locum
730 5148 873 5201 illius
914 5149 1183 5201 successit.

503 5218 613 5287 (50)
652 5220 791 5272 Editi
828 5216 1029 5286 μᾶλλον
1057 5218 1141 5271 ἄν.
1162 5286 1165 5287 ν
1189 5216 1334 5270 Libri
1372 5224 1582 5269 veteres
1613 5216 1811 5287 μᾶλλον
1842 5211 1929 5287 ἦν.

524 5286 614 5356 51)
657 5290 797 5342 Edili
824 5289 1016 5359 χρόνου
1054 5286 1489 5359 éariv._Atms§.
1530 5286 1686 5359 εἰσίν.

526 5354 614 5428 52)
657 5360 747 5413 Sic
796 5354 915 5412 libri
958 5369 1188 5428 vetere_s.
1241 5356 1379 5428 Editi
1431 5356 1463 5426 ἢ
1514 5354 2000 5428 ο-ὑτινοσοῦνηΜοι

434 5424 564 5481 mss.
598 5424 716 5483 'tres
744 5430 802 5482 ἐν
831 5428 1093 5481 ἐλάττονι.
1122 5426 1390 5479 Particula
1421 5424 1478 5478 ἐν
1503 5426 1569 5477 ab
1589 5427 1805 5481 excusis
1828 5424 2002 5479 abest.

436 5496 673 5551 Subinde
710 5514 838 5553 mss.
877 5498 1117 5552 nonnulli
1152 5497 1428 5565 διάστημα
1461 5495 1755 5549 διαϐαῖνον.

504 5568 615 5635 (53)
658 5567 786 5635 Reg.
825 5580 1046 5635 quartus
1095 5562 1458 5637 δημιουργοὺς
1506 5568 1841 5636 ἀπεφήνατο.
1880 5562 1999 5637 Mox

434 5638 558 5715 editi
591 5640 637 5688 οἱ
682 5638 1031 5708 κάνθαροι....
1086 5635 1397 5707 ὁρὶσόμεθα.
1432 5637 1655 5691 Codices
1681 5635 1806 5691 itton
1844 5636 1999 5705 pauci

434 5718 487 5755 ut
525 5723 575 5757 tu
608 5716 879 5760 contextu.

2090 1890 2253 1959 ϐολὴν
2286 1888 2607 1951 ἀπολείπει;
2654 1887 2793 1939 Ἀλλ’
2825 1887 3002 1939 ἐοικεν
3045 1888 3109 1938 ἐκ
3155 1884 3359 1953 πολλῆς
3388 1885 3668 1953 ἀγχινοίας

2090 1982 2304 2052 ἡμέραν
2336 1981 2433 2049 μὲν
2459 1980 2552 2032 καὶ
2577 1980 2748 2033 νύκτα
2773 1981 2831 2031 ἐν
2852 1982 2917 2049 τῇ
2950 1981 3080 2049 ποιᾷ
3111 1978 3217 2030 τῶν
3245 1978 3492 2046 ἀστέρων
3522 1979 3667 2046 κινή-

2092 2091 2176 2126 σει
2228 2072 2472 2143 νομίζειν
2504 2072 2775 2140 γίνεσθαι,
2821 2071 2996 2127 ταῦτα
3037 2072 3094 2123 δὲ
3142 2066 3280 2123 εἶναι
3330 2068 3423 2122 τοῦ
3477 2071 3665 2140 χρόνου

2094 2166 2234 2236 μέρη
2258 2181 2271 2193 '
2300 2164 2424 2217 ὅθεν
2459 2164 2549 2216 τὸν
2589 2164 2777 2235 χρόνον
2813 2163 2971 2216 ποιάν
3007 2179 3129 2215 τινα
3162 2161 3380 2229 κίνησιν
3428 2160 3666 2230 ἀστέρων

2093 2258 2441 2327 ἀπεφήνατο,
2491 2256 2611 2309 οὐδὲ
2656 2256 2786 2309 αὐτὸ
2825 2254 2984 2308 τοῦτο
3020 2255 3196 2317 συνεὶς
3238 2254 3265 2305 ὃ
3306 2271 3358 2305 τι
3391 2253 3561 2319 λέγει.
3597 2252 3664 2303 Οὐ

2100 2351 2209 2421 γὰρ
2247 2350 2429 2413 ποιὰν,
2464 2350 2577 2403 ἀλλ’
2610 2351 2768 2420 εἴπερ
2803 2349 2936 2419 ἄρα.
2983 2349 3175 2418 ποσὴν,
3220 2346 3427 2417 μᾶλλον
3458 2342 3527 2415 ἦν
3562 2347 3665 2409 (ΞΟ)

2094 2443 2272 2495 εἰπεῖν
2300 2442 2650 2511 οἰκειότερον.
2695 2440 2853 2492 Ἀλλά
2896 2440 2980 2501 τίς
3029 2438 3170 2490 οὕτω
3218 2441 3348 2501 παῖς
3394 2436 3669 2495 παντελῶς

2092 2535 2191 2605 τὴν
2206 2535 2466 2599 διάνοιαν,
2486 2534 2625 2586 ὥστε
2652 2535 2887 2601 ἀγνοεῖν,
2918 2533 2997 2583 ὅτι
3028 2532 3231 2600 ἡμέραι
3255 2530 3375 2599 μὲν,
3396 2531 3494 2582 καὶ
3514 2523 3666 2598 ὧραι,

2094 2628 2184 2679 καὶ
2211 2627 2399 2696 μῆνες,
2430 2628 2523 2678 καὶ
2550 2626 2804 2686 ἐνιαυτοὶ,
2837 2626 3006 2696 μέτρα
3036 2624 3127 2676 τοῦ
3146 2623 3339 2691 χρόνου
3370 2623 3512 2674 εἰσὶν
3543 2622 3668 2689 (51),

2092 2718 2212 2785 οὐχὶ
2246 2716 2386 2787 μέρη
2408 2733 2421 2780 ;
2458 2716 2663 2786 Χρόνος
2687 2715 2742 2767 δέ
2759 2716 2873 2766 ἐστι
2898 2713 2955 2765 τὸ
2984 2712 3589 2783 συμπαρεκτεινόμενον
3609 2714 3668 2780 τῇ

2099 2808 2359 2860 συστάσει
2411 2807 2505 2861 τοῦ
2563 2808 2772 2876 κόσμου
2802 2806 3108 2875 διάστημα·
3157 2798 3201 2870 ᾧ
3249 2806 3398 2857 πᾶσα
3427 2821 3673 2874 παραμε-

2093 2905 2304 2970 τρεῖται
2340 2900 2569 2969 κίνησις,
2605 2899 2714 2951 εἴτε
2743 2898 3005 2967 ἀστέρων,
3036 2899 3144 2950 εἴτε
3172 2896 3346 2959 ζώων,
3385 2898 3498 2949 εἴτε
3533 2899 3670 2949 οὐτι-

2094 2990 2283 3043 νοσοῦν
2319 2991 2431 3061 (52)
2467 2992 2575 3044 τῶν
2622 2993 2979 3061 κινουμένων.
3011 2990 3145 3042 καθὸ
3171 2990 3401 3058 λέγομεν
3444 2988 3670 3058 ταχύτε-

2100 3099 2191 3153 ρον
2224 3082 2256 3152 ἢ
2299 3081 2624 3153 βραδύτερον
2653 3081 2839 3152 ἕτερον
2871 3081 3055 3151 ἐτέρου
3076 3098 3088 3109 ⁸
3137 3080 3436 3149 ταχύτερον
3482 3079 3581 3148 μὲν
3616 3079 3673 3129 τὸ

2098 3174 2157 3226 ἐν
2192 3173 2433 3226 ἐλάττονι
2455 3173 2629 3243 χρόνῳ
2665 3172 2845 3226 πλεῖον
2877 3172 3149 3241 διάστημα
3172 3171 3519 3240 μεταϐαῖνον,
3552 3170 3673 3240 βρα-

2097 3262 2319 3334 δύτερον
2353 3264 2409 3316 δὲ
2442 3265 2503 3317 τὸ
2540 3264 2761 3317 ἔλαττον
2803 3266 2860 3317 ἐν
2896 3263 3096 3316 πλείονι
3126 3262 3301 3332 χρόνῳ
3337 3262 3667 3331 κινούμενον.

2110 3354 2168 3405 '0
2198 3354 2273 3417 δὲ,
2314 3355 2499 3425 ἐπειδὴ
2536 3357 2591 3405 ἐν
2612 3356 2788 3424 χρόνῳ
2816 3356 2864 3406 οἱ
2902 3355 3129 3421 ἀστέρες
3162 3352 3461 3413 κινοῦνται,
3488 3353 3673 3423 χρόνω

2099 3446 2297 3507 αὐτους
2333 3444 2469 3498 εἶναι
2503 3446 2867 3516 δημιουργοὺς
2901 3445 3256 3513 ἀποφαίνεται
3299 3444 3433 3511 (55).
3470 3445 3675 3496 Οὐκοῦν

2100 3537 2243 3590 κατά
2263 3540 2354 3591 τὸν
2376 3537 2469 3589 τοῖ’)
2508 3538 2823 3605 σοφωτάτου
2850 3539 3023 3604 λόγον,
3067 3537 3253 3606 ἐπειδὴ
3287 3538 3381 3588 καὶ
3414 3537 3677 3607 κάνθαροι

2105 3630 2161 3680 ἐν
2186 3630 2359 3700 χρόνῳ
2384 3630 2676 3691 κινοῦνται,
2698 3628 3009 3699 ὁρισώμεθα
3034 3630 3124 3679 τὸν
3146 3629 3336 3698 χρόνον
3359 3624 3497 3680 εἶναι
3522 3630 3678 3680 ποιάν

2103 3738 2223 3773 τινα
2261 3721 2548 3791 κανθάρων
2594 3722 2838 3790 κίνησιν·
2874 3720 3027 3772 οὐδὲν
3060 3719 3167 3787 γὰρ
3200 3719 3391 3773 τούτου
3439 3720 3499 3772 τὸ
3548 3724 3679 3791 παρ’

2104 3812 2267 3865 αὑτοῦ
2326 3812 2518 3882 λεχθὲν
2567 3812 2835 3883 διαφέρει,
2886 3810 3025 3880 πλὴν
3058 3811 3155 3879 τῆς
3206 3813 3535 3880 σεμνότητος
3569 3813 3679 3863 τῶν

2102 3903 2401 3973 ὀνομάτων.
2438 3904 2546 3956 Καὶ
2576 3902 2748 3956 ταῦτα
2797 3902 2895 3973 μὲν
2924 3901 3167 3968 τοιαῦτα,
3207 3903 3483 3971 σκέψασθε
3515 3904 3569 3955 δὲ
3616 3905 3679 3955 τὰ

2102 3994 2321 4064 ἐφεξῆς.

2171 4174 2260 4227 22.
2295 4174 2455 4227 ΕΥΝ.
2493 4172 2651 4226 Ἀλλά
2684 4174 2790 4243 μὴν
2987 4177 3169 4245 φησὶν,
3204 4173 3323 4225 οὐδὲ
3353 4171 3678 4239 ἐνυπάρχειν

2176 4377 2288 4446 (54)
2327 4376 2444 4450 illa,
2490 4378 2651 4431 Ἀλλά
2702 4380 2811 4450 μήν
2841 4389 2970 4435 etc..
3010 4378 3305 4450 itarLatine
3339 4376 3572 4450 reddens
3602 4379 3676 4429 in-

2108 4458 2336 4514 terpres,
2368 4448 2546 4515 Atqui,
2594 4448 2791 4517 inquit,
2841 4465 2901 4501 ne
2934 4450 2986 4499 id
3016 4449 3220 4517 quidem
3251 4448 3369 4512 ﬁeri
3405 4458 3588 4508 potest,
3623 4457 3671 4496 ut

2106 4518 2277 4582 forma
2306 4518 2588 4583 quwpiam,
2641 4519 2717 4569 vel
2764 4519 3047 4583 crassities.
3094 4518 3169 4570 vel
3208 4518 3483 4578 quantitas
3527 4518 3593 4569 sit
3625 4519 3672 4565 in

2106 4582 2399 4639 substantia
2448 4586 2566 4649 Dei,
2613 4588 2720 4638 vim
2768 4589 2917 4640 vocis
2968 4582 3077 4639 οἷον
3120 4601 3222 4637 non
3266 4586 3399 4637 satis
3429 4588 3667 4637 attendit.

2107 4655 2382 4722 Suspicari
2428 4655 2657 4709 fortasse
2684 4659 2853 4723 possit
2891 4659 3155 4725 quispiam
3186 4670 3307 4707 cum
3332 4657 3459 4725 viro
3483 4656 3671 4725 (luctis-

2107 4728 2243 4779 simo
2301 4725 2664 4785 (lombcfisio.
2716 4728 2829 4780 lucc
2885 4724 3024 4779 dicta
3082 4726 3248 4778 fuisse
3299 4724 3667 4781 ἐλλειπτικὼς.

2105 4809 2397 4859 vocemque
2458 4795 2585 4849 Υἱὸν
2641 4797 3063 4849 subaudiemlam
3125 4810 3262 4847 esse.
3322 4796 3423 4846 hoc
3482 4800 3667 4845 modo:

2106 4866 2225 4918 οὐδὲ
2254 4864 2474 4936 δυνατὸν
2498 4866 2590 4918 τὸν
2610 4864 2753 4936 (Υἱὸν
2798 4866 3123 4936 ἐνυπάρχειν
3149 4867 3216 4933 τῇ
3243 4864 3424 4936 οὐσία,
3450 4873 3554 4936 etc.
3584 4864 3669 4936 ,έιτ

2106 4937 2213 5003 qui.
2254 4934 2449 5000 inquit,
2491 4952 2552 4987 nc
2581 4935 2699 5001 ﬁeri
2751 4922 3263 5003 quidcm'uoteslﬁtt
3294 4922 3473 4985 Filius
3497 4934 3549 4984 in
3582 4930 3669 4983 Dei

2107 5004 2403 5055 substantia
2434 5007 2655 5057 exsistat
2693 5015 2943 5072 tanquam
2992 5007 3186 5071 forma,
3231 5014 3319 5054 aut
3356 5004 3537 5067 moles,
3570 5012 3666 5072 etc.

2106 5074 2305 5127 Fateor
2331 5074 2550 5140 quidem
2600 5074 2740 5128 banc
2773 5070 3139 5137 conjecturam
3181 5073 3441 5140 optimam
3488 5070 3665 5125 videri.

2106 5155 2268 5210 atque
2322 5144 2389 5195 ad
2438 5144 2579 5196 hunc
2628 5143 2802 5195 locum
2856 5144 3011 5196 facile
3046 5142 3447 5196 accommmlari
3483 5153 3665 5210 posse:

2107 5208 2360 5280 quoniam
2413 5221 2592 5265 tamen
2646 5215 2783 5280 apud
2812 5214 2989 5265 virum
3036 5213 3460 5265 eruditissimum
3494 5208 3667 5263 Fabri-

2106 5285 2271 5341 cium,
2308 5282 2400 5348 qui
2438 5282 2632 5333 librum
2664 5283 2909 5334 Eunomii
2942 5297 3110 5348 nuper
3140 5283 3329 5336 edidit.
3371 5282 3439 5332 ita
3475 5282 3667 5348 editum

2107 5347 2430 5425 invenimus,
2473 5351 2631 5425 Ἀλλὰ
2668 5353 2774 5425 μῂν
2809 5353 2929 5405 οὐδὲ
2959 5347 3286 5422 ἐνυπάρχειν
3306 5367 3359 5401 τι
3388 5348 3560 5421 ταύτῃ
3585 5347 3666 5425 ουτ

2107 5422 2198 5491 σίᾳ
2238 5421 2461 5473 δυνατὸν
2500 5416 2610 5473 οἷον
2648 5416 2786 5484 εἶδος
2817 5433 2948 5484 etc.,
2985 5416 3486 5491 banc'scripturam
3532 5416 3667 5479 senui

2106 5489 2276 5544 satius
2328 5492 2485 5545 duco.
2536 5491 2599 5544 Et
2644 5504 2789 5546 Certe
2836 5494 2937 5545 hoc
2984 5502 3227 5543 nostrum
3274 5489 3537 5553 judicium
3576 5500 3666 5536 non

2105 5577 2293 5628 parum
2329 5560 2562 5628 adjuvat.
2611 5561 2752 5629 quod
2806 5562 2856 5612 in
2894 5562 3205 5614 (lolbertino
3253 5559 3462 5618 codice,
3498 5558 3587 5629 qui
3622 5562 3669 5603 ῡι

2109 5627 2221 5695 ipse
2247 5627 2607 5684 ittter’cmlera
2631 5627 2764 5699 opus
2786 5632 3034 5684 Eunomii
3067 5630 3470 5695 complectitur,
3495 5627 3667 5699 eodem

2114 5688 2265 5766 plane
2300 5702 2457 5755 modo
2494 5688 2753 5770 scriptum
2786 5704 2879 5767 sit,
2904 5702 3003 5754 nisi
3032 5702 3171 5768 quod
3193 5688 3262 5753 ἰιι
3295 5701 3410 5765 ipso
3439 5713 3537 5765 pro
3562 5688 3668 5746 οὺὂέ
