3836 6222
127 324 256 383 56!

1262 333 1634 391 ADVERSUS
1673 336 2037 394 EUNOMIUM
2075 326 2203 394 ΠΒ.
2244 336 2286 393 l.
3317 340 3425 396 562

126 456 207 496 τι
239 444 307 512 τῇ
338 441 498 514 οὐσίᾳ
527 442 622 497 τοῦ
655 443 790 498 Θεοῦ
816 445 1062 513 δυνατὸν,
1096 442 1207 503 οἷον
1232 445 1394 515 εἶδος,
1428 451 1461 523 ἢ
1496 451 1681 521 ὄγκον,
1707 453 1740 524 ἢ

1852 457 2136 525 quidquam
2167 456 2219 510 in
2262 454 2358 510 Dei
2403 453 2700 510 substantia
2750 450 3171 518 exsistat,velut
3222 452 3423 522 forma,

130 533 518 607 πηλικότητα,
557 536 647 589 διά
678 537 739 590 τὸ
768 539 945 612 πάντη
973 542 1251 614 συνθήκης
1288 543 1573 616 ἐλεύθερον
1597 541 1738 598 εἶναι

130 625 244 678 τὸν
270 625 426 679 Θεόν.
455 626 519 679 Εἰ
544 626 601 681 δὲ
626 628 831 683 τούτων
855 633 947 685 καὶ
969 632 1078 686 τῶν
1106 635 1363 710 τοιούτων
1386 653 1438 688 τι
1464 635 1575 707 (55)
1599 638 1738 707 μήτε

132 715 272 769 ἐστὶ
304 717 443 788 μήτε
482 718 615 771 ποτὲ
646 720 845 788 γένοιτ’
877 721 943 775 ἂν
972 723 1169 792 εὐαγὲς
1214 725 1498 795 ἐπινοῆσαι
1525 742 1739 796 συμπε-

135 808 463 880 πλεγμένον
487 814 556 883 τῇ
582 812 741 883 οὐσίᾳ
762 813 858 867 τοῦ
890 814 1026 869 Θεοῦ
1059 816 1195 886 (56),
1231 819 1383 880 ποῖος
1411 816 1493 871 ἔτι
1516 834 1735 889 συγχω-

140 901 317 971 ρήσει
348 901 506 971 λόγος
544 905 684 975 πρὺς
710 908 810 977 τὴν
838 906 1133 976 ἀγέννητον
1161 908 1382 980 ὁμοιοῦν
1417 909 1518 980 τὴν
1546 926 1738 980 γεννη-

132 994 289 1063 τήν;
314 994 415 1065 τῆς
446 998 568 1049 κατ’
595 998 784 1052 οὐσίαν
816 998 927 1071 (57)
956 1001 1345 1073 ὁμοιότητος,ἢ
1376 1002 1734 1074 συγκρίσεως,

135 1082 180 1154 ἢ
226 1087 540 1152 κοινωνίας,
591 1090 861 1161 μηδεμίαν
899 1093 1176 1164 ὑπεροχὴν
1211 1093 1243 1164 ἢ
1277 1092 1536 1167 διαφορὰν
1566 1112 1737 1148 κατα-

133 1177 442 1249 λιπούσης,
489 1181 711 1253 ἰσότητα
739 1183 795 1236 δὲ
837 1184 1023 1252 σαφῶς
1056 1185 1455 1257 ἐργαζομένης,
1508 1185 1644 1256 μετά
1679 1187 1737 1240 δὲ

134 1270 251 1339 τῆς
284 1270 530 1341 ἰσότητος
564 1273 863 1344 ἀγέννητον
893 1275 1301 1348 ἀποφαινούσης
1326 1277 1418 1330 τὸν
1444 1276 1739 1348 ὁμοιούμε-

134 1376 265 1422 νον,
294 1361 329 1431 ἢ
361 1364 810 1435 συγκρινόμενον.
851 1366 1041 1430 Οὐδεὶς
1071 1366 1129 1420 δέ
1168 1367 1341 1432 οὓτως
1369 1365 1483 1439 (58)
1512 1370 1737 1441 ἀνόητος

134 1453 245 1504 καὶ
296 1452 434 1523 πρὸς
483 1455 738 1509 ἀσέϐειαν
764 1456 1058 1533 τολμηρὸς,
1103 1457 1243 1511 ὥστε
1298 1458 1411 1512 ἴσον
1443 1462 1619 1513 εἰπεῖν
1657 1460 1735 1531 τῷ

138 1543 333 1614 Πατρὶ
357 1545 450 1598 τὸν
479 1547 626 1610 Υἰὸν,
657 1548 823 1602 αὐτοῦ
847 1550 940 1602 τοῦ
971 1550 1178 1621 Κυρίου
1222 1550 1523 1623 διαρρήδην
1557 1552 1735 1605 εἰπόν-

135 1653 262 1698 τος’
311 1637 364 1689 Ὁ
402 1639 605 1709 Πατὴρ
643 1644 675 1694 ὁ
723 1642 967 1712 πέμψας
1024 1660 1103 1713 με
1134 1643 1350 1713 μείζων
1381 1662 1501 1713 μου
1561 1644 1697 1698 ἐστι
1716 1659 1731 1673 ⁸

139 1726 249 1779 καὶ
281 1727 444 1781 πάλιν
494 1731 612 1799 μετ’
642 1730 820 1799 ὀλίγα.
869 1731 1005 1784 Ἀλλ’
1030 1733 1113 1786 ὅτι
1160 1734 1260 1804 μὲν
1290 1728 1372 1798 οἷς
1401 1735 1430 1786 ὁ
1458 1734 1571 1788 τῶν
1597 1735 1734 1789 πάν-

1845 559 1937 605 aut
1971 549 2165 614 moles,
2205 556 2298 602 aut
2322 547 2617 617 quantitas,
2655 546 2797 616 quod
2846 545 3239 615 compositione
3275 547 3423 600 omni

1840 656 2063 713 prorsus
2103 641 2362 695 immunis
2398 647 2483 694 est
2522 638 2683 693 Deus.
2722 637 2876 705 Quod
2905 637 2950 691 si
2980 634 3217 706 cogitare
3250 649 3426 704 neque

1840 733 1924 788 fas
1952 740 2056 797 est,
2090 745 2263 800 neque
2294 744 2533 801 unquam
2560 727 2744 792 fuerit,
2767 730 2956 782 horum
2986 736 3039 781 et
3060 724 3242 780 talium
3266 725 3426 795 quid-

1841 841 2002 895 quam
2036 840 2157 880 cum
2191 826 2284 878 Dei
2321 822 2625 878 substantia
2657 820 3033 890 complicatum
3067 832 3189 872 esse
3223 834 3239 880 ;
3270 831 3423 887 quae-

1844 933 1968 972 nam
2007 917 2183 973 adhuc
2216 917 2354 971 ratio
2389 916 2552 979 sinet,
2594 922 2653 968 ut
2693 929 2813 968 cum
2851 910 3150 968 substantia
3184 910 3424 977 ingenita

1841 1009 2077 1079 genitam
2140 1007 2540 1063 conferamus?
2574 1006 2772 1078 quippe
2830 1020 2891 1061 ea
2949 1020 3069 1074 quae
3124 1003 3420 1058 secundum

1843 1102 2203 1157 substantiam
2250 1110 2333 1156 est
2380 1099 2838 1163 similitudo,sive
2895 1095 3263 1163 comparatio,
3308 1094 3424 1147 sive

1839 1193 2173 1258 communio,
2205 1191 2407 1246 nullam
2446 1191 2813 1260 praestantiam
2843 1197 2934 1243 aut
2956 1186 3311 1242 diﬂ'ereutiam
3343 1200 3424 1241 re-

1837 1284 2067 1354 linquit,
2095 1286 2201 1339 imo
2245 1283 2608 1353 arqualitatem
2651 1291 2836 1353 aperte
2880 1279 3075 1345 efficit;
3106 1287 3267 1348 atque
3295 1293 3420 1333 cum

1836 1378 2148 1446 :equalitate
2198 1377 2496 1447 ingenitum
2544 1377 2877 1430 demonstrat
2907 1388 3053 1436 eum,
3082 1373 3172 1441 qui
3198 1372 3419 1427 assimi-

1837 1469 1998 1532 latur,
2022 1469 2104 1525 vel
2134 1477 2506 1535 comparatur.
2543 1465 2714 1522 Nemo
2754 1477 2931 1521 autem
2968 1465 3040 1518 ita
3082 1472 3165 1519 est
3192 1465 3421 1520 stolidus

1836 1569 1890 1614 et
1913 1559 1981 1614 ad
2012 1560 2349 1629 impietatem
2392 1559 2592 1623 audax,
2625 1557 2715 1627 qui
2745 1556 3006 1626 aequalem
3043 1554 3189 1610 Patri
3222 1556 3419 1611 Filium

1836 1651 2003 1714 dicat.
2039 1666 2161 1705 cum
2192 1649 2455 1706 Dominus
2486 1650 2605 1719 ipse
2634 1648 2810 1719 palam
2848 1648 3047 1703 dixerit
3076 1666 3089 1702 :
3120 1645 3284 1701 Pater
3328 1649 3421 1717 qui

1834 1759 1914 1796 me
1953 1743 2115 1805 misit,
2144 1742 2317 1813 major
2349 1758 2430 1796 me
2458 1752 2531 1797 es!
2552 1741 2592 1795 ³.
2612 1742 2677 1795 Ει
2714 1754 2902 1795 rursus
2932 1740 3092 1809 paulo
3119 1749 3259 1808 post.
3289 1738 3417 1803 Sed,

136 1835 260 1871 των
281 1818 414 1883 Θεὸς
440 1821 738 1892 ἀγέννητος
766 1823 860 1876 καὶ
883 1824 1237 1897 ἀσύγκριτος,
1274 1825 1535 1880 πλειόνων
1565 1826 1734 1880 ὄντων

1852 1832 2020 1888 nissis
2071 1832 2335 1901 pluribus,
2371 1846 2433 1886 ea
2475 1847 2595 1901 quae
2639 1832 2875 1887 diximus
2912 1832 3067 1899 satis,
3124 1841 3289 1900 puto,
3323 1832 3418 1884 de-

137 1910 263 1964 τῶν
318 1913 869 1985 παραλελειμμένων,
923 1917 1174 1989 ἀποχρῆν
1224 1919 1466 1991 ἡγοῦμαι
1521 1920 1617 1973 καὶ
1669 1919 1737 1973 τὰ

141 2002 391 2074 ῥηθέντα
420 2006 555 2076 πρὸς
577 2008 867 2074 ἀπόδειξιν.

218 2096 375 2150 ΒΑΣ.
414 2099 583 2153 Ὅταν
612 2101 758 2165 τινὸς
782 2100 1050 2157 ἅπτεσθαι
1089 2102 1256 2174 μέλλῃ
1290 2104 1527 2175 πονηροῦ
1553 2103 1735 2171 λόγου,

138 2188 532 2259 προλαμϐάνει
565 2191 678 2263 (59)
732 2195 856 2249 τινὰ
908 2195 1336 2267 συγχωρούμενα
1395 2196 1548 2268 παρὰ
1595 2195 1736 2249 πάν-

138 2299 284 2347 των,
309 2282 399 2338 ἵνα
426 2284 516 2338 διὰ
538 2287 638 2357 τῆς
667 2288 726 2341 ἐν
748 2288 958 2353 τούτοις
984 2289 1405 2362 εὐγνωμοσύνης
1440 2290 1575 2361 μηδὲ
1610 2290 1738 2361 περὶ

139 2376 261 2428 τῶν
297 2376 499 2434 λοιπῶν
529 2382 849 2453 ἀπιστῆται.
883 2384 1051 2436 Οὐδὲν
1111 2384 1247 2455 (60),
1283 2384 1468 2455 φησὶν,
1514 2378 1625 2438 οἷόν
1676 2401 1737 2438 τε

141 2469 484 2542 ἐνυπάρχειν
504 2473 599 2526 τοῦ
615 2474 750 2528 Θεοῦ
779 2479 846 2548 τῇ
873 2477 1053 2548 οὐσία,
1071 2476 1195 2531 οὐτε
1216 2473 1373 2543 εἶδος,
1399 2476 1521 2530 οὔτε
1548 2476 1733 2546 ὄγκον,

140 2561 278 2616 οὔτε
308 2564 668 2637 πηλικότητα,
715 2567 804 2623 διὰ
836 2568 897 2621 τὸ
937 2569 1114 2640 πάντη
1148 2569 1422 2640 συνθήκης
1453 2569 1734 2641 ἐλεύθερον

143 2650 294 2707 εἶναι
324 2654 416 2708 τὸν
456 2656 607 2710 Θεόν.
644 2658 821 2730 Μέχρι
850 2659 1052 2713 τούτων
1078 2662 1225 2714 ἐστὶν
1253 2658 1569 2731 εὐγνώμων“
1598 2661 1657 2712 ὲν
1681 2660 1738 2713 δὲ

142 2746 266 2807 τοῖς
295 2743 421 2817 ἑξῆς
454 2748 534 2811 είς
560 2749 748 2802 ἑαυτὸν
773 2751 1096 2822 ἐπανῆλθεν.
1145 2752 1234 2815 Ὠς
1273 2752 1383 2822 γὰρ
1424 2750 1735 2819 ἀναγκαίως

143 2837 267 2897 τοῖς
279 2837 686 2906 προεκτεθεῖσιν
707 2842 980 2913 ἑπομένην
1011 2844 1108 2914 τὴν
1144 2843 1493 2916 βλασφημίαν
1521 2846 1741 2895 ἐπισυν-

145 2922 339 2990 ἅπτει,
402 2925 599 2995 λέγων·
630 2930 692 2982 Εἰ
744 2930 801 2983 δέ
838 2931 1041 2984 τούτων
1079 2930 1175 2985 καὶ
1226 2930 1334 2983 τῶν
1384 2929 1639 2984 τοιούτων
1684 2945 1737 2980 τι

151 3018 301 3089 μήτε
351 3018 490 3085 ἐστὶ,
536 3021 794 3091 μηδέποτ’
826 3022 893 3076 ἂν
946 3023 1158 3091 γένοιτο
1208 3022 1407 3087 εὐαγὲς
1450 3021 1737 3091 ἐπινοῆσαι

147 3110 649 3180 συμπεπλεγμένον
675 3115 740 3185 τῇ
759 3113 934 3184 οὐσίᾳ,
962 3112 1046 3177 τίς
1071 3112 1588 3185 συγχωρήσειλόγος
1621 3111 1732 3185 (61)

146 3168 296 3275 πρὶς
325 3202 423 3275 τὴν
460 3168 764 3276 ’ἀγέννητον
811 3168 1044 3277 ὁμοιοῦν⁷
1079 3168 1209 3279 τὴνῆ
1230 3168 1532 3278 γεννητήνς
1568 3168 1733 3257 ἰιέιαῦ
1761 3168 1802 3224 C

145 3294 478 3351 ἀκολουθίαν
501 3296 613 3368 ἔχει
627 3297 800 3352 ταῦτα
815 3300 950 3371 πρὸς
966 3300 1191 3371 ἄλληλα,
1212 3302 1259 3353 εἰ
1283 3297 1575 3361 ἀσύνθετός
1592 3299 1739 3351 ἐστιν

142 3389 179 3440 ὁ
225 3387 381 3453 Θεὸς,
417 3389 766 3443 ἀνεπίδεκτον
802 3386 939 3445 εἶναι
975 3392 1066 3444 τὸν
1094 3391 1222 3445 Υίὸν
1255 3390 1359 3460 τῆς
1387 3389 1526 3462 πρὸς
1572 3388 1738 3440 αὐτὸν

147 3479 515 3552 ὁμοιότητος;
546 3482 684 3535 Εἰπέ
710 3484 819 3554 γάρ
840 3500 852 3512 ·
887 3485 1007 3553 οὐχὶ
1047 3484 1104 3537 δὲ
1133 3484 1228 3538 καὶ
1263 3484 1327 3536 σὺ
1356 3482 1445 3536 τὸν
1475 3483 1603 3536 Υίδν
1632 3499 1740 3535 πα-

156 3572 482 3643 ραπλησίως
515 3576 661 3645 ἐρεῖς
691 3577 828 3647 μήτε
858 3572 1017 3638 εἶδος,
1058 3576 1194 3646 μήτε
1230 3575 1394 3643 ὄγκον
1434 3573 1570 3645 (62),
1603 3575 1741 3645 μήτε

148 3669 500 3741 πηλικότητα
551 3671 694 3742 ἔχειν
729 3675 787 3727 ἐν
834 3673 1048 3744 ἐαυτῷ,
1087 3674 1181 3725 καὶ
1235 3672 1411 3743 πάντη
1468 3669 1741 3742 συνθήκης

148 3761 444 3833 ἐλεύθερον
478 3757 652 3833 εἷναι;

227 3943 319 3998 25.
363 3939 506 4014 Ἐγὼ
545 3944 643 4017 μὲν
675 3945 783 4019 γὰρ
816 3947 937 4000 οὐδὲ
970 3965 1207 4019 μανεντα
1248 3965 1307 4001 σε
1336 3947 1579 4021 ἡγοῦμαί
1611 3965 1740 4003 ποτε

148 4037 453 4107 τολμήσειν
479 4038 607 4092 ἄλλο
635 4057 686 4093 τι
720 4042 896 4094 εἰπεῖν
937 4042 1031 4094 τὸν
1060 4042 1189 4096 Υἱδν
1220 4041 1253 4113 ἢ
1301 4040 1593 4112 ἀσώματον
1647 4044 1743 4096 καὶ

155 4126 530 4181 ἀνείδεονκαὶ
581 4129 1011 4201 ἀσχημάτιστον,
1045 4132 1141 4185 καὶ
1186 4134 1365 4186 πάντα
1414 4134 1623 4205 ὅσαπερ
1676 4133 1741 4187 ἂν

153 4218 253 4270 ἐπὶ
278 4218 373 4271 τοῦ
418 4219 631 4290 Πατρὸς
659 4220 854 4285 εἴποις.
890 4222 1016 4285 Πῶς
1040 4218 1134 4277 οὖν
1164 4223 1265 4277 οὐκ
1288 4223 1511 4286 εὐσεϐὲς
1542 4224 1635 4276 τὸν
1666 4223 1740 4294 μὴ

156 4311 361 4381 ἔχοντα
391 4307 531 4377 εἶδος
564 4313 644 4385 τῷ
674 4311 815 4379 εἶδος
852 4316 927 4386 μὴ
970 4315 1146 4387 ἔχοντι
1179 4315 1551 4387 παραϐάλλειν
1580 4314 1688 4386 (65)
1724 4330 1737 4380 ;

152 4403 255 4455 καὶ
295 4404 390 4456 τὸν
423 4405 498 4477 μὴ
534 4404 729 4475 ἔχοντα
777 4406 1120 4489 πηλικότητα
1163 4406 1242 4478 τῷ
1283 4407 1356 4478 μὴ
1404 4406 1580 4477 ἔχοντι
1613 4405 1743 4459 ταύ-

1839 1933 2145 1978 monstrant
2180 1924 2555 1979 universorum
2604 1924 2772 1979 Deum
2804 1924 3103 1995 ingenitum
3132 1934 3295 1994 atque
3341 1924 3423 1978 in-

1838 2015 2279 2086 comparabilem,
2312 2032 2476 2071 unum
2506 2030 2649 2072 esse.
2704 2035 2711 2041 '

1910 2107 2032 2163 Bas.
2063 2107 2198 2162 Cum
2242 2109 2544 2177 improbum
2582 2108 2815 2179 aliquem
2863 2121 3167 2162 sermonem
3195 2106 3309 2161 vult
3334 2118 3418 2161 at-

1841 2201 2083 2271 tingere,
2140 2201 2398 2255 nonuulla
2457 2216 2577 2270 quae
2625 2204 2693 2257 ab
2759 2201 3010 2256 omnibus
3050 2200 3420 2254 conceduntur

1837 2295 2137 2363 praemittit,
2196 2304 2255 2349 ut
2305 2302 2626 2365 propterea,
2658 2294 2799 2364 quod
2856 2295 2922 2347 de
2970 2294 3037 2347 iis
3081 2291 3245 2363 234
3275 2303 3423 2347 recte

1838 2387 2024 2452 sentit,
2068 2387 2122 2440 in
2156 2386 2382 2456 reliquis
2422 2401 2638 2457 quoque
2667 2385 2767 2440 sibi
2801 2385 2959 2440 ﬁdem
3002 2395 3177 2455 paret.
3213 2382 3418 2454 Neque,

1840 2479 2033 2549 inquit,
2058 2479 2172 2535 ﬁeri
2200 2488 2469 2549 potest,ut
2489 2478 2544 2533 in
2573 2477 2666 2534 Dei
2689 2477 2987 2534 substantia
3016 2475 3243 2532 exsistat
3272 2477 3424 2545 quid-

1839 2584 2025 2637 quam,
2061 2584 2236 2636 neque
2272 2568 2467 2636 forma,
2497 2583 2671 2637 neque
2706 2567 2894 2633 moles,
2924 2582 3097 2637 neque
3127 2568 3420 2636 quantitas,

1839 2661 1982 2731 quod
2025 2660 2164 2715 Deus
2213 2675 2434 2729 prorsus
2497 2674 2694 2731 expers
2726 2668 2812 2714 est
2860 2659 3289 2729 compositionis.
3340 2658 3425 2711 Ad

1838 2750 1955 2804 haec
1985 2765 2155 2819 usque
2178 2753 2339 2804 verba
2367 2764 2551 2818 aequus
2576 2756 2693 2806 est:
2721 2751 2774 2805 in
2804 2750 2871 2805 iis
2894 2764 3021 2804 vero
3051 2763 3169 2820 qua:
3190 2762 3428 2817 sequun-

1842 2852 1947 2907 tur,
1977 2842 2044 2897 ad
2067 2857 2126 2898 se
2147 2843 2262 2912 ipse
2286 2843 2444 2897 redit.
2471 2842 2604 2896 Nam
2636 2841 3029 2912 hlaSphemiam
3067 2841 3211 2895 velut
3234 2854 3425 2895 neces-

1839 2933 1985 2988 sario
2010 2948 2077 2986 ex
2126 2934 2417 3002 prmmissis
2464 2940 2888 3001 consequentem
2931 2930 3196 3001 adjungit,
3237 2931 3422 2985 verbis

1839 3025 1947 3081 illis
1973 3042 1987 3078 :
2010 3024 2165 3090 Quod
2195 3024 2239 3080 si
2271 3025 2516 3095 cogitare
2547 3040 2721 3094 neque
2751 3027 2831 3078 fas
2864 3035 2966 3089 est,
2988 3038 3164 3093 neque
3183 3037 3421 3092 unquam

1841 3118 2024 3183 fuerit,
2054 3117 2249 3171 horum
2276 3126 2330 3171 et
2360 3116 2549 3170 talium
2568 3116 2861 3187 quidquam
2891 3132 3012 3170 cum
3060 3105 3150 3171 Dei
3175 3117 3429 3171 substan-

1842 3210 1916 3264 tia
1949 3209 2327 3279 complicatum
2360 3222 2502 3274 esse,
2540 3222 2789 3277 quaenam
2847 3208 3025 3261 adhuc
3080 3209 3219 3283 ratio
3257 3207 3419 3266 sinet,

1843 3313 1901 3355 ut
1927 3317 2047 3356 cum
2080 3301 2383 3357 substantia
2426 3300 2665 3369 ingenita
2712 3299 2949 3368 genitam
2992 3311 3371 3368 comparemus
3397 3297 3433 3350 τ’

1841 3396 2140 3463 Quamnam
2171 3394 2313 3450 inter
2362 3410 2421 3449 se
2473 3394 2847 3463 cognationem
2906 3392 3105 3446 habent
3149 3390 3272 3455 illa,
3306 3390 3429 3443 ﬁeri-

1842 3503 1947 3540 non
2003 3501 2187 3555 posse,
2240 3486 2287 3540 si
2326 3485 2464 3539 Deus
2503 3485 2895 3555 incompositus
2937 3493 3041 3551 est,
3075 3492 3134 3538 ut
3166 3481 3338 3537 Filius
3371 3484 3425 3538 ei

1841 3579 1915 3633 sit
1949 3577 2247 3632 consimilis
2276 3578 2300 3631 ?
2331 3576 2429 3632 Dic
2466 3577 2632 3641 enim,
2666 3591 2844 3631 nonne
2871 3585 2924 3631 tu
2961 3591 3178 3646 quoque
3220 3576 3425 3646 pariter

1841 3670 1992 3725 dices
2019 3669 2216 3723 Filium
2272 3683 2447 3737 neque
2490 3669 2743 3732 formam,
2779 3681 2955 3736 neque
3001 3666 3217 3730 molem,
3248 3679 3425 3733 neque

1842 3761 2201 3829 quantitatem
2238 3759 2290 3813 in
2324 3762 2502 3828 seipso
2532 3759 2752 3824 habere,
2781 3767 2942 3827 atque
2980 3771 3201 3826 prorsus
3222 3770 3425 3826 a_com-

1842 3852 2114 3919 positione
2140 3850 2369 3905 liberum
2401 3850 2566 3905 esse?
2590 3906 2595 3911 ,

1911 3940 2001 3994 25.
2037 3941 2147 4010 Ego
2172 3940 2446 4009 equidem,
2482 3938 2564 3992 vel
2592 3939 2635 3994 si
2680 3938 2973 4002 insanires,
3016 3952 3123 3993 non
3150 3944 3286 4007 puto
3322 3950 3429 3991 au:

1843 4048 2028 4089 surum
2059 4043 2110 4086 te
2141 4046 2261 4086 esse
2294 4030 2436 4085 aliud
2459 4030 2585 4100 quid
2616 4030 2795 4085 dicere
2825 4029 3016 4084 Filium
3047 4044 3207 4098 quam
3247 4030 3424 4084 incor-

1841 4141 2086 4197 poreum,
2118 4139 2277 4194 quam
2312 4124 2497 4179 formae
2533 4102 2807 4193 expertem
2837 4132 2892 4178 et
2925 4123 3127 4192 ﬁgurae,
3156 4131 3212 4176 et
3242 4122 3427 4177 omnia

1843 4234 1963 4290 quae
1992 4222 2057 4273 de
2101 4217 2263 4272 Patre
2303 4219 2482 4271 dicere
2528 4216 2722 4286 possis.
2765 4216 3053 4281 Quomodo
3080 4214 3246 4284 igitur
3274 4209 3497 4282 pium'

1844 4327 1948 4367 non
1976 4311 2158 4377 fuerit,
2178 4327 2298 4366 eum
2326 4310 2417 4381 qui
2444 4308 2673 4365 formam
2705 4324 2811 4363 non
2843 4308 3030 4372 habet,
3056 4306 3284 4362 formam
3315 4320 3435 4360 non.

1844 4403 2062 4458 habenti
2087 4400 2444 4471 comparare?
2475 4401 2626 4466 item,
2656 4413 2778 4454 eum
2815 4398 3278 4467 quiquantitatem
3316 4410 3438 4449 non.

152 4512 299 4566 την;
352 4497 447 4549 καὶ
492 4497 585 4550 τὸν
630 4488 923 4553 ἀσύνθετον
977 4499 1114 4564 ὅλως
1160 4497 1239 4569 τῷ
1298 4498 1626 4569 ἀσυνθέτῳ;
1683 4499 1740 4552 '0

1852 4493 2058 4563 habet,
2092 4494 2450 4563 quantitatem
2504 4507 2608 4547 non
2657 4491 2879 4547 habenti
2919 4490 3121 4555 ‘litem,
3160 4503 3283 4543 eum
3332 4488 3441 4556 qui.

231 4654 253 4686 ³
282 4652 442 4709 Joan.
485 4671 601 4721 xiv,
630 4656 723 4711 28.

152 4791 372 4860 legatur
395 4792 571 4846 οὐδέν.
590 4791 907 4847 Addidimus
935 4791 1101 4859 igitur
1122 4806 1188 4845 ex
1214 4792 1297 4845 his
1319 4792 1472 4845 libris
1495 4791 1739 4845 voculam

153 4862 232 4921 τί.
268 4862 457 4931 sicque
486 4863 826 4931 interpretati
851 4877 1041 4916 sumus
1067 4880 1079 4915 :
1105 4861 1291 4931 Atqui.
1319 4862 1514 4929 inquit,
1537 4877 1599 4913 ne
1624 4862 1741 4929 ﬁeri

152 4930 581 5003 quidem'potest,
607 4930 663 4986 ut
692 4932 977 5003 quidquam
999 4933 1055 4986 in
1086 4930 1498 4985 Deisubstantia
1522 4931 1741 4985 exsistat

156 5017 412 5068 tanquam
447 5002 639 5071 forma,
669 5002 776 5056 etc.
1168 5070 1171 5071 ν
1744 5026 1748 5030 ’

232 5071 349 5141 (55)
385 5070 587 5127 vocula
617 5072 671 5126 τι
707 5073 861 5126 deest
898 5071 950 5125 in
1007 5070 1210 5127 nostris
1252 5081 1458 5139 septem
1502 5085 1636 5126 mss.
1687 5079 1744 5126 et

156 5143 213 5196 in
269 5142 506 5213 editione
545 5142 674 5197 Ven.
709 5143 804 5197 sed
840 5141 1037 5213 legitur
1076 5142 1131 5196 in
1173 5141 1417 5197 editione
1466 5141 1644 5197 Paris.
1689 5150 1748 5196 et

155 5211 315 5282 apud,
338 5211 668 5267 Fabricium.

232 5281 348 5354 (56)
379 5282 484 5336 Pro
516 5284 631 5347 illo,
662 5286 728 5353 τῇ
755 5284 913 5354 οὐσία
934 5280 1029 5336 τοῦ
1053 5281 1212 5348 Θεοῦ,
1229 5280 1280 5337 in
1309 5295 1472 5351 opere
1492 5280 1745 5354 Eunomii

155 5352 484 5424 simpliciter
514 5352 715 5423 legitur
747 5352 920 5424 ταύτῃ
946 5372 961 5408 :
988 5354 1083 5408 sed
1123 5354 1197 5407 ita
1236 5362 1503 5424 mutatum
1535 5367 1564 5405 a
1591 5352 1746 5405 Basi-

157 5423 234 5475 lio
268 5432 418 5485 puto,
452 5433 511 5476 ut
537 5422 788 5479 Ennomii
820 5422 1089 5479 sententia
1118 5422 1289 5492 magis
1314 5431 1547 5490 pateret.

233 5492 348 5565 (57)
390 5492 505 5547 Vox
550 5493 753 5548 οὐσίανο
782 5495 966 5548 addita
1017 5504 1102 5565 est
1146 5495 1199 5546 in
1244 5492 1380 5563 Reg.
1433 5492 1593 5547 tertio
1622 5498 1745 5565 post

158 5554 350 5617 vocem
400 5566 689 5636 γεννητήν,
741 5565 787 5620 si
823 5580 944 5636 non,
977 5554 1163 5636 eadem
1210 5554 1402 5636 matfu,
1436 5572 1491 5615 at
1520 5554 1740 5636 antiqua

162 5643 386 5687 tamen:
414 5635 509 5690 sed
552 5632 676 5690 cum
721 5648 895 5704 neque
932 5633 988 5688 in
1020 5632 1274 5703 vulgatis,
1317 5647 1493 5699 neque
1530 5633 1581 5704 in
1620 5633 1741 5686 aliis

166 5718 298 5758 mss.
338 5705 662 5772 reperiatur,
693 5701 1024 5759 addendam
1084 5701 1202 5758 eam
1243 5718 1349 5758 non
1394 5701 1737 5762 censuimus;

164 5789 231 5828 eo
281 5771 471 5837 magis.
505 5777 648 5833 uuod
683 5775 845 5831 facile
878 5789 948 5830 ex
994 5773 1258 5830 orationis
1307 5774 1449 5829 serie
1500 5771 1742 5839 suppleri

1851 4783 2044 4857 possit.
2081 4781 2288 4857 Statim‘
2304 4782 2395 4857 ubi
2435 4782 2636 4857 legitur
2669 4782 2721 4857 in
2755 4779 2969 4857 excusis
2998 4776 3443 4857 καταλιπούσηςμ

1850 4850 2117 4921 scriptum
2156 4855 2211 4908 in
2257 4852 2467 4909 duobus
2494 4850 2798 4907 codicibus
2860 4850 3127 4902 invenitur
3174 4850 3430 4901 καταλει-

1848 4942 2077 4978 πουσης.

1921 4941 2203 5065 ῗὲῖῧςίῦάίιί
2248 5002 2307 5065 et
2331 4992 2702 5065 illeg.iter_tius
2747 4988 2938 5052 Οὐδεὶς
2981 4987 3092 5059 γὰρ
3133 4986 3324 5051 οὕτως.
3361 4987 3429 5040 At

1849 5062 2040 5134 reliqui
2080 5080 2209 5118 mss.
2245 5064 2434 5127 Οὐδεὶς
2460 5063 2515 5116 δὲ
2543 5062 2737 5134 οὕτως.

1922 5125 2033 5206 (59)
2066 5134 2290 5206 Editi‘et
2340 5125 2472 5206 mss.
2519 5133 2674 5206 multi
2722 5127 3153 5203 προσλαμϐάνει.
3191 5128 3255 5180 At
3293 5125 3426 5197 Reg.

1849 5202 2527 5277 ςυέιῖιίιε-προλοεμδάνειν,
2547 5202 2786 5277 rectius:
2857 5270 2896 5277 _-
3202 5276 3205 5277 ,
3249 5265 3260 5277 .

1922 5274 2038 5347 (60)
2070 5270 2248 5347 Editio
2276 5270 2453 5328 Paris.
2478 5272 2619 5326 οὐδέ.
2649 5273 2827 5327 Editio
2857 5270 2990 5326 Ven.
3014 5278 3070 5324 et
3092 5270 3262 5321 nostri
3296 5281 3426 5319 mss.

1847 5344 2038 5401 omnes
2067 5344 2240 5397 οὐδέν.

1846 5486 1906 5539 λό
1920 5415 2031 5487 (61)
2062 5415 2199 5485 Reg.
2235 5422 2462 5483 quartus
2482 5414 2548 5483 τῇ
2580 5411 2759 5489 οὐσίᾳ,
2795 5413 2944 5474 ποῖος
2978 5407 3058 5461 ἔτι
3083 5406 3447 5478 συγχωρήσειε

1909 5504 2022 5539 γος.

1945 5504 2022 5543 ος.

1909 5504 2034 5627 (ἓξ.)
2066 5555 2159 5611 Sic
2186 5553 2339 5610 Colb.
2370 5561 2424 5627 et
2453 5552 2557 5607 duo
2590 5551 2763 5622 Regii.
2795 5550 2951 5615 Illud,
2986 5549 3125 5619 μήτε
3161 5546 3347 5615 ὄγκον,
3375 5545 3440 5598 in.

1849 5624 2085 5694 vulgatis
2113 5624 2547 5694 desiderabatur

1920 5687 2031 5768 (65)
2052 5697 2205 5768 ,Ειίὶιί
2235 5694 2425 5766 ἔχοντα
2452 5688 2589 5768 εἶδος
2623 5692 2697 5763 μὴ
2739 5690 2912 5768 ἔχοντι
2945 5688 3336 5762 παραϐάλλειν.
3361 5687 3443 5740 At.

1848 5762 1979 5827 mss.
2009 5762 2474 5839 plerique'omnes
2511 5762 2696 5835 ita,ut
2728 5762 3017 5819 edidimus.

3580 5347 3609 5356 Α
