3836 6222
435 298 543 356 565

1755 312 1815 370 S.
1860 313 2107 370 BASILH
2151 316 2367 373 MAGNI

3602 316 3705 373 εει

431 417 655 473 omnino
710 417 1100 490 incompositus
1150 432 1254 489 est,
1297 424 1658 494 incomposito
1692 427 1715 480 ἲ
1756 426 1856 481 Hic
1897 444 2011 483 vert

2134 431 2184 483 δὲ
2221 432 2283 485 τὸ
2323 434 2507 503 ὅμοιον
2536 436 2594 487 ὲν
2619 438 2697 506 τῷ
2732 437 2863 489 εῖδει
2887 435 3124 500 τίθεται,
3160 436 3256 486 καὶ
3284 434 3345 487 τὸ
3378 436 3496 487 ἰεσον
3537 436 3599 487 ὲν
3628 438 3708 506 τῷ

431 509 486 564 in
516 508 686 564 forma
726 513 915 566 statuit
952 513 1384 580 similitudinem,
1426 525 1482 571 et
1529 516 1582 570 in
1622 519 1761 573 mole
1809 520 2022 588 aequali-

433 611 598 655 tatem
635 617 650 653 :
682 603 1039 670 quantitatem
1075 614 1253 661 autem
1284 607 1416 676 quid
1447 617 1646 677 praeter
1672 610 1868 665 molem
1901 626 2021 667 esse

430 702 604 763 pntet,
642 694 755 763 ipse
785 710 916 750 sane
947 699 1129 766 aptius
1156 701 1495 767 exposuerit.

502 782 635 837 Eun.
672 783 915 851 Idcirco,
950 786 1145 856 inquit,
1199 802 1299 842 nec
1342 787 1600 856 aequalis,
1645 803 1744 844 nec
1799 790 2015 859 similis,

430 876 687 943 quoniam
723 885 778 931 et
805 878 1109 946 quantitate
1141 888 1290 933 caret
1326 889 1380 933 et
1406 880 1601 933 forma.

500 966 628 1023 Bas.
669 968 781 1040 Ego
804 982 934 1024 vero
989 971 1042 1025 in
1098 974 1200 1026 hoc
1239 972 1357 1040 ipso
1403 987 1547 1042 pono
1584 971 2015 1029 similitudinem.

428 1056 895 1125 Quemadmodum
932 1062 1075 1115 enim
1108 1062 1269 1117 Pater
1307 1063 1443 1118 liber
1471 1074 1555 1119 est
1581 1071 1649 1119 ab
1685 1067 1831 1120 omni
1868 1081 2019 1121 com-

427 1151 722 1220 positione,
776 1153 847 1206 ita
901 1162 958 1207 et
988 1153 1159 1208 Filius
1201 1155 1430 1225 simplex
1466 1156 1688 1212 omnino
1731 1167 1814 1211 est
1853 1168 2017 1227 atque

431 1244 845 1311 incompositus.
869 1243 1007 1310 Quin
1044 1245 1207 1300 etiam
1246 1247 1653 1303 similitudinem
1692 1264 1796 1303 non
1819 1264 2018 1305 secun-

429 1335 555 1389 dum
584 1335 769 1390 formae
806 1337 1164 1404 identitatem,
1197 1340 1292 1395 sed
1333 1343 1629 1396 secundum
1667 1342 1841 1412 ipsam
1889 1345 2017 1397 sub—

430 1428 691 1480 stantiam
716 1429 947 1500 perspici
982 1428 1236 1485 arbitror.
1255 1430 1465 1498 Quibus
1498 1436 1641 1489 enim
1673 1434 1846 1489 forma
1883 1434 2017 1506 ligu-

428 1533 600 1589 raqne
630 1520 1004 1587 circumjacet.
1035 1523 1102 1577 iis
1130 1525 1428 1579 secundum
1459 1524 1646 1582 forma:
1679 1527 2014 1595 identitatem

428 1611 574 1666 inest
607 1614 902 1668 similitudo
931 1633 944 1669 :
986 1631 1106 1685 quae
1141 1630 1270 1672 vero
1302 1627 1496 1674 natura
1525 1634 1626 1674 nec
1666 1620 1893 1674 formam
1918 1636 2017 1674 nec

430 1704 661 1773 figuram
684 1706 940 1771 admittit,
969 1708 1234 1778 reliquum
1267 1720 1351 1764 est
1379 1720 1437 1765 ut
1481 1711 1534 1765 in
1572 1712 1689 1783 ipsa
1712 1711 2015 1766 substantia

2124 524 2272 596 ὄγκῳ
2295 542 2307 554 ·
2361 527 2459 597 τὴν
2505 527 2562 581 δὲ
2617 529 2953 598 πηλικότητα
3006 527 3141 599 (64),
3190 527 3219 579 ὅ
3272 543 3322 578 τι
3379 526 3479 578 καὶ
3533 526 3709 578 οἴεται

2124 616 2278 687 παρά
2310 617 2401 671 τὸν
2433 618 2597 698 ὄγκον
2628 615 2787 683 εἶναι,
2827 618 2989 683 αὐτὸς
3033 618 3099 673 ἂν
3134 617 3461 686 οἰκειότερον
3500 617 3705 687 ἐξηγή-

2123 724 2292 761 σαιτο.

2192 801 2353 855 ΕΥΝ.
2401 802 2500 855 Διά
2545 803 2705 857 τοῦτο
2748 803 2873 857 οὔτε
2914 805 3049 867 ἴσος,
3106 802 3291 873 φησιν,
3325 798 3452 852 οὔτε
3491 800 3704 869 ὅμοιος,

2119 892 2306 964 ἐπειδὴ
2335 894 2430 946 καὶ
2458 893 2657 957 ἀποσός
2688 896 2803 946 ἐστι
2826 896 2920 946 καὶ
2940 892 3198 955 ἀνείδεος.

2188 984 2336 1038 ΒΑΣ.
2376 984 2517 1053 Ἐγὼ
2541 985 2598 1038 δὲ
2630 987 2751 1039 κατ’
2781 986 2913 1039 αὐτὸ
2940 985 3098 1039 τοῦτο
3122 986 3218 1055 τὴν
3236 988 3542 1057 ὁμοιότητα
3574 981 3712 1035 τίθε-

2123 1092 2240 1145 μαι.
2291 1078 2507 1149 Ἐπειδὴ
2550 1077 2736 1150 ὥσπερ
2767 1080 2795 1130 ὁ
2820 1078 3010 1147 Πατὴρ
3041 1077 3312 1148 συνθήκης
3341 1076 3465 1129 ἐστὶ
3524 1073 3709 1139 πάσης

2118 1166 2421 1239 ἐλεύθερος,
2478 1168 2620 1221 οὕτω
2666 1168 2760 1222 καὶ
2788 1170 2817 1221 ὁ
2855 1167 2982 1229 Υἱὸς
3012 1167 3215 1231 ἁπλοῦς
3260 1166 3578 1228 παντελῶς,
3616 1168 3710 1216 καὶ

2117 1258 2434 1326 ἀσύνθετος,
2470 1261 2567 1313 καὶ
2612 1259 2674 1314 τὸ
2718 1261 2924 1328 ὅμοιον,
2960 1261 3035 1331 μὴ
3087 1260 3227 1314 κατὰ
3253 1259 3350 1331 τὴν
3390 1258 3488 1312 τοῦ
3533 1257 3713 1318 εἴδους

2116 1351 2423 1421 ταύτότητα
2464 1351 2813 1424 θεωρεῖσθαι,
2842 1354 2978 1407 ἀλλά
3004 1355 3122 1407 κατ’
3158 1352 3322 1423 αὐτὴν
3348 1352 3452 1423 τὴν
3485 1350 3709 1404 οὐσίαν.

2118 1442 2304 1507 ὐσοις
2351 1444 2450 1514 μὲν
2495 1445 2606 1517 γὰρ
2640 1445 2823 1517 μορφὴ
2869 1446 2962 1498 καὶ
2994 1445 3178 1515 σχῆμα
3217 1445 3554 1515 περίκειται,
3592 1439 3715 1494 τού·

2115 1552 2249 1599 τοις,
2284 1537 2427 1589 κατὰ
2459 1537 2559 1607 τὴν
2596 1538 2902 1607 ταύτότητα
2934 1535 3028 1589 τοῦ
3077 1535 3283 1599 εἴδους,
3326 1537 3360 1605 ἡ
3401 1535 3712 1604 ὁμοιότης’

2117 1627 2215 1697 τὴν
2240 1626 2297 1679 δὲ
2346 1628 2582 1681 ἀνείδεον
2611 1629 2707 1682 καὶ
2743 1627 3152 1699 ἀσχημάτιστον
3184 1627 3343 1695 φύσιν
3370 1628 3432 1678 ὲν
3464 1627 3614 1695 αὐτῇ
3640 1626 3711 1693 τῇ

2116 1718 2275 1788 οὐσίᾳ
2302 1717 2551 1771 λείπεται
2578 1718 2725 1788 ἔχειν
2746 1719 2844 1789 τὴν
2877 1717 3172 1788 ὁμοιότητα
3200 1733 3211 1745 ·
3252 1715 3346 1768 καὶ
3381 1715 3442 1767 τὸ
3472 1715 3594 1767 ἴσον
3628 1714 3712 1783 μὴ

429 1792 630 1850 haheat
666 1797 1099 1867 similitudinem,
1132 1802 1496 1871 aequalitatem
1521 1819 1653 1859 vero
1678 1820 1785 1859 non
1811 1804 1863 1858 in
1890 1818 2011 1858 mo-

2134 1826 2174 1862 ιν
2205 1812 2269 1879 τῇ
2302 1808 2409 1862 τῶν
2437 1809 2616 1878 ὄγκων
2640 1809 3076 1880 παραμετρήσει,
3104 1806 3215 1860 ἀλλ’
3239 1809 3297 1859 ὲν
3318 1809 3384 1877 τῇ
3404 1803 3710 1873 ταύτότητι

429 1884 497 1941 lis
527 1887 883 1957 dimensione,
913 1891 1006 1945 sed
1038 1892 1090 1945 in
1119 1895 1361 1962 potentia
1390 1894 1679 1952 identitate
1715 1896 2011 1966 possideat.

427 1973 701 2042 Christus,
731 1978 926 2049 inquit,
949 1981 1041 2035 Dei
1068 1984 1328 2052 potentia,
1350 1995 1406 2039 et
1432 1984 1525 2039 Dei
1547 1985 1809 2053 sapientia
1826 1988 1867 2049 ⁵,
1904 1992 2014 2039 tota

428 2069 682 2125 videlicet
712 2081 940 2141 paterna
971 2083 1239 2142 potestate
1284 2076 1338 2130 in
1375 2077 1491 2146 ipso
1532 2076 1825 2131 residente.
1864 2074 2016 2130 Unde

428 2177 768 2234 quaacunque
791 2166 937 2222 videt
963 2166 1182 2224 Patrem
1213 2168 1525 2235 facientem,
1548 2183 1611 2223 ea
1644 2178 1697 2223 et
1736 2166 1904 2222 Filius
1939 2167 2016 2223 si-

426 2253 625 2309 utiliter
651 2254 834 2311 facit”.

502 2346 635 2401 Eun.
673 2348 778 2403 Sed
808 2349 1127 2413 similitudo,
1162 2349 1357 2419 inquit,
1389 2365 1508 2420 quae
1551 2350 1849 2405 secundum
1885 2351 2015 2406 sub-

428 2441 682 2496 stantiam
720 2449 824 2506 est,
862 2450 957 2495 aut
986 2443 1345 2512 comparatio,
1382 2452 1474 2496 aut
1499 2443 1884 2507 communitas,
1917 2456 2010 2497 ne-

428 2548 534 2603 que
560 2533 963 2603 praestantiam,
1008 2548 1183 2603 neque
1233 2534 1595 2589 dill'erentiam
1630 2534 1794 2588 ullam
1846 2534 2013 2589 relin-

427 2641 623 2696 quens,
654 2625 1018 2695 mqualitatem
1044 2635 1229 2696 aperte
1257 2625 1440 2680 eﬂicit.

503 2718 627 2772 Bas.
652 2717 935 2784 Quomodo
986 2717 1146 2786 igitur
1196 2716 1558 2773 diﬂ‘erentiam
1610 2716 1810 2773 nullam
1848 2717 2014 2773 relin-

429 2808 565 2875 qnit,
594 2822 658 2859 ne
684 2821 804 2860 eam
836 2807 1077 2875 quidem,
1104 2821 1224 2874 qua:
1265 2806 1447 2862 causis
1472 2807 1616 2863 inest
1645 2822 1769 2864 cum
1801 2808 1868 2864 iis
1894 2823 2015 2880 qua:

429 2915 497 2954 ex
532 2897 661 2965 ipsis
697 2904 824 2951 sunt
853 2898 877 2951 ?
905 2895 1196 2967 Subjungit
1238 2907 1422 2968 postea
1450 2916 1463 2953 :

495 2989 632 3045 Eua.
662 2986 794 3055 Quis
824 2996 1004 3045 autem
1035 2990 1110 3044 ita
1144 2990 1373 3046 stolidus
1409 3001 1516 3054 est,
1548 2989 1631 3046 vel
1660 2992 1728 3047 ad
1764 2991 2013 3061 impieta-

428 3097 536 3140 tem
569 3086 641 3140 ita
672 3086 869 3151 audax,
895 3093 954 3139 ut
981 3088 1244 3155 aequalem
1276 3086 1424 3141 Patri
1460 3085 1656 3142 Filium
1685 3086 1873 3143 dicat?

498 3179 621 3233 Bas.
658 3178 740 3232 Ad
787 3177 903 3232 haec
951 3176 1199 3233 dicamus
1240 3179 1290 3233 ei
1337 3178 1426 3232 illa
1470 3178 1792 3249 prophetat:
1822 3176 2010 3232 Facies

426 3269 716 3323 meretricis
779 3268 925 3338 facta
967 3279 1042 3323 est
1096 3270 1227 3336 tibi;
1267 3270 1494 3324 amisisti
1540 3270 1794 3339 pudorem
1849 3268 2011 3341 235

428 3378 552 3430 erga
582 3376 759 3416 omnes
800 3364 841 3417 ⁸.
878 3361 1092 3417 Etenim
1119 3370 1178 3415 ut
1214 3362 1317 3416 illae
1355 3364 1467 3417 suis
1520 3364 1756 3432 ipsarum
1800 3364 2013 3432 probris

428 3464 579 3507 caste
601 3453 843 3509 viventes
868 3462 1182 3524 aspergunt,
1205 3454 1277 3508 ita
1308 3455 1393 3509 hic
1414 3470 1632 3526 quoque
1658 3471 1751 3511 eos
1778 3455 1872 3525 qui
1900 3470 2013 3509 ma-

426 3543 675 3612 iestatem
720 3546 997 3618 Unigeniti
1046 3548 1398 3619 magniﬁcare
1427 3551 1668 3620 cupiunt,
1706 3549 1931 3605 stolidos
1959 3556 2014 3604 et

429 3643 495 3693 ad
524 3641 852 3709 impietatem
886 3645 1118 3698 audaces
1146 3652 1323 3706 vocat,
1361 3643 1552 3699 iisdem
1595 3643 1856 3707 offensus,
1889 3645 2012 3712 qni-

432 3736 529 3786 hus
563 3741 617 3786 et
644 3729 812 3787 Judaei
841 3734 1324 3800 exacerbabantur,
1351 3736 1590 3790 dicentes
1618 3746 1744 3792 tunc
1774 3734 2015 3806 εΑῗᾳιια-

430 3824 529 3879 lem
559 3826 788 3895 seipsum
815 3825 944 3895 facit
982 3826 1086 3881 Deo
1114 3826 1157 3881 '.

502 4000 595 4055 24.
629 3998 694 4054 Ει
731 4009 880 4056 certe
911 3999 1134 4073 (nemini
1167 4002 1415 4057 videatur
1458 4004 1651 4057 mirum
1687 4003 1829 4074 quod
1868 4003 2013 4072 dico)

431 4089 506 4145 illi
538 4090 935 4158 quodammodo
981 4094 1428 4162 consequentiam
1481 4108 1661 4147 rerum
1693 4095 1863 4163 magis
1893 4108 2017 4162 per-

431 4182 644 4251 spicere
677 4181 1020 4237 videbantur.
1048 4182 1182 4238 Nam
1216 4199 1359 4255 aegre
1385 4184 1630 4240 ferebant
1668 4187 1813 4255 quod
1845 4186 2013 4240 Deum

431 4275 648 4329 Patrem
679 4291 834 4330 suum
864 4275 1231 4345 appellaret“:
1268 4280 1408 4332 hanc
1444 4278 1568 4333 inde
1598 4293 1627 4332 a
1669 4279 1861 4337 seiosis
1892 4294 2017 4335 con-

431 4368 766 4423 secntionem
827 4368 1165 4440 colligentes,
1219 4369 1365 4439 quod
1429 4370 1531 4426 hoc
1592 4379 1750 4440 pacto
1815 4370 2016 4427 faceret

431 4461 693 4529 mqualem
726 4475 785 4515 se
810 4461 958 4529 Deo;
990 4462 1145 4528 quasi
1178 4463 1486 4517 necessario
1512 4471 1788 4532 sequatur,
1832 4465 1875 4519 si
1906 4462 2011 4518 Pa-

434 4563 570 4607 trem
619 4553 816 4608 habeat
860 4554 1055 4619 l)eum,
1090 4553 1201 4609 Deo
1234 4555 1494 4610 manalem
1529 4569 1669 4611 esse.
1713 4554 2010 4612 Eunomius

432 4654 634 4704 autem,
673 4642 827 4711 prius
876 4643 1004 4698 illud
1053 4644 1378 4708 concedens,
1425 4646 1692 4713 posterius
1728 4655 1908 4715 negat,
1944 4662 2008 4702 ac

434 4736 643 4791 Domini
670 4750 856 4791 vocem
883 4734 1067 4802 objicit
1087 4737 1265 4805 nobis,
1290 4738 1519 4792 dicentis
1555 4756 1567 4791 :
1603 4735 1787 4802 Pater,
1811 4740 1900 4805 qui
1929 4756 2010 4795 me

2116 1902 2219 1972 τῆς
2276 1902 2580 1972 δυνάμεως.
2617 1901 2873 1972 Χριστὸς,
2922 1901 3079 1971 φησι,
3128 1898 3263 1952 Θεοῦ
3296 1898 3554 1968 δύναμις,
3605 1896 3709 1948 καὶ

2116 1994 2251 2049 Θεοῦ
2285 1996 2446 2064 σοφία
2468 2012 2481 2025 ·
2511 1995 2639 2064 ὅλης
2665 1994 2763 2064 τῆς
2794 1994 3064 2064 πατρικῆς
3099 1993 3384 2063 δυνάμεως
3412 1993 3706 2044 ἐναποκει-

2120 2085 2289 2157 μένης
2335 2084 2487 2155 αὑτῷ
2530 2084 2792 2155 δηλονότι.
2822 2084 2983 2137 Ὅθεν
3018 2085 3226 2155 ὅσαπερ
3272 2083 3340 2136 ἂν
3396 2082 3576 2153 βλέπῃ
3604 2080 3701 2133 τὸν

2117 2176 2337 2248 Πατέρα
2361 2175 2642 2241 ποιοῦντα,
2659 2175 2833 2229 ταῦτα
2864 2176 2957 2229 καὶ
2984 2177 3013 2228 ὁ
3037 2175 3166 2239 Υἱὸς
3185 2175 3388 2245 ὁμοίως
3423 2174 3592 2225 ποιεῖ.

2184 2352 2346 2406 ΕΥΝ.
2393 2351 2530 2404 Ἀλλ’
2563 2353 2596 2421 ἡ
2650 2353 2771 2405 κατ’
2808 2351 3015 2413 οὐσίαν,
3071 2350 3257 2422 φησιν,
3315 2347 3605 2420 ὁμοιότης,
3668 2346 3705 2416 ἦ

2116 2445 2423 2517 σύγκρισις,
2457 2445 2489 2516 ἢ
2517 2445 2795 2507 κοινωνία,
2830 2443 3098 2515 μηδεμίαν
3136 2443 3411 2514 ὑπεροχὴν
3440 2441 3475 2512 ἦ
3514 2441 3711 2509 διαφο-

2117 2536 2216 2607 ρὰν
2233 2536 2653 2599 καταλείπουσα,
2686 2536 2906 2606 ἰσότητα
2940 2534 3126 2603 σαφῶς
3152 2532 3532 2604 ἀπεργάζεται
3564 2532 3706 2602 (65).

2183 2715 2333 2767 ΒΑΣ.
2377 2713 2501 2778 Πῶς
2526 2707 2619 2767 οὖν
2641 2710 2898 2784 οὐδεμίαν
2918 2710 3180 2782 διαφορὰν
3204 2708 3551 2773 καταλείπει,
3582 2707 3711 2762 οὐδὲ

2111 2806 2212 2877 τὴν
2263 2808 2377 2870 τοῖς
2404 2804 2600 2869 αἰτίοις
2642 2805 2779 2876 πρὸς
2827 2805 2895 2858 τά
2925 2803 2986 2869 ἐξ
3015 2804 3193 2857 αὐτῶν
3235 2803 3707 2875 ὲνυπάρχουσανς

2114 2894 2251 2952 Εἶτα
2284 2899 2482 2966 ὲπάγει
2503 2915 2516 2928 ο

2184 2991 2346 3045 ΕΥΝ.
2372 2992 2469 3054 Τίς
2495 2990 2552 3043 δὲ
2579 2990 2753 3053 οὕτως
2784 2989 3032 3059 ἀνόητος,
3064 2989 3096 3058 ἢ
3128 2986 3264 3059 πρὸς
3289 2986 3551 3041 ἀσέϐειαν
3586 2985 3711 3038 τολ-

2118 3083 2314 3157 μηρὸς,
2336 3083 2477 3137 ὥστε
2512 3082 2626 3137 ἴσον
2654 3085 2831 3137 εἰπεῖν
2851 3082 2945 3137 τὸν
2969 3081 3096 3134 Υἱδν
3122 3081 3201 3153 τῷ
3221 3081 3399 3151 Πατρί
3421 3097 3435 3147 ;

2185 3176 2332 3228 ΒΑΣ.
2365 3176 2622 3245 Εῖπωμεν
2651 3174 2800 3245 αὑτῷ
2827 3174 2895 3227 τὰ
2922 3171 3017 3226 τοῦ
3034 3176 3313 3245 προφήτου
3345 3172 3484 3243 πρὸς
3499 3170 3700 3224 ταῦτα’

2114 3268 2218 3331 ὅτι,
2248 3269 2427 3335 Ὄψις
2447 3268 2678 3336 πόρνης
2704 3264 2942 3335 ἐγένετό
2969 3278 3090 3317 σοι·
3113 3263 3704 3332 ἀπηναισχύντησας

2113 3360 2262 3427 πρὸς
2293 3359 2542 3425 πάντας.
2575 3358 2686 3411 Καὶ
2728 3358 2838 3429 γὰρ
2890 3361 3095 3413 ἐκεῖναι
3139 3358 3209 3411 τὰ
3251 3355 3464 3409 ἑαυτῶν
3519 3354 3703 3421 ὀνείδη

2112 3452 2225 3511 τοῖς
2257 3447 2470 3519 σεμνῶς
2501 3447 2793 3518 βεϐιωκόσι
2816 3448 3257 3520 προστρίϐονται·
3286 3447 3381 3499 καὶ
3402 3441 3561 3507 οὗτος
3574 3446 3703 3505 τοὺς

2112 3541 2211 3610 τὴν
2240 3538 2398 3604 δόξαν
2424 3539 2517 3593 τοῦ
2547 3540 2887 3608 Μονογενοῦς
2936 3537 3260 3610 μεγαλύνειν
3295 3536 3701 3607 ἐπιθυμοῦντας

2112 3634 2376 3704 ἀνοήτους
2421 3631 2690 3685 ἀποκαλεῖ
2731 3633 2826 3685 καὶ
2871 3633 3010 3702 πρὸς
3053 3630 3312 3685 ἀσέϐειαν
3354 3630 3699 3700 τολμηροὺς,

2112 3723 2206 3776 ἐπὶ
2225 3726 2337 3787 τοῖς
2362 3724 2545 3786 αὐτοῖς
2571 3721 2935 3793 χαλεπαίνων,
2962 3718 3142 3792 ὲφόἷς
3169 3721 3266 3775 καλ⁸
3292 3723 3539 3775 Ἰουδαῖοι
3555 3737 3702 3794 παρ-

2110 3817 2377 3883 ωξύνοντο
2430 3814 2737 3887 τηνικαῦτα
2793 3815 3047 3883 λέγοντες
3111 3815 3217 3878 δτι,
3256 3816 3435 3867 Ἴσον
3478 3813 3705 3867 ἑαυτὸν

2113 3907 2274 3963 ποιεῖ
2290 3906 2370 3974 τῷ
2404 3907 2543 3973 Θεῷ.

2183 4000 2275 4055 24.
2306 3997 2498 4052 Καίτοι
2524 4015 2587 4067 γε
2623 3999 2739 4069 (καλ¹
2771 3997 2961 4070 μηδενὶ
2990 3996 3291 4069 παράδοξον
3317 3996 3379 4050 τὺ
3406 3996 3700 4066 λεγόμενον

2111 4092 2259 4164 δόξῃ)
2287 4090 2489 4160 μᾶλλόν
2530 4109 2645 4154 πως
2677 4091 2895 4143 ἐδόκουν
2924 4091 3123 4143 ἐκεῖνοι
3149 4090 3211 4143 τὸ
3241 4089 3533 4143 ἀκόλουθον
3581 4091 3703 4142 ἐπι-

2114 4188 2357 4241 ϐλέπειν.
2393 4188 2767 4256 Ἠγανάκτουν
2814 4186 2944 4255 γὰρ,
2967 4186 3049 4238 ὅτι
3071 4186 3293 4256 Πατέρα
3318 4185 3515 4239 ἑαυτοῦ
3546 4185 3699 4253 ἔλεγε

2113 4283 2205 4335 τὸν
2234 4282 2366 4334 Θεόν
2393 4297 2406 4309 ·
2438 4280 2497 4333 τὸ
2535 4279 2734 4349 ἐφεξῆς
2765 4279 2857 4347 ἀφ’
2893 4276 3105 4331 ἑαυτῶν
3129 4277 3595 4348 συλλογιζόμενοι,
3620 4278 3702 4330 ὅτι

2113 4374 2204 4428 διὰ
2266 4372 2460 4426 τούτου
2517 4371 2631 4424 ἴσον
2690 4371 2883 4423 ἑαυτὸν
2935 4373 3080 4423 ποιεῖ
3136 4369 3247 4439 (66)
3309 4370 3390 4440 τῷ
3440 4369 3595 4440 Θεῷ-
3626 4370 3701 4432 ὡς

2115 4465 2431 4535 ἀναγκαίως
2466 4463 2736 4536 ἑπομένου
2768 4460 2847 4530 τῷ
2876 4461 3095 4532 Πατέρα
3141 4461 3287 4532 ἔχειν
3316 4461 3409 4514 τὸν
3438 4461 3573 4515 Θεὸν
3609 4459 3696 4513 τοῦ

2117 4558 2229 4612 ἴσον
2257 4556 2367 4630 (67)
2396 4558 2661 4627 ὑπάρχειν
2696 4554 2863 4625 αὐτῷ.
2883 4554 2941 4607 '0
2964 4555 3044 4617 δὲ,
3074 4554 3135 4606 τὸ
3158 4553 3379 4624 πρῶτον
3402 4552 3696 4624 συγχωρῶν

2114 4648 2299 4719 δῆθεν,
2335 4648 2474 4719 πρὸς
2506 4647 2567 4699 τὸ
2596 4646 2850 4717 δεύτερον
2892 4645 3167 4708 ἀνανεύει,
3200 4645 3299 4698 καὶ
3328 4647 3431 4716 τὴν
3462 4645 3561 4698 τοῦ
3594 4646 3700 4698 Κυ-

2116 4742 2232 4813 ρίου
2260 4742 2444 4810 φωνὴν
2472 4741 2606 4809 ἡμῖν
2641 4736 3006 4810 προϐάλλεται
3054 4737 3302 4802 εἰπόντος
3323 4753 3341 4771 ο
3386 4739 3445 4791 ’0
3480 4736 3697 4806 Πατὴρ.

507 4868 567 4923 ‘l
590 4869 719 4926 Cor.
753 4887 794 4936 t,
828 4870 921 4925 24.
998 4872 1020 4903 ⁸
1049 4870 1209 4927 Joan.
1237 4887 1290 4936 v,
1326 4870 1415 4927 19.
1492 4871 1513 4903 ⁸
1548 4869 1750 4926 Jerem.
1783 4887 1866 4937 Ill,
1891 4872 1946 4927 5.

2139 4889 2228 4929 an.
2262 4889 2324 4940 v,
2358 4874 2446 4929 18.
2522 4872 2545 4905 ⁸
2577 4872 2707 4927 ibid.

503 5096 614 5163 (6M
645 5095 967 5150 Eunomium
1003 5096 1144 5149 ridet
1175 5093 1430 5156 Basilius.
1458 5096 1611 5165 quasi
1665 5096 1809 5150 dicat
1836 5114 1848 5149 :
1879 5094 2007 5149 Phi-

436 5167 785 5235 losophorum
843 5166 1327 5233 prmstantissimus
1376 5165 1675 5219 Ettnoniius
1721 5166 2013 5235 distinguit

436 5238 632 5290 tnnlem
689 5252 718 5288 a
765 5235 1091 5303 quantitate.
1142 5235 1299 5288 Dicat
1348 5245 1529 5290 autem
1573 5236 1734 5291 velim
1782 5235 1912 5306 quid
1942 5235 2013 5289 sit

435 5306 765 5359 discriminis
791 5306 933 5359 inter
961 5314 1267 5373 utramque.

509 5374 876 5447 (65)_Codjces
911 5372 1459 5447 aliquotﬁpydtgerat.
1477 5372 1691 5447 ibidem
1716 5389 1849 5430 mss.
1881 5382 2012 5442 tres,

438 5443 561 5507 Πῶς
593 5441 705 5498 οὖν.
739 5444 853 5500 Vox
887 5441 1078 5498 ultima
1112 5441 1263 5500 deest
1291 5448 1343 5498 in
1380 5445 1619 5499 excusis.
1655 5446 1731 5500 Ex
1765 5446 1849 5499 his
1878 5441 2013 5499 con;

438 5524 546 5583 stat
591 5515 807 5583 aliquod
859 5513 1182 5570 diﬂerentite
1217 5531 1387 5583 genus
1434 5516 1487 5568 in
1532 5513 1694 5570 Patre
1734 5525 1789 5568 et
1819 5515 2014 5571 Filioa

439 5581 660 5655 Basilio,
685 5581 837 5638 more
856 5596 920 5655 et
945 5586 1192 5654 exemplo
1220 5581 1442 5638 Patrum
1477 5583 1815 5649 Graecorum,
1856 5586 2015 5655 plane

441 5653 695 5719 agnosci;
742 5654 899 5720 quale
929 5664 1013 5710 est
1038 5653 1328 5717 videlicet,
1361 5656 1504 5723 quod
1554 5657 1826 5709 invenitur
1858 5653 2014 5709 inter

448 5733 664 5774 Causam
691 5731 746 5777 et
777 5724 830 5778 id
878 5724 1019 5791 quod
1046 5724 1113 5779 ab
1152 5740 1213 5781 ea
1245 5734 1347 5792 est,
1383 5734 1471 5781 aut
1516 5726 1676 5795 quale
1722 5736 1827 5793 est,
1870 5726 2010 5796 quod

2111 5097 2382 5165 reperitur
2419 5097 2564 5153 inter
2602 5097 2936 5167 principium
2981 5107 3035 5152 et
3065 5097 3118 5152 id
3148 5097 3294 5167 quod
3339 5097 3410 5151 ab
3440 5114 3510 5154 eo
3545 5100 3704 5167 origi-

2114 5184 2236 5221 nem
2266 5168 2445 5222 trahit.
2478 5168 2584 5221 Sed
2608 5166 2741 5222 illnd
2766 5166 3082 5222 dill'erentia‘.
3108 5166 3279 5236 genus
3312 5179 3526 5223 natura:
3558 5172 3708 5224 iden-

2115 5239 2325 5291 titatem
2360 5239 2413 5291 in
2450 5237 2612 5293 Patre
2643 5247 2700 5293 et
2732 5237 2870 5293 Filio
2917 5253 3025 5293 non
3066 5238 3326 5301 destruit,
3380 5239 3497 5294 imo
3530 5240 3709 5295 ﬁrmat

2114 5321 2166 5362 et
2198 5308 2534 5362 constabilit.

2186 5376 2301 5508 (66%
2342 5378 2481 5460 Editi
2513 5377 2706 5431 ἐποίει,
2736 5377 2807 5432 Αι
2833 5392 2965 5434 mss.
2997 5380 3161 5463 ποιεῖ.

2188 5448 2275 5508 (67
2336 5447 2477 5501 Etlttt
2511 5448 2573 5501 τὸ
2618 5448 2756 5508 ἴσον,
2794 5448 2956 5503 male.
2988 5449 3161 5502 (κούρα

2188 5447 2299 5519 (67)
2336 5447 2573 5519 Editifrb
2618 5448 2756 5519 ἴσον,
2794 5448 2956 5503 male.
2988 5449 3168 5502 Codex
3200 5447 3564 5519 Colbertinns
3588 5464 3708 5503 cum

2119 5517 2331 5573 dntibus
2364 5518 2549 5587 Regiis
2572 5517 2669 5571 τοῦ
2703 5517 2839 5581 ἴσον,
2879 5519 3214 5587 bene:qned
3245 5531 3301 5569 ut
3329 5518 3531 5571 melius
3556 5519 3710 5572 intel-

2116 5587 2339 5654 ligatur,
2364 5587 2498 5640 ordo
2524 5591 2810 5641 verborum
2841 5589 2919 5642 sic
2950 5589 3319 5641 immntandus
3342 5598 3449 5652 est,
3476 5589 3574 5641 τοῦ
3600 5590 3709 5641 ἴσον

2117 5657 2383 5729 ὑπάρχειν
2416 5656 2563 5730 αὐτῷ
2596 5657 2865 5712 ἑπομένου
2892 5657 2969 5729 τῷ
2995 5657 3218 5729 Πατέρα
3248 5657 3396 5728 ἔχειν
3429 5658 3524 5713 τὸν
3558 5659 3703 5714 Θεὸν.
