3836 6222
69 330 225 386 565

1238 339 1617 399 ADVERSUS
1656 338 2028 397 EUNOMIUM
2068 337 2197 395 LIB.
2238 337 2281 393 I.

3276 337 3382 392 566

69 454 120 503 ό
176 450 299 521 (68)
350 453 593 522 πέμψας
612 472 710 525 με,
735 454 947 525 μείζων
967 477 1086 528 μου
1116 460 1278 514 ἐστί’
1311 461 1406 515 τοῦ
1448 461 1505 513 δὲ
1547 462 1701 516 Ἀπο-

1809 459 1967 523 misit,
2004 458 2177 525 major
2203 472 2283 510 me
2314 463 2386 509 est
2411 457 2432 488 ⁹
2463 471 2478 508 :
2520 467 2620 508 nec
2643 451 2793 508 audit
2820 449 3158 521 Apostolum,
3191 452 3282 520 qui
3306 452 3385 504 di-

74 544 309 597 στύλου
337 544 589 614 λέγοντος
619 548 719 602 οὐκ
746 550 934 603 ἀκούει
959 550 1069 622 (69)
1102 552 1205 617 ὅτι,
1238 552 1350 622 Οὐχ
1400 553 1694 624 ἁρπαγμὸν

70 635 366 704 ἡγήσατο
390 634 451 688 τὸ
475 631 616 690 εἶναι
651 637 742 692 ῐσα
784 638 924 711 Θεῷ.
957 640 1066 713 (70)
1096 642 1292 695 Καίτοι
1321 643 1370 695 εἰ
1419 641 1563 695 κατά
1601 643 1695 696 τὸν

78 727 210 780 σὺν
241 729 462 802 λόγονῆ
505 732 803 804 ἀγεννησία
853 735 1011 787 οὐσία
1060 729 1158 805 ἦν,
1217 734 1465 788 ἐϐούλετο
1501 736 1558 788 δὲ
1594 736 1694 807 τὴν

78 822 233 874 κατ’
256 823 447 876 οὐσίαν
474 823 746 895 ὑπεροχὴν
786 825 1073 891 ἐπιδεῖξαι,
1113 822 1266 880 εἶπεν
1293 826 1358 879 ἄν
1380 843 1394 857 ο
1445 827 1502 879 Ὀ
1531 827 1693 894 ἀγέν-

79 930 275 982 νητος
304 915 504 985 μείζων
537 934 639 987 μου
671 918 840 971 ἐστίν.
883 918 1181 992 Ὑμέτερος
1212 919 1269 972 δέ
1297 922 1444 973 ἐστιν
1464 920 1493 972 ὁ
1511 918 1690 987 λόγος,

76 1004 195 1057 ὅτι
247 1009 282 1076 ἡ
322 1006 415 1059 τοῦ
455 1006 671 1079 Πατρὺς
718 1009 1060 1082 προσηγορία
1114 1011 1394 1082 ἐνεργείας
1448 1010 1566 1062 ἐστὶ
1598 1009 1692 1062 καὶ¹

80 1097 215 1150 οὐκ
265 1098 458 1161 οὐσίας
504 1101 838 1170 σημαντικὴ.
890 1100 1132 1165 Μείζονα
1184 1098 1278 1155 οὖν
1319 1102 1566 1170 λέγοντες
1594 1101 1689 1154 τοῦ

81 1187 245 1241 Υξοῦ
274 1189 368 1243 τὸν
399 1190 637 1261 Πατέρα,
668 1190 892 1262 μείζονα
920 1191 1015 1244 τοῦ
1040 1192 1200 1264 ἔργου
1234 1193 1370 1262 φατὲ
1407 1195 1506 1263 τὴν
1539 1194 1691 1265 ἐνέρ-

79 1296 292 1348 γειαν.
327 1281 484 1333 Πᾶσα
517 1281 574 1334 δὲ
603 1282 772 1352 δήπου
818 1281 930 1353 (71)
984 1283 1235 1355 ἐνέργεια
1282 1284 1570 1354 συμϐαίνει
1613 1282 1691 1354 τῷ

86 1371 307 1442 μέτρῳ
340 1374 452 1435 τοῖς
504 1371 563 1438 ἐξ
600 1372 773 1442 αὐτῆς
803 1375 1141 1445 γινομένοιςο
1179 1378 1273 1429 καὶ
1333 1378 1541 1449 μεγάλη
1593 1377 1691 1447 μὲν

79 1461 217 1515 τῶν
254 1463 506 1531 μεγάλων
552 1462 729 1535 ἔργων
772 1465 907 1530 ἐστὶ,
946 1468 1154 1537 σμικρὰ
1181 1468 1237 1520 δὲ
1268 1468 1376 1521 τῶν
1404 1468 1693 1542 σμικροτέ-

82 1569 241 1621 ρων.
283 1552 359 1605 Τὸ
408 1548 501 1607 οὖν
549 1554 771 1625 μείζονα
825 1555 919 1608 τοῦ
955 1558 1086 1611 Υἱοῦ
1132 1558 1222 1611 τὸν
1282 1560 1501 1630 Πατέρα
1553 1558 1693 1612 κατὰ

77 1643 303 1697 τοῦτον
332 1644 424 1698 τὸν
472 1645 632 1714 λόγον
674 1648 960 1718 ὁμολογεῖν
1011 1650 1163 1702 οὐδὲν
1212 1651 1397 1721 ἕτερόν
1452 1653 1621 1715 ἐστιν,
1657 1652 1707 1722 ἦΔ

78 1735 465 1806 ἀσύμμετρον
499 1736 578 1808 τῷ
631 1738 778 1810 ἔργῳ
828 1739 1072 1793 τίθεσθαι
1119 1742 1215 1812 τὴν
1263 1743 1562 1813 ἐνέργειαν,
1599 1743 1693 1795 καὶ

1775 551 1872 606 cit
1910 549 2052 619 quod
2079 563 2186 602 non
2220 548 2465 616 rapinam
2510 546 2811 601 arbitratus
2841 544 2914 600 sit
2951 559 3072 600 esse
3101 558 3161 599 se
3202 560 3388 615 aequa-

1793 644 1897 699 lem
1953 644 2063 698 Deo
2108 643 2174 697 ¹⁰.
2218 642 2380 713 Atqui
2407 642 2475 705 si,
2506 642 2594 710 {ut
2651 641 2807 703 dicis,
2856 638 3197 710 ingeneratio
3254 639 3385 694 sub-

1797 734 1993 788 stantia
2035 741 2200 799 esset,
2233 732 2599 800 voluissetque
2654 731 3025 801 praestantiam
3082 730 3381 785 secundum

1795 823 2158 878 substantiam
2188 822 2518 889 testendere,
2557 820 2787 876 dixisset
2836 820 3066 898 utique:
3103 817 3385 888 Ingenitus

1793 914 1967 985 major
1999 929 2083 967 me
2109 923 2214 970 est.
2246 912 2382 966 Nam
2408 912 2680 967 sententia
2706 922 2885 968 vestra
2917 914 3033 968 haec
3068 921 3172 979 est,
3206 912 3384 967 Patris

1793 1005 2157 1075 appellatione
2173 1004 2539 1074 operationem
2559 1018 2664 1058 non
2684 1002 3043 1057 substantiam
3061 1003 3380 1074 signiﬁcari.

1790 1095 1981 1167 Itaque
2003 1111 2124 1151 cum
2157 1095 2338 1151 dicitis
2373 1095 2590 1150 Patrem
2625 1094 2765 1149 Filio
2798 1095 3081 1164 majorem,
3109 1097 3383 1165 operatio-

1789 1204 1912 1244 nem
1946 1202 2110 1258 opere
2157 1188 2416 1258 majorem
2459 1187 2662 1242 dicitis.
2712 1188 2904 1243 Omnis
2938 1190 3082 1243 enim
3113 1190 3378 1258 operatio,

1790 1284 2144 1353 proportione
2180 1282 2504 1347 servata,iis
2533 1297 2653 1351 qua:
2678 1296 2743 1337 ex
2778 1282 2869 1336 illa
2902 1282 3057 1347 ﬁunt,
3088 1275 3382 1353 congruit;

1789 1386 1843 1431 et
1886 1390 2079 1444 magna
2111 1375 2329 1444 quidem
2356 1390 2670 1444 magnorum
2691 1389 2914 1443 operum
2932 1383 3035 1440 est,
3057 1390 3222 1445 parva
3251 1390 3381 1431 vero

1790 1469 2083 1521 minorum.
2117 1466 2354 1521 Proinde
2379 1466 2637 1536 majorem
2673 1465 2812 1520 Filio
2838 1467 3051 1521 Patrem
3084 1468 3189 1523 hoc
3221 1469 3382 1525 modo

1791 1559 2059 1624 conliteri,
2095 1558 2229 1611 nihil
2259 1558 2403 1611 aliud
2429 1567 2533 1621 est,
2558 1573 2718 1627 quam
2754 1558 3199 1627 incongruentem
3223 1561 3378 1630 operi

1792 1649 2163 1719 operationem
2198 1657 2459 1715 statuere,
2492 1659 2547 1703 et
2598 1650 2781 1704 dicere
2838 1650 3039 1705 frustra
3102 1650 3271 1705 Deum
3312 1653 3380 1706 ad

1794 1742 2131 1811 operationis
2157 1742 2586 1812 magnitudinem
2613 1753 2944 1798 commotum
2967 1758 3247 1809 esse,cum
3270 1758 3381 1799 non

87 1825 296 1896 μάτην
329 1827 558 1894 φάσκειν
589 1830 821 1902 πρὸςτὸ
856 1831 969 1903 (7‘2)
1008 1832 1109 1901 τῆς
1140 1833 1421 1904 ἐνεργείας
1466 1833 1693 1904 μέγεοος

1806 1835 2033 1903 potuerit
2066 1834 2323 1889 eﬁ‘ectum
2351 1836 2657 1905 operationi
2696 1837 2999 1906 adsequare.
3038 1836 3219 1903 Quare
3240 1837 3379 1891 duo-

77 1916 198 1969 τὺν
219 1917 354 1969 Θεὸν
377 1919 721 1990 κεκινῆσθαι,
754 1922 814 1975 οὐ
844 1922 1137 1993 δυνηθέντα
1164 1927 1228 1995 τῇ
1255 1926 1507 1996 ἐνεργείᾳ
1554 1944 1692 1997 παρ-

85 2007 387 2063 ισῶσαιτὸ
414 2011 565 2076 τέλος
602 2014 764 2067 Ὥστε
793 2015 855 2068 τὺ
877 2015 1064 2087 ἕτερον
1087 2018 1201 2069 τοῖν
1231 2017 1376 2071 δυοῖν
1408 2018 1691 2089 (75)ὰναγ-

81 2101 285 2167 καίως
306 2104 644 2158 διαπεσεῖται
665 2122 676 2137 ·
721 2107 752 2177 ἢ
791 2108 865 2178 μὴ
901 2106 1094 2179 δηλοῦν
1126 2108 1408 2180 ἐνέργειαν
1446 2111 1537 2165 τὸν
1570 2113 1686 2165 Πα-

80 2198 263 2268 τέρα,
325 2197 461 2252 ὰλλὰ
490 2200 700 2263 οὐσίαν,
736 2201 830 2252 καὶ
858 2200 1031 2264 οῗιτως
1066 2202 1249 2266 αὐτοῖς
1280 2205 1309 2255 ό
1360 2203 1685 2275 σεσοφισμέ-

82 2304 196 2352 νος
226 2288 331 2357 τῆς
359 2290 679 2361 ὁμοιότητος
711 2290 820 2361 (74)
849 2291 1004 2360 λόγος
1028 2293 1471 2363 διαγεγράᾲεται,
1502 2295 1685 2364 ὅμοιον

82 2378 181 2449 τῷ
237 2380 417 2453 Πατρὶ
459 2381 550 2434 τὸν
605 2381 731 2434 Υἱὸν
770 2382 1088 2452 τιθεμένων,
1128 2383 1393 2449 τουτέστι,
1426 2387 1491 2455 τῇ
1538 2386 1689 2454 ὲνερ-

84 2470 263 2542 γείᾳ·
299 2467 409 2524 οἷον
459 2472 569 2543 γὰρ
625 2471 888 2543 ἠθέλησεν
919 2476 948 2527 ὁ
980 2473 1189 2547 Πατὴρ,
1222 2475 1388 2545 φησὶ,
1445 2476 1688 2529 τοιοῦτον

86 2562 364 2633 ἐποίησε,
415 2563 550 2616 καθὸ
596 2565 691 2617 καὶ
734 2565 917 2618 εἰκόνα
972 2564 1277 2635 βουλήσεως
1323 2566 1437 2637 (75)
1486 2566 1688 2637 ὀνομά-

86 2654 324 2720 ζουσιν·
360 2655 394 2727 ἢ
427 2656 586 2709 τοῦτο
620 2657 1015 2726 φυλάσσοντας,
1064 2657 1139 2729 μὴ
1179 2653 1319 2711 εἶναι
1355 2658 1535 2727 λέγειν
1573 2658 1690 2729 μεί-

86 2746 237 2812 ζονα
308 2747 400 2801 τὸν
484 2748 727 2818 Πατέρα.
786 2748 1113 2820 Ἐπειδήπερ
1184 2751 1332 2803 πᾶσα
1413 2750 1692 2821 ἐνέργεια,

90 2835 343 2910 μηδενὸς
380 2839 770 2910 ἀνθισταμένου
808 2839 916 2892 τῶν
940 2838 1158 2904 ἔξωθεν,
1218 2839 1531 2911 σύμμετρός
1579 2844 1697 2894 ἐστι

1796 1942 1914 1980 rum
1943 1927 2173 1981 alterum
2205 1929 2422 1982 eveniat
2455 1942 2680 1983 necesse
2727 1937 2833 1993 est,
2859 1939 2918 1983 ut
2950 1939 3041 1983 aut
3070 1928 3233 1983 Pater
3271 1944 3376 1984 non

1794 2017 2062 2089 signiﬁcet
2094 2019 2491 2089 operationem,
2511 2020 2601 2074 sed
2633 2019 3226 2088 substantiam;sicque
3255 2034 3379 2074 eva-

1791 2121 1976 2166 nescet
2004 2113 2312 2183 excogitata
2332 2114 2398 2168 ab
2428 2113 2509 2167 eis
2535 2112 2904 2166 similitudinis
2932 2114 3088 2173 ratio,
3115 2128 3217 2181 qua
3247 2128 3378 2167 san-

1790 2203 1942 2259 ciunt
1963 2204 2158 2260 Filium
2188 2203 2335 2258 Patri
2368 2204 2598 2259 similem
2636 2206 3106 2274 esse,operatione
3128 2205 3373 2260 scilicet:

1790 2297 2002 2365 qualem
2030 2299 2171 2352 enim
2204 2297 2370 2352 voluit
2395 2296 2574 2363 Pater,
2605 2297 2874 2367 inquiunt,
2900 2299 3057 2352 talem
3096 2298 3242 2364 fecit,
3271 2315 3380 2370 quo

1791 2389 1958 2444 etiam
1998 2400 2157 2458 pacto
2185 2390 2481 2444 voluntatis
2517 2390 2804 2459 imaginem
2827 2406 2948 2444 eum
2987 2402 3186 2445 vocant
3219 2409 3232 2445 :
3263 2401 3378 2456 aut,

1796 2480 1840 2536 si
1874 2482 1942 2535 ab
1974 2482 2076 2535 hoc
2110 2480 2213 2535 sibi
2249 2491 2495 2542 caveant,
2528 2495 2633 2533 non
2665 2481 2846 2536 dicent
2878 2480 3093 2536 Patrem
3122 2484 3376 2552 majorem

1800 2586 1945 2626 esse.
1985 2569 2116 2624 Nam
2144 2572 2390 2639 Operatio
2419 2573 2615 2635 omnis,
2650 2580 2875 2627 externa
2907 2573 3050 2627 nulla
3073 2589 3130 2627 re
3161 2574 3381 2627 obstano

1799 2671 1870 2723 te,
1915 2662 2226 2716 habetcum
2259 2661 2542 2716 eﬁ‘ectihus
2588 2663 2700 2717 suis
2755 2663 3178 2732 proportionem.
3205 2662 3382 2731 Atque

1799 2753 1913 2807 lucc
1940 2754 2005 2806 ad
2030 2753 2415 2807 confutandam
2446 2753 2684 2821 ipsorum
2719 2754 2772 2806 in
2805 2755 3142 2822 dogmatibus
3167 2752 3378 2808 dissen-

1801 2847 2007 2899 sionem
2038 2847 2177 2899 dicta
2204 2846 2335 2899 sint.

87 2933 217 2993 τοῖς
270 2930 493 2994 οἰκείοις
540 2931 965 3001 ἀποτελέσμασι.
1013 2930 1200 2985 Ταῦτα
1260 2931 1360 3002 μὲν
1420 2927 1514 2985 οὖν
1561 2932 1697 3003 πρὸς
1735 2932 1955 3006 ἔλεγχον
1980 2935 2081 3005 τῆς
2105 2935 2165 2988 ὲν
2192 2936 2304 2999 τοῖς
2332 2933 2597 3004 δόγμασιν
2654 2933 2831 2987 αὐτῶν
2889 2933 3246 3004 ἀσυμφωνίας
3271 2927 3380 3004 (76)

89 3022 366 3095 εἰρήσθω.

168 3114 267 3170 ‘35.
323 3116 530 3169 Ἐκεῖνο
581 3117 639 3170 δὲ
669 3117 774 3171 τίνι
821 3117 930 3171 τῶν
980 3117 1200 3171 πάντων
1249 3116 1465 3189 ἄδηλον,
1508 3118 1591 3172 ὅτι
1628 3117 1690 3173 τὸ

1858 3117 1950 3173 25.
1994 3115 2125 3170 Illud
2146 3126 2325 3171 autem
2358 3117 2441 3170 cui
2473 3130 2575 3170 non
2610 3126 2692 3170 est
2724 3117 3087 3185 perspicuum,
3111 3115 3254 3183 quod
3278 3114 3379 3169 ali-

90 3204 300 3279 μεῖζον
350 3207 383 3277 ἢ
424 3207 566 3261 κατὰ
614 3209 704 3262 τὸν
748 3209 850 3279 τῆς
893 3210 1073 3273 αἰτίας
1110 3209 1265 3279 λόγον
1309 3211 1441 3281 (77),
1474 3210 1508 3280 ἢ
1550 3210 1689 3264 κατὰ

92 3299 195 3353 τὸν
242 3299 346 3370 τῆς
397 3300 680 3372 δυνάμεως
744 3301 1111 3374 πλεονασμὸν,
1159 3303 1191 3374 ἢ
1242 3303 1383 3356 κατὰ
1443 3303 1540 3374 τὴν
1592 3303 1687 3356 τοῦ

93 3386 421 3458 ἀξιώματος
453 3390 744 3462 ὑπεροχὴν,
770 3392 802 3462 ἢ
836 3390 976 3446 κατᾶ
1007 3392 1243 3464 τὴντῶν
1266 3393 1444 3459 ὄγκων
1473 3411 1693 3464 περιου-

95 3478 229 3532 σίαν
276 3478 524 3548 λέγεται;
575 3482 733 3536 Κατὰ
779 3484 876 3553 μὲν
923 3480 1016 3537 οὖν
1067 3483 1158 3537 τὸν
1204 3483 1365 3553 ὄγκον
1417 3485 1490 3555 μὴ
1550 3485 1694 3555 εἰλῆ-

203 3657 227 3688 ⁹
258 3654 417 3711 Joan.
449 3670 557 3722 xw,
609 3654 703 3711 28.
778 3654 819 3687 ¹⁰
854 3655 1047 3726 Phi‘ip.
1077 3671 1146 3722 it,
1174 3656 1229 3714 6.

177 3810 296 3881 (68)
338 3811 587 3883 Veteres,
618 3810 825 3883 aliquot
883 3810 1003 3865 libri
1057 3826 1179 3865 cum
1208 3811 1389 3874 editis,
1436 3814 1464 3864 ὁ
1504 3812 1694 3883 Πατήρ

101 3883 293 3953 μουῗό.
324 3882 427 3953 ᾼΙὶἰ
470 3882 688 3953 codices
721 3881 960 3953 melioris
991 3891 1150 3943 notae,
1182 3883 1217 3953 ὁ)
1239 3882 1427 3953 Πατὴρ
1457 3884 1504 3934 ὁ.

179 3952 299 4023 (69)
335 3951 469 4015 Reg.
513 3952 705 4006 tertius
734 3952 801 4023 in
836 3959 1091 4005 contextu
1126 3952 1353 4023 quidem
1381 3951 1555 4005 habet
1594 3953 1692 4006 οὐκ

97 4020 303 4076 ἀκούει
330 4039 344 4074 :
373 4023 468 4075 sed
504 4025 557 4074 in
590 4035 685 4073 ora
733 4020 854 4074 libri
892 4023 1055 4075 habet
1085 4022 1186 4073 οὐκ
1223 4021 1464 4085 ἀκούεις.
1500 4024 1697 4075 Statim

99 4093 244 4146 editi
276 4092 526 4162 ἡγήσατο
564 4087 733 4162 εἶναι.
753 4090 901 4144 Lihri
930 4101 1139 4162 veteres
1169 4094 1415 4162 ἡγήσατο
1440 4092 1501 4145 τὸ
1535 4088 1692 4146 εἶναι.

182 4160 306 4232 (70)
329 4160 402 4214 Ita
435 4164 534 4215 hoc
564 4162 684 4216 loco
707 4160 934 4215 Basilius
970 4160 1311 4232 adversarios
1339 4164 1603 4225 adoritur,
1640 4176 1698 4215 ut

101 4230 207 4286 eos
244 4230 361 4285 suis
403 4232 645 4298 ipsorum
688 4232 856 4285 armis
900 4230 1196 4285 conlodiat.
1229 4231 1419 4284 Dicitis
1449 4248 1568 4295 vos,
1616 4234 1696 4285 in-

102 4304 232 4369 quit
261 4300 517 4371 Basilius,
544 4316 741 4355 nomen
774 4301 950 4354 Patris
990 4303 1386 4371 operationem,
1422 4318 1527 4355 non
1566 4304 1696 4356 sub-

103 4372 373 4427 stantiam
402 4372 664 4426 indicare.
702 4370 763 4425 1d
792 4381 971 4425 autem
1007 4370 1049 4424 si
1079 4385 1265 4424 verum
1296 4381 1398 4431 est,
1431 4373 1556 4425 hinc
1587 4373 1699 4425 elli—

104 4444 284 4502 citur,
327 4440 540 4494 Patrem
586 4456 692 4493 non
725 4441 1025 4495 substantia
1061 4440 1199 4495 Filio
1249 4440 1511 4511 majorem
1554 4458 1694 4505 esse,

104 4513 209 4566 sed
244 4513 562 4578 operatione
593 4514 875 4563 duntaxat.

187 4581 305 4650 (71)
332 4581 470 4651 Editi
502 4590 556 4633 et
591 4596 731 4651 unus
759 4596 860 4633 ms.
884 4581 1042 4634 Πᾶσα
1072 4581 1180 4651 γὰρ
1205 4581 1397 4649 δήπου.
1429 4580 1532 4633 Alii
1568 4595 1701 4649 qna-

109 4662 242 4703 tttor
279 4665 407 4721 mss.
437 4650 595 4703 Πᾶσα
623 4651 681 4721 δὲ
708 4650 901 4721 δήπου.
943 4650 1233 4721 Aliquanto
1272 4662 1392 4720 post
1423 4657 1528 4704 duo
1569 4667 1700 4704 mss.

106 4722 146 4793 ἢ
182 4719 700 4793 ἀσυμμέτρωςᾼτῷη
761 4719 769 4721 -
858 4748 859 4751 π

186 4738 556 4842 ασυμρετρως
580 4738 682 4788 τῳ.
858 4748 859 4751 ‘
1279 4792 1290 4803 ⁹
1475 4790 1488 4802 ⁸

186 4792 303 4863 ..72)
350 4791 449 4863 _lla,
481 4791 724 4863 «posse,
756 4800 889 4863 etc.,
918 4789 1023 4844 hoc
1049 4806 1211 4845 sensu
1242 4792 1381 4844 dicta
1413 4789 1580 4863 inisse
1607 4803 1701 4863 ar-

107 4859 315 4917 bitror.
347 4859 563 4915 Patrem
609 4861 748 4914 Filio
785 4861 1045 4930 majorem
1078 4876 1199 4915 esse
1230 4862 1274 4914 si
1313 4859 1700 4928 proﬁteamini,

109 4947 464 5000 consequens
492 4940 578 4985 est
610 4940 669 4985 ut
706 4931 903 4985 dicatis
929 4930 1341 5000 Deumwl'rustra
1378 4931 1431 4982 in
1462 4931 1512 4982 id
1554 4930 1705 4981 incu-

110 4999 325 5065 buisse,
361 5011 415 5055 ut
451 5017 704 5072 magnum
738 4999 1307 5072 quetndameﬂpctum
1341 5001 1545 5072 ederet,
1577 5014 1701 5051 cum

110 5072 265 5140 quod
286 5068 677 5140 velletassequi
708 5068 811 5124 non
841 5071 1096 5140 potuerit.
1122 5068 1227 5123 Ista
1251 5078 1334 5124 est
1357 5070 1498 5122 enim
1508 5076 1704 5140 jestra

111 5138 413 5203 sententia,
450 5138 772 5209 productum
800 5138 905 5194 non
940 5138 1106 5194 fuisse
1131 5153 1162 5192 a
1191 5140 1317 5203 Deo,
1355 5154 1476 5192 cum
1506 5138 1702 5192 Filium

113 5212 328 5280 genuit,
371 5211 626 5266 eﬁ‘ectmn
661 5211 995 5279 quempiam,
1029 5211 1120 5277 qui
1151 5219 1246 5262 aut
1284 5209 1584 5280 operationi
1615 5223 1704 5261 re~

114 5278 410 5348 Spondeat,
454 5290 548 5334 aut
582 5278 703 5334 cum
736 5297 796 5333 ea
831 5278 1236 5347 proportionem
1284 5279 1481 5333 haheat
1515 5278 1701 5331 ullam.

116 5352 200 5405 Ex
228 5367 337 5420 quo
362 5353 418 5404 lit
450 5362 507 5404 ut
530 5351 710 5413 Pater,
745 5366 867 5404 cum
892 5349 1086 5403 Filium
1118 5349 1423 5419 generavit,
1457 5363 1568 5402 rem
1598 5364 1704 5402 non

117 5424 196 5477 ita
232 5419 478 5490 magnam
522 5419 856 5489 produxerit.

193 5486 536 5558 (75)”Ὠσ’τέ
566 5491 634 5544 τὸ
661 5490 867 5558 ἕτερον
891 5488 1021 5543 τοῖν
1053 5486 1246 5552 δυοῖν,
1275 5498 1383 5544 etc.
1414 5487 1582 5541 Totus
1617 5486 1707 5541 hic

120 5563 277 5615 locus
303 5561 385 5616 sic
422 5562 637 5615 videtur
680 5561 984 5613 reddendus
1015 5577 1028 5612 :
1065 5558 1254 5627 Itaque
1293 5560 1604 5611 alterutrum
1642 5573 1708 5609 ea:

118 5631 328 5684 duobus
363 5632 657 5686 necessario
687 5631 987 5693 admittent,
1024 5630 1101 5681 ita
1130 5626 1185 5682 ut
1211 5628 1288 5681 vel
1317 5626 1481 5680 Pater
1502 5643 1604 5680 non
1632 5628 1706 5678 si-

121 5700 338 5769 gniﬁcet
385 5703 761 5769 operationem,
799 5700 891 5752 sed
942 5700 1293 5752 substantiam
1348 5696 1708 5769 (sicquejllis

123 5763 389 5826 Eva'nescet
416 5763 1137 5838 excogitatasimilitudinis
1183 5763 1504 5836 ratio,'dnm
1554 5763 1708 5819 Patri

1796 3208 1922 3276 quid
1945 3207 2045 3261 dici
2074 3206 2245 3260 possit
2276 3203 2581 3274 tnajus,.aut
2611 3206 2821 3260 ratione
2850 3220 3048 3271 causas,
3079 3214 3170 3259 aut
3189 3212 3380 3272 poten-

1796 3301 1884 3354 tiae
1914 3298 2291 3363 redundantia,
2313 3306 2407 3350 aut
2434 3296 2752 3351 excellentia
2787 3296 3083 3366 dignitatis,
3109 3306 3201 3350 aut
3223 3296 3380 3352 molis

1802 3390 2170 3460 magnitudine
2202 3389 2225 3442 ?
2256 3390 2441 3456 Itaque
2485 3402 2591 3442 non
2650 3388 2820 3456 accipi
2865 3387 3038 3457 majus
3085 3387 3377 3443 secundum

1802 3484 2317 3553 magnitudinem,et
2347 3483 2433 3537 hic
2464 3483 2580 3552 ipse
2612 3482 2757 3550 prior
2783 3481 3130 3552 dixit;236
3144 3490 3198 3535 et
3224 3480 3383 3552 plane

1802 3812 2026 3865 similem
2077 3810 2280 3882 Filiam
2325 3811 2527 3877 dicunt,
2586 3813 2640 3865 id
2687 3821 2761 3866 est
2802 3811 3095 3876 Operatiom‘
3124 3824 3143 3865 :
3173 3815 3382 3882 qualem

1801 3884 1934 3935 enim
1980 3882 2141 3935 voluit
2196 3881 2378 3946 Pater,
2426 3883 2689 3948 inquiunt,
2728 3883 2882 3935 tatem
2928 3882 3098 3950 fecit:
3141 3887 3278 3934 unde
3331 3890 3381 3933 et

1800 3954 2076 4019 imaginem
2112 3951 2390 4005 voluntatis
2430 3952 2579 4004 illam
2630 3952 2954 4019 appellant);
2991 3952 3068 4004 vel
3093 3953 3137 4005 si
3169 3952 3224 4004 id
3254 3951 3382 4006 reti-

1808 4036 1946 4084 nent,
1974 4021 2146 4084 maior
2179 4019 2319 4073 Filio
2354 4021 2516 4073 Pater
2549 4022 2653 4073 dici
2690 4037 2792 4074 non
2818 4022 3006 4088 possit.

1876 4090 1990 4159 (74)
2025 4091 2204 4145 Codex
2254 4092 2404 4145 Coll).
2441 4106 2560 4144 cum
2604 4091 2734 4159 Reg.
2772 4092 2930 4162 tertio
2974 4091 3381 4162 ἀνομοιότητος,

1804 4172 2077 4242 corrupte.
2108 4162 2211 4213 Alii
2245 4177 2373 4242 mss.
2406 4173 2458 4242 e_t
2499 4162 2625 4215 editi
2667 4161 3212 4242 gaetdsnsog,_recte.
3247 4161 3395 4227 Illud

1804 4233 1946 4295 quod
1976 4247 2098 4283 mox
2130 4232 2396 4299 sequitur,
2428 4232 2612 4300 ὅμοιον
2638 4232 2714 4300 τῷ
2743 4242 2872 4296 etc.,
2906 4233 2975 4283 ita
3016 4233 3383 4300 interpretans

1805 4301 2223 4368 'I'rapezuntius,
2257 4317 2376 4352 cum
2428 4300 2579 4353 Patri
2619 4300 2842 4363 Filium,
2878 4301 2934 4353 id
2979 4311 3056 4354 est
3091 4302 3381 4367 operationi

1803 4374 2026 4422 similent
2072 4369 2415 4431 arbitrentur,
2446 4387 2667 4425 sensum
2714 4373 3000 4423 verborum
3050 4372 3156 4424 alio
3187 4372 3374 4423 detor—

1804 4442 1891 4493 sit.
1919 4438 2030 4493 I’Ioc
2056 4439 2187 4492 dicit
2208 4438 2460 4503 Basilius,
2492 4441 2742 4494 arbitrari
2772 4440 3156 4496 Eunoniianos.
3184 4439 3380 4494 Filium

1802 4511 2037 4563 similem
2068 4523 2189 4562 esse
2218 4508 2364 4563 Patri
2395 4510 2727 4577 operatione.

1877 4578 1990 4650 (75)
2028 4580 2156 4645 Iteg.
2199 4580 2393 4634 tertius
2440 4580 2624 4632 εἰκόνα
2671 4579 2885 4650 βουλῆς.
2940 4578 3093 4645 Illud,
3145 4579 3178 4650 ἢ
3222 4577 3383 4632 τοῦτο

1806 4649 2201 4716 φυλάσσοντας,
2235 4651 2313 4703 sic
2338 4652 2496 4704 debet
2525 4649 2714 4717 accipi.
2742 4649 2848 4703 Aut
2878 4650 2921 4703 si
2956 4651 3140 4703 dicunt
3170 4649 3274 4702 non
3301 4653 3381 4703 si-

1806 4720 2053 4788 gniﬁcari
2101 4720 2457 4772 substantiam
2507 4721 2869 4788 appellatione
2902 4717 3100 4783 Patris,
3133 4721 3225 4773 sed
3250 4734 3380 4787 ope-

1808 4789 2094 4849 rationem,
2121 4789 2204 4841 vel
2253 4788 2409 4842 inviti
2458 4789 2733 4842 fateantur
2775 4804 2997 4843 necesse
3035 4799 3118 4843 est
3163 4788 3380 4843 Patrem

1805 4859 1945 4912 Filio
1984 4858 2245 4925 majorem
2293 4874 2399 4913 non
2447 4874 2585 4914 esse.
2624 4859 2859 4921 Etenim,
2890 4868 2947 4912 ut
2974 4860 3049 4912 ait
3079 4875 3202 4915 mox
3230 4859 3382 4912 Basi-

1806 4928 1932 4990 lius,
1969 4930 2217 4995 operatio
2247 4930 2424 4983 omnis
2452 4930 2610 4983 habet
2641 4945 2762 4983 cum
2795 4929 2909 4982 suis
2935 4927 3216 4982 eﬁ‘ectihus
3257 4942 3383 4997 pro-

1806 4999 2131 5066 portionem.
2164 4996 2296 5051 Cum
2328 5001 2506 5068 igitur
2552 5000 2795 5068 operatio
2836 4999 3011 5052 Patris
3048 4996 3267 5052 inﬁnita
3285 4999 3378 5060 sit,

1806 5076 1860 5120 et
1890 5068 2004 5136 ipse
2038 5083 2252 5136 quoque
2283 5067 2506 5133 eﬁfectus
2542 5070 2784 5122 inﬁnitus
2823 5083 2944 5122 esse
2973 5068 3152 5130 debet,
3181 5068 3382 5136 alioqui

1807 5152 1907 5191 nec
1949 5138 2249 5208 similitudo
2281 5152 2378 5193 nec
2415 5141 2692 5208 proportio
2722 5150 2867 5194 esset
2905 5139 3277 5206 Operationem
3305 5138 3384 5190 in-

1813 5217 1894 5261 ter
1926 5217 1980 5257 et
2011 5205 2280 5260 eﬁ'ectum.

1878 5274 1988 5345 (76)
2032 5277 2173 5348 Editi
2218 5288 2273 5329 et
2301 5275 2435 5346 Reg.
2468 5278 2687 5344 quintus
2730 5280 2911 5334 αὐτῶν
2958 5276 3297 5348 συμφωνίας,
3328 5286 3382 5331 et

1807 5345 1881 5400 ita
1913 5347 2116 5415 legerat
2146 5347 2435 5416 interpres,
2463 5364 2586 5401 cum
2619 5352 2866 5415 verterit,
2902 5351 2969 5402 ad
3003 5345 3382 5416 reprehenden-

1807 5419 1931 5468 dam
1976 5419 2205 5484 ipsorum
2257 5418 2312 5469 in
2357 5416 2686 5486 dogmatibus
2727 5421 3083 5472 concordiam.
3135 5419 3238 5471 Alii
3285 5432 3380 5471 sex

1808 5501 1939 5539 mss.
2001 5486 2357 5559 ἀσυμφωνίας
2382 5526 2403 5559 ,ν
2439 5488 2506 5538 ad
2563 5491 2980 5559 redarguendam
3033 5489 3267 5556 ipsorum
3325 5492 3383 5540 in

1807 5559 2133 5624 dogmatibus
2168 5557 2513 5617 discordiam,
2546 5557 2766 5624 optime.

1880 5626 1991 5696 (77)
2020 5626 2263 5697 Codices
2284 5627 2388 5680 duo
2420 5626 2453 5697 ἢ
2482 5629 2603 5680 κατ’
2638 5628 2800 5681 αὐτὸν
2836 5629 2927 5682 τὸν
2967 5627 3065 5697 τῆς
3093 5626 3274 5691 αἰτίας
3296 5624 3385 5679 λό-

1808 5712 1927 5769 γον.
1952 5697 2163 5769 Ibidem
2185 5696 2312 5769 editi
2345 5708 2400 5750 et
2446 5696 2589 5769 anus
2625 5700 2788 5769 l|l5.ﬁ
2833 5699 2952 5753 κατ’
2980 5696 3141 5751 αὐτὸν
3168 5697 3260 5750 τὸν
3286 5698 3383 5767 τῆς

1809 5766 2109 5837 δυνάμεως.
2139 5766 2241 5821 Alii
2270 5781 2364 5824 sex
2392 5783 2523 5824 mss.
2565 5767 2598 5838 ἢ
2627 5766 2890 5841 κατὰίτὸν
2916 5769 3203 5841 τῆςδυν...
