3836 6222
491 320 597 376 567

1823 317 1881 371 S.
1921 315 2164 372 BASILII
2197 314 2411 368 MAGNI
3671 309 3743 364 563

487 454 578 495 res
602 438 675 492 ita
711 450 769 490 se
800 437 994 500 habet;
1027 450 1149 489 cum
1184 434 1234 487 in
1269 433 1643 504 magnitudine
1668 434 1842 503 majus
1868 443 2073 488 tantum

2187 433 2309 502 υθαι
2338 433 2397 484 τὸ
2426 431 2610 500 μεῖζον
2643 431 2755 500 (78)
2786 429 2946 490 αὑτός
2978 444 3037 479 τε
3071 420 3223 488 οὗτος
3254 424 3551 496 προλαϐὼν
3586 425 3748 494 ἔφησε,

488 535 581 595 sit,
613 538 877 598 quantmn
906 536 959 582 et
990 528 1168 582 minus
1205 538 1261 581 et
1299 528 1549 595 amplius.
1585 527 1715 594 Qua:
1765 528 1911 581 enim
1963 544 2075 581 ma-

490 620 772 686 gnitudine
830 634 933 670 non
986 625 1207 685 possunt
1261 617 1684 684 comprehendi,
1722 618 1829 670 imo
1881 618 2078 685 potius,

490 727 608 779 qua:
651 708 1021 777 magnitudine
1073 722 1137 761 ac
1168 709 1470 776 quantitate
1519 709 1741 761 omnino
1776 718 1989 770 carent,
2016 724 2077 761 ea

488 801 614 869 quis
637 800 807 868 possit
842 799 981 851 inter
1012 813 1070 852 se
1100 798 1332 851 dimetiri
1356 799 1514 867 ?quae
1532 808 1709 852 autem
1739 814 1843 852 non
1874 810 2081 867 queunt

491 894 629 945 inter
657 906 717 945 se
754 891 1079 959 comparari,
1110 891 1380 959 quomodo
1423 892 1476 944 in
1515 892 1579 945 iis
1614 892 1664 945 id
1698 895 1840 961 quod
1869 894 2078 948 excedit

490 993 849 1051 cognoscetur
893 980 1137 1036 ?Dicere
1178 991 1356 1035 autem
1416 982 1692 1036 Christum
1745 984 1834 1037 Dei
1892 994 2081 1053 poten-

491 1076 643 1139 tiam,
683 1071 919 1141 potentia
946 1072 1257 1126 inferiorem
1294 1088 1435 1135 esse,
1474 1073 1628 1127 valde
1659 1074 1865 1141 puerile
1899 1084 2001 1139 est,
2027 1084 2081 1128 et

488 1182 678 1221 eorum
708 1166 799 1233 qui
830 1180 894 1219 ne
926 1165 1213 1218 audierunt
1242 1167 1457 1231 quidem
1499 1179 1685 1217 vocem
1729 1166 1961 1228 Domini,
1989 1169 2078 1233 qui

491 1261 625 1314 dixit
657 1278 669 1313 :
710 1260 819 1329 Ego
849 1269 895 1312 et
946 1256 1108 1313 Pater
1152 1274 1313 1310 unum
1370 1274 1549 1310 sumus
1582 1258 1622 1288 ”
1654 1274 1665 1309 :
1695 1260 1892 1327 quique
1929 1259 2076 1320 illud,

492 1368 677 1415 unum,
709 1368 804 1419 pro
843 1351 1152 1419 :equalitate
1184 1352 1434 1419 potentia:
1478 1353 1703 1420 accepit,
1748 1363 1803 1405 ut
1850 1369 1912 1406 ex
1953 1354 2081 1421 ipsis

494 1444 766 1512 Evangelii
806 1445 982 1497 verbis
1010 1446 1380 1497 ostendemus.
1423 1444 1554 1499 Cum
1597 1445 1739 1497 enim
1763 1444 1987 1499 dixisset
2016 1448 2081 1499 de

492 1537 559 1589 iis
586 1536 674 1603 qui
708 1536 1077 1589 crediderant:
1108 1535 1304 1589 Nullus
1347 1553 1434 1590 eos
1481 1554 1508 1590 ε
1561 1554 1719 1590 manu
1749 1554 1861 1591 mea
1879 1540 2079 1605 rapiet;

488 1636 565 1688 et,
616 1626 778 1679 Pater
827 1628 913 1695 qui
960 1628 1086 1681 mihi
1135 1629 1317 1690 dedit,
1362 1628 1535 1696 major
1587 1630 1827 1682 omnibus
1855 1640 1972 1695 est;
2004 1642 2078 1696 et,

495 1718 693 1773 Nullus
722 1738 747 1774 e
772 1738 931 1773 utaut:
982 1719 1161 1774 Patris
1198 1722 1299 1774 mei
1325 1730 1490 1789 potest
1545 1738 1749 1786 rapere,
1782 1722 2028 1790 adjunxit
2065 1743 2076 1777 :

2184 526 2278 577 κα)⁸
2320 525 2381 576 τὸ
2429 524 2574 585 εἰκὸς
2607 521 2780 583 οὕτως
2829 520 2976 589 ἔχει·
3031 519 3327 589 ἐπειδήπερ
3368 518 3433 569 τὸ
3479 516 3689 587 μεῖζον
3712 522 3752 569 ἐν

2183 621 2295 679 τοῖς
2333 616 2587 686 μεγέθεσι
2620 614 2872 666 τοσοῦτόν
2914 614 3083 673 ἐστιν,
3119 612 3240 663 ὅσον
3274 612 3369 664 καὶ
3413 611 3474 662 τὸ
3523 611 3753 665 ἔλαττον,

2181 712 2275 763 καὶ
2320 711 2419 763 ἐτι.
2450 710 2529 761 Τὰ
2570 710 2625 762 δὲ
2658 708 3006 780 ἀπερίληπτα
3043 708 3121 778 τῷ
3167 706 3416 777 μεγέθει,
3469 707 3678 775 μᾶλλον
3713 708 3757 757 δὲ

2186 803 2430 873 ἁμεγέθη
2469 802 2562 855 καὶ
2611 802 2791 855 ἇποσα
2826 800 3124 864 παντελῶς,
3155 800 3237 862 τίς
3268 798 3333 852 ἂν
3373 798 3635 868 ἀλλήλοις
3680 814 3760 851 πα-

2186 898 2608 966 ραμετρήσειενς
2642 888 2715 946 ὧν
2749 894 2805 946 δὲ
2833 894 3111 963 ἀμήχανος
3145 895 3178 963 ἡ
3220 892 3675 962 παράθεσις,τίνι
3708 892 3757 941 iv

2183 991 2368 1060 τρόπῳ
2401 992 2457 1042 ἐν
2487 989 2694 1051 τούτοις
2735 989 2796 1040 τὸ
2833 987 3169 1059 ὑπερϐάλλον
3208 985 3583 1055 ὲπιγνωσθείη
3613 1003 3627 1047 ;
3672 992 3758 1037 Δυ-

2182 1086 2343 1152 νάμει
2376 1084 2433 1139 δὲ
2466 1082 2645 1149 λέγειν
2681 1081 2946 1133 ἐλλείπειν
2982 1080 3073 1133 τὸν
3108 1080 3343 1150 Χριστὸν
3367 1078 3469 1150 τὴν
3501 1080 3604 1132 τοῦ
3641 1080 3759 1131 Θεοῶ

2183 1173 2415 1242 δύναμιν
2444 1172 2639 1241 κομιδῆ
2677 1171 2885 1241 νηπίων
2930 1172 3025 1223 καὶ
3056 1170 3175 1223 οὐδὲ
3210 1171 3634 1223 κατακουόντων
3682 1171 3761 1239 τῆς

2185 1266 2370 1334 φωνῆς
2402 1265 2496 1317 τοῦ
2522 1265 2728 1334 Κυρίου
2755 1265 2888 1333 (79),
2919 1262 3168 1330 λέγοντος
3186 1279 3200 1292 ·
3218 1262 3359 1330 Ἐγὼ
3381 1262 3483 1315 καὶ
3508 1266 3544 1316 ὀ
3574 1262 3761 1329 Πατὴρ

2181 1358 2250 1411 ἓν
2284 1357 2505 1426 ἐσμενσ
2548 1356 2643 1408 καὶ
2688 1355 2748 1408 τὸ
2790 1354 2860 1407 ἓν
2901 1354 3020 1407 ἀντὶ
3070 1352 3164 1405 τοῦ
3209 1352 3349 1405 κατὰ
3393 1353 3496 1422 τὴν
3548 1352 3763 1419 δύναμιν

2186 1449 2298 1501 ἴσου
2350 1445 2891 1517 παραλαμϐάνοντκ,
2936 1444 3013 1507 ὡς
3063 1442 3123 1508 ἐξ
3174 1443 3352 1496 αὑτῶν
3398 1442 3658 1511 δείξομεν
3686 1443 3765 1495 τοῦ

2184 1538 2516 1607 Εὑαγγελίου
2580 1537 2687 1587 τῶν
2750 1535 3029 1605 ῥημάτων.
3083 1533 3265 1587 Εἰπὼν
3317 1534 3426 1603 γὰρ
3484 1534 3621 1603 περὶ
3673 1535 3767 1585 τῶν

2185 1630 2593 1683 πιστευσάντων
2620 1628 2723 1692 ὅτι,
2755 1628 2837 1679 Οὺ
2865 1625 2950 1693 μή
2988 1642 3075 1689 τις
3120 1623 3365 1691 ἁρπάσῃ
3394 1625 3465 1677 ἐκ
3502 1624 3623 1692 τῆς
3657 1641 3767 1691 χει-

2175 1726 2287 1791 ρός
2327 1736 2474 1791 μου·
2515 1719 2607 1771 καὶ
2653 1720 2733 1770 ὅτι
2786 1716 2838 1767 Ὁ
2871 1714 3093 1781 Πατὴρ,
3130 1713 3197 1779 ὃς
3229 1713 3451 1767 δέδωκέ
3484 1732 3623 1783 μοι,
3654 1718 3771 1783 μεί-

490 1812 606 1881 Ego
629 1824 675 1866 et
708 1811 870 1865 Pater
894 1829 1053 1866 unum
1078 1830 1257 1866 sumus
1290 1814 1355 1876 ¹²,
1388 1815 1467 1868 sic
1492 1823 1549 1868 ut
1572 1826 1754 1883 aperte
1785 1833 1948 1869 unum
1979 1833 2076 1886 pro

2187 1782 2291 1873 tu}
2327 1782 2578 1864 πάντων
2616 1808 2781 1862 ἐστί·
2818 1808 2932 1872 καὶ,
2979 1806 3188 1871 Οὐδείς
3219 1782 3769 1875 δύιιαταιγάρπάσαλ

488 1904 800 1972 :equalitate
842 1919 904 1958 ac
937 1904 1216 1959 identitate
1248 1905 1500 1972 potentia:
1526 1906 1777 1975 accipiat.
1811 1906 2074 1961 Praeterea

489 1996 533 2048 si
567 1996 657 2047 Dei
690 1997 865 2059 sedes,
904 2005 962 2049 ut
992 2011 1087 2050 nos
1107 1996 1401 2061 credimus,
1424 1997 1703 2067 dignitatis
1742 2012 1937 2052 nomen
1970 2009 2073 2062 est,

491 2088 577 2141 illa
612 2087 746 2142 Filio
774 2103 803 2139 a
854 2087 1063 2143 dextris
1110 2088 1287 2142 Patris
1318 2089 1590 2157 assignata
1628 2089 1784 2143 sedes
1817 2091 2075 2159 quidnam

489 2179 633 2232 aliud
665 2195 824 2246 quam
856 2179 1137 2245 dignitatis
1168 2181 1540 2248 aequalitatem
1576 2180 1847 2250 signiﬁcat
1875 2181 1900 2235 ἲ
1936 2181 2076 2247 Quin

486 2282 545 2325 ct
577 2272 840 2324 Dominus
877 2273 926 2323 iu
983 2273 1148 2342 gloria
1204 2273 1382 2327 Patris
1434 2284 1719 2326 venturum
1768 2288 1828 2328 se
1860 2274 2079 2340 pollice-

490 2363 657 2417 tur“.
684 2362 966 2433 Reliquum
1000 2374 1081 2419 est
1116 2366 1301 2433 igitur.
1335 2375 1393 2417 ut
1424 2382 1525 2419 vox
1561 2366 1735 2434 majus
1770 2366 1855 2420 bic
1885 2381 2079 2420 secun-

490 2458 614 2508 dum
648 2472 825 2509 causa:
876 2456 1136 2510 rationem
1180 2458 1412 2511 dicatur.
1450 2457 1579 2509 Nam
1618 2458 1873 2525 quoniam
1908 2474 1937 2511 a
1974 2457 2076 2511 Pa-

493 2555 575 2599 tre
594 2547 748 2616 origo
782 2558 863 2599 est
891 2545 1034 2611 Filii,
1069 2547 1169 2601 hoc
1210 2548 1380 2613 major
1403 2560 1485 2602 est
1517 2548 1697 2611 Pater,
1736 2550 1879 2618 quod
1914 2564 2077 2603 eausa

492 2638 562 2689 sit
583 2649 635 2689 et
661 2638 1006 2706 principium.
1034 2638 1377 2706 Quapmpter
1408 2648 1462 2692 et
1486 2638 1747 2693 Dominus
1783 2640 1861 2693 sic
1888 2640 2025 2692 dixit
2063 2660 2074 2695 :

498 2729 656 2782 Pater
684 2747 827 2783 meus
870 2747 948 2783 me
979 2732 1150 2798 major
1183 2741 1278 2797 est,
1313 2740 1471 2798 prout
1522 2731 1682 2785 Pater
1706 2732 1971 2786 videlicet.
2013 2731 2079 2785 ll-

488 2822 579 2874 lnd
610 2834 814 2884 autem,
857 2820 1053 2886 Pater,
1092 2822 1222 2888 quid
1277 2820 1420 2876 aliud
1473 2822 1675 2877 indicat
1714 2823 1814 2877 nisi
1860 2840 2076 2878 causam

492 2924 653 2981 atque
693 2913 958 2983 originem
995 2927 1116 2968 esse
1162 2912 1279 2979 ejus
1310 2914 1404 2981 qui
1436 2929 1500 2967 ex
1532 2915 1649 2982 ipso
1696 2916 1912 2984 genitus
1950 2915 2079 2969 est?

492 3006 729 3073 Denique
778 3006 1075 3059 secundum
1125 3015 1357 3059 vestram
1400 3009 1741 3075 sapientiam,
1776 3008 2076 3060 substantia

488 3096 604 3162 ipsa
638 3100 936 3152 substantia
978 3114 1083 3153 non
1116 3099 1313 3152 dicitur
1344 3099 1513 3166 major
1548 3110 1641 3153 ant
1670 3100 1867 3154 minor.
1902 3100 2078 3165 Quare

487 3202 543 3242 et
586 3192 879 3244 secundum
945 3191 1065 3245 illos
1128 3192 1302 3260 ipsos,
1346 3202 1402 3245 et
1448 3191 1742 3245 secundum
1795 3194 2077 3247 veritatem

492 3282 683 3349 ipsam,
721 3298 822 3335 vox
872 3283 1087 3350 majoris
1139 3298 1259 3352 qua:
1314 3294 1574 3353 usurpata
1605 3292 1710 3345 est,
1746 3284 1888 3337 nullo
1921 3297 2079 3351 pacto

491 3373 854 3437 praestantiam
890 3375 1186 3427 secandum
1242 3375 1597 3428 substantiam
1641 3375 1928 3444 signiﬁcat.
1967 3376 2076 3431 Nec

492 3478 619 3516 vero
660 3465 749 3517 hic
784 3464 897 3532 ipse
932 3466 1096 3519 Deum
1134 3465 1347 3521 Patrem
1374 3467 1629 3534 majorem
1664 3468 1864 3522 dixerit
1888 3484 2077 3523 secun-

491 3556 615 3607 dum
654 3557 871 3619 ruolem,
899 3560 991 3627 qui
1048 3560 1256 3613 scilicet
1302 3561 1573 3625 statuerit,
1616 3562 1970 3629 quantitatem
2024 3564 2074 3616 in

492 3646 601 3699 Deo
628 3648 849 3719 intelligi
884 3666 988 3705 non
1031 3662 1301 3720 oportere.
1326 3653 1581 3719 Superest
1614 3653 1775 3721 igitur
1806 3654 1873 3717 is,
1913 3669 2071 3723 quem

492 3753 589 3790 nos
630 3738 880 3801 diximus,
927 3741 1149 3808 majoris
1200 3743 1408 3806 modus,
1457 3742 2075 3811 principii,inquam,et

490 3841 687 3880 causae.
719 3828 889 3894 Quam
933 3832 1113 3898 itaque
1147 3833 1532 3899 blasphemiam
1570 3833 1716 3887 circa
1748 3850 1931 3889 vocem
1962 3852 2071 3887 ma-

488 3916 573 3982 ius
618 3923 863 3985 tentavit,
894 3939 954 3976 ea
987 3924 1247 3991 ejusmodi
1275 3934 1374 3979 est.

2180 1907 2249 1959 ἐκ
2283 1905 2394 1971 τῆς
2442 1903 2639 1971 χειρὸς
2677 1902 2782 1954 τοῦ
2820 1902 3049 1967 Πατρός
3074 1918 3213 1966 μου,
3253 1901 3573 1969 ἐπήγαγεν·
3629 1900 3769 1967 Ἐγὼ

2183 1998 2279 2052 καὶ
2308 2000 2339 2051 ό
2373 1995 2574 2062 Πατὴρ
2603 1994 2672 2047 ἐν
2714 1994 2920 2061 ἐσμεν,
2954 1990 3141 2059 σαερῶς
3172 1992 3232 2043 τὸ
3259 1991 3331 2044 ἐν
3360 1994 3483 2044 ἀντὶ
3514 1991 3612 2045 τοῦ
3656 1990 3765 2043 ἴσον

2184 2092 2279 2144 καὶ
2344 2088 2543 2142 ταὺτοῦ
2605 2086 2745 2141 κατὰ
2798 2086 3027 2158 δύναμιν
3084 2084 3552 2155 παραλαμϐάνων.
3614 2084 3764 2135 Ἀλλὰ

2187 2182 2293 2253 μὴν
2325 2181 2377 2234 εἴ
2403 2199 2465 2249 γε
2501 2181 2596 2233 καὶ
2636 2182 2663 2232 6
2698 2179 2885 2249 θρόνος
2916 2181 2943 2231 6
2987 2176 3081 2230 τοῦ
3117 2178 3248 2230 Θεοῦ
3284 2178 3424 2247 (80),
3455 2177 3647 2248 ὥσπερ
3679 2173 3765 2228 οὖν

2182 2274 2345 2343 ἡμεῖς
2381 2272 2848 2340 πεπιστεύκαμεν,
2895 2270 3202 2339 ἀξιώματός
3243 2272 3389 2321 ἐστιν
3418 2270 3611 2338 ὄνομα,
3646 2270 3680 2338 ἡ
3708 2272 3765 2320 ὲκ

2182 2364 2369 2429 δεξιῶν
2418 2363 2513 2416 τοῦ
2551 2364 2761 2434 Πατρὸς
2801 2363 3155 2432 ἀφωρισμένη
3192 2362 3267 2431 τῷ
3299 2361 3414 2431 Υίῷ
3454 2361 3692 2431 καθέδρα
3720 2362 3763 2411 τί

2185 2474 2316 2510 ποτε
2344 2456 2553 2527 ἕτερον,
2595 2456 2687 2508 καὶ
2713 2455 2834 2524 οὐχὶ
2866 2455 2925 2507 τὸ
2949 2453 3208 2524 ὁμότιμον
3236 2454 3335 2522 τῆς
3365 2454 3523 2518 ἀξίας
3566 2454 3763 2519 ἀποση-

2188 2548 2401 2619 μαίνει;
2440 2547 2599 2599 Ἀλλὰ
2632 2546 2727 2598 καὶ
2778 2543 2927 2614 ἥξειν
2967 2546 2994 2596 6
3023 2543 3229 2613 Κύριος
3272 2542 3671 2609 ἐπαγγέλλεται
3717 2542 3763 2589 ἐν

2182 2645 2247 2710 τῇ
2280 2640 2405 2712 δόξῃ
2435 2639 2529 2691 τοῦ
2576 2638 2808 2709 Πατρός.
2848 2636 3105 2707 Λεςπεται
3138 2636 3313 2688 τοίνυν
3358 2634 3503 2687 κατὰ
3537 2633 3627 2687 τὸν
3677 2632 3762 2699 τῆς

2184 2734 2364 2797 αἰτίας
2401 2732 2558 2799 λόγον
2608 2728 2844 2783 ἐνταῦθα
2882 2727 2945 2781 τὸ
2970 2726 3177 2797 μεῖζον
3222 2725 3503 2793 λέγεσθαι.
3557 2724 3762 2790 Ἐπειδὴ

2184 2826 2293 2895 γὰρ
2322 2823 2457 2893 (80‘)
2477 2824 2584 2876 ἀπὸ
2615 2822 2709 2875 τοῦ
2732 2820 2945 2891 Πατρὸς
2974 2819 3170 2891 ἡάρχὴ
3201 2819 3276 2888 τῷ
3304 2816 3434 2887 mg»,
3457 2816 3603 2869 κατὰ
3620 2816 3761 2867 τοῦτο

2188 2916 2389 2986 μείζων
2419 2917 2446 2967 6
2477 2915 2690 2984 Πατὴρ,
2718 2915 2794 2977 ὡς
2827 2913 2999 2975 αἴτιος
3030 2912 3122 2963 καὶ
3149 2911 3311 2981 ἀρχή.
3341 2910 3431 2962 Διὸ
3466 2912 3562 2962 καὶ
3602 2910 3629 2959 ὁ
3660 2907 3761 2961 Κύο

2190 3025 2301 3078 ριος
2331 3007 2504 3069 οὑτως
2533 3004 2685 3059 εἶπεν
2706 3024 2718 3035 ·
2762 3007 2816 3058 Ὁ
2850 3004 3051 3071 Πατήρ
3081 3021 3200 3071 μου
3226 2994 3438 3072 pelwa
3466 3020 3585 3069 μου
3618 2998 3757 3061 ἐστι,

2106 3136 2148 3194 C
2185 3099 2319 3151 καθὸ
2367 3099 2554 3169 Πατὴρ
2603 3098 2862 3167 δηλονότι.
2901 3096 2973 3194 1:6
3023 3095 3100 3157 δὲ,
3137 3094 3359 3161 Πατὴρ,
3394 3094 3447 3144 τί
3501 3093 3758 3194 filo-aq:

2184 3190 2364 3261 μαίνει
2391 3190 2422 3259 ἦ
2457 3190 2576 3259 οὐχ).
2608 3190 2668 3242 τὸ
2696 3190 2842 3241 αἰτία
2900 3182 3039 3239 εἶναι
3072 3188 3163 3239 καὶ
3192 3187 3334 3254 ἀρχὴ
3368 3185 3464 3237 τοῦ
3502 3184 3560 3250 ἐξ
3606 3181 3755 3237 αὑτοῦ

2181 3282 2571 3353 γεννηθέντος;
2605 3281 2782 3343 Ὅλως
2816 3280 2871 3332 δὲ
2906 3278 3062 3331 οὑσία
3102 3278 3321 3338 οὐσίας,
3373 3278 3470 3327 καὶ
3505 3275 3646 3327 κατὰ
3670 3275 3757 3342 τὴν

2185 3376 2458 3447 ὑμετέραν
2492 3374 2601 3444 (81)
2652 3372 2863 3440 σοερίαν,
2916 3368 3114 3439 μείζων
3165 3370 3259 3421 καὶ
3306 3368 3549 3421 ἐλάττων
3580 3369 3638 3420 οὑ
3685 3367 3756 3418 λέ-

2184 3485 2356 3537 γεται.
2392 3467 2555 3518 Ὥστε
2590 3465 2684 3517 καὶ
2718 3462 2860 3516 κατὰ
2893 3461 3136 3525 τούτους,
3171 3461 3263 3514 καὶ
3312 3460 3435 3513 κατ’
3466 3462 3637 3530 αὐτὴν
3669 3462 3753 3527 τὴν

2184 3560 2465 3630 ἀλήθειαν,
2530 3558 2704 3610 οὐδενὶ
2742 3556 2806 3608 ἂν
2840 3554 3025 3624 τρόπῳ
3070 3555 3167 3624 τὴν
3216 3554 3333 3604 κατ’
3366 3552 3561 3604 οὑσίαν
3606 3554 3755 3620 ὑπερ-

2181 3651 2311 3719 οχὴν
2358 3650 2386 3700 6
2437 3647 2797 3718 προκείμενος
2844 3644 3001 3712 λόγος
3038 3643 3127 3695 τοῦ
3161 3640 3439 3711 μείζονος
3492 3643 3751 3713 ὲμιραίνοι.

2194 3741 2355 3793 Ἀλλὰ
2408 3741 2514 3811 μὴν
2557 3739 2677 3791 οὐδὲ
2720 3738 2839 3790 κατ’
2886 3736 3049 3802 ὄγκον
3083 3735 3216 3806 φαίη
3272 3735 3339 3788 ἂν
3392 3736 3559 3797 αὑτὸς
3610 3728 3751 3792 οὗτος

2184 3835 2407 3905 μείζονα
2430 3834 2519 3886 τὸν
2545 3833 2676 3885 Θεὸν
2700 3830 2918 3901 Πατέρα
2936 3845 2949 3857 ’
2969 3830 2996 3881 ὃ
3021 3845 3079 3895 γε
3104 3828 3529 3897 ἀποφηνάμενος
3555 3827 3662 3895 (82)
3689 3825 3754 3895 μὴ

2179 3928 2375 3997 χρῆναι
2426 3926 2554 3997 περὶ
2594 3925 2685 3977 τὸν
2725 3923 2858 3975 Θεὸν
2899 3922 3149 3974 ὑπονοεῖν
3192 3921 3557 3989 πηλικότητα.
3601 3918 3753 3971 Ὑπό-

488 4012 672 4074 λοιπος
701 4009 793 4067 οὖν
826 4015 973 4067 ἐστιν
1004 4019 1031 4069 6
1061 4019 1188 4087 παρ’
1264 4019 1419 4089 ἡμῶν
1456 4020 1668 4090 λεχθεὶς
1733 4020 1827 4074 τοῦ
1861 4018 2131 4090 μείζονος
2171 4021 2392 4091 τρόπος,
2423 4020 2451 4071 6
2485 4018 2588 4087 τῆς
2629 4018 2825 4087 ἀρχῆς,
2854 4016 3019 4083 λέγω,
3054 4014 3146 4065 καὶ
3189 4014 3287 4083 τῆς
3322 4013 3527 4074 αἰτίας.
3569 4012 3632 4063 Ἥ
3666 4009 3753 4079 μὲν

487 4105 579 4157 οὖν
612 4106 753 4157 κατὰ
797 4107 856 4159 τὸ
876 4109 1077 4176 μεῖζον
1114 4110 1458 4180 ἐπιχείρησις
1502 4111 1669 4165 αὑτοῦ
1697 4114 1796 4184 τῆς
1845 4111 2194 4181 βλασφημίας
2227 4109 2470 4177 τοιαύτη.

559 4201 648 4253 26.
684 4199 816 4251 Illud
854 4210 1030 4253 autem
1066 4202 1421 4255 admiratione
1455 4205 1694 4272 dignum,
1725 4207 1867 4273 quod
1907 4207 1986 4260 sic
2018 4206 2069 4259 in

2246 4202 2337 4255 26.
2395 4202 2600 4253 Ἐκεῖνο
2630 4200 2686 4252 δὲ
2715 4198 2994 4268 θαυμάσαι
3026 4195 3193 4260 ἄξιον,
3222 4196 3302 4247 ὅτι
3336 4195 3513 4258 οὕτως
3546 4199 3602 4249 ὲν
3637 4195 3753 4265 βρα-

490 4294 678 4359 paucis
701 4293 767 4346 ad
800 4308 1080 4346 sermones
1110 4309 1366 4362 perquam
1394 4296 1531 4349 inter
1568 4311 1625 4349 se
1649 4299 1951 4351 contrarios
1980 4298 2075 4349 de-

491 4386 696 4454 lapsus,
724 4386 895 4441 oculis
939 4388 1104 4442 animi
1133 4390 1278 4443 velut
1307 4390 1540 4458 quadam
1576 4390 1818 4443 caecitate
1864 4390 2075 4456 percul-

490 4480 585 4541 sis,
617 4480 901 4534 verborum
952 4482 1091 4535 iuter
1119 4498 1178 4537 se
1218 4498 1456 4553 pugnam
1493 4483 1797 4551 intelligere
1840 4497 1950 4535 non
1979 4497 2074 4551 po-

492 4573 591 4624 tuit
619 4591 631 4626 :
658 4572 875 4640 planum
896 4582 952 4627 ut
985 4574 1057 4627 sit
1083 4589 1146 4627 ac
1168 4574 1539 4643 conspicuum,
1563 4589 1684 4627 eum
1713 4582 1819 4626 tam
1838 4572 2071 4625 alienum

490 4681 612 4719 esse
641 4681 667 4717 a
712 4666 800 4719 Dei
835 4682 985 4735 pace,
1016 4683 1178 4738 quam
1205 4668 1463 4722 Dominus
1515 4676 1698 4721 noster
1728 4667 1793 4719 iis
1823 4667 1913 4734 qui
1948 4680 2073 4720 vere

492 4772 556 4809 ac
582 4756 791 4811 sincere
832 4758 885 4810 in
940 4758 1112 4827 ipsum
1168 4760 1538 4822 crediderunt,
1567 4758 1803 4826 reliquit,
1838 4759 2020 4811 dicens
2054 4776 2067 4812 :

496 4848 683 4899 l’acem
724 4849 960 4918 relinquo
1012 4852 1189 4912 vobis,
1221 4868 1399 4917 pacem
1426 4867 1591 4903 vneam
1635 4852 1702 4903 do
1743 4852 1885 4903 vobis
1916 4851 1979 4913 η,
2017 4859 2075 4904 ut

491 4959 595 4993 non
626 4956 748 4996 cum
781 4942 901 4997 aliis
932 4942 1129 5007 solum,
1161 4945 1251 4996 sed
1284 4959 1466 4997 secum
1509 4943 1673 4997 etiam
1710 4942 1824 5011 ipse
1854 4951 2071 5012 pugnet.

565 5142 601 5170 "
632 5140 789 5195 Juan.
820 5158 872 5204 κ,
902 5142 990 5196 50.
1070 5144 1112 5173 ¹¹
1138 5143 1269 5199 ibid.
1302 5140 1493 5197 28—30.
1573 5144 1616 5173 ¹³
1640 5140 1831 5196 Matth.
1854 5158 1967 5208 xvr,
1997 5140 2087 5195 ‘27.

564 5330 673 5397 (78)
706 5330 1047 5402 Codexﬂunus
1078 5332 1139 5383 τὸ
1185 5332 1426 5401 μείζονα.
1456 5332 1748 5401 Aliquanto
1784 5342 1903 5402 post
1941 5334 2069 5388 editi

488 5401 612 5451 διον
640 5402 733 5452 καὶ
764 5402 842 5453 τό.
876 5401 1071 5452 Vocula
1101 5403 1194 5455 καί
1254 5405 1303 5455 in
1334 5403 1513 5457 multis
1547 5421 1673 5457 mss.
1707 5401 1878 5457 deost.

565 5470 674 5537 (79)
711 5472 845 5544 Elliti
898 5471 998 5544 τῆς
1047 5473 1233 5544 φωνῆς
1276 5472 1377 5543 τῆς
1419 5474 1649 5544 Κυρίου,
1709 5474 1831 5527 libri
1868 5484 2079 5529 veteres

489 5539 808 5611 τῆςφωνῆς
837 5541 932 5593 τοῦ
960 5542 1188 5611 Κυρίου.

566 5610 1080 5682 ςῖθὶηΛιιιίιμιίῌάιιὸ
1128 5611 1248 5665 libri
1298 5611 1489 5682 θρόνος
1537 5611 1631 5665 τοῦ
1671 5612 1829 5665 Θεοῦ.
1875 5612 2076 5667 Ibidem

494 5678 649 5797 clliti,
681 5679 894 5733 ’Ὡσπεο
921 5677 1011 5734 οὖν
1040 5684 1222 5751 ἡμεῖς.
1258 5677 1543 5751 ΙΙΙύά,οὑν,
1566 5684 1617 5738 in
1649 5683 1917 5754 aliquibus
1949 5699 2077 5739 mss.

497 5767 511 5797 t
535 5758 672 5797 eest-

497 5758 672 5803 tlccst.

2182 4297 2267 4365 χεῖ
2306 4293 2442 4364 πρὸς
2486 4293 2613 4355 τοὺς
2657 4291 3081 4352 ἐναντιωτάτους
3132 4288 3321 4355 λόγους
3365 4290 3751 4359 περιτρεπόμεο

2180 4403 2297 4449 νος,
2346 4384 2596 4455 καθάπερ
2629 4382 2861 4454 ἀορασίᾳ
2894 4384 2998 4433 τινὶ
3028 4382 3155 4443 τοὺς
3189 4383 3289 4450 τῆς
3330 4380 3516 4450 ψυχῆς
3567 4379 3746 4448 ὀφθαλ-

2182 4478 2315 4547 μοὺς
2358 4476 2761 4545 πεπληγμένος,
2810 4473 3037 4525 συνιδεῖν
3082 4473 3183 4541 τὴν
3231 4476 3288 4524 ἐν
3342 4475 3458 4534 τοῖς
3515 4473 3625 4533 (83)
3674 4472 3748 4522 λε-

2178 4570 2353 4639 χθεῖσι
2393 4570 2573 4639 μάχην
2612 4570 2711 4621 οὑκ
2743 4566 3001 4637 ἐδυνήθη·
3036 4566 3120 4618 ἵνα
3155 4567 3295 4634 φανῇ
3330 4564 3588 4617 τοσοῦτον
3620 4563 3745 4627 ξένῡς

2177 4660 2252 4713 ὢν
2281 4661 2381 4729 τῆς
2416 4660 2507 4713 τοῦ
2551 4658 2685 4711 Θεοῦ
2721 4660 2977 4730 εἰρήνης,
3025 4658 3092 4727 ἠν
3125 4659 3152 4710 6
3188 4656 3397 4727 Κύριος
3444 4656 3608 4726 ἡμῶν
3652 4656 3743 4713 τοῖς

2176 4752 2415 4820 γνησίως
2462 4752 2558 4803 καὶ
2620 4750 2826 4811 ἀδόλως
2864 4752 2944 4811 εἰς
2989 4748 3149 4802 αὑτὸν
3197 4748 3624 4800 πεπιστευκόσιν
3660 4746 3743 4811 :1;-

2178 4845 2334 4914 ἧκεν,
2362 4842 2559 4895 εἰπών·
2610 4841 2874 4909 Εἰρήνην
2910 4842 3119 4910 ἀφίημι
3156 4838 3320 4908 ὑμῖν,
3351 4838 3602 4907 εὶρήνην
3648 4836 3743 4901 τὴν

2180 4936 2334 5005 ἐμὴν
2381 4935 2589 5004 δίδωμι
2632 4935 2803 5003 ὑμῖν·
2842 4934 2983 4986 ὥστε
3030 4934 3152 5003 οὐχὶ
3198 4935 3309 4995 τοῖς
3356 4932 3540 4995 ἄλλοις
3586 4930 3740 5002 μόνον,

2166 5138 2211 5171 ¹⁸
2234 5138 2389 5193 Joan.
2421 5153 2530 5201 xrv,
2568 5138 2656 5190 ΕΠ.

2252 5334 2384 5399 (80⁸)
2416 5333 2547 5397 Reg.
2576 5342 2803 5400 quartus
2829 5330 2981 5401 παρὰ
3002 5331 3121 5383 τοῦ.

2248 5404 2361 5472 (Ri)
2392 5405 2529 5457 Eiliti
2563 5399 2616 5455 et
2658 5401 2791 5469 Reg.
2826 5399 3095 5472 secundus
3136 5399 3279 5472 κατὰ
3314 5402 3417 5470 τὴν
3462 5401 3735 5471 ἡμετέραν.

2173 5470 2276 5528 Alii
2304 5486 2541 5536 quatuor
2571 5487 2699 5524 mss.
2730 5470 2873 5524 κατὰ
2892 5472 2989 5540 τὴν
3020 5471 3311 5540 ὑμετέραν.

2247 5544 2357 5611 (8‘2)
2391 5542 2527 5595 Editi
2556 5540 2778 5610 μείζονα
2801 5542 2891 5594 τὸν
2916 5542 3144 5611 πατέρα’
3169 5542 3196 5592 ὃ
3214 5557 3277 5608 γε
3302 5542 3734 5610 ἀποφαινόμενος.

2174 5612 2328 5667 Coll).
2363 5628 2481 5665 cum
2516 5611 2649 5679 Reg.
2691 5613 2848 5665 tertio
2886 5613 2962 5664 uti
3001 5613 3177 5678 legere
3201 5622 3285 5664 est
3316 5613 3371 5663 in
3408 5622 3677 5664 contextu.

2248 5682 2360 5751 (85)
2392 5681 2537 5735 Libri
2571 5692 2784 5739 veteres
2815 5682 2915 5753 τὴν
2946 5684 3003 5735 ὲν
3029 5683 3161 5743 τοῖς.
3194 5679 3353 5746 illud,
3392 5682 3494 5752 τήν
3522 5684 3574 5736 in
3602 5680 3736 5737 editis

2179 5754 2537 5811 desideratur.
