3836 6222
79 312 232 368 569
1253 323 1622 383 ADVERSUS
1659 330 2028 388 EUNOMIUM
2063 333 2193 387 LIB.
2236 335 2278 388 Ι.
3277 353 3382 410 570

75 425 252 482 ἀλλά
289 435 386 481 και
413 433 575 494 αυτὸς
619 433 796 504 ἐαυτῷ
826 434 1172 505 διαμάχεται.
1217 438 1454 502 Μείζονα
1487 443 1593 513 γὰρ
1623 460 1643 494 ε

1763 492 1772 510 ι
1801 445 1934 500 Nam
1965 449 2054 502 ubi
2097 448 2264 502 Deum
2303 458 2357 502 et
2387 450 2598 506 Patrem
2633 455 2766 510 dixit
2795 457 3072 528 unigenito
3102 463 3242 520 Filio
3270 485 3380 524 ma-

77 519 232 573 πὼν
261 519 354 572 τὸν
384 520 514 574 Θεὸν
547 524 641 576 καὶ
674 525 891 596 Πατέρα
921 528 1014 580 τοῦ
1050 529 1380 596 Μονογενοῦς
1413 533 1563 596 Υίοῦ,
1600 552 1643 587 κε

1791 538 1990 608 jnrem,
2031 551 2086 594 et
2121 559 2214 596 eos
2263 547 2352 611 qui
2387 547 2645 613 aequalem
2691 550 2894 618 dicunt,
2934 555 3218 612 dementiae
3258 561 3378 616 insi-

75 613 222 672 τοῖς
247 612 308 664 τὸ
333 611 444 666 ἴσον
468 613 684 683 λέγουσι
710 618 906 688 μανίαν
929 621 1256 686 ἐπικαλέσας
1279 625 1412 695 (84),
1435 626 1510 689 ὼς
1530 629 1692 690 αὐτὸς

77 703 542 776 ἀναντιρῥήτους
573 707 712 778 ἔχων
757 711 946 764 τούτου
979 712 1078 776 τὰς
1121 715 1442 782 ἀποδείξεις,
1493 720 1688 792 μικρὸν

77 797 322 862 ὑποϐὰς
348 800 617 869 σκέψασθε
644 799 732 856 οἷα
759 805 980 875 γράφει.

1799 631 2051 698 mulavit;
2084 637 2236 702 quasi
2266 646 2608 704 suppeterent
2639 641 2739 695 sibi
2763 657 2826 697 ea
2855 647 2920 699 de
2949 661 3006 699 re
3034 648 3378 708 demonstra-

1797 722 1992 785 tiones,
2025 725 2218 793 quibus
2245 740 2348 780 non
2385 729 2554 796 possit
2595 735 2912 801 contradici,
2941 739 3218 806 paululum
3251 757 3378 812 pro-

1793 824 2014 878 gressus
2047 814 2222 878 qualia
2249 815 2472 883 scribat,
2508 821 2816 886 expendite.

169 891 340 946 ΕΥΝ.
381 892 521 944 Ἀλλ’
565 893 646 946 ὅτι
701 895 800 965 μὲν
832 892 913 958 εἷς
959 897 1120 950 ὁτῶν
1171 900 1310 953 ὅλων
1355 901 1487 964 Θεὸς
1533 904 1643 971 ἀγέε

1863 900 1996 956 Eun.
2045 902 2269 970 Verum,
2313 911 2454 976 quod
2503 925 2638 964 unus
2695 913 2765 966 sit
2813 916 3182 974 universorum
3227 923 3369 980 Dens

77 999 266 1052 νητος
304 987 398 1037 καὶ
427 984 777 1057 ἀσύγκριτος,
822 989 1085 1044 πλειόνων
1130 992 1300 1046 ὄντων
1346 993 1455 1046 τῶν
1501 985 1643 1064 παρα

1791 994 2058 1064 ingenitus
2083 1008 2244 1065 atque
2284 1001 2738 1071 incomparaliilis,
2765 1007 3004 1075 pluribus
3035 1015 3280 1082 omissis,
3303 1031 3364 1070 ea

77 1073 504 1146 λελειμμένων,
545 1081 814 1152 ἀποχρῆν,
854 1081 1115 1152 ἡγοῦμαι,
1165 1085 1261 1137 καὶ
1321 1086 1390 1140 τὰ
1449 1088 1643 1159 ρηθέντ

1787 1101 1907 1156 qua}
1960 1088 2100 1140 dicta
2149 1099 2290 1153 sunt,
2341 1103 2490 1159 puto,
2520 1073 2790 1152 sulﬁciunt
2828 1101 2894 1154 ad
2946 1103 3366 1162 demonstratio-

77 1167 242 1236 πρὸς
275 1167 571 1233 ἀπόδειξιν.

1787 1192 1927 1233 nem.

165 1259 325 1314 ΒΑΣ.
373 1261 697 1333 Ἐρωτάσθω
729 1263 928 1330 τοίνυν,
979 1268 1026 1319 εί
1075 1266 1403 1338 ἀσύγκριτος
1446 1272 1475 1322 ὁ
1513 1271 1642 1334 Θεὸς

1853 1271 1980 1325 Bas.
2005 1271 2374 1342 lnterrogetur
2399 1274 2582 1345 itaque
2619 1294 2632 1330 :
2671 1279 2714 1332 si
2742 1279 3175 1350 incomparabilis
3197 1289 3358 1360 237

73 1351 268 1404 πόθεν
309 1353 472 1406 αὐτοῦ
505 1355 538 1424 ὴ
577 1356 815 1428 ὑπεροχὴ
849 1357 1191 1430 κατελήφθη;
1231 1361 1304 1414 Τὸ
1349 1361 1458 1432 γὰρ
1495 1362 1643 1432 μεῖζο

1783 1369 1866 1413 est
1907 1362 2068 1425 Deus,
2113 1367 2250 1417 unde
2295 1369 2579 1433 praesentia
2624 1369 2741 1438 ejus
2783 1375 3170 1442 comprehensa
3225 1384 3358 1436 est?

73 1445 152 1498 ἐκ
185 1445 294 1514 τῆς
332 1446 466 1516 πρὸς
513 1447 580 1500 τὰ
630 1449 1006 1520 ὑπερεχόμενα
1051 1452 1404 1520 παραθέσεως
1459 1453 1643 1526 θεωρεῖ

1781 1450 1987 1521 Quippe
2024 1454 2074 1507 id
2109 1455 2250 1522 quod
2281 1457 2452 1523 majus
2487 1471 2570 1515 est
2599 1477 2664 1515 ex
2715 1469 3118 1533 comparatione
3167 1487 3354 1529 eorum

81 1553 207 1590 ται.
253 1537 380 1600 Πῶς
411 1533 504 1590 οὖν
536 1541 563 1591 ὁ
595 1539 758 1602 αὐτὸς
799 1541 892 1593 καὶ
933 1541 1130 1611 μείζων
1169 1544 1285 1596 ἐστὶ
1326 1546 1420 1598 καὶ
1461 1547 1643 1618 ἀπαρά

1780 1557 1898 1610 quae
1931 1555 2275 1613 superantur,
2308 1551 2627 1608 aestimatur.
2665 1554 2765 1620 Qui
2801 1557 2965 1627 igitur
2994 1561 3110 1616 ﬁeri
3154 1576 3352 1633 potest,

72 1626 288 1694 6310;;
334 1628 473 1682 Ἀλλ’
497 1629 602 1683 ἵνα-
615 1631 714 1700 μὲν
749 1631 1212 1705 παρηλλαγμένην
1253 1636 1346 1688 τοῦ
1397 1637 1532 1690 Θεοῦ
1574 1639 1640 1710 τὴ

1779 1641 1836 1684 ut
1863 1633 2002 1688 idem
2031 1645 2086 1690 et
2133 1639 2306 1708 major
2337 1639 2407 1692 sit
2435 1651 2491 1695 et
2545 1626 2984 1716 incomparabilis
3013 1653 3036 1706 ?
3067 1626 3260 1710 Verum
3297 1669 3354 1712 ut

71 1720 285 1773 οὐσίαν
321 1720 456 1791 πρὸς
499 1722 596 1793 τὴν
642 1721 735 1776 τοῦ
768 1725 1109 1792 Μονογενοῧς
1143 1727 1404 1798 ἐπιδείξῃ,
1448 1747 1643 1803 συγκρι

1781 1723 1871 1778 Dei
1917 1728 2270 1782 substantiam
2317 1733 2385 1786 ab
2427 1733 2692 1804 Unigenili
2745 1741 3043 1798 subSIantia
3083 1749 3350 1804 diversam

72 1813 261 1875 τικῶς
309 1811 598 1882 λεγόμενον
635 1814 696 1866 τὸ
711 1813 912 1882 μεῖζον
955 1817 1034 1880 είς
1072 1817 1172 1888 τὴν
1201 1819 1297 1888 τῆς
1342 1820 1528 1885 οὐσίας
1564 1822 1643 1876 δια

1775 1817 2101 1883 ostenderet,
2123 1817 2270 1884 illud,
2300 1823 2494 1888 majus,
2517 1841 2612 1879 ceu
2648 1833 3009 1898 comparative
3036 1848 3346 1907 usurpatum

70 1905 266 1975 φορὰν
309 1893 616 1970 ἐξεδέξατο·
652 1905 738 1958 ἵνα
764 1906 821 1959 δὲ
865 1905 1024 1961 πάλιν
1073 1911 1153 1972 είς
1191 1909 1251 1962 τὸ
1299 1912 1559 1982 ὁμότιμον
1603 1919 1643 1965 τῆ

1772 1920 1870 1973 pro
1919 1907 2235 1966 substantia?
2285 1914 2598 1974 diversitate
2641 1923 2850 1991 accepit
2889 1940 2902 1976 :
2945 1893 3246 1996 rursus,-ut
3279 1935 3346 1989 ad

71 1997 274 2050 κτίσει
317 1996 408 2048 τὸν
456 1997 735 2066 Μονογενῆ
789 2001 1074 2070 καταγάγῃ
1097 2039 1111 2062 ,
1158 2001 1486 2072 ἀσύγκριτον
1534 2000 1643 2058 εἷνα

1771 2006 2034 2052 creaturae
2057 2004 2415 2070 aiqualitatem
2451 2007 2793 2080 Unigcnitum
2831 2015 3102 2088 detrudat,
3127 2021 3344 2080 Patrem

71 2089 178 2142 τὸν
223 2087 450 2159 Πατέρα
481 2089 788 2160 νομοθετεῖ·
829 2092 1020 2162 καινήν
1049 2109 1172 2145 τινα
1205 2094 1299 2146 καὶ
1342 2095 1643 2168 ἀσύγκριτα

1769 2092 1944 2144 sancit
1976 2107 2094 2148 esse
2125 2096 2624 2168 incomparabilem.
2647 2104 2848 2162 Novam
2876 2111 3090 2180 quidem
3125 2132 3188 2171 ac
3221 2133 3346 2174 vere

71 2179 258 2244 δντως
299 2179 398 2250 τὴν
430 2181 548 2235 ὁδὸν
578 2183 676 2252 τῆς
712 2181 1058 2254 βλασφημίας
1105 2185 1368 2239 ἐπινοῶν·
1399 2189 1456 2240 ὲν
1499 2207 1643 2260 προσι

1769 2180 2240 2252 incomparabilem
2293 2191 2642 2262 blasphemiae
2679 2199 2818 2253 viam
2859 2179 3196 2262 commentus
3239 2223 3336 2266 esz.

71 2273 310 2343 ποιήσει
355 2273 420 2344 δὴ
468 2273 562 2326 τοῦ
612 2273 780 2343 ὑψοῦν
834 2277 927 2328 καὶ
977 2275 1214 2347 ἐξαίρειν
1255 2279 1346 2331 τὸν
1391 2278 1524 2332 Θεὸν
1573 2297 1643 2334 κα

1765 2276 1854 2341 qui
1900 2276 2105 2334 interea
2139 2283 2264 2334 dum
2303 2285 2542 2339 exaltare
2570 2301 2628 2342 se
2666 2305 2730 2343 ac
2769 2293 3026 2348 extollere
3081 2298 3246 2353 Deum
3288 2311 3342 2356 et

71 2366 344 2437 Πατέρα,
381 2365 476 2418 τοῦ
517 2367 858 2435 Μονογενοῦς
901 2369 1032 2422 Υίοῦ
1063 2370 1157 2422 καὶ
1189 2369 1323 2424 Θεοῦ
1363 2371 1463 2443 τὴν
1508 2372 1665 2438 δόξαν

71 2455 581 2528 κατασμικρύνων·
629 2457 720 2510 τοῦ
761 2459 962 2530 Κυρίου
991 2460 1530 2532 διαμαρτυρουμένου
1571 2465 1664 2518 καὶ

71 2547 372 2612 λέγοντος·
411 2548 464 2600 '0
503 2548 590 2618 μὴ
645 2548 830 2618 τιμῶν
881 2550 988 2604 τὸν
1045 2553 1202 2616 Υἱὸν,
1245 2555 1318 2606 οὐ
1375 2552 1512 2640 τιμᾷ
1551 2555 1664 2636 ,τὸν

71 2640 348 2709 Πατέρα·
399 2641 526 2694 καί·
575 2643 636 2694 '0
689 2642 918 2698 ἀθετῶν
961 2644 1065 2712 ἐμὲ
1116 2647 1228 2698 οὐκ
1278 2645 1384 2714 ἐμὲ
1431 2648 1656 2700 ἀθετεῖ·

68 2733 244 2786 ἀλλὰ
275 2731 385 2786 τὸν
416 2732 736 2803 πέμψαντά
766 2752 860 2804 με.
912 2736 1050 2789 Ἀλλ’
1091 2739 1118 2790 ὁ
1156 2737 1348 2809 ἐχθρὸς
1383 2739 1484 2809 τῆς
1531 2739 1662 2810 ἁλη-

67 2825 264 2892 θείας,
311 2828 340 2879 ὀ
372 2826 612 2898 ἐνεργῶν
659 2827 728 2880 τὰ
777 2828 1002 2882 τοιαῦτα
1055 2830 1232 2898 λέγειν
1279 2832 1374 2884 καὶ
1424 2831 1658 2902 γράφειν

67 2917 290 2980 αὐτοῖς,
319 2913 454 2969 εἶδεν
497 2919 672 2970 ἐκεῖνο
701 2917 834 2987 (85),
871 2920 973 2983 ὅτι,
1005 2921 1054 2972 εί
1100 2920 1236 2990 πρὸς
1286 2922 1388 2991 τὴν
1442 2921 1658 2974 σύνεσιν

69 3009 282 3070 αὐτοὺς
310 3007 409 3076 τῆς
435 3007 528 3061 τοῦ
563 3009 898 3076 Μονογενοῦς
925 3010 1085 3080 δόξης
1112 3012 1536 3080 ἁποτυφλώσειε,
1565 3015 1656 3068 καὶ

1765 2365 1980 2424 Patrem
2013 2371 2252 2438 simulat,
2283 2374 2564 2432 imminuat
2593 2377 2862 2450 Cnigeniti
2893 2385 3012 2440 Filii
3033 2400 3086 2443 et
3110 2392 3198 2447 Dei
3231 2409 3344 2448 ma-

1758 2463 2014 2528 jestatem
2049 2480 2064 2530 ;
2095 2479 2408 2538 quanquam
2460 2470 2718 2530 Dominus
2775 2485 3007 2533 testatur
3055 2497 3118 2536 ac
3161 2484 3337 2538 dicit:

1764 2550 1868 2616 Qui
1901 2568 2003 2606 non
2019 2553 2242 2608 honorat
2277 2556 2507 2625 Filium,
2539 2561 2750 2620 Patrem
2779 2587 2880 2623 non
2909 2570 3128 2627 honorat
3161 2575 3205 2608 "
3227 2595 3242 2643 ;
3266 2585 3338 2643 el,

1763 2639 1866 2704 Qui
1893 2658 1973 2694 me
1999 2647 2306 2714 contemnit,
2339 2665 2441 2703 non
2469 2667 2550 2706 me
2568 2661 2973 2724 contemnit,sed
2995 2679 3110 2716 eum
3145 2666 3238 2734 qui
3261 2683 3342 2721 me

1759 2737 1896 2788 niisit
1921 2737 1984 2791 ¹⁶.
2021 2739 2127 2793 Sed
2167 2743 2412 2799 veritatis
2448 2745 2723 2815 inimicus,
2751 2754 2900 2823 cujus
2939 2771 3102 2825 opera
3140 2774 3203 2814 ac
3239 2761 3340 2814 im-

1757 2829 1912 2894 pulsu
1943 2829 2034 2882 isti
2078 2829 2192 2885 bare
2229 2833 2414 2888 dicunt
2447 2838 2817 2910 scribuntque,
2855 2844 2982 2900 illud
3017 2849 3168 2913 vidit,
3197 2856 3339 2920 quod

1758 2914 1930 2973 si'eos
1973 2921 2118 2975 circa
2163 2923 2346 2993 gloriae
2385 2925 2652 2998 Unigeniti
2695 2935 3058 3003 cognitionem
3097 2957 3305 2998 excaecat

1759 3009 1848 3072 rit,
1878 3011 2041 3066 etiam
2073 3013 2242 3082 ipsius
2299 3017 2395 3070 Dei
2435 3035 2499 3074 ac
2538 3018 2717 3077 Patris
2760 3029 3124 3094 cognitionem
3174 3034 3337 3095 simul

67 3098 176 3168 τὴν
207 3096 376 3150 αὐτοῦ
408 3099 502 3150 τοῦ
549 3099 682 3152 Θεοῦ
715 3100 810 3153 καὶ
843 3102 1055 3174 Πατρὸς
1086 3102 1285 3170 γνῶσιν
1321 3105 1643 3175 συναφαιρή-

1763 3102 2033 3158 ablaturus
2075 3119 2218 3160 esset
2253 3125 2267 3160 :
2306 3119 2364 3162 ut
2389 3111 2601 3166 etiamsi
2645 3116 2928 3171 videantur
2957 3127 3338 3191 praircgativas

67 3207 268 3244 σεται·
305 3191 474 3254 ὥστε,
517 3194 565 3244 εἰ
597 3193 689 3246 καὶ
739 3193 986 3246 δοκοῦσιν
1031 3193 1335 3266 ὑπερϐολὰς
1381 3213 1532 3260 τινας
1576 3197 1643 3249 νέ-

1763 3196 2020 3258 quasdam
2056 3195 2166 3250 Deo
2199 3207 2254 3252 et
2285 3197 2426 3254 Patri
2453 3203 2772 3272 attribuere,
2811 3181 3012 3263 nullum
3045 3181 3224 3268 tanien
3255 3216 3308 3269 in

69 3299 204 3353 μειν
235 3283 318 3354 τῷ
345 3283 462 3354 Θεῷ
489 3286 584 3336 καὶ
611 3286 818 3356 Πατρὶ,
862 3286 1025 3356 μηδὲν
1073 3287 1255 3350 αὐτοῖς
1285 3287 1474 3355 ὄφελος
1521 3284 1658 3342 εἷναι

65 3375 174 3444 τῆς
225 3375 366 3446 πρὸς
406 3375 570 3428 αὐτὸν
613 3375 854 3448 ἀγούσης
899 3375 1017 3431 ὁδοῦ
1049 3377 1147 3448 τὴν
1192 3379 1394 3446 γνῶσιν
1438 3381 1656 3451 ἀφῃρη-

69 3469 290 3540 μένοις.
345 3467 560 3538 Ἐπειδὴ
614 3470 710 3522 καὶ
773 3470 1016 3524 Ἰουδαῖοι
1073 3471 1317 3539 δοξάζειν
1377 3473 1467 3526 τὸν
1527 3473 1658 3527 Θεὸν

64 3561 314 3624 οἴονται,
371 3561 464 3614 καὶ
518 3561 784 3630 Ἐλλήνων
851 3579 936 3625 τις
977 3562 1267 3618 ἀκούσεται
1320 3564 1658 3636 βουλομένων

63 3667 120 3707 τι
159 3653 310 3724 μέγα
359 3652 488 3723 περὶ
531 3651 664 3706 Θεοῦ
720 3652 928 3721 λέγειν·
963 3654 1079 3707 ἀλλ’
1125 3655 1274 3726 ὅμως
1322 3657 1422 3711 οὐκ
1462 3657 1526 3710 ἄν
1571 3676 1656 3722 τις

63 3747 218 3798 εἴποι
255 3743 576 3814 μεγαλύνειν
604 3745 800 3809 αὐτοὺς
831 3745 922 3800 τὸν
950 3745 1083 3801 Θεὸν
1111 3747 1240 3801 ἄνευ
1269 3751 1370 3818 τῆς
1410 3751 1492 3812 είς
1521 3749 1656 3820 Χρι-

65 3837 200 3890 στὸν
250 3836 524 3901 πίστεως,
576 3836 644 3890 δι’
687 3829 749 3890 οὗ
779 3841 812 3908 ή
869 3841 1204 3912 προσαγωγὴ
1247 3841 1345 3912 τῆς
1400 3840 1657 3910 γνώσεώς

63 3932 245 3983 ἔστιν.

135 4025 234 4080 27.
290 4025 646 4098 Ἀσύγκριτον
686 4023 778 4079 οὖν
826 4024 918 4078 τὸν
964 4024 1098 4079 Θεὸν
1153 4025 1322 4094 λέγει,
1370 4025 1456 4078 ἵνα
1504 4025 1652 4100 δείξῃ

65 4117 204 4170 Υἱὸν
233 4116 348 4170 ἴσον
394 4117 523 4170 ὄντα
553 4119 619 4188 τῇ
653 4117 856 4180 κτίσει,
892 4119 950 4171 ὲν
994 4117 1073 4188 τῷ
1110 4118 1311 4187 ὁμοίως
1349 4118 1452 4188 τῆς
1494 4119 1652 4190 δόξης

61 4209 166 4262 τοῦ
199 4207 417 4279 Πατρὸς
461 4207 848 4262 ἀπολείπεσθαι
869 4226 882 4238 ·
914 4208 1046 4260 διότι
1079 4207 1148 4260 τὰ
1187 4207 1298 4276 (86)
1337 4207 1436 4278 ἴσῳ
1467 4207 1653 4280 μέτρῳ

65 4301 452 4372 ὑπερεχόμενα
495 4301 588 4353 ἴσοι
629 4299 876 4372 ἀλλήλοις
917 4299 1231 4368 ἀναγκαίως
1277 4301 1414 4354 ἐστί.
1455 4299 1653 4352 Τοσοῦ-

61 4411 160 4447 τον
191 4393 248 4447 δὲ
283 4393 608 4464 ὑπερέχεται
653 4391 795 4445 κατὰ
837 4391 928 4445 τὸν
971 4391 1158 4444 τούτου
1203 4391 1316 4462 (87)
1362 4391 1516 4458 λόγον
1546 4393 1651 4444 ὑπὸ

1762 3286 1828 3338 de
1857 3285 2280 3342 emolumentum
2332 3304 2750 3361 consequantur,
2787 3313 2910 3353 cum
2952 3302 3030 3356 eis
3070 3304 3186 3376 ejus
3215 3307 3334 3370 viae,

1760 3393 1880 3447 quae
1920 3379 1986 3433 ad
2023 3380 2194 3449 ipsum
2248 3383 2414 3448 ducit,
2446 3389 2697 3458 adempta
2752 3393 2940 3446 notitia
2977 3397 3068 3448 sit.
3107 3394 3241 3452 Nam
3281 3411 3338 3455 et

1757 3468 1926 3524 Judaei
1956 3471 2122 3538 gloria
2148 3472 2311 3528 Deum
2345 3477 2558 3538 aﬂicere
2580 3496 2638 3536 se
2661 3492 2878 3548 putant;
2911 3496 2960 3540 el
2995 3490 3182 3545 audias
3207 3507 3338 3562 gen-

1759 3560 1881 3615 tiles
1920 3563 2225 3629 nonnullos,
2255 3567 2346 3634 qui
2375 3567 2574 3637 aliquid
2613 3571 2777 3625 velint
2809 3578 2984 3645 magni
3015 3578 3082 3633 de
3111 3560 3228 3637 Deo
3247 3585 3332 3636 di-

1756 3667 1880 3707 cere
1902 3675 1913 3710 :
1933 3655 2036 3708 sed
2075 3654 2144 3712 ab
2171 3657 2237 3712 iis
2268 3659 2471 3729 absque
2501 3662 2606 3717 fide
2647 3664 2700 3716 in
2732 3665 3006 3722 Christum
3037 3685 3135 3737 per
3173 3687 3330 3742 quem

1754 3745 1820 3800 ad
1852 3747 2212 3816 cognitionem
2241 3765 2490 3810 accessus
2518 3753 2598 3820 ﬁt,
2619 3755 2784 3812 Deum
2820 3761 3151 3830 magniﬁcari
3182 3767 3334 3821 dixe-

1755 3837 1825 3890 rit
1854 3854 2033 3895 nemo.

1821 4035 1910 4088 27.
1948 4035 2432 4108 Iucomparabilem
2470 4041 2636 4113 igitur
2673 4046 2802 4101 dicit
2829 4047 3016 4117 Deum,
3049 4062 3107 4106 ut
3136 4055 3330 4110 Filium

1753 4128 1805 4180 in
1835 4143 1899 4182 eo
1927 4131 2192 4184 creaturis
2214 4131 2472 4201 aequalem
2503 4149 2625 4190 esse
2649 4140 2920 4206 ostendat,
2949 4146 3092 4210 quod
3123 4149 3334 4215 pariter

1753 4221 1906 4275 abest
1935 4237 1964 4274 a
2007 4223 2292 4292 majestate
2343 4225 2538 4282 Patris.
2571 4228 2702 4296 Quae
2743 4234 2888 4287 enim
2935 4239 3129 4305 arquali
3167 4255 3329 4310 supe—

1755 4321 1944 4365 rantur
1981 4327 2257 4379 mensura,
2288 4317 2517 4386 aequalia
2565 4321 2706 4376 inter
2735 4337 2794 4378 se
2828 4331 3140 4384 necessario
3180 4342 3327 4388 sunt.

1753 4401 1988 4456 Tantum
2033 4411 2214 4458 autem
2251 4419 2542 4476 superatur
2584 4413 2880 4468 secundum
2915 4416 3070 4483 hujus
3107 4431 3330 4477 senten-

59 4485 162 4538 τοῢ
189 4485 326 4539 Θεοῦ
355 4486 450 4538 καὶ
472 4484 730 4555 Πατρὸςὸ
760 4481 1070 4550 Μονογενίὴς
1090 4483 1237 4547 Υἱὸς,
1265 4485 1388 4536 ὅσον
1424 4483 1517 4536 καὶ
1543 4483 1643 4536 τῶν

1763 4493 1881 4544 tiam
1920 4509 1949 4547 a
1989 4493 2097 4549 Deo
2127 4506 2183 4550 et
2215 4495 2377 4552 Patre
2417 4500 2728 4570 unigenitus
2754 4503 2940 4574 Filius,
2977 4481 3238 4578 quantum
3275 4525 3332 4569 et

61 4579 244 4630 ἄλλων
281 4576 528 4630 ἕκαστον.
560 4575 811 4628 Τοιοῦτον
862 4576 970 4644 γάρ
1015 4577 1130 4626 ἐστι
1181 4575 1242 4627 τὸ
1292 4573 1644 4645 ἀσύγκριτον,

59 4669 88 4720 ὃ
118 4669 290 4721 πᾶσιν
319 4667 521 4736 ὁμοίως
549 4667 696 4719 ἐστὶν
725 4664 1172 4735 ἀπροσπέλαστον
1211 4667 1304 4718 κα)¹
1331 4665 1639 4734 ἀνέφικτον.

61 4761 126 4812 Et
157 4759 217 4812 δὲ
262 4757 377 4811 ἴσον
427 4757 538 4830 (88)
582 4760 696 4821 τοῖς
744 4756 924 4818 ἄλλοις
961 4756 1054 4808 τοῦ
1094 4755 1308 4827 Πατρὸς
1354 4756 1648 4809 ἀπολείπε-

59 4871 174 4917 ται,
207 4851 322 4916 ἴσος
359 4852 590 4915 ἐκείνοις
630 4851 747 4902 ἐστὶ
785 4848 902 4920 μεθ’
932 4841 1006 4902 ὧν
1046 4849 1418 4903 ἀπολείπεται.
1448 4849 1513 4900 Τί
1552 4846 1645 4902 οὖν

59 4947 162 5016 τῆς
193 4945 545 5016 βλασφημίας
577 4943 780 5014 ταύτης
813 4945 994 5014 χεῖρον
1025 4941 1228 4994 εἴποιεν
1259 4940 1324 4994 ἂν
1365 4942 1644 5008 Ἰουδαῖοι;

60 5038 198 5090 τίδὲ
243 5038 356 5090 τῶν
393 5037 562 5089 ἐθνῶν
608 5035 874 5103 λεγόντων
909 5033 1056 5086 ἐστὶν
1101 5033 1348 5098 ἀκούειν;
1397 5035 1508 5087 Καὶ
1547 5037 1648 5088 ούκ

62 5128 391 5200 ὲρυθριῶσιν
419 5130 467 5180 oi
510 5127 602 5180 τὸν
629 5126 722 5178 τοῦ
761 5125 898 5178 Θεοῦ
932 5126 1102 5192 Λόγον
1146 5125 1466 5194 πρεσϐεύειν
1510 5144 1643 5197 σχη-

65 5218 441 5289 ματιζόμενοι,
477 5217 752 5278 Ἰουδαίοις
785 5215 880 5268 καὶ
909 5215 1132 5282 Ἕλλησι
1167 5215 1296 5266 φίλα
1340 5216 1433 5268 καὶ
1476 5233 1646 5286 προσ-

133 5357 176 5391 ²⁸
201 5353 363 5409 Joan.
391 5369 444 5418 ν,
468 5353 559 5408 25.
637 5353 681 5386 "
717 5351 852 5406 Luc.
893 5367 949 5416 κ,
984 5351 1072 5404 16.

132 5469 248 5540 (84)
289 5469 420 5535 Reg.
445 5469 646 5540 tertius
681 5470 734 5523 in
781 5468 1025 5538 margine
1054 5481 1221 5521 manu
1261 5467 1423 5536 paulo
1454 5483 1645 5526 recen-

63 5539 626 5624 tiorteuétf‘eyxaléaag.
718 5604 772 5624 η
881 5611 894 5624 .
971 5609 1041 5624 ,ί
1114 5583 1156 5624 _-
1414 5611 1426 5624 .
1522 5615 1576 5624 ,-

137 5609 246 5680 (85)
277 5604 410 5680 Reg.
439 5621 663 5680 quartus
690 5604 832 5680 οἶδεν
877 5609 1072 5668 ἐκεῖνο,
1107 5607 1245 5660 novit
1273 5607 1446 5680 'illud,
1480 5623 1534 5665 et
1565 5615 1638 5670 ita

65 5679 278 5748 queque
303 5679 501 5748 legitur
531 5679 582 5732 in
607 5679 940 5748 Colligertino,
976 5681 1070 5748 sed
1113 5679 1344 5732 secunda
1381 5697 1566 5737 manu.

135 5747 247 5810 l86}
288 5749 468 5806 Codex
503 5764 642 5804 unus
677 5747 758 5803 διὸ
785 5749 874 5804 τά.
907 5747 1012 5802 Alii
1044 5749 1148 5804 duo
1177 5747 1312 5801 διότι
1348 5752 1442 5804 καὶ
1473 5753 1562 5808 τά.

1755 4584 1984 4639 aliorum
2013 4587 2240 4657 singula.
2265 4587 2395 4642 Nam
2427 4594 2568 4659 quod
2594 4598 2894 4662 comparari
2919 4614 3024 4652 non
3053 4611 3251 4669 potest,
3279 4605 3330 4657 id

1751 4675 2011 4744 ejusmodi
2038 4689 2140 4744 est,
2173 4689 2230 4732 ut
2261 4681 2510 4737 omnibus
2544 4685 2746 4751 pariter
2775 4688 3112 4744 inaccessnm
3144 4693 3216 4747 sit
3242 4703 3328 4748 at-

1752 4783 1859 4838 que
1889 4769 2423 4840 impervium.Quare
2451 4776 2496 4832 si
2527 4776 2693 4832 Filius
2718 4794 2746 4832 a
2779 4779 2938 4835 Patre
2959 4797 3110 4851 aeque
3141 4785 3324 4850 distat,

1753 4870 1916 4930 atque
1947 4877 2032 4916 res
2059 4863 2198 4928 alite,
2222 4867 2447 4934 aequalis
2475 4877 2560 4923 est
2593 4869 2659 4924 iis
2689 4872 3006 4939 quibuscum
3042 4879 3108 4930 ab
3134 4878 3223 4930 illo
3251 4879 3330 4934 di-

1752 4957 1880 5003 stat.
1907 4948 2044 5016 Quid
2075 4953 2236 5021 igitur
2267 4955 2372 5010 hac
2413 4956 2745 5027 blasphemia
2775 4961 2926 5030 pejus
2964 4965 3202 5021 dixerint
3230 4966 3326 5020 Ju—

1753 5041 1850 5095 daai
1887 5043 1910 5095 ’ἶ
1942 5044 2069 5111 quid
2116 5047 2355 5103 deterius
2378 5065 2440 5103 ex
2477 5054 2726 5121 gentibus
2772 5056 2960 5109 audire
2995 5062 3330 5126 possumus?

1748 5129 1859 5185 Nec
1899 5137 2062 5203 pudet
2110 5153 2206 5192 eos
2246 5141 2334 5208 qui
2376 5156 2435 5196 se
2467 5141 2701 5199 Verbum
2733 5147 2827 5200 Dei
2874 5147 3049 5202 colere
3097 5149 3325 5218 tingunt,

1751 5221 1950 5282 JULilltiS
1975 5244 2038 5282 ac
2067 5231 2614 5302 gentilibusjucunda
2640 5238 2957 5294 documenta
2987 5251 3148 5297 atoue
3171 5243 3328 5297 fami-

1845 5477 1934 5561 87)
1966 5479 2193 5562 {lodices
2227 5479 2434 5549 aliquot
2465 5483 2556 5536 τὸν
2582 5483 2808 5548 τούτων,
2841 5487 2921 5541 ιιιὶ
2950 5489 3182 5541 sentiunt
3213 5487 3327 5542 Eu-

1749 5567 2005 5604 nomium.

1749 5693 1771 5745 ἴ
1819 5621 1934 5690 (88)
1969 5620 2129 5688 Editi,
2149 5620 2210 5673 Εἰ
2235 5619 2292 5674 δὲ
2314 5620 2375 5674 τὸ
2406 5619 2543 5680 ἴσον.
2569 5626 2782 5680 Atmss.
2809 5625 3165 5697 antiquiores,
3185 5629 3248 5683 Et
3268 5629 3325 5683 δὲ

1771 5709 1882 5745 σον.

1771 5709 1882 5746 σον.
