3836 6222
107 277 226 334 575

1245 283 1618 341 ADVERSUS
1655 285 2025 342 EUNOMIUM
2067 286 2198 343 LIB.
2239 288 2306 346 ll.

3283 290 3386 344 574

907 689 1191 775 ΠΡΟΣ
1255 691 1840 780 ΕΥΝΟΜΙΟΝ
1909 681 2020 753 (9⁸)
2064 688 2432 776 ΛΟΓΟΣ
2499 691 2602 774 Β’.

1517 956 1724 1010 ΠΕΡΙ
1791 954 2011 1010 ΥΙΟΥ.

473 1293 1093 1388 ADVERSUS
1167 1293 1840 1386 EUNOMIUM
1921 1291 2284 1381 LIBER
2355 1289 3026 1384 SECUNDUS.

1585 1482 1674 1538 DE
1711 1481 1911 1539 FILIO.

189 1803 245 1857 1.
316 1803 403 1857 Ἐν
451 1801 632 1856 τοίνυν
683 1803 794 1865 τοῖς
841 1801 967 1871 περὶ
999 1799 1134 1854 Θεοῦ
1182 1800 1288 1853 τῶν
1335 1799 1470 1853 ὅλων
1521 1797 1697 1868 λόγοις

1874 1800 1923 1853 l.
1949 1797 2138 1868 Itaque
2183 1806 2536 1870 posteaquam
2578 1797 2631 1851 in
2669 1797 2734 1852 iis
2758 1811 2895 1866 quos
2931 1797 2996 1852 de
3025 1796 3134 1850 Deo
3164 1798 3385 1851 univer-

109 1894 644 1956 ὐποκατασκευάσας
671 1893 794 1946 ὅσον
821 1893 1043 1946 ἐδύνατο
1081 1892 1179 1955 τὰς
1223 1893 1302 1955 εἰς
1340 1892 1430 1944 τὸν
1457 1891 1583 1944 Υἰὸν
1605 1889 1698 1942 τοῦ

105 1987 254 2041 Θεοῦ
290 1986 657 2057 βλασφημίας,
689 1983 836 2055 αὐτῷ
858 1984 1045 2038 λοιπὸν
1075 1986 1324 2056 ἐπαφῆκε
1356 1983 1434 2054 τῷ
1463 1985 1702 2051 Μονογε-

106 2083 195 2134 νεῖ
220 2081 344 2152 Θεῷ
366 2080 464 2152 τὴν
491 2078 766 2149 γλῶσσαν.
810 2077 874 2130 Τί
903 2078 1011 2148 γάρ
1050 2094 1180 2148 φησι
1202 2094 1216 2142 ;

183 2261 350 2315 ΕΥΝ.
385 2261 496 2315 Καὶ
530 2256 610 2324 εἷς
637 2259 782 2322 Υἱός.
814 2257 1123 2329 Μονογενὴς
1161 2255 1290 2326 γὰρ,
1329 2254 1458 2325 περὶ
1483 2241 1546 2307 οἷ
1575 2253 1698 2323 ἐνῆν

110 2354 218 2425 μὲν
249 2353 349 2416 τὰς
398 2352 506 2405 τῶν
538 2352 710 2420 ἁγίων
741 2350 924 2420 φωνὰς
954 2349 1352 2420 παραθέμενον,
1383 2347 1448 2400 δι’
1478 2340 1552 2398 ὧν
1573 2345 1698 2398 Υἱὺν

107 2447 210 2498 καὶ
251 2445 497 2515 γέννημα
531 2445 624 2497 καὶ
669 2443 880 2513 ποίημα
925 2439 1372 2508 καταγγέλλουσι,
1420 2439 1542 2499 ταῖς
1589 2435 1698 2488 τῶν

105 2538 396 2608 ὀνομάτων
426 2537 707 2607 διαφοραῖς
755 2535 848 2588 καὶ
893 2534 992 2604 τὴν
1037 2533 1136 2602 τῆς
1181 2531 1365 2592 οὐσίας
1418 2526 1696 2600 παραλλα-

107 2628 216 2699 γὴν
247 2627 650 2698 ἐμφανίσαντας
671 2666 684 2688 ,
729 2623 1072 2696 ἀπηλλάχθαι
1103 2621 1396 2692 φροντίδων
1433 2620 1526 2670 καὶ
1561 2634 1698 2688 πρα-

103 2720 344 2790 γμάτων
369 2735 382 2748 ο
429 2717 609 2772 διὰδὲ
635 2718 761 2779 τοὺς
797 2714 1114 2786 σωματικὴν
1150 2712 1248 2783 τὴν
1280 2711 1534 2782 γέννησιν
1563 2711 1697 2762 ὑπο-

103 2811 528 2881 λαμϐάνοντας,
605 2809 696 2861 καὶ
755 2811 876 2870 ταῖς
939 2805 1280 2876 ὁμωνυμίαις
1340 2801 1700 2872 προσπταίον-

101 2920 234 2965 τας,
267 2902 562 2968 ἀναγκαῖον
603 2899 732 2961 ἴσως
781 2898 874 2951 καὶ
919 2896 1046 2948 περὶ
1086 2893 1290 2947 τούτων
1336 2891 1423 2943 διὰ
1454 2889 1699 2964 βραχέων

103 2996 316 3048 εἰπεῖν.

182 3083 334 3136 ΒΑΣ.
366 3081 554 3136 Ταῦτα
585 3091 682 3151 μέν
716 3079 825 3149 (99)
855 3081 883 3131 ὁ
913 3077 1194 3147 Εὑνόμιος.
1239 3072 1378 3142 Ἐγὼ
1410 3073 1488 3137 δὲ,
1525 3074 1572 3124 εἰ
1600 3071 1699 3142 μέν

1803 1906 1984 1946 sorum
2025 1891 2211 1945 habuit
2256 1889 2600 1945 sermonibus
2651 1888 2998 1958 ριίεειτιιχίι,
3053 1889 3231 1956 quoad
3285 1904 3385 1958 po-

1803 1983 1925 2042 tuit.
1963 1984 2015 2036 in
2047 1982 2140 2036 Dei
2167 1981 2360 2036 Filium
2395 1981 2760 2050 blasphemias
2781 2021 2797 2045 ,
2831 1981 3085 2048 deinceps
3119 1981 3174 2034 in
3203 1981 3380 2048 ipsum

1800 2074 2135 2143 unigenitum
2191 2073 2356 2127 Deum
2423 2071 2668 2127 immittit
2721 2071 2978 2142 linguam.
3041 2068 3180 2136 Quid
3234 2071 3378 2124 enin.

1801 2165 1970 2221 dicit?

1871 2259 2002 2313 Eua.
2057 2257 2124 2311 lat
2153 2272 2296 2312 unus
2344 2255 2538 2310 Filius.
2590 2254 2912 2326 Unigenilus
2941 2255 3122 2321 enim,
3159 2256 3226 2311 de
3275 2269 3383 2325 quo

1800 2361 2112 2405 sanctorum
2139 2349 2313 2404 voces
2342 2363 2438 2416 per
2484 2361 2621 2417 quas
2650 2345 2844 2400 Filium
2891 2355 2946 2401 et
2980 2347 3283 2418 genituram
3331 2361 3384 2401 et

1797 2451 2104 2494 creaturam
2159 2441 2482 2510 praedicant,
2539 2439 2586 2494 si
2639 2439 3087 2507 protulissemus;
3141 2441 3221 2496 sic
3281 2457 3380 2511 po-

1801 2541 2080 2594 teramus,
2119 2531 2437 2586 substantiae
2476 2531 2640 2585 etiam
2688 2531 3002 2586 diversitate
3055 2547 3150 2601 per
3205 2534 3382 2585 nomi—

1799 2637 1924 2675 num
1957 2622 2327 2676 diversitatem
2383 2622 2677 2685 declarata,
2720 2623 2868 2676 curis
2899 2623 3074 2692 .liberi
3127 2638 3248 2678 esse
3303 2635 3384 2675 at-

1798 2729 1903 2783 que
1953 2715 2207 2783 negotiis.
2268 2714 2376 2767 Sed
2435 2722 2655 2782 propter
2691 2728 2786 2768 eos
2835 2715 2926 2784 qui
2974 2715 3381 2786 generationem

1800 2821 2116 2875 corpoream
2153 2804 2503 2874 intelligunt,
2544 2813 2598 2856 et
2652 2804 2852 2872 quibus
2903 2820 3064 2860 voces
3119 2807 3383 2874 ambigum

1799 2909 1928 2954 sunt
1959 2897 2268 2962 ollensioni,
2322 2909 2547 2951 necesse
2595 2895 2739 2950 forte
2790 2895 2954 2950 fuerit
2999 2899 3065 2951 de
3109 2897 3176 2951 iis
3215 2899 3379 2952 etiam

1799 3005 1971 3061 pauca
2003 2991 2205 3044 dicere.

1869 3085 1996 3140 Bas.
2049 3083 2175 3140 Haec
2203 3084 2421 3152 quidem
2449 3081 2770 3136 Eunomius.
2816 3081 2927 3152 Ego
2963 3097 3090 3136 vero
3127 3082 3170 3136 si
3223 3097 3382 3151 opor-

103 3175 258 3230 οὖτω
310 3174 414 3245 χρὴ
464 3170 788 3226 διανοεῖσθαι
836 3168 964 3242 περὶ
1014 3166 1109 3220 τοῦ
1147 3165 1306 3233 λόγου
1348 3163 1568 3226 παντὸς,
1625 3162 1697 3225 ὡς

1809 3179 1914 3232 teat
1943 3177 2012 3232 de
2041 3183 2150 3230 tota
2188 3177 2434 3228 oratione
2469 3174 2609 3228 sicut
2641 3176 2706 3227 de
2738 3189 2794 3228 re
2827 3175 2948 3227 ﬁcta
2987 3176 3214 3236 sentire,
3249 3189 3382 3242 qua-

105 3263 435 3331 πλάσματος
457 3256 544 3314 οἷα
577 3263 634 3312 ἐν
664 3263 776 3322 τοῖς
803 3257 1190 3320 διδασκαλείοις
1214 3256 1312 3325 τῆς
1343 3254 1701 3326 ματαιότητος

103 3357 192 3418 εἰς
230 3353 462 3424 μελέτην
486 3352 582 3404 τοῦ
616 3353 673 3404 ἐν
708 3350 785 3421 τῷ
807 3351 1082 3420 ψεύσματι
1113 3347 1336 3402 πιθανοῦ
1367 3350 1481 3410 τοῖς
1512 3362 1701 3416 μειρα-

104 3447 254 3508 κίοις
281 3445 642 3516 προϐάλλεται
681 3442 890 3514 (ἐπειδὴ
923 3441 1015 3494 καὶ
1046 3438 1441 3510 παραπλησίως
1475 3437 1700 3500 ἐκείνοις

105 3537 296 3590 πάντα
340 3536 642 3606 σκιαμαχία
691 3533 1014 3606 προσέοικε·
1071 3533 1207 3604 πρὸς
1253 3531 1589 3602 κατηγόρους
1639 3547 1696 3583 τε

105 3627 266 3698 μάχη
296 3625 370 3697 μὴ
397 3625 738 3695 ὑφεστῶτας
779 3626 872 3677 καὶ
903 3623 1166 3691 ἀπολογία
1195 3623 1330 3694 πρὸς
1364 3621 1698 3692 κατηγορίαν

103 3719 172 3770 οὐ
205 3717 612 3789 προρρηθεῖσαν
638 3733 650 3746 ’
698 3716 794 3769 καὶ
826 3715 982 3784 λόγος
1012 3714 1088 3786 (1)
1119 3715 1256 3786 πρὸς
1284 3714 1546 3777 δικαστὰς
1575 3716 1698 3776 τοὺς

101 3806 354 3877 οὐδαμοῦ
423 3805 800 3877 φαινομένους)
823 3823 835 3835 ·
897 3807 945 3858 εί
996 3803 1136 3857 οὓτω
1192 3805 1296 3876 χρὴ
1353 3805 1446 3857 καὶ
1495 3804 1697 3856 τούτων

101 3898 366 3964 ἀκούειν,
401 3899 563 3961 αὐτός
607 3915 668 3950 τε
711 3899 915 3967 ἀφίημι
955 3897 1054 3967 τὴν
1096 3895 1358 3963 ἐξέτασιν,
1409 3897 1499 3948 καὶ
1537 3895 1697 3949 παντὶ

103 3990 368 4061 παραινῶ
408 3991 571 4061 μηδὲν
616 3990 725 4043 τῶν
768 3989 1074 4060 εἰρημένων
1104 3987 1560 4058 περιεργάζεσθαι
1588 4003 1600 4016 ·
1650 3987 1698 4039 εί

101 4082 166 4134 δὲ
203 4081 389 4152 μεῖζόν
435 4085 552 4136 ἐστι
605 4083 665 4136 τὸ
709 4082 1064 4152 ἐπάγγελμα,
1106 4082 1200 4133 καὶ
1233 4079 1446 4143 πολλοῖς
1475 4079 1698 4148 γέγονεν

105 4173 344 4227 ὑπόνοια
384 4173 500 4246 (2),
557 4169 696 4229 εἶναί
751 4191 877 4228 τινα
924 4176 1056 4245 παρ’
1100 4172 1248 4242 αὐτῴ
1295 4171 1395 4240 τῆς
1440 4171 1698 4242 ἀληθείας

105 4264 396 4336 φροντίδα,
426 4266 638 4337 ἀνάγκη
666 4267 815 4320 πᾶσα
839 4265 946 4319 τῶν
969 4263 1274 4335 εἰρημένων
1306 4263 1533 4315 ἕκαστον
1559 4263 1698 4315 διευ-

105 4358 300 4413 θύνειν
323 4360 401 4421 είς
425 4357 672 4429 δύναμιν.
712 4358 808 4421 Τίς
838 4357 904 4411 ἂν
940 4353 1031 4410 οὖν
1061 4356 1258 4426 τρόπος
1279 4355 1378 4424 τῆς
1401 4355 1697 4419 ἐξετάσεως

103 4449 452 4520 δικαιότερος
495 4450 723 4517 γένοιτο,
759 4450 792 4520 ἢ
827 4452 938 4512 τοῖς
978 4447 1267 4517 διδάγμασι
1301 4447 1374 4516 (5)
1402 4449 1511 4508 τοῖς
1546 4446 1694 4518 παρά

104 4541 212 4596 τοῦ
239 4541 558 4612 Πνεύματος
585 4544 719 4612 ἡμῖν
751 4539 1053 4612 δεδομένοις
1080 4539 1170 4593 τὸν
1197 4537 1350 4606 λόγον
1386 4539 1700 4609 συγκρίνον-

105 4649 237 4696 τας,
277 4634 307 4686 ὃ
343 4633 440 4704 μὲν
477 4633 542 4687 ἂν
572 4633 800 4696 ἐκείνοις
833 4630 1154 4702 συμφωνοῦν
1185 4629 1431 4700 εὕρωμεν
1468 4629 1697 4682 καταδέ-

107 4728 332 4799 χεσθαι,
383 4727 458 4797 τῷ
519 4728 576 4780 δὲ
631 4727 888 4789 ἐναντίως
945 4725 1120 4796 ἔχοντι
1174 4725 1420 4778 ἀπιστεῖν
1475 4724 1567 4776 καὶ
1624 4723 1699 4786 ὡς

107 4818 314 4891 ἐχθρὸν
350 4819 680 4888 ἀποφεύγειν
705 4836 720 4886 ;

192 5001 246 5056 2.
273 5001 494 5073 Πρῶτον
525 5001 702 5053 τοίνυν
732 5001 904 5052 ἐκεῖνο
932 4997 1211 5064 δεικνύτω,
1235 4997 1377 5062 τίνες
1398 4997 1506 5050 τῶν
1533 4997 1702 5066 ἁγίων

195 5205 308 5276 (98)
340 5204 490 5274 Regii
518 5203 738 5276 primus
766 5213 839 5276 e_t_
865 5211 1048 5256 sextus
1073 5201 1176 5276 Τοῦ
1213 5201 1381 5276 αῦτοῦ
1409 5201 1602 5276 ,λόγος’
1623 5201 1689 5270 β’,

107 5270 398 5348 ἀνατροπὴ
423 5270 548 5326 ”τοῦ
588 5272 1053 5348 ἀθέου-,δόγματος
1085 5272 1178 5348 τοῦ
1217 5270 1504 5348 Εὐνομίου.
1535 5271 1697 5348 Ejus-

109 5349 239 5400 dem
260 5341 406 5399 'tibei
420 5347 698 5398 secundus.
735 5341 944 5395 Evers’io
970 5343 1115 5403 impii
1142 5343 1398 5410 dogmatis
1427 5341 1694 5394 lt'unomii.

111 5419 258 5482 Reg.
286 5417 549 5468 secundus
582 5412 688 5464 Τοῦ
723 5411 888 5466 αὑτοῦ
925 5412 1052 5482 περὶ
1085 5409 1224 5463 Υἰοῦί
1246 5410 1400 5475 λόγος
1427 5409 1697 5482 δεύτερος,

109 5479 259 5544 ἀνατ
295 5484 427 5554 οπὴ,
448 5493 576 5544 etc.,
605 5491 662 5534 nt
682 5498 864 5550 supra.
894 5479 1067 5535 Ediiio
1091 5483 1257 5536 Paris.
1283 5483 1418 5533 Κατ’
1436 5479 1700 5549 Εὐνομίου

111 5555 216 5607 τοῦ
247 5501 539 5607 εἰσαεόοῦς
566 5552 724 5607 λόγος
763 5552 827 5607 β’.
858 5551 1038 5606 Codex
1067 5550 1218 5605 Colb.
1257 5559 1312 5604 et
1343 5552 1471 5607 Reg.
1514 5551 1700 5605 tertius

111 5543 216 5616 ἑοῦ
247 5543 539 5616 δυσσεϐοῦς
566 5543 724 5622 λόγος
750 5543 827 5622 ’β’.
858 5551 1038 5606 Codex
1067 5550 1218 5605 Colb.
1257 5559 1312 5604 et
1343 5552 1471 5618 Reg.
1514 5543 1704 5605 tertius
1749 5543 1759 5552 ’

115 5655 150 5692 ιι
162 5653 182 5693 ι
212 5626 264 5678 ill
297 5638 396 5679 COII
407 5635 574 5678 ιθιιιι.

191 5695 308 5756 τ99)
348 5695 484 5750 Editi
509 5693 692 5747 Ταῦτα
725 5692 824 5759 μὲν
853 5685 966 5746 οὖν.
1006 5688 1122 5746 Vox
1148 5684 1238 5745 οὖν
1269 5691 1322 5746 in
1367 5705 1494 5746 mss.
1527 5691 1698 5746 deest.

1801 3268 1870 3322 lia
1903 3270 1956 3324 in
1993 3268 2250 3323 vanitatis
2295 3267 2500 3322 scholis
2551 3275 2926 3335 proponuntur
2950 3266 3382 3321 adolescentibus

1802 3359 1869 3412 ad
1915 3359 2378 3422 exercitationem,
2409 3367 2464 3410 ut
2499 3369 2761 3426 appareat
2799 3359 2851 3411 in
2885 3359 3169 3416 mendacio
3193 3359 3381 3413 verisi-

1801 3449 2047 3504 militudo
2091 3447 2380 3520 (siquidem
2414 3456 2473 3502 ut
2510 3449 2616 3502 illis
2642 3449 2931 3518 contingit,
2967 3449 3041 3502 ita
3071 3449 3160 3503 hic
3190 3464 3380 3518 pugna:

1801 3541 2136 3596 adumbrata;
2182 3539 2380 3594 similia
2435 3549 2564 3595 sunt
2614 3542 2794 3595 omnia
2837 3559 2851 3594 :
2899 3556 3080 3610 pugna
3129 3542 3382 3597 videlicet

1800 3645 1988 3690 contra
2036 3641 2386 3687 accusatores
2427 3630 2520 3700 qui
2571 3647 2677 3686 non
2732 3642 2946 3686 exstant
2975 3647 2992 3686 :
3022 3633 3264 3704 apologia
3316 3649 3379 3688 ac

1803 3725 2082 3794 responsio
2143 3725 2212 3778 ad
2280 3723 2689 3779 accusationem
2751 3741 2859 3779 non
2920 3726 3376 3794 praenuntiatam;

1801 3819 1975 3871 oratio
2006 3816 2071 3870 ad
2106 3816 2319 3884 indices
2353 3817 2446 3884 qui
2473 3832 2740 3886 nusquam
2774 3819 3152 3889 comparent);
3195 3819 3262 3882 si,
3299 3819 3382 3872 in-

1801 3919 1982 3970 quam,
2039 3911 2093 3956 et
2147 3902 2264 3956 haec
2313 3902 2504 3957 audire
2541 3911 2776 3972 oportet,
2821 3913 2928 3958 tum
2960 3903 3073 3973 ipse
3103 3904 3168 3958 de
3197 3903 3261 3958 iis
3295 3905 3380 3956 in-

1799 3995 2016 4063 quirere
2045 3982 2254 4056 desino,
2305 4001 2416 4046 tum
2459 4008 2651 4049 omnes
2683 3997 2969 4060 admoneo,
3004 4003 3066 4048 ut
3105 3995 3240 4049 nihil
3287 4010 3380 4052 eo-

1799 4105 1918 4142 rum
1963 4103 2084 4157 quae
2116 4087 2258 4142 dicta
2290 4095 2434 4150 sunt,
2477 4096 2752 4153 satagant.
2786 4085 2878 4140 Sin
2913 4088 3084 4156 majus
3121 4099 3206 4142 est
3237 4088 3380 4156 quod

1798 4179 2102 4250 promittit;
2157 4188 2214 4232 et
2252 4179 2431 4232 multis
2483 4180 2674 4232 aborta
2715 4187 2800 4232 est
2829 4181 3087 4248 suspicio,
3139 4180 3376 4248 aliquam

1797 4286 1918 4326 esse
1965 4271 2104 4338 apud
2155 4285 2276 4324 eum
2325 4269 2572 4324 veritatis
2619 4283 2828 4332 curam,
2885 4284 3110 4325 necesse
3159 4271 3379 4326 omnino

1799 4361 1962 4416 fuerit
1997 4361 2204 4432 singula
2245 4361 2412 4431 239
2451 4362 2609 4416 verba
2659 4377 2758 4430 pro
2805 4373 2986 4416 nostra
3038 4363 3176 4416 virili
3229 4372 3380 4432 parte

1800 4451 2106 4507 confutare.
2163 4451 2298 4517 Quis
2347 4461 2528 4506 autem
2574 4452 2914 4522 expendendi
2962 4453 3152 4507 modus
3178 4453 3380 4522 justior

1807 4543 1988 4606 fuerit,
2041 4557 2202 4610 quam
2239 4543 2285 4596 si
2331 4543 2473 4596 datis
2511 4543 2671 4597 nobis
2725 4558 2752 4596 a
2803 4543 3004 4612 Spiritu
3042 4544 3379 4601 documentis

1805 4633 2103 4687 orationem
2134 4631 2505 4698 conferentes,
2536 4633 2678 4702 quod
2709 4635 2927 4702 quidem
2954 4635 3060 4688 illis
3082 4649 3375 4690 consonum

1807 4724 2191 4789 invenerimus,
2227 4724 2282 4778 id
2319 4726 2683 4793 suscipiamus
2717 4745 2728 4780 :
2767 4727 2907 4794 quod
2933 4741 3064 4782 vero
3091 4727 3156 4782 iis
3180 4727 3378 4781 adver-

1805 4823 1976 4878 satur,
2025 4815 2078 4869 id
2129 4829 2469 4886 nequaquam
2497 4817 2783 4873 credamus
2817 4825 2978 4886 atque
3007 4829 3065 4872 ut
3097 4819 3376 4874 inimicum

1804 4904 2120 4975 ell'ugiamus
2140 4907 2164 4962 ?

1877 5001 1932 5051 ‘2.
1970 4997 2211 5053 Primum
2246 4999 2429 5072 itaque
2472 5000 2605 5057 illud
2637 5002 2911 5070 ostendat,
2945 5004 3036 5073 qui
3063 5004 3170 5059 sint
3203 5005 3375 5062 sancti

1801 5201 1844 5240 ’ἐκ
1875 5201 1952 5271 (-l)
1981 5200 2164 5256 Codex
2203 5218 2342 5258 unus
2389 5204 2484 5257 καὶ
2525 5203 2690 5274 λόγοι.
2717 5204 2822 5260 Alii
2853 5212 2962 5260 tres
3002 5219 3130 5260 mss.
3171 5206 3263 5260 καὶ
3287 5205 3377 5261 λύ-

1803 5288 1938 5340 γοις,
1968 5281 2238 5339 corrupte.
2947 5283 2954 5292 ’

1876 5341 1952 5414 (ᾖ)
1983 5341 2206 5414 Codices
2236 5343 2342 5414 duo
2369 5343 2656 5414 ἐγγέγονεν
2684 5347 2924 5399 ὑπόνοια.

1877 5353 1932 5410 (2
1983 5353 2205 5395 (mulces
2236 5353 2342 5396 duo
2369 5353 2656 5414 ἐγγέγονεν
2684 5353 2924 5399 ὑπόνοια.

1877 5353 1970 5488 (δέ,
1991 5411 2209 5488 Antiqui
2242 5413 2504 5488 duqlibri
2533 5417 2566 5488 ἢ
2605 5417 2715 5478 τοῖς
2750 5415 3036 5487 δόγμασιι,
3061 5424 3115 5470 et
3141 5416 3208 5469 it?
3239 5429 3374 5484 quo-

1806 5496 1911 5550 que
1959 5481 2152 5549 legitur
2181 5481 2231 5534 in
2280 5483 2402 5536 aliis
2441 5481 2648 5538 duobus
2697 5481 2864 5550 mss;
2912 5489 3002 5540 sed
3035 5489 3086 5539 in
3117 5501 3210 5539 ora
3256 5481 3374 5540 libri

1806 5557 2085 5610 duntaxat,
2119 5551 2171 5602 in
2207 5561 2460 5624 contextu
2493 5569 2623 5608 vero
2651 5557 2909 5624 scriptum
2935 5557 3208 5609 invenitur
3230 5555 3372 5609 διδάο

1806 5635 1979 5697 γμαοι
2018 5637 2031 5672 :
2059 5635 2220 5697 quam
2251 5621 2497 5677 ultimam
2532 5621 2815 5682 lectionem
2844 5627 3138 5695 prwlerunt
3163 5641 3374 5697 quoque

1806 5691 1936 5745 editi
1969 5699 2023 5745 et
2047 5691 2134 5744 alii
2165 5701 2275 5747 tres
2307 5707 2435 5749 mss.
