3836 6222
453 318 559 373 575

1778 315 1836 369 S.
1878 314 2126 369 BASILII
2167 315 2380 372 MAGNI
3620 318 3711 367 57b

452 437 544 508 qui
595 435 896 506 genituram
940 442 995 488 et
1043 432 1307 486 Iacturam
1354 431 1635 487 Christum
1671 431 2037 502 appellarint?

2152 431 2238 499 γέν
2251 450 2312 502 νη
2323 449 2397 502 μα
2415 431 2506 484 καὶ
2532 432 2738 502 ποίημα
2767 430 2855 482 τὸν
2871 430 3103 502 Χριστὸν
3121 431 3520 501 προσειρήκασι
3536 447 3552 492 ;
3569 430 3716 490 ποίας

452 541 590 596 quas
626 526 1031 593 Scripturarum
1063 538 1224 576 voces
1267 521 1466 576 habeat
1499 522 1565 574 ad
1613 522 2036 576 demonstratio-

454 619 624 672 nem?
676 617 810 671 Nam
851 617 895 670 si
947 617 1086 671 beati
1132 615 1279 670 Petri
1316 632 1446 670 voce
1474 631 1595 686 qua:
1631 618 1683 669 in
1722 616 1872 670 Actis
1903 630 2035 685 apo-

452 709 713 763 stolorum
745 708 1056 778 conscripta
1090 716 1193 772 est,
1228 708 1499 773 innititur,
1539 707 1627 762 ubi
1662 707 1796 761 dicit
1837 728 1848 761 :
1885 706 2036 762 Sciat

452 811 560 852 tota
591 800 777 852 domus
802 797 996 864 Israel,
1029 800 1166 868 quod
1193 797 1475 850 Dominum
1503 798 1671 866 ipsum
1695 807 1743 850 et
1767 796 2036 850 Christum

451 891 572 958 fecit
609 889 782 957 Deus,
820 892 958 943 hunc
1004 891 1186 954 Iesum
1236 908 1385 960 quem
1441 907 1527 944 vos
1584 891 1922 960 cruci/histis
1955 890 2031 944 ":

451 987 683 1051 primum
718 984 938 1053 quidem
971 984 1020 1036 id
1050 984 1418 1037 testimonium
1450 984 1883 1037 convenientiam
1917 981 2038 1036 nul-

455 1077 558 1128 lam
593 1076 756 1130 habet
791 1091 912 1129 cum
966 1076 1212 1145 qutrsito.
1266 1074 1397 1127 Nam
1433 1085 1778 1128 ostensurum
1816 1092 1872 1128 se
1908 1091 2034 1144 pro-

453 1171 650 1234 fessus,
700 1169 899 1222 Filium
947 1185 976 1222 a
1024 1169 1228 1222 sanctis
1274 1169 1538 1237 facturum
1586 1169 1787 1222 dictum
1845 1169 2032 1232 fuisse,

453 1263 817 1317 testimonium
855 1263 1104 1332 perhibet
1135 1264 1199 1315 de
1233 1261 1340 1315 Deo
1386 1272 1440 1315 et
1479 1259 1665 1325 Patre,
1712 1261 1853 1329 quod
1886 1260 2028 1315 fece-

453 1358 542 1410 rit.
594 1356 709 1410 Non
747 1355 893 1410 enim
928 1355 1058 1408 illud
1100 1355 1334 1418 dixerit,
1390 1353 1556 1408 licere
1607 1353 1730 1419 sibi,
1769 1363 1882 1406 tum
1912 1368 2034 1407 cum

451 1449 519 1502 de
545 1449 707 1502 tantis
732 1449 893 1502 rebus
916 1462 1096 1502 sermo
1134 1447 1458 1511 inStituitur,
1484 1446 1846 1500 derivationes
1876 1461 2038 1514 quas-

454 1541 576 1595 dam
607 1556 672 1595 ac
698 1539 1026 1593 variationes
1058 1537 1336 1592 nominum
1366 1538 1692 1605 excogitare.
1749 1537 2037 1593 Enimvero

452 1634 496 1686 si
529 1632 610 1686 vel
651 1632 811 1686 otiosi
861 1631 1010 1684 verbi
1053 1645 1243 1699 pcenas
1292 1631 1344 1682 in
1391 1631 1476 1685 die
1511 1630 1696 1697 judicii
1747 1630 2034 1698 dabimus;

454 1725 624 1778 multo
669 1724 844 1777 minus
885 1723 929 1778 si
966 1723 1260 1791 quidquam
1299 1724 1352 1777 in
1396 1723 1561 1776 tantis
1615 1723 1775 1777 rebus
1811 1724 2036 1776 innova-

454 1833 596 1881 mus,
639 1815 690 1869 id
747 1816 905 1869 nobis
955 1816 1089 1868 citra
1133 1802 1346 1884 pinnam
1409 1816 1736 1869 remittetur.
1781 1815 2036 1871 Fortasse

453 1911 597 1962 cnim
632 1908 758 1961 illud
789 1908 1005 1976 quidem
1065 1920 1320 1977 tanquam
1371 1918 1792 1962 consentaneum
1825 1911 1891 1961 de
1929 1909 2037 1962 Deo

452 2012 526 2069 et,
554 2000 714 2054 Patre
764 2000 894 2065 dici,
953 2015 982 2053 a
1043 2000 1224 2053 divina
1260 1999 1540 2068 Scriptura
1581 2000 1758 2054 edocti
1807 2015 2033 2054 sumus:

453 2094 558 2147 hoc
584 2109 710 2146 vero
743 2109 849 2146 non
881 2092 1174 2147 convenire
1204 2091 1518 2160 Unigenito,
1551 2092 1786 2160 Spiritus
1811 2101 2037 2146 sanctus

452 2187 663 2242 siiendo
681 2188 940 2241 ostendit.
974 2186 1253 2252 Quomodo
1294 2186 1454 2254 igitur
1487 2194 1658 2238 tutum
1692 2184 1872 2250 fuerit,
1906 2201 2037 2240 voce

451 2277 600 2333 Fecit
661 2279 963 2340 immutata,
1025 2278 1400 2330 universorum
1451 2275 1711 2330 factorem
1765 2275 2034 2330 {acturam

453 2369 670 2425 dicere?
704 2369 918 2422 Etenim
971 2367 1016 2421 si
1066 2367 1352 2435 appellatio
1399 2365 1663 2434 ejusmodi
1702 2367 1750 2420 ei
1783 2369 2034 2421 conveni-

454 2472 555 2525 ret,
594 2462 779 2528 utique
814 2475 918 2513 non
952 2459 1140 2513 fuisset
1173 2459 1536 2527 prmtermissa
1570 2475 1598 2512 a
1636 2459 1839 2528 Spiritu
1873 2461 2036 2514 silen-

455 2552 549 2606 tio.
597 2551 651 2605 In
696 2550 962 2605 creaturis
1005 2551 1218 2618 quidem
1259 2551 1558 2618 reperimus
1604 2567 1634 2603 a
1682 2552 1848 2605 Verbo
1884 2550 2034 2604 Fecit

453 2645 794 2711 desumptam
828 2641 992 2695 fuisse
1023 2642 1242 2695 factura:
1286 2641 1702 2709 appellationem
1738 2663 1748 2696 :
1804 2645 1854 2696 in
1899 2643 2037 2698 Filio

453 2739 632 2783 autem
667 2728 760 2782 Dei
788 2744 893 2782 non
926 2729 1077 2782 item.
1125 2728 1190 2782 In
1241 2731 1499 2797 principio
1542 2734 1678 2784 enim
1737 2733 1875 2786 Deus
1913 2733 2034 2801 fecit

452 2823 637 2876 cwlum
665 2832 709 2874 et
749 2829 944 2873 terram
965 2822 1030 2872 ²⁰.
1065 2820 1133 2873 Et
1162 2837 1351 2874 rursus
1387 2840 1398 2875 ι
1436 2821 1503 2874 In
1532 2823 1756 2891 factum
1786 2842 2034 2879 manuum

452 2921 666 2965 tuarum
690 2912 987 2964 meditabar
1018 2911 1082 2964 ".
1129 2910 1229 2974 Et,
1270 2911 1547 2966 Enimvero
1588 2930 1704 2983 qua:
1743 2927 1859 2967 sunt
1904 2917 2037 2968 invi-

452 3003 629 3058 sibilia
660 3003 832 3067 illius,
866 3019 929 3055 ex
970 3004 1231 3056 creatione
1274 3004 1495 3067 mundi,
1526 3005 1650 3056 dum
1677 3021 1770 3072 per
1797 3007 2035 3072 facturas

453 3096 804 3160 innotescunt,
841 3095 1228 3164 perspiciuntur
1257 3097 1324 3148 ".
1378 3097 1470 3150 Sic
1512 3097 1791 3165 Scriptura
1829 3097 1879 3149 in
1917 3097 2034 3164 qui-

455 3188 558 3243 bus
607 3198 968 3258 opportunum
1003 3197 1086 3241 est
1138 3203 1406 3256 usurpans
1458 3190 1560 3243 hoc
1613 3205 1828 3252 nomen,
1871 3189 1924 3242 id
1973 3190 2038 3243 de

458 3280 687 3333 Domino
719 3290 904 3333 nostro
937 3290 991 3333 et
1029 3278 1311 3334 Salvatore
1342 3278 1466 3333 Jesu
1495 3281 1733 3343 Christo,
1785 3291 2037 3350 tanquam

455 3371 637 3443 gloria:
671 3371 786 3440 ejus
821 3370 1157 3438 maiestatem
1197 3372 1337 3425 haud
1380 3375 1604 3435 decens,
1640 3375 1895 3428 obticuit.
1931 3373 2037 3428 Sed

457 3473 636 3515 tamen
675 3471 727 3515 ct
758 3462 985 3524 asciam,
1014 3471 1067 3516 et
1098 3461 1325 3530 lapidem
1360 3463 1698 3533 angularem,
1727 3473 1781 3517 et
1808 3463 2039 3532 lapidem

456 3551 795 3615 oll'ensionis,
837 3563 890 3606 et
935 3562 1142 3622 petram
1191 3554 1468 3619 scandali,
1518 3565 1572 3608 et
1609 3554 1728 3609 aliis
1773 3556 2038 3625 ejusmodi

459 3641 785 3706 nominibus,
846 3641 898 3695 in
939 3641 1136 3710 quibus
1169 3657 1276 3696 non
1327 3642 1554 3697 multum
1605 3645 1817 3699 videtur
1864 3646 2042 3699 inesse

458 3733 654 3799 laudis,
691 3733 777 3799 iis,
827 3733 920 3802 qui
959 3734 1236 3788 nominum
1287 3734 1743 3804 signiﬁcationem
1793 3752 1900 3792 non
1955 3753 2042 3792 as-

459 3835 778 3895 sequuntur,
803 3827 1084 3880 DOminum
1109 3826 1292 3897 gloria:
1317 3828 1586 3898 appellare
1616 3844 1720 3883 non
1745 3831 2041 3893 erubescit;

460 3927 512 3973 at
547 3919 810 3988 [acturam
858 3934 1126 3988 nusquam
1170 3921 1390 3975 omnino
1445 3923 1769 3976 nominavit.
1818 3926 1888 3976 At
1915 3939 2042 3977 vero

466 4012 555 4066 hic
593 4012 660 4067 ab
699 4013 830 4081 ipsis
874 4015 1077 4067 sanctis
1121 4013 1226 4067 hoc
1271 4027 1332 4068 se
1379 4014 1609 4067 nominis
1643 4015 1915 4082 accepisse
1943 4017 2041 4078 ait,

463 4112 521 4158 ut
547 4121 650 4158 non
691 4120 818 4158 suos
850 4104 1021 4158 solum
1050 4105 1319 4174 tequales,
1363 4106 1458 4160 sed
1503 4118 1721 4161 sanctos
1752 4108 1914 4161 etiam
1950 4109 2041 4176 qui

459 4196 589 4251 olim
619 4194 860 4259 fuerunt,
893 4196 1184 4252 calumniis
1211 4199 1324 4254 suis
1352 4198 1612 4256 involvat.

2139 523 2446 592 ἔχειφωνὰς
2480 523 2587 575 τῶν
2608 522 2836 593 Γραφῶν
2868 524 2945 584 εἰς
2975 521 3278 585 ἀπόδειξιν;
3314 524 3375 576 Εἰ
3404 525 3518 591 γὰρ
3544 524 3608 590 τῇ
3630 521 3716 572 τος

2141 617 2410 686 μακαρίου
2447 616 2651 686 Πέτρου
2683 618 2832 684 φωνῇ
2857 617 2920 684 τῇ
2953 616 3008 666 ἐν
3035 617 3155 676 ταῖς
3181 615 3422 684 Πράξεσι
3446 613 3564 666 τῶν
3595 615 3710 665 άπο

2139 709 2341 761 στόλων
2385 709 2851 780 ἀναγεγραμμένῃ
2897 707 3318 778 ὲπιστηρίζοιτο,
3366 705 3498 758 ἔνθα
3554 706 3719 774 φησί·

2137 803 2488 856 Γινωσκέτω
2525 801 2645 868 πᾶς
2675 797 2837 866 οἶκος
2871 799 3140 868 Ἰσραὴλ,
3168 798 3258 851 ὅτι
3280 799 3506 865 Κύριον
3540 797 3721 849 αὐτὸν

2137 895 2234 947 καὶ
2256 894 2513 962 Χριστόν
2537 895 2828 959 ἐποίησεν
2849 896 2881 946 ὁ
2900 893 3065 957 Θεό-ς,
3092 891 3305 946 τοῦτον
3327 890 3439 942 τόν
3465 887 3721 953 Ἰησοῦν,

2139 988 2211 1040 ὃν
2239 987 2406 1056 ὑμεῖς
2446 985 2895 1054 ἐσταυρώσατε·
2932 984 3148 1056 πρῶτον
3187 983 3284 1054 μὲν
3327 982 3482 1034 οὐδὲν
3532 981 3724 1032 οἰκεῖον

2137 1079 2250 1149 ἔχει
2298 1077 2375 1148 τῷ
2425 1077 2738 1148 ζητουμένῳ
2786 1079 2819 1148 ἡ
2875 1076 3168 1147 μαρτυρία.
3222 1075 3724 1143 Ἐπαγγειλάμενος

2136 1175 2245 1242 γάρ
2275 1169 2467 1237 δείξειν
2503 1171 2654 1242 παρὰ
2699 1169 2806 1223 τῶν
2855 1171 3028 1238 ἁγίων
3077 1168 3327 1238 εἰρῆσθαι
3361 1167 3598 1235 ποίημα
3640 1166 3726 1218 τὸν

2137 1265 2287 1327 Υίδν,
2327 1263 2424 1335 τὴν
2476 1263 2777 1334 μαρτυρίαν
2828 1262 3121 1332 παρέχεται
3165 1262 3290 1331 περὶ
3334 1259 3432 1312 τοῦ
3460 1257 3603 1310 Θεοῦ
3637 1259 3728 1309 καὶ

2137 1357 2373 1428 Πατρὸς,
2407 1357 2488 1408 ὅτι
2519 1356 2792 1426 ἐποίησεν.
2840 1355 2912 1407 Οὐ
2961 1355 3070 1424 γὰρ
3118 1352 3292 1404 ἐκεῖνὸ
3324 1369 3389 1420 γε
3437 1349 3507 1402 ἂν
3567 1350 3728 1410 εἴποι,

2137 1447 2217 1499 ὅτι
2247 1446 2454 1510 ἔξεστιν
2487 1445 2636 1516 αὐτῷ
2664 1448 2720 1498 ἐν
2750 1449 2863 1508 τοῖς
2895 1444 3022 1514 περὶ
3047 1442 3153 1495 τῶν
3179 1441 3519 1512 τηλικούτων
3555 1440 3732 1507 λόγοις

2139 1539 2476 1610 παραγωγάς
2508 1555 2658 1600 τινας
2698 1538 2792 1590 καὶ
2823 1535 3431 1607 παρασχημαστισμοὺς
3467 1533 3584 1584 τῶν
3619 1533 3734 1584 ὀνο-

2142 1632 2326 1701 μάτων
2371 1631 2604 1681 ἐπινοεῖν
2633 1628 2727 1698 (4).
2778 1629 2838 1681 Εἰ
2879 1628 2988 1697 γάρ
3035 1627 3130 1680 καὶ
3161 1624 3330 1698 ἀργοῦ
3377 1625 3546 1692 λόγου
3579 1624 3736 1675 εὐθύ-

2139 1740 2234 1784 νας
2258 1723 2525 1793 ῦερέξομεν
2551 1725 2606 1774 ὲν
2629 1723 2812 1794 ἡμέρᾳ.
2837 1724 2934 1793 τῆς
2957 1721 3210 1792 κρίσεως,
3235 1717 3270 1788 ἦ
3297 1719 3400 1771 πού
3429 1736 3492 1786 γε
3521 1719 3585 1771 το
3608 1722 3740 1788 περὶ

2138 1814 2246 1866 τῶν
2277 1815 2605 1885 τηλικούτων
2649 1817 2988 1884 καινοτομεῖν
3022 1813 3308 1867 ἀνεύθυνον
3340 1815 3478 1882 ἡμῖν
3521 1811 3737 1880 ἀφεθή-

2140 1922 2312 1959 σεται.
2348 1907 2501 1976 Τάχα
2529 1907 2636 1978 γάρ
2665 1924 2766 1958 που
2793 1906 2853 1958 τὸ
2889 1906 2986 1976 μὲν
3018 1905 3094 1974 (5)
3126 1906 3201 1968 ὡς
3227 1904 3441 1974 πρέπον
3474 1903 3573 1954 ἐπὶ
3601 1902 3737 1954 Θεοῦ

2138 2001 2232 2051 καὶ
2280 1999 2495 2069 [ἰατρὸς
2539 1998 2792 2066 λέγεσθαι
2841 1997 2990 2068 παρὰ
3034 1996 3128 2050 τοῦ
3174 1996 3320 2048 Θείου
3367 1994 3736 2065 δεδιδάγμεθα

2136 2089 2327 2158 λόγουο
2360 2091 2420 2142 τὸ
2454 2091 2508 2144 δὲ
2539 2092 2637 2160 οὐχ
2670 2089 2907 2161 ἁρμόζον
2958 2089 3035 2159 τῷ
3076 2090 3370 2156 Μονογενεῖ
3404 2087 3469 2139 δι’
3501 2079 3581 2139 ὧν
3628 2087 3733 2138 ἁπ-

2138 2181 2412 2254 εσιώπησε
2444 2183 2506 2236 τὺ
2545 2183 2770 2253 Πνεῦμα
2819 2183 2880 2235 τὸ
2912 2183 3064 2250 ἅγιον
3105 2180 3425 2244 ἐνεδείξατο.
3479 2178 3607 2241 Πῶς
3640 2173 3732 2229 οὖν

2137 2275 2376 2345 ἀσφαλὲς
2437 2275 2558 2346 τὴν,
2635 2275 2931 2342 Ἐποίησε,
2984 2275 3164 2344 φωνὴν
3217 2271 3736 2344 μεταρρυθμίζοντα

2139 2367 2237 2436 (6),
2283 2367 2493 2438 ποίημα
2522 2367 2701 2435 λέγειν
2741 2366 2832 2419 τὸν
2867 2365 3097 2436 ποιητὴν
3141 2365 3247 2417 τῶν
3297 2364 3466 2424 ὅλωνς
3517 2364 3584 2414 Εἰ
3626 2362 3735 2431 γὰρ

2138 2459 2376 2530 ἔπρεπεν
2405 2459 2553 2529 αὐτῷ
2570 2459 2908 2531 προσηγορία
2946 2457 3188 2526 τοιαύτη,
3221 2457 3320 2509 οὐκ
3350 2456 3418 2508 ἂν
3447 2453 3732 2523 ἐσιωπὴεοη

2139 2551 2289 2623 παρὰ
2338 2550 2432 2604 τοῦ
2480 2549 2814 2620 Πνεύματος.
2885 2549 3022 2601 Ἀλλ’
3065 2548 3157 2600 ἐπὶ
3206 2546 3305 2617 μὲν
3349 2545 3453 2616 τῆς
3500 2545 3736 2605 κτίσεως

2138 2644 2370 2715 εὓρομεν
2418 2642 2526 2696 ἀπὸ
2572 2643 2705 2705 τοῦ,
2769 2642 3090 2707 Ἐποίησε,
3146 2639 3242 2708 τὴν
3275 2636 3370 2690 τοῦ
3425 2637 3738 2706 ποιήματος

2137 2735 2508 2808 προσηγορίαν
2560 2733 2992 2804 μεταληφθεῐσαν
3019 2749 3033 2762 ·
3090 2732 3181 2784 ἐπὶ
3225 2729 3282 2781 δὲ
3314 2727 3410 2781 τοῦ
3455 2726 3592 2779 Υἱοῦ
3643 2725 3735 2777 τοῦ

2137 2826 2271 2880 Θεοῦ
2319 2827 2395 2895 (7)
2434 2827 2636 2879 οὐκέτι.
2689 2826 2784 2876 Ἐν
2825 2822 2984 2892 ἀρχῇ
3030 2821 3137 2891 γὰρ
3180 2820 3474 2885 ἐποίησεν
3517 2821 3552 2872 ό
3593 2818 3738 2881 Θεὲς

2137 2920 2244 2972 τὸν
2285 2917 2548 2986 οὐρανὸν
2584 2915 2682 2968 καὶ
2727 2915 2841 2982 τὴν
2881 2913 3032 2985 γῆν·
3068 2914 3161 2966 καὶ
3216 2911 3411 2966 πάλιν·
3478 2911 3581 2963 Ἐν
3615 2909 3734 2972 τοῖς

2139 3012 2428 3081 ποιήμασι
2460 3008 2578 3063 τῶν
2615 3007 2830 3078 χειρῶν
2853 3025 2970 3060 σου
3007 3005 3304 3072 ἐμελέτων
3327 3021 3340 3034 ο
3396 3004 3513 3065 καὶ,
3553 3002 3632 3056 Τὰ
3658 3001 3731 3071 (8)

2061 3116 2103 3172 c
2137 3104 2246 3173 γὰρ
2284 3102 2502 3169 ἀόρατα
2531 3099 2718 3153 αὑτοῦ
2761 3098 2879 3152 ἀπὸ
2917 3098 3163 3162 κτίσεως
3191 3097 3422 3163 κόσμου
3456 3092 3584 3158 τοῖς
3608 3109 3733 3144 ποι-

2143 3194 2329 3263 ήμασι
2370 3195 2667 3261 νοούμενα
2720 3189 3059 3258 καθορᾶται.
3110 3187 3300 3250 Οῦτως
3357 3188 3443 3255 ἐφ’
3487 3179 3566 3238 ὧν
3617 3185 3731 3236 ἐστι

2141 3288 2413 3358 χρήσιμον
2463 3285 2522 3338 τὸ
2554 3284 2724 3353 ὄνομα
2758 3281 3259 3353 παραλαμϐάνουσα
3296 3283 3330 3348 ἡ
3375 3277 3592 3348 Γραφὴ,
3643 3277 3734 3328 ἐπὶ

2141 3377 2236 3430 τοῦ
2269 3377 2475 3447 Κυρίου
2523 3374 2677 3445 ἡμῶν
2718 3375 2813 3427 καὶ
2847 3374 3099 3443 Σωτῆρος
3142 3371 3318 3442 Ἰησοῦ
3352 3369 3593 3442 Χριστοῦ
3633 3370 3730 3439 (9),

2141 3470 2218 3532 ὡς
2245 3469 2304 3522 οὐ
2341 3468 2550 3540 πρέπον
2577 3466 2654 3538 τῷ
2691 3463 2961 3536 μεγαλείῳ
2989 3463 3086 3531 τῆς
3107 3461 3281 3530 δόξης,
3317 3456 3731 3527 παρεσιὼτπισε.

2143 3561 2256 3614 Νῦν
2287 3561 2343 3614 δὲ
2369 3561 2556 3628 ἀξίνην
2601 3559 2698 3630 μὲν
2723 3557 2817 3610 καὶ
2845 3556 2992 3608 λίθον
3023 3555 3439 3626 ἀκρογωνιαῖον,
3464 3551 3562 3603 καὶ
3589 3550 3734 3602 λίθον

2145 3653 2591 3724 προσκόμματος,
2634 3651 2728 3704 καὶ
2765 3649 2972 3720 πέτραν
3010 3647 3331 3709 σκανδάλου,
3376 3645 3472 3697 καὶ
3507 3642 3736 3696 τοιαῦτα

2143 3747 2306 3817 ἕτερα
2346 3748 2400 3798 ὲν
2433 3740 2512 3808 οἷς
2540 3745 2600 3797 οὐ
2629 3743 2764 3796 πολὺ
2805 3743 2953 3796 δοκεῖ
2979 3742 3039 3794 τὸ
3071 3739 3316 3808 εὔφημον
3343 3733 3482 3790 εἶναι
3510 3738 3629 3798 τοῖς
3663 3735 3737 3804 μὴ

2144 3838 2591 3908 καΟικνουμένοις
2622 3837 2721 3905 τῆς
2755 3835 3028 3905 σημασίας
3055 3832 3162 3885 τῶν
3183 3829 3482 3900 ὀνομάτων,
3513 3828 3606 3879 τὸν
3631 3827 3739 3879 Κύ-

2147 3947 2262 4000 ριον
2313 3929 2410 3998 τῆς
2461 3927 2618 3996 δόξης
2664 3923 3093 3996 προσαγορεύειν
3145 3923 3246 3974 οὐκ
3305 3918 3736 3988 ἐπαισχύνεται·

2146 4015 2370 4083 ποίημα
2397 4013 2455 4066 δὲ
2484 4011 2720 4082 οὐδαμοῦ
2747 4011 2810 4064 τὸ
2839 4009 3101 4081 παράπαν
3138 4007 3413 4077 ὠνόμασε.
3453 4004 3653 4057 Καίτοι
3677 4021 3742 4070 γε

2144 4103 2297 4169 οὗτος
2351 4105 2480 4178 παρ’
2518 4102 2696 4157 αὐτῶν
2739 4101 3020 4172 εἰληφέναι
3068 4100 3175 4152 τῶν
3221 4097 3392 4166 ἁγίων
3447 4097 3508 4148 τὸ
3566 4095 3742 4163 ὄνομα

2145 4197 2302 4251 τοῦτό
2333 4214 2517 4267 φησιν,
2566 4197 2654 4248 ἴνα
2701 4197 2822 4257 ταῖς
2852 4191 3241 4261 συκοφαντίαις
3296 4190 3370 4260 μὴ
3429 4187 3595 4258 μόνον
3629 4186 3740 4256 (10)

2146 4292 2269 4352 τοὺς
2295 4289 2412 4341 κατ’
2440 4288 2600 4342 αὑτὸν
2631 4286 2924 4359 περιϐάλῃ,
2956 4283 3096 4338 ἀλλὰ
3127 4284 3222 4336 καὶ
3247 4282 3372 4345 τοὺς
3406 4281 3581 4335 πάλαι
3611 4280 3740 4332 ποτε

2147 4379 2469 4449 γενομένους
2503 4378 2710 4446 ἁγίους.

499 4464 588 4518 οὗ.
636 4464 834 4519 Verum
881 4473 1239 4532 praeterquam
1287 4464 1428 4532 quod
1480 4465 1549 4518 ob
1599 4465 1897 4534 periculum
1933 4483 2037 4520 non

2214 4471 2267 4523 5.
2300 4469 2464 4523 Ἀνευ
2493 4469 2550 4522 δὲ
2576 4467 2669 4522 τοῦ
2703 4468 2778 4539 μὴ
2809 4468 3010 4538 χρῆναι
3038 4466 3129 4519 διὰ
3156 4467 3216 4518 τὸ
3250 4466 3594 4520 ἐπικίνδυνον
3630 4467 3736 4525 τοῖς

464 4566 676 4625 oportet
714 4557 838 4610 talia
866 4559 1084 4620 audere,
1113 4573 1290 4626 neque
1317 4556 1528 4611 Domini
1561 4558 1778 4612 nomina
1804 4574 1833 4611 a
1864 4558 2042 4625 seipso

468 4649 1188 4718 transformare:prazterca
1245 4664 1311 4702 ne
1364 4651 1476 4716 ipsa
1531 4651 1749 4719 quidem
1801 4651 2039 4719 Apostoli

465 4741 732 4796 sententia
766 4741 986 4795 exhibet
1012 4742 1166 4795 nobis
1191 4755 1309 4796 eam
1339 4740 1612 4812 Unigeniti
1644 4757 1766 4810 quae
1793 4754 1919 4795 ante
1945 4758 2044 4796 sa:-

539 4883 582 4913 "
609 4883 732 4935 Act.
769 4896 830 4947 tt,
866 4880 952 4935 56.
1031 4881 1076 4912 ¹⁰
1109 4881 1244 4936 Gen.
1283 4899 1320 4949 ι,
1355 4883 1404 4936 1.

538 5062 614 5134 (1)
653 5063 785 5133 Reg.
822 5073 1044 5133 quartus
1088 5063 1140 5116 in
1186 5063 1425 5134 margine
1478 5063 1757 5133 ὀνομάτων
1803 5065 2038 5136 ἐπικρα-

467 5137 600 5187 τεῖν.
791 5160 799 5169 ·

541 5206 618 5275 (5)
652 5203 762 5258 Hoc
794 5202 925 5275 dicit
955 5203 1188 5258 Basilius
1227 5217 1245 5275 ζ
1292 5203 1574 5269 Scriptura
1619 5219 1740 5257 cum
1775 5204 1840 5256 de
1884 5205 2044 5259 Patre

469 5272 772 5329 sermonem
809 5274 988 5338 habet,
1025 5277 1188 5327 verho
1217 5272 1338 5342 fecit
1369 5275 1561 5339 utitur,
1591 5285 1647 5327 ut
1668 5275 1919 5328 ostendat
1945 5275 2046 5328 hoc

470 5347 690 5398 verbum
743 5344 888 5396 Patri
940 5355 1196 5412 tanquam
1233 5359 1412 5396 rerum
1474 5345 1716 5398 omnium
1771 5346 2040 5398 conditori

469 5415 759 5468 convenire
788 5432 802 5468 :
831 5424 1042 5480 contra,
1067 5431 1186 5466 cum
1219 5416 1285 5468 de
1312 5413 1448 5467 Filio
1473 5413 1730 5484 loquitur,
1763 5429 2040 5480 nunquam

473 5499 654 5536 vocem
692 5485 914 5550 factura:
955 5493 1200 5552 usurpat,
1233 5494 1290 5536 ut
1323 5483 1614 5538 doceamur
1646 5483 1698 5537 id
1731 5499 1924 5538 nomen
1964 5484 2038 5548 ei,

470 5554 559 5618 qui
591 5555 794 5620 pariter
817 5569 996 5606 rerum
1027 5554 1274 5606 conditor
1299 5564 1401 5616 est,
1435 5569 1538 5607 non
1573 5569 1892 5620 congruere.
1928 5555 2042 5606 An-

475 5625 604 5692 tiqui
639 5632 870 5688 quatuor
913 5623 1032 5674 libri
1067 5623 1218 5692 Τάχα
1245 5623 1352 5691 γάρ
1391 5639 1490 5674 που
1517 5624 1577 5676 τὸ

472 5688 534 5762 το
554 5688 636 5762 δέ.
666 5692 802 5744 Editi
824 5693 964 5760 τάχα
990 5693 1095 5762 γὰρ
1139 5688 1294 5745 τοῦτο
1326 5688 1436 5761 ’μὲν
1562 5688 1742 5762 λόγου,
1776 5688 1945 5746 τοῦτο
1967 5693 2046 5749 δέ.

477 5756 585 5810 lloc
627 5761 740 5823 ipso
790 5761 841 5815 in
879 5756 1151 5817 loco'et'titi
1183 5773 1254 5835 ,οι
1288 5756 1391 5819 duo
1433 5779 1560 5838 mss.
1612 5756 1710 5834 οὐχ
1761 5762 2044 5834 ἁρμόζειν.

1611 5624 1708 5692 μὲν
1860 5623 2044 5690 λόγου,
2116 5686 2118 5689 ι

2147 4561 2411 4626 τοιούτοις
2446 4559 2769 4630 ὲπιτολμᾷν,
2799 4560 2894 4611 καὶ
2921 4557 2990 4610 τὰ
3009 4556 3103 4610 τοῦ
3130 4558 3242 4627 (11)
3272 4556 3480 4628 Κυρίου
3504 4556 3734 4624 ὀνόματα

2149 4653 2280 4722 παρ’
2313 4651 2508 4705 ἑαυτοῦ
2545 4651 2943 4722 μεταπλάττειν
2963 4667 2976 4680 ·
3007 4651 3088 4703 ἑτι
3121 4652 3244 4704 οὐδὲ
3274 4653 3307 4721 ἡ
3344 4650 3439 4703 τοῦ
3486 4649 3733 4703 17:95:6-

2151 4743 2244 4796 λου
2273 4744 2483 4798 διάνοια
2513 4744 2610 4814 τὴν
2649 4744 2757 4815 πρὸ
2796 4745 2991 4808 αἰῶνος
3037 4745 3337 4797 ὑπόστασιν
3368 4744 3462 4796 τοῦ
3501 4746 3734 4808 Μονογε·

1483 4884 1526 4914 “
1560 4882 1703 4941 Psal.
1735 4899 1902 4949 cxut,
2045 4885 2089 4916 “
2121 4884 2279 4940 Rom.
2314 4901 2355 4952 ι,
2383 4885 2475 4946 20,

2145 5063 2266 5136 Alii,
2288 5065 2528 5134 quinque
2563 5080 2694 5118 mss.
2731 5067 2830 5136 οὐχ
2864 5065 3128 5136 ἁρμόζον.

2219 5133 2464 5206 (ϐλιὲιιίιὶ
2496 5133 3061 5206 μεταρρυθμίζοντας.
3081 5137 3306 5203 Antiqui
3331 5150 3426 5188 sex
3457 5133 3581 5188 libri
3619 5149 3737 5206 μετ-

2154 5203 2587 5275 αρρυθμίζοντα,
2620 5203 2880 5274 quomodo
2907 5217 3078 5259 tutum
3116 5206 3275 5273 fuerit
3300 5208 3345 5260 ei
3368 5209 3457 5274 qui
3493 5221 3557 5257 e1:
3593 5203 3737 5256 verba

2152 5274 2284 5329 fecit
2310 5274 2482 5328 vacent
2513 5274 2743 5330 factura:
2766 5279 3137 5329 concinnavit?

2223 5343 2299 5416 (7)
2330 5345 2432 5416 alii
2468 5345 2561 5398 τοῦ
2593 5346 2726 5398 Υἱοῦ
2761 5346 2854 5398 καὶ
2888 5345 3046 5406 Θεοῦ,

2245 5414 2297 5470 8)
2335 5414 2475 5468 Editi
2502 5417 2597 5468 καὶ
2627 5416 2788 5469 πάλιν
2815 5416 2906 5470 τά.
2941 5417 3174 5470 Codices
3198 5414 3353 5468 multi
3389 5415 3488 5468 καὶ
3514 5414 3606 5466 τά.

2245 5417 2276 5466 8
2335 5417 2475 5468 Editi
2502 5417 2597 5468 καὶ
2627 5417 2788 5469 πάλιν
2815 5417 2906 5470 τά.
2941 5417 3174 5470 Codices
3198 5417 3353 5468 multi
3389 5417 3488 5468 καὶ
3514 5417 3606 5466 τά.

2220 5417 2297 5555 f9)
2531 5487 2737 5556 Κυρίου
2789 5487 2882 5539 καὶ
2929 5485 3186 5556 Σωτῆρος
3220 5484 3380 5554 ἡμῶν
3440 5481 3640 5554 Ἰησοῦ.
3676 5479 3738 5533 At

2151 5569 2286 5608 mss.
2315 5564 2389 5608 uti
2423 5564 2476 5608 in
2501 5569 2783 5612 contextu.

2224 5625 2336 5697 (10)
2365 5625 2499 5697 Beg.
2529 5637 2754 5697 quartus
2792 5626 2868 5697 μὴ
2903 5626 3119 5697 μόνους.

2226 5691 2335 5766 (11)
2365 5691 2505 5766 Editi
2534 5691 2868 5766 ίέπιτολμρίν,⁷
2890 5691 3034 5750 κατὰ
3066 5696 3180 5748 τοῦ.
3213 5694 3437 5762 Antiqui
3473 5706 3582 5750 tres
3623 5691 3734 5747 libt'i

2154 5765 2476 5835 ὲπιτολμᾷν,
2515 5769 2607 5821 καὶ
2636 5768 2703 5820 τά
2732 5765 2847 5834 τοῦ,
2879 5777 3043 5822 recte.
