3836 6222
197 204 303 262 577

1315 211 1684 268 ADVERSUS
1723 209 2091 268 EUNOMIUM
2133 213 2265 268 LIB.
2307 213 2368 268 II.

3346 222 3450 277 578

191 300 321 364 νοῦς
347 301 477 371 ἡμῖν
507 301 820 374 παρίστησι,
852 305 978 376 περὶ
1007 299 1074 376 ἧς
1096 307 1124 359 ὁ
1147 306 1301 376 λόγος
1335 310 1391 361 ὲν
1417 307 1493 379 τῷ
1525 309 1767 380 παρόντι.

1880 309 1993 362 cula
2026 309 2124 362 fuit
2159 309 2566 364 subsistentiam
2601 329 2614 365 :
2651 312 2718 368 de
2753 327 2858 383 qua
2898 327 3040 368 nunc
3084 315 3238 370 nobis
3272 333 3452 374 sermo

191 393 334 446 οὐδὲ
371 391 480 464 γὰρ
510 395 639 464 περὶ
688 397 786 466 τῆς
837 398 1026 460 οὐσίας
1059 401 1228 472 αὐτῆς
1269 401 1364 454 τοῦ
1411 403 1546 456 Θεοῦ
1576 403 1772 472 Λόγου,

189 483 290 537 τοῦ
321 485 378 536 ὲν
424 486 567 557 ἀρχῇ
625 485 778 550 ὄντος
825 488 960 561 πρὸς
1004 491 1095 544 τὸν
1127 492 1292 556 Θεὸν,
1340 493 1476 547 ἀλλά
1512 496 1641 566 περὶ
1680 493 1774 547 τοῦ

191 571 532 638 κενώσαντος
571 576 762 629 ἑαυτὸν
791 578 847 630 ἐν
879 580 946 649 τῇ
983 579 1076 632 τοῦ
1100 580 1286 635 δούλου
1318 585 1520 654 μορφῇ,
1561 583 1656 636 καὶ
1685 601 1778 652 γε-

188 667 420 737 νομένου
475 669 800 740 συμμόρφου
841 669 928 740 τῷ
978 671 1192 742 σώματι
1241 675 1344 745 τῆς
1391 674 1776 740 ταπεινώσεως

189 757 378 827 ἡμῶν,
405 760 499 812 καὶ
532 763 938 832 σταυρωθέντος
981 765 1038 832 ἐξ
1071 767 1374 830 ἀσθενείας,
1429 767 1615 837 σαφῶς
1656 769 1773 821 δια-

188 851 433 920 λέγεται.
475 855 585 907 Καὶ
632 855 790 910 τοῦτο
835 859 999 910 παντὶ
1037 857 1312 928 γνώριμον
1354 859 1431 928 τῷ
1461 859 1552 911 καὶ
1580 859 1774 930 μικρὸν

189 941 546 1013 ἐπιστήσαντι
577 945 675 1014 τῆς
705 946 1069 1016 ἀποστολικῆς
1111 945 1310 1012 λέξεως
1336 946 1412 1017 τῷ
1450 948 1771 1019 βουλήματι,

187 1033 275 1088 ὅτι
321 1035 442 1105 οὐχὶ
494 1034 770 1105 θεολογίας
820 1040 950 1109 ἡμῖν
996 1039 1327 1108 παραδίδωσι
1373 1040 1592 1111 τρόπον,
1639 1039 1777 1092 ἀλλά

187 1130 318 1192 τοὺς
349 1129 450 1200 τῆς
481 1131 794 1202 οἰκονομίας
821 1132 1014 1201 λόγους
1042 1133 1362 1205 παραδηλοῖ.
1391 1135 1613 1202 Κύριον
1641 1135 1772 1206 γὰρ,

187 1222 346 1291 φησὶ,
399 1223 496 1276 καὶ
544 1225 802 1292 Χριστὸν
851 1225 1038 1280 αὐτὸν
1081 1225 1192 1292 (I2)
1243 1229 1275 1279 ό
1319 1227 1461 1292 Θεὸς
1503 1226 1772 1295 ἐποίησε,

187 1313 408 1366 τοῦτον
454 1314 563 1368 τὸν
610 1316 846 1383 Ἰησοῦν
892 1316 964 1370 ὃν
1000 1317 1170 1386 ὑμεῖς
1202 1316 1655 1384 ἐσταυρώσατε,
1707 1321 1774 1390 τῇ

183 1401 435 1478 δεικτικῇ
463 1411 614 1479 φωνῇ
653 1410 934 1480 μονονουχὶ
965 1410 1103 1482 πρὸς
1134 1409 1196 1462 τὸ
1232 1408 1570 1480 ἀνθρώπινον
1609 1409 1774 1463 αὐτοῦ

181 1498 290 1552 καὶ
332 1499 606 1569 ὁρώμενον
657 1501 791 1554 πᾶσι
831 1501 1112 1573 προδήλως
1163 1501 1592 1572 ἐπερειδόμενος.
1633 1503 1690 1555 '0
1718 1501 1776 1556 δὲ

179 1589 312 1660 τὴν,
347 1591 657 1659 ἐποίησεν,
688 1591 870 1663 φωνὴν
900 1594 980 1655 είς
1005 1593 1104 1663 τὴν
1129 1591 1364 1662 ἀρχῆθεν
1387 1591 1638 1660 γέννησιν
1667 1594 1774 1664 (15)

178 1681 289 1736 τοῦ
326 1683 663 1752 Μονογενοῦς
717 1683 1032 1756 μεταφέρει.
1081 1684 1191 1738 Καὶ
1235 1683 1358 1738 οὐδὲ
1407 1686 1581 1738 ἐκεῖνο
1617 1686 1779 1740 αὐτὸν

179 1774 450 1838 δυσωπεῖ,
481 1776 562 1828 ὅτι
591 1775 672 1840 τδ,
692 1777 926 1844 Κύριος,
954 1777 1054 1830 οὐκ
1075 1775 1260 1839 οὐσίας
1291 1777 1460 1839 ἐστὶν,
1491 1775 1604 1830 ἀλλ’
1632 1776 1780 1843 ἐξου-

182 1864 318 1928 σίας
344 1865 534 1936 όνομα.
566 1867 729 1919 Ὥστε
766 1867 794 1918 ὁ
827 1865 1026 1932 εἰπὼν,
1057 1867 1278 1933 Κύριον
1304 1866 1494 1920 αὐτόν
1520 1867 1618 1920 καὶ
1647 1867 1780 1935 Χρι-

177 1957 347 2012 στὸν
385 1961 418 2012 ὀ
471 1958 614 2024 Θεὸς
663 1958 944 2026 ἐποίησε,
991 1959 1092 2030 τὴν
1142 1958 1284 2012 κατὰ
1338 1959 1552 2012 πάντων
1607 1961 1780 2030 ἀρχὴν

181 2053 290 2106 καὶ
315 2051 631 2106 δεσποτείαν
673 2050 820 2118 λέγει
851 2051 949 2123 τὴν
981 2051 1132 2124 παρά
1173 2051 1268 2105 τοῦ
1301 2052 1514 2124 Πατρὺς
1551 2053 1779 2122 ἐπιτρα-

179 2145 386 2196 πείσαν
422 2141 590 2212 αὐτῷ,
623 2142 684 2194 οὐ
715 2143 813 2211 τὴν
849 2141 956 2212 (l-i)
985 2143 1066 2205 εἰς
1092 2141 1156 2194 τὸ
1187 2138 1323 2194 εῖναι
1349 2140 1579 2212 πάροδον
1613 2141 1778 2196 αὐτοῦ

177 2235 477 2306 διηγεῖται.
529 2234 715 2288 Ταῦτα
759 2235 855 2304 μὲν
898 2229 990 2288 οὖν
1034 2233 1227 2304 μικρὸν
1261 2233 1486 2305 ὕστερον
1519 2234 1780 2301 ἐπιδείξο-

184 2343 317 2398 μεν,
369 2327 500 2379 ὂταν
547 2323 860 2394 ἐλέγχωμεν
907 2325 1067 2378 αὐτὸν
1099 2323 1250 2396 παρὰ
1291 2323 1352 2376 τὸ
1400 2323 1644 2395 βούλημα
1683 2323 1778 2378 τοῦ

181 2417 518 2490 Πνεύματος
545 2417 646 2481 τὰς
683 2419 746 2470 ὲκ
773 2417 873 2488 τῆς
897 2417 1119 2488 Γραφῆς
1150 2415 1456 2489 μαρτυρίας
1485 2416 1779 2487 παρατιθέ-

185 2526 356 2581 μενον
383 2526 398 2540 ·
439 2509 556 2562 νυνὶ
582 2508 638 2562 δὲ
670 2509 762 2562 ἐπὶ
805 2507 872 2560 τὰ
902 2508 1102 2578 συνεχῆ
1141 2507 1235 2561 τοῦ
1284 2507 1442 2576 λόγου
1475 2508 1775 2579 προΐωμεν.

179 2601 256 2656 Τί
289 2598 380 2654 οὖν
410 2599 559 2670 αὐτῷ
605 2598 850 2670 βούλεται
901 2599 964 2652 τὸ
1019 2599 1189 2670 ὄνομα
1220 2599 1412 2664 τοῦτο;
1455 2599 1551 2652 καὶ
1597 2597 1648 2653 τί
1682 2599 1776 2670 δή-

182 2709 326 2750 ποτε
365 2691 575 2762 ποίημα
623 2690 1053 2762 προσαγορεύειν
1103 2690 1195 2745 τὸν
1238 2691 1466 2762 ποιητὴν
1497 2689 1604 2742 τῶν
1643 2689 1778 2742 ὅλων

182 2787 490 2855 ἐπιχειρεί;
521 2784 822 2854 Σοφίσματι
846 2783 1082 2855 κιϐδήλῳ
1107 2783 1630 2856 παρακρουσάμενος
1653 2783 1779 2836 ἑαυ-

181 2877 304 2940 τὸν,
357 2877 524 2930 οἴεται
571 2878 692 2938 ταῖς
747 2875 856 2928 τῶν
901 2876 1181 2946 ὀνομάτων
1229 2874 1516 2946 διαφοραῖς
1555 2876 1778 2947 καὶτῆς

179 2967 382 3031 οὐσίας
410 2965 766 3038 παραλλαγὴν
799 2964 1250 3034 συνεκφαίνεσθαι
1277 2966 1408 3036 (15).

260 3059 319 3113 4.
357 3060 548 3112 Καίτοι
579 3059 661 3122 τίς
693 3059 758 3112 ἂν
790 3057 869 3128 τῷ
912 3058 1056 3128 λόγῳ
1089 3058 1264 3128 τούτῳ
1297 3057 1589 3130 σωφρονῶν
1612 3060 1782 3131 πρόσ-

181 3151 358 3214 θοιτο,
386 3153 467 3204 ὅτι
498 3145 574 3204 ὧν
606 3149 675 3202 τὰ
699 3150 937 3220 ὀνόματά
966 3151 1080 3202 ἐστι
1109 3149 1361 3220 διάφορα,
1392 3149 1595 3202 τούτων
1641 3169 1782 3222 παρ-

181 3243 457 3317 ηλλάχθαι
495 3243 588 3297 καὶ
619 3242 718 3304 τὰς
756 3241 944 3303 οὐσίας
977 3241 1188 3312 ἀνάγκη
1219 3256 1236 3306 ;
1271 3241 1482 3312 Πέτρου
1527 3241 1637 3314 γὰρ
1685 3241 1780 3296 καὶ

182 3337 431 3400 Παύλου,
474 3335 571 3389 καὶ
611 3333 948 3398 ἁπαξαπλῶς
993 3330 1298 3404 ἀνθρώπων
1342 3331 1560 3386 πάντων
1607 3351 1778 3405 προσ-

180 3428 418 3501 ηγορίαι
443 3427 541 3498 μὲν
559 3426 825 3497 διάφοροι,
853 3423 1010 3477 οὐσία
1036 3424 1093 3477 δὲ
1117 3424 1335 3478 πάντων
1361 3424 1476 3494 μία.
1501 3424 1698 3494 Διόπερ
1721 3427 1778 3478 ἐν

184 3523 312 3584 τοῖς
338 3519 612 3581 πλείστοις
641 3517 690 3570 οἱ
716 3516 869 3571 αὐτοὶ
889 3515 1143 3586 ἀλλήλοις
1167 3515 1364 3585 ἐσμέν*
1403 3516 1516 3577 τοῖς
1554 3513 1611 3566 δὲ
1645 3515 1781 3568 ἰδιώ-

125 3681 134 3690 .
187 3629 332 3684 μασι
351 3611 533 3682 μόνοις
550 3608 658 3680 (16)
676 3611 786 3671 τοῖς
802 3607 930 3680 περὶ
950 3607 1176 3659 ἕκαστον
1189 3605 1578 3677 θεωρουμένοις
1593 3607 1778 3678 ἕτερος

183 3704 382 3775 ἑτέρου
410 3701 814 3770 διενηνόχαμεν.
844 3698 1005 3752 Ὅθεν
1041 3699 1135 3751 καὶ
1179 3698 1235 3750 αἱ
1273 3697 1634 3769 προσηγορίαι
1655 3699 1777 3768 οὐχὶ

181 3799 300 3854 τῶν
329 3795 526 3849 οὐσιῶν
555 3796 662 3846 εισι
701 3791 1058 3864 σημαντικαὶ,
1088 3789 1224 3843 ἀλλά
1249 3789 1356 3844 τῶν
1389 3790 1688 3861 ίδιοτῆτων,
1718 3791 1774 3842 αἳ

179 3890 282 3945 τὸν
314 3888 434 3942 καθ’
474 3889 569 3939 ἕνα
608 3882 1122 3958 χαρακτηρίζουσιν.
1161 3882 1329 3936 Ὅταν
1359 3877 1452 3934 οὖν
1490 3881 1776 3952 ἀκούωμεν

185 3983 308 4054 (I7)
349 3979 596 4048 Πέτρον,
642 3978 703 4030 οὐ
748 3975 846 4047 τὴν
888 3973 1074 4027 οὐσίαν
1114 3971 1276 4026 αὐτοῦ
1312 3971 1538 4042 νοοῦμεν
1584 3973 1648 4025 ἐκ
1681 3971 1772 4024 τοῦ

180 4072 453 4142 ὀνόματος
483 4067 692 4138 χούσίαν
717 4065 774 4118 δὲ
795 4065 938 4132 λέγω
958 4063 1052 4117 νῦν
1077 4063 1140 4116 τὺ
1171 4061 1354 4116 ὗλικδν
1378 4061 1736 4130 ὑποκείμενον
1758 4078 1771 4092 ⁸

179 4165 327 4234 ὅπερ
358 4159 611 4230 οὐδαμῶς
647 4156 902 4228 σημαίνει
938 4155 1218 4226 τοῦνομα),
1249 4154 1388 4208 ἀλλὰ
1415 4155 1522 4209 τῶν
1557 4157 1775 4226 ἰδιωμά-

177 4270 296 4306 των
333 4251 369 4305 ἃ.
403 4250 532 4320 περὶ
575 4247 738 4300 αὐτὸν
775 4245 1057 4316 θεωρεῖται
1109 4243 1207 4315 τὴν
1257 4243 1462 4296 ἔννοιαν
1515 4245 1772 4298 ἐντυπού-

1879 407 1980 452 est.
2011 397 2193 468 Neque
2211 399 2354 453 enim
2387 400 2454 455 de
2487 401 2786 456 substantia
2823 404 2935 474 ipsa
2971 405 3064 460 Dei
3099 407 3280 473 Verbi,
3307 413 3448 480 quod

1877 489 1930 544 in
1960 491 2224 560 principio
2253 502 2364 546 erat
2397 493 2536 562 apud
2563 493 2726 566 240
2759 495 2924 550 Deum
2955 498 3024 565 ³³,
3051 500 3144 556 sed
3171 502 3240 556 de
3266 515 3332 556 eo
3358 504 3448 573 qui

1877 579 2111 647 seipsum
2139 579 2432 633 exinanivit
2475 581 2528 634 in
2575 581 2746 636 forma
2795 586 3030 652 servi”,
3063 597 3120 644 et
3165 588 3341 646 lactus
3365 600 3446 647 est

1877 669 2168 723 conl'onnis
2219 671 2436 739 corpori
2482 673 2799 730 humilitatis
2853 687 3048 732 nostra!
3077 680 3144 744 ³⁵,
3174 695 3239 734 ac
3269 685 3446 740 cruci-

1880 761 2020 816 ﬁxus
2043 771 2127 816 est
2156 777 2222 816 ex
2253 763 2566 819 inﬁrmitate
2588 766 2655 834 ",
2683 767 2830 824 clare
2859 783 2924 824 ac
2955 773 3236 841 perspicue
3271 774 3446 832 disse-

1879 853 1970 908 rit.
2014 853 2083 907 Et
2132 855 2234 909 hoc
2261 865 2446 910 notum
2475 867 2562 912 est
2593 860 2844 916 omnibus
2895 864 2986 930 qui
3031 864 3113 918 vel
3164 879 3354 933 parum
3381 869 3450 923 ad

1877 947 2186 1016 apostolica-3
2221 948 2477 1004 dictionis
2509 964 2724 1004 sensum
2778 953 3018 1006 animum
3077 955 3446 1020 intenderunt.

1875 1040 2018 1110 quod
2059 1055 2162 1095 non
2205 1041 2486 1112 theologia:
2519 1043 2673 1097 nobis
2723 1044 2940 1099 modum
2973 1047 3158 1114 tradit,
3189 1048 3284 1104 sed
3335 1050 3452 1104 dis-

1875 1132 2206 1202 pensationis
2247 1133 2486 1188 rationes
2525 1133 2783 1189 declarat.
2823 1136 3106 1192 Dominum
3151 1140 3317 1206 enim,
3367 1141 3452 1195 in-

1877 1226 2034 1296 quit,
2081 1235 2128 1280 et
2175 1225 2442 1280 Clu-istum
2491 1228 2663 1296 ipsum
2704 1229 2845 1283 Deus
2893 1229 3047 1298 fecit,
3093 1231 3232 1285 hunc
3265 1231 3450 1288 Jesum

1875 1337 2028 1391 quem
2075 1337 2164 1376 vos
2197 1319 2532 1388 cruciﬁxistis
2559 1320 2604 1351 ³⁷
2639 1338 2653 1375 :
2697 1321 2799 1376 hac
2845 1321 3272 1378 demonstrativa
3321 1339 3452 1381 voce

1879 1411 1931 1466 in
1965 1411 2356 1466 humanitatem
2387 1411 2506 1482 ejus
2561 1420 2725 1481 atque
2757 1411 2812 1466 in
2849 1411 2902 1466 id
2947 1413 3090 1482 quod
3113 1414 3288 1468 oculis
3329 1429 3448 1469 om-

1875 1501 2026 1556 nium
2093 1501 2390 1571 subjectum
2443 1511 2558 1556 erat
2619 1511 2826 1556 tantum
2883 1517 2991 1558 non
3038 1513 3222 1574 aperte
3269 1507 3452 1562 inten--

1877 1602 1987 1648 tus.
2029 1591 2127 1648 IIic
2169 1609 2300 1649 vero
2335 1608 2521 1648 vocem
2555 1594 2676 1661 fecit
2719 1595 2786 1648 ad
2827 1608 2946 1648 eam
2978 1595 3246 1664 Unigeniti
3284 1611 3450 1670 gene-

1881 1683 2142 1738 rationem
2177 1697 2298 1754 quae
2327 1698 2356 1736 a
2396 1683 2663 1753 principio
2705 1683 2831 1746 fuit,
2877 1685 3153 1740 transfert.
3191 1686 3256 1741 Et
3287 1703 3354 1742 ne
3385 1689 3450 1742 il-

1879 1773 1969 1829 iud
1999 1773 2215 1844 quidem
2243 1790 2365 1830 eum
2397 1775 2604 1844 pudore
2643 1774 2845 1840 allicit,
2883 1777 3027 1846 quod
3055 1793 3157 1832 vox
3192 1779 3448 1834 Dominus

1879 1880 1985 1918 non
2020 1879 2213 1920 nomen
2242 1867 2313 1920 sit
2341 1867 2681 1932 substantiae,
2712 1866 2806 1922 sed
2834 1869 3132 1936 potestatis.
3159 1869 3337 1936 Quare
3359 1872 3451 1940 qui

1880 1956 2036 2022 dixit,
2077 1957 2355 2012 Dominum
2378 1959 2548 2028 ipsum
2581 1968 2628 2012 et
2655 1958 2923 2014 Christum
2950 1959 3087 2014 Deus
3119 1960 3264 2031 fecit,
3299 1963 3452 2032 prin—

1877 2047 2117 2118 cipatum
2153 2063 2216 2103 ac
2241 2049 2534 2102 dominium
2567 2049 2620 2103 in
2649 2064 2838 2104 omnes
2864 2052 2911 2104 ei
2945 2065 2975 2104 a
3009 2050 3169 2106 Patre
3193 2054 3448 2108 traditum

1873 2141 2030 2206 dicit,
2062 2155 2168 2194 non
2211 2139 2354 2194 illius
2395 2141 2462 2194 ad
2501 2156 2612 2194 esse
2654 2143 2944 2196 transitum
2976 2154 3183 2198 narrat.
3227 2143 3293 2198 Et
3325 2145 3450 2213 qui-

1879 2232 1999 2288 dem
2034 2233 2147 2286 haec
2171 2233 2328 2302 paulo
2361 2242 2483 2302 post
2508 2233 2883 2300 ostendemus;
2915 2248 3037 2288 cum
3066 2233 3450 2292 convincemus

1877 2324 2028 2379 illum
2073 2323 2372 2394 Scripturae
2425 2325 2730 2380 testimonia
2765 2336 2960 2396 praeter
2988 2325 3224 2396 Spiritus
3258 2326 3454 2380 volun-

1877 2424 2044 2472 tatem
2073 2417 2316 2486 prol'erre
2344 2417 2395 2472 in
2437 2418 2674 2474 taedium
2715 2433 2729 2472 :
2762 2419 2857 2473 sed
2889 2434 3032 2474 nunc
3064 2419 3131 2473 ad
3167 2420 3330 2475 verba
3361 2434 3454 2474 co-

1879 2508 2140 2562 hmrcntia
2169 2508 2603 2580 progrediamur.
2653 2509 2792 2577 Quid
2825 2525 2956 2581 ergo
2981 2509 3085 2566 hoc
3115 2525 3312 2566 nomen
3347 2510 3454 2566 sibi

1877 2598 2051 2652 vult?
2113 2614 2219 2668 qua
2281 2601 2494 2655 tandem
2569 2601 2636 2656 de
2703 2617 2864 2658 causa
2932 2603 3196 2658 Iacturam
3274 2603 3454 2659 [δοιο-

1879 2704 1992 2745 rem
2045 2690 2286 2745 omnium
2337 2690 2610 2760 appellare
2663 2693 3015 2762 aggreditur?
3067 2693 3186 2763 Ipse
3247 2708 3308 2751 se
3369 2693 3456 2748 fu-

1873 2791 1996 2835 cata
2023 2781 2364 2836 cavillatione
2408 2781 2702 2851 decipiens,
2731 2785 3050 2840 substantiae
3079 2787 3247 2841 etiam
3275 2786 3455 2842 diver-

1877 2872 2093 2927 sitatem
2167 2887 2274 2926 una
2342 2887 2464 2927 cum
2519 2875 2809 2930 nominum
2861 2875 3182 2932 discrimine
3237 2880 3452 2935 ostendi

1803 2989 1846 3049 ρ
1871 2962 2172 3018 existimat.

1949 3052 2006 3110 4.
2058 3051 2162 3109 Sed
2193 3055 2316 3124 quis
2352 3056 2549 3112 mentis
2586 3069 2807 3128 compos
2853 3056 2918 3112 ad
2951 3055 3094 3112 hanc
3125 3057 3451 3114 sententiam

1880 3147 2192 3211 accesserit.
2232 3147 2377 3218 quod
2405 3163 2632 3218 quorum
2673 3149 2893 3204 nomina
2926 3159 3054 3204 sunt
3082 3150 3316 3218 diversa,
3355 3152 3453 3207 ho-

1881 3253 1998 3292 rum
2038 3239 2200 3293 etiam
2249 3239 2583 3295 substantias
2616 3241 2858 3298 diversas
2911 3255 3032 3296 esse
3069 3256 3290 3298 necesse
3331 3243 3454 3298 sit?

1877 3329 2026 3386 Petri
2064 3331 2205 3386 enim
2251 3341 2305 3386 et
2335 3331 2509 3398 Pauli,
2561 3341 2616 3387 et
2648 3332 2700 3387 in
2738 3348 2970 3400 summa,
3021 3333 3300 3389 hominum
3333 3350 3452 3390 om-

1879 3421 2026 3476 nium
2074 3422 2456 3492 appellationes
2505 3433 2634 3478 sunt
2683 3425 2900 3493 quidem
2941 3425 3168 3480 diversas
3203 3445 3216 3482 :
3247 3427 3341 3482 sed
3371 3437 3454 3482 ta-

1879 3525 2000 3582 men
2055 3511 2300 3566 omnium
2356 3527 2459 3566 una
2507 3511 2810 3566 substantia
2847 3521 2949 3568 est.
3005 3511 3345 3584 Quapropter
3398 3513 3452 3568 in

1877 3599 2124 3670 plurimis
2156 3601 2317 3655 iidem
2349 3601 2487 3656 inter
2521 3616 2622 3656 nos
2659 3616 2870 3666 sumus,
2907 3609 2960 3656 et
2986 3601 3117 3657 solis
3147 3603 3450 3672 proprieta-

1880 3693 2021 3746 tibus
2055 3707 2175 3762 quze
2225 3692 2278 3745 in
2327 3707 2658 3762 unoquoque
2709 3693 3142 3758 considerantur,
3195 3696 3332 3748 alter
3379 3695 3449 3749 ab

1875 3783 2050 3838 altero
2101 3781 2424 3840 dilicrimus.
2459 3781 2613 3838 Unde
2644 3793 2701 3839 et
2743 3783 3136 3854 appellationes
3180 3799 3286 3839 non
3320 3786 3449 3840 sub-

1876 3877 2123 3936 stantias,
2159 3874 2252 3930 sed
2298 3875 2656 3946 pmprietates
2696 3876 2890 3945 quibus
2936 3875 3164 3946 quisque
3197 3875 3450 3947 designa-

1877 3977 1984 4034 tnr,
2023 3967 2351 4039 signiﬁcant.
2389 3968 2582 4038 itaque
2627 3983 2750 4023 cum
2791 3968 3040 4023 audimus
3067 3965 3306 4030 Petrum,
3338 3983 3448 4024 non

1875 4061 1994 4130 ejus
2022 4061 2378 4115 substantiam
2407 4060 2514 4115 hoc
2541 4060 2759 4114 nomine
2791 4060 3142 4130 intelligimus
3175 4061 3449 4132 (substan-

1875 4154 2008 4208 tiam
2045 4162 2226 4208 autem
2260 4169 2403 4208 nunc
2441 4153 2562 4206 dico
2611 4153 2890 4208 materiale
2931 4151 3252 4220 subjectum,
3303 4156 3448 4223 quod

1875 4261 2216 4315 nequaquam
2255 4259 2322 4300 eo
2354 4245 2571 4299 nomine
2601 4245 2982 4316 signiﬁcatur),
3017 4245 3110 4298 sed
3145 4246 3449 4314 proprieta-

184 4343 352 4416 μεθα.
385 4341 559 4403 Εὐθὺς
588 4339 694 4410 γὰρ
726 4340 790 4391 ὲκ
817 4337 918 4406 τῆς
964 4339 1145 4408 φωνῆς
1171 4335 1372 4408 ταύτης
1418 4337 1645 4408 νοοῦμεν
1679 4339 1767 4390 τὸν

1880 4345 1956 4392 tes
2007 4352 2127 4406 qua:
2177 4339 2324 4392 circa
2365 4352 2488 4390 eum
2531 4338 2964 4400 considerantur,
2999 4339 3324 4408 cogitatione
3353 4341 3448 4393 de-

175 4435 280 4489 τοῦ
323 4434 479 4486 Ἰωνᾶ
513 4431 648 4501 (I8),
700 4429 792 4481 τὸν
841 4429 906 4480 ἐκ
948 4428 1049 4497 τῆς
1075 4427 1372 4500 Βηθσαῖδᾶ,
1419 4427 1510 4480 τὸν
1543 4427 1770 4497 ἀδελφὸν

1876 4427 2171 4500 pingimus.
2220 4427 2369 4483 Illico
2393 4428 2538 4482 enim
2583 4443 2680 4498 per
2711 4429 2850 4484 hanc
2874 4444 3062 4484 vocem
3097 4417 3447 4500 intelligimus

255 4571 547 4658 "1......
577 4593 634 4648 ε.
712 4593 986 4664 “Philip.
1021 4609 1080 4658 ιι,
1122 4593 1175 4646 7.
1253 4593 1300 4626 η
1335 4591 1535 4662 Philip.
1568 4607 1651 4659 ιιι,
1689 4593 1751 4647 at

1880 4593 1906 4624 ῖ⁶
1935 4591 1978 4647 Il
2009 4592 2133 4647 Cor.
2170 4608 2290 4658 xm,
2318 4593 2371 4647 4.
2445 4593 2490 4625 ⁸⁷
2515 4592 2638 4648 Act.
2669 4609 2733 4658 ιι,
2764 4593 2854 4648 56.

256 4735 372 4806 (12)
406 4733 498 4789 Sic
538 4731 743 4806 antiqui
791 4741 902 4806 tres
929 4731 1074 4806 libri.
1101 4729 1213 4786 Vox
1241 4731 1402 4806 αὐτόν
1439 4733 1492 4786 in
1531 4731 1760 4806 vulgatis

177 4801 622 4860 desiderabatur.
676 4803 808 4857 Illud
840 4801 979 4872 quod
1013 4817 1136 4855 mox
1184 4804 1447 4869 sequitur,
1477 4801 1761 4872 προδήλως

173 4874 622 4945 ἐπερειδόμενος,
655 4873 743 4945 psic
778 4873 842 4945 ad
871 4870 1091 4925 verbum
1128 4872 1474 4945 interpretari
1526 4870 1756 4945 poteris,

177 4941 393 4997 tant—um
439 4941 540 4996 non
575 4944 750 5010 palam
811 4941 1136 4994 incumbens.
1176 4941 1289 4994 Hoc
1340 4951 1441 5005 est,
1489 4943 1760 5009 apostolus

175 5015 380 5069 Petrus
408 5030 503 5079 per
535 5025 719 5064 vorem
749 5013 885 5062 hunc
921 5020 1130 5064 tantum
1163 5025 1268 5064 non
1316 5011 1762 5064 commonstravit

175 5085 575 5137 humanitatem
602 5083 802 5135 Christi
835 5081 1044 5134 Domini
1091 5098 1104 5133 :
1147 5089 1258 5142 aut,
1299 5082 1342 5134 si
1398 5081 1588 5142 mas'is,
1626 5095 1758 5148 apo-

169 5155 358 5206 stolus
389 5153 583 5205 Petrus
617 5165 712 5218 per
741 5165 926 5202 Vocem
953 5149 1090 5202 hunc
1125 5163 1230 5201 tam
1259 5152 1542 5218 persgiicue
1577 5153 1760 5202 Imma-

171 5223 408 5277 uitatem
442 5223 646 5275 Chriin
689 5220 901 5272 Domini
956 5221 1236 5286 indicavit,
1308 5231 1365 5272 ut
1393 5237 1510 5272 cam
1545 5231 1752 5272 tantum

165 5307 286 5414 ἓὲιι
315 5293 491 5346 oculis
524 5291 793 5360 subjiciat.
829 5289 961 5361 Reg.
1007 5292 1198 5344 tertius
1231 5289 1514 5361 προδήλως
1538 5291 1764 5360 ἀπερει-

243 5379 422 5414 μενος.

310 5379 422 5424 νος.

241 5379 422 5430 μενος.

252 5433 363 5502 (15)
404 5433 538 5503 lies.
569 5431 761 5486 tertius
787 5429 1028 5503 ἀρχῆθεν
1059 5430 1293 5498 γένεσιν.
1335 5429 1442 5482 Alii
1474 5443 1603 5482 mss.
1638 5441 1758 5482 cum

165 5500 340 5556 editis
363 5501 640 5571 γέννησιν.

251 5571 363 5641 (Μ)
393 5569 546 5646 Illud,
577 5573 638 5624 οὐ
663 5574 784 5646 τήν,
811 5583 941 5638 elc.,
976 5573 1047 5626 ita
1076 5579 1312 5646 verterat
1340 5569 1754 5646 Trapezuntius,

165 5655 280 5694 non
301 5645 564 5712 quomodo
586 5659 696 5696 esse
720 5642 963 5712 coeperit,
999 5652 1202 5696 narrat.
1243 5642 1754 5710 Interpretatitmcm

461 5737 730 5796 PATnOI..
765 5737 808 5796 G
823 5756 881 5794 ιι.
911 5736 1054 5796 XXI
1075 5735 1156 5795 X.‘

1866 4727 2217 4794 Trapezuntii
2283 4737 2576 4788 cmendans
2628 4733 2985 4788 Comheﬁsius
3035 4731 3114 4786 sic
3175 4732 3441 4799 scripsit:

1863 4801 2004 4868 quod
2025 4811 2210 4854 nactus
2242 4813 2338 4866 est,
2389 4816 2442 4856 ut
2470 4815 2622 4864 esset,
2656 4804 3065 4858 subobscurins.
3115 4801 3194 4856 Ad
3217 4803 3443 4856 verbum

1863 4870 2151 4941 vertimus,
2199 4887 2301 4926 non
2329 4873 2518 4926 Latine
2544 4875 2783 4941 quidem,
2829 4875 2924 4928 sed
2955 4872 3190 4926 ﬁdeliter
3242 4883 3444 4941 tamen,

1865 4955 1970 4992 non
2002 4939 2116 5006 eius
2165 4945 2232 4992 ad
2263 4958 2384 4998 esse
2418 4939 2694 4997 transitum
2731 4955 2912 4998 narrat
2956 4958 2975 4995 .'
3015 4945 3116 4998 hoc
3169 4951 3274 5008 est,
3327 4940 3443 4996 Non

1867 5021 2049 5078 narrat
2078 5013 2348 5076 qumnorio
2386 5015 2488 5066 huc
2513 5016 2838 5078 pervenerit,
2866 5025 2925 5066 ιιι
2959 5015 3050 5068 sit.

2083 5079 2217 5154 ﬂag.
2246 5095 2466 5154 quartus
2499 5076 2979 5154 συνεμφαίνεσθαι.

1935 5152 2047 5227 μϐ)
2081 5150 2218 5202 Editi
2245 5168 2370 5227 cum
2397 5153 2530 5221 Reg.
2559 5150 2748 5224 quinto
2800 5155 3050 5227 ἰδιώμασι
3099 5153 3278 5227 μόνον.
3335 5151 3442 5209 Alii

1866 5221 2265 5292 quinque‘mss.
2304 5222 2508 5292 μόνοις.

1937 5289 2048 5380 (‘17)
2087 5287 2278 5380 '99ch
2305 5287 2478 5380 'funqs
2509 5291 2680 5378 "‘Oraw
2711 5289 3439 5380 7gp]:Athllolligetllieq.

1865 5356 2054 5414 tertius
2087 5359 2254 5412 Ὅταν
2281 5356 2374 5414 οὖν
2413 5356 2886 5432 ἀκούωμεν.’1ιὶ1ιιὶ
2911 5361 3080 5415 Ὅταν
3111 5359 3244 5429 γοῦν
3272 5356 3443 5415 ἀκού·-

1865 5447 1942 5482 σω
1951 5445 2062 5482 μεν.

1933 5447 2210 5570 ἱξίὲςιίὒιιίιί
2257 5498 2484 5571 νοοῦμεν
2534 5499 2759 5571 Πέτρον,
2811 5501 2902 5554 τὸν
2951 5500 3045 5554 τοῦ
3094 5501 3266 5554 Ἰωνᾶ.
3327 5499 3442 5556 Vox

1861 5569 2068 5640 Πέτρον
2096 5571 2323 5640 deestin
2351 5569 2501 5624 Colh.
2533 5569 2665 5640 etin
2698 5571 2827 5638 Reg.
2858 5573 3014 5624 tertio
3041 5589 3058 5638 ;
3091 5585 3190 5625 nec
3218 5571 3438 5625 dubium

1860 5639 2130 5708 est,'quin
2165 5639 2355 5695 melius
2387 5640 2546 5694 absit.
2578 5639 2720 5709 Lege
2752 5642 3022 5696 Duca’um.

3045 5734 3120 5794 19
