3836 6222
433 260 536 318 579

1776 271 1832 327 S.
1876 269 2122 327 BASILII
2163 271 2376 327 MAGNI

3603 280 3699 336 530

426 379 582 439 ﬂente
614 381 806 450 ﬁlium,
847 386 938 454 qui
979 385 1081 442 fuit
1127 402 1194 444 ex
1231 389 1549 456 Bethsaida,
1606 392 1835 449 Anth-ea:
1891 394 1994 448 rra-

2121 396 2388 466 ‘AvSpéo-J,
2429 397 2519 449 τὸν
2546 397 2652 450 ἀπὸ
2687 398 2880 452 ἁλιέων
2908 399 2987 464 εἰς
3013 399 3108 470 τὴν
3142 400 3414 454 διακονίαν
3436 401 3548 470 τῆς
3571 401 3694 453 ἁπο-

435 482 592 541 trem,
645 477 737 546 qui
771 493 836 534 ex
870 479 1143 548 piscatore
1193 482 1257 535 ad
1285 484 1616 550 apostolatus
1650 486 2008 540 ministerium

433 575 657 622 vocatus
700 578 803 634 est,
851 570 941 640 qui
971 571 1228 640 quoniam
1273 573 1376 627 [ide
1411 559 1718 642 prteslahat,
1757 577 2011 632 Ecclesite

431 658 844 715 aediﬁcationem
898 661 949 716 in
1003 665 1240 732 seipsum
1301 667 1504 734 recepit
1539 684 1552 720 :
1587 683 1817 737 quorum
1878 669 2012 723 nihil

433 753 727 822 quidquam
758 755 993 809 essentia
1047 768 1153 824 est,
1215 759 1258 812 si
1320 760 1553 812 essentia
1598 771 1850 830 tanquam
1884 763 2012 817 sub-

433 847 629 900 stantia
661 847 1010 916 intelligatur.
1055 849 1235 917 Quare
1263 867 1458 906 nomen
1486 855 1860 909 characterem
1891 857 1982 924 qui

433 937 554 992 dem
583 937 729 993 Petri
776 941 934 997 nobis
961 943 1364 998 circumscribit
1396 963 1409 998 :
1445 945 1616 1013 ipsam
1669 961 1798 1001 vero
1827 962 2008 1001 essen-

435 1029 563 1082 tiam
587 1043 925 1100 nequaquam
947 1033 1184 1086 exhibet.
1208 1032 1439 1101 Rursus,
1461 1051 1582 1089 cum
1613 1034 1841 1090 Paulum
1861 1038 2012 1091 audi-

436 1135 577 1187 mus,
607 1121 766 1196 24],
806 1123 1036 1178 aliarum
1076 1127 1463 1196 proprietatum
1505 1128 1852 1199 intelligimus
1879 1143 2011 1183 con—

434 1229 672 1280 cursum,
728 1217 1072 1282 Tarsensem,
1127 1217 1434 1282 llebrzenm,
1480 1223 1774 1275 secundum
1841 1223 2008 1289 legem

434 1304 784 1372 Phariszeum,
807 1307 1120 1363 Gamalielis
1137 1309 1480 1377 discipulum,
1501 1311 1863 1365 aemulationis
1883 1328 2012 1381 ergo

434 1397 796 1453 Eccleslartttn
833 1401 926 1454 Dei
981 1408 1405 1470 persecutorem,
1453 1419 1518 1456 ex
1569 1406 1848 1458 trememlo
1897 1404 2013 1458 viso

435 1492 502 1544 ad
541 1492 874 1560 agnitionem
903 1496 1248 1562 perductum,
1273 1497 1575 1565 apostolum
1596 1498 1861 1566 gentium.
1888 1497 2013 1551 "ch

429 1586 574 1639 enim
605 1587 784 1640 omnia
833 1603 936 1642 una
970 1587 1118 1643 Pauli
1158 1605 1289 1645 voce
1340 1590 1879 1645 circumscribuntur.
1916 1591 2012 1644 At-

425 1678 547 1747 qui,
586 1679 630 1733 si
658 1693 844 1733 verum
875 1689 1017 1734 esset
1045 1682 1311 1735 essentias
1332 1695 1516 1734 eorum
1536 1695 1762 1749 quorum
1794 1681 2009 1734 nomina

2116 487 2309 558 στολῆς
2336 489 2766 560 προσκληθέντα,
2803 492 2893 544 τὸν
2921 492 3008 544 διὰ
3043 492 3276 555 πίστεως
3305 493 3591 563 ὑπεροχὴν
3622 495 3699 561 ἐφ’

2113 580 2301 632 ἑαυτὸν
2352 581 2462 651 (19)
2504 581 2601 653 τὴν
2651 583 2939 654 οἰκοδομὴν
2979 584 3076 654 τῆς
3113 583 3435 655 Ἐκκλησίας
3472 585 3703 655 δεξάμε-

2111 688 2200 724 νον
2221 688 2234 700 ·
2267 665 2342 726 ὧν
2368 673 2519 728 οὐδέν
2550 675 2694 728 ἐστιν
2725 675 2898 740 οὐσία,
2923 674 2998 739 ὡς
3027 677 3058 744 ἡ
3089 675 3384 738 ὑπόστασις
3407 676 3529 745 (20)
3560 694 3705 729 νοσυ-

2116 761 2273 831 μένη.
2317 764 2478 816 Ὥστε
2510 764 2570 817 τὸ
2599 765 2768 835 ὄνομα
2815 764 2906 818 τὸν
2936 767 3255 837 χαρακτῆρα
3284 766 3383 836 μὲν
3425 768 3569 837 ἡμῖν
3604 769 3700 835 αφ·

2112 853 2282 924 ορίζει
2306 855 2397 908 τὸν
2442 855 2647 927 Πέτρου
2669 873 2682 886 ·
2712 856 2881 926 αὐτὴν
2912 857 2968 910 δὲ
2991 856 3226 927 οὐδαμοῦ
3261 857 3570 928 παρίστησι

2111 944 2319 998 οὐσίαν.
2357 945 2525 1000 Πάλιν
2557 945 2885 1008 ἀκούσαντες
2911 946 3174 1009 Παῦλον,
3216 945 3418 1017 ἐτέρων
3470 946 3702 1016 ἰδιωμά-

2112 1052 2218 1086 των
2249 1034 2552 1106 συνδρομὴν
2581 1037 2902 1107 ὲνοήσαμεν·
2930 1036 3022 1089 τὸν
3038 1035 3275 1107 Ταρσέα,
3306 1037 3396 1090 τὸν
3423 1036 3703 1108 Ἑϐραῖον,

2112 1126 2201 1178 τὸν
2229 1127 2367 1180 κατὰ
2397 1129 2560 1197 νόμον
2586 1129 2878 1198 Φαρισαῖον
2902 1167 2918 1191 ,
2958 1127 3049 1183 τὸν
3103 1127 3350 1199 μαθητὴν
3389 1128 3703 1198 Γαμαλιήλ,

2111 1217 2202 1270 τὸν
2234 1219 2374 1271 κατὰ
2409 1217 2566 1290 ζῆλον
2601 1219 2836 1291 διώκτην
2878 1220 2986 1273 τῶν
3027 1220 3364 1292 Ἐκκλησιῶν
3399 1221 3500 1274 τοῦ
3543 1220 3705 1282 Θεοῦ,
3748 1274 3751 1275 ,

2111 1309 2202 1364 τὸν
2257 1312 2320 1362 ἐκ
2367 1311 2468 1380 τῆς
2523 1311 2758 1382 φοϐερᾶς
2814 1311 3078 1374 ὀπτασίας
3137 1312 3215 1374 εἰς
3259 1311 3356 1381 τὴν
3403 1311 3707 1378 ἐπίγνωσιν

2112 1400 2405 1470 ἐναχθέντα
2454 1402 2601 1471 (21),
2645 1401 2735 1454 τὸν
2775 1401 3068 1454 ἀπόστολον
3120 1401 3226 1453 τῶν
3275 1399 3471 1453 ἐθνῶν.
3518 1400 3711 1453 Ταῦτα

2111 1491 2220 1565 γὰρ
2245 1492 2420 1544 πάντα
2455 1495 2516 1545 ὲκ
2548 1493 2676 1562 μιᾶς
2715 1492 2897 1563 φωνῆς
2947 1492 3046 1562 τῆς
3069 1489 3279 1553 Παῦλος
3303 1491 3706 1561 περιορίζεται.

2112 1585 2392 1652 Καίτοιγε,
2445 1586 2604 1656 εῖπερ
2644 1579 2841 1655 ἀληθὲς
2884 1580 2970 1656 ἦν,
3019 1585 3098 1637 ὅτι
3133 1577 3206 1637 ὧν
3233 1583 3302 1636 τὰ
3341 1585 3594 1653 ὀνόματα
3630 1583 3711 1635 δι-

2112 1680 2384 1748 ενήνοχεν,
2431 1677 2689 1740 ἐναντίως
2721 1677 2936 1747 ἔχουσιν
2990 1678 3046 1730 αἱ
3092 1676 3292 1736 οὐσίαι,
3330 1675 3501 1746 ἐχρῆν
3528 1675 3710 1746 δήπου

423 1771 639 1826 diversa
668 1779 814 1834 sunt,
846 1773 1122 1826 comrario
1161 1773 1320 1827 modo
1356 1787 1416 1827 se
1457 1773 1680 1836 habere,
1735 1781 1986 1842 oportere

2114 1768 2205 1822 καὶ
2233 1768 2442 1821 Παῦλον
2476 1769 2570 1820 καὶ
2595 1767 2800 1837 Πέτρον
2849 1762 2942 1820 καὶ
2993 1765 3324 1832 ἁπαξαπλῶς
3375 1764 3710 1835 ἀνθρώπους

430 1871 578 1915 certe
632 1870 688 1916 et
713 1861 942 1916 Paulum
970 1870 1025 1916 et
1078 1861 1293 1917 Petrum
1325 1870 1380 1916 et
1409 1865 1707 1931 generatim
1759 1863 2011 1918 homines

420 1969 616 2008 omnes
631 1955 859 2009 diversa:
888 1957 1028 2009 inter
1049 1969 1108 2010 se
1130 1955 1378 2010 essentias
1399 1970 1538 2010 esse.
1566 1957 1671 2011 Sed
1702 1971 1826 2011 cum
1851 1971 2009 2010 nemo

426 2044 499 2098 sit
531 2045 600 2098 ita
634 2045 881 2115 ignarus,
917 2047 988 2100 ita
1016 2047 1318 2101 communis
1341 2057 1550 2102 naturae
1581 2048 1890 2118 imperitus,
1919 2047 2009 2115 qui

423 2135 481 2189 id
519 2136 702 2190 dicere
748 2137 986 2191 animum
1031 2139 1251 2193 inducat
1288 2155 1301 2191 :
1337 2140 1381 2192 Ε
1423 2139 1534 2192 luto
1591 2140 1767 2203 enim,
1813 2139 2007 2208 inquit,

425 2227 688 2294 formatus
724 2242 777 2279 es
806 2235 883 2290 tu,
930 2228 1064 2280 sicut
1086 2237 1138 2281 et
1169 2244 1263 2298 ego
1299 2229 1344 2259 ’⁸
1376 2245 1390 2296 ;
1434 2228 1524 2282 ubi
1563 2228 1696 2282 nihil
1728 2227 1870 2282 aliud
1904 2229 2008 2283 nisi

418 2319 671 2374 eamdem
732 2319 1020 2373 essentiam
1070 2320 1309 2372 omnium
1363 2333 1481 2374 esse
1533 2319 1798 2388 signiﬁcat
1860 2318 2010 2374 Scri-

424 2418 618 2479 ptura;
652 2410 880 2463 mendax
911 2417 994 2463 est
1040 2409 1132 2478 qui
1164 2425 1232 2464 ex
1267 2410 1546 2463 nominum
1574 2411 1887 2464 diversitate
1919 2411 2006 2464 di-

423 2500 740 2555 versitatem
779 2501 1031 2555 essentia:
1062 2501 1428 2570 sequi'ﬁngit.
1465 2499 1577 2555 Nec
1617 2500 1762 2554 enim
1815 2515 2000 2554 rerum

421 2598 616 2646 natura
664 2590 882 2645 nomina
919 2592 1202 2660 sequitur;
1237 2592 1334 2646 sed
1387 2591 1658 2661 posterius
1703 2591 1866 2645 rebus
1909 2606 2008 2644 no-

422 2683 569 2738 mina
603 2683 818 2737 inventa
850 2690 995 2737 sunt.
1032 2683 1244 2738 Etenim
1273 2683 1316 2738 si
1350 2682 1403 2736 id
1434 2697 1620 2737 verum
1645 2693 1793 2737 esset
1823 2702 1836 2736 :
1867 2698 2003 2752 quo-

424 2790 543 2828 rum
611 2775 815 2828 eaedem
876 2783 1061 2828 essent
1120 2772 1546 2842 appellationes,
1591 2789 1781 2828 eorum
1837 2775 2002 2828 etiam

420 2873 700 2934 oporteret
738 2879 902 2916 unatn
933 2871 986 2916 et
1013 2866 1265 2918 eamdem
1304 2863 1598 2917 essentiam
1630 2878 1772 2918 esse.
1808 2862 2002 2916 Proin-

421 2957 486 3011 de
515 2971 636 3011 cum
685 2955 775 3010 Dei
821 2953 1238 3024 appellatione"
1276 2954 1480 3024 dignati
1524 2955 1635 3010 sint
1674 2956 1765 3025 qui
1809 2955 1860 3008 in
1895 2956 2004 3008 vir-

421 3058 535 3102 tute
583 3056 710 3103 sunt
739 3047 986 3117 perfecti,
1017 3056 1200 3100 essent
1226 3047 1416 3116 utique
1444 3045 1698 3101 homines
1733 3046 1844 3101 Deo
1873 3047 1998 3101 uni-

2112 1859 2358 1924 ἅπαντας
2387 1860 2728 1932 ὲτερουσίους
2768 1858 3017 1929 ἀλλήλοις
3046 1854 3207 1911 εἶναι.
3256 1858 3408 1910 Ἐπεὶ
3437 1856 3498 1909 δὲ
3543 1856 3709 1909 τοῦτο

2111 1949 2284 2013 οὐδεὶς
2317 1947 2490 2012 οὕτως
2517 1948 2735 2020 ἀμαθὴς
2763 1949 2857 2002 καὶ
2888 1949 2986 2019 τῆς
3015 1949 3198 2019 κοινῆς
3247 1947 3460 2016 φύσεως
3507 1948 3707 1999 ἀ“δεπί’

2113 2053 2366 2100 σκεπτος,
2417 2035 2544 2089 ὥστ’
2590 2036 2655 2090 ἂν
2694 2040 2865 2090 εἰπεῖν
2916 2037 3284 2108 προαχθῆναι·
3345 2037 3438 2089 Ἐκ
3496 2038 3704 2105 πηᾹρῦ

2110 2127 2241 2197 γὰρ,
2283 2127 2452 2199 φησὶ.
2490 2127 2785 2196 διήρτισαι
2822 2129 2941 2197 σὺ,
2971 2128 3050 2195 ὠς
3086 2127 3277 2197 κάγώ·
3310 2129 3462 2180 οὐδὲν
3512 2129 3704 2200 ἓτεμν

2109 2219 2202 2273 τοῦ
2223 2219 2382 2288 λόγου
2403 2219 2434 2290 ἢ
2456 2219 2689 2290 τὸὸμοού
2699 2237 2808 2274 σιον
2827 2222 3046 2274 πάντων
3065 2220 3364 2292 ἀνθρώπων
3382 2223 3563 2292 ἀπςση
3575 2225 3704 2291 μαί-

2111 2329 2313 2377 νοντος’
2339 2313 2541 2383 ψευδὴς
2560 2312 2670 2383 (22)
2693 2315 2720 2367 ό
2744 2316 2808 2384 τῇ
2833 2314 3064 2386 διαφορᾷ
3085 2316 3192 2366 τῶν
3206 2315 3489 2384 ὀνομάτων
3515 2316 3579 2367 τὸ
3601 2317 3704 2387 τῆς

2107 2406 2297 2468 οὐσίας
2313 2404 2566 2475 διάφορον
2583 2404 2682 2457 ’ἐπε
2693 2404 2811 2458 σθαι
2835 2403 3208 2476 σοφιζόμενος.
3240 2406 3312 2458 Οὐ
3332 2406 3438 2477 γὰρ
3457 2411 3575 2471 τοῖς
3589 2409 3704 2461 ὀνό-

2112 2500 2324 2569 μασινή
2349 2497 2455 2551 τῶν
2483 2497 2824 2568 πραγμάτων
2852 2497 3015 2566 φύσις
3035 2496 3332 2560 ἀκολουθεῖ,
3359 2498 3469 2550 ἀλλ’
3489 2498 3706 2569 ὕστερα

2107 2589 2214 2640 τῶν
2268 2589 2603 2659 πραγμάτων
2642 2587 2866 2658 εὕρηται
2907 2588 2975 2640 τὰ
3005 2588 3262 2659 ὀνόματα.
3293 2590 3355 2641 Εἰ
3385 2588 3496 2660 γὰρ
3536 2590 3706 2644 τοῦτο·

2106 2673 2175 2747 ἦν
2209 2678 2426 2748 ἀληθὲς,
2458 2677 2565 2729 ἔδει
2595 2677 2686 2730 καὶ
2710 2671 2785 2730 ὧν
2812 2679 3171 2749 προσηγορίαι
3202 2679 3312 2748 (25)
3335 2679 3475 2731 εἰσὶν
3511 2682 3570 2731 αἱ
3602 2680 3707 2732 σιξ-

2105 2772 2216 2830 ταί,
2253 2771 2380 2840 μίαν
2405 2770 2498 2823 καὶ
2525 2768 2622 2840 τὴν
2645 2770 2818 2842 αὐτὴν
2849 2769 3036 2824 οὐσίαν
3063 2766 3220 2824 εἶναι.
3265 2772 3470 2824 Οὐκοῦν
3503 2772 3704 2843 ἐπειδὴ

2105 2863 2155 2914 oi
2184 2863 2303 2914 κατ’
2343 2861 2544 2932 ἀρετὴν
2590 2860 2790 2913 τέλειοι
2835 2861 2935 2930 τῆς
2986 2861 3080 2914 τοῦ
3133 2861 3265 2914 Θεοῦ
3317 2862 3705 2933 προσηγορίας

2103 2952 2382 3022 ἠξίωνται,
2416 2952 2691 3023 όμοούσιοι
2719 2951 2787 3005 ἂν
2809 2947 2923 3004 εἷεν
2959 2951 3036 3022 τῷ
3067 2952 3186 3022 Θεῷ
3214 2953 3324 3005 τῶν
3353 2953 3489 3005 ὅλων
3520 2954 3568 3004 οἱ
3599 2954 3704 3004 ἆν-

2109 3048 2337 3118 θρωποι.
2386 3046 2523 3099 Ἀλλ’
2575 3047 2767 3116 ὥσπερ
2823 3044 2982 3097 τοῦτο
3028 3044 3205 3114 λέγειν
3269 3045 3432 3114 μανία
3489 3045 3700 3115 σαφὴς,

420 3153 704 3194 versornm
741 3137 1156 3193 coessentiales.
1184 3136 1254 3189 At
1294 3137 1434 3191 sicut
1469 3138 1571 3191 hoc
1611 3136 1795 3191 dicere
1822 3137 1994 3190 mani-

2107 3138 2246 3191 οῦτω
2268 3138 2517 3199 κάκεῖνος
2538 3136 2565 3188 ό
2595 3135 2753 3204 λόγος
2778 3135 2878 3204 τῆς
2908 3135 3029 3206 ῖσης
3048 3135 3225 3205 ἔχεται
3259 3135 3575 3206 παρανοίας.

418 3229 556 3285 festa
591 3229 800 3283 insania
827 3239 928 3292 est,
960 3231 1040 3283 sic
1085 3239 1138 3282 et
1181 3243 1363 3282 sermo
1411 3227 1502 3282 ille
1532 3227 1859 3283 dementiam
1892 3243 1996 3284 non
2035 3229 2355 3284 dissimilem
2386 3229 2546 3299 sapit.

487 3327 542 3381 5.
577 3324 736 3380 Patet
782 3325 948 3394 igitur
1002 3339 1064 3379 ex
1106 3323 1291 3389 dictis,
1330 3323 1475 3393 quod
1519 3323 1739 3378 nomina
1780 3340 1887 3378 non
1925 3323 1997 3378 si-

413 3417 678 3488 gniﬁcent
712 3430 930 3486 quoque
979 3417 1031 3470 in
1086 3415 1244 3469 Patre
1271 3425 1326 3470 et
1366 3413 1506 3471 Filio
1543 3415 1862 3480 essentiam,
1901 3417 1993 3470 sed

417 3508 779 3579 proprietates
815 3507 1121 3578 designent.
1153 3505 1369 3560 Nullum
1418 3506 1582 3577 igitur
1619 3505 1794 3560 locum
1835 3506 1996 3561 habet

404 3599 462 3655 'is
496 3614 697 3664 sermo,
729 3598 817 3668 qui
849 3614 910 3655 ex
943 3599 1222 3654 nominum
1272 3599 1591 3654 diversitate
1625 3599 1990 3654 essentiarum

414 3692 859 3746 contrarietatem
899 3691 1215 3746 introducit.
1233 3689 1360 3745 'Hoc
1406 3697 1586 3744 autem
1626 3693 1786 3744 modo
1817 3690 1995 3760 seipse

415 3795 545 3838 ante
581 3786 763 3839 omnia
818 3784 1034 3838 evertit.
1096 3781 1230 3836 Nam
1282 3783 1327 3837 si
1381 3784 1597 3838 factura
1648 3793 1703 3839 et
1742 3783 1990 3852 genitura

415 3871 670 3929 diﬂerunt
716 3874 856 3928 inter
887 3889 977 3938 se;
1021 3871 1299 3943 Unigeniti
1345 3876 1618 3939 essentite,
1660 3890 1726 3928 ex
1768 3875 1996 3928 diversi-

413 3975 524 4021 tate
551 3967 828 4019 nominum
867 3974 1286 4033 consequentes,
1319 3974 1480 4020 erunt
1525 3965 1774 4020 diversm.
1811 3963 1918 4019 Sed
1948 3965 1992 4018 si

407 4059 516 4112 hoc
544 4057 727 4112 dicere
761 4056 1095 4110 dementium
1145 4065 1249 4118 est.
1280 4071 1458 4124 neque
1506 4055 1636 4111 illud
1681 4070 1870 4110 eorum
1907 4064 1992 4110 est

410 4149 500 4218 qni
527 4149 722 4204 mentis
737 4159 1013 4214 compotes
1043 4157 1187 4201 sunt.
1223 4145 1323 4202 llic
1353 4157 1533 4204 autem
1566 4148 1790 4203 simulat
1821 4149 1985 4202 etiam

405 4242 613 4296 habere
647 4255 706 4294 se
743 4240 1061 4294 innumeras
1087 4239 1601 4308 demonstrationes,
1627 4241 1771 4310 quod
1800 4240 1986 4295 'Filius

407 4348 437 4387 a
468 4333 669 4387 sanctis
700 4332 910 4400 factum
953 4330 1256 4400 appellatus
1293 4331 1383 4387 sit.
1436 4333 1507 4387 At
1561 4333 1717 4401 quasi
1760 4334 1827 4388 ad
1880 4333 1984 4387 alia

406 4422 654 4489 quaedam
712 4419 924 4488 potiora
988 4418 1317 4486 festinaret,
1354 4421 1407 4476 in
1463 4423 1726 4492 praesenti
1776 4423 1986 4478 scilicet

405 4512 738 4566 mentionem
795 4510 997 4565 diﬂert.
1050 4510 1147 4565 Est
1198 4521 1378 4566 autem
1427 4521 1484 4567 et
1505 4513 1624 4568 ’hoc
1686 4514 1983 4570 artiﬁciosa

404 4614 733 4672 versutaque
760 4604 988 4668 malitia,
1015 4604 1314 4673 silentium,
1341 4620 1465 4660 cum
1492 4607 1674 4662 verbis
1693 4607 1848 4676 inops
1879 4617 1982 4674 est,

403 4706 756 4766 anteponere.
791 4696 1002 4751 Etenim
1029 4695 1074 4751 si
1117 4698 1366 4753 umbram
1397 4697 1626 4754 haberet
1660 4700 1980 4767 testimonii,

436 4855 483 4886 ³⁸
515 4853 617 4910 Joh
650 4870 845 4922 xxxut,
872 4854 926 4910 6.
1026 4859 1072 4889 ³⁸
1099 4855 1240 4912 Psal.
1260 4874 1452 4926 unt,
1483 4859 1540 4914 6.

473 4969 582 5042 (19)
611 4969 745 5042 Reg.
779 4969 966 5026 tertius
1015 4971 1098 5040 ἐφ’
1130 4971 1342 5026 ἑαυτοῦ.
1373 4973 1527 5029 Hunc
1561 4974 1737 5031 locum
1775 4977 1830 5033 in
1855 4977 1968 5034 suis

401 5042 544 5096 notis
569 5041 804 5095 illustrat
833 5042 916 5094 vir
936 5043 1334 5096 eruditissimus
1359 5043 1608 5101 Dncaeus.

470 5110 579 5182 (‘20)
611 5111 1301 5184 Antiquitresliltrigobcia
1329 5113 1709 5184 ἦνὺπόστασις.
1731 5116 1835 5171 Alii
1860 5125 1971 5173 tres

397 5180 530 5238 mss.
559 5180 678 5236 cum
725 5181 884 5253 editis
918 5180 1084 5253 οὐσία
1112 5182 1248 5253 ὠςή
1283 5180 1601 5250 ὑπόστασις,
1641 5188 1687 5240 si
1734 5189 1967 5241 essentia

397 5263 645 5323 tanquam
669 5251 961 5323 substantia
1001 5251 1351 5320 intelligatur,
1386 5255 1486 5309 hoc
1513 5268 1616 5321 est,
1657 5257 1702 5311 si
1731 5257 1966 5312 essentia

396 5321 644 5395 sumatur
685 5321 1012 5395 simpliciter
1059 5337 1158 5395 pro
1201 5333 1389 5395 natura
1431 5325 1686 5388 humana,
1728 5342 1834 5395 qua
1863 5326 1964 5379 Pe-

398 5403 512 5447 trus
541 5392 858 5464 simpliciter
889 5402 1011 5464 erat
1045 5392 1242 5464 animal
1270 5394 1556 5464 rationale.
1589 5398 1666 5451 Ex
1687 5392 1792 5464 quo
1819 5397 1968 5450 colli-

395 5463 692 5536 gerelicet,
723 5463 864 5536 hunc
889 5461 1067 5536 locum
1088 5463 1224 5536 verti
1249 5463 1464 5536 debere,
1487 5469 1636 5532 quasi
1663 5461 1970 5536 scripsisset

394 5531 656 5586 Basilius:
688 5531 842 5584 οὐσία
874 5531 1138 5602 νοουμένη
1162 5532 1300 5602 εἴ)ςὴ
1340 5531 1654 5600 ὑπόστασις.
1693 5531 1814 5590 Μοὶ
1841 5537 1968 5590 editi

393 5611 448 5676 et
478 5618 614 5676 unus
654 5617 754 5676 ms.
791 5600 1047 5676 ἔφορίςει
1091 5600 1186 5676 τοῦ
1221 5600 1450 5676 Πέτρου.
1480 5608 1548 5659 At
1589 5609 1973 5676 tnss.quinqtte

393 5671 637 5742 ἀφορίζει
667 5670 757 5722 τὸν
791 5670 1027 5742 Πέτρου,
1051 5671 1198 5724 nobis
1245 5670 1448 5727 ειεΙίὶίιισι
1481 5670 1759 5742 personant
1787 5670 1929 5732 Petri
1950 5690 1970 5729 .'

396 5741 496 5805 vel,
527 5751 583 5794 ut
613 5740 1598 5810 loquuntur'philosophi,individuum
1636 5743 1802 5801 Petri.

2177 3325 2228 3378 5.
2261 3325 2494 3396 Φανερδν
2536 3324 2714 3377 τοίνυν
2746 3326 2810 3376 ἐκ
2843 3323 2953 3376 τῶν
2985 3323 3328 3396 εἰρημένων,
3361 3325 3437 3377 ὅτι
3468 3323 3562 3377 καὶ
3589 3317 3698 3379 εει

2088 3417 2314 3488 ’Πατρός
2341 3419 2434 3470 καὶ
2463 3416 2593 3469 Υἱοῦ
2629 3416 2749 3487 οὐχ).
2778 3417 2966 3469 ούσίαν
2996 3417 3291 3488 παρίστησι
3317 3415 3386 3468 τὰ
3421 3416 3691 3485 ὀνόματα,

2101 3506 2235 3559 ἀλλὰ
2258 3507 2365 3561 τῶν
2390 3506 2695 3576 ἰδιωμάτων
2734 3506 2851 3558 ἐστὶ
2884 3505 3156 3574 δηλωτικά
3176 3521 3188 3532 ·
3223 3504 3362 3557 ὥστε
3409 3505 3692 3575 μηδεμίαν

2100 3594 2237 3650 εἶναι
2255 3599 2448 3669 χώραν
2469 3597 2546 3668 τῷ
2577 3597 2717 3664 λόγῳ
2737 3639 2750 3662 ,
2777 3599 2841 3650 ἐκ
2878 3597 2977 3667 τῆς
3015 3595 3122 3649 τῶν
3154 3596 3430 3666 ὀνομάτων
3471 3597 3693 3666 παραὶ.⁹

2095 3689 2271 3757 λαγῆς
2331 3689 2426 3760 τὴν
2474 3688 2584 3742 τῶν
2631 3688 2825 3742 ούσιῶν
2893 3687 3206 3741 ἐναντίωσιν
3270 3687 3687 3759 παρεισάγοντι-

2097 3782 2254 3835 Οὕτω
2293 3782 2337 3834 δ’
2381 3781 2446 3834 ἂν
2479 3782 2583 3852 πρὸ
2618 3781 2835 3834 πάντων
2876 3780 2987 3851 (24)
3030 3780 3221 3833 ἑαυτὸν
3263 3780 3579 3833 καταϐάλοι.
3616 3783 3692 3834 ΕΞ

2095 3875 2471 3946 γὰρ’διαφέρει
2495 3873 2708 3944 ποίημὰ
2733 3891 2793 3926 τε
2829 3873 2923 3926 καὶ
2949 3872 3215 3942 γέννημα,
3257 3872 3503 3944 διάφοροι
3532 3873 3690 3926 ἔσον-

2093 3983 2182 4018 ται
2208 3964 2302 4017 τοῦ
2337 3963 2673 4032 Μονογενοῦς
2698 3965 2754 4017 αἱ
2776 3962 2975 4027 οὐσίαι,
3000 3966 3066 4034 τῇ
3093 3963 3324 4034 διαφορᾷ
3349 3964 3456 4015 τῶν
3484 3965 3686 4034 duopri-

2087 4057 2507 4128 τωνέπόμεναι.
2546 4057 2609 4108 Ei
2658 4055 2715 4109 δὲ
2761 4055 2914 4110 τοῦτο
2952 4055 3443 4127 παραφρονούντων
3477 4058 3685 4118 εἰπεῖν,

2095 4148 2215 4200 οὐδὲ
2265 4149 2442 4201 ἐκεῖνο
2475 4146 2909 4217 καθεστηκότων.
2955 4146 3014 4198 '0
3062 4146 3117 4198 δὲ
3157 4147 3250 4199 καὶ
3297 4151 3683 4218 προσποιεῖται

2097 4240 2196 4310 μὲν
2229 4241 2428 4311 μυρίας
2448 4239 2590 4310 ἔχειν
2623 4239 2723 4303 τὰς
2742 4237 3044 4302 ἀποδείξεις
3069 4237 3164 4291 τοῦ
3193 4256 3267 4291 πα
3278 4239 3344 4311 ρὰ
3373 4240 3483 4292 τῶν
3507 4243 3682 4310 ἁγίων

2093 4332 2321 4400 ποίημα
2374 4332 2465 4384 τὸν
2522 4331 2652 4385 Υἰὸν
2677 4329 3110 4403 προσειρῆσθαι·
3153 4330 3228 4395 ὡς
3284 4331 3340 4384 δὲ
3392 4333 3477 4400 ἐφ’
3515 4334 3680 4404 ἕτερά

2090 4440 2210 4476 τινα
2244 4423 2630 4495 προηγούμενα
2686 4423 2951 4488 σπεύδων,
3000 4423 3354 4494 ὑπερτίθεται
3403 4424 3677 4498 δῆθενοέν

2089 4513 2168 4585 τῷ
2202 4515 2427 4585 παρόντι
2451 4515 2550 4586 τὴν
2577 4515 2820 4586 μνήμην.
2855 4515 3012 4567 Ἔστι
3041 4514 3098 4567 δὲ
3123 4515 3214 4566 καὶ
3241 4514 3399 4568 τοῦτο
3430 4518 3673 4587 τεχνικὸν

2089 4607 2151 4660 τὸ
2182 4607 2579 4678 κακούργημα,
2616 4609 2672 4660 ὲν
2707 4602 2794 4671 οἷς
2845 4609 3042 4679 ἀπορεῖ
3087 4606 3282 4675 λόγων,
3317 4605 3417 4678 τὴν
3465 4609 3671 4676 σιωπὴν

2092 4700 2363 4772 προτιμᾷν
2388 4698 2523 4768 (‘25).
2551 4698 2615 4751 Εἰ
2645 4697 2755 4769 γὰρ
2789 4697 2948 4751 σκιὰν
2975 4695 3281 4768 μαρτυρίας
3314 4691 3431 4767 εἶχε
3459 4697 3562 4768 τῆς
3586 4699 3670 4750 τὶν

2141 4969 2439 5082 (Ξὲζυξὲιῑιί
2491 4968 2819 5039 ἀναχθέντα.
2878 4967 2952 5022 At
3003 4981 3135 5024 mss.
3180 4965 3428 5036 plerique
3476 4980 3667 5023 omnes

2073 5042 2390 5112 ὲναχθέντα.

2141 5113 2256 5235 8‘22)
2291 5110 2428 5164 Editi
2479 5110 2633 5162 οὐδὲν
2693 5109 2882 5180 ἕτερον
2934 5108 2967 5178 ᾖ
3023 5107 3083 5160 τὸ
3125 5106 3417 5177 ὀμοούσιον
3447 5105 3667 5161 πάντων

2073 5184 2136 5235 ἀν
2178 5179 2373 5235 ρώπων
2421 5180 2901 5235 ἀποσημαίνοντας
2956 5178 3050 5230 τοῦ
3095 5177 3260 5235 λόγου
3281 5194 3296 5209 ·
3340 5176 3481 5229 ὥστε
3536 5179 3665 5230 dsu-

2071 5184 2373 5253 ἀνθρώπων
2421 5184 2901 5251 ἀποσημαίνοντας
2956 5184 3050 5230 τοῦ
3095 5184 3260 5244 λόγου
3281 5194 3296 5209 ·
3340 5184 3481 5229 ῶστε
3536 5184 3665 5248 1ψευ-

2069 5256 2189 5324 δής.
2229 5251 2449 5337 Yeteres
2497 5264 2733 5318 quatuor
2787 5249 2912 5302 libri
2953 5259 3011 5302 ut
3043 5249 3094 5302 in
3137 5259 3428 5312 contextu,
3463 5251 3666 5302 omissa

2073 5337 2201 5377 voce
2223 5337 2364 5373 ωστε

2138 5392 2250 5476 (ἓξ)
2281 5390 2420 5444 Editi
2456 5381 2532 5444 ὧν
2571 5391 2635 5444 ἀἱ
2679 5390 3068 5463 προσηγορίαι.
3100 5390 3176 5445 At
3209 5405 3341 5445 mss.
3376 5383 3454 5445 ὧν
3495 5405 3666 5460 προσ-

2078 5479 2318 5535 ηγοριαι.

2139 5533 2249 5603 (“Mi
2307 5531 2422 5602 Πρὸ
2485 5531 2726 5596 πάντων,
2775 5541 2895 5603 ante
2923 5531 3118 5584 omnia.
3173 5529 3290 5603 Hoc
3335 5538 3448 5598 est,
3513 5542 3666 5585 suam

2070 5602 2247 5674 prius,
2276 5617 2436 5674 qnam
2463 5603 2692 5656 aliorum
2735 5602 3044 5674 opinionem
3079 5602 3299 5674 evertit.

2134 5673 2258 5744 ('25)
2291 5672 2513 5729 Veteres
2537 5674 2739 5742 aliquot
2770 5673 2891 5727 ltbri
2915 5673 3185 5741 προτιμᾷ.
