3836 6222
118 318 213 376 581

1225 311 1593 370 ADVERSUS
1629 310 1998 370 EUNOMIUM
2036 311 2166 369 LIB.
2207 315 2268 368 11.

3246 307 3350 362 582

108 436 390 507 Μονογενῆ
417 436 680 508 λεγούσης
709 438 917 508 ποίημα
935 479 950 502 ,
983 439 1082 492 οὐκ
1112 439 1179 493 ἂν
1209 437 1538 508 ἐκεκώφωτο
1572 434 1682 506 (26)

1807 449 1894 506 [uo
1924 435 2244 506 Unigenitus
2275 435 2489 490 factura
2518 437 2810 502 diceretur,
2845 451 3023 491 nonne
3050 435 3163 504 jam
3191 450 3346 492 aures

110 529 268 598 ἡμῶν
292 528 392 600 ήδη
416 528 484 582 τὰ
507 522 624 582 ὦτα
653 530 1175 602 περιθρυλλοὺμενα.
1222 525 1358 585 Εἶτά
1393 545 1564 601 φησι,
1594 526 1684 581 διὰ

107 621 237 683 τοὺς
279 621 595 691 σωματικὴν
650 621 748 690 τὴν
780 622 1032 693 γέννησιν
1072 620 1553 692 ὑπολαμϐάνοντας
1589 617 1683 671 τοῦ

108 710 338 780 Κυρίου,
373 711 467 763 καὶ
511 713 630 774 ταῖς
662 712 1001 782 όμωνυμίαις
1041 712 1472 782 προσπαίοντας,
1519 710 1686 778 ἀναγ-

111 799 264 848 καῖον
303 796 451 867 αὑτῷ
487 798 581 850 καὶ
614 798 742 870 περὶ
794 798 998 852 τούτων
1033 795 1290 853 εἶναιδιά
1327 799 1574 870 βραχέων
1610 800 1687 852 εί-

108 892 252 942 πεῖν.
283 890 474 943 Καίτοι
515 891 567 944 τί
597 891 823 955 ἐκώλυε,
855 895 974 956 ταῖς
1020 894 1084 946 ἐκ
1116 892 1224 946 τῶν
1262 891 1496 962 Γραφῶν
1545 908 1686 963 μαρ-

107 981 324 1048 τδρίαις
349 981 439 1034 τὸν
463 980 618 1049 λόγον
651 981 843 1034 ἑαυτοῦ
888 984 1301 1053 πιστωσάμενον
1328 1021 1342 1048 ,
1374 982 1544 1046 οὑτως
1595 983 1687 1036 ἐπὶ

107 1073 209 1143 τὴν
239 1072 518 1143 διόρθωσιν
556 1073 665 1125 τῶν
709 1073 1112 1146 ἀσθενεστέρων
1143 1073 1339 1140 ἐλθεῖν,
1371 1074 1466 1128 καὶ
1495 1074 1593 1145 τὴν
1623 1075 1687 1127 ἐκ

106 1165 210 1234 τῆς
247 1163 562 1234 ὁμωνυμίας
596 1162 798 1234 βλάϐην
838 1165 1359 1236 παραμυθήσασθαι,
1399 1164 1454 1215 εί
1473 1181 1555 1227 τις
1581 1163 1688 1234 ἄρα

57 1276 62 1280 -
107 1253 305 1320 γέγονέ
335 1253 463 1305 ποτέ
488 1269 628 1304 τισιν
667 1253 700 1323 ἢ
736 1257 1058 1322 γενήσεται;
1091 1254 1187 1317 Τίς
1220 1253 1329 1324 γὰρ
1368 1252 1510 1306 οὑτω
1548 1269 1684 1306 παν-

106 1343 281 1406 τελῶς
322 1343 576 1414 σάρκινος
619 1342 731 1414 (27)
762 1344 860 1416 τὴν
889 1344 1127 1397 διάνοιαν
1148 1384 1162 1408 ,
1191 1343 1285 1397 καὶ
1317 1343 1474 1397 θείων
1515 1343 1688 1411 λόγων

105 1435 355 1506 ἄπειρος,
392 1434 552 1499 ὥστε,
598 1436 810 1489 ἀκούων
856 1435 1007 1500 θείας
1052 1438 1386 1506 γεννήσεως,
1420 1436 1557 1507 πρὸς
1589 1436 1688 1499 τὰς

106 1528 432 1597 σωματικὰς
479 1528 884 1600 καταφέρεσθαι
940 1530 1263 1598 φαντασίας,
1307 1530 1366 1582 ἐν
1409 1522 1498 1591 αἷς
1555 1545 1691 1598 συμ-

106 1619 287 1689 πλοκὴ
323 1619 420 1690 μὲν
445 1620 671 1691 ἄρρενος
702 1618 838 1690 πρὸς
885 1619 945 1672 τὸ
993 1619 1146 1691 θῆλυ,
1181 1619 1376 1690 κύησις
1402 1619 1458 1672 δέ
1494 1620 1551 1672 ἐν
1585 1619 1690 1690 μή·

105 1727 255 1781 τρᾳ,
282 1711 375 1764 καὶ
406 1711 710 1775 διάπλασις,
757 1710 851 1763 καὶ
893 1710 1204 1782 μόρφωσιςι,
1261 1712 1356 1764 καὶ
1393 1713 1507 1774 τοῖς
1555 1710 1691 1764 καθ-

1786 535 1987 583 nostrae
2025 525 2110 580 his
2143 526 2473 582 clamoribus
2523 528 2990 582 circumsonantes
3031 527 3347 583 obsurduis-

1785 617 1945 673 sent?
1980 617 2183 673 Deinde
2225 618 2302 672 ait
2341 633 2566 673 necesse
2598 617 2700 673 sibi
2741 633 2862 674 esse
2893 626 3114 688 propter
3137 633 3232 673 eos
3259 619 3349 689 qui

1785 721 2102 775 corpoream
2159 706 2374 760 Domini
2440 709 2842 778 generationem
2909 709 3247 779 intelligunt,
3300 719 3350 762 et

1786 798 1983 866 quibus
2013 813 2175 854 voces
2199 799 2464 869 ambigua:
2490 808 2618 854 sunt
2643 799 2950 862 offensioni,
2983 801 3048 852 de
3076 799 3162 853 his
3190 799 3352 852 etiam

1787 889 2240 946 breviterdicere.
2263 890 2368 946 Sed
2398 890 2527 960 quid
2556 892 2789 956 vetabat,
2811 892 3021 945 ﬁrmata
3055 891 3356 960 Scriptura;

1789 980 2110 1036 testimoniis
2134 983 2382 1038 oratione
2420 997 2536 1048 sua,
2583 983 2653 1036 ita
2688 983 2902 1037 demum
2935 985 3001 1036 ad
3031 983 3355 1038 debiliornm

1785 1075 2216 1128 emendationem
2249 1076 2532 1138 accedere,
2566 1086 2729 1146 atque
2765 1086 2940 1130 ortam
2984 1090 3048 1129 ex
3088 1075 3356 1145 ambiguis

1786 1164 2007 1218 vocibus
2032 1165 2324 1233 perniciem
2364 1167 2628 1231 emollire,
2665 1168 2708 1220 si
2757 1182 2860 1237 qua
2904 1176 3080 1220 tamen
3119 1180 3355 1234 unquam

1788 1255 1880 1308 ulli
1912 1257 2106 1310 accidit
2135 1267 2226 1311 aut
2255 1259 2502 1313 accidet?
2523 1259 2653 1324 Quis
2681 1261 2822 1313 enim
2847 1259 2925 1313 sic
2950 1257 3170 1312 omnino
3202 1272 3357 1312 men-

1790 1355 1841 1399 te
1868 1347 2102 1401 carnalis
2129 1355 2232 1410 est,
2263 1357 2318 1402 et
2362 1347 2436 1400 ita
2467 1347 2772 1417 divinarum
2816 1348 3221 1416 Scripturarum
3271 1362 3362 1400 ru-

1789 1439 1891 1499 dis,
1949 1445 2028 1504 ut,
2065 1437 2250 1492 divina
2290 1441 2639 1509 generatione
2682 1440 2895 1506 audita,
2946 1441 3012 1493 ad
3066 1453 3366 1507 corporeas

1791 1531 2052 1600 imagines
2082 1529 2380 1595 deferatur,
2413 1531 2466 1584 in
2496 1531 2692 1599 quibus
2723 1545 3049 1598 congressus
3080 1531 3152 1586 sit
3175 1531 3273 1582 viri
3306 1537 3362 1583 et

1792 1623 2057 1686 mulieris,
2091 1625 2375 1692 conceptio
2415 1624 2470 1677 in
2500 1633 2674 1690 utero,
2708 1622 3089 1690 conformatio,
3122 1623 3362 1692 contigu-
3440 1661 3446 1670 .

1793 1715 1955 1781 ratio,
1987 1730 2052 1770 ac
2083 1715 2279 1770 debitis
2328 1717 2662 1786 temporibus
2694 1731 3012 1787 progressus
3051 1716 3103 1769 in
3145 1712 3368 1769 lucem?

105 1804 304 1874 ήκουσι
348 1804 557 1874 χρόνοις
611 1803 832 1874 πρόοδος
878 1806 958 1868 είς
981 1804 1040 1856 τὸ
1067 1802 1170 1866 ἔξω
1211 1803 1359 1874 (28);
1411 1803 1507 1863 Τίς
1555 1800 1691 1854 οὑτω

1807 1805 1932 1872 Quis
1975 1807 2108 1862 adeo
2137 1807 2425 1874 belluinus,
2449 1818 2532 1875 ut,
2563 1808 2689 1863 dum
2733 1810 2882 1862 audit
2925 1808 3090 1863 Deum
3127 1805 3363 1861 Verbum

105 1894 414 1966 κτηνὼδης,
436 1896 597 1962 ὥστε,
625 1896 838 1948 ἀκούων
870 1896 1003 1949 Θεὸν
1027 1895 1199 1963 Λόγον
1234 1896 1298 1948 ἐκ
1339 1893 1471 1947 Θεοῦ
1501 1892 1697 1965 προελ-

107 1985 296 2050 Θόντα,
339 1987 551 2041 ἀκούων
586 1987 641 2040 δὲ
667 1987 857 2056 σοφίαν
885 1989 950 2040 ἐκ
977 1985 1112 2039 Θεοῦ
1151 1985 1524 2056 γεννηθεῖσαν,
1560 1985 1695 2056 πρὸς

101 2076 178 2132 τὰ
209 2076 461 2148 σώματος
491 2077 637 2149 πάθη
663 2081 776 2141 τοῖς
806 2077 1084 2148 λογισμοῖς
1108 2076 1502 2140 καταπίπτειν;

179 2167 238 2222 6.
288 2167 447 2221 Ἀλλά
484 2169 762 2222 καὶτοῦτο
793 2169 934 2240 μετὰ
961 2168 1069 2222 τῶν
1114 2167 1288 2222 ἄλλων
1341 2167 1696 2238 εὐπρόσωπον

105 2259 268 2330 αὑτῷ
303 2262 486 2331 σχῆμα
533 2260 642 2313 τῶν
680 2261 852 2329 λόγων
906 2261 1246 2330 ἐπινενόηται
1269 2299 1283 2323 ,
1330 2260 1407 2323 ὡς
1435 2260 1534 2328 τῆς
1562 2259 1698 2330 πρὸς

103 2351 242 2413 τοὺς
296 2352 592 2415 ἀσυνέτους
622 2351 729 2405 τῶν
773 2351 1016 2420 ἀδελφῶν
1057 2351 1460 2421 εὐσπλαγχνίας
1511 2351 1696 2405 ἕνεκεν

104 2445 205 2495 τὸν
239 2443 408 2496 κόπον
444 2444 544 2514 τῆς
573 2444 684 2515 (29)
709 2444 1060 2507 διδασκαλίας
1089 2443 1263 2497 δοκεῖν
1284 2443 1692 2513 καταδέχεσθαι.

104 2535 228 2588 Καὶ
265 2535 364 2598 τὰς
414 2535 512 2607 μὲν
545 2536 669 2607 (50)
710 2536 1025 2607 σωματικὰς
1067 2535 1352 2601 ὑπονοίας,
1389 2536 1486 2599 τὰς
1514 2537 1604 2588 ἐπί
1628 2538 1694 2606 τῇ

105 2626 462 2698 προσηγορίᾳ
491 2627 664 2700 ταύτῃ
685 2626 1062 2698 ἐγγινομένας,
1082 2626 1478 2698 ἐπανορθοῦται
1499 2626 1657 2699 δῆθεν
1680 2645 1693 2657 ο

101 2717 213 2780 τὰς
245 2718 304 2770 δέ
328 2721 391 2772 ἐκ
417 2718 510 2771 τοῦ
542 2720 750 2790 ποίημα
777 2719 871 2772 τὸν
906 2717 1111 2788 Κύριον
1157 2717 1519 2789 ὀνομάζεσθαι
1565 2717 1694 2788 βλά-

102 2808 214 2871 ϐας
245 2809 306 2860 οὑ
333 2812 698 2879 παραιτεῖται.
737 2811 928 2863 Καίτοι
957 2811 985 2864 ὅ
1016 2826 1080 2876 γε
1111 2809 1221 2880 (51)
1262 2810 1578 2881 σωματικὴν
1616 2807 1696 2864 εἶ-

102 2919 200 2954 ναι
235 2902 338 2970 τὴν
366 2903 616 2972 γέννησιν
651 2902 1068 2973 φανταζόμενος,
1109 2904 1138 2954 ό
1176 2902 1340 2964 αὑτὸς
1386 2902 1450 2954 ἂν
1481 2903 1575 2954 καὶ
1605 2903 1698 2955 ἐπὶ

99 2995 242 3056 τοὺς
274 2993 491 3056 ὑλικοὺς
517 2995 618 3065 τῆς
661 2995 928 3065 ποιήσεως
961 2995 1198 3065 τρόπους
1245 2993 1593 3064 ὑπενεχθείη.
1620 2993 1694 3046 Ob

97 3085 224 3155 γὰρ
247 3085 421 3155 δήπου
449 3085 714 3156 μερισμὸν
745 3085 843 3156 μέν
863 3104 984 3139 τινα
1004 3086 1100 3139 καὶ
1131 3087 1460 3157 μετάστασιν
1483 3085 1576 3138 καὶ
1605 3085 1698 3156 ρύ-

102 3193 200 3232 σιν
233 3177 338 3248 τῆς
372 3177 464 3230 τοῦ
495 3177 791 3246 γεννῶντος
816 3179 1002 3241 οὐσίας
1039 3178 1147 3250 (52)
1176 3180 1240 3230 ἐκ
1266 3178 1366 3246 τῆς
1400 3176 1582 3246 φωνῆς
1605 3175 1698 3228 τοῦ

97 3270 317 3340 γεννᾷν
355 3271 384 3322 ό
423 3269 654 3339 ἀσθενὴς
690 3271 966 3340 ἐννοήσει·
1004 3269 1137 3340 ὓλην
1177 3269 1232 3322 δέ
1279 3267 1474 3332 ἔξωθεν
1514 3270 1578 3320 ἐκ
1607 3265 1700 3319 τοῦ

103 3362 192 3433 μὴ
223 3361 382 3421 ὄντος
413 3360 808 3433 είσενεχθεῖσαν
841 3364 922 3424 εἰς
944 3361 1064 3431 τὴν,
1098 3361 1172 3424 ὡς
1215 3362 1370 3430 ὑμεῖς
1405 3377 1571 3429 φατε,
1606 3358 1700 3412 τοῦ

96 3455 428 3524 ποιήματος
471 3453 787 3520 ὑπόστασιν,
829 3453 1230 3524 ὑπολαμϐάνειν
1270 3454 1370 3505 οὑκ
1411 3452 1704 3522 ἐναχθήσε-

94 3559 226 3599 ται.
282 3544 440 3607 Τίνος
480 3539 573 3597 οὖν
626 3544 810 3596 ἕνεκεν
849 3542 916 3596 τά
955 3544 1364 3616 ἀρρωστήματα
1419 3541 1525 3593 τῶν
1553 3540 1700 3608 λογι-

96 3635 279 3706 σμῶν
314 3634 424 3688 τῶν
458 3634 699 3703 ἀδελφῶν
731 3633 788 3700 ἐξ
823 3633 1079 3705 ἡμισείας
1119 3635 1282 3696 ἰᾶται,
1319 3633 1414 3686 καὶ
1443 3631 1550 3684 τῶν
1591 3648 1697 3684 σω-

99 3723 364 3794 ματικὴν
405 3722 502 3794 τὴν
543 3723 795 3792 γέννησιν
826 3721 936 3794 (55)
972 3722 1463 3792 ὑπολαμϐανόντων
1507 3723 1675 3791 ἐπιμε

92 3810 404 3881 λούμενος,
438 3813 564 3874 τοὺς
610 3814 676 3882 τῇ
722 3811 1062 3883 προσηγορίᾳ.
1093 3811 1184 3863 τοῦ
1219 3811 1518 3880 ποιήματος
1546 3826 1701 3878 περι-

93 3902 418 3964 πταίοντας
446 3904 696 3974 παρορᾷ;
725 3903 844 3956 Ὅτι
877 3902 938 3955 τὺ
980 3903 1078 3972 μὲν
1120 3900 1513 3971 γεγεννῆσθαι
1546 3900 1704 3952 πολέ-

96 4011 247 4067 μιον
278 3989 389 4047 οἶδε
413 3997 522 4057 τοῖς
554 3994 816 4064 δόγμασιν
848 3991 1062 4060 ἐαυτοῦ,
1098 3992 1192 4046 τοῦ
1239 3991 1590 4063 γεννηθέντος
1627 3993 1705 4044 οί-

92 4086 291 4149 κείως
333 4086 476 4157 ἔχειν
509 4085 816 4154 ὀφείλοντες
860 4086 1078 4148 πάντως
1133 4085 1225 4137 καὶ
1271 4085 1705 4156 ἀπαραλλάκτως

94 4176 262 4247 πρὸς
297 4176 388 4228 τὸν
431 4176 766 4246 γεννήσαντα
787 4191 801 4204 ⁸
833 4174 894 4227 τὸ
931 4174 988 4227 δὲ
1029 4172 1391 4242 πεποιῆσθαι
1427 4173 1577 4242 φίλον
1611 4175 1704 4226 καὶ

97 4269 416 4340 σύμμαχον
433 4270 553 4332 ταῖς
572 4266 762 4321 ἑαυτοῦ
783 4265 1094 4331 ὑποθέσεσι,
1111 4265 1197 4318 διὰ
1215 4265 1274 4318 τὸ
1288 4264 1566 4336 ἀλλοτρίου
1591 4263 1702 4336 (54)

1798 1914 1862 1952 cx
1919 1901 2026 1954 Deo
2065 1901 2354 1968 prodiisse,
2400 1909 2562 1969 atque
2610 1915 2675 1955 ex
2717 1901 2826 1956 Dco
2853 1901 3087 1970 genitam
3124 1907 3249 1952 'esse
3278 1912 3366 1952 sa-

1799 1991 2076 2057 pientiam,
2119 1992 2187 2045 ad
2227 2005 2519 2060 corporcos
2568 1989 2796 2045 aﬂ'ectns
2843 1989 3173 2060 cogitatione
3209 1987 3364 2042 dela-

1798 2081 2002 2134 batur?

1869 2171 1922 2224 6.
1963 2171 2068 2226 Sed
2115 2171 2229 2225 haec
2275 2187 2489 2242 quoque
2533 2173 2783 2243 speciosa
2839 2173 3124 2228 verborum
3192 2170 3366 2224 furata

1798 2262 1963 2333 242
1993 2277 2096 2315 una
2131 2277 2252 2315 cum
2291 2263 2411 2317 aliis
2435 2264 2485 2318 ei
2516 2264 2819 2333 excogitata
2850 2273 2953 2324 est,
2975 2272 3056 2326 ut,
3091 2261 3158 2315 ob
3182 2275 3372 2328 quam-

1799 2356 1924 2406 dam
1982 2367 2110 2422 erga
2161 2353 2441 2422 imperitos
2485 2353 2678 2408 fratres
2712 2353 3253 2416 commiserationem,
3289 2349 3373 2403 la-

1796 2445 2068 2500 boriosam
2119 2443 2258 2499 hanc
2309 2446 2534 2499 docendi
2589 2445 2924 2515 provinciam
2955 2443 3256 2512 suscepisse
3287 2443 3372 2494 vi-

1799 2536 2011 2590 deatur.
2053 2535 2123 2590 Et
2174 2550 2466 2605 corporeas
2517 2539 2730 2606 quidem
2772 2537 3106 2606 suspiciones
3140 2550 3259 2605 quae
3305 2550 3372 2588 ex

1799 2628 1903 2683 hac
1929 2627 2295 2696 appellatione
2335 2629 2682 2690 oboriuntur,
2726 2629 2946 2698 corrigit
2981 2629 3195 2683 scilicet
3227 2646 3240 2682 :
3276 2627 3372 2682 seti

1801 2720 2123 2774 detrimenta
2150 2733 2238 2785 ea,
2279 2734 2399 2789 quae
2425 2721 2494 2775 ob
2519 2720 2745 2775 factura:
2787 2736 2982 2775 nomen
3020 2720 3249 2774 Domino
3274 2719 3376 2772 iiii-

1798 2810 2034 2880 positum
2071 2818 2393 2875 nascuntur,
2423 2823 2762 2878 nequaquam
2795 2810 2984 2863 evitat.
3016 2809 3080 2862 Et
3116 2824 3245 2863 vero
3277 2825 3376 2878 ge-

1800 2902 2136 2956 nerationem
2185 2915 2502 2970 corpoream
2537 2915 2656 2955 esse
2685 2903 2777 2970 qui
2805 2903 2986 2956 animo
3019 2902 3194 2971 lingit,
3233 2903 3374 2955 idem

1801 2995 1991 3063 utique
2019 2993 2085 3047 ad
2121 2992 2432 3047 materiales
2452 2992 2616 3047 etiam
2653 2992 2910 3047 factionis
2957 2995 3146 3048 modos
3183 2993 3375 3047 deduci

1801 3086 2017 3156 poterit.
2054 3084 2166 3140 Nec
2208 3085 2354 3140 enim
2388 3085 2734 3155 partitionem
2773 3087 3082 3154 quampiam
3111 3095 3166 3140 et
3197 3095 3374 3139 trans-

1805 3179 1938 3232 itum
1976 3175 2319 3242 antﬂuxum,
2354 3176 2444 3245 qui
2477 3191 2540 3230 ex
2574 3175 2882 3245 generantis
2917 3175 3217 3230 substantia
3256 3174 3374 3239 ﬁat,

1805 3268 1875 3334 is,
1899 3269 1997 3337 qui
2026 3267 2316 3324 imbecillis
2341 3278 2444 3329 est,
2480 3282 2545 3321 ex
2579 3269 2872 3338 generandi
2911 3282 3045 3322 voce
3080 3267 3376 3337 intelliget;

1804 3351 2088 3413 materiam
2120 3374 2250 3412 vero
2281 3370 2401 3425 quae
2435 3359 2776 3413 extrinsecus
2804 3373 2869 3412 ex
2903 3358 3073 3413 nihilo
3101 3359 3168 3413 ad
3203 3359 3382 3414 factu-

1804 3465 1900 3516 rae,
1939 3459 1996 3504 ut
2021 3464 2117 3503 vos
2152 3449 2352 3515 dicitis,
2398 3451 2832 3504 constituendam
2876 3449 3233 3503 substantiam
3279 3449 3376 3502 ad-

1806 3548 1957 3592 vecta
2003 3539 2094 3605 sit,
2128 3554 2232 3591 non
2267 3539 2568 3595 adducetur
2596 3547 2654 3590 ut
2703 3539 2886 3592 animo
2935 3538 3225 3606 concipiat.
3269 3537 3382 3593 Cur

1806 3630 1972 3699 igitur
2009 3630 2401 3698 cogitationum
2453 3628 2785 3698 aegritudini,
2836 3642 2939 3697 qua
2990 3627 3192 3682 fratres
3232 3628 3382 3683 labo-

1805 3731 1946 3782 rant.
1979 3723 2152 3776 media
2180 3737 2246 3776 ex
2279 3731 2431 3789 parte
2461 3723 2726 3785 medetur,
2755 3731 2809 3775 et
2832 3737 3019 3775 eorum
3059 3723 3148 3790 qui
3191 3736 3384 3791 corpo-

1808 3826 1956 3866 ream
1991 3812 2397 3880 generationem
2452 3811 2781 3880 intellignnt,
2817 3823 3068 3881 suscepta
3107 3828 3260 3874 cura,
3288 3827 3382 3866 eos

1808 3904 2004 3972 quibus
2043 3904 2266 3956 facturae
2325 3903 2616 3970 appellatio
2657 3903 2942 3958 oll'ensioni
2977 3912 3080 3969 est,
3129 3903 3384 3975 negligit?

1809 3993 2076 4059 Quoniam
2121 3996 2221 4048 hoc
2261 3995 2500 4062 quidem,
2525 3996 2754 4062 genitum
2780 4012 2911 4056 esse,
2942 3997 3055 4050 suis
3089 3997 3260 4066 ipsius
3280 3996 3381 4050 tic-

1812 4084 2080 4154 gmatibus
2109 4084 2438 4138 contrarium
2471 4085 2642 4151 novit,
2673 4100 2795 4140 cum
2834 4088 3054 4155 genitus
3079 4101 3202 4140 eum
3224 4087 3382 4156 geni-

1813 4185 1932 4229 tore
1961 4176 2248 4244 coniuncte
2270 4175 2492 4230 omnino
2519 4191 2583 4230 ac
2612 4175 2750 4229 citra
2777 4177 3146 4230 diversitatem
3180 4177 3383 4231 habere

1813 4279 1872 4320 se
1889 4265 2115 4330 debeat;
2134 4264 2262 4319 illud
2281 4279 2430 4329 vero,
2454 4264 2652 4332 factum
2672 4280 2804 4330 esse,
2823 4279 3002 4319 causae
3018 4279 3130 4320 suae
3147 4264 3380 4318 amicum

185 4470 310 4541 (26)
336 4469 564 4525 Codices
604 4478 716 4541 tres
761 4467 995 4540 ποίημα,
1054 4466 1158 4520 κᾶν
1209 4465 1554 4541 ὲκεκὼφωτο,
1585 4466 1691 4541 sint

1812 4467 1980 4539 ﬁngat
2010 4479 2102 4523 aut
2139 4468 2515 4541 partitionem,
2549 4475 2641 4541 an_t
2684 4468 2995 4541 transitum,
3023 4478 3115 4541 aut
3143 4469 3382 4541 aliquem

91 4536 253 4599 nota
291 4536 758 4610 interrogationis,
797 4536 958 4592 etiam
987 4553 1141 4590 aures
1182 4545 1374 4590 nostra:
1400 4536 1708 4590 obsurduit-

89 4624 264 4668 88111.

199 4684 320 4753 (27)
352 4682 572 4751 Legitur
591 4679 648 4753 in
674 4679 917 4753 margine
945 4676 1096 4753 Regii
1127 4677 1305 4744 quarti
1338 4676 1622 4753 σαρκικός.

196 4748 322 4823 ι’28)
363 4748 504 4806 Editi
557 4751 636 4811 είς
680 4748 748 4802 τὰ
800 4748 924 4812 ἔξω.
969 4749 1039 4800 At
1086 4762 1216 4801 mss.
1249 4755 1479 4814 quatuor
1529 4751 1610 4811 είς
1650 4748 1711 4801 τὸ

179 4844 232 4876 1))
239 4865 254 4878 ο

87 4827 319 4963 εξῒέΩ)
345 4889 524 4963 Codex
555 4902 691 4963 unus
720 4888 812 4942 τὸν
853 4886 1053 4942 σκοπὸν
1077 4885 1196 4958 τῆς,
1238 4888 1561 4956 propositum
1595 4904 1714 4942 con-

88 4959 250 5024 silia
261 4976 416 5028 mque
445 4959 686 5012 docendi.

191 5025 505 5100 (50)'|Ilud,
529 5029 626 5082 καὶ
659 5028 764 5095 τὰς
781 5027 918 5097 μὲν,
959 5038 1087 5100 etc.,
1121 5027 1320 5100 dictum
1361 5033 1448 5100 est
1475 5039 1572 5100 per
1597 5025 1710 5080 iro-

94 5095 309 5163 nizim,
352 5101 456 5153 hac
494 5102 760 5154 sententia
782 5095 806 5152 Ξ
841 5099 1006 5166 Quasi
1037 5112 1168 5152 vero
1207 5095 1503 5151 Eunomius
1536 5096 1708 5160 timet,

91 5191 219 5238 ne,
256 5169 628 5241 generationis
672 5169 858 5223 audito
905 5169 1143 5230 nomine,
1201 5166 1475 5241 corporei
1505 5166 1709 5233 aliquid

88 5235 682 5310 excdgitemusanec
733 5249 908 5310 tamen
942 5248 1158 5310 veretur
1207 5236 1399 5310 Filium
1446 5235 1714 5310 facturam

88 5302 440 5372 nominare.
474 5302 692 5362 Scilicet
731 5307 865 5362 Filio
894 5307 1146 5362 convenit
1182 5307 1354 5376 magis
1393 5302 1591 5358 nomen
1631 5302 1714 5355 fa-

87 5396 329 5444 ctum,
357 5393 518 5448 quam
542 5380 927 5447 generationis.

192 5441 323 5523 (31)
355 5441 450 5523 Sic
477 5441 608 5523 mss.
653 5448 897 5523 plerique
941 5460 1150 5523 omnes.
1201 5444 1344 5500 Editi
1371 5441 1633 5523 ιςαίτοιγε

88 5510 257 5585 Μίῖκ
305 5510 445 5574 editi
482 5510 743 5582 οὑτοςάν
780 5510 896 5571 καί.
952 5519 1023 5572 At
1062 5520 1169 5571 duo
1207 5530 1336 5571 mss.
1377 5515 1406 5566 ὁ
1446 5512 1608 5575 αὑτός
1649 5510 1716 5565 ἂν

87 5613 328 5734 3‘6“(52)
362 5659 476 5734 Hoc
506 5659 636 5734 dlcll
662 5657 899 5734 Basilius
914 5676 936 5734 _:
965 5613 1189 5734 δίαν-ιε,
1221 5652 1716 5734 generationis_au-

95 5724 254 5791 δίιὲ)
279 5724 522 5796 nomine,
553 5731 622 5784 ob
662 5729 864 5796 ingenii
913 5726 1340 5782 imbecillitatem
1380 5724 1486 5780 sibi
1532 5725 1716 5776 animo

1813 4553 1878 4592 ex
1902 4538 2224 4609 gener-antis
2253 4538 2552 4592 substantia
2594 4538 2825 4601 ﬂuxum,
2857 4540 2921 4602 is,
2947 4540 3037 4592 ubi
3077 4556 3269 4594 nomen
3297 4539 3382 4591 fa-

1812 4619 1979 4662 ctura:
2029 4609 2279 4672 audierit,
2326 4609 2495 4660 multo
2521 4609 2690 4677 magis
2737 4611 3064 4677 excogitabit
3099 4611 3382 4663 materiam

1813 4679 2049 4746 aliquam
2083 4693 2150 4731 ex
2179 4677 2351 4731 nihilo
2382 4686 2668 4744 sumptam,
2699 4691 2766 4731 ex
2791 4693 2894 4745 qua
2921 4680 3188 4732 constabit
3211 4680 3384 4733 factu-

1814 4763 1894 4801 ra.
1923 4747 2032 4801 Vos
2069 4748 2253 4816 igitur,
2291 4747 2380 4814 qui
2414 4749 2479 4800 de
2515 4748 2650 4800 Filio
2682 4747 2960 4815 loquentes
2999 4763 3130 4801 voce
3163 4749 3386 4802 facturae

1814 4819 2050 4881 utimini,
2079 4833 2178 4871 nec
2222 4828 2397 4869 tamen
2432 4817 2798 4885 generationis
2834 4818 3052 4871 nomine
3087 4818 3164 4870 uti
3197 4819 3384 4879 vallis,

1815 4888 2010 4940 minori
2069 4891 2209 4940 malo
2252 4888 2537 4939 medemini
2577 4901 2786 4951 eorum,
2823 4887 2913 4954 qui
2946 4902 3260 4954 corpoream
3294 4903 3387 4955 ge-

1817 4958 2152 5010 nerationem
2186 4957 2524 5009 comminisci
2565 4966 2788 5023 possunt
2821 4974 2834 5009 :
2885 4957 2978 5008 sed
3019 4958 3171 5009 vobis
3202 4960 3380 5009 studio

1816 5041 1924 5080 non
1958 5035 2062 5088 est,
2121 5026 2292 5093 majus
2321 5025 2519 5078 malum
2547 5041 2738 5078 curare
2779 5041 2990 5085 eorum,
3019 5027 3106 5091 qui
3129 5027 3232 5078 sibi
3259 5042 3384 5092 per-

1815 5097 2042 5149 suadere
2088 5104 2331 5164 possunt,
2373 5095 2731 5150 substantiam
2781 5096 2902 5150 Filii
2930 5110 2994 5148 ex
3029 5095 3194 5148 nihilo
3239 5111 3386 5148 suin-

1817 5175 1961 5235 ptam
1990 5179 2129 5219 esse.
2316 5233 2323 5235 Α
2487 5233 2494 5235 _
2902 5229 2906 5234 _

1889 5233 1998 5304 (55)
2031 5235 2162 5304 Reg.
2206 5233 2405 5306 tertius
2447 5233 2545 5306 τὴν
2596 5235 2828 5304 γένεσιν.
2860 5233 2962 5288 Alii
2996 5250 3087 5289 sex
3118 5233 3386 5306 ῐηεεητὴν

1817 5302 2088 5374 γέννησιν.
2120 5302 2263 5359 idem
2308 5304 2477 5358 codex
2502 5302 3008 5376 ’ὑπολαμϐανόντων
3055 5302 3387 5376 προνοούμε-

1816 5391 1928 5436 νος.

1889 5443 2000 5513 (54)
2029 5443 2144 5517 illa,
2173 5443 2262 5517 δια
2311 5445 2372 5497 τὸ
2411 5444 2712 5517 ἀλλοτρίου,
2761 5459 2892 5509 εις..
2943 5446 3082 5517 dicta
3115 5445 3386 5517 sunthoc

1819 5527 1981 5567 sensu
2015 5531 2028 5566 :
2057 5515 2178 5568 Ideo
2207 5515 2496 5570 Eunomius
2524 5515 2751 5570 libenter
2775 5531 2905 5569 voce
2936 5516 3160 5570 factum:
3190 5515 3383 5578 utitur,

1820 5582 1965 5650 quod
2020 5599 2129 5655 sua:
2183 5587 2422 5655 upiiiioni
2483 5585 2659 5638 faveat
2696 5585 3190 5655 patrocineturque.
3249 5585 3384 5638 Nam

1818 5655 1996 5723 omnis
2027 5654 2234 5706 factura
2276 5654 2511 5708 alienum
2545 5654 2799 5722 quiddam
2839 5667 2920 5708 est
2949 5667 3004 5709 et
3041 5656 3388 5723 peregrinum

1823 5721 2126 5788 afaciente,
2163 5739 2262 5778 nec
2322 5721 2636 5797 intelligitur
2678 5727 2978 5781 naturalem
3029 5721 3228 5780 habere
3262 5742 3386 5780 cum
