3836 6222
455 281 564 338 585

1806 291 1863 341 δ.
1907 292 2149 344 BASiLII
2194 294 2407 347 MAGM

3602 314 3703 369 ,εει
3802 278 3803 281 ί

463 417 529 457 ac
563 401 942 457 subsidiarium
977 400 1214 471 agnovit,
1249 400 1390 471 quod
1436 402 1487 455 id
1523 400 1681 457 alieni
1725 404 2021 474 peregrini-

2131 411 2219 463 καὶ
2245 409 2394 475 ξένου
2416 453 2429 477 ,
2463 412 2557 466 καὶ
2587 414 2760 486 πάντη
2791 416 3057 470 ἀνοικείου
3106 419 3239 490 πρὸς
3272 421 3360 474 τὸν
3399 427 3697 496 ποιήσαντα

458 509 586 562 que,
616 502 669 548 et
706 491 905 546 nullam
944 492 1170 546 omnino
1195 507 1318 546 cum
1346 491 1552 549 factore
1592 495 2027 565 coniunctionem

458 584 709 639 habentis
752 583 1025 637 notionem
1070 582 1314 639 exhibet.
1356 584 1558 640 Deinde
1594 586 1660 641 ad
1707 587 1819 642 hcec
1856 588 2027 655 addit,

459 679 643 733 dicens
667 694 683 731 :

529 769 664 825 Eun.
710 770 1027 828 Genituram
1074 776 1259 845 itaque
1314 776 1509 831 Filium
1569 778 1821 842 dicimus,
1848 796 2032 835 secun-

459 862 583 915 dum
616 864 1016 933 Scripturarum
1053 869 1382 934 doctrinam,
1415 885 1518 924 non
1550 870 1693 926 aliud
1725 874 1852 941 quid
1902 874 2030 928 sub-

458 955 714 1008 stantiam
769 956 1151 1027 intelligentes,
1182 968 1236 1014 et
1288 961 1433 1017 aliud
1471 962 1604 1030 quid
1656 964 1796 1032 quod
1835 975 2030 1035 prteter

459 1043 630 1113 ipsam
655 1045 1011 1114 signiﬁcetur,
1041 1051 1135 1103 sed
1158 1050 1327 1119 ipsam
1360 1068 1479 1108 esse
1512 1055 2027 1125 bypostasin,qnam

462 1149 654 1190 nomen
700 1138 1002 1207 signiﬁcat,
1056 1155 1177 1194 cum
1239 1142 1553 1200 substantiae
1599 1161 1724 1201 vere
1768 1159 2030 1217 congruat

459 1225 575 1280 haec
597 1228 908 1297 appellatio.

532 1316 654 1371 BAS.
697 1318 758 1373 Et
797 1320 847 1375 in
873 1321 955 1375 bis
992 1322 1177 1391 utique
1213 1326 1495 1380 veritatem
1527 1327 1701 1397 palam
1732 1340 2027 1400 oppugnat,

459 1408 663 1478 sibiipsi
721 1420 898 1466 tamen
962 1428 1200 1469 consona
1254 1416 1511 1487 loquitur.
1566 1420 2029 1487 Quemadmodum

458 1501 600 1555 enim
636 1503 686 1556 in
724 1504 1094 1571 superioribus
1124 1507 1452 1563 decernebat
1504 1511 1554 1563 in
1604 1510 1713 1568 Deo
1748 1513 2029 1569 universo-

461 1610 576 1648 rum
602 1596 960 1650 substantiam
994 1597 1107 1665 ejus
1144 1615 1237 1668 per
1270 1600 1729 1670 ingenerationem
1757 1605 2030 1674 signiﬁca-

459 1684 502 1737 ri
532 1700 545 1735 :
578 1684 648 1737 ita
675 1685 763 1737 hic
793 1701 1007 1755 quoque
1036 1688 1388 1744 substantiam
1432 1690 1551 1745 Filii
1591 1708 1683 1762 per
1726 1697 2027 1763 genituram

457 1774 747 1845 signiﬁcari
776 1778 906 1830 dicit
934 1795 947 1829 :
981 1787 1039 1833 ut
1064 1781 1228 1849 geniti
1256 1782 1321 1834 ad
1348 1782 1638 1852 ingenitum
1669 1787 2024 1855 oppositione,

458 1866 804 1938 Unigenitum
845 1872 1139 1924 secundum
1174 1873 1342 1941 ipsam
1373 1875 1726 1930 substantiam
1759 1881 2029 1934 contrario

456 1962 618 2015 modo
669 1962 734 2014 ad
789 1960 1001 2015 Patrem
1035 1978 1095 2017 se
1134 1964 1336 2018 habere
1378 1967 1649 2021 ostendat.
1689 1968 2028 2037 Quapropter

456 2068 577 2104 cum
607 2051 799 2105 Filium
829 2053 1133 2120 genituram
1160 2055 1413 2123 appellat,
1445 2058 1605 2110 verba
1637 2074 1754 2127 quae
1785 2075 1811 2112 a
1844 2059 2027 2116 divino

458 2143 661 2213 Spiritu
708 2154 963 2211 usurpata
1011 2160 1115 2198 non
1159 2156 1305 2212 sunt,
1359 2147 1685 2216 prazscribit.
1732 2148 1883 2203 Unde
1913 2152 2028 2206 hate

455 2235 699 2304 accepit?
733 2251 799 2290 ex
844 2250 948 2305 qua
988 2237 1273 2290 doctrina?
1311 2252 1340 2290 a
1381 2252 1488 2307 quo
1534 2240 1825 2307 propheta?
1860 2257 1888 2294 a
1918 2257 2027 2311 quo

454 2327 718 2396 apostolo,
752 2330 840 2397 qui
874 2328 977 2382 hoc
1007 2330 1053 2382 ei
1083 2344 1381 2398 cognomen
1414 2330 1700 2385 tribuerit?
1741 2333 1852 2402 Ego
1876 2335 2029 2401 equi-

460 2421 585 2473 dem
628 2420 769 2473 banc
796 2434 981 2475 vocem
1012 2422 1091 2475 sic
1118 2435 1429 2490 expressain
1465 2423 1517 2477 in
1554 2422 1701 2478 nullo
1732 2423 2028 2494 Scriptura:

456 2510 573 2565 loco
601 2510 837 2565 invenio.

528 2602 578 2654 7.
623 2601 786 2668 Atqui
823 2600 911 2656 hic
945 2601 1046 2655 iste
1082 2616 1139 2655 se
1162 2601 1261 2655 bas
1289 2602 1677 2672 appellationes
1708 2618 1813 2658 non
1848 2604 2025 2659 aliun-

457 2693 523 2748 de
545 2708 703 2763 quam
744 2708 773 2746 a
811 2692 1047 2762 Spiritus
1081 2692 1324 2747 doctrina
1386 2695 1683 2764 sumpsisse
1740 2695 2022 2761 gloriatur.

457 2785 651 2841 Parum
684 2784 825 2839 enim
863 2785 910 2839 ei
945 2782 1044 2837 fuit
1077 2783 1385 2839 hominibus
1415 2784 1688 2855 negotium
1734 2784 2023 2851 facessere,

450 2876 564 2931 .nisi
610 2876 663 2929 in
716 2875 890 2945 ipsum
927 2876 1090 2929 etiam
1137 2875 1398 2944 Spiritum
1436 2875 1806 2932 insolesceret.
1864 2876 2024 2949 243

459 2966 672 3019 Patrem
727 2964 944 3035 quidem
995 2965 1266 3035 genuisse,
1303 2980 1368 3019 ex
1410 2966 1594 3022 multis
1646 2965 1778 3022 locis
1834 2966 2027 3022 didici-

462 3074 580 3111 mus
616 3074 629 3108 :
664 3056 856 3110 Filium
889 3071 1018 3109 vero
1047 3055 1347 3125 genituram
1372 3070 1511 3122 esse,
1545 3056 1776 3111 necdum
1795 3056 1859 3111 ad
1882 3056 2025 3111 hunc

459 3164 630 3218 usque
663 3148 805 3202 diem
836 3146 1161 3202 audivimus.
1195 3146 1458 3202 Parvulas
1504 3148 1672 3213 enim,
1701 3148 1894 3217 inquit,
1926 3166 2024 3203 na-

457 3249 541 3291 tus
579 3248 652 3291 est
690 3238 837 3291 nobis
860 3253 877 3289 :
903 3237 1047 3302 ﬁlius
1085 3247 1132 3290 et
1176 3237 1334 3291 datus
1358 3246 1433 3289 est
1466 3236 1647 3302 nobis;
1675 3246 1837 3306 atque
1866 3252 2027 3293 voca-

457 3338 546 3382 tur
594 3343 787 3382 nomen
841 3328 977 3394 ejus,
1018 3343 1121 3381 non
1167 3328 1434 3397 genitura,
1474 3329 1567 3383 sed
1597 3327 1783 3398 Magni
1816 3330 2025 3385 consilii

456 3420 668 3490 angelus
690 3419 754 3476 ³⁸.
788 3419 946 3488 Atqui
985 3420 1028 3472 si
1063 3420 1309 3488 genitura
1358 3420 1717 3474 substantiam
1749 3420 2026 3489 signiﬁca-

457 3522 559 3579 ret,
593 3527 699 3567 non
736 3511 879 3566 aliud
911 3511 1153 3581 profecto
1195 3526 1389 3567 nomen
1420 3527 1519 3568 nos
1548 3512 1825 3568 docuisset
1849 3513 2023 3583 Spiri-

457 3616 564 3669 tus,
588 3620 748 3675 quam
790 3606 934 3674 quod
973 3606 1329 3658 substantiam
1374 3605 1492 3673 ejus
1537 3604 1714 3675 palam
1745 3605 2024 3661 declarare

456 3704 655 3763 posset.
686 3694 750 3747 Et
782 3709 1018 3758 rursum,
1048 3693 1236 3749 Petrus
1275 3696 1369 3764 qui
1414 3695 1485 3750 ob
1514 3696 1757 3750 veritatis
1794 3697 2020 3767 agnitio-

454 3802 576 3840 nem
632 3786 741 3841 illis
792 3785 1066 3839 beatilatis
1112 3786 1440 3842 testimoniis
1479 3788 1733 3857 dignatus
1785 3797 1887 3853 est,
1918 3805 2022 3843 non

454 3879 606 3945 dixit,
635 3877 712 3931 Tu
758 3893 816 3931 es
859 3879 1136 3948 genitura;
1180 3881 1273 3934 sed
1308 3896 1321 3933 :
1357 3878 1435 3933 Tu
1468 3897 1522 3934 es
1578 3879 1816 3935 Christus
1850 3880 2022 3935 Filius

457 3969 549 4022 Dei
579 3970 755 4023 viri“.
793 3968 929 4035 Quin
954 3978 1007 4023 et
1038 3968 1256 4033 Paulus,
1292 3971 1508 4025 etiamsi
1534 3972 1715 4026 omnia
1749 3988 1844 4027 sua
1880 3973 2041 4027 scri-a

453 4070 540 4128 pta
587 4060 708 4114 Filii
755 4059 1117 4128 appellatione
1167 4061 1489 4131 impleverit,
1518 4078 1788 4132 nusquam
1838 4073 2020 4118 tamen

452 4151 713 4219 genitura:
749 4150 1074 4205 mentionem
1128 4150 1322 4207 fecisse
1373 4155 1710 4221 reperietur:
1740 4156 1881 4222 quod
1923 4170 2021 4210 no-

453 4254 574 4293 men
600 4239 687 4294 bic
726 4238 836 4304 ille,
868 4246 1125 4307 tanquam
1152 4240 1195 4293 si
1230 4240 1355 4295 illud
1380 4257 1444 4295 ex
1479 4241 1661 4296 divino
1693 4243 2022 4299 documento

453 4331 771 4398 accepisset,
806 4331 1126 4385 conﬁdentia
1157 4333 1320 4386 multa
1355 4332 1586 4401 profert.
1620 4331 1731 4387 Nec
1756 4334 1900 4387 enim
1935 4334 2021 4388 bic

2050 3100 2095 3157 C

2130 502 2227 572 τὴν
2273 502 2480 557 ἔννοιαν
2528 507 2819 576 παριστᾷν.
2874 501 3006 560 Εἶτα
3081 509 3289 573 τούτοις
3350 512 3702 570 ὲπισυνάπτει

2131 593 2303 663 λέγων
2326 611 2338 625 ·

2202 766 2358 820 ΕΥΝ.
2401 766 2650 837 Γέννημα
2681 767 2859 821 τοίνυν
2889 768 2979 822 τὸν
3010 770 3138 824 Υἱὸν
3199 790 3403 844 φαμεν,
3437 777 3577 830 κατὰ
3606 778 3703 850 τὴν

2130 856 2237 908 τῶν
2289 858 2327 907 Γ
2333 858 2516 928 ραφῶν
2563 856 2939 912 διδασκαλίανο
2991 861 3090 930 οὐχ
3133 860 3317 933 ἕτερον
3371 864 3469 933 μέν
3510 884 3561 920 τι
3605 869 3704 939 τὴν

2130 947 2314 1000 οὐσίαν
2356 947 2630 1013 νοοῦντες,
2664 948 2849 1019 ⁹έτερον
2878 950 2934 1003 δέ
2966 968 3019 1004 τι
3066 954 3195 1024 παρ’
3225 954 3391 1024 αὐτὴν
3413 956 3474 1009 τὸ
3502 974 3702 1029 σημαι-

2130 1038 2370 1107 νόμενον,
2404 1038 2517 1090 ἀλλ’
2554 1039 2724 1110 αὐτὴν
2770 1035 2905 1093 εἶναι
2933 1042 3030 1113 τὴν
3064 1043 3377 1107 ὑπόστασιν,
3407 1048 3472 1116 ἣν
3504 1051 3704 1118 σημαί-

2129 1142 2210 1179 νει
2252 1126 2489 1198 τούνομα
2581 1128 3019 1201 ὲπαληθευούσης
3060 1135 3124 1201 τῇ
3177 1133 3334 1205 οὐσίᾳ
3380 1137 3479 1205 τῆς
3540 1156 3701 1208 προσ-

2130 1216 2380 1287 ηγορίας.

2201 1307 2348 1361 ΒΑΣ.
2383 1309 2492 1361 Καὶ
2545 1310 2602 1361 ὲν
2641 1309 2851 1374 τούτοις
2892 1312 3071 1365 τοίνυν
3118 1316 3183 1385 τῇ
3223 1316 3321 1386 μὲν
3348 1318 3576 1390 ἀληθεία
3603 1338 3705 1389 (ενα-

2129 1398 2300 1470 νερῶς
2340 1400 2686 1471 διαμάχεται,
2739 1404 2916 1473 ἑαυτῷ
2947 1405 3003 1457 δὲ
3047 1406 3196 1475 ὅμως
3230 1410 3499 1464 ἀκόλουθα
3534 1413 3704 1480 λέγει.

2142 1492 2228 1555 Ὠς
2272 1493 2378 1566 γὰρ
2419 1495 2476 1545 ὲν
2503 1497 2617 1558 τοῖς
2668 1495 2780 1548 ἀνω
2821 1494 2999 1564 λόγοις
3035 1497 3096 1549 τὸ
3140 1498 3428 1569 ἀγέννητον
3474 1503 3566 1554 ἐπὶ
3609 1503 3709 1555 τοῦ

2130 1583 2264 1637 Θεοῦ
2294 1584 2403 1638 τῶν
2434 1586 2569 1639 ὅλων
2596 1586 2694 1656 τῆς
2724 1588 2909 1651 οὐσίας
2942 1588 3108 1642 αὐτοῦ
3137 1589 3416 1661 διωρίζετο
3438 1590 3577 1648 εἶναι
3606 1614 3709 1665 ση-

2136 1678 2392 1748 μαντικὸν
2414 1718 2429 1743 ,
2458 1678 2599 1732 οῦτω
2635 1680 2726 1733 καὶ
2770 1681 3001 1734 ἐνταῦθα
3032 1683 3092 1735 τὸ
3126 1684 3369 1755 γέννημα
3400 1689 3496 1757 τὴν
3520 1691 3712 1743 οὐσίαν

2131 1768 2222 1820 τοῦ
2250 1769 2376 1821 Υίοῦ
2424 1771 2707 1841 σημαίνειν
2740 1771 2849 1842 (55)
2894 1772 3079 1841 λέγει·
3116 1776 3181 1828 ἵν’
3225 1777 3282 1829 ἐν
3310 1781 3372 1847 τῇ
3402 1780 3494 1832 τοῦ
3521 1798 3712 1851 γεννη-

2132 1860 2221 1913 τοῦ
2259 1860 2395 1930 πρὸς
2423 1861 2485 1914 τὸ
2511 1862 2804 1933 ἀγέννητον
2836 1863 3102 1919 ἀντιθέσει
3125 1867 3380 1931 ἐναντίως
3412 1871 3599 1939 ἔχοντα
3625 1874 3712 1943 τῷ

2131 1951 2306 2021 Πατρὶ
2336 1952 2426 2004 τὸν
2449 1953 2727 2024 Μονογενῆ
2749 1954 2889 2008 κατά
2912 1956 3010 2027 τὴν
3034 1958 3223 2012 οὐσίαν
3243 1961 3412 2031 αὐτὴν
3438 1964 3702 2035 ἐπιδείξῃ.

2129 2041 2227 2094 Διὰ
2264 2042 2437 2096 ταῦτα
2459 2044 2736 2114 νομοθετεί
2768 2047 2988 2116 ῥήματα
3026 2047 3129 2111 ἔξω
3163 2050 3262 2120 τῆς
3309 2053 3553 2123 χρήσεως
3575 2055 3709 2108 ὄντα.

2128 2132 2221 2185 τοῦ
2251 2133 2393 2188 θείου
2434 2136 2767 2206 Πνεύματος,
2813 2138 3057 2209 γέννημα
3104 2141 3193 2193 τὸν
3228 2142 3354 2195 Υἱὸν
3400 2143 3701 2215 ὀνομάζων.

2129 2225 2298 2279 Πόθεν
2322 2226 2530 2292 λαϐώνς
2555 2229 2620 2281 ὲκ
2642 2230 2799 2293 ποίας
2819 2230 3167 2296 διδασκαλίας
3186 2251 3200 2298 ;
3221 2235 3362 2299 τίνος
3384 2241 3665 2307 προφήτου
3685 2257 3702 2301 ;

2127 2318 2270 2381 τίνος
2299 2318 2406 2371 τῶν
2432 2320 2742 2374 ἀποστόλων
2769 2321 2974 2393 ταύτην
3007 2324 3154 2394 αὐτῷ
3180 2326 3280 2394 τὴν
3316 2330 3705 2398 προσωνυμίαν

2127 2407 2591 2480 ὲπιφημίσαντος;
2629 2410 2769 2480 Ἐγὼ
2806 2412 2906 2482 μὲν
2955 2414 3064 2484 γὰρ
3095 2416 3331 2485 οὐδαμοῦ
3357 2418 3457 2487 τῆς
3477 2419 3517 2470 Γ
3521 2420 3706 2490 ραφῆς

2128 2499 2385 2571 κειμένην
2406 2500 2547 2555 οὕτω
2574 2506 2671 2573 τὴν
2700 2504 2883 2572 φωνὴν
2912 2505 3114 2576 ταύτην
3146 2500 3327 2579 εῦρον.

2198 2590 2252 2644 7.
2279 2592 2467 2645 Καίτοι
2498 2594 2790 2665 οὐδαμόθεν
2813 2592 2964 2659 οὗτος
2990 2598 3020 2667 ἣ
3052 2600 3116 2651 ἐκ
3144 2600 3243 2669 τῆς
3259 2600 3353 2653 τοῦ
3382 2602 3707 2673 Πνεύματος

2116 2682 2473 2749 ¹διδασκαλίας
2505 2686 2779 2757 εἰληφέναι
2810 2689 2909 2751 τὰς
2935 2692 3301 2762 προσηγορίας
3332 2694 3535 2757 ταύτας
3570 2697 3709 2748 ἁλα-

2128 2772 2418 2838 ζονεύεται.
2444 2780 2656 2851 Μικρὸν
2694 2780 2805 2851 γὰρ
2838 2782 2985 2852 αὐτῷ
3015 2785 3128 2846 τοῖς
3172 2783 3477 2854 ἀνθρώποις
3510 2789 3706 2853 ἀγῶνα

2127 2868 2406 2939 παρέχειν,
2434 2871 2481 2922 εί
2516 2870 2590 2941 μὴ
2616 2872 2708 2926 καὶ
2732 2870 2894 2927 αὐτοῦ
2925 2874 3016 2928 τοῦ
3053 2875 3162 2944 (36)
3194 2860 3509 2946 Πνεύματος
3542 2898 3708 2935 κατα-

2125 2956 2434 3029 Ιτολμήσειε.
2484 2960 2872 3034 Γεγεννηκέναι
2911 2965 3009 3035 μὲν
3046 2966 3155 3037 γὰρ
3190 2969 3279 3021 τὸν
3314 2970 3534 3041 Πατέρα
3574 2974 3706 3024 πολ-

2124 3046 2290 3119 λαχοῦ
2319 3050 2673 3123 δεδιδάγμεθα
2692 3072 2704 3083 ·
2729 3056 2977 3126 γέννημα
2996 3058 3052 3112 δὲ
3074 3056 3211 3112 εἶναι
3233 3061 3322 3114 τὸν
3339 3062 3463 3115 Υὶον
3487 3064 3705 3117 οὐδέπω

2124 3140 2222 3192 καὶ
2249 3141 2487 3215 τήμερον
2510 3145 2845 3217 ἀκηκόαμεν·
2879 3148 3125 3204 Παιδίον
3158 3152 3290 3219 γὰρ,
3326 3155 3508 3222 φησὶν,
3536 3157 3707 3225 ἐγεν-

2124 3228 2277 3297 νήθη
2299 3232 2472 3299 ἡμῖν·
2504 3234 2636 3300 υίὸς
2662 3237 2759 3289 καὶ
2782 3236 2958 3305 ἐδόθη
2992 3239 3163 3307 ἡμῖν’
3194 3242 3303 3311 (5⁸1)
3327 3245 3423 3296 καὶ
3452 3246 3707 3302 καλεῖται

2122 3322 2182 3374 τὸ
2211 3323 2381 3393 ὄνομα
2420 3326 2583 3380 αὐτοῦ
2614 3310 2735 3398 οὐχὶ
2774 3329 3037 3401 γέννημα,
3090 3331 3223 3384 ἀλλὰ
3246 3310 3530 3403 Μεγάλης
3553 3340 3707 3401 ,ϐου-

2122 3412 2238 3482 ,Ζῆς
2259 3416 2531 3486 ἄγγελος.
2556 3418 2746 3472 Καίτοι
2768 3420 2925 3492 εἴπερ
2944 3420 3003 3473 τὸ
3024 3422 3267 3493 γέννημα
3287 3427 3469 3490 οὐσίας
3485 3429 3704 3501 ὑπῆρχε

2124 3507 2473 3577 σημαντικὸν,
2496 3508 2595 3561 οὐκ
2618 3507 2683 3561 ἂν
2704 3509 2889 3582 ἕτερον
2903 3510 3073 3581 ὄνομα
3098 3514 3248 3584 παρὰ
3266 3513 3358 3567 τοῦ
3378 3517 3520 3569 Πνεύ
3528 3537 3707 3589 ματος

2122 3597 2511 3669 ἐδιδάχθημεν,
2551 3598 2584 3669 ἢ
2646 3599 2783 3670 ὅπερ
2828 3601 3089 3670 ἐμφανῶς
3136 3603 3235 3673 τὴν
3288 3604 3471 3658 οὐσίαν
3531 3610 3705 3663 αὐτοῦ

2122 3692 2392 3761 παριστᾷν
2423 3689 2632 3759 ἔμελλε.
2669 3691 2779 3745 Καὶ
2803 3693 2963 3747 πάλιν
2984 3695 3015 3748 ὁ
3036 3694 3262 3766 Πέτρος,
3299 3697 3327 3748 ὁ
3355 3696 3442 3750 διὰ
3472 3700 3574 3770 τὴν
3603 3702 3708 3772 τῆς

2121 3779 2378 3850 ἀληθείας
2400 3782 2694 3849 ἐπίγνωσιν
2728 3781 2836 3835 τῶν
2870 3786 3235 3855 μακαρισμῶν
3276 3788 3497 3845 ἐκείνων
3532 3792 3707 3855 ἀξιω-

2123 3871 2255 3936 θεὶς,
2285 3874 2384 3926 οὐκ
2431 3869 2582 3937 εἷπε,
2622 3875 2693 3926 Σὺ
2736 3871 2787 3927 εἴ
2833 3876 2893 3929 τὺ
2939 3877 3215 3948 γέννημα’
3262 3880 3418 3946 ἀλλὰ,
3451 3884 3538 3937 Σὺ
3576 3882 3637 3938 εἴ
3674 3891 3712 3940 ὁ

2120 3964 2374 4034 Χριστὸς
2392 3968 2423 4019 ὁ
2445 3965 2573 4030 Υἱὸς
2594 3967 2701 4021 τοῦ
2729 3968 2874 4022 Θεοῦ
2898 3970 3001 4022 τοῦ
3028 3968 3257 4037 ζῶντος.
3284 3974 3395 4027 Καὶ
3418 3978 3445 4027 ὁ
3464 3976 3706 4045 Παῦλος,

2123 4060 2302 4113 πᾶσαν
2336 4058 2501 4111 αὐτοῦ
2536 4059 2631 4131 τὴν
2662 4062 2879 4131 γραφὴν
2905 4062 3004 4131 τῆς
3032 4062 3125 4115 τοῦ
3160 4064 3289 4117 Υἱοῦ
3324 4071 3710 4140 προσηγορίας

2122 4151 2579 4223 καταπληρώσας,
2608 4153 2842 4223 οὐδαμοῦ
2877 4157 3176 4225 φανήσεται
3201 4161 3542 4229 γεννήματος
3566 4181 3711 4233 μνη-

2119 4242 2420 4314 μονεύσας⁸
2445 4245 2581 4314 ὅπερ
2619 4244 2731 4314 (58)
2765 4240 2916 4308 οὗτος
2948 4249 3012 4298 ἐκ
3056 4247 3255 4318 πολλῆς
3295 4250 3393 4320 τῆς
3432 4254 3709 4325 πεποιθή-

2125 4351 2281 4397 σεως,
2314 4334 2389 4397 ὡς
2419 4337 2482 4386 ἐκ
2514 4334 2606 4387 τοῦ
2629 4335 2772 4387 θείου
2803 4335 2978 4389 λαϐὼν
3003 4338 3341 4393 διδασκαλίου
3378 4342 3516 4409 (59),
3566 4363 3707 4415 προ-

452 4421 501 4475 ei
533 4422 949 4489 permittendum
976 4431 1174 4489 est,ut,
1206 4438 1354 4485 voce,
1385 4426 1588 4493 genuit,
1620 4438 1738 4494 qua:
1766 4423 1831 4477 de
1858 4422 2019 4477 Patre

2131 4426 2300 4496 φέρει.
2364 4426 2495 4479 Οὐδὲ
2524 4427 2631 4497 γὰρ
2663 4426 2897 4481 ἐνταῦθα
2943 4431 3321 4501 συγχωρητέον
3354 4434 3505 4503 αὐτῷ
3526 4475 3541 4497 ,
3577 4438 3702 4506 τὴν,

452 4511 667 4577 dicitur,
713 4521 1068 4566 transmutata
1100 4527 1161 4565 ac
1204 4512 1611 4578 transformata,
1647 4513 1877 4583 appellet
1921 4513 2011 4567 Dei

449 4603 646 4659 Filium
698 4607 1018 4674 genituram.
1068 4604 1179 4658 Non
1224 4605 1366 4658 enim
1415 4605 1668 4659 convenit
1728 4615 1785 4658 ut
1830 4607 1875 4660 is
1919 4605 2011 4675 qui

447 4697 630 4750 divino
662 4696 852 4751 timore
873 4697 1115 4750 eruditus
1153 4705 1254 4758 est,
1286 4696 1338 4749 in
1372 4697 1422 4749 id
1451 4694 1589 4764 quod
1627 4712 1690 4751 ex
1718 4697 2009 4750 verborum

445 4786 828 4840 eonsecutione
872 4786 1201 4855 apparuerit,
1251 4784 1410 4840 facile
1454 4786 1718 4840 transiliat
1752 4806 1765 4841 :
1799 4787 1892 4841 sed
1949 4795 2008 4843 ut

516 4919 684 4976 "lsa.
712 4936 789 4986 IX,
824 4920 875 4976 6.
952 4920 996 4952 ³¹
1030 4920 1217 4975 Matth.
1249 4936 1356 4986 xvi,
1394 4921 1486 4977 16.

445 5040 675 5097 faciente
712 5042 1223 5113 cognationemLEx
1253 5058 1369 5113 quo
1402 5044 1469 5113 lit
1496 5034 1552 5095 iit
1580 5044 1770 5107 cuique
1812 5058 2000 5113 prom—

486 5124 594 5165 tum
652 5113 721 5167 sit
763 5110 817 5167 οὶ
846 5112 1003 5166 facile
1038 5110 1306 5181 colligere,
1332 5111 1548 5169 Filium.
1596 5114 1638 5167 si
1674 5110 1879 5166 factura
1906 5112 2000 5176 sit,

486 5127 594 5165 ltllll
652 5127 721 5167 su
763 5127 817 5167 et
846 5127 1003 5166 tacue
1038 5127 1306 5181 contigere,
1332 5127 1548 5169 ritnim.
1596 5129 1638 5167 su
1674 5127 1879 5166 taetnra
1906 5127 2000 5176 sit,

444 5127 875 5251 Batriacqualem
903 5197 1006 5235 non
1033 5196 1153 5235 esse
1182 5202 1196 5237 ;
1238 5183 1289 5237 id
1315 5183 1455 5252 quod
1481 5184 1532 5236 in
1562 5185 1752 5252 primis
1779 5184 2005 5237 suadere

443 5258 741 5306 conabatur
778 5252 1089 5306 Eunomius.

510 5322 621 5394 (55)
664 5324 841 5394 codex
870 5322 1022 5376 Coll).
1051 5321 1235 5374 οὐσίαν
1281 5321 1373 5374 τοῦ
1413 5320 1547 5374 Θεοῦ
1592 5322 1895 5393 σημαίνειν,
1934 5339 2012 5376 es-

436 5398 655 5445 umiam
689 5393 805 5446 Dei.

509 5462 618 5530 (56)
653 5462 742 5516 Sic
773 5476 901 5517 mss.
927 5465 1121 5517 nostri.
1148 5462 1424 5516 Articulus
1456 5464 1505 5516 in
1538 5462 1697 5518 editis
1720 5465 1927 5518 deerat.

509 5532 787 5605 (57)_Erl_iti
813 5546 933 5605 cunt
971 5531 1099 5605 Reg.
1133 5533 1304 5605 primo
1344 5531 1496 5601 ἐδόθη
1528 5535 1677 5604 ἡμῖν,
1713 5530 1770 5589 οὗ
1798 5535 1829 5604 ἡ
1854 5533 1995 5605 ἀρχὴ

439 5599 529 5650 ἐπὶ
571 5601 662 5671 τοῦ
701 5600 851 5670 ὤμου
874 5599 1070 5665 αὐτοῦ,
1104 5602 1274 5671 cujus_
1293 5599 1612 5671 principalia
1640 5620 1797 5671 super
1818 5599 1998 5657 lmine;

439 5683 551 5723 runt
591 5669 723 5737 ejus.
753 5666 870 5725 'Sed
903 5673 984 5725 hac
1012 5666 1191 5739 voces,
1220 5666 1280 5725 οῦ
1326 5672 1360 5739 ή
1405 5666 1546 5740 ἀρχὴ
1597 5666 1817 5726 ὲπ“ι’τοῦ
1848 5671 1995 5741 ὤμου

2111 4518 2421 4586 ἑγένιηῖσε,
2460 4519 2641 4591 φωνὴν
2692 4520 2783 4574 ἐπὶ
2825 4521 2919 4573 τοῦ
2958 4523 3173 4593 Πατρὺς
3218 4525 3479 4595 κειμένην
3529 4546 3702 4597 μετα-

2116 4610 2498 4680 σχηματίζοντι
2525 4613 2619 4663 καὶ
2648 4612 3102 4681 μεταπλάσσοντι,
3139 4615 3387 4685 γέννημα
3421 4635 3705 4687 προσαγο-

2115 4703 2290 4770 ρεύειν
2306 4700 2393 4755 τὸν
2413 4701 2536 4754 Υίὸν
2551 4702 2641 4755 τοῦ
2654 4702 2808 4757 Θεοῦ.
2825 4705 2897 4757 Οὐ
2917 4705 3023 4775 γὰρ
3033 4706 3170 4776 ὅπερ
3186 4706 3297 4775 (4-0}
3314 4706 3380 4759 ἂν
3395 4710 3459 4761 ὲκ
3472 4709 3576 4779 τῆς
3592 4710 3703 4761 τῶν

2111 4792 2368 4863 ῥημάτων
2399 4793 2717 4858 ἀκολουθίας
2764 4795 3128 4866 ὑποφαίνηται
3154 4797 3391 4861 εὐκόλως
3424 4800 3703 4871 ἐπιπηδᾷν

2110 5045 2302 5106 αὐτοῦ,
2330 5045 2523 5098 desunt
2578 5045 2631 5098 in
2662 5044 3066 5113 antiquioribus
3110 5044 3406 5107 codicibus,
3456 5060 3561 5099 nec
3605 5060 3703 5099 eas

2114 5120 2514 5188 agnovitivetus
2565 5115 3069 5188 interpres.__Quare
3111 5116 3357 5184 suSpicor
3396 5130 3703 5182 purumpn-

2114 5184 2223 5242 tum
2253 5186 2678 5239 additamentum
2708 5199 2832 5237 esse
2864 5184 3208 5237 librariorum
3251 5201 3265 5237 :
3297 5199 3471 5251 eoque
3498 5188 3703 5251 magis,

2111 5256 2249 5326 quod
2276 5270 2431 5310 voces
2466 5254 2762 5323 peregrina:
2788 5254 2838 5307 in
2871 5251 3009 5324 Reg.
3036 5254 3210 5322 primo
3247 5270 3349 5308 non
3380 5268 3506 5307 raro
3543 5254 3701 5309 iuve-

2112 5329 2352 5382 niantur.

2181 5397 2295 5463 (38)
2331 5397 2546 5466 Ὅπερ,
2565 5394 2705 5463 quod
2720 5410 2935 5466 (nomen,
2965 5396 3223 5463 genitura:
3247 5395 3472 5451 scilicet.

2181 5467 2292 5537 (59)
2327 5467 2462 5520 Editi
2490 5464 2886 5525 διδασκαλείου,
2916 5480 2980 5516 ea:
3006 5466 3184 5537 dicina
3207 5468 3408 5537 schola,
3443 5481 3554 5519 non
3584 5479 3707 5518 ma-

2107 5534 2197 5590 le.‘
2226 5540 2296 5590 At
2338 5551 2467 5589 mss.
2503 5537 2739 5604 plerique
2778 5548 2965 5588 omnes
3007 5534 3371 5600 διδασκαλίου,
3411 5553 3475 5590 ex
3514 5537 3707 5589 divina

2107 5608 2366 5659 doctrina.

2179 5675 2291 5744 (40)
2319 5674 2497 5729 Codex
2541 5689 2675 5731 llllllS
2710 5673 2843 5726 Οὐδὲ
2876 5674 2985 5744 γὰρ
3022 5675 3177 5742 ὅπερ.
