3836 6222
173 307 286 365 585

1313 315 1692 378 ADVERSUS
1725 322 2092 383 EUNOMIUM
2135 327 2262 382 LIB.
2302 325 2363 384 ll.

3331 341 3434 400 580

157 422 348 494 τούτῳ
375 423 464 475 τόν
486 439 547 488 γε
575 423 651 494 τῷ
680 423 806 495 θείῳ
834 427 982 498 φόϐῳ
1012 433 1442 505 πεπαιδευμένον
1470 442 1709 513 προσῆκε

1829 454 2153 504 .coutentus
2193 447 2264 504 sit
2321 448 2540 504 usitatis
2569 449 2622 504 in
2671 449 2950 523 Scriptura
2981 457 3318 526 .nominibus,
3377 463 3428 516 in

159 510 286 564 ἀλλ’
317 512 558 584 ἀγαπᾷν,
603 517 713 578 τοῖς
755 517 812 568 ἐν
850 519 916 588 τῇ
961 519 1148 593 Γραφῇ
1195 525 1469 594 κειμένοις
1496 510 1717 598 όνόμασι

1857 536 2036 606 iisque
2066 547 2400 610 permaneat,
2432 549 2486 594 et
2526 558 2622 610 per
2648 510 2869 611 ipsa,.ut
2906 546 3070 601 Deum
3109 549 3286 616 decet,
3305 510 3426 622 ξιο-

161 603 534 674 ἐπιμένοντα,
573 605 664 660 διὰ
708 609 913 662 τούτων
960 609 1280 683 θεοπρεπῶς
1321 616 1418 688 τὴν
1445 619 1717 690 δοξολογία

1857 626 2216 684 rilicationem
2251 632 2543 701 persolvat.
2579 633 2714 688 Nam
2737 636 2781 690 si
2819 636 2871 690 hi
2897 638 2985 706 qui
3012 637 3166 693 initio
3195 603 3423 697 Hebiai-

157 691 540 766 ἀποπληροῦν.
594 696 658 750 Ei
693 699 804 770 γὰρ
836 701 886 753 οἱ
923 700 982 766 ἐξ
1006 703 1182 773 ἀρχῆς
1201 706 1300 776 τὴν
1340 708 1606 780 Ἐϐραίων
1631 712 1748 766 διά-

159 781 356 838 λεκτον
389 787 469 851 είς
499 787 597 859 τὴν
633 790 857 846 Ἐλλάδα
881 793 1130 862 γλῶσσαν
1159 798 1556 866 μεταϐαλόντες
1584 805 1746 860 τινῶν

156 875 446 946 ὀνομάτων
476 881 575 952 τῆς
599 883 895 957 ἑρμηνείας
947 890 1006 940 οὺ
1037 892 1470 963 κατετόλμησαν,
1504 895 1618 949 ἀλλ’
1649 898 1747 952 αὐ-

157 967 261 1038 τὴν
287 969 386 1041 τὴν
423 970 716 1045 Ἑϐραῖκὴν
753 978 936 1049 φωνὴν
984 981 1094 1051 (ιΗ)
1147 986 1540 1056 μετεκόμισαν·
1583 989 1660 1052 ὡς
1685 991 1745 1044 τὸ

155 1060 416 1130 Σαϐαὼθ,
451 1065 546 1118 καὶ
589 1066 649 1120 τὺ
709 1069 954 1138 Ἀδωναῖ,
1003 1075 1096 1128 καὶ
1133 1078 1195 1128 τὸ
1247 1078 1422 1144 Ἐλωῒ,
1466 1083 1560 1136 καὶ
1604 1084 1656 1138 εί
1692 1103 1743 1140 τι

152 1151 420 1220 τοιοῦτον,
446 1157 546 1210 οὐκ
565 1159 656 1212 ἐπὶ
677 1159 784 1214 τῶν
805 1162 964 1216 θείων
981 1166 1259 1237 ὀνομάτων
1285 1171 1464 1240 μόνον,
1488 1175 1622 1230 ἀλλὰ
1651 1179 1744 1232 καὶ

153 1245 256 1299 ἐπὶ
293 1246 467 1302 ἄλλων
499 1250 758 1306 πλειόνων
785 1254 883 1326 τὴν
907 1257 1192 1314 εὐλάϐειαν
1215 1264 1420 1337 ταύτην
1441 1269 1741 1325 ἐπιδεικνύ-

154 1356 315 1410 μενοι
333 1357 348 1372 ⁶
377 1343 540 1398 πόσον
573 1347 696 1400 τινὰ
717 1351 993 1420 προσῆκεν
1022 1355 1172 1424 ἡμᾶς
1211 1359 1338 1430 περὶ
1368 1359 1476 1413 τῶν
1503 1361 1598 1416 τοῦ
1637 1366 1741 1418 Κυ-

155 1431 280 1502 ρίου
314 1435 591 1526 ὀνομάτων
617 1439 709 1492 τὸν
742 1441 906 1509 φόϐον
939 1443 1118 1514 ἕχειν;
1150 1447 1340 1502 Καίτοι
1372 1453 1503 1506 πότε
1535 1453 1644 1526 (42)
1673 1455 1739 1510 ἂν

149 1523 335 1578 ἐκεῖνο
383 1525 616 1601 [ἐκεῖνα]
655 1534 786 1603 παρ’
821 1535 1030 1590 ἑαυτῶν
1063 1555 1188 1594 τινα
1230 1541 1432 1596 πλάσαι
1464 1546 1575 1600 τῶν
1619 1548 1738 1603 ὀνο-

1854 733 1974 774 cam
2021 719 2258 790 linguam
2309 722 2362 776 in
2421 721 2664 779 Graecam
2747 735 3153 794 converterunt,
3209 732 3424 786 nomina

1853 809 2102 878 quaedam
2131 811 2478 880 interpretari
2523 812 2640 867 ausi
2677 828 2782 868 non
2813 825 2958 882 sunt,
2988 818 3080 872 sed
3114 819 3281 888 ipsam
3316 819 3425 875 He-

1855 902 2096 958 braicam
2147 918 2332 958 vocem
2392 905 2698 970 retinuere,
2763 917 2821 962 ut
2873 908 3131 976 Sabaoth,
3193 911 3422 979 Adonai,

1857 992 1994 1061 Eloi,
2023 1005 2078 1050 et
2111 996 2155 1051 si
2192 995 2322 1065 quid
2359 995 2623 1064 ejusmodi
2668 1007 2772 1064 est,
2799 1015 2902 1053 non
2933 1001 2984 1054 in
3017 1003 3213 1058 divinis
3250 1004 3421 1059 solum

1854 1086 2191 1154 nominibus,
2233 1089 2326 1142 sed
2361 1090 2414 1144 in
2458 1089 2582 1144 aliis
2623 1091 2787 1146 etiam
2818 1093 3060 1162 pluribus
3105 1095 3244 1150 hanc
3273 1111 3421 1152 reve-

1855 1178 2088 1236 rentiam
2131 1183 2510 1248 ostendentes;
2559 1193 2819 1252 quantum
2874 1183 3029 1240 decet
3079 1201 3178 1242 nos
3222 1187 3420 1242 habere

1855 1275 2104 1329 timorem
2136 1275 2277 1328 circa
2314 1275 2531 1329 nomina
2561 1275 2770 1330 Domini
2795 1276 2818 1329 ?
2849 1276 3074 1344 Quando
3095 1287 3273 1333 autem
3299 1295 3419 1336 sus-

1849 1367 2135 1422 tinuissent
2173 1365 2250 1422 illi
2285 1381 2315 1421 a
2345 1367 2537 1435 seipsis
2567 1368 2821 1424 nonnulla
2844 1371 3059 1426 nomina
3087 1371 3418 1442 conﬁngere,

1845 1460 1935 1529 qui
1961 1473 2028 1514 ne
2067 1459 2415 1528 interpretari
2445 1460 2662 1528 quidem
2697 1459 2812 1516 ausi
2845 1472 2972 1516 sunt
2999 1461 3201 1532 aliqua,
3227 1479 3292 1518 ne
3318 1479 3416 1518 ex-

1845 1550 2145 1619 pressionis
2176 1550 2624 1619 perspicuitatem
2657 1551 2840 1621 inepto
2870 1551 3178 1622 signiﬁcatu
3219 1553 3412 1610 debili-

153 1615 348 1684 μάτων
389 1620 698 1692 ἠνέσχοντο,
750 1625 864 1694 οἵγε
911 1629 1046 1700 μηδὲ
1093 1631 1192 1701 τῆς
1233 1634 1531 1706 ἑρμηνείας
1581 1642 1741 1694 τινῶν
1773 1643 1814 1698 Β
1847 1615 2067 1696 iurent?

147 1707 670 1782 καταθαῤῥήσαντες
688 1753 702 1778 ,
729 1714 803 1779 ὼς
829 1716 894 1770 ἃν
920 1717 994 1789 μὴ
1021 1721 1083 1773 τὸ
1108 1723 1338 1794 ἐναργὲς
1360 1727 1460 1798 τῆς
1475 1731 1764 1799 ἐμφάσεως
1790 1731 1868 1804 τῷ
1889 1729 2242 1804 ἀκαταλλήλῳ
2270 1731 2384 1786 τῶν
2400 1731 2812 1804 σημαινομένων
2844 1733 3156 1802 ὲκλύσειανς

222 1825 278 1880 8.
329 1827 468 1922 Ἀλλξ
491 1831 540 1922 εἰ
566 1831 846 1906 ἐγέννησε,
893 1839 1089 1909 φησὶν,
1117 1841 1144 1893 6
1183 1841 1345 1910 Θεὸς,
1379 1843 1500 1910 πῶς
1543 1847 1603 1900 ού
1630 1849 1734 1922 χρὴ

143 1917 242 1970 τὸν
275 1920 603 1991 γεννηθέντα
629 1929 1058 1998 προσαγορεύειν
1090 1930 1334 2005 γέννημα
1360 1952 1374 2001 ;
1421 1937 1542 1990 Ὅτι
1577 1917 1738 2008 (ροϐε-ί

147 2009 246 2080 ρον
271 2011 404 2082 ἡμῖν
446 2015 736 2086 ἡμετέροις
787 2020 948 2073 αὑτὸν
998 2022 1222 2094 ὀνόμασι
1274 2034 1643 2098 προσφωνεῖν,

143 2104 445 2194 ἐχαρίσατο
484 2109 512 2161 6
556 2108 689 2173 Θεὸς
721 2111 890 2182 ὄνομα
923 2114 984 2167 τὸ
1014 2115 1156 2187 ὑπὲρ
1207 2122 1314 2172 πᾶν
1358 2121 1545 2194 ὄνομα.
1602 2127 1736 2193 Υἱός

137 2211 264 2264 μου
293 2192 353 2250 εἷ
369 2197 472 2264 σὺ,
497 2203 682 2273 φησὶν,
711 2204 826 2274 ἐγὼ
847 2206 1116 2276 σήμερον
1135 2192 1465 2282 γεγέννηκά
1483 2233 1569 2271 σε.
1598 2192 1736 2272 Καίζ-

141 2302 228 2340 τοι
259 2288 680 2364 ἀκολουθότερον
702 2291 769 2367 ἦν
811 2300 951 2354 κατὰ
980 2302 1072 2354 τὸν
1105 2303 1311 2358 τούτων
1343 2307 1521 2375 λόγον,
1555 2309 1641 2364 διὰ
1673 2311 1734 2364 τὸ

141 2379 532 2471 γεγεννῆσθαι,
551 2385 791 2458 γέννημα
815 2394 1338 2466 προσαγορευθῆναι,
1359 2399 1451 2451 καὶ
1467 2399 1563 2471 οὐχ
1581 2401 1728 2458 Υίόν’

141 2467 264 2564 αλλ’
293 2469 676 2564 οὐκῗείρηται.
742 2481 943 2552 Διόπερ
998 2483 1104 2556 χρὴ
1157 2485 1249 2538 τὸν
1288 2488 1393 2557 πρὸ
1436 2467 1732 2564 ὀφθαλμῶν

141 2558 340 2629 ἔχοντα
378 2563 438 2616 τὸ
459 2565 694 2636 Χριστοῦ
725 2569 835 2637 (45)
866 2571 1232 2646 δικαστήριον,
1269 2579 1362 2632 καὶ
1401 2581 1578 2636 εἰδότα
1607 2558 1730 2649 όσος

139 2654 172 2705 ὀ
196 2653 446 2720 κίνδυνος
467 2659 687 2728 ἀερελεῖν
717 2681 768 2716 τι
795 2665 826 2735 ἢ
861 2667 1176 2738 προσθεῖναι
1208 2675 1322 2736 τοῖς
1359 2677 1732 2750 παραδεδομέ-

141 2760 260 2842 νοις
293 2747 400 2800 ὑπὸ
423 2749 517 2802 τοῦ
541 2752 876 2825 Πνεύματος,
913 2759 988 2830 μὴ
1035 2762 1166 2834 παρ’
1205 2764 1398 2818 ἑαυτοῦ
1431 2747 1730 2842 φιλοτιμεῖο

140 2832 284 2932 σθαι-
339 2847 709 2932 καινοτομεῖν,
764 2847 898 2928 ἀλλὰ
975 2855 1087 2916 τοῖς
1119 2832 1126 2834 ’
1157 2832 1730 2932 προκατηγγελμένοις

139 2927 298 3028 παρά
355 2931 465 2984 τῶν
517 2935 690 3002 ἁγίων
752 2940 1138 3012 ἐφησυχάζειν.
1191 2946 1258 3001 '0
1313 2927 1491 3004 τοίνυν
1527 2927 1724 3028 οὔτεή

135 3019 296 3116 κοινὴ
348 3023 626 3095 συνήθεια,
661 3027 782 3084 οὔτε
806 3033 972 3104 ἡτῶν
997 3035 1230 3106 Γραφῶν
1262 3041 1457 3113 χρῆσις
1497 3019 1730 3116 παραδέξ

1911 1851 1964 1908 8.
2005 1851 2111 1908 Sed
2141 1851 2210 1918 si,
2239 1852 2438 1921 inquit,
2471 1851 2612 1908 Deus
2644 1853 2851 1922 genuit,
2879 1857 3149 1924 quomodo
3171 1870 3272 1926 par
3305 1872 3419 1915 non

1839 1953 1926 2000 est
1956 1945 2201 2015 genitum
2240 1944 2546 2014 genituram
2575 1943 2882 2014 appellare?
2909 1945 3046 2013 Quia
3078 1947 3412 2004 horrendum

1835 2043 1919 2091 est
1956 2035 2110 2090 nobis
2146 2049 2294 2101 eum,
2330 2035 2414 2089 cui
2465 2034 2692 2104 largitus
2737 2045 2820 2091 est
2855 2035 2998 2092 Deus
3037 2052 3234 2093 nomen
3268 2039 3415 2108 quod

1835 2135 1918 2180 est
1949 2139 2114 2194 super
2140 2139 2302 2179 omne
2333 2139 2528 2179 nomen
2554 2125 2620 2191 ³⁵⁸,
2653 2126 2963 2183 nominibus
2989 2130 3192 2184 nostris
3219 2132 3410 2200 appel~

1835 2216 1968 2272 lare.
1999 2213 2176 2271 Filius
2204 2231 2348 2270 meus
2376 2232 2430 2270 es
2459 2223 2540 2282 tu,
2562 2215 2756 2287 inquit,
2781 2233 2874 2288 ego
2905 2217 3060 2273 hodie
3089 2213 3243 2290 genui
3275 2231 3324 2276 te
3340 2221 3412 2276 ³³.

1833 2307 1996 2376 Atqui
2022 2315 2142 2361 erat
2167 2305 2339 2376 magis
2373 2315 2804 2362 consentaneum
2835 2310 3135 2364 secundum
3179 2310 3410 2367 istorum

1835 2399 2124 2462 rationem,
2177 2409 2465 2468 propterea
2505 2399 2650 2469 quod
2713 2399 2928 2470 genitus
2963 2409 3066 2466 est,
3105 2405 3408 2472 genituram

1831 2490 2036 2557 vocari,
2079 2505 2187 2545 nou
2243 2489 2478 2558 Filium;
2538 2499 2596 2546 at
2647 2506 2988 2561 nequaquam
3041 2493 3243 2547 dictum
3301 2503 3410 2550 est.

1830 2581 2067 2636 Proinde
2099 2591 2310 2650 oportet
2343 2597 2466 2637 eum
2490 2583 2580 2651 qui
2614 2581 2818 2639 Christi
2841 2582 3104 2654 judicium
3127 2585 3196 2640 ob
3221 2586 3410 2642 oculos

1832 2674 1994 2728 habet
2043 2673 2300 2742 novitque
2348 2689 2512 2744 quam
2571 2675 2935 2746 periculosum
3003 2677 3075 2733 sit
3130 2679 3409 2750 quidpiam

1829 2763 2153 2820 subtrahere
2205 2775 2298 2819 aut
2339 2764 2543 2820 addere
2591 2766 2660 2822 iis
2708 2781 2832 2836 quae
2879 2783 2910 2822 a
2949 2767 3152 2840 Spiritu
3207 2771 3416 2827 tradita-

1819 2865 1978 2931 sunt,
2024 2871 2132 2911 non
2165 2856 2350 2911 conari
2384 2856 2681 2926 quidquam
2711 2872 2742 2913 a
2778 2859 2959 2930 seipso
2995 2861 3277 2929 innovare,
3312 2863 3409 2918 sed

1829 2949 1882 3004 in
1919 2949 1984 3006 iis
2030 2963 2150 3020 quae
2200 2948 2350 3020 prius
2380 2965 2410 3004 a
2443 2951 2646 3005 sanctis
2689 2951 2936 3007 nuntiata
2987 2964 3138 3022 sunt,
3184 2957 3410 3026 acquie-

1828 3056 2001 3097 scere.
2036 3041 2188 3108 Quod
2225 3041 2390 3113 igitur
2424 3057 2525 3098 nec
2573 3043 2879 3100 communis
2917 3047 3271 3113 consuetudo,
3302 3063 3406 3104 nec

133 3109 349 3177 δεκται,
407 3117 598 3172 τούτου
647 3124 996 3198 κατατολμᾷν
1028 3127 1146 3191 πῶς
1187 3133 1307 3203 οὐχὶ
1351 3134 1451 3206 τῆς
1486 3139 1717 3212 ἐσχάτης

1829 3109 2400 3205 Scripturarum'usus
2431 3135 2681 3203 admisit;
2707 3136 2760 3192 id
2791 3136 3012 3202 audere.
3052 3153 3228 3194 nonne
3254 3155 3406 3196 sum-

133 3201 402 3300 άπονοίας
427 3209 578 3276 fieri;
609 3211 705 3278 Τίς
734 3215 844 3287 γὰρ
879 3219 1062 3292 πατὴρ
1088 3221 1119 3293 ἢ
1153 3201 1334 3297 μήτηρ
1362 3201 1607 3300 εύμενιῦς
1629 3201 1722 3287 καί

131 3296 364 3370 ἡμέρως
413 3302 552 3374 πρὸς
589 3305 680 3359 τὸν
723 3308 781 3376 ἐξ
827 3311 992 3366 αὑτοῦ
1049 3296 1410 3388 διακείμενος,
1432 3296 1612 3392 ⁷ἀφεὶς
1660 3327 1721 3380 τὸ

133 3395 565 3489 προσαγορεύειν
621 3400 784 3453 αὑτὸν
837 3402 948 3474 (Η)
997 3407 1111 3460 υἱὸν
1155 3408 1186 3480 ἢ
1237 3411 1442 3482 τέκνον,
1474 3415 1720 3489 γέννημα

129 3477 200 3534 ἂν
237 3486 558 3554 προσείποι;
601 3491 822 3548 Τέκνον
862 3495 998 3569 γὰρ,
1037 3477 1222 3571 φησὶν,
1252 3477 1444 3574 ὕπαγε
1485 3477 1575 3572 εἰς

129 3573 465 3667 ἀμπελῶνα
487 3597 498 3610 ·
533 3582 625 3634 καὶ
654 3584 890 3657 ἀλλαχοῦ
915 3604 930 3621 ·
990 3589 1052 3643 '0
1097 3592 1242 3660 Θεὸς
1280 3573 1488 3664 ὄψεται
1529 3599 1719 3667 ἑαυτῷ

127 3663 434 3730 πρόϐατον
461 3674 549 3737 εἰς
585 3675 850 3745 σφαγὴν,
881 3679 1124 3735 τέκνον·
1147 3684 1240 3737 καὶ
1273 3687 1434 3741 πάλιν
1457 3689 1682 3745 όἹσαάκ
1700 3708 1714 3722 ·

131 3751 232 3818 Τίς
246 3750 320 3848 εἴ,
338 3756 553 3813 τέκνον
568 3778 588 3825 ;
619 3765 732 3830 καὶ,
767 3766 882 3832 Υἱὲ,
899 3768 986 3838 μὴ
1020 3769 1130 3843 (45)
1159 3774 1424 3845 ὀλιγώρει
1449 3779 1718 3848 παιδείας

125 3846 356 3914 Κυρίου
376 3867 388 3880 ·
421 3853 535 3919 καὶ,
565 3855 694 3922 Υἱός
715 3860 908 3928 σοφός
932 3864 1238 3933 εὐφραίνει
1259 3868 1482 3938 πατέρα
1504 3889 1518 3902 ο
1543 3874 1635 3927 καὶ
1667 3846 1721 3928 εῖ

123 3955 178 3990 τι
211 3940 470 3998 τοιοῦτον.
505 3947 756 4019 Οὐδαμοῦ
789 3952 845 4005 δὲ
884 3953 1130 4028 γέννημα
1175 3959 1267 4014 τὸν
1304 3961 1362 4027 ἐξ
1395 3965 1557 4018 αὐτοῦ
1587 3966 1720 4034 ἐκαέ

126 4041 256 4090 στος
295 4033 612 4101 προσειπὼν
665 4040 1048 4099 ἐπιδείκνυται.
1103 4049 1210 4102 Καὶ
1243 4052 1276 4122 ἡ
1319 4053 1470 4107 αἰτία
1498 4058 1708 4128 σαφής·

119 4119 207 4171 ὅτι
239 4121 270 4172 6
299 4123 398 4191 μὲν
421 4125 532 4188 υίὸς
554 4129 647 4181 καὶ
676 4131 735 4183 τὸ
759 4132 948 4188 τέκνον
977 4137 1239 4210 ἐμψύχων
1264 4119 1412 4197 ἐἰσὶν
1448 4119 1710 4218 ὀνόματα,

121 4212 186 4265 τὸ
229 4215 479 4312 γέννημα
528 4221 584 4273 δὲ
609 4223 670 4275 ού
713 4225 949 4291 πάντως.
1007 4231 1260 4305 Γέννημα
1297 4237 1395 4306 μὲν
1419 4212 1714 4312 γὰρ-δύναέ

115 4319 210 4356 ται
248 4303 501 4374 λέγεσθαι
531 4312 624 4364 καὶ
665 4315 726 4367 τὸ
757 4317 862 4386 πρὸ
912 4319 1008 4372 τοῦ
1036 4319 1458 4398 ἐξεικονισθῆναι
1496 4303 1555 4382 ἐν
1589 4337 1710 4398 ταῖς

117 4394 466 4464 ἀμϐλώσεσιν
491 4401 878 4477 ἐκϐαλλόμενον
899 4426 912 4440 ’
941 4412 1000 4464 οὐ
1029 4411 1136 4485 μὴν
1162 4417 1252 4468 καὶ
1398 4419 1490 4474 τοῦ
1514 4394 1702 4478 τέκνον

117 4489 496 4588 προσηγορίας
527 4492 677 4588 ἄξιον
716 4497 779 4551 τὸ
806 4482 1065 4556 τοιοῦτον.
1091 4482 1223 4560 -Καὶ
1256 4482 1572 4582 γεννήματα
1603 4517 1700 4588 μὲν
1734 4482 1778 4536 Β

113 4576 398 4680 οξικαρπολ¹
430 4583 530 4653 τῆς
563 4586 686 4658 γῆς,
719 4590 887 4643 τέκνα
920 4591 976 4645 δὲ
1022 4595 1194 4650 ταῦτα
1223 4600 1425 4656 οὐκέτι.
1465 4607 1547 4658 Οὐ
1588 4607 1698 4680 γὰρ

108 4665 372 4766 μὴ-πίω,
411 4676 595 4744 φησὶν,
639 4680 708 4734 ἐκ
745 4683 854 4736 τοῦ
887 4686 1258 4758 γεννήματος
1291 4693 1400 4763 τῆς
1421 4665 1695 4766 ἀμπέλου

111 4760 358 4861 ταύτης.
399 4766 650 4861 Σπανίως
675 4772 732 4825 δὲ
767 4774 860 4828 ἐπὶ
895 4777 1154 4849 ἐμψύχων
1177 4782 1280 4856 τὴν
1320 4760 1696 4861 προσηγορίαν

107 4850 318 4922 ταύτην
357 4857 807 4932 παραληφθεῖσαν
845 4865 1082 4940 εὕρομεν
1097 4850 1246 4944 (46)..
1284 4850 1398 4932 καὶ
1437 4850 1583 4935 ὅπου¹
1629 4902 1710 4954 γε.

179 5058 225 5089 ³³
517 5081 578 5156 rt,
831 5071 983 5156 ﬁsa].
1015 5091 1074 5138 ll,
1105 5077 1155 5129 7.
1228 5079 1291 5156 ξξ
1328 5081 1514 5141 Matth.
1552 5103 1666 5156 xxI,
1702 5089 1717 5145 ε

1870 5091 1916 5121 ³⁸
1945 5089 2079 5146 Gen.

109 5131 196 5183 it.
277 5131 680 5202 “Prov.x,l.
756 5142 800 5173 δε
834 5142 1024 5200 Matth.
1053 5131 1317 5215 imas.

499 5289 629 5360 curri
649 5277 1326 5360 aliqttot_mss._:§6po'i_xijv
1349 5285 1682 5360 ἐκφώνησιν.

102 5337 288 5429 (longe
511 5354 560 5429 et
593 5337 1513 5429 Reg.'tertitis.jE§pai_ixhu'cpmviﬁv.

502 5415 645 5488 τότε.
674 5408 900 5488 Ἇηιίίμιί
935 5419 1055 5477 libri
1082 5408 1237 5478 iusch

313 5482 468 5568 ‘Etlili
501 5485 680 5568 τὸτοῦ
710 5481 968 5568 Χριστοῦ.
1005 5494 1068 5546 At
1108 5511 1240 5568 mss.
1263 5496 1324 5550 τὸ
1357 5497 1613 5568 Χριστοῦ.

102 5551 514 5673 ἀὶέῇᾒγιὲοςοιη
548 5557 712 5612 αὐτόν
743 5551 810 5613 ex
845 5562 1019 5618 tribus
1051 5565 1331 5622 codicibus
1374 5551 1556 5638 Regiis
1586 5551 1682 5624 ad-

143 5637 360 5675 munus.

175 5691 290 5776 (45)
319 5692 458 5749 Editi
613 5717 748 5776 μοι).
787 5703 900 5756 Vox
933 5723 1036 5775 μου
1069 5707 1120 5760 in
1147 5719 1382 5776 quatuor
1425 5725 1556 5764 mss.
1591 5713 1684 5764 de-

100 5769 206 5822 est.
256 5778 353 5817 nec
397 5769 537 5826 apud
570 5767 708 5826 LXX
761 5767 976 5836 quoque
1008 5767 1234 5841 legitur,
1267 5779 1424 5835 Prov.
1469 5795 1550 5842 Ill.
1591 5781 1677 5835 lt.

1827 3243 1928 3282 tua:
1963 3227 2252 3283 dementire
2274 3227 2400 3283 est?
2435 3227 2568 3294 Quis
2617 3229 2764 3284 enim
2813 3238 2968 3299 pater
2993 3241 3087 3286 aut
3133 3242 3328 3302 mater,
3355 3235 3416 3290 si.

1823 3318 2084 3374 benevole
2107 3333 2168 3376 ac
2198 3319 2396 3375 blande
2419 3334 2545 3389 erga
2580 3335 2704 3376 eum
2742 3322 2836 3392 qui
2861 3336 2930 3378 ex
2967 3337 3028 3378 se
3067 3332 3172 3390 est,
3202 3325 3400 3382 afﬁcia-

1825 3419 1932 3476 tur,
1959 3411 2162 3466 omisso
2192 3409 2288 3464 lilii
2329 3420 2424 3466 aut
2455 3411 2566 3465 nati
2621 3411 2864 3479 nomine,
2891 3415 3194 3485 genituram
3225 3416 3402 3486 ipsum

1821 3503 2133 3559 vocaverit?
2164 3503 2325 3569 Nate,
2365 3505 2533 3570 enim,
2583 3505 2780 3576 inquit,
2810 3507 2940 3560 unde
2996 3509 3052 3562 in
3105 3508 3397 3564 niueam”.

1821 3595 1888 3650 Et
1919 3595 2046 3651 alibi
2080 3613 2094 3650 :
2119 3595 2262 3651 Deus
2292 3595 2484 3651 uidebit
2521 3613 2661 3651 ovem
2689 3597 2758 3651 aa'
2785 3599 3076 3664 uictimam,
3104 3601 3304 3654 nate”.
3333 3601 3402 3656 Et

1821 3703 2007 3744 rursus
2030 3687 2222 3744 lsaac:
2255 3689 2389 3755 Quis
2419 3706 2498 3756 es,
2536 3690 2843 3746 nate“?‘Et
2872 3710 2885 3746 :
2915 3691 3081 3765 244
3115 3693 3247 3761 Fili,
3287 3696 3396 3749 noli

1819 3783 2079 3852 negligere
2113 3781 2447 3852 disciplinam
2487 3783 2701 3838 Domini
2723 3785 2788 3839 ³⁷.
2821 3785 2883 3839 Et
2915 3801 2930 3837 :
2966 3785 3142 3840 Filius
3187 3789 3406 3857 sapiens.

1818 3875 2058 3945 Imtiﬁcot
2111 3885 2315 3947 patrem
2335 3877 2402 3931 ⁸⁸,
2445 3875 2512 3931 ΕΙ.
2555 3877 2598 3932 si
2631 3879 2758 3946 quid
2812 3877 2956 3933 aliud
3010 3877 3126 3947 ejus
3155 3882 3390 3950 generis.

1817 3968 1986 4024 Nemo
2043 3975 2220 4023 autem
2261 3983 2400 4028 .eum
2455 3969 2549 4038 qui
2605 3983 2668 4022 ex
2735 3969 2852 4039 ipso
2915 3976 3034 4036 est,
3085 3971 3408 4040 genituram.

1817 4060 2114 4131 appellasse
2178 4075 2404 4130 usquam
2471 4061 2809 4131 perhibetur.
2895 4061 2959 4116 Et
3040 4073 3229 4134 aperte
3289 4065 3395 4119 hoc.

1813 4163 1896 4208 est
1961 4167 2174 4218 causae,
2231 4153 2375 4223 quod
2431 4153 2572 4209 (ilius
2629 4155 2847 4224 quidem
2901 4169 2966 4210 ac
3017 4165 3216 4223 natus,
3277 4156 3408 4210 anim

1814 4253 2082 4300 malorum
2135 4255 2262 4299 sunt
2301 4245 2538 4310 nomina,
2573 4247 2821 4316 genitura
2873 4255 3051 4300 autem
3113 4261 3222 4301 non
3256 4260 3406 4302 του-ο

1812 4335 1982 4390 ιίιιυο.
2043 4333 2176 4388 Nam
2237 4335 2288 4389 id
2347 4335 2512 4390 etiam
2559 4335 2701 4405 quod
2746 4343 3033 4406 antequam
3085 4336 3392 4392 conforma-

1812 4437 1921 4482 tum
1976 4427 2068 4494 sit,
2121 4427 2173 4480 in
2219 4426 2503 4482 abortibus
2550 4411 2788 4496 eiicitur,
2829 4427 3077 4498 genitura
3118 4428 3402 4485 nominari.

1809 4529 2006 4591 potest,
2043 4535 2142 4575 nec
2199 4530 2378 4576 tamen
2432 4517 2536 4577 hoc
2597 4522 2707 4576 nati
2755 4522 3122 4592 appellatione
3163 4525 3398 4594 dignum»

1805 4623 1909 4672 est.
1954 4615 2261 4682 Quinetiam
2315 4625 2474 4672 terrm
2523 4615 2736 4672 fructus
2786 4627 3056 4672 vocantur
3090 4619 3383 4687 geniturae,

1807 4710 1914 4762 nati
1947 4724 2054 4764 non
2089 4711 2238 4764 item.
2268 4709 2392 4763 Non
2420 4710 2563 4764 enim
2597 4711 2790 4774 bibam,
2817 4711 3013 4782 inquit,
3033 4711 3097 4766 de
3125 4713 3390 4783 genimine

1807 4801 1928 4855 vitis
1969 4801 2129 4872 hujus
2153 4801 2393 4856 3°.'i-iaro
2423 4817 2551 4859 vero
2583 4804 2634 4857 in
2665 4803 2923 4859 animatis
2967 4803 3110 4860 hanc
3146 4804 3386 4874 appella-

1805 4893 2006 4948 tionem
2035 4895 2333 4950 adhibitam
2367 4893 2696 4950 invenimus.
2723 4894 2790 4948 Et
2824 4905 2970 4952 certe
3004 4895 3392 4967 ubieusurpata.

2115 5107 2250 5158 xxu,
2281 5091 2333 5146 8.
2411 5091 2458 5124 ³⁸
2485 5091 2944 5161 Gen..xxvtt,18.
3021 5093 3064 5126 θ’
3093 5089 3255 5150 Prov.
3291 5108 3374 5158 ιη,

1793 5293 1901 5370 Sed
1934 5305 2202 5370 tantenea
2230 5297 2549 5370 exprimitur
2575 5309 2628 5353 et
2662 5299 2714 5352 in
2745 5299 2994 5370 Vulgata,
3024 5301 3374 5370 Disciplinam

1795 5365 2134 5442 Dontini,_ﬁ_l_i
2161 5372 2256 5442 mi,
2283 5365 2620 5442 ne__abjic_i_as,
2659 5365 2887 5442 etapud
2929 5365 3182 5442 Paulum.
3205 5373 3370 5427 Hebr.

1793 5435 1980 5510 xu,_5i_,
2011 5435 2126 5510 fili
2149 5437 2374 5510 mi,noli
2415 5435 2671 5510 negligere
2701 5435 3036 5510 disciplinam
3066 5435 3296 5497 Domini.

1869 5505 1984 5577 (46)
2015 5506 2197 5592 codex
2229 5507 2382 5592 colb.
2406 5519 2460 5561 et
2489 5505 2617 5612 ιὶέξ.
2649 5505 2844 5612 tenrtins'
2875 5513 2974 5598 ἐπὶ
2993 5511 3238 5583 ἐμψύχου
3271 5513 3371 5585 τὴν

1794 5579 2163 5648 ’προσηγορίαν
2197 5579 2400 5648 ταύτην
2434 5579 2872 5650 μεταληφθεῖσαν
2919 5579 3198 5654 εὕρομεν)
3246 5579 3370 5651 qui-

1794 5645 1893 5730 bus
1927 5647 1978 5699 iu
2025 5647 2308 5704 codicibus
2365 5665 2460 5703 oro-
2521 5649 2737 5720 εἴρηται
2795 5653 3058 5724 scriptum
3097 5656 3367 5709 invenitur

1791 5733 2038 5788 ευρηταμ
