  <div class='ocr_page' id='page_1' title='image "/cluster/home/n/w/nwhite01/storage/ocr_20150623/29/nnc1.0046978755/780.png"; bbox 0 0 3836 6222; ppageno 0'>
   <div class='ocr_carea' id='block_1_1' title="bbox 163 285 279 342">
    <p class='ocr_par' dir='ltr' id='par_1_1' title="bbox 163 285 279 342">
     <span class='ocr_line' id='line_1_1' title="bbox 163 285 279 342; baseline 0 0"><span class='ocrx_word' id='word_1_1' title='bbox 163 285 279 342; x_wconf 71' lang='grc'><strong>589</strong></span> 
     </span>
    </p>
   </div>
   <div class='ocr_carea' id='block_1_2' title="bbox 1301 287 2356 348">
    <p class='ocr_par' dir='ltr' id='par_1_2' title="bbox 1301 287 2356 348">
     <span class='ocr_line' id='line_1_2' title="bbox 1301 287 2356 348; baseline 0.005 -5"><span class='ocrx_word' id='word_1_2' title='bbox 1301 287 1666 344; x_wconf 81' lang='lat' dir='ltr'><strong>ADVERSUS</strong></span> <span class='ocrx_word' id='word_1_3' title='bbox 1703 289 2076 348; x_wconf 78' lang='lat' dir='ltr'><strong>EUNOMIUM</strong></span> <span class='ocrx_word' id='word_1_4' title='bbox 2117 291 2248 347; x_wconf 87' lang='lat' dir='ltr'><strong>LIB.</strong></span> <span class='ocrx_word' id='word_1_5' title='bbox 2290 291 2356 348; x_wconf 89' lang='grc' dir='ltr'><strong>ΙΙ.</strong></span> 
     </span>
    </p>
   </div>
   <div class='ocr_carea' id='block_1_3' title="bbox 3316 295 3421 350">
    <p class='ocr_par' dir='ltr' id='par_1_3' title="bbox 3316 295 3421 350">
     <span class='ocr_line' id='line_1_3' title="bbox 3316 295 3421 350; baseline 0 0"><span class='ocrx_word' id='word_1_6' title='bbox 3316 295 3421 350; x_wconf 83' lang='lat'><strong>590</strong></span> 
     </span>
    </p>
   </div>
   <div class='ocr_carea' id='block_1_4' title="bbox 156 395 1772 477">
    <p class='ocr_par' dir='ltr' id='par_1_4' title="bbox 156 395 1752 474">
     <span class='ocr_line' id='line_1_4' title="bbox 156 395 1752 474; baseline 0.001 -20"><span class='ocrx_word' id='word_1_7' title='bbox 156 398 306 454; x_wconf 81' lang='grc' dir='ltr'><strong>ἀλλά</strong></span> <span class='ocrx_word' id='word_1_8' title='bbox 346 395 515 469; x_wconf 81' lang='grc' dir='ltr'>μόνην</span> <span class='ocrx_word' id='word_1_9' title='bbox 563 399 662 469; x_wconf 85' lang='grc' dir='ltr'>τὴν</span> <span class='ocrx_word' id='word_1_10' title='bbox 708 399 844 469; x_wconf 83' lang='grc' dir='ltr'>πρὸς</span> <span class='ocrx_word' id='word_1_11' title='bbox 887 399 1072 471; x_wconf 72' lang='grc' dir='ltr'>ἕτερον</span> <span class='ocrx_word' id='word_1_12' title='bbox 1126 399 1310 470; x_wconf 83' lang='grc' dir='ltr'>σχέσιν</span> <span class='ocrx_word' id='word_1_13' title='bbox 1361 402 1752 474; x_wconf 88' lang='grc' dir='ltr'>ἀποσημαίνει,</span> 
     </span>
    </p>
   </div>
   <div class='ocr_carea' id='block_1_5' title="bbox 1879 395 3420 477">
    <p class='ocr_par' dir='ltr' id='par_1_5' title="bbox 1879 405 3420 477">
     <span class='ocr_line' id='line_1_5' title="bbox 1879 405 3420 477; baseline 0.004 -19"><span class='ocrx_word' id='word_1_14' title='bbox 1879 405 2234 460; x_wconf 73' lang='lat' dir='ltr'><strong>rabitudinem</strong></span> <span class='ocrx_word' id='word_1_15' title='bbox 2290 413 2464 472; x_wconf 85' lang='lat' dir='ltr'><strong>notat,</strong></span> <span class='ocrx_word' id='word_1_16' title='bbox 2506 405 2559 462; x_wconf 90' lang='lat' dir='ltr'><strong>id</strong></span> <span class='ocrx_word' id='word_1_17' title='bbox 2615 405 2982 463; x_wconf 85' lang='lat' dir='ltr'><strong>substantiam</strong></span> <span class='ocrx_word' id='word_1_18' title='bbox 3034 421 3157 462; x_wconf 87' lang='lat' dir='ltr'><strong>esse</strong></span> <span class='ocrx_word' id='word_1_19' title='bbox 3187 411 3420 477; x_wconf 83' lang='lat' dir='ltr'><strong>sancire,</strong></span> 
     </span>
    </p>
   </div>
   <div class='ocr_carea' id='block_1_6' title="bbox 158 488 1750 566">
    <p class='ocr_par' dir='ltr' id='par_1_6' title="bbox 158 488 1750 566">
     <span class='ocr_line' id='line_1_6' title="bbox 158 488 1750 566; baseline 0.002 -20"><span class='ocrx_word' id='word_1_20' title='bbox 158 490 326 546; x_wconf 80' lang='grc' dir='ltr'>τοῦτο</span> <span class='ocrx_word' id='word_1_21' title='bbox 357 491 542 544; x_wconf 73' lang='grc' dir='ltr'>οὐσίαν</span> <span class='ocrx_word' id='word_1_22' title='bbox 575 488 713 546; x_wconf 75' lang='grc' dir='ltr'>εἶναι</span> <span class='ocrx_word' id='word_1_23' title='bbox 747 493 1054 562; x_wconf 83' lang='grc' dir='ltr'>νομοθετεῖν</span> <span class='ocrx_word' id='word_1_24' title='bbox 1103 493 1220 558; x_wconf 84' lang='grc' dir='ltr'><strong>πῶς</strong></span> <span class='ocrx_word' id='word_1_25' title='bbox 1249 495 1310 546; x_wconf 83' lang='grc' dir='ltr'><strong>οὐ</strong></span> <span class='ocrx_word' id='word_1_26' title='bbox 1361 497 1457 566; x_wconf 82' lang='grc' dir='ltr'>τῆς</span> <span class='ocrx_word' id='word_1_27' title='bbox 1487 496 1750 550; x_wconf 83' lang='grc' dir='ltr'><strong>ἀνωτάτω</strong></span> 
     </span>
    </p>
   </div>
   <div class='ocr_carea' id='block_1_7' title="bbox 161 583 1746 658">
    <p class='ocr_par' dir='ltr' id='par_1_7' title="bbox 161 583 1746 658">
     <span class='ocr_line' id='line_1_7' title="bbox 161 583 1746 658; baseline 0.003 -22"><span class='ocrx_word' id='word_1_28' title='bbox 161 583 554 656; x_wconf 81' lang='grc' dir='ltr'>παραπληξίας</span> <span class='ocrx_word' id='word_1_29' title='bbox 585 583 733 650; x_wconf 87' lang='grc' dir='ltr'>ὲστί;</span> <span class='ocrx_word' id='word_1_30' title='bbox 767 584 1028 654; x_wconf 84' lang='grc' dir='ltr'>Καίτοιγε</span> <span class='ocrx_word' id='word_1_31' title='bbox 1075 586 1269 657; x_wconf 80' lang='grc' dir='ltr'>μικρὸν</span> <span class='ocrx_word' id='word_1_32' title='bbox 1304 586 1610 658; x_wconf 81' lang='grc' dir='ltr'>ἔμπροσθεν</span> <span class='ocrx_word' id='word_1_33' title='bbox 1633 587 1746 656; x_wconf 68' lang='grc'>(54)</span> 
     </span>
    </p>
   </div>
   <div class='ocr_carea' id='block_1_8' title="bbox 161 675 1752 750">
    <p class='ocr_par' dir='ltr' id='par_1_8' title="bbox 161 675 1752 750">
     <span class='ocr_line' id='line_1_8' title="bbox 161 675 1752 750; baseline 0.002 -20"><span class='ocrx_word' id='word_1_34' title='bbox 161 675 444 730; x_wconf 72' lang='grc' dir='ltr'>ἐδείκνυτο</span> <span class='ocrx_word' id='word_1_35' title='bbox 488 677 618 748; x_wconf 78' lang='grc' dir='ltr'>παρ’</span> <span class='ocrx_word' id='word_1_36' title='bbox 651 676 829 748; x_wconf 78' lang='grc' dir='ltr'>ἡμῶν,</span> <span class='ocrx_word' id='word_1_37' title='bbox 881 678 963 730; x_wconf 84' lang='grc' dir='ltr'><strong>ὅτι</strong></span> <span class='ocrx_word' id='word_1_38' title='bbox 1003 679 1096 730; x_wconf 76' lang='grc' dir='ltr'><strong>καὶ</strong></span> <span class='ocrx_word' id='word_1_39' title='bbox 1128 679 1194 731; x_wconf 77' lang='grc' dir='ltr'>τὰ</span> <span class='ocrx_word' id='word_1_40' title='bbox 1240 679 1614 750; x_wconf 82' lang='grc' dir='ltr'><strong>ἀπολελυμένα</strong></span> <span class='ocrx_word' id='word_1_41' title='bbox 1643 680 1752 734; x_wconf 84' lang='grc' dir='ltr'>τῶν</span> 
     </span>
    </p>
   </div>
   <div class='ocr_carea' id='block_1_9' title="bbox 162 765 1752 842">
    <p class='ocr_par' dir='ltr' id='par_1_9' title="bbox 162 765 1752 842">
     <span class='ocr_line' id='line_1_9' title="bbox 162 765 1752 842; baseline 0.003 -24"><span class='ocrx_word' id='word_1_42' title='bbox 162 765 468 837; x_wconf 80' lang='grc' dir='ltr'>ὀνομάτων,</span> <span class='ocrx_word' id='word_1_43' title='bbox 499 765 601 820; x_wconf 79' lang='grc' dir='ltr'><strong>κᾶν</strong></span> <span class='ocrx_word' id='word_1_44' title='bbox 628 767 696 820; x_wconf 82' lang='grc' dir='ltr'><strong>τὰ</strong></span> <span class='ocrx_word' id='word_1_45' title='bbox 745 769 982 838; x_wconf 82' lang='grc' dir='ltr'>μάλιστα</span> <span class='ocrx_word' id='word_1_46' title='bbox 1011 769 1140 840; x_wconf 85' lang='grc' dir='ltr'>δοκῇ</span> <span class='ocrx_word' id='word_1_47' title='bbox 1175 769 1536 841; x_wconf 83' lang='grc' dir='ltr'>ὑποκείμενόν</span> <span class='ocrx_word' id='word_1_48' title='bbox 1567 788 1620 824; x_wconf 89' lang='grc' dir='ltr'><strong>τι</strong></span> <span class='ocrx_word' id='word_1_49' title='bbox 1654 771 1752 842; x_wconf 86' lang='grc' dir='ltr'><strong>δη-</strong></span> 
     </span>
    </p>
   </div>
   <div class='ocr_carea' id='block_1_10' title="bbox 164 857 1754 934">
    <p class='ocr_par' dir='ltr' id='par_1_10' title="bbox 164 857 1754 934">
     <span class='ocr_line' id='line_1_10' title="bbox 164 857 1754 934; baseline 0.004 -24"><span class='ocrx_word' id='word_1_50' title='bbox 164 857 319 925; x_wconf 84' lang='grc' dir='ltr'>λοῦν,</span> <span class='ocrx_word' id='word_1_51' title='bbox 350 859 450 911; x_wconf 75' lang='grc' dir='ltr'><strong>οὐκ</strong></span> <span class='ocrx_word' id='word_1_52' title='bbox 480 859 652 930; x_wconf 78' lang='grc' dir='ltr'>αὐτὴν</span> <span class='ocrx_word' id='word_1_53' title='bbox 683 860 983 932; x_wconf 77' lang='grc' dir='ltr'><strong>παρίστησι</strong></span> <span class='ocrx_word' id='word_1_54' title='bbox 1009 861 1108 932; x_wconf 80' lang='grc' dir='ltr'>τὴν</span> <span class='ocrx_word' id='word_1_55' title='bbox 1135 861 1342 926; x_wconf 78' lang='grc' dir='ltr'>οὐσίαν,</span> <span class='ocrx_word' id='word_1_56' title='bbox 1395 861 1660 934; x_wconf 78' lang='grc' dir='ltr'><strong>ἰδιώματα</strong></span> <span class='ocrx_word' id='word_1_57' title='bbox 1696 863 1754 916; x_wconf 88' lang='grc' dir='ltr'>δέ</span> 
     </span>
    </p>
   </div>
   <div class='ocr_carea' id='block_1_11' title="bbox 165 951 946 1024">
    <p class='ocr_par' dir='ltr' id='par_1_11' title="bbox 165 951 946 1024">
     <span class='ocr_line' id='line_1_11' title="bbox 165 951 946 1024; baseline 0.003 -21"><span class='ocrx_word' id='word_1_58' title='bbox 165 968 294 1004; x_wconf 88' lang='grc' dir='ltr'>τινα</span> <span class='ocrx_word' id='word_1_59' title='bbox 319 952 448 1018; x_wconf 77' lang='grc' dir='ltr'>περὶ</span> <span class='ocrx_word' id='word_1_60' title='bbox 480 951 650 1020; x_wconf 76' lang='grc' dir='ltr'>αὐτὴν</span> <span class='ocrx_word' id='word_1_61' title='bbox 677 953 946 1024; x_wconf 78' lang='grc' dir='ltr'>ἀφορίζει.</span> 
     </span>
    </p>
   </div>
   <div class='ocr_carea' id='block_1_12' title="bbox 243 1041 1754 1118">
    <p class='ocr_par' dir='ltr' id='par_1_12' title="bbox 243 1041 1754 1118">
     <span class='ocr_line' id='line_1_12' title="bbox 243 1041 1754 1118; baseline 0.004 -24"><span class='ocrx_word' id='word_1_62' title='bbox 243 1041 332 1099; x_wconf 78' lang='grc'><strong>10.</strong></span> <span class='ocrx_word' id='word_1_63' title='bbox 372 1041 509 1110; x_wconf 72' lang='grc' dir='ltr'>Ἀλλ’</span> <span class='ocrx_word' id='word_1_64' title='bbox 551 1043 580 1094; x_wconf 86' lang='grc' dir='ltr'><strong>ό</strong></span> <span class='ocrx_word' id='word_1_65' title='bbox 628 1042 958 1112; x_wconf 80' lang='grc' dir='ltr'>σοφώτατος,</span> <span class='ocrx_word' id='word_1_66' title='bbox 1013 1045 1107 1098; x_wconf 74' lang='grc' dir='ltr'><strong>καὶ</strong></span> <span class='ocrx_word' id='word_1_67' title='bbox 1151 1047 1272 1108; x_wconf 86' lang='grc' dir='ltr'>ταῖς</span> <span class='ocrx_word' id='word_1_68' title='bbox 1321 1047 1754 1118; x_wconf 80' lang='grc' dir='ltr'>ματαιοτεχνίαις</span> 
     </span>
    </p>
   </div>
   <div class='ocr_carea' id='block_1_13' title="bbox 169 1131 1758 1212">
    <p class='ocr_par' dir='ltr' id='par_1_13' title="bbox 169 1131 1758 1212">
     <span class='ocr_line' id='line_1_13' title="bbox 169 1131 1758 1212; baseline 0.002 -23"><span class='ocrx_word' id='word_1_69' title='bbox 169 1131 390 1189; x_wconf 66' lang='grc' dir='ltr'>ἅπαντα</span> <span class='ocrx_word' id='word_1_70' title='bbox 432 1135 524 1189; x_wconf 85' lang='grc' dir='ltr'><strong>τὸν</strong></span> <span class='ocrx_word' id='word_1_71' title='bbox 558 1135 671 1205; x_wconf 86' lang='grc' dir='ltr'>βίον</span> <span class='ocrx_word' id='word_1_72' title='bbox 703 1135 1038 1206; x_wconf 82' lang='grc' dir='ltr'>ὲσχολακὼς,</span> <span class='ocrx_word' id='word_1_73' title='bbox 1077 1137 1176 1190; x_wconf 81' lang='grc' dir='ltr'><strong>οὐκ</strong></span> <span class='ocrx_word' id='word_1_74' title='bbox 1213 1137 1438 1209; x_wconf 80' lang='grc' dir='ltr'>ἐρυθριᾷ</span> <span class='ocrx_word' id='word_1_75' title='bbox 1463 1139 1634 1212; x_wconf 82' lang='grc' dir='ltr'>αὐτὴν</span> <span class='ocrx_word' id='word_1_76' title='bbox 1658 1139 1758 1210; x_wconf 82' lang='grc' dir='ltr'><strong>τὴν</strong></span> 
     </span>
    </p>
   </div>
   <div class='ocr_carea' id='block_1_14' title="bbox 169 1225 1760 1300">
    <p class='ocr_par' dir='ltr' id='par_1_14' title="bbox 169 1225 1760 1300">
     <span class='ocr_line' id='line_1_14' title="bbox 169 1225 1760 1300; baseline 0.001 -20"><span class='ocrx_word' id='word_1_77' title='bbox 169 1227 364 1281; x_wconf 76' lang='grc' dir='ltr'>οὐσίαν</span> <span class='ocrx_word' id='word_1_78' title='bbox 389 1225 502 1299; x_wconf 88' lang='grc'>(55)</span> <span class='ocrx_word' id='word_1_79' title='bbox 529 1225 622 1280; x_wconf 85' lang='grc' dir='ltr'><strong>τοῦ</strong></span> <span class='ocrx_word' id='word_1_80' title='bbox 655 1228 991 1297; x_wconf 85' lang='grc' dir='ltr'>Μονογενοῦς</span> <span class='ocrx_word' id='word_1_81' title='bbox 1025 1229 1311 1300; x_wconf 80' lang='grc' dir='ltr'>σημαίνειν</span> <span class='ocrx_word' id='word_1_82' title='bbox 1349 1229 1521 1299; x_wconf 89' lang='grc' dir='ltr'>λέγων</span> <span class='ocrx_word' id='word_1_83' title='bbox 1549 1230 1610 1283; x_wconf 86' lang='grc' dir='ltr'><strong>τὸ</strong></span> <span class='ocrx_word' id='word_1_84' title='bbox 1636 1230 1760 1300; x_wconf 86' lang='grc' dir='ltr'>γέν-</span> 
     </span>
    </p>
   </div>
   <div class='ocr_carea' id='block_1_15' title="bbox 171 1316 1756 1389">
    <p class='ocr_par' dir='ltr' id='par_1_15' title="bbox 171 1316 1756 1389">
     <span class='ocr_line' id='line_1_15' title="bbox 171 1316 1756 1389; baseline 0.001 -19"><span class='ocrx_word' id='word_1_85' title='bbox 171 1334 345 1388; x_wconf 91' lang='grc' dir='ltr'>νημα.</span> <span class='ocrx_word' id='word_1_86' title='bbox 377 1316 548 1369; x_wconf 88' lang='grc' dir='ltr'>Τοῦτο</span> <span class='ocrx_word' id='word_1_87' title='bbox 579 1317 634 1370; x_wconf 86' lang='grc' dir='ltr'><strong>δὲ</strong></span> <span class='ocrx_word' id='word_1_88' title='bbox 663 1318 792 1387; x_wconf 82' lang='grc' dir='ltr'>ὅσην</span> <span class='ocrx_word' id='word_1_89' title='bbox 820 1316 916 1387; x_wconf 82' lang='grc' dir='ltr'>τὴν</span> <span class='ocrx_word' id='word_1_90' title='bbox 956 1318 1184 1371; x_wconf 89' lang='grc' dir='ltr'>ἀτοπίαν</span> <span class='ocrx_word' id='word_1_91' title='bbox 1216 1317 1350 1389; x_wconf 77' lang='grc' dir='ltr'>ἔχει,</span> <span class='ocrx_word' id='word_1_92' title='bbox 1388 1320 1662 1372; x_wconf 85' lang='grc' dir='ltr'>σκοπεῖτε.</span> <span class='ocrx_word' id='word_1_93' title='bbox 1691 1320 1756 1371; x_wconf 75' lang='lat' dir='ltr'><strong>Ei</strong></span> 
     </span>
    </p>
   </div>
   <div class='ocr_carea' id='block_1_16' title="bbox 171 1409 1758 1482">
    <p class='ocr_par' dir='ltr' id='par_1_16' title="bbox 171 1409 1758 1482">
     <span class='ocr_line' id='line_1_16' title="bbox 171 1409 1758 1482; baseline 0.001 -20"><span class='ocrx_word' id='word_1_94' title='bbox 171 1409 288 1480; x_wconf 69' lang='grc' dir='ltr'>γὰρ</span> <span class='ocrx_word' id='word_1_95' title='bbox 315 1412 348 1481; x_wconf 84' lang='grc' dir='ltr'>ἡ</span> <span class='ocrx_word' id='word_1_96' title='bbox 387 1409 547 1463; x_wconf 76' lang='grc' dir='ltr'>οὐσία</span> <span class='ocrx_word' id='word_1_97' title='bbox 576 1409 842 1480; x_wconf 80' lang='grc' dir='ltr'><strong>γέννημα,</strong></span> <span class='ocrx_word' id='word_1_98' title='bbox 874 1409 969 1462; x_wconf 71' lang='grc' dir='ltr'><strong>καὶ</strong></span> <span class='ocrx_word' id='word_1_99' title='bbox 1003 1411 1290 1474; x_wconf 80' lang='grc' dir='ltr'>ἀνάπαλιν,</span> <span class='ocrx_word' id='word_1_100' title='bbox 1327 1412 1379 1464; x_wconf 79' lang='grc' dir='ltr'><strong>εἴ</strong></span> <span class='ocrx_word' id='word_1_101' title='bbox 1405 1428 1456 1463; x_wconf 89' lang='grc' dir='ltr'><strong>τι</strong></span> <span class='ocrx_word' id='word_1_102' title='bbox 1493 1410 1758 1482; x_wconf 76' lang='grc' dir='ltr'>γέννημα,</span> 
     </span>
    </p>
   </div>
   <div class='ocr_carea' id='block_1_17' title="bbox 175 1501 1758 1572">
    <p class='ocr_par' dir='ltr' id='par_1_17' title="bbox 175 1501 1758 1572">
     <span class='ocr_line' id='line_1_17' title="bbox 175 1501 1758 1572; baseline 0.001 -18"><span class='ocrx_word' id='word_1_103' title='bbox 175 1501 338 1554; x_wconf 87' lang='grc' dir='ltr'>τοῦτο</span> <span class='ocrx_word' id='word_1_104' title='bbox 392 1501 586 1554; x_wconf 75' lang='grc' dir='ltr'>οὐσία’</span> <span class='ocrx_word' id='word_1_105' title='bbox 640 1501 902 1571; x_wconf 84' lang='grc' dir='ltr'>ὁμοούσια</span> <span class='ocrx_word' id='word_1_106' title='bbox 953 1501 1022 1554; x_wconf 82' lang='grc' dir='ltr'><strong>τά</strong></span> <span class='ocrx_word' id='word_1_107' title='bbox 1067 1503 1386 1572; x_wconf 83' lang='grc' dir='ltr'>γεννήματα</span> <span class='ocrx_word' id='word_1_108' title='bbox 1435 1503 1613 1556; x_wconf 85' lang='grc' dir='ltr'>πάντα</span> <span class='ocrx_word' id='word_1_109' title='bbox 1648 1503 1758 1572; x_wconf 72' lang='grc'>(58)</span> 
     </span>
    </p>
   </div>
   <div class='ocr_carea' id='block_1_18' title="bbox 175 1585 1762 1658">
    <p class='ocr_par' dir='ltr' id='par_1_18' title="bbox 175 1585 1762 1658">
     <span class='ocr_line' id='line_1_18' title="bbox 175 1585 1762 1658; baseline -0.001 -18"><span class='ocrx_word' id='word_1_110' title='bbox 175 1587 428 1657; x_wconf 80' lang='grc' dir='ltr'>ἀλλήλοις</span> <span class='ocrx_word' id='word_1_111' title='bbox 457 1587 626 1641; x_wconf 76' lang='grc' dir='ltr'>ἔσται.</span> <span class='ocrx_word' id='word_1_112' title='bbox 659 1588 753 1639; x_wconf 86' lang='grc' dir='ltr'>Ἐκ</span> <span class='ocrx_word' id='word_1_113' title='bbox 774 1585 838 1656; x_wconf 79' lang='grc' dir='ltr'><strong>δὴ</strong></span> <span class='ocrx_word' id='word_1_114' title='bbox 863 1587 1050 1640; x_wconf 86' lang='grc' dir='ltr'>τούτου</span> <span class='ocrx_word' id='word_1_115' title='bbox 1067 1587 1119 1639; x_wconf 91' lang='grc' dir='ltr'><strong>τί</strong></span> <span class='ocrx_word' id='word_1_116' title='bbox 1151 1587 1484 1658; x_wconf 79' lang='grc' dir='ltr'>συμϐήσεται</span> <span class='ocrx_word' id='word_1_117' title='bbox 1510 1586 1648 1640; x_wconf 86' lang='grc' dir='ltr'><strong>κατά</strong></span> <span class='ocrx_word' id='word_1_118' title='bbox 1671 1587 1762 1639; x_wconf 74' lang='grc' dir='ltr'>τὸν</span> 
     </span>
    </p>
   </div>
   <div class='ocr_carea' id='block_1_19' title="bbox 175 1677 1760 1750">
    <p class='ocr_par' dir='ltr' id='par_1_19' title="bbox 175 1677 1760 1750">
     <span class='ocr_line' id='line_1_19' title="bbox 175 1677 1760 1750; baseline -0.001 -18"><span class='ocrx_word' id='word_1_119' title='bbox 175 1677 372 1732; x_wconf 83' lang='grc' dir='ltr'>τούτου</span> <span class='ocrx_word' id='word_1_120' title='bbox 414 1677 608 1746; x_wconf 85' lang='grc' dir='ltr'>λόγον;</span> <span class='ocrx_word' id='word_1_121' title='bbox 671 1680 730 1731; x_wconf 89' lang='lat'><strong>&#39;0</strong></span> <span class='ocrx_word' id='word_1_122' title='bbox 774 1677 1105 1750; x_wconf 81' lang='grc' dir='ltr'>δημιουργὸς</span> <span class='ocrx_word' id='word_1_123' title='bbox 1156 1678 1264 1731; x_wconf 82' lang='grc' dir='ltr'>τῶν</span> <span class='ocrx_word' id='word_1_124' title='bbox 1305 1679 1441 1732; x_wconf 85' lang='grc' dir='ltr'>ὅλων</span> <span class='ocrx_word' id='word_1_125' title='bbox 1476 1681 1609 1733; x_wconf 84' lang='grc' dir='ltr'>πᾶσι</span> <span class='ocrx_word' id='word_1_126' title='bbox 1649 1681 1760 1742; x_wconf 70' lang='grc' dir='ltr'>τοῖς</span> 
     </span>
    </p>
   </div>
   <div class='ocr_carea' id='block_1_20' title="bbox 1853 496 3424 570">
    <p class='ocr_par' dir='ltr' id='par_1_20' title="bbox 1853 496 3424 570">
     <span class='ocr_line' id='line_1_20' title="bbox 1853 496 3424 570; baseline 0.004 -20"><span class='ocrx_word' id='word_1_127' title='bbox 1853 509 1918 550; x_wconf 88' lang='lat' dir='ltr'><strong>an</strong></span> <span class='ocrx_word' id='word_1_128' title='bbox 1949 510 2054 550; x_wconf 89' lang='lat' dir='ltr'><strong>non</strong></span> <span class='ocrx_word' id='word_1_129' title='bbox 2089 511 2316 552; x_wconf 67' lang='lat' dir='ltr'><strong>summa:</strong></span> <span class='ocrx_word' id='word_1_130' title='bbox 2343 498 2596 554; x_wconf 71' lang='lat' dir='ltr'><strong>amentiae</strong></span> <span class='ocrx_word' id='word_1_131' title='bbox 2623 497 2748 552; x_wconf 81' lang='lat' dir='ltr'><strong>est?</strong></span> <span class='ocrx_word' id='word_1_132' title='bbox 2783 496 2947 567; x_wconf 89' lang='lat' dir='ltr'><strong>Atqui</strong></span> <span class='ocrx_word' id='word_1_133' title='bbox 2979 497 3139 568; x_wconf 89' lang='lat' dir='ltr'><strong>paulo</strong></span> <span class='ocrx_word' id='word_1_134' title='bbox 3173 501 3424 570; x_wconf 80' lang='lat' dir='ltr'><strong>superius</strong></span> 
     </span>
    </p>
   </div>
   <div class='ocr_carea' id='block_1_21' title="bbox 1851 592 3421 661">
    <p class='ocr_par' dir='ltr' id='par_1_21' title="bbox 1851 592 3421 661">
     <span class='ocr_line' id='line_1_21' title="bbox 1851 592 3421 661; baseline 0.001 -13"><span class='ocrx_word' id='word_1_135' title='bbox 1851 608 1883 648; x_wconf 91' lang='lat' dir='ltr'><strong>a</strong></span> <span class='ocrx_word' id='word_1_136' title='bbox 1915 593 2069 649; x_wconf 90' lang='lat' dir='ltr'><strong>nobis</strong></span> <span class='ocrx_word' id='word_1_137' title='bbox 2091 592 2521 650; x_wconf 81' lang='lat' dir='ltr'><strong>demonstratum</strong></span> <span class='ocrx_word' id='word_1_138' title='bbox 2553 604 2657 656; x_wconf 83' lang='lat' dir='ltr'><strong>est,</strong></span> <span class='ocrx_word' id='word_1_139' title='bbox 2700 593 2945 649; x_wconf 83' lang='lat' dir='ltr'><strong>absoluta</strong></span> <span class='ocrx_word' id='word_1_140' title='bbox 2975 594 3139 648; x_wconf 82' lang='lat' dir='ltr'><strong>etiam</strong></span> <span class='ocrx_word' id='word_1_141' title='bbox 3178 597 3421 661; x_wconf 85' lang='lat' dir='ltr'><strong>nomina,</strong></span> 
     </span>
    </p>
   </div>
   <div class='ocr_carea' id='block_1_22' title="bbox 1850 685 3424 758">
    <p class='ocr_par' dir='ltr' id='par_1_22' title="bbox 1850 685 3424 758">
     <span class='ocr_line' id='line_1_22' title="bbox 1850 685 3424 758; baseline 0.002 -18"><span class='ocrx_word' id='word_1_142' title='bbox 1850 686 2064 742; x_wconf 87' lang='lat' dir='ltr'><strong>etiamsi</strong></span> <span class='ocrx_word' id='word_1_143' title='bbox 2120 688 2355 742; x_wconf 81' lang='lat' dir='ltr'><strong>maxime</strong></span> <span class='ocrx_word' id='word_1_144' title='bbox 2423 685 2727 755; x_wconf 86' lang='lat' dir='ltr'><strong>subjectum</strong></span> <span class='ocrx_word' id='word_1_145' title='bbox 2799 689 3057 758; x_wconf 85' lang='lat' dir='ltr'><strong>quiddam</strong></span> <span class='ocrx_word' id='word_1_146' title='bbox 3111 687 3424 758; x_wconf 84' lang='lat' dir='ltr'><strong>signiﬁcare</strong></span> 
     </span>
    </p>
   </div>
   <div class='ocr_carea' id='block_1_23' title="bbox 1851 778 3422 850">
    <p class='ocr_par' dir='ltr' id='par_1_23' title="bbox 1851 778 3422 850">
     <span class='ocr_line' id='line_1_23' title="bbox 1851 778 3422 850; baseline 0.003 -18"><span class='ocrx_word' id='word_1_147' title='bbox 1851 778 2158 846; x_wconf 88' lang='lat' dir='ltr'><strong>videantur,</strong></span> <span class='ocrx_word' id='word_1_148' title='bbox 2193 794 2298 834; x_wconf 92' lang='lat' dir='ltr'><strong>non</strong></span> <span class='ocrx_word' id='word_1_149' title='bbox 2330 789 2512 835; x_wconf 90' lang='lat' dir='ltr'><strong>tamen</strong></span> <span class='ocrx_word' id='word_1_150' title='bbox 2544 781 2900 836; x_wconf 74' lang='lat' dir='ltr'><strong>substantiam</strong></span> <span class='ocrx_word' id='word_1_151' title='bbox 2934 781 3102 850; x_wconf 85' lang='lat' dir='ltr'><strong>ipsam</strong></span> <span class='ocrx_word' id='word_1_152' title='bbox 3143 781 3422 848; x_wconf 86' lang='lat' dir='ltr'><strong>exhibere,</strong></span> 
     </span>
    </p>
   </div>
   <div class='ocr_carea' id='block_1_24' title="bbox 1853 870 3346 943">
    <p class='ocr_par' dir='ltr' id='par_1_24' title="bbox 1853 870 3346 943">
     <span class='ocr_line' id='line_1_24' title="bbox 1853 870 3346 943; baseline 0.001 -19"><span class='ocrx_word' id='word_1_153' title='bbox 1853 871 1946 924; x_wconf 89' lang='lat' dir='ltr'><strong>sed</strong></span> <span class='ocrx_word' id='word_1_154' title='bbox 1969 870 2330 941; x_wconf 79' lang='lat' dir='ltr'><strong>proprietates</strong></span> <span class='ocrx_word' id='word_1_155' title='bbox 2359 871 2622 941; x_wconf 88' lang='lat' dir='ltr'><strong>quasdam</strong></span> <span class='ocrx_word' id='word_1_156' title='bbox 2658 873 2804 927; x_wconf 92' lang='lat' dir='ltr'><strong>circa</strong></span> <span class='ocrx_word' id='word_1_157' title='bbox 2841 873 3012 943; x_wconf 87' lang='lat' dir='ltr'><strong>ipsam</strong></span> <span class='ocrx_word' id='word_1_158' title='bbox 3044 875 3346 943; x_wconf 88' lang='lat' dir='ltr'><strong>designare.</strong></span> 
     </span>
    </p>
   </div>
   <div class='ocr_carea' id='block_1_25' title="bbox 1931 1047 3422 1123">
    <p class='ocr_par' dir='ltr' id='par_1_25' title="bbox 1931 1047 3422 1123">
     <span class='ocr_line' id='line_1_25' title="bbox 1931 1047 3422 1123; baseline 0.005 -21"><span class='ocrx_word' id='word_1_159' title='bbox 1931 1047 2018 1102; x_wconf 78' lang='grc'><strong>10.</strong></span> <span class='ocrx_word' id='word_1_160' title='bbox 2063 1047 2166 1104; x_wconf 90' lang='lat' dir='ltr'><strong>Sed</strong></span> <span class='ocrx_word' id='word_1_161' title='bbox 2202 1049 2635 1117; x_wconf 86' lang='lat' dir='ltr'><strong>sapientissimus</strong></span> <span class='ocrx_word' id='word_1_162' title='bbox 2679 1053 2790 1116; x_wconf 85' lang='lat' dir='ltr'><strong>ille,</strong></span> <span class='ocrx_word' id='word_1_163' title='bbox 2817 1053 2908 1123; x_wconf 87' lang='lat' dir='ltr'><strong>qui</strong></span> <span class='ocrx_word' id='word_1_164' title='bbox 2945 1055 2998 1108; x_wconf 90' lang='lat' dir='ltr'><strong>in</strong></span> <span class='ocrx_word' id='word_1_165' title='bbox 3026 1054 3181 1108; x_wconf 88' lang='lat' dir='ltr'><strong>vanis</strong></span> <span class='ocrx_word' id='word_1_166' title='bbox 3211 1055 3422 1109; x_wconf 87' lang='lat' dir='ltr'><strong>artibus</strong></span> 
     </span>
    </p>
   </div>
   <div class='ocr_carea' id='block_1_26' title="bbox 1859 1138 3423 1210">
    <p class='ocr_par' dir='ltr' id='par_1_26' title="bbox 1859 1138 3423 1210">
     <span class='ocr_line' id='line_1_26' title="bbox 1859 1138 3423 1210; baseline 0.003 -19"><span class='ocrx_word' id='word_1_167' title='bbox 1859 1138 2023 1192; x_wconf 88' lang='lat' dir='ltr'><strong>vitam</strong></span> <span class='ocrx_word' id='word_1_168' title='bbox 2070 1147 2232 1192; x_wconf 87' lang='lat' dir='ltr'><strong>totam</strong></span> <span class='ocrx_word' id='word_1_169' title='bbox 2266 1141 2622 1210; x_wconf 88' lang='lat' dir='ltr'><strong>consumpsit,</strong></span> <span class='ocrx_word' id='word_1_170' title='bbox 2657 1142 2840 1196; x_wconf 84' lang='lat' dir='ltr'><strong>dicere</strong></span> <span class='ocrx_word' id='word_1_171' title='bbox 2868 1155 2974 1196; x_wconf 92' lang='lat' dir='ltr'><strong>non</strong></span> <span class='ocrx_word' id='word_1_172' title='bbox 3005 1142 3298 1206; x_wconf 84' lang='lat' dir='ltr'><strong>erubescit,</strong></span> <span class='ocrx_word' id='word_1_173' title='bbox 3330 1157 3423 1210; x_wconf 83' lang='lat' dir='ltr'><strong>ge-</strong></span> 
     </span>
    </p>
   </div>
   <div class='ocr_carea' id='block_1_27' title="bbox 1858 1229 3428 1303">
    <p class='ocr_par' dir='ltr' id='par_1_27' title="bbox 1858 1229 3428 1303">
     <span class='ocr_line' id='line_1_27' title="bbox 1858 1229 3428 1303; baseline 0 -21"><span class='ocrx_word' id='word_1_174' title='bbox 1858 1231 2036 1284; x_wconf 90' lang='lat' dir='ltr'><strong>nitura</strong></span> <span class='ocrx_word' id='word_1_175' title='bbox 2061 1231 2419 1290; x_wconf 77' lang='lat' dir='ltr'><strong>substantiam</strong></span> <span class='ocrx_word' id='word_1_176' title='bbox 2445 1231 2614 1300; x_wconf 89' lang='lat' dir='ltr'><strong>ipsam</strong></span> <span class='ocrx_word' id='word_1_177' title='bbox 2642 1229 2918 1300; x_wconf 83' lang='lat' dir='ltr'><strong>Unigeniti</strong></span> <span class='ocrx_word' id='word_1_178' title='bbox 2941 1232 3253 1303; x_wconf 79' lang='lat' dir='ltr'><strong>signiﬁcari.</strong></span> <span class='ocrx_word' id='word_1_179' title='bbox 3277 1232 3428 1297; x_wconf 85' lang='lat' dir='ltr'><strong>Quod</strong></span> 
     </span>
    </p>
   </div>
   <div class='ocr_carea' id='block_1_28' title="bbox 1859 1320 3440 1391">
    <p class='ocr_par' dir='ltr' id='par_1_28' title="bbox 1859 1320 3440 1391">
     <span class='ocr_line' id='line_1_28' title="bbox 1859 1320 3440 1391; baseline -0.002 -17"><span class='ocrx_word' id='word_1_180' title='bbox 1859 1335 2020 1388; x_wconf 90' lang='lat' dir='ltr'><strong>quam</strong></span> <span class='ocrx_word' id='word_1_181' title='bbox 2073 1320 2368 1378; x_wconf 84' lang='lat' dir='ltr'><strong>absurdum</strong></span> <span class='ocrx_word' id='word_1_182' title='bbox 2401 1321 2490 1386; x_wconf 85' lang='lat' dir='ltr'><strong>sit,</strong></span> <span class='ocrx_word' id='word_1_183' title='bbox 2517 1337 2722 1391; x_wconf 62' lang='lat' dir='ltr'><strong>quaso,</strong></span> <span class='ocrx_word' id='word_1_184' title='bbox 2752 1322 3182 1377; x_wconf 77' lang='lat' dir='ltr'><strong>animadvertite.</strong></span> <span class='ocrx_word' id='word_1_185' title='bbox 3216 1321 3440 1375; x_wconf 72' lang='lat' dir='ltr'><strong>Etenim</strong></span> 
     </span>
    </p>
   </div>
   <div class='ocr_carea' id='block_1_29' title="bbox 1861 1412 3434 1483">
    <p class='ocr_par' dir='ltr' id='par_1_29' title="bbox 1861 1412 3434 1483">
     <span class='ocr_line' id='line_1_29' title="bbox 1861 1412 3434 1483; baseline 0 -17"><span class='ocrx_word' id='word_1_186' title='bbox 1861 1413 1906 1466; x_wconf 91' lang='lat' dir='ltr'><strong>si</strong></span> <span class='ocrx_word' id='word_1_187' title='bbox 1960 1412 2262 1468; x_wconf 85' lang='lat' dir='ltr'><strong>substantia</strong></span> <span class='ocrx_word' id='word_1_188' title='bbox 2313 1413 2556 1483; x_wconf 79' lang='lat' dir='ltr'><strong>genitura</strong></span> <span class='ocrx_word' id='word_1_189' title='bbox 2603 1414 2696 1480; x_wconf 87' lang='lat' dir='ltr'><strong>sit,</strong></span> <span class='ocrx_word' id='word_1_190' title='bbox 2745 1423 2801 1469; x_wconf 87' lang='lat' dir='ltr'><strong>et</strong></span> <span class='ocrx_word' id='word_1_191' title='bbox 2839 1415 2955 1469; x_wconf 85' lang='lat' dir='ltr'><strong>vice</strong></span> <span class='ocrx_word' id='word_1_192' title='bbox 3001 1428 3179 1478; x_wconf 84' lang='lat' dir='ltr'><strong>versa,</strong></span> <span class='ocrx_word' id='word_1_193' title='bbox 3208 1413 3254 1468; x_wconf 93' lang='lat' dir='ltr'><strong>si</strong></span> <span class='ocrx_word' id='word_1_194' title='bbox 3285 1415 3434 1482; x_wconf 86' lang='lat' dir='ltr'><strong>quod</strong></span> 
     </span>
    </p>
   </div>
   <div class='ocr_carea' id='block_1_30' title="bbox 1861 1501 3445 1576">
    <p class='ocr_par' dir='ltr' id='par_1_30' title="bbox 1861 1501 3445 1576">
     <span class='ocr_line' id='line_1_30' title="bbox 1861 1501 3445 1576; baseline 0 -20"><span class='ocrx_word' id='word_1_195' title='bbox 1861 1501 2112 1570; x_wconf 85' lang='lat' dir='ltr'><strong>genitura</strong></span> <span class='ocrx_word' id='word_1_196' title='bbox 2167 1509 2274 1565; x_wconf 85' lang='lat' dir='ltr'><strong>est,</strong></span> <span class='ocrx_word' id='word_1_197' title='bbox 2315 1503 2419 1556; x_wconf 87' lang='lat' dir='ltr'><strong>hoc</strong></span> <span class='ocrx_word' id='word_1_198' title='bbox 2467 1501 2770 1556; x_wconf 88' lang='lat' dir='ltr'><strong>substantia</strong></span> <span class='ocrx_word' id='word_1_199' title='bbox 2816 1503 2906 1567; x_wconf 88' lang='lat' dir='ltr'><strong>sit,</strong></span> <span class='ocrx_word' id='word_1_200' title='bbox 2950 1504 3213 1572; x_wconf 84' lang='lat' dir='ltr'><strong>geniturae</strong></span> <span class='ocrx_word' id='word_1_201' title='bbox 3239 1515 3445 1576; x_wconf 72' lang='lat' dir='ltr'><strong>omnes</strong></span> 
     </span>
    </p>
   </div>
   <div class='ocr_carea' id='block_1_31' title="bbox 1861 1583 3444 1662">
    <p class='ocr_par' dir='ltr' id='par_1_31' title="bbox 1861 1583 3444 1662">
     <span class='ocr_line' id='line_1_31' title="bbox 1861 1583 3444 1662; baseline 0 -16"><span class='ocrx_word' id='word_1_202' title='bbox 1861 1600 2022 1646; x_wconf 91' lang='lat' dir='ltr'><strong>erunt</strong></span> <span class='ocrx_word' id='word_1_203' title='bbox 2061 1593 2206 1646; x_wconf 85' lang='lat' dir='ltr'><strong>inter</strong></span> <span class='ocrx_word' id='word_1_204' title='bbox 2243 1607 2302 1646; x_wconf 91' lang='lat' dir='ltr'><strong>se</strong></span> <span class='ocrx_word' id='word_1_205' title='bbox 2343 1583 2855 1648; x_wconf 77' lang='lat' dir='ltr'><strong>conSubstantiales.</strong></span> <span class='ocrx_word' id='word_1_206' title='bbox 2893 1593 3029 1649; x_wconf 81' lang='lat' dir='ltr'><strong>Hinc</strong></span> <span class='ocrx_word' id='word_1_207' title='bbox 3070 1594 3182 1662; x_wconf 88' lang='lat' dir='ltr'><strong>jam</strong></span> <span class='ocrx_word' id='word_1_208' title='bbox 3240 1608 3444 1650; x_wconf 73' lang='lat' dir='ltr'><strong>secun-</strong></span> 
     </span>
    </p>
   </div>
   <div class='ocr_carea' id='block_1_32' title="bbox 1863 1682 3435 1754">
    <p class='ocr_par' dir='ltr' id='par_1_32' title="bbox 1863 1682 3435 1754">
     <span class='ocr_line' id='line_1_32' title="bbox 1863 1682 3435 1754; baseline 0 -16"><span class='ocrx_word' id='word_1_209' title='bbox 1863 1683 1988 1738; x_wconf 90' lang='lat' dir='ltr'><strong>dum</strong></span> <span class='ocrx_word' id='word_1_210' title='bbox 2043 1682 2202 1751; x_wconf 87' lang='lat' dir='ltr'><strong>hujus</strong></span> <span class='ocrx_word' id='word_1_211' title='bbox 2256 1683 2515 1737; x_wconf 89' lang='lat' dir='ltr'><strong>rationem</strong></span> <span class='ocrx_word' id='word_1_212' title='bbox 2561 1684 2689 1752; x_wconf 92' lang='lat' dir='ltr'><strong>quid</strong></span> <span class='ocrx_word' id='word_1_213' title='bbox 2754 1685 3004 1741; x_wconf 83' lang='lat' dir='ltr'><strong>eveniet?</strong></span> <span class='ocrx_word' id='word_1_214' title='bbox 3060 1684 3435 1754; x_wconf 86' lang='lat' dir='ltr'><strong>Comperietur</strong></span> 
     </span>
    </p>
   </div>
   <div class='ocr_carea' id='block_1_33' title="bbox 175 1767 1772 1848">
    <p class='ocr_par' dir='ltr' id='par_1_33' title="bbox 175 1767 1760 1840">
     <span class='ocr_line' id='line_1_33' title="bbox 175 1767 1760 1840; baseline 0.003 -20"><span class='ocrx_word' id='word_1_215' title='bbox 175 1769 486 1840; x_wconf 84' lang='grc' dir='ltr'>γεννήσεως</span> <span class='ocrx_word' id='word_1_216' title='bbox 526 1767 874 1840; x_wconf 77' lang='grc' dir='ltr'>μετειληφόσι</span> <span class='ocrx_word' id='word_1_217' title='bbox 911 1770 1008 1840; x_wconf 84' lang='grc' dir='ltr'>τὴν</span> <span class='ocrx_word' id='word_1_218' title='bbox 1040 1769 1212 1840; x_wconf 80' lang='grc' dir='ltr'>αὐτὴν</span> <span class='ocrx_word' id='word_1_219' title='bbox 1245 1771 1383 1840; x_wconf 80' lang='grc' dir='ltr'>ἔχων</span> <span class='ocrx_word' id='word_1_220' title='bbox 1415 1770 1603 1823; x_wconf 81' lang='grc' dir='ltr'>οὐσίαν</span> <span class='ocrx_word' id='word_1_221' title='bbox 1631 1771 1760 1824; x_wconf 87' lang='grc' dir='ltr'>ἀνα-</span> 
     </span>
    </p>
   </div>
   <div class='ocr_carea' id='block_1_34' title="bbox 1879 1767 3434 1848">
    <p class='ocr_par' dir='ltr' id='par_1_34' title="bbox 1879 1773 3434 1848">
     <span class='ocr_line' id='line_1_34' title="bbox 1879 1773 3434 1848; baseline 0.003 -22"><span class='ocrx_word' id='word_1_222' title='bbox 1879 1773 2236 1828; x_wconf 77' lang='lat' dir='ltr'><strong>miversorum</strong></span> <span class='ocrx_word' id='word_1_223' title='bbox 2265 1774 2453 1844; x_wconf 83' lang='lat' dir='ltr'><strong>opifex</strong></span> <span class='ocrx_word' id='word_1_224' title='bbox 2482 1775 2728 1831; x_wconf 89' lang='lat' dir='ltr'><strong>eamdem</strong></span> <span class='ocrx_word' id='word_1_225' title='bbox 2762 1790 2884 1830; x_wconf 90' lang='lat' dir='ltr'><strong>cum</strong></span> <span class='ocrx_word' id='word_1_226' title='bbox 2915 1777 3167 1832; x_wconf 89' lang='lat' dir='ltr'><strong>omnibus</strong></span> <span class='ocrx_word' id='word_1_227' title='bbox 3197 1791 3434 1848; x_wconf 82' lang='lat' dir='ltr'><strong>genera-</strong></span> 
     </span>
    </p>
   </div>
   <div class='ocr_carea' id='block_1_35' title="bbox 179 1859 1763 1934">
    <p class='ocr_par' dir='ltr' id='par_1_35' title="bbox 179 1859 1763 1934">
     <span class='ocr_line' id='line_1_35' title="bbox 179 1859 1763 1934; baseline 0 -20"><span class='ocrx_word' id='word_1_228' title='bbox 179 1861 501 1932; x_wconf 83' lang='grc' dir='ltr'>φανήσεται.</span> <span class='ocrx_word' id='word_1_229' title='bbox 538 1861 611 1914; x_wconf 80' lang='grc' dir='ltr'><strong>Οὐ</strong></span> <span class='ocrx_word' id='word_1_230' title='bbox 642 1861 750 1932; x_wconf 81' lang='grc' dir='ltr'><strong>γὰρ</strong></span> <span class='ocrx_word' id='word_1_231' title='bbox 773 1862 836 1933; x_wconf 83' lang='grc' dir='ltr'><strong>δὴ</strong></span> <span class='ocrx_word' id='word_1_232' title='bbox 865 1863 957 1914; x_wconf 73' lang='grc' dir='ltr'>ἐπὶ</span> <span class='ocrx_word' id='word_1_233' title='bbox 985 1861 1083 1932; x_wconf 84' lang='grc' dir='ltr'><strong>μὲν</strong></span> <span class='ocrx_word' id='word_1_234' title='bbox 1109 1860 1204 1914; x_wconf 88' lang='grc' dir='ltr'><strong>τοῦ</strong></span> <span class='ocrx_word' id='word_1_235' title='bbox 1231 1859 1360 1915; x_wconf 85' lang='grc' dir='ltr'>Υἰοῦ</span> <span class='ocrx_word' id='word_1_236' title='bbox 1381 1863 1580 1917; x_wconf 77' lang='grc' dir='ltr'>οὐσίαν</span> <span class='ocrx_word' id='word_1_237' title='bbox 1604 1865 1763 1934; x_wconf 83' lang='grc' dir='ltr'>φήσει</span> 
     </span>
    </p>
   </div>
   <div class='ocr_carea' id='block_1_36' title="bbox 181 1950 1770 2024">
    <p class='ocr_par' dir='ltr' id='par_1_36' title="bbox 181 1950 1770 2024">
     <span class='ocr_line' id='line_1_36' title="bbox 181 1950 1770 2024; baseline 0 -20"><span class='ocrx_word' id='word_1_238' title='bbox 181 1950 470 2023; x_wconf 85' lang='grc' dir='ltr'>σημαίνειν</span> <span class='ocrx_word' id='word_1_239' title='bbox 494 1951 556 2003; x_wconf 78' lang='grc' dir='ltr'>τὸ</span> <span class='ocrx_word' id='word_1_240' title='bbox 590 1951 862 2022; x_wconf 78' lang='grc' dir='ltr'>γέννημα,</span> <span class='ocrx_word' id='word_1_241' title='bbox 892 1952 982 2003; x_wconf 73' lang='grc' dir='ltr'><strong>ἐπὶ</strong></span> <span class='ocrx_word' id='word_1_242' title='bbox 1011 1951 1067 2004; x_wconf 80' lang='grc' dir='ltr'>δὲ</span> <span class='ocrx_word' id='word_1_243' title='bbox 1109 1951 1218 2004; x_wconf 84' lang='grc' dir='ltr'><strong>τῶν</strong></span> <span class='ocrx_word' id='word_1_244' title='bbox 1251 1952 1452 2006; x_wconf 81' lang='grc' dir='ltr'>λοιπῶν</span> <span class='ocrx_word' id='word_1_245' title='bbox 1482 1953 1592 2006; x_wconf 82' lang='grc' dir='ltr'><strong>τῶν</strong></span> <span class='ocrx_word' id='word_1_246' title='bbox 1633 1971 1770 2024; x_wconf 45' lang='grc' dir='ltr'>μετ*</span> 
     </span>
    </p>
   </div>
   <div class='ocr_carea' id='block_1_37' title="bbox 180 2045 1766 2117">
    <p class='ocr_par' dir='ltr' id='par_1_37' title="bbox 180 2045 1766 2117">
     <span class='ocr_line' id='line_1_37' title="bbox 180 2045 1766 2117; baseline 0.001 -20"><span class='ocrx_word' id='word_1_247' title='bbox 180 2045 414 2116; x_wconf 83' lang='grc' dir='ltr'>εχόντων</span> <span class='ocrx_word' id='word_1_248' title='bbox 457 2045 724 2113; x_wconf 87' lang='grc' dir='ltr'>γενέσεως</span> <span class='ocrx_word' id='word_1_249' title='bbox 770 2045 952 2098; x_wconf 82' lang='grc' dir='ltr'>οὐκέτι</span> <span class='ocrx_word' id='word_1_250' title='bbox 993 2045 1090 2114; x_wconf 79' lang='grc' dir='ltr'>τὴν</span> <span class='ocrx_word' id='word_1_251' title='bbox 1117 2045 1287 2117; x_wconf 76' lang='grc' dir='ltr'>αὐτὴν</span> <span class='ocrx_word' id='word_1_252' title='bbox 1313 2047 1522 2100; x_wconf 78' lang='grc' dir='ltr'>ἔννοιαν</span> <span class='ocrx_word' id='word_1_253' title='bbox 1553 2045 1766 2100; x_wconf 82' lang='grc' dir='ltr'>ἀποσώ-</span> 
     </span>
    </p>
   </div>
   <div class='ocr_carea' id='block_1_38' title="bbox 181 2137 1766 2212">
    <p class='ocr_par' dir='ltr' id='par_1_38' title="bbox 181 2137 1766 2212">
     <span class='ocr_line' id='line_1_38' title="bbox 181 2137 1766 2212; baseline 0.003 -22"><span class='ocrx_word' id='word_1_254' title='bbox 181 2137 298 2201; x_wconf 80' lang='grc' dir='ltr'>ζειν</span> <span class='ocrx_word' id='word_1_255' title='bbox 326 2137 460 2208; x_wconf 84' lang='grc'>(57).</span> <span class='ocrx_word' id='word_1_256' title='bbox 501 2139 653 2190; x_wconf 78' lang='grc' dir='ltr'>Ἐπεὶ</span> <span class='ocrx_word' id='word_1_257' title='bbox 685 2138 893 2207; x_wconf 84' lang='grc' dir='ltr'>λεγέτω</span> <span class='ocrx_word' id='word_1_258' title='bbox 921 2139 1044 2192; x_wconf 78' lang='grc' dir='ltr'>τινὰ</span> <span class='ocrx_word' id='word_1_259' title='bbox 1071 2141 1250 2194; x_wconf 81' lang='grc' dir='ltr'>αἰτίαν</span> <span class='ocrx_word' id='word_1_260' title='bbox 1295 2142 1438 2212; x_wconf 76' lang='grc' dir='ltr'>σαφῆ</span> <span class='ocrx_word' id='word_1_261' title='bbox 1478 2141 1572 2194; x_wconf 75' lang='grc' dir='ltr'><strong>καὶ</strong></span> <span class='ocrx_word' id='word_1_262' title='bbox 1606 2143 1766 2195; x_wconf 88' lang='grc' dir='ltr'>ἀναν-</span> 
     </span>
    </p>
   </div>
   <div class='ocr_carea' id='block_1_39' title="bbox 179 2231 1767 2304">
    <p class='ocr_par' dir='ltr' id='par_1_39' title="bbox 179 2231 1767 2304">
     <span class='ocr_line' id='line_1_39' title="bbox 179 2231 1767 2304; baseline 0.004 -22"><span class='ocrx_word' id='word_1_263' title='bbox 179 2231 441 2302; x_wconf 72' lang='grc' dir='ltr'>τίρρητον</span> <span class='ocrx_word' id='word_1_264' title='bbox 472 2231 567 2283; x_wconf 88' lang='grc' dir='ltr'><strong>τοῦ</strong></span> <span class='ocrx_word' id='word_1_265' title='bbox 599 2231 697 2302; x_wconf 83' lang='grc' dir='ltr'>τὴν</span> <span class='ocrx_word' id='word_1_266' title='bbox 726 2231 893 2302; x_wconf 75' lang='grc' dir='ltr'>αὐτὴν</span> <span class='ocrx_word' id='word_1_267' title='bbox 923 2234 1294 2304; x_wconf 75' lang='grc' dir='ltr'>προσηγορίαν</span> <span class='ocrx_word' id='word_1_268' title='bbox 1326 2233 1398 2304; x_wconf 83' lang='grc' dir='ltr'><strong>μὴ</strong></span> <span class='ocrx_word' id='word_1_269' title='bbox 1432 2235 1525 2286; x_wconf 71' lang='grc' dir='ltr'>ἐπὶ</span> <span class='ocrx_word' id='word_1_270' title='bbox 1551 2235 1767 2290; x_wconf 83' lang='grc' dir='ltr'>πάντων</span> 
     </span>
    </p>
   </div>
   <div class='ocr_carea' id='block_1_40' title="bbox 183 2321 1778 2400">
    <p class='ocr_par' dir='ltr' id='par_1_40' title="bbox 183 2321 1778 2400">
     <span class='ocr_line' id='line_1_40' title="bbox 183 2321 1778 2400; baseline 0.004 -26"><span class='ocrx_word' id='word_1_271' title='bbox 183 2322 387 2392; x_wconf 81' lang='grc' dir='ltr'>ὁμοίως</span> <span class='ocrx_word' id='word_1_272' title='bbox 413 2321 476 2374; x_wconf 80' lang='grc' dir='ltr'>τὸ</span> <span class='ocrx_word' id='word_1_273' title='bbox 505 2323 616 2376; x_wconf 79' lang='grc' dir='ltr'>ἴσον</span> <span class='ocrx_word' id='word_1_274' title='bbox 649 2322 924 2376; x_wconf 78' lang='grc' dir='ltr'>δύνασθαι.</span> <span class='ocrx_word' id='word_1_275' title='bbox 969 2324 1106 2376; x_wconf 78' lang='grc' dir='ltr'>Ἀλλ’</span> <span class='ocrx_word' id='word_1_276' title='bbox 1141 2327 1239 2378; x_wconf 78' lang='grc' dir='ltr'><strong>οὐκ</strong></span> <span class='ocrx_word' id='word_1_277' title='bbox 1263 2325 1328 2379; x_wconf 83' lang='grc' dir='ltr'><strong>ἂν</strong></span> <span class='ocrx_word' id='word_1_278' title='bbox 1359 2325 1492 2396; x_wconf 79' lang='grc' dir='ltr'>ἔχοι.</span> <span class='ocrx_word' id='word_1_279' title='bbox 1533 2329 1629 2381; x_wconf 88' lang='grc' dir='ltr'>Ὃν</span> <span class='ocrx_word' id='word_1_280' title='bbox 1656 2329 1778 2400; x_wconf 79' lang='grc' dir='ltr'>γὰρ.</span> 
     </span>
    </p>
   </div>
   <div class='ocr_carea' id='block_1_41' title="bbox 185 2413 1769 2488">
    <p class='ocr_par' dir='ltr' id='par_1_41' title="bbox 185 2413 1769 2488">
     <span class='ocr_line' id='line_1_41' title="bbox 185 2413 1769 2488; baseline 0.004 -23"><span class='ocrx_word' id='word_1_281' title='bbox 185 2413 253 2466; x_wconf 83' lang='grc' dir='ltr'><strong>ἂν</strong></span> <span class='ocrx_word' id='word_1_282' title='bbox 308 2415 573 2488; x_wconf 78' lang='grc' dir='ltr'>ἐπινοήσῃ</span> <span class='ocrx_word' id='word_1_283' title='bbox 602 2413 712 2484; x_wconf 90' lang='grc'>(58)</span> <span class='ocrx_word' id='word_1_284' title='bbox 776 2416 1111 2486; x_wconf 78' lang='grc' dir='ltr'>γεννήματος</span> <span class='ocrx_word' id='word_1_285' title='bbox 1165 2415 1340 2485; x_wconf 89' lang='grc' dir='ltr'>λόγον,</span> <span class='ocrx_word' id='word_1_286' title='bbox 1396 2413 1549 2482; x_wconf 70' lang='grc' dir='ltr'>οὗτος</span> <span class='ocrx_word' id='word_1_287' title='bbox 1605 2421 1769 2472; x_wconf 85' lang='grc' dir='ltr'>πᾶσιν</span> 
     </span>
    </p>
   </div>
   <div class='ocr_carea' id='block_1_42' title="bbox 185 2504 1771 2578">
    <p class='ocr_par' dir='ltr' id='par_1_42' title="bbox 185 2504 1771 2578">
     <span class='ocr_line' id='line_1_42' title="bbox 185 2504 1771 2578; baseline 0.004 -22"><span class='ocrx_word' id='word_1_288' title='bbox 185 2504 389 2574; x_wconf 85' lang='grc' dir='ltr'>ὁμοίως</span> <span class='ocrx_word' id='word_1_289' title='bbox 435 2507 548 2568; x_wconf 85' lang='grc' dir='ltr'>τοῖς</span> <span class='ocrx_word' id='word_1_290' title='bbox 600 2509 876 2574; x_wconf 78' lang='grc' dir='ltr'>γεννητοῖς</span> <span class='ocrx_word' id='word_1_291' title='bbox 920 2507 1240 2578; x_wconf 74' lang='grc' dir='ltr'>ἐφαρμόσει.</span> <span class='ocrx_word' id='word_1_292' title='bbox 1279 2509 1552 2576; x_wconf 79' lang='grc' dir='ltr'>Μέγιστον</span> <span class='ocrx_word' id='word_1_293' title='bbox 1577 2509 1642 2562; x_wconf 82' lang='grc' dir='ltr'><strong>’δὲ</strong></span> <span class='ocrx_word' id='word_1_294' title='bbox 1685 2528 1771 2562; x_wconf 86' lang='grc' dir='ltr'>τε-</span> 
     </span>
    </p>
   </div>
   <div class='ocr_carea' id='block_1_43' title="bbox 187 2596 1770 2669">
    <p class='ocr_par' dir='ltr' id='par_1_43' title="bbox 187 2596 1770 2669">
     <span class='ocr_line' id='line_1_43' title="bbox 187 2596 1770 2669; baseline 0.002 -19"><span class='ocrx_word' id='word_1_295' title='bbox 187 2597 424 2667; x_wconf 87' lang='grc' dir='ltr'>κμήριον</span> <span class='ocrx_word' id='word_1_296' title='bbox 461 2598 556 2667; x_wconf 85' lang='grc' dir='ltr'>τῆς</span> <span class='ocrx_word' id='word_1_297' title='bbox 602 2596 859 2667; x_wconf 80' lang='grc' dir='ltr'>ἀληθείας</span> <span class='ocrx_word' id='word_1_298' title='bbox 905 2597 1000 2650; x_wconf 89' lang='grc' dir='ltr'><strong>τοῦ</strong></span> <span class='ocrx_word' id='word_1_299' title='bbox 1047 2598 1204 2666; x_wconf 81' lang='grc' dir='ltr'>λόγου</span> <span class='ocrx_word' id='word_1_300' title='bbox 1245 2601 1276 2669; x_wconf 88' lang='grc' dir='ltr'><strong>ή</strong></span> <span class='ocrx_word' id='word_1_301' title='bbox 1324 2599 1488 2652; x_wconf 78' lang='grc' dir='ltr'>αὑτοῦ</span> <span class='ocrx_word' id='word_1_302' title='bbox 1540 2600 1770 2654; x_wconf 77' lang='grc' dir='ltr'>ἑκάστου</span> 
     </span>
    </p>
   </div>
   <div class='ocr_carea' id='block_1_44' title="bbox 188 2685 1770 2759">
    <p class='ocr_par' dir='ltr' id='par_1_44' title="bbox 188 2685 1770 2759">
     <span class='ocr_line' id='line_1_44' title="bbox 188 2685 1770 2759; baseline 0.001 -21"><span class='ocrx_word' id='word_1_303' title='bbox 188 2685 298 2738; x_wconf 85' lang='grc' dir='ltr'><strong>τῶν</strong></span> <span class='ocrx_word' id='word_1_304' title='bbox 322 2686 630 2740; x_wconf 84' lang='grc' dir='ltr'>ἀκουόντων</span> <span class='ocrx_word' id='word_1_305' title='bbox 653 2686 880 2742; x_wconf 79' lang='grc' dir='ltr'>διάνοια.</span> <span class='ocrx_word' id='word_1_306' title='bbox 929 2688 1216 2758; x_wconf 80' lang='grc' dir='ltr'>Ἐρωτάτω</span> <span class='ocrx_word' id='word_1_307' title='bbox 1249 2687 1358 2759; x_wconf 85' lang='grc' dir='ltr'>γὰρ</span> <span class='ocrx_word' id='word_1_308' title='bbox 1387 2689 1615 2753; x_wconf 77' lang='grc' dir='ltr'>ἕκαστος</span> <span class='ocrx_word' id='word_1_309' title='bbox 1643 2691 1770 2741; x_wconf 84' lang='grc' dir='ltr'>ἐαυ-</span> 
     </span>
    </p>
   </div>
   <div class='ocr_carea' id='block_1_45' title="bbox 187 2777 1775 2850">
    <p class='ocr_par' dir='ltr' id='par_1_45' title="bbox 187 2777 1775 2850">
     <span class='ocr_line' id='line_1_45' title="bbox 187 2777 1775 2850; baseline -0.001 -20"><span class='ocrx_word' id='word_1_310' title='bbox 187 2780 302 2846; x_wconf 73' lang='grc' dir='ltr'>τὸν,</span> <span class='ocrx_word' id='word_1_311' title='bbox 338 2778 559 2832; x_wconf 72' lang='grc' dir='ltr'>ἐπειδὰν</span> <span class='ocrx_word' id='word_1_312' title='bbox 589 2777 795 2850; x_wconf 80' lang='grc' dir='ltr'>ἀκούσῃ</span> <span class='ocrx_word' id='word_1_313' title='bbox 821 2778 951 2849; x_wconf 82' lang='grc'>(59),</span> <span class='ocrx_word' id='word_1_314' title='bbox 995 2779 1052 2831; x_wconf 83' lang='lat'><strong>&#39;0</strong></span> <span class='ocrx_word' id='word_1_315' title='bbox 1086 2778 1233 2832; x_wconf 84' lang='grc' dir='ltr'>δεῖνα</span> <span class='ocrx_word' id='word_1_316' title='bbox 1265 2779 1356 2832; x_wconf 89' lang='grc' dir='ltr'><strong>τοῦ</strong></span> <span class='ocrx_word' id='word_1_317' title='bbox 1389 2779 1560 2844; x_wconf 81' lang='grc' dir='ltr'>δεῖνος</span> <span class='ocrx_word' id='word_1_318' title='bbox 1583 2780 1775 2850; x_wconf 82' lang='grc' dir='ltr'>γέννη-</span> 
     </span>
    </p>
   </div>
   <div class='ocr_carea' id='block_1_46' title="bbox 193 2864 1775 2942">
    <p class='ocr_par' dir='ltr' id='par_1_46' title="bbox 193 2864 1775 2942">
     <span class='ocr_line' id='line_1_46' title="bbox 193 2864 1775 2942; baseline 0.001 -20"><span class='ocrx_word' id='word_1_319' title='bbox 193 2886 293 2938; x_wconf 90' lang='grc' dir='ltr'><strong>μα,</strong></span> <span class='ocrx_word' id='word_1_320' title='bbox 333 2869 452 2922; x_wconf 84' lang='grc' dir='ltr'>τίνα</span> <span class='ocrx_word' id='word_1_321' title='bbox 511 2867 716 2920; x_wconf 77' lang='grc' dir='ltr'>ἔννοιαν</span> <span class='ocrx_word' id='word_1_322' title='bbox 753 2867 1096 2921; x_wconf 81' lang='grc' dir='ltr'>ἐντυποῦται.</span> <span class='ocrx_word' id='word_1_323' title='bbox 1127 2864 1273 2940; x_wconf 72' lang='grc' dir='ltr'>Ἀρα</span> <span class='ocrx_word' id='word_1_324' title='bbox 1316 2871 1396 2922; x_wconf 84' lang='grc' dir='ltr'><strong>ὅτι</strong></span> <span class='ocrx_word' id='word_1_325' title='bbox 1429 2870 1457 2921; x_wconf 86' lang='grc' dir='ltr'>ὁ</span> <span class='ocrx_word' id='word_1_326' title='bbox 1497 2871 1775 2942; x_wconf 70' lang='grc' dir='ltr'>γεννηθεὶς</span> 
     </span>
    </p>
   </div>
   <div class='ocr_carea' id='block_1_47' title="bbox 189 2958 1772 3032">
    <p class='ocr_par' dir='ltr' id='par_1_47' title="bbox 189 2958 1772 3032">
     <span class='ocr_line' id='line_1_47' title="bbox 189 2958 1772 3032; baseline 0.001 -20"><span class='ocrx_word' id='word_1_327' title='bbox 189 2959 352 3012; x_wconf 77' lang='grc' dir='ltr'>οὐσία</span> <span class='ocrx_word' id='word_1_328' title='bbox 393 2958 486 3012; x_wconf 85' lang='grc' dir='ltr'><strong>τοῦ</strong></span> <span class='ocrx_word' id='word_1_329' title='bbox 527 2959 916 3032; x_wconf 86' lang='grc' dir='ltr'>γεγεννηκότος</span> <span class='ocrx_word' id='word_1_330' title='bbox 942 2959 1123 3023; x_wconf 62' lang='lat' dir='ltr'><strong>satia;</strong></span> <span class='ocrx_word' id='word_1_331' title='bbox 1171 2961 1241 3012; x_wconf 86' lang='grc' dir='ltr'><em>Ἢ</em></span> <span class='ocrx_word' id='word_1_332' title='bbox 1278 2960 1434 3014; x_wconf 89' lang='grc' dir='ltr'>τοῦτο</span> <span class='ocrx_word' id='word_1_333' title='bbox 1465 2961 1563 3031; x_wconf 77' lang='grc' dir='ltr'><strong>μὲν</strong></span> <span class='ocrx_word' id='word_1_334' title='bbox 1601 2980 1772 3016; x_wconf 85' lang='grc' dir='ltr'>κατα-</span> 
     </span>
    </p>
   </div>
   <div class='ocr_carea' id='block_1_48' title="bbox 189 3049 1787 3122">
    <p class='ocr_par' dir='ltr' id='par_1_48' title="bbox 189 3049 1787 3122">
     <span class='ocr_line' id='line_1_48' title="bbox 189 3049 1787 3122; baseline 0 -18"><span class='ocrx_word' id='word_1_335' title='bbox 189 3050 474 3120; x_wconf 82' lang='grc' dir='ltr'>γέλαστον,</span> <span class='ocrx_word' id='word_1_336' title='bbox 507 3052 682 3102; x_wconf 77' lang='grc' dir='ltr'>έκεῖνο</span> <span class='ocrx_word' id='word_1_337' title='bbox 707 3049 763 3102; x_wconf 84' lang='grc' dir='ltr'>δὲ</span> <span class='ocrx_word' id='word_1_338' title='bbox 791 3049 1008 3121; x_wconf 83' lang='grc' dir='ltr'>ἀληθὲς,</span> <span class='ocrx_word' id='word_1_339' title='bbox 1041 3050 1122 3102; x_wconf 78' lang='grc' dir='ltr'><strong>ὅτι</strong></span> <span class='ocrx_word' id='word_1_340' title='bbox 1153 3051 1279 3121; x_wconf 80' lang='grc' dir='ltr'>παρ’</span> <span class='ocrx_word' id='word_1_341' title='bbox 1309 3050 1472 3104; x_wconf 80' lang='grc' dir='ltr'>αὑτοῦ</span> <span class='ocrx_word' id='word_1_342' title='bbox 1502 3053 1787 3122; x_wconf 57' lang='grc' dir='ltr'>γεννητῶςί</span> 
     </span>
    </p>
   </div>
   <div class='ocr_carea' id='block_1_49' title="bbox 191 3138 1772 3213">
    <p class='ocr_par' dir='ltr' id='par_1_49' title="bbox 191 3138 1772 3213">
     <span class='ocr_line' id='line_1_49' title="bbox 191 3138 1772 3213; baseline 0 -17"><span class='ocrx_word' id='word_1_343' title='bbox 191 3145 274 3206; x_wconf 86' lang='grc' dir='ltr'><strong>είς</strong></span> <span class='ocrx_word' id='word_1_344' title='bbox 307 3143 371 3196; x_wconf 79' lang='grc' dir='ltr'>τὸ</span> <span class='ocrx_word' id='word_1_345' title='bbox 407 3138 559 3196; x_wconf 75' lang='grc' dir='ltr'>εἶναι</span> <span class='ocrx_word' id='word_1_346' title='bbox 591 3141 870 3213; x_wconf 82' lang='grc' dir='ltr'>παρήχθη.</span> <span class='ocrx_word' id='word_1_347' title='bbox 902 3141 1071 3194; x_wconf 80' lang='grc' dir='ltr'>Τοῦτο</span> <span class='ocrx_word' id='word_1_348' title='bbox 1116 3141 1297 3194; x_wconf 87' lang='grc' dir='ltr'>τοίνυν</span> <span class='ocrx_word' id='word_1_349' title='bbox 1338 3143 1539 3212; x_wconf 85' lang='grc' dir='ltr'>ὁμοίως</span> <span class='ocrx_word' id='word_1_350' title='bbox 1577 3143 1669 3196; x_wconf 83' lang='grc' dir='ltr'><strong>ὲπί</strong></span> <span class='ocrx_word' id='word_1_351' title='bbox 1715 3161 1772 3196; x_wconf 88' lang='grc' dir='ltr'><strong>τε</strong></span> 
     </span>
    </p>
   </div>
   <div class='ocr_carea' id='block_1_50' title="bbox 193 3233 1778 3308">
    <p class='ocr_par' dir='ltr' id='par_1_50' title="bbox 193 3233 1778 3308">
     <span class='ocr_line' id='line_1_50' title="bbox 193 3233 1778 3308; baseline 0.001 -20"><span class='ocrx_word' id='word_1_352' title='bbox 193 3235 290 3289; x_wconf 83' lang='grc' dir='ltr'><strong>τοῦ</strong></span> <span class='ocrx_word' id='word_1_353' title='bbox 317 3235 428 3306; x_wconf 84' lang='grc'>(60)</span> <span class='ocrx_word' id='word_1_354' title='bbox 460 3233 796 3304; x_wconf 88' lang='grc' dir='ltr'>Μονογενοῦς</span> <span class='ocrx_word' id='word_1_355' title='bbox 838 3233 934 3288; x_wconf 71' lang='grc' dir='ltr'><strong>καὶ</strong></span> <span class='ocrx_word' id='word_1_356' title='bbox 967 3235 1051 3302; x_wconf 76' lang='grc' dir='ltr'><strong>ἐφ’</strong></span> <span class='ocrx_word' id='word_1_357' title='bbox 1093 3234 1402 3288; x_wconf 78' lang='grc' dir='ltr'>οὑτινοσοῦν</span> <span class='ocrx_word' id='word_1_358' title='bbox 1446 3235 1553 3289; x_wconf 74' lang='grc' dir='ltr'><strong>τῶν</strong></span> <span class='ocrx_word' id='word_1_359' title='bbox 1586 3253 1778 3308; x_wconf 84' lang='grc' dir='ltr'>γεννη-</span> 
     </span>
    </p>
   </div>
   <div class='ocr_carea' id='block_1_51' title="bbox 196 3325 1796 3398">
    <p class='ocr_par' dir='ltr' id='par_1_51' title="bbox 196 3325 1796 3398">
     <span class='ocr_line' id='line_1_51' title="bbox 196 3325 1796 3398; baseline -0.003 -18"><span class='ocrx_word' id='word_1_360' title='bbox 196 3327 402 3382; x_wconf 85' lang='grc' dir='ltr'>θέντων</span> <span class='ocrx_word' id='word_1_361' title='bbox 437 3326 669 3398; x_wconf 80' lang='grc' dir='ltr'>ἁρμόσει</span> <span class='ocrx_word' id='word_1_362' title='bbox 699 3325 972 3394; x_wconf 81' lang='grc' dir='ltr'>λέγεσθαι.</span> <span class='ocrx_word' id='word_1_363' title='bbox 1005 3327 1115 3380; x_wconf 78' lang='grc' dir='ltr'>Καὶ</span> <span class='ocrx_word' id='word_1_364' title='bbox 1147 3327 1333 3397; x_wconf 76' lang='grc' dir='ltr'>μηδεὶς</span> <span class='ocrx_word' id='word_1_365' title='bbox 1365 3326 1574 3398; x_wconf 78' lang='grc' dir='ltr'>(ἐπειδὴ</span> <span class='ocrx_word' id='word_1_366' title='bbox 1599 3328 1796 3381; x_wconf 83' lang='grc' dir='ltr'>κοινὸν.</span> 
     </span>
    </p>
   </div>
   <div class='ocr_carea' id='block_1_52' title="bbox 194 3413 1777 3496">
    <p class='ocr_par' dir='ltr' id='par_1_52' title="bbox 194 3413 1777 3496">
     <span class='ocr_line' id='line_1_52' title="bbox 194 3413 1777 3496; baseline 0 -26"><span class='ocrx_word' id='word_1_367' title='bbox 194 3417 258 3470; x_wconf 78' lang='grc' dir='ltr'>τὸ</span> <span class='ocrx_word' id='word_1_368' title='bbox 281 3417 382 3486; x_wconf 82' lang='grc' dir='ltr'>τῆς</span> <span class='ocrx_word' id='word_1_369' title='bbox 411 3416 668 3486; x_wconf 82' lang='grc' dir='ltr'>σχέσεως)</span> <span class='ocrx_word' id='word_1_370' title='bbox 700 3417 1016 3488; x_wconf 84' lang='grc' dir='ltr'>καθαίρεσιν</span> <span class='ocrx_word' id='word_1_371' title='bbox 1043 3413 1183 3470; x_wconf 82' lang='grc' dir='ltr'>εἶναι</span> <span class='ocrx_word' id='word_1_372' title='bbox 1231 3420 1334 3496; x_wconf 70' lang='grc' dir='ltr'><strong>τῆς</strong></span> <span class='ocrx_word' id='word_1_373' title='bbox 1364 3417 1518 3484; x_wconf 77' lang='grc' dir='ltr'>ἀξίας</span> <span class='ocrx_word' id='word_1_374' title='bbox 1545 3419 1638 3472; x_wconf 89' lang='grc' dir='ltr'><strong>τοῦ</strong></span> <span class='ocrx_word' id='word_1_375' title='bbox 1664 3421 1777 3472; x_wconf 85' lang='grc' dir='ltr'><strong>Μο-</strong></span> 
     </span>
    </p>
   </div>
   <div class='ocr_carea' id='block_1_53' title="bbox 195 3507 1776 3580">
    <p class='ocr_par' dir='ltr' id='par_1_53' title="bbox 195 3507 1776 3580">
     <span class='ocr_line' id='line_1_53' title="bbox 195 3507 1776 3580; baseline 0.002 -20"><span class='ocrx_word' id='word_1_376' title='bbox 195 3507 448 3576; x_wconf 73' lang='grc' dir='ltr'>νογενοῦς</span> <span class='ocrx_word' id='word_1_377' title='bbox 469 3507 756 3577; x_wconf 80' lang='grc' dir='ltr'>νομιζέτω.</span> <span class='ocrx_word' id='word_1_378' title='bbox 784 3509 858 3561; x_wconf 79' lang='grc' dir='ltr'><strong>Οὐ</strong></span> <span class='ocrx_word' id='word_1_379' title='bbox 891 3508 998 3579; x_wconf 85' lang='grc' dir='ltr'>γὰρ</span> <span class='ocrx_word' id='word_1_380' title='bbox 1027 3509 1084 3560; x_wconf 79' lang='grc' dir='ltr'><strong>ἐν</strong></span> <span class='ocrx_word' id='word_1_381' title='bbox 1109 3507 1186 3578; x_wconf 85' lang='grc' dir='ltr'>τῷ</span> <span class='ocrx_word' id='word_1_382' title='bbox 1215 3509 1352 3579; x_wconf 85' lang='grc' dir='ltr'>πρός</span> <span class='ocrx_word' id='word_1_383' title='bbox 1393 3509 1446 3564; x_wconf 86' lang='grc' dir='ltr'><strong>τί</strong></span> <span class='ocrx_word' id='word_1_384' title='bbox 1488 3527 1604 3572; x_wconf 85' lang='grc' dir='ltr'><strong>πως</strong></span> <span class='ocrx_word' id='word_1_385' title='bbox 1635 3509 1776 3580; x_wconf 75' lang='grc' dir='ltr'>ἔχειν</span> 
     </span>
    </p>
   </div>
   <div class='ocr_carea' id='block_1_54' title="bbox 198 3599 1778 3672">
    <p class='ocr_par' dir='ltr' id='par_1_54' title="bbox 198 3599 1778 3672">
     <span class='ocr_line' id='line_1_54' title="bbox 198 3599 1778 3672; baseline 0.002 -20"><span class='ocrx_word' id='word_1_386' title='bbox 198 3603 234 3672; x_wconf 76' lang='grc' dir='ltr'><strong>ἡ</strong></span> <span class='ocrx_word' id='word_1_387' title='bbox 267 3599 500 3670; x_wconf 69' lang='grc' dir='ltr'>διαφορά</span> <span class='ocrx_word' id='word_1_388' title='bbox 536 3599 614 3670; x_wconf 85' lang='grc' dir='ltr'><strong>τῷ</strong></span> <span class='ocrx_word' id='word_1_389' title='bbox 642 3600 756 3670; x_wconf 86' lang='grc' dir='ltr'>Υἱῴ</span> <span class='ocrx_word' id='word_1_390' title='bbox 789 3599 925 3670; x_wconf 75' lang='grc' dir='ltr'>πρὸς</span> <span class='ocrx_word' id='word_1_391' title='bbox 958 3599 1024 3651; x_wconf 81' lang='grc' dir='ltr'>τὰ</span> <span class='ocrx_word' id='word_1_392' title='bbox 1049 3599 1202 3664; x_wconf 83' lang='grc' dir='ltr'>ἄλλα,</span> <span class='ocrx_word' id='word_1_393' title='bbox 1235 3601 1350 3654; x_wconf 84' lang='grc' dir='ltr'>ἀλλ’</span> <span class='ocrx_word' id='word_1_394' title='bbox 1378 3603 1435 3656; x_wconf 83' lang='grc' dir='ltr'>ὲν</span> <span class='ocrx_word' id='word_1_395' title='bbox 1459 3604 1525 3672; x_wconf 83' lang='grc' dir='ltr'>τῇ</span> <span class='ocrx_word' id='word_1_396' title='bbox 1556 3603 1778 3672; x_wconf 74' lang='grc' dir='ltr'>ἰδιότητι</span> 
     </span>
    </p>
   </div>
   <div class='ocr_carea' id='block_1_55' title="bbox 198 3688 1777 3762">
    <p class='ocr_par' dir='ltr' id='par_1_55' title="bbox 198 3688 1777 3762">
     <span class='ocr_line' id='line_1_55' title="bbox 198 3688 1777 3762; baseline 0.001 -19"><span class='ocrx_word' id='word_1_397' title='bbox 198 3691 298 3760; x_wconf 71' lang='grc' dir='ltr'>τῆς,</span> <span class='ocrx_word' id='word_1_398' title='bbox 331 3691 517 3753; x_wconf 80' lang='grc' dir='ltr'>οὐσίας</span> <span class='ocrx_word' id='word_1_399' title='bbox 544 3691 576 3760; x_wconf 85' lang='grc' dir='ltr'>ἡ</span> <span class='ocrx_word' id='word_1_400' title='bbox 605 3690 845 3760; x_wconf 80' lang='grc' dir='ltr'>ὑπεροχὴ</span> <span class='ocrx_word' id='word_1_401' title='bbox 873 3689 966 3742; x_wconf 88' lang='grc' dir='ltr'><strong>τοῦ</strong></span> <span class='ocrx_word' id='word_1_402' title='bbox 1011 3688 1144 3741; x_wconf 81' lang='grc' dir='ltr'>Θεοῦ</span> <span class='ocrx_word' id='word_1_403' title='bbox 1187 3690 1324 3759; x_wconf 74' lang='grc' dir='ltr'>πρὸς</span> <span class='ocrx_word' id='word_1_404' title='bbox 1352 3690 1420 3744; x_wconf 71' lang='grc' dir='ltr'>τὰ</span> <span class='ocrx_word' id='word_1_405' title='bbox 1463 3690 1634 3762; x_wconf 82' lang='grc' dir='ltr'>θνητά</span> <span class='ocrx_word' id='word_1_406' title='bbox 1661 3691 1777 3744; x_wconf 83' lang='grc' dir='ltr'>δια-</span> 
     </span>
    </p>
   </div>
   <div class='ocr_carea' id='block_1_56' title="bbox 199 3782 1778 3852">
    <p class='ocr_par' dir='ltr' id='par_1_56' title="bbox 199 3782 1778 3852">
     <span class='ocr_line' id='line_1_56' title="bbox 199 3782 1778 3852; baseline 0.001 -16"><span class='ocrx_word' id='word_1_407' title='bbox 199 3785 471 3852; x_wconf 72' lang='grc' dir='ltr'>φαίνεται.</span> <span class='ocrx_word' id='word_1_408' title='bbox 505 3784 764 3834; x_wconf 82' lang='grc' dir='ltr'>Σκοπεῖτε</span> <span class='ocrx_word' id='word_1_409' title='bbox 809 3783 988 3852; x_wconf 85' lang='grc' dir='ltr'>μέντοι</span> <span class='ocrx_word' id='word_1_410' title='bbox 1017 3783 1117 3834; x_wconf 82' lang='grc' dir='ltr'><strong>ποῦ</strong></span> <span class='ocrx_word' id='word_1_411' title='bbox 1146 3782 1241 3852; x_wconf 85' lang='grc' dir='ltr'>τῆς</span> <span class='ocrx_word' id='word_1_412' title='bbox 1271 3782 1500 3844; x_wconf 76' lang='grc' dir='ltr'>ἀτοπίας</span> <span class='ocrx_word' id='word_1_413' title='bbox 1524 3785 1550 3836; x_wconf 87' lang='grc' dir='ltr'>ὁ</span> <span class='ocrx_word' id='word_1_414' title='bbox 1574 3783 1778 3838; x_wconf 85' lang='grc' dir='ltr'>τούτων</span> 
     </span>
    </p>
   </div>
   <div class='ocr_carea' id='block_1_57' title="bbox 199 3872 1780 3946">
    <p class='ocr_par' dir='ltr' id='par_1_57' title="bbox 199 3872 1780 3946">
     <span class='ocr_line' id='line_1_57' title="bbox 199 3872 1780 3946; baseline 0.001 -20"><span class='ocrx_word' id='word_1_415' title='bbox 199 3875 360 3943; x_wconf 83' lang='grc' dir='ltr'>λόγος</span> <span class='ocrx_word' id='word_1_416' title='bbox 391 3873 630 3944; x_wconf 66' lang='grc' dir='ltr'>ἐκφέρει.</span> <span class='ocrx_word' id='word_1_417' title='bbox 659 3875 723 3926; x_wconf 82' lang='grc' dir='ltr'><strong>Εἰ</strong></span> <span class='ocrx_word' id='word_1_418' title='bbox 753 3873 814 3925; x_wconf 79' lang='grc' dir='ltr'>τὸ</span> <span class='ocrx_word' id='word_1_419' title='bbox 837 3873 1078 3944; x_wconf 81' lang='grc' dir='ltr'>γέννημα</span> <span class='ocrx_word' id='word_1_420' title='bbox 1108 3873 1296 3942; x_wconf 77' lang='grc' dir='ltr'>ἐτέρου</span> <span class='ocrx_word' id='word_1_421' title='bbox 1340 3872 1556 3942; x_wconf 82' lang='grc' dir='ltr'>λέγεται</span> <span class='ocrx_word' id='word_1_422' title='bbox 1589 3875 1780 3946; x_wconf 85' lang='grc' dir='ltr'>γέννη-</span> 
     </span>
    </p>
   </div>
   <div class='ocr_carea' id='block_1_58' title="bbox 204 3963 1780 4038">
    <p class='ocr_par' dir='ltr' id='par_1_58' title="bbox 204 3963 1780 4038">
     <span class='ocr_line' id='line_1_58' title="bbox 204 3963 1780 4038; baseline 0 -20"><span class='ocrx_word' id='word_1_423' title='bbox 204 3983 302 4036; x_wconf 90' lang='grc' dir='ltr'><strong>μα,</strong></span> <span class='ocrx_word' id='word_1_424' title='bbox 333 3965 462 4035; x_wconf 83' lang='grc' dir='ltr'><strong>ὡςῆ</strong></span> <span class='ocrx_word' id='word_1_425' title='bbox 493 3983 552 4018; x_wconf 85' lang='grc' dir='ltr'><strong>τε</strong></span> <span class='ocrx_word' id='word_1_426' title='bbox 579 3963 730 4034; x_wconf 83' lang='grc' dir='ltr'>κοινὴ</span> <span class='ocrx_word' id='word_1_427' title='bbox 761 3963 1020 4034; x_wconf 83' lang='grc' dir='ltr'>συνήθεια</span> <span class='ocrx_word' id='word_1_428' title='bbox 1047 3963 1276 4038; x_wconf 71' lang='grc' dir='ltr'>βεϐαιοῖ,</span> <span class='ocrx_word' id='word_1_429' title='bbox 1303 3965 1396 4018; x_wconf 72' lang='grc' dir='ltr'><strong>καὶ</strong></span> <span class='ocrx_word' id='word_1_430' title='bbox 1437 3965 1610 4029; x_wconf 73' lang='grc' dir='ltr'>οὐδεὶς</span> <span class='ocrx_word' id='word_1_431' title='bbox 1653 3967 1780 4020; x_wconf 84' lang='grc' dir='ltr'>ἀντ-</span> 
     </span>
    </p>
   </div>
   <div class='ocr_carea' id='block_1_59' title="bbox 199 4051 1781 4127">
    <p class='ocr_par' dir='ltr' id='par_1_59' title="bbox 199 4051 1781 4127">
     <span class='ocr_line' id='line_1_59' title="bbox 199 4051 1781 4127; baseline 0.001 -21"><span class='ocrx_word' id='word_1_432' title='bbox 199 4054 342 4122; x_wconf 74' lang='grc' dir='ltr'>ερεῖ,</span> <span class='ocrx_word' id='word_1_433' title='bbox 364 4052 529 4105; x_wconf 84' lang='grc' dir='ltr'>ταυτὸ</span> <span class='ocrx_word' id='word_1_434' title='bbox 551 4053 608 4105; x_wconf 82' lang='grc' dir='ltr'><strong>δὲ</strong></span> <span class='ocrx_word' id='word_1_435' title='bbox 636 4053 794 4105; x_wconf 90' lang='grc' dir='ltr'>τοῦτο</span> <span class='ocrx_word' id='word_1_436' title='bbox 827 4051 922 4104; x_wconf 75' lang='grc' dir='ltr'><strong>καὶ</strong></span> <span class='ocrx_word' id='word_1_437' title='bbox 948 4053 1040 4104; x_wconf 73' lang='grc' dir='ltr'>ἐπὶ</span> <span class='ocrx_word' id='word_1_438' title='bbox 1055 4051 1147 4104; x_wconf 87' lang='grc' dir='ltr'><strong>τοῦ</strong></span> <span class='ocrx_word' id='word_1_439' title='bbox 1167 4051 1302 4104; x_wconf 77' lang='grc' dir='ltr'>Υίοῦ</span> <span class='ocrx_word' id='word_1_440' title='bbox 1327 4055 1437 4120; x_wconf 79' lang='grc'>(61)</span> <span class='ocrx_word' id='word_1_441' title='bbox 1465 4053 1651 4107; x_wconf 83' lang='grc' dir='ltr'>οὐσίαν</span> <span class='ocrx_word' id='word_1_442' title='bbox 1683 4073 1781 4127; x_wconf 86' lang='grc' dir='ltr'>ση-</span> 
     </span>
    </p>
   </div>
   <div class='ocr_carea' id='block_1_60' title="bbox 206 4143 1776 4214">
    <p class='ocr_par' dir='ltr' id='par_1_60' title="bbox 206 4143 1776 4214">
     <span class='ocr_line' id='line_1_60' title="bbox 206 4143 1776 4214; baseline 0.001 -17"><span class='ocrx_word' id='word_1_443' title='bbox 206 4145 386 4214; x_wconf 80' lang='grc' dir='ltr'>μαίνει</span> <span class='ocrx_word' id='word_1_444' title='bbox 417 4145 559 4198; x_wconf 85' lang='grc' dir='ltr'><strong>κατά</strong></span> <span class='ocrx_word' id='word_1_445' title='bbox 586 4145 677 4198; x_wconf 80' lang='grc' dir='ltr'><strong>τὸν</strong></span> <span class='ocrx_word' id='word_1_446' title='bbox 714 4144 920 4197; x_wconf 84' lang='grc' dir='ltr'>τούτων</span> <span class='ocrx_word' id='word_1_447' title='bbox 952 4143 1138 4211; x_wconf 89' lang='grc' dir='ltr'>λόγον·</span> <span class='ocrx_word' id='word_1_448' title='bbox 1167 4145 1376 4198; x_wconf 75' lang='grc' dir='ltr'>ἐκείνου</span> <span class='ocrx_word' id='word_1_449' title='bbox 1421 4144 1570 4197; x_wconf 78' lang='grc' dir='ltr'>ἔσται</span> <span class='ocrx_word' id='word_1_450' title='bbox 1602 4147 1776 4212; x_wconf 76' lang='grc' dir='ltr'>οὐσία,</span> 
     </span>
    </p>
   </div>
   <div class='ocr_carea' id='block_1_61' title="bbox 201 4227 1782 4307">
    <p class='ocr_par' dir='ltr' id='par_1_61' title="bbox 201 4227 1782 4307">
     <span class='ocr_line' id='line_1_61' title="bbox 201 4227 1782 4307; baseline 0.002 -19"><span class='ocrx_word' id='word_1_451' title='bbox 201 4227 266 4292; x_wconf 83' lang='grc' dir='ltr'><strong>οὗ</strong></span> <span class='ocrx_word' id='word_1_452' title='bbox 313 4236 407 4289; x_wconf 76' lang='grc' dir='ltr'><strong>καὶ</strong></span> <span class='ocrx_word' id='word_1_453' title='bbox 444 4236 689 4307; x_wconf 85' lang='grc' dir='ltr'>γέννημα</span> <span class='ocrx_word' id='word_1_454' title='bbox 716 4235 956 4303; x_wconf 84' lang='grc' dir='ltr'>λέγεται.</span> <span class='ocrx_word' id='word_1_455' title='bbox 992 4237 1183 4288; x_wconf 87' lang='grc' dir='ltr'>Ἔσται</span> <span class='ocrx_word' id='word_1_456' title='bbox 1217 4235 1395 4289; x_wconf 87' lang='grc' dir='ltr'>τοίνυν</span> <span class='ocrx_word' id='word_1_457' title='bbox 1421 4239 1484 4289; x_wconf 79' lang='grc' dir='ltr'><strong>ἐκ</strong></span> <span class='ocrx_word' id='word_1_458' title='bbox 1515 4238 1613 4306; x_wconf 80' lang='grc' dir='ltr'>τῆς</span> <span class='ocrx_word' id='word_1_459' title='bbox 1653 4239 1782 4291; x_wconf 84' lang='grc' dir='ltr'>ἀκο-</span> 
     </span>
    </p>
   </div>
   <div class='ocr_carea' id='block_1_62' title="bbox 203 4327 1778 4401">
    <p class='ocr_par' dir='ltr' id='par_1_62' title="bbox 203 4327 1778 4401">
     <span class='ocr_line' id='line_1_62' title="bbox 203 4327 1778 4401; baseline 0 -19"><span class='ocrx_word' id='word_1_460' title='bbox 203 4327 425 4391; x_wconf 84' lang='grc' dir='ltr'>λουθίας</span> <span class='ocrx_word' id='word_1_461' title='bbox 448 4329 652 4400; x_wconf 77' lang='grc' dir='ltr'>ταύτης</span> <span class='ocrx_word' id='word_1_462' title='bbox 687 4328 870 4382; x_wconf 76' lang='grc' dir='ltr'>οὐκέτι</span> <span class='ocrx_word' id='word_1_463' title='bbox 908 4327 1012 4380; x_wconf 88' lang='grc' dir='ltr'><strong>τοῦ</strong></span> <span class='ocrx_word' id='word_1_464' title='bbox 1031 4327 1369 4397; x_wconf 69' lang='grc' dir='ltr'>Μόνογενοῦς</span> <span class='ocrx_word' id='word_1_465' title='bbox 1391 4327 1490 4400; x_wconf 85' lang='grc' dir='ltr'>τὴν</span> <span class='ocrx_word' id='word_1_466' title='bbox 1514 4329 1701 4382; x_wconf 75' lang='grc' dir='ltr'>οὐσίαν</span> <span class='ocrx_word' id='word_1_467' title='bbox 1744 4331 1778 4401; x_wconf 81' lang='grc' dir='ltr'><strong>ἡ</strong></span> 
     </span>
    </p>
   </div>
   <div class='ocr_carea' id='block_1_63' title="bbox 1866 1865 3437 1936">
    <p class='ocr_par' dir='ltr' id='par_1_63' title="bbox 1866 1865 3437 1936">
     <span class='ocr_line' id='line_1_63' title="bbox 1866 1865 3437 1936; baseline 0.001 -17"><span class='ocrx_word' id='word_1_468' title='bbox 1866 1866 2066 1920; x_wconf 88' lang='lat' dir='ltr'><strong>tionem</strong></span> <span class='ocrx_word' id='word_1_469' title='bbox 2123 1865 2578 1936; x_wconf 88' lang='lat' dir='ltr'><strong>participantibus</strong></span> <span class='ocrx_word' id='word_1_470' title='bbox 2632 1867 2996 1922; x_wconf 87' lang='lat' dir='ltr'><strong>substantiam</strong></span> <span class='ocrx_word' id='word_1_471' title='bbox 3043 1867 3267 1924; x_wconf 88' lang='lat' dir='ltr'><strong>habere.</strong></span> <span class='ocrx_word' id='word_1_472' title='bbox 3323 1867 3437 1922; x_wconf 85' lang='lat' dir='ltr'><strong>Nec</strong></span> 
     </span>
    </p>
   </div>
   <div class='ocr_carea' id='block_1_64' title="bbox 1863 1957 3442 2029">
    <p class='ocr_par' dir='ltr' id='par_1_64' title="bbox 1863 1957 3442 2029">
     <span class='ocr_line' id='line_1_64' title="bbox 1863 1957 3442 2029; baseline -0.001 -17"><span class='ocrx_word' id='word_1_473' title='bbox 1863 1957 2009 2012; x_wconf 89' lang='lat' dir='ltr'><strong>enim</strong></span> <span class='ocrx_word' id='word_1_474' title='bbox 2060 1958 2304 2012; x_wconf 89' lang='lat' dir='ltr'><strong>dicturus</strong></span> <span class='ocrx_word' id='word_1_475' title='bbox 2331 1967 2415 2012; x_wconf 90' lang='lat' dir='ltr'><strong>est</strong></span> <span class='ocrx_word' id='word_1_476' title='bbox 2447 1959 2754 2029; x_wconf 80' lang='lat' dir='ltr'><strong>genituram</strong></span> <span class='ocrx_word' id='word_1_477' title='bbox 2805 1959 2860 2014; x_wconf 86' lang='lat' dir='ltr'><strong>in</strong></span> <span class='ocrx_word' id='word_1_478' title='bbox 2898 1959 3036 2014; x_wconf 85' lang='lat' dir='ltr'><strong>Filio</strong></span> <span class='ocrx_word' id='word_1_479' title='bbox 3078 1959 3442 2014; x_wconf 83' lang='lat' dir='ltr'><strong>substantiam</strong></span> 
     </span>
    </p>
   </div>
   <div class='ocr_carea' id='block_1_65' title="bbox 1865 2048 3436 2120">
    <p class='ocr_par' dir='ltr' id='par_1_65' title="bbox 1865 2048 3436 2120">
     <span class='ocr_line' id='line_1_65' title="bbox 1865 2048 3436 2120; baseline -0.001 -18"><span class='ocrx_word' id='word_1_480' title='bbox 1865 2049 2193 2119; x_wconf 82' lang='lat' dir='ltr'><strong>signiﬁcare,</strong></span> <span class='ocrx_word' id='word_1_481' title='bbox 2229 2049 2279 2102; x_wconf 93' lang='lat' dir='ltr'><strong>in</strong></span> <span class='ocrx_word' id='word_1_482' title='bbox 2323 2048 2547 2119; x_wconf 87' lang='lat' dir='ltr'><strong>reliquis</strong></span> <span class='ocrx_word' id='word_1_483' title='bbox 2592 2064 2724 2105; x_wconf 85' lang='lat' dir='ltr'><strong>vero</strong></span> <span class='ocrx_word' id='word_1_484' title='bbox 2763 2049 3126 2120; x_wconf 78' lang='lat' dir='ltr'><strong>generationis</strong></span> <span class='ocrx_word' id='word_1_485' title='bbox 3160 2049 3436 2118; x_wconf 85' lang='lat' dir='ltr'><strong>participi-</strong></span> 
     </span>
    </p>
   </div>
   <div class='ocr_carea' id='block_1_66' title="bbox 1867 2140 3436 2211">
    <p class='ocr_par' dir='ltr' id='par_1_66' title="bbox 1867 2140 3436 2211">
     <span class='ocr_line' id='line_1_66' title="bbox 1867 2140 3436 2211; baseline -0.001 -15"><span class='ocrx_word' id='word_1_486' title='bbox 1867 2140 1969 2196; x_wconf 90' lang='lat' dir='ltr'><strong>bus</strong></span> <span class='ocrx_word' id='word_1_487' title='bbox 1997 2155 2100 2194; x_wconf 94' lang='lat' dir='ltr'><strong>non</strong></span> <span class='ocrx_word' id='word_1_488' title='bbox 2133 2141 2382 2195; x_wconf 88' lang='lat' dir='ltr'><strong>eamdem</strong></span> <span class='ocrx_word' id='word_1_489' title='bbox 2426 2141 2660 2211; x_wconf 87' lang='lat' dir='ltr'><strong>amplius</strong></span> <span class='ocrx_word' id='word_1_490' title='bbox 2698 2143 2970 2198; x_wconf 87' lang='lat' dir='ltr'><strong>notionem</strong></span> <span class='ocrx_word' id='word_1_491' title='bbox 3000 2144 3255 2197; x_wconf 89' lang='lat' dir='ltr'><strong>retinere.</strong></span> <span class='ocrx_word' id='word_1_492' title='bbox 3285 2141 3436 2195; x_wconf 85' lang='lat' dir='ltr'><strong>Alio-</strong></span> 
     </span>
    </p>
   </div>
   <div class='ocr_carea' id='block_1_67' title="bbox 1867 2229 3444 2300">
    <p class='ocr_par' dir='ltr' id='par_1_67' title="bbox 1867 2229 3444 2300">
     <span class='ocr_line' id='line_1_67' title="bbox 1867 2229 3444 2300; baseline -0.001 -18"><span class='ocrx_word' id='word_1_493' title='bbox 1867 2229 1956 2299; x_wconf 91' lang='lat' dir='ltr'><strong>qui</strong></span> <span class='ocrx_word' id='word_1_494' title='bbox 1987 2230 2227 2300; x_wconf 85' lang='lat' dir='ltr'><strong>prol&#39;erat</strong></span> <span class='ocrx_word' id='word_1_495' title='bbox 2249 2229 2448 2286; x_wconf 89' lang='lat' dir='ltr'><strong>claram</strong></span> <span class='ocrx_word' id='word_1_496' title='bbox 2485 2231 2772 2300; x_wconf 87' lang='lat' dir='ltr'><strong>quamdam</strong></span> <span class='ocrx_word' id='word_1_497' title='bbox 2799 2245 3020 2286; x_wconf 87' lang='lat' dir='ltr'><strong>causam</strong></span> <span class='ocrx_word' id='word_1_498' title='bbox 3055 2230 3140 2284; x_wconf 88' lang='lat' dir='ltr'><strong>cui</strong></span> <span class='ocrx_word' id='word_1_499' title='bbox 3175 2243 3278 2282; x_wconf 90' lang='lat' dir='ltr'><strong>non</strong></span> <span class='ocrx_word' id='word_1_500' title='bbox 3313 2242 3444 2295; x_wconf 77' lang='lat' dir='ltr'><strong>pos-</strong></span> 
     </span>
    </p>
   </div>
   <div class='ocr_carea' id='block_1_68' title="bbox 1871 2317 3440 2392">
    <p class='ocr_par' dir='ltr' id='par_1_68' title="bbox 1871 2317 3440 2392">
     <span class='ocr_line' id='line_1_68' title="bbox 1871 2317 3440 2392; baseline -0.005 -15"><span class='ocrx_word' id='word_1_501' title='bbox 1871 2324 1943 2377; x_wconf 88' lang='lat' dir='ltr'><strong>sit</strong></span> <span class='ocrx_word' id='word_1_502' title='bbox 1977 2321 2300 2386; x_wconf 85' lang='lat' dir='ltr'><strong>contradici,</strong></span> <span class='ocrx_word' id='word_1_503' title='bbox 2332 2338 2430 2378; x_wconf 90' lang='lat' dir='ltr'><strong>cur</strong></span> <span class='ocrx_word' id='word_1_504' title='bbox 2457 2323 2744 2392; x_wconf 87' lang='lat' dir='ltr'><strong>appellatio</strong></span> <span class='ocrx_word' id='word_1_505' title='bbox 2775 2323 2962 2378; x_wconf 87' lang='lat' dir='ltr'><strong>eadem</strong></span> <span class='ocrx_word' id='word_1_506' title='bbox 3009 2320 3253 2376; x_wconf 83' lang='lat' dir='ltr'><strong>eamdem</strong></span> <span class='ocrx_word' id='word_1_507' title='bbox 3287 2317 3440 2372; x_wconf 87' lang='lat' dir='ltr'><strong>simi-</strong></span> 
     </span>
    </p>
   </div>
   <div class='ocr_carea' id='block_1_69' title="bbox 1869 2410 3440 2472">
    <p class='ocr_par' dir='ltr' id='par_1_69' title="bbox 1869 2410 3440 2472">
     <span class='ocr_line' id='line_1_69' title="bbox 1869 2410 3440 2472; baseline -0.006 -6"><span class='ocrx_word' id='word_1_508' title='bbox 1869 2412 1994 2466; x_wconf 86' lang='lat' dir='ltr'><strong>liter</strong></span> <span class='ocrx_word' id='word_1_509' title='bbox 2017 2413 2070 2466; x_wconf 91' lang='lat' dir='ltr'><strong>in</strong></span> <span class='ocrx_word' id='word_1_510' title='bbox 2103 2413 2356 2466; x_wconf 89' lang='lat' dir='ltr'><strong>omnibus</strong></span> <span class='ocrx_word' id='word_1_511' title='bbox 2397 2413 2503 2465; x_wconf 85' lang='lat' dir='ltr'><strong>vim</strong></span> <span class='ocrx_word' id='word_1_512' title='bbox 2537 2427 2640 2465; x_wconf 92' lang='lat' dir='ltr'><strong>non</strong></span> <span class='ocrx_word' id='word_1_513' title='bbox 2690 2411 2906 2466; x_wconf 83' lang='lat' dir='ltr'><strong>habeat.</strong></span> <span class='ocrx_word' id='word_1_514' title='bbox 2937 2410 3007 2462; x_wconf 86' lang='lat' dir='ltr'><strong>At</strong></span> <span class='ocrx_word' id='word_1_515' title='bbox 3033 2415 3181 2462; x_wconf 88' lang='lat' dir='ltr'><strong>certe</strong></span> <span class='ocrx_word' id='word_1_516' title='bbox 3213 2419 3316 2459; x_wconf 90' lang='lat' dir='ltr'><strong>non</strong></span> <span class='ocrx_word' id='word_1_517' title='bbox 3343 2417 3440 2472; x_wconf 81' lang='lat' dir='ltr'><strong>po—</strong></span> 
     </span>
    </p>
   </div>
   <div class='ocr_carea' id='block_1_70' title="bbox 1871 2499 3444 2572">
    <p class='ocr_par' dir='ltr' id='par_1_70' title="bbox 1871 2499 3444 2572">
     <span class='ocr_line' id='line_1_70' title="bbox 1871 2499 3444 2572; baseline -0.004 -17"><span class='ocrx_word' id='word_1_518' title='bbox 1871 2502 2018 2555; x_wconf 88' lang='lat' dir='ltr'><strong>terit.</strong></span> <span class='ocrx_word' id='word_1_519' title='bbox 2049 2501 2435 2569; x_wconf 76' lang='lat' dir='ltr'><strong>Quemcunque</strong></span> <span class='ocrx_word' id='word_1_520' title='bbox 2479 2500 2623 2554; x_wconf 91' lang='lat' dir='ltr'><strong>enim</strong></span> <span class='ocrx_word' id='word_1_521' title='bbox 2667 2501 2926 2572; x_wconf 72' lang='lat' dir='ltr'><strong>genitum</strong></span> <span class='ocrx_word' id='word_1_522' title='bbox 2963 2499 3227 2553; x_wconf 88' lang='lat' dir='ltr'><strong>rationem</strong></span> <span class='ocrx_word' id='word_1_523' title='bbox 3282 2507 3444 2550; x_wconf 81' lang='lat' dir='ltr'><strong>exco-</strong></span> 
     </span>
    </p>
   </div>
   <div class='ocr_carea' id='block_1_71' title="bbox 1872 2589 3440 2662">
    <p class='ocr_par' dir='ltr' id='par_1_71' title="bbox 1872 2589 3440 2662">
     <span class='ocr_line' id='line_1_71' title="bbox 1872 2589 3440 2662; baseline -0.003 -18"><span class='ocrx_word' id='word_1_524' title='bbox 1872 2591 2144 2662; x_wconf 83' lang='lat' dir='ltr'><strong>gitaverit,</strong></span> <span class='ocrx_word' id='word_1_525' title='bbox 2195 2607 2256 2644; x_wconf 88' lang='lat' dir='ltr'><strong>ea</strong></span> <span class='ocrx_word' id='word_1_526' title='bbox 2295 2592 2546 2648; x_wconf 88' lang='lat' dir='ltr'><strong>omnibus</strong></span> <span class='ocrx_word' id='word_1_527' title='bbox 2592 2592 2840 2647; x_wconf 88' lang='lat' dir='ltr'><strong>similiter</strong></span> <span class='ocrx_word' id='word_1_528' title='bbox 2902 2589 3099 2660; x_wconf 80' lang='lat' dir='ltr'><strong>genitis</strong></span> <span class='ocrx_word' id='word_1_529' title='bbox 3161 2595 3440 2657; x_wconf 88' lang='lat' dir='ltr'><strong>congruet.</strong></span> 
     </span>
    </p>
   </div>
   <div class='ocr_carea' id='block_1_72' title="bbox 1873 2679 3446 2752">
    <p class='ocr_par' dir='ltr' id='par_1_72' title="bbox 1873 2679 3446 2752">
     <span class='ocr_line' id='line_1_72' title="bbox 1873 2679 3446 2752; baseline -0.006 -13"><span class='ocrx_word' id='word_1_530' title='bbox 1873 2683 2071 2738; x_wconf 78' lang='lat' dir='ltr'><strong>Verum</strong></span> <span class='ocrx_word' id='word_1_531' title='bbox 2113 2693 2293 2736; x_wconf 89' lang='lat' dir='ltr'><strong>autem</strong></span> <span class='ocrx_word' id='word_1_532' title='bbox 2345 2697 2469 2736; x_wconf 89' lang='lat' dir='ltr'><strong>esse</strong></span> <span class='ocrx_word' id='word_1_533' title='bbox 2515 2683 2658 2752; x_wconf 89' lang='lat' dir='ltr'><strong>quod</strong></span> <span class='ocrx_word' id='word_1_534' title='bbox 2692 2683 2948 2746; x_wconf 81' lang='lat' dir='ltr'><strong>dicimus,</strong></span> <span class='ocrx_word' id='word_1_535' title='bbox 2977 2681 3029 2736; x_wconf 88' lang='lat' dir='ltr'><strong>id</strong></span> <span class='ocrx_word' id='word_1_536' title='bbox 3061 2681 3203 2749; x_wconf 88' lang='lat' dir='ltr'><strong>quod</strong></span> <span class='ocrx_word' id='word_1_537' title='bbox 3251 2679 3446 2746; x_wconf 87' lang='lat' dir='ltr'><strong>cuique</strong></span> 
     </span>
    </p>
   </div>
   <div class='ocr_carea' id='block_1_73' title="bbox 1874 2773 3444 2842">
    <p class='ocr_par' dir='ltr' id='par_1_73' title="bbox 1874 2773 3444 2842">
     <span class='ocr_line' id='line_1_73' title="bbox 1874 2773 3444 2842; baseline -0.004 -14"><span class='ocrx_word' id='word_1_538' title='bbox 1874 2774 2206 2829; x_wconf 85' lang='lat' dir='ltr'><strong>audientium</strong></span> <span class='ocrx_word' id='word_1_539' title='bbox 2265 2773 2316 2828; x_wconf 91' lang='lat' dir='ltr'><strong>in</strong></span> <span class='ocrx_word' id='word_1_540' title='bbox 2366 2783 2600 2828; x_wconf 89' lang='lat' dir='ltr'><strong>mentem</strong></span> <span class='ocrx_word' id='word_1_541' title='bbox 2645 2775 2814 2840; x_wconf 87' lang='lat' dir='ltr'><strong>venit,</strong></span> <span class='ocrx_word' id='word_1_542' title='bbox 2880 2774 3176 2827; x_wconf 74' lang='lat' dir='ltr'><strong>maximum</strong></span> <span class='ocrx_word' id='word_1_543' title='bbox 3231 2773 3444 2842; x_wconf 84' lang='lat' dir='ltr'><strong>signum</strong></span> 
     </span>
    </p>
   </div>
   <div class='ocr_carea' id='block_1_74' title="bbox 1875 2860 3444 2936">
    <p class='ocr_par' dir='ltr' id='par_1_74' title="bbox 1875 2860 3444 2936">
     <span class='ocr_line' id='line_1_74' title="bbox 1875 2860 3444 2936; baseline -0.004 -16"><span class='ocrx_word' id='word_1_544' title='bbox 1875 2873 1978 2920; x_wconf 88' lang='lat' dir='ltr'><strong>est.</strong></span> <span class='ocrx_word' id='word_1_545' title='bbox 2043 2865 2343 2936; x_wconf 85' lang='lat' dir='ltr'><strong>lnterroget</strong></span> <span class='ocrx_word' id='word_1_546' title='bbox 2405 2864 2550 2920; x_wconf 91' lang='lat' dir='ltr'><strong>enim</strong></span> <span class='ocrx_word' id='word_1_547' title='bbox 2598 2864 2976 2935; x_wconf 91' lang='lat' dir='ltr'><strong>unusquisque</strong></span> <span class='ocrx_word' id='word_1_548' title='bbox 3038 2864 3300 2932; x_wconf 87' lang='lat' dir='ltr'><strong>seipsum,</strong></span> <span class='ocrx_word' id='word_1_549' title='bbox 3353 2860 3444 2914; x_wconf 91' lang='lat' dir='ltr'><strong>ubi</strong></span> 
     </span>
    </p>
   </div>
   <div class='ocr_carea' id='block_1_75' title="bbox 1877 2953 3447 3028">
    <p class='ocr_par' dir='ltr' id='par_1_75' title="bbox 1877 2953 3447 3028">
     <span class='ocr_line' id='line_1_75' title="bbox 1877 2953 3447 3028; baseline -0.004 -18"><span class='ocrx_word' id='word_1_550' title='bbox 1877 2956 2150 3012; x_wconf 87' lang='lat' dir='ltr'><strong>audierit:</strong></span> <span class='ocrx_word' id='word_1_551' title='bbox 2185 2955 2280 3011; x_wconf 91' lang='lat' dir='ltr'><strong>llic</strong></span> <span class='ocrx_word' id='word_1_552' title='bbox 2331 2955 2491 3026; x_wconf 89' lang='lat' dir='ltr'><strong>hujus</strong></span> <span class='ocrx_word' id='word_1_553' title='bbox 2521 2956 2770 3028; x_wconf 76' lang='lat' dir='ltr'><strong>genitura</strong></span> <span class='ocrx_word' id='word_1_554' title='bbox 2809 2965 2912 3020; x_wconf 89' lang='lat' dir='ltr'><strong>est,</strong></span> <span class='ocrx_word' id='word_1_555' title='bbox 2940 2953 3068 3024; x_wconf 89' lang='lat' dir='ltr'><strong>quid</strong></span> <span class='ocrx_word' id='word_1_556' title='bbox 3107 2953 3286 3007; x_wconf 88' lang='lat' dir='ltr'><strong>animo</strong></span> <span class='ocrx_word' id='word_1_557' title='bbox 3317 2967 3447 3006; x_wconf 89' lang='lat' dir='ltr'><strong>con-</strong></span> 
     </span>
    </p>
   </div>
   <div class='ocr_carea' id='block_1_76' title="bbox 1882 3041 3446 3116">
    <p class='ocr_par' dir='ltr' id='par_1_76' title="bbox 1882 3041 3446 3116">
     <span class='ocr_line' id='line_1_76' title="bbox 1882 3041 3446 3116; baseline -0.003 -15"><span class='ocrx_word' id='word_1_558' title='bbox 1882 3046 2074 3116; x_wconf 83' lang='lat' dir='ltr'><strong>cipiat.</strong></span> <span class='ocrx_word' id='word_1_559' title='bbox 2105 3043 2242 3100; x_wconf 84' lang='lat' dir='ltr'><strong>Num</strong></span> <span class='ocrx_word' id='word_1_560' title='bbox 2283 3046 2487 3116; x_wconf 85' lang='lat' dir='ltr'><strong>cogitat</strong></span> <span class='ocrx_word' id='word_1_561' title='bbox 2527 3046 2766 3115; x_wconf 85' lang='lat' dir='ltr'><strong>genitum</strong></span> <span class='ocrx_word' id='word_1_562' title='bbox 2805 3045 3064 3115; x_wconf 86' lang='lat' dir='ltr'><strong>genitoris</strong></span> <span class='ocrx_word' id='word_1_563' title='bbox 3090 3041 3446 3100; x_wconf 87' lang='lat' dir='ltr'><strong>substantiam</strong></span> 
     </span>
    </p>
   </div>
   <div class='ocr_carea' id='block_1_77' title="bbox 1879 3137 3447 3205">
    <p class='ocr_par' dir='ltr' id='par_1_77' title="bbox 1879 3137 3447 3205">
     <span class='ocr_line' id='line_1_77' title="bbox 1879 3137 3447 3205; baseline -0.004 -10"><span class='ocrx_word' id='word_1_564' title='bbox 1879 3138 2045 3195; x_wconf 75' lang='lat' dir='ltr'><strong>esse?</strong></span> <span class='ocrx_word' id='word_1_565' title='bbox 2078 3139 2257 3205; x_wconf 87' lang='lat' dir='ltr'><strong>Certe,</strong></span> <span class='ocrx_word' id='word_1_566' title='bbox 2288 3149 2343 3193; x_wconf 91' lang='lat' dir='ltr'><strong>ut</strong></span> <span class='ocrx_word' id='word_1_567' title='bbox 2372 3141 2474 3194; x_wconf 85' lang='lat' dir='ltr'><strong>hoc</strong></span> <span class='ocrx_word' id='word_1_568' title='bbox 2507 3139 2792 3194; x_wconf 86' lang='lat' dir='ltr'><strong>ridiculum</strong></span> <span class='ocrx_word' id='word_1_569' title='bbox 2823 3148 2926 3204; x_wconf 89' lang='lat' dir='ltr'><strong>est,</strong></span> <span class='ocrx_word' id='word_1_570' title='bbox 2968 3137 3040 3192; x_wconf 88' lang='lat' dir='ltr'><strong>ita</strong></span> <span class='ocrx_word' id='word_1_571' title='bbox 3074 3137 3204 3192; x_wconf 90' lang='lat' dir='ltr'><strong>illud</strong></span> <span class='ocrx_word' id='word_1_572' title='bbox 3234 3149 3447 3198; x_wconf 84' lang='lat' dir='ltr'><strong>verum,</strong></span> 
     </span>
    </p>
   </div>
   <div class='ocr_carea' id='block_1_78' title="bbox 1876 3229 3448 3303">
    <p class='ocr_par' dir='ltr' id='par_1_78' title="bbox 1876 3229 3448 3303">
     <span class='ocr_line' id='line_1_78' title="bbox 1876 3229 3448 3303; baseline -0.004 -18"><span class='ocrx_word' id='word_1_573' title='bbox 1876 3233 2019 3303; x_wconf 87' lang='lat' dir='ltr'><strong>quod</strong></span> <span class='ocrx_word' id='word_1_574' title='bbox 2055 3234 2122 3288; x_wconf 90' lang='lat' dir='ltr'><strong>ab</strong></span> <span class='ocrx_word' id='word_1_575' title='bbox 2159 3248 2226 3288; x_wconf 89' lang='lat' dir='ltr'><strong>eo</strong></span> <span class='ocrx_word' id='word_1_576' title='bbox 2263 3249 2358 3302; x_wconf 90' lang='lat' dir='ltr'><strong>per</strong></span> <span class='ocrx_word' id='word_1_577' title='bbox 2388 3233 2756 3301; x_wconf 86' lang='lat' dir='ltr'><strong>generationis</strong></span> <span class='ocrx_word' id='word_1_578' title='bbox 2799 3232 3016 3286; x_wconf 91' lang='lat' dir='ltr'><strong>modum</strong></span> <span class='ocrx_word' id='word_1_579' title='bbox 3060 3229 3126 3283; x_wconf 89' lang='lat' dir='ltr'><strong>ad</strong></span> <span class='ocrx_word' id='word_1_580' title='bbox 3169 3243 3280 3282; x_wconf 69' lang='lat' dir='ltr'><strong>esse</strong></span> <span class='ocrx_word' id='word_1_581' title='bbox 3317 3240 3448 3295; x_wconf 75' lang='lat' dir='ltr'><strong>pre-</strong></span> 
     </span>
    </p>
   </div>
   <div class='ocr_carea' id='block_1_79' title="bbox 1875 3318 3462 3395">
    <p class='ocr_par' dir='ltr' id='par_1_79' title="bbox 1875 3318 3462 3395">
     <span class='ocr_line' id='line_1_79' title="bbox 1875 3318 3462 3395; baseline -0.004 -18"><span class='ocrx_word' id='word_1_582' title='bbox 1875 3323 2070 3380; x_wconf 87' lang='lat' dir='ltr'><strong>ductus</strong></span> <span class='ocrx_word' id='word_1_583' title='bbox 2106 3325 2195 3378; x_wconf 90' lang='lat' dir='ltr'><strong>sit.</strong></span> <span class='ocrx_word' id='word_1_584' title='bbox 2233 3323 2344 3378; x_wconf 82' lang='lat' dir='ltr'><strong>Hoc</strong></span> <span class='ocrx_word' id='word_1_585' title='bbox 2376 3325 2556 3395; x_wconf 89' lang='lat' dir='ltr'><strong>itaque</strong></span> <span class='ocrx_word' id='word_1_586' title='bbox 2607 3339 2703 3392; x_wconf 88' lang='lat' dir='ltr'><strong>par</strong></span> <span class='ocrx_word' id='word_1_587' title='bbox 2752 3321 2919 3378; x_wconf 79' lang='lat' dir='ltr'><strong>fuerit</strong></span> <span class='ocrx_word' id='word_1_588' title='bbox 2964 3320 3218 3378; x_wconf 73' lang='lat' dir='ltr'><strong>similiter</strong></span> <span class='ocrx_word' id='word_1_589' title='bbox 3272 3326 3330 3373; x_wconf 88' lang='lat' dir='ltr'><strong>et</strong></span> <span class='ocrx_word' id='word_1_590' title='bbox 3382 3318 3462 3371; x_wconf 88' lang='lat' dir='ltr'><strong>de-</strong></span> 
     </span>
    </p>
   </div>
   <div class='ocr_carea' id='block_1_80' title="bbox 1877 3413 3460 3488">
    <p class='ocr_par' dir='ltr' id='par_1_80' title="bbox 1877 3413 3460 3488">
     <span class='ocr_line' id='line_1_80' title="bbox 1877 3413 3460 3488; baseline -0.004 -16"><span class='ocrx_word' id='word_1_591' title='bbox 1877 3415 2167 3488; x_wconf 84' lang='lat' dir='ltr'><strong>Unigenito</strong></span> <span class='ocrx_word' id='word_1_592' title='bbox 2199 3416 2338 3471; x_wconf 87' lang='lat' dir='ltr'><strong>etde</strong></span> <span class='ocrx_word' id='word_1_593' title='bbox 2364 3431 2690 3486; x_wconf 88' lang='lat' dir='ltr'><strong>quocunque</strong></span> <span class='ocrx_word' id='word_1_594' title='bbox 2723 3415 2903 3486; x_wconf 86' lang='lat' dir='ltr'><strong>genito</strong></span> <span class='ocrx_word' id='word_1_595' title='bbox 2937 3413 3138 3468; x_wconf 90' lang='lat' dir='ltr'><strong>dicere.</strong></span> <span class='ocrx_word' id='word_1_596' title='bbox 3173 3413 3238 3466; x_wconf 87' lang='lat' dir='ltr'><strong>Et</strong></span> <span class='ocrx_word' id='word_1_597' title='bbox 3269 3425 3460 3472; x_wconf 87' lang='lat' dir='ltr'><strong>nemo,.</strong></span> 
     </span>
    </p>
   </div>
   <div class='ocr_carea' id='block_1_81' title="bbox 1878 3502 3482 3580">
    <p class='ocr_par' dir='ltr' id='par_1_81' title="bbox 1878 3502 3482 3580">
     <span class='ocr_line' id='line_1_81' title="bbox 1878 3502 3482 3580; baseline -0.007 -16"><span class='ocrx_word' id='word_1_598' title='bbox 1878 3511 2132 3580; x_wconf 88' lang='lat' dir='ltr'><strong>quoniam</strong></span> <span class='ocrx_word' id='word_1_599' title='bbox 2166 3507 2470 3563; x_wconf 88' lang='lat' dir='ltr'><strong>communis</strong></span> <span class='ocrx_word' id='word_1_600' title='bbox 2507 3507 2724 3563; x_wconf 86' lang='lat' dir='ltr'><strong>habitus</strong></span> <span class='ocrx_word' id='word_1_601' title='bbox 2778 3515 2884 3572; x_wconf 90' lang='lat' dir='ltr'><strong>est,</strong></span> <span class='ocrx_word' id='word_1_602' title='bbox 2922 3503 3194 3576; x_wconf 85' lang='lat' dir='ltr'><strong>Unigeniti</strong></span> <span class='ocrx_word' id='word_1_603' title='bbox 3225 3502 3482 3571; x_wconf 39' lang='lat' dir='ltr'><strong>dignitas‘</strong></span> 
     </span>
    </p>
   </div>
   <div class='ocr_carea' id='block_1_82' title="bbox 1880 3589 3451 3657">
    <p class='ocr_par' dir='ltr' id='par_1_82' title="bbox 1880 3589 3451 3657">
     <span class='ocr_line' id='line_1_82' title="bbox 1880 3589 3451 3657; baseline -0.008 0"><span class='ocrx_word' id='word_1_604' title='bbox 1880 3589 2005 3657; x_wconf 56' lang='lat' dir='ltr'><strong>tem&#39;</strong></span> <span class='ocrx_word' id='word_1_605' title='bbox 2024 3602 2228 3657; x_wconf 88' lang='lat' dir='ltr'><strong>destrui</strong></span> <span class='ocrx_word' id='word_1_606' title='bbox 2257 3601 2551 3656; x_wconf 79' lang='lat' dir='ltr'><strong>existimet.</strong></span> <span class='ocrx_word' id='word_1_607' title='bbox 2585 3599 2702 3655; x_wconf 83' lang='lat' dir='ltr'><strong>Non</strong></span> <span class='ocrx_word' id='word_1_608' title='bbox 2733 3600 2878 3655; x_wconf 90' lang='lat' dir='ltr'><strong>enim</strong></span> <span class='ocrx_word' id='word_1_609' title='bbox 2908 3598 3078 3654; x_wconf 90' lang='lat' dir='ltr'><strong>Filius</strong></span> <span class='ocrx_word' id='word_1_610' title='bbox 3109 3597 3162 3652; x_wconf 90' lang='lat' dir='ltr'><strong>in</strong></span> <span class='ocrx_word' id='word_1_611' title='bbox 3185 3612 3250 3652; x_wconf 91' lang='lat' dir='ltr'><strong>eo</strong></span> <span class='ocrx_word' id='word_1_612' title='bbox 3275 3593 3451 3652; x_wconf 78' lang='lat' dir='ltr'><strong>diﬂ‘crt</strong></span> 
     </span>
    </p>
   </div>
   <div class='ocr_carea' id='block_1_83' title="bbox 1877 3686 3470 3762">
    <p class='ocr_par' dir='ltr' id='par_1_83' title="bbox 1877 3686 3470 3762">
     <span class='ocr_line' id='line_1_83' title="bbox 1877 3686 3470 3762; baseline -0.007 -15"><span class='ocrx_word' id='word_1_613' title='bbox 1877 3693 1946 3748; x_wconf 92' lang='lat' dir='ltr'><strong>ab</strong></span> <span class='ocrx_word' id='word_1_614' title='bbox 1981 3692 2126 3757; x_wconf 89' lang='lat' dir='ltr'><strong>aliis,</strong></span> <span class='ocrx_word' id='word_1_615' title='bbox 2155 3691 2300 3762; x_wconf 88' lang='lat' dir='ltr'><strong>quod</strong></span> <span class='ocrx_word' id='word_1_616' title='bbox 2348 3705 2468 3747; x_wconf 90' lang='lat' dir='ltr'><strong>sese</strong></span> <span class='ocrx_word' id='word_1_617' title='bbox 2513 3691 2580 3746; x_wconf 86' lang='lat' dir='ltr'><strong>ad</strong></span> <span class='ocrx_word' id='word_1_618' title='bbox 2620 3690 2822 3760; x_wconf 87' lang='lat' dir='ltr'><strong>aliquid</strong></span> <span class='ocrx_word' id='word_1_619' title='bbox 2848 3701 2996 3746; x_wconf 90' lang='lat' dir='ltr'><strong>certo</strong></span> <span class='ocrx_word' id='word_1_620' title='bbox 3023 3686 3470 3758; x_wconf 74' lang='lat' dir='ltr'><strong>quedam-modo.</strong></span> 
     </span>
    </p>
   </div>
   <div class='ocr_carea' id='block_1_84' title="bbox 1878 3777 3450 3853">
    <p class='ocr_par' dir='ltr' id='par_1_84' title="bbox 1878 3777 3450 3853">
     <span class='ocr_line' id='line_1_84' title="bbox 1878 3777 3450 3853; baseline -0.008 -12"><span class='ocrx_word' id='word_1_621' title='bbox 1878 3786 2078 3841; x_wconf 88' lang='lat' dir='ltr'><strong>habeat</strong></span> <span class='ocrx_word' id='word_1_622' title='bbox 2105 3802 2121 3838; x_wconf 87' lang='lat'><strong>:</strong></span> <span class='ocrx_word' id='word_1_623' title='bbox 2149 3784 2242 3840; x_wconf 89' lang='lat' dir='ltr'><strong>sed</strong></span> <span class='ocrx_word' id='word_1_624' title='bbox 2274 3783 2366 3838; x_wconf 92' lang='lat' dir='ltr'><strong>Dei</strong></span> <span class='ocrx_word' id='word_1_625' title='bbox 2401 3783 2708 3853; x_wconf 60' lang='lat' dir='ltr'><strong>praestantia</strong></span> <span class='ocrx_word' id='word_1_626' title='bbox 2743 3797 2848 3851; x_wconf 91' lang='lat' dir='ltr'><strong>qua</strong></span> <span class='ocrx_word' id='word_1_627' title='bbox 2877 3795 2966 3836; x_wconf 88' lang='lat' dir='ltr'><strong>res</strong></span> <span class='ocrx_word' id='word_1_628' title='bbox 2997 3777 3252 3834; x_wconf 85' lang='lat' dir='ltr'><strong>mortales</strong></span> <span class='ocrx_word' id='word_1_629' title='bbox 3285 3791 3450 3843; x_wconf 85' lang='lat' dir='ltr'><strong>supe--</strong></span> 
     </span>
    </p>
   </div>
   <div class='ocr_carea' id='block_1_85' title="bbox 1879 3868 3474 3945">
    <p class='ocr_par' dir='ltr' id='par_1_85' title="bbox 1879 3868 3474 3945">
     <span class='ocr_line' id='line_1_85' title="bbox 1879 3868 3474 3945; baseline -0.009 -12"><span class='ocrx_word' id='word_1_630' title='bbox 1879 3885 1986 3942; x_wconf 89' lang='lat' dir='ltr'><strong>rat,</strong></span> <span class='ocrx_word' id='word_1_631' title='bbox 2020 3877 2074 3930; x_wconf 85' lang='lat' dir='ltr'><strong>in</strong></span> <span class='ocrx_word' id='word_1_632' title='bbox 2119 3874 2437 3932; x_wconf 82' lang='lat' dir='ltr'><strong>substantiae</strong></span> <span class='ocrx_word' id='word_1_633' title='bbox 2483 3873 2818 3945; x_wconf 87' lang='lat' dir='ltr'><strong>preprietate</strong></span> <span class='ocrx_word' id='word_1_634' title='bbox 2860 3871 3178 3928; x_wconf 82' lang='lat' dir='ltr'><strong>ostenditur.</strong></span> <span class='ocrx_word' id='word_1_635' title='bbox 3209 3868 3274 3922; x_wconf 77' lang='lat' dir='ltr'><strong>At</strong></span> <span class='ocrx_word' id='word_1_636' title='bbox 3317 3881 3474 3922; x_wconf 70' lang='lat' dir='ltr'><strong>con-.-</strong></span> 
     </span>
    </p>
   </div>
   <div class='ocr_carea' id='block_1_86' title="bbox 1880 3960 3446 4037">
    <p class='ocr_par' dir='ltr' id='par_1_86' title="bbox 1880 3960 3446 4037">
     <span class='ocr_line' id='line_1_86' title="bbox 1880 3960 3446 4037; baseline -0.009 -14"><span class='ocrx_word' id='word_1_637' title='bbox 1880 3969 2114 4024; x_wconf 87' lang='lat' dir='ltr'><strong>siderate</strong></span> <span class='ocrx_word' id='word_1_638' title='bbox 2140 3967 2206 4024; x_wconf 88' lang='lat' dir='ltr'><strong>ad</strong></span> <span class='ocrx_word' id='word_1_639' title='bbox 2230 3982 2388 4037; x_wconf 89' lang='lat' dir='ltr'><strong>quam</strong></span> <span class='ocrx_word' id='word_1_640' title='bbox 2412 3966 2664 4036; x_wconf 88' lang='lat' dir='ltr'><strong>ineptiam</strong></span> <span class='ocrx_word' id='word_1_641' title='bbox 2695 3963 2956 4021; x_wconf 77' lang='lat' dir='ltr'><strong>doctrina.</strong></span> <span class='ocrx_word' id='word_1_642' title='bbox 2971 3965 3166 4018; x_wconf 82' lang='lat' dir='ltr'><strong>borum</strong></span> <span class='ocrx_word' id='word_1_643' title='bbox 3192 3960 3446 4016; x_wconf 75' lang='lat' dir='ltr'><strong>deducat.</strong></span> 
     </span>
    </p>
   </div>
   <div class='ocr_carea' id='block_1_87' title="bbox 1882 4056 3480 4131">
    <p class='ocr_par' dir='ltr' id='par_1_87' title="bbox 1882 4056 3480 4131">
     <span class='ocr_line' id='line_1_87' title="bbox 1882 4056 3480 4131; baseline -0.007 -15"><span class='ocrx_word' id='word_1_644' title='bbox 1882 4061 1940 4116; x_wconf 86' lang='lat' dir='ltr'><strong>Si</strong></span> <span class='ocrx_word' id='word_1_645' title='bbox 1968 4061 2235 4131; x_wconf 85' lang='lat' dir='ltr'><strong>genitura,</strong></span> <span class='ocrx_word' id='word_1_646' title='bbox 2262 4060 2485 4116; x_wconf 88' lang='lat' dir='ltr'><strong>alterius</strong></span> <span class='ocrx_word' id='word_1_647' title='bbox 2515 4059 2760 4130; x_wconf 85' lang='lat' dir='ltr'><strong>genitura</strong></span> <span class='ocrx_word' id='word_1_648' title='bbox 2795 4061 3026 4123; x_wconf 88' lang='lat' dir='ltr'><strong>dicatur,</strong></span> <span class='ocrx_word' id='word_1_649' title='bbox 3063 4056 3202 4112; x_wconf 90' lang='lat' dir='ltr'><strong>sicut</strong></span> <span class='ocrx_word' id='word_1_650' title='bbox 3222 4062 3278 4109; x_wconf 90' lang='lat' dir='ltr'><strong>et</strong></span> <span class='ocrx_word' id='word_1_651' title='bbox 3302 4065 3480 4108; x_wconf 81' lang='lat' dir='ltr'><strong>com-&#39;</strong></span> 
     </span>
    </p>
   </div>
   <div class='ocr_carea' id='block_1_88' title="bbox 1881 4142 3452 4217">
    <p class='ocr_par' dir='ltr' id='par_1_88' title="bbox 1881 4142 3452 4217">
     <span class='ocr_line' id='line_1_88' title="bbox 1881 4142 3452 4217; baseline -0.005 -13"><span class='ocrx_word' id='word_1_652' title='bbox 1881 4149 2396 4206; x_wconf 84' lang='lat' dir='ltr'><strong>munisconsuetudo</strong></span> <span class='ocrx_word' id='word_1_653' title='bbox 2412 4152 2832 4215; x_wconf 82' lang='lat' dir='ltr'><strong>conlirtnat,nec</strong></span> <span class='ocrx_word' id='word_1_654' title='bbox 2864 4150 3146 4217; x_wconf 89' lang='lat' dir='ltr'><strong>quisquam</strong></span> <span class='ocrx_word' id='word_1_655' title='bbox 3180 4142 3452 4200; x_wconf 88' lang='lat' dir='ltr'><strong>contradi-</strong></span> 
     </span>
    </p>
   </div>
   <div class='ocr_carea' id='block_1_89' title="bbox 1881 4241 3455 4313">
    <p class='ocr_par' dir='ltr' id='par_1_89' title="bbox 1881 4241 3455 4313">
     <span class='ocr_line' id='line_1_89' title="bbox 1881 4241 3455 4313; baseline -0.006 -17"><span class='ocrx_word' id='word_1_656' title='bbox 1881 4251 1988 4306; x_wconf 87' lang='lat' dir='ltr'><strong>cet,</strong></span> <span class='ocrx_word' id='word_1_657' title='bbox 2007 4243 2120 4298; x_wconf 68' lang='lat' dir='ltr'><strong>haec</strong></span> <span class='ocrx_word' id='word_1_658' title='bbox 2150 4244 2258 4313; x_wconf 88' lang='lat' dir='ltr'><strong>ipsa</strong></span> <span class='ocrx_word' id='word_1_659' title='bbox 2292 4253 2470 4296; x_wconf 89' lang='lat' dir='ltr'><strong>autem</strong></span> <span class='ocrx_word' id='word_1_660' title='bbox 2499 4243 2740 4312; x_wconf 83' lang='lat' dir='ltr'><strong>genitura</strong></span> <span class='ocrx_word' id='word_1_661' title='bbox 2773 4243 2825 4296; x_wconf 94' lang='lat' dir='ltr'><strong>in</strong></span> <span class='ocrx_word' id='word_1_662' title='bbox 2846 4241 2983 4296; x_wconf 83' lang='lat' dir='ltr'><strong>Filio</strong></span> <span class='ocrx_word' id='word_1_663' title='bbox 3015 4252 3228 4308; x_wconf 92' lang='lat' dir='ltr'><strong>quoque</strong></span> <span class='ocrx_word' id='word_1_664' title='bbox 3255 4251 3455 4292; x_wconf 83' lang='lat' dir='ltr'><strong>secun-</strong></span> 
     </span>
    </p>
   </div>
   <div class='ocr_carea' id='block_1_90' title="bbox 1881 4331 3473 4404">
    <p class='ocr_par' dir='ltr' id='par_1_90' title="bbox 1881 4331 3473 4404">
     <span class='ocr_line' id='line_1_90' title="bbox 1881 4331 3473 4404; baseline -0.003 -18"><span class='ocrx_word' id='word_1_665' title='bbox 1881 4332 2006 4387; x_wconf 93' lang='lat' dir='ltr'><strong>dum</strong></span> <span class='ocrx_word' id='word_1_666' title='bbox 2023 4335 2212 4388; x_wconf 88' lang='lat' dir='ltr'><strong>borum</strong></span> <span class='ocrx_word' id='word_1_667' title='bbox 2228 4335 2522 4389; x_wconf 85' lang='lat' dir='ltr'><strong>doctrinam</strong></span> <span class='ocrx_word' id='word_1_668' title='bbox 2538 4335 2890 4389; x_wconf 86' lang='lat' dir='ltr'><strong>substantiam</strong></span> <span class='ocrx_word' id='word_1_669' title='bbox 2907 4333 3191 4404; x_wconf 86' lang='lat' dir='ltr'><strong>signiﬁcet,</strong></span> <span class='ocrx_word' id='word_1_670' title='bbox 3208 4331 3473 4390; x_wconf 66' lang='lat' dir='ltr'><strong>substan-.</strong></span> 
     </span>
    </p>
   </div>
   <div class='ocr_carea' id='block_1_91' title="bbox 203 4416 1772 4499">
    <p class='ocr_par' dir='ltr' id='par_1_91' title="bbox 203 4416 1772 4492">
     <span class='ocr_line' id='line_1_91' title="bbox 203 4416 1772 4492; baseline 0.002 -21"><span class='ocrx_word' id='word_1_671' title='bbox 203 4417 300 4472; x_wconf 89' lang='lat'><strong>105</strong></span> <span class='ocrx_word' id='word_1_672' title='bbox 333 4420 672 4490; x_wconf 85' lang='grc' dir='ltr'>γεννήματος</span> <span class='ocrx_word' id='word_1_673' title='bbox 703 4418 1042 4492; x_wconf 84' lang='grc' dir='ltr'>προσηγορία</span> <span class='ocrx_word' id='word_1_674' title='bbox 1089 4419 1444 4490; x_wconf 84' lang='grc' dir='ltr'>σημαίνουσα,</span> <span class='ocrx_word' id='word_1_675' title='bbox 1475 4422 1611 4492; x_wconf 80' lang='grc' dir='ltr'>ὅπερ</span> <span class='ocrx_word' id='word_1_676' title='bbox 1636 4416 1772 4476; x_wconf 80' lang='grc' dir='ltr'>οῦτοι</span> 
     </span>
    </p>
   </div>
   <div class='ocr_carea' id='block_1_92' title="bbox 1879 4416 3480 4499">
    <p class='ocr_par' dir='ltr' id='par_1_92' title="bbox 1887 4425 3480 4499">
     <span class='ocr_line' id='line_1_92' title="bbox 1887 4425 3480 4499; baseline -0.001 -21"><span class='ocrx_word' id='word_1_677' title='bbox 1887 4425 1956 4479; x_wconf 90' lang='lat' dir='ltr'><strong>tia</strong></span> <span class='ocrx_word' id='word_1_678' title='bbox 1979 4425 2082 4478; x_wconf 89' lang='lat' dir='ltr'><strong>erit</strong></span> <span class='ocrx_word' id='word_1_679' title='bbox 2103 4425 2261 4491; x_wconf 89' lang='lat' dir='ltr'><strong>illius,</strong></span> <span class='ocrx_word' id='word_1_680' title='bbox 2278 4427 2428 4496; x_wconf 90' lang='lat' dir='ltr'><strong>cujus</strong></span> <span class='ocrx_word' id='word_1_681' title='bbox 2454 4429 2695 4498; x_wconf 87' lang='lat' dir='ltr'><strong>genitura</strong></span> <span class='ocrx_word' id='word_1_682' title='bbox 2716 4429 2924 4482; x_wconf 87' lang='lat' dir='ltr'><strong>dicitur.</strong></span> <span class='ocrx_word' id='word_1_683' title='bbox 2943 4426 3104 4499; x_wconf 58' lang='lat'><strong>2&amp;6</strong></span> <span class='ocrx_word' id='word_1_684' title='bbox 3121 4427 3191 4479; x_wconf 86' lang='lat' dir='ltr'><strong>Ex</strong></span> <span class='ocrx_word' id='word_1_685' title='bbox 3219 4427 3321 4479; x_wconf 91' lang='lat' dir='ltr'><strong>hac</strong></span> <span class='ocrx_word' id='word_1_686' title='bbox 3354 4425 3480 4477; x_wconf 66' lang='lat' dir='ltr'><strong>ita--</strong></span> 
     </span>
    </p>
   </div>
   <div class='ocr_carea' id='block_1_93' title="bbox 210 4506 1782 4590">
    <p class='ocr_par' dir='ltr' id='par_1_93' title="bbox 210 4506 1782 4590">
     <span class='ocr_line' id='line_1_93' title="bbox 210 4506 1782 4590; baseline 0.001 -26"><span class='ocrx_word' id='word_1_687' title='bbox 210 4509 507 4590; x_wconf 73' lang='grc' dir='ltr'>βιᾴζονται,</span> <span class='ocrx_word' id='word_1_688' title='bbox 539 4510 675 4564; x_wconf 81' lang='grc' dir='ltr'>ἀλλὰ</span> <span class='ocrx_word' id='word_1_689' title='bbox 709 4511 801 4564; x_wconf 89' lang='grc' dir='ltr'><strong>τοῦ</strong></span> <span class='ocrx_word' id='word_1_690' title='bbox 828 4509 962 4562; x_wconf 84' lang='grc' dir='ltr'>Θεοῦ</span> <span class='ocrx_word' id='word_1_691' title='bbox 993 4511 1285 4566; x_wconf 83' lang='grc' dir='ltr'>τῶν-ὅλων.</span> <span class='ocrx_word' id='word_1_692' title='bbox 1321 4512 1383 4564; x_wconf 85' lang='lat' dir='ltr'><strong>Ei</strong></span> <span class='ocrx_word' id='word_1_693' title='bbox 1409 4511 1516 4581; x_wconf 73' lang='grc' dir='ltr'>γὰρ</span> <span class='ocrx_word' id='word_1_694' title='bbox 1544 4512 1640 4582; x_wconf 78' lang='grc' dir='ltr'><strong>οὐχ</strong></span> <span class='ocrx_word' id='word_1_695' title='bbox 1672 4506 1782 4566; x_wconf 76' lang='grc' dir='ltr'>οἷόν</span> 
     </span>
    </p>
   </div>
   <div class='ocr_carea' id='block_1_94' title="bbox 205 4601 1783 4676">
    <p class='ocr_par' dir='ltr' id='par_1_94' title="bbox 205 4601 1783 4676">
     <span class='ocr_line' id='line_1_94' title="bbox 205 4601 1783 4676; baseline 0 -19"><span class='ocrx_word' id='word_1_696' title='bbox 205 4621 266 4658; x_wconf 88' lang='grc' dir='ltr'><strong>τε</strong></span> <span class='ocrx_word' id='word_1_697' title='bbox 292 4605 478 4675; x_wconf 72' lang='grc' dir='ltr'>ἕτερον</span> <span class='ocrx_word' id='word_1_698' title='bbox 507 4604 603 4675; x_wconf 82' lang='grc' dir='ltr'><strong>μέν</strong></span> <span class='ocrx_word' id='word_1_699' title='bbox 626 4621 676 4656; x_wconf 88' lang='grc' dir='ltr'><strong>τι</strong></span> <span class='ocrx_word' id='word_1_700' title='bbox 711 4603 809 4673; x_wconf 80' lang='grc' dir='ltr'><strong>τὴν</strong></span> <span class='ocrx_word' id='word_1_701' title='bbox 837 4603 1025 4657; x_wconf 79' lang='grc' dir='ltr'>οὐσίαν</span> <span class='ocrx_word' id='word_1_702' title='bbox 1071 4602 1232 4668; x_wconf 81' lang='grc' dir='ltr'>νοεῖν,</span> <span class='ocrx_word' id='word_1_703' title='bbox 1263 4601 1448 4674; x_wconf 74' lang='grc' dir='ltr'>ἕτερον</span> <span class='ocrx_word' id='word_1_704' title='bbox 1477 4603 1534 4656; x_wconf 86' lang='grc' dir='ltr'><strong>δέ</strong></span> <span class='ocrx_word' id='word_1_705' title='bbox 1565 4621 1616 4656; x_wconf 89' lang='grc' dir='ltr'><strong>τι</strong></span> <span class='ocrx_word' id='word_1_706' title='bbox 1653 4605 1783 4676; x_wconf 80' lang='grc' dir='ltr'>παρ’</span> 
     </span>
    </p>
   </div>
   <div class='ocr_carea' id='block_1_95' title="bbox 283 4795 1776 4870">
    <p class='ocr_par' dir='ltr' id='par_1_95' title="bbox 283 4795 1776 4870">
     <span class='ocr_line' id='line_1_95' title="bbox 283 4795 1776 4870; baseline -0.003 -16"><span class='ocrx_word' id='word_1_707' title='bbox 283 4797 569 4870; x_wconf 66' lang='lat' dir='ltr'><strong>(54)Editi</strong></span> <span class='ocrx_word' id='word_1_708' title='bbox 595 4807 650 4870; x_wconf 87' lang='lat' dir='ltr'><strong>et</strong></span> <span class='ocrx_word' id='word_1_709' title='bbox 679 4797 818 4865; x_wconf 63' lang='lat' dir='ltr'><strong>Reg:</strong></span> <span class='ocrx_word' id='word_1_710' title='bbox 850 4806 1045 4870; x_wconf 64' lang='lat' dir='ltr'><strong>sextus</strong></span> <span class='ocrx_word' id='word_1_711' title='bbox 1081 4795 1272 4849; x_wconf 85' lang='grc' dir='ltr'>Καίτοι</span> <span class='ocrx_word' id='word_1_712' title='bbox 1323 4796 1519 4868; x_wconf 79' lang='grc' dir='ltr'>μικρὸν</span> <span class='ocrx_word' id='word_1_713' title='bbox 1563 4795 1776 4870; x_wconf 81' lang='grc' dir='ltr'>ἐμπρο-</span> 
     </span>
    </p>
   </div>
   <div class='ocr_carea' id='block_1_96' title="bbox 211 4865 1390 4936">
    <p class='ocr_par' dir='ltr' id='par_1_96' title="bbox 211 4865 1390 4936">
     <span class='ocr_line' id='line_1_96' title="bbox 211 4865 1390 4936; baseline -0.003 -13"><span class='ocrx_word' id='word_1_714' title='bbox 211 4865 360 4924; x_wconf 81' lang='grc' dir='ltr'>σθεν.</span> <span class='ocrx_word' id='word_1_715' title='bbox 382 4865 490 4921; x_wconf 62' lang='grc' dir='ltr'><strong>Ἀὶὶἰ</strong></span> <span class='ocrx_word' id='word_1_716' title='bbox 521 4869 1008 4936; x_wconf 83' lang='lat' dir='ltr'><strong>quinque~mss._ttt</strong></span> <span class='ocrx_word' id='word_1_717' title='bbox 1033 4865 1083 4918; x_wconf 92' lang='lat' dir='ltr'><strong>in</strong></span> <span class='ocrx_word' id='word_1_718' title='bbox 1112 4865 1390 4920; x_wconf 78' lang='lat' dir='ltr'><strong>cenlextu.</strong></span> 
     </span>
    </p>
   </div>
   <div class='ocr_carea' id='block_1_97' title="bbox 285 4934 1778 5012">
    <p class='ocr_par' dir='ltr' id='par_1_97' title="bbox 285 4934 1778 5012">
     <span class='ocr_line' id='line_1_97' title="bbox 285 4934 1778 5012; baseline -0.003 -18"><span class='ocrx_word' id='word_1_719' title='bbox 285 4937 401 5012; x_wconf 74' lang='grc'>(55)</span> <span class='ocrx_word' id='word_1_720' title='bbox 431 4939 606 4993; x_wconf 87' lang='lat' dir='ltr'><strong>Editio</strong></span> <span class='ocrx_word' id='word_1_721' title='bbox 655 4934 882 5012; x_wconf 58' lang='lat' dir='ltr'><strong>utraque</strong></span> <span class='ocrx_word' id='word_1_722' title='bbox 906 4934 1115 5012; x_wconf 87' lang='lat' dir='ltr'><strong>_Pa-r_is._</strong></span> <span class='ocrx_word' id='word_1_723' title='bbox 1170 4943 1224 4990; x_wconf 84' lang='lat' dir='ltr'><strong>et</strong></span> <span class='ocrx_word' id='word_1_724' title='bbox 1253 4937 1408 5012; x_wconf 75' lang='lat' dir='ltr'><strong>_Veu_.</strong></span> <span class='ocrx_word' id='word_1_725' title='bbox 1463 4951 1586 4989; x_wconf 86' lang='lat' dir='ltr'><strong>cum</strong></span> <span class='ocrx_word' id='word_1_726' title='bbox 1621 4935 1778 5012; x_wconf 35' lang='lat' dir='ltr'><strong>.lieg.</strong></span> 
     </span>
    </p>
   </div>
   <div class='ocr_carea' id='block_1_98' title="bbox 211 5005 1784 5080">
    <p class='ocr_par' dir='ltr' id='par_1_98' title="bbox 211 5005 1784 5080">
     <span class='ocr_line' id='line_1_98' title="bbox 211 5005 1784 5080; baseline -0.003 -18"><span class='ocrx_word' id='word_1_727' title='bbox 211 5005 404 5080; x_wconf 81' lang='lat' dir='ltr'><strong>quinto</strong></span> <span class='ocrx_word' id='word_1_728' title='bbox 449 5019 502 5080; x_wconf 76' lang='lat' dir='ltr'><strong>et</strong></span> <span class='ocrx_word' id='word_1_729' title='bbox 534 5005 838 5080; x_wconf 24' lang='lat' dir='ltr'><strong>cumAGolb.</strong></span> <span class='ocrx_word' id='word_1_730' title='bbox 867 5006 968 5080; x_wconf 78' lang='grc' dir='ltr'>τὴν</span> <span class='ocrx_word' id='word_1_731' title='bbox 997 5005 1204 5080; x_wconf 43' lang='lat' dir='ltr'><strong>eiiciam.</strong></span> <span class='ocrx_word' id='word_1_732' title='bbox 1250 5005 1398 5063; x_wconf 69' lang='lat' dir='ltr'><strong>Recii</strong></span> <span class='ocrx_word' id='word_1_733' title='bbox 1429 5005 1701 5080; x_wconf 78' lang='lat' dir='ltr'><strong>secundus</strong></span> <span class='ocrx_word' id='word_1_734' title='bbox 1727 5015 1784 5060; x_wconf 90' lang='lat' dir='ltr'><strong>et</strong></span> 
     </span>
    </p>
   </div>
   <div class='ocr_carea' id='block_1_99' title="bbox 215 5076 1781 5150">
    <p class='ocr_par' dir='ltr' id='par_1_99' title="bbox 215 5076 1781 5150">
     <span class='ocr_line' id='line_1_99' title="bbox 215 5076 1781 5150; baseline -0.004 -16"><span class='ocrx_word' id='word_1_735' title='bbox 215 5076 412 5136; x_wconf 73' lang='lat' dir='ltr'><strong>tertius</strong></span> <span class='ocrx_word' id='word_1_736' title='bbox 437 5077 538 5150; x_wconf 75' lang='grc' dir='ltr'><strong>τὴν</strong></span> <span class='ocrx_word' id='word_1_737' title='bbox 569 5077 888 5150; x_wconf 78' lang='grc' dir='ltr'>ὑπόστασιν.</span> <span class='ocrx_word' id='word_1_738' title='bbox 919 5076 992 5150; x_wconf 87' lang='lat' dir='ltr'><strong>Iu_</strong></span> <span class='ocrx_word' id='word_1_739' title='bbox 1029 5076 1158 5144; x_wconf 80' lang='lat' dir='ltr'><strong>Reg.</strong></span> <span class='ocrx_word' id='word_1_740' title='bbox 1189 5085 1384 5150; x_wconf 83' lang='lat' dir='ltr'><strong>quarto</strong></span> <span class='ocrx_word' id='word_1_741' title='bbox 1428 5076 1478 5128; x_wconf 91' lang='lat' dir='ltr'><strong>in</strong></span> <span class='ocrx_word' id='word_1_742' title='bbox 1520 5087 1781 5150; x_wconf 72' lang='lat' dir='ltr'><strong>contextu</strong></span> 
     </span>
    </p>
   </div>
   <div class='ocr_carea' id='block_1_100' title="bbox 215 5145 1788 5218">
    <p class='ocr_par' dir='ltr' id='par_1_100' title="bbox 215 5145 1788 5218">
     <span class='ocr_line' id='line_1_100' title="bbox 215 5145 1788 5218; baseline -0.004 -15"><span class='ocrx_word' id='word_1_743' title='bbox 215 5149 412 5218; x_wconf 71' lang='lat' dir='ltr'><strong>legitur</strong></span> <span class='ocrx_word' id='word_1_744' title='bbox 432 5145 532 5218; x_wconf 65' lang='grc' dir='ltr'>τήν</span> <span class='ocrx_word' id='word_1_745' title='bbox 585 5147 884 5218; x_wconf 83' lang='grc' dir='ltr'>ὑπόστασιν</span> <span class='ocrx_word' id='word_1_746' title='bbox 919 5161 934 5218; x_wconf 64' lang='grc' dir='ltr'><strong>ξ</strong></span> <span class='ocrx_word' id='word_1_747' title='bbox 983 5147 1035 5218; x_wconf 76' lang='lat' dir='ltr'><strong>in</strong></span> <span class='ocrx_word' id='word_1_748' title='bbox 1085 5147 1326 5218; x_wconf 77' lang='lat' dir='ltr'><strong>margine</strong></span> <span class='ocrx_word' id='word_1_749' title='bbox 1369 5159 1497 5218; x_wconf 80' lang='lat' dir='ltr'><strong>vero</strong></span> <span class='ocrx_word' id='word_1_750' title='bbox 1529 5145 1788 5218; x_wconf 26' lang='grc' dir='ltr'><strong>*τὴν-μού-</strong></span> 
     </span>
    </p>
   </div>
   <div class='ocr_carea' id='block_1_101' title="bbox 217 5213 1784 5282">
    <p class='ocr_par' dir='ltr' id='par_1_101' title="bbox 217 5213 1784 5282">
     <span class='ocr_line' id='line_1_101' title="bbox 217 5213 1784 5282; baseline -0.004 -9"><span class='ocrx_word' id='word_1_751' title='bbox 217 5222 362 5273; x_wconf 86' lang='grc' dir='ltr'>σίαν.</span> <span class='ocrx_word' id='word_1_752' title='bbox 399 5213 740 5274; x_wconf 69' lang='grc' dir='ltr'>Μὶίὶι.3υιθιη</span> <span class='ocrx_word' id='word_1_753' title='bbox 773 5215 1066 5271; x_wconf 88' lang='lat' dir='ltr'><strong>verisimile</strong></span> <span class='ocrx_word' id='word_1_754' title='bbox 1101 5213 1178 5278; x_wconf 83' lang='lat' dir='ltr'><strong>ﬁt,</strong></span> <span class='ocrx_word' id='word_1_755' title='bbox 1211 5213 1499 5282; x_wconf 78' lang='lat' dir='ltr'><strong>Scripsisse</strong></span> <span class='ocrx_word' id='word_1_756' title='bbox 1529 5213 1784 5268; x_wconf 66' lang='lat' dir='ltr'><strong>Ba&#39;silium</strong></span> 
     </span>
    </p>
   </div>
   <div class='ocr_carea' id='block_1_102' title="bbox 213 5283 1786 5361">
    <p class='ocr_par' dir='ltr' id='par_1_102' title="bbox 213 5283 1786 5361">
     <span class='ocr_line' id='line_1_102' title="bbox 213 5283 1786 5361; baseline -0.005 -17"><span class='ocrx_word' id='word_1_757' title='bbox 213 5287 664 5361; x_wconf 60' lang='lat' dir='ltr'><strong>1hv5116510tmv,</strong></span> <span class='ocrx_word' id='word_1_758' title='bbox 699 5287 1020 5361; x_wconf 73' lang='lat' dir='ltr'><strong>hypostasim</strong></span> <span class='ocrx_word' id='word_1_759' title='bbox 1063 5283 1330 5361; x_wconf 75' lang='lat' dir='ltr'><strong>Unigenili</strong></span> <span class='ocrx_word' id='word_1_760' title='bbox 1381 5297 1400 5336; x_wconf 91' lang='lat'><strong><em>:</em></strong></span> <span class='ocrx_word' id='word_1_761' title='bbox 1437 5300 1621 5361; x_wconf 71' lang='lat' dir='ltr'><strong>vocem</strong></span> <span class='ocrx_word' id='word_1_762' title='bbox 1655 5299 1786 5361; x_wconf 68' lang='lat' dir='ltr'><strong>vere</strong></span> 
     </span>
    </p>
   </div>
   <div class='ocr_carea' id='block_1_103' title="bbox 215 5353 1788 5426">
    <p class='ocr_par' dir='ltr' id='par_1_103' title="bbox 215 5353 1788 5426">
     <span class='ocr_line' id='line_1_103' title="bbox 215 5353 1788 5426; baseline -0.004 -13"><span class='ocrx_word' id='word_1_763' title='bbox 215 5353 410 5413; x_wconf 67' lang='lat' dir='ltr'><strong>o5oiaw</strong></span> <span class='ocrx_word' id='word_1_764' title='bbox 471 5358 702 5426; x_wconf 88' lang='lat' dir='ltr'><strong>primum</strong></span> <span class='ocrx_word' id='word_1_765' title='bbox 737 5353 796 5410; x_wconf 82' lang='lat' dir='ltr'><strong>in</strong></span> <span class='ocrx_word' id='word_1_766' title='bbox 852 5356 1094 5420; x_wconf 84' lang='lat' dir='ltr'><strong>margine</strong></span> <span class='ocrx_word' id='word_1_767' title='bbox 1152 5355 1444 5426; x_wconf 77' lang='lat' dir='ltr'><strong>ascriptarn</strong></span> <span class='ocrx_word' id='word_1_768' title='bbox 1502 5355 1672 5409; x_wconf 85' lang='lat' dir='ltr'><strong>fuisse</strong></span> <span class='ocrx_word' id='word_1_769' title='bbox 1720 5353 1788 5407; x_wconf 88' lang='lat' dir='ltr'><strong>ab</strong></span> 
     </span>
    </p>
   </div>
   <div class='ocr_carea' id='block_1_104' title="bbox 219 5424 1790 5497">
    <p class='ocr_par' dir='ltr' id='par_1_104' title="bbox 219 5424 1790 5497">
     <span class='ocr_line' id='line_1_104' title="bbox 219 5424 1790 5497; baseline -0.003 -14"><span class='ocrx_word' id='word_1_770' title='bbox 219 5432 428 5497; x_wconf 85' lang='lat' dir='ltr'><strong>aliquo,</strong></span> <span class='ocrx_word' id='word_1_771' title='bbox 471 5424 562 5496; x_wconf 76' lang='lat' dir='ltr'><strong>qui</strong></span> <span class='ocrx_word' id='word_1_772' title='bbox 612 5440 833 5481; x_wconf 84' lang='lat' dir='ltr'><strong>monere</strong></span> <span class='ocrx_word' id='word_1_773' title='bbox 883 5426 1060 5489; x_wconf 84' lang='lat' dir='ltr'><strong>vellet,</strong></span> <span class='ocrx_word' id='word_1_774' title='bbox 1095 5439 1282 5497; x_wconf 78' lang='lat' dir='ltr'><strong>vocem</strong></span> <span class='ocrx_word' id='word_1_775' title='bbox 1335 5424 1634 5478; x_wconf 81' lang='grc' dir='ltr'>ὑπόστασιν</span> <span class='ocrx_word' id='word_1_776' title='bbox 1683 5440 1790 5479; x_wconf 87' lang='lat' dir='ltr'><strong>non</strong></span> 
     </span>
    </p>
   </div>
   <div class='ocr_carea' id='block_1_105' title="bbox 219 5495 1788 5564">
    <p class='ocr_par' dir='ltr' id='par_1_105' title="bbox 219 5495 1788 5564">
     <span class='ocr_line' id='line_1_105' title="bbox 219 5495 1788 5564; baseline -0.006 -11"><span class='ocrx_word' id='word_1_777' title='bbox 219 5495 526 5554; x_wconf 37' lang='lat' dir='ltr'><strong>hic—stricte</strong></span> <span class='ocrx_word' id='word_1_778' title='bbox 559 5497 698 5550; x_wconf 87' lang='lat' dir='ltr'><strong>smni</strong></span> <span class='ocrx_word' id='word_1_779' title='bbox 755 5510 850 5563; x_wconf 84' lang='lat' dir='ltr'><strong>pro</strong></span> <span class='ocrx_word' id='word_1_780' title='bbox 895 5495 1210 5564; x_wconf 72' lang='lat' dir='ltr'><strong>bypostasi,</strong></span> <span class='ocrx_word' id='word_1_781' title='bbox 1247 5508 1340 5546; x_wconf 79' lang='lat' dir='ltr'><strong>seu</strong></span> <span class='ocrx_word' id='word_1_782' title='bbox 1386 5509 1482 5561; x_wconf 85' lang='lat' dir='ltr'><strong>pro</strong></span> <span class='ocrx_word' id='word_1_783' title='bbox 1533 5509 1788 5563; x_wconf 82' lang='lat' dir='ltr'><strong>persona,</strong></span> 
     </span>
    </p>
   </div>
   <div class='ocr_carea' id='block_1_106' title="bbox 221 5563 1783 5636">
    <p class='ocr_par' dir='ltr' id='par_1_106' title="bbox 221 5563 1783 5636">
     <span class='ocr_line' id='line_1_106' title="bbox 221 5563 1783 5636; baseline -0.004 -12"><span class='ocrx_word' id='word_1_784' title='bbox 221 5570 318 5624; x_wconf 88' lang='lat' dir='ltr'><strong>sed</strong></span> <span class='ocrx_word' id='word_1_785' title='bbox 353 5567 602 5636; x_wconf 82' lang='lat' dir='ltr'><strong>usurpari</strong></span> <span class='ocrx_word' id='word_1_786' title='bbox 645 5567 833 5620; x_wconf 86' lang='lat' dir='ltr'><strong>latiore</strong></span> <span class='ocrx_word' id='word_1_787' title='bbox 859 5563 1046 5627; x_wconf 87' lang='lat' dir='ltr'><strong>sensu,</strong></span> <span class='ocrx_word' id='word_1_788' title='bbox 1078 5563 1329 5636; x_wconf 75' lang='lat' dir='ltr'><strong>videlicet</strong></span> <span class='ocrx_word' id='word_1_789' title='bbox 1362 5579 1460 5630; x_wconf 89' lang='lat' dir='ltr'><strong>pro</strong></span> <span class='ocrx_word' id='word_1_790' title='bbox 1512 5567 1626 5636; x_wconf 83' lang='lat' dir='ltr'><strong>ipsa</strong></span> <span class='ocrx_word' id='word_1_791' title='bbox 1658 5567 1783 5617; x_wconf 89' lang='lat' dir='ltr'><strong>sub-</strong></span> 
     </span>
    </p>
   </div>
   <div class='ocr_carea' id='block_1_107' title="bbox 223 5633 1793 5702">
    <p class='ocr_par' dir='ltr' id='par_1_107' title="bbox 223 5633 1793 5702">
     <span class='ocr_line' id='line_1_107' title="bbox 223 5633 1793 5702; baseline -0.005 -8"><span class='ocrx_word' id='word_1_792' title='bbox 223 5640 450 5694; x_wconf 83' lang='lat' dir='ltr'><strong>stantia.</strong></span> <span class='ocrx_word' id='word_1_793' title='bbox 488 5633 622 5690; x_wconf 44' lang='lat' dir='ltr'><strong>‘Utut</strong></span> <span class='ocrx_word' id='word_1_794' title='bbox 647 5637 770 5691; x_wconf 76' lang='lat' dir='ltr'><strong>haec</strong></span> <span class='ocrx_word' id='word_1_795' title='bbox 795 5644 948 5702; x_wconf 65' lang='lat' dir='ltr'><strong>stult,</strong></span> <span class='ocrx_word' id='word_1_796' title='bbox 981 5634 1112 5690; x_wconf 79' lang='lat' dir='ltr'><strong>nihil</strong></span> <span class='ocrx_word' id='word_1_797' title='bbox 1140 5633 1478 5690; x_wconf 77' lang='lat' dir='ltr'><strong>incontextu</strong></span> <span class='ocrx_word' id='word_1_798' title='bbox 1511 5635 1793 5689; x_wconf 67' lang='grc' dir='ltr'>ἱιιιιιιυιιιιιτ</span> 
     </span>
    </p>
   </div>
   <div class='ocr_carea' id='block_1_108' title="bbox 223 5707 699 5766">
    <p class='ocr_par' dir='ltr' id='par_1_108' title="bbox 223 5707 699 5766">
     <span class='ocr_line' id='line_1_108' title="bbox 223 5707 699 5766; baseline -0.011 -1"><span class='ocrx_word' id='word_1_799' title='bbox 223 5713 352 5766; x_wconf 83' lang='lat' dir='ltr'><strong>dum</strong></span> <span class='ocrx_word' id='word_1_800' title='bbox 376 5707 699 5762; x_wconf 86' lang='lat' dir='ltr'><strong>censuimus.</strong></span> 
     </span>
    </p>
   </div>
   <div class='ocr_carea' id='block_1_109' title="bbox 1887 4515 3484 4585">
    <p class='ocr_par' dir='ltr' id='par_1_109' title="bbox 1887 4515 3484 4585">
     <span class='ocr_line' id='line_1_109' title="bbox 1887 4515 3484 4585; baseline -0.003 -19"><span class='ocrx_word' id='word_1_801' title='bbox 1887 4529 1992 4584; x_wconf 89' lang='lat' dir='ltr'><strong>que</strong></span> <span class='ocrx_word' id='word_1_802' title='bbox 2018 4517 2397 4572; x_wconf 85' lang='lat' dir='ltr'><strong>consecutione</strong></span> <span class='ocrx_word' id='word_1_803' title='bbox 2431 4518 2761 4581; x_wconf 85' lang='lat' dir='ltr'><strong>conﬁeietur,</strong></span> <span class='ocrx_word' id='word_1_804' title='bbox 2795 4528 2853 4571; x_wconf 91' lang='lat' dir='ltr'><strong>ut</strong></span> <span class='ocrx_word' id='word_1_805' title='bbox 2881 4519 3140 4585; x_wconf 75' lang='lat' dir='ltr'><strong>genitura:</strong></span> <span class='ocrx_word' id='word_1_806' title='bbox 3173 4515 3484 4584; x_wconf 80' lang='lat' dir='ltr'><strong>appellatio.</strong></span> 
     </span>
    </p>
   </div>
   <div class='ocr_carea' id='block_1_110' title="bbox 1899 4607 3476 4678">
    <p class='ocr_par' dir='ltr' id='par_1_110' title="bbox 1899 4607 3476 4678">
     <span class='ocr_line' id='line_1_110' title="bbox 1899 4607 3476 4678; baseline 0.001 -19"><span class='ocrx_word' id='word_1_807' title='bbox 1899 4621 2006 4659; x_wconf 89' lang='lat' dir='ltr'><strong>non</strong></span> <span class='ocrx_word' id='word_1_808' title='bbox 2052 4608 2288 4675; x_wconf 89' lang='lat' dir='ltr'><strong>amplius</strong></span> <span class='ocrx_word' id='word_1_809' title='bbox 2344 4608 2616 4678; x_wconf 87' lang='lat' dir='ltr'><strong>Unigeniti</strong></span> <span class='ocrx_word' id='word_1_810' title='bbox 2669 4609 3030 4664; x_wconf 85' lang='lat' dir='ltr'><strong>substantiam</strong></span> <span class='ocrx_word' id='word_1_811' title='bbox 3091 4607 3380 4677; x_wconf 84' lang='lat' dir='ltr'><strong>signiﬁcet,</strong></span> <span class='ocrx_word' id='word_1_812' title='bbox 3406 4607 3476 4660; x_wconf 13' lang='lat' dir='ltr'><strong>id}</strong></span> 
     </span>
    </p>
   </div>
   <div class='ocr_carea' id='block_1_111' title="bbox 1961 4778 3470 4854">
    <p class='ocr_par' dir='ltr' id='par_1_111' title="bbox 1961 4778 3470 4854">
     <span class='ocr_line' id='line_1_111' title="bbox 1961 4778 3470 4854; baseline 0 -19"><span class='ocrx_word' id='word_1_813' title='bbox 1961 4778 2074 4848; x_wconf 80' lang='grc'>(56)</span> <span class='ocrx_word' id='word_1_814' title='bbox 2109 4779 2242 4852; x_wconf 84' lang='lat' dir='ltr'><strong>Reg.</strong></span> <span class='ocrx_word' id='word_1_815' title='bbox 2285 4793 2509 4853; x_wconf 87' lang='lat' dir='ltr'><strong>quartus</strong></span> <span class='ocrx_word' id='word_1_816' title='bbox 2558 4783 2824 4854; x_wconf 77' lang='grc' dir='ltr'>ὁμοούσια·</span> <span class='ocrx_word' id='word_1_817' title='bbox 2861 4781 2930 4836; x_wconf 80' lang='grc' dir='ltr'>τὰ</span> <span class='ocrx_word' id='word_1_818' title='bbox 2971 4781 3470 4854; x_wconf 14' lang='grc' dir='ltr'>,γεννητάᾲπάντιη</span> 
     </span>
    </p>
   </div>
   <div class='ocr_carea' id='block_1_112' title="bbox 1891 4852 3461 4924">
    <p class='ocr_par' dir='ltr' id='par_1_112' title="bbox 1891 4852 3461 4924">
     <span class='ocr_line' id='line_1_112' title="bbox 1891 4852 3461 4924; baseline -0.001 -22"><span class='ocrx_word' id='word_1_819' title='bbox 1891 4854 2073 4924; x_wconf 76' lang='grc' dir='ltr'>οηιηίιι</span> <span class='ocrx_word' id='word_1_820' title='bbox 2125 4852 2446 4923; x_wconf 28' lang='grc' dir='ltr'>ᾳιιαξσυίηᾳηε</span> <span class='ocrx_word' id='word_1_821' title='bbox 2497 4852 2742 4924; x_wconf 72' lang='lat' dir='ltr'><strong>generata</strong></span> <span class='ocrx_word' id='word_1_822' title='bbox 2803 4862 2948 4915; x_wconf 77' lang='lat' dir='ltr'><strong>sunt,</strong></span> <span class='ocrx_word' id='word_1_823' title='bbox 3016 4861 3168 4924; x_wconf 63' lang='lat' dir='ltr'><strong>erant</strong></span> <span class='ocrx_word' id='word_1_824' title='bbox 3208 4852 3357 4924; x_wconf 55' lang='lat' dir='ltr'><strong>inter</strong></span> <span class='ocrx_word' id='word_1_825' title='bbox 3407 4869 3461 4924; x_wconf 68' lang='lat' dir='ltr'><strong>se</strong></span> 
     </span>
    </p>
   </div>
   <div class='ocr_carea' id='block_1_113' title="bbox 1889 4921 3460 4994">
    <p class='ocr_par' dir='ltr' id='par_1_113' title="bbox 1889 4921 3460 4994">
     <span class='ocr_line' id='line_1_113' title="bbox 1889 4921 3460 4994; baseline 0.002 -23"><span class='ocrx_word' id='word_1_826' title='bbox 1889 4921 2380 4977; x_wconf 58' lang='lat' dir='ltr'><strong>consubstantialia&#39;.</strong></span> <span class='ocrx_word' id='word_1_827' title='bbox 2417 4921 2613 4978; x_wconf 82' lang='lat' dir='ltr'><strong>Ibidem</strong></span> <span class='ocrx_word' id='word_1_828' title='bbox 2651 4939 2781 4978; x_wconf 90' lang='lat' dir='ltr'><strong>mss.</strong></span> <span class='ocrx_word' id='word_1_829' title='bbox 2821 4923 3175 4994; x_wconf 42' lang='lat' dir='ltr'><strong>quatuorl‘Ex</strong></span> <span class='ocrx_word' id='word_1_830' title='bbox 3202 4921 3282 4976; x_wconf 85' lang='grc' dir='ltr'><strong>δέ.</strong></span> <span class='ocrx_word' id='word_1_831' title='bbox 3319 4921 3460 4975; x_wconf 87' lang='lat' dir='ltr'><strong>Editi</strong></span> 
     </span>
    </p>
   </div>
   <div class='ocr_carea' id='block_1_114' title="bbox 1890 4994 2543 5064">
    <p class='ocr_par' dir='ltr' id='par_1_114' title="bbox 1890 4994 2543 5064">
     <span class='ocr_line' id='line_1_114' title="bbox 1890 4994 2543 5064; baseline 0.005 -21"><span class='ocrx_word' id='word_1_832' title='bbox 1890 5003 2014 5064; x_wconf 76' lang='lat' dir='ltr'><strong>cum</strong></span> <span class='ocrx_word' id='word_1_833' title='bbox 2027 5007 2146 5064; x_wconf 63' lang='lat' dir='ltr'><strong>uno</strong></span> <span class='ocrx_word' id='word_1_834' title='bbox 2175 5009 2302 5064; x_wconf 89' lang='lat' dir='ltr'><strong>mss.</strong></span> <span class='ocrx_word' id='word_1_835' title='bbox 2348 4994 2543 5064; x_wconf 76' lang='grc' dir='ltr'>Ἐκδή.</span> 
     </span>
    </p>
   </div>
   <div class='ocr_carea' id='block_1_115' title="bbox 1963 5061 2878 5132">
    <p class='ocr_par' dir='ltr' id='par_1_115' title="bbox 1963 5061 2878 5132">
     <span class='ocr_line' id='line_1_115' title="bbox 1963 5061 2878 5132; baseline 0.002 -17"><span class='ocrx_word' id='word_1_836' title='bbox 1963 5061 2083 5132; x_wconf 86' lang='grc'>(57)·</span> <span class='ocrx_word' id='word_1_837' title='bbox 2110 5063 2289 5116; x_wconf 79' lang='lat' dir='ltr'><strong>Codex</strong></span> <span class='ocrx_word' id='word_1_838' title='bbox 2320 5080 2456 5118; x_wconf 86' lang='lat' dir='ltr'><strong>unus</strong></span> <span class='ocrx_word' id='word_1_839' title='bbox 2485 5061 2878 5118; x_wconf 82' lang='grc' dir='ltr'>ἀναποσὼσειν.</span> 
     </span>
    </p>
   </div>
   <div class='ocr_carea' id='block_1_116' title="bbox 1964 5132 2896 5204">
    <p class='ocr_par' dir='ltr' id='par_1_116' title="bbox 1964 5132 2896 5204">
     <span class='ocr_line' id='line_1_116' title="bbox 1964 5132 2896 5204; baseline 0.003 -19"><span class='ocrx_word' id='word_1_840' title='bbox 2104 5133 2236 5204; x_wconf 68' lang='lat' dir='ltr'><strong>Reg.</strong></span> <span class='ocrx_word' id='word_1_841' title='bbox 2267 5134 2458 5204; x_wconf 77' lang='lat' dir='ltr'><strong>tertius</strong></span> <span class='ocrx_word' id='word_1_842' title='bbox 2493 5133 2557 5204; x_wconf 86' lang='grc' dir='ltr'><strong>ἂν</strong></span> <span class='ocrx_word' id='word_1_843' title='bbox 2583 5135 2896 5204; x_wconf 78' lang='grc' dir='ltr'>ἐπινοήσῃς.</span> 
     </span>
    </p>
   </div>
   <div class='ocr_carea' id='block_1_117' title="bbox 1963 5196 3422 5276">
    <p class='ocr_par' dir='ltr' id='par_1_117' title="bbox 1963 5196 3422 5276">
     <span class='ocr_line' id='line_1_117' title="bbox 1963 5196 3422 5276; baseline -0.004 -21"><span class='ocrx_word' id='word_1_844' title='bbox 2101 5196 2238 5276; x_wconf 61' lang='grc' dir='ltr'>ῌΛῐιξ</span> <span class='ocrx_word' id='word_1_845' title='bbox 2263 5203 2413 5276; x_wconf 62' lang='lat' dir='ltr'><strong>twiv</strong></span> <span class='ocrx_word' id='word_1_846' title='bbox 2423 5203 2634 5276; x_wconf 77' lang='grc' dir='ltr'>ἀκούσῃ</span> <span class='ocrx_word' id='word_1_847' title='bbox 2683 5196 2767 5276; x_wconf 42' lang='grc' dir='ltr'><strong>-Αί</strong></span> <span class='ocrx_word' id='word_1_848' title='bbox 2790 5196 2919 5276; x_wconf 65' lang='lat' dir='ltr'><strong>u&#39;r&#39;ss.</strong></span> <span class='ocrx_word' id='word_1_849' title='bbox 2953 5196 3422 5276; x_wconf 37' lang='grc' dir='ltr'>ἔπειᾷάν,.ἀκοόσῃ.</span> 
     </span>
    </p>
   </div>
   <div class='ocr_carea' id='block_1_118' title="bbox 1963 5266 3353 5410">
    <p class='ocr_par' dir='ltr' id='par_1_118' title="bbox 1963 5266 3353 5410">
     <span class='ocr_line' id='line_1_118' title="bbox 1963 5266 3353 5410; baseline -0.004 -84"><span class='ocrx_word' id='word_1_850' title='bbox 1963 5266 2077 5410; x_wconf 67' lang='grc'>(61))</span> <span class='ocrx_word' id='word_1_851' title='bbox 2111 5273 2335 5326; x_wconf 87' lang='lat' dir='ltr'><strong>Codices</strong></span> <span class='ocrx_word' id='word_1_852' title='bbox 2367 5273 2572 5342; x_wconf 83' lang='lat' dir='ltr'><strong>aliquot</strong></span> <span class='ocrx_word' id='word_1_853' title='bbox 2601 5266 2694 5326; x_wconf 73' lang='grc' dir='ltr'>ἓπί</span> <span class='ocrx_word' id='word_1_854' title='bbox 2723 5289 2782 5324; x_wconf 88' lang='grc' dir='ltr'><strong>τε</strong></span> <span class='ocrx_word' id='word_1_855' title='bbox 2804 5272 2916 5326; x_wconf 85' lang='grc' dir='ltr'>τοῦ.</span> <span class='ocrx_word' id='word_1_856' title='bbox 2953 5270 3090 5324; x_wconf 85' lang='lat' dir='ltr'><strong>Editi</strong></span> <span class='ocrx_word' id='word_1_857' title='bbox 3118 5267 3211 5323; x_wconf 73' lang='grc' dir='ltr'><strong>ἐπὶ</strong></span> <span class='ocrx_word' id='word_1_858' title='bbox 3239 5266 3353 5321; x_wconf 88' lang='grc' dir='ltr'>τοῦ.</span> 
     </span>
     <span class='ocr_line' id='line_1_119' title="bbox 1966 5340 3352 5410; baseline -0.004 -15"><span class='ocrx_word' id='word_1_859' title='bbox 1966 5343 2047 5410; x_wconf 75' lang='lat' dir='ltr'><strong>(Ui</strong></span> <span class='ocrx_word' id='word_1_860' title='bbox 2117 5342 2291 5396; x_wconf 71' lang='lat' dir='ltr'><strong>Voces</strong></span> <span class='ocrx_word' id='word_1_861' title='bbox 2333 5341 2456 5408; x_wconf 69' lang='lat' dir='ltr'><strong>illae,</strong></span> <span class='ocrx_word' id='word_1_862' title='bbox 2493 5343 2585 5395; x_wconf 76' lang='grc' dir='ltr'><strong>ἐπὶ</strong></span> <span class='ocrx_word' id='word_1_863' title='bbox 2609 5340 2705 5396; x_wconf 88' lang='grc' dir='ltr'><strong>τοῦ</strong></span> <span class='ocrx_word' id='word_1_864' title='bbox 2753 5341 2905 5406; x_wconf 83' lang='grc' dir='ltr'>Υίοῦ,</span> <span class='ocrx_word' id='word_1_865' title='bbox 2943 5357 3048 5394; x_wconf 90' lang='lat' dir='ltr'><strong>non</strong></span> <span class='ocrx_word' id='word_1_866' title='bbox 3092 5340 3352 5410; x_wconf 83' lang='lat' dir='ltr'><strong>solum__er</strong></span> 
     </span>
    </p>
   </div>
   <div class='ocr_carea' id='block_1_119' title="bbox 1966 5340 3464 5413">
    <p class='ocr_par' dir='ltr' id='par_1_119' title="bbox 1966 5340 3464 5413">
     <span class='ocr_line' id='line_1_120' title="bbox 1966 5340 3464 5413; baseline -0.005 -18"><span class='ocrx_word' id='word_1_867' title='bbox 1966 5340 2076 5413; x_wconf 72' lang='lat' dir='ltr'><strong>(bl)</strong></span> <span class='ocrx_word' id='word_1_868' title='bbox 2117 5342 2291 5396; x_wconf 71' lang='lat' dir='ltr'><strong>Voces</strong></span> <span class='ocrx_word' id='word_1_869' title='bbox 2333 5340 2585 5408; x_wconf 55' lang='grc' dir='ltr'><strong>ἱΙΙιΒξὲπὶ</strong></span> <span class='ocrx_word' id='word_1_870' title='bbox 2609 5340 2705 5396; x_wconf 88' lang='grc' dir='ltr'><strong>τοῦ</strong></span> <span class='ocrx_word' id='word_1_871' title='bbox 2753 5341 2905 5406; x_wconf 84' lang='grc' dir='ltr'>Υίοῦ,</span> <span class='ocrx_word' id='word_1_872' title='bbox 2943 5357 3048 5394; x_wconf 90' lang='lat' dir='ltr'><strong>non</strong></span> <span class='ocrx_word' id='word_1_873' title='bbox 3092 5340 3464 5413; x_wconf 71' lang='lat' dir='ltr'><strong>solum__erasa-.</strong></span> 
     </span>
    </p>
   </div>
   <div class='ocr_carea' id='block_1_120' title="bbox 1894 5407 3462 5487">
    <p class='ocr_par' dir='ltr' id='par_1_120' title="bbox 1894 5407 3462 5487">
     <span class='ocr_line' id='line_1_121' title="bbox 1894 5407 3462 5487; baseline -0.005 -23"><span class='ocrx_word' id='word_1_874' title='bbox 1894 5407 2020 5487; x_wconf 72' lang='lat' dir='ltr'><strong>sunt</strong></span> <span class='ocrx_word' id='word_1_875' title='bbox 2041 5407 2095 5466; x_wconf 82' lang='lat' dir='ltr'><strong>in</strong></span> <span class='ocrx_word' id='word_1_876' title='bbox 2119 5413 2262 5487; x_wconf 66' lang='grc' dir='ltr'><strong>⁸[ὶεξς.</strong></span> <span class='ocrx_word' id='word_1_877' title='bbox 2291 5407 2471 5487; x_wconf 71' lang='lat' dir='ltr'><strong>tertio,</strong></span> <span class='ocrx_word' id='word_1_878' title='bbox 2501 5415 2844 5487; x_wconf 85' lang='lat' dir='ltr'><strong>sed__om_nino</strong></span> <span class='ocrx_word' id='word_1_879' title='bbox 2883 5413 3081 5464; x_wconf 85' lang='lat' dir='ltr'><strong>desunt</strong></span> <span class='ocrx_word' id='word_1_880' title='bbox 3111 5410 3166 5463; x_wconf 89' lang='lat' dir='ltr'><strong>in</strong></span> <span class='ocrx_word' id='word_1_881' title='bbox 3207 5407 3334 5487; x_wconf 69' lang='lat' dir='ltr'><strong>aliis</strong></span> <span class='ocrx_word' id='word_1_882' title='bbox 3362 5407 3462 5486; x_wconf 72' lang='lat' dir='ltr'><strong>tri-</strong></span> 
     </span>
    </p>
   </div>
   <div class='ocr_carea' id='block_1_121' title="bbox 1893 5483 3463 5550">
    <p class='ocr_par' dir='ltr' id='par_1_121' title="bbox 1893 5483 3463 5550">
     <span class='ocr_line' id='line_1_122' title="bbox 1893 5483 3463 5550; baseline -0.008 -12"><span class='ocrx_word' id='word_1_883' title='bbox 1893 5485 1998 5538; x_wconf 89' lang='lat' dir='ltr'><strong>bus</strong></span> <span class='ocrx_word' id='word_1_884' title='bbox 2033 5484 2309 5538; x_wconf 84' lang='lat' dir='ltr'><strong>codicibus</strong></span> <span class='ocrx_word' id='word_1_885' title='bbox 2357 5483 2541 5538; x_wconf 83' lang='lat' dir='ltr'><strong>itidem</strong></span> <span class='ocrx_word' id='word_1_886' title='bbox 2589 5483 2772 5550; x_wconf 65' lang='lat' dir='ltr'><strong>Regiis</strong></span> <span class='ocrx_word' id='word_1_887' title='bbox 2809 5500 2820 5533; x_wconf 88' lang='lat'><strong>:</strong></span> <span class='ocrx_word' id='word_1_888' title='bbox 2858 5492 3037 5535; x_wconf 89' lang='lat' dir='ltr'><strong>tamen</strong></span> <span class='ocrx_word' id='word_1_889' title='bbox 3090 5495 3184 5534; x_wconf 87' lang='lat' dir='ltr'><strong>eas</strong></span> <span class='ocrx_word' id='word_1_890' title='bbox 3240 5483 3463 5550; x_wconf 73' lang='lat' dir='ltr'><strong>retinui-</strong></span> 
     </span>
    </p>
   </div>
   <div class='ocr_carea' id='block_1_122' title="bbox 1897 5545 3464 5621">
    <p class='ocr_par' dir='ltr' id='par_1_122' title="bbox 1897 5545 3464 5621">
     <span class='ocr_line' id='line_1_123' title="bbox 1897 5545 3464 5621; baseline -0.004 -16"><span class='ocrx_word' id='word_1_891' title='bbox 1897 5569 2036 5614; x_wconf 82' lang='lat' dir='ltr'><strong>llius,</strong></span> <span class='ocrx_word' id='word_1_892' title='bbox 2069 5555 2211 5621; x_wconf 90' lang='lat' dir='ltr'><strong>quod</strong></span> <span class='ocrx_word' id='word_1_893' title='bbox 2239 5553 2292 5606; x_wconf 92' lang='lat' dir='ltr'><strong>in</strong></span> <span class='ocrx_word' id='word_1_894' title='bbox 2319 5553 2438 5608; x_wconf 88' lang='lat' dir='ltr'><strong>aliis</strong></span> <span class='ocrx_word' id='word_1_895' title='bbox 2487 5545 2708 5610; x_wconf 76' lang='lat' dir='ltr'><strong>totidem</strong></span> <span class='ocrx_word' id='word_1_896' title='bbox 2740 5569 2870 5609; x_wconf 85' lang='lat' dir='ltr'><strong>mss.</strong></span> <span class='ocrx_word' id='word_1_897' title='bbox 2901 5559 2956 5606; x_wconf 87' lang='lat' dir='ltr'><strong>et</strong></span> <span class='ocrx_word' id='word_1_898' title='bbox 2983 5551 3044 5608; x_wconf 78' lang='lat' dir='ltr'><strong>.in</strong></span> <span class='ocrx_word' id='word_1_899' title='bbox 3089 5547 3369 5620; x_wconf 75' lang='lat' dir='ltr'><strong>impressis</strong></span> <span class='ocrx_word' id='word_1_900' title='bbox 3401 5545 3464 5600; x_wconf 79' lang='lat' dir='ltr'><strong>li.-</strong></span> 
     </span>
    </p>
   </div>
   <div class='ocr_carea' id='block_1_123' title="bbox 1895 5623 2298 5696">
    <p class='ocr_par' dir='ltr' id='par_1_123' title="bbox 1895 5623 2298 5696">
     <span class='ocr_line' id='line_1_124' title="bbox 1895 5623 2298 5696; baseline -0.005 -16"><span class='ocrx_word' id='word_1_901' title='bbox 1895 5626 2008 5680; x_wconf 83' lang='lat' dir='ltr'><strong>bris</strong></span> <span class='ocrx_word' id='word_1_902' title='bbox 2033 5623 2298 5696; x_wconf 85' lang='lat' dir='ltr'><strong>lcgantur.</strong></span> 
     </span>
    </p>
   </div>
  </div>
