3822 6216
271 359 371 414 591

1631 364 1688 420 S.
1725 365 1971 422 BASILII
2009 368 2218 425 MAGN

3419 373 3531 428 592

272 473 414 543 quod
447 471 496 525 hi
539 471 666 527 totis
699 469 903 528 viribus
945 471 1241 540 aﬂlrmant,
1279 475 1370 530 sed
1413 476 1504 530 Dei
1559 479 1843 535 universo-

1973 483 2120 554 ιὺτὴν
2151 483 2212 536 τὸ
2243 483 2508 555 γέννημα,
2561 484 2654 537 καὶ
2699 485 2811 537 ἴσον
2836 484 3060 546 δύναται
3091 484 3220 555 (62),
3255 485 3443 538 οὖσὲαν
3472 503 3533 538 τε

269 581 412 620 rum.
443 563 652 618 Etenim
681 563 726 617 si
763 563 878 617 ﬁeri
917 580 1021 618 non
1075 576 1270 635 potest,
1301 579 1356 621 ut
1384 569 1528 622 aliud
1555 571 1682 640 quid
1712 571 1840 626 sub-

266 658 522 711 stantiam
578 656 963 728 intelligamus,
994 669 1049 712 et
1095 659 1241 714 aliud
1295 662 1599 730 genituram
1645 673 1842 733 praeter

269 748 463 816 ipsam,
489 748 630 803 idem
675 760 758 804 est
803 750 1163 805 substantiam
1195 753 1374 806 dicere
1398 763 1454 809 et
1484 755 1786 824 genituram
1820 772 1835 809 :

266 847 324 892 at
354 837 524 893 Filius
551 840 799 903 genitura
829 841 919 895 Dei
951 850 1056 902 est,
1089 841 1179 895 Dei
1205 856 1337 911 ergo
1368 843 1476 896 erit
1509 846 1838 910 substantia,

269 928 317 983 si
349 929 595 999 genitura
621 931 979 985 substantiam
1025 931 1317 1001 signiﬁcat.
1353 935 1527 1005 Atque
1553 937 1657 990 hoc
1683 945 1842 1006 pacto

265 1021 532 1091 genitura,
557 1037 623 1076 ex
655 1025 926 1078 sententia
948 1026 1089 1094 ejus,
1128 1026 1352 1094 ingeniti
1382 1028 1683 1082 substantia
1717 1043 1842 1084 esse

266 1113 652 1180 contperietur.
694 1115 798 1170 Sed
839 1116 884 1172 si
922 1118 1208 1172 ridiculum
1255 1128 1341 1173 est
1386 1121 1528 1188 quod
1575 1121 1840 1191 sequitur,

262 1205 357 1272 qui
395 1207 768 1262 antecedentia
792 1211 992 1278 posuit,
1029 1213 1075 1266 is
1102 1212 1335 1267 dedecus
1357 1213 1457 1268 sibi
1488 1225 1684 1268 sumat.
1709 1213 1846 1270 Ora-

269 1295 344 1349 tio
372 1297 542 1362 enim,
581 1314 704 1354 cum
745 1301 913 1356 semel
953 1317 983 1356 a
1017 1319 1142 1359 vero
1167 1304 1404 1370 deﬂexit,
1432 1307 1496 1358 ad
1543 1307 1742 1362 multas
1778 1321 1843 1362 ac

1950 577 2125 628 εἰπεῖν
2148 577 2238 628 καὶ
2262 577 2508 647 γέννημα
2527 593 2538 604 ·
2574 576 2667 628 τοῦ
2689 576 2824 629 Θεοῦ
2848 576 2903 629 δέ
2930 580 3046 629 ἐστι
3069 577 3308 646 γέννημα
3329 579 3356 629 ό
3382 578 3534 643 Υἱὸς,

1953 665 2046 718 τοῦ
2082 665 2216 718 Θεοῦ
2259 666 2410 719 ἔσται
2443 666 2620 729 οὐσία,
2662 668 2820 738 εἴπερ
2846 668 2906 719 τὸ
2932 667 3177 738 γέννημα
3210 669 3309 739 τὴν
3342 670 3535 721 οὐσίαν

1954 756 2122 826 δηλοῖ.
2166 757 2274 809 Καὶ
2317 755 2459 810 οὕτω
2493 755 2555 808 τὸ
2605 756 2851 828 γέννημα
2895 757 3051 811 οὐσία
3092 759 3185 810 τοῦ
3230 760 3535 828 ἀγεννήτου

1957 846 2098 898 κατὰ
2138 846 2229 899 τὸν
2257 847 2448 899 τούτου
2481 845 2636 914 λόγον
2681 847 3104 918 ἀναφανήσεται.
3143 849 3204 900 Εἰ
3237 847 3292 899 δὲ
3324 847 3538 915 γελοῖον

1951 938 2014 989 τὸ
2050 937 2433 1007 συναγόμενον,
2471 939 2498 990 ὁ
2545 935 2660 1000 θεὶς
2703 937 2772 990 τὰ
2817 938 3078 1008 λήμματα
3127 941 3226 1008 τῆς
3270 938 3536 1008 αἰσχύνης

1955 1025 2377 1096 κληρονομείτω.
2436 1027 2620 1079 Ἕοικε
2678 1027 2788 1096 γάρ
2843 1044 2958 1090 πως
3009 1029 3038 1080 ὁ
3087 1026 3266 1095 λόγος,
3310 1027 3535 1080 ἐπειδὰν

1951 1116 2100 1181 ἅπαξ
2129 1117 2230 1186 τῆς
2272 1116 2528 1186 ἀληθείας
2559 1118 2888 1189 παρενεχθῇ,
2923 1121 3004 1182 εἰς
3033 1119 3244 1182 πολλὰς·
3277 1118 3372 1170 καὶ
3414 1119 3539 1170 ἐπι-

1950 1206 2230 1270 κινδύνους
2263 1208 2490 1271 ἀτοπίας
2519 1208 2624 1262 ὑπὸ
2654 1208 2752 1279 τῆς
2785 1208 2926 1262 κατὰ
2953 1209 3051 1282 τὴν
3080 1209 3287 1262 πλὰντν
3311 1207 3538 1261 ἀκολου-

1951 1300 2072 1362 Θίας
2102 1297 2450 1370 ἐκφέρεσθαι.

267 1389 598 1456 periculosas
639 1392 871 1461 ineptias
907 1395 1139 1464 quadam
1190 1397 1395 1452 erroris
1433 1398 1820 1454 consecutione
1850 1393 2021 1452 delabi
2058 1392 2290 1462 quodam
2326 1391 2486 1445 modo
2528 1390 2759 1448 videtur.

344 1524 428 1578 11.
463 1523 569 1579 Sed
605 1526 719 1582 hmc
748 1536 873 1582 sunt
904 1529 1058 1597 quasi
1113 1529 1367 1597 praeludia
1417 1531 1662 1600 quaedam
1698 1533 1842 1587 blas-

267 1612 499 1680 phemiae
534 1624 698 1685 atque
737 1627 1065 1686 apparatus;
1104 1628 1266 1688 caput
1311 1630 1492 1675 autem
1520 1623 1644 1676 mali
1680 1621 1846 1678 infert

270 1702 324 1756 in
351 1706 720 1774 sequentibus,
748 1709 838 1764 ubi
869 1709 998 1764 dicit
1023 1725 1037 1758 :

2021 1527 2108 1581 11.
2145 1526 2328 1580 Ταῦτα
2379 1527 2477 1598 μὲν
2517 1522 2612 1582 οὖν
2657 1527 2846 1598 ὥσπερ
2895 1527 3212 1599 προαγῶνές
3249 1542 3395 1588 τινες
3440 1529 3540 1582 καὶ

1951 1618 2286 1672 κατασκευαὶ
2323 1617 2424 1687 τῆς
2473 1617 2820 1689 βλασφημίας
2859 1617 2998 1670 εἰσί·
3034 1618 3095 1670 τὸ
3133 1617 3188 1670 δὲ
3235 1619 3538 1688 κεφάλαιον

1954 1710 2048 1767 τοῦ
2083 1709 2256 1764 κακοῦ
2287 1710 2344 1761 ἐν
2370 1711 2481 1773 τοῖς
2510 1708 2636 1779 ἑξῆς
2667 1707 2917 1780 ἐπιφέρει
2945 1707 3144 1776 λέγων’

345 1818 480 1874 Eun.
509 1819 882 1877 Substantiatn
911 1823 1035 1880 Filii
1061 1827 1298 1897 genitam
1324 1829 1541 1899 quidem
1568 1845 1694 1886 esse
1720 1846 1841 1886 cum

2017 1825 2176 1878 ΕΥΝ.
2221 1823 2332 1894 Τὴν
2367 1823 2556 1876 οὐσίαν
2583 1822 2676 1875 τοῦ
2726 1821 2858 1876 Υίοῦ
2903 1821 3256 1892 γεγεννῆσθαι
3288 1822 3386 1892 μὲν
3430 1823 3534 1875 οὔκ

271 1927 377 1965 non
415 1921 562 1968 esset
599 1923 725 1969 ante
772 1918 1046 1985 propriam
1091 1921 1562 1987 constitutionem,
1607 1923 1843 1992 genitam

273 2008 453 2056 tamen
482 2018 607 2059 esse
640 2015 766 2060 ante
793 2009 972 2062 omnia
1020 2009 1296 2065 voluntate
1330 2011 1525 2066 Patris.

344 2112 472 2172 Bas.
515 2115 708 2172 Iisdem
733 2121 912 2175 adhuc
941 2120 1141 2177 insistit
1173 2123 1442 2179 artiﬁciis.
1481 2125 1552 2178 De
1587 2127 1845 2180 substan-

273 2204 347 2258 tia
375 2205 495 2260 Filii
535 2207 692 2264 nobis
720 2210 882 2264 verba
922 2211 1074 2276 facit,
1121 2215 1276 2284 quasi
1309 2215 1456 2270 dicat
1501 2215 1696 2269 Filium
1720 2232 1842 2273 esse

273 2296 416 2352 aliud
446 2299 573 2369 quid
600 2311 795 2370 praeter
831 2305 1022 2374 ipsam,
1055 2316 1218 2377 atque
1259 2308 1362 2364 hoc
1404 2310 1562 2364 modo
1595 2326 1755 2366 aures
1779 2312 1845 2366 ad

274 2389 662 2462 blasphemiam
726 2398 1048 2452 audiendam
1125 2401 1486 2457 detnulcendo
1553 2412 1841 2473 pra-parat,

273 2499 395 2537 cum
448 2501 552 2539 non
590 2497 773 2556 aperte
804 2488 950 2543 dicat
988 2490 1226 2560 genitum
1273 2506 1394 2547 esse
1449 2510 1514 2547 ex
1553 2495 1722 2550 nihilo
1753 2494 1844 2549 Fi-

275 2575 438 2640 lium;
465 2577 557 2631 sed
591 2577 709 2645 ejus
747 2581 1102 2636 substantiam
1125 2599 1246 2639 cum
1280 2600 1384 2637 non
1409 2593 1571 2649 esset,
1609 2587 1845 2653 genitam

271 2681 410 2720 esse.
443 2667 560 2734 Dic,
586 2680 710 2724 ante
742 2687 880 2741 quas
909 2688 994 2728 res
1025 2689 1129 2728 non
1166 2675 1321 2729 erat?
1352 2675 1555 2730 Videtis
1599 2677 1721 2748 ejus
1751 2694 1846 2732 ca-

273 2760 643 2815 villationem?
674 2760 1044 2818 Substantiam
1073 2779 1194 2819 cum
1231 2767 1518 2835 semetipsa
1547 2781 1844 2837 comparat,

275 2860 333 2905 ut
390 2852 692 2908 tolerabilia
743 2855 922 2909 dicere
956 2855 1206 2910 omnibus
1256 2856 1522 2911 videatur.
1581 2857 1844 2914 Nimirum

277 2958 383 2998 non
405 2945 536 2999 dicit
557 2961 675 3000 eam
704 2956 828 3000 ante
853 2947 1045 3001 smcula
1077 2962 1180 3001 non
1211 2945 1398 3012 fuisse,
1434 2963 1608 3018 neque
1641 2950 1848 3017 simpli-

271 3033 412 3088 citer
435 3049 538 3089 non
573 3034 764 3102 fuisse,
797 3038 890 3090 sed
921 3049 1046 3091 ante
1093 3052 1246 3091 suam
1294 3037 1464 3107 ipsius
1497 3040 1846 3094 constitutio-

279 3141 402 3179 nem
430 3142 534 3181 non
564 3128 747 3183 fuisse.
782 3128 909 3192 Sed,
945 3129 1032 3182 die
1061 3129 1212 3193 mihi,
1240 3129 1392 3185 aisne
1417 3137 1471 3183 tu
1511 3129 1686 3186 Patris
1719 3132 1847 3186 sub-

280 3221 540 3275 stantiam
563 3237 658 3276 sua
698 3221 868 3293 ipsius
889 3221 1278 3276 constitutione
1298 3237 1418 3276 esse
1447 3223 1804 3292 antiquiorem
1825 3222 1860 3275 ἓν

285 3313 495 3368 Etenim
552 3314 599 3368 si
653 3315 990 3382 temporibus
1020 3330 1124 3368 non
1161 3313 1378 3384 subjicit
1427 3312 1547 3368 Filii
1597 3315 1852 3370 substan-

287 3403 438 3466 tiam,
483 3417 655 3471 neque
699 3405 846 3471 prius
885 3405 985 3458 hac
1018 3405 1226 3458 ratione
1272 3403 1543 3473 intelligit,
1576 3405 1754 3460 inanis
1797 3416 1855 3460 et

281 3504 421 3545 Vana
470 3502 555 3546 est
603 3491 722 3560 ejus
777 3493 974 3560 oratio,
1027 3504 1356 3564 quapropter
1402 3510 1469 3550 ne
1498 3498 1850 3564 responsione

284 3581 500 3651 quidem
534 3583 691 3652 digna
719 3593 821 3638 est.
855 3585 920 3639 Et
967 3586 1184 3655 quidem
1222 3587 1273 3641 id
1312 3587 1488 3657 ipsum
1529 3605 1634 3644 non
1676 3589 1855 3644 minus

284 3674 352 3728 de
385 3674 491 3730 Deo
528 3676 691 3729 etiam
729 3677 1103 3734 universorum
1157 3679 1262 3734 dici
1304 3681 1524 3749 poterit,
1559 3683 1604 3736 si
1644 3683 1767 3750 quis
1798 3685 1853 3736 in

283 3782 405 3820 eum
437 3768 574 3823 hanc
630 3769 944 3825 inanitatem
991 3771 1225 3826 voluerit
1285 3772 1600 3828 transferre.
1628 3772 1760 3827 Nam
1801 3782 1854 3827 et

283 3859 468 3914 dicere
504 3860 668 3915 Deum
697 3872 821 3916 ante
865 3877 1019 3917 suam
1055 3864 1497 3919 constitutionem
1531 3880 1634 3920 non
1665 3865 1857 3932 fuisse,

284 3958 342 4002 et
373 3948 554 4004 dicere
579 3966 701 4004 eum
725 3961 852 4006 ante
880 3951 1118 4021 seipsum
1143 3952 1328 4018 fuisse,
1363 3951 1605 4022 ejusdem
1627 3953 1852 4008 demen-

291 4041 378 4096 tize
409 4050 510 4098 est.
547 4041 699 4108 Quod
729 4045 775 4098 si
809 4045 1174 4115 tcmporaliter
1221 4059 1406 4100 vocem
1443 4046 1590 4116 prius
1623 4046 1692 4104 de
1733 4046 1866 4105 Filii

363 4330 476 4400 (62)
508 4329 646 4384 Editi
677 4329 945 4401 γέννημα,
979 4332 1092 4384 ἴσον
1123 4329 1364 4386 δύναται.
1421 4331 1552 4397 lleg.
1588 4332 1858 4384 secundus

290 4403 565 4472 γέννημα,
591 4401 687 4453 καὶ
721 4402 835 4472 ἴσον
873 4401 1096 4455 δύναται
1119 4417 1132 4430 ο
1167 4401 1276 4472 ubi,
1314 4410 1370 4452 ut
1400 4401 1524 4472 alibi
1554 4415 1859 4472 smpe,_par-

295 4468 566 4526 ticula'xai
599 4483 777 4527 vacat.
807 4471 938 4541 Reg.
968 4471 1614 4541 (ιιιιιιι-ιιείγέννημαλ,-ίσον
1635 4469 1690 4522 δὲ
1711 4468 1864 4522 δύνα·

291 4561 404 4595 ται.
433 4542 586 4595 Coll).
611 4542 843 4594 secunda
877 4529 1034 4594 ιῖιιιιῖιι
1090 4529 1238 4593 ἀλλὲί
1280 4529 1397 4592 ἴσον
1449 4529 1692 4601 δύναται,
1744 4543 1864 4592 Mox
1901 4529 1945 4583 Ῑ)

293 4613 422 4666 editi
452 4624 506 4665 et
539 4610 669 4678 Reg.
699 4611 921 4678 quintus
961 4614 1010 4666 εί
1033 4612 1126 4664 τοῦ
1158 4610 1215 4664 δὲ
1246 4610 1380 4664 Θεοῦ
1419 4625 1432 4638 ·
1468 4611 1560 4663 sed
1603 4609 1870 4677 particula

295 4684 344 4734 εί
380 4683 508 4736 delit
532 4682 582 4734 in
626 4681 846 4750 reliquis
887 4683 1189 4745 codicibus,
1217 4684 1285 4736 ob
1316 4682 1476 4748 idque
1502 4695 1620 4732 eam
1661 4694 1871 4748 expuu-

297 4769 327 4807 Χ
340 4766 498 4804 "IIIIS.

370 4821 482 4890 (65)
534 4819 672 4874 Εὐίιί
726 4830 781 4876 et
822 4819 978 4877 Coll).
1026 4835 1147 4875 cum
1201 4820 1383 4888 Regiis
1421 4821 1578 4872 tertio
1603 4818 1870 4890 etqttintn

301 4889 430 4962 παρ’
453 4891 616 4944 αὐτὸν
664 4891 755 4944 τὸν
796 4891 944 4948 Υίόν.
986 4895 1051 4942 ad
1089 4891 1332 4962 verbum,
1374 4903 1633 4962 tanquam
1668 4889 1869 4957 aliquid

301 4958 448 5015 aliud
483 4962 661 5014 dicens
687 4972 876 5030 pra'ter
902 4962 1070 5030 ipsum
1107 4958 1330 5012 Filium.
1357 4961 1426 5012 At
1461 4960 1608 5025 Ilegti
1637 4961 1872 5030 primus,

301 5032 588 5094 secundus,
647 5028 872 5100 quartus
899 5028 956 5084 et
993 5042 1180 5084 sextus
1234 5033 1363 5100 παρέ
1394 5030 1561 5099 αὐτὴν
1602 5029 1690 5080 τὸν
1718 5028 1864 5090 Υἱόν,

301 5045 588 5094 secundus,
687 5045 872 5085 nat-tus
899 5045 956 5084 et
993 5045 1180 5084 sextus
1234 5045 1362 5100 παρ’
1394 5045 1561 5099 αυτην
1602 5045 1690 5080 τον
1726 5045 1744 5080 ι
1769 5045 1863 5090 ιον,

301 5103 453 5173 quasi
485 5103 622 5154 dicat
647 5045 854 5154 ἳῖιίὶιιηι
882 5117 990 5154 esse
1033 5101 1180 5153 aliud
1211 5118 1244 5152 a
1283 5099 1578 5173 substantia
1637 5115 1654 5151 :
1703 5115 1863 5173 quam

305 5169 631 5240 {scripturam
667 5186 848 5225 verant
876 5186 996 5224 esse
1029 5179 1084 5224 et
1111 5186 1420 5240 germanam
1449 5171 1705 5240 arbitror.
1756 5169 1865 5220 Eu-

309 5239 522 5295 nomius
552 5242 698 5294 enim
744 5242 1028 5294 videbatur
1064 5239 1130 5293 de
1187 5240 1487 5293 substantia
1543 5239 1659 5293 Filii
1696 5239 1861 5305 loqui,

308 5325 560 5380 tanquam
595 5312 660 5364 de
682 5327 740 5366 re
769 5311 967 5378 aliqua,
1008 5326 1126 5379 qum
1155 5311 1223 5380 ab
1268 5310 1383 5376 ipso
1429 5309 1562 5363 Filio
1607 5309 1860 5380 distincta

309 5379 472 5435 esset.
508 5382 775 5449 Sperabat
799 5383 942 5433 enitn
981 5383 1092 5432 lore
1123 5390 1181 5432 ttt
1211 5379 1436 5434 haeresis
1473 5395 1566 5433 sua
1603 5379 1703 5431 huc
1732 5380 1862 5449 arti-

315 5451 436 5504 ticio
453 5448 660 5504 lacitius
681 5452 730 5502 in
751 5465 908 5503 aures
929 5451 1260 5503 audientium
1282 5449 1612 5516 reciperetur
1650 5448 1857 5501 Etenim

311 5522 355 5573 si
413 5531 599 5587 aperte
654 5521 904 5584 dixiSsrt,
959 5519 1154 5573 Filium
1199 5521 1269 5570 ita
1335 5520 1574 5588 genitutn
1621 5534 1766 5581 e.~se,
1803 5528 1862 5569 ttt

313 5605 380 5642 ex
413 5590 576 5644 nibilo
605 5588 780 5644 factus
833 5601 998 5650 esset,
1048 5589 1288 5642 muniunt
1324 5601 1696 5656 exasperasset
1742 5588 1859 5639 ani-

317 5675 464 5722 mos;
497 5673 593 5710 nec
621 5661 668 5711 ei
693 5674 778 5712 res
805 5659 940 5712 bene
970 5659 1336 5712 successisset.
1375 5659 1551 5723 Quare
1595 5659 1726 5714 satis
1766 5657 1857 5708 ha-

319 5728 480 5780 bebat
508 5727 707 5786 dicere,
757 5730 1110 5782 substantiam
1156 5730 1386 5793 genitam
1422 5742 1559 5787 esse,
1600 5744 1719 5780 cutn
1750 5743 1853 5780 non

322 5806 478 5850 isset.
510 5796 614 5850 Sed
638 5812 700 5850 ex
735 5798 834 5851 hoc
867 5798 1026 5867 impio
1049 5799 1308 5866 princip-0
1343 5797 1644 5852 necessario
1667 5812 1854 5865 seque-

1945 1913 2112 1971 οὖσαν
2140 1916 2246 1987 πρὸ
2269 1917 2369 1985 τῆς
2407 1915 2541 1978 ίδίας
2577 1915 2908 1977 συστάσεως,
2936 1909 3074 1966 εἶναι
3103 1913 3160 1966 δὲ
3180 1913 3536 1984 γεννηθεῖσαν

1947 2010 2054 2082 πρὸ
2087 2010 2304 2062 πάντων
2339 2007 2545 2081 γνὼμῃξ
2561 2007 2654 2060 τοῦ
2689 2007 2920 2076 Πατρός.

2015 2124 2164 2178 ΒΛΣ.
2197 2123 2318 2174 Ἔτι
2355 2121 2462 2174 τῶν
2499 2119 2678 2173 αὐτῶν
2722 2119 2906 2188 ἔχεται
2952 2119 3362 2189 τεχνασμάτων.
3396 2117 3538 2190 Περὶ

1943 2218 2042 2288 τῆς
2077 2215 2262 2278 οὐσίας
2302 2215 2433 2285 ἡμῖν
2470 2211 2564 2266 τοῦ
2601 2211 2728 2269 Tia-3
2763 2211 3089 2280 διαλέγεται,
3130 2213 3204 2275 ὡς
3235 2213 3296 2284 δή
3327 2230 3380 2264 τι
3412 2213 3536 2266 ἓτε-

1948 2328 2038 2382 ρον
2071 2309 2244 2377 λέγων
2287 2309 2417 2378 παρ’
2452 2304 2620 2376 αὐτὴν
2663 2304 2754 2357 τὸν
2785 2304 2914 2356 Υἰὸν
2948 2303 3081 2373 (63),
3118 2305 3212 2356 καὶ
3245 2304 3418 2374 τούτῳ
3457 2302 3537 2375 τῷ

1944 2403 2130 2473 τρόπῳ
2165 2400 2470 2470 προημεροί
2502 2400 2569 2468 τῇ
2604 2395 2924 2467 βλασφημία
2971 2395 3066 2466 τὴν
3098 2396 3298 2465 ἀκοήν·
3333 2397 3433 2448 οὐκ
3468 2398 3537 2448 ἐκ

1943 2491 2038 2544 τοῦ
2074 2488 2382 2561 προφανοῦς
2411 2487 2583 2555 λέγων
2626 2489 2689 2540 ὲκ
2737 2487 2810 2558 μὴ
2848 2486 3014 2540 ὄντων
3046 2486 3404 2558 γεγεννῆσθαι
3443 2489 3538 2540 τὸν

1944 2581 2095 2645 Υἰὸν,
2138 2579 2274 2633 ἀλλὰ
2321 2579 2421 2647 τὴν
2467 2579 2654 2631 οὐσίαν
2695 2577 2862 2631 αὐτοῦ
2909 2578 3265 2649 γεγεννῆσθαι
3289 2579 3398 2647 (64)
3435 2581 3539 2632 οὐκ

1945 2669 2125 2726 οὖσαν.
2162 2670 2274 2742 Πρὸ
2322 2671 2467 2732 τίνος
2498 2670 2597 2722 οὐκ
2641 2665 2840 2734 οὗσαν;
2877 2669 3018 2723 εἰπέ.
3060 2670 3327 2741 Θεωρεῖτε
3367 2670 3538 2724 αὑτοῦ

1944 2765 2005 2816 τὸ
2036 2764 2310 2832 σόφισμα;
2361 2761 2540 2831 Αὐτὴν
2587 2762 2754 2832 ἑαυτῇ
2809 2760 3110 2830 συγκρίνει,
3161 2763 3248 2814 ἵνα
3293 2765 3427 2815 πᾶσι
3472 2763 3540 2833 δὴ

1946 2855 2151 2913 ἀνεκτὰ
2176 2855 2312 2928 δόξῃ
2335 2853 2537 2922 λέγειν,
2572 2853 2692 2923 οὐχὶ
2724 2853 2829 2924 πρὸ
2855 2853 2966 2905 τῶν.
2994 2852 3202 2906 αίὼνων
3234 2853 3407 2922 λέγων
3435 2857 3542 2907 αὖ·

1946 2949 2050 3018 τὴν.
2095 2945 2168 3018 μὴ
2215 2941 2374 3008 εἶναι,
2418 2945 2537 2997 οὐδὲ
2566 2943 2753 3008 ἁπλῶς
2803 2945 2880 3016 μὴ
2920 2939 3082 3008 εἶναι,
3119 2944 3252 2998 ἀλλὰ
3294 2947 3401 3016 πρὸ
3437 2949 3541 3016 τῆς

1953 3039 2089 3100 ἰδίας
2136 3036 2464 3098 συστάσεως.
2515 3035 2626 3105 Τὴν
2673 3035 2730 3086 δὲ
2781 3035 2874 3088 τοῦ
2917 3037 3130 3107 Πατρός
3166 3037 3376 3100 οὐσίαν,
3405 3039 3536 3090 εἰπέ

1875 3164 1918 3221 c
1955 3147 2066 3201 μοι,
2098 3128 2472 3200 πρεσϐυτέραν
2499 3122 2635 3179 εἶναι
2668 3128 2730 3180 σὺ
2756 3127 2860 3199 φῂς
2885 3127 2982 3198 τῆς
3019 3128 3154 3192 ίδέας
3189 3129 3538 3195 συστάσεως;

1955 3223 2017 3276 Εἰ
2054 3221 2150 3291 μὲν
2181 3220 2289 3291 γὰρ
2332 3219 2431 3290 οὐχ
2461 3217 2751 3272 ὑποόἁλλει
2779 3219 2992 3289 χρόνοις
3020 3220 3114 3272 τοῦ
3153 3221 3282 3274 Υἰοῦ
3317 3222 3409 3292 τὴν
3446 3222 3539 3273 οὖ-

1957 3315 2099 3376 σίαν,
2140 3313 2260 3365 οὐδὲ
2294 3312 2354 3364 τὸ
2402 3311 2690 3381 πρότερον
2717 3311 2859 3364 κατὰ
2890 3313 3077 3366 τοῦτον
3109 3313 3199 3366 τὸν
3229 3315 3380 3383 λόγον
3414 3318 3543 3369 ἐπι.

1955 3408 2064 3458 νοεῖ
2089 3405 2222 3474 (63).
2261 3405 2488 3475 μάταιος
2541 3403 2640 3473 μὲν
2673 3403 2819 3474 αὐτῷ
2849 3404 2940 3456 καὶ
2980 3405 3147 3474 ἀργὸς
3171 3407 3198 3457 ὁ
3223 3404 3397 3474 λόγος,
3430 3407 3539 3459 διό-

1961 3511 2066 3564 περ
2103 3493 2222 3546 οὐδὲ
2265 3493 2608 3563 ἀποκρίσεως
2641 3490 2810 3556 ἄξιος.
2856 3494 2968 3563 Οὐχ
3009 3489 3167 3564 ἦττον
3217 3495 3394 3564 μέντοι
3442 3496 3540 3551 καὶ

1962 3587 2054 3638 ἐπὶ
2080 3585 2172 3638 τοῦ
2199 3583 2331 3637 Θεοῦ
2357 3583 2463 3636 τῶν
2489 3582 2624 3636 ὅλων
2656 3583 2886 3654 ὑπάρξει
2914 3586 3026 3647 τοῖς
3071 3585 3409 3655 βουλομένοις
3440 3605 3539 3656 με-

1961 3675 2275 3747 τακομίζειν
2298 3675 2396 3747 τὴν
2428 3677 2784 3746 ματαιότητα.
2821 3676 2893 3728 Τό
2927 3694 2985 3730 τε
3011 3677 3120 3748 γὰρ
3147 3678 3246 3730 οὐκ
3276 3674 3414 3731 εἶναι
3446 3680 3541 3731 λέ-

1964 3786 2081 3836 γειν
2116 3767 2204 3820 τὸν
2235 3768 2366 3820 Θεὸν
2394 3767 2500 3836 πρὸ
2527 3768 2624 3836 τῆς
2671 3769 2804 3832 ἰδίας
2831 3769 3159 3832 συστάσεως,
3187 3772 3280 3823 καὶ
3309 3771 3368 3822 τὸ
3396 3767 3540 3824 εἶναι

1958 3859 2134 3927 λέγειν
2170 3859 2272 3930 πρὸ
2303 3858 2493 3911 ἑαυτοῦ
2521 3859 2654 3928 (66),
2685 3860 2781 3930 τῆς
2810 3861 2980 3929 αὐτῆς
3027 3862 3173 3914 ἐστιν
3203 3863 3538 3933 ἀφροσύνης.

1963 3953 2026 4005 Εἰ
2053 3951 2110 4003 δὲ
2132 3949 2397 4022 χρονικῶς
2425 3951 2517 4002 ἐπὶ
2541 3952 2639 4020 τῆς
2660 3952 2847 4015 οὐσίας
2869 3952 2960 4005 τοῦ
2993 3954 3123 4006 Υξοῦ
3157 3953 3216 4006 τὺ
3250 3956 3539 4023 πρότερον

1962 4046 2195 4111 δέχεται,
2241 4043 2334 4096 καὶ
2365 4045 2427 4095 ἐκ
2459 4043 2533 4114 μὴ
2577 4043 2743 4096 ὅντων
2797 4045 2960 4115 φήσει
3007 4045 3103 4116 τὴν
3149 4046 3335 4098 οὐσίαν
3366 4044 3540 4099 αὑτοῦ

1971 4331 2132 4386 batur
2172 4331 2362 4385 Filium
2397 4347 2616 4402 quoque
2649 4333 2890 4402 genitum
2911 4330 3109 4402 fuisse,
3141 4345 3261 4384 cmn
3313 4345 3420 4384 non
3453 4347 3542 4387 es-

1973 4413 2075 4463 set,
2119 4417 2230 4472 nec
2272 4399 2473 4454 eunfa
2521 4399 2786 4455 creaturis
2842 4399 3082 4464 differre,
3130 4416 3253 4454 cum
3305 4414 3361 4454 et
3408 4402 3543 4472 ipsae

1975 4471 2203 4524 condin
2237 4471 2366 4535 sint,
2400 4488 2520 4524 cum
2553 4487 2656 4525 non
2689 4479 2888 4523 essent.

2047 4541 2156 4613 (64)
2191 4539 2346 4613 B_eg._
2382 4542 2570 4613 tertius
2607 4539 2932 4613 γεγενῆσθαι
2962 4540 3051 4613 τόν
3088 4539 3236 4602 Υίὸν,
3263 4539 3400 4593 ἀλλὰ
3439 4540 3542 4613 τὴν

1975 4609 2162 4664 οὐσίαν
2187 4609 2352 4664 αὑτοῦ
2393 4609 2565 4678 λέγων
2593 4609 2946 4679 γεγενῆσθαι.
2997 4611 3320 4672 Notandum.
3351 4609 3538 4666 statim

1977 4691 2096 4748 post
2123 4696 2310 4735 vocem
2345 4680 2586 4750 σόφισμα
2616 4690 2796 4734 notant
2828 4681 3265 4748 interrogationis
3323 4681 3374 4734 in
3428 4682 3534 4734 ali-

1974 4754 2339 4820 quibusﬁmss.
2390 4751 2614 4817 reperiri
2650 4768 2663 4801 :
2697 4765 2815 4820 quae
2848 4759 2971 4802 nota
3003 4754 3070 4804 ab
3113 4751 3274 4804 editis
3322 4754 3534 4805 aberat.

2047 4819 2160 4893 (‘55)
2184 4819 2495 4893 Eunomius,
2521 4829 2579 4893 nl
2601 4835 2664 4873 ex
2691 4819 2850 4893 dictis
2874 4829 3038 4887 patet,
3075 4820 3374 4875 allirmabat
3406 4823 3538 4875 sub-

1974 4889 2228 4944 sta‘ntiatn
2262 4890 2382 4944 Filii
2431 4890 2668 4957 genitam
2707 4889 2892 4952 fuisse,
2921 4904 3046 4943 cum
3092 4907 3195 4944 non
3241 4899 3385 4944 esset
3409 4902 3538 4944 ante

1973 4979 2126 5014 suam
2173 4959 2638 5014 constitutionem.
2701 4957 2930 5013 Basilius
2963 4971 3140 5014 autem
3190 4961 3535 5028 praepositio-

1973 5049 2093 5084 nem
2143 5040 2265 5084 ante
2330 5031 2429 5084 hoc
2473 5030 2591 5082 loco
2627 5029 2939 5099 impugnat;
2972 5031 3175 5099 aitque,
3204 5041 3297 5080 aut
3355 5030 3540 5082 Euno-

1974 5102 2139 5153 minm
2172 5116 2304 5153 vana
2324 5110 2486 5168 atque
2518 5099 2696 5152 inania
2723 5098 2960 5163 effutire,
2983 5098 3078 5152 aut
3107 5115 3170 5153 ex
3205 5099 3324 5164 ejus
3350 5101 3538 5153 verbis

1971 5172 2131 5232 ellici,
2170 5169 2384 5224 Patrem
2413 5169 2547 5224 Filio
2575 5169 2808 5236 priorem
2838 5183 2957 5232 esse
2985 5179 3246 5238 tempore,
3286 5171 3366 5222 \el
3391 5185 3533 5238 agro.

2043 5239 2154 5310 (66)
2187 5239 2408 5310 Legitur
2456 5251 2511 5291 et
2565 5234 2615 5310 in
2651 5238 2818 5310 editis
2843 5249 2898 5290 et
2931 5234 3140 5310 intrtss.
3166 5240 3260 5292 καὶ
3297 5239 3359 5290 τὸ
3389 5234 3536 5292 εἷναι

1969 5308 2190 5378 λέγειν·
2227 5312 2320 5363 sed
2341 5308 2730 5378 ‘Contbelisius
2779 5316 2929 5374 putat
2985 5309 3056 5362 ita
3113 5311 3536 5371 ett-endantlutn,

1968 5375 2064 5434 καὶ
2094 5382 2154 5434 τὸ
2185 5380 2285 5435 οὐκ
2315 5375 2456 5437 εἶναι,
2482 5378 2681 5443 λέγειν,
2717 5389 2764 5430 et
2815 5379 2983 5431 dicere
3018 5393 3139 5432 ante
3171 5381 3400 5445 seipsum
3431 5395 3540 5432 nou

1964 5469 2093 5505 esse.
2129 5453 2290 5505 Certe
2317 5453 2361 5503 si
2395 5449 2561 5503 semel
2593 5449 2787 5511 cuique
2823 5463 2919 5516 pro
2945 5449 3206 5502 arbitratu
3249 5451 3411 5502 liceat
3442 5459 3543 5501 aut

1964 5522 2162 5575 addere
2207 5521 2384 5575 verbis
2441 5520 2682 5580 Patrum,
2716 5526 2809 5569 aut
2859 5519 2924 5571 de
2983 5519 3049 5572 iis
3105 5519 3412 5580 detrahere,
3445 5529 3543 5572 aut

1963 5594 2155 5656 quovis
2188 5593 2347 5643 modo
2397 5603 2584 5643 eorum
2630 5590 2829 5654 scripta
2884 5588 3192 5652 immutare,
3247 5589 3382 5640 nihil
3423 5603 3536 5641 non

1962 5661 2227 5712 malorum
2267 5661 2390 5714 inde
2441 5658 2733 5729 timendum
2780 5667 2884 5729 est.
2929 5659 3122 5714 Statim
3170 5659 3301 5712 editi
3364 5657 3543 5729 αὐτῆς

1963 5731 2135 5787 ἔσται.
2168 5731 2392 5800 Antiqui
2432 5741 2538 5786 tres
2575 5727 2696 5782 libri
2726 5727 2892 5782 ἐστίν.
