3822 6216
139 395 247 452 593

1232 391 1606 448 Αυνιειιευδ
1643 392 2010 448 ΕΙΞΜ)ΜΙΒΜ
2053 395 2180 450 LIB.
2223 395 2282 450 ll.

3288 398 3396 454 594

133 513 494 586 γεγεννῆσθαι
525 510 660 584 (67),
708 511 906 580 μᾶλλον
947 509 1002 562 δὲ
1043 509 1204 564 αὑτὸν
1247 509 1336 562 τὸν
1371 509 1530 562 Υἱόν·
1569 509 1715 562 οὐδὲν

1833 512 2124 566 substantia
2161 511 2373 578 aet-init,
2415 509 2667 578 dicetque
2721 511 2955 580 genitam
2993 510 3160 565 fuisse
3207 527 3271 565 ex
3313 515 3395 568 nio

133 605 244 676 γὰρ
275 604 525 673 διαφέρει
565 601 700 674 πρός
742 617 806 669 γε
856 601 1024 671 αὐτὴν
1069 600 1166 671 τὴν
1213 600 1450 654 διάνοιαν
1474 597 1648 662 οὕτως
1679 598 1714 669 ἢ

135 694 280 748 οὕτω
323 693 504 761 λέγειν
528 709 542 723 ’
591 691 808 764 πρῶτον
837 691 936 762 μὲν
961 691 1152 761 χρόνον
1183 689 1438 762 [χρόνων]
1466 689 1718 761 δεύτερον

133 787 365 844 τίθεται,
409 786 458 836 εί
499 783 556 838 δὲ
596 782 796 854 βούλει,
828 783 922 836 καὶ
961 781 1194 848 αἰώνων,
1237 783 1328 834 τὸν
1359 780 1586 852 ποιητὴν
1608 779 1718 832 τῶν

93 929 99 936 ,
135 877 351 933 αἰώνων
375 877 508 948 (68)'
537 875 730 928 ἔπειτα
777 873 958 944 μέντοι
1007 871 1314 926 ἀκολουθῶν
1362 875 1480 936 ταῖς
1523 868 1716 924 ἑαυτοῦ

93 967 104 992 ’⁵
137 971 246 1040 (69)
291 967 686 1040 βλασφημίαις,
723 967 818 1020 καὶ
855 966 950 1018 τὸν
987 965 1208 1036 Πατέρα
1237 966 1426 1036 φήσει,
1466 965 1566 1017 οὐκ
1587 963 1720 1018 ὄντα

136 1063 360 1134 Πατέρα
383 1061 443 1115 τὸ
466 1061 526 1126 ἐξ
555 1061 750 1130 ἀρχῆς,
792 1053 910 1112 εἶτα
943 1058 1168 1128 ὕστερον
1197 1057 1500 1126 γεγονέναι.

209 1239 298 1292 12.
341 1238 534 1292 Καίτοι
570 1239 618 1291 εί
652 1238 748 1308 μὲν
777 1237 940 1294 καλὸν
981 1238 1077 1290 καὶ
1112 1236 1320 1307 πρέπον
1356 1238 1420 1308 τῇ
1457 1253 1720 1309 μακαριο-

135 1329 372 1400 τητιτοῦ
397 1329 532 1383 Θεοῦ
549 1329 610 1382 τὸ
634 1327 771 1382 εἶναι
797 1328 1040 1398 Πατέρα,
1066 1329 1182 1391 πῶς
1203 1329 1302 1382 οὐκ
1327 1327 1386 1393 ἐξ
1411 1329 1585 1400 ἀρχῆς
1607 1330 1716 1400 (70)

133 1423 196 1476 τὸ
219 1423 431 1494 πρέπον
453 1421 599 1492 αὑτῷ
624 1421 807 1493 παρῆν
827 1439 842 1488 ;
869 1423 938 1474 Ἢ
956 1420 1068 1491 γὰρ
1091 1421 1283 1492 ἀγνοίᾳ
1309 1420 1404 1475 τοῦ
1431 1421 1718 1492 βελτίονος,

135 1516 168 1586 ἢ
201 1515 474 1586 ἀδυναμίᾳ
509 1513 722 1578 πάντως
751 1513 1056 1582 λογιοῦνται
1093 1515 1190 1583 τὴν
1223 1512 1488 1583 ἔλλειψιν·
1527 1513 1720 1585 ἀγνοίᾳ.

141 1607 262 1678 μὲν,
302 1605 462 1674 εἴπερ
492 1605 715 1677 ὕστερον
743 1604 928 1677 ἐξεῦρε
973 1605 1031 1659 τὺ
1074 1605 1312 1676 βέλτιον,
1338 1603 1610 1674 ἀδυναμίᾳ
1640 1603 1722 1668 δὲ,

135 1699 299 1769 εἰπερ
331 1697 487 1762 εἰδὼς
519 1698 614 1750 καὶ
663 1699 862 1760 συνιεὶς
901 1697 1242 1768 ἀπετύγχανε
1274 1696 1367 1749 τοῦ
1407 1695 1716 1750 καλλίστου.

135 1791 202 1842 Et
230 1789 294 1842 δὲ
328 1789 494 1861 (ὃομὴ
527 1788 685 1859 θέμις
725 1787 940 1858 εἰπεῖν)
990 1789 1052 1841 οὐ
1085 1787 1249 1844 καλὸν
1294 1784 1442 1856 αὐτῷ
1478 1783 1540 1838 τὸ
1583 1781 1720 1836 εἶναι

1823 601 1931 654 hilo
1955 603 2311 655 substantiam
2339 601 2473 669 ejus,
2507 605 2613 656 imo
2639 603 2829 656 Filium
2857 603 3063 672 ipsum;
3098 604 3228 657 nihil
3251 607 3391 659 enim

1821 694 2004 758 refert,
2047 695 2190 760 quod
2242 693 2308 746 ad
2369 693 2695 748 sententiam
2741 694 2955 760 attinet,
2989 695 3068 747 sic
3093 694 3176 748 vel
3213 695 3290 748 sic
3317 697 3390 750 di-

1819 801 1944 841 cere
1970 803 1984 838 :
2009 785 2240 854 primmn
2272 786 2488 854 quidem
2526 787 2881 856 temporibus,
2907 796 3090 854 atque,
3117 787 3160 842 si
3191 787 3266 842 ita
3294 789 3394 852 vis,

1821 877 2036 932 szeculis
2063 877 2398 932 conditorem
2444 877 2764 933 smeulorum
2815 879 3096 932 constituit
3129 881 3396 949 posterio-

1821 985 1935 1023 rem
1963 969 2197 1025 :deinde
2221 953 2348 1025 vero
2383 969 2733 1040 blaspltemiis
2773 971 2886 1024 suis
2939 969 3194 1025 insistens
3224 971 3398 1026 dictu-

1821 1075 1914 1116 rus
1941 1071 2024 1116 est
2059 1063 2220 1116 etiam
2259 1063 2495 1128 Patrem,
2531 1079 2654 1117 ettm
2691 1061 2854 1116 Pater
2881 1077 2988 1117 non
3021 1073 3166 1116 esset
3193 1064 3258 1116 ab
3294 1063 3397 1117 ini-

1824 1155 1917 1221 tio,
1951 1165 2061 1208 tum
2093 1155 2309 1210 demum
2345 1155 2546 1209 factum
2575 1155 2759 1211 fuisse.

1893 1245 2058 1318 247
2101 1247 2186 1301 12.
2227 1247 2389 1316 Atqui
2417 1247 2462 1301 si
2487 1247 2768 1302 honestum
2802 1263 2867 1302 ac
2900 1247 3155 1300 decorum
3192 1253 3277 1300 est
3301 1245 3396 1300 Dei

1821 1338 2140 1394 beatitudini
2177 1337 2393 1393 Patrem
2418 1353 2566 1404 esse;
2597 1337 2688 1406 qui
2717 1339 2773 1392 tit
2811 1348 2868 1392 ut
2893 1337 2941 1390 id
2969 1337 3110 1407 quod
3135 1339 3393 1404 decebat,

1820 1429 1870 1483 ei
1909 1430 1977 1484 ab
2025 1429 2180 1484 initio
2217 1445 2321 1484 non
2365 1427 2614 1483 adesset?
2643 1429 2752 1482 Aut
2785 1427 2929 1482 enim
2967 1427 3394 1494 melioris-igno-

1821 1522 2042 1586 rationi,
2078 1530 2170 1576 aut
2196 1523 2418 1576 omnino
2451 1520 2781 1589 impotentiae
2821 1519 2964 1574 hunc
2989 1519 3255 1574 defectum
3295 1520 3394 1572 int-

1821 1615 2086 1682 pntabnnt
2125 1629 2141 1668 :
2195 1613 2518 1682 ignorationi
2566 1612 2806 1681 quidem,
2859 1611 2904 1665 si
2947 1611 3204 1681 deinceps
3252 1611 3392 1678 quod

1823 1702 2014 1756 melius
2047 1711 2131 1756 est
2162 1703 2520 1772 excogitavit;
2571 1700 2907 1770 impotentiae
2949 1716 3101 1767 vero,
3139 1716 3182 1755 su
3217 1702 3394 1754 sciens

1823 1803 1986 1862 atque
2016 1795 2359 1862 intelligens,
2401 1795 2542 1863 quod
2577 1794 2839 1864 optimum
2874 1802 2995 1850 erat
3021 1793 3234 1860 assequi
3288 1806 3393 1845 non

135 1881 393 1953 Πατέρα,
437 1881 582 1944 τίνος
611 1881 797 1932 ἕνεκεν
832 1882 896 1932 ὲκ
947 1879 1248 1950 μεταϐολῆς
1279 1877 1342 1930 τὸ
1371 1879 1554 1948 χεῖρον
1588 1893 1715 1947 προ-

1833 1888 2020 1955 potuit.
2068 1885 2220 1952 Quod
2251 1887 2295 1940 si
2334 1885 2509 1958 (quod
2544 1883 2622 1940 l‘as
2656 1902 2759 1940 non
2793 1896 2876 1940 est
2907 1883 3127 1955 dicere)
3162 1900 3264 1938 non
3313 1891 3394 1938 est

134 1971 346 2038 είλετο;
398 1973 556 2026 Ἀλλά
595 1972 848 2042 τρέποιτο
879 1971 978 2041 μὲν
1017 1973 1098 2034 είς
1143 1971 1269 2033 τοὺς
1305 1971 1412 2040 (71)
1447 1967 1652 2030 αἰτίους
1681 1969 1715 2038 ἡ

136 2063 492 2135 βλασφημία·
521 2065 550 2116 ὁ
601 2063 657 2114 δὲ
704 2063 836 2126 Θεὸς
873 2061 980 2115 τῶν
1029 2063 1166 2116 ὅλων
1215 2060 1274 2125 ἐξ
1320 2060 1550 2130 ἀπείρου
1603 2059 1720 2114 ἐστὶ

137 2156 327 2227 Πατὴρ
347 2195 362 2218 ,
389 2157 490 2208 οὐκ
521 2157 827 2227 ἀρξάμενός
869 2171 1001 2206 ποτε
1029 2153 1122 2206 τοῦ
1158 2149 1295 2206 εἶναι
1329 2153 1538 2221 Πατήρ.
1582 2149 1718 2203 Οὔτε

135 2249 244 2319 γὰρ
279 2252 347 2319 τῇ
383 2249 487 2318 τῆς
516 2249 800 2319 δυνάμεως
843 2247 1021 2320 ἐνδείᾳ
1055 2245 1190 2318 πρὸς
1235 2243 1332 2314 τὴν
1374 2242 1718 2313 ἐκπλήρωσιν

133 2339 228 2392 τοό
255 2339 386 2410 βελή
397 2357 564 2411 ματος
587 2339 877 2402 ἐκωλύετο,
907 2337 1027 2391 οὔτε
1051 2335 1260 2390 αἰώνων
1284 2335 1445 2388 τινῶν
1473 2331 1718 2404 περίοδος

131 2429 416 2502 ἀνέμενεν,
463 2432 571 2495 ἵνα,
622 2430 810 2502 ὥσπερ
856 2431 950 2486 ἐπὶ
991 2429 1098 2487 τῶν
1140 2425 1440 2497 ἀνθρώπων
1488 2423 1718 2478 καὶτῶν

131 2521 339 2576 λοιπῶν
370 2523 546 2587 ζώων,
591 2523 728 2594 μετά
776 2523 878 2592 τὴν
920 2522 1017 2592 τῆς
1063 2519 1278 2591 ἡλικίας
1329 2518 1718 2588 συμπλήρωσιν

129 2615 234 2684 τῆς
261 2616 342 2676 είς
367 2615 428 2667 τὸ
453 2617 646 2686 γεννᾷν
671 2612 820 2684 αὐτῷ
848 2613 1127 2683 δυνάμεως
1149 2609 1549 2683 προσελθούσης
1577 2609 1714 2679 (72),

131 2706 194 2758 τὸ
250 2706 688 2777 σπουδαζόμενον
749 2706 1110 2776 περιγένηται
1167 2703 1544 2774 (μαινομένων
1608 2700 1717 2772 γὰρ

131 2797 308 2852 ταῦτα
338 2799 434 2851 καὶ
457 2799 833 2870 ὲννοῆσαι’κα“ι
859 2795 1236 2868 φθέγξασθαι),
1265 2794 1401 2848 ἀλλὰ
1429 2797 1496 2864 τῇ
1521 2791 1715 2845 ἑαυτοῦ

131 2891 400 2962 ἀῖδιότητι
439 2892 1050 2965 συμπαρεκτεινομένην
1098 2889 1210 2960 ἕχει
1260 2889 1359 2959 τὴν
1419 2887 1506 2954 (ἶν’
1543 2885 1716 2948 οὕτως

131 2983 426 3052 ὀνομάσω)
487 2984 819 3055 πατρότητα.
879 2982 1086 3036 Οὐκοῦν
1137 2979 1232 3034 καὶ
1301 2980 1330 3030 ὁ
1403 2979 1549 3040 Υἱὸς,
1611 2977 1717 3048 πρὸ

129 3075 330 3138 αἰῶνος
377 3075 486 3144 (75)
519 3075 616 3140 ὢν,
665 3076 760 3130 καὶ
807 3075 896 3128 ἀεὶ
943 3073 1047 3138 ὢν,
1082 3074 1181 3126 οὐκ
1215 3071 1414 3143 ἤρξατο
1451 3070 1543 3123 τοῦ
1577 3066 1716 3123 εἷναί

131 3185 288 3230 ποτε,
318 3168 434 3222 ἀλλ’
461 3169 556 3238 ἀφ’
585 3163 644 3222 οὗ
669 3168 879 3239 Πατὴρ,
912 3167 1008 3220 καὶ
1039 3167 1186 3232 Υἱὸς,
1216 3166 1310 3218 καὶ
1340 3164 1500 3228 εὐθὺς
1529 3166 1594 3234 τῇ
1621 3163 1714 3216 τοῦ

1826 1979 1874 2033 ei
1911 1979 2109 2032 bonum
2147 1977 2359 2032 Patrem
2401 1993 2543 2043 esse,
2583 1977 2736 2047 cujus
2771 1976 2844 2031 rei
2877 1976 3050 2047 gratia
3091 1982 3396 2028 commuta-

1827 2078 1913 2124 tus
1940 2067 2092 2138 pejus
2123 2067 2324 2138 elegit?
2353 2067 2458 2120 Sed
2489 2067 2695 2121 recidat
2727 2066 2780 2120 in
2811 2083 2936 2121 suos
2970 2075 3220 2118 auctores
3253 2061 3398 2116 blas-

1826 2161 2064 2230 phemia.
2111 2159 2244 2212 Nam
2297 2165 2434 2214 Deus
2486 2159 2866 2214 universorum
2902 2157 3060 2211 Pater
3094 2165 3178 2229 est
3210 2171 3274 2208 ex
3313 2154 3396 2207 itt-

1828 2251 2014 2316 ﬁttito,
2061 2265 2161 2305 nec
2191 2266 2426 2320 unquam
2471 2249 2632 2304 Pater
2663 2264 2784 2304 esse
2813 2247 2998 2318 ccepit.
3031 2245 3216 2316 Neque
3250 2243 3396 2299 enim

1827 2344 2080 2414 potentiae
2109 2344 2341 2408 del'ectu,
2372 2359 2438 2396 ne
2464 2343 2705 2411 expleret
2735 2341 3092 2404 voluntatem,
3119 2335 3398 2392 detineba-

1828 2447 1914 2491 tur
1945 2457 1957 2491 :
1994 2449 2170 2504 neque
2196 2435 2427 2489 ullorum
2467 2433 2786 2489 saeculorum
2819 2431 3080 2486 circuitus
3113 2439 3396 2500 exspecta-

1823 2530 1920 2594 vit,
1954 2537 2012 2582 nt
2038 2529 2179 2582 sicut
2202 2530 2254 2581 in
2291 2527 2594 2580 hominibus
2625 2542 2688 2580 ac
2721 2525 2944 2594 reliquis
2972 2522 3318 2586 animalibus,
3347 2520 3396 2574 ei

1825 2620 2120 2691 generandi
2157 2619 2416 2674 facultate
2461 2629 2582 2689 post
2621 2618 2943 2688 completam
2990 2627 3203 2670 aetatem
3246 2629 3396 2667 acce-

1827 2716 2011 2782 dente,
2071 2714 2214 2782 quod
2275 2711 2494 2766 volebat
2546 2722 2950 2782 assequeretur.
3009 2709 3395 2764 lnsanientium

1823 2809 1966 2862 enim
2003 2816 2087 2862 est
2118 2807 2230 2860 haec
2263 2813 2318 2859 et
2363 2806 2621 2874 cogitare,
2656 2815 2710 2858 et
2748 2805 2916 2872 loqui.
2951 2801 3093 2867 Sed,
3131 2809 3190 2856 ut
3220 2803 3290 2854 ita
3319 2800 3400 2854 di-

1824 2916 1964 2964 cam,
1999 2905 2268 2953 extentam
2299 2897 2463 2950 habet
2501 2913 2622 2950 cmn
2657 2910 2753 2950 sua
2805 2895 3114 2949 aeternitate
3153 2893 3400 2964 paterni-

1826 2987 2013 3046 tatem'.
2052 2989 2414 3056 Quamobrem
2447 2997 2501 3042 et
2535 2986 2704 3040 Filius
2735 3003 2857 3040 cum
2891 2993 3020 3040 ante
3061 2983 3258 3038 saucula
3292 2983 3394 3048 sit,

1823 3097 1876 3138 et
1907 3099 2120 3152 semper
2145 3083 2237 3148 sit,
2275 3096 2546 3152 nunquam
2583 3093 2702 3134 esse
2736 3077 2958 3148 incmpit
2989 3095 3002 3132 :
3043 3078 3136 3132 sed
3191 3091 3258 3129 ex
3292 3091 3392 3144 quo

1824 3175 1988 3231 Pater
2013 3183 2118 3239 est,
2157 3185 2211 3229 et
2244 3173 2416 3230 Filius
2442 3183 2546 3237 est,
2595 3179 2650 3226 et
2689 3171 2874 3227 statim
2921 3184 3026 3223 una
3057 3184 3178 3222 cmn
3221 3167 3394 3220 Patris

133 3259 352 3329 Πατρὸς
383 3259 562 3330 ἐννοίᾳ
590 3259 624 3330 ἡ
651 3258 746 3312 τοῦ
778 3258 916 3312 Υίοῦ
938 3257 1368 3326 συνεισέρχεται.
1405 3257 1462 3308 ’0
1483 3255 1592 3325 γὰρ
1613 3257 1715 3308 Πα-

1833 3269 2065 3334 notione,
2117 3265 2240 3321 Filii
2278 3279 2494 3336 quoque
2531 3265 2680 3318 notio
2723 3261 2985 3332 subrepit.
3037 3259 3171 3313 Nam
3213 3257 3392 3320 Pater,

132 3349 239 3420 τὴρ
285 3349 420 3402 Υίοῠ
469 3350 660 3421 Πατὴρ
703 3350 966 3421 δηλονότι.
1014 3349 1182 3420 Ἀρχὴ
1232 3349 1335 3419 μὲν
1367 3343 1459 3400 οὖν
1503 3347 1716 3418 Πατρὸς

129 3443 382 3514 οὐδεμία,
411 3445 554 3516 ἀρχὴ
575 3446 630 3499 δὲ
659 3444 754 3498 τοῦ
781 3443 910 3498 Υἱοῦ
933 3445 962 3497 ὁ
988 3445 1176 3516 Πατήρ
1194 3461 1209 3476 ο
1241 3445 1404 3515 μέσον
1432 3441 1488 3494 δὲ
1513 3439 1718 3494 τούτων

129 3536 316 3594 οὐδέν,
349 3537 468 3600 Πῶς
494 3533 588 3591 οὖν
613 3538 713 3591 οὐκ
745 3533 814 3608 ἦν
845 3537 906 3590 τὸ
935 3537 994 3600 ἐξ
1021 3537 1196 3608 ἀρχῆς
1227 3537 1242 3606 (
1267 3535 1424 3589 τοῦτο
1459 3535 1568 3606 γάρ
1601 3537 1718 3588 ἐστι

128 3628 214 3690 τι,
244 3629 358 3696 πρὸ
393 3627 503 3698 τῆς
537 3629 689 3694 ἰδίας
715 3627 1092 3694 συστάσεως,
1127 3631 1186 3682 ἐν
1219 3629 1514 3698 σοφίσμασι
1559 3627 1716 3695 λεγό-

137 3735 302 3789 μενον
343 3719 495 3789 παρά
519 3720 764 3788 τούτων)
791 3722 820 3773 ὁ
862 3721 1028 3791 μηδὲν
1059 3719 1198 3790 ἔχων
1231 3718 1716 3790 προεπινοούμενον

133 3809 355 3874 ἑαυτοῦ,
387 3813 433 3864 εί
469 3812 542 3882 μὴ
569 3811 658 3864 τὸν
693 3813 750 3878 ἐξ
781 3807 841 3866 οὗ
869 3811 980 3882 ἔχει
1007 3812 1070 3865 τὸ
1099 3810 1259 3878 εἶναι,
1297 3812 1357 3864 οὐ
1389 3811 1720 3882 διαστήματι

133 3900 491 3972 ὑπερέχοντα,
537 3903 672 3956 ἀλλὰ
707 3905 774 3972 τῇ
805 3902 952 3974 αἰτίᾳ.
985 3903 1436 3975 προτεταγμένον
1476 3901 1625 3972 (74);
1655 3902 1716 3953 Ei

131 3993 315 4046 τοίνυν
349 3993 516 4056 ἀΐδιος
545 3997 578 4064 ἡ
612 3993 705 4048 τοῦ
735 3995 864 4048 Υίοῢ
901 3995 1153 4048 κοινωνία
1181 3995 1318 4064 πρὸς
1341 3993 1432 4047 τὸν
1459 3993 1592 4046 Θεὸν
1621 3994 1718 4046 καὶ

133 4084 358 4155 Πατέρα
405 4085 802 4156 ἀναπέφανται,
849 4087 946 4158 τῆς
995 4086 1234 4150 διανοίας
1279 4085 1438 4157 ἡμῶν
1475 4085 1584 4138 ἀπο
1621 4085 1718 4138 τοῦ

133 4175 268 4229 Υίοῦ
305 4177 372 4230 δι’
402 4178 615 4242 οὐδενὸς
661 4179 818 4232 κενσῦ
862 4179 998 4250 πρὸς
1029 4183 1126 4232 τὸν·
1155 4179 1374 4250 Πατέρα
1410 4177 1714 4250 χωρούσης,

131 4267 252 4322 ἀλλ’
285 4269 622 4333 ἀδιαστάτως
652 4271 744 4324 τὸν
781 4272 908 4325 Υἰδν
949 4272 1024 4344 τῷ
1057 4273 1231 4344 Πατρὶ
1264 4270 1659 4342 συναπτούσης,
1689 4271 1720 4323 ὁ

137 4361 328 4431 μηδενὶ
357 4363 506 4434 μέσῳ
529 4363 895 4435 διοριζόμενος
919 4367 1042 4418 τίνα
1069 4365 1150 4418 ἔτι
1181 4365 1532 4435 παρείσδυσιν
1559 4381 1719 4416 κατα-

133 4452 315 4504 λείπει
350 4455 414 4524 τῇ
461 4457 672 4526 πονηρᾷ
707 4455 1026 4528 βλασφημίᾳ
1071 4457 1178 4510 τῶν
1205 4457 1494 4526 λεγόντων,
1531 4460 1595 4510 ἐκ
1624 4456 1716 4510 τοῦ

137 4543 216 4616 μὴ
241 4543 392 4608 ὄντος
421 4545 586 4600 αὐτὸν
613 4548 692 4610 είς
721 4548 780 4600 τὸ
811 4544 1290 4622 εἶναι’παρῆχθαι;

213 4637 300 4691 15.
345 4639 576 4692 Ἔπειτα
612 4639 794 4710 μέντοι
823 4641 916 4694 καί
941 4641 1041 4711 τῆς
1067 4641 1251 4703 ἀνοίας
1285 4640 1480 4703 αὐτοὺς
1505 4639 1720 4710 οαυμά‹

1821 3359 1942 3415 Filii
1989 3360 2176 3429 utique
2209 3367 2292 3413 est
2340 3357 2523 3413 Pater.
2572 3357 2753 3411 Patris
2797 3357 2962 3425 igitur
3001 3355 3154 3423 origo
3189 3349 3330 3405 nulla
3379 3365 3396 3404 :

1822 3455 1976 3524 origo
2005 3467 2134 3506 vero
2165 3450 2313 3518 Filii,
2351 3449 2549 3512 Pater;
2591 3449 2734 3502 inter
2771 3447 2870 3501 hos
2917 3445 3050 3500 nihil
3089 3454 3169 3499 est
3211 3442 3394 3498 medii.

1823 3543 2104 3610 Quomodo
2151 3542 2314 3612 igitur
2351 3557 2380 3594 a
2424 3539 2686 3608 principio
2737 3553 2845 3590 non
2885 3545 3002 3591 erat
3039 3533 3199 3606 (nam
3237 3535 3394 3599 illud,

1823 3647 1944 3690 ante
1973 3651 2124 3689 suam
2153 3633 2614 3696 constitulimmn,
2645 3631 2785 3699 quod
2819 3631 2886 3682 ab
2923 3628 3004 3682 bis
3051 3643 3146 3696 per
3176 3625 3388 3681 cavilla-

1827 3727 2024 3782 tionem
2053 3725 2346 3793 profertur,
2377 3723 2480 3777 ltue
2507 3722 2608 3776 sibi
2641 3719 2810 3790 vnlt,)
2841 3721 2904 3788 is,
2939 3720 3030 3789 qui
3075 3717 3206 3772 nihil
3237 3717 3400 3773 habet

1824 3818 1966 3888 quod
1998 3827 2127 3871 ante
2155 3831 2216 3872 se
2247 3815 2604 3884 intelligatur,
2633 3813 2737 3866 nisi
2769 3813 2937 3878 illum,
2971 3829 2999 3864 ιι
3030 3827 3134 3881 quo
3164 3827 3272 3864 esse
3301 3809 3399 3863 ha-

1823 3912 1936 3976 bet,
1975 3923 2081 3963 non
2111 3903 2398 3961 intervallo
2429 3905 2846 3973 praecedentem,
2880 3903 2973 3956 sed
3014 3916 3191 3955 causa:
3217 3899 3399 3968 digni-

1827 4011 1936 4056 tate
1982 3997 2374 4072 pratpositum?
2409 3997 2644 4052 Proinde
2683 3997 2727 4050 si
2783 3994 2901 4050 Filii
2959 4009 3080 4049 cum
3130 3993 3296 4047 Patre
3347 4002 3402 4048 et

1827 4097 1942 4150 Deo
1973 4093 2286 4165 conjuncﬁo
2315 4101 2532 4146 ostensa
2562 4097 2646 4144 est
2673 4099 2894 4152 aeterna,
2929 4102 3052 4141 cum
3095 4093 3274 4140 nostra
3306 4101 3400 4139 co-

1827 4189 2018 4258 gitatio
2051 4203 2080 4241 a
2113 4187 2254 4242 Filio
2285 4187 2352 4239 ad
2395 4185 2610 4240 Patrem
2655 4197 2751 4252 per
2786 4181 2989 4235 nullum
3033 4179 3269 4234 medium
3301 4179 3399 4234 tle-

1827 4281 2030 4344 veniat,
2060 4279 2170 4333 imo
2208 4279 2414 4345 absque
2446 4275 2732 4330 intervallo
2777 4273 2922 4327 Patri
2953 4273 3150 4328 Filium
3179 4271 3403 4340 conjun-

1824 4381 1946 4442 gat;
1977 4373 2024 4426 is
2061 4371 2150 4439 qui
2183 4369 2330 4424 nullo
2374 4368 2552 4422 medio
2582 4367 2904 4437 seiungitur,
2946 4381 3106 4434 quem
3141 4365 3251 4435 jam
3286 4363 3402 4417 adi-

1827 4475 1939 4517 tum
1988 4477 2166 4530 prava:
2206 4459 2554 4529 blasphemia:
2589 4459 2848 4528 relinquit
2883 4473 3070 4513 eorum
3094 4497 3110 4522 ,
3146 4455 3236 4526 qui
3271 4471 3394 4510 eum

1825 4548 2012 4600 dicunt
2045 4561 2110 4598 cx
2147 4560 2251 4598 non
2285 4544 2583 4598 exsistente
2613 4543 2677 4596 ad
2707 4559 2816 4596 esse
2843 4542 3164 4610 productum
3191 4541 3349 4595 esse?

1901 4637 1994 4691 15.
2036 4637 2115 4691 Ad
2161 4636 2276 4691 haec
2313 4637 2552 4705 ipsorum
2583 4649 2797 4704 quoque
2840 4633 3166 4689 dementiam
3209 4631 3402 4687 mirari

209 4835 324 4908 (67)
357 4837 592 4908 Editiet
619 4854 748 4892 mss.
779 4855 884 4892 non
925 4838 1080 4908 pauci
1128 4837 1484 4908 γεγενῆσθαι,
1519 4837 1715 4905 factum

1833 4853 1921 4888 ςιιιιι
1949 4841 2067 4908 diue
2102 4850 2264 4891 voces
2285 4836 2481 4891 desunt
2513 4835 2568 4888 in
2605 4849 2763 4908 mss.,
2799 4848 2902 4908 nec
2926 4833 3114 4908 dubito
3141 4831 3275 4904 quin
3303 4833 3400 4888 de-

135 4925 250 4963 cue
277 4907 424 4962 :nec
453 4907 611 4960 aliter
643 4909 836 4978 legitur
869 4907 934 4962 in
964 4923 1028 4962 eo
1059 4911 1267 4970 codice,
1294 4907 1364 4978 in
1417 4925 1526 4977 quo
1579 4923 1716 4977 Opus

139 4978 390 5034 Eunomii
430 4977 988 5048 inveniri’diximus.
1039 4980 1220 5032 Codex
1268 4977 1422 5032 Culb.
1455 4981 1716 5048 γεγεννῆ-

139 5049 290 5111 σθαι,
319 5047 546 5114 genitam
578 5065 710 5102 esse.
765 5048 890 5102 Mihi
925 5049 1142 5117 quidem
1189 5049 1410 5102 dubium
1459 5065 1564 5102 non
1605 5047 1710 5110 est,

137 5121 272 5186 quin
303 5117 452 5180 illud,
487 5117 688 5186 μᾶλλον
740 5118 822 5184 δέ,
872 5129 1004 5179 etc.,
1036 5121 1116 5172 sic
1164 5118 1540 5186 accipiendum
1589 5118 1659 5172 sit
1694 5135 1708 5171 :

141 5189 260 5242 luto
289 5202 436 5251 vero,
467 5190 510 5238 si
543 5204 668 5242 vera
697 5187 853 5243 fateri
895 5188 1190 5242 Ennomius
1227 5189 1362 5250 vult,
1405 5189 1580 5256 palam
1625 5189 1708 5242 di-

139 5270 331 5312 cturus
353 5267 434 5312 est
467 5257 660 5312 Filium
709 5260 884 5326 ipsum
924 5273 990 5311 ex
1026 5258 1194 5311 nihilo
1234 5259 1474 5326 genitum
1521 5258 1710 5312 fuisse.

135 5329 314 5383 Aliter
339 5336 516 5382 tamen
563 5330 708 5382 lmuc
757 5329 932 5382 locum
962 5327 1304 5382 intellexerat
1351 5339 1508 5382 vetus
1549 5329 1714 5382 inter-

139 5413 290 5468 pres.
315 5398 413 5468 qui
439 5399 508 5452 ita
541 5399 831 5452 vertisset:
862 5397 981 5452 Ima
1026 5397 1254 5465 primum
1276 5399 1454 5468 ipsum
1511 5397 1714 5450 Filium

139 5469 300 5538 (nihil
333 5467 472 5538 enim
502 5469 658 5535 refert
688 5479 944 5536 quantum
989 5469 1058 5520 ad
1110 5483 1237 5529 rem,
1263 5467 1359 5521 hoc
1401 5469 1478 5520 vel
1509 5467 1600 5520 illo
1633 5469 1716 5519 di—

137 5537 259 5592 cere
282 5537 458 5606 modo)
493 5539 829 5603 posteriorem
852 5555 1010 5600 quam
1045 5547 1276 5600 tempora
1307 5549 1483 5602 ponet.
1513 5538 1710 5592 Ibidem

139 5609 270 5661 editi
301 5605 450 5670 Υἱὸν,
482 5608 574 5660 καὶ
600 5607 774 5660 οὐδέν.
813 5607 1066 5661 Voculam
1089 5606 1184 5658 καί
1201 5609 1580 5675 expunximus,
1617 5625 1710 5662 co-

142 5679 322 5730 dicum
350 5675 578 5746 duorum
619 5681 780 5730 Iidem
829 5677 1028 5732 secuti.
1077 5675 1198 5731 Mox
1233 5678 1364 5732 editi
1414 5676 1446 5746 ἢ
1493 5677 1714 5730 οὑτωσί.

141 5749 214 5801 At
247 5761 376 5816 mss.
403 5745 435 5816 ἢ
466 5745 657 5809 οὕτως.

215 5815 327 5888 (68)
352 5812 492 5872 Editi
533 5816 640 5871 τῶν
693 5817 902 5874 αἰώνων
951 5816 1204 5888 δεύτερον
1247 5812 1406 5871 εἶναι.
1444 5815 1552 5874 Sed
1584 5816 1708 5872 ulti-

1825 4910 1990 4960 beaut
2025 4907 2234 4968 abesse,
2275 4921 2402 4961 cum
2445 4907 2776 4960 sententiam
2820 4903 3057 4959 eﬂiciant
3082 4903 3396 4959 contortam

1822 4986 1986 5042 atque.
2022 4977 2360 5030 intricatum-

1892 5044 2404 5114 (69)Ει1ἰιίαὐτοῦ.
2456 5044 2526 5098 At
2577 5059 2708 5114 mss:
2768 5043 2987 5098 ἑαυτοῦ.
3043 5042 3238 5098 Statim
3269 5043 3398 5100 editi

1817 5116 1934 5171 ἀλλ’
1957 5110 2217 5188 ὕστερον.
2243 5117 2388 5170 Libri
2414 5124 2625 5188 veteres
2640 5110 3050 5188 _ei‘ta_i'ia:rspov.

1891 5187 2004 5256 (70)
2041 5181 2176 5256 Reg.
2206 5195 2432 5256 quartus
2457 5184 2576 5256 πῶς
2609 5181 2701 5238 οὖν
2736 5185 2810 5256 μὴ
2831 5185 2892 5250 ἐξ
2921 5181 3116 5256 ἀρχῆς.

1893 5254 2006 5327 (71)
2040 5254 2184 5310 Editi
2219 5255 2357 5326 πρὸς
2383 5255 2530 5318 τούς.
2581 5254 2808 5327 Antiqui
2834 5270 2930 5327 sex
2962 5254 3096 5309 ’lib‘ri
3125 5255 3208 5327 είς
3239 5254 3388 5318 τούς.

1891 5325 2008 5395 (72)
2035 5325 2272 5398 Editiet
2301 5341 2395 5380 sex
2438 5342 2569 5380 mss.
2603 5325 2998 5398 προελθούσης.
3019 5327 3090 5380 At
3121 5325 3254 5396 Reg.
3287 5336 3400 5380 ter-

1825 5399 1932 5451 tius
1967 5395 2396 5467 προσελθούσης,
2431 5403 2598 5450 recte.

1895 5463 2182 5537 (Wo—Editi
2217 5477 2272 5519 et
2331 5463 2464 5519 inss.
2513 5467 2663 5520 multi
2715 5467 2845 5538 Υίὸς
2901 5465 3010 5538 πρὸ
3050 5463 3274 5538 αἰῶνος.
3329 5465 3400 5519 At

1825 5533 1953 5604 lteg.
1985 5533 2186 5590 tertius
2222 5538 2456 5605 secunda
2483 5541 2666 5588 {manu
2704 5537 2832 5600 Υἱὸς
2861 5533 3188 5605 πρὸαιώνιος
3211 5535 3306 5590 ὢν.

1891 5609 2004 5677 (74)
2047 5606 2224 5660 Ἀλλὰ
2247 5604 2322 5674 τῇ
2336 5605 2494 5671 αἰτίῃ
2509 5604 3006 5674 προτεταγμένον,
3039 5621 3214 5660 causa?
3229 5605 3399 5677 nomi-

1827 5675 2278 5746 ne'priepositum.
2331 5678 2472 5746 Lege
2509 5679 2738 5744 primum
2777 5692 2925 5730 nttm.
2962 5677 3014 5738 8,
3055 5677 3148 5740 ‘25,
3184 5677 3271 5728 tibi
3305 5675 3397 5728 i’lla

1822 5745 2047 5802 Joannis
2071 5763 2180 5810 xlv,
2219 5747 2308 5811 ‘28,
2337 5745 2502 5798 Pater
2533 5747 2704 5812 major
2726 5763 2806 5801 me
2833 5757 2930 5812 est,
2959 5758 3012 5800 ut
3036 5749 3190 5802 docte
3211 5747 3284 5801 ita
3313 5761 3400 5800 co-

1825 5821 1970 5884 piose
2003 5833 2032 5874 a
2065 5815 2270 5875 Basilio
2297 5816 2657 5887 explicantur.
