3822 6216
451 344 561 401 595

1799 355 1857 410 S.
1899 354 2151 411 BASlLll
2192 355 2410 411 MAGNI

3614 358 3707 412 596

448 476 631 531 operat:
676 464 906 532 pretium
938 475 1058 535 est,
1089 468 1232 538 quod
1278 470 1407 525 dum
1445 485 1512 526 ex
1554 487 1659 527 non
1691 477 2034 529 exstantibus

2144 493 2234 528 σαι
2261 474 2430 540 ἄξιον,
2471 474 2531 526 οὑ
2569 474 2868 537 συνιέντας,
2912 473 3015 537 ὅτι,
3049 473 3113 527 ἐκ
3156 474 3229 543 μὴ
3263 473 3434 527 ὄντων
3472 474 3711 543 λέγοντες

448 568 575 608 esse
618 552 803 607 dicunt
846 554 1081 620 Filium,
1134 571 1475 628 nequaquam
1525 560 1837 633 intelligunt
1888 569 2031 633 quod

449 660 574 699 eum
623 661 727 699 non
766 647 926 701 Patre
971 649 1170 711 solum,
1220 654 1315 705 sed
1358 667 1421 705 ea
1451 652 1615 706 etiam
1654 670 1713 709 re
1746 672 1843 724 per
1873 674 2032 726 quam

455 736 801 807 Unigenitum
828 755 856 791 a
884 739 1037 793 Patre
1064 752 1345 810 separant,
1374 745 1733 812 posteriorem
1767 756 2029 802 statuant.

450 826 582 881 Nam
614 845 837 885 necesse
863 843 970 893 est,
995 834 1038 887 si
1069 835 1194 903 quid
1222 834 1292 887 sit
1317 836 1455 888 inter
1488 836 1702 890 Patrem
1731 849 1785 891 et
1811 839 2031 905 Filium,

451 921 501 973 id
541 919 662 973 Filii
694 924 1013 977 exsistentia
1051 927 1325 994 antiquius
1366 942 1504 981 esse.
1551 928 1691 993 Quid
1728 930 1889 997 igitur
1926 932 2027 984 hoc

447 1026 570 1065 esse
596 1015 830 1082 poterit?
859 1015 1125 1081 Quidnam
1152 1018 1296 1071 aliud
1327 1020 1428 1073 nisi
1457 1032 1549 1072 aut
1576 1036 1749 1073 :BVUIII
1774 1031 1868 1074 aut
1896 1032 2032 1075 tetu-

449 1106 587 1176 pus?
612 1106 713 1172 Qui
746 1109 890 1162 enim
922 1108 1101 1165 Patris
1130 1113 1292 1166 vitam
1322 1112 1427 1165 vita
1466 1112 1741 1182 Unigeuiti
1778 1114 2026 1184 intelligit

450 1200 811 1263 anteriorem,
846 1218 950 1271 qua
982 1218 1039 1256 re
1080 1203 1186 1257 alia
1218 1219 1379 1272 quam
1411 1205 1735 1260 saeculorum
1769 1215 1861 1259 aut
1898 1217 2033 1261 tem-

450 1304 641 1357 porum
696 1294 1069 1361 quorumdam.
1120 1295 1296 1364 spatio
1352 1297 1675 1360 adutetiens,
1739 1312 2026 1353 exceSSum

450 1383 725 1438 invenisse
752 1398 811 1439 se
847 1385 1085 1441 dixerit?
1120 1388 1263 1457 quod
1301 1387 1347 1440 si
1391 1388 1493 1440 hoc
1534 1403 1724 1441 rerum
1756 1398 1863 1452 est,
1898 1388 2035 1443 falsa

451 1474 733 1543 Scriptura
776 1486 891 1544 est,
920 1494 1039 1546 qua:
1079 1480 1212 1533 dicit
1258 1480 1399 1533 facta
1430 1494 1552 1533 esse
1586 1494 1682 1549 per
1723 1482 1900 1550 ipsum
1939 1498 2039 1536 sa»-

451 1562 569 1616 cula
591 1563 657 1631 “;
688 1580 916 1634 qumque
947 1569 1102 1620 dor-et
1127 1566 1263 1622 facta
1292 1582 1413 1621 esse
1439 1582 1531 1635 per
1557 1568 1729 1635 ipsum
1757 1570 1939 1623 omnia
1966 1572 2033 1637 ",

452 1672 577 1711 cum
609 1668 754 1711 certe
789 1660 839 1711 in
865 1660 1105 1712 omnium
1159 1676 1386 1713 numero
1428 1660 1628 1714 saecula
1685 1663 1847 1715 etiam
1887 1680 2035 1719 cont-

452 1749 878 1818 preltendantur.
917 1752 971 1804 Si
1006 1767 1130 1805 vero
1172 1752 1367 1804 dicturi
1404 1764 1525 1804 sunt
1577 1767 1636 1805 se
1676 1771 1782 1807 non
1834 1771 2033 1824 negare

2137 564 2229 617 τὸν
2266 563 2415 627 Υἱὸν,
2443 565 2504 616 οὑ
2534 563 2628 616 τοῦ
2663 562 2875 634 Πατρὸς
2905 563 3063 632 μόνον
3093 562 3353 635 νεώτερον
3385 565 3711 633 ἀποφαίνου-

2141 674 2246 720 σιν,
2280 656 2336 709 ἀ)
2349 656 2415 709 λὰ
2447 656 2541 709 καὶ
2568 655 2682 719 τοῦ,
2716 649 2760 723 ᾧ
2784 656 2873 708 τὸν
2897 655 3177 724 Μονογενῆ
3206 655 3320 725 (75)
3343 656 3453 709 ἀπὸ
3476 656 3571 708 τοῦ
3608 658 3712 709 Βα-

2138 751 2267 821 τρὸς
2301 750 2644 820 διορίζουσιν.
2702 749 2938 817 Ἀνάγκη
2983 747 3111 819 γὰρ,
3166 747 3323 818 εἴπερ
3375 765 3429 799 τι
3488 749 3572 817 εἴη
3625 766 3714 817 με-

2138 838 2271 904 ταξὺ
2303 839 2413 907 (7.6)
2440 838 2650 909 Πατρὸς
2684 838 2776 890 κα)⁸
2808 838 2959 900 Υἰοῦ,
2990 837 3362 909 πρεσϐύτερον
3392 835 3535 891 εἶναι
3564 838 3716 889 τοῦτο

2137 932 2239 1001 τῆς
2282 931 2567 1003 ὑπάρξεως
2616 930 2708 984 τοῦ
2754 929 2904 983 Υἰοῦ.
2952 929 3017 981 Ti
3064 924 3156 982 οὖν
3188 930 3253 982 ἂν
3292 930 3378 1001 εἴη
3421 930 3613 993 τοῦτος
3660 931 3716 979 Τί

2139 1024 2267 1077 ἄλλο
2300 1042 2363 1091 γε
2392 1024 2423 1094 ἢ
2452 1023 2585 1077 αἰὼν
2615 1024 2833 1085 πάντως
2860 1023 2891 1094 ἢ
2917 1023 3140 1091 χρόνος;
3179 1024 3239 1075 '0
3271 1024 3380 1094 γάρ
3411 1040 3497 1075 τοι
3527 1040 3709 1092 περισ·

2142 1117 2366 1187 σοτέραν
2395 1118 2493 1185 τὴν
2537 1116 2633 1169 τοῦ
2666 1114 2879 1186 Πατρὸς
2929 1113 3072 1184 ζωὴν
3116 1114 3214 1185 τῆς
3255 1115 3349 1167 τοῦ
3384 1114 3715 1182 Μονογενοῦς

2139 1208 2337 1262 ἐννοῶν
2387 1208 2523 1276 (77),
2569 1207 2676 1260 τίνι
2711 1222 2775 1274 γε
2825 1206 2968 1275 ἄλλῳ
3002 1206 3393 1276 παραμετρῶν,
3427 1206 3715 1277 εὑρηκέναι

2139 1296 2204 1351 ἂν
2235 1298 2377 1349 εἴποι
2404 1298 2465 1349 τὸ
2499 1296 2776 1368 περισσὸν,
2808 1296 2841 1365 ἦ
2885 1296 3004 1364 οὑχὶ
3051 1295 3159 1364 (78)
3195 1295 3405 1349 αἰώνων
3439 1296 3473 1365 ἦ
3518 1296 3717 1366 χρόνων

2139 1388 2301 1442 τινῶν
2328 1388 2693 1459 διαστήματι;
2729 1389 2791 1441 Ei
2830 1388 2885 1440 δὲ
2913 1387 3067 1440 τοῦτο
3094 1386 3308 1457 ἀληθὲς,
3340 1387 3544 1457 ψευδὴς
3574 1389 3607 1455 ἡ
3638 1386 3717 1437 λέ-

2141 1493 2312 1544 γουσα
2356 1476 2544 1547 Γραφὴ
2573 1477 2699 1538 τοὺς
2727 1476 2927 1538 αἰῶνας
2956 1476 3022 1528 δι’
3052 1476 3216 1527 αὑτοῦ
3244 1476 3595 1545 γεγενῆσθαι,
3628 1478 3719 1528 καὶ

2142 1569 2175 1638 ἡ
2220 1566 2575 1631 διδάσκουσα,
2633 1568 2714 1620 ὅτι
2772 1567 2950 1621 πάντα
2994 1567 3058 1620 δι’
3098 1568 3260 1620 αὑτοῦ
3314 1568 3565 1636 ἐγένετο·
3608 1572 3720 1631 τοῖς

2144 1660 2298 1721 πᾶσι,
2332 1657 2597 1727 δηλονότι,
2640 1658 3185 1728 ὲμπεριειλημμένων
3220 1659 3314 1711 καὶ⁴
3340 1658 3453 1711 τῶν
3487 1656 3715 1710 αἰώνων.

2142 1750 2204 1802 Εἰ
2231 1750 2289 1802 δὲ
2322 1751 2553 1821 φήσουσι
2595 1749 2669 1821 μὴ
2700 1750 3059 1822 ἀπαρνεῖσθαι
3091 1750 3198 1821 πρὸ
3230 1750 3337 1804 τῶν
3380 1749 3592 1803 αἰώνων
3630 1749 3719 1801 τὸν

455 1838 652 1894 Filium
678 1850 802 1895 ante
831 1844 1021 1897 sarcula
1054 1844 1219 1916 248
1248 1847 1484 1916 genitum
1512 1864 1651 1911 esse,
1672 1848 1864 1911 sciant,
1891 1850 2030 1915 qttutl

2144 1843 2264 1895 Υἱὸν
2315 1841 2696 1913 γεγεννῆσθαι,
2753 1843 2828 1913 μὴ
2897 1841 3324 1909 λανθανέτωσαν,
3371 1842 3399 1894 ὃ
3450 1842 3528 1911 τῷ
3578 1842 3718 1911 λόγῳ

453 1932 634 1986 verbis
665 1936 985 1999 concedunt,
1006 1937 1056 1990 id
1079 1952 1263 1990 revera
1288 1939 1353 1990 ab
1372 1938 1501 2006 ipsis
1520 1940 1651 1992 tolli.
1670 1938 2033 2009 Interrogabi-

455 2036 576 2075 mus
612 2023 754 2076 enim
790 2040 903 2090 eos,
938 2027 1029 2094 qui
1061 2042 1125 2080 ex
1163 2044 1267 2081 non
1302 2030 1642 2084 exstantibus
1673 2032 2029 2084 substantiam

455 2114 757 2182 producunt
796 2114 1065 2185 Unigeniti
1126 2135 1137 2169 :
1183 2120 1406 2184 Quando
1443 2136 1544 2173 non
1576 2131 1711 2186 erat,
1750 2131 1807 2174 ut
1834 2123 2030 2185 dicitis,

451 2205 581 2274 quid
604 2215 723 2259 erat
764 2207 889 2259 illud
926 2208 1301 2263 intervallum?
1336 2226 1495 2278 quam
1533 2214 1579 2265 ci
1618 2213 2030 2281 appellationem

454 2296 870 2365 excogitabitis?
906 2298 1037 2351 Nam
1080 2304 1380 2355 communis
1414 2306 1754 2357 censuetudo
1791 2306 2025 2373 spatium

453 2402 615 2442 omne
672 2400 765 2442 aut
819 2392 1151 2459 temporibus
1200 2403 1291 2447 attt
1338 2397 1549 2449 steculis
1602 2396 1841 2462 subjicit.
1872 2398 2029 2453 Nam

457 2480 601 2547 quod
634 2481 685 2533 in
725 2484 1071 2537 scusibilibus
1101 2497 1183 2539 est
1223 2497 1456 2555 tempus,
1491 2490 1592 2542 hoc
1617 2491 1798 2545 srcculi
1824 2502 1905 2545 est
1940 2509 2034 2544 na-

456 2582 578 2623 tura
610 2572 661 2624 itt
693 2575 851 2628 rebus
877 2578 1075 2630 mundo
1104 2581 1498 2647 superioribus.
1527 2582 1615 2635 lsti
1645 2600 1797 2647 vero,
1830 2586 1872 2637 si
1906 2586 2031 2651 quid

454 2665 672 2717 tertium
705 2682 801 2734 pro
829 2684 923 2721 sua
956 2672 1221 2737 sapientia
1260 2674 1773 2740 comminiscuntur,
1815 2677 2024 2731 dicant.

454 2755 562 2809 Sed
599 2758 722 2810 dum
757 2762 1030 2821 tacebunt,
1061 2763 1201 2816 haud
1236 2764 1483 2833 ignorent
1509 2780 1568 2819 se
1599 2764 1869 2837 Uuigeniti
1907 2771 2035 2825 sub-

456 2848 714 2901 stantiant
751 2852 966 2905 steculis
1013 2854 1368 2919 posteriorem
1426 2858 1782 2910 constituere.
1822 2859 2031 2914 Etenim

454 2937 501 2992 si
536 2941 678 3006 quod
707 2943 941 3010 spatium
977 2944 1077 2996 fuit
1106 2943 1244 2996 Filio
1272 2946 1569 3013 antiquius,
1604 2950 1747 3017 quod
1786 2949 2036 3003 rilelicet

454 3049 515 3088 se
552 3048 707 3102 aeque
738 3049 802 3088 ac
835 3033 1013 3088 Patris
1050 3036 1155 3088 vita
1189 3038 1529 3102 extenderit,
1575 3040 1763 3107 utique
1802 3040 2031 3093 alterum

454 3141 522 3179 ex
551 3125 635 3180 his
671 3135 810 3180 erat.
866 3127 969 3181 Sed
1017 3145 1117 3183 nec
1150 3139 1269 3196 est,
1314 3145 1414 3185 nec
1462 3132 1568 3185 erit
1610 3133 1869 3199 cogitatio
1910 3134 2031 3187 Filii

454 3220 726 3271 exstantia
766 3220 1062 3288 antiquior.
1101 3220 1234 3275 Nam
1269 3224 1416 3275 omni
1456 3239 1532 3285 re,
1568 3238 1686 3290 qme
1720 3226 1913 3277 ordine
1945 3243 2035 3276 nu-

459 3308 724 3376 tiquitatis
754 3312 1049 3380 excogitari
1078 3322 1273 3380 potest,
1315 3314 1560 3368 anterior
1594 3316 1902 3370 invenietur
1950 3318 2037 3369 illa

458 3399 552 3452 Dei
594 3398 756 3453 Verbi
784 3402 930 3470 quod
959 3404 1098 3472 apud
1129 3388 1301 3457 Deum
1340 3421 1369 3458 a
1411 3406 1681 3473 principio
1720 3416 1858 3471 erat,
1896 3408 2040 3459 exsi-

457 3490 673 3545 steutia.
709 3491 818 3545 Etsi
844 3491 985 3546 enim
1011 3508 1069 3547 se
1093 3494 1207 3563 ipsa
1237 3494 1515 3564 decipiens
1548 3512 1699 3551 mens
1735 3497 2039 3550 innumeris

460 3581 979 3650 imaginationibus,
1031 3602 1197 3655 seque
1240 3603 1423 3643 rerum
1473 3606 1578 3643 non
1626 3590 2034 3644 subsistentium

461 3676 782 3728 cannnentis
821 3691 1110 3747 occupans,
1142 3695 1202 3731 ea
1237 3695 1356 3748 qua:
1392 3696 1497 3733 non
1538 3689 1665 3734 sunt
1693 3676 2036 3749 excogitare-

464 3765 563 3826 rit;
611 3767 810 3820 nullam
855 3771 1076 3823 omnino
1119 3771 1359 3824 inveniet
1401 3781 1608 3833 artem,
1662 3789 1766 3839 qua
1804 3774 2037 3841 seipsatn

465 3859 637 3926 possit
679 3859 817 3911 ultra
864 3858 1135 3929 Uuigeniti
1190 3862 1515 3930 principium
1565 3863 1891 3926 extendere,
1945 3873 2038 3915 aut

465 3950 628 4003 vitam
662 3950 777 4017 ejus
810 3954 901 4020 qui
936 3970 1030 4023 per
1061 3969 1119 4009 se
1152 3955 1258 4007 vita
1291 3965 1395 4021 est,
1447 3970 1545 4008 suo
1574 3956 1742 4024 ipsius
1777 3966 1923 4008 motu
1959 3958 2038 4009 in-

466 4036 715 4092 ferioreut
766 4043 1090 4112 relinquere,
1128 4053 1221 4097 attt
1268 4061 1365 4099 sua
1400 4047 1731 4116 cogitatione
1774 4047 2035 4115 originem

464 4128 559 4185 Dei
600 4134 757 4187 Verbi
792 4140 1195 4203 transcendere,
1223 4150 1314 4192 aut
1343 4140 1540 4194 smcula
1581 4139 1690 4193 Deo
1718 4139 2038 4193 smculurunt

464 4222 718 4278 destituta
746 4226 845 4280 sibi
879 4227 1096 4297 tingere.

532 4406 574 4437 ⁶¹
604 4405 765 4460 Hebr.
800 4423 836 4470 ι,
873 4408 924 4463 σι.
1007 4409 1050 4441 ⁸²
1078 4408 1235 4463 Joan.
1281 4426 1316 4474 1,
1344 4413 1397 4467 5.

538 4526 651 4595 (75)
702 4525 877 4577 Editio
933 4533 1162 4593 utraque
1228 4527 1361 4581 Ven.
1414 4536 1469 4582 et
1521 4527 1694 4581 Paris.
1756 4526 1898 4581 ἀλλὰ
1952 4528 2046 4580 καὶ

464 4596 643 4665 τούτῳ
676 4596 767 4667 τὸν
790 4597 1115 4667 ἢῙονογενῆ,
1147 4608 1427 4667 corrupte.
1488 4598 1641 4667 Regii
1694 4601 1964 4652 secundus
1993 4608 2049 4652 et

466 4662 694 4735 quartus
720 4665 854 4736 ἁλλᾲ
891 4662 986 4719 καὶ
1028 4662 1146 4729 τοῦ,
1170 4662 1214 4734 ᾦ
1260 4662 1349 4720 τὸν
1401 4662 1707 4736 Μονοῂνῆ,
1739 4671 2043 4726 emendate.

470 4730 638 4805 I-gitnr
670 4730 860 4789 borum
894 4730 1197 4790 verborum
1220 4741 1492 4792 sententia
1532 4730 1645 4790 lt'see
1673 4730 1764 4791 "est
1795 4755 1807 4790 :
1859 4738 2043 4791 Mirari

469 4806 619 4860 subit
670 4806 1061 4870 Eunomianos,
1099 4808 1189 4876 qtti
1255 4824 1360 4861 non
1422 4811 1729 4875 intelligunt
1782 4810 1935 4875 sequi
1979 4825 2046 4862 ex

470 4877 586 4931 suis
615 4877 815 4937 verbis,
868 4877 1064 4930 Filium
1098 4894 1203 4931 non
1252 4878 1413 4931 Patre
1470 4880 1641 4932 snlnm
1694 4880 2044 4945 posteriorem

469 4962 611 5012 esse,
639 4948 730 5000 sed
759 4961 882 5000 eunt
920 4949 1084 5001 etiam
1138 4948 1496 5016 posteriorem
1530 4965 1652 5002 esse
1679 4968 1740 5002 ea
1792 4952 1903 5015 ipsa
1965 4964 2043 5010 re,

472 5032 567 5085 per
622 5033 781 5084 quam
834 5021 1005 5085 ipsum
1066 5035 1096 5070 a
1154 5018 1314 5070 l’atre
1376 5033 1654 5085 separant.
1708 5019 1866 5080 Illud,
1926 5017 2043 5082 τοῦ,

477 5086 682 5153 optime
708 5088 1095 5154 interpretatus
1119 5100 1202 5141 est
1242 5089 1497 5141 librarius
1531 5091 1580 5141 iu
1617 5091 1859 5156 margine
1893 5089 2044 5156 Iiegii

473 5157 724 5230 secundi,
760 5175 881 5210 cum
921 5158 990 5207 ita
1014 5160 1265 5230 scripsit,
1299 5157 1329 5225 ἢ
1377 5158 1630 5229 αἰῶνοςῆ
1683 5160 1898 5230 χρόνου.
1936 5160 2049 5212 lluc

474 5238 580 5291 est,
615 5225 934 5279 Eunomiani
962 5229 1198 5280 elliriunt
1222 5245 1437 5295 quoque
1463 5225 1654 5281 ruunt.
1685 5225 2043 5296 'p'usterioretu

478 5298 597 5365 ipso
628 5313 765 5359 aevo,
799 5312 891 5349 aut
918 5300 1032 5366 ipso
1058 5310 1320 5366 tempore,
1349 5315 1578 5367 quorum
1608 5300 1895 5353 intervallo
1922 5314 2046 5354 eum

476 5384 506 5420 a
540 5366 699 5419 Patre.
727 5368 1033 5435 sejuugnnt.

549 5438 660 5511 (ἶῧ)
683 5438 860 5511 (inde;
892 5456 1108 5511 unuse:
1203 5440 1425 5509 μεταξύ,

550 5509 664 5576 (77)
704 5508 841 5560 Editi
872 5510 1120 5561 ἐπινοῶν.
1147 5508 1219 5563 At
1250 5528 1378 5564 niss.
1415 5510 1567 5563 tuttlti
1600 5510 1817 5565 ἐννοῶν.

553 5579 666 5645 (78)
703 5581 795 5650 Sie
819 5578 937 5630 libri
972 5590 1202 5650 veteres.
1235 5580 1374 5649 Editi
1412 5581 1673 5650 περισσὸν
1706 5584 1799 5635 καὶ
1833 5580 1974 5650 οὐχί.

554 5633 666 5717 (79)
699 5648 990 5701 Editiunes.
1014 5633 1137 5700 Ven.
1160 5660 1219 5702 et
1245 5641 1420 5703 Paris.
1460 5633 2043 5718 Siepitanaaaqttencum

485 5717 614 5788 ιιι-κ.
648 5720 837 5788 quinto
865 5719 928 5768 ὲκ
968 5718 1040 5787 μὴ
1063 5719 1251 5772 ὄντων.
1287 5721 1463 5774 Codex
1501 5722 1652 5774 Coll).
1696 5733 1747 5774 et
1773 5717 1882 5788 [{eg
1939 5730 2047 5773 ler-

489 5787 591 5842 tius
618 5790 680 5839 ἐκ
712 5784 783 5852 μὴ
817 5784 986 5851 ὄντος.
1026 5784 1127 5844 Alii
1153 5800 1383 5856 quatuor
1415 5807 1543 5846 tttss.
1564 5793 1625 5843 ἐκ
1648 5791 1739 5844 τοῦ
1772 5784 2046 5859 μὴ’ὅντυς.

2133 1936 2496 2007 συγχωροῦσι,
2538 1936 2678 1989 κατὰ
2711 1934 2965 2005 ἀλήθειαν
3005 1936 3419 2007 ἀφαιρούμενοι.
3478 1936 3703 2005 Ἐρωτή·

2134 2044 2316 2097 σωμεν
2344 2028 2457 2099 γὰρ
2484 2028 2680 2090 αὑτοὺς
2710 2028 2836 2089 τοὺς
2872 2029 2934 2079 ἐκ
2982 2027 3054 2097 μὴ
3086 2028 3253 2079 ὄντων
3300 2027 3411 2095 (79)
3447 2026 3716 2095 παράγονο

2131 2136 2230 2182 τας
2268 2120 2361 2171 τοῦ
2396 2120 2736 2188 Μονογενοῦς
2778 2120 2877 2191 τὴν
2913 2122 3099 2174 οὑσίαν
3124 2139 3136 2151 ·
3187 2121 3316 2172 Ὅτε
3358 2122 3461 2172 οὑκ
3504 2114 3591 2189 ἦν,
3642 2120 3713 2179 ῶς

2134 2230 2292 2279 φατε,
2319 2214 2371 2264 τί
2397 2208 2463 2282 ἦν
2488 2214 2663 2265 ἐκεῖνο
2695 2213 2754 2265 τὸ
2779 2213 3083 2284 διάστημα;
3114 2214 3234 2267 τίνα
3264 2212 3414 2281 αὑτῷ
3451 2228 3713 2283 προσηγο-

2135 2303 2255 2371 ρίαν
2280 2304 2629 2371 ἐπινοήσετε;
2674 2303 2735 2355 Ἡ
2774 2303 2873 2373 μὲν
2904 2304 3014 2372 γὰρ
3052 2302 3205 2372 κοινὴ
3240 2301 3555 2371 συνήθειαῆ
3591 2302 3713 2371 χρά-

2135 2413 2244 2457 νοις
2293 2396 2324 2466 ἦ
2376 2396 2567 2449 αἰῶσιν
2614 2396 2757 2449 ἅπαν
2824 2396 3095 2467 διάστημα
3150 2396 3472 2449 ὑποϐάλλει’
3532 2396 3715 2463 ἐπειδὴ

2134 2489 2269 2557 ὅπερ
2304 2491 2360 2540 ὲν
2396 2491 2507 2551 τοῖς
2538 2488 2815 2558 αἰσθητοῖς
2847 2491 2875 2541 ὁ
2903 2489 3113 2557 χρόνος,
3142 2488 3300 2541 τοῦτο
3332 2489 3388 2539 ἐν
3418 2490 3527 2549 τοῖς
3556 2489 3711 2557 ὑπερν

2136 2579 2384 2650 κοσμίοις
2423 2584 2454 2649 ἡ
2488 2580 2580 2631 τοῦ
2628 2580 2824 2644 αἰῶνος
2857 2579 3019 2649 φύσις
3055 2579 3223 2632 ἐστίν.
3261 2573 3421 2631 Οὗτοι
3455 2578 3547 2641 δὲ,
3584 2579 3638 2629 εἴ
3669 2594 3716 2628 τι

2132 2674 2315 2743 τρίτον
2358 2675 2423 2725 ἐκ
2451 2672 2550 2743 τῆς
2587 2671 2793 2724 ἑαυτῶν
2835 2672 3025 2740 σοφίας
3057 2670 3349 2733 ἐπινοοῦσι,
3386 2670 3712 2737 λεγέτωσαν.

2136 2760 2282 2823 "Em;
2338 2760 2381 2812 δ’
2438 2761 2504 2813 ἂν
2564 2759 2831 2825 σιωπῶσι,
2886 2761 2959 2830 μὴ
3010 2759 3419 2812 λανθανέτωσαν
3462 2760 3715 2831 δευτέραν

2136 2850 2346 2903 αἰώνων
2375 2852 2473 2921 τὴν
2500 2852 2591 2905 τοῦ
2622 2853 2958 2920 Μονογενοῦς
2980 2852 3166 2905 οὐσίαν
3196 2852 3491 2921 τιθέμενοι.
3521 2851 3584 2902 Εἰ
3614 2851 3714 2921 γὰρ

2132 2939 2201 3013 ἦν
2233 2943 2341 3013 (80)
2378 2962 2430 2997 τι
2459 2945 2733 3017 διάστημα
2754 2945 3122 3017 πρεσϐύτερον
3160 2944 3252 2998 τοῦ
3278 2944 3431 3007 Υἰοῦ,
3469 2960 3707 3014 συμπαρ

2135 3036 2507 3106 ἐκτεινόμενον
2565 3040 2631 3107 τῇ
2668 3036 2778 3108 ζωῇ
2821 3037 2916 3091 τοῦ
2952 3039 3188 3109 Πατρὸς,
3227 3038 3285 3089 ἐν
3320 3055 3373 3089 τι
3404 3036 3610 3089 τούτων
3652 3032 3717 3105 ἦν

2137 3125 2398 3194 δηλονότι.
2460 3126 2597 3181 Ἀλλ’
2635 3126 2743 3179 οὔτ’
2778 3127 2945 3189 ἐστιν,
2997 3125 3119 3179 οὑτε
3176 3127 3249 3197 μὴ
3277 3127 3503 3196 γένηται
3543 3126 3715 3177 ἔννοια

2142 3216 2486 3286 πρεσϐυτέρα
2526 3216 2627 3285 τῆς
2658 3217 2752 3269 τοῦ
2788 3216 3128 3284 Μονογενοῦς
3163 3216 3536 3278 ὑποστάσεως.
3575 3216 3715 3267 Παν-

2137 3306 2227 3369 τὸς
2260 3308 2367 3377 γὰρ
2397 3306 2489 3359 τοῦ
2532 3307 2828 3377 δυναμένου
2873 3310 2955 3369 εἰς
2996 3307 3357 3378 ἀρχαιότητος
3400 3307 3559 3374 λόγον
3605 3308 3707 3358 ἐπι

2138 3399 2373 3453 νοεῖσθαι
2404 3400 2652 3471 ἁνωτέρα
2688 3402 2721 3469 ή
2770 3398 3001 3471 ῦπαρξις
3034 3399 3127 3452 τοῦ
3160 3399 3295 3451 Θεοῦ
3332 3399 3505 3466 Λόγου
3536 3399 3630 3450 τοῦ
3666 3401 3715 3449 ἐν

2137 3492 2277 3561 ἀρχῇ
2305 3491 2455 3555 ὄντος
2482 3492 2614 3561 πρὸς
2638 3491 2729 3543 τὸν
2757 3492 2889 3543 Θεὸν
2920 3491 3294 3562 εὑρεθήσεται.
3328 3491 3469 3554 Κᾶν,
3501 3492 3713 3561 μυρίαις

2138 3582 2458 3649 φαντασίαις
2489 3583 2678 3635 ἑαυτὸν
2712 3581 3061 3653 ἐξαπατήσας
3092 3585 3121 3635 ὁ
3163 3582 3307 3647 νοῦς,
3343 3582 3435 3633 καὶ
3469 3586 3583 3643 τοῖς
3618 3581 3716 3632 τῶν

2146 3676 2506 3746 ἀνυπάρκτων
2556 3676 2930 3745 ἀναπλασμοῖς
2984 3674 3312 3737 ἐπιϐάλλων,
3357 3674 3427 3727 τὰ
3471 3674 3544 3744 μὴ
3597 3675 3720 3726 ὄντα

2146 3770 2369 3838 περινοῇ
2405 3766 2536 3836 (81),
2567 3766 2819 3837 οὐδεμίαν
2852 3767 2959 3819 τῶν
2990 3767 3180 3819 πασῶν
3214 3767 3460 3835 μηχανὴν
3501 3765 3720 3843 ἐξευρή-

2147 3877 2252 3923 σει,
2280 3860 2345 3911 δι’
2369 3856 2437 3931 ἧς
2466 3859 2751 3930 δυνήσεται
2783 3859 2883 3928 τῆς
2913 3857 3087 3930 ἀρχῆς
3120 3859 3213 3911 τοῦ
3244 3857 3584 3925 Μονογενοῦς
3610 3859 3724 3909 ἐαυ-

2145 3950 2236 4003 τὸν
2270 3950 2581 4021 ὑπερθεῖναι
2604 3967 2617 3981 ·
2654 3950 2747 4003 καὶ
2784 3950 3098 4019 κατωτέραν
3130 3949 3222 4002 τοῦ
3262 3950 3390 4001 ἰδεου
3428 3951 3723 4018 κινήματος

2144 4044 2243 4113 τὴν
2290 4044 2433 4111 ζωὴν
2487 4042 2804 4097 καταλιπεῖν
2842 4042 2940 4111 τῆς
2978 4041 3290 4111 αὑτοζωῆς·
3340 4041 3435 4094 καὶ
3482 4041 3561 4110 τῷ
3613 4041 3725 4109 ἰδίῳ

2144 4136 2285 4205 λόγῳ
2330 4135 2423 4187 τοῦ
2472 4134 2605 4186 Θεοῦ
2666 4134 2839 4202 Λόγου
2882 4135 2982 4204 τὴν
3028 4133 3203 4204 ἀρχὴν
3246 4133 3581 4203 ὑπερϐῆναι·
3632 4132 3725 4183 καὶ

2144 4227 2347 4291 αἰῶνας
2383 4225 2712 4279 ἐποπτεῦσαι
2742 4227 2853 4297 (8Ξ)
2886 4226 3123 4297 ἐρήμους
3164 4225 3258 4277 τοῦ
3288 4224 3422 4277 Θεοῦ
3456 4225 3565 4277 τῶν
3596 4224 3721 4277 aid»

2076 4307 2118 4361 Β
2148 4337 2272 4372 νων.

2219 4524 2329 4596 (80)
2360 4524 2497 4578 Editi
2523 4525 2694 4595 Εἴπερ
2720 4523 2827 4596 γὰρ
2850 4519 2938 4596 ἦν.
2972 4524 3040 4577 At
3072 4540 3204 4577 mss.
3242 4525 3307 4577 Εἰ
3334 4524 3443 4596 γὰρ
3475 4520 3560 4595 ἦν.
3598 4525 3713 4578 Sta-

2150 4597 2245 4650 tint
2277 4595 2410 4649 mss.
2452 4596 2693 4648 nonnulli
2730 4595 2864 4665 οὑδέ
2911 4596 3080 4660 ἐστιν,
3110 4596 3231 4648 οὐδὲ
3282 4598 3381 4665 μή.
3413 4595 3709 4663 lnterpres:

2150 4666 2255 4720 Sed
2286 4682 2376 4718 nec
2399 4675 2497 4728 est,
2537 4681 2627 4717 nec
2660 4664 2760 4717 erit
2789 4665 3058 4729 antiquior
3082 4681 3264 4718 sensus
3298 4664 3568 4734 Unigeniti
3599 4671 3713 4719 sub-

2149 4737 2413 4789 sistentia.
2448 4734 2578 4796 Sed,
2616 4735 2721 4787 nisi
2749 4734 2905 4788 valde
2934 4735 3117 4797 fallor,
3141 4751 3244 4788 vox
3277 4736 3578 4799 ὑπόστασις
3610 4748 3711 4789 tum

2151 4808 2281 4865 hoc,
2313 4814 2424 4857 tum
2460 4805 2732 4859 similibus
2768 4804 2926 4867 locis,
2960 4820 3064 4858 non
3113 4806 3307 4859 stricte
3339 4809 3589 4867 sumitur,
3623 4822 3710 4873 pro

2151 4891 2381 4945 persona
2439 4874 2710 4929 videlicet.
2769 4875 3025 4929 Arbitror
3062 4875 3224 4941 igitur
3260 4890 3451 4929 vocem
3490 4876 3713 4928 ὑπόστα-

2151 4944 2236 5009 σις
2266 4946 2352 4999 hic
2392 4946 2534 4999 sumi
2560 4946 2759 4997 debere
2791 4944 2976 5005 latius,
3009 4960 3105 5012 pro
3136 4946 3470 5001 substantia.
3505 4958 3592 4999 aut
3623 4961 3710 5013 pro

2150 5028 2367 5075 natura,
2405 5016 2484 5069 sic
2520 5015 2719 5084 ltldlloc
2745 5014 2863 5084 loco
2898 5014 3198 5077 ὑπόστασις
3230 5015 3371 5067 idem
3398 5017 3712 5084 valeatquod

2151 5085 2434 5149 σύστασις,
2468 5094 2561 5155 aut
2588 5082 2843 5155 ὑπαρξις,
2878 5087 3201 5145 constitutio,
3233 5082 3716 5145 διιὺςίδιεηιίαζηα-

2149 5168 2292 5217 tum,
2330 5166 2437 5209 etc.
2472 5154 2773 5207 Notandum
2828 5155 2994 5207 etiam
3048 5168 3233 5207 vocent
3280 5157 3617 5209 subsistentia
3652 5156 3713 5205 ila

2152 5226 2473 5279 familiarem
2507 5223 2676 5277 fuisse
2706 5226 3012 5291 interpreti,
3052 5236 3111 5278 ut
3140 5226 3356 5291 quoties
3384 5241 3489 5277 vn:
3534 5226 3716 5277 σὺστα-

2152 5313 2238 5358 σις
2284 5295 2545 5363 occurrit,
2582 5296 2824 5347 occurrit
2871 5306 3049 5347 autent
3099 5296 3319 5360 saepius,
3351 5310 3473 5347 eant
3521 5312 3719 5363 semper

2151 5366 2342 5420 reddat
2376 5362 2569 5417 Latine
2613 5364 3011 5417 subsistentia»:
3044 5381 3061 5417 :
3096 5364 3239 5431 quod
3299 5380 3483 5428 nemo,
3519 5368 3720 5433 opinor,

2150 5437 2312 5490 homo
2340 5435 2677 5503 probaverit,
2722 5449 2843 5486 cum
2877 5435 2943 5487 iis
2984 5434 3037 5487 itt
3090 5435 3227 5487 locis
3260 5450 3366 5486 non
3399 5438 3631 5490 obscure
3661 5438 3721 5487 si-

2149 5505 2372 5574 gniﬁcet
2406 5505 2631 5569 aliquid,
2673 5505 2817 5569 quod
2852 5503 2997 5557 Patri
3025 5520 3179 5572 teque
3222 5520 3288 5556 ac
3337 5503 3500 5567 Filio,
3537 5522 3720 5559 convc-

2148 5577 2262 5629 niat
2302 5593 2314 5626 :
2347 5574 2490 5641 quod
2516 5574 2971 5627 desubsisteutia
2999 5575 3107 5627 diri
3141 5588 3244 5625 non
3283 5590 3451 5642 posse
3495 5588 3722 5630 constat.

2220 5645 2331 5713 (81)
2366 5645 2496 5711 lieg.
2540 5654 2769 5712 quartus
2809 5642 2887 5712 μὴ
2906 5644 3035 5697 ὄντα
3066 5646 3275 5712 ἐπινοῇ.

2224 5712 2335 5784 (8:!)
2369 5714 2621 5791 Editi~et
2674 5712 2881 5790 aliqum
2929 5731 3056 5770 tnss.
3095 5715 3463 5771 ὑποπτεῦσαι.
3491 5716 3596 5771 Alii
3624 5727 3720 5769 trcs

2150 5801 2279 5841 mss.
2316 5789 2672 5851 ἐποπτεῦσαι,
2697 5789 2913 5839 rectius.
