3822 6216
432 338 536 396 599

1893 344 2138 398 BASILII
2189 341 2401 397 MAGNI
3608 347 3696 401 600

437 457 700 526 principio
725 458 1000 524 antiquius
1024 468 1187 527 queat
1213 461 1510 530 excogitari
1536 482 1547 522 ',
1575 479 1676 514 non
1701 463 1843 514 enim
1877 462 2011 514 foret

2127 460 2428 530 ampliato»
2464 457 2574 526 (90)
2608 458 2697 510 καὶ
2730 456 2923 526 ἑτέρας
2959 457 3274 510 ἀνεκεάτου.
3308 457 3443 510 Οὔτε
3478 458 3590 530 γὰρ
3622 463 3696 531 ἀρ.

440 547 783 616 principium,
828 549 870 602 si
911 548 1038 616 quid
1078 549 1214 602 ultra
1251 564 1308 603 se
1365 552 1588 604 haberet
1623 569 1634 603 :
1677 568 1847 619 neque
1898 554 2010 604 ίῙιϊἰ

441 647 640 706 potest,
675 647 732 691 ut
762 639 1035 708 quispiam
1085 641 1246 702 illud,
1284 639 1450 703 Erat,
1482 642 1812 710 cvgitatiune
1840 653 2015 693 trans-

438 745 658 800 gressus
681 730 747 782 ad
789 731 1127 784 intervallum
1169 731 1218 784 iu
1249 747 1357 801 quo
1384 749 1489 784 nun
1521 742 1639 786 erat
1667 734 2015 786 transiiclnsrc

436 841 494 876 se
528 824 720 892 possit.
764 821 896 875 Nam
929 824 1170 891 cogitare
1203 825 1343 893 quod
1382 841 1486 879 non
1519 837 1660 889 erat,
1697 838 1782 881 est
1817 829 2010 881 dictio-

438 931 581 977 nem,
611 912 764 978 Erat,
797 915 1100 971 destruere.
1132 916 1264 970 Nam
1292 918 1336 971 si
1367 919 1689 988 principium
1726 937 1790 974 ex
1823 937 2012 975 eorum

434 1021 663 1061 numero
714 1016 859 1062 esset
915 1023 1036 1077 qua-
1089 1009 1402 1064 referuntur
1444 1011 1511 1064 ad
1556 1012 1719 1074 aliud,
1765 1023 1822 1066 ut
1858 1017 2004 1084 prin-

431 1101 634 1170 cipium
694 1103 1007 1172 sapientiae,
1066 1111 1120 1155 ct
1169 1101 1493 1171 principium
1546 1103 1646 1156 via:
1704 1103 1894 1169 boum,
1959 1115 2013 1159 et

432 1195 500 1250 In
533 1197 788 1265 principio
834 1198 951 1266 fecit
1003 1195 1142 1250 Deus
1183 1212 1201 1251 :
1253 1197 1390 1249 forte
1439 1212 1720 1266 possemus
1761 1196 1878 1266 ejus
1920 1197 2010 1265 qui

432 1303 498 1344 ex
563 1289 652 1343 tali
727 1289 991 1359 principio
1065 1299 1344 1343 constaret
1411 1290 1812 1358 generationem
1867 1289 2014 1360 cogi-

435 1381 596 1435 tando
627 1382 1001 1451 prtetergrcdi.
1037 1380 1142 1434 Sed
1171 1397 1292 1435 cum
1347 1381 1394 1435 is
1433 1381 1685 1450 principii
1736 1380 2014 1450 signiﬁca-

432 1481 540 1539 tus,
599 1483 784 1544 utpote
828 1475 1129 1540 absolutus,
1187 1490 1290 1530 nec
1341 1475 1504 1528 ullam
1553 1475 1618 1527 ad
1665 1475 1810 1528 aliud
1859 1475 2012 1529 habi-

434 1567 672 1621 tudinem
727 1568 968 1624 habens.
1035 1579 1284 1620 naturam
1348 1583 1658 1635 supremam
1700 1567 2008 1634 significet,

431 1671 614 1711 nonne
665 1657 994 1711 deridendus
1042 1665 1128 1711 est
1182 1658 1274 1727 qui
1330 1658 1622 1725 quidquam
1683 1659 1822 1710 ultra
1882 1657 2010 1710 illud

430 1749 888 1814 comminiscitur,
937 1759 1030 1802 aut
1082 1749 1134 1802 id
1176 1749 1290 1802 suis
1337 1749 1754 1817 cogitationibus
1786 1759 2010 1817 prauor-

432 1838 614 1894 volare
647 1841 908 1893 conatur?
939 1840 1244 1907 Quinetiam
1277 1842 1520 1902 verbum,
1552 1840 1707 1902 la'rot,
1736 1855 1888 1908 a-que
1919 1856 2015 1893 cx-

432 1932 669 1985 teuditur
717 1947 780 1986 ac
836 1932 967 1987 illud
1018 1933 1346 2002 principium
1403 1933 1679 1988 dilationis
1731 1947 1794 1986 ac
1849 1948 2015 1985 morze

430 2023 805 2093 cujuscunque
870 2027 1132 2080 nescium.
1197 2023 1314 2079 Non
1369 2025 1513 2078 enim
1571 2025 1814 2088 verbum,
1855 2023 2010 2087 Erat,

428 2115 806 2170 exsistentiam
864 2117 1216 2186 temporalem
1269 2117 1493 2181 indicat,
1527 2129 1582 2170 ut
1623 2117 1748 2170 illud
1787 2135 1800 2170 :
1843 2115 2012 2169 llomo

427 2218 540 2260 erat
572 2208 628 2260 in
659 2209 864 2278 regione
895 2209 1134 2263 Ausitide
1157 2210 1238 2276 “;
1269 2221 1317 2263 ct
1349 2229 1362 2264 :
1391 2210 1558 2263 "omo
1581 2219 1694 2263 erat
1727 2227 1791 2264 ea:
1820 2210 2012 2262 Arma-

431 2297 561 2349 Htim
591 2296 674 2362 Ι⁵⁸;
710 2305 767 2352 et
796 2314 809 2350 :
841 2297 1012 2354 Terra.
1034 2310 1208 2352 autem
1239 2310 1348 2354 erat
1368 2302 1642 2354 invisibilis
1676 2301 1742 2355 ‘7.
1775 2301 1876 2355 Sed
1901 2303 2015 2370 ipse

431 2389 587 2444 nobis
620 2391 951 2459 evangelista
989 2392 1039 2445 in
1083 2393 1192 2446 alio
1225 2409 1477 2448 sermone
1505 2393 1622 2459 ejus
1648 2394 1818 2458 verbi,
1852 2395 2008 2460 Erat,

427 2479 792 2550 signiﬁcatum
837 2484 1098 2548 ostendit,
1143 2485 1226 2538 his
1276 2485 1498 2538 verbis:
1535 2486 1638 2554 Qui
1682 2496 1777 2552 est,
1827 2497 1872 2541 et
1919 2489 2010 2556 qui

427 2579 562 2633 erat,
596 2579 643 2622 et
671 2572 761 2638 qui
792 2581 866 2624 est
904 2574 1228 2640 omnipotens
1258 2576 1323 2629 ⁸⁸.
1356 2575 1524 2642 Quale
1565 2577 1708 2631 cnim
1744 2589 1826 2633 est
1860 2578 2010 2643 illud,

428 2671 526 2724 est,
559 2660 667 2716 tale
707 2672 790 2715 est
833 2664 997 2717 etiam
1032 2665 1183 2727 illud,
1214 2676 1351 2731 erat,
1383 2667 1773 2735 sempiternum
1810 2671 2012 2738 pariter

429 2763 594 2824 atque
633 2757 894 2825 temporis
923 2772 1141 2826 expers.
1175 2758 1292 2812 iam
1329 2774 1458 2813 vero
1502 2776 1608 2813 non
1658 2760 2010 2815 exsistentem

427 2845 632 2913 dicere,
661 2864 807 2912 eum,
835 2849 926 2918 qui
959 2850 1011 2901 in
1044 2851 1310 2920 principio
1341 2861 1446 2914 est,
1481 2867 1658 2922 neque
1690 2851 1854 2922 250
1895 2853 2012 2923 ejus

426 2949 511 2992 est
551 2941 644 3011 qui
687 2944 940 3012 principii
988 2944 1264 2998 notionem
1312 2955 1516 3010 servat,
1553 2961 1726 3014 neque
1765 2946 1880 3012 ejus
1921 2946 2010 3013 qui

429 3048 532 3086 una
573 3049 695 3089 cum
750 3036 1016 3106 principio
1060 3037 1421 3091 substantiam
1470 3039 1740 3105 Uni'gcniti
1789 3039 2012 3105 conjun-

2117 555 2218 623 χῆς
2248 551 2366 604 ἐστί
2401 568 2455 603 τι
2490 549 2779 619 ἐπινοῆσαι
2824 548 3226 619 πρεσϐύτερονο
3278 549 3339 602 οὐ
3373 551 3483 621 γὰρ
3518 551 3599 603 ἑτι
3645 553 3698 604 ἂν

2118 645 2202 716 εἴη
2236 644 2402 716 ἀρχὴ,
2440 643 2600 713 εἴπερ
2636 642 2748 711 ἔχοι
2780 658 2831 692 τι
2863 641 3062 709 ἑαυτῆς
3097 640 3356 711 ἐξώτερον
3405 642 3519 712 (91)
3542 659 3555 670 ο
3588 643 3696 696 οὔτε

2115 740 2178 792 τὸ
2202 735 2315 794 Ἦν
2345 737 2639 798 διαὸἀντας
2672 733 2750 803 τῷ
2795 732 3061 802 λογισμῷ,
3103 735 3182 795 εἰς
3213 733 3271 784 τὸ
3306 735 3395 786 ὅτε
3446 734 3563 802 (92)
3608 736 3696 788 οὐκ

2115 825 2184 900 ἦν
2237 829 2463 884 δυνατὸν
2525 825 2860 898 ὑπερκύψαι.
2928 824 3206 896 Ἀθέτησις
3257 826 3366 898 γάρ
3416 829 3536 879 ἐστι
3612 827 3700 880 τοῦ

2115 917 2249 984 Ἦν,
2282 921 2315 990 ἡ
2355 918 2450 972 τοῦ
2497 919 2580 971 ὅτι
2614 918 2713 969 οὑκ
2753 911 2820 986 ἦν
2855 915 3084 968 ἐπίνοια.
3120 917 3183 968 Εἰ
3215 917 3313 986 μὲν
3341 917 3449 988 γὰρ
3496 918 3532 988 ή
3562 918 3700 988 ἀρχὴ

2115 1011 2225 1064 τῶν
2278 1010 2415 1080 πρὸς
2470 1010 2655 1079 ἕτερον
2704 1006 3014 1076 λεγομένων
3050 1002 3138 1076 ἦν,
3171 1006 3248 1070 ὼς
3307 1007 3370 1059 τὸ
3411 1007 3558 1078 ἀρχὴ
3613 1024 3697 1060 σο·

2115 1105 2281 1174 φίας,
2345 1103 2437 1156 καὶ
2494 1101 2637 1173 ἀρχὴ
2687 1099 2806 1153 ὁδοῦ
2874 1100 3108 1169 ἀγαθῆς,
3180 1099 3302 1164 καὶ,
3378 1102 3482 1154 Ἓν
3544 1101 3699 1169 ἀρχῇ

2113 1199 2410 1266 ἐποίησεν
2443 1199 2474 1249 d
2529 1195 2693 1260 Θεὸς,
2744 1191 2814 1266 ἦν
2859 1194 2925 1247 ἂν
2968 1193 3160 1261 τυχὸν,
3199 1192 3294 1245 τοῦ
3327 1193 3391 1244 ἐκ
3443 1193 3699 1262 τοιαύτης

2114 1290 2291 1360 ἀρχῆς
2351 1286 2689 1357 ὑφεστῶτες,
2737 1285 2804 1338 δι’
2840 1283 3190 1354 ἐνθυμήσεως
3249 1282 3556 1352 ὑπερϐῆναι
3606 1282 3698 1350 τὴν

2114 1383 2398 1452 γέννησινο
2454 1379 2645 1450 ἐπειδὴ
2709 1377 2767 1430 δὲ
2813 1376 2874 1430 τὸ
2948 1375 3346 1446 σημαινόμενον
3397 1374 3560 1426 τοῦτο
3604 1375 3701 1443 τῆς

2115 1474 2292 1544 ἀρχῆς
2329 1471 2730 1542 ἀπολελυμένον
2764 1470 2860 1523 καὶ
2906 1470 3133 1538 ἄσχετον
3170 1467 3267 1538 τὴν
3302 1468 3568 1519 ἀνωτάτω
3612 1467 3704 1533 φύ-

2117 1582 2202 1617 σιν
2263 1564 2436 1635 δηλοῖ,
2491 1563 2609 1626 πῶς
2666 1562 2727 1615 οὗ
2797 1562 3202 1629 καταγέλαστος
3257 1561 3285 1611 ὁ
3327 1559 3396 1612 τὰ
3445 1558 3703 1628 ἐξωτέρω

2114 1656 2316 1727 ταύτης
2350 1655 2610 1718 ἐπινοῶν,
2640 1653 2674 1724 ἢ
2707 1651 3001 1725 ἐπιχειρῶν
3052 1652 3222 1722 αὐτὴν
3270 1654 3384 1714 τοῖς
3409 1650 3696 1721 λογισμοῖς

2114 1750 2512 1822 ὑπερϐάλλειν;
2549 1748 3086 1820 Συμπαρεκτείνεται
3131 1746 3188 1798 δὲ
3233 1745 3327 1799 καὶ
3375 1746 3435 1798 τὸ
3466 1741 3580 1802 Ἦν
3623 1746 3700 1815 τῷ

2045 1808 2086 1865 Β
2116 1808 2468 1914 ἀνυπερθέτῳ
2500 1808 2598 1911 τῆς
2629 1808 2807 1912 lit/xi};
2828 1839 3030 1910 ταύτης
3057 1839 3189 1909 (95).
3219 1840 3294 1892 Οὐ
3322 1838 3433 1910 γὰρ
3466 1838 3567 1909 τὴν
3592 1808 3698 1891 dab

2116 1937 2308 2008 κρόνου
2371 1935 2603 2006 ὓπαρξιν
2663 1935 2725 1986 τὸ
2776 1930 2895 1987 Ἷιν
2942 1931 3260 2001 ὑποφαίνειν
3313 1931 3388 1994 ὡς
3443 1929 3526 1995 τὸν
3571 1933 3698 1984 "r'

2115 2031 2348 2094 θρωπος
2373 2021 2452 2095 ἦν
2484 2025 2554 2077 ἐν
2592 2023 2754 2093 χώρᾳ
2785 2021 2860 2091 τῇ
2907 2021 3181 2076 Αῠσίτιδι
3215 2020 3325 2092 (94)
3352 2039 3366 2049 ·
3420 2022 3538 2081 καὶ,
3581 2015 3699 2072 Ἦν

2111 2121 2424 2188 ἄνθρωπος
2451 2119 2520 2182 ἐξ
2563 2118 2877 2186 ’Λρμιιθαΐμ
2897 2133 2909 2145 ·
2959 2115 3056 2168 καὶ
3078 2115 3158 2177 τὸ,
3200 2115 3262 2168 Ἡ
3289 2112 3358 2165 δὲ
3397 2111 3470 2182 γῆ
3499 2108 3577 2181 ἦν
3599 2112 3697 2164 ἀό-

2105 2229 2325 2281 ρατος·
2359 2211 2472 2265 ἀλλ’
2507 2211 2669 2273 αὐτὸς
2697 2212 2830 2280 ἡμῖν
2855 2211 2884 2262 ὁ
2914 2206 3304 2276 εὐαγγελιστὴς
3334 2207 3392 2257 ἐν
3416 2204 3587 2275 ἑτέρῳ
3608 2203 3693 2254 λὸ-

2113 2323 2195 2376 γῳ
2236 2304 2329 2358 τοῦ
2358 2303 2600 2357 τοιούτου
2643 2299 2764 2356 Ἦν
2801 2302 2862 2354 τὸ
2914 2298 3308 2370 σημαινόμενον
3359 2295 3583 2361 ἔδειξεν,
3625 2294 3696 2345 εί-

2115 2399 2230 2449 πών
2251 2415 2263 2427 ·
2283 2399 2335 2449 '0
2360 2394 2464 2460 ὢν,
2493 2395 2593 2449 καὶ
2622 2399 2654 2449 ό
2683 2391 2780 2464 ἦν,
2805 2393 2902 2447 καὶ
2919 2392 3029 2463 (95)
3052 2395 3084 2445 ὁ
3111 2388 3556 2458 παντοκράτωρ.
3576 2381 3694 2440 Οἶον

2114 2490 2224 2562 γὰρ
2261 2491 2322 2544 τὸ
2361 2490 2466 2552 ὢν,
2497 2489 2736 2543 τοιοῦτον
2776 2489 2872 2542 καὶ
2905 2487 2966 2539 τὸ
2998 2482 3093 2556 ἦν,
3138 2485 3306 2538 ἀΐδιον
3356 2482 3559 2554 ὁμοίως
3606 2481 3696 2533 καὶ

2113 2585 2358 2656 ἄχρονον.
2408 2584 2523 2636 Οὐκ
2553 2583 2680 2636 ὄντα
2707 2583 2764 2635 δὲ
2792 2581 2973 2648 λέγειν
3001 2579 3091 2632 τὸν
3118 2580 3176 2631 ὲν
3205 2578 3347 2649 ἀρχῇ
3383 2576 3536 2634 ὄντα.
3577 2574 3696 2629 οὔτε

2111 2675 2469 2739 διασώζοντος
2506 2675 2622 2727 ἐστι
2660 2672 2758 2744 τὴν
2801 2673 3009 2726 ἔννοιαν
3055 2671 3153 2741 τῆς
3185 2669 3380 2740 ἀρχῆς,
3415 2667 3542 2721 οὔτε
3581 2685 3696 2721 συν-

2114 2765 2380 2829 ἀπτοντος
2403 2765 2540 2836 αὐτῇ
2571 2764 2669 2835 τὴν
2693 2763 2928 2834 ὕπαρξιν
2952 2761 3046 2817 τοῦ
3079 2760 3436 2829 Μονογενοῦς.
3486 2761 3695 2813 Ἀνεπι-

2112 2855 2299 2926 νόητον
2323 2855 2423 2926 μὲν
2448 2854 2557 2925 γὰρ
2577 2855 2677 2924 τῆς
2701 2855 2876 2926 ἀρχῆς
2897 2853 2957 2906 τὸ
2978 2851 3367 2924 πρεσϐύτερον,
3395 2850 3695 2921 ἀχώριστον

2111 2949 2166 3002 δὲ
2195 2947 2400 3018 ταύτης
2431 2947 2523 3000 τοῦ
2547 2947 2684 3000 Θεοῦ
2711 2946 2871 3015 λόγου
2896 2945 2958 2998 τὸ
2987 2940 3144 2997 εἶναι.
3174 2945 3337 2996 Ὥστε
3366 2943 3452 3011 ἐφ’
3483 2947 3608 2997 ὅσον
3633 2943 3694 2998 ἂν

2114 3038 2383 3110 βουληθῇς
2416 3041 2534 3102 ταῖς
2585 3037 2680 3091 τοῦ
2723 3037 2816 3092 νοῦ
2864 3035 3420 3107 πολυπραγμοσύναις
3464 3036 3692 3106 ἀναδρα-

427 3123 526 3190 git.
558 3123 672 3180 Non
705 3128 850 3180 enim
879 3129 1174 3200 excogitari
1204 3140 1381 3198 potest
1407 3131 1684 3200 antiquius
1717 3131 2006 3201 quidquam

2127 3135 2258 3199 ιιεῖν,
2287 3132 2592 3204 ὑπερϐῆναι
2625 3131 2684 3184 τὸ
2711 3128 2811 3201 ἦν,
2841 3131 2934 3184 καὶ
2956 3130 3060 3196 ἔξω
3085 3128 3275 3182 τούτου
3307 3127 3560 3196 γενέσθαι
3587 3129 3692 3190 τοῖς

427 3215 715 3285 principio,
749 3234 778 3271 a
813 3235 920 3288 quo
959 3229 1150 3274 etesse
1191 3221 1280 3273 Dei
1320 3219 1477 3275 Verbi
1509 3231 1592 3276 est
1626 3221 2003 3290 inseparabile.

2111 3223 2394 3293 λογισμοῖς
2419 3223 2478 3275 οὑ
2510 3222 2732 3292 δυνήσῃ.

428 3307 607 3372 Quare
629 3321 1114 3382 quantumcunque
1139 3316 1288 3370 voles
1317 3315 1549 3371 curiosis
1581 3317 1781 3372 mentis
1807 3316 2281 3387 disquisitiouibus
2324 3316 2646 3386 retrogradi,
2685 3327 2863 3368 iamut
2916 3327 3067 3377 inuu,
3108 3322 3239 3376 ιιι-α’,
3286 3309 3609 3380 transgredi,
3640 3312 3692 3364 et

426 3399 567 3455 ultra
599 3402 700 3457 hoc
728 3405 1144 3473 cogitationibus
1177 3407 1302 3462 ferri
1335 3423 1440 3461 nou
1472 3409 1693 3478 poteris.

500 3493 586 3547 i5.
638 3492 1005 3565 lnterrogetur
1065 3509 1243 3554 autem
1304 3500 1546 3554 vicissim
1606 3511 1660 3556 et
1718 3517 1746 3555 a
1812 3502 2002 3568 nobis,

428 3593 608 3636 utrum
638 3582 690 3637 in
724 3587 988 3656 principio
1023 3599 1165 3642 esset
1196 3592 1334 3660 apud
1363 3592 1528 3646 Deum
1571 3592 1710 3647 Deus
1748 3592 2003 3658 Verbum,

428 3687 495 3724 an
551 3684 737 3740 postea
791 3679 1041 3732 accessit.
1093 3678 1227 3732 Nam
1273 3680 1316 3733 si
1369 3689 1505 3740 erat,
1541 3681 1730 3735 Coercc
1773 3681 2008 3751 linguam

429 3774 574 3816 tuam
621 3783 652 3818 a
702 3767 841 3820 malo
872 3769 943 3833 δ’,
979 3771 1048 3824 ab
1101 3786 1165 3825 ea
1219 3771 1470 3826 videlicet
1517 3771 1868 3841 blasphemia,
1905 3790 2008 3842 qua

430 3857 589 3922 dicis,
640 3876 743 3913 non
791 3872 900 3914 erat
934 3879 952 3917 :
990 3863 1072 3917 sin
1117 3874 1323 3932 autem,
1357 3867 1501 3934 quod
1555 3881 1622 3919 ue
1669 3867 1749 3918 fas
1794 3867 2008 3934 quidem

497 4031 542 4064 ⁸³
574 4033 674 4090 Job
707 4052 744 4100 ι,
779 4037 828 4090 l.
904 4039 949 4069 ⁴⁶
983 4037 1000 4092 1
1035 4039 1164 4111 Reg.
1198 4056 1236 4105 I,
1284 4042 1334 4094 ι.

502 4207 616 4290 (90)
647 4220 740 4276 Sic
769 4223 937 4278 editio
968 4231 1203 4289 utraque
1234 4223 1370 4277 Vcn.
1412 4232 1468 4277 et
1500 4222 1672 4276 Paris.
1707 4238 1830 4276 cum
1868 4233 2016 4277 anti-

427 4294 551 4360 quis
603 4303 837 4360 quatuor
871 4293 1027 4346 libris

427 4362 534 4416 τῶν
569 4362 662 4415 δύο

429 4505 693 4568 secundo,
730 4506 892 4558 tertio
921 4511 974 4556 et
1004 4507 1218 4571 quinto.
1252 4505 1356 4557 Sed
1406 4505 1521 4557 haec
1566 4505 1726 4556 vetlia
1761 4519 2014 4556 necessa-

431 4573 510 4626 ria
543 4587 682 4636 esse,
721 4575 764 4627 si
812 4573 942 4626 nihil
975 4576 1144 4634 aliud,
1187 4574 1299 4639 ipsa
1341 4585 1491 4628 Ct‘t‘le
1542 4573 1804 4625 orationis
1848 4575 2018 4627 series

430 4643 640 4708 prohat.
675 4643 741 4697 Ut
787 4647 927 4695 enim
965 4645 1076 4706 illa,
1111 4642 1250 4695 Οὔτε
1298 4643 1405 4714 γὰρ
1439 4644 1612 4714 ἀρχῆς
1665 4643 1781 4714 ἐστί
1814 4661 1864 4695 τι
1895 4645 2018 4695 ἐπι-

430 4714 620 4782 νοῆσαι
647 4714 1042 4782 πρεσϐύτερον,
1075 4717 1138 4765 ad
1185 4712 1487 4767 dictionem
1505 4712 1904 4782 ἀνυπερϐάτου,
1943 4716 2016 4766 ita

431 4781 562 4845 inec,
603 4781 725 4835 οὗτε
760 4785 821 4836 τὸ
864 4781 985 4836 Tllr
1015 4784 1306 4846 διαϐάντας
1327 4784 1402 4853 τῷ
1423 4781 1695 4853 λογισμῷ,
1730 4787 1796 4835 ad
1829 4785 2017 4835 dictio-

431 4868 551 4904 nem
580 4854 882 4908 ἀνεκϐἀτου
933 4853 1123 4906 referri
1184 4856 1383 4908 debere
1422 4853 1711 4906 obscurum
1775 4863 2012 4906 nonest.

435 4921 728 4990 interpres,
803 4940 925 4978 cum
993 4925 1201 4978 videret
1257 4939 1444 4976 casum
1504 4924 1650 4975 vethi
1703 4922 2019 4976 ἀποκλείειν

429 4993 643 5057 deesse,
698 4994 1031 5048 existimavit
1086 5008 1271 5046 vocem
1332 4992 1530 5055 αὐτοὺς
1582 4992 2015 5062 (Εὑνομιανούς)

431 5063 787 5132 supplendam
819 5079 977 5122 esse:
1013 5063 1081 5117 ob
1110 5061 1270 5130 idque
1307 5065 1450 5116 hunc
1486 5062 1659 5115 locum
1689 5061 1764 5116 ita
1793 5073 2014 5116 verten-

430 5134 556 5185 tl-un
585 5148 726 5195 csso,
759 5133 842 5187 his
882 5133 1087 5186 duabus
1118 5133 1438 5186 dictionibus
1462 5132 1718 5184 conclusit
1749 5149 1836 5185 eos
1859 5149 2016 5185 evan-

429 5203 638 5270 gulista,
673 5203 1045 5257 Eunomiauos
1095 5203 1370 5257 videlicet.
1418 5201 1550 5256 Mihi
1597 5214 1775 5256 tamen
1819 5203 2014 5255 verisi-

433 5273 613 5326 milius
645 5273 724 5337 lit,
771 5274 1126 5341 Sttppletttlam
1175 5289 1296 5326 esse.
1324 5288 1510 5326 vocem
1546 5272 1729 5333 νόσον,
1763 5286 1884 5340 quae
1916 5272 2015 5323 ali-

430 5354 634 5398 uuanto
683 5354 810 5397 aute
856 5345 1072 5412 legitur,
1111 5344 1331 5396 exclusit
1367 5345 1505 5395 hunc
1547 5343 1710 5394 animi
1751 5341 2012 5395 morbum.

435 5412 581 5465 Ilanc
633 5415 1003 5482 conjecturam
1046 5431 1151 5466 non
1189 5413 1324 5466 nihil
1379 5412 1624 5478 adjuvat,
1672 5413 1813 5480 quod
1880 5413 2014 5464 ἁπο-

432 5482 634 5552 ξιλείειν
675 5486 890 5552 proprie
939 5500 1042 5535 Mn
1082 5485 1152 5538 sit
1186 5482 1519 5546 concludere,
1571 5483 1664 5536 sed
1701 5483 2010 5534 "excludere.

433 5551 550 5623 Mox
592 5551 722 5606 mss.
777 5555 976 5621 aliqvot
1020 5553 1340 5623 sittiplit'ltet'
1376 5552 1565 5619 νοῆσαι
1619 5553 2012 5623 πρεσϐύτερον.

434 5619 544 5694 _llo_c
574 5623 690 5688 ipso
722 5623 772 5674 in
799 5619 916 5676 loco
943 5623 1070 5676 editi
1100 5622 1237 5676 Οΰτε
1268 5621 1376 5694 γὰρ
1405 5623 1468 5675 ἂν
1493 5623 1573 5674 ἔτι
1726 5619 2012 5694 ἁρχήξιλὶ-

436 5688 516 5740 bri
549 5701 756 5741 \etcrcs
794 5695 867 5742 u.i
903 5694 954 5743 in
989 5704 1264 5746 contextu.

428 5822 430 5824 τ
512 5759 624 5825 ιρι)
661 5759 873 5814 Fditiet
905 5761 1102 5829 aliquot
1137 5778 1264 5818 mss.
1305 5760 1587 5834 ἐξώτερον.
1629 5761 1808 5819 Codex
1855 5762 2004 5819 Colb.

1413 4041 1455 4074 ""
1490 4041 1630 4096 Gen.
1659 4058 1700 4105 ι,
1724 4042 1791 4099 ’2,
1855 4042 1900 4076 ⁵³
1923 4042 2160 4111 Apoc._|,
2188 4041 2242 4096 8.

717 4303 837 4346 tuor
871 4293 1027 4346 libris
1085 4308 1099 4344 :
1147 4301 1200 4344 at
1249 4303 1421 4346 totum
1483 4293 1635 4353 illttd,
1685 4293 1782 4345 Διὰ
1811 4294 2036 4346 τούτων-

712 4365 920 4435 ρήσεων
971 4362 1294 4435 ἀπέκλεισεν
1420 4363 1859 4435 εὐαγγελιστὴςξ
1891 4366 2024 4432 μιᾶς

428 4432 935 4524 ἀνυπερϐάτουιπαὶ
956 4433 1158 4524 ’ἑτέρας
1192 4434 1516 4524 ἀνὲκξάτου,
1552 4438 1704 4524 deest
1746 4432 1795 4486 in
1829 4432 2020 4501 Regiis
2051 4466 2098 4524 Β

2187 3498 2272 3551 15.
2319 3492 2740 3565 Ἀντερωτάσθω
2779 3491 2960 3544 τοίνυν
3007 3491 3099 3543 καὶ
3138 3491 3267 3560 παρ’
3303 3489 3496 3560 ἡμῶν·
3542 3489 3692 3541 πότε-

2115 3609 2207 3664 ρον
2242 3591 2300 3642 ἐν
2322 3589 2463 3658 ἀρχῇ
2497 3583 2564 3658 ἦν
2598 3585 2733 3656 πρὸς
2765 3585 2854 3638 τὸν
2883 3583 3016 3636 Θεὸν
3041 3582 3220 3646 sese;
3250 3583 3445 3649 Λόγος,
3479 3581 3514 3650 ἦ
3548 3581 3691 3633 ὓστε-

2120 3699 2212 3753 ρον
2242 3679 2636 3751 προσεγένετο;
2697 3677 2759 3728 Εἰ
2809 3675 2907 3746 μὲν
2964 3673 3073 3744 γὰρ
3118 3668 3223 3743 ἦν,
3287 3672 3542 3726 Hui-cor
3587 3671 3693 3736 τὴν

2118 3771 2412 3844 γλῶσσάν
2448 3788 2564 3824 σου
2603 3770 2723 3823 ἀπὸ
2767 3767 2978 3829 κακοῦ,
3034 3766 3131 3835 τῆς
3172 3766 3288 3829 τοῦ,
3330 3767 3415 3818 ὅτι
3449 3767 3559 3818 οὐκ
3598 3761 3690 3834 ἦν,

2121 3861 2502 3934 βλασφημίαςο
2533 3861 2580 3912 εἰ
2612 3859 2667 3912 δὲ
2693 3858 2826 3924 (96),
2861 3859 3000 3928 ὅπερ
3020 3855 3140 3908 οὐδὲ
3170 3854 3330 3924 θέμις
3364 3857 3557 3922 εἰπεῖν,
3589 3855 3695 3916 τοῖς

2324 4039 2371 4072 ⁸³
2401 4038 2539 4092 Dsal.
2572 4053 2762 4099 uiuit,
2797 4037 2879 4090 Η.

2121 4238 2241 4278 cum
2275 4240 2379 4278 uno
2431 4223 2564 4292 Reg.
2600 4223 2872 4294 ἐξωτέρω.
2927 4221 3226 4292 υΙΙ-υδιιιιίε
3273 4221 3438 4277 modo
3486 4220 3688 4293 legeritv

2125 4305 2472 4363 peccaturum
2503 4310 2607 4347 non
2644 4305 2792 4363 puto.

2196 4365 2308 4428 (99.)
2341 4364 2455 4417 Vox
2483 4365 2571 4416 ὅτε
2607 4365 2657 4416 in
2684 4363 2894 4417 duobus
2930 4378 3061 4418 mss.
3103 4378 3209 4416 non
3235 4363 3530 4418 invenitur.

2197 4435 2308 4504 (95)
2346 4433 2800 4504 Ιὶθκζευοιιιιιιυε.
2825 4450 2983 4504 quem
3015 4448 3114 4486 suo
3164 4447 3315 4504 nitore
3353 4435 3524 4504 secuti
3571 4441 3686 4486 sunt

2129 4502 2448 4572 typographi
2477 4503 2836 4565 Parisienses,
2867 4502 2943 4572 τῷ
2965 4502 3328 4572 ἁνυπερϐἀτῳ
3368 4502 3470 4573 τῆς
3509 4504 3686 4572 ἀρχῆς,

2127 4591 2242 4628 Cum
2271 4577 2368 4643 hoc
2392 4573 2652 4641 principio
2684 4573 3050 4641 insuperabili.
3070 4573 3170 4624 Alii
3206 4588 3299 4625 sex
3327 4589 3461 4626 mss.
3492 4573 3566 4643 τῷ
3613 4576 3690 4626 ἁν-

2127 4642 2410 4712 υπερθέτῳ
2438 4643 2558 4712 τῆς,
2591 4659 2710 4696 cum
2733 4644 2829 4694 hoc
2851 4643 3131 4712 principio,
3159 4644 3298 4708 quod
3335 4659 3499 4695 mora:
3525 4642 3688 4708 expers

2126 4724 2204 4766 est
2232 4711 2391 4782 atque
2411 4711 2710 4766 dilationis.
2736 4712 2896 4766 Certe
2927 4728 3046 4765 cum
3075 4711 3231 4765 lectio
3258 4714 3530 4778 posterior
3561 4715 3680 4766 tnui.

2129 4796 2304 4835 torum
2369 4783 2618 4836 codicqu
2672 4784 2998 4836 auctoritate
3059 4782 3345 4843 innitatur,
3399 4797 3501 4836 nec
3559 4783 3682 4836 male

2126 4852 2410 4905 conveniat
2449 4853 2573 4906 huic
2602 4853 2737 4910 locu.
2782 4868 2899 4905 eam
2937 4852 3105 4905 alteri'
3127 4853 3387 4918 praeferre
3415 4868 3518 4905 non
3543 4853 3684 4906 dubio

2127 4923 2257 4976 tavi.
2284 4951 2354 4963 —
2388 4921 2544 4974 Verte
2573 4939 2584 4973 :
2619 4922 2942 4987 Principium
2970 4922 3106 4991 quod
3134 4923 3440 4974 transcendi
3481 4934 3527 4976 et
3553 4938 3686 4991 supe-

2126 4995 2232 5044 rari
2266 5008 2368 5044 non
2391 5001 2579 5057 potest.
2614 4991 2827 5046 MARAN.

2197 5063 2309 5131 (94)
2357 5061 2434 5129 Τῇ
2466 5061 2762 5125 Αὺσίτιδι,
2814 5063 2868 5114 in
2902 5060 3111 5128 regione
3153 5059 3421 5116 Ausitide.
3457 5061 3686 5132 Vulgata.

2124 5135 2177 5186 iu
2213 5144 2350 5184 terra
2385 5132 2520 5186 Ilus.
2561 5132 2657 5187 llic
2694 5134 2844 5186 locus
2883 5133 2934 5184 iu
2964 5132 3350 5185 eruditissimis
3405 5135 3553 5188 notis
3595 5133 3686 5186 Du—

2125 5203 2218 5257 ra-i
2249 5196 2570 5256 illustratu‘r.

2194 5273 2305 5395 ι95)
2361 5273 2554 5326 Vocula
2607 5271 2702 5325 καί
2740 5269 2982 5324 addenda
3018 5281 3101 5323 est
3142 5286 3207 5323 ex
3257 5271 3451 5325 nmltis
3496 5272 3683 5327 codici-

2194 5360 2248 5395 ιε.
2311 5342 2435 5395 laud
2472 5343 2627 5395 lontze
2667 5343 2883 5395 codices
2917 5341 3124 5395 aliquot
3146 5343 3515 5395 συνάπτοντες
3537 5343 3683 5395 ταὺττ

2129 5343 2248 5396 luis.
2287 5341 2435 5396 llaud
2472 5343 2627 5413 longe
2667 5343 2883 5397 codices
2917 5341 3124 5410 aliquot
3146 5343 3515 5407 συνάπτοντες
3537 5343 3690 5414 ταύτῃ

2123 5415 2240 5466 τήν.

2176 5453 2310 5550 ὁ(96)
2353 5482 2480 5537 Post
2513 5483 2664 5546 illud,
2691 5485 2740 5536 εί
2785 5480 2863 5545 δέ,
2900 5481 3139 5550 suppleri
3167 5493 3384 5551 Oportet
3408 5483 3512 5536 οὐκ
3543 5478 3626 5553 ἦν,
3651 5483 3689 5535 si

2123 5571 2241 5607 vero
2286 5571 2388 5607 non
2437 5567 2572 5608 erat.
2607 5555 2661 5607 Id
2691 5564 2870 5606 autent
2907 5569 3002 5606 cur
3038 5557 3317 5605 omissum.
3350 5555 3444 5617 sit,
3476 5554 3690 5607 Basilius

2126 5626 2237 5691 ipse
2266 5628 2339 5677 ait
2373 5625 2511 5677 hanc
2535 5639 2657 5677 esse
2681 5640 2928 5686 causam,
2957 5628 3097 5691 quod
3123 5625 3245 5674 talia
3275 5623 3526 5691 proferre
3550 5622 3689 5676 ucl'as

2123 5697 2214 5746 sit.
2248 5694 2423 5747 Simili
2477 5696 2759 5749 reticentia
2811 5710 2964 5748 usuin
3011 5693 3264 5746 Uasiliuui
3307 5695 3497 5749 videre
3532 5705 3610 5748 cst
3640 5695 3685 5746 ia

2125 5765 2511 5829 superioribus.
