3822 6216
127 295 233 352 601

1239 298 1608 354 ADVERSUS
1642 299 2013 354 EUNOMIUM
2059 303 2184 355 LIB.
2227 303 2288 353 ΙΙ.

3299 307 3404 364 602

131 414 250 475 σοῖς
278 410 606 482 οἰκειότερον
653 425 786 482 προς
829 411 887 462 σὲ
923 411 1194 482 χρήσομαι
1230 415 1490 483 ῥήμασιν,
1539 415 1620 466 ὅτι
1655 415 1714 466 οὑ

1833 427 1898 467 εει
1947 413 2148 474 dicere,
2198 415 2304 466 tuis
2353 413 2639 468 adversum
2695 423 2748 471 te
2799 417 2982 472 verbis
3038 419 3216 488 aptius
3259 431 3402 486 utar,

133 502 490 575 βλασφημίας
522 504 702 572 μόνον,
731 503 866 556 ἀλλά
897 505 992 557 καὶ
1023 505 1327 576 παρανοίας
1353 507 1662 578 ὑπερϐολὴν
1697 509 1726 559 ὁ

131 594 294 664 λόγος
322 595 456 666 ἔχει,
482 595 803 666 ἀνθρώπους
838 597 1090 649 ἀπαιτεῖν
1117 596 1224 650 τῶν
1249 597 1420 666 λόγων
1441 599 1537 651 τοῦ
1563 599 1730 652 Πνεύ-

137 706 316 758 ματος
342 688 440 752 τὰς
467 687 716 751 εὐθύνας,
751 688 848 742 καὶ
879 687 1126 760 μαθητὴν
1175 690 1272 760 μὲν
1311 687 1449 744 εἶναι
1481 691 1589 744 τῶν
1625 693 1730 744 Εὑ-

132 779 408 848 αγγελίων
444 781 748 850 ὁμολογεῖν,
791 781 970 834 αὑτῶν
1007 782 1065 834 δὲ
1096 783 1300 836 τούτων
1343 785 1728 850 κατεξανίστα-

135 871 284 926 σθαι.
315 871 516 926 Σκόπει
554 871 660 944 γὰρ
692 871 792 936 τάς
817 871 967 937 θείας
1004 873 1208 945 φωνὰς,
1240 875 1316 938 ὡς
1355 876 1598 948 ἀκριϐῶς
1633 878 1728 930 καὶ

135 965 328 1036 σαφῶς
356 968 422 1036 τῇ
455 965 562 1037 πρὸ
601 965 812 1020 αἰώνων
846 966 1059 1034 γενέσει
1091 968 1203 1039 (97)
1231 967 1325 1024 τοῦ
1359 969 1488 1022 Υἱοῦ
1525 987 1728 1041 μαρτυ-

135 1059 346 1130 ροῦσιν.
392 1058 608 1128 Ἐπειδὴ
637 1057 747 1129 γὰρ
775 1061 804 1112 6
836 1058 934 1129 μὲν
956 1059 1234 1123 Ματθαῖος
1259 1061 1357 1132 τῆς
1389 1061 1528 1115 κατὰ
1553 1065 1728 1133 σάρκα

133 1152 443 1222 γεννήσεως
465 1149 736 1221 ἐξηγητὴς
758 1151 1001 1220 γέγονεν,
1020 1152 1096 1216 ὡς
1122 1153 1287 1216 αὑτός
1315 1170 1478 1223 φησι·
1509 1154 1729 1222 Βίϐλος

135 1243 434 1313 Ιγπεενέσεως
474 1244 671 1311 Ἰησοῦ
714 1245 972 1312 Χριστοῦ
1025 1246 1160 1300 υἱοῦ
1182 1247 1362 1301 Δαϐίδ
1409 1247 1552 1318 (98)·
1611 1249 1640 1301 ὁ
1672 1247 1727 1300 δὲ

134 1335 368 1406 Μάρκος
396 1334 569 1406 ἀρχὴν
598 1334 692 1388 τοῦ
721 1335 1054 1404 Εὑαγγελίου
1080 1337 1142 1390 τὺ
1179 1339 1428 1392 Ἰωάννου
1459 1338 1726 1411 πεποίηκε

135 1428 428 1497 κήρυγμα,
475 1425 677 1479 εἰπών·
721 1426 902 1496 Ἀρχὴ
955 1427 1062 1481 τοῦ
1101 1429 1470 1498 Etim-reﬂat)
1523 1429 1726 1495 Ἰησοῦ

133 1518 420 1586 Χριστοῦ,
463 1515 655 1584 καθὼς
685 1518 1004 1588 γέγραπται
1030 1520 1100 1572 ἐν
1143 1521 1344 1587 Ἡσαΐᾳ
1389 1518 1468 1585 τῷ
1494 1521 1726 1589 προφή-

135 1627 210 1680 τῃ
235 1609 346 1683 (99)
368 1627 384 1642 ·
408 1607 578 1678 Φωνὴ
596 1610 872 1677 ,βοῶντος
898 1611 969 1664 ἐν
998 1611 1074 1681 τῇ
1100 1611 1298 1681 ἐρήμῳ
1317 1629 1332 1642 ο
1374 1613 1402 1665 6
1425 1613 1482 1666 δὲ
1511 1613 1727 1676 Λουκᾶς

1829 507 1972 576 quod
2006 521 2110 560 non
2141 507 2492 576 blasphemia:
2525 507 2718 572 soium,
2756 511 2850 564 sed
2888 509 3203 566 stoliditatis
3241 515 3404 567 etiam

1829 597 2044 650 modum
2083 608 2302 666 superat
2346 598 2432 652 hic
2477 614 2682 667 sermo,
2725 601 2972 656 homines
3003 602 3254 658 videlicet
3282 618 3406 657 ver-

1827 685 2018 740 borum
2059 687 2295 758 Spiritus
2338 690 2604 744 rationem
2636 705 2952 760 exposcere,
2989 702 3042 747 et
3075 693 3315 761 proﬁteri
3348 707 3408 749 se

1827 778 2102 850 Evangelii
2137 779 2480 848 discipulum,
2511 791 2570 837 et
2622 793 2798 838 tamen
2850 785 2902 838 in
2957 786 3131 853 ipsum
3165 785 3409 855 Evange-

1827 871 1956 926 lium
1977 873 2280 943 insurgere.
2307 875 2542 930 Adverte
2565 877 2708 931 cnim
2729 893 2890 948 quam
2913 879 3220 948 diligenter,
3243 895 3404 948 quam

1827 975 2016 1034 aperte
2065 965 2262 1020 divina:
2305 982 2467 1022 voces
2510 970 2918 1038 generationem
2959 971 3103 1035 Filii,
3135 987 3254 1040 quae
3307 972 3408 1025 fuit
3459 963 3468 974 ’

1830 1063 1956 1107 ante
1983 1055 2198 1118 smcula,
2231 1057 2539 1113 testimonio
2567 1074 2666 1114 suo
2699 1061 3074 1130 comprobent.
3109 1062 3240 1116 Nam
3273 1079 3408 1133 quo-

1831 1145 1974 1198 niam
2001 1144 2285 1201 Mattlueus
2312 1149 2529 1218 quidem
2559 1153 2928 1220 generationis
2962 1157 3253 1208 secundum
3287 1170 3408 1209 car-

1829 1249 1950 1286 nem
1983 1233 2156 1290 factus
2184 1245 2266 1289 est
2300 1237 2592 1307 interpres,
2625 1249 2684 1295 ut
2713 1241 2826 1311 ipse
2857 1244 2929 1295 ait
2965 1259 2979 1296 :
3009 1243 3165 1296 Liber
3193 1259 3410 1310 genera-

1830 1329 1988 1380 tionis
2032 1327 2162 1382 Jesu
2217 1329 2416 1384 Christi
2463 1331 2564 1398 ﬁlii
2618 1332 2791 1386 David
2831 1335 2900 1402 l"’;
2955 1335 3167 1391 Marcus
3229 1345 3406 1390 autem

1822 1414 2050 1473 Joannis
2111 1421 2552 1488 prtedicationem
2619 1425 2834 1478 initium
2893 1425 3170 1496 Evangelii
3241 1429 3405 1494 fecit,

1829 1510 2012 1564 dicens
2041 1529 2054 1564 :
2085 1511 2306 1566 Initium
2358 1513 2632 1584 Evangelii
2667 1515 2796 1570 Jesu
2845 1517 3062 1579 Christi,
3097 1521 3232 1573 sicut
3275 1523 3408 1573 scri-

1827 1613 1968 1668 ptum
1998 1615 2070 1656 est
2106 1605 2158 1657 in
2207 1604 2360 1659 Isaia
2392 1609 2642 1676 propheta
2682 1624 2702 1662 :
2733 1607 2848 1662 Vox
2893 1611 3172 1666 clamantis
3218 1613 3273 1666 in
3319 1613 3408 1665 de-

137 1705 234 1758 καὶ
275 1704 437 1768 αὑτὸς
475 1704 565 1758 διὰ
603 1704 710 1760 τῶν
749 1705 1077 1776 σωματικῶν
1129 1706 1313 1778 ἀρχῶν
1359 1709 1424 1778 τῇ
1482 1707 1714 1778 θεολογῖσ

1833 1705 1965 1746 serto
2003 1695 2069 1762 Ill;
2105 1695 2282 1751 Lucas
2312 1713 2438 1753 vero
2467 1707 2519 1753 et
2555 1700 2666 1768 ipse
2697 1716 2794 1770 per
2819 1702 3122 1772 corporalia
3157 1703 3311 1758 initia
3342 1706 3410 1760 ad

135 1794 386 1866 προσέϐη
403 1810 416 1823 ·
446 1794 762 1863 ἀναγκαίως
785 1795 813 1846 ὁ
836 1795 1226 1867 εὐαγγελιστὴς
1259 1797 1530 1869 Ἰωάννης,
1553 1796 1714 1851 τελεϋ

1835 1784 2156 1854 theologiam
2181 1788 2431 1854 accessit,
2461 1791 2774 1844 necessario
2798 1793 3130 1862 evangelista
3148 1791 3407 1862 Joannes,

135 1888 290 1948 ταῖος
327 1885 497 1939 ἐλθὼν
550 1887 630 1949 εἰς
675 1887 738 1939 τὸ
776 1886 1032 1958 γράφειν,
1071 1889 1270 1952 παντὸς
1308 1889 1591 1959 αἰσθητοῦ,
1637 1891 1714 1943 κα¹

1833 1891 1952 1930 cum
1998 1878 2221 1932 ultimus
2263 1880 2330 1934 ad
2375 1881 2721 1934 scribendum
2757 1887 3016 1949 venisset,
3055 1896 3288 1941 mentem
3321 1903 3411 1940 su-

136 1978 336 2050 χρόνου
360 1977 450 2032 τοῦ
472 1981 582 2042 τοῖς
615 1979 879 2042 τοιούτοις
917 1981 1324 2052 παρεπομένου,
1352 1983 1452 2054 τὴν
1491 1983 1729 2038 διάνοιαν

99 2069 446 2141 .ὑπεράρας,
507 2069 706 2141 μᾶλλον
751 2069 809 2122 δὲ
859 2070 1094 2140 ὑψωθεὶς
1122 2071 1197 2144 (Ἰ)
1241 2075 1307 2143 τῇ
1356 2074 1581 2144 δυνάμει
1637 2075 1729 2127 τοῦ

139 2159 480 2231 Πνεύματος,
507 2161 654 2232 αὑτῷ
679 2163 920 2234 προσέϐη
951 2162 1029 2233 τῷ
1061 2164 1276 2218 πάντων
1313 2166 1588 2230 ἐπέκεινα,
1630 2184 1716 2238 μον

135 2253 356 2322 νονουχὶ
383 2254 886 2326 διαμαρτυρόμενος
913 2256 1006 2309 καί
1032 2256 1212 2322 αὐτὸς,
1239 2258 1340 2320 ὅτι,
1379 2259 1426 2310 εί
1451 2259 1544 2312 καὶ
1564 2257 1732 2327 ἐγνῶ-

139 2361 320 2414 καμεν
379 2347 521 2399 κατὰ
573 2346 750 2417 σάρκα
794 2346 1050 2419 Χριστὸν,
1106 2348 1243 2403 άλλά
1291 2351 1384 2404 νῦν
1423 2352 1606 2404 οὑκέτι
1647 2369 1732 2422 γι-

137 2435 444 2507 νώσκομεν.
479 2437 790 2507 Λαϐόμενος
814 2439 924 2512 γάρ
963 2441 1134 2512 αὑτῆς
1159 2442 1257 2512 τῆς
1287 2443 1482 2514 ἀρχῆς,
1510 2444 1604 2496 καὶ
1628 2443 1732 2497 πά-

141 2543 242 2592 σας
270 2529 372 2592 τὰς
403 2531 722 2601 σωματικάς
753 2550 814 2585 τε
845 2535 940 2587 καὶ
967 2533 1223 2606 χρονικὰς
1251 2535 1460 2599 ἐννοίας
1489 2537 1730 2590 κατωτέ-

142 2635 244 2689 ρας
279 2619 384 2688 τῆς
414 2619 608 2673 ἑαυτοῦ
655 2619 934 2690 θεολογίας
980 2623 1284 2688 ἀπολιπὼν,
1338 2625 1730 2698 ὑπερεφώνησε

135 2707 208 2760 τὰ
233 2708 576 2779 προλαϐόντα
607 2710 938 2782 κηρύγματα
970 2714 1036 2783 τῇ
1067 2713 1406 2785 μεγαλοφυῖᾳ
1454 2715 1553 2786 τῆς
1587 2715 1729 2784 γνὼ-

139 2816 301 2862 σεως.
343 2799 456 2853 Οὐκ
494 2801 602 2854 ἀπὸ
633 2803 871 2872 Μαρίας,
937 2806 1122 2876 φησὶν,
1168 2807 1202 2878 ἡ
1247 2806 1410 2878 ἀρχὴ,
1461 2807 1582 2860 οὑδὲ
1624 2808 1734 2861 ἀπὸ

136 2889 312 2943 τῶνδε
339 2892 448 2944 τῶν
481 2891 706 2963 χρόνων.
755 2893 917 2948 Ἀλλά
947 2897 1038 2960 τί;
1085 2898 1180 2950 Ἐν
1207 2896 1362 2966 ἀρχῇ
1411 2893 1490 2968 ἦν
1537 2903 1570 2953 ό
1617 2901 1730 2954 Λό-

137 2999 266 3050 γος,
299 2983 398 3037 καὶ
423 2985 457 3036 ό
481 2986 672 3053 Λόγος
698 2981 778 3055 ἦν
805 2987 955 3054 πρὸς
985 2987 1094 3042 τόν
1120 2990 1285 3056 Θεὸν,
1333 2990 1430 3044 καὶ
1469 2991 1613 3058 Θεὸς
1652 2988 1732 3062 ἦν

137 3077 172 3128 ό
197 3074 423 3144 Λόγος·
455 3075 554 3146 τὴν
587 3074 648 3140 ἐξ
681 3077 850 3130 ἀϊδίου
894 3077 1149 3150 ὕπαρξιν,
1179 3081 1277 3151 τὴν
1309 3081 1494 3152 ἀπαθῆ
1537 3081 1728 3153 γέννη-

1831 1985 1928 2037 per
1951 1985 2110 2024 nume
2144 1973 2418 2038 sensibile,
2451 1989 2514 2027 ac
2559 1985 2769 2044 tempus
2817 1977 2960 2046 quod
3005 1979 3280 2034 sensibilia
3323 1995 3410 2032 se-

1830 2063 2034 2129 quitur,
2068 2063 2342 2130 attollens,
2375 2065 2482 2118 imo
2519 2064 2713 2120 virtute
2754 2067 2989 2135 Spiritus
3035 2080 3270 2136 cret-tus,
3313 2084 3408 2124 ac-

1831 2153 1998 2206 cessit
2028 2154 2092 2206 ad
2138 2171 2260 2208 eum
2313 2156 2509 2224 ipsum,
2536 2159 2626 2226 qui
2661 2168 2742 2212 est
2777 2159 2917 2214 ultra
2952 2160 3156 2227 omnia,
3204 2170 3408 2216 tantum

1831 2257 1939 2297 non
1967 2253 2233 2299 attestans
2257 2255 2312 2299 et
2344 2246 2480 2316 ipse,
2511 2251 2654 2316 quod
2683 2249 2782 2304 etsi
2809 2249 3086 2304 Christum
3115 2253 3406 2306 secundum

1831 2349 2050 2388 carnem
2083 2337 2459 2405 cognovimus,
2495 2343 2732 2394 nondum
2768 2352 2945 2396 tamen
2984 2357 3106 2397 eum
3150 2360 3292 2398 nunc
3318 2359 3411 2400 co-

1832 2427 2140 2495 gnoscimus
2169 2429 2237 2482 δ’.
2269 2428 2404 2483 Nam
2444 2442 2710 2501 occupato
2751 2433 2869 2502 ipso
2917 2435 3206 2504 principio,
3237 2439 3414 2490 omni~

1834 2515 2048 2582 busque
2082 2520 2359 2585 corporeis
2389 2528 2444 2573 et
2477 2522 2866 2589 temporalibus
2912 2525 3220 2580 notionihus
3268 2527 3409 2582 intra

1831 2619 1986 2659 suam
2049 2608 2372 2678 theologiam
2429 2611 2655 2676 relictis,
2707 2629 2799 2668 eas
2850 2631 2971 2685 quae
3025 2628 3415 2684 praecesserant

1830 2689 2250 2758 praedicationes
2293 2695 2693 2762 magniﬁcentia
2742 2701 3069 2768 cognitionis
3114 2705 3410 2770 superavit.
3471 2762 3474 2764 ,

1832 2780 1950 2836 Non
2003 2797 2032 2836 a
2083 2783 2278 2848 Maria,
2337 2785 2532 2854 inquit,
2586 2789 2932 2858 principium,
2977 2808 3152 2861 neqne
3206 2796 3274 2849 ab
3331 2795 3414 2850 his

1804 2904 1806 2906 τ
1832 2877 2186 2944 temporibus.
2213 2876 2322 2931 Sed
2352 2879 2520 2946 quid?
2547 2877 2612 2932 In
2651 2881 2908 2949 principio
2946 2895 3060 2937 erat
3093 2885 3338 2953 Verbum,
3363 2899 3412 2941 et

1843 2965 2071 3021 Verbum
2111 2977 2224 3022 erat
2264 2971 2406 3037 apud
2452 2969 2641 3032 Deum,
2672 2981 2720 3024 et
2751 2971 2892 3027 Deus
2927 2985 3040 3028 erat
3087 2975 3307 3032 Verbum
3342 2979 3408 3032 ⁸⁸.

1834 3057 2208 3114 Substantiam
2272 3073 2572 3129 aeternam,
2626 3065 3035 3132 generationem
3112 3067 3414 3126 affectionis

139 3181 248 3228 σιν,
270 3165 332 3218 τὸ
361 3167 604 3237 συμφυὲς
631 3166 708 3237 τῷ
729 3169 925 3240 Πατρὶ,
958 3147 1021 3223 τό
1055 3147 1341 3242 μεγαλεῖον
1364 3172 1468 3242 τῆς
1484 3147 1710 3242 ’φύσεως

1835 3159 2139 3219 expertem,
2171 3165 2291 3206 eam
2323 3165 2483 3220 quam
2519 3167 2642 3207 cum
2676 3151 2838 3210 Patre
2881 3155 3044 3212 habet
3087 3158 3415 3226 conjunctio-

137 3259 326 3312 πάντα
355 3259 414 3310 ὲν
437 3261 550 3322 τοῖς
570 3258 772 3328 ὀλίγοις
798 3262 1004 3332 ῥήμασι
1034 3261 1332 3328 συλλαϐὼν,
1359 3265 1454 3318 καὶ
1477 3267 1541 3336 τῇ
1569 3282 1736 3337 προσ-

139 3349 290 3422 θήκῃ
333 3349 428 3402 τοῦ
453 3346 564 3403 *Ην
608 3351 902 3421 ἀναγαγὼν
940 3353 1018 3425 (2)
1049 3356 1130 3418 εἰς
1182 3356 1282 3427 τὴν
1313 3355 1507 3428 ἀρχὴν,
1544 3357 1734 3429 ὥσπερ

137 3443 504 3514 ἀποφράττων
537 3443 604 3495 τὰ
638 3444 880 3514 στόματα
911 3445 1040 3512 τῶν,
1079 3448 1160 3501 ὅτι
1205 3451 1316 3502 οὐκ
1345 3445 1444 3518 ἦν,
1491 3449 1732 3521 βλασφη-

141 3533 414 3604 μούντων,
447 3534 543 3587 καὶ
577 3535 860 3607 πόρρωθεν
895 3538 994 3601 τὰς
1024 3539 1133 3592 τῶν
1163 3539 1422 3595 τοιούτων
1466 3543 1732 3612 σοφισμά-

135 3641 251 3676 των
285 3623 668 3695 παρεισδύσεις
713 3627 1148 3699 ὑποτεμνόμενος
1182 3630 1279 3699 (ὅ).
1333 3628 1467 3685 Εἶτα
1505 3633 1591 3685 διὰ
1633 3633 1732 3703 τῆς

137 3715 423 3785 θεολογίας
457 3710 570 3771 οἷον
611 3717 936 3790 ὑπογραφὴν
978 3737 1101 3774 τινα
1145 3723 1349 3794 ἐναργῆ
1384 3725 1482 3795 τῆς
1519 3725 1734 3794 φύσεως

136 3807 236 3861 τοῦ
265 3807 605 3876 Μονογενοῢς
633 3809 968 3874 ὲντυπὼσας,
995 3811 1068 3875 ὡς
1092 3813 1193 3883 ἦδη
1223 3813 1581 3886 γνωρίζουσιν
1601 3817 1732 3869 ὑπο-

135 3899 384 3952 δείκνυσι
413 3902 478 3970 τῇ
511 3903 661 3972 φωνῇ
690 3899 864 3969 λέγων
884 3918 897 3932 ’
939 3898 1128 3968 Οὗτος
1167 3899 1246 3970 ἦν
1290 3904 1360 3956 ἐν
1389 3903 1548 3974 ἀρχῇ
1581 3906 1730 3974 πρὸς

137 3991 252 4042 τὸν
290 3989 474 4042 Θεόν·
517 3989 680 4043 πάλιν
737 3989 969 4044 ἐνταῦθα
1019 3995 1082 4063 τῇ
1125 3991 1408 4064 προσθήκῃ
1463 3993 1555 4046 τοῦ
1599 3991 1728 4056 Ἦν,

135 4085 206 4152 τῇ
240 4080 500 4152 αῖδιότητι
537 4081 632 4134 τοῦ
673 4081 890 4154 Πατρὸς
925 4082 1020 4136 τοῦ
1058 4083 1394 4152 Μονογενούς
1445 4086 1729 4139 συνάπτων

133 4173 242 4244 τὴν
267 4171 520 4242 γέννησιν
540 4189 553 4201 ·
582 4173 674 4226 καὶ⁴
703 4171 892 4226 πάλινο
931 4172 1062 4242 Ζωὴ
1091 4169 1188 4243 ἦν,
1222 4174 1321 4227 καὶ
1355 4175 1393 4242 ἡ
1419 4172 1532 4242 ζωὴ
1554 4171 1632 4244 ἦν
1663 4176 1730 4228 τὸ

135 4263 268 4333 φῶς
291 4262 412 4316 τῶν
432 4263 773 4331 ἀνθρώπων,
817 4264 917 4319 καὶ
951 4259 1033 4334 ἦν
1061 4264 1127 4318 τὸ
1159 4264 1284 4333 φῶς
1315 4264 1381 4318 τὸ
1410 4267 1726 4332 ἀληθινόν.

147 4353 296 4406 Ἀλλ’
338 4355 486 4424 ὅμως
518 4352 660 4406 οὕτω
681 4351 1016 4423 πανταχόθεν
1045 4350 1139 4405 τοῦ
1173 4352 1330 4421 λόγου
1361 4355 1480 4415 ταῖς
1507 4351 1600 4404 τοῦ
1639 4353 1726 4403 ἁῖ-

135 4446 258 4499 δίου
296 4444 372 4514 (4)
403 4444 738 4516 προσθήκαις
770 4443 1197 4514 ἠσφαλισμένου,
1243 4443 1422 4507 πάσας
1469 4443 1728 4515 παρωσά-

1835 3257 1977 3304 nem,
2008 3249 2214 3297 natura?
2240 3243 2600 3314 majestatem,
2630 3247 2812 3300 omnia
2841 3250 3028 3317 paucis
3056 3251 3235 3306 verbis
3267 3267 3412 3308 com-

1832 3335 2038 3402 plexus,
2093 3349 2229 3390 voce
2265 3334 2398 3390 Erat
2452 3337 2655 3404 addita,
2703 3339 2927 3394 deduxit
2965 3342 3031 3396 ad
3060 3344 3410 3414 principium,

1833 3427 1988 3494 quasi
2043 3441 2139 3480 ora
2201 3427 2494 3483 occludens
2553 3445 2776 3496 eorum,
2831 3433 2924 3502 qui
2973 3434 3415 3504 blasphemantes

1833 3519 2041 3586 dicunt,
2076 3520 2216 3588 quod
2270 3535 2375 3575 non
2430 3531 2572 3588 erat,
2598 3534 2652 3578 et
2705 3523 2860 3597 longe
2914 3535 3039 3581 ante
3091 3529 3413 3586 exscindens

1831 3609 2092 3674 ejusmodi
2145 3612 2550 3666 cavillationum
2615 3615 2846 3670 aditum.
2897 3617 3098 3673 Deinde
3161 3634 3416 3676 sermone

1831 3701 2135 3772 theologico
2167 3703 2313 3757 velut
2343 3703 2547 3758 claram
2578 3708 2869 3775 quamdam
2903 3717 3109 3763 naturae.
3135 3707 3412 3778 Unigeniti

1829 3793 2251 3866 descriptionem
2298 3795 2634 3866 exprimens,
2669 3799 2826 3868 quasi
2871 3799 2985 3868 jam
3035 3803 3412 3872 cognoscenti-

1833 3885 1934 3940 bus
1966 3901 2084 3941 eam
2119 3896 2513 3942 commonstrat
2547 3888 2650 3943 hac
2681 3903 2835 3955 voce,
2871 3891 3056 3946 dicens
3089 3909 3102 3944 :
3145 3891 3260 3948 Hoc
3299 3905 3412 3950 erat

1831 3978 1886 4030 in
1925 3979 2185 4046 principio
2234 3980 2374 4047 apud
2421 3979 2584 4033 Deum
2613 3979 2681 4038 “.
2722 3981 2950 4047 Rursus,
2985 3999 3118 4039 voce
3162 3983 3286 4039 Erat
3323 3987 3414 4042 hic
3461 3986 3464 3988 ⁷

1833 4070 2064 4138 adjecta,
2101 4072 2393 4126 a-ternitati
2445 4071 2625 4127 Patris
2681 4076 3082 4144 generationem
3137 4075 3412 4146 Unigeniti

1833 4166 2128 4219 connectit.
2172 4163 2239 4218 Et
2291 4179 2524 4219 rursus:
2569 4163 2691 4218 Vita
2740 4177 2872 4234 erat,
2921 4178 2969 4221 et
3013 4169 3118 4222 cita
3163 4179 3274 4230 erat
3320 4170 3414 4224 lux

1831 4253 2121 4320 hominum,
2149 4263 2198 4308 et
2224 4263 2337 4309 erat
2367 4255 2606 4340 lttx'eera
2639 4256 2706 4310 ⁵³.
2733 4255 2838 4312 Sed
2869 4258 2969 4312 etsi
3001 4260 3246 4314 doctrina
3277 4261 3413 4314 adeo

1833 4348 2074 4415 undique
2127 4348 2512 4400 additamentis
2558 4349 2878 4402 aeternitatis
2926 4350 3257 4404 communita
3304 4361 3410 4413 est,

1831 4445 2011 4490 tamen
2075 4437 2330 4491 omnibus
2384 4436 2620 4506 Spiritus
2674 4438 3001 4494 testimoniis
3059 4439 3306 4506 rejectis,
3359 4453 3413 4495 et

138 4553 312 4607 μενος
367 4535 466 4598 τὰς
525 4535 828 4608 μαρτυρίας
891 4533 985 4588 τοῦ
1039 4535 1385 4605 Πνεύματος,
1449 4536 1545 4588 καὶ
1608 4534 1714 4587 ούδὲ

1835 4530 1989 4596 quasi
2041 4543 2108 4583 ne
2163 4529 2349 4583 audire
2393 4531 2608 4600 quidem
2654 4531 2934 4585 videretur
2971 4531 3233 4587 Joannem
3275 4533 3412 4588 adeo

133 4627 364 4684 ἀκούειν
377 4628 546 4681 δοκῶν
564 4627 734 4692 οὕτως
756 4629 886 4700 ἡμῖν
913 4627 1132 4691 πυκνῶς
1158 4625 1466 4699 ἐμϐοῶντος
1495 4626 1555 4680 τὸ
1583 4621 1704 4680 Ἦν

214 4813 264 4847 ³⁸
295 4811 488 4868 Mattn.
519 4827 560 4875 ι,
591 4812 644 4866 Ι.
720 4812 764 4843 ⁸⁸
792 4809 1035 4881 Marc._t,
1069 4809 1130 4882 1:;
1161 4811 1260 4866 lsa.
1287 4826 1374 4872 XL,
1406 4811 1461 4864 5.
1537 4811 1583 4840 ⁵⁸
1616 4808 1656 4863 ll
1698 4809 1714 4862 ί

1855 4822 1909 4874 v,
1945 4805 2034 4859 16.

213 4970 327 5040 (97)
351 4968 531 5024 Codex
563 4967 716 5024 Colb.
752 4969 1005 5040 γεννήσει
1033 4966 1151 5022 τοῦ.
1185 4966 1315 5037 Reg.
1345 4967 1537 5022 tertius
1563 4967 1718 5036 γενὲ-

135 5060 248 5096 σει.

213 5110 327 5176 (98)
355 5107 535 5163 Codex
563 5123 700 5163 unus
732 5109 860 5163 Υἱοῦ
883 5107 1065 5173 Δαϐὶδ,
1099 5106 1230 5162 Υἱοῦ
1260 5105 1530 5177 Ἀϐραάμ.

217 5181 330 5252 (99)
355 5179 576 5252 variare
604 5180 747 5232 inter
772 5181 1026 5252 seAlibros
1057 5181 1208 5252 initio
1229 5179 1502 5252 Evangelii
1526 5177 1715 5240 Marci,

131 5249 232 5304 vel
277 5253 344 5305 de
399 5249 752 5304 Testamento
820 5249 1114 5303 Oxoniensi
1195 5249 1450 5317 cognosci
1513 5259 1712 5316 potest.

119 5325 331 5388 ,εὴ-τερα
361 5319 577 5388 vulgata
621 5321 690 5372 ita
753 5321 968 5382 habent,
1001 5318 1075 5382 ὡς
1124 5317 1438 5388 γέγραπται
1493 5321 1552 5388 εν
1599 5321 1714 5382 τοῖς

115 5377 484 5465 ς’προφήταιςξ
509 5391 642 5465 δίς-ιιι
685 5391 936 5465 scriptum
957 5377 1456 5465 estjin'propltetisq
1484 5377 1712 5442 Codices

117 5449 524 5531 ἴικίη-’μὲιιιιπῖἶ-ιν
551 5459 754 5531 -Ἡσαῖᾳ
781 5449 857 5528 τῷ
883 5449 1320 5531 προφήτῃ,ίεὶιξιιι
1353 5458 1608 5531 scriptum
1639 5469 1710 5512 est

131 5536 209 5584 in“
235 5528 386 5582 Isa'ia
409 5529 699 5599 propheta;
731 5528 788 5583 et
819 5533 892 5582 ita
917 5528 1132 5598 Quoque
1160 5529 1388 5596 legimus
1412 5528 1462 5580 in
1487 5528 1709 5596 Vulgata

189 5613 356 5652 atina.

131 5603 459 5740 “Tigaﬁeg.
481 5678 711 5738 quartus
753 5667 951 5740 μᾶλλον
977 5669 1034 5722 δὲ
1061 5665 1465 5740 ὑπερνψωθείῖέ

211 5739 290 5804 (2)
318 5741 496 5796 Codex
536 5741 676 5794 idem
707 5739 940 5805 ἀνάγων.

1838 4621 2147 4674 freonenter
2196 4635 2379 4674 vocem
2439 4620 2570 4674 Erat
2635 4622 3012 4678 inclementem
3055 4623 3218 4680 :Non
3267 4627 3413 4682 exsi-

2131 4806 2176 4836 ¹⁵³
2209 4803 2366 4858 Joan.
2395 4820 2434 4868 ι,
2481 4805 2564 4858 1..
2635 4803 2682 4836 ⁵⁵
2707 4803 2837 4858 ibid.
2867 4805 2921 4858 ‘2.
2997 4805 3044 4838 ⁵⁸
3075 4806 3205 4861 ibid.
3257 4809 3312 4874 4,
3353 4807 3412 4888 9.

1901 4965 1988 5036 (Si
2005 4956 2108 5017 Pro
2135 4953 2575 5036 ὑποτεμνόμένος
2599 4957 2796 5036 tegili?!
2827 4957 2878 5017 tit
2911 4964 3048 5036 Reg.
3087 4956 3248 5022 t'éi’tto
3271 4968 3411 5021 ἀπὸ·-

1826 5031 2176 5107 τεμνόμενος.
2209 5031 2688 5107 lbident'duo-mss.
2717 5031 2840 5107 οἷον
2864 5031 3217 5107 ὑπογραφὴν.
3259 5041 3410 5092 Alius

1825 5103 2350 5178 olovs‘t'fino‘fpacpﬁv.
2383 5103 2520 5157 Editi
2543 5103 2844 5178 θεολογίας,
2871 5103 3221 5178 ὑπογραέρήν.
3251 5107 3418 5172 Illud.

1824 5173 1911 5227 διὰ
1939 5175 2038 5245 τῆς
2076 5173 2377 5245 θεολογίας,
2409 5175 2640 5245 putosic
2677 5177 2846 5245 accipi
2871 5173 3074 5230 debere
3105 5173 3118 5229 Ξ
3156 5173 3262 5231 Per
3285 5193 3407 5232 ser-

1827 5243 2038 5299 monem
2069 5259 2228 5310 quem
2277 5244 2345 5296 de
2383 5244 2669 5299 divinitate
2699 5243 2860 5299 Verbi
2895 5245 3103 5301 habuit.

1893 5314 1968 5384 (gi)
2002 5314 2136 5384 Editi
2161 5312 2318 5380 λόγου
2347 5312 2441 5365 τοῦ
2473 5313 2668 5384 ἀϊδίου.
2710 5315 2857 5369 Libri
2903 5327 3113 5372 veteres
3157 5319 3280 5378 ταῖς
3312 5317 3408 5370 τοῦ

1821 5382 2013 5436 ἀϊδίου.
2045 5382 2142 5456 Hie
2193 5384 2344 5436 locus
2377 5398 2483 5456 non
2545 5383 2617 5436 ita
2663 5383 3048 5456 intelligendus
3104 5400 3212 5454 est,
3249 5392 3403 5456 quasi

1823 5469 1923 5526 vox
1954 5455 2224 5526 teternitas
2261 5453 2567 5526 reperiatur
2612 5453 2894 5526 expresse
2928 5455 3084 5510 initio
3120 5453 3402 5526 Evangelii

1821 5521 2044 5594 Joannis
2081 5539 2095 5576 :
2127 5525 2220 5578 sed
2260 5520 2494 5594 Basilius
2543 5525 2772 5589 reperiri
2810 5525 2924 5580 vult
2954 5527 3096 5594 apud
3132 5520 3398 5582 Joannem
3441 5567 3448 5576 .

1823 5593 1959 5646 alias
1995 5607 2176 5667 voces,
2223 5607 2344 5662 quae
2404 5593 2544 5648 idem
2581 5595 2808 5650 omnino
2859 5593 3071 5662 valent,
3100 5599 3242 5666 quod
3294 5597 3408 5667 ipsa.

1826 5677 1928 5718 vox
1961 5664 2248 5718 a'ternitas.
