3822 6216
383 294 503 348 ~60?)

1746 285 1805 341 S.
1844 284 2091 339 BASILll
2131 282 2345 339 MAGNI

3554 267 3670 338 'cos

400 414 567 467 stens,
604 401 796 470 inquit,
828 400 1045 469 genitus
1084 411 1185 456 est.
1219 400 1358 468 Ergo
1397 409 1578 468 postea
1613 401 1665 451 in
1711 399 1980 453 accessio-

2122 398 2197 449 ιύκ
2231 396 2325 460 ῶν,
2363 395 2546 464 φησὶν,
2582 395 2863 465 ἐγεννήθη.
2896 396 3102 449 Οὐκοῦν
3128 397 3203 466 (5)
3235 395 3461 467 ὕστερον
3494 414 3674 468 προσ-

403 499 487 549 nis
515 493 671 564 251
708 493 947 547 modum.
963 494 1175 561 genitus
1200 501 1299 546 est.
1337 491 1492 557 Quod
1524 492 1564 544 si
1600 492 1701 545 hoc
1730 506 1834 545 non
1866 498 1986 544 erat

401 586 455 638 in
491 581 780 654 principio,
811 592 869 634 ut
909 597 1006 635 vos
1045 582 1263 646 dicitis;
1304 597 1468 651 quam
1521 595 1756 650 pugnam
1798 579 1988 634 clario-

406 690 519 728 rem
571 675 834 729 adversus
873 674 1291 743 Evangeliorum
1331 688 1494 729 voces
1528 672 1727 742 quibus
1757 671 1986 728 credidi-

403 781 542 827 mus,
573 764 747 834 possit
775 765 899 833 quis
932 764 1261 818 ostendere?

472 855 559 909 16.
606 855 669 907 Et
700 856 916 922 quidem
966 855 1050 907 cui
1098 870 1277 908 rerum
1326 869 1480 922 atquo
1509 852 1824 907 :estiinatori
1852 852 1984 908 illud

402 962 509 1001 non
557 946 900 1016 probabitur,
934 947 1079 1014 quod
1110 955 1167 998 ut
1190 946 1379 999 oculus
1406 961 1472 998 ex
1502 946 1635 1000 locis
1667 944 1984 999 illuminatis

402 1052 687 1105 egressus,
744 1038 1056 1091 necessario
1101 1038 1171 1089 ob
1224 1036 1581 1105 privationem
1641 1034 1860 1089 luminis
1917 1036 1986 1089 ab

403 1130 620 1184 actione
665 1138 877 1196 cessat;
928 1128 1002 1182 ita
1046 1143 1262 1197 quoque
1291 1138 1343 1181 et
1379 1143 1533 1182 mens
1564 1128 1611 1181 si
1640 1126 1987 1197 imaginatio-

402 1220 565 1274 nibus
601 1228 752 1274 extra
786 1220 838 1272 id
858 1220 999 1288 quod
1034 1229 1116 1274 est
1144 1219 1525 1287 compellatur,
1552 1219 1782 1274 veritate
1815 1220 1986 1274 instar

402 1311 682 1379 cujusdam
734 1310 870 1367 lucis
920 1311 1232 1375 deﬁciente,
1281 1310 1525 1377 confusa,
1577 1326 1639 1366 ac
1688 1312 1984 1367 stoliditate

402 1402 681 1465 laborans,
712 1400 1013 1471 intelligere
1052 1402 1295 1457 desinit?
1328 1401 1561 1457 Proinde
1595 1416 1769 1472 neque
1795 1404 1983 1458 oculus

401 1499 555 1544 extra
599 1491 773 1545 lucem
826 1490 944 1544 visu
999 1491 1200 1559 poterit
1249 1491 1351 1556 uti,
1397 1506 1574 1561 neque
1616 1493 1797 1546 anima
1829 1501 1982 1547 extra

404 1580 679 1652 Unigeniti
746 1583 1024 1636 notionem
1093 1582 1356 1650 abrepta,
1420 1582 1756 1653 intelligendi
1824 1600 1981 1639 usum

404 1674 627 1729 habere.
662 1670 799 1727 Nam
848 1687 879 1727 a
932 1673 1165 1728 veritate
1216 1675 1489 1740 excidere,
1526 1676 1772 1743 qumdam
1798 1684 1889 1730 est
1928 1676 1980 1729 in

2088 488 2431 559 γεγέννηται.
2468 488 2531 539 El
2572 487 2632 539 δὲ
2673 486 2828 539 τοῦτο
2861 490 2918 540 ἐν
2947 491 3088 559 ἀρχῇ
3131 489 3230 541 οὐκ
3263 485 3353 559 ἦν,
3385 489 3460 551 ὥς
3504 508 3673 558 φατε,

2084 580 2207 634 τίνα
2253 578 2720 650 περιφανεστέραν
2762 579 2940 650 μάχην
2980 580 3267 645 ἐπιδείξειέ
3298 598 3383 644 τις
3421 580 3497 651 (6)
3530 582 3676 652 πρὸς

2086 668 2189 732 τὰς
2211 668 2397 737 φωνὰς
2425 667 2532 721 τῶν
2558 668 2903 736 Εὑαγγελίων
2932 663 3022 732 αἷς
3048 669 3520 739 πεπιστεύκαμεν;

2158 852 2245 906 16.
2270 853 2384 906 Καὶ
2415 852 2517 922 μὴν
2538 852 2716 904 ἐκεῖνό
2736 868 2799 920 γε
2825 852 2931 905 τίνι
2956 853 3054 903 οὐκ
3078 852 3143 905 ἂν
3171 851 3276 904 τῶν
3308 853 3676 922 εὐγνωμόνων

2088 943 2410 1008 συνδόξειεν,
2441 944 2525 995 ὅτι
2559 943 2746 1013 ῶσπερ
2774 943 3071 1013 ὀφθαλμὸς.
3106 944 3212 996 τῶν
3248 944 3677 1015 περιλαμπομέ-

2085 1050 2193 1086 νων
2221 1033 2400 1085 τόπων
2438 1031 2685 1085 ἐκπεσὼν
2722 1034 2819 1100 (7),
2850 1034 3161 1102 ἀναγκαίως
3209 1034 3275 1087 δι’
3310 1037 3544 1106 ἐρημίαν
3574 1036 3677 1087 τοῦ

2086 1123 2262 1192 φωτὸς
2284 1124 2383 1193 τῆς
2412 1124 2691 1194 ἐνεργείας
2713 1125 2948 1190 ἵσταται,
2974 1124 3115 1177 οὕτω
3146 1126 3203 1177 δὲ
3237 1128 3331 1179 καὶ
3355 1128 3383 1179 ὁ
3412 1127 3558 1189 νοῦς,
3578 1128 3680 1179 ἐπὶ

2084 1218 2145 1269 τὸ
2178 1216 2282 1280 ἔξω
2311 1216 2405 1269 τοῦ
2428 1217 2581 1280 ὄντος
2606 1221 2724 1280 ταῖς
2750 1218 3072 1286 φαντασίαις
3101 1218 3532 1288 εἰσϐιαζόμενος,
3557 1216 3681 1271 οἶόν

2086 1326 2228 1370 τινος
2261 1308 2437 1377 φωτὸς
2478 1309 2576 1378 τῆς
2619 1308 2876 1378 ἀληθείας
2916 1308 3304 1377 ἐπιλειπούσης
3328 1308 3427 1376 (8),
3472 1327 3684 1377 συγχυ-

2085 1397 2197 1461 θεὶς
2228 1399 2321 1451 καί
2359 1399 2689 1469 ἀνοηταίνων
2726 1403 2822 1471 τῆς
2853 1402 3090 1470 νοήσεως
3120 1402 3410 1472 ἀπολήγει;
3444 1402 3571 1455 Οὕτ⁸
3606 1402 3683 1455 ἂν

2084 1486 2177 1544 οὖν
2200 1490 2476 1561 ὀφθαλμὸς
2498 1489 2603 1555 ἔξω
2633 1491 2726 1545 τοῦ
2761 1493 2935 1561 φωτὸς
2960 1493 3037 1563 τῷ
3071 1495 3200 1564 όρᾷν
3222 1493 3456 1563 χρῆσθαι
3488 1492 3684 1546 δύναι-

2082 1600 2164 1647 το,
2190 1582 2313 1636 οὔτε
2344 1582 2509 1653 ψυχὴ,
2546 1584 2647 1652 τῆς
2712 1583 2809 1637 τοῦ
2846 1585 3181 1651 Μονογενοῦς
3225 1586 3431 1649 ἐννοίας
3470 1603 3685 1656 παρεν-

2089 1675 2333 1745 εχθεῖσα,
2363 1678 2428 1746 τῇ
2457 1677 2640 1745 νοήσει
2669 1676 2987 1747 κεχρῆσθαι.
3038 1678 3102 1730 Ἠ
3136 1676 3243 1747 γὰρ
3291 1677 3389 1746 τῆς
3412 1676 3684 1747 ἀληθείας

404 1767 586 1821 animo
612 1764 847 1836 privatio
878 1763 1027 1818 visus
1056 1775 1221 1834 atque
1252 1765 1494 1821 caecitas.
1526 1767 1706 1832 Quare
1737 1781 1875 1820 vana
1901 1777 1984 1821 est

2124 1768 2397 1830 πόπτωσις
2426 1768 2658 1839 ἀορασία
2678 1769 2792 1820 ἐστὶ
2813 1768 3048 1832 διανοίας
3071 1768 3162 1821 καὶ
3188 1768 3476 1837 τύφλωσις.
3504 1766 3679 1821 ’Ὥστε

404 1870 590 1922 mens,
645 1862 1052 1923 excaicataque,
1104 1865 1161 1909 et
1207 1856 1367 1924 plane
1423 1855 1781 1924 intelligentia
1836 1858 1982 1910 onmi

404 1948 697 2012 destituta,
745 1962 866 2016 qua:
914 1961 975 2002 se
1008 1946 1296 2017 Unigenito
1338 1946 1646 2017 antiquiora
1693 1947 1987 2015 apprehen-

406 2040 552 2096 disse
590 2038 914 2104 arbitratur,
955 2040 1100 2095 haud
1132 2038 1311 2106 aliter,
1352 2045 1517 2108 atque
1566 2039 1611 2094 si
1661 2039 1782 2108 quis
1829 2038 1985 2093 oculo

405 2132 496 2201 qui
534 2131 589 2185 in
619 2130 871 2186 tenebras
905 2130 1077 2185 aciem
1117 2130 1326 2201 deﬁgit,
1355 2144 1586 2184 acumen
1626 2130 1774 2184 visus
1807 2128 1985 2183 inesse

408 2225 655 2269 testetur.
693 2212 763 2269 In
796 2215 993 2268 lumine
1030 2215 1172 2271 enim
1206 2225 1319 2281 tuo,
1346 2215 1539 2283 inquit,
1575 2214 1858 2267 videbimus
1904 2214 1986 2266 lu-

405 2323 524 2360 men
557 2306 624 2359 ".
676 2307 778 2373 Qui
824 2317 1004 2361 autem
1056 2305 1395 2362 intellexisse
1450 2319 1511 2361 se
1564 2305 1728 2368 dicit,
1772 2306 1987 2373 quando

406 2400 645 2453 nondum
678 2409 800 2453 erat
834 2399 1047 2463 lumen;
1085 2398 1279 2452 similis
1310 2400 1375 2453 iis
1409 2406 1515 2461 est,
1547 2397 1636 2466 qui
1671 2397 1724 2451 in
1757 2397 1987 2467 phrene-

410 2492 513 2546 tica
554 2489 751 2545 mentis
796 2490 1094 2553 etnotione,
1125 2504 1186 2542 ea
1238 2506 1357 2559 qua:
1401 2505 1505 2543 non
1554 2489 1772 2551 adsunt,
1806 2489 1989 2543 videre

408 2584 510 2638 sibi
563 2584 830 2637 videntur.
890 2581 1024 2635 Nam
1071 2598 1191 2651 qua:
1247 2582 1388 2635 ultra
1440 2581 1637 2634 Filium
1689 2589 1837 2645 sunt,
1880 2595 1985 2635 non

408 2675 788 2745 intelliguntur
818 2692 831 2727 :
866 2675 1131 2744 siquidem
1166 2674 1307 2743 quod
1340 2673 1500 2728 oculo
1534 2683 1617 2725 est
1647 2671 1825 2725 lumen
1858 2686 1984 2725 seu-

409 2766 586 2831 sibile,
624 2767 725 2820 hoc
782 2767 966 2820 animo
1014 2774 1097 2817 est
1144 2766 1281 2817 Deus
1319 2762 1577 2817 Verbum.
1632 2762 1761 2815 Erat
1812 2762 1984 2823 enim,

410 2853 606 2922 inquit,
639 2852 732 2905 lux
780 2868 925 2917 vera,
971 2868 1089 2920 qua’
1138 2850 1400 2902 illuminat
1468 2864 1672 2902 omnem
1730 2848 1989 2901 hominem

408 2945 694 2997 venientem
724 2944 780 2996 in
821 2944 957 2996 hunc
1002 2944 1255 2995 mtmdum
1291 2941 1357 2994 ⁸⁷.
1396 2940 1737 3010 Quapropter
1786 2939 1987 3001 anima,

410 3048 533 3103 qua:
591 3034 895 3087 illuminata
952 3048 1056 3085 non
1112 3044 1217 3095 est,
1252 3031 1383 3085 nihil
1438 3041 1615 3099 potest
1667 3029 1985 3097 intelligere.

410 3126 692 3194 Quomodo
730 3126 893 3194 igitur
942 3124 1081 3179 ultra
1134 3124 1356 3178 luminis
1394 3122 1795 3193 generationem
1829 3121 1989 3190 quid-

411 3232 573 3285 quam
604 3215 989 3285 comprehendi
1027 3215 1240 3283 possit?
1276 3213 1570 3283 Uportebat
1604 3222 1805 3276 autem,
1840 3222 1991 3280 puto,

410 3324 507 3363 eos
537 3310 733 3377 quibus
760 3308 843 3363 vel
884 3307 1147 3361 tantulum
1181 3322 1324 3362 cura:
1356 3316 1501 3360 esset
1532 3308 1753 3368 veritas,
1780 3315 1993 3373 postea-

412 3416 601 3469 quam,
638 3400 912 3469 corporeis
965 3398 1412 3453 similitudinibus
1462 3398 1703 3460 omissis,
1747 3398 1994 3451 notiones

413 3494 508 3548 Dei
545 3508 643 3563 per
671 3491 977 3545 materiales
1012 3489 1429 3556 imaginationes
1465 3488 1821 3558 coinquinare
1849 3489 1995 3542 desi-

412 3588 605 3648 issent,
632 3594 741 3639 tum
782 3585 996 3639 demum
1034 3571 1286 3637 tradilam
1320 3582 1475 3636 nobis
1505 3599 1532 3633 a
1565 3592 1754 3635 sancto
1791 3580 1995 3649 Spiritu

416 3680 739 3747 theologiam
791 3677 966 3745 sequi,
1000 3685 1162 3743 atque
1206 3690 1304 3745 pro
1347 3676 1413 3729 iis
1447 3675 1836 3744 qttzestionibus
1879 3690 1998 3744 quae

413 3771 482 3824 ab
511 3770 893 3839 aenigmatibus
923 3768 1057 3822 nihil
1091 3768 1310 3832 absunt,
1350 3779 1405 3821 et
1440 3782 1578 3836 quas
1623 3768 1676 3822 in
1711 3778 2000 3836 utramque

413 3870 624 3932 partem
672 3861 920 3929 accipere
967 3859 1331 3930 periculosum
1367 3869 1473 3920 est,
1507 3858 1725 3928 dignam
1758 3858 1869 3912 Deo
1901 3872 1997 3927 ge-

415 3953 754 4008 nerationem
806 3952 1131 4021 intelligere.
1170 3951 1575 4022 impassibilem,
1617 3951 1987 4015 insecabilem,

416 4027 823 4110 itidivisibilem,
861 4046 977 4099 sine
1032 4054 1289 4111 tempore,
1326 4043 1501 4096 instar
1537 4042 1929 4111 resplendentis
1960 4059 1988 4095 a

414 4136 537 4191 luce
564 4137 719 4202 radii,
755 4138 819 4190 ad
850 4134 1087 4190 divinam
1129 4134 1535 4201 generationem
1572 4134 1795 4198 ductos;
1833 4132 1991 4188 intel-

483 4271 687 4328 "Psal.
713 4286 879 4336 xxxv,
903 4270 992 4328 10.
1054 4269 1099 4303 ⁸⁷
1133 4268 1290 4325 Joan.
1323 4285 1367 4334 ι,
1396 4270 1452 4324 9.

489 4441 567 4512 (5)
600 4440 741 4495 Editi
763 4449 820 4495 et
848 4440 953 4494 duo
983 4454 1114 4493 mss.
1154 4440 1270 4494 Οὐκ
1299 4438 1402 4512 ῶν.)
1426 4437 1719 4508 Interpres,
1763 4458 1865 4495 non
1887 4458 1993 4512 α-
2028 4448 2072 4504 1)

416 4511 605 4566 sistens
657 4521 836 4580 postea
872 4521 1026 4563 natus
1075 4518 1170 4563 est.
1204 4514 1274 4563 At
1307 4511 1497 4580 codex,
1524 4511 1678 4564 Colb.
1721 4526 1844 4565 cmn
1880 4511 1992 4567 Re-

417 4583 520 4652 giis
540 4579 798 4652 secundo,
836 4581 995 4652 tertio
1025 4588 1079 4633 et
1102 4590 1299 4647 quarto
1337 4579 1544 4632 Οὐκοῦν
1587 4598 1601 4633 :
1637 4580 1867 4635 Proinde
1896 4600 1991 4649 ge-

419 4650 629 4704 neratus
654 4650 803 4703 estin
840 4650 1053 4701 modum
1085 4653 1424 4707 accessionis.
1456 4665 1573 4707 seu.
1598 4666 1688 4714 per
1726 4656 1991 4705 accessio-

418 4736 559 4790 nem,
590 4729 754 4790 recte.
797 4718 999 4790 Ibidem
1028 4719 1132 4773 duo
1158 4736 1286 4775 mss.
1316 4719 1774 4790 προσγεγένηται.

490 4789 568 4860 (6)
595 4789 822 4860 Codices
863 4788 966 4860 duo
996 4803 1115 4860 cum
1166 4790 1329 4844 editis
1366 4788 1657 4854 ἐπιδείξειέ
1711 4808 1819 4852 τις.
1852 4790 1986 4858 Reg».

420 4857 686 4915 secundus
706 4857 1019 4922 ἐπιδείξειεν
1048 4857 1113 4911 ἄν
1132 4875 1234 4922 τις.
1261 4860 1361 4913 Alii
1389 4862 1494 4913 duo
1518 4874 1649 4916 mss.
1678 4857 1992 4925 ἐπιδείξαιτ’

420 4929 487 4985 ἄν
510 4946 616 4992 τις.

492 4998 569 5069 (7)
599 4999 735 5069 Editi
760 5007 813 5053 et
850 4997 1231 5069 Reguquintus
1278 4998 1550 5052 ἐκπεσών.
1584 4997 1685 5052 Alii
1720 5013 1814 5053 sex
1859 5016 1988 5055 mss.

422 5066 767 5139 ὑπερπεσών.
803 5066 951 5121 Μοχ⁷
1151 5071 1337 5122 tertius
1379 5071 1621 5139 secunda
1659 5085 1817 5139 manu
1852 5069 1993 5124 οὕτω

420 5138 509 5210 δή.
536 5136 742 5194 ibidem
767 5140 894 5192 editi
911 5137 1013 5210 τοῦ
1044 5136 1233 5210 ὅντως.
1274 5139 1342 5191 At
1374 5156 1501 5192 mss.
1530 5137 1623 5190 τοῦ
1658 5137 1995 5203 ὅντος,ε;εινα

422 5208 532 5262 rem
557 5224 671 5278 qua:
701 5219 773 5260 est
798 5224 816 5261 :
842 5208 921 5261 vel
954 5208 1288 5278 simpliciter,
1326 5219 1475 5260 extra
1506 5224 1614 5261 rem
1643 5224 1662 5260 .·
1711 5222 1861 5262 extra
1904 5227 1995 5264 ve-

422 5295 540 5330 rum
562 5276 580 5329 ὲ
602 5288 749 5330 extra
780 5294 1004 5348 a’quum.
1032 5276 1241 5334 Rursus
1266 5278 1369 5332 hoc
1392 5279 1575 5347 ipsoin
1602 5278 1721 5332 loco
1739 5280 1993 5336 duomss.

423 5348 646 5412 ἐκϐιαζό
653 5364 829 5418 μενος.

496 5418 571 5488 (8)
606 5416 743 5471 Editi
784 5428 839 5470 et
876 5432 1014 5488 unus
1051 5431 1153 5469 ms.
1186 5416 1567 5487 ἐπιλιπούσης.
1594 5416 1823 5473 Veteres
1853 5435 1994 5487 qua-

427 5486 549 5556 mor
578 5488 695 5540 libri
722 5486 1137 5556 ἐπιλειπούσης.Δ
1178 5488 1469 5556 Aliquanto
1506 5486 1635 5555 post
1670 5489 1802 5542 editi
1854 5486 1995 5542 Οὔτε

423 5551 538 5611 οὖν.
568 5558 793 5610 Codices
831 5558 1034 5624 aliquot
1064 5551 1193 5607 Ὀῦτ¹
1234 5551 1297 5609 ἂν
1331 5553 1445 5613 οὖν.
1471 5551 1711 5612 subinde
1745 5575 1873 5615 mss.
1893 5563 1999 5615 duo

424 5626 608 5743 v‘oﬁcset
637 5627 987 5696 κεχρήσεται.
1020 5626 1123 5680 Alii
1152 5628 1369 5695 quidam
1406 5644 1537 5685 mss.
1569 5640 1691 5683 cum
1712 5630 1872 5686 editis
1906 5647 1998 5683 κε-

426 5708 570 5743 γοησ
604 5710 677 5743 αι.

424 5708 677 5760 χρησυαι.

2088 1859 2319 1928 μάταιός
2345 1860 2461 1911 ἐστι
2488 1858 2611 1921 νοῦς
2652 1860 2745 1912 καὶ
2766 1858 3104 1925 τετύφλωται
3128 1857 3224 1927 (9),
3249 1858 3326 1927 τῷ
3350 1858 3465 1910 ὄντι
3499 1858 3679 1927 μηδὲν

2084 1949 2466 2018 ἐπιστάμενος,
2498 1950 2526 2001 ό
2557 1949 2624 2001 τὰ
2663 1949 2756 2001 τοῦ
2788 1948 3125 2016 Μονογενοῦς
3158 1947 3503 2019 πρεσϐύτερα
3537 1965 3683 1999 κατ-

2086 2041 2366 2111 ειληφέναι
2394 2040 2635 2112 φρονῶν·
2661 2040 2851 2111 ῶσπερ
2874 2040 2938 2092 ἂν
2967 2040 3015 2092 εί
3039 2041 3138 2092 καὶ
3161 2038 3425 2109 ὀφθαλμῷ
3446 2057 3528 2101 τις
3559 2040 3681 2105 egu-

2085 2136 2262 2190 ωπίαν
2288 2134 2738 2207 προσμαρτυροίη
2765 2134 2898 2204 (10),
2925 2136 3037 2196 τοῖς
3062 2133 3467 2203 ἐσκοτισμένοις
3487 2135 3683 2186 ἐνατει-

2086 2229 2304 2292 νίζοντι.
2373 2228 2474 2280 Ἐν
2527 2226 2607 2291 τῷ
2656 2229 2805 2295 φωτί
2853 2243 2972 2280 σου
3012 2225 3140 2297 γὰρ,
3170 2228 3355 2296 φησὶν,
3399 2228 3680 2295 ὀψόμεθα

2086 2318 2233 2389 φῶς.
2274 2320 2330 2372 Ὀ
2355 2319 2409 2372 δὲ
2436 2319 2494 2370 ὲν
2517 2319 2815 2389 καταλήψει
2846 2316 2942 2370 τοῦ
2971 2318 3058 2370 ὅτε
3085 2316 3237 2369 οὔπω
3256 2314 3322 2387 ἦν
3349 2318 3413 2369 τὸ
3441 2318 3560 2385 φῶς
3591 2334 3680 2384 γε·

2087 2412 2300 2481 γονέναι
2352 2411 2576 2480 φάσκων
2630 2410 3005 2481 παραπλήσιον
3043 2410 3277 2463 πέπονθε
3321 2410 3433 2478 (Η)
3469 2412 3587 2472 τοῖς
3621 2412 3681 2460 ἐν

2091 2504 2346 2557 ἐκστάσει
2381 2506 2664 2573 φρενιτικῇ
2697 2504 2829 2573 ὁρᾷν
2874 2500 3298 2571 φανταζομένοις
3326 2501 3394 2553 τὰ
3428 2501 3502 2571 μὴ
3534 2517 3687 2570 παρ-

2087 2596 2236 2648 όντα.
2266 2594 2346 2648 Τὰ
2373 2594 2481 2665 γὰρ
2516 2594 2656 2664 ὑπὲρ
2679 2593 2769 2646 τὸν
2798 2593 2923 2645 Υίδν
2951 2593 3011 2645 οὐ
3045 2595 3267 2647 νοεῖται,
3308 2592 3526 2659 Ἐπειδὴ
3575 2593 3607 2642 ὅ
3630 2608 3685 2643 τι

2090 2702 2197 2755 περ
2230 2684 2494 2755 ὀφθαλμῷ
2523 2685 2582 2736 τὸ
2622 2684 2877 2755 αἰσθητόν
2924 2686 3040 2735 ἐστι
3081 2683 3217 2751 φῶς,
3265 2682 3425 2735 τοῦτο
3465 2682 3619 2751 ψυχῇ
3657 2685 3686 2733 ὁ

2088 2776 2221 2841 Θεὸς
2254 2778 2370 2830 ἐστι
2398 2778 2589 2844 Λόγος.
2622 2772 2733 2830 Ἦν
2766 2776 2893 2844 γὰρ,
2930 2774 3082 2845 φησὶ,
3118 2774 3185 2827 τὸ
3209 2772 3334 2842 φῶς
3363 2773 3428 2826 τό
3468 2776 3687 2839 ἀληθι-

2088 2866 2222 2929 νὸν,
2271 2866 2303 2919 ὃ
2354 2865 2582 2934 φωτίζει
2629 2865 2827 2918 πάντα
2871 2864 3184 2932 ἄνθρωπον
3224 2864 3558 2932 ἐρχόμενον
3593 2866 3684 2929 εἰς

2090 2958 2195 3010 τὸν
2226 2958 2480 3025 κόσμον.
2526 2957 2688 3009 Ὥστε
2719 2956 3020 3023 ἀφώτιστος
3061 2954 3205 3025 ψυχὴ
3251 2955 3509 3016 ἀδύνατός
3561 2956 3683 3006 ἐπι

2094 3049 2229 3121 πρὸς
2258 3050 2462 3119 νόησιν.
2498 3049 2621 3110 Πῶς
2657 3048 2721 3101 ἂν
2747 3044 2839 3101 οὖν
2886 3046 2955 3099 τὰ
2992 3047 3249 3117 ὑπεράνω
3276 3047 3375 3117 τῆς
3404 3045 3683 3114 γενέσεως

2092 3139 2184 3191 τοῦ
2226 3139 2402 3207 φωτὸς
2452 3137 2859 3208 καταληφθείη;
2894 3139 3048 3207 Χρῆν
3081 3137 3159 3199 δὲ,
3205 3134 3376 3206 οἶμαι,
3414 3138 3539 3200 τοὺς
3581 3137 3682 3189 καὶ

2095 3233 2289 3303 μικρὸν
2321 3230 2451 3300 γοῦν
2484 3233 2583 3301 τῆς
2620 3230 2878 3300 ἀληθείας
2905 3230 3352 3300 πεφροντικότας,
3373 3229 3682 3297 ἀφεμένους

2090 3323 2200 3375 τῶν
2246 3322 2574 3393 σωματικῶν
2621 3320 2955 3393 ὁμοιώσεων,
3003 3321 3098 3374 καὶ
3146 3320 3241 3373 τοῦ
3294 3324 3415 3383 ταῖς
3463 3321 3681 3380 ὑλικαῖς

2092 3415 2416 3484 φαντασίαις
2456 3413 2555 3477 τὰς
2595 3414 2723 3484 περὶ
2760 3412 2895 3466 Θεοῦ
2943 3413 3152 3475 ἐννοίας
3190 3411 3679 3483 καταρρυπαίνειν,

2092 3507 2205 3568 τοῖς
2252 3504 2403 3576 παρά
2432 3504 2525 3558 τοῦ
2559 3505 2714 3571 ἁγίου
2748 3503 3065 3574 Πνεύματος
3100 3502 3516 3573 παραδοθείσαις
3546 3504 3681 3571 ἡμῖν

2095 3596 2396 3664 θεολογίαις
2455 3595 2786 3658 ἀκολουθεῖν,
2839 3595 2934 3647 καὶ
2983 3594 3105 3646 ἀντὶ
3162 3593 3269 3646 τῶν
3312 3594 3685 3663 ἐρωτημάτων

2094 3688 2319 3750 τούτων,
2349 3688 2385 3741 ἃ.
2414 3688 2524 3741 τῶν
2558 3688 2768 3758 γρίφων
2815 3688 2929 3757 (li)
2973 3686 3125 3739 οὐδὲν
3161 3685 3539 3744 ἀπολείπεται,
3576 3686 3680 3754 τὴν

2094 3780 2180 3847 ἐφ’
2206 3780 2443 3849 ἑκάτερα
2475 3779 2740 3848 ὑπόληψιν
2762 3778 3097 3831 ἐπικίνδυνον
3126 3777 3379 3847 ἐχόντων,
3402 3779 3541 3829 νοεῖν
3582 3777 3682 3845 μὲν

2096 3870 2254 3936 ἀξίαν
2293 3870 2385 3924 τοῦ
2409 3870 2545 3923 Θεοῦ
2585 3870 2837 3939 γέννησιν
2865 3867 3075 3938 ἀπαθῆ,
3094 3868 3411 3937 ἀμέριστον,
3436 3868 3695 3938 ἀδιαίρε-

2094 3979 2187 4016 τον
2220 3963 2355 4032 (15),
2390 3962 2637 4034 ἄχρονον,
2674 3962 2817 4015 κατά
2852 3962 2949 4031 τὴν
2980 3960 3411 4028 ἀπολάμπουσαν
3439 3961 3534 4014 τοῦ
3571 3979 3686 4029 φω-

2095 4051 2187 4115 τὸς
2223 4054 2396 4123 αὐγὴν
2418 4056 2485 4123 τῇ
2517 4052 2635 4123 θείᾳ
2665 4053 2913 4122 γεννήσει
2942 4052 3416 4122 προσαγομένους·
3453 4054 3598 4103 νοεῖν
3631 4052 3687 4104 δέ

2096 4141 2279 4195 εἰκόνα
2310 4140 2405 4195 τοῦ
2436 4141 2572 4195 Θεοῦ
2607 4141 2699 4195 τοῦ
2729 4143 2983 4213 ἀοράτου,
3016 4141 3078 4194 οὐ
3111 4142 3252 4194 κατὰ
3286 4142 3383 4203 τὰς
3418 4143 3689 4213 tamn-'1;

2172 4442 2500 4515 (9)TAntiqui
2537 4446 2643 4518 duo
2672 4447 2793 4501 libri
2816 4464 2912 4502 και
2943 4448 3273 4518 τετύφωται,
3308 4458 3355 4501 et
3383 4450 3577 4517 inﬂata
3603 4451 3685 4503 ni-

2096 4512 2405 4589 hil‘oinnino
2429 4512 2692 4585 intelligit.
2720 4517 2873 4578 Illud.
2905 4519 2983 4589 τῷ
3017 4512 3158 4585 ὄντι,
3190 4512 3455 4573 ἱηεόίιίε
3506 4522 3683 4573 locum

2094 4585 2403 4657 occupabat
2442 4601 2547 4657 non
2579 4601 2757 4649 suum,
2794 4589 2867 4643 uti
2904 4585 2973 4643 ei
3005 4604 3136 4645 mss.
3162 4590 3538 4657 cognovimus.

2166 4654 2282 4738 (ιο)
2314 4655 2453 4711 Editi
2485 4658 2905 4730 προσμαρτύρῃ.
2944 4659 3093 4714 Libri
3124 4654 3340 4713 veteres
3384 4676 3681 4732 προσμαρ-

2095 4740 2314 4794 τυροιη.

2167 4742 2487 4868 ῗίὶίῗ-Ὀοᾲοκ
2512 4794 2752 4868 (ἔθηκα
2782 4796 2916 4866 Reg.
2943 4800 3135 4851 tertius
3174 4797 3562 4868 παραπλήσιος
3594 4801 3683 4868 γέ-

2095 4880 2239 4939 γονε.
2274 4865 2468 4939 Statim
2503 4881 2633 4939 mss.
2656 4865 2961 4939 duo‘énetoi;
2986 4869 3066 4921 ὅτι
3101 4865 3527 4939 ὅπερξδυὺὶἰιόε
3550 4865 3678 4924 editi

2094 4933 2254 5008 satist;
2276 4934 2486 5008 ψνχῆιῗςΔ
2513 4937 2732 5008 Antiqui
2759 4936 2878 4991 libri
2908 4933 3276 5008 ψὺχῇ,νι·θοίε.

2170 5004 2284 5079 (1⁸2)
2318 5004 2741 5079 Ineditionibus
2776 5004 3053 5079 veteribus
3090 5007 3368 5073 legebatur
3406 5007 3517 5061 τῶν
3544 5026 3680 5079 γρα-

2098 5072 2216 5144 φῶν
2251 5089 2264 5124 :
2298 5075 2392 5129 sed
2417 5075 2497 5127 vir
2545 5076 2949 5131 eruditissimus
2984 5072 3208 5130 Ducreus
3245 5085 3393 5131 recte
3416 5072 3680 5144 judicavit

2099 5143 2383 5217 legendum
2412 5158 2532 5217 esse
2555 5159 2630 5217 ex
2662 5145 2796 5214 Reg.
2836 5147 3077 5202 secundo
3111 5147 3220 5199 τῶν
3262 5143 3482 5217 γρίφων
3513 5164 3527 5198 :
3585 5165 3680 5203 nec

2101 5214 2260 5267 aliter
2285 5214 2337 5333 in
2374 5214 2611 5281 reliquis
2630 5217 2834 5272 nostris
2865 5232 2998 5273 mss.
3035 5217 3231 5287 legitur
3255 5214 3416 5286 quam
3458 5220 3516 5273 in
3547 5220 3676 5288 Reg.

2101 5298 2283 5333 secum
2305 5296 2357 5333 0.

2098 5296 2357 5337 secundo.
3716 5320 3717 5333 1

2169 5351 2281 5425 (15)
2312 5351 2425 5406 Vox
2451 5352 2756 5424 ἀδιαίρετον
2788 5354 2841 5408 ἰη
2874 5355 3144 5425 aliquibus
3174 5370 3304 5410 mss.
3338 5358 3515 5412 deest.
3533 5358 3678 5424 Quod
3714 5342 3719 5357 ’

2100 5424 2529 5495 εειιυὶιυνλκατὰ
2552 5425 2677 5495 τήν,
2706 5437 2844 5490 etc.,
2876 5424 2978 5481 sici
3006 5428 3382 5492 accipiendum
3432 5442 3559 5483 esse
3591 5444 3676 5481 ar-

2100 5492 2271 5545 bitror
2303 5508 2318 5546 :
2360 5492 2689 5566 Adcout'ad
2719 5496 2959 5549 divinant
2996 5495 3411 5566 generationem
3444 5500 3675 5553 deduce-

2102 5574 2308 5637 rentur,
2345 5578 2468 5637 eam
2496 5564 2597 5621 sibi
2631 5566 2817 5623 animo
2840 5564 3107 5637 tingentes
3129 5568 3301 5622 instar
3330 5568 3475 5623 radii
3507 5584 3538 5623 a
3564 5569 3679 5625 luce

2104 5631 2520 5700 resplendentis.
