3822 6216
107 303 224 360 {-35

1224 305 1593 362 ADVERSUS
1631 303 2002 362 EUNOMIUM
2044 306 2172 362 LIB.
2209 308 2274 363 ll.

3287 315 3396 372 606

105 423 320 488 ταύτας
350 422 576 498 ὕστερον
614 424 1058 498 ἀπεργασθεῖσαν
1101 425 1236 498 πρὸς
1271 428 1338 481 τὺ
1379 427 1635 499 ἀρχέτυπι

1809 423 1986 492 iigere
2031 427 2214 482 itidem
2259 426 2555 497 imaginem
2593 427 2882 482 invisibilis
2911 427 3024 494 Dei,
3057 443 3160 482 non
3187 415 3392 484 secun-

103 513 249 567 ἀλλὰ
285 516 740 587 συνυπάρχουσαν
781 517 876 570 καὶ
909 521 1396 588 παρυφεστηκυῖαν
1447 518 1524 588 τῷ
1557 536 1705 589 πρω-

111 607 332 676 τοτὺπῳ
379 609 768 680 ὑποστήσαντι,
822 609 900 680 τῷ
946 607 1086 664 εἶναι
1132 609 1194 663 τὸ
1239 611 1568 682 ἀρχέτυπον,
1623 607 1706 664 οὗ·

105 713 214 750 σαν
260 698 400 766 tu),
458 701 560 754 οὐκ
617 702 1026 756 ὲκτυπωθεῖσαν
1081 703 1168 757 διὰ
1222 705 1529 775 μιμήσεως,
1590 703 1701 756 ὧσ-

101 801 214 857 περ
233 787 348 856 (15)
365 789 422 839 ὲν
447 789 704 858 σφραγῖδί
729 807 834 843 τινι
863 793 964 862 τῆς
988 792 1116 862 ὅλης
1141 792 1356 861 φύσεως
1368 793 1460 846 τοῦ
1487 793 1700 865 Πατρός

99 878 656 950 ὲναποσημανθείσης
697 880 776 951 τῷ
817 881 949 953 Υἱῷ.
989 884 1053 936 Εἰ
1081 884 1138 936 δὲ
1165 883 1366 954 βούλει,
1399 885 1562 939 ὁποία
1589 885 1699 941 τῶν

97 970 310 1040 τεχνῶν
366 973 400 1042 ἡ
443 972 736 1036 ὑπόστασις
782 975 895 1044 (16)
941 976 1006 1028 ἐκ
1051 975 1159 1028 τῶν
1197 975 1556 1032 διδασκόντων
1599 977 1694 1050 ὅλη

95 1067 216 1125 τοῖς
247 1063 714 1137 μαθητευομένοις
743 1066 1070 1139 ἐγγινομένη
1093 1085 1107 1100 ο
1147 1067 1270 1122 οὔτε
1308 1069 1587 1134 λείποντός
1611 1089 1694 1124 τι-

95 1173 192 1218 νος
215 1161 326 1220 τοῖς
355 1157 687 1225 διδάσκουσι,
723 1162 818 1214 καὶ
849 1162 950 1231 τῆς
981 1159 1312 1223 τελειώσεως
1350 1163 1464 1225 τοῖς
1495 1163 1694 1232 ἐκμαν-

95 1244 321 1299 θάνουσι
386 1251 842 1322 προσγινομένης.
898 1253 969 1304 ’Ἡ
1021 1255 1180 1304 τοῦτο
1233 1251 1332 1322 μὲν
1389 1253 1488 1305 οὑκ
1537 1254 1696 1324 ἀκρι-

92 1333 192 1397 ϐὲς
237 1335 377 1406 πρὸς
404 1338 663 1408 ὁμοίωσιν
715 1340 804 1393 διὰ
852 1340 952 1412 τὴν
993 1339 1087 1393 τοῦ
1121 1339 1314 1411 χρόνου
1357 1343 1688 1413 παράτασιν.

91 1428 440 1500 Οἱκειότερον
485 1431 544 1484 δὲ
601 1434 810 1496 εἰπεῖν,
876 1435 960 1487 ὅτι
1019 1433 1182 1485 ὁποία
1235 1431 1345 1484 τῶν
1405 1435 1692 1505 νοημάτων

91 1523 124 1592 ἡ
165 1522 330 1592 φύσις
355 1527 466 1589 τοῖς
497 1525 594 1579 τοῦ
621 1526 714 1580 νοῦ
745 1529 1040 1600 κινήμασιν
1081 1527 1327 1598 ἀχρόνως
1362 1543 1690 1598 συνυφιστα-

91 1615 258 1687 μένη.

159 1798 250 1853 17.
291 1800 398 1852 Καὶ
435 1801 625 1872 μηδείς
658 1821 748 1874 μοι
778 1809 1184 1875 συκοφαντείτω
1217 1811 1308 1864 τὸν
1339 1811 1517 1882 λόγον,
1548 1815 1602 1868 εἴ
1627 1831 1680 1868 τι
1711 1786 1756 1841 Β

85 1889 198 1944 τῶν
226 1891 642 1963 ὑποδειγμάτων
674 1895 749 1966 μὴ
781 1897 958 1969 πάντη
991 1917 1052 1952 συ
1061 1901 1279 1971 μ6αίνοι
1310 1909 1424 1968 τοῖς
1454 1924 1680 1977 προκει-

85 1983 294 2054 μένοις.
353 1986 486 2039 Οὐδὲ
535 1988 644 2058 γὰρ
697 1989 924 2045 δυνατὸν
983 1992 1054 2045 τὰ
1117 1996 1288 2068 μικρὰ
1345 1999 1440 2051 καὶ
1501 1999 1680 2068 φαῦλα

77 2079 202 2140 τοῖς
224 2077 392 2142 θείοις
421 2080 516 2133 καὶ
537 2081 727 2145 ἀϊδίοις
762 2083 899 2153 μετὰ
928 2084 1216 2156 ἀκριϐείας
1237 2089 1524 2160 ἁρμόζειν,
1561 2092 1678 2145 ἀλλ’

79 2169 210 2222 ὅσον
261 2170 482 2239 ἐλέγξαι
528 2173 630 2244 τὴν
675 2175 958 2245 εἰρωνείαν
1015 2177 1124 2230 τῶν
1171 2180 1232 2232 οὑ
1265 2180 1578 2252 δυναμένων
1611 2185 1676 2256 δὴ

79 2263 338 2334 γέννησιν
395 2264 580 2336 ἀπαθῆ
627 2269 693 2338 τῇ
759 2269 968 2341 διανοίᾳ
1016 2269 1425 2326 >.α6εῖν.Εἰκὼν
1489 2274 1546 2326 δὲ
1599 2277 1678 2330 εἶ-

82 2371 246 2424 ρηται
271 2356 366 2410 καὶ
387 2357 534 2412 ἐστιν
559 2361 588 2412 ό
615 2359 741 2422 Υἱὸς
763 2361 1015 2434 γεννητὴ,
1053 2365 1147 2418 καὶ
1180 2365 1523 2436 ἀπαύγασμά
1555 2369 1668 2422 ἐστι

75 2448 179 2516 τῆς
243 2447 404 2521 δόξης
466 2451 562 2504 τοῦ
631 2451 790 2516 Θεοῦ,
855 2456 948 2508 καὶ
1007 2457 1188 2524 σοφία,
1263 2459 1360 2512 καὶ
1419 2459 1670 2530 δύναμις,
1719 2525 1728 2532 _

75 2540 172 2591 καὶ
203 2538 520 2612 δικαιοσύνη
553 2542 712 2608 Θεοῦ,
763 2545 864 2616 οὑχ
905 2547 986 2610 ὡς
1033 2547 1166 2613 ἕξις,
1208 2549 1330 2602 οὑδὲ
1367 2549 1444 2612 ὡς
1481 2553 1672 2623 ἐπιτη-

73 2631 309 2700 δειότης,
359 2633 474 2686 ἀλλ’
516 2635 674 2690 οὐσία
716 2635 867 2701 ζῶσα
923 2639 1016 2690 καὶ
1057 2639 1308 2712 ἐνεργὴς,
1356 2641 1451 2694 καὶ
1501 2642 1673 2695 ἀπαύ-

73 2725 270 2796 γασμά
333 2727 449 2779 ἐστι
509 2728 610 2797 τῆς
653 2728 812 2800 δόξης
853 2729 948 2782 τοῦ
990 2731 1148 2785 Θεοῦ.
1190 2733 1390 2804 Διόπερ
1427 2733 1526 2786 καὶ
1547 2733 1670 2788 ὅλον

70 2816 132 2868 ἐν
177 2817 362 2887 ἐαυτῷ
403 2819 644 2872 δείκνυσι
687 2821 780 2873 τὸν
829 2822 1069 2892 Πατέρα,
1112 2823 1172 2888 ἐξ
1200 2823 1328 2894 ὅλης
1369 2825 1535 2878 αὑτοῦ
1567 2828 1670 2897 τῆς

69 2906 232 2978 δόξης
256 2909 650 2978 άπαυγασθείς.
689 2911 798 2983 Τὴν
831 2913 1009 2965 τοίνυν
1059 2914 1218 2980 δόξαν
1269 2915 1362 2968 τοῦ
1395 2915 1532 2968 Θεοῦ
1588 2917 1662 2988 μὴ

69 2999 219 3070 ἔχειν
253 3001 598 3071 ἀπαύγασμα
623 3003 825 3070 λέγειν,
861 3004 892 3075 ἥ
923 3005 1022 3074 τὴν
1053 3006 1248 3074 σοφίαν
1293 3005 1388 3060 τοῦ
1421 3007 1556 3060 Θεοῦ
1591 3008 1665 3080 μὴ

1805 517 1932 568 dmn
1979 517 2082 570 bas
2139 516 2466 573 artificiosas
2520 519 2684 590 252
2737 519 2998 588 imagines
3063 521 3264 576 exinde
3327 523 3392 576 ad

1803 609 2082 678 exemplar
2125 611 2482 676 elaboratam,
2513 613 2608 666 sed
2657 612 3010 666 exsistentem
3064 621 3228 681 atque
3271 614 3374 668 sub

1803 699 2091 754 sistentem
2143 717 2266 754 cum
2315 703 2612 771 archetypo
2641 703 2782 771 quod
2815 717 2935 758 eam
2969 703 3242 772 produxit.
3273 719 3388 774 qua!

1799 807 1863 848 ex
1910 793 2013 847 ltoe
2061 803 2148 848 est
2195 795 2336 862 quod
2373 803 2459 848 est
2489 795 2840 867 archetypum
2875 814 2888 850 :
2925 811 3043 866 qua!
3085 812 3184 866 per
3221 796 3380 850 imita-

1802 884 2002 938 tionem
2061 899 2326 955 expressa
2385 901 2492 940 non
2545 896 2650 952 est,
2693 896 2800 940 tota
2861 887 3040 942 Patris
3089 897 3280 941 natura
3333 887 3386 940 in

1796 975 1936 1030 Filio
1961 977 2106 1031 velut
2128 979 2181 1033 in
2207 979 2390 1050 aliquo
2419 979 2600 1050 sigillo
2629 980 2916 1049 impressa.
2949 979 3100 1046 Quod
3123 981 3166 1034 si
3195 980 3384 1042 mavis,

1795 1069 1974 1137 qualis
2003 1083 2086 1124 est
2115 1073 2314 1126 artium
2355 1073 2658 1128 substantia
2692 1087 2758 1127 ex
2789 1073 3110 1126 docentibus
3139 1073 3190 1125 in
3222 1071 3379 1125 disci-

1794 1163 1954 1230 pulos
1983 1163 2256 1220 transiens
2293 1175 2429 1231 tota,
2464 1167 2602 1220 adeo
2627 1175 2688 1220 ut
2713 1181 2892 1234 neque
2921 1166 3062 1220 desit
3089 1165 3382 1236 quidquam

1793 1254 2140 1320 docentibus,
2184 1266 2239 1312 et
2291 1259 2556 1326 perfectio
2591 1259 2962 1314 ediscentibus
2996 1260 3241 1313 accedat.
3273 1259 3379 1314 Cat»

1795 1347 2046 1416 teroquin
2094 1349 2194 1404 hoc
2241 1351 2652 1406 similitudinem
2681 1353 2976 1422 perfectam
3005 1367 3114 1407 non
3141 1352 3380 1420 exhibet,

1791 1438 1860 1494 ob
1892 1441 2154 1508 temporis
2185 1457 2420 1496 moram.
2454 1442 2562 1497 Sed
2598 1444 2725 1498 illud
2755 1445 3168 1500 convenientius
3203 1453 3377 1515 potest

1791 1529 1894 1583 dici
1927 1547 1942 1583 :
1969 1531 2144 1598 qualis
2171 1543 2256 1586 est
2279 1534 2670 1603 cogitationum
2705 1545 2900 1588 natura
2934 1551 3040 1589 una
3069 1551 3192 1589 cum
3223 1551 3376 1590 men-

1793 1620 1862 1674 tis
1909 1621 2144 1676 motibus
2186 1623 2324 1678 citra
2374 1623 2534 1678 ullam
2579 1628 2842 1695 temporis
2887 1625 3204 1680 dilationem
3252 1639 3370 1680 con-

1791 1711 2006 1768 sistens.

1853 1807 1944 1862 17.
1981 1806 2092 1863 Nec
2135 1809 2420 1878 quisquam
2483 1808 2616 1866 mihi
2663 1811 2808 1864 hunc
2837 1823 3144 1864 sermonem
3178 1807 3372 1864 calum.

1785 1899 1935 1955 niose
1967 1901 2208 1969 objiciat,
2251 1904 2296 1958 si
2339 1903 2552 1972 quid‘in
2585 1903 2852 1972 exemplis
2873 1919 2980 1958 non
3007 1903 3230 1957 omnino
3249 1917 3372 1972 pro-

1781 1995 1956 2058 posito
1987 1995 2300 2048 conveniat.
2335 1992 2522 2064 Neque
2551 1993 2694 2048 enim
2737 1993 2852 2047 ﬁeri
2885 2003 3084 2061 potest,
3115 2001 3174 2046 ut
3205 2005 3370 2060 parva

1783 2095 1848 2135 ac
1875 2083 2004 2137 vilia
2033 2084 2233 2140 divinis
2262 2096 2426 2157 atque
2457 2086 2677 2140 aeternis
2699 2086 2938 2154 perfecte
2961 2087 3370 2140 accommoden-

1780 2184 1868 2228 tur
1897 2191 1912 2228 :
1941 2176 2034 2229 sed
2066 2186 2326 2245 quantum
2357 2175 2490 2230 satis
2515 2186 2618 2238 est,
2653 2187 2708 2231 ut
2729 2175 3094 2232 dissimulatio
3123 2177 3368 2232 confute-

1779 2276 1868 2322 tur
1917 2282 2130 2334 eorum,
2186 2269 2283 2338 qui
2344 2269 2753 2337 generationem
2810 2269 3200 2340 impassibilem
3258 2283 3366 2323 non

1776 2369 1984 2430 queunt
2035 2369 2216 2416 mente
2261 2361 2570 2430 concipere.
2613 2359 2796 2432 Imago
2837 2371 3028 2416 autem
3065 2360 3241 2416 dictus
3283 2371 3366 2417 est

1775 2451 1966 2516 Filius,
1987 2461 2146 2506 etest
2167 2453 2344 2523 imago
2365 2455 2570 2523 genita,
2589 2461 2644 2508 et
2665 2455 2925 2524 splendor
2944 2465 3026 2509 est
3043 2455 3225 2524 gloria:
3244 2455 3363 2519 Dei,

1775 2557 1832 2598 ct
1859 2545 2153 2614 sapientia,
2177 2555 2233 2599 et
2259 2547 2526 2614 potentia,
2547 2547 2824 2615 etjustitia
2853 2547 2968 2610 Dei,
3001 2564 3106 2601 non
3131 2559 3188 2602 ut
3209 2549 3366 2605 babi-

1776 2643 1884 2696 tus,
1921 2647 2098 2702 neque
2128 2643 2188 2686 ut
2215 2635 2484 2703 aptitudo,
2516 2637 2608 2690 sed
2653 2637 2952 2692 substantia
2991 2639 3107 2691 viva
3141 2649 3194 2692 et
3231 2654 3363 2708 ope-

1771 2739 1922 2787 rans,
1943 2739 2006 2777 ac
2031 2725 2295 2793 splendor
2310 2725 2498 2794 gloriae
2527 2729 2640 2782 Dei.
2661 2727 3004 2800 Quapropter
3027 2741 3080 2783 et
3112 2741 3280 2784 totum
3309 2733 3362 2785 in

1769 2817 1950 2886 seipso
1979 2817 2192 2870 Patrem
2230 2817 2487 2882 ostendit,
2533 2831 2600 2872 ex
2640 2829 2748 2872 tota
2795 2823 2914 2887 ejus
2949 2823 3234 2892 majestate
3273 2839 3362 2877 re-

1770 2910 2078 2980 splendeus.
2114 2909 2286 2976 Quam
2341 2911 2634 2964 absurdum
2687 2921 2772 2965 est
2827 2927 2962 2980 ergo
3011 2917 3211 2978 dicere,
3242 2916 3362 2986 glo-

1769 3003 1908 3054 riam
1951 3001 2041 3056 Dei
2083 3017 2188 3076 non
2236 3000 2438 3055 habere
2485 3001 2848 3069 splendorem,
2886 3015 2979 3056 aut
3036 3007 3358 3073 sapientiam

72 3094 314 3146 συνεῖναί
339 3111 478 3147 ποτε
507 3093 584 3164 τῷ
613 3094 752 3165 Θεῷ,
792 3096 972 3165 πάσης
996 3097 1095 3166 τῆς
1133 3098 1402 3163 ἁτοπίας;
1445 3099 1586 3152 Ἀλλ’
1615 3118 1635 3152 ε

1793 3093 1862 3146 )ei
1889 3092 2183 3160 aliquando
2211 3107 2314 3145 una
2347 3107 2471 3146 cum
2505 3091 2614 3146 Deo
2649 3107 2754 3146 non
2787 3092 3116 3150 fuisse?Sed
3151 3097 3196 3150 si
3220 3109 3357 3158 erat.

68 3177 158 3254 ἦν,
193 3185 382 3252 φησὶν,
407 3184 466 3235 οὑ
491 3183 830 3254 γεγέννηται.
866 3185 1316 3257 ’Λποκρινώμεθα
1337 3188 1518 3240 τοίνυν
1559 3190 1663 3254 ὅτι,

79 3274 302 3346 Ἐπειδὴ
325 3276 668 3347 γεγέννηται,
701 3273 904 3347 ἧνόὑκ
927 3277 1220 3346 ἀγέννητον
1249 3279 1388 3349 ἔχων
1411 3279 1474 3333 τὺ
1503 3276 1662 3347 εἴναι,

67 3367 142 3420 ὣν
170 3368 232 3421 δὲ
263 3369 352 3420 ἀεὶ
384 3369 480 3421 καὶ
531 3368 706 3422 συνὼν
731 3368 810 3440 τῷ
841 3371 1039 3440 Πατρὶ,
1077 3370 1136 3435 ἐξ
1174 3363 1235 3423 οὗ
1269 3373 1366 3426 καὶ
1401 3373 1512 3442 (l7)
1562 3374 1660 3445 τὴν

66 3459 254 3512 αἰτίαν
283 3460 386 3528 τῆς
433 3459 722 3529 ὑπάρξεως
762 3461 894 3532 ἔχει.
939 3463 1078 3515 Πότε
1133 3459 1226 3516 οὑν
1279 3465 1358 3528 εἰς
1403 3465 1463 3517 τὸ
1517 3459 1657 3519 εἶναι

66 3551 224 3622 παρὰ
255 3551 352 3605 τοῦ
379 3553 588 3625 [ἰατρὸς
622 3555 877 3625 παρήχθη
904 3571 918 3618 ;
961 3555 1074 3624 Ἀφ’
1103 3550 1164 3609 οὗ
1197 3557 1342 3608 ἐστιν
1373 3559 1402 3608 ό
1429 3557 1655 3629 Πατὴρ;

79 3645 220 3696 Ἀλλ’
246 3643 304 3710 ἐξ
331 3643 522 3708 ἀϊδίου,
552 3645 738 3715 φησὶν,
771 3647 800 3698 ὁ
829 3647 1050 3718 Πατήρ·
1081 3644 1140 3711 ἐξ
1164 3647 1333 3701 ἀϊδίου
1357 3649 1534 3702 τοίνυν
1565 3651 1660 3704 καὶ

64 3737 92 3789 ὑ
115 3737 267 3800 Υἱὸς,
297 3737 572 3807 γεννητῶς
595 3741 661 3810 τῇ
689 3738 987 3810 άγεννησίᾳ
1021 3739 1114 3792 τοῦ
1145 3740 1360 3810 Πατρὺς
1386 3742 1656 3796 συναπτό-

71 3847 256 3898 μενος.
280 3829 404 3883 Ὅτι
435 3830 492 3883 δὲ
510 3825 664 3893 οὗτος
689 3831 788 3902 οὐχ
814 3833 1084 3902 ἡμέτερος
1109 3833 1138 3885 ό
1165 3831 1344 3900 λόγος,
1375 3833 1546 3896 αὑτὰς
1561 3833 1661 3897 τὰς

63 3921 226 3990 ἁγίου
257 3921 574 3991 Πνεύματος
603 3922 788 3998 φωνάς
815 3923 1002 3990 αὑτοῖς
1019 3921 1390 3995 παρεξόμεθα.
1436 3925 1528 3977 Ἐκ
1553 3925 1654 3996 μὲν

133 4151 254 4222 (14)
281 4149 436 4206 llunc
461 4151 643 4206 locum
672 4153 944 4211 difﬁcilem
975 4167 1098 4209 esse
1121 4153 1204 4209 vel
1232 4169 1298 4208 ex
1340 4168 1406 4208 eo
1439 4153 1641 4207 intelli-

63 4222 232 4296 gitur,
264 4223 406 4290 quod
440 4237 543 4296 non
574 4237 764 4296 parum
809 4225 1012 4296 negotii
1059 4223 1644 4296 librariis‘exhibuisse

63 4293 320 4362 videatur
350 4307 366 4345 :
403 4294 604 4362 quippe
656 4295 748 4348 alii
780 4293 942 4350 aliter
969 4309 1093 4350 eum
1132 4294 1426 4350 emendare
1461 4295 1640 4348 conati

63 4371 216 4415 sunt.
263 4361 516 4417 Fortasse
538 4361 778 4420 alienum
809 4381 912 4420 non
940 4365 1122 4423 fuerit.
1145 4366 1248 4420 etsi
1282 4365 1516 4434 longum,
1551 4379 1644 4434 va-

63 4435 174 4504 rias
203 4446 398 4487 omnes
418 4434 679 4490 lectiones
715 4435 767 4489 in
803 4436 1039 4491 medium
1080 4434 1346 4504 proferre,
1378 4433 1460 4493 ut.
1492 4433 1636 4504 quod

59 4503 334 4566 optimum
371 4511 475 4567 est,
513 4505 580 4558 ab
618 4505 848 4561 eruditis
887 4505 1198 4559 hominibus
1241 4505 1391 4570 seligi
1437 4503 1628 4572 possit.

60 4571 206 4625 Euiti
265 4573 430 4640 igitur
466 4574 542 4626 ita
578 4577 780 4646 habent
814 4595 828 4631 :
876 4575 1016 4629 ἀλλὰ
1055 4571 1512 4646 συνυπάρχουσαν
1545 4574 1638 4646 καὶ

59 4647 548 4718 παρυφεστηκυϊαν
593 4645 673 4716 τῷ
696 4646 1066 4718 ῌπρωτοτύπῳ
1113 4643 1500 4718 ὑποστήσαντι,
1547 4643 1642 4696 τοῦ

57 4708 202 4800 εἶναι
230 4708 854 4802 τὸηὰέχςτυπονξοὺσανῖ
883 4716 1018 4802 Heg.
1038 4708 1255 4802 'pritpus
1289 4708 1643 4802 παρυφετστη-

58 4786 222 4857 κυῖαν
247 4781 324 4853 τῷ
357 4779 464 4857 ὑπὸ
499 4785 576 4855 τῷ
608 4779 1340 4857 πρωτοτύπῳ-ὑποστήσαντι
1365 4779 1638 4857 τῷεῖναι,

59 4855 274 4922 reliqua
309 4855 440 4925 utin
483 4855 734 4925 vulgatis.
774 4857 872 4913 Hic
908 4855 1082 4910 notari
1128 4855 1328 4925 potest,
1374 4855 1533 4925 voces
1558 4855 1636 4925 τῷ

59 4925 179 4996 ὑπό
209 4924 495 4996 manifeste
537 4923 859 4996 redundare:
910 4927 1040 4996 lteg.
1073 4923 1344 4996 secundus
1371 4923 1450 4994 τῷ
1484 4923 1636 4996 apta-

57 4995 280 5067 τοτύπῳ
305 4995 670 5067 ὑποστήσαντι
703 4995 764 5049 τὸ
805 4992 967 5060 εἶναι,
992 4992 1215 5067 ’τειίιιιιιι
1253 5005 1312 5050 ιιι
1359 4992 1633 5067 iit—editis.

59 5063 194 5133 Reg.
231 5059 420 5137 tertius
468 5059 642 5136 prima
701 5081 860 5137 manu
912 5059 1282 5137 ὑποστήσαντι
1338 5063 1417 5136 τῷ
1473 5059 1633 5128 εἶναι,

58 5149 258 5189 caetera
301 5136 437 5189 utin
472 5135 710 5190 excusis.
749 5135 848 5191 Hie
899 5138 990 5191 ille
1039 5135 1152 5206 ipse
1195 5137 1360 5190 codex
1391 5135 1629 5206 secutpda

37 5195 222 5278 Emam:
262 5209 754 5278 Δ’παρυςιιεστηκυῖειιν
799 5206 877 5278 τῷ
927 5195 1294 5278 ὑποστήσαντι
1354 5205 1432 5275 τῷ
1491 5200 1632 5278 εἶναι

25 5275 196 5346 gum;
225 5273 288 5327 τὸ
309 5273 614 5346 ἀρχέτυπον
647 5273 931 5332 οὖσαν.Ἐι
961 5277 1049 5332 hic
1081 5273 1352 5331 adnotabo
1387 5273 1531 5330 liunc
1551 5277 1633 5328 lo-

35 5343 176 5417 !eum
205 5360 234 5398 a
257 5343 585 5417 Conjbetisio
615 5349 758 5400 aliud
789 5349 1053 5417 cogitanti
1093 5363 1200 5402 non
1234 5355 1492 5417 accurate
1529 5361 1627 5417 ex-

21 5415 320 5488 scriptnm
357 5413 728 5488 [urissmllegii
763 5413 990 5488 qua'rtus
1029 5427 1084 5472 et
1127 5419 1352 5488 quintus
1387 5413 1630 5488 ὑποστῆ-

57 5483 310 5555 σαντιτῷ
330 5481 470 5557 εἶναι
506 5505 520 5540 :
555 5487 606 5540 in
647 5481 868 5557 reliquis
908 5501 1035 5541 vero
1065 5481 1200 5557 curn
1217 5485 1452 5554 vulgatis
1483 5481 1619 5540 con-

55 5559 314 5628 sentiunt.
351 5555 484 5628 Reg.
528 5566 714 5612 sextus
743 5555 912 5628 prima
947 5573 1105 5611 manu
1132 5555 1210 5628 τῷ
1254 5557 1623 5626 ὑποστήσαντι

58 5623 112 5676 τὸ
139 5622 306 5688 εἶναι,
339 5622 558 5694 reliqua'
577 5635 637 5680 ut
675 5622 978 5683 in'editis:
1017 5629 1156 5681 idem
1182 5622 1306 5682 'ms.
1349 5622 1504 5694 manu
1541 5643 1627 5683 re-

41 5695 295 5768 centiore
323 5695 400 5768 τῷ
429 5691 772 5768 πρωτοτὺπῳ
820 5699 1185 5768 ὑποστήσαντι
1224 5696 1286 5768 τὸ
1323 5691 1484 5768 sig/at.
1519 5695 1621 5750 De-

56 5767 214 5835 nique
243 5763 398 5822 Colb.
437 5763 608 5838 prima
648 5763 808 5824 manu
837 5763 1206 5837 ὑποστῆσαντι
1237 5767 1298 5821 τὸ
1337 5763 1500 5836 εἶναι,
1539 5782 1622 5824 re-

1775 3186 1973 3254 inquit,
2019 3185 2233 3252 genitus
2275 3199 2381 3238 non
2427 3193 2530 3238 est.
2567 3184 3010 3254 Respondeamus
3035 3203 3185 3257 ergo,
3215 3191 3360 3257 qttod

1772 3278 2028 3348 quoniam
2065 3278 2279 3347 genitus
2305 3287 2409 3344 est,
2444 3287 2584 3344 erat,
2614 3293 2736 3332 eum
2768 3279 3062 3348 ingenitum
3093 3297 3205 3334 esse
3249 3299 3354 3336 non

1769 3369 2005 3432 habeat,
2036 3370 2130 3424 sed
2171 3369 2400 3424 exsistat
2428 3384 2672 3437 semper,
2699 3381 2753 3424 et
2801 3371 3094 3426 coexsistat
3145 3373 3293 3428 Patri
3324 3389 3356 3428 a

1767 3478 1874 3533 quo
1907 3463 2067 3516 etiam
2105 3463 2402 3518 exsistendi
2447 3463 2610 3517 habet
2633 3477 2874 3518 causam.
2913 3465 3140 3531 Quando
3192 3467 3358 3535 igitur

1767 3555 1834 3607 ad
1858 3569 1968 3607 esse
1989 3569 2018 3606 a
2065 3553 2226 3607 Patre
2267 3555 2562 3622 productus
2595 3564 2680 3620 est
2715 3553 2842 3608 ?Ex
2888 3571 2995 3624 quo
3024 3555 3189 3612 Pater
3219 3569 3303 3613 est
3331 3559 3358 3598 τ

1770 3645 1876 3700 Sed
1917 3647 1984 3700 ab
2018 3657 2242 3712 διιεῖ-ηε,
2285 3647 2482 3717 inquit,
2515 3645 2679 3702 Pater
2714 3663 2728 3701 :
2762 3649 2830 3703 ab
2861 3659 3068 3704 attcrno
3109 3650 3275 3720 igitur
3299 3661 3352 3706 et

1767 3737 1965 3802 Filius,
2005 3753 2100 3808 per
2146 3740 2550 3808 generationem
2605 3739 2858 3810 ingenita:
2909 3740 3085 3796 Patris
3146 3753 3356 3797 naturae

1767 3831 2109 3897 coniunctus.
2145 3832 2296 3897 Quod
2326 3841 2506 3887 autem
2545 3848 2649 3887 non
2679 3843 2866 3886 nostra
2897 3833 2968 3887 sit
3000 3833 3115 3889 lucc
3149 3835 3346 3900 oratio,

1776 3923 1922 3991 ipsas
1951 3923 2122 3976 sancti
2153 3923 2386 3990 Spiritus
2409 3937 2569 3979 voces
2585 3923 2666 3979 eis
2685 3925 2752 3979 ob
2769 3924 2957 3980 oculos
2978 3939 3259 3995 ponemus.
3283 3925 3349 3982 Et

1751 4151 1897 4219 liqua
1945 4160 2002 4204 ut
2043 4152 2094 4204 in
2152 4149 2436 4218 impressis
2491 4151 2848 4219 libris.gldem
2883 4152 3054 4207 codex
3101 4153 3342 4206 secunda

1753 4215 1914 4274 manu
1953 4215 2497 4291 συνυφεστηκυῖαν...
2539 4221 2615 4291 τῷ
2641 4215 2800 4276 εἶναι.
2852 4221 2929 4276 Ex
2957 4223 3154 4289 quibus
3195 4224 3346 4276 colli-

1753 4307 1882 4358 gere
1919 4293 2064 4354 licet.
2097 4296 2198 4361 has
2243 4307 2435 4346 omnes
2485 4291 2750 4346 lectiones
2779 4293 3022 4361 revocari
3065 4307 3226 4361 posse
3257 4293 3344 4346 vel

1752 4361 1819 4432 ad
1847 4363 2009 4432 hanc,
2045 4362 2124 4432 τῷ
2155 4358 2319 4426 εἶναι,
2386 4361 2468 4415 vel
2505 4362 2570 4414 ad
2600 4363 2768 4426 illam,
2795 4363 2857 4416 τὸ
2889 4358 3141 4432 εἶναι.’ξί
3171 4361 3342 4432 leges.

1749 4429 1827 4505 agt
1851 4427 2336 4505 sivat,_vet_-_l)orutn
2374 4433 2711 4505 constructio
2745 4435 2861 4488 haec
2895 4435 3019 4492 erit,
3049 4427 3344 4505 οὖσαν’τῷ

1667 4485 1712 4540 D
1739 4485 1880 4574 εἷναι
1914 4503 1975 4555 τὸ
1998 4485 2340 4574 spitium.
2368 4501 2447 4574 Ad
2478 4485 2873 4572 verbium-qua:
2907 4485 3088 4572 imago
3128 4511 3206 4574 est
3250 4485 3343 4572 pe;

1749 4571 2260 4644 Itoc,quod"ipsum
2304 4572 2644 4644 archetypum
2680 4571 2776 4638 est,
2823 4587 2943 4636 seu,
2995 4571 3114 4642 qua:
3165 4571 3340 4644 imago

1749 4651 1827 4712 εει
1858 4643 1954 4696 hoc
1981 4643 2114 4710 ipso,
2151 4645 2292 4712 quod
2318 4643 2662 4711 archetypum
2695 4657 2770 4696 est
2797 4658 2816 4696 :
2847 4645 2890 4696 si
2922 4658 3054 4698 vero
3091 4645 3258 4712 legas,
3279 4643 3341 4698 τό

1745 4707 1912 4774 εἶναι.
1945 4707 2200 4782 videntur
2230 4714 2344 4782 [nec
2369 4707 2802 4768 verbaroustrui
2828 4717 2904 4768 sic
2937 4729 3094 4782 posse
3127 4707 3333 4768 ιόὗσαν

1743 4782 2111 4855 ὑποστήσαντι
2159 4780 2220 4836 τὺ
2246 4779 2410 4855 ξεῖναι
2463 4781 2798 4853 ἀρχέτυπον.
2825 4785 2906 4837 Ad
2939 4779 3184 4855 verbum,
3215 4802 3337 4855 quia

1743 4853 1919 4924 imago
1940 4853 2017 4908 est
2049 4853 2256 4907 auctori
2287 4857 2405 4916 hoc,
2459 4869 2641 4924 nempe
2675 4870 2794 4907 eum
2835 4869 2946 4906 esse
2971 4853 3334 4924 archetypum.

1741 4923 1796 4976 Id
1819 4921 1928 4986 est,
1962 4935 2151 4977 auctor
2179 4924 2428 4992 imaginis
2458 4921 2526 4976 ab
2563 4921 2678 4988 ipsa
2718 4925 2950 4992 imagine
2989 4921 3169 4987 habet,
3192 4925 3334 4994 quod

1739 5005 1814 5046 est
1852 4994 2222 5065 archetypum.
2249 4995 2316 5048 Et
2343 5009 2473 5047 vero
2499 4995 2855 5065 archetypum
2893 4996 3334 5062 proprienullum

1739 5071 1843 5127 est,
1868 5061 1980 5134 nisi
2037 5061 2216 5134 imago
2245 5065 2366 5134 sit,
2394 5079 2514 5132 qua:
2548 5079 2616 5119 ex
2664 5061 2784 5133 ipso
2825 5061 3185 5133 exprimatur.
3216 5065 3332 5119 Hoc

1739 5148 1806 5186 an
1845 5133 1937 5186 illo
1991 5133 2468 5202 modo’legendum
2518 5135 2608 5198 sit,
2663 5135 2850 5202 nescio
2882 5135 3148 5201 quidem:
3202 5143 3332 5202 puto

1739 5212 1918 5274 tamen
1950 5204 2130 5274 potius
2163 5201 2264 5274 legi
2317 5205 2535 5274 debere,
2576 5203 2655 5274 τῷ
2683 5201 2847 5258 εἶναι.
2875 5204 2979 5258 Alii
3009 5201 3330 5258 meliora.—

1741 5271 1826 5345 Τῷ
1858 5269 2012 5328 εἶναι
2042 5269 2411 5345 amemur,
2461 5269 2677 5330 οὖσαᾶο.
2733 5274 3180 5345 verte,__lmago,
3211 5290 3330 5345 qua:

1733 5344 1833 5396 hoc
1871 5347 1982 5408 ipso
2010 5342 2248 5412 quodest
2275 5342 2637 5412 archetypum,
2675 5344 2902 5402 exsistit.
2934 5343 3148 5397 Malunt.

1804 5413 1918 5486 (15)
1953 5413 2092 5466 Edtti
2132 5413 2590 5486 ptgﬁccmgan’
2621 5415 2833 5486 ὥσπερ.
2861 5416 3081 5483 Aliquot
3114 5413 3328 5469 codices

1735 5485 2040 5568 μιμήσεως,
2078 5485 2172 5536 καί¹
2197 5483 2406 5554 ὥσπερ.
2439 5483 2542 5538 Alii
2569 5483 2792 5555 quidam
2839 5500 2969 5540 mss.
3009 5485 3321 5556 μιμήσεως,

1729 5571 1941 5606 ωσπερ.

1801 5573 2216 5695 ἱῗὲἵΤεῃῶνὴ
2249 5623 2570 5692 ὑπόστασις,
2597 5635 2792 5680 natura
2827 5625 3024 5680 artium
3065 5638 3218 5696 atque
3241 5625 3328 5680 itt-

1726 5697 1960 5749 dustria.

1799 5767 1910 5838 (l-7)
1937 5765 2066 5837 Reg.
2097 5775 2324 5835 quartus
2359 5767 2558 5840 Πατρὶ,
2591 5767 2724 5841 παρ’
2759 5761 2821 5822 οὗ
2861 5767 2976 5821 καί.
