3822 6216
435 300 535 356 607

1783 292 1839 345 S.
1881 290 2129 345 BASILII
2166 290 2379 346 MAGNI

3580 290 3680 342 008

436 432 503 472 ex
543 408 826 481 Evangelio
857 408 1071 479 quidem
1117 422 1395 462 sumamus
1430 408 1599 462 illud:
1637 407 1703 462 In
1752 410 2005 476 principio

2137 404 2198 461 ὗν
2219 408 2311 460 τοῦ
2338 406 2667 474 Εὑαγγελίου
2691 407 2945 475 λάϐωμεν
2968 405 3045 469 τὸ,
3086 406 3188 457 Ἑν
3211 402 3365 472 ἀρχῇ
3403 404 3484 471 ἦν
3514 408 3546 456 ό
3576 411 3615 457 Α
3628 408 3677 454 ξ-

436 516 546 561 erat
590 502 807 557 Verbum
826 501 908 565 "‘;
943 502 1043 554 lioc
1101 513 1231 553 vero
1268 513 1331 552 ex
1370 498 1586 553 Psalmo
1630 499 1773 554 velut
1816 514 1847 553 e
1891 515 2011 569 per-

439 613 570 653 sona
601 596 777 650 Patris
814 593 1017 647 dictum
1048 609 1062 646 :
1094 591 1173 643 Ab
1198 602 1343 644 utero
1378 604 1500 645 ante
1542 590 1819 660 luciferum
1854 590 2009 660 genui

442 700 491 743 te
515 689 596 753 ⁵⁹;
628 696 789 755 atque
826 684 1069 749 utrisque
1104 682 1243 735 inter
1277 696 1335 735 se
1381 680 1694 749 compositis
1722 680 1963 734 dicamus
1993 694 2007 728 :

442 782 507 835 Et
535 792 672 843 erat,
702 787 759 832 et
794 777 1006 844 genitus
1027 786 1130 829 est.
1166 773 1360 827 Verum
1386 788 1490 827 vox
1525 771 1691 825 Genui
1725 788 1942 826 causam
1982 787 2011 824 a

441 888 547 941 qua
597 870 921 941 principium
958 869 1121 922 habet
1160 868 1385 931 essendi,
1418 867 1728 934 signiﬁcat:
1773 881 1871 918 vox
1919 881 2011 917 au-

443 977 572 1029 tem,
605 962 759 1029 Erat,
807 962 1008 1015 indicat
1052 960 1170 1027 ejus
1209 958 1583 1013 exsistentiam
1637 967 1877 1026 tempore
1920 972 2014 1009 ca-

440 1065 651 1110 rentem
695 1070 760 1108 ac
792 1054 1199 1121 sempiternam.
1243 1050 1349 1103 Sed
1390 1064 1520 1103 vero
1564 1062 1663 1117 pro
1695 1063 1789 1101 sua
1829 1048 2015 1100 fraude

440 1149 724 1201 decertans
756 1144 1387 1207 Eunomius,orationem
1418 1141 1485 1194 ad
1512 1140 1808 1195 absurdum
1845 1140 2016 1192 addu-

440 1256 563 1294 cere
594 1254 653 1294 se
685 1247 855 1307 putat.

512 1330 648 1384 Eun.
685 1328 742 1382 Si
789 1328 932 1382 enim
962 1368 976 1390 ,
1009 1327 1202 1396 inquit.
1254 1335 1379 1380 ante
1428 1340 1579 1381 suam
1614 1324 2015 1395 generationem

442 1421 611 1475 Filius
636 1429 777 1482 erat,
816 1420 1085 1488 ingenitus
1113 1427 1253 1472 erat.

483 1514 638 1572 .BAS.
664 1514 733 1567 At
765 1512 913 1575 illud,
950 1521 1071 1564 ante
1104 1510 1518 1580 generationem,
1542 1525 1574 1563 ο
1612 1509 1698 1563 vir
1728 1523 1888 1573 vane,
1924 1517 2021 1563 aut

442 1606 587 1658 nullo
614 1604 772 1657 modo
811 1602 1077 1665 subsistit,
1137 1603 1444 1669 mentisque
1485 1600 1614 1653 nulli
1659 1600 1905 1669 subjecto
1936 1600 2019 1652 in-

444 1695 697 1748 liazrentis
736 1705 1098 1747 commentum
1150 1701 1250 1748 est.
1284 1692 1387 1747 Sed
1427 1692 1558 1761 quid
1593 1692 1788 1745 attinet
1839 1690 2018 1744 stultis

2112 518 2214 568 γος
2235 514 2247 526 ·
2284 502 2345 550 ἐκ
2368 499 2424 550 δὲ
2448 497 2539 550 τοῦ
2563 498 2778 568 ψαλμοῦ
2815 498 2891 559 ὡς
2918 499 2983 549 ἐκ
3025 494 3311 566 προσώπου
3342 495 3435 547 τοῦ
3470 496 3684 565 ﬂat-.96;

2110 590 2397 662 εἰρημένον
2430 590 2511 656 τὸ,
2545 591 2639 642 Ἐκ
2663 590 2925 658 γαστρὸς
2964 570 3078 655 πρὸ
3111 590 3418 656 ὲωσςρ,ὅ;ρου
3450 589 3568 660 (18)
3594 606 3685 658 γε·

2110 681 2375 750 γέννηκά
2407 697 2481 735 σε
2500 700 2513 712 ·
2544 682 2637 734 καὶ
2664 681 2945 744 συνθέντες
2973 681 3277 751 ἀμφότερα,
3311 681 3580 752 εἴπωμεν,
3604 684 3688 734 ὅτι

2111 776 2207 827 καὶ
2241 771 2307 845 ἧν
2354 777 2446 828 καὶ
2474 773 2817 843 γεγέννηται.
2862 773 3021 826 Ἀλλά
3049 774 3110 825 τὸ
3156 775 3271 843 μὲν,
3308 774 3687 843 Γεγέννηκα,

2111 868 2210 937 τὴν
2242 868 2417 919 αἰτίαν
2439 868 2531 935 ἀφ’
2560 863 2627 938 ἧς
2656 867 2767 935 ἔχει
2792 866 2889 936 τὴν
2912 864 3089 934 ἀρχὴν
3114 864 3208 917 τοῦ
3238 860 3377 917 εἶναι
3406 866 3685 933 σημαίνει’

2111 959 2173 1010 τὸ
2196 958 2275 1021 δὲ,
2303 954 2443 1021 Ἶὶν,
2476 959 2575 1029 τὴν
2602 960 2827 1028 ἄχρονον
2854 956 3018 1009 αὑτοῦ
3040 958 3133 1009 καὶ
3156 955 3477 1024 προαιώνιον
3509 957 3691 1026 ὕπαρ-

2115 1048 2216 1113 ξιν.
2259 1051 2317 1102 Ὀ
2358 1050 2436 1112 δὲ,
2489 1048 2961 1119 ἐπαγωνιζόμενος
2997 1052 3061 1119 τῇ
3115 1049 3309 1102 ἑαυτοῦ
3344 1050 3567 1120 ἀπάτῃ,
3611 1053 3691 1111 εἰς

2114 1141 2312 1193 ἄτοπον
2341 1141 2432 1194 τὸν
2470 1141 2625 1210 λόγον
2644 1142 2878 1210 ἀπάγειν
2908 1141 3096 1195 οἴεται.

2186 1325 2345 1378 ΕΥΝ.
2406 1326 2468 1377 Εἰ
2500 1325 2625 1395 γὰρ,
2675 1326 2825 1396 φησὶ,
2879 1324 2984 1396 πρὸ
3014 1326 3112 1395 τῆς
3138 1326 3441 1397 γεννήσεως
3474 1325 3592 1395 (19)
3629 1322 3702 1395 ἦν

2117 1417 2212 1486 τῆς
2249 1415 2440 1468 ἑαυτοῦ
2468 1416 2497 1464 ὁ
2528 1416 2672 1479 Υἱὸς,
2711 1416 3002 1486 ἁγέννητος
3035 1412 3121 1486 ἢν.

2187 1508 2335 1560 ΒᾹΣ.
2380 1507 2538 1559 Ἀλλὰ
2587 1506 2649 1559 τὸ
2691 1506 2803 1574 πρὸ
2845 1506 2957 1575 τῆς
3016 1506 3351 1575 γεννήσεως
3416 1508 3609 1571 τοῦτο,
3658 1504 3708 1561 ὦ

2122 1601 2339 1671 μάταιε,
2389 1601 2507 1668 ἤτοι
2550 1598 2901 1669 ἀνύπαρκτόν
2946 1600 3059 1651 ἐστι
3104 1598 3410 1663 παντελῶς,
3447 1601 3543 1653 καὶ
3585 1602 3711 1654 δια-

2121 1694 2268 1756 νοίας
2298 1692 2656 1762 ἀναπλασμὸς
2686 1693 2862 1745 οὐδενὶ
2902 1692 3250 1763 ἐρειδομένης
3298 1693 3653 1764 ὑποκειμένῳ
3688 1713 3703 1723 ·

441 1786 821 1842 contradicere
853 1785 875 1837 ?
903 1787 1005 1838 hoc
1037 1790 1180 1839 enim
1229 1785 1453 1854 perinde
1491 1795 1574 1838 est
1604 1794 1769 1853 atque
1802 1798 1922 1836 cum
1954 1797 2017 1835 eo

2135 1788 2214 1840 ιαί
2273 1785 2324 1839 τί
2374 1785 2453 1837 δεῖ
2501 1783 2802 1852 ἀντιλέγειν
2834 1787 2946 1846 τοῖς
2995 1785 3278 1855 ἀνοήτοις;
3312 1786 3707 1857 παραπλήσιον

445 1879 777 1935 contendere
800 1918 816 1943 ,
847 1878 933 1932 cui
963 1877 1185 1932 rationis
1218 1892 1377 1931 usum
1412 1876 1695 1945 phrenesis
1736 1875 2015 1929 ademerit.

442 1974 550 2026 Aut
576 1973 619 2024 si
651 1970 718 2023 ad
745 1971 1019 2039 quidpiam
1059 1984 1245 2023 eorum
1280 1985 1399 2038 qua:
1438 1979 1565 2023 sunt
1598 1968 1795 2031 tendit,
1826 1967 1889 2019 ad
1921 1982 2021 2019 sm-

443 2063 687 2117 culorum
723 2076 940 2132 quoque
968 2062 1245 2116 notionem
1270 2062 1585 2115 deducetur.
1621 2058 1821 2113 Verum
1853 2060 1897 2113 si
1927 2075 2022 2113 sar-

443 2154 561 2208 cula
601 2157 780 2208 omnia
818 2153 955 2208 infra
981 2152 1383 2223 generationem
1415 2151 1688 2221 Unigeniti
1714 2150 2022 2220 intelligun-

444 2254 552 2307 tur,
584 2262 707 2299 cum
751 2246 895 2300 illius
938 2244 1110 2314 ipsius
1158 2246 1267 2299 sint
1296 2252 1579 2307 creaturre,
1605 2257 1776 2295 vanus
1810 2253 1896 2296 est
1927 2242 2016 2310 qui

444 2338 573 2407 quid
629 2338 934 2391 substantia
968 2335 1089 2390 Filii
1145 2335 1421 2404 antiquius
1455 2335 1669 2403 qumrit.
1694 2332 1837 2387 Nihil
1876 2336 2019 2387 enim

444 2430 672 2485 alienius
701 2429 915 2498 (ψει-ἧι,
934 2443 1096 2497 quam
1131 2427 1175 2482 si
1205 2428 1271 2481 de
1298 2426 1455 2481 Patre
1477 2428 1640 2481 etiam
1677 2435 2023 2496 percontare-

448 2532 557 2584 tur,
579 2531 755 2573 utrum
784 2530 909 2574 ante
938 2535 1090 2575 suam
1116 2519 1558 2574 constitutionem
1595 2518 1857 2581 fuerit,an
1894 2532 2019 2572 n0n.

444 2612 659 2666 Etenim
690 2612 875 2665 utiilic
904 2611 991 2664 hic
1014 2612 1240 2681 qua'stio
1262 2611 1422 2665 stulta
1454 2621 1557 2675 est,
1579 2610 1741 2679 253
1782 2626 2023 2678 quaerere

444 2706 698 2761 videlicet
727 2705 777 2757 in
801 2720 865 2759 eo
888 2703 977 2773 qui
1003 2704 1267 2773 principio
1299 2712 1525 2757 caretac
1554 2703 1821 2769 ingenitus
1838 2708 1921 2753 est
1935 2716 2023 2753 su-

443 2797 626 2866 perius
653 2796 905 2865 quiddam
930 2810 941 2845 :
979 2795 1051 2847 ita
1073 2795 1160 2847 hic
1188 2806 1404 2862 quoque
1426 2793 1492 2846 de
1514 2807 1580 2846 eo
1609 2792 1699 2861 qui
1727 2790 1793 2845 ab
1819 2800 2022 2846 aeterno

444 2899 528 2943 est
556 2904 678 2941 cum
712 2887 895 2948 Patre.
924 2885 1167 2955 nihilque
1200 2884 1360 2939 habet
1392 2884 1553 2938 medii
1597 2884 1735 2938 inter
1768 2898 1827 2937 se
1849 2893 1904 2937 et
1934 2899 2024 2950 ge-

446 2979 713 3043 nitorem,
752 2977 1076 3045 temporales
1109 2976 1291 3031 lacere
1333 2982 1399 3031 de
1428 2975 1607 3046 priore
1657 2976 2018 3043 quatstiones;

2120 1878 2229 1947 γὰρ
2259 1876 2434 1937 τοῦτο,
2462 1875 2651 1945 ῶσπερ
2674 1874 2739 1928 ἂν
2774 1876 2821 1927 εἰ
2851 1876 2942 1927 καὶ
2972 1875 3048 1945 τῷ
3079 1875 3169 1927 τὸν
3190 1875 3445 1945 λογισμὸν
3470 1878 3537 1928 ἐκ
3564 1893 3707 1947 φρε-

2119 1968 2314 2030 νίτιδος
2348 1967 2731 2037 παρενεχθὲν-ει
2755 1966 3122 2037 διεμαχόμεθα
3153 1982 3167 1996 °
3204 1968 3235 2036 ἢ
3263 1969 3309 2019 εἰ
3344 1968 3479 2035 πρός
3501 1985 3559 2018 τι
3590 1968 3706 2019 τῶι

2120 2061 2289 2114 ὄντων
2338 2061 2587 2130 φέρεται,
2636 2061 2728 2113 καὶ
2786 2060 2919 2131 πρὸς
2944 2060 3041 2130 τὴν
3093 2059 3199 2112 τῶν
3228 2060 3438 2112 αἰώνων
3490 2061 3705 2112 ἔννοιαν

2123 2152 2497 2223 ἐνεχθήσεται.
2554 2151 2689 2203 Ἀλλ’
2719 2153 2875 2224 εἰπερ
2907 2144 3103 2214 αἰῶνες
3150 2153 3350 2215 πάντες
3396 2152 3549 2205 κάτω
3593 2171 3704 2205 που

2120 2246 2221 2315 τῆς
2247 2245 2515 2313 γενέσεως
2556 2244 2666 2313 (20)
2713 2243 2807 2296 τοῦ
2849 2244 3186 2312 Μονογενοῦς
3230 2244 3496 2305 νοοῦνται,
3530 2246 3704 2298 αὑτοῦ

2123 2337 2332 2392 ἐκείνου
2377 2337 2530 2400 ὄντες
2564 2340 2865 2407 ποιήματα,
2922 2337 3151 2407 μάταιος
3201 2339 3228 2389 ὁ
3284 2336 3558 2405 ἐπιζητῶν
3600 2338 3708 2405 τῆς

2124 2430 2472 2492 ὑποστάσεως
2522 2429 2615 2481 τοῦ
2676 2428 2805 2481 Υἱοῦ
2859 2428 2928 2481 τὰ
2978 2428 3340 2499 πρεσϐύτερα.
3375 2428 3541 2480 Οὐδὲν
3588 2430 3709 2498 γὰρ

2090 2505 2101 2517 ’
2123 2520 2461 2590 ἀλλοιότερον
2482 2522 2679 2590 ἐρωτᾷ,
2714 2520 2746 2589 ἢ
2780 2520 2827 2571 εἰ
2849 2519 2941 2571 καὶ
2981 2519 3112 2589 περὶ
3141 2518 3235 2571 τοῦ
3288 2519 3500 2589 Ηατρὸς
3538 2521 3715 2570 ἐπυν-

2128 2612 2343 2677 θάνετο,
2380 2614 2609 2681 πότερον
2657 2613 2868 2682 ὑπῆρχε
2914 2612 3019 2681 πρὸ
3056 2612 3155 2682 τῆς
3188 2612 3323 2673 ἰδίας
3364 2612 3709 2675 συστάσεως.

2123 2706 2156 2773 ἢ
2183 2704 2322 2773 οὐχί.
2363 2704 2450 2766 Ὠς
2479 2705 2588 2774 γὰρ
2623 2705 2738 2755 ἐκεῖ
2767 2703 2995 2774 ἀνόητον
3040 2703 3100 2755 τὸ
3136 2701 3396 2772 ἐρώτημα
3419 2744 3433 2766 ,
3475 2703 3571 2755 ἐπὶ
3604 2705 3715 2759 τοῦ

2125 2796 2362 2866 ἁνάρχου
2417 2795 2511 2847 καὶ
2566 2796 2864 2865 ἀγεννήτου
2905 2794 3087 2863 ζητεῖν
3117 2794 3177 2846 τὸ
3219 2793 3524 2866 ἀνώτερον·
3561 2794 3715 2848 οὕτω

2124 2888 2219 2939 καὶ
2247 2886 2500 2951 ἐνταῦθα,
2541 2887 2633 2939 ἐπὶ
2670 2890 2763 2939 τοῦ
2796 2886 2855 2952 ἐξ
2893 2886 3062 2939 ἀϊδίου
3092 2886 3168 2955 τῷ
3206 2886 3381 2957 Πατρὶ
3430 2887 3711 2951 συνόντος,

2126 2982 2219 3034 καὶ
2244 2981 2395 3033 οὐδὲν
2417 2980 2629 3051 ἔχοντος
2668 2980 2833 3051 μέσον
2866 2979 3059 3033 ἑαυτοῦ
3083 2997 3140 3032 τε
3167 2981 3262 3032 καὶ
3287 2979 3379 3032 τοῦ
3407 2982 3569 3049 γεννή
3580 2998 3715 3033 σανα-

444 3070 667 3137 aequalis
708 3069 865 3137 plane
904 3068 1191 3121 dementiae
1229 3076 1332 3122 est.
1362 3065 1497 3120 Nam
1540 3067 1760 3134 perinde
1799 3068 1927 3129 erit,
1960 3082 2020 3119 ac

2135 3090 2233 3135 τος,
2261 3072 2515 3143 χρονικὰς
2552 3072 2817 3124 ποιεῖσθαι
2844 3071 2936 3124 τοῦ
2966 3072 3231 3142 προτέρου
3262 3072 3360 3134 τὰς
3382 3074 3713 3143 ἐρωτήσεις,

444 3162 491 3215 si
531 3161 651 3229 quis
679 3161 975 3227 interroget
1002 3157 1130 3227 quid
1158 3156 1397 3210 futurum
1430 3157 1500 3211 sit
1528 3168 1646 3225 post
1666 3157 1872 3211 obitum
1909 3154 2024 3223 ejus

448 3256 537 3323 qui
569 3254 889 3307 immortalis
923 3261 1027 3318 est,
1069 3259 1383 3320 quaaratque
1424 3251 1552 3319 quid
1597 3248 1869 3303 exstiterit
1902 3259 2027 3303 ante

446 3344 849 3413 generationem
882 3343 1215 3413 sempiterni.
1267 3340 1328 3394 lli
1367 3354 1566 3404 autem,
1602 3342 1727 3412 quia
1778 3340 2025 3411 principii

447 3435 503 3489 in
530 3434 690 3488 Patre
725 3434 955 3502 privatio
986 3436 1259 3488 aeternitas
1298 3435 1627 3499 nominatur,
1667 3434 2024 3502 privationem

446 3526 698 3597 principii
733 3526 1191 3580 decernuntidem
1227 3540 1348 3580 esse
1384 3535 1547 3594 atque
1576 3526 2027 3587 aeternitatem,et

446 3618 701 3687 quoniam
726 3616 896 3672 Filius
925 3633 1029 3671 non
1054 3626 1137 3672 est
1177 3619 1473 3688 ingenitus,
1504 3632 1571 3671 ne
1602 3627 1864 3670 attentum
1900 3618 2023 3685 qui-

446 3706 568 3763 dem
609 3722 728 3762 esse
760 3707 1096 3777 proﬁtentur.
1118 3708 1222 3763 Sed
1264 3718 1442 3763 tamen
1478 3710 1593 3764 haec
1629 3708 1879 3764 diﬁ'erunt
1904 3709 2025 3778 plu-

449 3799 645 3853 rimum
694 3799 1109 3867 signiﬁcatione.
1140 3798 1273 3853 Nam
1312 3801 1606 3870 ingenitum
1634 3800 1853 3865 dicitur,
1884 3801 2025 3869 quod

450 3904 627 3960 neque
682 3890 1005 3959 principium
1040 3893 1121 3945 sui
1163 3892 1352 3961 ipsius,
1395 3906 1568 3960 neque
1607 3907 1824 3946 causam
1871 3900 1927 3944 ut
1958 3894 2028 3945 sit

450 3981 614 4034 liabet
644 3999 657 4035 :
694 3991 954 4036 aeternum
987 3998 1138 4048 vero,
1180 3985 1321 4052 quod
1360 3993 1601 4053 tempore
1643 3984 1788 4036 omni
1823 3992 1877 4036 et
1912 3997 2026 4036 aevo

450 4072 743 4125 secundum
776 4088 887 4126 esse
916 4074 1190 4142 antiquius
1242 4083 1348 4129 est.
1392 4074 1540 4129 Unde
1576 4085 1629 4128 et
1659 4074 1915 4151 Filius‘ut
1945 4082 2027 4127 est

451 4178 558 4217 non
580 4164 867 4232 ingenitus,
890 4166 964 4220 ita
985 4174 1217 4221 mternus
1235 4176 1336 4221 est.
1354 4165 1475 4220 Jam
1501 4182 1627 4221 vero
1649 4167 1841 4221 saecula
1864 4167 2023 4221 etiam

451 4258 637 4309 a-terni
671 4257 1029 4326 appellatione
1062 4260 1302 4312 nonnulli
1340 4261 1650 4328 dignantur,
1685 4259 1838 4325 quasi
1864 4273 1926 4311 ex
1958 4273 2026 4311 eo

452 4349 595 4416 quod
627 4364 838 4418 semper
862 4350 991 4412 sint,
1034 4352 1133 4405 hoc
1158 4352 1388 4405 nominis
1409 4353 1602 4420 adepta
1634 4352 1761 4404 sint.
1789 4350 1895 4405 Nos
1930 4366 2025 4403 au-

2123 3167 2221 3235 τῆς
2246 3167 2367 3235 ἴσης
2388 3165 2556 3227 ὅντως
2580 3165 2783 3227 ἀνοίας.
2809 3164 3321 3236 Παραπλήσιονγάρ
3341 3166 3547 3235 ἐρωτᾷν
3568 3165 3711 3233 (21),

2123 3256 2175 3308 τί
2212 3256 2359 3308 ἔσται
2392 3255 2532 3325 μετὰ
2562 3256 2661 3326 τὴν
2702 3255 2958 3326 τελευτὴν
2988 3255 3085 3307 τοῦ
3120 3255 3409 3315 ἀθανάτου,
3452 3256 3548 3307 καὶ
3580 3256 3714 3306 ἐτα-

2126 3349 2308 3419 ζητεῖν
2354 3349 2405 3400 τί
2447 3349 2659 3419 ὑπῆρχε
2700 3348 2806 3419 πρὸ
2832 3352 2929 3418 τῆς
2953 3349 3256 3419 γεννήσεως
3293 3346 3387 3399 τοῦ
3415 3346 3607 3399 ἀϊδίου.
3641 3348 3713 3399 Oi

2124 3444 2202 3507 δὲ,
2231 3442 2417 3513 ἐπειδὴ
2452 3441 2512 3494 τὸ
2531 3443 2765 3511 ἄναρχον
2794 3440 2886 3493 τοῦ
2927 3441 3139 3510 Πατρδς
3161 3440 3331 3494 ἀΐδιον
3359 3440 3712 3508 ὀνομάζεται,

2122 3534 2319 3587 ταυτὸν
2353 3534 2414 3586 τὸ
2437 3535 2656 3605 ἀνάρχῳ
2683 3534 2742 3585 τὸ
2766 3533 2933 3585 ἀΐδιον
2963 3532 3346 3599 ἀποφαίνουσι,
3394 3532 3486 3583 καὶ
3517 3532 3714 3600 ἐπειδὴ

2128 3625 2202 3695 μὴ
2250 3626 2545 3696 ἀγέννητος
2592 3629 2619 3678 ὁ
2659 3626 2806 3688 Υἱὸς,
2834 3624 2953 3676 οὐδὲ
2983 3625 3151 3676 αἲδιον
3176 3618 3315 3676 εἶναι
3364 3622 3713 3692 ὁμολογοῦσι.

2125 3715 2384 3767 Πλεῖστον
2432 3715 2488 3767 δὲ
2537 3715 2783 3784 διαφέρει
2813 3713 2957 3766 κατᾶ
2985 3712 3084 3783 τὴν
3121 3714 3349 3766 ἔννοιαν.
3388 3713 3718 3782 Ἀγὲννητον

2129 3806 2226 3876 μὲν
2279 3807 2387 3878 γὰρ
2419 3807 2635 3875 λέγεται
2669 3807 2729 3859 τὸ
2758 3806 3030 3877 μηδεμίαν
3072 3806 3247 3877 ἀρχὴν
3300 3805 3517 3867 ἑαυτοῦ,
3575 3807 3719 3875 μηδὲ

2127 3897 2305 3949 αἰτίαν
2340 3898 2461 3967 ἔχον
2490 3897 2583 3951 τοῦ
2617 3892 2786 3950 εἶναι’
2814 3898 2982 3950 ἀΐδιον
3011 3898 3067 3950 δὲ
3089 3897 3149 3949 τὸ
3172 3898 3360 3968 χρόνον
3393 3896 3593 3958 παντὸς
3616 3898 3721 3948 καὶ

2124 3988 2318 4051 αἰῶνος
2348 3990 2488 4042 κατὰ
2508 3991 2567 4041 τὸ
2595 3985 2735 4042 εἶναι
2758 3988 3148 4060 πρεσϐύτερον.
3180 3989 3342 4040 Ὅθεν
3379 3990 3472 4040 καὶ
3501 3990 3530 4039 ό
3555 3988 3715 4049 Υἱὸς,

2127 4077 2220 4128 καὶ
2272 4078 2371 4129 οὑκ
2408 4078 2720 4148 ἀγέννητος,
2775 4078 2867 4130 καὶ
2919 4078 3107 4139 ἀΐδιος.
3156 4077 3295 4146 Ἰἰδη
3343 4077 3400 4129 δὲ
3431 4078 3527 4129 καὶ
3586 4078 3721 4139 τοὺς

2126 4167 2333 4231 αἰῶνας
2364 4167 2575 4231 ἀξιοῦσί
2616 4184 2761 4229 τινες
2815 4169 2910 4238 τῆς
2947 4167 3039 4219 τοῦ
3078 4167 3248 4220 ἀϊδίου
3288 4165 3402 4235 (22)
3440 4182 3723 4237 προσηγο-

2126 4258 2268 4330 ρίας,
2307 4258 2383 4322 ὼς
2408 4260 2472 4311 ἐκ
2498 4259 2591 4312 τοῦ
2621 4260 2708 4312 ἀεὶ
2739 4255 2877 4311 εἶναι
2911 4258 3014 4327 τῆς
3040 4258 3283 4328 κλήσεως
3307 4257 3513 4327 ταύτης
3553 4275 3720 4309 τετυ-

2126 4356 2379 4426 χηκότας.
2434 4355 2624 4425 Ἡμεῖς
2677 4356 2735 4408 δὲ
2772 4355 2870 4425 τῆς
2928 4354 3098 4423 αὐτῆς
3156 4351 3484 4420 λογιζόμεθα
3542 4369 3723 4422 παρα-

455 4450 563 4493 tem
597 4449 651 4493 et.
684 4443 948 4493 creaturis
996 4442 1317 4495 mternitatis
1352 4442 1713 4496 testimonium
1760 4443 2020 4511 promere.

2135 4448 2276 4508 νοίας
2299 4446 2393 4499 καὶ
2428 4448 2493 4516 τῇ
2522 4445 2696 4499 κτίσει
2734 4445 3177 4516 προσμαρτυρεῖν
3202 4443 3261 4493 τὸ
3290 4442 3479 4503 ἀΐδιον,
3510 4443 3606 4493 καὶ
3632 4443 3721 4493 τὸν

453 4538 508 4583 et
541 4538 909 4584 creaturarum
956 4532 1236 4585 Dominum
1280 4532 1380 4601 hac
1421 4532 1760 4587 confessione
1789 4531 2023 4600 privare,

454 4621 694 4691 ejusdem
729 4638 848 4677 esse
876 4625 1124 4679 amentia:
1149 4624 1497 4678 arbitramur.

526 4716 615 4769 18.
656 4716 1045 4771 Atorationem
1086 4718 1151 4771 ad
1176 4719 1577 4789 impudentiam
1616 4717 1885 4772 deducens
1922 4716 2027 4769 En.

456 4807 689 4871 nomius,
716 4810 841 4877 quid
865 4810 993 4863 dicit
1024 4808 1048 4863 ?

443 4912 449 4951 ;
530 4900 665 4955 Eun.
696 4899 804 4954 Nos
828 4912 1006 4955 autem
1034 4900 1087 4954 in
1131 4901 1196 4955 iis
1238 4917 1359 4971 qua:
1387 4909 1441 4955 et
1477 4900 1604 4954 olim
1640 4914 1669 4954 a
1717 4901 1940 4967 sanctis,
1974 4909 2029 4954 et

453 5005 599 5045 nunc
634 5005 663 5043 a
701 4992 855 5045 nobis
886 4992 1253 5046 demonstrata
1282 4998 1429 5056 sunt,
1463 5001 2025 5059 permanentesgcum

535 5188 585 5220 ⁸⁸
615 5187 767 5241 Joan.
802 5206 839 5253 ι,
884 5191 935 5243 ι.
1014 5191 1058 5222 ⁸⁸³
1098 5190 1241 5245 Psal.
1267 5208 1380 5254 cxx,
1408 5190 1463 5244 5.

525 5371 641 5443 (IS)
668 5371 885 5439 Antiqui
919 5372 1021 5425 duo
1046 5372 1166 5425 libri
1200 5372 1476 5443 ἑωσφόρον
1510 5368 1621 5439 ἐγὼ
1658 5372 1919 5443 σήμερον.

670 5443 1132 5517 Qodicespliqttot
1148 5440 1436 5517 γενέσεως.

531 5510 643 5581 (‘20)
671 5511 803 5563 (20d.
834 5512 937 5564 503
962 5512 1161 5563 omittit
1187 5512 1297 5579 τῆς
1324 5511 1637 5579 γενέσεως.

534 5580 645 5652 (ξι)
674 5581 802 5652 lieg.
829 5593 1053 5649 quartus
1070 5582 1130 5632 τὸ
1159 5585 1392 5652 ἐρωτᾷν.

461 5648 641 5766 Ἳίὲτὶι
692 5648 830 5711 Edtti
850 5648 1007 5712 τινες
1062 5652 1157 5720 τῆς
1188 5648 1379 5705 ἀϊδίου.
1428 5654 1495 5707 At
1543 5668 1672 5707 mss.
1705 5652 1801 5721 τῆς
1825 5649 1916 5702 τοῦ
1949 5651 2034 5703 ἀῖ·

461 5732 488 5766 ο
512 5732 591 5766 ου.

453 5732 591 5771 οιου.

2132 4538 2407 4608 Δεσπότην
2437 4538 2537 4606 τῆς
2562 4537 2791 4599 κτίσεως
2816 4536 2914 4604 τῆς
2946 4532 3235 4604 ὁμολογίας
3261 4531 3466 4601 ταύτης
3489 4534 3721 4585 ἀποστε-

2171 4645 2269 4683 ειν.

2171 4647 2269 4683 ειν.

2132 4647 2165 4699 ρ
2205 4719 2291 4772 18.
2329 4720 2386 4770 '0
2409 4718 2485 4781 δὲ,
2512 4717 2647 4788 πρὸς
2676 4716 2735 4768 τὸ
2758 4715 3109 4784 ἀναίσχυντον
3143 4713 3393 4784 ἐκφέρων
3414 4713 3505 4765 τὸν
3537 4714 3716 4781 λόγον,

2131 4810 2185 4863 τί
2207 4828 2368 4880 φησιν
2387 4827 2400 4875 ;

2206 4900 2365 4951 ΕΥΝ.
2404 4899 2594 4967 Ἡμεῖς
2622 4896 2701 4959 δὲ,
2751 4898 2863 4959 τοῖς
2907 4913 2969 4948 τε
2997 4894 3103 4948 ὑπὸ
3132 4894 3239 4947 τῶν
3272 4892 3445 4960 ἁγίων
3486 4893 3583 4944 καὶ
3618 4892 3720 4943 πά-

2137 4989 2227 5043 λαι
2251 4991 2364 5061 (25)
2397 4990 2492 5042 καὶ
2533 4989 2628 5043 νῦν
2652 4990 2736 5057 ἐφ’
2762 4988 2920 5059 ἡμῶν
2949 4986 3436 5055 ἀποδεικνυμένοις
3463 4985 3721 5054 ἐμμένειν·

2204 5368 2321 5441 (23)
2345 5367 2487 5441 Editi
2510 5367 2621 5441 τῶν
2640 5368 2812 5438 ἁγίων
2840 5368 3100 5441 Πατέρων
3138 5368 3329 5441 πάλαι.
3352 5365 3490 5439 Reg.
3524 5382 3722 5422 secun-

2139 5438 2237 5493 dus
2256 5438 2363 5491 τῶν
2386 5440 2556 5507 ἁγίων
2582 5440 2844 5511 Πατέρων
2874 5441 2967 5511 καὶ
2994 5438 3190 5492 πάλαι.
3220 5440 3325 5492 Alii
3353 5451 3467 5492 tres
3499 5448 3722 5511 niss._ut

2141 5512 2193 5563 in
2226 5522 2507 5563 contextu.
2560 5508 2756 5563 Vocem
2790 5509 3050 5579 Πατέρων
3080 5525 3184 5561 non
3232 5512 3351 5562 sine
3378 5524 3543 5562 causa
3575 5508 3720 5561 dele-

2146 5593 2253 5631 tam
2285 5595 2403 5633 esse
2436 5581 2561 5633 hinc
2591 5581 2784 5647 conjici
2822 5590 3020 5645 potest,
3056 5580 3198 5648 quod
3249 5595 3356 5632 non
3416 5579 3722 5648 reperiatur

2144 5664 2320 5716 neque
2350 5651 2400 5719 in
2430 5664 2593 5717 opere
2619 5650 2868 5705 Eunomii
2906 5651 3046 5719 quod
3081 5663 3245 5718 penes
3275 5663 3376 5705 nos
3403 5661 3511 5716 est,
3543 5662 3721 5714 neque
3782 5670 3785 5673 ·

2149 5721 2286 5787 apud
2322 5718 2651 5774 Fabricium.
