3822 6216
213 279 330 333 609

1328 281 1692 337 ADVERSUS
1731 281 2103 338 EUNOMIUM
2142 281 2272 337 LIB.
2317 282 2381 336 Il.

3370 283 3472 336 6H)

211 408 332 455 τες,
365 394 502 464 μήτε
534 395 630 464 τῆς
659 393 844 457 οὐσίας
876 395 970 447 τοῦ
1013 395 1146 449 Θεοῦ
1195 397 1560 468 προσιεμένης
1601 399 1776 468 γέννη-

1899 413 2069 468 neque
2097 399 2188 452 Dei
2219 401 2522 454 subStantia
2556 403 2958 468 generationem
2999 401 3270 461 admittat,
3299 411 3472 464 neque

213 501 327 548 σιν,
387 491 522 555 μήτε
567 487 672 557 μὴν
715 489 910 558 ἐτέρας
953 487 1098 550 τινὸς
1147 489 1511 558 ὑποκειμένης
1541 491 1621 552 είς
1667 489 1776 543 Υίοῐ

1905 491 2009 543 ulla
2055 491 2164 566 alia
2225 493 2290 544 ad
2348 491 2468 546 Filii
2535 494 2936 560 generationem
2996 491 3309 561 subjaceat,
3363 503 3468 542 non

209 578 470 648 γέννησιν
497 619 512 642 ,

210 668 342 724 σθαι
378 671 513 742 (24).

287 763 434 816 BAE.
469 765 563 829 Ti;
593 765 768 832 οὕτως
811 770 899 821 ἐπ’
927 771 1176 841 εὐσεϐείᾳ
1207 772 1514 842 φιλότιμος;
1568 772 1650 836 τίς
1699 773 1792 825 ἐπὶ

209 854 294 923 τῷ
348 856 696 928 φιλόχριστος
741 857 882 914 εἶναι
931 863 1182 916 τοσοῦτον
1211 863 1639 929 ὲκαλλωπίσατο,
1669 865 1792 917 ὅσον

207 940 360 998 οὗτοι
393 951 506 1011 τοῖς
535 949 634 1019 τῆς
660 950 871 1022 ὕϐρεως
903 953 996 1005 καὶ
1021 954 1242 1023 ἀτιμίας
1271 955 1382 1025 (25)
1415 957 1641 1032 ῥήμασι,
1696 958 1789 1010 καὶ

207 1037 619 1109 καθαιρετικοίς
646 1044 745 1112 τῆς
783 1043 941 1115 δόξης
965 1044 1058 1097 τοῦ
1096 1047 1434 1112 Μονογενοῦς
1458 1047 1789 1115 ὲπαγάλλον-

205 1145 336 1194 tat;
373 1132 446 1184 Οὐ
479 1131 660 1206 παύσῃ
691 1135 766 1205 μὴ
790 1135 916 1187 ὄντα
951 1137 1390 1206 προσαγορεύων,
1422 1133 1465 1190 ὧ
1499 1138 1646 1202 ἄθεε,
1699 1141 1788 1192 τὸν

206 1219 380 1285 ὅντως
405 1223 554 1290 ὄντα,
587 1225 685 1296 τὴν
709 1226 890 1298 πηγὴν
927 1228 1028 1297 τῆς
1060 1229 1222 1299 ζωῆς,
1250 1229 1340 1281 τὸν
1371 1231 1503 1283 πᾶσι
1528 1234 1641 1294 τοῖς
1670 1227 1786 1286 οὖσι

205 1313 306 1367 τοῦ
356 1311 496 1368 εἶναι
536 1319 895 1388 παρεκτικόν;
927 1321 1022 1382 Ὃς
1055 1321 1259 1374 οἰκείαν
1303 1321 1480 1392 ἑαυτῷ
1526 1325 1620 1376 καὶ
1655 1326 1788 1393 πρέ-

205 1421 418 1458 πουσαν
463 1410 528 1478 τῇ
565 1407 756 1461 ἑαυτοῦ
787 1409 1048 1480 ἀῖδιότητι
1099 1412 1157 1464 ἐν
1202 1411 1280 1480 τῷ
1327 1412 1464 1483 πρὸς
1513 1413 1606 1468 τὸν
1657 1416 1786 1468 ἴδιον

206 1495 517 1564 θεράποντα
551 1501 788 1554 Μωῦσέα
820 1502 1190 1572 χρηματισμῷ
1221 1505 1588 1574 προσηγορίαν
1634 1505 1784 1572 ἐξεῦ-

207 1603 334 1656 ρεν,
368 1587 496 1641 ὄντα
523 1590 714 1644 ἑαυτὸν
746 1591 1054 1660 ὀνομάσας;
1097 1591 1246 1661 Ἐγὼ
1287 1591 1394 1660 γάρ
1426 1595 1562 1660 εἰμι,
1597 1594 1778 1661 φησὶν,

204 1679 240 1729 d
275 1677 379 1732 ὧν.
405 1679 515 1732 Καὶ
543 1680 755 1744 τούτοις
781 1681 954 1744 οὐδεὶς
983 1685 1196 1754 ἀντερεῖ
1227 1683 1300 1754 μὴ
1333 1685 1452 1754 οὐχὶ
1501 1687 1566 1736 ὲκ
1613 1703 1780 1756 προσ-

595 581 670 650 μὴ
738 580 869 634 ὄντα
935 581 1113 650 φαμὲν
1190 581 1282 634 τὸν
1355 579 1482 634 Υίὸν
1540 584 1796 652 γεγεννῆ..

1901 585 2251 640 exsistentem
2297 583 2489 638 Filium
2539 585 2778 654 genitum
2815 599 2933 639 esse
2978 584 3228 638 dicimus.

1971 757 2096 814 ΒΑε.
2139 758 2270 825 Quis
2302 762 2436 816 adeo
2483 762 2582 815 l'uit
2630 763 2816 832 gloriae
2857 761 3082 832 cupidus
3123 759 3333 829 pietatis
3371 774 3468 812 no-

1899 853 2045 906 mine
2069 853 2092 905 ?
2116 853 2237 922 quis
2259 854 2310 907 in
2335 853 2555 908 Christo
2577 853 2808 908 amando
2839 861 3044 907 tantum
3087 852 3348 922 gloriatus
3365 861 3469 910 est.

1897 955 2156 1012 quantum
2188 945 2241 998 hi
2281 947 2347 999 de
2397 945 2734 999 contumeliae
2781 960 2845 1000 ac
2895 945 3205 1014 ignominia:
3255 943 3465 1004 verbis.

1899 1035 2074 1103 iisque
2126 1035 2461 1106 majestatem
2515 1036 2792 1107 Unigeniti
2838 1035 3317 1102 subvertentibus,
3349 1047 3470 1088 sese

1889 1127 2098 1196 jactant
2128 1127 2151 1180 ?
2181 1127 2318 1181 Num
2354 1129 2592 1182 cessabis
2626 1143 2732 1183 non
2775 1129 3123 1183 exsistentem
3181 1126 3464 1197 appellare,

1894 1235 1928 1272 ο
1955 1220 2135 1288 impie,
2176 1234 2327 1284 eum,
2370 1220 2458 1289 qui
2495 1233 2622 1274 vere
2661 1219 2903 1283 exsistit,
2940 1219 3031 1288 qui
3073 1218 3192 1272 fons
3219 1219 3339 1271 vita:
3363 1225 3464 1277 est,

1893 1313 1984 1380 qui
2025 1312 2275 1366 omnibus
2309 1327 2426 1381 qua:
2477 1321 2602 1366 sunt
2637 1321 2830 1365 auctor
2879 1319 2962 1364 est
2995 1319 3052 1364 ut
3101 1310 3210 1364 sint
3244 1307 3381 1376 ?qui
3413 1308 3465 1360 in

1893 1405 2018 1458 dato
2057 1404 2124 1456 ad
2151 1419 2306 1458 suum
2332 1419 2548 1458 servum
2575 1401 2816 1474 Moysem
2863 1415 3145 1472 responso,
3165 1399 3466 1470 appellatio-

1893 1510 2014 1548 nem
2043 1495 2147 1550 sibi
2178 1495 2450 1565 propriam
2487 1504 2648 1564 atque
2686 1493 2975 1549 aeternitati
3011 1507 3122 1548 suae
3149 1491 3466 1546 convenien-

1893 1597 1996 1640 tem
2037 1587 2263 1655 invenit,
2292 1602 2414 1642 eum
2463 1589 2554 1656 qui
2587 1597 2690 1654 est,
2718 1585 2954 1655 seipsum
2985 1583 3316 1638 nominans?
3350 1579 3462 1651 Ego

1889 1681 2044 1744 enim,
2081 1679 2274 1747 inquit,
2309 1697 2425 1732 sum
2457 1681 2549 1746 qui
2588 1695 2704 1733 sum
2721 1679 2788 1732 ⁶⁰.
2813 1679 2990 1746 Atque
3026 1678 3140 1731 hanc
3191 1688 3348 1729 nemo
3371 1688 3464 1726 ne-

205 1765 358 1819 ὡπου
384 1769 478 1821 τοῦ
507 1771 712 1839 Κυρίου
743 1771 852 1842 (26)
881 1774 1164 1844 εἰρῆσθαι·
1202 1775 1394 1827 οὔκουν
1425 1775 1572 1838 ὅστις
1607 1793 1670 1844 γε
1708 1778 1776 1846 μὴ

1890 1772 2092 1838 gaverit
2126 1771 2178 1825 in
2212 1786 2438 1840 persona
2471 1771 2680 1826 Domini
2735 1771 2875 1826 dicta
2921 1771 3110 1834 fuisse,
3147 1781 3306 1822 nemo
3359 1769 3466 1821 uti-

204 1859 268 1910 τὸ
305 1859 593 1914 Ἰουδαϊκὸν
633 1863 895 1934 κάλυμμα
929 1866 1020 1918 ἐπὶ
1049 1869 1114 1935 τῇ
1145 1865 1446 1934 ἀναγνώσει
1499 1868 1779 1930 Μωῦσὲως

204 1950 350 2003 κατά
400 1953 499 2022 τῆς
531 1953 723 2007 ἑαυτοῦ
757 1955 982 2026 καῴίας
1032 1957 1376 2027 ἐπικείμενον
1404 1956 1535 2027 ἔχει.
1572 1958 1779 2030 Γέγραο

205 2059 340 2096 πται
367 2042 496 2113 γάρ,
532 2046 614 2099 ὅτι
638 2045 794 2116 ὤφθη
828 2048 906 2118 τῷ
941 2050 1166 2102 Μωῦσεῑ
1189 2048 1418 2118 ἄγγελος
1448 2049 1654 2119 Κυρίου
1688 2051 1780 2102 ἐπὶ

204 2134 298 2187 τοῦ
325 2134 486 2205 βάτου
517 2139 576 2190 ὲν
609 2142 740 2209 πυρὶ
765 2139 962 2208 φλογός
986 2140 1119 2208 (27).
1150 2140 1414 2208 ’Ἄγγελον
1441 2142 1618 2194 τοίνυν
1643 2159 1779 2212 προ-

204 2228 420 2293 τάξασα
465 2234 566 2300 τῆς
611 2231 913 2302 διηγήσεως
961 2234 992 2303 ή
1043 2233 1255 2303 Γραφὴ,
1291 2232 1424 2286 Θεοῦ
1456 2233 1652 2301 ἐπάγει
1683 2235 1781 2304 τὴν

205 2317 410 2386 φωνήν.
447 2313 594 2371 Elite
631 2319 764 2387 γὰρ,
798 2321 950 2389 φησὶ,
979 2319 1057 2384 τῷ
1101 2321 1372 2374 Μωῢσεῐο
1425 2321 1562 2391 Ἐγώ
1591 2326 1706 2392 εὶμι
1750 2325 1780 2376 ὀ

206 2405 354 2471 Θεὸς
394 2407 498 2460 τοῦ
537 2412 761 2478 πατρός
798 2426 916 2464 σου
973 2413 1250 2481 Ἁϐραάμ·
1314 2414 1406 2466 καὶ
1461 2416 1578 2484 μετ’
1629 2415 1782 2483 ὀλίγα

205 2498 373 2551 πάλιν
393 2517 408 2531 ”
453 2499 598 2570 Ἐγώ
624 2489 800 2569 εὶμίό
829 2501 930 2555 ὧν.
968 2503 1064 2564 Τίς
1092 2501 1184 2556 οὖν
1210 2505 1238 2556 ὁ
1271 2505 1432 2567 αὐτὸς
1474 2506 1567 2558 καὶ
1615 2505 1780 2574 ἀγγε-

204 2591 296 2656 λος
328 2592 440 2664 (28)
467 2595 562 2647 καὶ
592 2593 722 2657 Θεός
745 2611 758 2659 ;
786 2590 932 2666 Ἀρα
955 2595 1076 2663 οὐχὶ
1109 2596 1237 2666 περὶ
1263 2589 1323 2648 οὗ
1359 2597 1780 2668 μεμαθήκαμεν,

203 2686 290 2737 ὅτι
322 2685 566 2738 καλεῖται
599 2687 658 2738 τὸ
687 2686 856 2756 ὄνομα
883 2685 1042 2739 αὐτοῦ
1080 2687 1320 2757 μεγάλης
1359 2688 1552 2757 βουλῆς
1588 2691 1784 2756 Ἀγγε-

203 2779 330 2844 λος;
375 2779 516 2848 Ἐγὼ
549 2780 646 2850 μὲν
675 2782 774 2833 οὐκ
799 2777 948 2850 οἶμαι
968 2780 1226 2834 πλειόνων
1247 2781 1356 2834 δεῖν
1379 2782 1512 2852 πρὸς
1532 2782 1630 2851 τὴν
1661 2783 1788 2834 ἀπό·

204 2871 398 2937 δειξιν,
432 2872 566 2924 ἀλλά
601 2875 712 2936 τοῖς
749 2873 846 2942 μὲν
879 2873 1243 2944 φιλοχρίστοις
1279 2873 1527 2944 ἐξαρκεῖν
1559 2875 1648 2926 καὶ
1683 2876 1780 2946 τὴν
1829 2891 1832 2894 ’

204 2965 534 3034 ὑπόμνησιν,
565 2966 677 3026 τοῖς
703 2963 759 3016 δὲ
811 2963 1046 3025 ἀνιάτως
1073 2963 1254 3032 ἔχουσι
1298 2963 1464 3033 μηδὲν
1493 2963 1682 3032 ὄφελος
1721 2967 1784 3018 ἐκ

202 3055 300 3108 τοῦ
335 3055 572 3128 πλήθους
627 3055 736 3108 τῶν
780 3056 1088 3126 λεγομένων
1122 3055 1338 3108 ἔσεσθαι
1391 3056 1525 3126 (9.9).
1580 3057 1641 3108 Εἰ
1677 3058 1785 3126 γὰρ

1884 1876 2008 1928 que,
2035 1862 2157 1929 nisi,
2177 1864 2304 1916 dum
2325 1863 2556 1934 Moysem
2578 1860 3019 1932 legit,.ludaicum
3042 1860 3288 1914 velamen
3311 1858 3462 1914 cordi

1881 1965 1978 2006 suo
2010 1952 2318 2022 impositum
2366 1954 2560 2008 habeat
2585 1953 2648 2006 οι.
2689 1952 2963 2020 Scriptum
2996 1959 3080 2005 est
3117 1949 3284 2016 enim,
3319 1949 3462 2018 quod

1881 2043 2033 2120 visus
2074 2053 2157 2098 est
2210 2043 2379 2115 Moysi
2434 2044 2656 2114 angelus
2705 2043 2912 2098 Domini
2959 2043 3013 2096 in
3055 2042 3191 2097 rubo
3237 2041 3292 2094 in
3343 2042 3462 2110 igne

1883 2135 2132 2191 ﬂammae.
2163 2135 2291 2205 Sed,
2323 2147 2606 2207 postquam
2635 2137 2880 2208 angelum
2907 2137 2959 2190 in
2999 2135 3306 2189 narratione
3327 2148 3464 2203 prte-

1883 2229 2061 2296 posuit
2091 2227 2388 2298 Scriptura,
2436 2227 2529 2283 Dei
2561 2243 2744 2282 vocem
2793 2229 3088 2298 subjungit.
3119 2227 3274 2280 Dixit
3293 2229 3453 2294 enim,

1885 2322 2078 2390 inquit,
2105 2321 2276 2392 Moysi
2300 2339 2318 2376 :
2345 2322 2457 2392 Ego
2481 2339 2596 2376 sum
2632 2323 2771 2377 Deus
2791 2324 2953 2391 patris
2976 2322 3332 2376 tuiAbraham
3378 2323 3457 2388 ⁶¹;

1883 2414 2124 2487 Etpaulo
2146 2427 2267 2486 post
2296 2431 2513 2472 rursus:
2539 2415 2648 2485 Ego
2670 2433 2783 2470 sum
2809 2416 2898 2486 qui
2915 2431 3034 2470 sum
3063 2415 3126 2467 ⁸³.
3148 2415 3280 2482 Quis
3300 2414 3461 2484 igitur

1885 2509 2023 2563 idem
2055 2520 2108 2563 et
2135 2509 2361 2580 angelus
2389 2519 2442 2563 et
2466 2493 2608 2563 Deus
2638 2509 2660 2561 ?
2693 2508 2882 2563 Nonne
2903 2507 3013 2572 ille,
3040 2507 3106 2562 de
3133 2522 3242 2577 quo
3271 2509 3460 2561 didici-

1885 2614 2026 2665 mus,
2053 2601 2194 2668 quod
2228 2609 2451 2654 vocatur
2486 2614 2682 2654 nomen
2708 2599 2876 2668 ipsius
2906 2600 3078 2667 magni
3109 2597 3320 2652 consilii
3348 2596 3462 2650 An-

1886 2691 2036 2759 gelus
2061 2690 2146 2743 “‘i
2175 2691 2284 2760 Ego
2315 2691 2531 2758 quidem
2564 2706 2667 2744 non
2691 2689 2852 2760 255.
2869 2702 2997 2760 puto
3019 2705 3154 2758 opus
3185 2705 3307 2746 esse
3343 2693 3460 2759 plu-

1887 2782 2036 2836 ribus
2063 2783 2128 2835 ad
2163 2781 2699 2843 demonstrationem,
2724 2781 2816 2833 sed
2847 2780 3267 2835 admonitionem
3297 2781 3458 2837 Chri-

1886 2873 1958 2928 sti
2016 2871 2321 2926 amantibus
2367 2869 2614 2926 suﬂicere
2646 2887 2659 2923 :
2695 2871 2763 2925 iis
2813 2885 2962 2934 vero,
3003 2873 3094 2939 qui
3129 2874 3309 2927 curari
3349 2889 3458 2928 non

1887 2973 2134 3033 possunt,
2168 2962 2368 3016 nullum
2425 2961 2846 3016 emolumentum
2888 2961 3124 3016 arbitror
3169 2977 3236 3016 ex
3275 2964 3460 3017 multi-

1889 3055 2071 3108 tudine
2093 3069 2281 3108 eorum
2301 3068 2419 3123 quae
2435 3054 2762 3117 dicerentur,
2791 3067 3157 3108 accessurum.
3177 3054 3331 3112 Nam.
3354 3061 3458 3114 etsi

203 3148 299 3200 καὶ
355 3148 579 3219 ὕστερον
611 3149 827 3217 ἐγένετο
851 3149 955 3217 τὴς
1007 3147 1246 3218 μεγάλης
1291 3147 1481 3218 βουλῆς
1509 3149 1770 3217 Ἀγγελος

1897 3157 2077 3216 postea
2107 3146 2279 3201 factus
2327 3156 2410 3199 est
2452 3145 2628 3214 magni
2658 3143 2864 3200 consilii
2895 3145 3152 3215 Angelus,
3181 3157 3357 3202 tamen
3393 3169 3460 3205 ne

203 3239 319 3292 ἀλλ’
343 3239 462 3292 οὐδὲ
487 3239 752 3309 πρότερον
791 3239 1020 3308 ἀπηξίου
1068 3241 1166 3308 τὴν
1213 3239 1305 3291 τοῦ
1341 3240 1572 3306 ἀγγέλου
1615 3257 1786 3310 προσ-

201 3331 454 3402 ηγορίαν.
497 3333 570 3384 Οὐ
608 3331 716 3402 γὰρ
747 3331 857 3400 (50)
911 3330 1142 3384 ἐνταῦθα
1176 3332 1333 3400 μόνον
1362 3333 1665 3402 εὑρήσομεν
1697 3333 1786 3384 τὸν

205 3426 414 3495 Κύριον
443 3423 600 3494 ἡμῶν
634 3424 726 3476 καὶ
759 3422 989 3490 ἄγγελον
1015 3424 1108 3476 καὶ
1140 3423 1270 3474 Θεὸν
1300 3423 1406 3476 ὑπὸ
1442 3423 1541 3491 τῆς
1565 3423 1786 3492 Γραφῆς

203 3516 578 3588 ὀνομασθέντα
604 3533 616 3544 ·
671 3515 805 3568 ἀλλά
843 3515 933 3568 καὶ
981 3513 1192 3578 Ἰακὼϐ,
1223 3515 1320 3581 τὴν
1358 3513 1621 3568 ὀπτασίαν
1667 3508 1786 3578 ταῖς

203 3609 422 3678 γυναιξὶ
453 3608 828 3678 διηγούμενος,
864 3606 996 3675 φησί
1015 3624 1027 3635 ·
1061 3605 1170 3660 Καὶ
1199 3605 1328 3658 εἷπέ
1347 3624 1448 3672 μοι
1469 3607 1503 3658 ὀ
1529 3607 1785 3674 ἅγγελος

203 3703 314 3756 τοῦ
356 3701 502 3756 Θεοῦ
523 3718 535 3730 ·
567 3701 659 3754 καὶ
679 3699 794 3772 μετ’
821 3699 977 3766 ὀλίγα
1006 3698 1153 3768 παρά
1180 3696 1273 3749 τοῦ
1301 3697 1464 3749 αὐτοῦ
1485 3699 1616 3766 (51)·
1645 3697 1786 3766 Ἐγώ

201 3797 324 3863 ειμι
349 3796 380 3847 ό
410 3791 554 3855 Θεὸς
592 3793 624 3844 ὁ
653 3783 854 3857 ὀφθείς
882 3803 980 3841 σοι
1012 3788 1080 3839 ἐν
1109 3785 1186 3851 τῷ
1215 3787 1374 3850 τόπῳ
1427 3783 1492 3842 οὗ
1523 3786 1784 3855 nisui-dc

197 3901 304 3952 μοι
343 3882 466 3936 ἐκεῖ
496 3880 753 3948 στήλην.
797 3879 987 3932 Καίτοι
1037 3881 1152 3930 ἐκεῖ
1195 3879 1286 3930 ἐπὶ
1335 3879 1432 3948 τῆς
1476 3877 1675 3948 στήλης
1706 3877 1784 3948 τῷ

217 3972 414 4027 Ἰακὼϐ
460 3973 704 4046 εῐρηται·
747 3969 886 4040 Ἐγὼ
925 3971 1140 4036 Κύριος
1169 3973 1200 4022 ὁ
1233 3970 1376 4033 Θεὸς
1421 3971 1661 4038 Ἀϐραὰμ
1679 3967 1784 4022 τοῦ

203 4066 430 4132 πατρός
443 4080 578 4128 σου,
591 4065 687 4116 καὶ
705 4065 737 4115 ὁ
753 4062 896 4127 Θεὸς
918 4061 1122 4116 Ἰσαάκ
1139 4061 1270 4130 (3‘2).
1286 4063 1344 4114 Ὀ
1355 4061 1528 4113 τοίνυν
1546 4059 1779 4114 ἐνταῦθα

204 4157 436 4226 ἄγγελος
468 4153 775 4225 εἰρημένος,
835 4145 988 4215 οὗτος
1031 4153 1148 4204 ἐκεῖ
1175 4151 1319 4218 λέγει
1362 4149 1780 4220 πεφανερῶσθαι

279 4341 323 4371 ⁶⁰
361 4340 526 4394 Exod.
557 4354 639 4400 tu,
671 4338 756 4390 Η.
880 4338 920 4368 ⁶¹
957 4337 996 4389 ll
1035 4336 1160 4389 Cor.
1191 4350 1274 4399 ιιι,
1307 4335 1390 4390 l5.

206 4411 252 4442 “
286 4411 415 4464 ibid.
449 4411 554 4468 l3».
628 4410 669 4440 ⁵⁷
701 4408 834 4462 Gen.
871 4423 1054 4469 xxwu,
1093 4407 1178 4459 15.

1484 4335 1528 4364 ⁶²
1557 4331 1727 4385 Exod.
1749 4329 1894 4394 “1,6.

1891 3240 2040 3308 prius
2091 3237 2306 3308 quidem
2355 3236 2749 3307 dedignabatur
2795 3237 2968 3305 angeli
3015 3237 3457 3306 appellationem.

1890 3328 2004 3382 Non
2031 3329 2174 3382 enim
2203 3329 2292 3382 hic
2317 3329 2486 3383 solum
2512 3328 2848 3382 inveniemus
2874 3329 3156 3382 Dominum
3191 3342 3459 3398 nostrum,

1888 3432 1944 3475 et
1978 3421 2224 3491 angelum
2257 3430 2312 3474 et
2349 3421 2516 3474 Deum
2553 3436 2580 3472 a
2639 3419 2913 3488 Scriptura
2947 3423 3280 3479 nominatum
3317 3443 3330 3476 :
3363 3429 3488 3480 sed'

1885 3513 2053 3568 Jacob
2087 3514 2410 3577 etiam,cum
2443 3513 2704 3565 visionem
2732 3513 3047 3567 mulieribus
3069 3524 3334 3581 narraret,
3353 3517 3454 3572 ait:

1889 3599 1956 3652 Et
1984 3601 2120 3652 dixit
2167 3601 2298 3654 mihi
2337 3601 2552 3669 angelus
2589 3600 2681 3653 Dei
2716 3601 2780 3654 δ’.
2818 3600 2884 3654 Ει
2917 3611 3035 3669 post
3063 3617 3231 3671 pauca
3262 3606 3330 3660 ab
3361 3621 3454 3660 eo-

1886 3691 2006 3744 dem
2062 3692 2349 3745 audimus:
2390 3691 2501 3761 Ego
2541 3709 2656 3744 sum
2699 3691 2836 3744 Deus
2871 3695 2960 3760 qui
3008 3695 3228 3761 apparui
3263 3695 3358 3748 tibi
3403 3699 3458 3750 in

1885 3783 2020 3846 loco,
2069 3783 2156 3833 ubi
2185 3784 2384 3834 unxiui
2413 3783 2541 3834 mihi
2575 3783 2684 3834 illic
2741 3784 3120 3840 columnam“.
3149 3785 3310 3855 Atqui
3347 3785 3457 3841 illic

1885 3871 2418 3939 prmsentetolumna
2459 3871 2525 3926 ad
2551 3869 2718 3926 Iacob
2747 3871 2946 3924 dictum
2976 3880 3096 3926 est:
3132 3872 3244 3941 Ego
3276 3873 3456 3928 Domi-

1885 3979 1983 4015 nus
2022 3962 2162 4015 Deus
2187 3963 2452 4014 Abraham
2490 3963 2653 4029 patris
2691 3963 2792 4026 tui,
2823 3973 2868 4014 et
2897 3961 3036 4016 Deus
3067 3961 3226 4017 Isaac
3253 3965 3317 4018 ⁸⁷.
3351 3965 3454 4031 Qui

1885 4056 2066 4122 itaque
2095 4054 2183 4108 hic
2207 4051 2434 4122 angelus
2475 4051 2650 4106 dictus
2685 4062 2790 4117 est,
2824 4053 2867 4106 is
2899 4053 3006 4106 illic
3050 4054 3181 4107 dicit
3228 4057 3457 4110 manife-

1889 4156 2086 4200 statum
2117 4159 2176 4198 se
2203 4143 2368 4198 Jacob
2393 4144 2576 4198 fuisse.
2594 4145 2771 4210 Quare
2801 4153 3131 4213 compertum
3162 4155 3246 4200 est
3274 4147 3454 4200 omni-

2019 4328 2062 4358 ⁸³
2097 4327 2228 4380 ibid.
2269 4327 2352 4380 M.

2461 4329 2505 4355 “
2539 4326 2640 4378 lsa.
2687 4341 2764 4390 Ix,
2791 4325 2843 4378 6.
2945 4325 2988 4357 ⁸⁵
3011 4326 3144 4380 Gen.
3185 4343 3330 4390 xui,
3363 4329 3448 4382 Η.

279 4526 394 4612 (24)
429 4523 789 4612 Δξξῐιιὶίιιιίηιίιιο
835 4521 957 4612 libri
989 4517 1337 4612 γεγενῆσθαι,
1369 4526 1424 4570 et
1453 4517 1526 4570 ita
1565 4528 1776 4584 quoque

1890 4509 2306 4612 gitur'évlfpitoy‘t
2335 4508 2628 4612 πυρός,ηἱη
2665 4509 2881 4574 ﬂamma
2923 4508 3222 4612 igqis...Sed
3251 4509 3300 4562 in
3329 4508 3451 4612 Vlul-

1890 4597 1945 4612 nn
1979 4597 2002 4612 Α
2083 4597 2108 4612 ει
2143 4595 2227 4612 ..ιιι
2282 4595 2336 4612 an
2375 4594 2492 4612 annn
2584 4593 2769 4612 ηηηιιω
2810 4593 2820 4612 8
2865 4593 2950 4612 ιὶΙΙΙ
3012 4594 3073 4612 un
3103 4594 3210 4612 IAIII
3256 4595 3340 4612 Illll
3372 4591 3450 4612 Ιιιε

205 4601 260 4655 in
288 4593 408 4664 ipso
433 4595 676 4648 Eunomii
717 4606 891 4664 opere
911 4593 1124 4660 legitur.

288 4653 410 4790 (ἰδὲ
429 4665 559 4734 Reg.
586 4653 810 4744 quartus
825 4653 1042 4740 ὕϐρεως
1065 4663 1158 4712 καὶ
1178 4656 1452 4719 ἀσεϐείας.
1484 4653 1774 4723 Aliquanto

288 4749 328 4790 ιι
366 4737 384 4789 ι
413 4752 496 4790 ea.
527 4746 714 4788 tertius
745 4733 1081 4790 Μονογενους
1113 4728 1524 4790 ὲπαγάλλοιντο.

205 4728 328 4809 post
347 4728 714 4809 ilieggter—tius
728 4728 1081 4809 _Movo~'{evot3g
1113 4728 1524 4809 snaydtnoww:

275 4808 392 4880 (26)
424 4793 576 4880 Editi
614 4803 814 4880 e_t__duo
843 4793 970 4880 mss.
1015 4803 1080 4853 ὲκ
1111 4793 1400 4880 προσώπου
1427 4793 1520 4880 τού
1550 4793 1707 4858 Θεοῦ,
1735 4810 1772 4873 _e

203 4861 430 4946 perisona
484 4873 598 4927 Dei.
628 4872 732 4925 Alii
777 4872 1014 4946 quinque
1046 4861 1177 4946 ιιιεεῖ
1235 4871 1304 4946 ἐκ
1337 4861 1630 4946 πρρσὼπρυ
1669 4862 1764 4946 τοῦ

205 4935 436 5019 Κυρίου,
470 4963 496 4999 ε
533 4958 764 5019 persona
787 4935 1020 5019 Domini,
1049 4941 1230 5002 idest,
1265 4935 1450 4999 Verbi,
1483 4945 1534 5019 et
1571 4935 1641 5014 ita
1687 4935 1762 5019 le-

205 5009 359 5088 εει-ἰιι
390 5009 676 5088 interpres.
719 5009 854 5088 Ut_ut
889 5012 1190 5088 Inmensum,
1227 5013 1524 5088 nemoest,
1546 5009 1763 5088 opinor,

206 5073 294 5154 iiut
337 5088 448 5140 haec
473 5073 902 5154 Scripturzeloca
930 5095 958 5130 a
989 5073 1280 5154 Basilioﬁe
1303 5075 1438 5130 Filio
1457 5073 1628 5154 accipi
1657 5088 1760 5154 ιιοιι

206 5143 404 5210 rideat.
442 5143 640 5208 Ibidem
661 5151 790 5205 editi
818 5150 916 5220 τῆς
943 5147 1128 5204 αὐτοῦ.
1169 5147 1390 5201 Veteres
1423 5143 1661 5214 quinque
1708 5143 1776 5195 li-

204 5228 286 5282 bri
318 5222 534 5277 ἑαυτοῦ.
1249 5287 1254 5288 ν
1343 5285 1355 5288 _
1455 5282 1468 5288 _
1556 5283 1566 5288 _
1655 5281 1664 5288 ,

277 5295 392 5367 (27)
415 5293 570 5367 Ειιιιῑ,
586 5301 641 5346 et
675 5290 847 5367 nostri
875 5305 1006 5367 mss.
1055 5289 1114 5367 ἐν
1135 5287 1270 5358 ιωρὶ
1304 5282 1606 5367 φλογέςὸίη
1644 5282 1767 5367 igne

203 5351 454 5434 ﬂainniw,
475 5375 530 5416 et
560 5363 633 5416 ita
657 5363 863 5434 editum
888 5351 1364 5434 invenitnus_'aptul
1606 5365 1661 5404 et
1695 5354 1766 5404 ita

206 5423 420 5505 quoque
445 5433 622 5505 legere
647 5431 889 5505 Justinus
921 5441 1126 5505 martyr
1147 5423 1766 5505 adversus'ljryql'ionem,

206 5490 260 5558 ἑι
289 5490 544 5573 C'yrillu's,
591 5515 648 5555 ut
674 5502 857 5573 videre
885 5509 970 5573 est
1010 5490 1256 5573 in'notis
1282 5490 1766 5573 Nobi.lii..Vulgata

205 5561 396 5630 Latina
424 5561 605 5628 Exodo
628 5587 713 5634 III,
736 5572 794 5632 ‘2,
814 5571 870 5622 in
904 5570 1121 5638 ﬂamma
1149 5567 1308 5634 ignis,
1328 5575 1394 5638 et
1413 5566 1483 5638 ita
1519 5561 1766 5638 legerunt

208 5645 360 5698 multi
397 5659 462 5696 ex
493 5643 750 5709 antiquis,
781 5651 838 5692 ut
869 5633 934 5700 is,
963 5653 1121 5706 quem
1161 5633 1319 5709 modo
1348 5634 1482 5695 dixi,
1521 5633 1760 5709 vii-Aeru-

205 5716 506 5769 ditissimus
537 5699 821 5766 monenln
869 5699 1020 5762 Actis
1058 5706 1418 5773 apostolorum
1443 5715 1536 5766 ut,
1565 5699 1655 5764 50,
1689 5699 1764 5752 le-

522 5803 795 5863 Pu'ItOL.
843 5799 960 5863 Gtt.
1008 5797 1160 5860 XXI
1171 5798 1242 5857 Χ.

1881 4578 2003 4650 gata
2035 4580 2251 4650 Latina,
2282 4581 2338 4632 in
2375 4580 2516 4650 igni:
2540 4578 2769 4645 ﬂamma:
2803 4593 2820 4628 ι
2865 4579 2951 4650 cui
2995 4580 3211 4650 lectioni
3255 4581 3454 4636 multos

1879 4646 2100 4706 codices
2132 4649 2331 4710 favere,
2358 4663 2426 4700 ex
2476 4646 2826 4718 Testamento
2871 4647 3160 4702 Oxoniensi
3217 4651 3454 4718 perspici

1880 4727 2078 4790 potest.
2113 4718 2599 4790 licg.__tel_'lius_eir‘t
2617 4715 2929 4790 τῆς-βάτου.

1953 4787 2064 4860 (28)
2127 4785 2282 4857 Regii
2320 4788 2434 4860 duo
2478 4787 2600 4841 libri
2656 4787 2752 4838 καὶ
2817 4787 3070 4854 ἄγγελος.
3099 4785 3302 4842 Vocula
3361 4788 3456 4841 καί

1877 4857 2033 4915 abest
2073 4873 2102 4910 a
2131 4857 2384 4926 vulgatis.

1945 4926 2056 5000 (29)
2076 4924 2311 5000 Antiqui
2335 4925 2595 5000 duo_lil)ri_
2629 4924 2940 5000 λεγομένων
2969 4925 3238 5000 γίνεσθαι.

1964 4995 2054 5060 50)
2075 4997 2211 5068 Edili
2242 4995 2380 5068 Οὔτε
2404 4996 2534 5068 γάρ,
2573 4997 2640 5068 At
2666 5013 2791 5048 tttss.
2826 4997 2900 5068 ρὺ
2933 4997 3062 5068 γάρ.

1965 5071 2052 5138 51)
2073 5067 2226 5131 lllud,
2255 5063 2673 5136 καὶμετὌλίγπ
2693 5065 2852 5138 παρὰ
2867 5065 2972 5118 τοῦ
2993 5063 3202 5129 ἀὺτοῦ,
3219 5063 3298 5119 sic
3329 5079 3452 5138 ver-

1879 5136 2042 5193 terat
2069 5139 2360 5205 interpres,
2391 5147 2572 5204 etpost
2613 5151 2780 5201 pauca
2816 5136 2880 5188 de
2931 5141 3112 5188 eodem
3138 5152 3156 5191 :
3183 5151 3344 5202 quam
3370 5136 3453 5186 in-

1881 5208 2322 5275 terpretationem
2352 5222 2457 5260 non
2485 5207 2726 5272 probans
2755 5205 3133 5266 Combel'tsius.
3168 5206 3448 5275 siginter-

1877 5271 2078 5345 pretari
2139 5277 2346 5338 maluit,
2401 5271 2620 5344 ipsemet
2661 5277 2900 5345 loquente
2943 5283 2990 5325 et
3045 5291 3076 5326 a
3122 5271 3349 5345 se.»Vix,
3393 5281 3452 5324 ut

1877 5343 2007 5400 inihi
2032 5347 2250 5414 quidem
2278 5343 2510 5406 videtur,
2547 5343 2780 5397 dubitari
2808 5352 3010 5412 potest,
3043 5343 3172 5414 quin
3201 5343 3303 5414 boc
3329 5343 3450 5414 loco

1873 5411 2099 5469 verbum
2157 5415 2427 5484 ἀκούομεν
2475 5411 2828 5484 stipplentluui
2877 5414 2998 5484 sit;
3045 5411 3129 5484 ob
3161 5412 3329 5484 idque
3377 5411 3448 5484 ita

1875 5490 2177 5540 vertimus:
2210 5483 2282 5538 Et
2327 5480 2444 5552 post
2483 5499 2650 5550 pauca
2682 5481 2746 5534 ab
2789 5483 2970 5535 eodem
3001 5481 3266 5552 audimus.
3296 5480 3450 5552 Quod

1873 5571 1996 5609 mox
2031 5557 2293 5623 sequitur,
2318 5547 2380 5606 οὗ
2409 5547 2635 5624 ἠλειψάς
2661 5567 2792 5624 -μοι,
2827 5551 3297 5624 εῑοη-ἰιιιιιιιι-ἱιιε
3323 5551 3448 5602 red-

1872 5626 2010 5680 didit
2044 5619 2182 5678 idem
2205 5619 2571 5678 Combelisius
2599 5637 2611 5675 :
2654 5619 2756 5674 Ubi
2783 5621 2984 5674 unaisti
3020 5623 3148 5673 mihi
3177 5619 3406 5676 titulum.

1943 5694 2054 5764 (ὂῖ)
2078 5695 2298 5763 Antiqui
2329 5695 2434 5750 duo
2453 5692 2577 5748 libri
2606 5693 2702 5744 καὶ
2747 5691 2951 5746 Ἰσαάκ.

3053 5784 3130 5842 ‘20
