3822 6216
197 320 306 374 613

203 434 563 508 ραδεδὼκασι,
592 437 687 489 καὶ
723 440 885 508 ἡμεῖς
919 440 975 491 ὲν
1037 443 1142 502 τοῖς

199 527 431 598 γράφων
454 526 787 597 εὑρήκαμεν.
846 529 906 580 Ὀ
931 529 988 582 δὲ
1019 530 1139 582 οὐδὲ
1165 525 1232 600 ἦς
1262 531 1374 600 (58)
1404 535 1452 585 οἰ
1485 533 1662 585 δοῦλοι
1683 532 1776 584 τοῦ

200 616 440 689 Χριστοῦ
464 619 834 690 προσηγορίας
869 621 1205 690 μετέχουσιν,
1235 623 1355 675 οὑδὲ
1385 624 1587 694 ταύτης
1617 622 1783 687 ἁξιῶ-

203 725 291 760 σαι
362 707 454 760 τὸν
503 708 635 760 Θεὸν
699 709 854 780 ἡμῶν
899 711 1186 780 ἠνέσχετο,
1235 712 1372 765 ἀλλά
1428 714 1518 768 τὸν
1573 716 1638 767 ὲκ
1689 714 1779 768 τοῦ

204 800 280 870 μὴ
308 799 462 862 ὄντος
493 801 572 861 εἰς
617 799 676 852 τὸ
721 797 860 855 εἶναι
901 804 1292 872 παραγαγόντα
1321 805 1421 873 τὴν
1465 806 1663 870 κτίσιν,
1708 805 1782 876 μὴ

1291 322 1662 377 ADVERSUS
1699 323 2064 380 EUNOMIUM
2104 325 2236 380 LIB.
2279 327 2341 380 11.

1197 441 1445 504 παλαιοῖς
1481 441 1587 494 τῶν
1634 442 1778 493 ἀντι-

1905 443 2021 496 ervi
2050 441 2253 498 Christi
2288 442 2574 512 participes
2610 452 2737 496 sunt
2771 444 3132 512 appellatione
3167 443 3330 498 Deum
3367 463 3453 498 no-

3351 330 3456 383 (11.1

1888 540 2061 586 strum
2095 531 2260 585 voluit
2286 533 2645 585 cohonestare
2684 551 2695 584 :
2735 533 2828 586 sed
2857 547 3003 598 eum,
3043 535 3133 602 qui
3169 548 3236 587 ex
3287 533 3457 587 nihilo

1889 624 1955 676 ad
1983 640 2093 676 esse
2121 633 2399 677 creaturas
2427 624 2702 692 produxit,
2751 639 2854 675 non
2892 625 3241 678 exsistentem
3277 625 3460 693 appel-

1890 712 2039 765 lavit.
2073 712 2178 766 Sed
2207 714 2386 779 quivis
2419 713 2544 767 inde
2570 714 2740 781 magis
2768 713 3018 768 didicerit
3061 713 3180 781 ejus
3215 723 3458 769 contem-

1892 813 2069 871 ptum,
2104 804 2244 856 unde
2277 805 2532 857 decorare
2565 817 2625 857 se
2663 803 2948 858 Dominum
2987 805 3228 860 simulat.

200 891 328 944 ὄντα
366 893 649 962 προσεῖπε.
713 893 881 946 Πλέον
944 895 988 948 δ’
1038 897 1104 949 ἄν
1168 914 1251 960 τις
1307 897 1471 950 αὑτοῦ
1515 899 1613 970 τὴν
1675 896 2080 967 καταφρόνησιν
2131 897 2470 966 καταμάθοι,
2526 897 2584 962 ἐξ
2619 891 2693 951 ὧν
2732 900 3106 972 προσποιεῖται
3138 898 3294 970 δῆθεν
3321 901 3457 953 ἀπο-

193 986 486 1056 σεμνύνειν
533 987 624 1042 τὸν
654 987 856 1059 Κύριον
887 991 1017 1060 (59).

272 1078 434 1132 ΕΥΝ.
477 1080 552 1132 Οὑ
599 1081 1032 1152 κοινοποιούμεν,
1091 1085 1258 1154 φησὶ,
1300 1083 1393 1136 τοῦ
1441 1085 1781 1153 Μονογενοῦς

202 1171 299 1242 τὴν
331 1170 519 1224 οὐσίαν
560 1172 696 1242 πρὸς
724 1173 791 1225 τὰ
821 1174 884 1226 ὲκ
930 1175 1003 1244 μὴ
1027 1176 1193 1228 όντων
1225 1175 1513 1246 γενόμενα,
1551 1177 1779 1250 ἐπείπερ

201 1264 302 1317 οὑκ
329 1263 487 1317 οὐσία
511 1264 574 1316 τὸ
626 1265 700 1334 μὴ
746 1264 806 1318 ὅν
831 1281 844 1295 ³
879 1265 1019 1318 ἀλλά
1064 1266 1332 1334 τοσαύτην
1363 1267 1512 1337 αὑτῷ
1544 1267 1779 1339 νέμομεν

201 1357 300 1427 τὴν
329 1356 625 1426 ὑπεροχὴν,
653 1356 783 1426 ὅσην
816 1356 962 1427 ἔχειν
992 1359 1287 1426 ἀναγκαῖον
1312 1358 1420 1412 τῶν
1458 1359 1604 1413 ἰδίων
1629 1377 1786 1431 ποιη-

205 1444 392 1515 μάτων
425 1444 516 1496 τὸν
541 1444 794 1514 ποιητήν.

272 1535 422 1587 ΒΑΣ.
458 1532 558 1586 Διά
603 1534 713 1586 τῶν
758 1534 1116 1588 κατασκευῶν
1170 1538 1248 1599 εἰς
1279 1535 1438 1589 τοῦτο
1484 1537 1574 1589 τὸν
1631 1535 1785 1604 λόγον

200 1625 566 1697 προαγαγὼν,
628 1625 708 1695 τῷ
767 1627 969 1696 ῥήματι
1025 1626 1182 1697 δῆθεν
1259 1627 1782 1698 φιλανθρωπεύεται,

1965 1077 2097 1132 ΕυΝ.
2125 1077 2490 1131 Substantiam
2538 1076 2830 1145 Unigeniti,
2859 1078 3051 1146 inquit,
3089 1093 3193 1132 non
3228 1079 3458 1136 facimus

1887 1182 2226 1223 communem
2284 1169 2350 1222 iis
2383 1184 2501 1237 quae
2530 1185 2594 1223 ex
2639 1171 2807 1224 nihilo
2851 1171 2988 1224 facta
3053 1179 3202 1223 sunt.
3243 1171 3456 1226 Etenim

1887 1259 2191 1314 substantia
2247 1276 2350 1314 non
2387 1268 2468 1315 est
2503 1262 2644 1328 quod
2689 1277 2794 1316 non
2847 1271 2935 1316 est
2971 1279 2984 1314 :
3024 1265 3116 1316 sed
3164 1272 3366 1318 tantam
3408 1269 3454 1319 ci

1884 1351 2257 1420 praestantiam
2296 1351 2603 1414 tribuimus.
2635 1362 2890 1423 quantam
2933 1367 3154 1408 necesse
3187 1363 3271 1408 est
3297 1347 3457 1410 crea-

1882 1447 2056 1492 torem
2090 1453 2201 1507 prie
2231 1439 2345 1493 suis
2372 1440 2542 1508 ipsius
2571 1441 2835 1495 creaturis
2880 1442 3104 1497 habere.

1960 1529 2086 1584 Bas.
2117 1529 2475 1600 Posteaquam
2504 1534 2840 1602 argumentis
2882 1535 2994 1588 suis
3023 1535 3128 1590 huc
3161 1536 3458 1590 orationem

1890 1621 2132 1683 deduxit,
2161 1621 2448 1675 humanior
2480 1622 2672 1685 factus,
2709 1625 2870 1678 verbo
2893 1625 3120 1690 scilicet,
3150 1628 3223 1680 ait
3246 1641 3304 1682 se
3332 1625 3462 1682 Uni-

199 1709 296 1762 καί
331 1725 483 1778 φησι,
522 1708 597 1778 μὴ
637 1712 961 1762 κοινοποιεῖν
995 1711 1132 1780 πρὸς
1163 1711 1231 1763 τὰ
1283 1713 1346 1763 ἐκ
1375 1711 1450 1781 μὴ
1489 1711 1656 1764 ὅντων
1687 1713 1785 1782 τὴν

1905 1711 2057 1780 geniti
2083 1712 2445 1766 substantiam
2491 1713 2559 1767 iis
2595 1730 2714 1782 qua)
2745 1730 2810 1770 ex
2852 1716 3020 1770 nihilo
3054 1727 3199 1781 sunt,
3236 1733 3342 1772 non
3381 1719 3464 1771 fa-

197 1799 387 1854 οὑσίαν
427 1799 520 1853 τοῦ
563 1801 924 1868 Μονογενοῦς.
957 1800 1150 1854 Καίτοι
1199 1805 1246 1855 εἰ
1275 1804 1302 1856 ὁ
1330 1802 1462 1865 Θεὸς
1487 1803 1596 1855 τῶν
1626 1803 1783 1867 ὅλων,

197 1894 287 1948 διὰ
340 1895 402 1946 τὸ
445 1894 737 1966 ἀγέννητος
789 1891 962 1960 εἶναι,
1001 1897 1304 1965 ἀναγκαίαν
1359 1897 1474 1967 ἔχει
1522 1897 1622 1967 τὴν
1652 1897 1788 1966 πρὸς

199 1985 272 2038 τὰ
325 1986 556 2057 γεννητά
591 1986 970 2058 παραλλαγὴν,
1012 1987 1080 2041 τὰ
1125 1989 1182 2042 δὲ
1231 1989 1468 2059 γεννητὰ
1495 1989 1790 2060 σύμπαντα

201 2076 387 2148 κοινὴν
435 2075 549 2147 ἔχει
611 2077 709 2148 τὴν
759 2081 824 2130 ἐκ
873 2077 947 2148 μὴ
974 2079 1142 2133 ὄντων
1180 2080 1289 2151 (40)
1330 2080 1647 2144 ὑπόστασιν,
1673 2079 1790 2144 πῶς

198 2168 323 2238 οὑχ).
365 2167 676 2236 ἀναγκαίως
717 2167 893 2223 ταῦτα
934 2170 1076 2223 κατά
1103 2170 1200 2242 τὴν
1229 2171 1389 2241 φύσιν
1418 2172 1746 2226 συνάπτεται
1773 2188 1787 2235 ;

210 2260 300 2321 Ὠς
328 2259 439 2331 γὰρ
480 2261 599 2314 ἐκεῖ
626 2261 688 2330 10
721 2262 1018 2331 ἀπρόσιτον
1049 2262 1158 2334 (41)
1182 2263 1416 2334 διίστησι
1442 2263 1542 2327 τὰς
1575 2263 1786 2332 φύσεις,

198 2348 376 2413 οὕτως
401 2350 635 2404 ἐνταῦθα
652 2353 713 2404 τὸ
737 2354 999 2422 ὁμότιμον
1023 2355 1103 2417 εἰς
1126 2355 1321 2406 ταυτὸν
1372 2354 1624 2426 ἀλλήλοις
1672 2372 1792 2407 συν-ι

202 2445 352 2511 άγει.
399 2444 494 2498 Ἐκ
530 2444 606 2515 μὴ
646 2443 814 2498 ὄντων
835 2445 892 2497 δὲ
921 2445 1172 2513 λέγοντες
1214 2432 1304 2500 τὸν
1331 2447 1456 2500 Υἰὸν
1483 2446 1668 2501 καὶτὰ
1699 2448 1788 2500 ὑπ’

199 2535 368 2588 αὑτοῦ
422 2534 720 2606 γενόμενα,
773 2537 868 2590 καὶ
919 2537 1350 2602 κοινοποιοῦντες
1413 2538 1593 2593 αὐτῶν
1651 2539 1792 2593 κατά

198 2627 363 2680 τοῦτο
397 2628 496 2700 τὴν
538 2629 728 2698 φύσιν,
763 2629 823 2682 οὑ
855 2647 1018 2699 φασιν
1047 2632 1237 2702 ὁμοίαν
1271 2631 1420 2703 αὑτῷ
1455 2633 1592 2703 πρὸς
1623 2631 1695 2685 τὰ
1728 2634 1790 2685 ἐκ

204 2719 280 2788 μὴ
319 2718 488 2772 ὄντων
524 2718 722 2774 διδόναι
746 2720 845 2792 τὴν
877 2722 1084 2775 οὑσίαν.
1116 2723 1224 2774 Καὶ
1249 2723 1356 2792 γὰρ
1388 2719 1454 2776 αὖ
1487 2724 1581 2776 καὶ
1610 2723 1787 2786 τοῦτο,

201 2809 280 2872 ὼς
313 2809 478 2874 αὑτὸς
508 2811 713 2882 Κύριος
735 2811 830 2876 ὢν,
854 2813 978 2866 ὅσον
1017 2813 1264 2883 βούλεται
1295 2815 1554 2886 παρέχειν
1578 2815 1686 2886 (42)
1715 2816 1794 2886 τῷ

200 2902 502 2970 Μονογενεῖ
548 2902 652 2974 τῆς
700 2903 886 2970 ἀξίας,
931 2905 1074 2959 οὕτω
1119 2908 1351 2960 ποιεῖται
1397 2909 1527 2970 τοὺς
1581 2907 1790 2977 λόγουςτ

199 2991 487 3064 Τοσαύτην
531 2993 642 3066 γάρ
675 2996 824 3065 αὑτῷ
851 2996 1120 3066 νέμομεν,
1167 2996 1333 3066 φησὶ,
1369 2999 1470 3068 τὴν
1500 2997 1791 3069 ὑπεροχὴν,

1894 1816 2017 1856 cere
2051 1817 2416 1856 communem.
2445 1804 2606 1873 Atqui
2637 1805 2682 1860 si
2708 1805 2849 1860 Deus
2886 1807 3286 1875 universorum,
3319 1814 3461 1880 quml

1891 1892 2158 1962 ingenitus
2187 1903 2290 1960 est,
2343 1910 2372 1947 a
2417 1896 2614 1964 genitis
2644 1900 2979 1960 gnecessario
3012 1900 3225 1967 dill‘ert,
3281 1904 3461 1972 genita

1890 1994 2068 2037 autem
2097 1983 2278 2037 omnia
2309 1999 2655 2040 communem
2683 1986 2884 2042 habent
2906 2005 2972 2044 ex
3006 1991 3176 2045 nihilo
3197 1993 3464 2047 exsisten-

1894 2073 2043 2138 tiam,
2097 2087 2274 2128 nonne
2305 2077 2420 2129 haec
2459 2075 2599 2129 inter
2647 2090 2708 2130 se
2755 2087 2946 2132 natura
2988 2081 3298 2136 necessario
3331 2096 3464 2136 con-

1886 2159 2225 2231 iunguntur?
2279 2162 2741 2229 Quemadmodum
2798 2169 2939 2220 enim
2974 2167 3084 2223 illic
3128 2169 3462 2227 inaccessum

1889 2253 2149 2321 quiddam
2207 2253 2441 2324 sejungit
2502 2267 2722 2312 naturas
2777 2277 2789 2311 :
2856 2260 2930 2312 ita
2993 2259 3081 2314 hic
3135 2261 3463 2317 conditionis

1891 2345 2200 2414 aequalitate
2223 2348 2367 2402 inter
2388 2362 2447 2402 se
2467 2347 2518 2400 in
2545 2363 2708 2403 unum
2731 2360 2786 2404 et
2819 2351 2957 2405 idem
2989 2353 3462 2423 colliguntur.Etsi

1893 2437 2038 2490 enim
2066 2436 2260 2491 Filium
2303 2449 2356 2493 et
2379 2455 2442 2494 ea
2477 2455 2597 2510 quae
2629 2442 2698 2495 ab
2719 2442 2833 2510 ipso
2857 2442 3000 2499 facta
3021 2454 3166 2509 sunt,
3199 2447 3383 2502 dicant
3407 2464 3465 2503 se

1891 2541 1958 2582 ex
1990 2529 2175 2594 nihilo,
2201 2545 2498 2600 eorumque
2525 2541 2772 2586 naturam
2807 2536 3103 2590 secundum
3131 2537 3234 2591 hoc
3267 2537 3468 2591 faciant

1895 2634 2260 2686 communem,
2295 2632 2493 2690 negant
2523 2633 2701 2678 tamen
2733 2639 2793 2678 se
2821 2625 2871 2679 ei
2917 2626 3278 2680 substantiam
3309 2628 3467 2683 factis

1893 2725 1958 2764 ex
1998 2712 2166 2766 nihilo
2195 2713 2355 2768 rebus
2382 2713 2614 2769 similem
2650 2716 2910 2771 tribuere.
2945 2717 3080 2772 Nam
3103 2734 3310 2785 rursus,
3343 2729 3465 2773 tan.

1894 2818 2053 2870 quam
2095 2803 2139 2858 si
2178 2805 2291 2872 ipse
2327 2805 2586 2859 Dominus
2609 2807 2702 2870 sit,
2734 2816 2792 2860 ut
2819 2817 3080 2876 quantum
3116 2810 3232 2863 vult
3279 2810 3468 2879 imper-

1898 2896 1996 2948 tiat
2022 2896 2301 2964 dignitatis
2340 2896 2649 2967 Unigenito,
2682 2898 2762 2954 sic
2791 2898 3066 2968 loquitur:
3108 2900 3360 2966 Tantam,
3385 2903 3470 2955 in-

1895 2989 2033 3058 quit,
2063 2989 2352 3044 tribuimus
2385 2990 2434 3045 ei
2463 2989 2858 3056 excellentiam,
2885 3002 3088 3062 quanta
3131 3004 3468 3066 necesseoest

199 3086 325 3138 ὅσον
354 3086 645 3159 ὑπερέχειν
671 3089 967 3158 ἀναγκαῖον
1005 3091 1114 3144 τῶν
1164 3092 1310 3144 ἰδίων
1357 3093 1679 3162 ποιημάτων
1703 3092 1788 3144 τὸν

1905 3090 2209 3135 creatorem
2239 3081 2490 3151 proprias
2521 3092 2800 3137 creaturas
2828 3098 3102 3152 superare.
3135 3083 3252 3139 Non
3291 3085 3464 3140 dixit:

200 3179 455 3248 ποιητήν.
499 3179 612 3230 Οὑκ
636 3174 787 3241 εἷπε,
820 3179 1240 3251 Κατειλήφαμεν
1265 3182 1298 3251 ἢ
1328 3180 1622 3252 δοξάζομεν
1655 3181 1787 3253 (45),

201 3272 280 3333 ὡς
315 3271 411 3322 ἐπὶ
453 3268 588 3322 Θεοῦ
633 3270 908 3341 προσῆκον
942 3267 1008 3337 ἦν
1034 3289 1047 3301 ·
1081 3271 1250 3337 ἀλλὰ,
1283 3273 1560 3344 Νέμομεν,
1593 3273 1666 3336 ὡς
1694 3275 1794 3325 αὑ-

201 3363 296 3426 τὸς
323 3363 419 3416 106
452 3363 650 3433 μέτρου
679 3364 778 3434 τῆς
798 3364 1059 3434 διανομῆς
1083 3366 1390 3437 κατάρχων.
1417 3367 1595 3436 Πόσην
1620 3367 1677 3418 δὲ
1701 3368 1793 3420 καὶ

202 3454 389 3508 δίδωσι
423 3454 523 3524 τὴν
561 3457 866 3527 ὑπεροχήν;
903 3458 1065 3510 Ὅσον
1094 3460 1380 3530 ὑπερέχειν
1423 3460 1568 3529 (Ut),
1606 3461 1790 3532 φησὶν,

202 3548 505 3614 ἀναγκαῖον
529 3547 638 3599 τῶν
675 3547 818 3601 ἰδίων
853 3550 1173 3626 ποιημάτων
1206 3549 1297 3601 τὸν
1335 3552 1586 3620 ποιητήν.
1629 3549 1795 3603 Οὑπω

203 3639 366 3692 τοῦτο
400 3639 497 3708 τῆς
527 3637 667 3692 κατά
700 3639 800 3709 τὴν
829 3639 1016 3692 οὐσίαν
1048 3641 1310 3712 διαφορᾶς
1351 3641 1451 3711 τὴν
1487 3643 1794 3714 μαρτυρίαν

205 3730 344 3802 ἔχει.
380 3730 692 3802 ’Ἄνθρωποι
727 3733 834 3801 γὰρ
864 3733 1028 3804 τέχνῃ
1063 3733 1162 3802 μὲν
1201 3733 1528 3805 ὑπερέχουσι
1573 3735 1680 3787 τῶν
1715 3737 1794 3788 οἰ-

206 3823 376 3875 κείων
412 3822 608 3894 ἒργων,
644 3822 920 3894 ὁμοούσιοι
969 3824 1026 3876 δὲ
1057 3825 1206 3894 ὅμως
1238 3825 1420 3888 αὐτοῖς
1451 3823 1793 3895 καθεστήκα-

209 3930 297 3966 σιν
318 3930 330 3942 ·
366 3912 440 3976 ὡς
467 3914 495 3965 ὁ
539 3915 818 3984 κεραμεὺς
861 3912 939 3983 τῷ
969 3913 1125 3984 πηλῷ
1144 3953 1158 3978 ,
1188 3915 1282 3967 καὶ
1317 3909 1350 3967 ’ὁ
1381 3913 1655 3984 ναυπηγὸς
1686 3917 1797 3978 τοῖς

208 4003 410 4070 ξύλοις.
449 4002 685 4076 Σώματα
722 4006 830 4079 γὰρ
869 4004 1071 4077 ὁμοίως
1097 4006 1405 4078 ἀμφότερα,
1443 4004 1538 4059 καὶ
1565 4005 1798 4078 αἰσθητὰ

206 4097 436 4166 ὁμοίως,
459 4097 554 4150 καὶ
575 4099 759 4169 γήινα.

283 4188 373 4242 20.
417 4189 684 4243 Τοσοῦτον
719 4190 775 4243 δὲ
800 4189 878 4261 τῷ
909 4190 1023 4260 Υἱῷ
1054 4189 1190 4261 πρὸς
1210 4189 1308 4261 τὴν
1334 4190 1512 4243 κτίσιν
1535 4190 1594 4242 τὸ
1617 4189 1799 4259 διάφο-

212 4297 306 4350 ρον
342 4281 660 4352 συγχωρῶν,
703 4283 802 4353 ἤδη
849 4282 944 4335 καὶ
978 4282 1107 4353 περί
1146 4282 1316 4354 αὑτὴν
1343 4282 1442 4352 τὴν
1468 4281 1676 4336 ἔννοιαν
1706 4281 1797 4334 τοῦ

208 4373 554 4440 Μονογενοῦς
579 4376 891 4443 κακουργεῖ.

286 4463 449 4517 ΕΥΝ.
487 4464 584 4516 Διά
624 4463 784 4517 10610
828 4464 938 4536 γὰρ
959 4505 974 4529 ,
1006 4465 1138 4534 φησί
1160 4505 1173 4528 ,
1212 4465 1521 4536 Μονογενὴς
1542 4505 1556 4530 ,
1588 4465 1794 4536 ἐπειδὴ,

216 4557 380 4628 μόνος
433 4556 582 4627 παρὰ
625 4557 785 4626 μόνου
814 4559 880 4626 τῇ
925 4555 1019 4608 τοῦ
1061 4556 1171 4627 (45)
1224 4557 1520 4626 άγεννήτου
1573 4555 1798 4626 δυνάμει

213 4648 499 4720 γεννηθεὶς
523 4650 618 4702 καὶ
661 4649 917 4712 κτισθεὶς,
958 4647 1293 4711 τελειότατος
1321 4647 1544 4716 γέγονεν
1584 4649 1802 4718 ὑπουρ-

212 4741 336 4810 τός.

229 4874 328 4913 sus
353 4871 473 4927 cap.
509 4857 596 4911 17.
651 4855 759 4927 Nec
789 4855 983 4909 mirum
1017 4857 1062 4908 si
1100 4854 1248 4908 Pauli
1307 4854 1559 4927 epistola_
1596 4869 1790 4927 nomen

211 4923 473 4997 Epistola:
535 4929 600 4980 ad
646 4925 932 4997 Ephesios
990 4928 1307 4997 retinuerit,
1358 4941 1479 4997 cum
1522 4923 1789 4992 Ephesus,

210 4995 340 5070 quae
372 4998 536 5050 tetius
565 4996 707 5070 Asiae
740 4995 1055 5070 metropolis
1072 5006 1188 5070 est,
1208 5009 1371 5070 suum
1396 4996 1446 5048 ei
1471 5008 1664 5048 nomen
1689 5011 1790 5061 po-

217 5065 334 5125 {ius
365 5083 525 5134 quam
557 5068 682 5117 urbs
703 5066 804 5117 alia
826 5067 971 5134 ‘dare
1002 5065 1268 5118 debuerit.

291 5129 404 5208 (58)
437 5137 575 5190 Editi
614 5137 672 5188 'o
700 5135 779 5199 δὲ,
819 5129 907 5206 ἧς.
944 5135 1165 5202 Antiqui
1205 5149 1302 5188 sex
1333 5132 1455 5186 libri
1493 5133 1550 5185 '0
1593 5133 1651 5186 δὲ
1681 5133 1801 5186 οὑδὲ

211 5205 406 5344 ἦς(59)
436 5275 615 5331 Codex
641 5290 781 5329 unus
807 5272 1324 5344 ἀποσεμνύνεινῄτὸν
1361 5271 1512 5344 Υἰόν.

315 5279 406 5344 59)
436 5279 615 5331 (index
641 5290 781 5329 unus
807 5279 1203 5342 ὰποσεμνύνειν
1233 5279 1324 5325 τὸν
1367 5279 1512 5326 Υἰόν.

292 5279 408 5420 140)
437 5347 650 5420 Editi_et
679 5360 818 5399 unus
849 5360 950 5398 ms.
992 5346 1057 5396 ἐκ
1092 5343 1167 5414 μὴ
1203 5342 1375 5404 ὄντος.
1416 5343 1518 5396 Alii
1563 5345 1800 5412 quinque

215 5416 354 5474 mss.
380 5419 444 5468 ὲκ
475 5417 548 5486 μὴ
580 5416 768 5486 ὄντων.

295 5487 409 5558 (41)
435 5482 548 5547 Illa,
581 5484 820 5558 Ὠς-γᾴρ.
854 5496 986 5550 etc.,
1035 5495 1162 5551 puto
1185 5483 1354 5558 accipi
1399 5482 1478 5534 sic
1531 5483 1730 5558 debere
1776 5499 1790 5535 :

214 5554 684 5626 Quemadmodum
714 5555 874 5626 Pater
899 5565 953 5607 ct
988 5564 1254 5607 creaturae
1282 5554 1398 5604 ideo
1425 5560 1616 5626 natura
1652 5555 1796 5607 inter

215 5624 282 5683 se
307 5628 584 5685 dilierunt,
611 5628 753 5693 quod
781 5624 957 5678 Patris
990 5635 1184 5676 natura
1211 5624 1651 5693 communisesse
1687 5638 1796 5676 non

295 5698 394 5751 ssit
423 5691 690 5748 creaturis
719 5711 733 5746 :
766 5696 863 5756 ita,
889 5708 956 5746 ex
995 5693 1263 5746 sententia
1308 5691 1792 5754 Eunomianorum,

245 5766 395 5823 "ilius
419 5774 473 5822 et
501 5774 767 5820 creaturae
805 5763 925 5820 ideo
964 5772 1157 5817 natura
1190 5762 1333 5816 inter
1363 5775 1421 5816 se
1449 5762 1792 5826 convenient,

1896 3169 2268 3240 Concipimus,
2315 3181 2408 3227 aut
2448 3174 2758 3242 opinamur,
2806 3175 2947 3230 sicut
2981 3191 3077 3246 par
3120 3184 3238 3231 erat
3263 3177 3329 3231 de
3359 3176 3469 3231 Deo

1895 3261 2074 3317 dicere
2106 3263 2260 3326 :sed,
2303 3263 2634 3331 Tribuimus,
2661 3266 2812 3335 quasi
2845 3282 3097 3322 mensura
3131 3265 3471 3323 distributio-

1895 3354 1978 3406 nis
2007 3369 2172 3422 penes
2193 3355 2366 3423 ipsum
2386 3356 2474 3410 sit.
2498 3353 2764 3422 Quantam
2793 3372 2918 3412 vero
2945 3358 3193 3413 concedit
3211 3365 3472 3428 praestan-

1898 3445 2064 3498 tiam?
2091 3445 2320 3513 Quanta,
2348 3448 2555 3517 inquit,
2591 3464 2812 3506 necesse
2862 3459 2946 3506 est
2995 3461 3302 3507 creatorem
3340 3467 3470 3522 pro-

1894 3537 2047 3602 prias
2079 3551 2359 3618 creaturas
2390 3540 2738 3596 antecellere.
2761 3541 3007 3597 Nondum
3041 3544 3148 3598 hoc
3176 3543 3468 3598 diversita-

1897 3636 2005 3681 tem
2030 3629 2348 3684 substantia:
2370 3630 2636 3687 declarat.
2661 3631 2914 3687 llomines
2937 3636 3082 3687 enim
3113 3645 3231 3688 arte
3253 3635 3470 3702 quidem

1897 3731 2160 3788 superant
2194 3739 2289 3777 sua
2321 3725 2558 3791 ipsorum
2585 3738 2768 3792 opera,
2791 3734 2844 3778 ct
2874 3732 3049 3778 tamen
3078 3724 3323 3778 eamdem
3348 3738 3469 3777 cum

1897 3811 1976 3865 eis
2003 3812 2202 3867 habent
2232 3814 2621 3875 substantiam,
2653 3822 2711 3867 ut
2742 3813 2934 3883 figulus
2973 3828 3094 3868 cum
3125 3814 3261 3877 luto,
3295 3824 3352 3867 ut
3379 3829 3474 3866 na-

1899 3903 1980 3956 vis
2010 3901 2307 3958 fabricator
2327 3919 2449 3958 cum
2483 3903 2663 3972 lignis.
2698 3902 2939 3973 Utraque
2980 3903 3125 3958 enim
3166 3915 3289 3960 sunt
3321 3906 3471 3959 simi-

1900 3991 2024 4048 liter
2055 4009 2309 4064 corpora,
2336 3993 2615 4050 sensibilia
2647 3994 2851 4064 pariter
2877 4004 2931 4048 et
2959 4003 3198 4049 terrena.

1971 4195 2061 4249 20.
2087 4195 2376 4264 Postquam
2413 4208 2591 4250 autem
2630 4195 2766 4249 Filio
2796 4195 3071 4250 concessit
3097 4194 3470 4250 diversitatem

1903 4295 2106 4340 tantam
2143 4303 2172 4340 a
2213 4287 2502 4347 creaturis,
2546 4287 2675 4353 jam.
2694 4295 2751 4341 et
2785 4286 2838 4340 in
2867 4287 3036 4357 ipsam
3073 4285 3345 4355 Uuigeniti
3377 4301 3475 4341 no-

1907 4380 2103 4433 tionem
2136 4379 2368 4449 maligne
2397 4379 2527 4447 agit.

1977 4468 2110 4524 Enu.
2149 4467 2283 4523 Nam
2325 4470 2550 4534 idcirco,
2588 4469 2786 4538 inquit,
2819 4469 3141 4540 Uuigenitus
3176 4477 3292 4534 est,
3338 4482 3474 4538 quo-

1908 4561 2050 4613 niam
2077 4559 2226 4614 solus
2255 4574 2283 4612 a
2316 4559 2430 4615 solo
2452 4562 2692 4626 potentia
2733 4561 2956 4628 ingeniti
2982 4561 3197 4630 genitus
3229 4570 3284 4616 et
3310 4575 3468 4616 crea-

1909 4663 2017 4716 tus,
2042 4651 2469 4719 perfectissimus
2498 4651 2673 4706 factus
2700 4662 2784 4706 est
2818 4653 3085 4708 minister.

1902 4856 2044 4924 quod
2079 4856 2318 4926 ejusdem
2350 4857 2677 4912 conditionis
2699 4856 2992 4923 participes
3018 4856 3147 4910 sint.
3194 4856 3316 4910 Mox
3348 4858 3479 4912 editi

1903 4938 1956 4979 et
1981 4936 2100 4979 tres.
2136 4941 2266 4980 mss.
2308 4935 2553 4981 recentes
2582 4927 2831 4996 ἀλλήλοις
2883 4926 3167 4979 συνάπτει.
3203 4928 3308 4980 Alii
3345 4944 3476 4997 qua-

1909 5007 2028 5049 tuor
2061 5010 2190 5048 mss.
2218 4997 2552 5063 antiquiores
2584 4996 2834 5064 ἀλλήλοις
2866 4997 3109 5064 συνάγει.

1977 5064 2085 5130 (49.)
2117 5065 2226 5130 Reg
2312 5077 2533 5136 quartus
2581 5064 2830 5136 παρέχει.
2874 5067 2977 5119 Alii
3004 5080 3136 5119 mss.
3171 5069 3292 5118 cum
3318 5066 3483 5120 editis

1903 5135 2188 5203 παρέχειν,
2221 5145 2391 5189 recte.
2449 5134 2799 5190 Constructio
2847 5137 2990 5189 enim
3043 5136 3332 5189 verborum
3368 5136 3478 5187 Ita-ir

1900 5222 2021 5258 csse
2059 5208 2217 5275 debet
2249 5222 2261 5257 :
2288 5203 2600 5275 thv_Ktipt0;
2625 5205 2907 5275 παρέχειν,
2934 5220 3051 5270 seu,
3082 5205 3177 5266 τοῦ
3216 5203 3480 5273 παρέχειν

1899 5275 2020 5327 ὅσον
2052 5273 2298 5344 βούλεται
2317 5273 2394 5342 τῷ
2421 5273 2736 5342 Μονογενεῖ,
2765 5273 2916 5344 quasi
2956 5275 3025 5327 sit
3067 5275 3324 5328 Dominus
3352 5341 3360 5344 _
3384 5275 3479 5324 tri-

1900 5344 2087 5396 buendi
2121 5341 2395 5410 Unigem‘to
2427 5341 2634 5396 tantum
2660 5341 2955 5413 dignitatis,
2994 5355 3246 5411 quantum
3273 5341 3403 5413 vult.

1973 5413 2086 5478 (45)
2123 5414 2317 5465 Verte:
2361 5413 2486 5466 Non
2516 5414 2676 5479 dixit,
2707 5412 3027 5474 concipimus
3067 5423 3159 5466 aut
3207 5412 3476 5481 gloriﬁca-

1895 5499 2030 5536 mus.
2069 5481 2278 5535 Manius.

1895 5621 1922 5673 ὅ
1967 5551 2078 5621 (44)
2115 5553 2252 5605 Edtti
2288 5553 2420 5622 ὅσην
2450 5552 2756 5623 ὑπερέχειν.
2794 5552 3017 5623 Antiqui
3059 5561 3295 5620 quatuor
3354 5551 3473 5604 libri

1929 5639 2037 5673 σον.

1929 5639 2037 5674 σον.

1969 5690 2085 5762 (45)
2127 5691 2279 5760 Regii
2316 5693 2586 5745 secundus
2640 5704 2694 5746 et
2751 5695 2940 5748 tertius
2975 5691 3164 5762 ἐπειδὴ
3214 5690 3381 5762 μόνος
3407 5693 3475 5760 τῇ

1897 5759 1988 5815 τοῦ
2021 5778 2032 5828 ς
2068 5759 2240 5828 quam
2289 5762 2574 5818 lectionem
2613 5774 2832 5820 secutus
2877 5764 3046 5820 fuisse
3097 5759 3308 5816 ridetur
3342 5759 3475 5812 Traé
