3822 6216
163 321 268 376 617

1269 309 1638 363 ADVERSITS
1681 305 2049 364 EUNOMIUM
2089 301 2216 358 LIB.
2262 302 2325 356 ll.

3313 299 3418 353 εις

165 439 364 510 μασίας
401 437 505 491 τῶν
543 433 850 506 Ἐὄραῖκῶν
886 432 1262 502 καθικόμενοι,
1293 429 1628 495 Ἐκτήσατό
1655 445 1751 498 με,

1869 424 2094 480 assecuti
2129 431 2273 484 sunt,
2329 418 2564 472 Possedit
2605 433 2686 471 me
2721 433 2817 486 pro
2866 415 3096 483 Creavit,
3151 414 3422 472 edidisse:

161 528 280 584 ἀντὶ
321 529 440 594 τοῦ,
478 531 774 591 Ἔκτισε›·,
823 525 1201 578 ὲκδεδώκασιν.
1259 525 1437 593 Ὅπερ
1497 521 1748 592 μέγιστον

162 625 346 686 αὐτοῖς
375 621 632 692 ἐμπόδιον
662 621 812 672 ἔσται
843 619 976 688 πρὸς
1008 618 1106 688 τὴν
1132 615 1476 686 βλασφημίαν
1505 613 1598 666 τοῦ
1631 613 1747 665 κτί-

165 733 384 785 σματος.
432 713 616 782 Ὁγὰρ
661 711 848 772 εἰπὼν,
893 708 1274 775 Ἐκτησάμην
1301 707 1615 773 ἄνθρωπον
1655 703 1749 756 διὰ

165 805 270 859 τοῦ
307 804 454 858 Θεοῦ
479 846 493 870 ,
532 803 651 872 οὐχὶ
696 802 886 862 κτίσας
937 799 1026 852 τὸν
1059 799 1218 858 Κάῖν,
1271 795 1405 850 ἀλλὰ
1459 796 1746 864 γεννήσας,

164 897 338 966 ταύτῃ
368 896 616 964 φαίνεται
650 891 994 962 χρησάμενος
1024 891 1088 958 τῇ
1127 890 1298 956 φωνῇ.

235 986 326 1039 21.
377 984 514 1039 Ἀλλ’
543 985 634 1034 ἐπὶ
665 983 725 1034 τὸ
761 981 818 1045 ἐξ
871 980 1046 1050 ἀρχῆς
1079 978 1410 1047 ὲπανίωμεν.

235 1072 395 1128 ΕΥΝ.
425 1071 524 1126 Διὰ
548 1072 707 1124 τοῦτο
727 1111 740 1132 ,
777 1071 940 1141 φησι,
977 1067 1314 1138 Μονογενὴς,
1353 1065 1536 1136 ἐπειδὴ
1559 1103 1573 1126 ,
1605 1064 1751 1131 παρὰ

171 1169 336 1238 μόνου
370 1166 653 1235 γεννηθεὶς
701 1165 793 1216 καὶ
845 1162 1101 1224 κτισθεὶς,
1151 1160 1482 1221 τελειότατος
1531 1159 1750 1226 γέγονεν

168 1258 464 1329 ὑπουργὸς.

239 1350 390 1402 ΒΑΣ.
421 1348 482 1400 Εἰ
533 1346 710 1399 τοίνυν
754 1347 829 1416 μὴ
875 1345 1023 1416 παρᾶ
1065 1345 1124 1397 τὸ
1171 1345 1330 1413 μόνος
1374 1341 1748 1412 γεγεννῆσθαι,

168 1440 304 1493 ἀλλὰ
336 1439 424 1492 διὰ
463 1437 524 1490 τὸ
568 1435 723 1508 παρὰ
756 1435 916 1505 μόνου
949 1433 1256 1503 Μονογενὴς
1294 1432 1528 1502 εἴρηται,
1560 1430 1752 1482 ταυτὸν

167 1535 226 1587 δέ
257 1531 370 1602 (51)
401 1534 514 1584 ἐστι
567 1529 706 1582 κατὰ
734 1529 792 1581 σὲ
825 1527 884 1580 τὸ
907 1525 1152 1586 ἐκτίσθαι
1177 1524 1254 1594 τῷ
1282 1521 1668 1593 γεγεννῆσθαι·
1702 1522 1752 1574 τί

168 1623 290 1693 οὐχ).
335 1623 426 1675 καὶ
477 1621 823 1698 μονὸκτιστον
861 1618 1021 1670 αὑτὸν
1056 1613 1339 1684 ὀνομάζεις
1359 1657 1374 1682 ,
1407 1609 1451 1667 ὧ
1481 1615 1657 1668 πάντα
1688 1617 1751 1667 σὺ

171 1713 371 1786 ῥᾳδίως
399 1711 491 1764 καὶ
512 1709 884 1779 διανοούμενος
907 1707 999 1761 καὶ
1029 1707 1158 1774 ὲκφέ
1170 1724 1274 1776 ρων
1297 1722 1311 1770 ;
1342 1705 1650 1775 Μονογενὴς
1673 1705 1748 1764 δὲ,

1854 517 1996 586 quod
2045 517 2124 570 eis
2164 516 2268 568 erit
2323 515 2558 567 maximo
2613 514 2996 582 impedimento
3033 513 3098 566 ad
3163 522 3424 568 creatura:

1857 607 2278 675 blasphemiam.
2315 604 2421 669 Qui
2465 604 2607 658 enim
2669 603 2850 659 dixit:
2906 601 3137 657 Possedi‘
3163 601 3426 656 hominem

1853 716 1942 767 per
1974 699 2138 752 Deum
2162 697 2229 760 ⁸ο,
2255 705 2464 750 constat
2484 710 2604 749 eum
2635 695 2738 750 hac
2761 709 2891 748 voce
2925 710 3080 746 usum
3123 708 3260 758 esse,
3315 709 3422 748 non

1853 793 1994 860 quod
2032 799 2270 845 creasset
2304 787 2458 854 Cain,
2501 788 2595 844 sed
2623 787 3088 858 quod'genuisset.

1921 977 2012 1029 21.
2041 976 2144 1030 Sed
2179 974 2320 1030 unde
2346 975 2644 1044 incepimus
2676 973 2978 1028 redeamus.

1925 1071 2056 1126 Eun.
2093 1068 2320 1130 Idcirco,
2351 1068 2558 1136 inquit,’
2591 1065 2936 1135 Unigenitus,
2971 1063 3224 1133 quoniam
3251 1077 3280 1116 a
3307 1062 3422 1118 solo

1852 1165 2067 1232 genitus
2124 1170 2179 1218 et
2231 1169 2470 1224 creatus,
2521 1157 2953 1230 perfectiSsimus
2999 1157 3171 1210 factus
3197 1165 3280 1210 est
3320 1156 3421 1210 Ini-

1855 1257 2037 1309 nister.

1924 1347 2048 1408 Bas.
2077 1345 2132 1400 Si
2180 1361 2309 1414 ergo
2339 1361 2444 1401 non
2493 1344 2750 1413 quoniam
2777 1343 2923 1397 solus
2945 1343 3159 1411 genitus
3189 1351 3294 1404 est,
3323 1340 3418 1396 sed

1852 1442 2104 1511 queniarn
2167 1455 2194 1493 a
2228 1441 2360 1503 solo,
2415 1437 2730 1505 Unigenitus
2787 1437 2960 1491 dictus
2987 1435 3105 1502 est',
3149 1435 3192 1488 si
3235 1449 3422 1488 rursus

1853 1534 1992 1588 idem
2019 1543 2102 1586 est
2123 1533 2417 1586 secundum
2451 1542 2502 1584 te
2523 1531 2760 1598 genitum
2790 1543 2909 1584 esse
2925 1539 2974 1582 et
2995 1539 3238 1583 creatum
3264 1541 3414 1590 esse;

1853 1641 1951 1678 cur
1983 1641 2086 1678 non
2136 1625 2299 1679 etiam
2351 1625 2686 1677 unicreatum
2741 1637 2860 1676 eum
2921 1607 3156 1689 appellas
3187 1631 3278 1682 tu,
3329 1620 3418 1689 qui

1853 1715 2034 1768 omnia
2063 1715 2219 1768 facile
2261 1724 2316 1768 et
2345 1715 2622 1784 excogitas
2649 1723 2703 1767 et
2745 1711 2994 1782 profers?
3024 1712 3192 1766 Nemo
3243 1721 3420 1765 autem

166 1805 244 1876 ὡς
270 1803 464 1866 ἔοικεν,
508 1801 809 1872 ἀνθρώπων
846 1800 1052 1862 οὐδεὶς,
1098 1799 1238 1852 κατά
1264 1815 1327 1866 γε
1355 1798 1444 1850 τὸν
1487 1797 1753 1867 ἡμέτερον

1869 1823 2038 1868 ionio,
2077 1817 2135 1860 ut
2169 1807 2344 1869 video,
2369 1823 2432 1860 ex
2471 1815 2645 1860 vestra
2674 1806 2940 1860 sententia
2973 1815 3058 1860 est
3086 1803 3419 1874 unigenitus,

167 1895 328 1964 λόγον
353 1894 442 1947 διὰ
467 1894 526 1947 τὸ
554 1897 615 1946 ἐκ
643 1892 978 1962 συνδυασμοῦ
1012 1892 1174 1944 πᾶσιν
1207 1891 1470 1960 ὑπάρχειν
1506 1889 1602 1959 τὴν
1633 1889 1753 1955 γέν-

171 2003 350 2056 νησιν.
401 1985 535 2038 Οὐδὲ
579 1987 612 2054 ἡ
655 1985 804 2055 Σάρα
849 1985 1034 2054 μήτηρ
1085 1983 1405 2054 μονογενοῦς
1430 1978 1498 2052 ἦν
1540 1983 1750 2045 παιδὸς,

165 2079 303 2134 διότι
337 2077 459 2147 οὐχ).
505 2077 638 2147 μόνη
664 2077 846 2138 αὐτὸν,
877 2075 1012 2128 ἀλλὰ
1050 2075 1185 2144 μετὰ
1219 2073 1310 2127 τοῦ
1349 2073 1600 2145 Ἀϐραὰμ
1633 2075 1750 2125 ἐτε-

168 2170 437 2224 κνώσατο.
469 2170 578 2223 Καὶ
601 2169 694 2221 ἐάν
726 2185 782 2236 γε
815 2169 987 2238 κρατῇ
1011 2167 1076 2220 τὰ
1097 2168 1358 2237 ὑμέτερα,
1392 2167 1604 2234 ἀνάγκη
1635 2166 1753 2218 ὅλον

169 2263 262 2319 τὸν
313 2263 428 2332 βίον
493 2260 824 2332 μεταμαθεῖν
849 2261 982 2330 (5⁵2),
1024 2261 1096 2330 μὴ
1152 2258 1434 2329 μονώσεως
1489 2258 1750 2326 ἀδελφῶν,

169 2355 285 2408 ἀλλ’
322 2355 557 2426 ἐρημίας
588 2354 694 2405 τῶν
725 2351 1112 2404 συντικτόντων
1137 2349 1428 2420 δηλωτικὸν
1461 2345 1600 2402 εἶναι
1635 2349 1752 2402 τοῦ-

171 2464 332 2516 νομα.
367 2446 506 2513 Ἤδη
529 2446 584 2498 δὲ
618 2445 709 2496 καὶ
743 2446 774 2514 ἡ
809 2444 982 2507 κτίσις
1010 2443 1160 2514 παρὰ
1190 2443 1288 2513 τὴν
1311 2443 1487 2496 αἰτίαν
1507 2441 1600 2494 τοῦ
1617 2441 1753 2494 Ε)εοῦ

171 2541 342 2607 Λόγον
365 2539 499 2610 πρὸς
523 2538 622 2608 τὴν
652 2538 806 2612 ἀξίαν
841 2537 1172 2605 ἠλάττωται,
1211 2535 1363 2606 παρὰ
1389 2535 1639 2588 τοσοῦτον
1661 2534 1754 2586 τοῦ

171 2631 269 2696 καὶ
303 2630 442 2700 αὑτὴ
492 2630 788 2699 μονογενὴς
826 2625 962 2682 εἶναι
1002 2628 1396 2699 διαμαρτοῦσα,
1427 2629 1554 2697 παρ’
1581 2627 1704 2678 ὅσον
1727 2627 1756 2678 ὁ

175 2723 301 2784 Υἱὸς
348 2722 444 2791 τῆς
472 2721 832 2794 δημιουργίας
877 2719 954 2790 τῷ
990 2720 1165 2790 Ila-cpi.
1204 2719 1548 2790 συνεφήψατο
1573 2735 1584 2748 ⁸
1639 2717 1758 2770 καί-

171 2833 324 2884 τοιγε
373 2815 492 2868 οὐδὲ
538 2816 696 2868 τοῦτο
761 2818 888 2885 παρ’
948 2814 1127 2868 αὐτῶν
1195 2813 1305 2882 (55)
1369 2816 1752 2884 συγχωρεῖς-αι.

183 2905 494 2977 ’Υπουργὺν
547 2908 655 2976 γὰρ
689 2905 1022 2960 τελειότατον
1071 2905 1228 2958 αὑτὸν
1263 2904 1607 2974 ὀνομάζουσι.
1635 2903 1756 2966 Πῶς

172 2995 267 3052 οὖν
297 2997 421 3068 οὐχὶ
452 2998 601 3070 παρὰ
642 2999 803 3068 μόνου
833 2998 926 3051 καὶ
953 3000 985 3069 ὴ
1025 2998 1200 3059 κτίσις
1229 2995 1562 3064 γέγονενκαθ⁹
1590 2997 1756 3064 ὑμᾶς,

172 3087 285 3144 οἷόν
327 3109 379 3143 τι
431 3091 658 3162 ὄργανον
703 3089 908 3161 ἄψυχον
962 3091 1052 3143 τὸν
1089 3091 1218 3143 Θεὸν
1253 3091 1423 3156 Λόγον
1457 3088 1546 3158 τῷ·
1581 3088 1758 3158 Πατρὶ

173 3182 566 3255 προστιθέντας
586 3225 600 3246 ,
637 3185 684 3236 εἰ
731 3182 803 3253 μὴ
834 3184 926 3236 καὶ
954 3183 1044 3234 τὸν
1083 3183 1360 3251 ναυπηγὸν
1390 3181 1753 3252 ἀφαιρήσεταί

177 3293 259 3336 τις
320 3275 480 3344 μόνον
538 3275 891 3343 πεποιηκέναι
945 3274 1040 3343 τὴν
1089 3273 1240 3330 ναῦν,
1290 3275 1370 3344 ὅτι
1415 3273 1478 3343 δὴ
1508 3273 1756 3342 ὀργάνοις

173 3363 314 3434 πρὸς
335 3362 432 3433 τὴν
463 3365 808 3433 κατασκευὴν
841 3365 1245 3433 συνεχρήσατος
1280 3363 1440 3414 Ὥστε
1474 3362 1764 3432 μονογενὴς

173 3457 274 3508 καὶ
321 3456 356 3524 ἡ
399 3457 593 3518 κτίσις,
625 3456 718 3508 καὶ
736 3457 806 3508 τὰ
843 3457 982 3527 μέρη
1012 3457 1214 3526 ταύτης
1243 3456 1384 3526 (54)’
1428 3457 1488 3509 οὐ
1523 3457 1686 3527 μόνον
1710 3445 1766 3509 αἳ

171 3549 402 3618 ᾁόρατοι
435 3547 709 3616 δυνάμεις,
743 3549 877 3600 ἀλλὰ
909 3549 1004 3601 καὶ
1031 3548 1098 3602 τὰ
1129 3548 1363 3619 αἰσθητὰ
1390 3548 1638 3620 σώματα,
1675 3552 1767 3602 καὶ

175 3639 388 3691 τούτων
425 3639 492 3692 τὰ
536 3639 913 3704 εὐτελέστατα,
949 3643 1191 3704 σκνῖπες,
1242 3641 1336 3694 καὶ
1381 3642 1622 3712 ἀκρίδες,
1673 3644 1766 3696 καὶ

177 3730 463 3808 βάτραχοι.
491 3732 676 3796 Αὐτὸς
721 3733 829 3800 γὰρ
875 3729 1034 3795 εἷπε,
1077 3734 1172 3786 καὶ
1215 3733 1595 3802 ἐγενήθησαν
1630 3735 1762 3804 (55).

181 3821 348 3884 Τίνος
379 3822 488 3892 γὰρ
520 3822 585 3875 ἂν
635 3824 729 3876 κα)¹
763 3825 1063 3895 ὑπουργίας
1104 3824 1274 3878 δέοιτο
1314 3825 1342 3876 ὁ
1377 3825 1640 3895 θελήματι
1673 3825 1766 3894 51.6-

173 3931 258 3981 νῳ
309 3912 421 3981 (55)
451 3912 818 3984 δημιουργῶν,
857 3913 990 3984 ὁμοῦ
1037 3917 1101 3984 τῇ
1152 3913 1400 3985 βουλήσει
1440 3931 1768 3982 συνυφιστα-

177 4005 355 4075 μένης
383 4003 481 4074 τῆς
513 4005 740 4068 κτίσεως
758 4023 772 4071 ;
792 4005 952 4058 Ἀλλά
973 4008 1058 4071 τί;
1093 4007 1207 4070 πῶς
1235 4007 1347 4075 (57)
1367 4007 1460 4060 καὶ
1483 4007 1603 4060 καθ’
1621 4011 1770 4078 ἡμᾶς

175 4097 275 4151 διὰ
301 4097 397 4150 τοῦ
427 4096 556 4150 Υίοῦ
581 4099 650 4152 τὰ
685 4099 900 4164 πάντας
937 4101 1058 4152 Ὅτι
1092 4100 1150 4152 τὸ
1190 4099 1330 4152 θεῖον
1365 4099 1628 4170 βούλημα,
1662 4095 1771 4153 οἷον

179 4189 374 4259 πηγῆς
409 4206 552 4253 τινος
589 4191 686 4260 τῆς
721 4189 941 4260 πρώτης
983 4191 1161 4252 αἰτίας
1198 4189 1535 4260 ἁςορμηθὲν,
1565 4190 1650 4243 διὰ
1675 4191 1771 4260 τῆς

257 4389 302 4420 ⁸⁸
337 4385 466 4441 Gen.
530 4403 580 4440 Iv
617 4431 629 4452 ,
696 4389 746 4442 1.
833 4389 882 4430 ⁸¹μ
927 4388 1064 4444 l's:tl.
1107 4405 1329 4455 CXLVIII,
1360 4389 1423 4453 5.,

281 4586 372 4652 51)
407 4585 546 4639 Editi
579 4588 624 4640 τ’
659 4587 790 4640 αὐτὸ
817 4587 894 4641 δέ.
921 4587 1064 4642 Libri
1091 4600 1301 4642 veteres
1325 4589 1543 4648 ταυτόν.

257 4657 372 4724 (52)
397 4656 600 4712 Horum
635 4661 942 4720 verborum,
962 4657 1190 4728 ἀνάγκη
1219 4659 1365 4713 ὅλον
1378 4661 1502 4725 τόν,
1527 4671 1652 4720 etc.,
1679 4659 1760 4712 in-

181 4729 639 4795 terpretationem
671 4737 907 4781 veterem
947 4745 1050 4782 non
1093 4732 1326 4796 probans
1379 4729 1760 4790 Combeﬁsins,

180 4801 308 4864 ejus
367 4796 484 4850 loco
529 4797 669 4850 hanc
716 4799 996 4850 substituit
1035 4816 1048 4850 :
1091 4797 1314 4851 Necesse
1371 4809 1446 4851 est
1509 4800 1762 4852 mundum

179 4883 416 4929 onmem,
450 4867 629 4920 relicto
653 4883 739 4928 eo,
775 4869 912 4935 quod
934 4868 1178 4920 humanis
1211 4869 1500 4922 rationibus
1531 4869 1762 4931 sedebat,

179 4952 379 4990 novum
397 4936 684 5007 addiscere,
714 4938 968 5007 unigeniti
1010 4953 1194 4990 nomen
1220 4954 1322 4990 non
1363 4939 1416 4989 id
1441 4939 1761 5007 signiﬁcare,

177 5007 330 5076 quod
357 5005 530 5058 nullos
554 5007 670 5071 quis
695 5007 888 5074 fratres
908 5005 1119 5069 habeat,
1148 5011 1234 5060 sed
1278 5011 1416 5075 quod
1459 5005 1560 5060 uno
1605 5021 1649 5060 et
1684 5010 1764 5058 al-

179 5090 300 5129 tero
343 5087 557 5142 parente
598 5089 886 5144 prognatus
943 5085 1170 5130 nonest.
1217 5076 1330 5130 lloc
1360 5088 1463 5141 est,
1517 5079 1764 5130 homines

181 5161 403 5209 mnnes,
433 5146 474 5199 si
537 5147 704 5200 semel
739 5145 1006 5200 Eunomia
1061 5147 1194 5200 fides
1247 5147 1526 5210 habeatur,
1562 5159 1760 5199 mutatu

182 5216 466 5284 sententia
486 5215 696 5269 discam
727 5226 956 5284 oportet,
989 5216 1248 5284 unigeniti
1278 5219 1492 5268 nomine
1523 5231 1628 5270 non
1663 5218 1766 5270 hoc

183 5283 514 5350 significari,
549 5287 690 5354 quod
721 5283 858 5338 unus
888 5283 1191 5352 aliquis’sit
1247 5287 1393 5339 solus
1429 5288 1546 5339 sine
1574 5287 1762 5352 fratre,

177 5355 286 5408 sed
319 5355 464 5422 quod
493 5371 598 5408 non
631 5357 741 5408 sint
767 5356 1062 5426 genitores,
1093 5355 1183 5424 qui
1227 5356 1386 5410 simul
1425 5357 1495 5410 ad
1527 5371 1650 5410 eum
1687 5359 1766 5424 gi-

181 5426 464 5496 gnentium
497 5429 890 5496 concurrerint.
1015 5495 1028 5496 ί
1427 5495 1435 5496 7
1495 5447 1504 5454 -

265 5493 380 5566 (55)
411 5494 586 5566 Editio
604 5495 775 5566 Paris.
799 5495 919 5566 οὐδὲ
944 5495 1104 5566 τοῦτο
1119 5496 1177 5548 τὸ
1205 5495 1612 5565 συνεφάψασθαι
1636 5497 1765 5566 παρ’

185 5563 590 5634 αὐτῶνηιιιυιι,
625 5565 686 5618 τὸ
719 5565 1126 5634 συνεφάψασθαι
1149 5606 1164 5626 ,
1195 5563 1464 5620 addidisse
1497 5581 1556 5620 se
1589 5581 1651 5620 ex
1675 5563 1766 5620 co-

187 5639 320 5688 Ilice
381 5633 730 5701 llenriciano,
769 5649 948 5690 monet
1005 5639 1248 5690 Dircaeus.
1309 5637 1438 5699 Sed,
1465 5637 1590 5690 dum
1623 5638 1764 5690 hunc

188 5705 441 5758 corticem
511 5705 768 5773 legerem,
833 5707 1190 5759 animadverti
1247 5707 1298 5759 in
1349 5721 1412 5760 eo
1447 5721 1552 5760 non
1597 5721 1765 5773 pauca

193 5775 452 5837 reperiri,
479 5789 599 5836 qua:
623 5775 710 5837 qui
745 5775 940 5830 dixerit
971 5776 1336 5830 additamenta
1369 5790 1488 5830 esse
1513 5776 1765 5830 librario-

1855 1913 1976 1950 cnm
2006 1901 2284 1967 generatio
2311 1915 2374 1951 ex
2403 1899 2630 1953 duorum
2656 1897 2798 1951 coitu
2839 1897 2972 1950 insit
3007 1896 3279 1951 omnibus.
3311 1894 3423 1952 Nec

1857 1989 1992 2044 Sara
2021 1991 2280 2060 unigeniti
2314 1991 2405 2043 lilii
2435 1989 2596 2059 257
2631 2001 2802 2042 mater
2828 1997 2968 2053 erat,
2997 2003 3119 2043 cum
3165 2003 3271 2042 non
3300 1987 3418 2042 sola

1854 2098 2000 2147 eum,
2037 2083 2130 2137 sed
2157 2097 2278 2136 cum
2303 2082 2575 2135 Abraham
2615 2081 2885 2150 genuerit.
2917 2079 2984 2133 Et
3014 2088 3186 2143 certe,
3229 2079 3273 2132 si
3307 2077 3424 2146 opi-

1857 2177 1948 2230 nio
1985 2183 2165 2230 vestra
2189 2174 2419 2233 obtinet,
2451 2187 2672 2226 necesse
2699 2181 2785 2225 est
2811 2185 2974 2226 omne
3015 2170 3292 2225 hominum
3328 2183 3422 2238 ge-

1857 2283 1956 2322 nus
1984 2266 2251 2322 sententia
2287 2275 2490 2319 mutata
2529 2267 2760 2328 discere,
2798 2277 2903 2318 non
2933 2277 3051 2318 eam
3077 2261 3422 2317 solitudinem

1855 2375 1975 2428 quae
2007 2359 2267 2412 fratribus
2292 2366 2464 2422 caret,
2505 2357 2600 2412 sed
2627 2370 2745 2410 eam
2777 2369 2896 2425 quae
2917 2353 3292 2425 congenitores
3317 2369 3422 2408 non

1858 2452 2056 2516 habet,
2116 2453 2216 2506 hoc
2273 2452 2374 2506 isto
2428 2451 2643 2506 nomine
2700 2449 3014 2521 signiﬁcari.
3063 2447 3181 2502 Jam
3218 2463 3344 2504 vero
3372 2457 3426 2502 et

1856 2555 2101 2598 creatura
2138 2545 2248 2598 Deo
2289 2543 2466 2597 Verbo
2517 2543 2782 2612 dignitate
2839 2541 3064 2596 inferior
3118 2549 3202 2596 est
3245 2555 3427 2596 causa:

1857 2637 2098 2699 nomine,
2129 2651 2251 2690 cum
2279 2637 2350 2691 ob
2371 2635 2420 2690 id
2450 2635 2621 2689 solum
2661 2644 2715 2688 et
2751 2635 2862 2704 ipsa
2891 2633 3161 2703 unigenita
3191 2625 3425 2696 non'sit;

1857 2723 2001 2800 quod
2033 2731 2203 2784 Filius
2233 2744 2336 2784 una
2362 2745 2482 2783 cum
2506 2727 2669 2784 Patre
2695 2729 3023 2782 creationem
3041 2727 3242 2794 attigit,
3259 2741 3429 2795 quan-

1858 2839 2016 2890 quam
2055 2839 2120 2877 ne
2155 2824 2255 2876 hoc
2283 2823 2499 2891 quidem
2533 2820 2602 2876 ab
2629 2821 2758 2891 ipsis
2790 2819 3122 2876 conceditur.
3143 2819 3275 2872 Nam
3301 2833 3427 2888 per-

1860 2910 2212 2966 fectissimum
2244 2911 2548 2964 ministrum
2601 2925 2722 2964 eum
2791 2907 3086 2962 nominant.
3145 2907 3431 2974 Quomodo.

1861 3005 2021 3075 igitur
2045 3019 2149 3058 non
2175 3020 2204 3057 a
2229 3004 2340 3058 sola
2369 3013 2615 3058 creatura
2645 3003 2806 3056 etiam
2847 2999 2986 3054 facta
3009 3011 3092 3052 est
3125 2999 3420 3054 secundum

1861 3111 1975 3160 vos,
2000 3095 2090 3165 qui
2117 3095 2258 3150 velut
2291 3095 2642 3148 inanimatum
2692 3094 2959 3163 quoddam
3007 3093 3424 3146 instrumentum

1862 3189 2028 3242 Deum
2053 3187 2284 3241 Verbum
2313 3186 2456 3240 Patri
2485 3185 2772 3257 adjungitis
2789 3185 2813 3239 ?
2830 3184 2942 3239 Nisi
2965 3185 3088 3254 quis
3116 3183 3266 3237 navis
3285 3196 3423 3251 quo-

1860 3295 1967 3350 que
1999 3278 2378 3332 fabricatorem
2411 3277 2627 3346 negabit
2655 3275 2826 3330 solum
2856 3275 3053 3330 navem‘
3102 3273 3424 3337 fabricasse,

1861 3354 2006 3435 quod
2033 3368 2408 3422 instrumentis
2441 3368 2507 3418 ad
2538 3381 2658 3420 eam
2704 3365 3127 3419 construendam
3166 3379 3294 3418 usus
3322 3371 3426 3416 est.

1862 3461 2039 3527 Quare
2067 3459 2338 3528 unigenila
2363 3467 2446 3512 est
2467 3469 2520 3511 et
2539 3469 2808 3523 creatura,
2833 3458 2944 3511 imo
2972 3464 3026 3511 et
3058 3454 3200 3510 illius
3223 3463 3438 3524 partes,

1864 3565 1968 3602 non
1995 3549 2294 3603 invisibiles
2322 3550 2552 3603 virtutes
2595 3549 2790 3612 solum,
2849 3547 2940 3602 sed
2990 3561 3214 3615 corpora
3263 3547 3440 3600 etiam.

1864 3641 2163 3705 sensibilia,
2207 3649 2260 3693 et
2313 3641 2504 3694 horum
2543 3641 2861 3705 humillima,
2915 3639 3132 3700 culices,
3171 3637 3428 3700 locusta),

1865 3750 2027 3788 rame.
2065 3733 2187 3802 Ipse
2215 3735 2352 3788 enim
2389 3735 2546 3796 dixit,
2594 3745 2644 3787 et
2675 3733 2819 3802 facta
2865 3744 2986 3785 sunt
3019 3733 3087 3786 3".
3125 3731 3240 3796 Quo
3285 3731 3434 3784 enim

1867 3810 2171 3878 ministerio
2196 3825 2444 3894 indigere
2473 3825 2668 3894 possit,
2699 3825 2789 3893 qui
2820 3835 2949 3876 nutu
2973 3823 3089 3877 solo
3120 3833 3290 3886 creat,
3327 3838 3430 3874 una

1874 3931 1996 3972 cum
2054 3917 2328 3970 voluntate
2381 3927 2629 3970 creatura
2674 3916 3050 3970 subsistente?
3101 3913 3206 3968 Sed
3258 3913 3384 3983 quid
3411 3913 3444 3965 Ῠι

1866 4009 2137 4077 quomodo
2171 4010 2334 4063 etiam
2373 4011 2665 4064 secundum
2699 4024 2796 4062 nos
2831 4009 3012 4062 omnia
3043 4015 3170 4062 sunt
3210 4004 3431 4075 per‘Fi—

1869 4101 2041 4155 lium?
2067 4102 2330 4166 Quoniam
2359 4099 2539 4153 divina
2570 4100 2817 4152 voluntas
2847 4114 2874 4150 a
2907 4098 3084 4166 prima
3133 4110 3293 4151 causa
3327 4105 3444 4148 tan-.

1869 4209 2030 4264 quam
2062 4211 2089 4247 a
2124 4194 2354 4264 quodam
2377 4193 2522 4248 fonte
2551 4191 2812 4262 profecta,
2841 4205 2934 4260 per
2965 4203 3118 4244 suam
3150 4187 3444 4256 imaginem.

1791 4572 1836 4626 D
1873 4605 2134 4653 r-um,non
2166 4589 2389 4642 errabit.
2426 4587 2634 4658 Reliqui
2661 4603 2752 4642 sex
2783 4602 2914 4642 mss.
2943 4586 3260 4655 simpliciter
3283 4583 3440 4638 τοῦτο

1868 4679 1943 4714 πα
1951 4662 1998 4732 ρ’
2013 4731 2019 4732 γ
2032 4659 2230 4732 αθτῶν.

1938 4725 2051 4802 (54)
2089 4731 2214 4798 Ejus
2269 4729 2368 4802 loci
2397 4729 2664 4802 sententia
2699 4727 2815 4802 haec
2852 4737 2936 4802 est
2967 4745 2980 4780 :
3009 4725 3082 4802 _Ut
3127 4726 3358 4802 mundus
3385 4725 3437 4777 in

1865 4797 2185 4854 universum
2221 4800 2322 4853 erit
2355 4798 2666 4867 unigenitus
2693 4837 2709 4864 ,
2741 4799 2813 4852 ita
2846 4797 3069 4867 singulae
3094 4797 3210 4866 ejus
3255 4806 3440 4866 partes

1866 4881 2022 4926 erunt
2053 4885 2270 4938 quoque
2301 4869 2616 4934 unigenitaa.

1937 4940 2052 5010 (55)
2075 4932 2308 5010 Veteres
2329 4932 2570 5006 quinque
2597 4937 2717 5010 libri
2743 4947 2800 4993 et
2826 4936 2953 4991 editi
2977 4936 3126 5010 _gcal.__
3147 4932 3440 5010 ἐγεννήθη-

1868 5005 1987 5064 σαν.
2024 5005 2492 5076 υιιιΙείιιιθτρτθε,
2516 5017 2564 5060 et
2603 5008 2776 5076 genitu
2802 5017 2944 5060 sunt.
2977 5005 3128 5074 Regii
3167 5005 3361 5076 tertius
3384 5013 3442 5057 et

1865 5089 2089 5154 quartus
2138 5079 2260 5154 acab
2287 5073 2648 5154 ἐγενῄθησαν,
2673 5087 2720 5154 et
2749 5077 2900 5154 facta
2931 5073 3104 5154 sunt}.
3149 5089 3250 5154 nec
3283 5073 3443 5154 aliter

1866 5144 2062 5217 legitur
2122 5148 2262 5216 apud
2313 5144 2476 5201 LXX.
2511 5144 2596 5200 'ln
2634 5144 2878 5217 editione
2931 5145 3231 5217 Parisiensi
3279 5153 3336 5198 et
3364 5144 3440 5217 in

1867 5211 2074 5272 duobus
2111 5211 2237 5272 In'ss.
2281 5227 2405 5285 post
2435 5232 2620 5271 vocem
2663 5215 3032 5286 ἐγεννήθησαν
3073 5215 3313 5286 additum
3362 5211 3446 5265 in-

1866 5289 2072 5342 venitur
2137 5287 2265 5339 illud
2283 5283 2305 5349 -,
2347 5287 2510 5349 αὐτὸς
2551 5283 2874 5348 ἐνετείλατο,
2915 5283 3032 5338 καὶ
3085 5283 3442 5353 ἐκτίσθησαν,

1865 5361 1974 5426 ipse
2020 5357 2310 5426 martdatu't,
2363 5369 2412 5410 et
2465 5369 2645 5410 creata
2697 5368 2816 5410 sunt
2857 5371 2876 5408 :

1868 5422 2028 5484 verba
2063 5427 2116 5477 in
2149 5425 2372 5492 reliquis
2400 5428 2641 5494 quinque
2668 5426 2948 5480 codicibus
2979 5423 3176 5489 desint,
3207 5431 3263 5477 et
3307 5422 3442 5494 alio—

1867 5499 1996 5568 quin
2017 5494 2248 5568 Basilius
2267 5490 2450 5568 brevis
2477 5490 2597 5568 esse
2627 5496 2862 5548 maxime
2893 5494 3126 5568 studeat,
3141 5509 3259 5568 _uo_n
3291 5490 3446 5568 valde

1869 5562 2156 5621 admodum
2198 5565 2460 5630 dubitavi,
2495 5566 2622 5634 quin
2675 5566 2906 5635 expungi
2960 5574 3014 5620 et
3069 5563 3243 5618 deleri.
3273 5562 3441 5615 debe-

1871 5647 2009 5691 rent.

1941 5707 2053 5773 (56)
2085 5707 2312 5778 Codices
2337 5705 2551 5778 aliquot
2573 5705 2838 5778 θελήματι
2873 5705 3070 5778 μόνον...
3093 5772 3134 5778 __
3173 5773 3179 5778 Ι
3355 5765 3379 5778 η

1945 5772 2056 5844 (57)
2095 5777 2229 5832 Ειιίιὶ
2277 5775 2436 5828 Ἀλλά
2477 5793 2556 5828 τοι
2589 5772 2726 5836 πῶςζ
2757 5777 2824 5829 At
2859 5772 2992 5830 ωδ».
3033 5772 3196 5834 Ἀλλά,
3220 5787 3269 5822 τι
3307 5772 3440 5830 πῶς»

2923 5365 3101 5408 tamen
3161 5368 3281 5407 cum
3300 5349 3311 5353 ⁷
3329 5352 3445 5405 haec
3531 5349 3536 5354 ’
