3822 6216
417 266 523 322 619

1732 262 1790 319 S.
1832 262 2078 319 BASILII
2118 264 2333 321 MAGNI
3551 266 3638 324 6Ξο

422 381 592 434 Deum
628 378 860 435 Verbum
895 379 962 434 ad
988 380 1365 452 operationem
1412 380 1776 451 progreditur.
1810 382 1989 435 Euno-

2109 382 2298 444 ιίκείας
2344 382 2549 444 εἰκόνος
2595 380 2688 433 τοῦ
2726 380 2861 433 Θεοῦ
2901 380 3073 448 Λόγου
3114 379 3357 450 πρόεισιν
3402 381 3479 443 είς
3509 379 3642 451 ὲνέρ·

421 472 563 525 iuius
595 484 726 526 vero
749 470 1087 539 unigenitum
1116 470 1310 524 Filium
1343 471 1648 525 ministrum
1681 471 1990 541 appellavit,

421 567 524 619 hoc
576 566 627 620 ei
684 580 939 635 magnum
980 565 1308 631 attribueus,
1361 565 1505 634 quod
1548 567 1615 619 ad
1645 580 1834 620 eorum
1871 581 1989 634 qua:

421 654 814 723 praecipiuntur
844 654 1205 709 ministerium
1240 655 1467 709 idoneus
1498 664 1601 710 est.
1632 653 1688 710 Si
1716 655 1862 709 enim
1885 670 1989 709 non

421 748 471 797 in
497 759 562 799 eo
591 744 739 815 quod
773 744 918 799 Deus
950 745 1226 812 perlectus
1246 747 1338 808 sit,
1365 747 1703 816 maiestatem
1732 747 1988 816 possidet,

419 837 512 891 sed
542 836 596 890 in
617 817 690 890 ’ρο
706 837 850 905 quod
875 837 1095 892 sedulus
1113 838 1185 892 sit
1212 838 1484 901 minister,
1509 838 1622 905 jam
1654 853 1684 892 a
1718 839 1992 892 ministru-

422 928 575 982 luriis
601 928 910 997 spiritibus,
938 929 1030 997 qui
1061 929 1333 998 inculpate
1377 930 1667 985 ministerii
1700 945 1836 1000 opus
1863 946 1989 1000 per-

420 1020 631 1085 iit-inut,
661 1035 767 1089 qua
789 1020 843 1074 in
878 1034 937 1075 re
967 1019 1217 1076 diﬂeret‘l
1242 1021 1338 1077 His
1374 1021 1444 1077 de
1477 1022 1656 1077 causis
1694 1024 1810 1077 voci
1854 1025 1994 1093 geni-

417 1122 503 1167 tus
529 1127 716 1167 vocem
763 1122 974 1166 creatus
1012 1113 1316 1182 conjunxit,
1351 1122 1411 1168 ut
1441 1115 1603 1167 etiam
1635 1113 1762 1169 hinc
1789 1115 1989 1168 nullam

419 1206 563 1259 inter
591 1204 785 1258 Filium
818 1213 873 1257 et
897 1211 1204 1259 creaturam
1244 1205 1611 1260 diversitatem
1652 1220 1774 1260 esse
1809 1215 1993 1264 osten-

416 1297 528 1351 dat.

490 1389 579 1443 22.
612 1388 729 1444 Jam
757 1404 885 1444 vero
914 1404 1097 1459 opera:
1128 1390 1362 1459 pretium
1397 1389 1561 1446 luerit
1602 1389 1745 1444 illius
1776 1404 1992 1461 quoque

418 1481 841 1537 admonitionem
873 1482 1085 1536 audire.

487 1572 623 1627 Eun.
656 1571 771 1627 Non
806 1580 1040 1642 oportet,
1071 1572 1267 1640 inquit.
1302 1586 1424 1627 cum
1456 1570 1634 1628 Patris
1660 1591 1723 1631 ac
1747 1575 1868 1631 Filii
1892 1590 1992 1644 apo

418 1663 765 1732 pellationem
810 1663 1085 1729 audimus,
1116 1661 1233 1731 ejus
1261 1664 1662 1734 generationem
1697 1667 1986 1721 humanam

418 1755 757 1824 intelligere:
812 1769 915 1810 nec
974 1755 1254 1810 hominum
1304 1757 1653 1827 generatione
1683 1759 1989 1825 adductos,

422 1848 585 1902 Deum
616 1847 1016 1903 communionis
1044 1849 1352 1904 nominibus
1382 1857 1475 1903 aut
1498 1850 1839 1918 passionibus
1866 1851 1992 1905 sub-

413 1944 602 2009 jicere.

493 2030 616 2087 Bas.
679 2028 863 2085 Monet
925 2029 1118 2085 Filium
1184 2029 1332 2084 Patri
1383 2035 1679 2087 secundum
1737 2033 1992 2088 substan-

419 2124 548 2177 tiam
582 2124 814 2178 similem
852 2122 1078 2194 intelligi
1117 2138 1225 2178 non
1269 2134 1539 2193 oportere.
1579 2123 1692 2179 Hoc
1715 2127 1859 2179 enim
1888 2126 1991 2181 sibi

418 2215 531 2269 vult
570 2214 653 2268 illa
704 2214 1135 2284 participationis
1178 2215 1415 2284 negatio,
1464 2216 1620 2283 quasi
1670 2216 1979 2271 substantia

419 2304 600 2358 Patris
644 2319 768 2358 cum
806 2304 1112 2360 substantia
1145 2302 1267 2359 Filii
1319 2320 1423 2358 non
1456 2315 1623 2374 queat
1655 2308 1994 2363 communio-

419 2410 541 2450 nem
576 2394 737 2449 ullam
787 2396 1012 2451 liabere.
1061 2394 1356 2464 Propterea
1392 2393 1666 2465 prm'clarae
1701 2396 1829 2467 illae,
1861 2414 1994 2469 qua-

421 2504 538 2542 runt
589 2503 687 2542 nos
748 2489 963 2544 turbam
1005 2489 1487 2557 praetermisimus,
1537 2491 1815 2547 nominum
1874 2494 1992 2559 dis-

422 2579 736 2643 tinctiones,
800 2578 945 2649 quod
975 2578 1231 2634 videlicet
1264 2593 1371 2635 non
1410 2594 1859 2654 quorttmcunque
1890 2598 1995 2638 θω-

421 2669 544 2723 dem
593 2680 719 2723 sunt
768 2669 1207 2739 enuntiationes,
1252 2686 1317 2727 ea
1353 2674 1619 2729 continuo
1665 2690 1724 2731 re
1777 2692 1994 2748 quoque

417 2759 718 2831 signiﬁcata
748 2763 938 2816 eadem
969 2762 1079 2817 sint
1107 2780 1120 2818 :
1157 2772 1216 2817 ut
1248 2774 1473 2834 prOpter
1504 2781 1600 2822 eos
1633 2769 1726 2836 qui
1761 2769 1813 2824 in
1848 2764 1991 2826 terra

418 2863 599 2919 patres
628 2852 1000 2918 nominantur,
1037 2864 1197 2924 neget
1238 2855 1406 2910 Deum
1439 2855 1563 2910 Filii
1600 2856 1816 2914 Patrem
1847 2875 1989 2917 esse.

417 2942 530 3014 Ego
569 2958 721 3011 vero,
767 2959 889 2999 cum
933 2945 1100 3000 multa
1149 2946 1260 3000 sint
1304 2961 1425 3016 qua:
1473 2947 1640 3019 258
1675 2950 1992 3024 christiani.-

2096 490 2269 542 γειαν.
2315 473 2372 525 Ὁ
2419 473 2475 525 δὲ
2512 472 2603 524 τὸν
2641 471 2903 550 μονογενῆ
2945 471 3074 524 Υξὸν
3093 471 3364 543 ὑπουργὸν
3391 471 3643 540 προσηγό-

2100 581 2275 636 ρευσε.
2303 564 2460 617 τοῦτο
2491 562 2641 633 αὐτῷ
2665 563 2775 635 (58)
2803 562 3113 634 προστιθεὶς
3149 562 3308 634 μέγα,
3332 563 3418 615 ὅτι
3449 560 3646 626 εὔθετος

2096 654 2230 725 πρὸς
2251 653 2347 725 τὴν
2367 652 2640 707 διακονίαν
2667 655 2775 705 τῶν
2794 652 3234 721 ὲπιτασσομένων
3261 652 3426 705 ἐστίν.
3460 653 3521 704 Εἰ
3551 652 3645 721 γὰρ

2093 745 2192 796 οὑκ
2218 745 2276 796 ὲν
2297 742 2376 814 τῷ
2396 743 2528 806 Θεὸς
2553 740 2691 796 εἶναι
2715 741 2915 804 τέλειος
2943 740 3040 811 τὴν
3066 739 3221 803 δόξαν
3243 739 3520 809 κέκτηται,
3546 737 3645 791 ἀλλ’

2094 837 2151 888 ἐν
2181 834 2257 905 τῷ
2284 835 2553 907 ὑπουργὸς
2582 833 2835 904 ἀκριϐὴς,
2860 833 2911 886 τί
2938 832 3125 885 διοίσει
3152 831 3259 884 τῶν
3280 828 3649 900 λειτουργικῶν

2095 928 2421 997 πνευμάτων
2446 969 2461 991 ,
2507 926 2811 996 ἀμέμπτως
2843 925 2905 977 τὸ
2934 924 3093 996 ἔργον
3118 923 3217 992 τῆς
3247 922 3516 985 διακονίας
3545 923 3648 974 ἐπι-

2091 1015 2429 1080 τελοὺντωνς
2463 1014 2561 1067 Διὰ
2606 1013 2782 1066 ταῦτα
2829 1012 2907 1083 τῷ
2966 1011 3275 1081 γεννηθεὶς
3304 1011 3367 1063 τὸ
3404 1013 3652 1075 κτισθείς

2094 1108 2346 1178 συνῆψεν,
2397 1107 2485 1161 ἵνα
2535 1106 2826 1160 κάντεῦθεν
2885 1104 3155 1175 μηδεμίαν
3195 1100 3360 1158 οὖσαν
3407 1103 3537 1156 Υἱοῦ
3568 1104 3655 1157 καὶ

2091 1198 2384 1268 κτίσματος
2410 1196 2673 1269 διαφορὰν
2703 1196 2964 1268 ἐπιδείξῃ.

2163 1383 2255 1443 22.
2295 1383 2477 1450 ’Ἄξιον
2501 1382 2559 1436 δὲ
2580 1381 2809 1437 ἀκοῦσαι
2841 1381 3053 1452 καὶτῆς
3084 1381 3474 1452 παραινέσεως.

2161 1569 2322 1625 ΕΥΝ.
2384 1567 2462 1623 Οὐ
2507 1567 2635 1639 χρὴ,
2696 1566 2851 1639 φησὶ,
2893 1569 2961 1638 τῇ
2998 1562 3092 1619 τοῦ
3148 1563 3360 1636 [ἰατρὸς
3421 1564 3515 1616 καὶ
3570 1562 3661 1617 τοῦ

2090 1661 2222 1717 Υἱοῦ
2247 1661 2358 1734 (59)
2381 1662 2745 1735 προσέχοντας
2769 1662 3110 1735 προσηγορία
3133 1659 3483 1732 ἀνθρωπικὴν
3498 1656 3662 1712 αὑτοῦ

2093 1755 2190 1826 τὴν
2226 1756 2479 1826 γέννησιν
2512 1756 2733 1821 ἐννοεῖν,
2784 1757 2893 1810 κάκ
2928 1755 3037 1809 τῶν
3067 1756 3125 1808 ὲν
3161 1752 3470 1825 ἀνθρώποις
3507 1754 3661 1821 γενέ-

2096 1860 2233 1897 σεων
2279 1844 2672 1914 ἀναγομένους,
2698 1848 2811 1910 τοῖς
2835 1846 2936 1915 τῆς
2970 1845 3256 1915 μετουσίας
3301 1843 3410 1916 (60)
3440 1844 3663 1915 ὀνόμασι

2094 1938 2190 1991 καὶ
2223 1936 2453 1991 πάθεσιν
2473 1937 2705 2005 ὑπάγειν
2737 1937 2827 1989 τὸν
2852 1936 3003 1991 Θεόν.

2164 2028 2312 2083 ΒΑΣ.
2368 2029 2431 2081 Ἦ
2480 2029 2576 2099 μὲν
2634 2028 2984 2100 παραίνεσις,
3026 2027 3100 2099 μὴ
3136 2027 3246 2080 δεῖν
3278 2026 3375 2099 τὴν
3414 2025 3534 2080 κατ’
3576 2028 3666 2078 οὐ.

2096 2119 2217 2173 σίαν
2253 2118 2382 2172 Υίοῦ
2433 2120 2527 2171 καὶ
2559 2119 2773 2191 Πατρὸς
2797 2118 3088 2189 ὁμοιότητα
3125 2120 3343 2172 ἐννοεῖν.
3370 2115 3539 2170 Τοῦτο
3556 2116 3665 2187 γὰρ

2093 2211 2240 2283 αὑτῷ
2292 2212 2535 2283 βούλεται
2577 2215 2608 2284 ἡ
2656 2213 2755 2282 τῆς
2808 2211 3093 2282 μετουσίας
3141 2212 3541 2282 ἀπαγόρευσις,
3587 2209 3663 2272 ὡς

2093 2304 2456 2376 ἀκοινωνήτου
2506 2303 2607 2373 τῆς
2640 2304 2732 2357 τοῦ
2787 2303 2996 2375 Πατρὸς
3031 2304 3218 2366 οὐσίας
3262 2303 3399 2373 πρὸς
3429 2303 3528 2372 τὴν
3568 2301 3665 2354 τοῦ

2094 2393 2431 2463 Μονογενοῦς
2466 2394 2836 2466 ὑπαρχούσης.
2872 2394 2971 2447 Διά
3014 2393 3186 2448 ταῦτα
3225 2394 3336 2465 (61)
3370 2395 3428 2445 αἱ
3472 2394 3670 2462 σεμναὶ

2096 2489 2300 2541 ἐκεῖναι
2336 2486 2454 2553 τῶν,
2478 2487 2756 2558 ὀνομάτων
2788 2486 3082 2549 διαστολαὶ,
3113 2479 3189 2540 ὧν
3213 2487 3303 2540 τὸν
3329 2485 3483 2557 ὄχλον
3510 2487 3671 2556 ἡμεῖς

2094 2580 2466 2652 ὑπερέϐημεν·
2496 2580 2571 2644 ὡς
2615 2579 2737 2650 οὐχὶ
2764 2580 2903 2632 ὅσων
2953 2580 3007 2632 αἱ
3041 2580 3373 2650 ἐκφωνήσεις
3400 2579 3455 2631 αἱ
3484 2577 3672 2639 αὑταὶ,

2092 2674 2264 2728 ταῦτα
2305 2672 2401 2726 καὶ
2424 2672 2503 2744 τῷ
2536 2674 2917 2743 σημαινομένῳ
2956 2672 3055 2743 ήδη
3093 2672 3293 2736 ταυτά,
3334 2671 3423 2725 ἵνα
3454 2669 3517 2723 τὸ
3560 2671 3677 2725 Πα-

2092 2770 2225 2841 τέρα
2256 2766 2393 2823 εἶναι
2426 2767 2519 2822 τοῦ
2554 2768 2686 2823 Υἱοὺ
2717 2769 2806 2823 τὸν
2837 2767 2970 2820 Θεὸν
3011 2766 3099 2819 διὰ
3127 2766 3256 2829 τοὺς
3289 2764 3384 2817 ἐπὶ
3420 2765 3526 2836 γῆς
3568 2782 3678 2818 πα-

2094 2863 2257 2932 τέρας
2312 2859 2741 2932 ὀνομαζομένους
2793 2858 3080 2929 ἀφέληται.
3135 2855 3275 2924 Ἐγὼ
3318 2855 3409 2919 δὲ,
3457 2856 3677 2910 πολλῶν

2094 2953 2285 3016 ὄντων,
2323 2952 2361 3008 ἀ
2420 2952 2510 3007 τὸν
2560 2949 2991 3023 Χριστιανισμὸν
3040 2947 3150 3003 ἀπὸ
3202 2949 3303 3020 τῆς
3355 2947 3679 3019 Ἑλληνικῆς

420 3053 598 3093 smum
629 3053 661 3092 a
708 3037 896 3107 gentili
937 3053 1128 3093 errore
1156 3054 1221 3094 ac
1247 3037 1470 3095 .lndaica
1507 3042 1812 3111 ignorantia
1860 3044 1994 3099 diri-

2109 3043 2307 3113 πλάνης
2339 3043 2434 3097 καὶ
2477 3044 2575 3114 τῆς
2615 3042 2913 3113 Ἰουδαϊκῆς
2954 3040 3229 3109 ἀγνωσίας
3264 3041 3554 3110 διίστησιν.
3581 3040 3675 3095 οὗ·

418 3139 586 3196 mant,
617 3130 822 3187 nullum
857 3129 1097 3187 arbitror
1125 3130 1177 3185 in
1224 3140 1423 3186 nostrae
1461 3131 1653 3188 salutis
1699 3133 1992 3204 Evangelia

419 3220 599 3274 inesse
646 3220 824 3287 potius
861 3232 927 3274 ac
968 3216 1143 3286 majus
1192 3217 1409 3284 dogma,
1457 3234 1621 3289 quam
1666 3221 1723 3275 in
1773 3220 1989 3278 Patrem

419 3322 474 3365 et
508 3309 706 3364 Filium
743 3308 924 3363 ﬁdem.
954 3306 1089 3363 Nam
1130 3308 1212 3364 vel
1246 3308 1283 3363 ii
1316 3310 1409 3380 qui
1449 3325 1773 3383 quocunque
1806 3328 1994 3371 errore

421 3401 584 3455 scissi
614 3409 763 3466 sunt,
806 3401 974 3454 Deum
1004 3410 1306 3456 creatorem
1341 3417 1406 3455 ac
1435 3403 1685 3471 opiﬁcem
1716 3418 1836 3460 esse
1863 3420 1996 3461 con-

425 3495 672 3546 titentur.
724 3492 827 3558 Qui
881 3507 1013 3548 vero
1071 3491 1209 3548 falso
1262 3494 1593 3563 appellatum
1633 3495 1891 3565 Patrem,
1942 3508 1997 3554 et

421 3585 615 3640 Filium
650 3588 793 3642 nuda
849 3586 1213 3658 appellatione
1262 3589 1560 3657 praedicat,
1596 3590 1841 3663 nihilque
1888 3591 1995 3645 dil-

419 3681 565 3735 ferre
613 3680 931 3746 arbitratur,
967 3679 1048 3735 vel
1082 3678 1298 3734 Patrem
1340 3678 1423 3732 vel
1478 3689 1781 3735 creatorem
1831 3681 1997 3750 proti-

419 3773 542 3836 teri,
565 3781 621 3826 et
647 3779 742 3825 aut
768 3771 963 3826 Filium
996 3780 1089 3825 aut
1123 3770 1390 3825 facturam
1419 3771 1623 3837 dicere,
1656 3774 1747 3827 ubi
1780 3788 1811 3826 a
1842 3774 1998 3828 nobis

420 3865 811 3921 collocabitur?
845 3875 939 3919 aut
986 3879 1095 3934 qua
1143 3864 1197 3918 in
1246 3874 1394 3920 secta
1445 3864 1854 3920 numerabitur?
1899 3864 1997 3920 Ju-

418 3957 728 4013 daeorumne
768 3972 836 4011 an
880 3958 1166 4026 gentium?
1215 3955 1327 4012 Nec
1375 3956 1522 4012 enim
1567 3956 1897 4027 Christianis
1938 3973 2000 4014 se

420 4048 693 4118 adiunget,
724 4050 815 4119 qui
852 4050 1067 4118 pietatis
1100 4050 1267 4104 robur
1289 4058 1343 4103 et
1381 4049 1530 4105 velut.
1579 4048 1858 4119 religionis
1899 4066 1999 4105 no-

421 4152 545 4195 strue
575 4142 945 4197 characterem
975 4142 1268 4197 inliciatur.
1312 4141 1430 4197 Non
1466 4142 1614 4197 enim
1649 4145 1703 4198 in
1749 4142 1996 4213 opilicem

421 4231 774 4299 credidimus,
803 4243 859 4287 et
896 4235 949 4287 in
982 4232 1246 4288 facturam
1278 4252 1291 4287 ε
1335 4234 1430 4288 sed
1475 4236 1526 4287 in
1564 4233 1780 4290 Patrem
1813 4244 1869 4290 et
1913 4235 2000 4290 Fi-

424 4323 553 4375 lium
586 4336 681 4392 per
707 4322 960 4391 baptismi
992 4324 1224 4393 gratiam
1262 4322 1532 4393 obsignati
1566 4338 1775 4380 sumus.
1805 4323 1999 4392 Quam-

2092 3136 2179 3191 δὲν
2212 3135 2450 3207 ἠγοῦμαι
2497 3134 2831 3206 κυριώτερον
2878 3134 3055 3204 δόγμα
3085 3132 3181 3203 τῆς
3207 3132 3290 3195 είς
3319 3131 3538 3203 Πατέρα
3580 3132 3684 3185 καὶ

2095 3230 2224 3283 Υἱὸν
2270 3228 2509 3292 πίστεως
2561 3227 2638 3298 τῷ
2686 3224 3006 3297 Εὑαγγελίῳ
3060 3225 3157 3295 τῆς
3203 3224 3479 3295 σωτηρίας
3517 3223 3684 3294 ῆμιῖιν

2097 3323 2422 3393 ἐνυπάρχειν
2453 3320 2583 3392 (62).
2624 3319 2776 3372 Ἐπεὶ
2810 3317 2869 3370 τό
2898 3334 2964 3386 γε
2999 3317 3224 3388 κτίστην
3263 3310 3403 3369 εῖναι
3449 3314 3551 3368 καὶ
3579 3314 3685 3384 δη-

2099 3413 2357 3486 μιουργὸν
2394 3412 2487 3467 τὸν
2516 3411 2649 3465 Θεὸν
2674 3410 2770 3464 καὶ
2797 3410 2847 3462 οἱ
2876 3408 2998 3462 καθ’
3035 3407 3429 3479 όποιανδήποτε
3460 3406 3685 3475 πλάνην

2095 3504 2485 3576 ἀπεσχισμένοι
2531 3501 2885 3557 συντίθενται.
2923 3499 2981 3553 '0
3032 3498 3088 3552 δὲ
3139 3497 3359 3569 Πατέρα
3405 3495 3692 3568 ψευδώνυ-

2099 3616 2218 3669 μον,
2251 3598 2345 3651 καὶ
2402 3593 2726 3666 Υἰὸν’μέχρι
2773 3590 3148 3664 προσηγορίας
3181 3588 3345 3660 ψιλῆς
3396 3587 3515 3660 (65)
3549 3606 3693 3642 κατ-

2096 3688 2396 3759 αγγέλλων,
2459 3688 2554 3741 καὶ
2610 3685 2763 3738 οὐδὲν
2814 3682 3117 3754 ἡγούμενος
3164 3680 3457 3752 διαφέρειν,
3499 3681 3537 3751 ἢ
3573 3682 3697 3734 Πα-

2096 3783 2229 3853 τέρα
2286 3779 2565 3852 ὁμολογεῖν
2637 3778 2672 3847 ἢ
2753 3775 2999 3844 κτίστην,
3070 3776 3164 3829 καὶ
3225 3776 3346 3845 ῆτοι
3400 3772 3535 3827 Υἰὸν
3597 3772 3699 3826 λέν

2098 3888 2217 3940 γειν
2257 3870 2291 3942 ἢ
2327 3869 2573 3940 ποίημα,
2614 3864 2716 3920 ποῦ
2762 3865 3043 3931 τετάξεται
3094 3867 3221 3937 παρ’
3261 3863 3450 3935 ημῶνς
3503 3863 3542 3933 ἢ
3585 3863 3703 3933 τῆς

2101 3963 2260 4026 ποίας
2313 3957 2452 4014 εἶναι
2493 3958 2710 4030 μερίδος
2741 3958 3183 4030 ἀριθμηθήσεται
3216 3956 3361 4027 (64);
3404 3958 3511 4026 τῆς
3556 3957 3707 4009 ’1ου-

2098 4054 2284 4115 δαίων,
2329 4052 2363 4123 ἢ
2422 4052 2521 4123 τῆς
2576 4049 2876 4121 Ἑλλήνων;
2925 4051 3002 4103 Οὐ
3065 4048 3174 4120 γὰρ
3225 4047 3290 4118 δὴ
3334 4048 3707 4118 Χριπιανοίς

2099 4146 2289 4213 ἑαυτὸν
2321 4145 2641 4215 είσποιήσει,
2666 4143 2696 4196 ὁ
2728 4141 2827 4213 τὴν
2853 4142 3083 4214 δύναμιν
3112 4140 3213 4210 τῆς
3244 4138 3561 4203 εὐσεϐείας,
3590 4141 3705 4193 καὶ

2097 4238 2189 4290 τὸν
2231 4236 2393 4291 οἱονεὶ
2425 4235 2747 4307 χαρακτῆρα
2775 4234 2874 4305 τῆς
2917 4232 3168 4305 λατρείας
3210 4230 3369 4302 ἡμῶν
3402 4230 3705 4302 ἀρνούμε-

2099 4347 2187 4393 νος
2214 4328 2345 4398 (65).
2371 4328 2445 4380 Οὑ
2474 4326 2583 4396 γὰρ
2608 4326 2688 4387 είς
2719 4325 3048 4396 δημιουργὸν
3077 4323 3173 4376 καὶ
3199 4322 3413 4392 ποίημα
3441 4322 3713 4375 ἐπιστεύ-

421 4416 607 4470 obrem
646 4416 738 4485 qui
770 4418 868 4470 has
899 4415 1131 4486 rejicere
1161 4429 1324 4468 voces
1357 4415 1542 4478 audet,
1585 4429 1800 4470 omnem
1835 4416 1994 4469 simul

2109 4436 2302 4490 σαμεν·
2353 4417 2469 4472 ἀλλ’
2509 4418 2590 4480 είς
2642 4415 2862 4487 Πατέρα
2910 4417 3007 4470 καὶ
3057 4414 3185 4468 Υίὸν
3226 4413 3314 4467 διὰ
3360 4413 3465 4484 τῆς
3516 4414 3580 4467 ὲν
3621 4413 3711 4483 τῷ

422 4507 831 4577 Evangeliorum
872 4507 979 4561 vim
1025 4506 1155 4561 facit
1202 4506 1435 4569 irritam,
1469 4522 1591 4559 cum
1637 4521 1741 4561 nec
1778 4506 1993 4562 Patrem

2105 4510 2443 4580 βαπτίσματι
2469 4506 2691 4577 χάριτος
2721 4503 3184 4577 ὲσφραγίσθημεν.
3213 4503 3380 4555 Ὥστε
3415 4505 3447 4556 ὁ
3486 4501 3710 4566 ταύτας

422 4608 803 4666 generantem,
850 4613 949 4653 nec
993 4597 1190 4653 Filium
1257 4597 1497 4668 genitum
1563 4598 1837 4667 praedicet.
1890 4600 1994 4654 Sed

2109 4599 2317 4672 τολμῶν
2355 4599 2569 4653 ἀθετεῖν
2603 4596 2704 4660 τὰς
2754 4596 2938 4666 φωνὰς
2982 4598 3161 4650 πᾶσαν
3203 4594 3338 4666 ὁμοῦ
3395 4594 3713 4665 παραγρά-

422 4692 537 4747 haac
599 4690 742 4755 dico,
792 4690 1001 4759 inquit,
1055 4698 1116 4745 ut
1164 4690 1438 4761 passionis
1502 4690 1914 4763 intelligentiam
1965 4707 1994 4745 e

2109 4711 2196 4762 φει
2238 4692 2349 4764 (66)
2379 4691 2488 4745 τῶν
2518 4689 2865 4759 Εὑαγγελίων
2911 4688 3011 4760 τὴν
3042 4688 3293 4760 δύναμιν,
3338 4688 3575 4759 Πατέρα
3630 4685 3717 4758 μὴ

495 4908 605 4979 (58)
641 4909 780 4963 Editi
811 4904 969 4962 τοῦτο
1002 4908 1058 4961 δὲ
1092 4908 1262 4978 αὐτῷ.
1288 4906 1490 4965 Vocula
1534 4908 1592 4961 δέ
1624 4909 1786 4965 abest
1814 4925 1846 4963 a
1902 4925 2003 4966 no-

423 4981 555 5033 stris
580 4979 878 5033 codicibus.

495 5049 608 5121 (59)
638 5048 801 5121 Libri
816 5059 1058 5121 veteres,
1092 5049 1190 5121 κα).
1216 5047 1370 5121 Υίοὺ.
1406 5048 1570 5121 Ειίὶῑί,
1597 5048 1691 5103 καὶ
1717 5048 1811 5115 τοῦ
1847 5048 2000 5103 Υἱοῦ.

425 5118 627 5175 Ibidem
653 5120 705 5173 in
739 5119 900 5173 editis
932 5119 1131 5189 legitur
1163 5118 1517 5189 ἀνθρωπίνην
1543 5137 1558 5172 :
1591 5121 1684 5173 sed
1714 5122 1767 5173 in
1802 5122 2004 5177 nostris

424 5190 703 5259 radicibus
718 5191 980 5258 scriptum
1014 5188 1344 5254 invenimus,
1366 5188 1752 5259 ἀνθρωπικήν.

493 5259 610 5330 (60)
650 5258 886 5330 Basilius
917 5261 1075 5313 docet
1127 5259 1406 5330 aliquanto
1437 5258 1579 5313 infra
1610 5300 1625 5324 ,
1676 5258 2003 5313 Eunomium

420 5328 609 5385 vocem
634 5328 894 5399 μετουσία
924 5345 1031 5382 non
1056 5330 1130 5382 ita
1153 5329 1422 5398 accipere,
1457 5337 1515 5383 ut
1545 5330 1816 5397 signiticet
1853 5345 2005 5384 com-

428 5400 739 5477 munionem
793 5400 1114 5469 quamlibet,
1167 5400 1264 5455 sed
1313 5400 1752 5454 communionem
1811 5413 2001 5455 essen-

494 5537 608 5605 (lil)
645 5539 830 5595 Codex
878 5554 1015 5593 unus
1058 5553 1180 5594 cum
1213 5540 1377 5596 editis
1425 5538 1513 5592 διὰ
1562 5538 1739 5592 τοῦτο.
1792 5537 2002 5606 Reliqui

425 5620 518 5660 set
555 5623 683 5661 mss.
711 5608 799 5660 διὰ
827 5609 1020 5661 ταῦτα.

498 5676 609 5745 (62)
652 5677 791 5731 Edili
817 5678 1165 5751 ἐνυπάρχειν.
1200 5680 1382 5735 Editio
1408 5679 1539 5735 Ven.
1568 5691 1621 5733 et
1669 5689 1876 5747 septem
1917 5693 2006 5735 no-

2099 4914 2363 4983 strimss,
2387 4911 2675 4983 ὑπάρχειν.

2171 4981 2286 5053 (65)
2324 4982 2471 5053 Βοίξ.
2504 4977 2743 5049 quartus
2788 4980 2843 5053 in
2898 4989 3186 5053 contextu,
3234 4977 3399 5047 ψιλῆς
3457 4979 3717 5049 φωνῆςε

2102 5053 2156 5106 in
2181 5047 2291 5124 ora
2322 5047 2468 5124 libri.
2496 5047 3087 5124 π’ροσηγορίας-ιιτιλῆςο
3192 5118 3212 5124 -
3306 5116 3365 5124 --

2174 5121 2288 5193 (64)
2325 5116 2516 5193 Codex,
2542 5116 2770 5193 untis'et
2814 5116 2943 5193 editi
2992 5116 3568 5193 συναριθμηθήσεται.
3598 5117 3719 5172 Alii

2102 5184 2197 5248 sei
2247 5184 2380 5264 mss.
2409 5191 2864 5264 ἀριθμηθήσεται.
2901 5189 3016 5244 Vox
3052 5184 3197 5243 εἶναι
3226 5184 3402 5244 uses;
3461 5189 3523 5243 in
3570 5204 3724 5259 qua-

2103 5272 2228 5317 tuor
2254 5263 2556 5317 codicibus.

2175 5333 2290 5402 (65)
2329 5332 2551 5402 Antiqui
2595 5347 2691 5386 sex
2714 5331 2857 5402 _libri
2907 5345 3041 5402 cum_
3081 5329 3322 5383 editione
3348 5327 3499 5402 Yen.
3542 5329 3731 5402 ﬁge?»

2103 5398 2455 5486 ἀρνούμενος.
2478 5398 2683 5456 Ἐιιίιίο
2713 5400 2886 5459 Paris.
2911 5408 2967 5457 et.
3010 5399 3143 5472 Reg.
3172 5399 3456 5456 secundus
3489 5398 3583 5471 μὴ*
3607 5398 3725 5471 ἇς-

2102 5488 2193 5525 νου
2202 5490 2382 5536 μενος.
2666 5524 2671 5531 .

2133 5490 2556 5669 ῗιίεῗξῖοὲὸόἰροε
2585 5524 2690 5600 non
2726 5543 2882 5625 pauci
2912 5541 3227 5613 διαγράφει,
3252 5555 3419 5596 sensu
3453 5553 3574 5595 non
3615 5539 3735 5595 dis-

2134 5630 2223 5668 tun
2252 5631 2287 5668 ι.

2103 5628 2287 5669 Slllllll.
