3822 6216
169 269 274 323 6‘2!

1280 283 1657 350 ΑοιἘιίδιλε
1699 286 2069 342 ΕΕΝΟΜΙΙΣΜ
2111 288 2240 343 LIB.
2281 288 2344 344 ιι.

3337 285 3446 350 622

168 395 543 462 γεννήσαντα,
597 396 691 449 καὶ
747 397 873 450 Υἱὸν
930 399 1004 470 μὴ
1053 403 1381 474 γεννηθέντα
1447 409 1736 478 κηρύσσων

1874 411 2044 465 Patris
2077 426 2212 466 voce
2241 419 2584 466 enascentem
2623 410 2846 480 fugiam.
2899 411 3099 467 Verum
3152 413 3446 480 oportebat

183 481 348 536 Ἀλλά
381 482 551 536 ταῦτα
592 485 736 554 λέγω
769 487 914 556 (67),
956 491 1107 558 φησὶ,
1143 493 1241 562 τὴν
1281 495 1375 547 τοῦ
1425 497 1630 560 πάθους
1673 499 1760 550 ἕν-

167 589 322 626 νοιαν
357 575 458 646 τὴν
499 578 562 630 ἐκ
605 578 705 648 τῆς
759 579 854 632 τοῦ
897 581 1111 654 Πατρὸς
1165 586 1348 656 φωνῆς
1405 589 1760 661 ὲγγινομένην

165 665 456 720 ἐκκλίνων.
496 669 696 741 Ἐχρῆν
741 670 799 723 δὲ
845 672 1017 743 δήπου
1065 675 1159 728 τόν
1203 695 1266 745 γε
1302 680 1546 732 εὐσεϐεῖν
1589 682 1758 749 ἐγνω-

167 757 338 818 κότα,
382 758 442 810 τὸ
493 760 836 830 ἀπεμφαῖνον
881 763 982 832 τῆς
1032 767 1091 816 ὲν
1131 770 1243 831 τοῖς
1291 770 1496 839 ῥήμασι
1553 771 1761 834 τούτοις

164 844 431 910 διανοίας,
462 847 592 900 εἴτι
633 851 741 922 ἄρα
777 853 873 912 καὶ
919 855 1212 927 ἐνυπῆρχε.
1256 860 1754 930 παραιτησάμενον,

169 941 246 1006 μὴ
283 939 466 991 πᾶσαν
507 939 720 1010 ἀθρόως
751 942 849 1013 τὴν
885 945 1067 1016 φωνὴν
1093 947 1324 1013 ἀθετεῖν,
1362 951 1498 1019 μηδὲ
1527 956 1594 1022 τῇ
1628 969 1760 1023 προ-

167 1028 334 1096 φάσει
363 1031 460 1083 τοῦ
489 1033 772 1102 ἀπρεποῦς
813 1037 908 1088 καὶ
937 1037 1000 1089 τὸ
1045 1039 1168 1092 ὅσον
1206 1041 1303 1093 ἀπ’
1347 1043 1518 1114 αὐτῆς
1566 1048 1756 1116 χρήσι-

169 1138 274 1189 μον
313 1123 729 1177 συνεκὸάλλειν·
763 1126 876 1190 ἀλλ’
911 1127 1019 1180 ἀπὸ
1064 1130 1162 1200 μὲν
1196 1131 1305 1184 τῶν
1349 1135 1620 1188 ταπεινῶν
1667 1139 1758 1190 καὶ

169 1213 454 1283 σαρκικῶν
481 1217 766 1288 νοημάτων
801 1223 858 1271 εν
890 1223 1004 1282 τοῖς
1043 1223 1170 1292 περὶ
1202 1223 1338 1277 Θεοῦ
1375 1226 1610 1296 δόγμασι
1656 1245 1759 1282 κα-

170 1306 462 1376 θαρεύειν,
501 1310 756 1380 γέννησιν
785 1311 842 1365 δὲ
885 1316 952 1384 τῇ
983 1315 1385 1390 ἁγιωσύνῃνκαὶ
1425 1323 1492 1390 τῇ
1529 1321 1757 1394 ἀποθείᾳ

167 1400 268 1452 τοῦ
309 1400 444 1454 Θεοῦ
485 1404 806 1474 πρέπουσαν
833 1406 1066 1462 ἐννοεῖν·
1103 1410 1193 1462 τὸν
1240 1397 1338 1481 μὲν
1370 1411 1591 1483 τρόπον,
1637 1414 1755 1467 καθ’

166 1495 228 1548 ὃν
279 1495 570 1564 ἐγέννησεν
599 1499 628 1549 ὁ
663 1497 815 1562 Θεὸς,
857 1499 934 1562 ὡς
964 1499 1202 1570 ἄρρητον
1252 1503 1346 1560 καὶ
1399 1503 1757 1576 ἀπερινόητον

167 1587 426 1656 ἀφιέντα,
457 1588 591 1661 πρὸς
618 1587 674 1641 δὲ
706 1588 804 1659 τὴν
834 1591 952 1643 κατ’
995 1593 1186 1644 οὐσίαν
1224 1593 1521 1663 ὁμοιότητα
1551 1596 1616 1658 ἐκ
1659 1596 1756 1665 τῆς

165 1679 268 1732 τοῦ
311 1681 504 1749 γεννᾷν
540 1681 914 1751 προσηγορίας
935 1683 1318 1754 ὁδηγούμενον.
1357 1685 1616 1756 Καίτοιγε
1655 1705 1756 1756 φα-
1803 1759 1806 1762 ,

1870 515 1991 553 eum
2019 500 2112 570 qui
2147 501 2230 569 pie
2277 515 2438 569 agere
2469 503 2771 565 statuisset,
2801 501 3064 556 absonum
3102 503 3293 557 horum
3329 519 3448 557 ver-

1871 591 2061 646 borum
2096 605 2335 658 sensum,
2366 593 2409 646 si
2442 593 2532 662 qui
2569 601 2748 648 tamen
2785 594 2976 656 inerat,
3005 595 3304 662 adversari,
3338 611 3445 649 non

1871 689 2038 736 totam
2099 684 2262 738 simul
2317 699 2504 739 vocem
2576 688 2908 755 reproliare;
2967 701 3143 755 neque
3205 686 3444 742 indecori

1869 774 2114 842 obtentu,
2145 777 2409 846 quidquid
2441 779 2508 831 ab
2539 792 2600 832 ea
2630 779 2842 833 accedit
2888 779 3162 843 utilitatis,
3195 778 3246 832 id
3283 775 3446 832 simul

1871 867 2096 934 rejicere
2139 887 2152 921 :
2189 870 2284 923 sed
2325 878 2385 922 ut
2424 870 2490 924 ab
2547 869 2844 925 humilibus
2885 870 3302 939 carnalibusque
3351 884 3444 923 co-

1869 959 2216 1027 gitationibus
2257 960 2310 1014 in
2359 960 2562 1014 divinis
2618 961 2884 1030 dogmatis
2926 976 3120 1031 purum
3169 963 3322 1027 esSe,
3368 961 3441 1014 ita

1871 1052 2277 1119 generationem
2312 1053 2586 1106 sanctitati
2627 1064 2788 1122 atque
2833 1053 3064 1122 apalhiw
3111 1053 3202 1107 Dei
3248 1066 3446 1106 conve-

1867 1147 2104 1200 nientem
2157 1145 2456 1214 intelligere
2483 1163 2502 1208 :_
2529 1146 2662 1198 adeo
2715 1153 2772 1197 ut
2809 1147 3026 1198 modum
3082 1141 3298 1212 quidem
3337 1157 3443 1210 quo

1868 1236 2008 1290 Deus
2051 1238 2256 1304 genuit,
2301 1247 2556 1305 tanquam
2589 1239 2677 1304 qui
2719 1235 3008 1291 iuell‘abilis
3039 1250 3102 1290 ac
3135 1236 3444 1304 incompre-

1868 1328 2150 1383 hensibilis
2185 1329 2278 1394 sit,
2326 1329 2804 1398 praetermitteret,
2853 1329 2920 1382 ad
2963 1326 3283 1383 substantia:
3313 1339 3444 1380 vero

1865 1421 2271 1474 similitudinem
2318 1435 2418 1490 per
2465 1421 2758 1490 generandi
2813 1419 3226 1489 appellationem
3273 1417 3441 1472 dedu-

1866 1523 2103 1566 ceretur.
2132 1511 2452 1580 Quanquam
2486 1512 2834 1582 perspicuum
2866 1519 2952 1566 est
2987 1510 3282 1580 reputanti,
3327 1509 3442 1564 haec

1867 1607 2120 1672 nomina,
2177 1616 2334 1676 pater
2377 1615 2432 1661 et
2467 1605 2632 1670 ﬁlius,
2676 1605 3039 1675 corporalium
3093 1603 3440 1659 aﬂectiouum

1865 1697 2250 1766 cogitationem
2311 1697 2528 1768 proprie
2570 1713 2634 1753 ac
2667 1698 2928 1767 primario
2972 1711 3164 1767 parere
3199 1709 3304 1752 non
3353 1709 3444 1750 so-

167 1772 328 1843 νερὸν
361 1774 738 1844 σκοπουμένῳ,
766 1777 846 1828 ὅτι
882 1777 942 1828 οὐ
977 1777 1304 1843 σωματικῶν
1331 1779 1744 1847 παθῶνηκυρίως

1874 1799 1976 1842 :ere
2014 1805 2026 1840 :
2067 1790 2162 1843 sed
2197 1803 2319 1844 cum
2367 1804 2463 1858 per
2507 1805 2568 1845 se
2611 1790 2726 1844 sola
2763 1789 3039 1853 dicuntur,
3081 1790 3254 1844 solum
3289 1787 3436 1844 habi-

167 1865 269 1918 καὶ
309 1864 540 1936 πρώτως
573 1865 782 1920 ἔννοιαν
821 1868 1070 1938 ἐμποιεῖν
1107 1871 1266 1924 ταυτὶ
1303 1870 1513 1940 πέφυκε
1548 1871 1614 1924 τά
1643 1871 1755 1924 ὀνό-

170 1974 345 2028 ματα,
373 1959 402 2010 6
431 1957 632 2030 πατὴρ,
675 1959 839 2028 λέγω,
881 1960 976 2014 καὶ
1014 1961 1044 2012 6
1071 1961 1186 2025 υἱός
1206 1980 1218 1992 ·
1255 1963 1392 2015 ἀλλά
1439 1964 1562 2016 καθ’
1590 1966 1758 2019 ἑαυτὰ

171 2049 276 2118 μὲν
318 2049 607 2120 λεγόμενα,
651 2051 752 2121 τὴν
807 2052 944 2123 πρὸς
991 2053 1197 2124 ἄλληλα
1260 2056 1444 2126 σχέσιν
1487 2058 1757 2112 ἐνδείκνυ-

165 2160 262 2195 ται
306 2143 418 2214 (68)
457 2144 642 2216 μόνην.
691 2145 881 2216 Πατὴρ
925 2146 1022 2216 μὲν
1056 2147 1163 2217 γάρ
1209 2149 1358 2202 ἐστιν
1390 2153 1418 2202 6
1457 2151 1629 2222 ἑτέρῳ
1665 2151 1761 2206 τοῦ

1867 1887 1980 1934 tum
2015 1891 2258 1934 mutuum
2295 1881 2555 1938 indicare.
2609 1879 2771 1933 Pater
2803 1879 2947 1933 enim
2979 1887 3090 1942 est,
3139 1877 3230 1948 qui
3286 1877 3438 1954 alteri

1865 1973 2164 2028 exsistendi
2227 1973 2550 2042 principium
2601 1972 2899 2028 secundum
2953 1971 3184 2027 similem
3233 1970 3439 2040 sibiipsi

1873 2073 2124 2120 naturam
2156 2065 2388 2120 contulit
2414 2082 2428 2118 :
2455 2063 2598 2118 ﬁlius
2626 2079 2774 2130 vero,
2803 2063 2893 2132 qui
2917 2077 2980 2116 ex
3015 2063 3118 2116 alio
3149 2075 3250 2130 per
3277 2076 3440 2131 gene-

1871 2155 2134 2208 rationem
2169 2153 2496 2224 principium
2525 2167 2583 2207 ιιι
2613 2155 2685 2210 sit
2719 2156 2927 2210 habuit.

166 2235 312 2293 εἶναι
344 2240 484 2293 κατά
511 2240 609 2314 τὴν
641 2241 832 2312 ὁμοίαν
880 2243 1060 2314 ἐαυτῷ
1089 2243 1250 2314 φύσιν
1300 2246 1399 2317 τὴν
1441 2247 1614 2320 ἀρχὴν
1685 2249 2016 2321 παρασχώνε
2048 2249 2164 2313 υίὸς
2193 2251 2252 2304 δὲ
2313 2253 2342 2304 ὁ
2403 2249 2463 2316 ἐξ
2529 2249 2714 2320 ἐτέρου
2741 2251 3011 2322 γεννητῶς
3037 2249 3130 2304 τοῦ
3169 2243 3305 2304 εἶναι
3345 2251 3441 2320 τὴν

167 2333 350 2405 ἀρχὴν
381 2335 652 2406 ἐσχηκώς.

241 2425 334 2479 25.
381 2427 550 2480 Ὅταν
588 2428 685 2498 μὲν
714 2423 805 2481 οῦν
833 2427 1179 2500 ἀκούσωμεν,
1209 2429 1292 2486 ὅτι
1331 2431 1616 2504 ἄνθρωπος
1653 2432 1764 2506 (69)

167 2517 376 2588 πατὴρ,
417 2519 540 2571 τότε
579 2521 671 2572 καὶ
709 2522 817 2591 τὴν,
847 2521 940 2574 τοῦ
978 2522 1184 2586 πάθους
1217 2523 1428 2577 ἔννοιαν
1473 2526 1762 2598 προσλαμ-

167 2611 412 2680 ϐάνομεν
431 2628 444 2642 ’
477 2612 605 2665 ὖταν
635 2611 722 2676 δὲ,
753 2614 835 2666 ὅτι
870 2616 898 2666 6
931 2613 1064 2678 Θεὸς
1101 2616 1314 2687 Πατὴρ,
1343 2617 1436 2670 ἐπὶ
1457 2617 1554 2688 τὴν
1577 2618 1763 2690 ἀπαθῆ

167 2701 358 2754 αἰτίαν
391 2705 504 2765 τοῖς
555 2703 838 2774 λογισμοῖς
888 2705 1283 2776 ἀνατρέχομεν.
1322 2707 1380 2761 Ὁ
1408 2707 1487 2771 δὲ,
1523 2709 1617 2760 ἐπὶ
1665 2709 1764 2779 τῆς

167 2793 458 2862 ἐμπαθοῦς
483 2793 698 2862 φύσεως
824 2797 1170 2869 προσηγορίᾳ
1200 2797 1372 2871 ταύτῃ
1404 2797 1758 2862 συνεθισθεὶς,

169 2885 236 2937 τὸ
285 2885 428 2956 ὑπὲρ
482 2885 582 2956 τὴν
617 2887 924 2957 κατάληψιν
975 2888 1082 2941 τῶν
1133 2888 1322 2942 ἑαυτοῦ
1377 2888 1654 2960 λογισμῶν
1685 2886 1762 2952 ὼς

1935 2432 2026 2486 23.
2048 2432 2256 2502 Itaque,
2288 2447 2410 2487 cum
2443 2431 2717 2496 audimus,
2749 2431 3019 2486 hominem
3049 2439 3260 2500 patrem
3292 2445 3435 2498 esse,

1867 2533 1994 2580 tunc
2027 2525 2219 2578 incidit
2265 2525 2424 2579 nobis
2453 2522 2677 2578 aﬂ‘ectus
2710 2523 2966 2593 cOgitatio
2994 2544 3006 2578 :
3047 2532 3104 2576 at
3151 2538 3282 2579 vero
3309 2541 3430 2578 cum

1866 2612 2034 2667 Deum
2063 2613 2299 2678 Patrem,
2327 2623 2438 2668 tum
2466 2615 2534 2669 ad
2563 2615 2952 2684 impassihiletn
2986 2623 3206 2670 causam
3255 2626 3440 2670 mente

1870 2709 2192 2763 attollimur.
2220 2708 2515 2763 Eunomius
2546 2718 2727 2765 autem
2761 2710 2900 2763 hanc
2930 2709 3342 2779 appellationem
3376 2709 3442 2764 de

1871 2797 2108 2866 subjecta
2170 2797 2545 2854 affectionibus
2615 2809 2804 2854 natura
2868 2801 3114 2870 accipere
3168 2811 3438 2865 assuetus,

1870 2891 2014 2960 quod
2050 2891 2275 2945 rationis
2303 2892 2419 2960 ejus
2456 2898 2670 2960 captum
2717 2899 2958 2960 superat,
3007 2891 3058 2944 id
3095 2899 3154 2944 ut
3189 2890 3442 2959 impossi-

166 2973 438 3030 ἀδύνατον
471 2977 822 3047 ἀπαρνεῖται.
856 2979 930 3031 Οὐ
965 2979 1095 3049 γὰρ,
1127 2979 1204 3050 τῷ
1237 2979 1400 3034 πάθει
1447 2979 1554 3034 τῶν
1589 2980 1744 3050 φθαρ-

1874 2981 1978 3037 bile
2017 2991 2298 3053 pernegat.
2349 2981 2464 3036 Non
2511 2983 2656 3038 enim
2695 2998 2794 3053 par
2826 2993 2942 3040 erat
2975 2997 3130 3050 eum,
3174 2985 3442 3052 corrupti-

165 3070 281 3122 τῶν
333 3071 698 3141 προσέχοντα,
741 3073 809 3142 τῇ
864 3070 1102 3142 ἀπαθείᾳ
1163 3071 1258 3124 τοῦ
1318 3071 1454 3126 Θεοῦ
1517 3075 1766 3129 ἀπιστεῖν

168 3160 476 3230 προσῆκεν,
518 3161 658 3225 οὐδὲ,
689 3163 753 3232 τῇ
796 3164 992 3233 ρευστῇ
1037 3162 1193 3231 φύσει
1227 3165 1321 3217 καὶ
1362 3165 1585 3235 μυρίαις
1633 3165 1766 3219 ὐπο-

171 3249 410 3325 κειμὲνῃ
448 3253 798 3322 μεταϐολαῖς,
831 3253 930 3323 τὴν
964 3256 1230 3326 ἄτρεπτον
1268 3257 1362 3322 καὶ
1413 3257 1767 3324 ἀναλλοίωτον

167 3347 362 3398 οὐσίαν
395 3345 765 3418 παρατιθέντα
800 3346 930 3417 (70).
976 3349 1116 3419 Μηδ’
1137 3349 1218 3402 ὅτι
1243 3349 1311 3402 τὰ
1339 3349 1511 3422 θνητά
1541 3350 1654 3414 ζῶα
1683 3349 1768 3402 διὰ

171 3438 384 3502 πάθους
432 3441 626 3510 γεννᾷ,
670 3441 766 3492 καὶ
807 3441 898 3493 τὸν
934 3441 1066 3494 Θεὸν
1101 3443 1276 3513 ἐχρῆν
1305 3441 1478 3506 οὕτως
1525 3443 1762 3496 οἴεσθαι·

169 3532 294 3590 ἀλλ’
322 3533 574 3586 ἐντεῦθεν
610 3533 808 3604 μᾶλλον
837 3535 1147 3606 ὁδηγεῖσθαι
1180 3537 1318 3607 πρὸς
1349 3536 1446 3607 τὴν
1475 3535 1766 3606 ἀλήθειαν·

169 3627 283 3690 ὅτι,
319 3626 512 3695 ἐπειδὴ
543 3626 612 3679 τὰ
641 3627 859 3699 φθαρτά
896 3628 1090 3692 οὕτως,
1121 3630 1148 3679 6
1183 3628 1460 3698 ἄφθαρτος
1487 3631 1766 3692 ἐναντίοις.

171 3718 291 3769 Καὶ
329 3719 436 3787 μὴν
493 3717 612 3770 οὐδὲ
647 3719 825 3771 ἐκεῖνό
862 3736 927 3788 γε
975 3719 1040 3772 ἂν
1090 3719 1252 3781 εἴποι,
1305 3719 1380 3781 ὡς
1427 3719 1632 3791 κυρίως
1675 3721 1770 3772 καὶ

171 3808 417 3881 πρώτως
469 3811 560 3863 ἐπὶ
606 3810 713 3864 τῶν
754 3810 1058 3881 ἀνθρώπων
1099 3811 1454 3880 τεταγμένων
1498 3811 1608 3864 τῶν
1648 3813 1768 3864 ὀνο-

177 3903 374 3974 induor)
396 3903 622 3964 τούτων,
645 3903 1100 3974 καταχρηστικῶς
1121 3905 1284 3974 ἡμεῖς
1307 3903 1629 3972 ὲπιλέγομεν
1653 3903 1768 3972 (Ἡ)

171 3993 260 4064 τῷ
289 3993 430 4062 Θεῷ.
474 3995 532 4046 '0
564 3997 672 4065 γάρ
703 4013 782 4047 τοι
829 3994 1032 4064 Κύριος
1077 3995 1234 4064 ἡμῶν
1271 3991 1478 4063 Ἰησοῦς
1511 3992 1768 4063 Χριστὸς,

171 4089 320 4158 πρὸς
355 4088 452 4159 τὴν
488 4087 704 4141 πάντων
754 4089 928 4159 ἀρχὴν
971 4087 1066 4140 καὶ
1101 4089 1200 4157 τὴν
1231 4085 1403 4156 ἀληθῆ
1449 4085 1564 4146 τῶν.
1600 4084 1770 4138 ὄντων

169 4179 364 4230 αἰτίαν
411 4179 702 4247 ἐπανάγων
746 4181 916 4249 ἡμᾶς,
959 4178 1158 4248 ’Υμεῒς
1199 4177 1268 4230 δὲ
1308 4175 1394 4245 μὴ
1445 4175 1764 4242 καλέσητε,

173 4269 338 4338 φησὶ,
382 4268 610 4336 πατέρα
663 4267 831 4336 ὑμῶν
883 4268 980 4320 ἐπὶ
1033 4266 1146 4335 τῆς
1196 4265 1338 4336 γῆς·
1369 4260 1457 4330 εἷς
1493 4263 1604 4334 γάρ
1637 4265 1768 4317 ἐστι

1869 3074 2057 3129 bilium
2112 3072 2454 3130 affectionem
2514 3075 2921 3143 attendentem,
2967 3086 3131 3144 atque
3184 3075 3442 3130 substan-

1870 3169 2000 3222 tiam
2047 3167 2438 3224 immutabilem
2490 3182 2556 3223 ac
2593 3167 2986 3222 inalterabilem
3038 3179 3245 3223 natura!
3285 3165 3448 3222 ﬂuxa:

1869 3269 1926 3310 et
1963 3257 2268 3312 innumeris
2303 3257 2694 3312 mutationibus
2723 3257 2971 3312 obnoxia:
3009 3267 3440 3328 comparantem,

1871 3345 2038 3401 Deum
2095 3361 2198 3401 non
2255 3347 2477 3403 credere
2543 3346 2914 3404 affectionibus
2965 3351 3278 3405 immunem.
3334 3349 3445 3404 Nec

1869 3438 2124 3505 quoniam
2163 3438 2414 3494 mortalia
2445 3439 2696 3493 animalia
2733 3453 2830 3510 per
2865 3439 3113 3494 allectum
3146 3449 3437 3511 generant,

1869 3530 1944 3583 ita
1981 3541 2200 3598 quoque
2250 3528 2318 3582 de
2366 3527 2478 3584 Deo
2527 3529 2732 3583 sentire
2784 3530 3067 3598 oportebat
3109 3546 3124 3583 :
3171 3531 3266 3584 sed
3319 3529 3446 3586 hinc

1870 3623 2049 3688 magis
2097 3621 2290 3676 deduci
2325 3620 2394 3675 ad
2443 3621 2752 3682 veritatem,
2794 3622 2936 3690 quod
2968 3623 3221 3690 quoniam
3258 3637 3445 3676 corru-

1871 3713 2078 3784 ptibilia
2113 3713 2216 3768 hoc
2245 3713 2430 3777 modo,
2459 3711 2508 3767 is
2545 3711 2638 3782 qui
2676 3712 3106 3782 incorruptibilis
3135 3721 3240 3774 est,
3286 3714 3452 3768 modo.

1869 3807 2148 3866 contrario
2197 3815 2441 3877 generat.
2489 3805 2676 3876 Neque
2721 3819 2852 3861 vero
2887 3806 3014 3860 illud
3063 3805 3294 3870 dixerit,
3343 3821 3444 3860 no-

1871 3899 2015 3953 mina
2040 3899 2157 3954 haec
2179 3913 2300 3968 quae
2331 3897 2496 3969 259
2523 3899 2744 3969 proprie
2777 3913 2841 3953 ac
2885 3899 3146 3968 primario
3175 3899 3244 3954 de
3271 3899 3446 3954 homi—

1871 3991 2027 4046 nibus
2077 3999 2337 4060 usurpata
2382 4000 2537 4057 sunt,
2577 3991 2642 4046 de
2693 3991 2802 4044 Deo
2831 4005 2858 4042 a
2896 3989 3053 4044 nobis
3085 3989 3190 4044 dici
3221 4003 3319 4060 per
3361 3989 3448 4044 ab-

1869 4100 2054 4140 usum.
2103 4083 2312 4138 Etenim
2352 4083 2612 4138 Dominus
2651 4092 2834 4137 noster
2861 4081 3021 4136 Jesus
3063 4081 3332 4148 Christus,
3378 4083 3445 4134 ad

1869 4177 2110 4229 omnium
2157 4173 2480 4243 principium
2522 4183 2576 4228 et
2620 4187 2804 4226 veram
2855 4187 3036 4226 rerum
3081 4187 3302 4226 causam
3350 4185 3448 4226 nos

1872 4269 2178 4322 reducens:
2223 4265 2326 4320 Vos
2366 4275 2540 4320 autem
2577 4265 2738 4318 nolite
2781 4279 2987 4326 uocare,
3021 4263 3214 4332 inquit,
3245 4272 3456 4332 patrem

169 4358 387 4426 Πατὴρ
415 4359 528 4428 (7‘2)
563 4358 730 4428 ὑμῶν
761 4363 794 4413 ό
827 4358 1132 4427 οὐράνιος.
1175 4357 1300 4420 Πῶς
1339 4352 1432 4410 οὖν
1463 4356 1539 4418 ὡς
1583 4373 1744 4427 σαρκι

1874 4369 2100 4412 vestrum
2141 4359 2193 4412 in
2231 4370 2408 4421 terra;
2447 4372 2584 4412 unus
2624 4358 2764 4410 enim
2811 4367 2886 4411 est
2923 4355 3086 4410 Pater
3133 4367 3296 4410 uester
3341 4371 3446 4410 ca:-

169 4451 292 4506 κιτιν
322 4451 512 4504 παθῶν
545 4452 972 4522 προηγουμένως
1013 4449 1346 4512 ὲνδεικτικάς
1379 4449 1583 4512 ταύτας
1620 4449 1770 4517 ἡμᾶς

171 4545 324 4610 ἀξιοῖ
353 4543 452 4607 τὰς
497 4545 680 4612 φωνάς
718 4545 1176 4614 ἀποπέμπεσθαι,
1225 4543 1292 4607 ἃς
1321 4543 1350 4594 6
1379 4541 1582 4612 Κύριος
1634 4541 1766 4609 (75),

169 4637 256 4697 ὡς
301 4638 366 4707 τῇ
405 4635 640 4707 ἀπαθείᾳ
675 4635 767 4688 τοῦ
814 4635 949 4688 Θεοῦ
1002 4633 1336 4705 πρεπούσας,
1382 4630 1634 4686 ἀπὸ-τῶν
1674 4631 1769 4684 ἀν-

171 4725 421 4796 θρώπων
465 4727 602 4797 πρὸς
650 4725 816 4780 αὑτὸν
869 4727 982 4798 (74)
1041 4725 1392 4796 μετατίθησιν
1413 4725 1526 4798 ,Εἰ
1580 4723 1636 4778 δὲ
1683 4723 1776 4776 καὶ

252 4841 299 4870 ⁸³
343 4839 531 4894 Matth.
560 4856 719 4910 χχιιι,
747 4842 800 4898 9.

253 4953 368 5024 (67)
412 4953 571 5024 Unus
605 4967 700 5008 aut
733 4955 872 5009 alter
907 4970 1004 5012 ms.
1034 4971 1154 5009 cum
1201 4956 1361 5010 editis
1391 4955 1565 5024 λέγων
1587 4996 1600 5008 .
1627 4998 1638 5009 .
1665 4997 1678 5009 .
1709 4997 1721 5010 .
1751 4997 1764 5011 .

169 5023 452 5096 ἐκκλίνωᾷ
473 5023 577 5096 Alii
606 5026 848 5096 quinque
887 5041 1017 5080 mss.
1049 5025 1310 5096 λέγω.....
1339 5023 1626 5092 ἐκκλίνων.

255 5097 372 5167 (68)
411 5093 555 5150 Editi
604 5093 998 5151 ἐνδείκνυνται.
1059 5093 1285 5152 Veteres
1356 5099 1596 5167 quinque
1645 5095 1769 5152 libri

168 5166 542 5221 ἐνδείκνυται.

255 5235 374 5308 (69)
413 5235 558 5292 Editi
585 5235 758 5310 Paris.
780 5237 1126 5310 ἀκούσωμεν,
1153 5239 1230 5310 ὅτι
1259 5237 1566 5310 ἄνθρωπος.
1594 5235 1770 5302 Etlitio

173 5311 318 5362 Ven.
349 5317 401 5362 et
437 5322 532 5362 sex
563 5321 694 5378 mss.
721 5309 1047 5378 ἀκούσωμεν
1093 5308 1398 5378 ἄνθρωπος.
1439 5309 1546 5361 Sed
1581 5323 1768 5362 vocem

168 5383 264 5434 ὅτι
315 5379 494 5447 inepte
542 5377 798 5431 omissam
855 5377 976 5433 esse
1026 5395 1092 5433 ex
1140 5395 1206 5432 eo
1241 5377 1580 5446 intelligitur,
1624 5379 1769 5447 quod

171 5449 366 5507 statim
400 5450 643 5516 legamus
669 5450 798 5504 ὅταν
823 5449 899 5514 δὲ,
930 5451 1012 5502 ὅτι
1039 5452 1067 5502 ὁ
1107 5449 1239 5509 Θεὸς
1272 5449 1484 5518 Πατήρ.

253 5519 370 5580 (70)
415 5519 638 5573 Veteres
683 5531 916 5588 quatuor
975 5519 1094 5573 libri
1151 5533 1273 5588 cum
1327 5517 1489 5588 editis
1539 5533 1770 5588 παρατι-

171 5589 366 5661 θέντα.
423 5589 525 5641 Alii
583 5586 718 5644 duo—
755 5605 885 5645 mss.
935 5586 1317 5661 παρατιθέναι,
1385 5586 1584 5661 Ibidem
1624 5586 1768 5642 editi

176 5659 325 5731 μηδὲ
363 5661 446 5712 ὅτι
467 5701 478 5714 .
505 5701 516 5714 .
545 5703 554 5713 .
584 5699 595 5711 .
619 5701 630 5712 .
679 5661 892 5730 γεννᾷν.
925 5657 1071 5716 Lib-ri
1108 5659 1312 5729 antiqui
1349 5657 1469 5728 μηδ’
1499 5659 1580 5711 ὅτι
1602 5696 1614 5710 .
1643 5697 1655 5711 .
1679 5695 1692 5712 .
1717 5697 1729 5710 .

171 5747 368 5801 γεννᾳ.

1875 4452 2020 4504 leuis
2043 4451 2108 4503 θ’.
2162 4449 2443 4516 Quomodo
2493 4449 2658 4520 igitur
2707 4463 2867 4504 voces
2913 4449 3047 4512 has,
3097 4455 3352 4517 tanquam
3402 4447 3448 4502 si

1875 4540 2150 4610 praecipue
2203 4539 2454 4592 carnales
2521 4537 2746 4593 allectus
2819 4538 3220 4608 signiﬁcarent,
3285 4551 3448 4605 repu-

1881 4631 2104 4686 diendas
2152 4641 2335 4686 censet
2377 4645 2561 4700 :quas
2611 4631 2892 4686 Dominus‘
2919 4641 3104 4686 neSter
3153 4627 3300 4685 velut
3357 4627 3448 4680 Dei

1885 4725 2156 4791 apathiam
2207 4724 2462 4778 decentes
2493 4723 2562 4776 ab
2597 4721 2904 4778 hominibus
2947 4721 3013 4775 ad
3049 4722 3224 4790 ipsum
3269 4729 3450 4774 trans-

1941 4955 2057 5026 (71)
2099 4953 2249 5026 Editi
2293 4962 2348 5008 et
2393 4967 2525 5008 mss.
2571 4967 2679 5006 non
2722 4952 2876 5021 pauci
2927 4949 3274 5020 ἐπιλέγομεν.
3317 4949 3447 5021 Reg.

1869 5024 2063 5080 tertius
2099 5024 2338 5092 ἐπιλέγω
2346 5039 2465 5094 μεν,

1870 5167 1882 5178 _
1942 5095 2057 5176 (72)
2097 5095 2236 5148 Editi
2267 5089 2296 5147 ὸ
2323 5089 2535 5162 Πατήρ.
2567 5091 2843 5146 Articulus
2875 5091 2929 5144 in
2963 5105 3092 5144 mss.
3115 5089 3316 5144 nostris
3343 5103 3450 5143 non

1869 5176 2238 5306 Ιηῖςὲῗυὲθίιί
2297 5233 2506 5306 Κύριος
2561 5231 2742 5303 ἡμῶν.
2801 5231 2910 5286 Vox
2969 5230 3158 5284 ultima
3199 5229 3258 5284 in
3317 5243 3448 5282 mss.

1873 5308 2042 5364 deest.

1949 5377 2061 5446 (74)
2101 5376 2242 5430 Editi
2274 5384 2328 5448 et
2353 5375 2458 5428 duo
2491 5389 2619 5427 mss.
2648 5373 2786 5448 πρὸς
2823 5372 3032 5448 ἑαυτον.
3083 5365 3451 5448 ῌιιὸομῇιιιετο

1877 5441 2002 5516 pres
2029 5441 2053 5500 ε’
2085 5449 2154 5499 ad
2190 5463 2244 5500 se
2281 5447 2452 5516 ipsum
2501 5441 2800 5513 transfert:
2835 5444 2976 5516 quod
3024 5441 3150 5516 quin
3191 5441 3450 5516 filiosum

1878 5507 1968 5578 sit,
2000 5517 2233 5570 dubitari
2264 5507 2409 5568 nullo
2442 5517 2599 5568 modo
2631 5507 2828 5583 potest.
2855 5507 2978 5566 Non
3007 5507 3150 5565 enim
3191 5507 3482 5583 quinus‘

1879 5573 2085 5656 seipse
2116 5595 2271 5640 vocat
2313 5585 2571 5638 Patrem:
2605 5573 2698 5639 sed
2740 5583 2798 5656 id
2848 5597 3042 5656 nomen
3085 5576 3347 5656 transfert
3386 5579 3454 5639 ad
3498 5573 3519 5603 ‘

1881 5647 2048 5710 Deuin
2084 5659 2496 5714 universorum,
2546 5669 2638 5706 seu
2687 5654 2752 5706 ad
2793 5668 2948 5706 suum
3000 5651 3168 5720 ipsius
3215 5647 3458 5703 Patrem.

1883 5727 2060 5782 {iudex
2091 5725 2242 5780 Colb.
2273 5737 2326 5780 et
2358 5723 2446 5780 alii
2485 5733 2598 5780 tres
2629 5724 2760 5790 πρὸς
2791 5723 2974 5785 αὐτόν,
3005 5731 3169 5778 recte.
