3822 6216
161 316 275 370 625

1301 319 1674 376 ADVERSUS
1713 321 2078 378 EUNOMIUM
2121 323 2248 378 LIB.
2291 321 2354 378 ll.

3353 327 3459 386 626

162 433 455 488 δεικνύναι
480 433 594 500 (84)
620 434 718 506 τὴν
751 434 939 490 οὐσίαν
965 437 1289 505 ἐφιλονείκει
1312 455 1326 468 ·
1351 439 1470 492 νυνὶ
1501 440 1582 502 δὲ,
1613 439 1737 492 πάλι

1881 442 2006 496 tiam
2059 444 2360 514 genituram
2421 457 2542 498 esse
2597 443 2882 499 ostendere
2935 445 3250 498 conabatur.
3309 443 3462 502 Nunc

162 526 270 595 τὴν
300 525 402 597 τῆς
427 527 614 592 ούσίας
648 529 920 582 οἰκείωσιν
961 529 1050 582 διὰ
1083 531 1181 600 τῆς
1209 531 1394 600 φωνῆς
1431 531 1634 603 ταύτης
1673 548 1768 602 ση,

169 619 514 689 μαινομένην
563 619 726 690 ὁρῶν,
779 621 840 674 τὸ
883 623 1244 692 γεγεννῆσθαι
1289 622 1384 676 τοῦ
1430 626 1767 693 γεννήματος

162 712 489 781 ἀφαιρεῖται
523 710 658 778 (35).
701 713 812 764 Καὶ
844 710 948 781 μὴν
993 713 1039 763 εί
1071 711 1228 764 τοῦτο
1257 712 1332 774 ὡς
1359 713 1564 775 πάθους
1593 713 1766 782 δηλω-

161 801 323 853 τικὸν
355 804 722 873 παραιτεῖται,
753 801 804 854 τί
839 802 1038 856 κωλύει
1074 804 1170 856 καὶ
1204 804 1262 856 τὸ
1305 805 1636 876 δημιουργὸν
1669 807 1767 858 αὺ-

163 893 260 946 τὸν
293 887 434 945 εἶναι
479 891 568 946 διὰ
616 892 714 956 τὰς
757 894 928 956 αὑτάς
975 896 1153 958 αίτίας
1199 896 1272 966 μὴ
1329 897 1762 968 παραδέχεσθαι;

163 983 318 1035 Διότι
367 985 570 1046 πάσαις
614 988 733 1048 ταῖς
771 989 1112 1056 σωματικαῖς
1145 987 1448 1057 ἐνεργείαις
1497 989 1528 1058 ἢ
1565 988 1764 1041 πλείων

169 1091 252 1139 τις
285 1075 508 1140 πάντως
541 1075 572 1145 ἢ
609 1078 846 1130 ἐλάττων
876 1079 1042 1142 κόπος
1085 1079 1459 1143 συνέζευκται,
1493 1079 1637 1132 κατὰ
1667 1080 1765 1152 τὴν

161 1169 465 1238 ἀναλογίαν
499 1171 598 1239 τῆς
623 1170 717 1224 τοῦ
750 1171 1030 1234 ποιοῦντος
1055 1172 1338 1243 δυνάμεως
1367 1174 1462 1226 καὶ
1497 1174 1598 1243 τῆς
1629 1175 1764 1245 πρὸς

161 1259 238 1312 τὰ
269 1261 474 1332 μεγέθη
502 1261 610 1314 τῶν
641 1262 1050 1332 ἐνεργουμένων
1077 1263 1360 1335 διαφορᾶς.
1403 1264 1514 1335 Τήν
1544 1281 1608 1332 γε
1659 1263 1764 1334 μὴν

165 1353 326 1407 θείαν.
352 1353 446 1404 καὶ
473 1353 748 1423 μακαρίαν
778 1353 937 1421 φύσιν
972 1354 1205 1424 καμάτῳ
1231 1353 1410 1420 λέγειν
1445 1353 1764 1422 συνέχεσθαι

162 1445 268 1512 οὐχ
293 1439 456 1513 ἦττον
501 1443 717 1508 ἀσεϐὲς,
761 1442 794 1512 ἢ
843 1446 953 1506 τοῖς
985 1443 1284 1514 αἰσχίστοις
1327 1445 1496 1515 αὐτὴν
1537 1445 1764 1496 πάθεσιν

166 1536 520 1592 ὑποϐάλλειν.
553 1537 616 1588 Εἰ
647 1537 704 1590 δὲ
731 1536 957 1600 ἀπαθῶς
995 1537 1188 1602 κτίζει,
1223 1537 1408 1608 ἀπαθῆ
1435 1533 1572 1591 εἶναι
1607 1537 1762 1604 δέξα-

167 1629 270 1683 σθε
291 1630 386 1682 καὶ
405 1629 504 1700 τὴν
526 1628 801 1698 γέννησιν.

241 1721 334 1774 24.
378 1721 464 1783 Ὠς
511 1721 608 1792 μὲν
643 1716 736 1774 οὖν
780 1721 984 1791 κυρίως
1025 1721 1118 1773 καὶ
1158 1721 1544 1792 προσηκόντως
1573 1723 1761 1795 Πατὴρ

1871 542 2052 588 autem
2103 550 2298 588 rursus
2343 534 2658 590 substantiae
2693 536 2858 606 260
2885 535 3322 604 coniunctionem
3359 538 3461 594 hac

1871 639 2004 678 voce
2061 626 2356 694 signiﬁcari
2411 643 2532 680 cum
2589 628 2807 692 videat,
2863 631 3166 698 genituram
3221 628 3458 697 genitam

1870 731 1990 770 esse
2043 726 2221 786 negat.
2262 719 2428 784 Atqui
2472 719 2516 771 si
2571 718 2673 772 hoc
2724 729 2980 786 tanquam
3013 717 3155 786 quod
3207 719 3457 772 atri-ctum

1875 807 2163 873 signiﬁcet,
2201 810 2466 876 repudiat,
2497 811 2626 879 quid
2659 811 2904 878 prohibet
2935 811 3141 864 eisdem
3173 812 3240 865 de
3278 812 3459 866 causis

1868 897 2031 949 etiam
2067 905 2368 952 creatorem
2419 898 2592 966 ipsum
2641 914 2761 954 esse
2803 900 3048 970 negare?
3079 899 3212 952 Nam
3243 916 3340 970 pro
3367 915 3456 954 ra-

1870 989 2016 1042 tione
2049 990 2242 1044 virium
2274 991 2390 1060 ejus
2427 991 2518 1060 qui
2569 991 2722 1056 facit,
2752 1002 2804 1047 et
2853 1008 2951 1062 pro
2995 993 3312 1048 discrimine
3341 1009 3458 1046 ma-

1867 1082 2164 1150 gnitudinis
2211 1098 2400 1140 eorum
2449 1099 2570 1154 quae
2623 1084 2781 1150 ﬁunt,
2817 1086 3122 1140 necessario
3157 1095 3244 1138 aut
3287 1086 3460 1155 major

1867 1183 1958 1226 aut
2007 1174 2184 1228 minor
2230 1173 2384 1230 labor
2429 1178 2709 1246 corporeis
2756 1177 3008 1232 omnibus
3049 1177 3459 1246 operationibus

1865 1265 2234 1334 coniungitur.
2281 1267 2526 1320 Divinam
2585 1277 2762 1322 autem
2823 1285 2886 1322 ac
2935 1268 3146 1322 beatam
3199 1277 3450 1322 naturam

1867 1357 2046 1410 dicere
2077 1357 2263 1412 labore
2297 1359 2490 1427 premi,
2525 1375 2630 1412 non
2671 1360 2848 1428 minus
2893 1359 3118 1428 impium
3155 1371 3256 1424 εει,
3293 1374 3454 1428 quam

1866 1465 1984 1504 eam
2043 1450 2326 1506 aﬂ'ectibus
2388 1453 2714 1522 turpissimis
2777 1450 3062 1520 subjicere.
3119 1449 3214 1504 Sin
3275 1459 3454 1504 autem

1866 1543 2000 1595 citra
2041 1542 2294 1596 aﬁ'ectum
2343 1553 2522 1607 creat,
2563 1545 2966 1614 generationem
3014 1554 3226 1610 quoque
3257 1537 3460 1606 aﬂ'ectu,

1865 1649 1992 1686 Vaca
2005 1647 2062 1688 re
2091 1631 2390 1692 fateamini.

1936 1721 2028 1776 24.
2069 1721 2222 1788 Quod
2269 1725 2435 1794 igitur
2485 1725 2702 1794 proprie
2745 1739 2810 1778 ac
2855 1725 3050 1778 merito
3081 1723 3223 1780 Deus
3257 1722 3458 1778 dicitur

161 1811 388 1884 λέγεται
416 1811 446 1862 ὁ
467 1811 619 1874 Θεὸς,
653 1810 746 1863 xul.
769 1810 844 1873 ὡς
873 1811 994 1880 οὐχὶ
1029 1809 1256 1874 πάθους,
1290 1811 1402 1864 ἀλλ’
1434 1811 1737 1865 οἰκειώσεώ

1877 1815 2048 1880 Pater,
2087 1825 2142 1870 et
2172 1816 2315 1886 quod
2361 1832 2467 1872 non
2506 1816 2752 1884 aﬁ'ectas,
2790 1819 2882 1873 sed
2929 1817 3326 1887 coniunctionis
3361 1832 3454 1876 nm-

163 1905 318 1956 ὲστιν
353 1903 542 1973 ὄνομα,
582 1902 615 1973 ἢ
655 1903 755 1972 τῆς
784 1903 926 1956 κατὰ
955 1904 1134 1974 χάριν,
1170 1903 1244 1965 ὡς
1273 1905 1364 1956 ἐπὶ
1397 1905 1506 1956 τῶν
1549 1905 1756 1976 ἀνθρώ-

163 2015 310 2060 πων,
343 1996 376 2066 ἢ
406 1996 506 2065 τῆς
533 1995 678 2049 κατὰ
705 1996 887 2065 φύσιν,
915 1997 989 2058 ὼς
1021 1998 1113 2049 ἐπὶ
1143 1996 1236 2049 τοῦ
1263 1999 1626 2066 Μονογενοῦς,
1651 2001 1764 2052 ἱκα-

159 2090 276 2154 νῶς
305 2089 518 2159 εἴρηται
541 2105 553 2118 ·
593 2089 774 2158 δῶμεν
805 2089 862 2141 δὲ
890 2083 1028 2141 εἶναι
1053 2089 1339 2160 τροπικὴν,
1373 2092 1466 2142 καὶ
1499 2093 1564 2144 ὲκ
1597 2108 1762 2160 μετα-

161 2181 346 2250 φορᾶς
385 2177 640 2246 λέγεσθαι
685 2178 822 2248 (86),
859 2177 1047 2248 ὥσπερ
1096 2179 1190 2230 καὶ
1236 2178 1402 2242 ἄλλας
1431 2179 1630 2251 μυρίας
1667 2181 1762 2232 καὶ

160 2273 267 2342 τὴν
323 2270 506 2342 φωνὴν
559 2271 780 2342 ταύτην.
853 2271 940 2334 Ὠς
987 2271 1190 2334 τοίνυν,
1236 2269 1610 2342 ὀργιζόμενον,
1669 2274 1762 2326 καὶ

161 2363 464 2424 ὺ-ινοῦντα,
511 2365 604 2416 καὶ
639 2363 934 2432 πετόμενον
984 2362 1278 2426 ἀκούοντες
1335 2364 1423 2416 τὸν
1467 2365 1616 2428 Θεὸν,
1669 2366 1761 2418 καὶ

161 2457 346 2510 ἄλλων
371 2455 628 2510 τοιούτων
644 2457 911 2526 ἀπρεπεῖς
931 2457 1070 2509 κατὰ
1093 2455 1182 2508 τὸν
1204 2455 1492 2524 πρόχειρον
1516 2455 1638 2508 νοῦν
1663 2456 1762 2519 τὰς

159 2547 440 2622 ἐμφάσεις
463 2545 872 2617 παρεχομένων,
907 2545 1030 2598 οὔτε
1055 2546 1153 2609 τὰς
1177 2546 1357 2613 φωνὰς
1385 2545 1478 2599 τοῦ
1509 2545 1762 2615 Πνεύμα-

157 2656 256 2702 τος
316 2640 709 2710 διαγράφομεν,
756 2637 880 2690 οὔτε
933 2639 1260 2710 σωματικῶς
1293 2639 1401 2692 τῶν
1454 2640 1760 2712 λεγομένων

159 2733 440 2803 ἀκούομεν
463 2749 478 2762 ·
511 2731 564 2784 τί
597 2733 792 2804 δήποτε
820 2733 942 2803 οὐχὶ
973 2734 1086 2794 καὶ,
1119 2733 1217 2803 τῆς
1240 2733 1425 2801 φωνῆς
1449 2733 1654 2804 ταύτης
1673 2732 1763 2786 οὖ-

157 2842 246 2876 τω
275 2822 519 2893 συνεχῶς
548 2822 998 2894 παραληφθείσης
1032 2823 1136 2874 ὑπὸ
1164 2823 1256 2875 τοῦ
1280 2821 1596 2891 Πνεύματος
1624 2823 1758 2892 (87),

157 2915 266 2978 τὰς
297 2915 621 2985 θεοπρεπείς
642 2915 812 2984 αὐτῆς
833 2916 1044 2978 ἐννοίας
1069 2913 1500 2986 διερευνώμεθα;
1529 2915 1560 2985 ἢ
1596 2915 1762 2985 μόνην

157 3008 376 3078 ταύτην
396 3008 496 3078 τῆς
520 3008 746 3078 Γραφῆς
773 3007 1146 3078 ἀπαλείψομεν
1178 3009 1312 3078 (88),
1351 3011 1412 3062 ἐκ
1435 3009 1534 3079 τῆς
1555 3009 1762 3080 ἀνθρω-

161 3109 334 3169 πινης
381 3101 635 3170 χρήσεως
679 3099 1142 3169 συκοφαντοῦντες
1199 3101 1402 3172 αύτήν;
1463 3101 1676 3154 Οὑτωσὶ
1705 3101 1761 3154 δὲ

161 3192 488 3264 σκοπῶμεν,
547 3193 650 3246 Δύο
697 3193 1112 3266 σημαινομένων
1165 3194 1228 3246 ὲκ
1279 3194 1380 3264 τῆς
1425 3193 1518 3245 τοῦ
1567 3196 1760 3264 γεννᾷν

161 3286 544 3358 προσηγορίας
574 3285 718 3339 κατά
746 3288 846 3358 τὴν
870 3281 972 3339 ὧδε
1004 3286 1314 3358 συνήθειαν,
1341 3287 1546 3350 πάθους
1578 3305 1636 3340 τε
1667 3286 1758 3340 τοῦ

158 3380 468 3448 γεννῶντος
507 3381 600 3432 καὶ
637 3380 736 3449 τῆς
767 3379 906 3450 πρὸς
935 3379 995 3432 τὸ
1034 3378 1370 3450 γεννώμενον
1412 3379 1758 3442 οἱκειώσεως,

159 3475 298 3526 ὅταν
324 3470 474 3543 παρά
497 3471 592 3524 τοῦ
625 3473 836 3541 [ἰατρὸς
867 3470 946 3540 τῷ
975 3473 1271 3538 Μονογενεῖ
1298 3471 1522 3540 λέγηται
1551 3472 1631 3536 τὸ,
1665 3473 1758 3524 Ἐκ

159 3564 431 3632 γαστρὸς
460 3563 574 3630 πρὸ
602 3565 912 3632 ἑωσφόρου
937 3563 1240 3633 ἐγέννησὰ
1268 3581 1361 3626 σε,
1396 3563 1491 3616 καὶ
1516 3563 1596 3628 τὸ,
1628 3565 1760 3628 Υἱός

153 3673 286 3726 μου
315 3651 376 3709 εἷ
402 3655 504 3720 σὺ,
545 3655 660 3724 ἐγὼ
693 3655 961 3724 σήμερον
995 3655 1328 3725 γεγέννηκά
1370 3673 1443 3710 σε
1463 3674 1475 3685 ·
1533 3657 1760 3725 πότερον

159 3751 375 3806 τούτων
400 3749 764 3820 παρίστασθαι
803 3750 992 3820 φῶμεν
1021 3749 1108 3802 διὰ
1135 3750 1228 3802 τοῦ
1267 3751 1542 3820 ρήματος;
1569 3750 1628 3801 τὺ
1659 3749 1682 3800 ὲ
1693 3767 1759 3820 μ-

161 3841 344 3905 παθὲς
372 3840 479 3894 τῶν
503 3839 836 3910 γεννώντων,
867 3840 900 3910 ἦ
929 3841 1028 3912 τὴν
1049 3841 1147 3911 τῆς
1171 3840 1384 3908 φύσεως
1417 3841 1757 3910 οἰκειότητας

177 3929 328 3999 Ἐγὼ
359 3931 458 4000 μὲν
479 3932 589 4002 γὰρ
620 3929 776 3983 τοῦτό
802 3947 944 4000 φημι
963 3947 976 3960 ·
1011 3931 1105 3982 καὶ
1137 3930 1256 3982 οὐδὲ
1277 3929 1498 3992 τούτους
1522 3929 1760 4000 ἠγουμαί

161 4041 304 4078 ποτε
341 4022 416 4094 μὴ
453 4025 574 4093 οὐχὶ
595 4024 676 4086 είς
705 4023 965 4093 λαμπρὰν
1003 4021 1364 4093 μελαγχολίαν
1397 4023 1758 4092 παρενεχθέν-

155 4135 268 4180 τας
309 4115 729 4182 ἐναντιώσεσθαι
755 4117 886 4180 (891.
926 4117 1087 4168 Ὥστε
1115 4119 1162 4169 εἰ
1196 4117 1294 4186 μὲν
1325 4118 1498 4169 οἰκεία
1530 4115 1604 4185 τῷ
1643 4115 1761 4185 Θεῷ

163 4213 202 4278 ἠ
237 4208 409 4278 φωνὴ,
443 4207 494 4260 τί
521 4208 804 4278 ἀτιμάζεις
828 4207 902 4270 ὡς
932 4207 1212 4280 ἀλλοτρίαν
1237 4226 1251 4272 ;
1277 4209 1324 4261 εἰ
1355 4208 1411 4262 δὲ
1443 4210 1507 4260 ὲκ
1528 4207 1636 4260 τῶν
1669 4209 1762 4260 ἀν-

165 4299 466 4369 θρωπίνων
509 4301 996 4370 μετακεκόμισται,
1035 4301 1096 4352 τὸ
1151 4301 1303 4368 ὑγιὲς
1332 4301 1501 4368 αὐτῆς
1535 4299 1758 4364 ἐκλεξά-

169 4407 359 4462 μενος,
401 4390 540 4460 φύγε
575 4390 632 4443 τὸ
659 4394 837 4462 χεῖρον
859 4391 966 4444 τῶν
995 4391 1357 4462 δηλουμένων.
1403 4392 1620 4456 Ἔξεστι
1651 4390 1760 4462 γάρ

1870 1921 1991 1960 men
2027 1917 2132 1971 est,
2166 1915 2262 1961 aut
2294 1907 2411 1974 eius
2445 1923 2564 1978 qua:
2594 1909 2652 1962 ﬁt
2684 1925 2778 1978 per
2808 1911 3060 1979 gratiam,
3096 1921 3152 1964 ut
3184 1910 3236 1964 in
3274 1911 3452 1966 homi-

1868 1999 2050 2064 nibus,
2085 2009 2177 2054 aut
2221 1999 2340 2068 ejus
2373 2016 2494 2070 quae
2539 2003 2835 2054 secundum
2882 2013 3128 2056 naturam
3161 2012 3264 2064 est,
3295 2011 3354 2056 ut
3397 2001 3452 2055 in

1873 2090 2182 2160 Unigenito,
2215 2091 2351 2146 satis
2407 2092 2609 2146 dictum
2665 2101 2770 2147 est.
2819 2093 2924 2148 Sed
2973 2093 3162 2146 demus
3207 2103 3264 2148 et
3313 2095 3462 2149 hanc.

1869 2197 2054 2238 vocem
2084 2183 2344 2251 tropicant
2373 2199 2518 2248 esse,
2543 2199 2793 2252 eamque,
2825 2185 3034 2238 sicutct
3061 2186 3195 2240 alias
3224 2201 3452 2241 sexcen-

1873 2285 1976 2338 tas,
2005 2291 2103 2345 per
2151 2275 2560 2329 translationem
2597 2276 2722 2329 dici.
2765 2275 3224 2342 Quemadmodum
3267 2277 3454 2346 igitur,

1865 2385 1990 2424 cum
2022 2369 2186 2422 Deum
2221 2368 2476 2421 audimus
2521 2368 2704 2432 irasci,
2737 2369 2994 2434 dormire,
3021 2367 3222 2434 volare,
3257 2379 3314 2423 et
3345 2368 3454 2422 alia

1867 2462 1918 2514 id
1967 2477 2158 2531 genus,
2193 2477 2316 2530 quae
2371 2475 2534 2514 sensu
2575 2461 2736 2514 obvio
2775 2459 3182 2527 intelligentiam
3235 2460 3454 2514 indeco-

1869 2569 1982 2604 ram
2033 2567 2146 2621 pra:
2193 2567 2252 2606 se
2308 2552 2508 2614 ferunt,
2540 2567 2646 2606 non
2684 2561 2860 2604 tamen
2897 2566 3058 2606 voces
3089 2552 3324 2620 Spiritus
3355 2567 3450 2606 ex-

1869 2644 2180 2711 pungimus,
2207 2657 2306 2697 nec
2331 2643 2489 2696 modo
2519 2656 2778 2710 corporeo
2805 2641 2918 2696 huic
2943 2643 3083 2696 dicta
3113 2643 3444 2712 accipimus;

1864 2751 2024 2802 quam
2077 2735 2290 2788 tandem
2333 2735 2403 2787 ob
2449 2748 2694 2797 causam,
2723 2749 2842 2787 cum
2877 2733 2991 2787 lucc
3023 2749 3124 2786 vox
3159 2735 3292 2789 adeo
3331 2733 3450 2788 fre-

1865 2833 2092 2894 quenter
2121 2839 2150 2878 a
2185 2825 2385 2892 Spiritu
2425 2833 2682 2892 usurpata
2733 2825 2824 2887 sit,
2867 2839 2970 2878 non
3025 2826 3190 2878 etiam
3243 2839 3444 2882 conve-

1865 2919 2096 2972 nientem
2165 2915 2276 2971 Deo
2341 2916 2746 2986 intelligentiam
2825 2917 3252 2988 investigamus?
3321 2936 3452 2974 nuln

1865 3008 2006 3062 hanc
2053 3007 2224 3061 solam
2278 3023 2345 3062 ex
2395 3006 2676 3076 Scriptura
2727 3006 3049 3071 delebimus,
3081 3023 3200 3062 eam
3241 3023 3306 3064 ex
3345 3011 3454 3064 hu-

1789 3132 1832 3186 c
1867 3115 2028 3154 mano
2056 3115 2155 3154 usu
2199 3099 2634 3153 calumniantes?
2663 3099 2730 3152 At
2759 3113 2870 3152 rem
2907 3099 2986 3152 sic
3019 3101 3451 3157 consideremus.

1869 3193 2002 3247 Cum
2041 3193 2148 3246 duo
2191 3192 2566 3260 signiﬁcentur
2601 3191 2892 3260 generandi
2929 3206 3060 3246 voce
3097 3205 3162 3246 ex
3217 3193 3452 3249 humano

1869 3299 2045 3351 more,
2097 3286 2412 3354 generantis
2467 3285 2676 3338 scilicet
2728 3281 2972 3348 aﬁ'cctus,
3029 3293 3084 3338 et
3145 3287 3454 3356 conjunctio

1869 3391 1990 3428 cum
2019 3378 2234 3446 genito;
2266 3375 2481 3443 quando
2505 3391 2532 3428 a
2559 3373 2720 3428 Patre
2745 3375 2810 3428 ad
2843 3374 3184 3441 Unigenitum
3220 3376 3452 3430 dicitur:

1873 3466 1956 3521 Ea:
1985 3477 2128 3522 utero
2155 3479 2276 3522 ante
2299 3468 2584 3536 turi/erum
2617 3471 2771 3536 genui
2805 3476 2854 3520 te
2881 3469 2958 3528 II";
2991 3479 3074 3523 et:
3105 3467 3279 3524 Filius
3313 3487 3457 3524 metu

1869 3578 1922 3614 es
1955 3571 2032 3623 tu,
2067 3579 2158 3629 ego
2189 3562 2342 3614 hodie
2368 3563 2525 3630 genui
2553 3573 2599 3615 te
2627 3561 2707 3624 8‘;
2741 3572 2918 3614 utram
2955 3561 3145 3614 harum
3182 3563 3454 3634 signiﬁca-

1872 3657 2076 3708 Iionum
2111 3657 2216 3708 hoc
2245 3655 2414 3708 verbo
2444 3655 2672 3708 indicari
2704 3655 2985 3708 dicemus?
3009 3661 3458 3724 generantiumne

1869 3745 2142 3814 aﬁcctum,
2179 3761 2246 3798 an
2294 3755 2501 3800 naturae
2535 3747 3011 3814 conjunctionem?
3041 3745 3152 3815 Ego
3185 3748 3288 3802 hoc
3329 3763 3458 3803 cen-

1869 3855 1996 3902 seo;
2035 3848 2088 3892 et
2135 3853 2202 3894 ne
2243 3837 2344 3894 hos
2389 3838 2632 3906 quidem,
2666 3839 2768 3892 nisi
2822 3839 2875 3892 in
2925 3840 3273 3894 manifestum
3323 3851 3458 3895 atrae

1868 3931 1992 3984 bilis
2039 3931 2285 3984 morbum
2350 3929 2688 3992 incidissent,
2724 3931 3162 3986 contradicturos
3213 3945 3454 4002 unquam

1869 4022 2038 4076 fuisse
2070 4022 2326 4076 arbitror.
2353 4019 2558 4087 Quare,
2591 4021 2634 4076 si
2665 4023 3172 4076 eonvenitDeoltaac
3201 4037 3324 4088 vox,
3357 4039 3460 4078 cur

1869 4117 2010 4168 sicut
2060 4114 2290 4168 alienam
2341 4113 2592 4180 spernis?
2647 4111 2742 4166 Sin
2793 4121 2972 4166 autem
3025 4129 3090 4168 ex
3144 4115 3456 4170 hominibus

1871 4206 2133 4262 translala
2183 4215 2289 4270 est,
2324 4221 2456 4259 sano
2505 4205 2810 4274 signiﬁcatu
2869 4205 3100 4270 delecto,
3135 4207 3258 4276 fuge
3307 4207 3456 4262 dete-

1870 4299 2092 4354 riorem.
2129 4296 2263 4351 Nam
2303 4297 2546 4365 profecto
2578 4297 2630 4350 in
2661 4297 2898 4351 dictione
2933 4313 3054 4366 qua:
3087 4300 3252 4352 multa
3287 4299 3458 4368 signi-

1871 4391 2018 4455 ﬁcat,
2047 4405 2168 4443 cum
2213 4389 2278 4442 ad
2315 4399 2512 4442 rectam
2573 4388 2846 4442 notionem
2905 4403 3000 4456 per
3047 4389 3214 4458 ipsam
3265 4403 3454 4442 vocem

163 4483 346 4552 δήπου
376 4483 432 4534 ἐν
466 4481 768 4552 πολυσήμῳ
793 4483 857 4552 τῇ
885 4481 1048 4547 λέξει,
1075 4481 1214 4552 πρὸς
1235 4483 1332 4554 τὴν
1360 4482 1528 4552 ὀρθὴν
1553 4481 1737 4534 ἔννοιαί

1877 4480 2132 4533 deductus
2179 4477 2368 4544 fueris,
2413 4479 2542 4532 licet
2584 4478 2842 4532 humilem
2887 4489 3208 4548 turpemque
3255 4479 3456 4534 intelli-

163 4573 506 4642 ὀδηγηθέντα
535 4573 622 4626 διὰ
644 4574 737 4626 τοῦ
763 4575 1026 4644 ῥήματος,
1061 4575 1121 4626 τὸ
1143 4573 1397 4626 ταπεινὸν
1425 4575 1516 4626 καὶ
1537 4573 1760 4644 αἰσχρὸν

163 4667 268 4737 τῆς
302 4664 592 4736 ἐμφάσεως
622 4665 947 4735 ὑπερϐῆναι.
993 4667 1102 4718 Καὶ
1147 4667 1219 4736 μή
1256 4683 1346 4736 μοι
1379 4665 1534 4733 λέγε·
1577 4665 1672 4728 Τίς
1703 4665 1760 4717 δὲ

243 4845 290 4876 ⁸⁷
323 4843 468 4898 Psal.
496 4859 607 4908 ειιι,
635 4843 688 4898 3.
767 4842 812 4874 ⁸⁸
838 4841 980 4897 Psal.
1015 4859 1075 4910 ιι,
1107 4841 1156 4897 7.

245 4995 1018 5070 (84)]ζι1ἰιίεἶναιδεικνύναι.
1072 4998 1294 5052 Veteres
1346 4999 1587 5070 quinque
1636 4997 1761 5052 libri

165 5067 349 5126 οὖσαν
365 5069 660 5124 δεικνύναι.
697 5069 814 5122 Mox
855 5085 987 5123 mss.
1023 5070 1265 5122 nonnulli
1301 5069 1618 5137 φιλονεικεῖ.

250 5141 366 5210 (85)
402 5141 554 5212 Illud,
597 5141 950 5212 ἀφαιρεῖται,
991 5139 1058 5192 ad
1111 5140 1344 5212 verbum
1399 5141 1766 5212 interpretans

167 5209 596 5278 Trapezuntius,
635 5211 716 5265 sic
742 5209 960 5265 vertit:
1004 5209 1234 5278 genitum
1269 5226 1382 5262 esse
1417 5227 1450 5261 a
1501 5211 1764 5279 genimine

169 5291 418 5336 removet.
455 5279 570 5338 Hoc
597 5294 704 5346 est,
735 5289 888 5349 negat
928 5279 1048 5348 ﬁeri
1089 5279 1368 5349 potuisse.
1411 5290 1469 5331 ut
1519 5281 1764 5348 genitura

169 5351 352 5420 genita
390 5349 570 5418 fuerit.
605 5351 681 5406 Eo
714 5347 935 5418 spectat
951 5359 1060 5404 tota
1087 5347 1268 5420 Basilii
1305 5349 1672 5420 ratiocinatio,
1707 5359 1763 5420 ut

169 5418 712 5492 probetﬂpugnanlia
747 5423 894 5490 loqui
935 5418 1278 5474 Eunomium.
1313 5418 1380 5473 Et
1419 5435 1548 5473 vero
1569 5419 1758 5492 __p_roﬁ-

171 5487 276 5546 ιρι-ί
313 5487 517 5546 Filium
541 5487 844 5558 genituram
872 5505 1011 5554 esse,
1030 5497 1086 5544 et
1121 5499 1302 5542 tamen
1342 5503 1540 5558 negare
1569 5487 1762 5542 Filium

169 5563 418 5628 genitum
451 5561 640 5623 fuisse,
665 5559 794 5630 quid
825 5572 930 5627 εει,
964 5572 1169 5628 quaeso,
1221 5560 1323 5614 nisi
1357 5561 1652 5630 pugnantia
1685 5560 1764 5614 lo-

167 5632 290 5700 qui,
309 5642 362 5686 et
391 5645 576 5700 secum
607 5647 712 5686 non
745 5631 1098 5686 consentire?

245 5701 363 5770 (86.)
392 5699 572 5758 (Index
604 5715 744 5772 unus
774 5711 830 5755 et
853 5702 980 5754 editi
1021 5702 1087 5772 εκ
1145 5702 1457 5772 μεταφορᾶς
1488 5699 1760 5770 εἰρῆσθαι,

171 5772 384 5841 Reliqui
418 5788 512 5828 sex
547 5789 676 5828 mss.
714 5771 986 5840 λέγεσθαι.
1033 5771 1153 5827 Mos
1191 5773 1387 5842 legitur
1425 5773 1480 5826 in
1533 5773 1763 5838 vulgatis

1867 4575 2106 4645 gentiam
2155 4573 2454 4643 praeterire.
2499 4571 2607 4625 Nec
2653 4571 2784 4624 mihi
2821 4571 2969 4624 dicas
3003 4587 3018 4626 :
3051 4569 3180 4636 Quae
3213 4585 3342 4626 vero
3371 4583 3456 4627 est

1870 4665 2172 4736 generatio,
2209 4674 2262 4720 et
2297 4665 2496 4733 qualis,
2529 4673 2586 4717 et
2612 4662 2883 4733 quomodo
2927 4663 3044 4717 ﬁeri
3085 4662 3302 4732 potuit?
3336 4661 3452 4717 Non

1863 4999 1914 5049 εἰ
1963 4997 2144 5049 τοίνυν
2184 5015 2196 5050 :
2239 4995 2333 5050 sed
2391 5007 2486 5060 pro
2532 4993 2581 5044 εἰ
2633 4993 2812 5044 τοίνυν
2860 4991 3120 5059 scriptum
3161 4991 3214 5046 in
3252 4991 3453 5046 nostris
3511 5001 3520 5010 "

1864 5077 2072 5134 septem
2114 5065 2396 5120 codicibus
2434 5065 2734 5116 invenimus
2774 5063 2861 5124 Ὠς
2886 5061 3094 5134 ζιτοῇιυνξ

1939 5129 2052 5202 (87)
2092 5135 2320 5192 Codices
2363 5136 2568 5202 aliquot
2619 5135 2772 5200 παρὰ
2817 5131 2912 5184 τοῦ
2953 5130 3294 5201 Πνεύματος.
3333 5129 3450 5184 Vox

1863 5208 2082 5278 αὐτῆς,
2139 5221 2260 5276 qua:
2323 5205 2504 5260 statim
2567 5207 2854 5271 sequitur.
2899 5203 2956 5255 in
3003 5203 3248 5270 quinque
3311 5216 3443 5255 mss.

1864 5280 2038 5332 deest.

1937 5347 2050 5414 (88)
2090 5345 2214 5400 [late
2241 5345 2454 5400 diverse
2511 5345 2563 5398 in
2601 5343 2835 5414 diuersis
2863 5341 3288 5414 distinguuntur.
3313 5337 3448 5393 Nam

1870 5417 1924 5470 in
1949 5409 2186 5484 vulgatis
2225 5425 2280 5471 et
2317 5417 2370 5469 in
2421 5429 2528 5468 uno
2557 5413 2747 5467 codice
2776 5412 2980 5484 virgula
3018 5413 3190 5484 posita
3228 5419 3311 5484 est
3361 5425 3449 5464 so-

1869 5487 1976 5542 lum
2030 5481 2149 5556 post
2180 5503 2364 5541 vocem
2401 5485 2690 5555 χρήσεωςε
2725 5493 2791 5556 at
2827 5481 2879 5536 in
2905 5481 3085 5556 Regiis
3111 5483 3350 5556 secundo
3396 5491 3452 5556 et

1867 5550 2064 5625 quarto
2099 5557 2308 5626 virgula
2333 5550 2662 5626 staiitnpost
2685 5555 2904 5626 verbum
2931 5550 3312 5620 άπαλείψομεν
3341 5551 3452 5604 εθι-

1871 5623 2102 5683 locatur.
2141 5623 2375 5681 Primam
2405 5623 2770 5692 distinguendi
2819 5627 3084 5676 rationem
3120 5633 3340 5676 secutus
3365 5627 3454 5692 est.

1869 5700 2138 5766 interpres
2163 5707 2316 5749 vetns
2343 5711 2356 5746 :
2382 5709 2489 5766 nos
2513 5695 2894 5766 posteriorem.

1943 5761 2053 5840 ('89)
2097 5767 2318 5824 Veteres
2342 5765 2545 5832 aliquot
2582 5763 2699 5818 libri
2755 5761 3200 5816 ἐναντιώσασθαι.
