3822 6216
383 289 491 345 6Ω7

1712 297 1768 354 S.
1815 296 2064 351 BASILII
2107 295 2324 351 MAGNI

3565 284 3668 340 623

382 410 529 464 enim
560 412 814 480 quoniam
863 411 1085 465 omnino
1135 410 1422 466 incﬂ'abilis
1471 411 1662 465 modus
1696 421 1779 465 est
1819 422 1978 478 atque

2148 410 2436 478 γέννησις;
2485 406 2578 459 καὶ
2603 406 2852 475 ποταπής
2886 403 2979 456 καὶ
3018 403 3135 466 πῶς
3168 402 3234 456 ἂν
3267 402 3476 470 γένοινο
3500 404 3671 474 etiam;

379 502 974 574 incomprehensibilis,
1007 504 1266 558 continuo
1297 506 1464 558 etiam
1501 505 1712 557 ﬁrmam
1754 517 1818 556 ac
1863 514 1974 556 sta-

389 591 549 646 bilem
581 595 633 648 in
666 594 880 649 Patrem
927 605 980 650 et
1005 596 1197 650 Filium
1228 597 1386 651 ﬁdem
1437 595 1780 666 abjiciemus.
1817 593 1975 654 Nam,

390 684 435 737 si
486 685 844 755 intelligentia
891 697 1072 742 nostra
1109 688 1438 742 voluerimus
1474 687 1651 742 metiri
1689 687 1892 745 omnia,
1924 697 1976 739 et

390 777 534 843 quod
580 787 760 832 mente
809 779 928 846 capi
979 794 1084 832 non
1141 789 1333 848 potest,
1371 779 1422 830 ld
1462 777 1717 831 arbitrari
1757 776 1979 828 omnino

393 884 498 920 non
544 883 686 933 esse,
717 871 915 938 peribit
967 871 1113 935 ﬁdei,
1147 872 1344 940 peribit
1393 870 1505 940 Spei
1562 883 1789 923 merces.
1837 868 1980 934 Quo-

393 961 556 1016 modo
584 973 766 1018 autem
800 964 1062 1020 fuerimus
1092 966 1322 1034 amplius
1354 964 1502 1033 digni
1531 961 1977 1024 beatitudinibus,

392 1067 516 1122 quae
543 1055 595 1109 in
631 1055 737 1111 ﬁde
767 1073 945 1111 rerum
982 1073 1089 1111 non
1135 1057 1511 1126 apparentium
1544 1056 1794 1122 repositae
1830 1063 1977 1118 sunt,

392 1147 439 1200 si
470 1147 628 1218 261
665 1148 730 1201 iis
761 1149 890 1202 solis
916 1165 1036 1218 quae
1074 1150 1267 1202 rationi
1316 1150 1578 1203 evidentia
1629 1156 1772 1210 sunt,
1821 1148 1978 1200 ﬁdem

399 1238 694 1293 habemus?
727 1239 878 1294 Unde
912 1256 1062 1294 vana:
1111 1241 1266 1294 facta!
1321 1249 1444 1294 sunt
1491 1250 1704 1309 gentes,
1736 1248 1790 1293 et
1840 1249 1984 1292 tene-

399 1330 510 1382 bris
561 1331 849 1384 obductum
896 1342 979 1385 est
1037 1333 1274 1386 insciens
1312 1347 1406 1385 cor
1444 1346 1631 1385 eorum
1663 1331 1746 1383 3’?
1773 1330 1980 1397 Nonne,

397 1423 656 1490 quoniam
691 1423 818 1477 dum
852 1440 915 1477 ea
955 1434 1274 1492 sequuntur,
1306 1439 1426 1490 qua:
1476 1423 1672 1476 rationi
1716 1423 1983 1476 verisimi-

399 1512 469 1566 lia
503 1514 776 1575 videntur.
810 1515 1177 1583 prIedicatiOni
1215 1516 1452 1583 Spiritus
1486 1515 1642 1568 ﬁdem
1692 1529 1796 1567 non
1830 1495 1984 1566 adlui-

400 1604 573 1659 bent?
614 1604 761 1670 Quos
820 1616 998 1658 autem
1045 1605 1213 1658 Isaias
1279 1615 1337 1658 ut
1401 1606 1643 1673 perditos
1702 1603 1985 1673 deplorat?

410 1697 502 1750 Va:
543 1699 867 1768 sapientibus
914 1699 966 1750 in
1013 1700 1218 1764 seipsis,
1252 1711 1299 1752 et
1335 1714 1512 1750 coram
1555 1698 1742 1765 seipsis
1773 1697 1986 1750 aciemi-

2085 503 2159 554 Οὐ
2208 501 2335 570 γὰρ,
2376 497 2562 569 ἐπειδὴ
2597 499 2625 549 ὁ
2655 497 2856 568 τρόπος
2901 495 3141 566 ἀρρητος
3186 497 3279 549 καὶ
3317 496 3675 567 ἀπερινόητος

2087 593 2391 657 παντελῶς,
2441 593 2542 663 ἤδη
2576 592 2669 644 καὶ
2716 590 2779 644 τὸ
2827 590 3022 658 πάγιον
3059 590 3157 659 τῆς
3211 591 3291 652 είς
3335 588 3553 658 Πατέρα
3581 592 3678 642 καὶ

2087 689 2214 741 Υίὸν
2247 687 2484 749 πίστεως
2526 685 2891 756 ὲκϐαλοῦμεν.
2929 685 2992 736 Εἰ
3033 683 3142 754 γὰρ
3179 682 3466 752 μέλλοιμεν
3499 684 3681 736 πάντα

2086 783 2150 850 τῇ
2194 779 2494 850 καταλήψει
2533 781 2773 852 μετρεῖν,
2813 778 2908 830 καὶ
2943 778 3004 830 τὸ
3037 780 3152 839 τοῖς
3179 777 3456 846 λογισμοῖς
3483 777 3677 845 ἀπερε-

2086 870 2290 940 ληπτον
2319 871 2454 942 μηδὲ
2483 867 2624 923 εἶναι
2651 871 2712 923 τὸ
2732 871 2996 941 παράπαν
3021 869 3680 939 ὐπολαμὸάνειν,οξχῆσε·

2085 979 2177 1013 ται
2209 963 2307 1032 μὲν
2333 962 2440 1032 (90)
2473 965 2502 1014 ὁ
2524 962 2624 1031 τῆς
2651 962 2908 1026 πίστεως,
2938 963 3218 1031 οἰχήσεται
3244 961 3300 1014 δὲ
3329 963 3360 1013 ὁ
3398 961 3497 1030 τῆς
3527 961 3682 1013 ἑλπί-

2086 1058 2176 1121 δος
2215 1056 2425 1127 μισθός.
2457 1054 2581 1118 Πῶς
2624 1055 2668 1108 δ’
2695 1056 2762 1108 ἂν
2791 1055 2983 1125 εἴημεν
3018 1055 3097 1107 ἔτι
3142 1054 3254 1108 τῶν
3314 1055 3682 1126 μακαρισμῶν

2089 1150 2250 1214 ἄξιοι.
2281 1149 2390 1201 τῶν
2433 1149 2529 1201 ἐπὶ
2565 1150 2630 1218 τῇ
2660 1148 2840 1200 πίστει
2865 1146 2972 1199 τῶν
2995 1147 3243 1217 ἀοράτων
3278 1147 3683 1218 ἀποκειμένων,

2088 1245 2137 1294 οἱ
2191 1242 2372 1312 μόνοις
2406 1242 2518 1303 τοῖς
2547 1238 2688 1293 κατὰ
2725 1238 2982 1308 λογισμὸν
3039 1238 3294 1309 ἐναργέσι
3329 1237 3686 1308 πειθόμενοις

2091 1335 2263 1388 Πόθεν
2291 1333 2606 1404 ὲματαιὼθη
2636 1334 2704 1385 τὰ
2734 1332 2882 1402 ἔθνη,
2913 1334 3006 1386 καὶ
3039 1331 3325 1402 ἐσκοτίσθη
3358 1335 3391 1402 ἠ
3422 1331 3690 1392 ἀσύνετος

2092 1425 2272 1478 αὐτῶν
2302 1424 2499 1495 καρδία
2526 1440 2539 1488 ;
2563 1424 2674 1475 Οὐκ
2693 1423 2877 1492 ἐπειδὴ
2902 1425 3010 1486 τοῖς
3038 1425 3100 1475 ἐκ
3124 1423 3232 1475 τῶν
3264 1422 3541 1492 λογισμῶν
3571 1422 3690 1488 (91)

2092 1517 2440 1585 φαινομένοις
2468 1513 2907 1576 ἀκολουθοῦντες,
2939 1514 3017 1583 τῷ
3040 1514 3354 1584 κηρύγματι
3391 1513 3486 1565 τοῦ
3511 1514 3693 1566 ﬁve-.3-

2096 1626 2264 1679 ματος
2300 1608 2620 1670 ἀπειθοῦσις
2658 1608 2823 1670 Τίνας
2861 1607 2916 1659 δὲ
2960 1608 2988 1658 ὁ
3027 1606 3255 1666 Ἡσαΐας
3296 1606 3371 1668 ὡς
3412 1605 3688 1658 ἀπολωλὼ

2089 1718 2190 1764 τας
2225 1699 2505 1770 ὸδύρεταις
2546 1699 2694 1753 Οὐαὶ
2729 1702 2784 1752 οἱ
2825 1700 3003 1768 σοφοὶ
3034 1699 3105 1751 ἐν
3132 1699 3370 1764 ἑαυτοῖς
3417 1697 3554 1769 (9⁷2),
3590 1701 3693 1753 καὶ

400 1791 494 1843 bus
525 1792 592 1844 ’°.
643 1788 832 1844 Nonne
883 1791 1025 1844 llos?
1069 1790 1250 1846 Multis
1292 1790 1460 1859 igitur
1483 1806 1547 1841 ex
1590 1790 1654 1844 iis
1678 1804 1797 1857 quae
1826 1789 1992 1842 inter-

2128 1791 2351 1844 νὼπιον
2387 1790 2585 1844 αὐτῶν
2629 1790 3048 1859 ἐπιστήμονες.
3103 1792 3179 1843 Οὺ
3212 1791 3336 1854 τοὺς
3373 1789 3690 1852 τοιούτουςς

407 1881 586 1935 media
639 1892 786 1945 sunt,
824 1883 1226 1949 praetermissis,
1272 1893 1383 1935 tum
1434 1883 1501 1934 iis
1553 1883 1754 1950 quibus
1807 1890 1993 1949 aperte

403 1973 694 2027 afﬁrmavit
719 1973 914 2028 Filium
948 1975 1188 2044 genitum
1239 1990 1345 2028 non
1383 1972 1574 2036 fuisse,
1602 1982 1714 2026 tum
1765 1973 1831 2026 iis
1874 1987 1994 2041 qua:

405 2066 703 2122 artiﬁciose
733 2069 1084 2138 excogitavit,
1117 2067 1219 2129 hoc
1252 2077 1310 2120 ut
1350 2068 1615 2129 obtineat,
1646 2065 1990 2134 Unigenitom

405 2157 617 2211 scilicet
660 2165 965 2212 creaturam
1011 2172 1075 2210 ao
1119 2153 1386 2210 facturam
1429 2170 1574 2219 esse,
1608 2156 1673 2208 ad
1724 2153 1990 2222 praecipua

407 2248 709 2318 impietatis
771 2249 947 2318 capita
1010 2262 1098 2301 me
1155 2257 1491 2311 convertam,
1533 2246 1577 2300 si
1626 2245 1781 2315 prius
1817 2244 1884 2297 de
1928 2244 1992 2298 iis

403 2354 525 2408 qua
557 2339 761 2393 omissa
812 2348 959 2400 sunt,
991 2338 1094 2399 hoc
1144 2337 1319 2392 solum
1368 2346 1628 2403 notavero
1653 2336 1796 2404 quod
1829 2351 1990 2405 quam

405 2430 458 2483 in
516 2439 857 2484 antecessum
916 2430 1090 2498 reipsa
1152 2428 1500 2482 concinnavit
1559 2427 1991 2495 blasphemiam,

405 2523 544 2575 hanc
587 2521 754 2575 verbo
805 2523 1096 2589 obtegere,
1158 2520 1541 2590 sermonisque
1601 2519 1991 2589 impudentiam

407 2611 654 2673 delinire,
684 2627 806 2665 cum
839 2612 1020 2677 vellet,
1047 2627 1151 2665 non
1185 2627 1526 2664 communem
1557 2609 1736 2664 facere
1766 2626 1825 2664 se
1859 2611 1996 2668 dixit

405 2702 671 2757 creaturis
716 2702 1083 2771 Uuigeuitum,
1121 2718 1344 2757 suorum
1400 2703 1628 2770 ipsemet
1681 2704 1992 2770 dogmatum

405 2796 627 2862 oblitus,
651 2810 770 2865 qua:
813 2797 864 2850 in
913 2797 1284 2865 superioribus
1325 2795 1474 2850 clara
1519 2812 1582 2848 ac
1632 2805 1818 2862 aperta
1865 2809 1994 2848 vove

403 2888 730 2958 exponebat.
789 2893 834 2943 A
894 2889 1092 2958 quibus
1149 2905 1339 2945 rursus
1392 2889 1446 2942 in
1512 2888 1877 2958 impudentem
1931 2905 1994 2942 ac

411 2978 906 3034 manifestissimum
958 2980 1374 3050 repugnantiam
1424 2979 1634 3032 incidit.
1671 2977 1762 3032 Sic
1812 2988 1991 3038 autem

408 3078 599 3132 scribit
628 3097 641 3132 :

479 3169 616 3225 EUN.
659 3168 830 3223 Nemo
882 3175 1062 3222 autem
1116 3182 1236 3221 cum
1297 3166 1492 3221 Filium
1547 3166 1812 3219 facturam
1872 3180 1994 3218 esse

409 3263 583 3327 audit,
618 3262 843 3315 moleste
891 3259 1046 3322 ferat,
1084 3260 1239 3329 quasi
1291 3261 1568 3314 nominum
1605 3259 1999 3313 communitate

411 3353 716 3407 communis
746 3352 840 3404 ﬁat
874 3352 1194 3406 substantia.

487 3444 612 3498 Bas.
655 3444 938 3510 Quomodo
986 3444 1170 3513 igitur,
1217 3460 1250 3496 ο
1295 3443 1717 3513 sapientissime,
1769 3443 1813 3496 si
1869 3443 1999 3495 sub-

414 3538 630 3590 stantias
677 3536 967 3590 diversitas
1013 3536 1382 3590 diversitatem
1431 3536 1708 3590 nominum
1758 3551 2002 3588 necessa-

417 3632 497 3684 rio
531 3630 780 3698 sequitur
809 3630 1185 3698 (recordamur
1210 3631 1353 3683 enim
1387 3638 1438 3684 te
1473 3631 1590 3684 [nec
1619 3628 1672 3682 in
1701 3630 1998 3697 superiori-

415 3724 514 3776 hus
543 3722 952 3793 pertractasse),
985 3737 1091 3776 non
1125 3737 1267 3777 nunc
1293 3721 1608 3775 substantiae
1635 3720 2000 3775 comnnmitas

414 3816 857 3868 communitatem
919 3815 1199 3868 nominum
1257 3813 1556 3881 sequetur?
1611 3811 1797 3881 Neque
1856 3813 2000 3866 enim

413 3909 603 3973 semel,
634 3924 806 3977 neque
839 3909 1014 3963 obiter
1045 3909 1129 3963 his
1163 3907 1344 3962 verbis
1385 3922 1515 3960 usus
1566 3905 1736 3960 fuisse
1783 3921 2001 3974 compc-

417 3999 579 4052 ritur.
613 3997 816 4053 Deinde
859 4008 912 4053 et
955 4013 1120 4064 nunc,
1145 3998 1297 4066 quasi
1328 3997 1477 4052 illum
1505 4013 1691 4051 eorum
1725 4012 1844 4065 quae
1870 3997 2008 4050 dixit

417 4088 791 4156 paenituisset,
853 4091 996 4157 quod
1073 4088 1350 4142 nominum
1409 4087 1832 4142 communicatio
1901 4101 2006 4141 non

417 4196 734 4243 communes
781 4180 946 4234 etiam
993 4181 1162 4235 faciat
1211 4168 1570 4243 substantias,
1612 4196 1800 4234 rursus
1849 4179 2007 4250 paulo

418 4283 559 4344 post,
594 4275 936 4329 adversarios
966 4290 1093 4329 suos
1124 4276 1440 4346 objurgans,
1477 4274 1564 4328 illa
1599 4273 1827 4329 inducit.

487 4481 531 4511 "
560 4480 713 4535 Rom.
747 4497 785 4549 ι,
816 4480 907 4534 21.
968 4483 1030 4550 ,⁸ο
1061 4481 1166 4539 lsa.
1201 4499 1256 4550 v,
1284 4484 1374 4540 2L

502 4686 602 4754 [00)
626 4684 851 4740 Codices
886 4687 992 4756 duo
1023 4685 1122 4756 μὲν
1150 4688 1305 4756 ἡμῖν.

503 4757 604 4825 191)
635 4758 816 4810 Codex
871 4753 1131 4826 ϐοιωτῷ
1172 4753 1452 4826 λογισμῷ,
1488 4755 1631 4810 haud
1666 4755 1827 4809 male.
1859 4755 1999 4809 Editi

416 4838 472 4882 et
505 4845 632 4880 mss.
665 4844 768 4880 non
807 4829 959 4895 pauci
988 4829 1052 4879 ὲκ
1074 4825 1181 4880 τῶν
1211 4825 1508 4895 λογισμῶν.

494 4898 606 4964 (92)
637 4898 773 4950 Editi
805 4909 858 4949 et
888 4896 1022 4965 Reg.
1064 4900 1285 4968 quintus
1313 4898 1370 4947 ὲν
1412 4897 1743 4968 ἐαυτοζςΣ-ῇι
1767 4913 1820 4968 se
1844 4895 1997 4968 ipsis,

419 4980 472 5022 et
506 4973 575 5021 ita
613 4983 827 5035 quoque
852 4968 1054 5020 editqu
1084 4965 1369 5020 invenitur
1399 4968 1538 5035 apud
1582 4965 1745 5020 LXX.
1772 4967 1875 5018 Alii
1908 4983 2001 5019 sex

422 5056 552 5092 mss.
590 5039 717 5109 παρ’
742 5039 976 5109 ἑαυτοῖς,
1014 5042 1156 5102 apud
1183 5056 1236 5091 se
1258 5041 1416 5109 ipsos.

493 5110 604 5178 (95)
639 5106 776 5180 Editi
806 5108 1211 5180 παραδεχϐἦναι
1255 5107 1406 5180 αὐτό.
1445 5109 1670 5180 Antiqui
1714 5106 1837 5163 libri
1888 5121 2002 5180 ont-

423 5196 522 5232 nes
569 5179 739 5250 αὐτῷ.
795 5177 904 5250 Nec
965 5177 1352 5240 omittendum,
1394 5177 1495 5246 legi
1545 5177 1704 5249 paulo
1756 5187 1884 5232 ante
1949 5179 2002 5229 iu

421 5249 697 5315 aliquibus
721 5266 850 5304 mss.
880 5249 1187 5304 διετείνετο.

497 5321 608 5390 (94)
635 5321 774 5374 Editi
824 5330 877 5375 et
902 5322 1010 5375 duo
1045 5336 1172 5374 mss.
1207 5322 1366 5392 μόνον
1405 5340 1517 5385 τοις
1566 5319 1954 5392 παρατεθεῖσιν
1988 5330 2002 5369 :

427 5407 587 5457 quam
644 5393 934 5445 lectionem
989 5391 1216 5445 secutus
1277 5393 1598 5456 Carnarius,
1652 5391 1736 5444 ita
1787 5391 1998 5443 vertit:

429 5463 530 5515 Ubi
584 5463 679 5514 hoc
728 5463 896 5516 solum
940 5463 1196 5530 appositis
1231 5464 1520 5522 addidero,
1569 5479 1631 5515 ac
1680 5461 2002 5514 indicavero.

431 5532 794 5606 Alii_quinque
829 5549 958 5586 mss.
994 5531 1152 5606 μόνον
1199 5536 1313 5595 τοῖς
1363 5533 1700 5606 παρεθεῖσιν,
1732 5542 1787 5585 et
1815 5532 1884 5606 i_l_a_
1908 5533 2004 5606 _lej

433 5605 503 5669 git
537 5600 949 5668 Trapemtntitts,
982 5600 1103 5655 cum
1130 5605 1199 5655 ita
1232 5600 1623 5671 ittterpr'etatus
1650 5606 1722 5657 sit
1760 5621 1771 5654 :
1819 5600 1917 5655 Ubi
1954 5601 2008 5652 id

434 5671 601 5720 indum
623 5674 1032 5741 erprietermissis
1067 5673 1340 5741 collegero.
1365 5705 1430 5712 —-
1455 5674 1762 5739 Legendum
1791 5673 2006 5725 videtur

439 5740 839 5803 παρατεθεῐσιν.
902 5742 1034 5797 Illud
1093 5740 1235 5798 enim
1289 5743 1771 5814 ἐπισημηνάμενος
1807 5742 2008 5810 aliquid

2095 1885 2273 1938 Πολλά
2313 1885 2491 1937 τοίνυν
2519 1883 2766 1954 ὑπερϐὰς
2793 1884 2902 1936 τῶν
2927 1885 2984 1937 ὲν
3010 1883 3182 1954 μέσῳ,
3216 1884 3315 1935 ὅσα
3341 1899 3401 1935 τε
3430 1885 3562 1954 περὶ
3594 1881 3692 1935 τοῦ

2099 1981 2173 2050 μὴ
2199 1977 2556 2048 γεγεννῆσθαι
2587 1977 2678 2030 τὸν
2703 1977 2830 2029 Υίὺν
2862 1978 2926 2028 ὲκ
2957 1975 3050 2029 τοῦ
3085 1974 3397 2046 προφανοῦς
3423 1974 3687 2028 διετείνα-

2093 2090 2174 2135 το,
2223 2073 2316 2125 καὶ
2361 2072 2464 2124 ὅσα
2505 2071 2634 2142 περὶ
2677 2069 2770 2122 τοῦ
2831 2069 3237 2140 παραδεχϐῆναι
3287 2067 3436 2138 αὐτῷ
3477 2067 3595 2136 (95)
3631 2067 3694 2120 es

2096 2167 2304 2236 κτίσμα
2339 2160 2482 2217 εἶναι
2517 2163 2614 2216 καὶ
2643 2162 2855 2233 ποίημα
2891 2162 2982 2214 τὸν
3010 2161 3288 2231 Μονογενῆ
3335 2160 3689 2230 ὲτεχνάσατο,

2094 2258 2186 2310 ἐπὶ
2218 2256 2286 2310 τὰ
2317 2253 2656 2327 καιριώτατα
2686 2255 2785 2323 τῆς
2819 2254 3074 2316 ἀσεϐείας
3106 2253 3401 2324 τρέψομαι,
3431 2252 3690 2305 τοπῦτον

2099 2351 2259 2419 μόνον
2306 2351 2419 2411 τοῖς
2461 2347 2780 2418 παρεοεῖσιν
2811 2346 2921 2416 (94)
2957 2346 3463 2416 ἐπισημηνάμενος,
3501 2346 3588 2399 ὅτι
3625 2348 3691 2417 ἦν

2097 2438 2382 2507 προλαϐὼν
2411 2437 2488 2507 τῷ
2514 2437 2660 2508 ἔργῳ
2688 2436 3060 2492 κατεσκεύασε
3092 2434 3460 2506 βλασφημίαν,
3483 2436 3693 2506 ταύτην

2099 2527 2380 2597 βουληθεὶς
2410 2527 2727 2580 ὲπισκιάσαι
2757 2525 2837 2596 τῷ
2864 2527 3092 2597 ῥήματι,
3123 2525 3218 2578 καὶ
3251 2526 3313 2578 τὸ
3347 2526 3570 2590 ἀναιδὲς
3597 2527 3693 2579 τοῦ

2095 2621 2255 2688 λόγου
2300 2619 2712 2688 καταπραῧναι,
2755 2617 2860 2688 ἔφη
2911 2621 3234 2671 κοινοποιεῖν
3278 2619 3369 2672 τὸν
3409 2620 3693 2688 Μονογενῆ

2097 2714 2234 2782 πρὸς
2263 2712 2358 2782 τὴν
2385 2712 2582 2777 κτίσιν,
2616 2709 3004 2780 ἐπιλαθόμενος
3034 2710 3196 2773 αὐτὸς
3222 2710 3334 2778 (95)
3357 2710 3464 2763 τῶν
3495 2712 3695 2764 ἑαυτοῦ

2096 2806 2406 2874 δογμάτων,
2439 2803 2475 2856 ἃ
2505 2805 2562 2855 ὲν
2591 2806 2703 2866 τοῖς
2728 2803 2958 2856 κατόπιν
2993 2803 3174 2870 λόγοις
3208 2804 3389 2873 γυμνῇ
3423 2805 3520 2856 καὶ
3553 2805 3694 2855 ἀπαα

2101 2899 2434 2969 ρακαλύπτῳ
2455 2899 2520 2966 τῇ
2554 2901 2703 2968 φωνῇ
2742 2896 3028 2961 ἐξετίθετο.
3064 2898 3186 2966 Ὑφ’
3212 2890 3286 2950 ὧν
3313 2896 3423 2966 (96)
3452 2897 3595 2968 πρὸς
3613 2900 3696 2952 ἁν-

2096 2991 2386 3060 αίσχυντον
2433 2991 2596 3042 πάλιν
2638 2991 2730 3043 καὶ
2781 2991 3255 3062 περιφανεστάτην
3293 2990 3695 3057 ὲναντιολογίαν

2097 3081 2342 3140 ἐξέπεσε.
2368 3084 2574 3154 Γράφει
2605 3083 2661 3136 δὲ
2695 3083 2866 3146 οὕτως
2887 3101 2900 3112 ·

2169 3178 2327 3231 ΕΥΝ.
2371 3176 2574 3246 Μηδεὶς
2600 3176 2680 3237 δὲ,
2719 3177 2812 3229 τὸν
2839 3177 2966 3230 Υίὸν
3001 3177 3214 3230 ἀκούων
3237 3177 3468 3247 ποίημα,
3504 3177 3694 3248 δυσχε-

2102 3268 2348 3338 ραινέτω,
2373 3267 2447 3330 ὡς
2479 3268 2958 3338 κοινοποιουμένης
2984 3267 3085 3339 τῆς
3106 3268 3294 3330 οὐσίας
3323 3268 3429 3322 ὐπὸ
3455 3268 3562 3339 τῆς
3590 3269 3694 3321 τῶν

2099 3361 2379 3427 ὀνομάτων
2415 3358 2720 3420 κοινωνίας.

2173 3452 2317 3503 DNS.
2358 3451 2483 3513 Πῶς
2537 3448 2650 3512 οὖν,
2688 3446 2732 3502 ὦ
2767 3451 3068 3519 σοφώτατε,
3118 3453 3169 3504 εί
3209 3454 3275 3523 τῇ
3303 3452 3539 3522 διαφορᾷ
3589 3452 3693 3504 τῶν

2100 3545 2383 3614 ὀνομάτων
2415 3544 2474 3596 τὸ
2505 3544 2960 3615 παρηλλαγμένον
3001 3545 3102 3614 τῆς
3139 3545 3326 3608 οὐσίας
3357 3544 3418 3608 ἐξ
3447 3546 3694 3614 ἀνάγκης

2097 3637 2289 3688 ἕπεται
2315 3637 2668 3706 (μεμνήμεθα
2692 3638 2801 3707 γὰρ
2829 3637 3003 3706 δήπου
3029 3639 3086 3688 ἐν
3105 3640 3219 3700 τοῖς
3240 3637 3352 3690 ἄνω
3373 3637 3558 3704 λόγοις
3588 3636 3692 3706 (97)

2099 3725 2270 3778 ταῦτα
2289 3725 2627 3790 διεξιόντος),
2652 3728 2773 3796 οὐχὶ
2798 3727 2894 3779 νῦν
2920 3730 2985 3798 τῇ
3012 3728 3264 3798 κοινωνίᾳ
3279 3726 3386 3779 τῶν
3412 3727 3694 3798 ὀνομάτων

2099 3815 2160 3866 τὸ
2201 3815 2379 3867 κοινὸν
2410 3815 2509 3883 τῆς
2547 3815 2734 3877 οὐσίας
2780 3815 3165 3884 ἁκολουῦήσει;
3218 3816 3354 3868 Οὐδὲ
3385 3816 3494 3886 γὰρ
3530 3817 3694 3881 ἅπαξ.

2101 3906 2222 3959 οὐδὲ
2259 3909 2322 3958 ἐκ
2357 3907 2632 3979 παρέργου
2677 3908 2863 3960 τοῦτον
2902 3908 2995 3959 τὸν
3039 3908 3196 3976 λόγον
3229 3907 3696 3980 παραφθεγξάμε-

2107 4015 2197 4061 νος
2245 3999 2516 4060 φαίνεται.
2569 3999 2721 4051 Ἐπεὶ¹
2756 3999 2850 4052 καὶ
2884 3999 2978 4051 νῦν
3011 4000 3193 4064 εὐθὺς,
3229 3999 3419 4072 ῶσπερ
3457 4019 3690 4073 μεταμε-

2107 4086 2291 4158 ληθεὶς
2321 4089 2406 4158 ἐφ’
2437 4084 2518 4152 οἷς
2556 4089 2799 4160 εἴρηκεν,
2827 4091 2909 4141 ὅτι
2941 4093 2975 4159 ἡ
3002 4089 3111 4141 τῶν
3131 4091 3413 4162 ὀνομάτων
3440 4093 3698 4145 κοινωνία

2106 4180 2166 4233 οὐ
2233 4181 2598 4251 κοινοποιήσει
2665 4183 2760 4234 καὶ
2825 4180 2924 4244 τὰς
2980 4181 3204 4244 οὐσίας,
3276 4182 3436 4235 πάλιν
3501 4184 3696 4248 ἐπάγει

2110 4273 2248 4343 μετὰ
2288 4272 2504 4345 μικρὸν,
2548 4271 2656 4326 τῶν
2697 4272 3213 4344 ἁντιδιατιθεμένων
3254 4274 3404 4345 αὐτῷ
3435 4273 3696 4327 καθαπτᾴ

2113 4382 2273 4435 μενος

2036 4667 2082 4724 Ῑ)
2110 4683 2231 4736 addi
2262 4681 2522 4742 ostendit,
2551 4695 2615 4732 ac
2656 4679 2882 4748 proinde
2910 4695 3013 4731 non
3045 4680 3110 4730 iis
3148 4676 3271 4730 addi
3305 4692 3427 4748 qua:
3462 4689 3687 4745 praster-

2113 4753 2491 4814 inittcbantur,
2529 4753 2622 4804 sed
2660 4747 2751 4803 iis
2808 4766 2926 4817 qua:
2971 4750 3084 4818 jam
3117 4748 3264 4800 dicta
3323 4747 3560 4802 fuerant.
3593 4749 3691 4813 Ηιέ

2112 4841 2236 4878 BAN.

2189 4893 2299 4959 (95)
2328 4891 2557 4947 Codices
2593 4906 2696 4944 non
2733 4889 2887 4958 pauci
2923 4887 3318 4957 ἐπιλαθόμενος
3361 4889 3551 4951 αὐτὰ.
3588 4889 3690 4942 Vox

2106 4966 2271 5025 αὐτός
2307 4966 2355 5014 in
2392 4963 2614 5014 excusis
2653 4960 3086 5014 desiderabatur.
3233 5021 3259 5025 _
3355 4970 3361 4974 '

2178 5021 2286 5102 (96)
2347 5032 2568 5101 Antiqui
2631 5044 2839 5101 septem
2896 5030 3018 5083 libri
3081 5029 3173 5098 ὑφ’
3222 5021 3321 5083 ὧν.
3386 5030 3535 5085 Editi
3609 5032 3687 5098 ἀφ’

2102 5101 2196 5158 ὧν.

2176 5175 2286 5244 (97)
2320 5175 2444 5227 Post
2481 5189 2668 5227 vocem
2708 5173 2768 5224 λό

2106 5241 2250 5301 tione
2274 5245 2567 5298 Parisiensi
2605 5253 2660 5296 et
2695 5245 2746 5296 in
2782 5241 2914 5310 Reg.
2951 5241 3191 5313 secundo
3224 5243 3287 5313 ὲν
3331 5245 3398 5312 τῇ
3431 5244 3576 5313 ἀρχῇ
3611 5241 3688 5294 τοῦ

2107 5316 2376 5388 παρόντος
2404 5315 2584 5383 λόγου.
2614 5314 2720 5388 Sed
2746 5314 2899 5388 idem
2928 5311 3106 5388 sentio
3137 5312 3282 5388 quod
3313 5311 3399 5364 vir
3445 5311 3688 5367 doctissi-

2106 5382 2226 5441 mus
2259 5382 2508 5443 Dircaeus.
2539 5387 2642 5438 hoc
2668 5384 2926 5436 videlicet
2959 5383 3104 5435 inter
3147 5382 3480 5450 glossemata
3522 5398 3690 5438 recen-

2105 5459 2210 5512 seri
2250 5459 2442 5509 merito
2470 5471 2650 5524 posse.
2681 5453 2817 5506 Nam
2845 5462 3236 5524 prmterquain
3258 5453 3400 5518 quod
3433 5454 3550 5506 haec
3585 5467 3690 5504 ver-

2106 5532 2169 5583 ba
2209 5529 2261 5579 in
2297 5521 2521 5595 reliquis
2561 5541 2652 5578 sex
2689 5540 2821 5577 mss.
2879 5528 3099 5585 desunt,
3158 5521 3402 5595 arbitror
3449 5524 3688 5577 caecutire

2107 5600 2196 5667 qui
2231 5614 2336 5649 non
2375 5592 2519 5649 videt
2557 5596 2738 5667 addita
2773 5612 2840 5667 ea,
2863 5608 2985 5667 esse
3007 5608 3077 5667 eo
3100 5592 3331 5667 consilio
3365 5603 3425 5667 ut
3457 5607 3689 5667 moneri?

2109 5663 2260 5739 mur.
2297 5671 2469 5733 ipsum
2496 5737 2502 5739 _
2532 5663 2846 5739 hujuslibri
2903 5663 3115 5718 initium
3149 5663 3233 5718 bis
3270 5665 3478 5739 veritis,
3502 5665 3562 5715 ὲν
3595 5664 3686 5722 τοῖς

2109 5739 2219 5794 ἄνω
2253 5738 2453 5806 λόγοις,
2493 5735 2742 5792 indicari.

2807 5190 2890 5234 οις
2920 5171 3164 5224 additum
3193 5171 3470 5224 invenitur
3500 5173 3556 5226 in
3589 5172 3689 5226 edi-
