3822 6216
123 289 242 346 £29

1271 292 1650 351 ADVERSUS
1689 291 2060 362 EUNOMIUM
2099 295 2227 348 LIB.
2272 296 2338 349 11..

3307 295 3414 350 630

199 409 372 464 ΕΥΝ.
413 411 538 464 Ὅτι
589 411 776 484 ἐχρῆν,
825 413 982 484 εἴπερ
1017 414 1198 476 αὐτοῖς
1241 409 1436 498 ἦνοτῆς
1473 412 1730 484 ἀληθείας

1911 415 2044 470 Eun.
2083 415 2397 484 Oportebat,
2430 413 2624 482 inquit,
2658 414 2702 468 si
2733 428 2837 482 qua
2873 412 2953 468 eis
2995 421 3138 468 esset
3169 414 3415 472 veritatis

127 503 384 570 φροντὶς,
436 503 908 575 παρηλλαγμένων
959 505 1069 558 τῶν
1111 506 1409 576 ὀνομάτων,
1451 507 1726 577 παρηλλα-

125 591 350 659 γμένας
378 591 656 662 ὁμολογεῖν
681 595 774 646 καὶ
807 593 904 656 τὰς
937 594 1144 656 οὐσίας.

207 683 362 734 ΒΑΣ.
393 683 518 746 Πῶς
537 684 602 737 ἀν
623 702 704 747 τις
733 683 1096 754 εὐκολώτερον
1135 685 1399 755 χρήσαιτο
1430 684 1638 753 λόγοις;
1669 687 1728 748 ἧς

131 791 222 840 γε,
257 774 323 826 δι’
351 773 532 844 ὀλίγου
564 775 700 846 πρὸς
737 776 805 829 τά
851 772 1068 830 ἐναντία
1106 777 1592 847 περιτρεπόμενος,
1635 776 1730 830 νῦν

133 862 242 930 μὲν
271 879 404 934 φησι
429 864 529 934 τὴν
551 863 813 935 διαφορὰν
840 865 948 918 τῶν
974 865 1252 935 ὀνομάτων
1279 867 1595 938 ἀναγκαίως
1623 865 1732 919 τῶν

130 953 344 1006 οὐσιῶν
383 953 482 1023 τὴν
518 954 874 1026 παραλλαγὴν
917 957 1268 1025 ὑποφαίνειν·
1326 955 1421 1010 νῦν
1461 957 1518 1010 δὲ
1571 956 1732 1022 πάλιν

131 1044 240 1116 τὴν
277 1046 564 1099 κοινωνίαν
604 1047 681 1118 μὴ
710 1043 1030 1100 κοινοποιεῖν
1063 1049 1162 1113 τὰς
1191 1049 1410 1114 οὐσίας;
1471 1050 1630 1115 Ἀλλ’,
1657 1049 1734 1104 οἷ-

139 1153 268 1205 μαι,
305 1137 636 1212 προσόμοιόν
667 1133 719 1190 τι
752 1140 1013 1209 ποιοῦμεν
1052 1143 1164 1204 τοῖς
1189 1141 1282 1193 τὸν
1311 1142 1632 1214 ἀνδροφόνον
1669 1143 1734 1194 ἐκ

135 1227 431 1300 λοιδορίας,
453 1227 486 1299 ἢ
510 1227 742 1304 πληγῆς,
771 1230 804 1300 ἥ
835 1247 978 1294 τινος
1000 1231 1108 1283 τῶν
1128 1231 1385 1284 τοιούτων
1410 1234 1630 1306 ἀμαρτη
1639 1233 1738 1303 μά-

137 1335 254 1371 των
281 1319 580 1390 κρίνουσιν.
1705 1307 1712 1316 ’

213 1409 309 1462 25.
357 1411 478 1463 Ἐπὶ
517 1407 610 1465 οὖν
639 1412 701 1464 τὸ
735 1413 1026 1486 κεφάλαιον
1058 1415 1166 1468 τῶν
1207 1416 1394 1484 κακῶν
1446 1417 1608 1470 αὐτοῦ
1639 1435 1736 1488 με·

139 1501 427 1572 ταϐὧμεν.
484 1503 830 1574 Θεασάμενος
863 1500 1039 1571 οὗτος,
1088 1510 1170 1561 ὅτι
1209 1508 1362 1580 κοινὴ
1403 1511 1436 1580 ἡ
1469 1509 1736 1580 πρόληψις

141 1595 319 1646 πᾶσιν
377 1595 581 1665 ὁμοίως
623 1597 970 1666 Χριστιανοῖς
1020 1599 1316 1670 ἐνυπάρχει
1359 1601 1501 1668 (τοῖς
1545 1616 1609 1666 γε
1661 1599 1736 1661 ὡς

139 1685 366 1754 ἀληθῶς
419 1687 522 1757 τῆς
573 1690 944 1760 προσηγορίας
976 1691 1181 1763 ταύτης
1225 1693 1419 1759 ἀξίοις)
1473 1693 1600 1760 περὶ
1641 1691 1734 1746 τοῦ

1832 522 1986 572 cura,
2034 521 2156 560 cum
2220 508 2440 559 nomina
2499 507 2712 560 diversa
2768 505 2902 571 sint,
2951 504 3196 560 diversas
3250 505 3430 572 etiam,

1832 598 2166 654 substantias
2195 598 2464 653 confiteri.

1905 689 2032 744 Bas.
2074 688 2352 754 Quomodo
2403 687 2523 758 quis
2573 686 2792 748 facilius
2843 686 3028 740 verbis
3072 686 3150 740 uti
3201 685 3416 754 possit?

1833 783 1924 851 qui
1978 770 2190 837 Scilicet
2240 780 2386 836 brevi
2441 781 2510 836 ad
2567 780 2842 836 contraria
2889 793 3221 846 conversus,
3273 793 3416 836 nunc

1834 873 2054 941 quidem
2103 873 2282 934 dicat,
2342 871 2622 926 nominum
2677 871 3048 936 diversitatem
3106 869 3416 926 necessario

1835 963 2266 1032 substantiarum
2307 962 2680 1016 diversitatem
2726 963 3018 1016 ostendere
3049 978 3062 1014 :
3095 975 3238 1016 nunc
3287 973 3416 1014 vero

1835 1071 1866 1112 e
1916 1055 2214 1118 contrario,
2268 1069 2458 1110 eorum
2510 1053 3058 1108 conmmnicationem
3107 1068 3212 1107 non
3263 1067 3415 1106 com-

1837 1163 2028 1202 munes
2085 1146 2420 1205 substantias
2476 1144 2692 1200 iacere?
2751 1142 2876 1210 Sed,
2929 1145 3148 1213 Opinor,
3197 1143 3420 1216 perinde

1837 1238 2069 1292 facimus
2107 1249 2270 1308 atque
2301 1225 2382 1302 hi,
2406 1239 2498 1306 qui
2527 1237 2850 1290 homicidam
2881 1235 3136 1302 convicii,
3172 1243 3266 1290 aut
3299 1234 3420 1297 vul-

1837 1332 2006 1392 neris,
2040 1340 2133 1383 aut
2169 1328 2475 1400 hujusmodi
2509 1327 2718 1396 peccati
2749 1334 3028 1380 accusant.

1907 1421 1996 1475 9.5.
2039 1421 2122 1474 Ad
2168 1429 2334 1489 caput
2379 1420 2544 1488 igitur
2587 1417 2851 1471 malorum
2902 1415 3016 1482 ejus
3055 1423 3417 1470 transeamus;

1839 1515 1936 1569 llic
1961 1513 2046 1568 ille
2072 1528 2192 1566 cum
2215 1497 2434 1564 vidisset
2457 1509 2810 1577 anticipatam
2835 1506 3145 1576 opinionem
3169 1503 3428 1575 omnibus

1838 1607 2040 1674 pariter
2085 1603 2432 1670 Christianis,
2463 1603 2556 1678 qui
2593 1583 2720 1655 vere
2747 1601 2852 1654 hac
2881 1599 3240 1670 appellatione
3272 1597 3420 1667 digni

1840 1704 1988 1759 sunt,
2017 1709 2358 1754 communem
2390 1707 2532 1757 esse,
2562 1692 2756 1746 Filium
2785 1691 3036 1758 videlicet
3070 1689 3246 1745 lucem
3271 1689 3422 1758 geni-

139 1775 268 1844 φῶς
329 1775 468 1858 εἶναι
525 1781 615 1833 τὸν
673 1781 800 1836 Υἰὸν
859 1783 1136 1854 γεννητὸν,
1197 1787 1260 1836 ἐκ
1310 1783 1403 1836 τοῦ
1435 1785 1734 1853 ἀγεννήτου

1867 1804 1950 1840 am
2000 1801 2142 1851 esse,
2174 1802 2238 1842 ex
2273 1786 2513 1855 ingenita
2563 1785 2687 1842 luce
2728 1785 3182 1853 resplendentem,
3211 1791 3264 1837 et
3301 1796 3432 1844 esse.

141 1871 330 1938 φωτὸς
377 1874 776 1945 ἀπολάμῲαντα
807 1875 942 1948 (98),
981 1878 1076 1930 καὶ
1105 1878 1408 1949 αὐτοζωὴν,
1451 1879 1546 1930 καὶ
1579 1879 1738 1932 αὐτο-

137 1961 354 2028 ἀγαθον
375 1967 440 2017 ἐκ
463 1966 563 2036 τῆς
598 1967 864 2029 ζωοποιοῦ
896 1969 1079 2040 πηγῆς
1107 1970 1203 2039 τῆς
1237 1971 1510 2041 πατρικῆς
1536 1971 1737 2038 ἀγαθό-

137 2069 208 2123 τη
217 2071 311 2117 τος
345 2056 674 2126 προελθόντα
695 2076 708 2090 ·
747 2056 866 2114 εἶτα
891 2060 1236 2131 ἐνθυμηθεὶς,
1267 2062 1370 2124 ὅτι,
1416 2063 1464 2113 εί
1510 2061 1584 2132 μὴ
1609 2061 1739 2114 ταύ-

139 2165 248 2211 τας
293 2149 451 2220 ἡμῶν
495 2152 593 2214 τὰς
637 2153 848 2217 ἑννοίας
896 2153 1324 2218 διασαλεύσειεν,
1381 2153 1536 2208 οὐδὲν
1590 2153 1739 2224 αὐτῷ

144 2240 313 2294 πλέον
340 2242 448 2294 τῶν
475 2245 822 2316 σοφισμάτων
844 2247 1132 2316 γενήσεται
1159 2246 1292 2315 (99)»
1319 2245 1394 2309 ὡς
1419 2244 1513 2298 τοῦ
1537 2263 1602 2316 γε
1624 2247 1739 2315 φῶς

141 2333 540 2404 ὁμολογοῦντος
583 2339 674 2390 τὸν
724 2339 962 2409 Πατέρα,
1017 2338 1132 2406 φῶς
1171 2338 1228 2391 δὲ
1288 2337 1384 2391 καὶ
1439 2337 1533 2392 τὸν
1587 2339 1737 2404 Υίὸν,

143 2425 248 2494 τῆς
304 2425 403 2478 τοῦ
453 2428 634 2495 φωτὸς
665 2431 872 2493 ἑννοίας
917 2432 1046 2501 μιᾶς
1083 2430 1176 2483 καὶ
1207 2430 1308 2500 τῆς
1349 2430 1522 2499 αὐτῆς
1561 2432 1740 2501 ὑπαρ-

145 2517 376 2590 χούσης,
418 2522 740 2594 αὐτομάτως
789 2527 868 2589 είς
921 2525 1019 2596 τὴν
1083 2525 1374 2596 ὁμολογίαν
1438 2527 1537 2597 τῆς
1599 2505 1742 2579 κατά

147 2609 250 2680 τὴν
273 2611 463 2666 οὐσίαν
485 2615 815 2686 οἰκειότητος
841 2615 1295 2687 ὐπαχθησομὲνου
1423 2634 1437 2646 ⁶
1470 2617 1609 2686 φωτὶ
1633 2617 1742 2690 γὰρ

147 2699 296 2770 πρὸς
345 2702 480 2770 φῶς,
513 2707 632 2757 κατ’
669 2707 830 2760 αὐτὸν
868 2707 958 2760 τὸν
996 2707 1091 2760 τοῦ
1143 2709 1320 2776 φωτὸς
1371 2708 1549 2780 λόγον,
1596 2709 1744 2762 οὐδε-

149 2793 278 2860 μία,
311 2793 436 2846 οὔτε
473 2798 614 2850 κατά
639 2797 736 2868 τὴν
777 2800 1078 2870 προφορὰν,
1111 2799 1236 2852 οὐτε
1264 2802 1388 2854 κατ’
1423 2801 1593 2872 αὐτὴν
1639 2803 1741 2872 τὴν

149 2883 367 2936 ἔννοιαν
407 2885 506 2956 (2),
544 2889 660 2941 ἐστὶ
706 2887 1062 2963 παραλλαγή·
1120 2891 1208 2944 ἵνα.
1261 2887 1352 2945 οὖν
1391 2892 1549 2956 τούτο
1584 2893 1743 2963 ἡμῶν

147 2979 448 3051 ἀφέληται,
485 2986 599 3046 τοῖς
641 2985 751 3037 τῶν
797 2987 1190 3056 τεχνασμάτων
1236 2986 1475 3050 δικτύοις
1511 2986 1602 3040 τὸν
1645 2987 1746 3056 τῆς

149 3071 399 3136 πίστεως
457 3073 615 3143 λόγον
667 3076 1146 3148 περιστοιχίζεται,
1183 3078 1509 3150 ἀσύμϐλητα
1572 3061 1752 3130 ταῦτα

149 3163 254 3213 καὶ
300 3163 642 3236 ἀκοινώνητα
705 3168 986 3230 παντελῶς
1016 3169 1266 3240 ἀλλήλοις
1295 3165 1439 3234 εἶναι,
1461 3170 1748 3234 διδάσκων,

150 3255 252 3306 καὶ
285 3255 387 3320 τὴν
418 3257 513 3309 τοῦ
547 3258 844 3330 ἀγεννήτου
894 3261 1032 3333 πρὸς
1063 3262 1122 3314 τὸ
1165 3262 1424 3334 γεννητὸν
1454 3263 1747 3326 ἀντίθεσιν,

147 3344 364 3416 ταύτην
412 3349 508 3401 καὶ
557 3349 635 3420 τῷ
670 3351 808 3419 φωτὶ
850 3353 988 3422 πρὸς
1029 3353 1088 3406 τὸ
1125 3354 1240 3422 φῶς
1295 3349 1432 3406 εἷναι
1472 3353 1664 3422 λέγων,
1715 3353 1755 3423 ἢ·

148 3435 324 3490 τοῦτο
361 3439 659 3510 φεύγοντας
707 3445 855 3513 ἡμᾶς
900 3445 977 3512 (5)
1015 3445 1270 3498 σύνθετον
1307 3441 1448 3520 εἶναι
1482 3447 1574 3499 τὸν
1619 3446 1780 3499 Θεὸν,

151 3531 448 3598 ὁμολογεῖν
483 3534 830 3602 ἀναγκάζων.
869 3537 1086 3590 Μᾶλλον
1124 3537 1181 3590 δὲ
1221 3537 1392 3607 αὐτῆς
1436 3536 1602 3591 αὐτοῦ
1652 3537 1753 3608 τῆς

153 3621 362 3686 λέξεως
391 3625 736 3696 ἀκούσωμεν.
931 3633 938 3638 ’

236 3713 400 3769 ΕΥΝ.
437 3717 674 3788 Πότερον
702 3719 830 3774 ἄλλο
855 3738 908 3774 τι
935 3721 1212 3794 σημαίνει,
1249 3721 1404 3794 φησι,
1433 3722 1494 3774 τὸ
1520 3720 1636 3790 φῶς
1667 3719 1754 3778 ἐπ’

157 3811 465 3882 ἀγεννήτου
489 3811 566 3883 (4)
598 3813 746 3883 παρά
771 3813 832 3866 τὸ
859 3814 1138 3885 γεννητὸν,
1167 3813 1200 3885 ἦ
1230 3813 1424 3868 ταυτὸν
1455 3814 1752 3885 ὲκάτερον;

159 3903 232 3954 Εἰ
269 3903 367 3972 μὲν
412 3904 520 3976 γὰρ
569 3905 646 3974 (5)
690 3905 878 3977 ἕτερόν
906 3923 960 3958 τι
1011 3908 1106 3959 καὶ
1141 3905 1360 3976 ἕτερον,
1400 3903 1642 3976 εὔδηλον,
1672 3905 1755 3957 ὅτι

161 3995 264 4046 καὶ
301 3993 556 4047 σύνθετον
589 3996 652 4048 τὸ
681 3995 738 4062 ἐξ
773 3995 960 4068 ἑτέρου
1001 3997 1096 4050 καὶ
1125 3997 1314 4067 ἑτέρου
1358 3995 1715 4066 συγκείμενον
1740 4010 1752 4022 ·

160 4087 230 4138 τὸ
283 4087 340 4140 δὲ
387 4087 639 4140 σύνθετον
693 4089 793 4141 οὐκ
850 4089 1174 4160 ἀγέννητον·
1208 4090 1257 4141 εί
1289 4089 1346 4142 δὲ
1378 4087 1595 4154 ταυτὸν,
1632 4088 1756 4140 ὅσον

165 4178 550 4248 παρήλλακται
581 4178 642 4230 τὸ
674 4180 933 4251 γεννητὸν
963 4182 1100 4250 πρὸς
1132 4178 1191 4232 τὸ
1219 4181 1537 4251 ἀγέννητον,
1572 4178 1760 4231 τοσοῦ-

165 4287 264 4322 τον
305 4271 519 4340 ἀνάγκη
557 4271 938 4344 παρηλλάχθαι
967 4272 1030 4326 τὸ
1059 4272 1172 4341 φῶς
1218 4272 1355 4343 πρὸς
1396 4271 1462 4325 τὸ
1488 4272 1626 4341 φῶς,
1665 4273 1760 4324 καὶ

167 4365 276 4433 τὴν
316 4362 464 4434 ζωὴν
491 4364 628 4436 πρὸς
654 4365 754 4436 τὴν
785 4361 952 4435 ζωὴν,
988 4364 1084 4417 καὶ
1112 4363 1210 4436 τὴν
1235 4364 1466 4435 δύναμιν
1497 4363 1634 4436 πρὸς
1660 4363 1760 4434 τὴν

169 4455 426 4527 δύναμιν.

1841 1884 2016 1952 ipsam
2044 1897 2141 1950 per
2165 1897 2224 1936 se
2251 1883 2442 1944 vitam,
2469 1881 2758 1952 ipsumque
2786 1894 2880 1948 per
2906 1893 2966 1932 se
2991 1879 3208 1938 bonum,
3236 1891 3301 1930 ex
3335 1875 3416 1929 vi-

1843 1978 2099 2032 viﬁcante
2145 1965 2310 2042 fonte~
2346 1985 2588 2043 paterna:
2643 1971 2906 2026 bonitatis
2949 1971 3360 2040 provenientem
3403 1984 3418 2022 :

1841 2069 2036 2124 deinde
2067 2084 2190 2123 cum
2225 2067 2601 2130 intellexisset,
2637 2065 2738 2134 has
2770 2073 2987 2118 nostras
3026 2063 3272 2116 notio-nes
3314 2059 3428 2118 nisi,

1841 2162 2230 2226 concussisset,
2267 2158 2403 2223 fore,
2451 2169 2510 2212 ut
2551 2157 2712 2230 262
2757 2155 2892 2210 nihil
2925 2155 3149 2210 omnino
3195 2152 3297 2208 sibi
3328 2167 3422 2206 su-

1843 2254 2013 2324 persit
2044 2262 2244 2324 praeter
2273 2251 2605 2321 sophismata
2642 2247 2756 2319 (qui
2787 2249 2930 2300 enim
2959 2246 3174 2301 Patrem
3203 2243 3424 2300 conﬁte-

1847 2359 1933 2400 tur
1963 2346 2136 2410 lucem
2169 2359 2314 2408 esse,
2341 2353 2396 2396 et
2439 2341 2638 2410 Filium
2669 2353 2887 2409 quoque
2915 2351 3036 2391 esse
3073 2336 3270 2402 lucem,
3297 2349 3434 2406 cuni,

1847 2437 1982 2492 lucis
2007 2436 2079 2490 sit
2107 2450 2211 2488 una
2240 2443 2296 2488 et
2325 2433 2515 2488 cadent
2544 2431 2720 2496 notio,
2750 2428 3073 2484 naturaliter
3101 2441 3166 2482 eo
3198 2424 3426 2482 deduce-

1845 2540 1956 2592 tur,
1978 2538 2038 2582 ut
2065 2525 2504 2598 coniunctionem
2535 2524 2832 2580 secundum
2878 2520 3238 2576 substantiam
3265 2517 3426 2573 conli-

1849 2632 2028 2677 teatnr
2053 2639 2070 2678 :
2094 2636 2218 2676 nam
2249 2621 2426 2673 lucem
2455 2619 2596 2672 inter
2620 2625 2674 2670 et
2703 2616 2898 2678 lucem,
2927 2611 3225 2668 secundum
3255 2611 3430 2680 ipsam

1847 2715 1984 2770 lucis
2021 2715 2310 2780 rationem,
2343 2710 2484 2764 nulla
2513 2722 2686 2778 neque
2709 2709 2770 2762 in
2793 2706 3132 2777 prolatione,
3163 2717 3340 2772 neque
3369 2702 3424 2755 in

1847 2809 1962 2873 ipsa
2012 2805 2410 2876 signiﬁcatione
2463 2803 2756 2868 diversitas
2796 2799 2966 2868 est):
3015 2807 3074 2852 ut
3115 2798 3281 2868 igitur
3327 2797 3435 2850 hoc.

1849 2897 2008 2952 nobis
2040 2897 2284 2960 adimat,
2321 2893 2682 2956 artificiorum
2719 2889 2924 2944 retibus
2964 2888 3087 2942 ﬁdei
3124 2887 3426 2940 doctrinam

1850 2989 2260 3054 circumvallat,
2303 2991 2420 3042 hare
2455 2987 2598 3040 inter
2627 2999 2687 3044 se
2722 2997 2898 3052 neque
2941 2981 3105 3035 ullam
3143 2993 3431 3050 compara-

1854 3085 2095 3144 tionem,
2149 3094 2325 3148 neque
2375 3077 2540 3130 ullam
2591 3074 3031 3132 communionem
3081 3073 3286 3126 docens
3331 3071 3431 3124 ba—

1854 3173 2026 3226 bere:
2060 3179 2113 3225 et
2137 3185 2254 3239 qute
2280 3179 2361 3222 est
2389 3169 2630 3240 genitum
2663 3166 2804 3219 inter
2836 3173 2892 3220 et
2931 3163 3228 3234 ingenitum
3258 3175 3429 3231 Oppo-

1852 3265 1999 3329 sitio,
2033 3265 2176 3318 hanc
2205 3262 2394 3316 dicens
2419 3259 2582 3314 etiam
2607 3273 2729 3312 esse
2765 3257 2940 3311 lucem
2975 3256 3118 3310 inter
3143 3260 3200 3308 et
3227 3253 3429 3317 lucem,

1852 3366 1941 3410 aut
1977 3354 2022 3409 si
2053 3355 2154 3409 hoc
2185 3367 2522 3416 aversamur,
2559 3351 2918 3420 compositum
2949 3361 3074 3404 esse
3103 3347 3268 3401 Deum
3301 3359 3431 3399 con-

1853 3447 1996 3510 ﬁteri
2024 3459 2249 3517 cogens.
2284 3445 2392 3499 Sed
2435 3443 2617 3514 potius
2645 3443 2817 3512 ipsam
2861 3441 2980 3511 ejus
3009 3439 3306 3496 dictionem
3337 3451 3432 3491 au-

1854 3539 2088 3594 diamus.

1933 3724 2064 3782 Eun.
2111 3723 2304 3779 Utrum
2339 3721 2482 3776 aliud
2525 3721 2652 3791 quid
2694 3718 2984 3788 signiﬁcat,
3027 3714 3224 3786 inquit,
3257 3715 3350 3768 lux
3381 3714 3435 3768 in

1859 3819 2098 3890 ingenito
2127 3827 2324 3885 praeter
2353 3814 2618 3885 genitum,
2653 3828 2724 3866 an
2755 3811 2894 3866 idem
2922 3807 3250 3878 utrumque?
3278 3805 3434 3870 Nam,

1859 3913 1906 3965 si
1940 3909 2086 3964 aliud
2127 3919 2290 3978 atque
2321 3907 2468 3961 aliud
2491 3945 2506 3970 ,
2551 3905 2728 3976 palam
2770 3912 2854 3959 est
2883 3903 3048 3960 etiam
3077 3901 3438 3969 compositum

1861 4005 1911 4056 id
1941 4017 2068 4056 esse
2087 4040 2104 4066 ,
2139 4001 2281 4070 quod
2310 4015 2380 4054 ex
2419 3999 2526 4053 alio
2551 4009 2715 4066 atque
2753 3996 2860 4050 alio
2889 4003 3122 4050 constat.
3155 3993 3310 4060 Quod
3335 4007 3435 4046 au-

1862 4106 1968 4150 tem
1998 4094 2362 4162 compositum
2394 4101 2512 4158 est,
2565 4090 2862 4160 ingenitum
2911 4103 3018 4143 non
3067 4096 3174 4144 est.
3217 4085 3272 4139 Si
3313 4099 3444 4138 vero

1862 4187 2026 4250 idem,
2063 4197 2330 4256 quantum
2363 4185 2640 4239 dirersum
2673 4191 2757 4236 est
2785 4181 3028 4250 genitura
3057 4181 3126 4234 ab
3161 4177 3442 4248 ingenito,

1865 4281 2078 4326 tantum
2109 4287 2335 4326 necesse
2371 4280 2454 4326 est
2486 4271 2662 4324 lucem
2695 4284 2722 4322 a
2762 4268 2882 4322 luce
2917 4267 3187 4322 diversam
3215 4278 3358 4328 esse,
3388 4271 3448 4318 et

1865 4368 2030 4422 vitam
2059 4383 2090 4420 a
2119 4369 2257 4430 vita,
2287 4374 2346 4420 et
2372 4364 2670 4434 potentiam
2702 4379 2731 4416 a
2760 4361 3024 4431 potentia.

247 4523 396 4599 BAE.
459 4547 653 4617 Ὁρᾶτε
696 4548 790 4600 καὶ
834 4547 1044 4602 συνίετε
1097 4547 1158 4601 τὸ
1193 4548 1292 4618 τῆς
1341 4548 1597 4612 ἀσεϐείας
1639 4566 1755 4620 φρι-

1939 4548 2066 4602 Bas.
2110 4547 2300 4602 Videte
2332 4555 2386 4599 et
2412 4544 2696 4612 inlelligite
2727 4541 3058 4598 horrendam
3087 4539 3450 4606 impietatem.

171 4641 321 4694 κτόν.
357 4641 540 4704 Ὅσον,
575 4641 728 4710 φησὶ,
755 4639 814 4692 τὺ
843 4639 1140 4711 ἀγέννητον
1171 4639 1264 4693 τοῦ
1301 4639 1558 4712 γεννητοῦ
1585 4641 1764 4712 διενή-

253 4885 368 4956 (98)
406 4885 625 4956 Antiqui
668 4885 772 4938 duo
803 4884 924 4956 libri
967 4883 1320 4956 ἀπολάμψαν.
1371 4883 1472 4936 Alii
1529 4897 1660 4956 mss,
1707 4891 1762 4956 et

177 4953 316 5010 editi
344 4953 768 5026 ἀπολάμψαντα.
789 5025 809 5026 ﬂ
832 4955 1049 5026 Statim;
1072 4953 1202 5023 Reg.
1241 4957 1516 5026 secundus
1539 4953 1763 5026 perinde

179 5041 351 5094 atque
381 5028 510 5081 editi
531 5021 724 5096 ’πηγῆς
751 5025 872 5094 τῆς,
917 5042 980 5077 ea:
1022 5021 1176 5092 fonte
1225 5033 1461 5096 pateram
1500 5021 1768 5096 bonitatis.

185 5093 400 5165 ltcliqui
457 5093 826 5166 ιηεεᾞπηγῆς
859 5097 954 5148 καὶ
982 5095 1204 5166 magica:
1265 5093 1559 5160 viviﬁcante
1606 5093 1772 5163 fonte,

179 5184 354 5236 exque
392 5178 610 5236 paterna
638 5165 873 5236 bonitate
905 5165 1345 5236 progredientem.

258 5233 370 5306 (99)
392 5233 606 5289 Οὐδὲν
633 5235 794 5301 αὐτῷ
819 5233 1014 5290 πλέον
1030 5233 1150 5287 τῶν
1170 5233 1770 5306 σοφισμάτωνΝειιθ,

189 5305 458 5361 Νἰίιίίίίίὲ
488 5306 776 5373 proderunt
817 5308 1164 5374 sap/tismata.
1197 5305 1408 5357 MARAN.

265 5377 340 5446 (ι)
383 5377 522 5429 Editi
553 5387 608 5430 et
650 5378 780 5443 Heg.
832 5373 1056 5444 quintus
1104 5375 1462 5446 σοφισμάτων
1491 5373 1770 5446 ἕσται-Ὀ

185 5450 298 5516 γὰρ
324 5444 462 5514 ’φῶς
496 5447 772 5516 ὁμολογῶν
806 5447 895 5500 τὸν
929 5444 1630 5516 Πατέρα.....⁷οίκειότητος
1676 5444 1772 5497 ὐπ-

185 5514 512 5588 αχθήσεται.
533 5514 602 5570 At
627 5514 865 5585 quinque
898 5533 1028 5588 mss.
1047 5514 1100 5569 ui
1131 5517 1182 5568 in
1199 5525 1477 5588 contextu,
1506 5514 1606 5568 nisi
1627 5517 1772 5582 quod

193 5585 332 5658 lii-gl
400 5589 592 5658 tertius
650 5603 746 5658 pro
779 5605 844 5655 γε
881 5587 1076 5642 habeat
1104 5603 1185 5658 τε,
1211 5595 1266 5639 et
1327 5586 1385 5658 in
1417 5585 1547 5649 Reg.
1575 5593 1772 5658 quatto

191 5655 653 5728 ριόὀίκειότητυς
691 5657 900 5728 legatur
951 5657 1301 5726 ταύτότητος.
1357 5655 1554 5710 Parum
1611 5655 1776 5708 refert

195 5741 318 5782 utro
345 5727 506 5782 lllOdO
539 5727 708 5798 legas,
733 5727 854 5783 cum
881 5737 1112 5798 utroque
1143 5729 1299 5784 modo
1327 5728 1515 5782 eadem
1559 5735 1772 5782 senten-

1870 4640 2166 4708 Qnantum,
2196 4638 2410 4707 inquit,
2443 4635 2742 4705 ingenitum
2779 4651 2810 4688 a
2837 4632 3022 4702 genito
3068 4631 3248 4686 ditTert
3269 4669 3288 4698 ,
3327 4639 3450 4685 tan-

1872 4817 1940 4867 tia
1976 4811 2262 4866 efﬁciatur.

1941 4885 2018 4952 (‘2)
2049 4884 2190 4937 Editi
2243 4879 2399 4952 mra
2438 4879 2538 4951 τὴν
2591 4879 2854 4952 ἔννοιανᾏ
2885 4877 3108 4946 Antiqui
3173 4887 3281 4952 tres
3327 4876 3452 4952 li_bri

1873 4946 2010 5008 κατ(
2041 4954 2212 5022 αὐτὴν
2241 4953 2342 5022 τὴν
2375 4946 2604 5004 ἔννοιαν.
2636 4949 2758 5022 mox
2819 4947 2971 5022 Reg:
2991 4949 3262 5022 setiundus
3293 4946 3454 5022 τοῦτο

1871 5027 2038 5098 ἡμᾶς.
2096 5017 2215 5098 Alii
2260 5017 2365 5078 duo
2421 5037 2552 5074 mss.
2607 5019 2801 5072 τούτου
2857 5020 3026 5089 ἡμᾶς.
3061 5017 3202 5072 Editi
3233 5027 3288 5072 et
3317 5017 3450 5087 Reg.

1870 5095 2178 5164 Quintusut
2205 5095 2258 5146 in
2289 5101 2568 5146 contextu.

1940 5166 2019 5234 (5)
2047 5163 2198 5226 lllud,
2229 5164 2402 5234 ἡμᾶς,
2437 5177 2504 5216 ex
2527 5169 2759 5234 quatuor
2787 5176 2919 5216 mss.
2949 5157 3274 5234 addidimus.

1941 5227 2016 5305 (lii
2048 5235 2232 5287 Nullus
2251 5227 2356 5286 'e'rit
2382 5227 2576 5286 sensus
2591 5233 2710 5305 nisi
2729 5231 2991 5305 legamus,
3023 5227 3178 5305 παρά
3204 5227 3268 5280 τὸ
3295 5227 3460 5305 ἀγέντ

1871 5299 2054 5390 νητον.
2085 5318 2351 5390 πιθηίνειςο
2375 5301 2633 5390 γεννητόν
2658 5299 2942 5390 itacui":
2969 5301 3124 5390 paulp
3155 5299 3377 5390 ppst'ﬁo
3398 5299 3457 5351 δὲ

1873 5369 2128 5429 σύνθετον
2162 5373 2261 5426 οὐκ
2291 5369 2608 5442 ἀγέννητον.
2661 5373 2750 5425 Sic
2785 5374 2946 5438 igitur
2975 5369 3240 5442 reddenda
3270 5369 3458 5442 Euno-

1870 5449 1964 5500 mii
1997 5447 2155 5500 verba
2188 5459 2200 5496 :
2237 5439 2425 5497 Utrum
2447 5439 2540 5496 lim;
2562 5445 2620 5494 in
2648 5444 2880 5511 ingenito
2909 5442 3056 5494 aliud
3089 5439 3216 5509 quid
3247 5441 3466 5510 signi/i-.

1872 5527 1954 5569 cat
1982 5534 2043 5567 ac
2069 5515 2379 5584 ingenitum,
2402 5531 2469 5566 an
2488 5583 2494 5584 γ
2512 5514 2648 5584 idem
2672 5513 2994 5584 utrumque?
3029 5511 3245 5584 Manu.

1946 5579 2270 5657 (5)Codices
2302 5595 2410 5640 tres
2445 5583 2542 5654 μὲν
2573 5582 2701 5654 γάρ.
2741 5579 2940 5639 Vocula
2980 5581 3088 5653 γάρ
3123 5582 3174 5636 in
3239 5579 3460 5636 excusis

1876 5658 2234 5712 desideratur.
3489 5657 3494 5664 '
