3822 6216
437 326 537 381 οδι

1749 318 1808 375 ε.
1854 318 2096 375 BASlLll
2136 317 2351 374 ΜΑοΝι

3632 336 3637 343 ο

3622 321 3645 333 ο

3632 336 3637 343 .

3584 320 3685 374 ω

438 452 554 500 tum
584 441 800 497 diﬂ’eret
834 437 926 494 lux
959 454 989 494 a
1020 440 1159 503 luce,
1192 449 1246 495 et
1283 439 1392 493 vita
1435 455 1465 494 a
1514 441 1648 506 vita,
1681 449 1737 493 et
1774 440 2007 509 potentia

2119 454 2260 507 νοχε,
2307 437 2556 490 τοσοῦτον
2596 438 2783 491 διοίσει
2831 437 2892 490 τὸ
2924 437 3040 506 φῶς
3088 437 3223 509 πρὸς
3261 436 3323 491 τὸ
3361 438 3498 506 φῶς,
3531 437 3621 492 καὶ
3657 444 3688 509 ἡ

437 549 467 587 a
498 534 760 603 petentia.
798 531 1203 602 lnterrogemus
1229 531 1395 601 igitur
1430 532 1605 601 ipsum
1628 572 1642 595 ,
1674 530 1890 598 Quanto
1937 532 2019 585 in-

437 624 664 679 tervallo
688 625 988 694 ingenitum
1018 639 1049 678 a
1094 623 1279 694 genito
1318 623 1622 692 seiunctum
1666 624 1791 678 est!
1836 633 2016 677 utrum

435 728 606 783 parvo
644 712 845 782 aliquo,
885 724 940 768 et
973 715 1105 780 tali,
1147 723 1206 768 ut
1248 725 1451 784 queam
1476 715 1692 769 tandem
1728 714 2018 785 aliquando

436 807 491 859 in
521 805 658 860 i'dem
692 807 835 860 inter
863 821 923 863 se
949 808 1242 863 convenire
1260 808 1284 861 ’ί
1314 824 1381 862 an
1420 810 1523 864 hoc
1547 810 1778 863 omnino
1814 810 2017 878 impos-

436 894 614 957 sibile,
641 905 696 949 et
721 898 912 965 magis,
935 913 1101 967 quam
1132 900 1381 953 eumdem
1411 910 1685 954 mortuum
1707 916 1833 956 esse
1856 902 2015 954 simul

434 993 491 1039 et
522 985 743 1052 vivere,
797 1003 957 1057 quam
1005 1005 1196 1044 sanum
1238 991 1398 1044 simul
1451 1006 1572 1046 esse
1617 1002 1673 1047 et
1716 1003 2014 1064 aegrotare,

436 1092 599 1144 quam
633 1079 857 1151 vigilare
883 1081 1045 1135 simul
1071 1091 1126 1136 et
1148 1083 1423 1139 dormire?
1455 1084 1604 1140 Talia
1629 1100 1865 1154 namque
1890 1097 2018 1140 sunt

435 1186 771 1240 quacunque
816 1174 918 1228 sibi
951 1174 1180 1228 invicem
1213 1190 1425 1229 summa
1450 1178 1791 1245 oppositione
1820 1181 2015 1231 adver-

436 1273 649 1327 santur,
678 1266 815 1319 adeo
843 1274 901 1319 ut
929 1278 1196 1335 prmsente
1227 1267 1400 1321 altero
1427 1268 1656 1323 alterum
1690 1271 1884 1326 abesse
1920 1285 2013 1325 ne-

438 1370 596 1410 cesse
621 1356 732 1410 sit:
768 1371 890 1425 qua:
927 1359 1001 1410 ita
1033 1369 1344 1427 comparata
1389 1369 1535 1424 sunt,
1574 1370 1632 1413 ut
1662 1362 1886 1416 omnino
1915 1377 2015 1418 ucc

437 1447 596 1501 simul
624 1461 765 1517 esse,
792 1464 895 1505 nec
920 1450 1063 1505 inter
1091 1467 1150 1507 se
1182 1453 1461 1507 conciliari
1494 1457 1727 1522 possint.

507 1622 598 1680 26.
642 1624 827 1695 Itaque
859 1643 983 1683 cum
1032 1630 1097 1684 ad
1134 1631 1277 1687 hunc
1308 1635 1526 1689 modum
1564 1635 1750 1705 genito
1798 1636 2014 1708 ingeni-

2118 530 2231 599 ζωὴ
2280 530 2414 601 πρὸς
2442 530 2539 600 τὴν
2568 529 2731 601 ζωὴν,
2774 531 2866 582 και
2909 532 2943 600 ὴ
2982 531 3209 600 δύναμις
3244 531 3383 602 πρὸς
3410 531 3513 601 τὴν
3542 529 3693 585 δύνα-

2122 642 2231 694 μιν.
2298 625 2692 695 Ἐρωτήσωμεν
2730 623 2910 675 τοίνυν
2954 624 3149 677 αὐτόν·
3185 623 3259 677 Tb
3296 624 3355 677 δὲ
3404 624 3693 695 ἀγέννητον

2117 713 2208 770 τοῦ
2249 715 2495 786 γεννητοῦ
2523 716 2674 786 πόσῳ
2692 716 2875 786 μέτρῳ
2895 715 3175 786 διώρισται
3195 733 3209 781 ;
3234 712 3343 788 ἄρα
3370 717 3551 787 μικρῷ
3568 734 3692 781 τινι,

2117 811 2212 862 καὶ
2240 810 2480 881 τοσούτῳ
2516 810 2615 879 (6),
2646 809 2784 863 ὥστε
2818 809 3077 875 δύνασθαί
3112 826 3239 862 ποτε
3274 810 3367 862 καὶ
3398 811 3477 873 εἰς
3506 810 3697 863 ταυτὸν

2117 901 2367 972 ἀλλήλοις
2398 902 2673 973 συμϐῆναι
2695 921 2708 965 ;
2735 903 2767 975 ἦ
2792 902 2951 955 τοῦτο
2978 901 3254 961 παντελῶς
3279 903 3581 970 ἀμήχανον,
3605 902 3694 955 καὶ

2118 995 2281 1048 πλέον
2313 994 2720 1065 ἀδυνατώτερον
2763 994 2857 1048 τοῦ
2891 995 2982 1047 τὸν
3018 994 3177 1046 αὑτὸν
3220 991 3319 1063 ζῇν
3349 994 3408 1044 ἐν
3438 991 3519 1062 τῷ
3551 992 3699 1061 αὐτῷ

2119 1088 2210 1139 καὶ
2238 1086 2513 1149 τεθνάναι,
2553 1086 2647 1139 καὶ
2674 1086 2936 1153 ὑγιαίνειν
2976 1085 3114 1138 κατά
3145 1085 3342 1138 ταυτὸν
3377 1084 3472 1137 καὶ
3500 1087 3696 1145 νοσεῖν,

2117 1180 2211 1233 καὶ¹
2247 1180 2609 1251 ἐγρηγορέναι
2642 1179 2777 1250 ὁμοῦ
2827 1180 2921 1233 καὶ
2958 1178 3273 1243 καθεύδεινς
3318 1177 3561 1230 Τοιαῦτα
3592 1179 3700 1248 γὰρ

2115 1272 2213 1324 ὅσα
2239 1271 2381 1325 κατὰ
2405 1272 2504 1341 τὴν
2534 1271 2709 1342 ἀκραν
2736 1271 3005 1325 ἀντίθεσιν
3032 1271 3278 1343 ἀλλήλοις
3306 1271 3705 1341 ἀντικαθέστηο

2116 1382 2232 1426 κεν,
2273 1363 2413 1416 ὥστε
2450 1365 2715 1435 παρόντος
2742 1362 2836 1416 τοῦ
2890 1363 3074 1435 ἐτέρου
3127 1363 3440 1431 ἀναγκαίως
3482 1365 3703 1417 ἀπεῖναι

2115 1457 2363 1528 θάτερον,
2404 1457 2440 1511 ἀ
2484 1459 2576 1511 καὶ
2609 1458 3001 1530 ἀσυνύπαρκτα
3056 1458 3333 1522 παντελῶς
3384 1458 3481 1511 καὶ
3526 1458 3705 1529 ἀσύμ-

2115 1548 2255 1602 ϐατα
2288 1549 2363 1619 (7)
2391 1544 2529 1602 εἶναι
2559 1549 2790 1617 πέφυκε.

2185 1638 2274 1692 26.
2310 1639 2468 1692 Κατά
2497 1639 2561 1710 δὴ
2594 1637 2686 1694 οὖν
2723 1639 2912 1693 τοῦτον
2946 1641 3036 1693 τὸν
3075 1640 3272 1709 τρόπον
3302 1638 3439 1711 πρὸς
3480 1639 3543 1692 τὸ
3581 1657 3705 1705 γεν-

438 1720 550 1767 tum
578 1728 900 1786 apponatur,
946 1722 1036 1790 qui
1068 1723 1285 1776 Patrem
1320 1723 1493 1779 lucem
1526 1727 1809 1792 nominat,
1840 1728 2007 1783 lucent

2117 1730 2277 1801 νητδν
2302 1730 2381 1801 τῷ
2413 1732 2692 1802 ἀγεννήτῳ
2721 1731 2822 1800 τῆς
2850 1730 3172 1794 ἀντιθέσεως
3194 1730 3382 1798 οὔσης,
3412 1733 3441 1784 ὁ
3463 1730 3559 1783 τὸν
3590 1732 3704 1784 Πα-

438 1806 623 1860 itidem
658 1806 876 1875 Filium,
909 1812 1111 1881 quique
1141 1814 1281 1868 hanc
1318 1814 1495 1871 lucem
1532 1817 1600 1871 ab
1632 1817 1720 1873 illa
1746 1817 1864 1872 luce
1895 1829 2015 1874 tan-

440 1905 551 1950 tum
600 1898 807 1955 distare
844 1902 1001 1969 dicit,
1053 1915 1317 1974 quantum
1366 1908 1611 1977 genitum
1652 1911 1722 1964 ab
1774 1910 2017 1981 ingenito

437 1988 636 2055 distat,
668 1991 760 2047 ille
802 2008 1114 2064 quanquam
1145 1996 1524 2055 humaniorem
1557 2016 1618 2056 se
1647 2004 1815 2056 verbo
1845 2004 2014 2058 simu-

436 2078 532 2145 lat,
562 2080 733 2137 lucetu
766 2085 973 2141 scilicet
1001 2087 1197 2141 Filium
1230 2104 1447 2158 quoque
1482 2093 1798 2160 nominans,
1836 2109 2016 2149 nonne

434 2173 627 2227 saltem
654 2176 704 2230 vi
728 2179 1015 2232 verborum
1038 2182 1366 2236 sententiam
1393 2183 1444 2236 in
1468 2187 1804 2239 contrarium
1830 2198 2016 2255 aperte

435 2266 691 2320 abducit?
707 2266 1061 2325 Considerate
1081 2271 1224 2325 enim
1246 2274 1376 2342 quid
1413 2284 1719 2343 opponatur
1754 2277 2011 2345 ingenito,

432 2357 651 2413 aliudue
680 2360 1002 2431 ingenitum,
1050 2380 1117 2418 an
1168 2367 1456 2435 genitum?
1499 2367 1754 2423 Genitum
1801 2371 2010 2442 utique.

433 2446 572 2513 Quid
610 2464 738 2505 vero
766 2453 1058 2521 opponitur
1089 2455 1191 2508 luci
1214 2456 1238 2508 ‘I
1264 2456 1429 2512 luxne
1470 2458 1600 2525 alia,
1636 2475 1704 2513 an
1735 2463 2014 2518 tenebrae?

434 2539 693 2595 Tenebrae
718 2545 982 2611 profecto.
1032 2547 1244 2617 Itaque,
1275 2550 1317 2603 si
1347 2561 1609 2619 quantum
1645 2552 1823 2609 diﬂ'ert
1856 2556 2010 2624 geni-

434 2639 546 2683 tum
576 2633 646 2687 ab
680 2633 936 2703 ingenito,
986 2644 1192 2691 tantum
1236 2654 1462 2695 necesse
1504 2651 1589 2695 est
1617 2641 1793 2697 lucem
1825 2659 1856 2698 a
1890 2645 2011 2701 luce

432 2720 669 2790 ditl‘erre,
693 2724 780 2778 cui
807 2741 874 2780 ex
901 2728 1154 2784 omnibus
1184 2730 1433 2800 impietas
1455 2744 1733 2802 comperta
1759 2749 1867 2789 non
1903 2746 2006 2800 est,

430 2811 574 2878 quod
627 2814 681 2866 in
723 2817 1080 2885 appellatione
1125 2819 1261 2876 lucis
1312 2808 1671 2880 interserens
1705 2830 1849 2895 quod
1903 2827 2006 2884 luci

432 2903 740 2971 oppositum
785 2917 888 2974 est,
931 2908 1202 2981 Unigcniti
1239 2914 1598 2970 substantiam
1633 2927 1840 2972 naturae
1870 2919 2009 2975 lucis

431 2996 767 3052 contrariam
819 3015 942 3056 esse
998 3004 1329 3061 submonet?
1375 3008 1483 3062 Aut
1530 3011 1781 3065 ostendat
1848 3013 2003 3068 nobis

433 3088 604 3144 lucem
631 3108 752 3162 qua:
792 3094 894 3149 luci
926 3109 1252 3168 opponatur,
1293 3117 1521 3173 qumque
1546 3121 1670 3159 eum
1704 3109 2002 3176 oppositio-
2034 3074 2080 3137 ο

433 3182 519 3236 nis
549 3185 766 3239 modum
798 3187 1029 3255 habeat,
1058 3192 1149 3261 qui
1189 3195 1372 3264 genitu
1398 3211 1520 3250 cum
1555 3198 1799 3268 ingenito
1832 3200 2002 3255 inter-

430 3276 595 3329 cedit.
620 3275 772 3343 Quod
797 3280 841 3334 si
869 3280 984 3336 bch
1023 3300 1121 3337 nec
1150 3297 1253 3349 est,
1290 3303 1391 3342 nec
1425 3289 1542 3359 ipse
1571 3306 1809 3360 unquam
1841 3307 2004 3347 exco-

431 3365 603 3432 gitare
635 3368 856 3435 poterit;
889 3387 953 3424 ne
984 3372 1149 3444 263
1178 3375 1457 3446 ignoretur
1478 3394 1588 3447 ars,
1615 3396 1721 3451 qua
1753 3382 2006 3452 blasphe-

432 3456 593 3507 miam
620 3457 727 3511 alte
756 3463 1001 3517 adornat.
1029 3463 1164 3519 Nam
1195 3506 1212 3531 ,
1239 3471 1492 3538 quoniam
1531 3481 1684 3541 putat
1708 3475 2002 3544 ingenitum

430 3546 612 3609 genito
654 3563 719 3602 ex
754 3550 980 3608 adverso
1012 3560 1205 3626 opp0ni
1230 3599 1246 3626 ,
1277 3562 1525 3615 eamdem
1561 3563 1665 3617 luci
1718 3580 1841 3620 cum
1887 3567 2004 3622 luce

429 3637 823 3703 oppositionem
849 3642 1070 3713 adaptat
1096 3666 1111 3702 :
1140 3659 1195 3701 ut
1222 3648 1401 3705 Patris
1431 3654 1793 3710 substantiam
1818 3668 2003 3712 osten-

429 3729 518 3781 dat
543 3729 856 3790 substantia:
891 3738 1159 3808 Unigcniti
1188 3758 1284 3810 per
1308 3747 1490 3800 omnia
1520 3752 1851 3806 contrariam
1882 3768 2004 3809 csse

429 3831 597 3913 atque,
622 3827 926 3885 adversam.
956 3830 1247 3903 Propterea
1274 3853 1411 3892 nova
1438 3840 1554 3893 ιιωο
1575 3852 1659 3895 est
1686 3842 2000 3913 dogmatunt

426 3912 669 3977 sanctio,
693 3928 797 3982 qua
827 3917 962 3969 dicit
990 3934 1004 3970 :
1039 3923 1310 3984 Quantum
1337 3924 1611 3980 diversum
1645 3939 1730 3982 est
1759 3912 2001 3998 genitum

429 4005 498 4055 ab
537 4003 792 4075 ingenito.
823 4016 1032 4063 tantum
1062 4026 1283 4069 necesse
1308 4028 1391 4070 cst
1414 4017 1587 4072 lucem
1621 4034 1649 4072 a
1678 4021 1798 4077 luce
1824 4024 2004 4079 diver-

427 4108 540 4147 sam
562 4110 701 4151 esse.
731 4097 802 4151 At
832 4101 1127 4168 ingenitum
1154 4120 1275 4158 cum
1302 4108 1483 4174 genito
1499 4108 1666 4164 habet
1685 4115 1999 4179 quamdam,

428 4187 693 4252 positione
720 4190 1031 4257 verborum,
1066 4211 1170 4250 non
1212 4212 1403 4252 natura
1451 4201 1654 4269 rerum,
1703 4207 2002 4273 oppositio-

427 4292 574 4345 uem,
596 4281 736 4347 quod
764 4291 937 4337 tamen
966 4286 1015 4338 Iri
1045 4286 1308 4341 allirmant
1336 4306 1350 4341 :
1384 4289 1520 4344 lucis
1542 4302 1719 4347 autem
1740 4311 1859 4349 cum
1887 4297 2004 4354 luce

2118 1822 2251 1891 τέρα
2298 1821 2415 1890 φῶς
2453 1822 2753 1893 ὀνομάζων,
2800 1822 2913 1890 φῶς
2937 1823 2993 1876 δὲ
3022 1825 3115 1876 καὶ
3143 1823 3234 1875 τὸν
3263 1822 3413 1885 Υἱὺν,
3445 1822 3705 1877 τοσοῦτον

2117 1912 2173 1964 δὲ
2200 1913 2357 1965 τοῦτο
2387 1915 2449 1966 τὸ
2478 1912 2593 1980 φῶς
2628 1912 2838 1966 ἐκείνου
2864 1913 2955 1965 τοῦ
2988 1913 3162 1981 φωτὸς
3188 1912 3473 1984 διωρίσθαι
3505 1913 3699 1982 λέγων,

2117 2007 2240 2059 ὅσον
2272 2005 2332 2058 τὸ
2371 2006 2626 2075 γεννητὸν
2654 2006 2761 2059 ἀπὸ
2789 2006 2883 2059 τοῦ
2909 2007 3199 2075 ἀγεννήτου
3231 2003 3540 2075 διώρισται,
3580 2004 3705 2077 οὐχὶ

2116 2094 2274 2165 δῆλός
2309 2097 2446 2159 ἐστι,
2487 2095 2588 2148 κᾶν
2617 2094 2696 2166 τῷ
2744 2098 2949 2166 ῥήματι
2990 2094 3353 2166 προσποιῆται
3392 2093 3699 2166 φιλανθρω-

2118 2186 2398 2252 πεύεσθαι,
2432 2187 2549 2255 φῶς
2584 2185 2866 2257 ὀνομάζων
2907 2187 3068 2257 δῆθεν
3114 2187 3331 2240 καὶτὸν
3375 2187 3524 2251 Υίδν,
3566 2186 3700 2240 ἀλλά

2121 2282 2186 2349 τῇ
2229 2297 2292 2347 γε
2321 2280 2550 2350 δυνάμει
2579 2278 2654 2350 (8)
2688 2279 2795 2332 τῶν
2841 2279 3146 2349 λεγομένων
3181 2281 3317 2351 πρὸς
3350 2279 3415 2332 τὸ
3456 2279 3697 2333 ἐναντίον

2115 2371 2344 2438 ἀπάγων
2369 2370 2467 2443 τὴν
2496 2371 2734 2434 ἔννοιαν;
2770 2371 3028 2423 Σκοπείτε
3062 2370 3165 2442 γάρ
3194 2371 3247 2423 τί
3282 2370 3593 2424 ἀντίκειται
3621 2370 3703 2440 τῷ

2114 2463 2417 2533 ἀγεννήτῳ,
2455 2452 2581 2515 ἀλλο
2619 2462 2933 2533 ἀγέννητον,
2970 2460 3003 2532 ἢ
3046 2460 3107 2513 τὺ
3149 2462 3443 2532 γεννητόνς
3474 2462 3552 2515 Τὸ
3579 2479 3701 2530 γεν-

2113 2554 2273 2624 νητὸν
2300 2553 2565 2624 δηλονότι.
2612 2554 2676 2607 Τί
2703 2555 2760 2608 δὲ
2791 2554 3088 2609 ἀντίκειται
3116 2553 3192 2623 τῷ
3226 2553 3404 2623 spurci;
3437 2553 3557 2623 φῶς
3587 2554 3702 2606 ἓτε-

2114 2663 2227 2717 ρον,
2269 2645 2301 2715 ῆ
2342 2645 2402 2698 τὸ
2436 2646 2652 2711 σκότος;
2690 2644 2762 2698 Tb
2792 2644 2980 2707 σκότος
3014 2644 3246 2707 πάντως.
3278 2645 3342 2697 Ei
3369 2644 3554 2697 τοίνυν
3578 2644 3701 2698 ὅσον

2113 2738 2492 2809 παρήλλακται
2517 2738 2577 2791 τὸ
2609 2737 2866 2809 γεννητὸν
2911 2738 3045 2809 πρὸς
3072 2736 3132 2789 τὸ
3159 2737 3480 2808 ἀγέννητον,
3512 2737 3709 2793 τοσοῦο-

2109 2846 2202 2893 τον
2248 2829 2460 2900 ἀνάγκη
2492 2828 2873 2899 παρηλλάχθαι
2909 2828 2972 2881 τὸ
3003 2827 3117 2896 φῶς
3145 2828 3282 2898 πρὸς
3310 2828 3376 2880 τὸ
3418 2827 3559 2895 φῶς,
3596 2829 3699 2893 τίνι

2109 2922 2218 2975 τῶν
2250 2924 2504 2976 ἀπάντων
2540 2921 2733 2994 ἄδηλος
2760 2923 2793 2992 ἡ
2829 2921 3074 2983 ἀσέϐεια,
3108 2921 3209 2984 ὅτι,
3260 2922 3318 2972 ἐν
3349 2921 3698 2993 προσηγορία

2111 3015 2289 3084 φωτὸς
2317 3016 2377 3068 τὸ
2418 3015 2792 3085 ἀντικείμενον
2836 3013 2914 3084 τῷ
2948 3014 3085 3081 φωτὶ
3122 3013 3503 3085 παρεισάγων,
3547 3016 3700 3067 ένανο

2109 3107 2232 3159 τίαν
2255 3102 2394 3159 εἶναι
2421 3109 2486 3176 τῇ
2516 3105 2608 3159 τοῦ
2640 3106 2817 3174 φωτὸς
2846 3105 3005 3173 φύσει
3038 3105 3135 3175 τὴν
3168 3103 3359 3158 οὐσίαν
3392 3105 3489 3158 τοῦ
3525 3107 3696 3159 Μονο-

2106 3197 2299 3266 γενοῦς
2333 3197 2657 3263 ὑποϐάλλεις
2691 3199 2762 3250 Ἣ
2792 3197 3053 3250 δεικνύτω
3075 3199 3207 3268 ἡμῖν
3233 3197 3352 3266 φῶς
3384 3199 3697 3267 ἀντικείμε-

2105 3308 2195 3345 νον
2242 3289 2320 3361 τῷ
2365 3290 2525 3358 φωτὶ,
2579 3290 2802 3343 κάκεῖνο
2853 3291 2913 3341 τὸ
2967 3290 3166 3360 μέτρον
3212 3290 3312 3357 τῆς
3369 3289 3697 3350 ἀντιθέσεως

2106 3382 2247 3454 ἔχον,
2274 3383 2302 3435 ὃ
2333 3382 2412 3453 τῷ
2451 3381 2696 3453 γεννητῷ
2730 3382 2867 3454 πρὸς
2906 3382 2967 3435 τὸ
2995 3381 3289 3451 ἀγέννητόν
3332 3382 3505 3437 ἐστιν.
3542 3382 3605 3452 El
3643 3381 3697 3433 δὲ

2104 3473 2265 3527 τοῦτο
2306 3472 2429 3526 οὔτε
2468 3474 2613 3526 ἐστὶν
2647 3471 2744 3543 (9),
2778 3470 2890 3524 οὔτ’
2925 3471 2990 3524 ἂν
3033 3470 3195 3535 αὐτὸς
3239 3472 3591 3541 ἐπινοήσειε,
3624 3470 3701 3540 μὴ

2103 3565 2407 3634 ἀγνοείσθω
2434 3566 2466 3636 ἡ
2497 3565 2660 3635 τέχνη
2700 3565 2818 3634 μεθ’
2861 3559 2929 3635 ἧς
2957 3564 3167 3633 βαθέως
3198 3564 3607 3626 κατασκευάζει
3639 3564 3696 3626 rb

2108 3657 2446 3729 βλάσφημον.
2496 3657 2715 3729 Ἐπειδὴ
2750 3657 2858 3727 γὰρ
2886 3659 3057 3710 οἴεται
3084 3655 3162 3727 τῷ
3189 3657 3475 3728 ἀγεννήτῳ
3496 3658 3560 3727 1b
3584 3674 3645 3724 γε
3657 3674 3695 3706 δ-

2106 3750 2265 3822 νητὸν
2321 3752 2440 3803 κατ’
2473 3750 2787 3804 ἐναντίωσιν
2839 3749 3192 3811 ἀντικεῖσθαι,
3245 3747 3347 3818 τὴν
3400 3749 3573 3819 αὐτὴν

2106 3839 2248 3909 φωτὶ⁹
2285 3840 2421 3910 πρὸς
2443 3840 2503 3893 τὸ
2535 3839 2651 3909 φῶς
2675 3839 2949 3893 ἀντίθεσιν
2975 3836 3296 3911 ἐφαρμόζει,
3333 3840 3421 3891 ἵνα
3445 3839 3538 3892 διὰ
3566 3839 3698 3892 πάν-

2103 3951 2214 3988 των
2252 3935 2350 4004 τὴν
2377 3933 2470 3986 τοῦ
2499 3934 2709 4005 Πατρὸς
2741 3934 2930 3987 οὐσίαν
2960 3932 3255 3986 ἀντίπαλον
3288 3916 3399 3984 καί
3428 3932 3698 4003 πολεμίαν

2104 4030 2170 4097 τῇ
2200 4026 2293 4080 τοῦ
2325 4025 2660 4094 Μονογενοῦς
2689 4026 2955 4097 ἐπιδείξῃ.
2985 4024 3084 4078 Διά
3117 4024 3291 4077 ταῦτα
3327 4025 3361 4094 ή
3395 4025 3565 4094 καινὴ
3588 4025 3695 4093 (l0;

2106 4118 2244 4188 αὕτη
2281 4117 2386 4172 τῶν
2427 4118 2717 4190 δογμάτων
2752 4118 3044 4187 νομοθεσία
3065 4135 3077 4145 ·
3110 4117 3275 4170 Ὅσον
3309 4116 3697 4188 παρήλλακται

2105 4210 2166 4264 τὸ
2197 4210 2453 4282 γεννητὸν
2482 4210 2578 4263 τοῦ
2609 4211 2925 4281 ἀγεννήτου.
2959 4207 3212 4262 τοσοῦτον
3240 4207 3459 4278 ἀνάγκη
3491 4209 3697 4279 παρηλο

2105 4303 2301 4374 λάχθαι
2342 4304 2403 4356 τὸ
2435 4303 2551 4374 φῶς
2589 4303 2727 4375 πρὸς
2769 4304 2831 4356 τὸ
2873 4303 3010 4373 φῶς.
3048 4303 3241 4355 Καίτοι
3274 4300 3353 4371 τῷ
3398 4301 3504 4372 μὲν
3543 4304 3697 4370 ἀγεν-

428 4385 526 4425 nec
545 4375 843 4428 secundum
871 4377 1226 4444 prolationem
1255 4395 1353 4435 nec
1375 4385 1675 4438 secundum
1702 4386 2001 4457 intelligen-

2117 4398 2250 4467 νήτῳ
2283 4397 2421 4467 πρὸς
2452 4396 2511 4448 τὸ
2542 4396 2799 4467 γεννητόν
2824 4396 2941 4448 ἐστί
2971 4412 3077 4457 τις,
3108 4392 3251 4447 κατά
3278 4393 3379 4463 τὴν
3408 4392 3566 4446 θέσιν
3592 4392 3694 4447 τῶν

431 4464 555 4515 tiam
579 4467 937 4521 contrarietas
963 4469 1068 4524 ulla
1098 4472 1396 4541 excogitari
1425 4485 1625 4543 potest.
1654 4477 1761 4533 Sed
1785 4481 2001 4537 videtur

426 4552 619 4610 fucatis
635 4557 1068 4615 cavillationibus
1085 4577 1142 4616 se
1167 4564 1340 4631 ipsum
1364 4566 1632 4635 decipere.
1650 4569 1810 4626 Putat
1828 4573 1995 4639 enim,

427 4662 547 4715 qitae
576 4663 639 4702 ex
669 4652 961 4705 contrariis
988 4667 1312 4722 sequuntur,
1341 4660 1585 4714 eamdem
1628 4661 1774 4716 inter
1805 4678 1865 4718 se
1898 4680 1999 4734 pu-

427 4754 585 4809 gnam
618 4741 840 4806 habere,
864 4758 1026 4811 quam
1054 4745 1253 4800 habent
1276 4757 1327 4802 et
1352 4749 1669 4820 principalia
1700 4758 1996 4821 contraria,

425 4842 481 4884 et
519 4847 639 4886 cum
673 4837 1005 4888 contrarium
1049 4835 1192 4891 inest
1241 4841 1398 4895 alteri
1442 4846 1868 4912 contrariorum,
1932 4865 1999 4903 ex

429 4924 599 4980 altero
640 4926 803 4981 etiam
828 4930 1158 4983 contrarium
1190 4935 1513 5001 necessario,
1531 4947 1867 5008 secuturum.
1909 4938 2002 5005 Ut,

497 5101 573 5185 (6)
641 5099 748 5157 Vox
813 5102 1067 5169 τοσοῦτος
1124 5107 1322 5166 usitate
1382 5110 1596 5185 quidem
1627 5114 1853 5169 'dicitur
1902 5130 2002 5185 pro

424 5182 592 5257 (οπερ,
618 5186 713 5255 seu
752 5189 851 5240 pro
876 5185 1255 5257 tamAmagno;
1307 5182 1398 5235 sed
1430 5181 1518 5237 hic
1551 5186 1691 5238 sumi
1719 5185 1879 5240 debet
1904 5181 2007 5257 pro

421 5241 718 5319 ωσι-ὑγρή,
739 5259 831 5319 seu
861 5258 958 5319 pro
983 5241 1340 5319 tant—exiguo.

421 5312 583 5435 aug).
624 5312 766 5367 Editi
829 5316 926 5368 καὶ
979 5312 1329 5388 ἀσύμὸαντα.
1395 5319 1541 5407 Libri
1593 5334 1803 5381 veteres
1825 5325 2007 5396 ἀσύμ-

503 5452 580 5519 ι8)
618 5452 758 5506 Editi
814 5454 949 5510 ἀλλὰ
979 5461 1045 5530 τῇ
1105 5459 1355 5531 δυνάμει.
1424 5462 1554 5531 Reg.
1596 5467 1867 5521 secundus
1894 5468 2007 5520 ἀλλ’

432 5521 567 5595 αὑτῇ
602 5538 668 5589 γε
698 5525 899 5595 τῇδυν.
934 5529 1085 5582 Alius
1117 5547 1217 5583 tus.
1251 5531 1387 5585 ἀλλὰ
1411 5535 1477 5595 τῇ
1512 5550 1575 5595 γε
1608 5533 1722 5588 δυν.

602 5538 668 5603 γε
698 5528 764 5603 τῇ
784 5525 899 5603 δυν.
934 5525 1085 5603 Alius
1117 5547 1217 5603 ius.
1240 5525 1387 5603 fama
1411 5535 1477 5603 τῇ
1505 5525 1575 5601 γε
1608 5533 1722 5588 δυν.

495 5578 569 5676 (ύξ
598 5578 668 5671 ξῖὶ
691 5578 764 5645 δὲ
774 5578 1097 5676 τοῦτοοῧτε
1551 5578 1694 5657 ἓῐὲέ
1707 5578 1855 5676 φῶς,
1871 5618 1976 5661 ctc.
1989 5648 2001 5670 ,

423 5665 625 5738 quodsi
648 5678 757 5738 non
792 5676 865 5738 est
898 5666 991 5738 tua:
1030 5668 1214 5738 mundi
1252 5671 1433 5738 hujus.

500 5730 608 5798 (tu)
635 5732 853 5799 Antiqui
893 5736 998 5789 duo
1028 5737 1144 5793 libri
1178 5741 1208 5808 ἡ
1243 5730 1397 5812 κενή,
1431 5743 1589 5801 male.
1651 5745 1801 5802 Alius
1831 5749 1997 5803 codex

2108 4487 2387 4557 ῥημάτων,
2416 4489 2464 4540 εἰ
2492 4489 2585 4542 καὶ
2613 4488 2689 4559 μὴ
2721 4487 2861 4541 κατὰ
2886 4486 2985 4558 τὴν
3014 4484 3175 4554 φύσιν
3199 4484 3308 4538 τῶν
3331 4488 3692 4558 πραγμάτων,

2105 4578 2395 4641 ἀντίθεσις,
2424 4579 2561 4646 ὅπερ
2598 4572 2745 4632 οὗτοι
2775 4580 3243 4647 κατασκευάζουσι
3263 4600 3276 4612 ·
3310 4586 3452 4652 φωτί⁵
3477 4585 3540 4638 δὲ

2103 4670 2164 4721 τὸ
2197 4669 2313 4738 φῶς
2342 4669 2466 4723 οὔτε
2511 4670 2653 4724 κατὰ
2678 4670 2777 4740 τὴν
2817 4674 3100 4745 προφορὰν
3132 4674 3256 4728 οὔτε
3297 4676 3443 4729 κατά
3480 4678 3582 4747 τὴν
3614 4662 3693 4727 έν-

2108 4778 2255 4814 νοιαν
2286 4762 2569 4831 ἐπινοῆσαι
2593 4779 2715 4817 τινα
2739 4763 2967 4817 δυνατὸν
2998 4766 3333 4821 ἐναντίωσιν.
3383 4768 3551 4822 Ἀλλά
3592 4767 3692 4836 γὰρ

2110 4851 2253 4904 ἔοικε
2323 4852 2652 4923 σοφίσμασιν
2727 4855 3026 4924 ἀπατηλοῖς
3105 4857 3301 4910 ἑαυτὸν
3378 4857 3691 4930 παρακροὺο

2111 4942 2266 4995 εσθαι
2287 4943 2421 5015 (Η).
2449 4945 2634 4999 Ole-cat
2664 4930 2793 5018 γὰρ,
2819 4947 2902 5001 ὅτι
2931 4947 2998 4999 τὰ
3026 4950 3139 5010 τοῖς
3163 4949 3432 5013 ἐναντίοις
3458 4950 3690 5020 ἑπόμενα

2112 5123 2143 5192 ἡ
2177 5121 2699 5196 xotyﬂ,_pcjus._Alii
2722 5122 2833 5196 dt_tO_
2861 5132 2924 5196 _ct
2944 5124 3084 5196 editi
3112 5125 3298 5196 καινή,
3333 5126 3494 5180 bene.

2176 5193 2286 5266 (tl)
2320 5193 2461 5266 Nihil
2506 5193 2702 5266 mirum
2741 5193 2786 5246 si
2822 5193 2910 5246 hic
2942 5194 3110 5266 locus,
3147 5193 3272 5266 qui'
3298 5196 3690 5266 philosophicis

2105 5262 2497 5336 subtilitatibus
2530 5262 2819 5336 intricatus
2848 5262 3190 5336 sit,dillirilis
3216 5262 3501 5319 intellectu
3527 5262 3688 5336 atque

2105 5335 2372 5387 obscurus
2403 5347 2526 5385 esse
2555 5332 2828 5385 videatur.
2869 5331 3100 5385 Basilius
3128 5335 3415 5401 impugnat
3440 5331 3686 5391 Eunoinii

2107 5402 2467 5471 sententiam,
2527 5417 2590 5455 ex
2643 5416 2750 5471 qua
2803 5413 2990 5471 aperte
3035 5402 3373 5458 efﬁciebatur
3418 5409 3685 5461 contraria

2110 5470 2452 5544 principalia,
2485 5480 2540 5525 et
2568 5470 2808 5544 eaquae
2840 5470 2951 5526 non
2983 5485 3126 5544 sunt
3162 5474 3514 5543 principalia,
3546 5492 3687 5544 aeque

2108 5544 2209 5594 sibi
2250 5542 2479 5594 invicem
2516 5542 2793 5595 adversari
2833 5558 2849 5594 :
2910 5543 3053 5610 quod
3107 5543 3300 5598 falsum
3346 5542 3493 5600 esse
3539 5542 3688 5600 Paier

2107 5611 2462 5682 gravissimus
2496 5612 2758 5671 ostendit.
2791 5613 2894 5666 hoc
2941 5613 3225 5682 exemplo:
3257 5612 3373 5668 Nec
3405 5617 3573 5681 enim.
3610 5618 3687 5669 in-

2107 5681 2242 5748 quit,
2278 5680 2532 5747 quom’am
2555 5698 2619 5735 ex
2650 5682 2840 5751 vigiliis
2864 5684 2970 5736 vita
2996 5680 3252 5751 sequitur.
3296 5680 3595 5739 necessario
3629 5702 3687 5737 rx

2103 5767 2289 5806 somno
2324 5754 2562 5820 sequitur
2597 5769 2757 5809 mors.
2799 5753 2909 5809 Hoc
2936 5763 3044 5819 est,
3075 5754 3117 5809 si
3170 5757 3293 5825 quis
3330 5758 3683 5825 vigilat,,hinc
