3822 6216
411 337 519 394 655

1719 331 1778 388 S.
1822 327 2069 384 BASILII
2107 328 2324 383 MAGNI

3572 323 3672 376 636

419 475 486 514 ac
526 467 668 512 tccte
716 456 1041 511 norreudam
1083 455 1416 524 impietatem
1461 452 1789 515 concinnat,
1821 461 1985 519 atque

2111 451 2284 521 ιυργία
2328 447 2477 500 δόλον
2541 445 2633 498 τὸν
2676 445 2849 512 λόγων
2898 441 3356 513 ἀποκρυψάμενος
3407 439 3542 504 (l9),
3582 440 3675 508 βα-

416 549 742 620 ειθρυρηιίαι
787 550 997 601 artibus
1043 547 1313 615 Unigeniti
1361 555 1607 598 naturam
1651 547 1717 597 ad
1765 555 1988 598 contra-

417 641 556 694 rium
609 648 851 708 paterna:
911 647 1117 689 natura:
1176 651 1432 698 avocans,
1483 633 1652 687 solam
1709 634 1991 687 nominum

415 729 942 785 commendationem
980 728 1257 796 relinquit.
1303 726 1442 793 Quid
1485 727 1649 794 igitur
1689 725 1826 778 nos?
1851 736 1990 794 quo-

416 822 576 876 modo
603 831 659 876 et
696 821 994 890 ingenitum
1023 819 1236 874 Patrem
1265 827 1320 874 et
1344 820 1582 888 genitum
1614 817 1808 871 Filium
1854 832 1984 869 con-

415 910 630 966 ﬁtentes
653 950 667 974 ,
695 911 994 965 secundum
1031 911 1205 977 ipsum
1238 925 1347 961 esse
1383 908 1824 961 contrarietatem
1849 906 1991 961 eﬂ'u-

379 994 386 1001 ’
413 1002 694 1070 gerimus?
723 1001 852 1070 quid
889 1001 1082 1056 dicturi
1109 999 1336 1054 sumus?
1365 998 1520 1063 Quod
1562 1008 1622 1051 ut
1651 998 1777 1051 boni
1812 998 1990 1051 Patris

415 1095 585 1147 bonus
611 1093 801 1158 Filius,
829 1094 900 1146 ita
926 1107 991 1145 ex
1014 1092 1249 1161 ingenita
1275 1090 1395 1144 luce
1422 1091 1508 1143 lux
1537 1100 1738 1143 aeterna
1769 1087 1990 1151 effulsit.

412 1199 592 1253 exque
623 1199 750 1238 vera
783 1184 889 1236 vita
927 1183 1211 1235 viviﬁcans
1241 1182 1360 1235 l'ons
1399 1182 1621 1248 prodiit,
1674 1189 1730 1233 et
1759 1194 1827 1233 ex
1874 1181 1989 1248 ipsa

412 1291 509 1346 per
527 1291 588 1332 se
607 1277 846 1346 potentia
883 1276 978 1329 Dei
1030 1275 1269 1344 potentia
1292 1273 1514 1326 emersit
1537 1291 1551 1326 :
1580 1272 1817 1326 tenebra:
1840 1286 1990 1335 vero,

417 1383 568 1423 mors
597 1380 652 1424 et
679 1368 1025 1423 imbecillitas
1053 1382 1155 1419 una
1177 1373 1305 1420 'cum
1341 1364 1500 1432 hujus
1533 1365 1713 1416 mundi
1748 1363 1994 1432 principe

409 1457 874 1531 tenebrarumque
906 1458 1264 1528 principibus,
1316 1467 1371 1510 et
1417 1456 1790 1523 spiritualibus
1819 1457 1996 1524 pravi-

413 1557 543 1609 tatis
573 1556 829 1608 ministris
860 1563 914 1607 et
942 1553 1089 1605 omni
1124 1560 1387 1619 potestate
1417 1550 1612 1601 diviuie
1649 1556 1855 1600 natura:
1889 1549 1994 1598 ini-

411 1647 554 1699 ‘Inica
578 1645 1021 1698 collocatazsunt:
1044 1655 1352 1710 quanquam
1369 1655 1436 1693 ne
1451 1640 1667 1708 quidem
1693 1638 1991 1693 secundum

415 1738 583 1805 ipsam
633 1736 990 1789 substantiam
1044 1734 1223 1787 sortiti
1270 1742 1400 1786 sunt
1435 1730 1884 1784 contrarietatem
1925 1731 1989 1782 ad

2095 542 2232 603 θέως
2266 540 2361 592 καὶ
2390 537 2944 608 περικεκαλυμμένως
2973 535 3032 587 τὺ
3054 533 3278 604 φρικτὸν
3300 533 3399 601 τῆς
3422 531 3677 592 ἀσεϐείας

2099 629 2518 693 κατασκευάζει,
2551 629 2646 682 καὶ
2677 631 2787 690 τοῖς
2817 626 2928 679 τῶν
2959 626 3131 692 λόγων
3168 624 3506 694 τεχνάσμασπι
3540 623 3678 692 πρὸς

2096 727 2157 779 τὸ
2204 725 2444 779 ἐναντίον
2493 722 2572 791 τῷ
2620 722 2798 787 Πατρ)¹
2839 719 2936 790 τὴν
2988 718 3150 786 φύσιν
3194 716 3289 768 τοῦ
3333 713 3678 783 Μονογενοῦς

2097 820 2428 889 ἀποστήσας,
2462 815 2627 885 μόνην
2653 812 2969 866 καταλείπει
2997 811 3096 880 τὴν
3125 809 3397 878 εὺιξημίαν
3421 807 3534 859 τῶν
3563 807 3680 858 ὀνο-

2100 909 2306 979 μάτων.
2343 908 2407 959 Τί
2435 901 2526 959 οὖν
2558 907 2755 975 ἡμεῖς
2800 903 2938 964 πῶς,
2973 903 3068 954 καὶ
3100 901 3390 969 ἀγέννητον
3426 901 3522 950 τὸν
3560 899 3675 949 Πα-

2097 1002 2228 1072 τέρα
2268 1001 2362 1053 καὶ
2396 999 2650 1069 γεννητὸν
2683 999 2774 1050 τὸν
2822 997 2950 1048 Υίδν
2981 992 3388 1062 ὁμολογοῦντες,
3418 992 3520 1060 τὴν
3554 992 3675 1042 κατ’

2097 1094 2226 1146 αὐτὸ
2247 1093 2308 1144 τὸ
2337 1088 2474 1146 εἶναι
2502 1090 2859 1159 διαφύγωμεν
2891 1088 3000 1156 (20)
3029 1084 3376 1146 ἐναντίωσιν;
3406 1081 3460 1134 τί
3489 1082 3678 1144 λὲγον-

2095 1201 2216 1246 τες;
2246 1185 2370 1236 Ὅτι
2404 1182 2608 1250 ἀγαθοῦ
2651 1181 2747 1251 μὲν
2772 1179 2981 1245 Πατρός
3012 1176 3212 1244 ἀγαθὸς
3243 1179 3272 1229 ὁ
3299 1175 3426 1238 Υἱός
3446 1192 3460 1203 ·
3503 1175 3682 1240 φωτὸς

2095 1278 2150 1330 δὲ
2199 1277 2292 1329 τοῦ
2348 1277 2642 1344 ἀγεννήτου
2685 1274 2798 1342 φῶς
2840 1271 3108 1340 ἐξέλαμψε
3153 1269 3213 1321 τὸ
3246 1269 3448 1330 ἀΐδιον,
3487 1270 3585 1319 καὶ
3619 1269 3685 1318 ἐκ

2096 1371 2194 1439 τῆς
2218 1370 2384 1432 ὄντως
2401 1368 2547 1438 ζωῆς
2573 1370 2606 1438 ή
2636 1365 2899 1430 ζωοποιὸς
2919 1363 3155 1435 προῆλθε
3173 1362 3343 1432 πηγὴ,
3368 1362 3462 1414 καὶ
3492 1362 3558 1413 ἐκ
3583 1361 3685 1428 τῆς

2097 1463 2509 1532 αὑτοδυνὰμεως
2553 1464 2586 1530 ή
2645 1460 2737 1512 τοῦ
2783 1456 2917 1510 Θεοῦ
2961 1456 3186 1524 δύναμις
3236 1455 3347 1524 (‘21)
3405 1453 3682 1523 ἐξεφάνη⁸

2101 1554 2288 1616 σκότος
2315 1554 2391 1616 δὲ,
2418 1554 2511 1605 καὶ
2539 1552 2786 1614 θάνατος,
2819 1553 2910 1604 καὶ
2943 1549 3193 1602 ἀσθένεια
3221 1547 3300 1617 τῷ
3329 1547 3556 1619 ἄρχοντι
3588 1547 3684 1598 τοῦ

2099 1647 2302 1716 κόσμου
2330 1645 2542 1706 τούτου,
2575 1644 2669 1696 καὶ
2701 1647 2811 1705 τοῖς
2837 1641 3274 1712 κοσμοκράτορσι
3303 1638 3398 1690 τοῦ
3431 1639 3684 1699 σκότους,

2100 1736 2195 1789 καὶ
2241 1738 2352 1798 τοῖς
2394 1731 2787 1803 πνευματικοῖς
2824 1733 2922 1802 τῆς
2963 1732 3246 1802 πονηρίας,
3277 1732 3370 1783 καὶ¹
3422 1730 3579 1802 πάσῃ
3619 1731 3683 1797 τῇ

413 1829 609 1880 bonum
643 1827 803 1880 ullam
849 1827 964 1898 (sic
993 1826 1138 1880 enim
1170 1825 1525 1894 reprehensio
1557 1825 1624 1877 ad
1661 1823 1980 1877 Creatorem

2111 1826 2263 1897 μχθρᾷ
2311 1828 2409 1896 τῆς
2442 1825 2592 1888 Θείας
2627 1824 2839 1893 φύσεως
2871 1822 3098 1891 δυνάμει
3134 1821 3524 1881 συντέτακται,
3561 1819 3684 1872 υἱιδὲ

413 1920 684 1986 rediret),
725 1919 817 1972 sed
861 1933 957 1970 sua
993 1919 1231 1986 ipsorum
1263 1917 1542 1969 voluntate
1578 1930 1673 1984 per
1705 1913 1832 1969 boni
1881 1917 1991 1980 pri-

411 2011 682 2063 vationem
716 2011 768 2062 in
799 2010 988 2063 vitium
1024 2010 1347 2062 inciderunt.
1397 2009 1602 2062 Tamen
1645 2007 1826 2076 lingua
1873 2022 1992 2075 qua:

414 2100 583 2155 Deum
626 2111 926 2170 oppugnat,
962 2111 1210 2153 naturain
1257 2098 1534 2169 Unigeuiti
1571 2098 1635 2150 ad
1671 2099 1816 2152 hunc
1850 2097 1992 2150 ordi-

412 2211 534 2249 nem
584 2195 850 2248 deducere
899 2202 1090 2247 conata
1135 2201 1238 2246 est.
1285 2191 1394 2244 Nec
1439 2191 1583 2244 enim
1634 2187 1764 2242 illud
1805 2189 1989 2242 dicere

412 2295 624 2356 potest,
661 2285 804 2354 quod
853 2300 974 2338 cum
1017 2283 1194 2336 Patris
1230 2281 1588 2335 substantiam
1639 2280 1816 2333 lucem
1870 2293 1992 2333 esse

412 2387 629 2433 censeat
655 2388 763 2428 tum
787 2375 956 2443 gloria
982 2383 1092 2426 tum
1115 2372 1403 2440 splendore
1423 2380 1794 2438 praestantem,
1816 2369 1991 2436 ipsum

412 2483 627 2537 quoque
654 2466 922 2536 Unigeniti
949 2465 1306 2518 substantiam
1339 2463 1616 2516 existimet
1641 2463 1814 2515 lucem
1842 2477 1982 2523 esse,

413 2561 506 2614 sed
542 2558 946 2628 quodammodo
989 2557 1385 2618 obscuriorem,
1433 2564 1488 2608 et
1533 2556 1695 2607 veluti
1743 2553 1987 2608 infusca-

416 2663 546 2703 tam.
587 2647 721 2702 Nam
757 2663 827 2703 ne
871 2650 987 2704 hinc
1031 2649 1253 2717 quidem
1291 2649 1459 2701 animi
1491 2649 1564 2717 pii
1609 2657 1771 2712 sunt,
1797 2652 1996 2715 quippe

412 2744 539 2810 quia
572 2743 822 2811 imaginis
848 2745 1148 2798 similitudo
1191 2759 1292 2812 per
1334 2742 1726 2796 obscuritatem
1759 2741 1990 2794 tollitur.

415 2836 521 2891 Sed
550 2847 727 2890 tamen
753 2837 1049 2904 optandum
1078 2847 1248 2899 esset,
1279 2845 1338 2888 ut
1361 2849 1484 2887 eum
1518 2835 1583 2886 de
1607 2834 1690 2886 his
1715 2847 1997 2902 possemus

414 2940 691 2982 accusare.
729 2925 842 2980 Non
873 2927 1021 2980 enim
1050 2937 1196 2980 esset
1237 2925 1397 2980 nobis
1425 2939 1562 2992 opus
1593 2939 1793 2994 magno
1822 2932 1997 2977 certa-

416 3018 559 3071 mine
588 3016 657 3072 ad
687 3016 830 3071 illius
859 3018 1318 3072 emendationem.

2090 1918 2301 1980 τούτοις
2339 1918 2458 1970 κατ’
2506 1917 2678 1988 αὐτὴν
2711 1917 2808 1986 τὴν
2840 1916 3026 1968 οὐσίαν
3076 1915 3211 1984 πρὸς
3249 1914 3309 1964 τὸ
3347 1911 3557 1980 ἀγαθὸν
3590 1911 3686 1963 λα-

2091 2009 2247 2080 χοῦσι
2273 2008 2371 2080 τὴν
2399 2009 2714 2061 ἐναντίωσιν
2744 1999 2906 2078 (οὖτῖο
2931 2008 3037 2078 γὰρ
3067 2006 3131 2059 ἀν
3157 2008 3188 2075 ή
3223 2005 3432 2075 μέμψις
3460 2006 3556 2056 ἐπὶ
3591 2004 3683 2056 τὸν

2091 2099 2432 2172 Δημιουργὸν
2473 2100 2740 2167 ἐπανίοι),
2792 2099 2904 2151 ἀλλ’
2940 2101 3003 2152 ἐκ
3049 2100 3145 2166 τῆς
3180 2097 3387 2159 οἰκείας
3425 2097 3685 2168 προαιρέ-

2100 2212 2237 2258 σεως
2276 2197 2332 2246 ὲν
2378 2195 2444 2264 τῇ
2495 2193 2587 2245 τοῦ
2632 2192 2798 2246 καλοῦ
2846 2196 3096 2263 στερήσει
3150 2191 3288 2261 πρὸς
3329 2191 3432 2260 τὴν
3483 2190 3683 2241 κακίαν

2099 2288 2473 2358 ἀπορῤυεῖσιν.
2540 2284 2678 2338 Ἀλλ’
2728 2286 2879 2355 ὅμως
2926 2285 3002 2345 εἰς
3049 2282 3253 2352 ταύτην
3309 2281 3410 2351 τὴν
3456 2280 3612 2344 τάξιν
3651 2282 3682 2348 ἡ

2099 2379 2359 2447 θεομάχος
2399 2377 2618 2445 γλῶσσα
2662 2376 2759 2446 τὴν
2792 2374 2954 2443 φύσιν
2997 2373 3093 2426 τοῦ
3145 2371 3492 2441 Μονογενοῦς
3525 2389 3682 2441 πρι-

2099 2475 2324 2537 αγαγεῐν
2351 2470 2724 2540 ἐπεχείρησεν.
2755 2469 2828 2522 Οὐ
2871 2469 2978 2538 γὰρ
3025 2467 3087 2536 δὴ
3133 2469 3305 2520 έκεῖνο
3347 2465 3461 2536 (22)
3509 2469 3684 2518 εἰπεῖν

2101 2562 2234 2631 ἔχει,
2275 2563 2377 2625 ὅτι,
2410 2561 2508 2631 τὴν
2540 2560 2633 2614 τοῦ
2677 2561 2892 2630 Πατρός
2922 2558 3106 2611 οὐσίαν
3142 2558 3257 2626 φῶς
3298 2553 3441 2610 εἶναι
3468 2557 3687 2628 τιθέμε-

2099 2670 2208 2718 νος,
2256 2653 2593 2725 ὑπερϐάλλον
2635 2653 2760 2723 δόξῃ
2796 2670 2856 2705 τε
2897 2652 2988 2703 καὶ
3032 2651 3412 2721 λαμπρότητι,
3458 2649 3562 2720 τὴν
3593 2650 3684 2701 τοῦ

2099 2747 2437 2813 Μονογενοῦς
2463 2747 2578 2816 φῶς
2610 2748 2702 2798 καὶ
2730 2745 2920 2815 αὐτὴν,
2959 2743 3332 2814 ἀμαυρότερον
3361 2742 3419 2794 δέ
3449 2760 3571 2805 πως
3598 2743 3686 2793 καὶ

2098 2836 2262 2888 οἱονεὶ
2289 2835 2656 2906 τεθολωμένον
2683 2834 2952 2887 ὑπέλαϐεν
2985 2834 3116 2903 (25).
3145 2831 3421 2892 Εὐσεϐοῦς
3453 2832 3557 2902 μὲν
3583 2831 3688 2902 γὰρ

2099 2925 2339 2988 διανοίας
2366 2925 2487 2978 οὐδὲ
2515 2922 2709 2986 ταῦτα,
2735 2924 2815 2993 τῷ
2840 2925 2941 2992 τῆς
2965 2924 3170 2984 εἰκόνος
3196 2921 3306 2989 (24)
3335 2922 3396 2972 ὲν
3419 2924 3489 2992 τῇ
3521 2924 3689 2990 ἀμαυ-

2028 3012 2068 3067 C
2107 3016 2293 3086 ρότητι
2330 3013 2720 3085 παραιρεῖσθαι
2748 3013 2846 3082 τὴν
2877 3012 3186 3082 ὁμοιότητα.
3211 3009 3360 3080 Πλὴν
3387 3009 3506 3061 ἀλλ’
3527 3008 3689 3078 εὐχῆς

413 3107 482 3185 ἦν
502 3111 653 3178 ιξιον
677 3111 850 3165 ταῦτα
874 3112 1036 3166 αὐτὸν
1067 3112 1211 3182 ἔχειν
1241 3111 1540 3165 αἰτιᾶσθαι.
1569 3111 1644 3165 Οὐ
1672 3112 1870 3164 πολλοῦ
1899 3112 2007 3183 γὰρ
2043 3112 2107 3164 ἂν
2135 3111 2240 3163 ἔδει
2269 3109 2364 3163 τοῦ
2395 3109 2602 3178 ἀγῶνος
2635 3109 2769 3178 ήμῖν
2800 3108 2880 3169 είς
2907 3105 3213 3176 διόρθωσιν.

482 3203 576 3261 28.
617 3204 768 3259 Nunc
797 3221 927 3259 vero
949 3207 1189 3272 genitum
1213 3207 1358 3260 inter
1381 3215 1435 3258 et
1462 3206 1763 3274 ingenitum
1799 3222 1990 3260 secun-

415 3297 542 3351 dum
579 3297 700 3367 plus
736 3306 792 3351 et
837 3297 1018 3351 minus
1049 3297 1335 3351 diversitas
1368 3312 1473 3350 non
1505 3306 1614 3361 est,
1643 3307 1702 3350 ut
1735 3298 1879 3352 inter
1913 3298 1994 3351 lu-

415 3405 534 3444 cem
583 3389 848 3443 minorem
887 3398 945 3443 et
975 3389 1233 3456 majorem
1262 3407 1275 3441 :
1309 3390 1402 3443 sed
1446 3399 1649 3457 quanta
1691 3401 1775 3444 est
1806 3406 1994 3445 eorum

418 3494 536 3548 qua
568 3478 717 3533 nullo
747 3487 903 3548 pacto
933 3479 1092 3532 simul
1118 3494 1237 3532 esse
1264 3490 1514 3548 possunt,
1541 3480 1820 3534 distantia.
1851 3481 1994 3535 Fieri

419 3572 564 3625 enim
603 3586 707 3624 non
747 3581 940 3639 potest.
970 3581 1027 3624 ut
1071 3572 1120 3623 id
1149 3572 1233 3624 cui
1268 3571 1499 3626 alterum
1546 3574 1690 3627 inest
1713 3615 1726 3636 .
1755 3585 1998 3630 transeat

421 3675 657 3729 unquam
681 3661 747 3712 ad
775 3661 1082 3728 oppositum
1104 3675 1198 3728 per
1230 3664 1755 3725 transmu-tationem,
1785 3667 1919 3719 adeo
1943 3677 2000 3718 ut

419 3759 511 3805 aut
537 3766 603 3805 ex
625 3751 863 3820 ingenito
883 3752 1120 3819 genitum
1147 3753 1256 3812 iiut,
1283 3761 1376 3803 aut
1398 3752 1516 3805 vice
1541 3767 1722 3815 versa,
1757 3769 1786 3808 a
1813 3755 1999 3822 genito

418 3847 487 3898 ad
511 3843 806 3913 ingenitum
837 3852 1250 3896 trausmutetur.
1274 3843 1376 3908 Qui
1403 3844 1587 3912 itaque
1609 3846 1781 3900 semel
1803 3849 1996 3904 statuit

420 3950 644 3990 necesse
658 3949 803 4000 esse,
829 3945 1036 3988 tantum
1056 3935 1231 3989 lucem
1253 3951 1280 3987 a
1307 3935 1423 3989 luce
1449 3935 1696 4002 diﬂ'erre,
1734 3948 1998 4006 quantum

419 4025 601 4080 diﬂ‘ert
631 4026 869 4096 genitum
908 4027 975 4079 ab
1004 4026 1268 4095 ingenito,
1295 4027 1342 4078 ei
1375 4042 1442 4078 ne
1482 4027 1585 4080 ista
1615 4027 1830 4094 quidem
1864 4029 2002 4081 ratio

422 4118 488 4169 ad
521 4118 700 4185 fugam
739 4117 926 4171 relicta
955 4127 1058 4170 est.
1103 4116 1234 4169 Nam
1285 4115 1372 4168 lux
1412 4132 1536 4185 quae
1569 4133 1700 4186 pura
1742 4126 1842 4181 est,
1876 4134 1999 4172 cum

421 4209 655 4276 quodam
706 4209 866 4264 modo
891 4209 961 4262 sit
989 4223 1187 4276 genere
1231 4217 1391 4275 atque
1419 4211 1608 4263 eadem
1664 4209 1750 4261 lux
1790 4210 2002 4263 tenuior

421 4299 842 4368 obscuriorque,
876 4299 1338 4355 intentionesola
1371 4301 1438 4353 ab
1474 4314 1538 4352 ea
1582 4299 1742 4369 265
1777 4278 1953 4353 dill‘ert
1983 4317 1997 4354 :

424 4391 722 4461 ingenitum
759 4405 888 4446 vero
912 4405 1016 4444 non
1047 4400 1130 4446 est
1179 4390 1345 4460 geniti
1371 4390 1623 4456 intensio,
1655 4405 1829 4461 neque
1853 4393 2002 4461 geni-

499 4692 611 4762 (19)
640 4692 780 4767 _Reg.
809 4694 1028 4767 quintus
1059 4702 1114 4746 et
1145 4694 1276 4767 editi
1307 4696 1364 4746 ὲν
1388 4693 1692 4767 πανουργίᾳ
1717 4695 1808 4747 τὸν
1844 4695 1994 4748 δόλον

425 4762 598 4830 λόγων
629 4763 1107 4835 ἀποκρυψάμενος,
1154 4766 1208 4816 in
1252 4767 1481 4817 versutia
1510 4762 1691 4817 dolum
1719 4767 1992 4818 verborum

426 4841 718 4905 contegens.
751 4835 932 4887 Codex
965 4835 1119 4888 Coll).
1161 4850 1280 4887 cum
1307 4836 1412 4887 alio
1450 4835 1618 4902 Ιὶιιςὶυ
1649 4837 1707 4887 ὲν
1760 4853 1996 4905 πανουρ-

426 4901 523 4976 γία
556 4902 722 4976 δόλων
751 4905 842 4956 τὸν
876 4905 1031 4971 λόγον
1063 4906 1290 4976 ἀποκρ.,
1323 4921 1412 4972 per
1445 4901 1724 4957 versutiam
1751 4901 1992 4976 dolorum

427 4955 608 5046 celans

430 5038 533 5093 λῶν
563 5042 653 5094 τὸν
682 5042 856 5116 λόγον,
917 5046 1026 5110 illo,
1057 5038 1535 5116 ἀποκρυψάμενος,
1575 5038 1796 5108 omisso,
1834 5038 2000 5097 'adul-

429 5125 604 5164 tercius
659 5115 951 5166 doctrinam
981 5131 1072 5180 per
1124 5115 1420 5168 versutiam.
1459 5116 1562 5167 Alii
1617 5125 1725 5166 tres
1778 5130 1906 5168 mss.
1940 5117 1997 5164 ὲν

427 5183 739 5256 πανουργία
802 5184 973 5252 λόγων
1019 5185 1111 5236 τὸν
1167 5185 1314 5238 δόλον
1370 5183 1851 5256 ἀποκρυψάμενος,
1911 5201 2001 5250 per

434 5254 704 5305 uerborum
746 5257 1026 5307 versutiam
1062 5256 1238 5307 dolum
1276 5254 1540 5307 occultans
1578 5273 1596 5308 .·
1638 5256 1781 5318 quod
1817 5257 2002 5305 verius

425 5322 628 5393 judico.
661 5325 859 5378 Statim
893 5324 1023 5392 Reg.
1059 5337 1250 5378 tertius
1285 5339 1337 5377 et
1368 5327 1516 5378 υυιυ.
1549 5325 1610 5376 τὸ
1632 5324 1869 5393 κρυπτὸν
1904 5325 2004 5391 τῆς

428 5392 705 5456 ὰσεῦείας.

505 5464 616 5534 (20)
654 5463 873 5534 Veteres
911 5465 1111 5531 aliquot
1148 5465 1267 5516 libri
1293 5462 1685 5534 διαφεύγομεν.

500 5533 612 5606 flii)
644 5533 823 5606 (Eodex
847 5534 1148 5606 Colb._t_:um
1184 5535 1366 5600 Regiis
1401 5533 1636 5587 secundo
1666 5545 1720 5588 et
1759 5535 1920 5588 tertio
1963 5535 1996 5606 ὴ

430 5601 524 5654 τοῦ
557 5602 686 5654 Υἱοῦ
717 5605 965 5672 δύναμις,
1003 5603 1131 5655 Filii
1165 5607 1416 5669 potentia.
1455 5607 1556 5658 Alii
1609 5622 1738 5660 mss.
1768 5615 1824 5659 et
1867 5601 2000 5658 editi

433 5672 468 5739 ἡ
494 5672 757 5743 του-Θεοῦ
789 5674 1034 5743 δύναμις,
1074 5675 1166 5726 Dei
1196 5675 1444 5740 polentia.

507 5740 617 5809 (‘22)
651 5741 786 5796 Editi
828 5744 902 5794 Οὐ
925 5740 1044 5810 ’γὰρ
1079 5743 1248 5814 δήπου
1283 5745 1476 5801 ἐκεῖνο.
1511 5746 1576 5799 At
1603 5760 1733 5801 mss.
1769 5745 2006 5816 quinque

2169 3205 2259 3258 28.
2300 3205 2437 3257 Νυνὶ
2466 3203 2522 3256 δὲ
2553 3202 2631 3272 τῷ
2669 3202 2952 3271 ἀγεννήτῳ
2986 3199 3123 3270 πρὸς
3162 3199 3223 3250 τὸ
3262 3198 3527 3267 γεννητὸν
3571 3187 3688 3266 οὺχῖ

2099 3299 2236 3351 κατᾶ
2273 3297 2334 3349 τὸ
2371 3297 2569 3367 μᾶλλον
2608 3296 2704 3348 καὶ
2742 3290 2904 3366 ἦττον
2952 3295 2983 3361 ή
3022 3290 3277 3362 διαφορὰ,
3310 3290 3389 3354 ὡς
3426 3290 3509 3359 τῷ
3543 3290 3688 3342 ἐλάτ-

2097 3406 2210 3441 τονι
2241 3388 2379 3456 φωτὶ
2406 3386 2542 3456 πρὸς
2572 3385 2635 3438 τὸ
2659 3385 2862 3445 πλεῖον,
2897 3383 3013 3436 ἀλλ’
3046 3385 3143 3451 ὅση
3171 3383 3203 3451 ἡ
3242 3381 3350 3434 τῶν
3383 3382 3568 3452 πάντη
3599 3383 3686 3436 ἀ).-

2099 3480 2280 3548 λήλοις
2313 3479 2748 3548 ἀσυνυπάρκτων
2793 3477 3091 3538 διάστασις.
3147 3476 3456 3545 Ἀμήχανον
3500 3477 3612 3547 γὰρ
3650 3471 3687 3543 ᾧ

2101 3565 2327 3636 θάτερον
2362 3567 2697 3636 συνυπάρχει
2723 3564 2858 3633 (25),
2889 3567 2952 3616 ἐκ
2980 3563 3284 3633 μεταϐολῆς
3307 3566 3373 3618 ἄν
3397 3583 3532 3618 ποτε
3556 3568 3686 3637 προς

2100 3659 2160 3710 τὸ
2187 3659 2557 3727 ἀντικείμενον
2592 3657 2909 3727 μεταϐῆναι,
2937 3655 3075 3708 ὥστε
3099 3656 3131 3722 ἢ
3156 3656 3213 3720 ἐξ
3238 3657 3542 3726 ἁγεννήτου
3572 3674 3687 3724 γει.

2101 3749 2259 3820 νητὸν
2288 3748 2559 3816 γενέσθαι,
2595 3749 2627 3818 ἢ
2661 3747 2950 3812 ἀνάπαλιν,
2981 3747 3088 3800 ἀπὸ
3113 3747 3204 3798 τοῦ
3231 3748 3496 3818 γεννητοῦ
3526 3765 3686 3819 μετα-

2101 3843 2285 3895 ϐαλεῖν
2317 3842 2452 3914 πρὸς
2493 3843 2552 3894 τὸ
2585 3841 2895 3910 ἀγέννητον.
2945 3839 3034 3909 Τῷ
3070 3839 3246 3892 τοίνυν
3280 3838 3431 3906 ἅπαξ
3476 3841 3688 3909 ἀποφη-

2102 3933 2343 4002 ναμένῳ,
2373 3935 2454 3986 ὃτι
2485 3933 2608 3985 ὅσον
2646 3932 3025 4003 παρήλλακται
3066 3932 3127 3984 τὺ
3162 3932 3422 3999 γεννητὸν
3457 3933 3600 4002 πρὸς
3630 3933 3689 3983 τὸ

2101 4027 2428 4094 ἀγέννητον,
2473 4025 2726 4078 τοσοῦτον
2773 4025 2985 4096 ἀνάγκη
3035 4025 3416 4096 παρηλλάχθαι
3469 4025 3533 4079 τὸ
3576 4025 3691 4094 φῶς

2103 4119 2239 4188 πρὸς
2262 4118 2321 4170 τὸ
2349 4117 2483 4185 φῶς,
2515 4117 2622 4169 οὐδ’
2653 4110 2808 4179 οὗτος
2832 4119 2861 4169 ό
2890 4117 3048 4184 λόγος
3079 4117 3187 4186 (26)
3220 4119 3354 4188 πρὸς
3400 4117 3690 4186 ἀποφυγὴν

2103 4208 2475 4262 ἀπολείπεται.
2525 4207 2645 4271 Φῶς
2681 4209 2777 4277 μὲν
2808 4208 2917 4280 γὰρ
2962 4209 3021 4261 τὸ
3077 4210 3378 4279 ἀκραιφνὲς
3424 4209 3523 4262 τοῦ
3579 4207 3688 4262 οἷον

2103 4300 2348 4371 ἐξιτήλου
2388 4301 2483 4354 καὶ
2534 4294 2908 4372 ἀμαυροτέρου
2949 4301 3143 4368 φωτὸς,
3186 4301 3264 4372 τῷ
3297 4303 3446 4368 γένει
3494 4303 3688 4356 ταυτδν

2106 4392 2373 4462 ὑπάρχον,
2409 4394 2477 4463 τῇ
2511 4393 2756 4447 ἐπιτάσει
2785 4393 3058 4463 διενήνοχε
3104 4393 3274 4463 μόνῃ·
3317 4394 3383 4446 τὸ
3423 4394 3482 4447 δὲ
3528 4394 3688 4460 ἀγέν-

2102 4697 2174 4749 Οὐ
2209 4695 2317 4766 γὰρ

2177 4767 2288 4843 (ἑᾷ)
2324 4765 2507 4843 Codex
2546 4784 2686 4843 u_n_u__s
2714 4767 2914 4837 Regius
2939 4778 2998 4843 et»
3019 4767 3146 4822 editi
3183 4769 3280 4843 καὶ
3311 4769 3509 4843 ὥσπερ
3539 4772 3684 4824 τεθο-

2102 4837 2321 4906 λωμένα
2349 4837 2541 4890 οἴεται.
2571 4839 2674 4891 Alii
2703 4856 2796 4892 sex
2829 4854 2956 4892 mss.
2987 4841 3059 4891 ita
3090 4849 3148 4890 ut
3176 4842 3449 4896 edendum
3473 4837 3682 4896 curari-

2105 4924 2246 4960 IllllS.

2178 4976 2288 5047 (24)
2317 4976 2458 5030 Editi
2509 4977 2587 5048 τῷ
2643 4978 2745 5047 τῆς
2804 4979 3033 5042 εἰκόνος.
3080 4978 3235 5040 Illud,
3268 4978 3368 5048 τῷ,
3406 4979 3460 5033 in
3491 4982 3684 5034 nostris

2108 5062 2240 5117 mss.
2303 5049 2457 5117 deest
2514 5050 2730 5117 quidem
2772 5089 2787 5111 ,
2844 5051 2938 5103 sed
2987 5050 3039 5102 in
3096 5051 3307 5103 duobus
3347 5050 3550 5117 legitur
3575 5051 3684 5104 οὐδὲ

2103 5113 2278 5168 ταῦτα
2309 5113 2559 5187 τὰητῆςῖ
2594 5119 2736 5186 quod
2771 5129 2898 5186 puto
2929 5119 3117 5171 vitium
3152 5133 3274 5174 esse
3307 5113 3682 5182 librariorum,

2106 5188 2194 5255 qui
2225 5202 2320 5251 pro
2343 5186 2418 5256 τῷ
2446 5186 2784 5253 scripserunt
2813 5189 2900 5242 τά.

2180 5256 2291 5324 (25)
2329 5257 2380 5308 lu
2413 5259 2655 5322 margine
2693 5257 2843 5324 Regii
2875 5259 3048 5326 quarti
3102 5260 3364 5326 scriptum
3422 5259 3686 5313 invenitur

2107 5324 2335 5448 ἔὰρέτὺν
2367 5326 2580 5398 θατέρῳ
2628 5324 3106 5398 συγκληρώοέντα.
3165 5324 3352 5383 cede:
3387 5330 3632 5384 Combef.
3661 5329 3684 5380 ὀ

2145 5413 2343 5448 anno).

2145 5413 2343 5465 QTSPQL

2186 5467 2295 5531 (26)
2330 5466 2526 5519 Notare
2561 5466 2713 5528 libet,
2747 5481 2886 5534 quoa
2916 5482 3029 5536 iam
3065 5468 3276 5521 notavit
3317 5469 3407 5521 vir
3439 5469 3678 5523 doctissi-

2097 5536 2648 5609 tntisConibelisius.
2701 5540 2754 5609 in
2812 5536 3267 5609 margineﬂegi-i
3331 5541 3483 5591 tertii
3545 5556 3682 5609 repe-

2098 5607 2191 5658 riri
2237 5607 2539 5679 idscliolii,
2588 5605 2650 5679 τὸ
2678 5603 2821 5659 εἶναι
2863 5606 2954 5658 τὸν
3006 5607 3118 5660 Tit»
3167 5603 3284 5675 φῶς
3309 5603 3683 5679 ἀμυδρόν,ἐο

2101 5677 2358 5747 angustia
2416 5677 2613 5729 redacti
2640 5689 2795 5741 sunt,
2829 5690 2887 5730 ut
2923 5695 2986 5732 ne
3019 5679 3193 5731 dicem
3230 5677 3445 5743 quidem
3469 5677 3681 5747 'possinl

2105 5744 2274 5813 ﬁlium
2301 5746 2464 5800 lucem
2495 5763 2606 5802 esse
2632 5747 2916 5802 obscuram
2943 5761 2990 5803 et
3034 5759 3261 5803 tenuem.

2439 4699 2640 4750 ἐκεῖνο.
