3822 6216
113 303 226 356 657

1241 309 1608 364 ADVERSUS
1637 309 2004 364 EUNOMIL‘M
2047 310 2173 365 ΜΒ.
2219 309 2285 366 Il.

3301 321 3404 376 638

113 440 287 493 νητον
333 425 454 493 οὐχὶ
505 425 752 490 ἐπίτασίς
786 429 900 480 ἐστι
951 429 1046 480 τοῦ
1089 429 1348 500 γεννητοῦ
1374 445 1388 459 ·
1433 431 1554 482 οὐδὲ
1615 431 1709 502 μὴι

1835 441 1938 483 tum
1963 432 2186 498 ingeniti
2217 439 2300 485 est
2335 431 2586 485 remissio
2611 433 2880 501 quaedam,
2913 435 3008 486 sed
3038 440 3184 486 velut
3205 449 3268 488 ex
3299 438 3386 488 dia

114 515 176 567 τὸ
213 515 333 586 (27)
357 516 617 586 γεννητὸν
649 517 841 586 ὕφεσις
869 519 955 583 τίς
987 520 1102 572 ἐστι
1127 519 1220 573 τοῦ
1249 521 1568 590 ἀγεννήτου-
1598 522 1711 574 ἀλλ’

115 609 290 660 οἱονεὶ
355 609 496 662 κατά
549 610 838 682 διάμετρον
884 614 1088 665 τούτων
1138 614 1287 666 ἐστὶν
1326 617 1358 684 ἡ
1391 616 1710 678 ἀπόστασις.

117 700 253 762 Τοῖς
291 701 390 772 μὲν
425 698 517 755 οὖν
550 703 737 756 οὐσίαν
765 703 1064 772 τιθεμένοις
1080 705 1140 757 τὸ
1157 706 1413 776 γεννητὸν
1431 707 1524 759 καὶ
1551 707 1713 774 ἀγέν-

118 809 286 862 νητον
328 794 503 847 ταῦτα
535 796 630 848 καὶ
672 795 750 849 ἔτι
799 796 969 848 πλείω
1001 782 1212 850 τούτων
1244 797 1599 869 ἀκολουθήσει
1645 798 1715 850 τὰ

119 885 324 956 ἄτοπα.
357 887 551 940 Ἔσται
583 887 692 958 γὰρ
718 889 783 941 ἐκ
811 886 904 940 τοῦ
944 889 1191 942 ἐναντίου
1229 889 1290 941 τὸ
1337 889 1577 943 ἐναντίον
1623 907 1716 958 γε-

121 993 288 1048 γεννη
300 978 462 1048 μένον
480 996 494 1008 ·
528 980 620 1032 καὶ
649 981 770 1033 ἀντὶ
789 980 890 1050 τῆς
916 983 1152 1053 φυσικῆς
1183 982 1511 1046 οἰκειώσεως
1543 985 1710 1052 ἀναγ-

118 1069 258 1123 καία
294 1088 381 1134 τις
421 1071 604 1134 αὐτοῖς
645 1073 740 1125 καὶ
774 1076 892 1125 κατ’
924 1074 1092 1145 αὐτὴν
1143 1075 1241 1145 τὴν
1288 1075 1398 1146 (Ξ8)
1442 1077 1629 1128 οὐσίαν
1681 1079 1713 1147 ἡ

123 1162 319 1224 στάσις
359 1163 784 1232 ἀναφανήσεται.
833 1164 1003 1218 Τούτο
1037 1165 1092 1217 δέ
1131 1167 1302 1219 πλείω
1336 1167 1436 1238 τῆς
1460 1168 1716 1231 ἀσεϐείας

121 1255 220 1326 τὴν
270 1255 514 1326 ἀμαθίαν
553 1256 689 1327 ἔχει,
731 1259 831 1330 τὴν
879 1261 1068 1313 οὐσίαν
1106 1260 1285 1329 λέγειν
1333 1263 1427 1316 καὶ
1463 1263 1716 1333 ᾡτινιοῦν

117 1349 234 1401 τῶν
279 1349 536 1404 ἀπάντων
578 1352 823 1404 ἐναντίαν
861 1348 1002 1406 εἶναι
1050 1356 1113 1424 τῇ
1163 1355 1319 1426 οὐσίᾳ
1371 1355 1504 1423 (29),
1550 1356 1715 1408 πάλαι

119 1441 432 1512 διωμολογη
443 1441 604 1512 μένου
632 1445 724 1497 καὶ
759 1445 910 1516 παρά
930 1448 1044 1508 τοῖς
1075 1445 1179 1508 ἔξω
1211 1449 1390 1514 σοφοῖς
1417 1445 1554 1510 (οὐς,
1588 1448 1716 1501 ὅταν

123 1534 200 1606 μὴ
235 1533 472 1606 εὕρωσιν
525 1531 668 1590 οὗτοι
730 1538 1264 1607 συναγωνιζομένους
1318 1543 1440 1601 ταῖς
1477 1539 1718 1612 βλασφη-

124 1626 284 1695 μίαις
339 1628 547 1693 αὐτῶν,
606 1629 682 1692 ὡς
727 1630 939 1693 οὐδενὸς
991 1631 1176 1694 ἀξίους
1210 1631 1714 1702 παραλογίζονται),

121 1721 408 1792 ἀμήχανον
457 1721 722 1794 ὑπάρχειν
763 1723 820 1774 ἐν
867 1723 1023 1794 οὐσίᾳ
1064 1725 1162 1796 τὴν
1195 1725 1532 1780 ἐναντίωσιν.
1581 1727 1642 1778 ΕΞ
1673 1727 1716 1778 δ’

1821 534 1994 576 metro
2017 524 2206 577 horum
2232 523 2487 578 distantia
2510 534 2610 578 est.
2637 525 2740 579 Eos
2773 525 2958 594 igitur,
2977 526 3068 594 qui
3092 527 3332 595 genitum
3355 539 3404 580 et

1822 615 2113 684 ingenitum
2140 615 2492 668 substantiam
2529 615 2735 680 dicunt,
2756 616 2868 670 haec
2895 626 2948 668 et
2981 616 3158 670 adhuc
3187 617 3270 672 his
3299 617 3404 684 plu-

1823 722 1909 760 res
1943 707 2154 773 ineptiae
2176 718 2487 776 sequentur.
2518 707 2648 760 Nam
2677 706 3009 760 contrarium
3039 721 3106 761 ex
3134 712 3406 762 contrario

1821 799 2054 866 genitum
2081 800 2372 868 erit,atqne
2400 813 2496 866 pro
2530 799 2760 853 naturali
2786 799 3184 868 conjunctione.
3223 815 3402 854 neces-

1823 890 1963 943 saria
1997 892 2241 960 quaedam
2283 891 2476 944 seditio
2519 893 2682 945 etiam
2720 893 3016 946 secundum
3067 892 3238 961 ipsam
3281 893 3405 946 sub-

1823 983 2078 1036 stantiam
2114 982 2246 1051 ipsis
2269 983 2450 1036 inerit.
2491 981 2604 1036 Hoc
2630 991 2811 1036 autem
2837 983 3097 1052 majorem
3137 983 3408 1038 inscitiam

1824 1091 1984 1140 quam
2005 1075 2334 1145 impietatem
2361 1090 2474 1144 prae
2501 1089 2560 1129 se
2593 1074 2716 1138 fert,
2747 1076 2790 1130 si
2826 1077 2948 1144 quis
2977 1077 3128 1130 dicat
3151 1078 3404 1132 substan-

1826 1169 1953 1222 tiam
2009 1185 2106 1239 per
2153 1169 2510 1222 substantiam
2562 1167 2736 1220 cuivis
2769 1171 3013 1222 omnium
3063 1183 3246 1223 rerum
3288 1183 3414 1224 esse

1824 1263 2170 1323 contrariam,
2197 1276 2319 1314 cum
2342 1259 2454 1328 jam
2481 1260 2613 1314 olim
2649 1274 2738 1313 res
2764 1259 3012 1314 confessa
3047 1261 3118 1314 sit
3145 1261 3232 1314 vel
3269 1261 3412 1329 apud

1823 1361 2080 1406 externos
2109 1351 2384 1421 sapientes
2412 1355 2574 1421 (quos
2599 1367 2722 1406 cum
2759 1365 2864 1404 non
2892 1351 3203 1406 invenerint
3232 1351 3288 1406 hi
3314 1367 3412 1421 pro

1824 1443 1938 1496 suis
1968 1441 2317 1511 blasphemiis
2357 1442 2701 1496 decertantes
2724 1481 2740 1506 ,
2773 1451 2832 1494 ut
2861 1441 3060 1496 nullius
3107 1444 3266 1512 pretii
3317 1445 3414 1497 lio-

1825 1535 1997 1589 mines
2019 1535 2370 1606 despiciunt),
2407 1533 2524 1588 ﬁeri
2569 1549 2674 1587 non
2705 1549 2885 1602 posse,
2915 1541 2974 1588 ut
3017 1535 3072 1588 in
3108 1536 3411 1590 substantia

1825 1627 1894 1680 sit
1930 1629 2312 1682 contrarietas.
2341 1627 2494 1692 Quod
2534 1626 2578 1680 si
2608 1626 2903 1694 quispiam,
2932 1626 2986 1680 id
3029 1627 3174 1696 quod
3223 1643 3412 1682 verum

1824 1727 1927 1782 est,
1965 1717 2206 1786 genitum
2257 1727 2312 1772 et
2351 1717 2652 1786 ingenitum
2683 1715 2800 1770 vult
2845 1732 2969 1772 esse
3007 1717 3218 1773 indices
3247 1735 3414 1786 quas-

119 1813 262 1884 ὅπερ
295 1813 444 1866 ἐστὶν
475 1813 692 1884 ἀληθὲς,
729 1815 1096 1884 γνωριστικάς
1125 1833 1277 1879 τινας
1302 1816 1572 1886 ἰδιότητας
1600 1819 1709 1870 ἐπι-

1835 1809 1937 1861 lam
1981 1810 2366 1878 proprietates,
2397 1823 2517 1878 qua:
2549 1807 2602 1861 in
2635 1806 2938 1862 substantia
2970 1809 3412 1874 considerentur,

119 1903 505 1974 θεωρουμένας
535 1906 600 1974 τῇ
628 1904 785 1974 οὐσίᾳ
814 1905 1022 1975 δέχοιτὸ
1057 1925 1140 1968 τις
1182 1902 1320 1960 εἶναι
1353 1907 1413 1960 τὸ
1457 1911 1716 1980 γεννητὸν

117 1996 302 2048 καὶτὸ
330 1997 644 2066 ἀγέννητον,
690 1997 826 2068 πρὸς
867 1998 968 2069 τὴν
1017 1999 1224 2069 τρανὴν
1261 2001 1356 2053 καὶ
1407 2001 1716 2072 ἀσύγχυτον

121 2087 341 2157 Πατρὸς
371 2087 466 2139 καὶ
499 2087 628 2140 Υίοῦ
667 2089 1114 2158 χειραγωγούσας
1141 2089 1371 2156 ἔννοιαν,
1405 2093 1498 2145 τόν
1529 2111 1588 2145 τε
1616 2094 1716 2164 τῆς

118 2178 380 2240 ἀσεϐείας
410 2178 758 2247 διαφεύξεται
789 2181 1052 2244 κίνδυνον,
1087 2181 1179 2234 καὶ
1205 2182 1267 2234 τὸ
1301 2185 1360 2235 ἐν
1403 2186 1515 2246 τοῖς
1573 2185 1717 2254 λογι-

123 2273 284 2340 σμοῖς
321 2271 613 2325 ἀκόλουθον
679 2272 958 2328 διασώσει.
995 2276 1060 2326 Δί
1117 2275 1226 2345 γάρ
1279 2293 1361 2328 τοι
1419 2275 1714 2348 ἰδιότητες,

119 2365 286 2418 οἰονεὶ
316 2366 666 2438 χαρακτῆρές
695 2367 807 2435 (50)
840 2385 986 2430 τινες
1015 2367 1108 2420 καὶ
1148 2370 1350 2440 μορφαὶ
1381 2369 1715 2442 ἐπιθεωρούρ

122 2474 285 2525 μεναι
313 2459 380 2528 τῇ
411 2457 586 2528 οὐσίᾳ,
632 2458 905 2529 διαιροῦσι
943 2460 1042 2530 μὲν
1091 2457 1152 2512 τὺ
1187 2461 1364 2514 κοινὸν
1411 2465 1523 2524 τοῖς
1581 2463 1716 2516 ἰδιά-

119 2547 277 2610 ζουσι
313 2548 679 2620 χαρακτῆρσιδ
709 2549 767 2602 1:0
796 2551 851 2603 δὲ
894 2552 1129 2621 ὁμοφυὲς
1165 2551 1264 2622 τῆς
1291 2553 1478 2615 οὐσίας
1511 2554 1572 2605 οὐ
1601 2555 1716 2606 δια-

117 2640 436 2694 κόπτουσιν.
475 2635 621 2704 Οἶον,
653 2642 805 2714 κοινὴ
846 2642 946 2712 μὲν
986 2644 1101 2713 (51)
1127 2646 1161 2714 ἡ
1203 2643 1417 2714 θεότης,
1449 2645 1715 2716 ἰδιώματα

113 2731 176 2783 δέ
226 2747 356 2784 τινα
390 2733 668 2806 πατρότης
699 2733 794 2786 καὶ
845 2734 1034 2804 υἰότης
1058 2748 1072 2759 ·
1106 2735 1171 2786 ἐκ
1221 2735 1278 2787 δὲ
1325 2736 1423 2806 τῆς
1455 2737 1713 2808 ἐκατέρου

119 2823 467 2894 συμπλοκῆς,
495 2825 591 2878 τοῦ
623 2843 683 2878 τε
715 2826 896 2879 κοινοῦ
921 2827 1016 2880 καὶ
1045 2827 1140 2881 τοῦ
1173 2828 1322 2893 ἰδίου,
1349 2831 1381 2900 ἡ
1413 2829 1715 2899 κατάληψις

117 2915 256 2982 ἡμῖν
288 2913 390 2982 τῆς
419 2913 678 2983 ἀληθείας
717 2916 1030 2984 ἐγγίνεται·
1076 2915 1240 2978 ὥστε,
1281 2917 1576 2988 ἀγέννητον
1617 2917 1716 2988 μὲν

119 3003 242 3072 φῶς
266 3005 628 3069 ἀκούσαντας,
659 3007 750 3059 τὸν
785 3008 1005 3079 Πατέρα
1036 3012 1199 3076 νοεῖν,
1221 3010 1480 3080 γεννητὸν
1505 3009 1561 3062 δὲ
1578 3009 1712 3078 φῶς,

115 3097 220 3168 τὴν
252 3096 350 3150 τοῦ
385 3097 516 3150 Υίοῦ
561 3099 858 3168 λαμϐάνειν
889 3100 1126 3154 ἔννοιαψ
1158 3101 1294 3154 καθὸ
1347 3103 1444 3172 μὲν
1481 3101 1594 3170 φῶς
1625 3103 1716 3154 καὶ

117 3189 260 3258 φῶς,
289 3190 544 3266 οὐδεμιᾶς
594 3193 652 3244 ἐν
697 3193 880 3256 αὐτοῖς
925 3193 1299 3265 ἐναντιότητος
1325 3193 1709 3265 ὑπαρχούσης,
1745 3165 1788 3224 C

115 3282 258 3336 καθὸ
286 3281 346 3335 δὲ
367 3283 622 3354 γεννητὸν
651 3285 744 3337 καὶ
773 3285 1088 3356 ἀγέννητον,
1111 3285 1586 3356 ἐπιθεωρουμένης
1614 3287 1715 3356 τῆς

117 3374 475 3438 ἀντιθέσεως.
506 3375 656 3446 Αὕτη
687 3375 794 3448 γὰρ
817 3377 924 3430 τῶν
951 3377 1258 3448 ἰδιωμάτων
1285 3380 1318 3449 ἡ
1343 3378 1526 3447 φύσις,
1564 3380 1621 3432 ἐν
1645 3381 1712 3450 τῇ

114 3467 222 3536 τῆς
247 3467 436 3530 οὐσίας
462 3468 748 3540 ταυτότητι
785 3469 1056 3523 δεικνύναι
1097 3470 1195 3542 τὴν
1223 3471 1519 3542 ἑτερότητα
1557 3471 1669 3541 (52)
1695 3490 1707 3502 ο

114 3561 214 3612 καὶ
237 3559 379 3612 αὐτά
398 3561 496 3631 μὲν
514 3562 647 3630 πρὸς
664 3560 866 3631 ἄλληλα
879 3561 1206 3632 ἀντιδιαιρού
1216 3579 1350 3632 μενα
1372 3562 1630 3626 πολλάκις
1645 3562 1714 3616 τὰ

120 3651 420 3720 ἰδιώματα,
441 3652 576 3721 πρὸς
593 3653 653 3705 τὸ
673 3652 914 3704 ἐναντίον
934 3653 1260 3715 διίστασθαι,
1277 3655 1375 3723 τήν
1389 3669 1450 3721 γε
1471 3653 1567 3723 μὲν
1595 3652 1711 3704 ἐνὸ-

115 3759 262 3813 τητα
281 3745 377 3812 τῆς
409 3744 595 3806 οὐσίας
627 3745 701 3816 μὴ
733 3745 986 3797 διασπᾶν·
1007 3744 1082 3806 ὡς
1104 3744 1164 3796 τὸ
1191 3744 1394 3815 πτηνὸν
1417 3744 1511 3796 καὶ
1533 3744 1592 3796 τὸ
1612 3761 1714 3796 πε-

127 3835 238 3899 ζὸν,
261 3835 358 3887 καὶ
375 3835 434 3887 τὸ
445 3835 661 3905 ἔνυδρον
673 3838 768 3888 καὶ
791 3837 852 3888 1:0
881 3839 1154 3907 χερσαῖον,
1174 3836 1266 3888 καὶ
1285 3836 1345 3888 τὸ
1375 3835 1590 3904 λογικὸν
1620 3837 1715 3888 καὶ

115 3929 180 3980 τὸ
217 3927 412 3994 ἄλογον
461 3928 605 3991 Μιᾶς
637 3929 746 3998 γὰρ
778 3929 965 3992 οὐσίας
991 3931 1103 3990 τοῖς
1131 3929 1296 3980 πᾶσιν
1321 3927 1710 3998 ὑποκειμένης,

116 4017 188 4070 τὰ
229 4017 498 4088 ἰδιώματα
527 4017 699 4071 ταῦτα
731 4019 830 4072 οὐκ
867 4017 1136 4090 ἀλλοτριοῖ
1178 4018 1280 4088 τὴν
1325 4017 1547 4082 οὐσίαν,
1589 4018 1712 4070 οὐδέ

119 4109 295 4161 οἱονεὶ
349 4107 730 4171 συστασιάζειν
786 4111 998 4171 ἑαυτοῖς
1051 4107 1371 4161 ἀναπείθει·
1424 4110 1492 4178 τῇ
1557 4108 1712 4177 ἐνερ-

119 4201 252 4272 γείᾳ
283 4201 396 4270 (55)
443 4200 500 4252 δὲ
532 4200 640 4253 τῶν
685 4201 1101 4272 γνωρισμάτων,
1147 4200 1334 4272 ὥσπερ
1362 4217 1415 4253 τι
1453 4201 1571 4270 φῶς
1591 4205 1714 4264 ταῖς

117 4293 330 4363 ψυχαῖς
358 4291 515 4363 ἡμῶν
553 4293 846 4358 ἐντιθέντα,
879 4293 1018 4364 πρὸς
1046 4293 1144 4363 τὴν
1175 4292 1401 4364 ἐφικτὴν
1438 4295 1558 4355 ταῖς
1593 4293 1714 4346 δια-

119 4383 301 4448 νοίαις
357 4384 572 4438 σύνεσιν
610 4386 813 4458 ὁδηγεῖ.
857 4385 995 4438 Ἀλλ’
1024 4379 1200 4448 οὗτος,
1248 4385 1350 4455 τὴν
1408 4384 1517 4438 τῶν
1566 4384 1712 4437 ἰδιω-

123 4477 320 4547 μάτων
369 4476 643 4531 ἀντίθεσιν
709 4477 848 4547 πρὸς
892 4477 990 4548 τὴν
1050 4476 1238 4530 οὐσίαν
1294 4475 1667 4548 μετακομίσας
1696 4515 1710 4540 ,

119 4566 380 4621 ἐντεῦθεν
433 4570 531 4639 τὴν
579 4570 832 4640 ἀφορμὴν
895 4569 994 4639 τῆς
1059 4569 1313 4632 ἀσεϐείας
1383 4569 1712 4637 ἐφέλκεται,

119 4660 320 4731 ὥσπερ
341 4662 536 4725 παῖδας
571 4663 716 4732 ἡμᾶς
761 4661 1260 4733 μορμολυττόμενος
1295 4663 1406 4725 τοῖς
1446 4661 1716 4731 σοφίσμα-

197 5023 483 5096 (27)Ῠ,Ει1ἰίιί
512 5023 634 5079 οὐδὲ
665 5025 936 5080 ἀνάπαλιν
967 5025 1048 5079 τό.
1102 5025 1327 5080 Veteres
1359 5025 1604 5094 quinque
1641 5023 1711 5076 li-

117 5093 218 5151 bri'
237 5093 360 5147 οὐδὲ
393 5095 498 5166 μὴν
534 5096 616 5149 τό.

199 5186 313 5258 (28)
345 5186 527 5258 Codex
561 5188 713 5242 Colb.
745 5197 796 5241 et
829 5189 958 5242 editi
991 5187 1131 5241 κατὰ
1160 5205 1368 5258 ταυτην
1415 5191 1541 5258 τήν.
1601 5186 1706 5258 Alii

119 5256 234 5330 duo
259 5271 388 5330 mss.
414 5256 564 5330 Regii
591 5261 710 5330 κατ’
740 5259 910 5330 αὐτὴν
939 5259 1061 5330 τήν.
1089 5256 1383 5330 Aliquanto
1420 5256 1542 5325 pust
1571 5257 1706 5310 editi

117 5325 290 5379 τοῦτο
316 5327 374 5380 δὲ
423 5325 518 5382 καῖ
553 5328 742 5382 πλείω.
781 5325 1121 5385 νοὸυιιι’καί
1162 5325 1218 5383 in
1277 5331 1519 5398 quinque
1577 5341 1708 5380 mss.

118 5399 316 5539 deﬁgi)
337 5465 494 5532 Illud,
517 5468 594 5538 τῇ
605 5470 804 5536 οὐσίᾳ,
823 5469 1018 5540 legitur
1040 5469 1254 5540 quidem
1283 5470 1337 5522 in
1359 5470 1566 5540 duobus
1588 5481 1715 5520 mss.

119 5537 356 5608 perinde
387 5537 622 5605 atquein
659 5537 926 5609 vulgatis:
962 5537 1132 5594 sed’in
1166 5539 1288 5593 aliis
1313 5537 1597 5593 codicibus
1626 5543 1718 5590 aut

121 5610 280 5664 deest
314 5611 558 5677 omnino,
583 5612 934 5665 autadditum
960 5619 1044 5664 est
1083 5610 1316 5664 secunda
1351 5622 1532 5662 manu.

197 5685 564 5776 (3Q)_Antiqui
615 5713 726 5758 tres
783 5702 902 5776 libri
966 5701 1128 5756 οἱονεὶ
1167 5699 1538 5776 χαρακτῆρες.
1595 5698 1710 5756 Vox

121 5772 292 5842 οἱονεί
320 5773 372 5828 ίιι
403 5775 566 5830 editis
603 5775 1036 5832 desiderabatur.

1818 1915 2045 1970 qumque
2069 1902 2138 1954 ad
2167 1900 2372 1954 claram
2407 1915 2471 1954 ac
2501 1900 2840 1954 inconfusam
2875 1901 3057 1956 Patris
3083 1911 3139 1956 et
3163 1901 3288 1956 Filii
3313 1917 3414 1957 no-

1819 1995 2018 2048 tionem
2049 1995 2202 2060 quasi
2234 2009 2394 2047 manu
2425 1994 2646 2056 ducant,
2685 1993 2728 2048 is
2773 2001 2828 2048 et
2852 1993 3146 2062 impietatis
3192 1997 3409 2064 pericu-

1819 2087 1927 2140 lum
1967 2085 2206 2155 ellugiet,
2235 2096 2289 2140 et
2319 2086 2748 2140 ratiocinationis
2769 2089 3208 2143 consecutionem
3241 2090 3414 2142 tuebi-

1819 2190 1922 2232 tur.
1955 2177 2088 2234 Nam
2143 2179 2533 2247 praprietates,
2569 2196 2687 2249 quae
2731 2181 2898 2236 veluti
2933 2182 3152 2250 quidam
3213 2181 3411 2235 chara—

1818 2283 1994 2325 cteres
2039 2285 2105 2324 ac
2156 2269 2348 2324 formae
2394 2269 2448 2323 in
2498 2271 2803 2326 substantia
2858 2272 3292 2336 considerantur,
3357 2272 3412 2326 id

1818 2362 1957 2430 quod
1989 2375 2278 2416 commune
2297 2368 2384 2416 est
2413 2361 2754 2430 distinguunt
2773 2363 2993 2432 quidem
3025 2363 3262 2432 propriis
3287 2363 3414 2417 cha-

1821 2453 2118 2508 racteribus
2157 2469 2172 2504 :
2209 2462 2266 2505 at
2304 2453 2627 2508 substantia:
2657 2455 3104 2509 communitatem
3139 2469 3246 2508 non
3282 2455 3415 2509 diri-

1819 2555 1991 2597 munt.
2043 2544 2290 2614 Exempli
2334 2560 2535 2609 causa,
2571 2547 2744 2602 deitas
2779 2547 3088 2602 communis
3113 2559 3220 2616 est,
3284 2561 3413 2614 pro-

1817 2639 2076 2706 prietates
2110 2653 2238 2692 vero
2271 2647 2398 2692 sunt
2447 2641 2750 2708 paternitas
2773 2649 2828 2693 et
2857 2639 3068 2692 tiliatio.
3101 2640 3182 2692 Ex
3213 2642 3416 2694 utrius-

1818 2744 1922 2797 que
1943 2737 2122 2783 autem
2149 2729 2456 2798 complexu,
2499 2739 2611 2784 tum
2657 2731 2986 2794 communis,
3033 2739 3144 2784 tum
3181 2732 3411 2800 praprii,

1817 2818 2120 2873 innascitur
2169 2821 2325 2874 nobis
2383 2823 2800 2890 comprehensio
2851 2822 3117 2874 veritatis.
3178 2821 3415 2875 Proinde

1811 2897 1940 2964 cum
1993 2911 2291 2980 ingenitam
2337 2911 2515 2966 lucem
2563 2913 2848 2979 audimus,
2889 2911 3107 2967 Patrem
3155 2913 3414 2983 intelligi-

1819 3020 1942 3059 mus
1969 3020 1984 3057 :
2011 3020 2134 3056 cum
2167 3019 2298 3059 vero
2335 3005 2570 3074 genitam
2604 3005 2800 3069 lucem,
2837 3003 2957 3058 Filii
2990 3004 3288 3074 accipimus
3316 3021 3416 3058 no-

1824 3098 2046 3151 tionem.
2075 3095 2211 3150 Nam
2239 3105 2507 3165 quatenus
2543 3097 2758 3165 quidem
2789 3095 2878 3150 lux
2904 3103 2958 3150 et
2982 3095 3070 3148 lux
3098 3107 3244 3161 sunt,
3269 3095 3413 3148 nulla

1822 3199 1906 3244 est
1940 3191 1992 3242 in
2019 3190 2099 3248 eis
2127 3189 2486 3245 contrarietas
2509 3205 2524 3240 :
2545 3199 2810 3256 quatenus
2832 3203 2962 3243 vero
2987 3187 3226 3258 genitum
3255 3199 3312 3242 et
3333 3190 3416 3240 in-

1821 3284 2089 3355 genitum,
2125 3292 2348 3352 apparet
2374 3283 2662 3350 oppositio.
2704 3280 2832 3335 Haec
2884 3290 2967 3335 est
3003 3281 3147 3334 enim
3177 3280 3417 3350 proprie-

1823 3387 1993 3430 tatum
2025 3387 2240 3440 natura,
2269 3383 2326 3427 ut
2359 3375 2412 3426 in
2446 3373 2762 3426 substantia:
2791 3373 3072 3426 identitate
3100 3373 3242 3425 aliud
3261 3373 3418 3439 quid-

1821 3469 1945 3522 dant
1971 3469 2283 3532 ostendant,
2303 3475 2470 3535 utque
2493 3467 2621 3535 ipsa:
2643 3468 2860 3533 quidem
2891 3465 3253 3535 proprietates
3277 3475 3413 3530 tum,

1823 3577 1944 3614 ctnn
1975 3573 2116 3628 saepe
2147 3559 2288 3612 inter
2317 3571 2376 3612 se
2417 3571 2484 3609 ex
2533 3555 2762 3609 adverso
2791 3555 3133 3620 dividuntur,
3172 3557 3240 3608 ad
3282 3569 3416 3610 con-

1825 3654 2050 3705 trarium
2093 3649 2409 3711 discedant,
2442 3662 2541 3700 nec
2573 3655 2752 3700 tamen
2796 3645 3110 3700 substantia:
3149 3647 3413 3698 unitatem

1822 3744 2078 3798 direllant
2105 3758 2119 3794 :
2141 3742 2282 3810 quod
2309 3755 2478 3810 genus
2499 3751 2623 3794 sunt
2643 3739 2858 3792 volatile
2878 3747 2930 3792 et
2955 3737 3224 3807 pedestre,
3245 3753 3416 3807 aqua-

1825 3836 1912 3888 tile
1943 3845 1998 3886 et
2035 3843 2305 3895 terrestre,
2345 3831 2608 3883 rationale
2652 3838 2702 3883 el
2736 3830 3068 3882 irrationale.
3107 3827 3242 3882 Cum
3267 3833 3412 3882 enim

1821 3926 2121 3983 substantia
2165 3941 2266 3978 una
2311 3923 2562 3978 omnibus
2602 3919 2840 3988 snbjecta
2888 3925 2996 3986 sit,
3043 3921 3124 3974 Ine
3169 3923 3416 3990 proprie—

1825 4031 1959 4074 tates
1985 4019 2348 4072 substantiam
2383 4031 2486 4069 non
2515 4015 2720 4069 faciunt
2745 4015 3034 4078 diversam,
3055 4029 3228 4082 neque
3255 4015 3412 4083 quasi

1821 4112 1885 4165 ad
1921 4122 2102 4166 mutua
2136 4110 2356 4164 dissidia
2389 4108 2650 4161 inducunt
2679 4123 2694 4160 :
2723 4107 2817 4161 sed
2849 4106 3169 4160 indiciorum
3195 4108 3246 4160 vi
3271 4108 3416 4161 velut

1824 4209 1996 4260 lurem
2029 4206 2320 4274 quamdam
2366 4204 2566 4260 nostris
2625 4204 2819 4256 animis
2863 4203 3191 4272 ingerentes,
3227 4204 3294 4257 ad
3325 4203 3412 4257 iu-

1825 4301 2174 4370 tclligenliam
2225 4313 2388 4367 quam
2425 4311 2577 4350 mens
2628 4299 2843 4364 assequi
2891 4297 3062 4365 possit
3115 4296 3412 4350 deducunt.

1822 4392 1921 4445 llic
1952 4400 2128 4444 autem
2157 4388 2544 4456 proprietatum
2568 4386 2906 4454 oppositione
2933 4384 3002 4438 ad
3035 4383 3398 4438 substantiam

1825 4482 2104 4542 translata,
2133 4481 2260 4534 hinc
2289 4477 2585 4546 impietatis
2613 4491 2800 4528 ansam
2823 4476 3020 4545 carpit,
3053 4489 3152 4529 nos
3181 4473 3412 4528 Cavilla-

1825 4578 2031 4630 tionutn
2086 4573 2238 4642 quasi
2296 4570 2460 4624 larvis
2511 4577 2827 4636 perterrens
2875 4577 3130 4633 tanquam
3169 4579 3410 4634 pueros;

1825 4669 1968 4738 quod
1995 4667 2040 4722 si
2069 4665 2214 4719 aliud
2235 4663 2364 4732 quid
2409 4661 2570 4716 fuerit
2611 4661 2700 4714 lux
2731 4669 2926 4728 printer
2959 4659 3281 4728 ingenitum,
3313 4671 3412 4710 ne-

1889 5021 2001 5092 (51)
2031 5019 2164 5088 Reg.
2199 5016 2390 5071 tertius
2429 5013 2608 5069 κοινὸν
2629 5011 2752 5085 μέν,
2785 5013 3088 5080 εειιαίὶίμιία
3119 5029 3409 5067 commune.

1886 5111 2000 5182 ('52)
2033 5109 2429 5182 Trapezunlius
2457 5105 2996 5182 vocemhétepornm
3035 5104 3106 5156 ita
3153 5103 3410 5182 reddidit,

1814 5175 2226 5239 distinctionem.
2262 5179 2584 5236 Cornarius,
2622 5179 2976 5229 diversitatem
3007 5191 3024 5226 :
3063 5175 3202 5239 quod
3252 5176 3413 5225 abso-

1817 5271 1943 5308 nnm
1985 5265 2126 5313 esse,
2161 5249 2243 5302 vel
2275 5263 2341 5302 ex
2379 5247 2605 5300 auribus
2629 5246 2764 5300 disci
2797 5255 2995 5314 potest.
3031 5243 3260 5296 Penuria
3301 5245 3408 5293 lin-

1815 5341 1932 5396 gnte
1963 5322 2172 5374 Latinae
2207 5319 2357 5380 facit,
2391 5327 2448 5370 ut
2484 5331 2546 5370 ea
2581 5333 2683 5372 vox
2712 5317 2946 5386 exprimi
2975 5315 3063 5368 vix
3110 5315 3299 5381 possit.

1895 5417 2007 5482 (5'5)
2048 5413 2180 5482 Reg.
2217 5410 2490 5482 secundus
2540 5413 2606 5480 τῇ
2634 5408 2914 5482 ἐναργείᾳ,
2962 5407 3239 5482 evidentia
3271 5405 3413 5482 indi:

1819 5475 2042 5541 ciarum.
2085 5475 2190 5535 Aiii
2231 5481 2470 5548 quinque
2527 5475 2657 5533 mss.
2687 5475 2746 5533 et
2770 5475 2897 5532 editi
2933 5481 2999 5548 τῇ
3029 5475 3308 5548 ἐνεργείᾳ,
3361 5475 3410 5527 ri

1815 5570 1971 5624 atque
2001 5547 2609 5624 eﬂicacia’indiciornm.
2641 5550 2827 5624 Lectio
2864 5547 3094 5616 utraque
3129 5547 3412 5624 invenitur

1815 5618 2052 5694 iu'lieg."
2075 5625 2256 5684 tertio,
2294 5619 2374 5673 sic
2409 5629 2466 5670 ut
2498 5620 2708 5694 legatur
2740 5621 2928 5694 prima
2962 5633 3122 5694 manu
3152 5618 3216 5694 τῇ
3253 5618 3406 5694 ἐνερη

1812 5697 1956 5764 γείᾳ,
1986 5687 2246 5764 secunda
2287 5703 2414 5742 vero
2463 5692 2528 5759 τῇ
2565 5689 2848 5764 ἐναργείᾳ.
2889 5689 3005 5764 ΙΙοο
3035 5689 3149 5755 ipso
3183 5689 3238 5740 in
3287 5687 3407 5743 loco

1812 5753 1954 5822 ἐώίῖ
1975 5759 2086 5818 οἷόν
2120 5781 2195 5820 τι.
2226 5763 2294 5817 At
2325 5773 2452 5816 mss.
2482 5753 2727 5830 plerique
2757 5753 2944 5817 omnes
2973 5753 3163 5828 ὥσπερ
3187 5773 3259 5810 τι.
