3822 6216
403 332 513 387 6'59

1728 320 1790 379 Β.
1825 321 1979 377 BASI
1989 320 2077 376 ιιι
2118 315 2337 373 MAGNI

3590 307 3696 359 διο

405 441 644 499 ecssarlo
673 439 817 495 Deus
864 437 1202 509 compositus
1246 449 1370 491 esss
1411 435 1568 491 nobis
1597 434 1994 491 demonstrabi-

2179 446 2222 480 ρο
2252 429 2357 491 ὅτι,
2384 428 2543 497 είπερ
2568 426 2752 497 ἔτερόν
2778 443 2840 480 τε
2864 423 2952 496 εἴη
2976 423 3038 478 τὸ
3062 423 3177 492 φῶς
3201 421 3352 492 παρὰ
3374 421 3435 474 τὸ
3462 421 3696 490 ἀγέννη-

406 547 517 591 tur.

471 709 563 766 29.
600 709 713 779 Ego
746 720 881 763 vero
906 708 1038 777 quid
1063 706 1185 760 dico
1211 705 1236 759 ἳ
1261 704 1528 759 Nimirum
1560 705 1662 757 nisi
1695 703 1841 756 aliud
1864 703 1994 772 quid

405 811 604 873 prater
633 799 933 870 ingenitum
955 798 1120 852 fuerit
1150 797 1264 861 lus,
1299 811 1422 851 eam
1456 797 1523 850 de
1549 793 1686 849 Filio
1713 794 1998 860 praedicari

407 912 513 951 non
544 910 727 961 posse,
759 894 904 948 sicut
943 908 1047 948 nec
1091 893 1266 962 ipsum
1315 891 1639 962 ingenitum.
1669 890 1806 944 llinc
1831 890 1997 943 etiam

404 989 586 1060 quivis
619 986 869 1041 didicerit
903 1001 1088 1039 eorum
1116 1000 1238 1054 qua:
1262 984 1347 1039 his
1376 984 1596 1038 vocibus
1623 981 2001 1050 signiﬁcantur

404 1081 799 1137 diversitatem.
844 1079 1052 1133 Dicitur
1080 1076 1221 1132 Deus
1241 1076 1415 1131 lucem
1452 1076 1702 1130 habitare
1720 1075 1791 1140 ",
1828 1089 1893 1128 ac
1917 1072 1997 1125 lu-

405 1188 521 1228 cem
558 1172 706 1226 indui
727 1173 797 1229 ".
828 1170 1023 1225 Verum
1043 1184 1306 1238 nusquam
1327 1168 1461 1223 dicit
1482 1167 1784 1237 Scriptura,
1824 1167 1997 1236 ipsum

406 1266 459 1321 in
496 1280 589 1319 sua
625 1263 976 1334 generatione
1010 1262 1353 1325 inhabitare,
1395 1269 1485 1313 aut
1530 1275 1650 1313 eam
1696 1258 2000 1312 forinsecus

406 1356 510 1411 sibi
541 1355 932 1412 circumdatam
959 1353 1123 1424 366
1146 1353 1346 1407 habere
1364 1353 1717 1423 (caeteroqnin
1740 1351 1857 1407 haec
1887 1353 2000 1405 risu

408 1445 570 1515 digna
622 1443 770 1515 sunt)
807 1460 823 1499 :
854 1447 1094 1513 genitum
1125 1453 1308 1497 autem
1361 1453 1416 1497 et
1465 1444 1764 1514 ingenitum
1797 1443 2003 1498 indices

409 1538 656 1604 quadam
689 1534 1051 1604 proprietates
1078 1544 1224 1587 sunt.
1253 1532 1465 1587 Etenim
1494 1535 1537 1588 si
1562 1533 1696 1588 nihil
1723 1543 1868 1589 esset
1895 1547 2003 1603 quo

408 1626 717 1681 substantia
747 1625 1143 1695 designaretur.
1185 1625 1332 1680 nullo
1365 1626 1551 1695 utique
1591 1626 1752 1680 modo
1802 1627 1869 1680 ad
1906 1640 2003 1679 no-

412 1725 585 1771 stram
617 1714 1028 1785 intelligentiam
1062 1715 1392 1783 perveniret.
1429 1713 1564 1768 Nam
1611 1729 1732 1768 cum
1778 1728 1885 1767 una
1933 1714 2003 1766 sit

406 1805 602 1872 deitas,
640 1804 757 1860 ﬁeri
794 1820 901 1859 non
936 1816 1118 1875 petest
1144 1816 1202 1859 nt
1231 1805 1506 1875 propriam
1538 1804 1718 1860 Patris
1752 1815 1848 1859 aut
1872 1804 1995 1859 Filii

407 1899 683 1954 notionem
708 1914 1086 1968 assequamur.
1122 1900 1225 1952 nisi
1255 1898 1451 1953 mentis
1486 1898 1721 1967 cogitata
1755 1898 1999 1967 proprie-

410 2001 581 2045 tatum
613 1991 928 2047 accessione
961 1991 1384 2061 distinguantur.
1399 1988 1669 2046 Caeterum
1694 1989 1896 2045 dicenti
1924 1992 1996 2057 ei,

409 2088 548 2151 fore,
580 2095 639 2139 nt
669 2083 813 2139 Deus
841 2084 1176 2154 compositus
1208 2084 1610 2138 demonstretur
1637 2083 1737 2137 nisi
1771 2097 1872 2152 pro
1899 2099 1995 2138 eo-

413 2178 537 2231 dem
579 2175 670 2231 lux
717 2184 884 2244 atque
931 2174 1232 2246 ingenitum
1264 2175 1624 2243 accipiantur,
1656 2174 1785 2229 illuo
1818 2175 1999 2231 dicere

410 2282 721 2338 possumus,
753 2266 896 2336 quod
942 2268 986 2320 si
1027 2267 1330 2335 ingenitum
1378 2278 1635 2334 tanquam
1682 2265 2000 2320 substantiae

410 2369 618 2430 partem
637 2361 1029 2430 acciperemus,
1056 2359 1280 2413 haberet
1302 2358 1482 2412 locum
1509 2371 1570 2412 ea
1597 2358 1756 2420 ratio.
1784 2374 1886 2426 qua
1919 2359 2000 2411 di-

410 2451 556 2506 citur
595 2450 955 2518 compositum
989 2463 1110 2503 esse
1141 2448 1282 2517 quod
1318 2462 1384 2501 ex
1418 2446 1649 2501 diversis
1671 2455 1901 2501 constat.
1942 2448 1997 2501 Si

411 2557 542 2598 vero
570 2541 664 2595 Dei
692 2541 1052 2597 substantiam
1087 2540 1262 2595 lucem
1291 2555 1412 2595 esse
1444 2540 1756 2604 statuimus,
1789 2553 1883 2595 aut
1921 2541 2001 2593 vi-

412 2644 547 2699 tam,
587 2643 679 2687 aut
705 2632 930 2698 bonum,
967 2632 1103 2686 adeo
1136 2642 1192 2686 ut
1226 2632 1366 2686 Deus
1396 2642 1560 2697 totus,
1593 2631 1852 2702 quidquid
1885 2642 1990 2694 est,

409 2725 518 2778 vita
547 2723 640 2788 sit,
671 2733 728 2779 et
751 2731 897 2780 totus
921 2722 1033 2788 lux,
1069 2734 1123 2778 et
1159 2732 1300 2778 totns
1335 2723 1559 2788 bonum,
1588 2724 1633 2777 si
1677 2723 1861 2778 itidem
1892 2726 1998 2778 vita

415 2816 718 2885 ingenitum
746 2815 848 2871 sibi
874 2816 1190 2886 adiunctum
1237 2815 1435 2881 habet;
1462 2815 1554 2884 qui
1596 2814 1713 2870 ﬂeri
1744 2826 1918 2884 potest
1944 2829 1997 2869 ut

410 2908 806 2978 incompositus
855 2921 963 2962 non
1012 2908 1083 2962 sit
1134 2908 1223 2977 qui
1284 2909 1582 2961 secundum
1639 2908 1998 2963 substantiam

414 2997 641 3067 simplex
692 2997 819 3053 est?
844 2997 953 3053 Nec
988 3001 1132 3053 enim
1186 3000 1220 3052 ii
1272 3000 1436 3063 modi,
1478 3001 1675 3069 quibus
1722 3001 1838 3069 ejus
1881 3018 2000 3070 prn-

413 3091 673 3159 prietates
701 3090 1033 3156 indicantur,
1071 3091 1438 3160 simplicitatis
1468 3092 1660 3147 Ite-dent
1693 3095 1996 3159 rationem;

411 3180 652 3251 alioquin
696 3181 798 3234 hoc
850 3190 1009 3250 pacto
1061 3180 1244 3234 omnia
1293 3196 1413 3250 qua:
1461 3182 1527 3235 de
1574 3181 1684 3235 Deo
1722 3183 1998 3250 dicuntur,
2028 3215 2069 3270 C

413 3272 772 3341 compositum
804 3288 922 3327 esse
961 3273 1126 3326 Deum
1174 3272 1328 3326 nobis
1364 3276 1758 3349 monstrabunt.
1792 3277 1990 3345 Atque,

414 3371 474 3415 ιιι
508 3362 742 3426 videtur,
792 3364 835 3417 si
872 3362 1120 3417 volumus
1160 3363 1421 3431 simplicis
1453 3379 1517 3418 ac
1559 3364 1874 3420 insecabilis
1904 3383 2001 3421 no-

421 3455 627 3508 tionem
662 3468 903 3519 servare,
938 3464 1032 3506 aut
1084 3454 1219 3507 nihil
1262 3456 1328 3509 tle
1375 3456 1485 3509 Deo
1524 3456 1768 3513 dicemus
1809 3469 2001 3527 praeter

416 3546 743 3616 ingenitum,
774 3559 1009 3614 eumque
1037 3547 1408 3601 recusabitnus
1436 3550 1716 3603 nominare
1753 3551 1999 3605 invisibi-

415 3638 548 3702 letn,
585 3637 1075 3707 incorruptibiletn,
1102 3636 1519 3701 inalterabilem,
1563 3649 1888 3706 creatorem,
1914 3640 2001 3709 ju-

418 3730 617 3795 dicem,
647 3739 702 3782 et
734 3727 914 3781 omnia
950 3743 1070 3796 qua:
1104 3742 1246 3782 nunc
1278 3728 1343 3782 ad
1374 3728 1821 3798 gloriﬁcationem
1851 3746 2005 3786 assu-

422 3821 663 3875 mimus:
695 3829 788 3874 aut
827 3820 873 3874 si
919 3821 1255 3875 admittimus
1306 3821 1419 3875 hinc
1455 3822 1696 3885 nomina,
1727 3822 1855 3890 quid
1891 3821 2002 3892 jam

424 3911 622 3967 facturi
657 3910 890 3965 sumus?
925 3920 1102 3965 utrutn
1137 3911 1204 3966 ad
1250 3911 1610 3966 substantiam
1644 3914 1826 3968 omnia
1864 3913 2005 3967 refe-

418 4018 601 4058 remus
629 4003 654 4058 i
686 4002 923 4058 Proinde
957 4019 1061 4057 non
1098 4019 1220 4058 eum
1255 4006 1416 4059 modo
1448 4005 1828 4074 compositum,
1860 4006 1951 4060 sed
1975 4022 2006 4060 e

417 4093 778 4149 dissimilibus
801 4094 963 4147 etiam
994 4095 1235 4161 partibus
1275 4094 1633 4161 compositum
1662 4095 2006 4147 denmustra-

416 4186 622 4253 bimus,
656 4200 779 4239 cum
816 4185 964 4238 aliud
1016 4194 1179 4254 atque
1227 4185 1370 4239 aliud
1401 4200 1431 4239 a
1476 4185 1716 4253 quolibet
1778 4186 2004 4238 istorum

482 4325 531 4359 ”
558 4326 579 4380 ι
610 4325 753 4380 Tim.
783 4339 856 4392 vt,
886 4324 974 4377 16.
1051 4323 1096 4355 ’⁸
1134 4324 1272 4379 Psal.
1296 4331 1414 4387 citi,
1437 4325 1492 4379 2.

2095 536 2212 583 τον,
2244 518 2557 587 ἀναγκαίως
2588 521 2721 588 ἡμῖν
2763 517 3015 578 σύνθετος
3045 518 3074 568 6
3116 513 3249 577 Θεὸς
3295 513 3693 583 ἀποδειχθήσε-

2096 631 2188 667 ται
2217 612 2353 677 (54).

2166 705 2257 759 29.
2300 702 2440 772 Ἐγὼ
2477 703 2534 756 δὲ
2573 701 2624 754 τί
2664 700 2843 773 φημί;
2881 701 3025 764 Ὅτι,
3067 700 3117 752 εἰ
3156 698 3231 770 μὴ
3278 696 3468 769 ἔτερόν
3510 714 3565 749 τι
3606 697 3694 766 εἴη

2096 796 2191 850 τοῦ
2214 798 2512 865 ἀγεννήτου
2545 792 2606 845 τὸ
2640 792 2775 860 φῶς,
2801 792 2984 846 οὐκέτι
3006 791 3086 861 τῷ
3120 791 3234 861 Tqu
3259 789 3483 842 δυνατὸν
3510 788 3697 841 ἐπιλέ-

2098 887 2311 956 γεσθαι,
2340 887 2530 958 ὥσπερ
2562 885 2684 939 οὐδὲ
2720 884 2853 937 αὐτὸ
2887 885 2948 937 τὸ
2976 883 3292 953 ἀγέννητον.
3334 881 3518 935 Μάθοι
3545 881 3592 932 δ’
3626 880 3695 934 ἄν

2096 997 2181 1044 τις
2208 979 2463 1034 κάκεῖθεν
2513 978 2622 1031 τῶν
2658 977 3071 1049 σημαινομένων
3119 977 3225 1027 ὑπὸ
3264 973 3373 1027 τῶν
3411 973 3609 1041 φωνῶν
3632 973 3698 1023 τὸ

2098 1071 2374 1142 διάφορον.
2405 1069 2525 1133 Φῶς
2554 1070 2724 1121 οἰκεῖν
2751 1068 2964 1139 εἴρηται
3006 1069 3036 1119 6
3074 1064 3228 1128 Θεὸς,
3265 1064 3361 1117 καὶ
3386 1061 3696 1116 ἀναϐάλλε-

2102 1163 2225 1217 σθαι
2260 1163 2397 1231 φῶς,
2423 1163 2663 1233 οὑδήπου
2695 1163 2922 1215 ἐνοικεῖν
2960 1158 3123 1211 αὑτὸν
3149 1160 3215 1226 τῇ
3241 1155 3439 1209 ἑαυτοῦ
3462 1156 3699 1225 ἀγεννη-

2102 1256 2211 1329 σίᾳ,
2266 1255 2388 1309 οὐδὲ
2440 1255 2639 1322 ἔξωθεν
2691 1252 2871 1323 ἑαυτῷ
2926 1249 3316 1323 περικειμένην
3374 1247 3546 1318 ἔχειν,
3597 1247 3701 1301 τοῦ

2099 1345 2257 1415 λόγου
2287 1346 2535 1415 λέγοντος
2568 1348 2585 1414 (
2605 1345 2639 1416 ἢ
2676 1344 2851 1398 ταῦτα
2885 1344 2983 1414 μὲν
3042 1339 3439 1408 καταγέλαστα)
3460 1357 3474 1369 ·
3525 1339 3588 1392 τὸ
3635 1338 3702 1391 δὲ

2101 1439 2359 1509 γεννητὸν
2388 1441 2483 1492 καὶ
2517 1439 2813 1509 ἀγέννητον
2846 1433 3200 1507 γνωριστικαί
3229 1433 3378 1496 τινές
3402 1435 3544 1486 εἰσιν
3570 1433 3703 1485 ἰδιόο

2101 1548 2283 1603 τητες.
2312 1531 2374 1583 Εἰ
2397 1531 2506 1601 γὰρ
2532 1530 2699 1601 μηδὲν
2724 1530 2809 1597 εῐη
2844 1527 2956 1598 (35)
2977 1526 3036 1580 τὸ
3070 1524 3167 1595 τὴν
3191 1524 3381 1577 οὖσίαν
3410 1541 3704 1595 χαρακτη-

2104 1621 2273 1694 ρίζον,
2330 1622 2508 1676 οὐδενί
2554 1621 2621 1674 ἂν
2673 1620 2859 1692 τρόπῳ
2912 1617 3050 1688 πρὸς
3108 1616 3207 1685 τὴν
3264 1614 3479 1667 σύνεσιν
3514 1613 3703 1699 ,ἡμῶν

2100 1716 2376 1768 διικνοῖτο.
2414 1713 2554 1776 Μιᾶς
2586 1713 2694 1784 γὰρ
2722 1712 2889 1783 οῠσης
2922 1711 3199 1779 θεότητος,
3244 1708 3527 1777 ἀμήχανον
3557 1706 3702 1760 [6:6-

2102 1807 2301 1872 ζουσαν
2324 1806 2432 1876 (56)
2455 1804 2662 1859 ἔννοιαν
2695 1804 2907 1875 Πατρὸς
2926 1803 3112 1856 λαϐεῖν
3136 1803 3170 1873 ἢ
3204 1801 3359 1866 Υίοῦ,
3394 1803 3468 1874 μὴ
3491 1804 3560 1872 τῇ
3584 1800 3702 1852 τῶν

2104 1900 2409 1970 ἰδιωμάτων
2429 1898 2712 1970 προσθήκῃ
2729 1897 2826 1968 τῆς
2839 1896 3077 1959 διανοίας
3093 1894 3352 1968 διαρθρου
3360 1895 3531 1966 μένης
3555 1894 3644 1963 (57
3658 1909 3698 1955 ).

2113 1990 2274 2044 Ἀλλά
2318 1992 2424 2062 μὴν
2472 1990 2610 2061 πρός
2637 2006 2701 2057 γε
2733 1988 2793 2042 τὸ
2821 1987 3075 2041 σύνθετον
3116 1986 3566 2057 ἀναφανήσεσθαι
3600 1991 3699 2037 τὸν

2098 2083 2265 2147 Θεὸν,
2300 2084 2348 2135 εἰ
2396 2081 2471 2153 μὴ
2514 2081 2713 2135 ταυτὸν
2746 2079 2989 2152 ’ληφθείη
3032 2076 3112 2147 τῷ
3144 2079 3426 2149 ἀγεννήτῳ
3449 2076 3516 2130 τὸ
3552 2078 3697 2144 φῶς,

2100 2177 2277 2228 ἐκεῖνο
2310 2177 2483 2227 εἰπεῖν
2514 2172 2709 2245 ἔχομεν
2731 2214 2747 2237 ,
2787 2173 2869 2225 ὅτι
2891 2212 2906 2236 ,
2954 2175 3003 2225 εἰ
3035 2173 3133 2242 μὲν
3163 2170 3238 2233 ὡς
3277 2169 3442 2241 μέρος
3472 2171 3576 2240 τῆς
3601 2170 3701 2221 οὐ·

2102 2267 2221 2331 σίας
2280 2267 2343 2321 τὸ
2399 2267 2699 2335 ἀγέννητον
2736 2264 3148 2336 ἐλαμϐάνομεν,
3198 2259 3341 2333 εἶχεν
3400 2262 3466 2316 ἂν
3523 2262 3698 2315 αὑτοῦ

2100 2360 2285 2432 χώραν
2316 2361 2345 2412 6
2377 2360 2553 2429 λόγος,
2573 2359 2825 2412 σύνθετον
2860 2354 2997 2410 εἶναι
3018 2356 3193 2423 λέγων
3219 2356 3281 2408 τὸ
3316 2358 3382 2408 ὲκ
3411 2354 3699 2425 διαφόρων

2103 2450 2482 2519 συγκείμενονο
2510 2451 2557 2502 εἰ
2589 2449 2646 2502 δὲ
2672 2448 2861 2501 οὐσίαν
2891 2447 2990 2518 μὲν
3017 2446 3153 2499 Θεοῦ
3177 2446 3236 2498 τὸ
3265 2445 3377 2514 φῶς
3399 2443 3697 2514 τιθέμεθα,

2099 2542 2133 2612 ἢ
2173 2542 2275 2613 τὴν
2309 2539 2475 2611 ζωὴν,
2525 2540 2558 2611 ἢ
2602 2538 2661 2591 τὸ
2707 2537 2932 2607 ἀγαθὸν,
2966 2537 3107 2600 ὅλον,
3160 2538 3297 2607 ὅπερ
3343 2536 3483 2598 ἐστὶ,
3541 2533 3697 2605 ζωὴν

2100 2634 2230 2686 ὅντα
2258 2632 2392 2701 (58),
2426 2631 2521 2684 καὶ
2553 2631 2673 2684 ὅλον
2705 2631 2841 2699 φῶς,
2870 2632 2962 2683 καὶ
3005 2631 3125 2683 ὅλον
3166 2627 3369 2696 ἀγαθὸν
3388 2668 3402 2690 ,
3442 2627 3705 2698 παρεπό-

2105 2741 2266 2795 μενον
2297 2724 2353 2776 se
2385 2723 2499 2794 ἔχει
2529 2724 2561 2793 ἡ
2593 2722 2705 2793 ζωὴ
2734 2723 2795 2775 τὸ
2825 2722 3149 2793 ἀγέννητον·
3190 2720 3307 2782 πῶς
3339 2720 3441 2773 οὐκ
3461 2717 3705 2771 ἀσύνθε-

2100 2833 2191 2880 τος
2233 2817 2262 2868 ὁ
2291 2815 2432 2869 κατά
2455 2815 2552 2884 τὴν
2581 2815 2769 2868 οὐσίαν
2802 2813 3043 2878 ἀπλοῦς;
3076 2814 3149 2867 Οὐ
3190 2813 3296 2884 γὰρ
3325 2811 3390 2881 δὴ
3415 2812 3464 2863 οἰ
3497 2810 3704 2863 δεικτιο

2102 2908 2189 2959 κοί
2215 2907 2313 2977 τῆς
2334 2906 2597 2976 ἰδιότητος
2615 2904 2778 2959 αὐτοῦ
2799 2906 2991 2977 τρόποι
3015 2906 3107 2959 τὸν
3130 2905 3229 2976 τῆς
3260 2905 3565 2974 ἁπλότητος
3580 2904 3702 2974 (39)

2101 2999 2257 3068 λόγον
2291 2999 2775 3071 παραλυπήσουσιν
2796 3017 2808 3029 ·
2845 3000 2877 3069 ἢ
2907 2999 3050 3052 οὕτω
3088 3016 3151 3068 γε
3197 3000 3396 3059 πάντα,
3427 2998 3531 3051 ὅσα
3564 2999 3702 3068 περὶ

2100 3091 2237 3145 Θεοῦ
2268 3090 2507 3159 λέγεται,
2545 3090 2795 3143 σύνθετον
2816 3089 2905 3143 τόν
2934 3090 3064 3143 Θεὸν
3085 3092 3214 3160 ἡμῖν
3236 3088 3532 3153 ἀναδείξει.
3560 3090 3700 3151 Καὶ,

2101 3182 2176 3247 ὡς
2209 3183 2406 3246 ἔοικεν,
2448 3184 2497 3235 εἰ
2533 3182 2818 3253 μέλλοιμεν
2853 3183 2953 3253 τὴν
2978 3181 3070 3235 τοῦ
3112 3180 3283 3234 ἁπλοῦ
3319 3181 3415 3233 καὶ
3446 3179 3703 3251 ἀμεροῦς

2103 3274 2310 3329 ἔννοιαν
2360 3274 2646 3338 διασώζειν
2686 3274 2821 3345 (40),
2854 3274 2887 3345 ἢ
2919 3274 3072 3326 οὐδὲν
3101 3271 3335 3344 ἐροῦμεν
3375 3273 3507 3342 περὶ
3554 3271 3699 3323 Θεοῦ

2099 3366 2238 3438 πλὴν
2266 3367 2325 3421 τὸ
2350 3366 2665 3437 ἀγέννητον,
2696 3365 2793 3419 καὶ
2817 3364 3271 3436 παραιτησόμεθα
3299 3364 3462 3417 αὑτὸν
3489 3364 3698 3432 ὄνοςὰ-

2100 3456 2214 3520 ζειν
2264 3455 2517 3528 ἀόρατον,
2553 3455 2854 3526 ἄφθαρτον,
2890 3453 3273 3517 ἀναλλοίωτον,
3327 3453 3695 3524 δημιουργὸν,

2100 3547 2316 3619 κριτὴν,
2350 3547 2444 3617 καὶ
2460 3548 2636 3601 πάντα
2659 3547 2757 3600 ὅσα
2776 3544 2869 3599 νῦν
2901 3547 2980 3608 εἰς
2991 3543 3299 3611 δοξολογίαν
3324 3543 3697 3614 παραλαμδά-

2100 3658 2282 3712 νομεν·
2303 3640 2632 3713 ἢδεχόμενοι
2660 3640 2728 3693 τὰ
2762 3639 3004 3710 ὀνόματα
3030 3637 3225 3701 ταῦτα,
3257 3638 3309 3691 τί
3346 3639 3443 3691 καὶ
3467 3644 3701 3707 ποιήσοι

2104 3749 2204 3803 μεν
2230 3748 2245 3797 ;
2277 3732 2505 3802 πότερον
2532 3733 2610 3795 εἰς
2634 3730 2733 3802 τὴν
2759 3730 2947 3783 οὐσίαν
2975 3729 3192 3783 ἅπαντα
3229 3729 3489 3800 φέροντες
3521 3746 3701 3782 κατα-

2101 3822 2372 3893 θήσομεν;
2402 3822 2609 3875 υὺκοῦν
2638 3822 2760 3892 οὐχ).
2796 3821 2955 3891 μόνον
2984 3820 3255 3883 σύνθετον,
3289 3819 3431 3873 ἀλλά
3488 3821 3585 3873 καὶ
3637 3823 3700 3885 ἐξ

2101 3913 2510 3986 ἁνομοιομερῶν
2527 3912 2687 3966 αὑτὸν
2723 3913 3080 3983 συγκείμενον
3101 3910 3480 3981 ἀποδείξομεν,
3515 3910 3606 3963 δια
3636 3912 3704 3962 τὸ

2100 4005 2227 4059 ἄλλο
2255 4008 2345 4059 καί
2371 4006 2499 4059 ἄλλο
2526 4007 2614 4076 ὑφ’
2643 4006 2874 4059 ἑκάστου
2899 4004 3105 4058 τούτων
3127 4004 3236 4057 τῶν
3262 4005 3550 4074 ὀνομάτων
3577 4004 3703 4075 ill)

2103 4095 2506 4167 σημαίνεσθαι’
2560 4096 2677 4150 ἀλλ’
2735 4095 2841 4161 ἔξω
2897 4097 2999 4166 τῆς
3053 4095 3242 4160 οὐσίας
3290 4095 3697 4167 έκληψὸμεθα;

2107 4190 2317 4260 Ὂνπερ
2341 4189 2522 4242 τοίνυν
2543 4189 2609 4243 ἂν
2632 4190 2719 4242 ἐπ’
2755 4188 2978 4243 ἐκείνων
3013 4189 3245 4242 ἐκάστου
3278 4188 3436 4257 λόγον
3466 4190 3701 4261 ἐπινοή-

486 4463 611 4538 (ξι).
646 4464 780 4538 Reg.
821 4473 1065 4538 quartus
1102 4464 1420 4533 ἀναγκαίως
1474 4464 1727 4530 σύνθετος
1780 4467 1809 4519 6
1861 4465 1993 4529 Θεὸς

2179 4463 2260 4517 nlo
2287 4480 2301 4518 :
2333 4463 2380 4516 εί
2419 4462 2679 4538 τιθέμεθα
2723 4464 2856 4538 Θεὸν
2888 4465 3007 4519 ὅλον
3029 4507 3045 4529 ,
3083 4466 3222 4537 ὅπερ
3255 4466 3398 4532 ἐστὶ,
3423 4466 3574 4538 ζωὴν
3603 4468 3702 4520 ὅν-

414 4533 571 4605 ἡμῶν
582 4533 1056 4605 ἀποδειχθήσεται.

486 4605 599 4675 (35)
626 4603 758 4674 Reg.
780 4599 985 4659 tertius
1020 4599 1271 4675 μηδὲν

413 4744 440 4798 ι
484 4673 599 4744 ('56)
634 4673 772 4729 Editi
812 4673 1029 4729 ἔννοιαν
1068 4673 1398 4739 ἰδιάζουσαν.
1426 4674 1498 4728 At
1522 4689 1652 4729 mss.
1686 4673 1992 4738 ἰδιάζουσαν

443 4762 643 4798 ννοιαν.

443 4762 643 4799 ννοιαν.

487 4815 598 4883 (57)
618 4813 784 4887 νΙΙΙιιιΙ,
812 4812 975 4885 μίγη..
1006 4814 1106 4886 τῆς
1132 4814 1371 4879 διανοίας
1417 4813 1878 4887 διαρθρουμένης,
1912 4815 1992 4871 sic

487 4833 598 4883 tat)
635 4833 784 4880 tuna,
812 4833 975 4885 μη....
1006 4833 1106 4886 της
1132 4833 1371 4879 οιανοιας
1417 4833 1678 4887 οιαρυρου
1728 4833 1878 4885 ενης,
1912 4833 1989 4871 su:

412 4886 899 4951 vertit'interpres,
935 4887 1033 4937 nisi
1064 4887 1314 4953 cogitatio
1375 4898 1553 4938 nostra
1612 4833 1932 4954 inlltjrmrtur
1971 4899 1989 4937 :

414 4956 512 5014 sed
544 4970 657 5009 rem
686 4955 779 5023 qui
825 4956 1185 5009 considerarit
1215 4956 1298 5009 vel
1329 4955 1545 5018 leviter,
1584 4956 1741 5008 facile
1793 4957 1992 5009 intelli-

412 5036 499 5099 get
537 5026 624 5099 ita
660 5036 843 5099 potius
889 5026 1205 5099 vertendum
1239 5040 1379 5089 esse,
1410 5027 1509 5079 nisi
1546 5026 1600 5077 id
1640 5026 1782 5094 quod
1821 5037 1995 5081 mente

413 5095 764 5158 concepimus,
793 5095 1170 5163 distinguatur.

508 5164 772 5237 38)AEditi
814 5175 870 5237 et
924 5162 1054 5237 trnss.
1102 5175 1214 5237 tres
1271 5162 1476 5237 ἀγαθὸν
1524 5164 1664 5237 ὅλον,
1695 5166 1834 5237 ὅπερ
1860 5165 1995 5237 ,ἐστὶ

413 5233 561 5305 ζωὴν
582 5233 738 5298 ὅντα,
778 5235 980 5305 virgula
1010 5236 1254 5305 apposita
1290 5246 1418 5305 post
1434 5233 1576 5305 ὅλον.
1611 5236 1762 5304 ιὶιιείὶ
1789 5233 1994 5305 primus

412 5303 674 5361 et'sestus
693 5303 895 5374 ἀγαθὸν
933 5304 1052 5357 ὅλον
1088 5304 1279 5375 ibam-:9
1314 5304 1433 5375 ἐστὶ
1470 5303 1615 5375 ζωὴν
1671 5303 1820 5367 ὅντα,
1852 5305 1994 5375 rsinc

416 5378 523 5431 ulla
573 5378 1027 5446 interpunctione.
1061 5374 1264 5446 Qodes
1299 5374 1539 5446 Culbxet
1573 5374 1989 5446 antiquissimus

416 5442 894 5514 etoptimm'nota‘.
940 5443 1165 5514 ἀγαθὸν,
1222 5442 1534 5514 ὅλονᾲζωὴν
1588 5442 1737 5507 ὅντα]
1781 5446 1992 5512 virgula

416 5511 596 5570 statim
643 5517 815 5585 posita
859 5511 1194 5584 post'vocem
1227 5512 1452 5585 ἀγαθόν.
1487 5511 1668 5580 Fecit,
1704 5516 1805 5570 nisi
1834 5516 1996 5569 valde

417 5585 594 5649 fallor,
646 5584 766 5652 ejus
794 5586 897 5640 loci
948 5587 1250 5639 obscuritas
1312 5584 1729 5655 dillicultasque,
1762 5594 1822 5639 ιιι
1878 5596 1990 5638 tam

418 5657 566 5707 varie
616 5655 1106 5723 interpungeretur.
1142 5655 1299 5717 lllud,
1326 5653 1479 5718 ὅντα,
1517 5653 1628 5709 [ιη’
1662 5655 1883 5709 adducit
1936 5663 1995 5708 ut

417 5725 638 5778 credam
699 5738 887 5781 vocem
947 5725 1080 5778 Θεόν
1114 5725 1462 5795 supplendam
1523 5738 1663 5793 esse,
1722 5726 1825 5781 hoc
1875 5723 1990 5781 fere

2097 4550 2186 4598 τα,
2219 4550 2401 4587 rursus
2436 4534 2482 4586 si
2520 4545 2764 4600 putamus
2787 4536 2953 4589 Deum
2982 4546 3168 4598 totum,
3194 4534 3466 4604 quidquid
3490 4534 3590 4600 est,
3622 4543 3702 4590 ri-

2099 4614 2206 4656 tam
2240 4619 2373 4663 esse.
2405 4605 2450 4657 si
2500 4615 2747 4672 putamus
2785 4606 2953 4658 Deum
3000 4617 3189 4663 totum.
3228 4619 3459 4674 quantus
3492 4618 3592 4669 est,
3620 4610 3699 4660 si-

2099 4685 2208 4745 tam
2236 4689 2368 4727 esse.
2426 4674 2503 4745 Ex
2548 4676 2747 4745 quibus
2777 4676 3038 4745 colligere
3074 4677 3222 4745 licet.
3251 4679 3514 4744 prinmtn,
3551 4683 3691 4733 duas

2098 4743 2197 4797 has
2224 4758 2381 4814 voces
2409 4744 2530 4797 ὅλον
2554 4756 2608 4797 et
2628 4743 2758 4798 ὅντα
2783 4747 2852 4800 ad
2880 4743 3068 4800 vocem
3102 4743 3262 4808 Θεόν,
3278 4760 3401 4814 qua!
3428 4748 3698 4801 subaudi-

2097 4821 2208 4876 tnr,
2245 4812 2435 4869 referri
2463 4816 2664 4868 debere
2702 4831 2716 4867 :
2765 4817 2961 4870 deinde
2988 4856 3003 4879 ,
3036 4812 3534 4884 interpunctinneut
3568 4833 3695 4872 eam

2096 4898 2217 4952 qua?
2266 4884 2319 4935 in
2349 4885 2670 4939 (lolbertino
2705 4885 2846 4939 libro
2901 4896 3141 4947 notatur,
3176 4887 3519 4941 retinendam
3548 4902 3693 4943 esse.

2096 4952 2281 5022 Neque
2315 4969 2440 5009 vero
2498 4969 2584 5007 me
2641 4956 2845 5024 pigebit
2889 4957 3397 5023 interpretationem
3445 4966 3695 5010 veterem

2097 5024 2477 5096 aseribere_ex
2515 5040 2618 5096 qua
2655 5026 2885 5079 fortasse
2927 5026 3192 5096 hic_locus
3219 5024 3437 5096 [acilius
3463 5026 3695 5096 intelligi

2097 5094 2317 5161 poterit.
2378 5093 2458 5149 lla
2494 5095 2660 5159 igitur
2713 5106 2956 5148 verterat
3008 5094 3446 5163 Trapezuntius:
3488 5094 3551 5149 Si
3575 5093 3697 5150 vero

2096 5164 2446 5216 substantiam
2481 5165 2575 5217 Dei
2602 5166 2790 5225 lucem.
2823 5167 2898 5218 vel
2929 5167 3106 5226 vitam,
3144 5169 3218 5217 vel
3251 5166 3443 5215 bonum
3466 5205 3486 5228 ,
3525 5178 3696 5219 totum

2094 5232 2233 5300 quod
2260 5243 2357 5296 est,
2388 5235 2546 5288 vitam
2576 5243 2746 5286 totum
2770 5237 2959 5296 lucem,
2992 5247 3159 5286 totum
3186 5236 3385 5287 bonum
3418 5238 3695 5303 opinetur:

2097 5303 2259 5373 vitant
2294 5320 2409 5356 rero
2437 5304 2671 5371 sequitur
2712 5319 2730 5356 :
2760 5307 3043 5373 quomodo.
3079 5318 3188 5359 etc.

2306 5374 2657 5459 (iudex-unus
2699 5371 2898 5459 negans
2927 5373 3232 5459 ἁςιτλότηξος
3258 5372 3451 5428 αὐτοῦ.

2190 5442 2280 5513 40)
2320 5443 2453 5513 Reg.
2488 5444 2681 5513 tet'tius
2712 5442 2924 5496 ἔννοιαν
2955 5442 3292 5507 ἀποσώζειν.

2192 5512 2285 5586 st),
2332 5512 2472 5586 Editi
2524 5512 2760 5586 έκάστου
2794 5514 2904 5586 τῷν
2953 5515 3261 5586 ὀνομάτων.
3310 5513 3551 5586 Antiqui
3586 5525 3696 5569 tres

2097 5581 2220 5655 libri
2247 5581 2503 5655 ξέκάστου
2537 5583 2745 5655 τούτων
2791 5584 2899 5637 τῶν
2928 5581 3253 5655 νόνομάτων.
3301 5581 3529 5655 Statim:
3564 5587 3693 5639 editi

2095 5652 2469 5726 ἑκληψόμεθα.
2504 5653 2713 5726 Θὺκοῦν
2742 5655 2881 5726 ὅπερ
2912 5654 2978 5707 ἂν
3027 5652 3115 5708 ἔπ’
3162 5654 3418 5711 ἐκείνων.
3470 5652 3697 5713 Veteres

2098 5728 2340 5796 quinque
2367 5725 2488 5781 libri
2512 5725 2588 5780 ita
2618 5736 2675 5779 ut
2703 5725 2997 5781 edidimus.
