3822 6216
141 337 238 394 6-H

1243 329 1612 396 ADVEnsUs
1651 328 2018 396 EUNOMIUM
2055 333 2186 392 LIB.
2229 333 2296 391 ll.

3286 327 3396 388 643

143 475 298 520 σωσι,
319 453 508 512 τοῦτον
537 457 630 512 καὶ
653 459 747 513 επὶ
774 457 872 530 τῆς
903 457 998 514 τοῦ
1019 456 1312 532 ἀγεννήτου
1345 475 1711 532 προσηγοριας

1823 455 2092 513 nominum
2118 454 2454 527 signiﬁcetur
2481 467 2496 506 :
2521 467 2590 508 an
2617 451 2734 508 haec
2753 455 2906 506 extra
2926 445 3284 504 substantiam
3309 445 3393 500 in-

139 547 669 615 καταδειξάσθωσαν.

207 805 301 860 ‘50.
357 803 670 876 Ἐμπλήσας
697 804 756 859 δὲ
784 804 872 860 τὸν
901 805 1012 878 (42)
1043 805 1202 876 λόγον
1239 808 1504 880 φλυαρίας
1531 811 1713 882 κενῆς,

137 897 234 950 καὶ
285 895 506 952 πάντων
539 895 674 966 ὁμοῦ
706 896 814 950 τῶν
856 895 1076 952 πώποτε
1125 899 1253 971 περὶ⁷
1298 899 1395 972 τὴν
1431 901 1528 954 τοῦ
1581 900 1716 955 Θεοῦ

139 987 344 1056 γνῶσιν
374 987 746 1058 ἐσχολακότων
774 989 1162 1060 κατεπαρθεὶς,
1187 990 1262 1054 ὡς
1283 992 1446 1056 αὐτὸς
1460 993 1576 1046 ὁδόν
1598 1011 1718 1048 τινα

139 1082 334 1151 καινὴν
367 1081 460 1134 καὶ
487 1080 798 1150 πρόσφατον
827 1080 1119 1152 τετμηκὼς
1159 1082 1300 1154 πρὸς
1325 1085 1414 1138 τὸν
1457 1085 1589 1138 Θεὸν
1619 1087 1718 1155 φέ·

141 1190 366 1242 ρουσαν,
402 1173 468 1243 ἣν
490 1175 665 1235 οὐδεὶς
703 1172 812 1226 τῶν
849 1174 1132 1245 προτέρων
1161 1175 1380 1247 ἐξεῦρε,
1409 1178 1718 1232 τελευταῖον

139 1265 362 1331 ὲπάγει,
402 1265 478 1328 ὡς
525 1267 656 1334 παρ’
709 1265 880 1332 αὐτῆς
919 1264 1298 1335 δεδιδαγμένος
1325 1265 1418 1320 τοῦ
1451 1265 1585 1320 Θεοῦ
1619 1267 1720 1338 τῆς

137 1354 352 1420 οὐσίας,
387 1355 486 1424 τὴν
519 1355 660 1410 κατὰ
686 1353 780 1406 τοῦ
811 1354 940 1408 Υίοῦ
971 1354 1336 1427 βλασφημίαν.

209 1529 373 1581 ΕΥΝ.
396 1529 517 1582 ’Ότι
549 1531 582 1599 ὴ
613 1530 710 1598 μὲν
739 1530 994 1602 ἀνωτέρω
1035 1531 1306 1601 βασιλείας
1335 1533 1446 1602 (45)
1471 1534 1564 1586 καὶ
1595 1534 1723 1587 πάν-

137 1639 204 1693 τη
259 1621 528 1690 γενέσεως
579 1623 948 1688 ἀνεπίδεκτος,
997 1623 1208 1687 τούτοις
1251 1624 1582 1678 παιδεύουσα
1621 1626 1720 1697 τὴν

141 1717 264 1788 μετ’
286 1718 500 1781 εὐνοίας
541 1718 873 1789 προσιοῦσαν
905 1718 1164 1782 διάνοιαν,
1197 1717 1433 1774 ἀπωθεῖν
1469 1719 1544 1782 ὡς
1589 1724 1720 1793 ποῤ-

1817 547 2118 619 telligemus
2149 547 2174 600 ‘i
2201 547 2588 614 Quamcunque
2625 543 2790 612 igitur
2819 543 2872 596 in
2905 551 3230 608 unoquoque
3269 537 3391 594 illo-

1817 653 1939 694 rum
1973 635 2402 708 excogitaverint
2423 635 2710 700 rationem,
2742 648 2862 688 eam
2901 646 3114 702 quoque
3145 631 3212 686 de
3242 630 3395 700 inge-

1818 726 1914 782 niti
1943 724 2296 796 appellatione
2327 721 2619 792 accipiant.

1885 815 1976 870 50.
2017 813 2308 884 Postquam
2353 821 2534 868 autem
2585 813 2890 870 orationem
2937 808 3190 866 manibus
3233 808 3392 879 nugis

1819 905 2130 976 complevit,
2161 903 2431 974 simulque
2458 903 2720 960 adversus
2750 917 2957 965 omnes,
2999 909 3262 971 quotquot
3292 916 3394 954 un-

1819 1011 1978 1066 quam
2008 995 2102 1051 Dei
2131 995 2500 1064 cognitionem
2527 993 2740 1063 assequi
2777 995 3118 1056 studuerunt,
3142 1007 3260 1050 sese
3291 1006 3390 1046 ex-

1821 1087 1963 1151 tulit,
1994 1089 2148 1157 quasi
2187 1083 2302 1158 ipse
2323 1102 2514 1143 novam
2537 1087 2824 1157 quamdam
2856 1101 2920 1140 ac
2951 1094 3224 1144 recentem
3247 1085 3394 1140 viam

1821 1179 1886 1232 ad
1926 1179 2092 1233 Deum
2135 1179 2416 1234 ducentem
2445 1177 2746 1244 stravisset,
2773 1192 2936 1247 quam
2961 1191 3119 1232 nemo
3155 1191 3185 1228 e
3221 1175 3394 1247 majo-

1819 1268 1969 1322 ribus
2005 1269 2291 1332 invenerit,
2331 1279 2440 1322 tum
2477 1269 2726 1334 demum,
2764 1278 3022 1339 tanquam
3055 1270 3123 1326 al)
3154 1270 3267 1341 ipsa
3299 1271 3396 1328 Dei

1819 1359 2120 1412 substantia
2149 1359 2392 1426 edoctus,
2434 1359 2574 1414 hanc
2609 1359 2662 1413 in
2687 1360 2880 1415 Filium
2913 1361 3118 1418 inducit
3143 1361 3418 1433 blaSphey

1820 1449 1982 1502 miam
2009 1467 2021 1502 :
2089 1439 2091 1442 ’

1892 1541 2025 1596 Eun.
2053 1541 2365 1597 Substantia
2415 1543 2629 1612 quidem
2659 1557 2778 1612 quae
2809 1559 2973 1614 regno
3001 1547 3248 1614 superior
3286 1555 3388 1614 est,

1822 1647 2046 1702 quaeque
2074 1633 2272 1687 nullam
2305 1636 2710 1704 generationem
2729 1637 2990 1702 admittit,
3021 1637 3106 1692 bis
3137 1638 3392 1694 erudiens

1827 1737 2058 1778 mentem
2091 1727 2350 1780 benevole
2371 1727 2716 1783 accedentem
2735 1768 2751 1794 ,
2783 1742 2902 1783 eam
2933 1731 3392 1798 comparationem

137 1810 368 1880 ρωτάτω
397 1811 820 1881 παρακελεύεται
842 1811 989 1882 νόμῳ
1025 1811 1236 1880 φύσεως
1249 1809 1346 1882 τὴν
1379 1811 1512 1883 πρὸς
1539 1811 1711 1880 ἕτεροι

1827 1833 1946 1888 quae
1973 1835 2092 1874 cum
2124 1820 2228 1875 alio
2261 1821 2339 1886 tit,
2372 1821 2488 1894 lege
2530 1832 2736 1879 naturai
2773 1840 2934 1895 quam
2965 1824 3279 1896 longissime
3307 1840 3390 1882 re-

139 1895 429 1968 σύγκρισιν
457 1898 590 1969 (Διί).

207 1986 361 2041 ΒΑΣ.
403 1983 550 2059 Ἀρα
605 1990 726 2058 οὐχὶ
785 1989 970 2058 σαφῶς
1016 1990 1371 2054 ἐνδείκνυται,
1418 1992 1499 2044 ὅτι
1557 1991 1717 2054 αὐτὸς

137 2077 349 2150 ἠξιώθη
393 2081 492 2150 τῆς
520 2080 628 2134 τῶν
663 2083 988 2153 ἀπορρήτων
1018 2082 1436 2152 ἀποκαλύψεως,
1484 2085 1599 2154 μετ’
1625 2084 1715 2136 εύ-

135 2172 290 2234 νοίας
333 2171 430 2243 τὴν
477 2172 714 2228 διάνοιαν
747 2174 1112 2247 προσαγαγὼν
1143 2175 1220 2247 τῷ
1255 2175 1406 2246 Θεῷ;
1459 2177 1572 2230 Καὶ
1629 2177 1716 2230 διὰ

135 2263 298 2318 τοῦτο
337 2265 636 2320 ἀπωθεῖται
688 2268 764 2330 ὡς
793 2268 1130 2340 πορρωτάτω
1169 2268 1258 2322 τὸν
1293 2269 1572 2339 Μονογενῆ
1619 2269 1716 2340 τῆς

135 2358 234 2410 τοῦ
265 2359 478 2430 Πατρὸς
529 2361 834 2422 κοινωνίας,
891 2361 1024 2430 μηδὲ
1075 2360 1155 2422 εἰς
1216 2359 1502 2429 σύγκρισιν
1555 2359 1716 2413 αὑτὸν

135 2449 309 2514 ἀξιῶν
343 2451 454 2524 (45)
489 2451 918 2522 παραδέχεσθαι·
952 2451 1087 2504 ἀλλά
1105 2451 1198 2502 καὶ
1219 2449 1367 2521 νόμῳ
1385 2449 1597 2518 φύσεως
1617 2453 1716 2524 τὴν

135 2541 234 2596 τοῦ
266 2543 603 2613 Μονογενοῦς
634 2546 821 2598 οὐσίαν
853 2543 961 2597 ἀπὸ
993 2544 1092 2614 τῆς
1137 2542 1232 2596 τοῦ
1280 2544 1493 2614 Πατρὸς
1533 2545 1718 2616 διωρί-

139 2636 268 2690 σθαι
314 2638 464 2708 φησί.
510 2638 574 2690 Τί
615 2638 775 2690 τοῦτο
815 2637 1020 2706 λέγων;
1051 2637 1174 2688 Ὅτι
1213 2639 1241 2688 ὁ
1275 2636 1406 2699 Θεὸς
1443 2635 1550 2688 τῶν
1579 2638 1714 2690 ὅλων

134 2729 264 2782 οὐδὲ
285 2729 601 2801 βουλόμενος
641 2731 862 2784 ἐδύνατο
894 2731 1029 2801 πρὸς
1057 2729 1154 2800 τὴν
1183 2731 1282 2800 τῆς
1309 2730 1494 2794 οὐσίας
1518 2731 1716 2784 οἰκειό-

135 2838 281 2892 τητα
311 2823 402 2875 τὸν
457 2823 740 2894 Μονογενῆ
790 2821 1242 2893 παραδέξασθαι,
1301 2825 1450 2894 νόμῳ
1503 2823 1716 2892 φύσεως

136 2910 242 2979 τῆς
265 2911 556 2980 συναφείας
578 2913 677 2983 τῆς
710 2913 846 2984 πρὸς
874 2915 1036 2967 αὑτὸν
1067 2915 1461 2985 ἐξειργόμενος,
1496 2915 1596 2966 οὐκ
1617 2912 1712 2978 ὢν,

135 3003 214 3066 ὡς
271 3003 468 3068 ἔοικεν,
531 3005 690 3068 αὑτὸς
739 3006 934 3058 ἑαυτοῦ
979 3006 1206 3078 κύριος,
1273 3006 1410 3059 ἀλλὰ
1458 3009 1569 3070 τοῖς
1617 3009 1716 3078 τῆς

1819 1910 2028 1981 pellere
2047 1911 2220 1980 jubet.

1890 2003 2049 2074 267
2079 2002 2203 2057 Bas.
2223 2003 2412 2060 Annon
2441 2005 2616 2075 palam
2635 2007 2890 2070 ostendit,
2915 2007 3134 2078 dignum
3160 2021 3219 2062 se
3237 2008 3392 2064 babi-

1822 2103 1931 2173 tum
1957 2094 2125 2149 fuisse
2149 2111 2472 2150 arcanorum
2491 2097 2842 2163 revelatione,
2871 2099 3031 2154 simul
3056 2109 3116 2154 ut
3136 2100 3394 2156 benevole

1819 2183 1930 2238 Deo
1961 2195 2194 2239 mentem
2223 2187 2511 2253 adiunxit?
2533 2188 2612 2242 0b
2629 2187 2790 2258 idque
2805 2189 3146 2260 Unigenitum
3162 2206 3190 2244 a
3214 2189 3394 2246 Patris

1817 2277 2192 2330 communione
2207 2278 2416 2345 repellit
2430 2293 2587 2348 quam
2604 2280 2938 2350 longissime,
2955 2297 3076 2337 cum
3091 2298 3156 2338 ne
3171 2283 3394 2353 dignum

1817 2366 2031 2435 quidem
2047 2383 2167 2421 eum
2181 2369 2474 2437 existimet,
2489 2371 2580 2440 qui
2595 2371 2660 2425 ad
2674 2387 2857 2442 compa
2867 2373 3125 2432 rationem
3139 2374 3394 2430 admitta-
3415 2429 3420 2434 .

1819 2468 1936 2525 tur;
1975 2461 2066 2512 sed
2099 2459 2217 2528 lege
2243 2461 2407 2515 etiam
2425 2471 2651 2530 naturae,
2671 2463 3025 2518 subsantiam
3061 2464 3329 2536 Unigeniti
3357 2480 3394 2521 tt

1817 2551 2112 2606 substantia
2131 2551 2308 2607 Patris
2323 2563 2622 2622 separatam
2645 2569 2762 2610 esse
2779 2555 2942 2610 dicat.
2981 2554 3119 2622 Quid
3147 2555 3250 2611 sibi
3279 2556 3394 2612 vult

1819 2645 1941 2698 dum
1978 2645 2080 2698 boc
2114 2643 2294 2698 dicit?
2322 2644 2476 2710 Quod
2521 2644 2661 2699 Deus
2707 2646 3108 2712 universorum,
3133 2661 3198 2701 ne
3224 2648 3268 2700 si
3299 2663 3394 2702 vo-

1817 2732 2006 2787 luisset
2027 2735 2266 2802 quidem,
2302 2734 2566 2804 potuisset
2595 2733 2944 2805 Unigenitum
2967 2735 3034 2790 ad
3069 2738 3392 2792 substantiae

1817 2825 2270 2880 necessitudinem
2325 2825 2634 2890 admittere,
2679 2841 2801 2881 eum
2849 2827 2955 2882 sibi
3013 2833 3128 2898 lege
3185 2837 3392 2884 naturae

1818 2915 2121 2984 prohibitus
2151 2916 2453 2983 admittere,
2487 2931 2632 2980 cum,
2669 2926 2728 2972 ut
2771 2919 2820 2973 ei
2853 2919 3084 2986 videtur,
3117 2921 3200 2978 sui
3225 2923 3394 2990 ipsius

1817 3021 1923 3060 non
1970 3015 2114 3060 esset
2143 3007 2409 3073 dominus,
2454 3007 2546 3062 sed
2585 3009 2924 3066 necessitatis
2965 3011 3216 3066 terminis
3259 3013 3390 3068 sub-

137 3096 388 3167 ἁνάγκης
420 3097 567 3167 ὅροις
596 3097 998 3167 ὑπεζευγμένος
1025 3099 1157 3168 (46).
1192 3097 1430 3151 Τοιαῦτα
1465 3099 1573 3169 γάρ
1601 3099 1711 3151 ἐστι

1823 3096 2008 3166 iectus.
2039 3095 2350 3164 Huiusmodi
2377 3098 2518 3152 enim
2549 3107 2693 3164 sunt,
2715 3113 2835 3168 qua:
2863 3107 3072 3154 naturae
3099 3099 3215 3170 lege
3241 3115 3392 3156 com-

135 3188 206 3240 τὰ.
233 3188 312 3258 τῷ
341 3189 442 3258 τῆς
471 3190 682 3258 φύσεως
713 3191 860 3259 νόμῳ
883 3190 1316 3262 κατειλημμένα,
1344 3191 1718 3262 ἀπροαιρέτως

1819 3189 2110 3258 prehensa,
2155 3191 2291 3244 citra
2327 3189 2656 3244 voluntatem
2695 3191 2760 3244 ad
2795 3191 2847 3244 id
2889 3193 3032 3260 quod
3073 3200 3280 3246 naturae
3307 3193 3390 3245 vi-

135 3283 218 3344 είς
243 3282 305 3333 τὸ
329 3285 392 3353 τῇ
435 3282 592 3352 φύσει
618 3283 806 3335 δοκοῦν
831 3284 1173 3354 ύπαγόμενα.
1223 3283 1308 3346 Ὠς
1336 3281 1444 3353 γὰρ
1479 3281 1556 3352 τῷ
1585 3283 1711 3354 πυρὶ

1823 3296 1935 3336 sum
1969 3281 2152 3347 fuerit,
2175 3284 2558 3353 perducuntur.
2583 3283 3046 3350 Quemadmodum
3075 3284 3220 3339 enim
3253 3284 3392 3354 ignis

135 3373 300 3441 φύσει
335 3375 394 3426 τὸ
426 3375 756 3446 θερμαίνειν,
809 3375 868 3428 ού
905 3375 1245 3446 προαιρέσει,
1279 3376 1374 3428 καὶ
1405 3375 1711 3444 ἀναγκαίως

1823 3388 2008 3431 natura
2039 3391 2146 3430 non
2188 3365 2463 3430 voluntate
2506 3375 2783 3440 calefacit,
2816 3385 2869 3431 et
2906 3378 3211 3430 necessario
3239 3375 3392 3446 frigi—

131 3466 487 3519 ἀνεπίδεκτόν
519 3469 632 3519 ἐστι
661 3468 760 3537 τῆς
811 3466 1170 3538 ψυχρότητος,
1222 3465 1300 3538 τῷ
1349 3467 1447 3538 τῆς
1503 3467 1711 3536 φύσεως

1823 3471 2040 3524 ditatem
2085 3468 2319 3538 reSpuit,
2355 3468 2472 3538 lege
2511 3479 2718 3523 natura:
2764 3468 3020 3523 societate
3061 3468 3178 3540 ejus
3209 3468 3393 3538 priva-

130 3558 288 3628 νόμῳ
303 3559 402 3629 τὴν
431 3558 567 3628 πρὸς
582 3559 714 3611 αὐτὸ
735 3559 844 3628 (47)
870 3557 1156 3612 κοινωνίαν
1182 3559 1554 3629 ἀφῃρημένον·
1579 3557 1711 3612 οὕτω

1823 3574 1940 3616 tus:
1967 3561 2046 3615 sic
2089 3561 2202 3614 vult
2252 3560 2416 3614 Deum
2457 3567 2512 3615 et
2548 3560 2760 3614 Patrem
2791 3560 2907 3631 lege
2953 3571 3163 3614 natura:
3193 3561 3394 3616 habere

131 3649 390 3720 βούλεται
447 3651 543 3704 καὶ
591 3651 681 3705 τὸν
719 3651 850 3704 Θεὸν
901 3655 998 3704 καὶ¹
1031 3650 1254 3722 Πατέρα
1307 3651 1457 3721 νόμῳ
1502 3652 1717 3721 φύσεως

126 3742 576 3813 ἠλλοτριωμένην
609 3743 752 3814 ἔχειν
783 3744 918 3814 πρὸς
945 3743 1036 3796 τὸν
1063 3742 1192 3795 Υἱὸν
1212 3744 1310 3814 τὴν
1337 3744 1544 3798 οὐσίαν.
1577 3744 1716 3798 Καί-

203 3963 326 4036 (42)
361 3965 514 4036 Εᾶίιὶί
560 3963 876 4036 Ἐμπλήσας
915 3965 1010 4018 καὶ
1055 3965 1164 4019 τόν.
1199 3966 1267 4020 At
1299 3980 1427 4021 mss.
1475 3966 1712 4034 quinque

203 3982 326 4032 (42)
361 3982 498 4018 natu
566 3982 616 4018 "is
667 3983 687 4016 τ

139 3982 687 4106 Ἐμπλήσαςδὲτύῦ.

206 4104 492 4176 (45)Ειιὶιί
548 4105 719 4158 Paris.
744 4104 930 4176 Ὂτιή
984 4105 1082 4174 μὲν
1135 4105 1393 4176 ἀνωτέρω
1442 4104 1710 4176 βασιλεία.

125 4174 296 4232 Unde
337 4175 654 4240 interpres:
717 4174 926 4227 cmleste'
951 4191 1187 4242 regnum.
1243 4174 1422 4228 Editio
1477 4174 1608 4228 Ven.
1658 4188 1712 4228 et

123 4247 289 4316 Colb.
321 4261 439 4316 eum
473 4245 592 4300 aliis
625 4245 858 4313 quinque
895 4244 1076 4316 liegiis
1105 4245 1228 4298 Ὅτι
1262 4246 1296 4316 ὴ
1327 4245 1425 4315 μὲν
1448 4245 1710 4316 ἀνωτέρω

126 4314 452 4387 βασιλείας,
484 4325 536 4387 et
572 4316 644 4368 ita
682 4314 1120 4387 qupquqlegitur
1170 4316 1220 4368 in
1261 4314 1572 4387 ipsoopere
1610 4314 1714 4366 liu-

127 4383 326 4440 iiomii.
357 4385 456 4450 Qui
497 4383 646 4439 locus
677 4396 734 4437 ut
767 4383 1119 4452 intelligatur,
1153 4399 1250 4438 vox
1285 4384 1446 4436 οὐσία
1469 4387 1712 4452 supplen-

125 4457 204 4508 tla
233 4463 336 4520 est,
379 4457 490 4524 ltoc
536 4455 694 4509 modo
734 4469 748 4506 :
795 4451 860 4504 'H
890 4451 986 4523 μὲν
1040 4455 1196 4508 οὐσία
1249 4454 1506 4524 ἀνωτέρω
1539 4451 1709 4523 βασι-

1821 3652 2050 3706 alienam
2075 3667 2104 3705 a
2134 3651 2272 3705 Filio
2302 3651 2677 3705 substantiam.
2707 3653 2824 3705 .lam
2849 3667 2975 3706 vero
3003 3661 3213 3705 natnrte
3245 3649 3394 3720 leges

1825 3761 1930 3799 non
1964 3755 2202 3798 mutuam
2233 3744 2372 3797 inter
2401 3742 2616 3798 Patrem
2645 3753 2699 3797 et
2719 3742 2912 3797 Filium
2934 3743 3274 3809 distantiam,
3295 3743 3392 3798 sed

1807 3963 2315 4035 gabatpEunomius.
2335 3961 2436 4014 Alii
2474 3977 2568 4016 sex
2593 3961 2713 4018 libri
2739 3971 2947 4035 veteres
2978 3961 3264 4035 emendate
3288 3960 3388 4033 τὴν

1806 4031 1944 4104 πρὸς
1965 4033 2148 4107 ἕτερον
2179 4032 2484 4107 σύγκρισιν,
2517 4034 2958 4107 comparationem
2988 4048 3106 4084 cum
3159 4031 3304 4107 alio;
3331 4031 3388 4086 et

1810 4102 1883 4172 ita
1916 4102 2133 4172 quoque
2171 4102 2354 4172 edidit
2391 4104 2552 4156 homo
2611 4103 2857 4157 doctrina
2893 4102 3382 4172 praestantissimus

1807 4171 1891 4229 Jo.
1911 4171 2166 4228 Albertns
2198 4171 2502 4226 Fabricius.

1883 4245 1994 4314 (45)
2033 4245 2097 4314 Et
2127 4243 2215 4314 hic
2272 4255 2506 4314 quoque
2537 4240 2941 4314 R_eg._quint_us
2970 4250 3024 4314 et
3056 4241 3198 4314 editi
3256 4257 3384 4296 cor-

1809 4309 2122 4384 ΐιιριεμηδὲ
2146 4309 2432 4381 σύγκρισιν
2451 4309 2838 4384 αύτῶνίάξιῶν.
2869 4309 3021 4366 Unde
3045 4311 3337 4384 Carnarius
3365 4327 3384 4384 ξ

1811 4381 1972 4451 neque
1990 4381 2444 4450 comparationem
2483 4382 2716 4450 ipsorum
2748 4381 3026 4436 admittere
3054 4381 3249 4434 volens.
3275 4381 3386 4438 Sed

1813 4453 1865 4505 in
1925 4454 2148 4520 reliquis
2195 4467 2290 4504 sex
2343 4467 2472 4521 mss.
2530 4453 2814 4506 emendate
2875 4451 3068 4517 legitur
3125 4451 3260 4521 μηδὲ
3306 4454 3389 4518 εις

123 4511 333 4588 λείας,’
365 4523 674 4578 Substantia
721 4539 838 4593 quae
874 4511 1042 4594 iegno
1073 4525 1312 4594 superior
1345 4511 1576 4594 estilnoe
1599 4537 1702 4589 est,

1823 4511 2096 4594 τύγκρισίν
2127 4523 2288 4574 αὑτὸν
2318 4520 2502 4594 ἀξιῶν,
2533 4538 2594 4574 ne
2653 4521 2720 4574 ad
2775 4511 3216 4590 compa-rationein
3269 4511 3388 4590 qui;

123 4595 432 4648 substantia
457 4610 574 4662 qua:
607 4593 924 4647 transcendit
957 4595 1010 4662 id
1047 4602 1265 4661 tempus,
1307 4611 1407 4658 quo
1439 4593 1573 4648 Deus
1605 4611 1703 4648 caa-

125 4667 213 4734 pit
244 4661 534 4734 dominium
563 4665 616 4717 in
647 4673 915 4734 creaturas
947 4661 1174 4728 habere;
1220 4679 1326 4716 uno
1358 4664 1545 4728 verbo,
1577 4668 1702 4718 sub-

123 4733 334 4787 stantia
384 4745 600 4786 wterna.
655 4733 826 4799 Quam
885 4733 1206 4800 scripturam
1247 4748 1427 4786 veram
1478 4749 1597 4789 esse
1652 4745 1706 4787 et

125 4803 480 4858 emendatam
525 4802 684 4857 facile
715 4802 987 4872 fatebitur,
1027 4803 1118 4872 qui
1153 4803 1312 4870 paulo
1336 4805 1594 4858 attentius
1637 4803 1706 4857 le-

125 4873 279 4944 gerit
312 4873 542 4944 illaquaz
571 4884 838 4944 priuetint1
870 4871 1061 4926 Basilii
1079 4873 1261 4944 verba,
1286 4873 1362 4935 ὡς
1389 4873 1518 4944 παρ’
1534 4871 1705 4944 αὐτῆς

123 4942 510 5012 δεδιδαγμένος
555 4941 648 4994 τοῦ
707 4941 997 5012 Θεοῦητῆς
1047 4942 1259 5006 οὐσίας,
1305 4941 1556 5010 ᾳιιιιεὶἀί)
1591 4941 1706 5011 ipsa

124 5013 236 5067 Dei
262 5011 555 5066 substantia
581 5015 815 5082 edoctus.
849 5011 968 5082 lloe’r
996 5015 1109 5078 ipso
1153 5013 1204 5066 in
1239 5014 1357 5082 loco
1411 5013 1542 5067 editi
1589 5030 1706 5082 γεν-

121 5084 366 5154 νήσεως.
405 5083 626 5151 Antiqui
690 5081 809 5134 libri
847 5081 1116 5154 γενέσεως
1150 5081 1356 5154 :iquod
1396 5081 1706 5154 putremque

123 5151 242 5207 dici
284 5167 438 5220 posse
486 5163 630 5222 puto,
670 5167 788 5206 cum
846 5151 1138 5206 aﬂirmaret
1181 5153 1478 5206 Eunomius
1535 5151 1706 5208 Deuin

125 5225 512 5278 universorum
548 5223 706 5276 talem
763 5236 882 5277 esse
925 5232 1136 5290 natura,
1165 5233 1222 5278 ut
1260 5236 1358 5277 nec
1412 5223 1552 5292 gigni
1606 5238 1706 5276 nec

125 5295 359 5364 gignere
389 5302 588 5362 posset.

205 5363 320 5435 (44)
355 5360 484 5431 Reg.
521 5364 741 5432 quintus
771 5374 826 5419 et.
868 5361 996 5419 editi
1023 5361 1122 5432 τὴν
1153 5361 1426 5435 προτέραν
1471 5360 1700 5430 σύγκρι-

125 5451 242 5487 σιν.
305 5431 570 5500 Interpres
624 5431 1087 5501 comparationem
1119 5431 1344 5500 priorem
1379 5445 1396 5483 :
1430 5447 1593 5500 quam
1651 5442 1705 5486 et.

125 5504 460 5569 scripturam
477 5515 531 5554 et
557 5504 1057 5570 interpretationem
1083 5517 1260 5567 nemo,
1295 5502 1510 5570 opinor,
1543 5501 1704 5556 homo

127 5573 402 5642 probabit.
439 5572 670 5636 Etenim,
702 5569 774 5626 ’si
827 5572 992 5628 semel
1047 5574 1379 5641 reciperetur
1437 5569 1704 5637 ejusmodi

125 5647 423 5708 scriptura,
462 5653 555 5694 aut
603 5643 1005 5711 interpretatio,
1048 5642 1222 5711 palam
1283 5643 1408 5695 inde
1443 5654 1703 5708 sequere-

129 5723 225 5766 tur
253 5713 421 5766 Deum
454 5714 826 5765 universorum
883 5712 1068 5766 saltem
1093 5713 1443 5778 posteriorem
1466 5712 1704 5778 aliquam

126 5785 594 5852 comparationem
649 5784 930 5838 admisisse
962 5799 974 5834 :
1005 5783 1146 5848 quod
1201 5796 1268 5838 ex
1303 5795 1457 5852 atquo
1506 5794 1701 5850 perne-

455 5881 724 5942 Parnon.
774 5879 888 5942 Gn.
937 5877 1180 5940 XXIX.

1811 4595 1927 4647 dem
1953 4593 2068 4644 eum
2097 4593 2372 4662 admittere
2403 4593 2669 4662 dignatus.

1879 4663 1990 4733 (46)
2020 4663 2160 4716 Editi
2211 4673 2267 4733 et
2309 4661 2440 4733 Reg.
2463 4658 2474 4662 ⁷
2495 4661 2712 4728 quintus
2757 4658 3248 4731 ὑποζευγνύμενος.
3278 4661 3388 4716 Alii

1805 4747 1896 4788 sex
1935 4729 2062 4786 mss.
2096 4729 2527 4800 ὑπεζευγμένος.

1878 4803 2201 4873 (47)_Codex
2229 4801 2383 4873 Golb.
2407 4810 2462 4856 et
2491 4804 2620 4873 iteg.
2647 4801 2920 4873 secundus
2955 4801 3181 4873 perinde
3223 4810 3387 4870 atque

1807 4869 1936 4927 editi
1964 4869 2062 4943 τὴν
2083 4873 2219 4943 πρὸς
2243 4870 2392 4933 αὐτό,
2420 4869 2588 4943 etita
2620 4869 3068 4943 quoque_babuit
3107 4873 3241 4943 Beg.
3277 4869 3388 4943 ter-

1809 4943 1916 4997 tius
1956 4941 2138 5010 prima
2170 4959 2354 4996 manu.
2394 4941 2498 4994 Alii
2536 4955 2646 4994 tres
2675 4955 2804 4994 mss.
2838 4941 2992 5010 Regii
3024 4941 3162 5012 πρὸς
3193 4941 3386 5012 αὐτὴν,

1806 5012 2127 5082 ψυχρότητα
2162 5012 2436 5066 videlicet.
2473 5012 2626 5076 Quod
2651 5013 2912 5082 optimum
2943 5011 3077 5066 esse
3100 5013 3290 5074 fateor,
3318 5011 3389 5065 isi

1809 5081 2000 5136 remex
2046 5081 2535 5149 grammaticorum
2572 5081 2772 5150 regulis
2797 5083 3119 5142 aestimetur,
3148 5097 3286 5150 cum
3319 5083 3392 5134 de

1808 5152 2105 5220 frigiditate
2157 5167 2461 5207 sermonem
2507 5149 2692 5205 haberi
2743 5161 2975 5205 conStet.
3030 5149 3157 5205 Mihi
3209 5161 3388 5220 tamen

1809 5219 2030 5276 dubium
2088 5239 2194 5276 non
2232 5230 2336 5281 est,
2363 5222 2488 5289 quin
2525 5221 2752 5274 Basilius
2806 5221 3090 5288 scripserit
3124 5219 3278 5281 αὑτό,
3331 5230 3391 5289 nt

1809 5292 2008 5344 vitaret
2037 5288 2468 5360 ambiguitatem,
2507 5307 2572 5344 ne
2597 5289 2846 5345 videlicet
2869 5295 2986 5344 duae
3009 5291 3091 5346 ha:
3111 5305 3274 5345 voces
3293 5288 3393 5341 αὐ-

1807 5361 1906 5432 τὴν
1941 5362 2226 5414 κοινωνίαν
2258 5376 2286 5412 a
2320 5361 2699 5429 praepositione
2729 5360 2866 5432 πρὸς
2906 5363 3018 5432 regi
3047 5361 3386 5432 viderentur,

1809 5429 1924 5484 cum
1956 5434 2069 5500 ipsa
2091 5434 2359 5486 societate.
2399 5433 2476 5484 lta
2511 5440 2686 5488 tamen
2741 5431 2884 5492 hunc
2908 5429 3081 5484 locum
3119 5431 3390 5500 interpre-

1813 5501 1914 5556 tari
1945 5499 2217 5571 convenit,
2255 5511 2312 5552 ut
2366 5499 2681 5569 suppleatur
2727 5501 2962 5571 πρᾶγμα
2983 5501 3084 5570 τῆς
3112 5499 3392 5570 ψυχρότηα

1810 5587 1920 5633 τος.
1950 5569 2064 5626 Non
2095 5571 2608 5640 habetsocietiatem
2662 5569 2782 5624 cum
2820 5569 3243 5640 re'frigiaitatis,
3286 5571 3391 5640 bne

1810 5654 1912 5706 est,
1946 5655 2068 5696 eum
2093 5639 2410 5709 frigiditate.
2445 5639 2536 5693 Sic
2568 5641 2850 5706 Plizedrus,
2878 5639 3002 5694 cum
3053 5641 3236 5696 cibum
3263 5639 3393 5694 sim-

1809 5710 2024 5832 pliciter
2082 5709 2388 5782 signiﬁcare
2437 5709 2628 5777 vellet,
2675 5711 2952 5784 eleganter
2995 5711 3259 5779 scripsit,
3311 5723 3392 5761 res

1811 5797 1856 5832 Ci
1897 5795 1936 5832 Ι.

1811 5795 1936 5835 σιω.

2921 5875 2995 5934 21
