3822 6216
449 309 555 367 “3

1778 304 1843 361 ~S.
1886 303 2129 359 BASILII
2164 304 2379 361 MAGNI

3578 318 3689 375 ϐυ

451 422 809 480 necessariam
849 431 904 475 et
949 419 1234 474 infractam
1275 422 1713 475 communitatem
1755 420 1991 477 eﬂlciunt

2118 440 2267 491 τοιγε
2305 426 2354 477 οἱ
2375 424 2475 495 τῆς
2504 424 2716 494 φύσεως
2743 426 2897 499 νόμοι
2924 427 3045 499 οὐχὶ
3089 428 3365 484 διάστασιν
3398 432 3492 485 ἀπ’
3526 431 3693 507 ἀλλέξ-

452 518 665 573 Etenim
697 516 743 570 si
789 514 993 569 diceret
1022 513 1187 567 Deum
1233 513 1606 567 universorum
1644 512 1918 568 voluntate
1946 513 2019 567 ef-

448 606 661 671 fecisse,
694 612 755 657 ut
785 601 929 656 nulla
956 615 1139 656 secum
1173 612 1316 656 esset
1342 603 1680 667 communio;
1700 617 1767 658 ne
1795 603 1875 658 sic
1897 603 2017 670 qni-

446 702 568 754 dem
599 696 856 751 bonitatis
879 695 1073 749 divinae
1102 694 1239 747 ratio
1256 694 1611 761 permitteret,
1630 703 1684 747 ut
1705 693 1807 748 ilde
1823 693 2016 763 dignus

446 790 738 844 haberetur
756 785 803 840 is
831 785 923 854 qui
956 785 1031 839 ait
1070 783 1283 837 Patrem
1313 796 1374 837 ea
1411 798 1530 852 quae
1556 782 1657 837 sibi
1696 783 1911 847 adsunt,
1940 784 2011 848 ei,

444 879 536 952 qui
557 893 621 934 ex
639 877 757 947 ipso
780 885 884 941 est,
898 888 1003 929 non
1030 873 1429 927 communicare
1453 890 1465 925 :
1489 873 1583 927 sed
1610 881 1787 928 tamen
1816 873 2017 927 inesset

422 971 499 1026 ain
531 970 689 1025 dictis
714 966 1046 1023 consecutio.
1067 966 1134 1018 At
1160 963 1341 1018 dicere
1370 965 1485 1033 lege
1508 973 1714 1018 natura:
1738 978 1857 1018 esse
1877 963 2013 1017 alie-

442 1063 735 1126 nationem,
755 1074 824 1115 ne
849 1058 968 1128 ejus
996 1056 1211 1126 quidem
1235 1064 1339 1119 est,
1356 1056 1447 1124 qui
1475 1070 1651 1112 rerum
1678 1054 2012 1110 sensibilium

442 1167 689 1212 naturam
728 1151 1103 1213 considerarit,
1127 1164 1224 1218 per
1275 1164 1437 1219 quam
1474 1162 1579 1203 non
1618 1147 1815 1212 aliena,
1838 1161 2011 1214 neque

438 1247 738 1311 contraria,
782 1246 876 1301 sed
923 1244 1102 1313 potius
1148 1241 1431 1309 conjuncta
1480 1249 1534 1295 et
1576 1248 1801 1309 cognata
1836 1253 1865 1293 a
1899 1242 2011 1293 sin-

441 1342 578 1414 gulis
605 1340 750 1413 gigni
782 1338 976 1395 solent.

512 1610 599 1664 5|.
637 1608 843 1662 Rursus
890 1604 1052 1674 igitur
1104 1602 1191 1656 hic
1238 1613 1451 1670 quoque
1497 1612 1684 1653 eorum
1716 1610 1836 1666 quas
1878 1611 1909 1651 a
1948 1610 2007 1651 se

440 1701 583 1758 dicta
603 1706 727 1754 sunt
750 1694 1152 1765 repugnantiam
1174 1699 1415 1745 mutuam
1443 1703 1545 1743 non
1566 1686 1849 1742 intellexit.
1869 1684 2006 1740 Nam

2125 513 2229 566 λων
2266 514 2377 585 Υίῷ
2400 515 2535 585 πρὸς
2559 515 2799 586 Πατέρα,
2829 516 2943 570 ἀλλ’
2970 519 3271 586 ἀναγκαίαν
3299 522 3391 574 καὶ
3415 522 3692 592 ἄρρηκτον

2122 606 2219 674 τὴν
2268 606 2548 658 κοινωνίαν
2576 608 2819 662 ποιοῦσιν
2847 609 2979 680 (48).
3039 611 3103 663 Εἰ
3148 611 3245 681 μὲν
3275 612 3384 683 γὰρ
3436 614 3691 687 βουλήσει

2122 694 2274 763 ἔλεγε
2319 696 2379 749 τὸ
2411 698 2548 767 πρὸς
2582 699 2772 753 ἑαυτὸν
2815 700 3175 773 ἀκοινώνητον
3228 709 3695 762 κατεσκευακέναι

2121 785 2212 838 τὸν
2240 786 2370 839 Θεὸν
2390 787 2498 840 τῶν
2530 788 2686 854 ὅλων,
2725 790 2833 842 οὐδ’
2856 791 2998 845 οὕτω
3028 793 3127 865 μὲν
3151 794 3217 847 ἂν
3239 796 3268 846 ό
3291 794 3391 864 τῆς
3428 798 3695 868 ἀγαθότη-

2119 894 2210 940 τος
2230 876 2323 930 τοῦ
2352 877 2485 931 Θεοῦ
2518 880 2815 952 συνεχώρει
2839 881 2996 951 λόγος
3036 884 3260 937 πιθανὸν
3302 883 3439 940 εἶναι
3485 890 3579 942 τὸν
3605 890 3695 942 λέ-

2119 985 2281 1035 γοντα
2326 969 2684 1040 ἀκοινώνητον
2706 967 2845 1026 εἶναι
2877 973 2968 1027 τὸν
2997 975 3217 1046 Πατέρα
3243 976 3350 1029 τῶν
3371 979 3521 1048 αύτῷ
3552 996 3697 1051 παρ-

2117 1059 2284 1113 όντων
2338 1061 2473 1132 πρὸς
2506 1062 2599 1115 τὸν
2638 1062 2695 1128 ἐξ
2728 1063 2894 1117 αὑτοῦ
2914 1081 2928 1095 ο
2958 1061 3068 1136 εἶχε
3099 1066 3146 1118 δ’
3176 1067 3243 1120 ἂν
3274 1068 3424 1138 ὅμως
3465 1071 3697 1123 ἀκολου-

2118 1150 2238 1203 θίαν
2260 1152 2329 1204 τά
2361 1152 2643 1224 εἰρημένα.
2677 1154 2844 1225 Νόμῳ
2864 1154 2920 1207 δὲ
2948 1156 3161 1224 φύσεως
3200 1158 3379 1226 λέγειν
3425 1161 3695 1232 ὑπάρχειν

2115 1245 2211 1315 τὴν
2240 1245 2615 1318 ἀλλοτρίωσιν,
2642 1248 2760 1301 οὐδὲ
2781 1249 2879 1319 τὴν
2918 1251 2975 1302 ὲν
3018 1254 3130 1314 τοῖς
3158 1253 3435 1323 αἰσθητοῖς
3458 1256 3577 1307 ἐστι
3595 1254 3698 1323 φύ-

2116 1357 2199 1392 σιν
2227 1340 2652 1410 ὲπεσκεμμένου·
2690 1341 2808 1394 καθ’
2839 1342 2904 1412 ἣν
2929 1342 3050 1413 ούχὶ
3083 1341 3149 1395 τά
3170 1342 3443 1413 ἀλλότρια,
3474 1346 3599 1398 οὐδὲ
3626 1348 3697 1398 τὰ

2114 1429 2366 1493 ἐναντία,
2420 1432 2489 1482 τά
2523 1433 2699 1485 οἰκεῖα
2746 1430 2803 1483 δὲ
2852 1431 3051 1501 μᾶλλον
3097 1434 3191 1486 καὶ
3233 1433 3306 1486 τά
3345 1436 3698 1505 προσήκοντα

2113 1520 2514 1587 ἀπογεννᾶσθαι
2550 1523 2792 1590 πέφυκεν
2825 1524 2913 1591 ὑφ’
2936 1524 3187 1577 ἑκάστου.

2180 1612 2266 1665 51.
2310 1612 2477 1664 Πάλιν
2506 1608 2597 1666 οὖν
2649 1615 2739 1666 καὶ⁵
2776 1614 3011 1668 ἐνταῦθα
3048 1615 3107 1667 οὗ
3155 1615 3357 1667 συνεῖδε
3409 1616 3509 1687 τὴν
3554 1618 3695 1690 πρὸς

2112 1703 2277 1755 ἑαυτά
2297 1702 2406 1757 τῶν
2456 1704 2759 1775 εἰρημένων
2795 1706 3160 1775 ἐναντιότητα.
3180 1706 3267 1758 Ἐν
3296 1707 3404 1777 γάρ
3422 1711 3538 1768 τοῖς
3560 1724 3670 1759 κατ

439 1796 495 1851 in
521 1787 950 1864 praecedentibus
977 1799 1099 1838 cum
1136 1782 1360 1837 moleste
1389 1780 1559 1835 ferret
1596 1793 1690 1833 eos
1740 1778 1831 1848 qui
1870 1776 1999 1832 Uni-

2116 1793 2229 1847 5πιν
2248 1795 2588 1863 ἀγανακτῶν,
2614 1796 2749 1866 πρὸς
2770 1797 2899 1859 τοὺς
2920 1797 3103 1866 ὅμοιον
3129 1797 3248 1850 κατ’
3268 1776 3453 1849 οὐσίαν
3468 1797 3563 1850 τὸν
3586 1800 3698 1852 Mo-

441 1886 680 1956 genitum
713 1880 901 1935 dicunt
934 1875 1081 1930 Patri
1112 1873 1343 1929 similem
1394 1870 1690 1926 secundum
1744 1869 2001 1925 substan-

439 1980 589 2040 tiam,
615 1975 695 2031 sic
724 1970 944 2040 scripsit
970 1987 983 2023 :

508 2070 641 2125 EUN.
662 2065 925 2121 Videntur
953 2069 1134 2115 autem
1160 2056 1289 2111 mihi
1308 2054 1528 2111 omnino
1550 2052 1601 2107 hi
1634 2050 1722 2120 qui
1754 2049 2002 2105 substan-

439 2166 570 2220 tiam
604 2159 732 2215 nulli
766 2154 1003 2212 dominio
1045 2149 1335 2211 subditam,
1368 2144 1587 2200 etomni
1626 2157 1786 2197 causa
1838 2157 2000 2211 supe-

440 2256 660 2317 riorem,
686 2259 740 2305 et
765 2248 832 2302 ab
852 2243 1104 2300 omnibus
1123 2240 1331 2310 legibus
1352 2237 1575 2290 liberam
1593 2250 1713 2289 cum
1748 2233 2002 2288 substan-

440 2349 513 2401 tia
566 2357 686 2415 qua:
752 2338 931 2409 genita
980 2342 1064 2389 est
1112 2347 1175 2386 ac
1232 2329 1474 2400 paternis
1528 2327 1735 2397 legibus
1788 2325 1996 2387 servit,

437 2445 756 2504 comparare
777 2427 894 2483 ausi
929 2434 1076 2489 sunt,
1113 2430 1207 2476 aut
1247 2419 1392 2474 nullo
1426 2418 1584 2472 modo
1624 2430 1802 2504 rerum
1840 2424 1988 2504 natu-

438 2502 983 2581 ramiconsidcrasse,
1011 2520 1102 2566 aut
1128 2525 1232 2564 non
1255 2524 1387 2579 pura
1419 2515 1598 2561 mente
1637 2505 1703 2559 de
1746 2502 1829 2558 his
1857 2502 1999 2572 judi-

436 2620 577 2675 cium
614 2614 827 2669 fecisse.

506 2710 632 2763 Bas.
670 2700 949 2772 Quomodo
967 2699 1130 2769 igitur
1161 2694 1289 2748 nulli
1313 2690 1555 2747 dominio
1577 2689 1818 2749 subdita.
1848 2695 1903 2742 et
1928 2686 1997 2740 ab

434 2802 684 2861 omnibus
720 2796 928 2867 legibus
974 2792 1143 2845 libera
1194 2784 1492 2841 substantia
1516 2822 1531 2848 ,
1580 2796 1721 2836 nunc
1758 2780 1877 2833 visa
1916 2785 1999 2833 est

435 2912 542 2952 non
582 2908 648 2948 et
699 2890 869 2944 libero
904 2882 1129 2939 arbitrio
1170 2879 1221 2933 id
1253 2876 1473 2940 habere,
1498 2882 1560 2927 ut
1608 2871 1738 2925 nulli
1771 2885 1995 2939 compa-

433 2998 603 3048 retur,
635 2980 729 3035 sed
758 2984 967 3032 natura:
997 2972 1115 3041 lege
1143 2963 1449 3037 praepediri,
1504 2970 1667 3030 atque
1695 2960 1937 3030 genitum
1965 2972 1994 3011 a

433 3070 815 3132 communione
850 3065 933 3121 sui
964 3057 1324 3117 involuntarie
1377 3051 1655 3122 repellere,
1687 3051 1766 3105 sic
1818 3056 1878 3103 ut
1923 3050 1991 3102 ob

738 3168 955 3225 quoque
989 3147 1275 3219 Unigenito
1330 3144 1608 3197 inaccessa
1653 3139 1763 3194 sit?
1809 3137 1996 3231 Itaque
2023 3123 2063 3179 Ε

432 3230 718 3310 verborum
739 3247 882 3302 illius
910 3238 1262 3312 repugnantia
1287 3234 1392 3290 huc
1425 3246 1593 3303 usque
1626 3230 1993 3301 progreditur;

432 3358 489 3401 at
542 3350 741 3413 quanta
808 3346 893 3393 est
938 3328 1231 3402 impietas?
1283 3325 1527 3380 Dominio
1585 3321 1804 3413 quidem
1866 3318 1995 3374 nulli

439 3412 802 3503 mancipatam
847 3422 1203 3482 substantiam
1233 3418 1399 3490 268
1428 3416 1604 3503 Patris
1643 3412 1998 3503 eamdemque

436 3500 664 3578 liberam
700 3518 829 3574 dicit
864 3515 931 3587 (si
962 3524 1138 3568 tamen
1175 3508 1413 3564 dominio
1458 3502 1589 3558 nulli
1638 3500 1881 3570 subjecta
1913 3509 1998 3553 est

434 3609 745 3671 substantia
784 3622 869 3674 ea,
906 3620 1026 3676 quae
1061 3601 1162 3672 legi
1198 3609 1405 3654 natura:
1435 3592 1739 3664 subjicitur)
1768 3610 1781 3645 :
1820 3594 1996 3645 servi-

432 3706 538 3762 lem
561 3717 692 3759 vero
716 3717 748 3757 e
770 3696 1043 3753 contrario
1072 3690 1391 3763 pronuntiat
1436 3685 1713 3757 Unigeniti
1745 3684 1997 3738 substan-

430 3800 585 3861 tiam,
622 3794 748 3849 hinc
772 3789 934 3844 etiam
975 3793 1185 3840 natura:
1219 3780 1410 3835 tollens
1446 3776 1829 3846 aequalitatem.
1861 3774 1993 3827 Nam

430 3905 552 3945 cum
589 3887 708 3940 duae
731 3896 818 3937 res
846 3879 975 3942 sint,
994 3884 1245 3930 creatura
1269 3881 1324 3925 et
1345 3870 1552 3933 deitas;
1587 3881 1816 3935 cumque
1846 3880 1999 3919 crea-

422 3992 554 4037 tura
589 3975 807 4047 quidem
841 3972 896 4027 in
921 3968 1181 4024 servitute
1212 3979 1274 4019 ac
1291 3960 1597 4017 obedientia
1631 3958 1878 4013 ordinata
1900 3956 1991 4020 sit,

430 4071 608 4126 deitas
639 4079 769 4121 vero
824 4064 878 4117 in
921 4058 1230 4131 principatu
1265 4064 1428 4123 atque
1462 4050 1867 4105 dominatione:
1902 4048 1994 4117 qui

430 4159 746 4230 dignitatem
802 4150 941 4206 tollit
985 4146 1236 4209 dominii,
1271 4153 1326 4199 et
1373 4142 1568 4197 Filium
1615 4143 1681 4195 ad
1724 4140 1998 4196 servitutis

432 4248 795 4305 humilitatem
823 4239 1027 4311 dejicit,
1051 4250 1229 4292 nonne
1259 4232 1544 4288 manifesto
1574 4231 1998 4301 deprehenditur

430 4360 554 4398 eum
579 4356 673 4411 per
696 4339 750 4394 id
787 4349 999 4406 quoque
1031 4332 1097 4387 ad
1138 4328 1387 4385 eumdem
1430 4327 1673 4381 ordinem
1710 4326 1954 4395 redigere
1978 4368 1993 4391 ,

2102 1886 2295 1956 νογενῆ
2320 1885 2398 1957 τῷ
2420 1888 2592 1957 Πατρὶ
2620 1887 2897 1955 λέγοντας,
2929 1887 3165 1958 ἔγραψεν
3196 1888 3365 1951 οὕτως
3387 1904 3401 1917 ·

2172 2064 2332 2116 ΕΥΝ.
2370 2064 2480 2134 Τὴν
2507 2064 2678 2136 ἀρχὴν
2708 2065 2764 2117 δὲ
2808 2064 2919 2135 (49)
2954 2063 3167 2116 δοκοῦσί
3202 2081 3292 2134 μοι
3344 2064 3396 2116 οἱ
3435 2063 3536 2133 τὴν
3567 2062 3693 2116 ἀδέ-

2102 2170 2318 2217 σποτον,
2366 2155 2459 2206 καὶ
2506 2155 2685 2225 πάσης
2736 2155 2833 2225 μὲν
2893 2155 3069 2218 αἰτίας
3114 2154 3429 2227 κρείττονα,
3460 2154 3685 2207 πάντων

2100 2244 2157 2296 δὲ
2208 2245 2387 2315 νόμων
2424 2245 2710 2316 ἐλευθέραν
2740 2245 2926 2299 οὐσίαν
2968 2250 3033 2316 τῇ
3084 2248 3311 2316 γεννητῇ
3356 2246 3453 2298 καὶ
3498 2246 3687 2314 νόμοις

2103 2340 2388 2409 πατρικοῖς
2437 2338 2756 2409 δουλευούσῃ
2818 2340 3123 2410 συγκρίνειν
3187 2339 3589 2409 τολμήσαντες,
3646 2338 3682 2408 ἢ

2105 2428 2238 2498 μηδὲ
2278 2429 2411 2492 ὅλως
2449 2430 2548 2499 τὴν
2581 2428 2686 2482 τῶν
2731 2429 2867 2481 ὅλων
2921 2428 3081 2497 φύσιν
3132 2427 3462 2496 ἐπεσκέφθαι
3484 2467 3499 2491 ,
3531 2427 3563 2497 ἤ
3599 2426 3684 2498 μὴ

2099 2519 2311 2590 καθαρᾷ
2331 2522 2393 2590 τῇ
2415 2518 2619 2591 διανοίᾳ
2640 2518 2739 2582 τὰς
2764 2520 2892 2591 περὶ
2919 2518 3121 2572 τούτων
3148 2519 3413 2571 ποιεῖσθαι
3440 2519 3680 2589 κρίσεις.

2169 2686 2314 2739 ΒΑΣ.
2356 2687 2480 2751 Πῶς
2519 2685 2610 2743 οὖν
2661 2693 2693 2761 ἡ
2740 2691 3031 2755 ἀδέσποτος
3078 2694 3172 2746 καὶ
3220 2694 3435 2747 πάντων
3493 2696 3686 2765 νόμων

2098 2774 2355 2847 ἐλευθέρα
2384 2778 2621 2850 ἀνεφάνη
2654 2780 2746 2833 νῦν
2773 2782 2870 2852 οὐχ
2900 2781 3142 2835 ἑκούσιον
3183 2784 3379 2852 ἔχουσα
3412 2784 3469 2836 τὸ
3503 2785 3686 2853 ἀσύγ-

2098 2885 2319 2938 κριτον,
2388 2870 2524 2923 ἀλλὰ
2588 2872 2738 2942 νόμῳ
2802 2873 3016 2941 φύσεως
3071 2874 3513 2944 προειλημμένη,
3576 2877 3683 2928 καὶ

2097 2959 2472 3029 ἀπροαιρέτως
2493 2960 2591 3031 τῆς
2620 2962 2754 3033 πρὸς
2796 2962 2991 3034 ἑαυτὴν
3025 2964 3305 3026 κοινωνίας
3328 2964 3387 3016 τὸ
3412 2966 3683 3035 γεννητὸν

2097 3051 2475 3105 ἀπελαύνουσα
2503 3094 2519 3117 ,
2568 3053 2706 3107 ὥστε
2742 3055 2829 3107 διὰ
2867 3056 3023 3108 τοῦτο
3068 3056 3158 3108 καὶ
3197 3056 3345 3126 αύτῷ
3382 3058 3683 3127 τυγχάνειν

2095 3140 2173 3211 τῷ
2206 3144 2499 3210 Μονογενεῖ
2537 3144 3016 3215 ἀπροσπέλαστοςς
3048 3145 3311 3199 Τοσοῦτον
3350 3147 3447 3216 μὲν
3480 3143 3575 3200 οὖν
3612 3149 3681 3199 ὲν

2095 3241 2207 3295 τοῖς
2239 3233 2551 3303 λεγομένοις
2585 3237 2673 3288 ὑπ’
2708 3237 2870 3291 αὑτοῦ
2900 3239 2961 3291 τὸ
2994 3238 3318 3308 ἀσύμφωνον
3338 3256 3352 3268 ·
3378 3239 3437 3290 τὸ
3460 3239 3519 3291 δὲ
3552 3240 3685 3293 ἀσε-

2096 3322 2186 3385 ϐὲς
2233 3324 2390 3390 ὃσον;
2448 3325 2763 3381 Ἀδέσποτον
2814 3330 2910 3398 μὲν
2954 3330 3047 3381 καὶ
3102 3329 3388 3399 ἐλευθέραν
3426 3330 3527 3400 τὴν
3573 3331 3679 3384 τοῦ

2095 3412 2306 3483 Πατρὸς
2330 3413 2516 3468 οὐσίαν
2546 3416 2942 3488 προσαγορεύει
2983 3418 3161 3489 (εἴπερ
3190 3414 3283 3471 οὖν
3316 3419 3611 3481 ἀδέσποτος
3640 3421 3681 3489 ἡ

2094 3504 2171 3574 τῷ
2204 3504 2352 3574 νόμῳ
2376 3505 2474 3575 τῆς
2496 3506 2707 3575 φύσεως
2738 3508 3174 3577 ύποκύπτουσα)·
3210 3509 3457 3581 δουλικὴν
3492 3511 3549 3562 δὲ
3588 3505 3681 3564 εἷ-

2094 3612 2182 3648 ναι
2222 3595 2279 3659 ἐξ
2320 3596 2596 3650 ἀντιθέτου
2637 3599 2736 3668 τὴν
2777 3598 2870 3652 τοῦ
2908 3600 3242 3667 Μονογενοῦς
3289 3601 3679 3670 ἀποφαίνεται,

2096 3686 2188 3738 καὶ
2211 3686 2457 3741 ἐντεῦθεν
2486 3688 2547 3741 τὺ
2570 3690 2829 3760 ὁμότιμον
2860 3690 2960 3760 τῆς
2999 3690 3211 3758 φύσεως
3247 3692 3679 3763 ἀφαιρούμενος.

2095 3776 2198 3829 Δύο
2230 3780 2339 3847 γὰρ
2383 3779 2552 3833 ὄντων
2592 3781 2952 3852 πραγμάτων,
2998 3781 3226 3845 κτίσεώς
3258 3800 3316 3835 τε
3351 3785 3445 3836 καὶ
3480 3784 3682 3853 θεότη-

2093 3885 2182 3931 τος
2205 3885 2217 3898 ·
2245 3871 2338 3923 καὶ
2361 3872 2461 3941 τῆς
2482 3872 2578 3942 μὲν
2605 3872 2832 3937 κτίσεως
2860 3874 2916 3925 ὲν
2956 3872 3163 3944 δουλείᾳ
3196 3875 3289 3926 καὶ
3332 3876 3546 3945 ὑπακοῇ
3586 3893 3686 3928 τε-

2095 3960 2394 4032 ταγμένης,
2430 3963 2663 4033 ἀρχικῆς
2684 3963 2739 4016 δὲ
2772 3963 2937 4034 οὔσης
2964 3965 3057 4017 καὶ
3084 3964 3405 4035 δεσποτικῆς
3436 3966 3535 4034 τῆς
3557 3965 3687 4020 θεό-

2094 4068 2287 4123 τητος·
2333 4054 2362 4105 ό
2401 4054 2800 4124 ἀφαιρούμενος
2837 4055 2939 4125 τῆς
2974 4056 3288 4119 δεσποτείας
3330 4058 3393 4109 τὸ
3433 4058 3681 4127 ἀξίωμα,

2097 4142 2191 4193 καὶ
2226 4143 2305 4204 εἰς
2346 4143 2407 4195 τὸ
2438 4144 2535 4214 τῆς
2567 4144 2807 4207 δουλείας
2853 4147 3107 4199 ταπεινὸν
3134 4146 3486 4200 καταϐάλλων
3507 4187 3521 4210 ,
3550 4150 3685 4219 οὐχὶ

2094 4231 2253 4301 δῆλός
2306 4235 2421 4286 ἐστι
2477 4236 2571 4287 καὶ
2604 4236 2691 4289 διά
2750 4236 2907 4288 τοῦτο
2957 4237 3343 4307 συποιχοῦντα
3390 4240 3551 4291 αὐτὸν
3602 4243 3679 4309 τῇ

2098 4323 2243 4393 πάσῃ
2278 4323 2450 4377 κτίσει
2477 4325 2717 4391 δεικνύς;
2755 4328 2829 4380 Ού
2863 4327 2973 4399 γάρ
3000 4328 3063 4399 δὴ
3089 4328 3246 4381 τοῦτο
3276 4331 3471 4399 σεμνὸν
3502 4330 3677 4401 αὐτῷ,

432 4447 594 4507 atque
630 4440 946 4488 creaturam
975 4422 1233 4481 omnem?
1280 4420 1391 4475 Nec
1424 4420 1566 4473 enim
1619 4418 1862 4489 profecto
1892 4418 1995 4473 hoc

2116 4416 2143 4467 ;ί
2181 4416 2288 4468 τῶν
2329 4418 2632 4487 ὁμοδούλων
2657 4420 2892 4488 προέξει.
2940 4421 3075 4472 Ἀλλ’
3110 4424 3158 4474 εί
3191 4422 3265 4492 μὴ
3299 4423 3551 4492 βασιλεὺς
3578 4424 3681 4475 καὶ

430 4485 845 4597 ἰιιῖειονίοευω,
891 4518 935 4575 si
971 4514 1252 4573 conservis
1281 4518 1518 4582 praestat.
1558 4508 1664 4563 Sed
1710 4510 1813 4562 nisi
1871 4524 1992 4563 eum

2116 4485 2372 4575 ιεσπότης
2396 4485 2725 4576 όμολογοῖτο,
2760 4508 2819 4560 ού
2862 4511 2926 4579 τῇ
2962 4511 3060 4579 τῆς
3100 4485 3313 4577 φύσεως
3356 4510 3679 4570 ἐλαττώσει,

430 4619 612 4689 regem
640 4629 704 4669 ac
734 4609 1019 4669 Dominum
1054 4603 1433 4671 conﬁteamur,
1473 4600 1607 4654 adeo
1654 4609 1712 4653 ut
1749 4615 1853 4653 non
1898 4614 1994 4652 na-

431 4687 567 4764 turae
596 4702 974 4766 submissione,
1003 4697 1097 4753 sed
1129 4692 1422 4749 voluntatis
1466 4690 1707 4744 bonitate
1739 4687 1994 4743 obedien-

430 4803 558 4855 tiam
597 4795 952 4866 amplectatur
981 4808 994 4843 :
1037 4788 1137 4843 hoc
1167 4797 1349 4856 grave,
1385 4782 1487 4835 hoc
1515 4780 1866 4844 horrendum,
1892 4777 1992 4831 hoc

430 4889 727 4963 perniciem
754 4883 911 4939 aﬂ'ert
936 4878 1275 4949 negantibus.
1301 4872 1462 4927 Addit
1486 4881 1665 4963 autem
1696 4887 1709 4922 :

504 4984 631 5037 Eun.
664 4978 836 5048 Leges
862 4982 1071 5029 natura:
1098 4982 1331 5038 sequens
1379 4965 1494 5034 ipsa
1538 4962 1629 5016 Dei
1664 4960 1989 5021 substantia,

429 5088 604 5143 neque
630 5085 756 5126 cum
793 5067 898 5122 alio
940 5060 1178 5118 admittit
1201 5056 1665 5127 comparationem
1703 5071 1715 5106 :
1770 5053 1864 5107 sed
1898 5067 1995 5107 no-

426 5168 511 5221 bis
536 5162 779 5234 largitur,
803 5168 865 5214 ut
890 5154 1005 5225 ejus
1040 5151 1408 5221 operationem
1430 5145 1796 5213 intelligamus
1817 5143 1995 5213 digni-

498 5366 611 5434 (58)
640 5362 782 5434 Editi
809 5367 864 5415 et
895 5354 1272 5434 [φιλεῖσθαι
1303 5364 1408 5403 non
1454 5348 1527 5400 ita
1563 5347 1995 5434 altliqruinxotut‘o-

425 5422 543 5490 νίαξν
564 5422 664 5505 τίῖγς
701 5431 912 5500 φύσεως
932 5422 1342 5505 ὑποϐάιλλρυσιν,
1388 5422 1816 5505 ξοηιηΐξιιηξοηξιξι1
1842 5427 1998 5467 natu-

428 5485 1063 5571 rrehsuéberuntLCodex
1090 5493 1263 5571 Colb._
1292 5497 1346 5542 et
1377 5488 1484 5566 duo
1510 5485 1673 5571 βοεξὶί
1716 5486 1994 5571 ἄρρηκτον

427 5556 709 5626 κοινωνίαν
723 5566 985 5629 ποιοῦσιν,
1005 5565 1413 5629 communionem
1445 5556 1724 5629 infrgctam
1748 5556 1990 5623 eﬁ‘iciunt.

431 5624 691 5695 Alinsms.
711 5642 842 5706 Reg.
857 5624 1090 5706 ἄρρητον
1118 5627 1398 5706 κοινωνίαν
1420 5624 1680 5704 ποιοῦσιν.
1695 5629 1994 5706 societatem

432 5725 683 5761 arcanam
720 5696 962 5760 red'dui'ti.
989 5696 1211 5762 'Lectio,
1252 5711 1371 5765 qua:
1415 5696 1586 5763 posita
1620 5704 1704 5749 est
1756 5696 1993 5749 secundo

434 5780 574 5841 loco,
606 5776 733 5830 mihi
762 5784 816 5828 et
846 5773 1018 5842 aptior
1048 5770 1254 5823 videtur
1281 5775 1334 5820 et
1372 5765 1565 5818 verior.

2099 4598 2164 4666 τῇ
2208 4597 2501 4667 άγαθότητι
2532 4599 2590 4651 δὲ
2635 4601 2734 4669 τῆς
2764 4599 3134 4671 προαιρέσεως
3156 4601 3584 4670 καταδεχόμενος
3615 4603 3678 4652 τὸ

2099 4688 2370 4759 ὑπήκοον·
2414 4692 2570 4745 τοῦτο
2614 4690 2849 4762 χαλεπὸν
2901 4690 2996 4744 καὶ
3042 4691 3299 4763 φρικτὸν,
3330 4694 3423 4743 καὶ¹
3454 4691 3678 4761 δλεθρον

2098 4779 2258 4849 φέρον
2284 4785 2395 4844 τοῖς
2424 4782 2795 4854 ἀρνουμένοις.
2838 4783 2894 4836 Ὁ
2924 4783 2979 4835 δὲ
3009 4782 3391 4854 προστίθησιν·

2168 4962 2327 5013 ΕΥΝ.
2378 4962 2499 5014 Ὅτι
2548 4964 2661 5023 τοῖς
2722 4963 2906 5033 νόμοις
2956 4960 3057 5029 τῆς
3106 4958 3319 5027 φύσεως
3366 4958 3610 5025 ἑπομένη
3642 4958 3678 5026 ἦ

2096 5051 2189 5103 τοῦ
2222 5050 2356 5104 Θεοῦ
2408 5052 2583 5115 οὐσία,
2636 5051 2758 5104 οὔτε
2815 5052 2910 5122 τὴν
2953 5052 3087 5121 πρὸς
3142 5049 3325 5120 ἕτερον
3388 5049 3679 5119 σύγκρισιν

2097 5143 2399 5213 ἐπιδέχεται
2421 5183 2434 5207 ,
2469 5145 2563 5197 καὶ
2616 5143 2843 5214 παρέχει
2876 5145 3007 5213 ἡμῖν
3050 5140 3339 5195 ἀκόλουθον
3390 5140 3487 5192 καὶ
3516 5155 3683 5209 προσ-

2166 5345 2277 5416 (49)
2306 5345 2533 5417 Codices
2563 5343 2825 5417 nonnulli
2854 5340 3134 5417 ἀρχὴν-δέ,
3164 5340 3374 5417 omisso
3400 5336 3674 5417 articulo;

2092 5425 2146 5469 et
2176 5412 2339 5468 'ita'in
2377 5416 2563 5468 codice
2589 5412 2905 5468 Colbertino
2940 5414 3155 5479 legitur.
3195 5412 3248 5461 in
3272 5424 3381 5477 quo
3410 5412 3524 5479 jam
3553 5421 3672 5479 mn-

2092 5487 2309 5539 nnintus
2364 5485 2559 5537 librum
2614 5482 2865 5554 Eunomii
2927 5477 3179 5535 inveniri.
3213 5479 3372 5542 llluil,
3418 5477 3673 5554 τὴνάρ-

2092 5557 2214 5625 χήν,
2258 5554 2636 5607 adverbialiter
2667 5553 2925 5625 positum
2956 5565 3090 5625 esse
3144 5564 3303 5625 nemo
3350 5563 3457 5601 non
3507 5548 3675 5625 videt.

2090 5618 2190 5677 Elii
2235 5641 2362 5677 mss.
2386 5633 2442 5677 et
2469 5626 2597 5677 editi
2630 5618 2727 5693 τὴν
2756 5623 2931 5694 ἀρχὴν
2953 5620 3011 5676 δέ
3033 5637 3051 5655 υ
3072 5619 3214 5692 quod
3234 5633 3452 5688 quoque
3486 5618 3679 5671 adverb

2092 5695 2303 5749 biuliter
2334 5695 2435 5747 dici
2467 5706 2651 5747 notum
2684 5705 2791 5746 est.
