3822 6216
151 324 259 384 645

1253 320 1621 384 ADVERSUS
1659 326 2026 385 EUNOMIUM
2067 326 2195 386 LIB.
2237 327 2300 385 ll.

3283 330 3390 391 οιθ

147 439 394 510 ήκουσαν
445 434 522 508 τῷ
569 435 681 505 ἰδίῳ
723 433 992 508 ἀξιώματι
1036 434 1174 490 νοεῖν
1210 437 1394 502 αὐτοῖς
1429 437 1529 510 τὴν
1577 439 1709 512 ἐνέρ·

1835 443 1928 494 tati
1969 440 2196 512 propria:
2228 447 2646 496 consentaneam
2684 450 2826 503 esse,
2862 444 3025 508 atque
3061 441 3389 497 convenien-

147 547 329 598 γειαν.

222 620 375 674 ΒΑΣ.
407 617 576 674 Τοῦτο
609 615 823 692 εἴρηται
855 617 954 691 μὲν
991 618 1182 691 ἐκείνῳ
1210 618 1321 692 (50)
1351 621 1430 684 είς
1456 619 1726 686 ἀπόδειξιν

146 713 246 784 τῆς
276 710 681 782 ἀλλοτριώσεως
707 710 800 764 τοῦ
826 709 1162 780 Μονογενοῦς
1195 705 1332 783 πρὸς
1354 710 1445 766 τὸν
1473 711 1722 784 Πατέρα·

148 801 434 872 συνίστησι
464 799 522 855 δὲ
567 799 660 855 τὸν
709 798 973 873 ἡμέτερον
1001 800 1173 870 λόγον.
1200 802 1264 855 Εί
1297 801 1405 872 γάρ
1437 801 1726 856 ἀκόλουθον

145 894 242 948 καὶ
264 895 644 965 προσήκουσαν
665 893 742 964 τῷ
774 893 887 964 ἰδίῳ
918 891 1185 962 ἀξιώματι
1215 892 1440 964 παρέχει
1467 897 1605 947 νοεῖν
1632 893 1724 946 καὶ

141 987 246 1057 τὴν
293 984 577 1055 ἐνέργειαν
619 986 651 1055 ἡ
695 983 790 1038 τοῦ
819 983 952 1037 Θεοῦ
981 985 1134 1037 οὐσία
1154 1025 1168 1049 ,
1209 985 1426 1056 ἀξίωμα
1454 985 1551 1055 μέν
1580 987 1724 1039 ἐστιν

142 1076 183 1145 ἡ
217 1076 586 1146 ἀγεννησία,
625 1075 701 1139 ὡς
725 1075 976 1148 Εὐνομίῳ
1020 1077 1198 1130 δοκεῖ’
1244 1077 1305 1129 τὸ
1347 1077 1404 1129 δὲ
1438 1077 1568 1130 αὐτὸ
1612 1076 1722 1146 (51)

143 1167 242 1221 καὶ
292 1167 450 1221 οὐσία
486 1167 626 1220 κατὰ
667 1167 758 1222 τὸν
801 1168 1003 1222 τούτων
1051 1168 1225 1237 λόγον,
1258 1167 1506 1238 ἐνέργεια
1535 1168 1591 1222 δὲ
1630 1168 1722 1222 τοῦ

144 1258 283 1312 Θεοῦ
309 1261 337 1312 6
356 1259 687 1328 Μονογενὴς,
711 1259 743 1328 ἢ
765 1259 1048 1330 ἐνεργείας
1077 1260 1258 1314 εἰκών.
1277 1261 1384 1313 Καὶ
1399 1260 1556 1313 τοῦτο
1587 1260 1725 1313 κατά

145 1351 235 1402 τὸν
289 1347 496 1402 τούτων
539 1350 696 1418 λόγον
719 1365 733 1378 °
790 1349 931 1403 ὥστε
978 1351 1187 1414 τούτοις
1233 1352 1532 1420 ἀντιλέγειν
1581 1371 1722 1424 παρ-

152 1437 311 1490 έλκον
341 1438 408 1492 ἂν
433 1436 517 1509 εἴη
539 1477 555 1504 ,
587 1438 738 1492 οὐδὲν
763 1438 974 1508 ἔχουσιν
1002 1439 1132 1510 (52).
1163 1441 1233 1493 Ἢ
1251 1439 1443 1494 πολλοῦ
1475 1441 1539 1494 ἂν
1564 1459 1724 1512 τιμη-

148 1527 353 1598 σαίμην
386 1529 667 1601 ἀρνεῖσθαι
697 1531 890 1592 αὐτοὺς
916 1530 1262 1602 βλασφημίαν
1292 1531 1493 1602 ταύτην
1514 1549 1527 1563 °
1563 1533 1721 1602 πλὴν,

145 1621 444 1693 ἐπειδήπερ
468 1623 783 1694 εἰρήκασιν,
819 1623 878 1688 ἐξ
910 1625 1088 1678 αὐτῶν
1123 1625 1229 1677 τῶν
1257 1624 1464 1688 τούτοις
1501 1625 1724 1695 εἰρημέ-

144 1729 254 1765 νων
287 1711 729 1784 συλλογισώμεθα
749 1755 763 1779 ,
795 1714 876 1767 ὅτι
906 1716 985 1777 εἰς
1014 1714 1228 1785 ἀξίωμα
1259 1715 1355 1783 μὲν
1389 1713 1481 1766 τοῦ
1515 1714 1649 1767 Θεοῦ
1681 1716 1719 1782 ἠ

1829 539 1956 585 tem.

1897 621 2022 677 Bas.
2043 619 2156 675 Hoc
2184 619 2402 690 quidem
2442 618 2510 674 ab
2547 629 2613 673 eo
2639 617 2841 674 dictum
2871 623 2976 684 est,
3023 625 3082 673 ut
3135 617 3390 692 Unigeni-

1828 721 1940 766 tum
1967 725 1997 766 a
2031 710 2192 767 Patre
2219 710 2453 766 alienum
2483 710 2729 765 ostendat
2756 725 2772 770 :
2805 716 2860 763 at
2905 717 3147 764 nostrum
3184 725 3390 766 sermo-

1828 819 1949 860 nem
1991 802 2298 858 conﬁrmat.
2333 799 2545 856 Etenim
2580 801 2625 854 si
2673 799 2770 854 Dei
2806 799 3105 855 substantia
3136 800 3240 857 hoc
3273 801 3389 864 dat,

1828 904 1886 948 ut
1916 893 2293 963 operationem
2319 891 2687 962 intelligamus
2730 903 3154 946 consentaneam
3191 905 3390 948 conve-

1827 987 2174 1054 nientemque
2205 1000 2316 1039 sua:
2339 983 2607 1054 dignitati,
2650 982 2886 1052 dignitas
2914 981 3160 1052 quaedam
3190 989 3275 1038 est
3305 981 3390 1036 in-

1824 1078 2078 1147 genitum,
2119 1085 2178 1131 ut
2211 1075 2474 1130 Eunomio
2513 1075 2749 1138 videtur,
2803 1087 2992 1128 rursus
3030 1073 3081 1127 id
3111 1073 3284 1142 ipsum
3333 1082 3390 1128 et

1826 1168 2122 1224 substantia
2170 1177 2252 1222 est
2291 1182 2358 1222 ex
2387 1167 2576 1220 horum
2622 1167 2909 1231 sententia,
2943 1158 3261 1234 Unigenitus
3288 1180 3386 1217 au-

1825 1269 1930 1322 tem
1961 1259 2203 1328 operatio
2225 1266 2307 1311 est
2341 1254 2456 1320 Dci,
2493 1265 2584 1309 aut
2613 1257 2949 1324 operationis
2981 1256 3188 1324 imago;
3229 1256 3388 1325 idque

1825 1366 1891 1403 ex
1924 1351 2114 1403 horum
2141 1350 2381 1404 doctrina
2420 1365 2433 1401 :
2471 1361 2641 1417 quare
2681 1348 2760 1402 his
2799 1349 3170 1402 contradicere
3201 1364 3390 1416 super-

1826 1439 1988 1494 lluum
2021 1440 2206 1504 luerit,
2239 1453 2360 1494 cum
2400 1438 2533 1492 nihil
2564 1437 2790 1492 habeant
2821 1438 2962 1507 quod
3004 1436 3158 1492 nobis
3193 1439 3388 1492 adver-

1825 1543 1992 1586 setur.
2051 1532 2392 1601 Cmteroquin
2453 1545 2548 1585 eos
2605 1528 2838 1584 facerem
2895 1529 3136 1599 plurimi,
3171 1530 3216 1584 si
3247 1530 3386 1583 hanc

1824 1622 2214 1692 blasphemiam
2271 1624 2648 1692 abnegarent:
2708 1619 2962 1691 quoniam
3014 1631 3191 1675 tamen
3234 1622 3387 1675 dixe-

1825 1723 1968 1777 runt,
2021 1729 2087 1766 ex
2142 1713 2272 1782 ipsis
2320 1727 2506 1766 eorum
2547 1711 2706 1766 dictis
2747 1711 3086 1780 colligamus,
3127 1711 3288 1780 quod,
3341 1712 3383 1765 si

144 1802 479 1871 ἁτεννησία
508 1803 648 1874 (55),
683 1804 744 1857 16
775 1805 831 1858 δὲ
857 1806 987 1858 αὐτὸ
1015 1807 1106 1858 καὶ
1131 1806 1287 1858 οὐσία
1306 1847 1319 1869 ,
1349 1805 1636 1869 ἀκόλουθος
1665 1806 1709 1858 δὲ

1821 1804 2062 1873 quaedam
2085 1803 2179 1858 Dei
2216 1802 2450 1874 dignitas
2473 1813 2554 1857 est
2577 1803 2884 1871 ingenitum,
2911 1803 2959 1856 id
2989 1812 3168 1856 autem
3211 1802 3383 1872 ipsum

144 1894 242 1945 καὶ
270 1893 717 1964 προσήκουσατῷ
758 1893 1027 1966 ἀξιώματι
1057 1895 1150 1948 τοῦ
1199 1894 1331 1948 Θεοῦ
1383 1899 1414 1966 ἡ
1451 1897 1717 1968 ἐνέργεια,

141 1983 284 2054 αὕτη
314 1985 372 2038 δέ
413 1987 558 2038 ἐστιν
581 1987 609 2038 6
641 1988 870 2058 Χριστὸς
901 1987 1041 2040 κατά
1072 1987 1170 2059 τὴν
1204 1987 1406 2042 τούτων
1433 1989 1716 2059 ὑπόληψιν,

142 2080 346 2141 οἰκεῖος
374 2078 483 2148 ἀρα
526 2079 620 2132 καὶ
652 2081 941 2150 προσήκων
965 2081 1031 2149 τῇ
1064 2079 1220 2149 οὐσίᾳ
1261 2079 1410 2131 ἔσται
1435 2081 1528 2132 τοῦ
1562 2080 1717 2134 Θεοῦ.

146 2168 255 2222 Kal.
298 2169 501 2222 τούτων
525 2169 674 2222 οὐδέν
701 2173 845 2223 ἐστιν
872 2170 1154 2241 ἡμέτερον.
1194 2171 1342 2224 Αὐτὰ
1375 2171 1482 2243 γὰρ
1507 2171 1574 2225 τὰ
1600 2172 1721 2225 τού-

142 2277 253 2312 των
285 2259 571 2322 συνθέντες
602 2261 841 2330 ῥήματα,
881 2262 966 2313 ἐπ’
1011 2260 1189 2313 αὐτῶν
1209 2261 1306 2332 τὴν
1339 2261 1503 2326 δεῖξιν
1536 2264 1719 2315 ποιού-

144 2349 310 2419 μεθα.
334 2350 411 2421 Τῇ
436 2350 610 2422 οὐσίᾳ,
637 2352 789 2421 φησὶ,
815 2350 906 2404 τοῦ
930 2351 1064 2405 Θεοῦ
1088 2352 1368 2406 ἀκολουθεῖ
1389 2353 1447 2405 τὸ
1469 2350 1685 2425 ἀξίωμα
1704 2370 1717 2384 °

139 2437 223 2509 τῷ
247 2437 516 2510 ἀξιώματι
537 2439 871 2509 ἁναλογοῦσά
897 2442 1041 2494 ἐστιν
1075 2444 1108 2512 ή
1141 2442 1417 2514 ἐνέργειαν
1453 2443 1550 2514 τῆς
1572 2446 1721 2516 ἐνερ-

138 2531 313 2601 γείας.
351 2529 514 2584 εἰκὼν
565 2533 593 2584 6
636 2516 974 2603 Μονογενὴς·
1016 2533 1110 2586 καὶ
1164 2534 1453 2599 ἀνάπαλιν,
1523 2536 1570 2587 εί
1622 2536 1720 2606 τῆς

142 2623 248 2694 μὲν
279 2622 390 2693 (54)
421 2622 702 2693 ἐνεργείας
728 2625 756 2676 ὁ
787 2623 1094 2695 Μονογενὴς
1121 2624 1302 2689 εἰκὼν,
1325 2629 1357 2694 ἡ
1393 2626 1449 2678 δέ
1475 2627 1720 2697 ἐνέργεια

137 2712 238 2767 τοῦ
287 2711 615 2782 ἀξιώματος,
666 2712 728 2765 τὸ
777 2713 835 2766 δὲ
888 2713 1103 2784 ἀξίωμα
1148 2717 1246 2786 τῆς
1289 2715 1495 2780 οὐσίας,
1554 2717 1582 2768 6
1611 2719 1722 2770 Μο-

135 2803 374 2872 νογενὴς
401 2802 552 2855 ἔσται
581 2802 678 2874 τῆς
705 2803 893 2866 οὐσίας
915 2803 1097 2857 εἰκών.
1118 2804 1271 2856 Οὕτω
1295 2807 1388 2858 καὶ⁹
1414 2807 1565 2858 αὐτοὶ
1595 2806 1721 2858 πολ-

135 2897 303 2960 λάκις
342 2896 393 2949 οἱ
430 2895 659 2968 ἐργάται
705 2894 800 2948 τοῦ
854 2894 1102 2964 ψεύδους,
1154 2896 1255 2948 ὐπὸ
1295 2896 1394 2968 τῆς
1443 2898 1721 2968 ἐνεργείας

134 2987 437 3059 ἀγχόμενοι
456 3026 470 3051 ,
504 2986 841 3058 μαρτυροῦσι
883 2989 946 3058 τῇ
979 2985 1206 3058 ἀληθείᾳ
1234 2990 1327 3041 καὶ
1355 2988 1430 3059 μὴ
1461 2989 1718 3059 βουλόμε-

133 3098 244 3135 νοι.
292 3079 446 3133 Ἐπεὶ
475 3079 568 3132 καὶ
595 3079 644 3132 oi
664 3077 914 3149 δαίμονες
936 3079 1054 3150 οὐχὶ
1078 3079 1474 3148 εὐαγγελιστῶν
1503 3081 1716 3135 ἐποίουν

133 3169 328 3241 ἔργον,
359 3167 472 3222 ἀλλ’
509 3167 850 3222 ἀντιϐλέπειν
896 3168 971 3239 μὴ
1013 3168 1299 3239 δυνάμενοι
1342 3169 1420 3240 τῷ
1455 3171 1553 3240 τῆς
1582 3169 1712 3240 ἀλη-

135 3263 296 3325 θείας
330 3260 486 3330 φωτὶ,
509 3259 709 3313 ἐὸόων’
739 3258 998 3329 Οτδαμέν
1028 3275 1101 3313 σε
1124 3261 1216 3326 τις
1243 3256 1315 3325 εἴ,
1342 3263 1375 3314 ό
1409 3260 1575 3327 ci.er
1607 3261 1715 3314 τοῦ

138 3351 317 3406 Θεοῦ.

210 3439 303 3493 52.
340 3439 566 3510 Ἴδωμεν
589 3439 646 3492 δέ
675 3439 767 3492 καλ⁵
796 3438 866 3490 τὰ
894 3437 1180 3493 ἀκόλουθα.

211 3530 376 3585 ΕΥΝ.
407 3529 532 3584 Είτε
565 3530 705 3602 γὰρ,
731 3529 924 3601 φησὶν,
967 3532 1032 3582 ἐκ
1073 3529 1180 3584 τῶν
1219 3530 1718 3602 δημιουργημάτων

136 3623 517 3694 αοπούμενός
537 3640 641 3688 τις,
670 3624 734 3675 ἐκ
753 3621 955 3675 τούτων
976 3622 1071 3676 ἐπὶ
1088 3622 1188 3686 τὰς
1218 3623 1406 3686 οὐσίας
1443 3625 1696 3692 ἀνάγοιτο

211 3759 260 3791 ’⁸
295 3758 458 3813 Marc.
497 3775 535 3824 ι,
563 3757 653 3812 24.

214 3916 330 3986 (50)
355 3915 498 3971 Editi
517 3917 598 3980 εἰς
631 3910 903 3980 ἀπόδειξιν
927 3913 1140 3984 ἐκείνῳ.
1163 3913 1234 3966 At
1255 3927 1385 3967 mss.
1415 3911 1606 3983 ἐκείνῳ
1632 3913 1711 3974 εἰς

132 3986 438 4039 ἀπόδειξιν.

317 4005 438 4041 ιζιν.

213 3986 500 4124 ἓξὲξῇἨίῑί
532 4054 594 4108 16
621 4054 677 4108 δέ
715 4053 848 4107 αὐτὸ
868 4052 1045 4124 τοῦτο.
1087 4051 1200 4124 vos
1231 4051 1389 4105 τοῦτο
1431 4051 1484 4104 in
1513 4049 1711 4124 codici-

132 4118 243 4196 bus
271 4118 668 4196 antiquioribus
697 4126 865 4180 deest.
896 4123 1095 4178 lbidem
1129 4121 1263 4193 Reg.
1305 4131 1532 4191 quartus
1570 4118 1710 4173 κατὰ

131 4195 229 4247 τὸν
259 4193 450 4250 τούτου
479 4193 654 4262 λόγον.

212 4266 328 4332 (δε)
354 4267 450 4319 Hic
480 4259 629 4318 locus
657 4263 803 4316 visus
830 4271 912 4316 est
941 4261 1142 4317 homini
1173 4259 1487 4332 doctissimo
1513 4259 1707 4332 Ducaao

134 4329 368 4390 mutilus
422 4344 475 4389 et
529 4333 837 4387 mendosus.
911 4333 1015 4387 Sed
1081 4339 1301 4398 praestat
1348 4329 1481 4398 pejus
1542 4331 1704 4383 verba

135 4405 438 4466 ascribere,
457 4419 575 4471 qua:
607 4403 719 4455 haec
735 4410 860 4455 sunt
891 4418 904 4453 :
938 4397 1105 4454 Locus
1143 4412 1215 4471 est
1247 4401 1300 4451 in
1330 4397 1510 4471 (greco
1539 4401 1698 4450 muti-

135 4474 246 4535 lus,
280 4490 370 4527 nec
405 4467 920 4526 ad'eumsanandum
941 4473 1068 4524 satis
1094 4470 1307 4538 adjuvat
1341 4467 1468 4538 Reg.
1505 4485 1602 4521 ms.
1644 4471 1697 4520 in

132 4557 244 4608 quo
275 4544 407 4610 lego,
427 4541 502 4604 ὥς
537 4557 600 4609 γε
639 4539 849 4602 τούτοις
880 4537 1178 4608 ἀντιλέγεις
1209 4539 1309 4591 οὐκ
1334 4537 1564 4610 ἔχουσιν,
1591 4548 1694 4610 etc.

133 4607 339 4680 Fateor
363 4607 575 4680 quidem
604 4611 748 4664 hunc
785 4610 960 4665 locum
998 4607 1241 4680 mutilum
1275 4623 1394 4680 esse
1428 4609 1477 4658 in
1520 4607 1697 4680 Regiis

136 4679 320 4734 tribus
350 4678 481 4736 mss.
507 4680 728 4748 perinde
757 4689 917 4746 atque
942 4685 993 4733 in
1025 4681 1160 4733 libro
1198 4678 1373 4748 Dircaei
1409 4693 1428 4748 :7
1454 4678 1544 4729 sed
1579 4680 1697 4730 dico

132 4765 264 4802 eum
319 4751 446 4803 mihi
505 4751 772 4818 integrum
799 4760 853 4803 et
881 4750 1220 4803 emendatum
1258 4747 1431 4818 ivideri
1479 4748 1538 4818 _i_n
1579 4748 1696 4800 aliis

133 4821 354 4888 {lnobus
385 4835 513 4874 mss.
567 4813 763 4888 Régiisi
784 4827 838 4888 et
864 4820 916 4872 in
952 4826 1179 4888 utraque
1204 4817 1439 4888 editione
1479 4813 1611 4888 Ven.
1644 4827 1698 4868 et

131 4886 318 4942 Paris.
348 4897 402 4943 et
431 4890 484 4942 in
510 4885 697 4943 codice
727 4887 1034 4942 Colbertino
1058 4902 1072 4938 :
1092 4885 1160 4939 in
1207 4885 1402 4953 quibus
1446 4887 1697 4938 onmihus

132 4957 336 5026 legitur
364 4958 455 5022 ita,
490 4969 550 5011 ut
581 4958 632 5009 in
674 4967 932 5026 contextu
973 4957 1155 5026 videre
1181 4955 1328 5026 licet.
1361 4953 1492 5008 Puto
1533 4955 1697 5024 igitur

128 5023 396 5080 Basilium
437 5025 807 5090 ἐλλειπτικῶς,
840 5036 896 5079 ut
927 5041 1065 5092 saepe
1098 5025 1248 5088 alias,
1290 5023 1521 5077 locutum
1555 5023 1692 5085 esse,

130 5099 220 5150 sic
256 5106 315 5150 ut
345 5106 466 5165 post
493 5096 643 5150 οὐδέν
691 5109 796 5148 vox
843 5095 1101 5159 ἐναντίον,
1135 5104 1227 5147 aut
1251 5093 1354 5165 alia
1381 5094 1695 5165 quaevissi-

129 5165 283 5219 milis
320 5161 697 5230 subaudiatur,
721 5167 862 5234 quod
903 5167 975 5219 ita
1009 5161 1488 5234 interpretabimur
1515 5181 1526 5216 :
1559 5162 1695 5234 Cum

127 5235 270 5288 nihil
298 5236 518 5306 habeant
544 5235 682 5306 quod
714 5232 859 5306 nobis
894 5236 1197 5306 aduersetur
1232 5249 1251 5285 :
1279 5241 1375 5286 aut
1407 5232 1474 5306 si_
1504 5233 1691 5306 ma_v_is,

124 5321 252 5357 cum
291 5305 418 5356 nihil
446 5300 670 5358 habeant
699 5303 836 5372 quod
863 5305 1008 5357 nobis
1039 5317 1295 5371 apponere
1336 5301 1552 5372 possint.
1576 5300 1694 5372 Nec

123 5389 325 5440 parum
376 5375 514 5428 hanc
563 5369 926 5440 conjecturam
993 5369 1229 5439 adjuvat,
1275 5373 1418 5437 quod
1465 5369 1692 5424 Basilius

124 5439 294 5510 paulo
327 5455 452 5496 ante
501 5445 574 5496 ita
614 5439 889 5510 scripserit
927 5441 1084 5497 :Hoc
1131 5439 1400 5510 (Eutioinii
1449 5441 1692 5510 testimo-

123 5507 306 5578 iiium)
336 5528 622 5565 sermonem
662 5507 895 5564 nostrum
943 5507 1243 5576 conﬁrmat.
1296 5509 1362 5560 Et
1418 5507 1693 5576 aliquanto

123 5581 274 5634 infra
307 5598 321 5632 :
357 5580 444 5633 Sic
467 5598 603 5650 ηερε
651 5590 700 5633 et
740 5582 839 5648 ipsi
889 5580 1150 5650 mendacii
1195 5578 1692 5650 architecti,_rerum

120 5652 500 5716 perspicuitate
542 5648 739 5713 adacti,
788 5650 862 5704 vel
894 5649 1047 5702 inviti
1087 5650 1356 5701 veritatem
1397 5648 1690 5716 testimonio

120 5714 222 5774 suo
250 5714 616 5789 comprobant.
647 5720 797 5787 Quod
823 5721 959 5776 idem
993 5726 1075 5773 est
1100 5732 1162 5774 ac
1192 5718 1238 5772 si
1272 5717 1475 5773 diceret
1507 5731 1520 5767 :
1547 5714 1690 5770 Tan-

1823 1896 2121 1952 substantia
2157 1909 2373 1965 quoque
2393 1903 2498 1959 est,
2523 1903 2887 1949 consentanea
2918 1909 3044 1948 vero
3071 1903 3155 1948 est
3187 1904 3387 1948 etcon-

1823 1988 2044 2052 veniens
2075 1989 2169 2042 Dei
2209 1987 2459 2056 dignitati
2499 1987 2738 2053 operatio
2761 1983 2896 2052 ejus,
2937 1985 3051 2040 haec
3100 1994 3275 2040 autem
3305 1997 3388 2040 est

1823 2075 2068 2130 Christus
2092 2089 2154 2128 ex
2194 2074 2384 2128 horum
2421 2074 2712 2140 sententia,
2757 2075 3080 2145 coniunctus
3126 2076 3292 2144 igitur
3320 2092 3384 2128 ac

1823 2166 2145 2220 conveniens
2173 2167 2275 2219 erit
2306 2164 2623 2220 substantiae
2649 2165 2762 2219 Dei.
2788 2167 2963 2233 Atque
3016 2167 3208 2219 horum
3245 2167 3375 2220 nihil

1824 2265 2067 2311 nostrum
2096 2265 2195 2311 est.
2218 2255 2335 2325 Ipsa
2361 2257 2505 2310 enim
2539 2258 2762 2310 istorum
2788 2258 2947 2310 verba
2979 2271 3383 2326 componentes,

1823 2364 1887 2403 ex
1917 2348 2109 2403 iisdem
2167 2349 2680 2402 demonstrationem
2729 2349 3086 2403 conteximus.
3125 2349 3386 2403 Substan-

1825 2438 1978 2501 tiam,
2001 2437 2192 2506 inquit,
2231 2438 2478 2505 sequitur
2510 2436 2600 2490 Dei
2633 2434 2864 2505 dignitas
2897 2452 2910 2490 :
2961 2437 3121 2492 habet
3151 2452 3381 2506 propor-

1821 2530 2022 2583 tionem
2057 2529 2301 2597 operatio
2331 2543 2452 2583 cum
2481 2527 2742 2598 dignitate
2774 2543 2785 2579 :
2827 2528 3156 2595 operationis
3205 2531 3380 2600 imago

1821 2631 1902 2675 est
1943 2618 2260 2689 Uuigenitus
2296 2637 2310 2672 :
2343 2629 2394 2674 et
2419 2619 2537 2673 vice
2569 2634 2746 2683 versa,
2775 2620 2817 2673 si
2845 2618 3165 2690 Unigenitus
3198 2621 3374 2691 imago

1822 2723 1906 2766 est
1938 2709 2304 2780 operationis:
2342 2709 2586 2778 operatio
2611 2723 2757 2774 vero,
2790 2709 3066 2779 dignitatis
3099 2727 3114 2764 :
3146 2710 3380 2780 dignitas

1821 2809 2022 2868 autem,
2046 2800 2380 2865 substantiae,
2416 2799 2732 2870 Unigenitus
2757 2801 3074 2855 substantia:
3111 2801 3214 2855 erit
3245 2803 3380 2856 ima-

1821 2907 1906 2962 go.
1936 2892 2027 2947 Sic
2051 2906 2194 2961 saepe
2221 2899 2276 2945 et
2298 2891 2396 2961 ipsi
2429 2893 2694 2946 mendacii
2725 2891 3030 2958 architecti,
3055 2907 3232 2947 rerum
3255 2908 3381 2962 pcr-

1819 2983 2106 3051 spicuitate
2137 2984 2332 3047 coacti,
2369 2980 2450 3036 vel
2474 2982 2622 3036 inviti
2655 2984 2938 3036 veritatem
2958 2983 3265 3039 testimonio
3282 3001 3382 3040 suo

1819 3075 2190 3142 comprobant.
2211 3073 2375 3143 269
2389 3071 2521 3126 Nam
2546 3081 2601 3126 et
2622 3073 2890 3128 dmmones
2905 3088 3010 3127 non
3027 3075 3381 3144 evangelista-

1741 3137 1786 3198 ε
1815 3137 2380 3233 τυηιίιιοίθὺοηῆβιῖε
2411 3182 2425 3217 :
2452 3163 2544 3218 sed
2579 3173 2755 3218 tamen
2778 3178 2900 3219 cum
2931 3137 3378 3221 veritatis'lucem

1812 3257 2011 3313 intueri
2042 3272 2146 3312 non
2176 3255 2733 3326 possent,clamabant
2759 3277 2770 3312 :
2793 3255 3046 3311 Nouimus
3069 3269 3116 3311 te
3137 3259 3252 3325 quis
3280 3259 3378 3326 sis,

1815 3349 2066 3401 nimirum
2092 3347 2183 3402 ille
2211 3356 2426 3401 sanctus
2459 3345 2555 3400 Dei
2584 3347 2654 3400 ".

1886 3438 1976 3492 52.
2009 3436 2113 3492 Sed
2137 3437 2412 3492 videamus
2447 3445 2505 3490 et
2549 3437 2851 3504 sequentia.

1888 3531 2025 3587 Eun.
2058 3529 2114 3586 Si
2145 3531 2269 3600 quis
2291 3530 2456 3593 enim,
2485 3527 2680 3598 inquit,
2713 3543 2826 3583 rem
2855 3544 2920 3583 ex
2953 3540 3220 3586 creaturis
3245 3546 3380 3588 con-

1817 3625 2085 3690 siderans,
2147 3637 2251 3692 ope
2281 3623 2472 3676 harum
2526 3619 2594 3675 ad
2643 3619 2978 3678 substantias
3006 3624 3328 3692 perducatur
3355 3661 3373 3690 ,

1810 3909 2120 3982 tumabest.
2145 3920 2209 3982 ut
2236 3911 2554 3965 Eunomiam
2597 3911 2888 3980 quicquam
2922 3927 3063 3966 nunc
3093 3913 3372 3982 proferant

1806 3980 1946 4047 quod
1967 3980 2123 4033 nobis
2151 3981 2483 4043 adversetur,
2515 3983 2749 4034 utetiam
2779 3980 3106 4035 sententiam
3123 3993 3366 4038 nostram

1806 4049 2146 4115 conﬁrment,
2175 4065 2404 4118 eamque
2431 4051 2500 4104 ob
2529 4063 2706 4102 rerum
2741 4051 3178 4119 perspicuitatem
3216 4056 3366 4108 testi-

1807 4119 1990 4194 ingnio
2020 4133 2119 4171 suo
2143 4119 2383 4174 stabilire
2401 4129 2680 4194 cogantur:
2711 4121 2862 4185 Quod
2899 4120 3212 4194 sequimni)
3241 4124 3371 4194 πολ-

1805 4187 1897 4239 λοῦ
1932 4187 2016 4248 ἄν,
2043 4197 2173 4252 etc.,
2199 4189 2512 4257 ca’teroquin
2537 4203 2623 4240 eos
2645 4187 2868 4256 facerem
2892 4190 3128 4258 plurimi,
3159 4187 3211 4244 si
3234 4191 3370 4247 hanc

1807 4257 2179 4330 blasphemiam
2213 4259 2549 4330 abnegarent,
2576 4273 2681 4310 non
2703 4259 2774 4330 ita
2801 4257 2970 4325 accipi
3003 4261 3180 4325 debet,
3211 4264 3371 4330 quasi

1805 4326 1858 4379 in
1893 4329 1974 4381 his
2003 4326 2356 4398 blasphemia
2391 4327 2570 4394 aliqua
2598 4329 2983 4398 contineatur,
3010 4345 3131 4383 cum
3185 4326 3363 4398 potius

1801 4411 2100 4451 sermonem
2133 4412 2287 4450 suum
2330 4397 2451 4449 inde
2472 4397 2778 4450 conlirmari
2811 4397 2951 4450 dicat
2982 4397 3240 4453 Basilius:
3265 4405 3358 4456 sed

1802 4437 2100 4451 νυ....υ..ν...
2133 4437 2287 4450 .,.......
2332 4437 2451 4449 ...νυ
2811 4437 2951 4450 ων...
2982 4437 3240 4453 .,...,........
3265 4437 3290 4454 ο
3328 4437 3343 4455 ι

1731 4437 1772 4490 D
1805 4467 1903 4518 hoc
1927 4467 2122 4518 modo:
2161 4465 2216 4520 Si
2252 4464 2570 4519 Eunomiaui
2593 4467 2782 4518 malam
2813 4481 2961 4518 suam
2999 4437 3343 4533 voluntate";

1799 4549 1903 4602 qua
1959 4536 2028 4587 ita
2078 4534 2354 4602 loquentes
2425 4535 2764 4603 Unigenituin
2826 4550 2854 4587 a
2918 4535 3078 4591 Patre
3127 4537 3360 4592 alienum

1798 4605 2086 4659 ostendero
2110 4604 2314 4665 volunt.
2349 4606 2562 4658 tandem
2603 4605 2891 4673 aliquando
2913 4606 3210 4671 abjicerent
3244 4625 3362 4660 inu-

1800 4683 2106 4742 tarentque,
2126 4673 2278 4727 valde
2307 4673 2592 4726 admodum
2620 4675 2685 4727 de
2715 4677 2813 4727 hoc
2843 4690 2936 4729 eos
2971 4677 3268 4730 laudarem.
3307 4677 3360 4731 Id

1798 4757 1978 4798 autem
2005 4745 2076 4814 ita
2112 4757 2231 4797 esse
2253 4743 2429 4814 facile,
2453 4743 2666 4814 opin_or,
2699 4745 2974 4808 fatebitur,
3000 4747 3088 4813 qui
3117 4761 3201 4809 ea,
3239 4761 3360 4814 quae

1799 4815 1994 4884 partim
2036 4813 2147 4882 jam
2201 4813 2546 4884 protulimus,
2574 4811 2754 4866 Basilii
2789 4811 3208 4884 verba__lcgerit.
3241 4811 3356 4869 Hoc

1797 4883 2257 5002 Ἑιὶίίεηιηηαυὶι,
2287 4882 2352 4934 ab
2387 4897 2446 4933 eo
2494 4883 2691 4934 dictum
2723 4891 2819 4948 est,
2847 4893 2901 4934 ut
2953 4881 3288 4950 Unipemtum
3327 4907 3359 4938 (ι

1851 4962 1960 5002 atre
1993 4952 2219 5002 alienun:
2243 4953 2480 5002 ostendat
2523 4967 2540 5002 :
2581 4961 2632 5002 at
2661 4959 2895 5002 nostrum
2923 4969 3209 5002 sermonem
3233 4973 3359 5002 con-

1851 4962 1960 5004 atre
1993 4952 2219 5004 alienum
2243 4953 2480 5004 ostendat
2523 4967 2540 5003 .'
2581 4961 2632 5002 at
2661 4959 2895 5004 nostrum
2923 4969 3209 5007 sermonem
3233 4973 3359 5008 con-

1796 5021 1992 5086 ﬁrmat.
2028 5051 2097 5059 ——
2124 5021 2229 5073 Καὶ
2257 5019 2431 5090 τοῦτο
2460 5020 2609 5072 κατά
2633 5021 2737 5072 τὸν
2769 5021 2993 5074 τούτων
3015 5023 3216 5090 λόγον.
3255 5025 3362 5078 Το-

1801 5098 1884 5142 tus
1919 5090 2006 5142 hic
2029 5089 2177 5160 locus
2211 5091 2290 5142 sic
2333 5089 2542 5142 videtur
2581 5089 2884 5143 reddendus
2927 5109 2940 5141 :
2987 5089 3156 5160 Atque
3199 5094 3253 5144 id
3293 5111 3360 5146 ea:

1795 5173 1976 5211 eorum
2007 5158 2249 5211 doctrina
2275 5160 2628 5228 consequitur,
2658 5161 2734 5210 ita
2758 5171 2807 5210 ut
2842 5161 2917 5212 eis
2943 5158 3263 5228 superﬂuum
3289 5166 3358 5215 sit

1795 5229 2170 5292 contradicere,
2204 5244 2320 5280 cum
2354 5229 2406 5278 id
2431 5245 2534 5280 non
2570 5229 2787 5300 possint.
2826 5230 2899 5280 Ac
2928 5246 3114 5297 magno
3148 5235 3356 5300 quidem

1794 5312 2058 5369 mercarer
2114 5306 2168 5348 ut
2209 5301 2342 5369 hanc
2382 5313 2534 5349 suam
2588 5299 2902 5369 impietatem
2934 5305 3223 5369 abnegent;
3265 5305 3355 5353 sed

1793 5367 1916 5433 quia
1942 5381 2056 5417 eam
2089 5367 2436 5432 protulerunt.
2471 5377 2576 5419 etc.
2609 5365 2817 5420 ΜΑιιΑΝ.

1865 5434 1975 5504 (55)
2008 5434 2146 5487 Editi
2179 5434 2277 5505 μὲν
2309 5433 2444 5486 Θεοῦ
2493 5436 2806 5505 ἀγεννησίοι.
2854 5435 3031 5490 Codex
3094 5437 3246 5491 Colb.
3305 5451 3358 5490 et

1794 5501 1929 5579 Reg.
1960 5501 2153 5579 ’tertins
2181 5501 2240 5579 ut
2283 5505 2334 5579 i_n
2389 5501 2836 5579 contestu.'_lllox
2883 5508 3041 5559 iidem
3088 5509 3357 5579 codicesﬁ

1793 5575 2062 5642 ἐνέργεια.
2096 5572 2376 5642 Articulus
2403 5575 2452 5625 in
2487 5575 2648 5626 editis
2677 5575 3105 5629 desiderahatnr.

1793 5643 1976 5766 bu(554)
2003 5641 2256 5700 Voculam
2291 5641 2388 5711 μέν
2420 5642 2601 5699 addidi
2622 5657 2686 5698 ex
2715 5645 2921 5702 duobus
2950 5645 3132 5716 Regiis
3156 5645 3362 5705 οοᾶίοἱε

1833 5728 1919 5768 IIS.
