3822 6216
413 350 517 410 θιῑῖ

1752 354 1810 409 S.
1851 352 2093 410 BASlLll
2132 351 2347 409 MAGNI

3542 346 3652 402 618

413 476 697 536 propterea
730 466 870 536 quod
897 466 1117 535 ingeniti
1152 473 1454 521 creaturam
1485 464 1682 521 Filium
1713 465 1974 533 inveniat,

2102 466 2173 520 ποῦ
2209 467 2306 538 μὲν
2331 464 2620 536 ἀγεννὴτου
2645 464 2732 518 τὸν
2758 464 2882 518 Υίὸν
2909 463 3174 534 εὑρίσκων
3213 462 3439 534 ποίημα,
3466 461 3563 515 τοῦ
3595 464 3655 516 δὲ

414 555 684 626 Unigeniti
710 553 1228 621 vero,Paracletum,
1265 555 1390 610 item
1427 564 1708 624 propterea
1739 556 1880 626 quod
1913 571 1981 610 ex

417 645 688 716 Uuigeniti
717 645 1053 714 prtestantia,
1090 646 1427 714 operationis
1457 645 1744 701 conﬁrmet
1792 647 1978 701 diver-

413 737 651 798 sitatem,
679 735 795 804 ejus
820 735 984 789 etiam
1011 735 1345 790 diversitatis
1367 751 1487 805 qua:
1531 736 1826 790 secundum
1857 738 1985 792 sub-

414 828 666 881 stantiam
697 834 798 892 est,
829 832 1202 893 argumentum
1231 825 1592 880 certissimum
1623 825 1840 896 accipit.

407 935 418 955 ι
483 918 607 971 Bas.
641 917 878 970 Primum
907 917 1070 986 igitur
1099 916 1370 986 quomodo
1392 917 1710 971 substantiae
1742 933 1807 972 ex
1833 933 1984 972 crea-

417 1011 552 1065 turis
580 1010 834 1064 azstimari
862 1009 1091 1080 possint,
1113 1023 1215 1077 ego
1239 1009 1454 1079 quidem
1491 1025 1596 1062 non
1623 1010 1798 1064 video.
1831 1010 1983 1063 Enim

417 1118 546 1158 vero
580 1101 897 1172 potentiam,
933 1101 1363 1171 sapientiamque
1388 1109 1444 1156 et
1487 1109 1682 1164 artem,
1717 1115 1822 1155 non
1860 1101 1989 1155 sub-

417 1195 674 1248 stantiam
729 1195 904 1265 ipsam
954 1194 1196 1248 indicant
1247 1203 1532 1248 creatum.
1573 1193 1687 1248 lmo
1723 1209 1790 1248 ne
1819 1195 1986 1264 ipsam

419 1290 637 1359 quidem
673 1288 886 1358 opiﬁcis
933 1289 1226 1358 potentiam
1255 1296 1422 1341 totam
1458 1287 1767 1342 necessario
1804 1287 1989 1342 decla-

418 1390 581 1446 rant;
613 1395 736 1436 cum
763 1395 1152 1448 nonnunquam
1182 1379 1299 1433 ﬁeri
1340 1380 1536 1448 possit,
1570 1387 1628 1432 ut
1653 1377 1846 1434 artifex
1883 1393 1989 1434 non

416 1489 608 1529 omnes
654 1474 802 1526 vires
848 1488 977 1526 suas
1009 1473 1062 1525 in
1107 1472 1317 1540 agendo
1349 1481 1588 1534 exserat,
1621 1472 1713 1525 sed
1743 1485 1884 1540 saepe
1907 1485 1990 1526 re-

417 1567 719 1619 missiorem
741 1572 990 1618 conatum
1017 1565 1068 1617 in
1099 1563 1354 1630 operibus
1373 1563 1505 1616 artis
1534 1563 1808 1618 adhibeat.
1835 1562 1988 1629 Quod

419 1659 463 1712 si
498 1668 665 1712 totam
690 1658 851 1710 etiam
882 1656 1180 1726 p0tentiam
1215 1655 1602 1709 transmoverit
1629 1656 1679 1708 in
1708 1670 1868 1726 opus,
1914 1656 1989 1710 ita

419 1753 630 1805 demum
663 1750 904 1802 futurum
939 1759 1042 1812 est,
1078 1757 1136 1800 ut
1159 1746 1276 1814 ejus
1303 1749 1450 1801 vires
1493 1745 1750 1816 operibus
1798 1747 1992 1800 metia-

2083 559 2418 628 Μονογενοῦς
2443 559 2532 611 τὸν
2553 557 2926 630 Παράκλητον,
2947 557 3058 610 κὰκ
3087 557 3184 628 τῆς
3201 555 3293 609 τοῦ
3317 556 3659 624 Μονογενοῦς

2084 651 2357 722 ὑπεροχῆς
2392 650 2500 721 (55)
2534 648 2632 721 τὴν
2670 649 2770 720 τῆς
2809 647 3088 719 ἐνεργείας
3135 646 3397 717 διαφοράν
3434 645 3661 698 πιστου-

2088 759 2265 815 μενος,
2296 740 2772 812 ὰναμφισϐήτητον
2796 738 3059 809 λαμϐάνει
3084 738 3178 790 καὶ
3198 737 3299 806 τῆς
3319 739 3438 790 κατ’
3465 737 3659 789 οὐσίαν

2085 832 2434 906 παραλλαγῆς
2459 833 2556 904 τὴν
2579 829 2869 894 ἀπόδειξιν.

2155 926 2302 979 ΒΑΣ.
2347 923 2568 995 Πρῶτον
2622 922 2719 993 μὲν
2757 916 2848 975 οὖν
2889 919 3007 983 πῶς
3041 919 3264 972 δυνατὸν
3310 921 3375 972 ἐκ
3401 918 3512 971 τῶν
3564 917 3664 987 δη-

2089 1017 2514 1090 μιουργημάτων
2559 1014 2660 1078 τὰς
2700 1002 2886 1077 οὐσίας
2929 1011 3374 1081 ἀναλογίζεσθαι,
3399 1010 3509 1080 ἐγὼ
3562 1011 3664 1082 μὲν

2085 1110 2180 1178 οὐχ
2208 1107 2338 1179 δρῶ-
2381 1107 2668 1177 Δυνάμεως
2715 1105 2842 1176 γὰρ,
2899 1105 2993 1158 καὶ
3043 1103 3249 1172 σοφίας,
3304 1102 3398 1155 καὶ
3441 1102 3662 1171 τέχνης,

2073 1199 2207 1269 ὀὐχὶ
2236 1197 2292 1251 δὲ
2339 1197 2438 1268 τῆς
2473 1197 2658 1260 οὐσίας
2685 1196 2850 1267 αὐτῆς
2877 1195 3183 1248 ἐνδεικτικά
3205 1196 3318 1247 ἐστι
3354 1193 3662 1262 ποιήματα..

2088 1292 2198 1345 Καὶ
2221 1291 2340 1345 οὐδὲ
2373 1290 2542 1360 αὐτὴν
2576 1290 2756 1342 πᾶσαν
2802 1286 2894 1340 τοῦ
2935 1286 3265 1357 δημιουργοῦ
3301 1285 3398 1357 τῆν
3429 1284 3667 1354 δύναμιν

2089 1384 2401 1454 ἀναγκαίως
2425 1385 2772 1455 παρίστησιν,
2817 1382 3170 1453 ἐκδεχομένου
3198 1379 3324 1432 ποτὲ
3366 1378 3455 1432 τὸν
3487 1378 3672 1449 τεχνί-

2087 1495 2188 1550 την
2237 1477 2310 1548 μὴ
2339 1479 2520 1530 πᾶσαν
2555 1476 2746 1530 ἑαυτοῦ
2792 1475 2888 1546 τὴν
2948 1475 3098 1544 ἰσχὺν
3146 1471 3499 1526 ἐναποθέσθαι
3547 1473 3673 1534 ταῖς

2089 1568 2406 1640 ἐνεργείαις,
2422 1566 2533 1620 ἀλλ’
2550 1566 2858 1637 ὑφειμένοις
2877 1563 3133 1626 πολλάκις
3146 1561 3358 1615 ἐπὶτῶν
3373 1561 3552 1632 ἔργων
3569 1561 3675 1630 ς

2090 1661 2284 1732 τέχνης
2305 1662 2415 1722 τοῖς
2438 1658 2608 1722 τόνοις
2633 1657 2743 1728 (56)
2768 1656 3092 1727 χρήσασθαι.
3119 1656 3181 1708 Εἰ
3207 1655 3264 1708 δὲ
3296 1654 3389 1706 καὶ
3413 1653 3542 1723 ὃλην
3572 1652 3674 1724 τὴν

2092 1753 2317 1822 δύναμιν
2367 1750 2458 1803 ἐπὶ
2503 1750 2562 1803 τὸ
2610 1749 2769 1821 ἔργον
2825 1749 3189 1818 ἀνακινήσειε,
3241 1746 3332 1798 καὶ
3380 1745 3556 1808 οὕτως
3604 1744 3677 1797 ἂν

419 1858 560 1906 mur,
587 1856 690 1894 non
719 1849 896 1894 autem
932 1843 1026 1893 fiet
1059 1850 1117 1892 ut
1161 1839 1547 1903 substantiam,
1599 1853 1718 1907 quae
1774 1836 1990 1891 tandem

2102 1843 2328 1913 ὑπάρχοι
2366 1841 2462 1912 τὴν
2507 1841 2658 1912 ἰσχὺν
2699 1838 2862 1893 αὐτοῦ
2891 1839 2979 1892 διά
3007 1838 3114 1890 τῶν
3150 1837 3322 1908 ἔργων
3347 1838 3679 1908 ἀναμετρεῖ-

418 1950 480 1988 ea
515 1934 606 2001 sit,
649 1932 1034 2001 intelligamus.
1081 1930 1234 1998 Quod
1276 1931 1344 1994 si,
1390 1930 1648 1998 quoniam
1676 1927 1861 1982 divina
1899 1944 1994 1981 na-

421 2035 538 2078 tura
575 2023 802 2091 simplex
850 2029 934 2076 est
990 2031 1155 2090 atque
1203 2020 1598 2090 incomposita,
1627 2019 1990 2074 substantiam

419 2115 690 2170 existimet
719 2128 821 2166 una
849 2127 970 2168 cum
1000 2121 1266 2182 potestate
1287 2126 1635 2174 concurrere,
1668 2123 1743 2175 et,
1771 2121 1991 2180 propter

423 2211 659 2262 innatam
703 2207 811 2260 Deo
836 2206 1155 2272 bonitatem,
1180 2205 1326 2258 dicat
1378 2212 1545 2258 totam
1591 2203 1767 2257 Patris
1798 2213 2038 2272 poten-o

424 2301 550 2353 tiam
581 2299 646 2351 ad
688 2297 1092 2367 generationem
1124 2297 1246 2350 Filii
1295 2304 1644 2359 commotam,
1699 2305 1859 2362 atque
1891 2295 1991 2349 ite-

424 2405 543 2443 rum
577 2399 740 2442 totam
788 2386 1064 2456 Unigeniti
1098 2386 1164 2439 ad
1201 2385 1559 2441 substantiam
1608 2384 1846 2452 Spiritus
1869 2399 1996 2438 san-

423 2483 518 2545 ‹·ιί,
565 2480 700 2533 adeo
745 2490 802 2531 ut
841 2494 908 2532 ex
939 2477 1148 2547 Spiritu
1190 2476 1408 2546 quidem
1445 2477 1685 2546 potentia
1716 2473 1992 2546 Unigeniti

431 2573 833 2640 conspiciatur,
889 2569 1157 2638 simulque
1201 2570 1362 2623 etiam
1435 2569 1775 2624 substantia:
1811 2583 1997 2623 rursus

425 2680 553 2716 vero
584 2679 646 2715 cx
685 2661 995 2728 Unigenito,
1030 2661 1206 2713 Patris
1241 2659 1573 2730 intelligatur
1597 2670 1651 2716 et
1677 2661 1916 2730 potentia
1941 2670 1996 2715 et

424 2755 724 2809 substantia
755 2793 768 2816 ,
816 2753 1083 2806 advertite
1130 2753 1258 2820 quid
1293 2751 1418 2806 hinc
1459 2752 1762 2822 colligatur.
1801 2749 1933 2806 Nam
1966 2767 1997 2806 e

425 2847 620 2914 quibus
654 2854 879 2897 conatus
914 2853 998 2897 est
1028 2843 1346 2897 substantia:
1375 2843 1874 2897 dissimilitudinem
1907 2858 1998 2897 os-

428 2939 666 3000 tendere,
706 2951 773 2990 ex
823 2937 888 2988 iis
918 2935 1248 3002 comperitur
1286 2934 1697 2988 similitudinem
1726 2946 1992 2990 astruere.

427 3033 637 3086 Etenim
664 3030 707 3083 si
746 3037 983 3098 potestas
1017 3027 1147 3081 nihil
1180 3042 1302 3080 cum
1324 3027 1628 3081 substantia
1655 3027 1817 3082 habet
1843 3042 1994 3081 com-

429 3141 613 3189 mune,
658 3123 928 3192 quomodo
961 3137 1027 3174 ex
1069 3120 1300 3189 opiﬁciis
1330 3135 1452 3190 quae
1475 3118 1701 3172 effectus
1734 3126 1861 3172 sunt
1897 3133 1996 3186 po-

2095 1934 2240 1999 σθαι,
2280 1935 2400 2004 οὐχὶ
2441 1933 2498 1986 δὲ
2532 1935 2629 2004 τὴν
2661 1933 2872 1995 οὐσίαν,
2904 1932 3026 2001 ῆτις
3060 1930 3187 1984 ποτέ
3210 1933 3322 1983 ἐστι
3344 1970 3358 1993 ,
3385 1929 3677 1998 καταλαμ-

2092 2025 2369 2079 ϐάνεσθαι.
2422 2023 2484 2076 Ei
2516 2023 2572 2075 δὲ
2624 2022 2709 2076 διὰ
2747 2022 2808 2075 τὸ
2858 2021 3059 2074 ἁπλοῦν
3100 2020 3194 2072 καὶ
3247 2019 3537 2072 ἀσύνθετον
3574 2019 3680 2088 τῆς

2095 2116 2246 2178 Θείας
2273 2115 2486 2184 φύσεως
2515 2116 2579 2184 τῇ
2615 2114 2710 2184 μὲν
2744 2112 2968 2182 δυνάμει
3004 2110 3297 2182 σύνδρομον
3323 2108 3529 2160 τίθεται
3574 2107 3678 2178 τὴν

2092 2209 2299 2273 οὐσίαν,
2337 2209 2428 2260 καὶ
2464 2206 2551 2260 διά
2599 2208 2695 2277 τὴν
2739 2204 3044 2278 προσοῦσαν
3102 2202 3412 2274 ἀγαθότητα
3445 2200 3526 2270 τῷ
3556 2198 3680 2269 Θεῷ

2093 2302 2222 2372 ὅλην
2242 2301 2338 2372 μὲν
2355 2297 2669 2369 κεκινῆσθαι
2695 2297 2842 2366 λέγοι
2869 2297 2978 2368 (57)
2997 2297 3092 2367 τὴν
3108 2297 3201 2348 τοῦ
3218 2295 3431 2366 Πατρός
3443 2293 3680 2361 δύναμιν

2095 2397 2175 2458 είς
2206 2393 2304 2464 τὴν
2350 2392 2603 2460 γέννησιν
2643 2389 2735 2443 τοῦ
2768 2389 2898 2442 Υἱοῦ
2920 2429 2935 2451 ,
2969 2388 3094 2458 ὃλην
3133 2387 3189 2440 δὲ
3223 2387 3385 2440 πάλιν
3433 2386 3531 2457 τὴν
3579 2384 3681 2438 τοῦ

2095 2481 2434 2550 Μονογενοῦς
2475 2481 2553 2543 είς
2583 2479 2680 2549 τὴν
2708 2478 3004 2531 ὑπόστασιν
3029 2477 3123 2530 τοῦ
3149 2476 3306 2543 ἁγίου
3336 2475 3474 2527 Πνεύ
3485 2490 3679 2543 ματος,

2095 2575 2236 2628 ὥστε
2266 2575 2331 2626 ἐκ
2364 2573 2459 2644 μὲν
2493 2572 2585 2625 τοῦ
2605 2570 2918 2641 Πνεύματος
2946 2570 3043 2641 τὴν
3075 2567 3166 2621 τοῦ
3209 2566 3547 2634 Μονογενοῦς
3584 2565 3687 2616 8-5-

2096 2683 2261 2736 ναμιν
2296 2663 2640 2736 θεωρεῖσθαι,
2670 2663 2806 2734 ὁμοῦ
2828 2663 2886 2715 δὲ
2919 2664 3012 2715 καὶ
3037 2661 3134 2733 τὴν
3161 2663 3367 2726 οὐσίαν,
3399 2662 3460 2712 ἐκ
3493 2660 3551 2712 δὲ
3582 2659 3685 2712 τοῦ

2099 2759 2430 2829 Μονογενοῦς
2485 2758 2646 2811 πάλιν
2670 2759 2766 2829 τὴν
2810 2757 2904 2810 τοῦ
2964 2757 3171 2828 Πατρὺς
3219 2755 3444 2826 δύναμίν
3491 2771 3550 2806 τε
3581 2753 3686 2806 καὶ

2097 2854 2282 2906 οὐσίαν
2317 2851 2828 2922 καταλαμϐάνεσθαι
2848 2867 2860 2880 α
2911 2853 3162 2903 σκοπεῖτε
3195 2850 3257 2902 τὸ
3289 2849 3683 2917 συναγόμενον.

2111 2943 2200 3007 Ἐξ
2223 2937 2298 2997 ὧν
2333 2943 2441 3014 γὰρ
2480 2943 2803 3013 ἐπεχείρησε
2852 2941 2914 2994 τὸ
2962 2941 3210 3011 ἀνόμοιον
3267 2941 3526 3011 συστῆσαι
3575 2939 3688 3009 τῆς

2099 3037 2306 3099 οὐσίας,
2334 3038 2396 3088 ἐκ
2424 3034 2628 3088 τούτων
2655 3037 2824 3104 ἐφάνη
2859 3034 3280 3096 κατασκευάζων
3307 3033 3404 3104 τὴν
3429 3032 3689 3101 ὁμοιότη-

2099 3144 2187 3178 τα.
2228 3127 2288 3178 Εἰ
2323 3125 2422 3196 μὲν
2447 3125 2556 3196 γάρ
2590 3125 2740 3178 οὐδὲν
2767 3125 2878 3194 ἔχει
2901 3123 3130 3193 κοινὸνή
3161 3123 3389 3193 δύναμις
3577 3122 3688 3192 τὴν

428 3217 659 3280 testatis,
696 3215 760 3266 ad
797 3213 1333 3281 comprehensionem
1376 3212 1542 3280 ipsius
1575 3211 1840 3266 deductus
1868 3210 1994 3266 est?

2102 3217 2303 3279 οὐσίαν,
2333 3217 2448 3279 πῶς
2489 3217 2554 3270 ὲκ
2612 3214 2722 3268 τῶν
2768 3215 3299 3286 δημιουργημάτων,
3345 3214 3486 3286 ἅπερ
3522 3214 3692 3266 δυνά-

425 3319 638 3369 contra,
683 3305 728 3358 si
778 3305 916 3358 idem
970 3313 1055 3359 est
1103 3304 1404 3358 substantia
1443 3314 1498 3357 et
1534 3313 1812 3374 potestas:
1851 3304 1998 3372 quod

428 3410 748 3469 potestatem
785 3399 1050 3467 designat,
1089 3398 1139 3450 id
1165 3397 1404 3466 profecto
1451 3397 1808 3450 substantiam
1835 3395 1997 3449 etiam

427 3493 749 3560 designabit.
786 3489 1017 3544 Proinde
1054 3489 1268 3560 epiticia
1299 3503 1404 3542 non
1434 3490 1500 3542 ad
1535 3487 1852 3543 substantiae
1887 3487 1999 3541 dis-

427 3584 861 3648 similitudinem,
897 3593 950 3635 ut
1006 3591 1060 3634 tu
1090 3581 1246 3646 dicis,
1284 3581 1375 3635 sed
1421 3581 1487 3635 ad
1522 3581 1817 3650 perfectam
1852 3579 2001 3634 simi-

430 3676 709 3729 litudinem
756 3677 980 3736 ducunt.
1027 3675 1231 3726 Rursus
1260 3683 1407 3728 certe
1433 3685 1485 3725 et
1527 3673 1613 3727 hic
1647 3681 1877 3728 conatus
1906 3687 2001 3725 no-

429 3779 599 3822 stram
637 3767 807 3834 magis
853 3781 1012 3834 quam
1069 3764 1236 3833 ipsius
1279 3763 1604 3818 sententiam
1632 3762 1860 3817 stabilit.
1895 3763 2002 3816 Aut

429 3862 577 3916 enim
606 3875 710 3913 non
742 3860 907 3912 habet
927 3857 1066 3910 unde
1093 3871 1154 3908 ea
1185 3870 1304 3925 quae
1331 3856 1466 3909 dixit
1492 3856 1858 3910 demonstret:
1889 3865 2000 3926 aut,

431 3954 476 4008 si
499 3970 529 4007 e
553 3951 980 4006 rebushumanis
1003 3947 1247 4016 exempla
1273 3957 1572 4010 mutuatur,
1621 3947 1862 4001 inveniet
1893 3962 1996 4000 non

429 4061 497 4100 cx
538 4044 764 4098 artiﬁcis
819 4043 1073 4110 Operibus
1108 4039 1330 4109 intelligi
1394 4055 1422 4092 a
1463 4039 1623 4092 nobis
1653 4039 1771 4105 ejus
1820 4053 2002 4092 essen-

431 4140 583 4201 tiam,
612 4136 703 4191 sed
727 4149 791 4189 ex
818 4134 998 4204 genito
1020 4132 1278 4202 genitoris
1311 4140 1559 4184 naturam
1588 4130 1865 4199 cognosci.
1893 4128 2004 4183 Nec

432 4229 576 4283 enim
612 4227 729 4283 ﬁeri
757 4235 954 4296 potest,
989 4225 1183 4293 ntejus
1205 4223 1295 4292 qui
1326 4226 1544 4276 domum
1586 4223 1893 4276 construxit
1919 4235 2004 4277 es-

438 4321 615 4376 sentia
667 4319 1154 4386 comprehendatur
1191 4331 1258 4370 ex
1289 4315 1487 4370 domo:
1529 4327 1585 4367 at
1617 4313 1836 4368 difﬁcile
1897 4328 2003 4368 non

433 4421 518 4468 est
541 4427 604 4465 ex
625 4412 870 4480 genitura
901 4408 1160 4479 genitoris
1187 4416 1434 4460 naturam
1461 4404 1788 4474 intelligere.
1825 4403 2007 4469 Quare

2103 3308 2246 3378 μεώς
2269 3310 2417 3360 ἐστιν
2443 3307 2878 3377 ἀποτελέσματα,
2910 3308 3045 3378 πρὸς
3065 3306 3162 3376 τὴν
3182 3305 3482 3375 κατάληψιν
3508 3305 3691 3372 αὐτῆς

2100 3398 2392 3468 ὼδηγήθης
2433 3400 2482 3450 εί
2525 3398 2581 3451 δὲ
2619 3398 2813 3452 ταυτὸν
2858 3397 3014 3450 οὐσία
3048 3397 3108 3450 τέ
3154 3399 3268 3449 ἐστι
3303 3397 3398 3450 καὶ
3424 3397 3686 3466 δύναμις,

2100 3491 2160 3542 τὸ
2193 3490 2289 3562 τὴν
2331 3489 2557 3560 δύναμιν
2587 3491 2986 3561 χαρακτηρίζον
3029 3488 3420 3560 χαρακτηρίσει
3459 3489 3692 3551 πάντως

2101 3584 2195 3634 καὶ
2251 3580 2350 3652 τὴν
2395 3581 2603 3636 οὐσίαν.
2661 3582 2822 3634 Ὥστε
2879 3582 2946 3634 τὰ
3001 3581 3480 3652 δημιουργήματα,
3509 3579 3583 3641 ὡς
3618 3583 3690 3632 σὺ

2102 3675 2225 3744 φῂς,
2254 3673 2313 3726 οὐ
2338 3673 2473 3744 πρὸς
2509 3673 2569 3725 τὸ
2597 3673 2847 3744 ἀνόμοιον
2877 3673 2974 3742 τῆς
3006 3672 3216 3736 οὐσίας,
3252 3672 3389 3725 ἀλλά
3585 3671 3692 3741 τὴν

2103 3763 2389 3834 ἀκρίϐειαν
2412 3765 2512 3835 τῆς
2541 3765 2861 3835 ὁμοιότητος
2903 3765 3078 3836 φέρει.
3134 3763 3302 3816 Πάλιν
3362 3761 3544 3832 μέντοι
3588 3761 3695 3814 καὶ

2102 3853 2258 3907 τοῦτο
2281 3854 2342 3906 τὸ
2367 3855 2672 3926 ἐγχείρημα
2690 3856 2779 3909 τὸν
2802 3855 3068 3926 ἡμέτερον
3111 3853 3308 3924 μᾶλλον
3336 3853 3370 3924 ἦ
3395 3852 3485 3904 τὸν
3519 3849 3694 3905 αὑτοῦ

2103 3947 2258 4014 λόγον
2286 3947 2618 4018 συνίστησιν.
2661 3949 2732 4000 Ἢ
2761 3945 2871 4016 γὰρ
2913 3946 3209 4017 οὐδαμόθεν
3245 3945 3358 4014 ἔχει
3404 3944 3697 4014 παρασχέ-

2106 4039 2228 4091 σθαι
2261 4040 2368 4090 τῶν
2400 4041 2702 4110 εἰρημένων
2731 4039 2830 4102 τὰς
2873 4037 3206 4102 ἀποδείξεις,
3237 4037 3269 4106 ἢ
3301 4035 3460 4104 εἴπερ
3493 4036 3559 4086 ἐκ
3581 4034 3696 4084 τῶν

2105 4129 2459 4200 ἀνθρωπίνων
2508 4131 2607 4193 τὰς
2647 4131 2858 4194 είκὸνας
2904 4129 3191 4200 λαμϐάνοι,
3243 4127 3468 4197 εὑρήσει
3495 4126 3593 4177 οὐκ
3626 4125 3697 4176 ἐκ

2104 4224 2213 4276 τῶν
2238 4223 2418 4295 ἔργων
2461 4223 2552 4277 τοῦ
2585 4225 2829 4294 τεχνίτου
2861 4225 2919 4276 ἐν
2954 4222 3200 4292 περινοίᾳ.
3230 4219 3331 4288 τῆς
3367 4219 3556 4280 οὐσίας
3586 4217 3695 4269 αὑ-

2104 4316 2196 4369 τοῦ
2249 4316 2568 4386 γινομένους
2604 4317 2771 4386 ἡμᾶς,
2820 4313 2933 4366 ἀλλ’
2978 4315 3041 4366 ὲκ
3077 4311 3169 4363 τοῦ
3209 4307 3562 4378 γεννηθέντος
3589 4306 3696 4374 τὴν

2104 4408 2197 4460 τοῦ
2231 4408 2623 4478 γεγεννηκότος
2669 4406 2829 4475 φύσιν
2865 4404 3345 4473 ὲπιγινώσκοντας.
3379 4399 3453 4452 Οὐ
3489 4397 3597 4466 γὰρ
3628 4398 3696 4448 ἐκ

435 4505 480 4558 si
518 4503 833 4572 Unigenitus
865 4510 1116 4555 creatura
1150 4508 1265 4564 est,
1299 4497 1479 4552 Patris
1513 4499 1670 4552 nobis
1708 4498 1994 4553 essentiam

2107 4501 2208 4570 τῆς
2257 4501 2434 4564 οἰκίας
2486 4500 2584 4572 τὴν
2628 4499 2816 4552 οὐσίαν
2867 4497 2961 4551 τοῦ
3023 4495 3302 4564 οἰκοδόμου
3364 4489 3696 4544 καταλαϐεῖν

437 4613 540 4650 non
567 4596 789 4649 exhibet
817 4611 829 4646 :
871 4594 917 4648 si
962 4607 1093 4646 vero
1121 4590 1336 4646 Patrem
1378 4591 1536 4646 nobis
1565 4601 1752 4644 notum
1789 4606 1886 4660 per
1913 4605 2004 4646 se-

434 4688 609 4756 ipsum
675 4686 825 4752 facit,
881 4699 984 4738 non
1036 4693 1288 4738 creatura
1325 4692 1430 4748 est,
1473 4682 1566 4736 sed
1601 4681 1773 4736 Filius
1818 4696 2002 4748 verus,

437 4778 638 4846 Deique
665 4778 864 4842 imago,
891 4786 945 4829 et
973 4775 1288 4830 substantiae
1331 4776 1638 4828 character.
1675 4771 1859 4841 Atque
1888 4773 2003 4827 haec

433 4871 647 4938 quidem
673 4881 795 4923 sunt
818 4867 1144 4937 ltujusmodi.

429 4963 584 5032 τέρα,
644 4960 765 5029 οὐχὶ
813 4957 1220 5029 δημιούργημα,
1261 4955 1396 5008 ἀλλὰ
1446 4953 1572 5015 Υἱὸς
1627 4953 1853 5024 ἀληθὴς,
1907 4953 2003 5004 καὶ

433 5055 540 5105 Καὶ
565 5053 738 5106 ταῦτα
774 5051 872 5121 μὲν
898 5049 1140 5101 τοιαῦτα.

504 5240 616 5310 ('55)
647 5237 690 5292 E
715 5241 930 5310 regione
957 5227 1423 5310 νορίςὺπεροχῆς,
1465 5226 1517 5278 in
1541 5224 1802 5310 'margine
1825 5225 1995 5310 ’Βρενῖί

433 5293 804 5376 tertii'legitui"
829 5308 928 5360 hoc
960 5293 1248 5376 scholium;
1388 5294 1712 5376 ὑπερέχεται
1889 5294 1990 5376 Ξοὺ

433 5365 1089 5450 ᾗατρόςῖνεωμρῖωειᾳηιία
1116 5365 1236 5450 _qud
1280 5365 1559 5450 superatur
1589 5381 1621 5445 α
1662 5365 1995 5450 νιξανιινεπὸθπά

433 5436 512 5506 ὧι
547 5436 920 5509 ὺοῖιιῡείίἐὶιιε,
948 5447 1089 5497 hunc
1116 5436 1292 5494 locum
1323 5437 1422 5509 sibi
1447 5436 1614 5509 videri
1647 5436 1999 5509 potius_acci-

436 5503 686 5591 piendum
709 5519 772 5569 de
798 5530 860 5567 ea
883 5503 1342 5591 priestantia_,_qua
1370 5505 1694 5591 Unigenitus
1725 5518 1790 5557 ex
1819 5503 1993 5557 Euno-

435 5577 738 5643 inianornm
766 5577 1033 5637 sententia
1066 5580 1327 5647 Spiritum
1347 5577 1658 5647 superabat.

506 5658 616 5724 (56)
648 5653 866 5722 lrrepsit
901 5643 1149 5704 mendum
1196 5651 1247 5724 in
1279 5646 1576 5700 editionem
1613 5643 1995 5724 Parisiensem

438 5711 1078 5789 negligentia'operarum
1133 5739 1147 5774 :
1207 5719 1393 5784 inqua
1443 5727 1537 5779 pro
1569 5711 1744 5775 τόνοις
1798 5713 2000 5782 legitur

437 5809 636 5854 πόνοις.

2111 4595 2331 4648 δυνατόν
2354 4609 2366 4623 ⁸
2397 4594 2462 4647 ὲκ
2518 4594 2700 4663 μέντοι
2747 4591 2842 4644 τοῦ
2890 4591 3227 4660 γεννήματος
3261 4585 3448 4655 νοῆσαι
3513 4582 3696 4654 ῥᾴδιον

2111 4685 2203 4738 τοῦ
2251 4687 2639 4756 γεγεννηκότος
2673 4685 2770 4755 τὴν
2803 4684 2984 4753 φύσιν.
3030 4683 3188 4733 Ὥστε
3217 4681 3264 4731 εί
3295 4678 3396 4747 μὲν
3429 4672 3692 4746 δημιούρ-

2109 4793 2262 4847 γημα
2295 4782 2323 4830 ό
2361 4777 2689 4847 Μονογενῆς.
2725 4777 2787 4830 οὐ
2823 4775 3152 4845 παρίστησιν
3184 4771 3316 4841 ἡμῖν
3353 4767 3448 4821 τοῦ
3479 4767 3694 4834 Πατρὸς

2108 4867 2207 4936 τὴν
2232 4868 2448 4922 οὐσίαν·
2483 4871 2532 4920 εἰ
2565 4868 2620 4920 δὲ
2650 4867 2904 4939 γνωρίζει
2948 4866 3081 4936 ἡμῖν
3127 4863 3193 4916 δι’
3227 4861 3423 4916 ἑαυτοῦ
3459 4861 3552 4912 τὸν
3584 4859 3696 4910 Παε-

2063 4955 2226 5010 είκὼν
2268 4958 2361 5010 τοῦ
2431 4958 2589 5024 Θεοῦ,
2648 4958 2744 5010 καὶ
2810 4956 2920 5026 (58)
2985 4955 3337 5016 ὑποστάσεως
3384 4951 3687 5021 χαρακτήρ.

2180 5226 2294 5298 (57)
2335 5224 2574 5298 codices.
2593 5226 2801 5298 aliqum
2822 5230 2994 5295 λεγει.

2180 5289 2292 5364 (58)
2331 5296 2512 5351 Codex
2543 5289 2702 5350 Colb.’
2752 5305 2808 5351 et
2859 5289 2945 5350 alii
2987 5307 3098 5349 tres
3154 5293 3310 5364 Regii
3361 5290 3504 5346 ἀλλὰ
3565 5289 3692 5352 Υἱὸς

2095 5367 2191 5421 καὶ
2215 5364 2379 5420 εἰκὼν
2404 5366 2612 5437 ἀληθὴς
2626 5367 2730 5437 καί
2762 5382 2776 5420 :
2803 5382 2942 5434 quos
2963 5367 3130 5421 libros
3161 5374 3384 5418 secutus
3419 5364 3689 5437 iulg-pres

2097 5441 2177 5492 sic
2208 5439 2369 5490 vertit
2402 5456 2414 5490 :
2453 5431 2581 5490 S'ed'
2615 5435 2791 5490 Filius
2824 5431 2894 5489 ἐι
2943 5439 3118 5504 imago
3167 5444 3281 5486 erat
3317 5449 3457 5485 rem.
3518 5431 3692 5486 Editio

2098 5519 2327 5575 utraque
2357 5507 2530 5560 Paris.
2571 5517 2626 5561 et
2669 5505 2815 5562 Ven.
2845 5521 2968 5559 cum
3015 5505 3150 5573 Reg.
3185 5514 3442 5575 sextorut
3475 5504 3530 5554 in
3561 5515 3692 5575 con-

2101 5570 2269 5630 textu.
2304 5579 2433 5646 lteg.
2460 5587 2689 5644 quartus
2713 5578 2766 5629 in
2803 5578 3046 5640 margine
3078 5570 3149 5646 iis
3176 5585 3243 5646 ut
3277 5573 3564 5646 edidimus
3591 5587 3605 5624 :
3631 5570 3687 5646 i_n

2097 5657 2351 5699 euntettu
2380 5637 2509 5699 vero
2535 5646 2648 5698 ἀλλ’
2671 5647 2819 5712 Υἱὸς,
2854 5637 2950 5698 καὶ
2983 5643 3146 5698 εἰκὼν
3164 5642 3373 5713 ἀληθὴς
3398 5639 3497 5695 τοῦ
3529 5637 3690 5701 Θεοῦ,

2099 5721 2189 5769 sed
2215 5716 2414 5782 Filius,
2440 5726 2486 5769 et
2515 5733 2631 5770 vera
2655 5716 2746 5770 Dei
2771 5719 2972 5785 imago.
