3822 6216
158 338 270 396 649

1262 352 1641 410 ADVERSUS
1679 353 2044 412 EUNOMIUM
2081 358 2208 414 LIB.
2248 359 2313 414 II.

2371 232 2400 263 κ

3298 357 3404 414 650

230 457 323 510 55.
378 456 442 509 Ἠ
485 457 541 510 δὲ
588 459 902 530 παρενθήκη
932 462 1039 530 (59)
1087 466 1184 533 τῆς
1231 464 1577 537 βλασφημίας
1607 469 1740 538 ὅσης

1918 470 2082 540 270
2107 472 2196 526 '55.
2225 471 2342 526 Jam
2372 486 2499 526 vero
2522 482 2722 541 quanta
2744 483 2829 527 est
2854 473 3196 542 blasphemiae
3219 489 3404 529 acces—

157 549 602 620 Καταφρονήσας
647 550 746 620 τῆς
774 553 830 604 ὲν
871 555 983 615 τοῖς
1018 553 1369 620 Εὑαγγελίοις
1395 556 1646 626 ἀπειλῆς,
1674 558 1740 627 ἣν

156 641 186 691 ὁ
223 639 430 709 Κύριος
486 641 597 703 τοῖς
653 639 712 692 τὸ
739 640 960 713 Πνεῦμα
992 643 1052 696 τὸ
1117 644 1268 712 ἅγιον
1318 646 1741 717 βλασφημήσασι

160 729 552 802 φοϐερωτάτην
604 733 997 799 ὲπανετείνατο,
1048 735 1434 808 δημιούργημα
1481 737 1628 806 λέγει
1679 739 1741 792 τὸ

159 820 390 892 Πνεῦμα
430 821 491 874 τὸ
521 822 700 890 ἆγιον’
747 823 943 894 μικροῦ
984 824 1116 894 μηδὲ
1149 824 1286 887 ζῶον
1330 827 1460 880 αὐτὸ
1501 823 1639 881 εἶναι
1666 828 1742 881 δι-

159 908 310 974 δοὺς,
362 913 476 973 τοῖς
533 910 778 981 ἀψύχοις,
813 912 887 975 ὼς
914 913 979 966 τὰ
1020 914 1207 979 πολλά,
1233 917 1332 986 τῆς
1375 919 1742 990 προσηγορίας

161 999 367 1070 ταύτης
404 1003 840 1075 ὲφαρμοζούσης.
867 1005 939 1057 Οὐ
974 1005 1081 1077 γάρ
1095 1006 1182 1077 δὴ,
1216 1007 1298 1060 ὅτι
1325 1008 1590 1080 προέλαϐε
1631 1009 1740 1080 (60)

159 1093 230 1162 τῇ
306 1091 624 1164 βλασφημίᾳ
661 1095 834 1166 ταύτῃ
889 1095 979 1149 τὸν
1035 1096 1271 1167 Κύριον,
1319 1099 1642 1170 καθυφεῖναί
1688 1118 1742 1154 τι

163 1187 317 1254 ἡμᾶς
363 1186 463 1256 τῆς
491 1188 913 1259 ἀγανακτήσεως
961 1188 1128 1253 ἄξιον.
1172 1191 1244 1243 Ού
1275 1190 1382 1261 γὰρ
1423 1191 1744 1262 παραμυθία

161 1275 326 1328 τοῦτο
351 1276 448 1346 τῆς
471 1278 742 1343 ἀσεϐείας,
769 1279 903 1334 ἀλλὰ
927 1281 1206 1352 προσθήκη
1225 1282 1324 1352 τῆς
1349 1284 1738 1354 κατακρίσεως.

177 1369 333 1420 Ἐπεὶ
360 1370 452 1421 καὶ
487 1369 596 1440 (61)
627 1373 655 1424 ὁ
686 1370 887 1442 Κύριος
920 1372 1017 1443 τὴν
1061 1373 1161 1442 μὲν
1194 1375 1272 1437 εἰς
1315 1375 1475 1427 αὐτὸν
1509 1374 1747 1446 βλασφη-

168 1459 300 1530 μίαν
325 1461 713 1533 δι¹ἀγαθότητα
745 1462 1088 1536 συνεχώρησε
1107 1480 1120 1494 ·
1145 1465 1242 1536 τὴν
1271 1466 1327 1519 δὲ
1347 1468 1426 1530 είς
1448 1466 1509 1520 τὸ
1523 1466 1745 1537 Πνεῦμα

165 1551 230 1604 τὸ
254 1550 409 1620 ἀγιον
440 1554 842 1625 ἀναπόδραστον
866 1551 1005 1608 εἶναι
1032 1559 1144 1620 τοῖς
1175 1558 1506 1630 τολμήσασιν
1534 1559 1747 1630 ἀπεφή-

166 1659 315 1695 νατο.
372 1643 597 1714 Πρῶτος
645 1645 823 1698 τοίνυν
871 1645 980 1699 τῶν
1035 1647 1127 1718 ἀφ’
1164 1643 1224 1704 οὗ
1255 1648 1317 1702 τὸ
1359 1650 1617 1721 κήρυγμα
1646 1651 1746 1722 τῆς

168 1733 454 1797 εὐσεϐείας
511 1736 961 1807 περιαγγέλλεται
994 1740 1329 1810 ὲπιφυέντων
1380 1744 1446 1812 τῇ
1494 1742 1741 1814 ἀληθείᾳ,

1847 561 1930 615 sio
1961 563 1983 615 ?
2021 561 2193 615 Minas
2229 578 2322 617 eas
2351 578 2486 629 quas
2513 563 2564 617 in
2597 563 2887 633 Evangelio
2911 565 3164 618 Dominus
3199 567 3250 617 in
3281 566 3404 633 Spi-

1847 653 2009 705 ritum
2063 663 2308 708 sanctum
2352 654 2844 726 blasphemantibus
2900 670 3159 726 perquam
3217 657 3405 710 formi-

1847 742 2055 797 dandus
2080 742 2374 798 intentavit
2399 745 2464 808 9",
2482 756 2824 814 aspernatus,
2848 758 3154 802 creaturam
3177 765 3300 804 esse
3331 751 3408 804 ait

1848 833 2106 903 Spiritum
2132 845 2376 890 sanctum
2404 854 2420 902 ;
2461 838 2542 892 sic
2595 850 2654 892 ut
2703 855 2892 907 parum
2923 840 3084 904 absit,
3110 851 3169 895 ut
3190 859 3257 895 ne
3290 844 3407 894 ani-

1846 925 1954 978 mal
1991 927 2206 994 quidem
2239 940 2362 980 eum
2393 943 2512 983 esse
2539 930 2825 994 concedat,
2856 946 2978 985 cum
3031 932 3146 986 haec
3171 933 3406 1002 appella-

1847 1015 1920 1069 tio
1970 1026 2026 1070 ut
2072 1016 2359 1085 plurimum
2412 1019 2726 1074 inanimatis
2777 1022 3236 1079 accommodetur.
3301 1024 3408 1076 Nec

1849 1108 1996 1161 enim
2026 1108 2291 1176 profecto,
2324 1110 2466 1178 quod
2494 1111 2635 1166 hanc
2659 1112 2817 1166 istam
2847 1112 3232 1180 blasphemiam
3261 1118 3409 1181 prius

1849 1200 1900 1251 in
1937 1199 2225 1255 Dominum
2267 1203 2523 1266 evomuit,
2553 1213 2838 1272 propterea
2878 1204 3080 1273 aliquid
3109 1221 3208 1260 nos
3232 1206 3299 1259 de
3324 1207 3407 1259 in-

1849 1291 2167 1360 dignatione
2193 1293 2472 1348 remittere
2506 1309 2607 1361 par
2628 1294 2810 1350 fuerit.
2843 1293 2957 1351 Hoc
2975 1297 3116 1350 enim
3145 1298 3410 1366 mitigatio

1848 1397 1954 1436 non
1984 1392 2070 1438 est
2114 1384 2426 1453 impietatis,
2477 1386 2574 1439 sed
2627 1386 3094 1442 condemnationis
3150 1391 3408 1444 accessio.

1846 1473 1982 1528 Nam
2015 1483 2069 1528 et
2098 1475 2357 1531 Dominus
2389 1474 2655 1544 prolatam
2688 1478 2740 1530 in
2798 1492 2857 1531 se
2911 1478 3298 1547 blasphemiam
3344 1483 3412 1534 ob

1849 1580 1999 1619 suam
2036 1565 2333 1622 bonitatem
2372 1566 2584 1621 remisit
2613 1585 2626 1620 :
2671 1575 2727 1618 at
2757 1582 2876 1620 eam
2912 1584 3032 1636 quae
3063 1569 3116 1622 in
3151 1568 3410 1637 Spiritum

1849 1664 2094 1709 sanctum
2113 1655 2335 1724 jacitur,
2370 1656 2691 1710 audentibus
2733 1657 3118 1714 inevitabiliter
3140 1662 3412 1730 imputan-

1848 1745 1969 1799 dam
2012 1746 2401 1814 pronuntiavit.
2443 1746 2656 1802 Primus
2689 1763 2822 1814 ergo
2856 1749 3069 1804 illorum
3100 1753 3190 1819 qui
3214 1753 3414 1806 verita-

165 1824 374 1896 ταύτην
394 1826 658 1897 ἐτόλμησε
686 1828 783 1898 τὴν
813 1828 993 1900 φωνὴν
1039 1831 1257 1900 ἀφεῖναι
1287 1832 1416 1903 περὶ
1452 1831 1545 1885 τοῦ
1575 1833 1746 1886 Πνεύ-

1864 1846 1957 1887 tem
1990 1835 2162 1888 adorti
2203 1845 2349 1899 sunt,
2381 1849 2450 1891 ex
2498 1850 2608 1904 quo
2638 1837 2856 1906 pietatis
2905 1841 3214 1908 praedicatio
3241 1841 3414 1894 divul-

169 1933 362 1986 ματος.
388 1915 594 1970 Οΰκουν
627 1918 770 1981 τινὸς
824 1919 985 1990 μέχρι
1030 1922 1266 1993 τήμερον
1294 1923 1612 1996 ἀκηκόαμεν
1657 1925 1748 1994 δη-

170 2010 493 2081 μιούργημα
517 2012 577 2064 τὸ
599 2011 751 2080 ἀγιον
778 2012 1000 2083 Πνεῦμα
1042 2013 1154 2086 (62)
1183 2016 1603 2086 προσειπόντος,
1629 2016 1662 2088 ἢ
1689 2017 1748 2070 ἐν

166 2107 281 2168 τοῖς
313 2105 748 2174 καταλειφθεῖσιν
783 2092 873 2159 ὕπ’
916 2106 1094 2160 αὐτῶν
1123 2107 1301 2176 λόγοις
1334 2108 1432 2181 τὴν
1477 2125 1749 2180 προσηγο-

168 2195 293 2267 ρίαν
328 2195 530 2268 ταύτην
547 2198 882 2269 εὑρήκαμεν.
912 2194 1046 2253 Εἷτά
1069 2214 1253 2270 φησιν’

237 2371 401 2426 ΕΥΝ.
449 2374 510 2426 Εἰ
556 2375 620 2426 ὲκ
667 2373 774 2428 τῶν
822 2373 1317 2448 δημιουργημάτων
1363 2378 1618 2447 ἀνάγοιτό
1668 2397 1750 2443 τις

169 2461 308 2534 πρὸς
342 2462 440 2532 τὴν
490 2463 590 2534 τῆς
631 2463 817 2527 οὐσίας
861 2464 1184 2536 κατάληψιν,
1231 2467 1449 2538 εὑρήσει
1504 2466 1597 2520 τοῦ
1654 2469 1750 2538 μὲν

167 2553 469 2624 ἀγεννήτου
509 2554 600 2607 τὸν
646 2554 772 2608 Υίὸν
805 2557 1036 2630 ποίημα,
1077 2557 1171 2612 τοῦ
1205 2558 1260 2612 δὲ
1297 2559 1631 2627 Μονογενοῦς
1660 2560 1751 2613 τὸν

167 2645 554 2716 Παράκλητον.
1410 2635 1413 2639 ’

244 2737 396 2790 ΒΑΣ.
455 2737 649 2800 Ἀλλος
692 2729 846 2803 οὗτος
889 2739 1088 2808 τρόπος
1134 2740 1236 2810 τῆς
1312 2742 1566 2806 ἀσεϐείας
1615 2741 1747 2812 (65)·

167 2823 338 2877 διπλᾶ
378 2824 716 2898 βλασφημεῖν
759 2831 816 2881 ὲν
851 2829 929 2882 ἐν).
954 2830 1181 2902 ῥήματι,
1217 2831 1308 2883 καὶ
1344 2830 1443 2901 τὴν
1475 2831 1568 2883 τοῦ
1600 2832 1751 2900 ἁγίου

169 2915 314 2968 Πνεύ
324 2934 492 2987 ματος
526 2914 870 2982 ἐξουδένωσιν
916 2920 991 2983 ὡς
1029 2921 1462 2994 ὁμολογουμένην
1502 2922 1752 2988 λαϐόντα,

169 3007 423 3061 ἐντεῦθεν
448 3009 688 3080 ὁρμῆσαι
714 3010 851 3082 πρὸς
880 3011 976 3082 τήν
1020 3011 1292 3079 ἀπόδειξιν
1325 3013 1423 3085 τῆς
1465 3012 1559 3066 τοῦ
1584 3015 1757 3067 Μονο-

1849 1941 1974 1992 gata
2009 1939 2112 1994 est,
2145 1927 2285 1983 hanc
2316 1927 2381 1983 de
2403 1927 2607 1997 Spiritu
2638 1944 2825 1986 vocem
2842 1931 3090 1987 emittere
3119 1947 3282 1987 ausus
3308 1942 3412 1990 est.

1849 2017 2062 2072 Etenim
2088 2019 2178 2086 qui
2215 2017 2475 2086 Spiritum
2533 2031 2784 2074 sanctum
2818 2029 3120 2074 creaturam
3177 2021 3416 2090 appella-

1851 2106 1942 2170 rit,
1969 2106 2271 2161 audivimus
2299 2106 2567 2161 nemiuem
2599 2109 2665 2161 ad
2705 2109 3025 2164 hodiernum
3054 2125 3224 2185 usque
3249 2112 3414 2177 diem,

1851 2214 2025 2268 neque
2074 2199 2128 2252 in
2167 2199 2235 2254 iis
2275 2215 2414 2268 quos
2443 2201 2712 2268 reliquere
2749 2201 2901 2258 libris
2935 2203 3075 2259 hanc
3095 2203 3415 2274 appellatio-

1851 2306 1973 2345 nem
1999 2291 2322 2346 invenimus.
2349 2293 2532 2361 Itaque
2545 2292 2674 2346 dicit
2697 2308 2712 2344 :

1921 2381 2055 2436 Eun.
2121 2381 2176 2435 Si
2202 2383 2322 2452 quis
2350 2383 2683 2438 subvehatur
2711 2398 2742 2438 e
2770 2383 3035 2440 creaturis
3058 2384 3123 2437 ad
3155 2384 3410 2437 substan-

1853 2473 1940 2528 tia
1974 2474 2518 2542 comprehensionem
2547 2513 2563 2540 ,
2604 2475 2828 2542 ingeniti
2861 2475 3077 2544 quidem
3116 2486 3418 2530 creaturam

1853 2565 2050 2620 Filium
2081 2565 2336 2630 inveniet,
2376 2564 2650 2635 Uuigeniti
2686 2582 2834 2632 vero,
2860 2566 3221 2623 Paracletum.

1926 2742 2053 2800 Bas.
2092 2742 2244 2797 Alius
2295 2742 2384 2798 hic
2428 2753 2510 2798 est
2554 2743 2846 2812 impietatis
2892 2745 3103 2798 modus.
3157 2741 3420 2796 Nimirum

1855 2837 2142 2905 dupliciter
2232 2837 2570 2904 blasphemat
2647 2836 2812 2890 verbo
2871 2837 3070 2902 unico,
3141 2837 3424 2902 sanctique

1857 2928 2093 2996 Spiritus
2114 2936 2427 2997 contemptu
2456 2967 2471 2992 ,
2506 2927 2662 2994 quasi
2700 2941 2786 2980 res
2817 2925 3066 2980 confessa
3100 2927 3189 2990 sit,
3221 2927 3422 2992 posito,

1855 3019 1984 3075 hinc
2042 3020 2109 3072 ad
2151 3019 2623 3074 demonstrandam
2672 3017 2942 3087 Unigeniti
2996 3019 3422 3073 imminutionem

168 3101 368 3171 γενοῦς
394 3101 757 3167 ἐλαττώσεως.
797 3103 928 3162 Καὶ,
960 3103 1034 3167 ὼς
1066 3103 1259 3168 ἔοικεν,
1287 3107 1351 3158 Οἱ
1381 3104 1480 3175 μὲν
1511 3107 1750 3174 οὐρανοὶ

1864 3114 2180 3167 concitatur.
2207 3113 2404 3182 Atque,
2437 3122 2495 3166 ut
2526 3129 2623 3181 par
2646 3121 2748 3178 est,
2781 3112 2911 3166 Cwli
2931 3113 3146 3182 quidem
3176 3122 3422 3166 euarrant

170 3189 522 3260 διηγοῦνται
548 3193 734 3259 δόξαν
753 3194 901 3248 Θεοῦ
921 3210 933 3222 ο
967 3193 1026 3246 τό
1054 3194 1110 3248 δὲ
1135 3194 1357 3266 Πνεῦμα
1391 3197 1450 3250 τὸ
1479 3197 1632 3266 ἆγιον
1657 3200 1750 3269 τὴν

1864 3203 2084 3273 gloriam
2118 3201 2210 3256 Dei
2241 3203 2285 3233 ⁸⁸
2322 3221 2334 3257 :
2370 3203 2609 3272 Spiritus
2649 3219 2782 3257 vero
2826 3213 3048 3257 sanctus
3094 3186 3425 3259 imminutio-

171 3283 277 3354 τῆς
329 3283 487 3356 δόξης
549 3286 843 3340 ἐλάττωσιν
889 3285 981 3340 τοῦ
1037 3287 1372 3356 Μονογενοῦς
1415 3289 1754 3358 ἀναγγέλλει.

171 3375 290 3428 Καὶ
341 3377 370 3428 ὁ
425 3375 526 3445 μὲν
571 3376 774 3448 Κύριος
835 3378 964 3450 περὶ
1013 3378 1106 3432 τοῦ
1155 3379 1511 3450 Παρακλήτου
1563 3381 1755 3448 λέγων,

186 3463 452 3533 Ἐκεῖνος(
469 3465 573 3536 ἐμὲ
595 3468 860 3533 δοξάσει,
895 3469 1057 3542 φησίν
1079 3487 1091 3501 ·
1124 3471 1157 3541 ή
1180 3469 1237 3522 δὲ
1263 3472 1567 3542 κατήγορος
1593 3471 1761 3540 γλῶτ-

171 3573 246 3610 τα
298 3558 557 3627 ἐμπόδιον
600 3555 738 3612 εἶναι
791 3559 870 3631 τῷ
896 3560 1014 3631 Υίῷ
1063 3562 1164 3632 τῆς
1219 3564 1355 3632 πρὸς
1403 3563 1493 3617 τὸν
1542 3564 1760 3635 Πατέρα

176 3651 524 3721 συγκρίσεως
558 3651 934 3720 ἀποφαίνεται.
985 3654 1199 3726 Ἐπειδὴ
1233 3653 1340 3726 γὰρ
1382 3655 1474 3708 τοῦ
1511 3657 1761 3728 Πνεύμα-

173 3759 290 3804 τος.
325 3743 479 3811 φησὶ,
514 3743 741 3815 ποιητὴς
770 3748 798 3797 ὁ
824 3745 950 3808 Υἱὸς
974 3744 1152 3816 (ἵλεως
1181 3746 1237 3800 δὲ
1263 3749 1412 3817 ἡμῖν,
1446 3749 1636 3820 Κύριε,
1668 3750 1760 3801 ἐπὶ

174 3837 294 3897 τοῖς
321 3833 428 3904 (64)
464 3833 813 3905 λαλουμένοις
839 3836 997 3907 εἴης),
1039 3837 1197 3891 τοῦτο
1237 3838 1293 3891 δὲ
1321 3839 1560 3892 τοιοῦτόν
1590 3843 1757 3905 ἐστιν,

175 3925 256 3987 ὼς
295 3924 564 3994 μηδεμίαν
594 3925 896 3995 σεμνότητα
937 3925 1016 3995 τῷ
1047 3925 1512 3997 δημιουργήσαντι
1541 3945 1761 3998 προστι-

177 4013 356 4079 θέναι,
384 4013 474 4067 διὰ
504 4015 663 4068 τοῦτο
693 4016 814 4069 οὐδὲ
848 4015 1235 4086 συγκρίνεσθαι
1271 4017 1349 4087 τῷ
1381 4017 1556 4088 Πατρ)⁴
1589 4016 1756 4082 ἄξιος,

177 4106 248 4159 ἐκ
275 4106 377 4177 τῆς
401 4100 476 4160 ὧν
503 4107 757 4179 εποίησεν
782 4106 1053 4172 εὐτελείας
1093 4108 1154 4162 τὸ
1189 4109 1447 4179 ὁμότιμον
1485 4109 1580 4180 τῆς
1608 4110 1762 4174 ἀξίας

176 4198 537 4272 ἀφῃρημένος

251 4290 344 4345 54.
366 4287 513 4362 τΑρα
534 4291 806 4362 ἀκηκόατέ
836 4309 965 4347 ποτε
982 4290 1326 4362 βλασφημίας
1347 4291 1756 4361 χαλεπωτέρας;

179 4379 300 4454 ἆρά
327 4400 411 4446 τις
449 4381 592 4436 οὕτω
640 4383 952 4456 περιφανῶς
991 4385 1070 4447 είς
1108 4385 1168 4436 τὸ
1205 4384 1444 4452 ἄφυκτον
1469 4387 1641 4454 κρῖμα
1664 4384 1760 4454 τῆς

176 4478 264 4542 εἰς
296 4475 357 4529 τὸ
382 4475 605 4547 Πνεῦμα
640 4476 700 4530 τὸ
731 4478 882 4546 ἆγιον
911 4475 1256 4547 βλασφημίας
1282 4475 1578 4542 κατέπεσε;
1619 4476 1750 4530 Μον-

1866 4478 2006 4531 cium
2064 4474 2133 4529 ob
2179 4472 2492 4542 blasphema
2540 4470 2592 4524 in
2648 4467 2909 4538 Spiritum
2960 4474 3206 4521 sanctum
3265 4461 3428 4514 verba
3539 4461 3545 4468 '

1862 3309 1984 3347 nem
2017 3293 2201 3361 gloriae
2241 3292 2514 3364 Uuigeniti
2553 3296 2786 3349 nuntiat.
2826 3293 2888 3347 Et
2929 3295 3185 3348 Dominus
3219 3295 3285 3347 de
3318 3291 3425 3346 Pa-

1861 3383 2062 3438 racleto
2093 3386 2352 3454 loquens:
2388 3385 2522 3450 Ille,
2558 3386 2769 3454 inquit,
2801 3401 2881 3439 me
2914 3386 3226 3454 gloriﬁcabit
3249 3385 3330 3451 99;
3370 3392 3426 3438 at

1863 3474 2123 3530 maledica
2186 3476 2276 3530 illa
2331 3477 2512 3546 lingua
2578 3476 2773 3530 Filium
2834 3492 2930 3546 per
2988 3491 3109 3532 cum
3178 3475 3425 3545 impediri

1861 3568 2214 3635 pronuntiat,
2254 3582 2320 3620 ne
2379 3583 2499 3620 cum
2554 3566 2714 3620 Patre
2761 3577 3123 3634 comparetur.
3161 3564 3426 3632 Quoniam

1861 3658 2028 3721 enim,
2063 3657 2260 3728 inquit,
2289 3657 2524 3726 Spiritus
2545 3657 2790 3712 conditor
2816 3665 2901 3711 est
2927 3656 3096 3710 Filius
3123 3656 3217 3724 (sis
3242 3663 3424 3707 autem

1864 3749 2055 3815 nobis,
2097 3748 2318 3803 Domine
2346 3788 2360 3812 ,
2395 3749 2460 3802 de
2495 3747 2561 3800 iis
2589 3763 2709 3814 quae
2755 3745 3045 3815 loquimur,
3087 3742 3374 3814 propitius)
3409 3760 3424 3796 :

1863 3840 1950 3893 hic
1995 3849 2174 3892 autem
2207 3828 2328 3890 talis
2359 3844 2478 3900 est,
2512 3844 2568 3888 ut
2601 3835 2766 3889 decus
2801 3834 3004 3888 nullum
3047 3833 3251 3887 tribuat
3297 3846 3427 3885 con-

1862 3931 2058 3992 ditori,
2121 3928 2323 3983 idcirco
2375 3941 2551 3995 neque
2601 3925 2796 3995 dignus
2831 3935 2915 3979 est
2963 3923 3051 3992 qui
3098 3939 3217 3978 cum
3265 3921 3429 3978 Patre

1860 4030 2225 4091 comparetur,
2271 4035 2394 4074 cum
2442 4021 2512 4073 ob
2557 4034 2746 4073 eorum
2790 4034 2910 4086 quae
2959 4017 3087 4071 fecit
3127 4015 3425 4082 vilitatem,

1862 4111 2139 4183 dignitatis
2165 4111 2474 4182 aequalitate
2499 4110 2738 4180 privatus
2767 4109 2856 4164 sit.

1931 4292 2021 4347 54.
2060 4289 2198 4344 Num
2239 4303 2478 4356 unquam
2521 4286 2748 4339 audistis
2781 4282 3168 4352 blasphemiam
3215 4279 3430 4348 graviore

1863 4399 1976 4438 rem
2003 4383 2026 4436 ?
2051 4396 2177 4436 num
2219 4380 2341 4450 quis
2369 4379 2503 4433 adeo
2539 4377 2826 4446 perspicue
2863 4376 2914 4427 in
2943 4371 3252 4427 inevitabile
3279 4369 3427 4436 judi-

251 4635 299 4667 ³⁷
329 4633 516 4690 Matth.
548 4649 648 4702 xu,
672 4633 761 4690 ⁸51.
835 4635 882 4667 ⁸³
908 4634 1050 4691 Psal.
1078 4651 1234 4699 xvm,
1270 4635 1325 4692 2.
1403 4635 1448 4668 ”
1467 4633 1622 4690 Joan.
1653 4649 1766 4700 xvr,
1794 4633 1880 4688 14.

254 4793 370 4863 (59)
401 4791 559 4864 lllu_d,
589 4792 928 4864 παρενθήκη,
963 4791 1120 4848 debet
1163 4807 1332 4862 accipi
1365 4807 1430 4847 ue
1450 4807 1533 4846 eo
1561 4793 1748 4864 c_onvi-

173 4859 294 4923 cio,
325 4859 432 4933 quo
471 4859 732 4933 Spiritum
777 4859 1026 4933 sanctum
1067 4859 1414 4918 consectatus
1451 4872 1538 4918 est
1573 4861 1750 4916 Euno-

177 4931 370 4987 mius':
405 4932 548 5000 quod
602 4942 708 4985 tam
749 4947 914 5001 grave
956 4931 1058 4984 fuit
1077 4941 1133 4985 et
1166 4942 1274 4985 tam
1309 4933 1664 5001 horrendum.
1690 4940 1751 4984 ut

177 5003 564 5057 contumeliam
603 5000 772 5071 ipsam
797 5018 900 5071 qua
930 5001 1224 5056 Eunomius
1255 5001 1448 5056 Filium
1477 5000 1750 5071 affecerat.

175 5074 345 5139 longe
374 5072 663 5142 superarit.
701 5069 956 5142 Hoc—ipso
981 5073 1034 5125 in
1067 5071 1186 5126 loco
1230 5087 1362 5126 mss.
1387 5069 1632 5142 nonnulli
1657 5088 1755 5122 κα-

175 5139 535 5222 ταςέρονήσας
580 5141 709 5214 γάρ.
766 5139 1004 5198 Subinde
1053 5156 1186 5198 mss.
1245 5142 1448 5211 aliquot
1513 5140 1755 5214 βλασφη-

179 5229 371 5284 μουσε-

257 5280 580 5362 (ιξθ)βόίιίο
614 5282 746 5362 ven.
786 5292 843 5362 et
897 5279 1066 5362 nostri
1115 5292 1345 5362 septem.
1407 5296 1540 5335 mss.
1585 5297 1758 5362 προσ-

178 5348 448 5406 έλάϐεΛη
478 5366 587 5420 (ιιιο
623 5352 805 5405 mirari
842 5351 990 5404 subit
1021 5348 1440 5420 Trapezuntium
1479 5366 1588 5406 uno
1615 5348 1760 5420 litte-

177 5424 321 5476 rulae
356 5419 722 5474 additamento
753 5421 827 5474 ita
859 5421 1106 5474 delusum
1143 5435 1283 5482 esse,
1310 5430 1368 5472 ut
1415 5431 1584 5474 totum
1640 5419 1759 5486 ejus

178 5491 291 5546 loci
327 5491 649 5543 sententiam
678 5491 1004 5558 corruperit,
1038 5490 1397 5556 interpretans
1429 5491 1530 5544 hoc
1559 5491 1754 5542 modo:

180 5561 475 5629 Dominum
525 5576 727 5629 quoque
757 5561 825 5612 ad
861 5560 997 5612 hanc
1025 5559 1398 5627 blasphemiam
1454 5561 1750 5626 conjunxit.

179 5627 307 5683 Non
341 5630 485 5683 enim
547 5627 863 5690 Eunomius.
904 5639 963 5682 ut
1011 5630 1193 5682 verbis
1246 5639 1385 5698 utar,
1422 5629 1750 5698 interpretis,

182 5698 478 5754 Dominum
518 5699 584 5752 ad
637 5699 777 5754 hanc
824 5698 1214 5764 blasphemiam
1269 5697 1615 5765 conjunxit:
1662 5699 1752 5752 sed

187 5768 460 5839 Spiritum
513 5778 790 5828 sanctum.
847 5769 1016 5826 [lecte
1069 5767 1229 5838 igltlll'
1261 5777 1314 5823 et
1364 5769 1668 5835 emendate,
1698 5777 1755 5822 ut

1859 4799 2045 4846 monet
2077 4789 2329 4860 Dircaeus,
2369 4786 2423 4860 in
2464 4781 2791 4860 editionibus
2834 4779 3116 4860 Basiliensj
3155 4789 3212 4833 et
3239 4779 3424 4859 Steph.

1857 4875 1956 4930 pro
1981 4856 2285 4930 προσέλαϐε
2306 4851 2508 4924 legitur
2523 4851 2790 4925 προέλαϐε
2824 4869 2837 4906 :
2872 4851 2995 4904 Non
3022 4851 3156 4903 enim
3179 4853 3428 4929 quoniam

1859 4931 1956 4983 hoc
1983 4930 2212 4983 convicio
2242 4926 2524 4980 Dominum
2576 4926 2721 4992 prius
2765 4923 3032 4976 insecutus
3084 4929 3159 4972 est
3192 4958 3209 4984 ,
3257 4935 3428 4992 nimus

1859 4958 1955 4983 ηυυ
1983 4958 2212 4983 υυηνιωυ
2242 4958 2524 4980 υυυσυιιιηι
2576 4958 2720 4992 VII“.
2767 4958 3032 4976 σησουιοιιιυ
3085 4958 3159 4972 νυν
3192 4958 3209 4984 ’
3258 4958 3425 4971 -ι-υηκυ

1859 4999 2128 5068 indignari
2179 4997 2446 5068 debemur.
2500 4994 2721 5046 Rectam
2769 4992 2938 5068 illam
2966 4989 3425 5068 _et_\eu_tendatam

1861 5057 2187 5138 scripturam
2235 5067 2427 5138 secuti,
2481 5072 2609 5118 sunt
2663 5060 2980 5132 typographi
3037 5057 3424 5112 Parisieuscs:

1861 5136 1997 5206 quos
2028 5152 2127 5190 nos
2156 5136 2450 5206 imitamur.
2530 5203 2538 5206 _
2624 5202 2634 5206 _
2720 5201 2730 5206 _
2815 5201 2827 5206 _
2895 5200 2909 5206 _

1935 5206 2046 5274 (61)
2083 5207 2221 5260 Editi
2268 5205 2421 5258 Ἐπεὶ
2446 5203 2560 5256 καί.
2598 5200 2984 5274 _Autiqui_dt_to
3040 5195 3159 5274 libri
3207 5193 3428 5266 Ἐπειδὴ

1863 5266 1984 5348 καίζ
1998 5266 2534 5348 _lldo;_lleg._quarlus
2557 5272 2656 5341 τὴν
2684 5266 2780 5348 μὲν
2815 5271 2894 5348 εἰς
2921 5266 3131 5348 ἑαυτόν.
3221 5334 3230 5348 '

1935 5344 2047 5414 (62)
2061 5345 2148 5416 “Ed
2157 5347 2169 5398 i
2178 5347 2213 5398 ti
2232 5335 2405 5416 μέῇρι
2437 5335 2674 5416 σήμερον
2684 5335 2909 5416 ’ἀκηκόα
2917 5354 3014 5409 μεν
3039 5335 3104 5404 δη
3113 5335 3235 5402 μιού
3243 5351 3344 5405 ργη
3355 5351 3426 5412 μα

1863 5416 1923 5468 τὸ
1945 5411 2168 5484 Πνεῦμα
2196 5411 2257 5466 τό
2286 5411 2459 5482 ἅγιον.
2482 5411 2648 5466 Paulo
2678 5413 2834 5465 aliter
2866 5411 2918 5463 iu
2946 5421 3078 5461 rnss.
3107 5416 3327 5468 nostris,
3354 5419 3428 5457 uu

1858 5496 1926 5540 cx
1957 5496 2212 5538 contextu
2242 5485 2470 5553 perspici
2500 5492 2694 5549 potest.

1933 5553 2047 5623 (65)
2099 5543 2314 5616 Αηιίίὶιιῖ
2349 5543 2454 5606 duo
2485 5543 2606 5606 libri
2657 5551 2858 5622 τρόπος
2908 5547 3006 5618 τῆς
3057 5543 3427 5616 βλασφημίας,

1861 5626 2046 5678 modus
2081 5623 2431 5692 blasphemiae.
2563 5635 2592 5641 "
2910 5690 2919 5692 _
2975 5691 2983 5692 ί
3050 5685 3060 5692 _
3110 5685 3121 5692 _
3385 5681 3394 5691 .

1862 5764 1892 5820 ὁ
1933 5693 2045 5818 (64)
2071 5685 2296 5751 Codices
2350 5693 2454 5749 duo
2492 5692 2585 5745 ἐπὶ
2618 5693 2749 5754 τοῖς.
2791 5685 3165 5754 lllud,é1tl,in
3211 5685 3428 5740 excusis

1897 5778 2021 5820 eera
2050 5802 2065 5819 .
