  <div class='ocr_page' id='page_1' title='image "/cluster/home/n/w/nwhite01/storage/ocr_20150623/29/nnc1.0046978755/812.png"; bbox 0 0 3822 6216; ppageno 0'>
   <div class='ocr_carea' id='block_1_1' title="bbox 158 347 284 406">
    <p class='ocr_par' dir='ltr' id='par_1_1' title="bbox 158 347 284 406">
     <span class='ocr_line' id='line_1_1' title="bbox 158 347 284 406; baseline 0.032 -4"><span class='ocrx_word' id='word_1_1' title='bbox 158 347 284 406; x_wconf 77' lang='lat'><strong>653</strong></span> 
     </span>
    </p>
   </div>
   <div class='ocr_carea' id='block_1_2' title="bbox 1279 345 2361 405">
    <p class='ocr_par' dir='ltr' id='par_1_2' title="bbox 1279 345 2361 405">
     <span class='ocr_line' id='line_1_2' title="bbox 1279 345 2361 405; baseline 0.001 -4"><span class='ocrx_word' id='word_1_2' title='bbox 1279 345 1649 402; x_wconf 79' lang='lat' dir='ltr'><strong>ADVERSUS</strong></span> <span class='ocrx_word' id='word_1_3' title='bbox 1689 347 2056 405; x_wconf 81' lang='lat' dir='ltr'><strong>EUNOMIUM</strong></span> <span class='ocrx_word' id='word_1_4' title='bbox 2101 349 2230 404; x_wconf 87' lang='lat' dir='ltr'><strong>LIB.</strong></span> <span class='ocrx_word' id='word_1_5' title='bbox 2275 347 2361 402; x_wconf 90' lang='lat' dir='ltr'><strong>Ill.</strong></span> 
     </span>
    </p>
   </div>
   <div class='ocr_carea' id='block_1_3' title="bbox 3312 343 3418 400">
    <p class='ocr_par' dir='ltr' id='par_1_3' title="bbox 3312 343 3418 400">
     <span class='ocr_line' id='line_1_3' title="bbox 3312 343 3418 400; baseline 0 -1"><span class='ocrx_word' id='word_1_6' title='bbox 3312 343 3418 400; x_wconf 65' lang='grc'><strong>654</strong></span> 
     </span>
    </p>
   </div>
   <div class='ocr_carea' id='block_1_4' title="bbox 1197 726 2429 853">
    <p class='ocr_par' dir='ltr' id='par_1_4' title="bbox 1197 726 2429 853">
     <span class='ocr_line' id='line_1_4' title="bbox 1197 726 2429 853; baseline -0.002 -3"><span class='ocrx_word' id='word_1_7' title='bbox 1197 726 1537 852; x_wconf 79' lang='grc' dir='ltr'>ΚΑΤ’</span> <span class='ocrx_word' id='word_1_8' title='bbox 1631 734 2429 853; x_wconf 87' lang='grc' dir='ltr'><strong>ΕΥΝΟΜΙΟΥ</strong></span> 
     </span>
    </p>
   </div>
   <div class='ocr_carea' id='block_1_5' title="bbox 1550 1002 2066 1096">
    <p class='ocr_par' dir='ltr' id='par_1_5' title="bbox 1550 1002 2066 1096">
     <span class='ocr_line' id='line_1_5' title="bbox 1550 1002 2066 1096; baseline -0.012 -1"><span class='ocrx_word' id='word_1_9' title='bbox 1550 1007 1914 1096; x_wconf 89' lang='grc' dir='ltr'>ΛΟΓΟΣ</span> <span class='ocrx_word' id='word_1_10' title='bbox 1950 1002 2066 1091; x_wconf 87' lang='grc' dir='ltr'><strong>Γ’.</strong></span> 
     </span>
    </p>
   </div>
   <div class='ocr_carea' id='block_1_6' title="bbox 1199 1259 2409 1331">
    <p class='ocr_par' dir='ltr' id='par_1_6' title="bbox 1199 1259 2409 1331">
     <span class='ocr_line' id='line_1_6' title="bbox 1199 1259 2409 1331; baseline -0.002 -16"><span class='ocrx_word' id='word_1_11' title='bbox 1199 1261 1360 1318; x_wconf 83' lang='grc' dir='ltr'><strong>ΠΕΡΙ</strong></span> <span class='ocrx_word' id='word_1_12' title='bbox 1398 1263 1535 1316; x_wconf 82' lang='grc' dir='ltr'><strong>ΤΟΥ</strong></span> <span class='ocrx_word' id='word_1_13' title='bbox 1570 1263 1775 1316; x_wconf 80' lang='grc' dir='ltr'><strong>ΑΓΙΟΥ</strong></span> <span class='ocrx_word' id='word_1_14' title='bbox 1812 1259 2237 1317; x_wconf 79' lang='grc' dir='ltr'><strong>ΠΝΕΥΜΑΤυΣ</strong></span> <span class='ocrx_word' id='word_1_15' title='bbox 2277 1259 2409 1331; x_wconf 69' lang='grc'>(74).</span> 
     </span>
    </p>
   </div>
   <div class='ocr_carea' id='block_1_7' title="bbox 1760 1495 1831 1508">
    <p class='ocr_par' dir='ltr' id='par_1_7' title="bbox 1760 1495 1831 1508">
     <span class='ocr_line' id='line_1_7' title="bbox 1760 1495 1831 1508; baseline -0.014 0"><span class='ocrx_word' id='word_1_16' title='bbox 1760 1495 1831 1508; x_wconf 70' lang='grc'><strong>.-</strong></span> 
     </span>
    </p>
   </div>
   <div class='ocr_carea' id='block_1_8' title="bbox 659 1652 2928 1747">
    <p class='ocr_par' dir='ltr' id='par_1_8' title="bbox 659 1652 2928 1747">
     <span class='ocr_line' id='line_1_8' title="bbox 659 1652 2928 1747; baseline -0.003 0"><span class='ocrx_word' id='word_1_17' title='bbox 659 1652 1134 1747; x_wconf 82' lang='lat' dir='ltr'><strong>CONTRA</strong></span> <span class='ocrx_word' id='word_1_18' title='bbox 1211 1655 1896 1747; x_wconf 88' lang='lat' dir='ltr'><strong>EUNOMIUM</strong></span> <span class='ocrx_word' id='word_1_19' title='bbox 1980 1655 2339 1744; x_wconf 79' lang='lat' dir='ltr'><strong>LIBER</strong></span> <span class='ocrx_word' id='word_1_20' title='bbox 2413 1653 2928 1743; x_wconf 81' lang='lat' dir='ltr'><strong>TERTIUS</strong></span> 
     </span>
    </p>
   </div>
   <div class='ocr_carea' id='block_1_9' title="bbox 1425 1887 2151 1947">
    <p class='ocr_par' dir='ltr' id='par_1_9' title="bbox 1425 1887 2151 1947">
     <span class='ocr_line' id='line_1_9' title="bbox 1425 1887 2151 1947; baseline 0.003 -2"><span class='ocrx_word' id='word_1_21' title='bbox 1425 1889 1512 1944; x_wconf 88' lang='lat' dir='ltr'><strong>DE</strong></span> <span class='ocrx_word' id='word_1_22' title='bbox 1547 1887 1818 1945; x_wconf 79' lang='lat' dir='ltr'><strong>SPIRITU</strong></span> <span class='ocrx_word' id='word_1_23' title='bbox 1867 1887 2151 1947; x_wconf 85' lang='lat' dir='ltr'><strong>SANCTO.</strong></span> 
     </span>
    </p>
   </div>
   <div class='ocr_carea' id='block_1_10' title="bbox 245 2233 1743 2316">
    <p class='ocr_par' dir='ltr' id='par_1_10' title="bbox 245 2242 1743 2316">
     <span class='ocr_line' id='line_1_10' title="bbox 245 2242 1743 2316; baseline -0.001 -16"><span class='ocrx_word' id='word_1_24' title='bbox 245 2254 300 2300; x_wconf 78' lang='grc'><strong>1.</strong></span> <span class='ocrx_word' id='word_1_25' title='bbox 349 2244 496 2299; x_wconf 74' lang='grc' dir='ltr'><strong>ΒΔΣ.</strong></span> <span class='ocrx_word' id='word_1_26' title='bbox 535 2242 701 2307; x_wconf 85' lang='grc' dir='ltr'><strong>Μόλις</strong></span> <span class='ocrx_word' id='word_1_27' title='bbox 737 2243 866 2296; x_wconf 83' lang='grc' dir='ltr'>ποτὲ</span> <span class='ocrx_word' id='word_1_28' title='bbox 902 2244 1014 2314; x_wconf 81' lang='grc'>(75)</span> <span class='ocrx_word' id='word_1_29' title='bbox 1045 2245 1324 2316; x_wconf 76' lang='grc' dir='ltr'>κορεσθεὶς</span> <span class='ocrx_word' id='word_1_30' title='bbox 1374 2246 1483 2299; x_wconf 92' lang='grc' dir='ltr'><strong>τῶν</strong></span> <span class='ocrx_word' id='word_1_31' title='bbox 1535 2247 1614 2310; x_wconf 82' lang='grc' dir='ltr'><strong>είς</strong></span> <span class='ocrx_word' id='word_1_32' title='bbox 1658 2245 1743 2300; x_wconf 84' lang='grc' dir='ltr'><strong>τὸν</strong></span> 
     </span>
    </p>
   </div>
   <div class='ocr_carea' id='block_1_11' title="bbox 1864 2233 3410 2316">
    <p class='ocr_par' dir='ltr' id='par_1_11' title="bbox 1925 2233 3410 2308">
     <span class='ocr_line' id='line_1_11' title="bbox 1925 2233 3410 2308; baseline -0.007 -8"><span class='ocrx_word' id='word_1_33' title='bbox 1925 2245 1976 2300; x_wconf 78' lang='grc'><strong>1.</strong></span> <span class='ocrx_word' id='word_1_34' title='bbox 2018 2244 2140 2299; x_wconf 62' lang='lat' dir='ltr'><strong>Bas.</strong></span> <span class='ocrx_word' id='word_1_35' title='bbox 2161 2243 2258 2298; x_wconf 79' lang='lat' dir='ltr'><strong>Vix</strong></span> <span class='ocrx_word' id='word_1_36' title='bbox 2280 2241 2490 2296; x_wconf 88' lang='lat' dir='ltr'><strong>tandem</strong></span> <span class='ocrx_word' id='word_1_37' title='bbox 2512 2237 2859 2308; x_wconf 87' lang='lat' dir='ltr'><strong>blasphemiis</strong></span> <span class='ocrx_word' id='word_1_38' title='bbox 2875 2237 2927 2292; x_wconf 91' lang='lat' dir='ltr'><strong>in</strong></span> <span class='ocrx_word' id='word_1_39' title='bbox 2957 2233 3300 2307; x_wconf 82' lang='lat' dir='ltr'><strong>Unigenitum</strong></span> <span class='ocrx_word' id='word_1_40' title='bbox 3320 2252 3410 2290; x_wconf 29' lang='lat' dir='ltr'><strong>exs</strong></span> 
     </span>
    </p>
   </div>
   <div class='ocr_carea' id='block_1_12' title="bbox 163 2335 1745 2410">
    <p class='ocr_par' dir='ltr' id='par_1_12' title="bbox 163 2335 1745 2410">
     <span class='ocr_line' id='line_1_12' title="bbox 163 2335 1745 2410; baseline -0.002 -17"><span class='ocrx_word' id='word_1_41' title='bbox 163 2338 451 2408; x_wconf 76' lang='grc' dir='ltr'>Μονογενῆ</span> <span class='ocrx_word' id='word_1_42' title='bbox 486 2335 860 2408; x_wconf 84' lang='grc' dir='ltr'><strong>βλασφημιῶν,</strong></span> <span class='ocrx_word' id='word_1_43' title='bbox 890 2337 982 2389; x_wconf 77' lang='grc' dir='ltr'><strong>ἐπὶ</strong></span> <span class='ocrx_word' id='word_1_44' title='bbox 1007 2338 1066 2390; x_wconf 84' lang='grc' dir='ltr'><strong>τὸ</strong></span> <span class='ocrx_word' id='word_1_45' title='bbox 1096 2339 1317 2410; x_wconf 87' lang='grc' dir='ltr'>Πνεῦμα</span> <span class='ocrx_word' id='word_1_46' title='bbox 1337 2339 1397 2392; x_wconf 87' lang='grc' dir='ltr'><strong>τὸ</strong></span> <span class='ocrx_word' id='word_1_47' title='bbox 1428 2339 1582 2406; x_wconf 86' lang='grc' dir='ltr'>ἆγιον</span> <span class='ocrx_word' id='word_1_48' title='bbox 1615 2356 1745 2410; x_wconf 90' lang='grc' dir='ltr'>μετ-</span> 
     </span>
    </p>
   </div>
   <div class='ocr_carea' id='block_1_13' title="bbox 162 2428 1745 2503">
    <p class='ocr_par' dir='ltr' id='par_1_13' title="bbox 162 2428 1745 2503">
     <span class='ocr_line' id='line_1_13' title="bbox 162 2428 1745 2503; baseline -0.001 -19"><span class='ocrx_word' id='word_1_49' title='bbox 162 2430 450 2502; x_wconf 80' lang='grc' dir='ltr'>ελήλυθεν,</span> <span class='ocrx_word' id='word_1_50' title='bbox 490 2428 756 2482; x_wconf 79' lang='grc' dir='ltr'><strong>ἀκόλουθα</strong></span> <span class='ocrx_word' id='word_1_51' title='bbox 795 2431 858 2499; x_wconf 82' lang='grc' dir='ltr'>τῇ</span> <span class='ocrx_word' id='word_1_52' title='bbox 901 2428 995 2501; x_wconf 83' lang='grc' dir='ltr'><strong>ὅλῃ</strong></span> <span class='ocrx_word' id='word_1_53' title='bbox 1042 2430 1206 2482; x_wconf 80' lang='grc' dir='ltr'>αὐτοῦ</span> <span class='ocrx_word' id='word_1_54' title='bbox 1262 2429 1371 2501; x_wconf 88' lang='grc'>(76)</span> <span class='ocrx_word' id='word_1_55' title='bbox 1433 2429 1745 2503; x_wconf 80' lang='grc' dir='ltr'><strong>προαιρέσει</strong></span> 
     </span>
    </p>
   </div>
   <div class='ocr_carea' id='block_1_14' title="bbox 161 2519 1602 2593">
    <p class='ocr_par' dir='ltr' id='par_1_14' title="bbox 161 2519 1602 2593">
     <span class='ocr_line' id='line_1_14' title="bbox 161 2519 1602 2593; baseline -0.002 -17"><span class='ocrx_word' id='word_1_56' title='bbox 161 2523 264 2576; x_wconf 77' lang='grc' dir='ltr'>καὶ</span> <span class='ocrx_word' id='word_1_57' title='bbox 291 2521 420 2592; x_wconf 77' lang='grc' dir='ltr'>περὶ</span> <span class='ocrx_word' id='word_1_58' title='bbox 447 2519 634 2574; x_wconf 87' lang='grc' dir='ltr'>τούτου</span> <span class='ocrx_word' id='word_1_59' title='bbox 662 2520 1037 2589; x_wconf 88' lang='grc' dir='ltr'>διαλεγόμενος</span> <span class='ocrx_word' id='word_1_60' title='bbox 1056 2537 1072 2552; x_wconf 88' lang='grc'><strong>·</strong></span> <span class='ocrx_word' id='word_1_61' title='bbox 1100 2523 1297 2593; x_wconf 86' lang='grc' dir='ltr'>γράφει</span> <span class='ocrx_word' id='word_1_62' title='bbox 1327 2522 1382 2575; x_wconf 85' lang='grc' dir='ltr'><strong>δὲ</strong></span> <span class='ocrx_word' id='word_1_63' title='bbox 1413 2521 1602 2585; x_wconf 76' lang='grc' dir='ltr'>οὕτως·</span> 
     </span>
    </p>
   </div>
   <div class='ocr_carea' id='block_1_15' title="bbox 241 2609 1743 2684">
    <p class='ocr_par' dir='ltr' id='par_1_15' title="bbox 241 2609 1743 2684">
     <span class='ocr_line' id='line_1_15' title="bbox 241 2609 1743 2684; baseline -0.001 -18"><span class='ocrx_word' id='word_1_64' title='bbox 241 2613 406 2667; x_wconf 84' lang='grc' dir='ltr'><strong>ΕΥΝ.</strong></span> <span class='ocrx_word' id='word_1_65' title='bbox 469 2609 806 2682; x_wconf 84' lang='grc' dir='ltr'>Ἀρκούντων</span> <span class='ocrx_word' id='word_1_66' title='bbox 871 2610 928 2664; x_wconf 87' lang='grc' dir='ltr'>δὲ</span> <span class='ocrx_word' id='word_1_67' title='bbox 973 2613 1106 2682; x_wconf 84' lang='grc' dir='ltr'>ἡμῖν</span> <span class='ocrx_word' id='word_1_68' title='bbox 1160 2611 1426 2666; x_wconf 82' lang='grc' dir='ltr'>τοσούτων</span> <span class='ocrx_word' id='word_1_69' title='bbox 1473 2613 1602 2684; x_wconf 75' lang='grc' dir='ltr'>περὶ</span> <span class='ocrx_word' id='word_1_70' title='bbox 1651 2611 1743 2666; x_wconf 90' lang='grc' dir='ltr'><strong>τοῦ</strong></span> 
     </span>
    </p>
   </div>
   <div class='ocr_carea' id='block_1_16' title="bbox 163 2699 1748 2773">
    <p class='ocr_par' dir='ltr' id='par_1_16' title="bbox 163 2699 1748 2773">
     <span class='ocr_line' id='line_1_16' title="bbox 163 2699 1748 2773; baseline -0.002 -17"><span class='ocrx_word' id='word_1_71' title='bbox 163 2701 532 2770; x_wconf 83' lang='grc' dir='ltr'>Μονογενοῦς,</span> <span class='ocrx_word' id='word_1_72' title='bbox 567 2699 856 2754; x_wconf 87' lang='grc' dir='ltr'>ἀκόλουθον</span> <span class='ocrx_word' id='word_1_73' title='bbox 901 2700 967 2755; x_wconf 83' lang='grc' dir='ltr'><strong>ἂν</strong></span> <span class='ocrx_word' id='word_1_74' title='bbox 1010 2699 1096 2772; x_wconf 78' lang='grc' dir='ltr'><strong>εἴη</strong></span> <span class='ocrx_word' id='word_1_75' title='bbox 1143 2701 1238 2755; x_wconf 77' lang='grc' dir='ltr'><strong>καὶ</strong></span> <span class='ocrx_word' id='word_1_76' title='bbox 1285 2699 1534 2772; x_wconf 78' lang='grc' dir='ltr'>περὶτοῦ</span> <span class='ocrx_word' id='word_1_77' title='bbox 1565 2701 1748 2773; x_wconf 74' lang='grc' dir='ltr'>Παραο</span> 
     </span>
    </p>
   </div>
   <div class='ocr_carea' id='block_1_17' title="bbox 164 2789 1748 2863">
    <p class='ocr_par' dir='ltr' id='par_1_17' title="bbox 164 2789 1748 2863">
     <span class='ocr_line' id='line_1_17' title="bbox 164 2789 1748 2863; baseline -0.003 -15"><span class='ocrx_word' id='word_1_78' title='bbox 164 2793 370 2863; x_wconf 83' lang='grc' dir='ltr'>κλήτου</span> <span class='ocrx_word' id='word_1_79' title='bbox 399 2791 580 2844; x_wconf 80' lang='grc' dir='ltr'>λοιπὸν</span> <span class='ocrx_word' id='word_1_80' title='bbox 605 2792 778 2844; x_wconf 76' lang='grc' dir='ltr'>εἰπεῖν</span> <span class='ocrx_word' id='word_1_81' title='bbox 801 2805 816 2821; x_wconf 89' lang='grc'><strong>·</strong></span> <span class='ocrx_word' id='word_1_82' title='bbox 850 2789 911 2843; x_wconf 85' lang='grc' dir='ltr'><strong>οὐ</strong></span> <span class='ocrx_word' id='word_1_83' title='bbox 946 2792 1062 2853; x_wconf 85' lang='grc' dir='ltr'>ταῖς</span> <span class='ocrx_word' id='word_1_84' title='bbox 1087 2790 1458 2857; x_wconf 80' lang='grc' dir='ltr'>ἁνεξετάστοις</span> <span class='ocrx_word' id='word_1_85' title='bbox 1482 2789 1588 2846; x_wconf 87' lang='grc' dir='ltr'><strong>τῶν</strong></span> <span class='ocrx_word' id='word_1_86' title='bbox 1621 2791 1748 2844; x_wconf 92' lang='grc' dir='ltr'>πολ-</span> 
     </span>
    </p>
   </div>
   <div class='ocr_carea' id='block_1_18' title="bbox 163 2879 1746 2952">
    <p class='ocr_par' dir='ltr' id='par_1_18' title="bbox 163 2879 1746 2952">
     <span class='ocr_line' id='line_1_18' title="bbox 163 2879 1746 2952; baseline 0 -18"><span class='ocrx_word' id='word_1_87' title='bbox 163 2881 277 2934; x_wconf 89' lang='grc' dir='ltr'><strong>λῶν</strong></span> <span class='ocrx_word' id='word_1_88' title='bbox 307 2879 732 2945; x_wconf 83' lang='grc' dir='ltr'>ἀκολουθοῦντας</span> <span class='ocrx_word' id='word_1_89' title='bbox 749 2880 948 2948; x_wconf 81' lang='grc' dir='ltr'>δόξαις,</span> <span class='ocrx_word' id='word_1_90' title='bbox 977 2881 1075 2952; x_wconf 85' lang='grc' dir='ltr'>τὴν</span> <span class='ocrx_word' id='word_1_91' title='bbox 1097 2881 1153 2934; x_wconf 84' lang='grc' dir='ltr'>δὲ</span> <span class='ocrx_word' id='word_1_92' title='bbox 1177 2881 1284 2936; x_wconf 86' lang='grc' dir='ltr'><strong>τῶν</strong></span> <span class='ocrx_word' id='word_1_93' title='bbox 1307 2880 1475 2950; x_wconf 81' lang='grc' dir='ltr'>ἁγίων</span> <span class='ocrx_word' id='word_1_94' title='bbox 1496 2883 1553 2935; x_wconf 87' lang='grc' dir='ltr'><strong>ὲν</strong></span> <span class='ocrx_word' id='word_1_95' title='bbox 1577 2881 1746 2936; x_wconf 81' lang='grc' dir='ltr'>ἁπασι</span> 
     </span>
    </p>
   </div>
   <div class='ocr_carea' id='block_1_19' title="bbox 167 2965 1748 3044">
    <p class='ocr_par' dir='ltr' id='par_1_19' title="bbox 167 2965 1748 3044">
     <span class='ocr_line' id='line_1_19' title="bbox 167 2965 1748 3044; baseline 0.001 -19"><span class='ocrx_word' id='word_1_96' title='bbox 167 2971 548 3040; x_wconf 75' lang='grc' dir='ltr'>φυλάσσοντας</span> <span class='ocrx_word' id='word_1_97' title='bbox 572 2970 941 3037; x_wconf 77' lang='grc' dir='ltr'>διδασκαλίαν,</span> <span class='ocrx_word' id='word_1_98' title='bbox 976 2972 1104 3043; x_wconf 88' lang='grc' dir='ltr'>παρ’</span> <span class='ocrx_word' id='word_1_99' title='bbox 1127 2965 1202 3026; x_wconf 71' lang='grc' dir='ltr'>ὧν</span> <span class='ocrx_word' id='word_1_100' title='bbox 1224 2973 1404 3044; x_wconf 86' lang='grc' dir='ltr'>τρίτον</span> <span class='ocrx_word' id='word_1_101' title='bbox 1437 2973 1568 3028; x_wconf 84' lang='grc' dir='ltr'>αὐτὸ</span> <span class='ocrx_word' id='word_1_102' title='bbox 1594 2973 1748 3040; x_wconf 79' lang='grc' dir='ltr'>ἀξιώ-</span> 
     </span>
    </p>
   </div>
   <div class='ocr_carea' id='block_1_20' title="bbox 170 3059 1747 3137">
    <p class='ocr_par' dir='ltr' id='par_1_20' title="bbox 170 3059 1747 3137">
     <span class='ocr_line' id='line_1_20' title="bbox 170 3059 1747 3137; baseline 0.003 -21"><span class='ocrx_word' id='word_1_103' title='bbox 170 3079 306 3134; x_wconf 81' lang='grc' dir='ltr'>ματι</span> <span class='ocrx_word' id='word_1_104' title='bbox 337 3063 430 3115; x_wconf 69' lang='grc' dir='ltr'><strong>κα)⁸</strong></span> <span class='ocrx_word' id='word_1_105' title='bbox 469 3060 616 3126; x_wconf 84' lang='grc' dir='ltr'>τάξει</span> <span class='ocrx_word' id='word_1_106' title='bbox 667 3061 950 3132; x_wconf 83' lang='grc' dir='ltr'>μαθόντες,</span> <span class='ocrx_word' id='word_1_107' title='bbox 980 3062 1161 3132; x_wconf 86' lang='grc' dir='ltr'>τρίτον</span> <span class='ocrx_word' id='word_1_108' title='bbox 1199 3059 1336 3118; x_wconf 72' lang='grc' dir='ltr'>εἶναι</span> <span class='ocrx_word' id='word_1_109' title='bbox 1366 3067 1460 3119; x_wconf 79' lang='grc' dir='ltr'>καὶ</span> <span class='ocrx_word' id='word_1_110' title='bbox 1487 3068 1551 3137; x_wconf 82' lang='grc' dir='ltr'>τῇ</span> <span class='ocrx_word' id='word_1_111' title='bbox 1589 3066 1747 3136; x_wconf 89' lang='grc' dir='ltr'>φύσει</span> 
     </span>
    </p>
   </div>
   <div class='ocr_carea' id='block_1_21' title="bbox 167 3153 640 3224">
    <p class='ocr_par' dir='ltr' id='par_1_21' title="bbox 167 3153 640 3224">
     <span class='ocr_line' id='line_1_21' title="bbox 167 3153 640 3224; baseline -0.006 -14"><span class='ocrx_word' id='word_1_112' title='bbox 167 3153 640 3224; x_wconf 83' lang='grc' dir='ltr'>πεπιστεύκαμεν.</span> 
     </span>
    </p>
   </div>
   <div class='ocr_carea' id='block_1_22' title="bbox 244 3246 1748 3322">
    <p class='ocr_par' dir='ltr' id='par_1_22' title="bbox 244 3246 1748 3322">
     <span class='ocr_line' id='line_1_22' title="bbox 244 3246 1748 3322; baseline 0.004 -23"><span class='ocrx_word' id='word_1_113' title='bbox 244 3248 394 3299; x_wconf 85' lang='grc' dir='ltr'><strong>ΒΑΣ.</strong></span> <span class='ocrx_word' id='word_1_114' title='bbox 423 3248 545 3300; x_wconf 85' lang='grc' dir='ltr'>Ὅτι</span> <span class='ocrx_word' id='word_1_115' title='bbox 579 3247 676 3318; x_wconf 84' lang='grc' dir='ltr'><strong>μὲν</strong></span> <span class='ocrx_word' id='word_1_116' title='bbox 721 3246 828 3318; x_wconf 84' lang='grc' dir='ltr'>γὰρ</span> <span class='ocrx_word' id='word_1_117' title='bbox 875 3247 976 3300; x_wconf 76' lang='grc' dir='ltr'><strong>οὐκ</strong></span> <span class='ocrx_word' id='word_1_118' title='bbox 1021 3246 1191 3301; x_wconf 75' lang='grc' dir='ltr'>οἴεται</span> <span class='ocrx_word' id='word_1_119' title='bbox 1234 3249 1341 3302; x_wconf 87' lang='grc' dir='ltr'>δεῖν</span> <span class='ocrx_word' id='word_1_120' title='bbox 1388 3252 1451 3322; x_wconf 83' lang='grc' dir='ltr'><strong>τῇ</strong></span> <span class='ocrx_word' id='word_1_121' title='bbox 1483 3251 1626 3322; x_wconf 83' lang='grc' dir='ltr'>ἁπλῇ</span> <span class='ocrx_word' id='word_1_122' title='bbox 1655 3254 1748 3306; x_wconf 72' lang='grc' dir='ltr'><strong>καὶ</strong></span> 
     </span>
    </p>
   </div>
   <div class='ocr_carea' id='block_1_23' title="bbox 165 3338 1746 3412">
    <p class='ocr_par' dir='ltr' id='par_1_23' title="bbox 165 3338 1746 3412">
     <span class='ocr_line' id='line_1_23' title="bbox 165 3338 1746 3412; baseline 0.002 -19"><span class='ocrx_word' id='word_1_123' title='bbox 165 3338 574 3410; x_wconf 81' lang='grc' dir='ltr'>ἀνεπιτηδεύτῳ</span> <span class='ocrx_word' id='word_1_124' title='bbox 628 3339 810 3392; x_wconf 83' lang='grc' dir='ltr'>πίστει</span> <span class='ocrx_word' id='word_1_125' title='bbox 863 3339 972 3393; x_wconf 89' lang='grc' dir='ltr'><strong>τῶν</strong></span> <span class='ocrx_word' id='word_1_126' title='bbox 1026 3340 1234 3393; x_wconf 83' lang='grc' dir='ltr'>πολλῶν</span> <span class='ocrx_word' id='word_1_127' title='bbox 1281 3341 1560 3412; x_wconf 78' lang='grc' dir='ltr'>ἐμμένειν,</span> <span class='ocrx_word' id='word_1_128' title='bbox 1613 3343 1746 3397; x_wconf 85' lang='grc' dir='ltr'>ἀλλὰ</span> 
     </span>
    </p>
   </div>
   <div class='ocr_carea' id='block_1_24' title="bbox 165 3431 1746 3504">
    <p class='ocr_par' dir='ltr' id='par_1_24' title="bbox 165 3431 1746 3504">
     <span class='ocr_line' id='line_1_24' title="bbox 165 3431 1746 3504; baseline 0.001 -19"><span class='ocrx_word' id='word_1_129' title='bbox 165 3435 438 3502; x_wconf 82' lang='grc' dir='ltr'>τεχνικοῖς</span> <span class='ocrx_word' id='word_1_130' title='bbox 467 3449 575 3485; x_wconf 93' lang='grc' dir='ltr'>τισι</span> <span class='ocrx_word' id='word_1_131' title='bbox 617 3432 710 3485; x_wconf 68' lang='grc' dir='ltr'><strong>κα)⁸</strong></span> <span class='ocrx_word' id='word_1_132' title='bbox 746 3431 1156 3503; x_wconf 83' lang='grc' dir='ltr'>σεσοφισμένοις</span> <span class='ocrx_word' id='word_1_133' title='bbox 1195 3432 1372 3501; x_wconf 85' lang='grc' dir='ltr'>λόγοις</span> <span class='ocrx_word' id='word_1_134' title='bbox 1410 3434 1570 3488; x_wconf 90' lang='grc' dir='ltr'>πάλιν</span> <span class='ocrx_word' id='word_1_135' title='bbox 1613 3435 1746 3504; x_wconf 81' lang='grc' dir='ltr'>πρὸς</span> 
     </span>
    </p>
   </div>
   <div class='ocr_carea' id='block_1_25' title="bbox 165 3523 1750 3597">
    <p class='ocr_par' dir='ltr' id='par_1_25' title="bbox 165 3523 1750 3597">
     <span class='ocr_line' id='line_1_25' title="bbox 165 3523 1750 3597; baseline 0.001 -19"><span class='ocrx_word' id='word_1_136' title='bbox 165 3525 232 3578; x_wconf 83' lang='grc' dir='ltr'>τὸ</span> <span class='ocrx_word' id='word_1_137' title='bbox 283 3524 473 3579; x_wconf 82' lang='grc' dir='ltr'>δοκοῦν</span> <span class='ocrx_word' id='word_1_138' title='bbox 506 3523 684 3596; x_wconf 78' lang='grc' dir='ltr'>ἐαυτῷ</span> <span class='ocrx_word' id='word_1_139' title='bbox 715 3523 1160 3596; x_wconf 82' lang='grc' dir='ltr'>παρακρούεσθαι</span> <span class='ocrx_word' id='word_1_140' title='bbox 1187 3525 1285 3596; x_wconf 85' lang='grc' dir='ltr'>τὴν</span> <span class='ocrx_word' id='word_1_141' title='bbox 1329 3525 1604 3597; x_wconf 84' lang='grc' dir='ltr'>ἀλήθειαν.</span> <span class='ocrx_word' id='word_1_142' title='bbox 1638 3528 1750 3580; x_wconf 76' lang='grc' dir='ltr'>ίκαο</span> 
     </span>
    </p>
   </div>
   <div class='ocr_carea' id='block_1_26' title="bbox 1853 2327 3411 2402">
    <p class='ocr_par' dir='ltr' id='par_1_26' title="bbox 1853 2327 3411 2402">
     <span class='ocr_line' id='line_1_26' title="bbox 1853 2327 3411 2402; baseline -0.006 -12"><span class='ocrx_word' id='word_1_143' title='bbox 1853 2335 2100 2401; x_wconf 91' lang='lat' dir='ltr'><strong>satiatus,</strong></span> <span class='ocrx_word' id='word_1_144' title='bbox 2132 2333 2198 2388; x_wconf 91' lang='lat' dir='ltr'><strong>ad</strong></span> <span class='ocrx_word' id='word_1_145' title='bbox 2230 2331 2491 2402; x_wconf 78' lang='lat' dir='ltr'><strong>Spiritum</strong></span> <span class='ocrx_word' id='word_1_146' title='bbox 2523 2337 2768 2383; x_wconf 88' lang='lat' dir='ltr'><strong>sanctum</strong></span> <span class='ocrx_word' id='word_1_147' title='bbox 2798 2327 2870 2381; x_wconf 90' lang='lat' dir='ltr'><strong>ita</strong></span> <span class='ocrx_word' id='word_1_148' title='bbox 2902 2327 3137 2392; x_wconf 91' lang='lat' dir='ltr'><strong>transiit,</strong></span> <span class='ocrx_word' id='word_1_149' title='bbox 3170 2334 3228 2381; x_wconf 89' lang='lat' dir='ltr'><strong>ut</strong></span> <span class='ocrx_word' id='word_1_150' title='bbox 3257 2327 3322 2382; x_wconf 92' lang='lat' dir='ltr'><strong>de</strong></span> <span class='ocrx_word' id='word_1_151' title='bbox 3351 2340 3411 2381; x_wconf 73' lang='lat' dir='ltr'><strong>ec</strong></span> 
     </span>
    </p>
   </div>
   <div class='ocr_carea' id='block_1_27' title="bbox 1853 2420 3412 2489">
    <p class='ocr_par' dir='ltr' id='par_1_27' title="bbox 1853 2420 3412 2489">
     <span class='ocr_line' id='line_1_27' title="bbox 1853 2420 3412 2489; baseline -0.005 -7"><span class='ocrx_word' id='word_1_152' title='bbox 1853 2429 2016 2482; x_wconf 91' lang='lat' dir='ltr'><strong>etiam</strong></span> <span class='ocrx_word' id='word_1_153' title='bbox 2047 2433 2470 2480; x_wconf 81' lang='lat' dir='ltr'><strong>consentaneum</strong></span> <span class='ocrx_word' id='word_1_154' title='bbox 2511 2422 2608 2477; x_wconf 87' lang='lat' dir='ltr'><strong>toti</strong></span> <span class='ocrx_word' id='word_1_155' title='bbox 2657 2435 2754 2475; x_wconf 90' lang='lat' dir='ltr'><strong>suo</strong></span> <span class='ocrx_word' id='word_1_156' title='bbox 2793 2420 3069 2489; x_wconf 90' lang='lat' dir='ltr'><strong>proposito</strong></span> <span class='ocrx_word' id='word_1_157' title='bbox 3111 2431 3412 2475; x_wconf 80' lang='lat' dir='ltr'><strong>sermonem</strong></span> 
     </span>
    </p>
   </div>
   <div class='ocr_carea' id='block_1_28' title="bbox 1854 2510 2747 2572">
    <p class='ocr_par' dir='ltr' id='par_1_28' title="bbox 1854 2510 2747 2572">
     <span class='ocr_line' id='line_1_28' title="bbox 1854 2510 2747 2572; baseline -0.008 -1"><span class='ocrx_word' id='word_1_158' title='bbox 1854 2517 2119 2572; x_wconf 84' lang='lat' dir='ltr'><strong>instituat.</strong></span> <span class='ocrx_word' id='word_1_159' title='bbox 2161 2515 2362 2570; x_wconf 83' lang='lat' dir='ltr'><strong>Scribit</strong></span> <span class='ocrx_word' id='word_1_160' title='bbox 2401 2521 2580 2566; x_wconf 88' lang='lat' dir='ltr'><strong>autem</strong></span> <span class='ocrx_word' id='word_1_161' title='bbox 2613 2510 2691 2566; x_wconf 91' lang='lat' dir='ltr'><strong>sic</strong></span> <span class='ocrx_word' id='word_1_162' title='bbox 2733 2529 2747 2564; x_wconf 87' lang='lat'>:</span> 
     </span>
    </p>
   </div>
   <div class='ocr_carea' id='block_1_29' title="bbox 1925 2601 3397 2672">
    <p class='ocr_par' dir='ltr' id='par_1_29' title="bbox 1925 2601 3397 2672">
     <span class='ocr_line' id='line_1_29' title="bbox 1925 2601 3397 2672; baseline -0.007 -8"><span class='ocrx_word' id='word_1_163' title='bbox 1925 2609 2059 2665; x_wconf 70' lang='lat' dir='ltr'><strong>Eun.</strong></span> <span class='ocrx_word' id='word_1_164' title='bbox 2102 2608 2236 2663; x_wconf 83' lang='lat' dir='ltr'><strong>Cum</strong></span> <span class='ocrx_word' id='word_1_165' title='bbox 2285 2616 2464 2660; x_wconf 90' lang='lat' dir='ltr'><strong>autem</strong></span> <span class='ocrx_word' id='word_1_166' title='bbox 2522 2605 2637 2659; x_wconf 71' lang='lat' dir='ltr'><strong>haec</strong></span> <span class='ocrx_word' id='word_1_167' title='bbox 2689 2602 2842 2658; x_wconf 91' lang='lat' dir='ltr'><strong>nobis</strong></span> <span class='ocrx_word' id='word_1_168' title='bbox 2881 2603 2945 2657; x_wconf 90' lang='lat' dir='ltr'><strong>de</strong></span> <span class='ocrx_word' id='word_1_169' title='bbox 2977 2601 3263 2672; x_wconf 81' lang='lat' dir='ltr'><strong>Unigenito</strong></span> <span class='ocrx_word' id='word_1_170' title='bbox 3306 2601 3397 2656; x_wconf 84' lang='lat' dir='ltr'><strong>sul‘</strong></span> 
     </span>
    </p>
   </div>
   <div class='ocr_carea' id='block_1_30' title="bbox 1856 2691 3408 2768">
    <p class='ocr_par' dir='ltr' id='par_1_30' title="bbox 1856 2691 3408 2768">
     <span class='ocr_line' id='line_1_30' title="bbox 1856 2691 3408 2768; baseline -0.006 -13"><span class='ocrx_word' id='word_1_171' title='bbox 1856 2701 2057 2765; x_wconf 85' lang='lat' dir='ltr'><strong>liciant,</strong></span> <span class='ocrx_word' id='word_1_172' title='bbox 2087 2713 2422 2768; x_wconf 88' lang='lat' dir='ltr'><strong>consequens</strong></span> <span class='ocrx_word' id='word_1_173' title='bbox 2443 2695 2606 2751; x_wconf 82' lang='lat' dir='ltr'><strong>fuerit</strong></span> <span class='ocrx_word' id='word_1_174' title='bbox 2644 2704 2702 2749; x_wconf 91' lang='lat' dir='ltr'><strong>ut</strong></span> <span class='ocrx_word' id='word_1_175' title='bbox 2729 2693 2839 2762; x_wconf 85' lang='lat' dir='ltr'><strong>jam</strong></span> <span class='ocrx_word' id='word_1_176' title='bbox 2871 2694 2936 2749; x_wconf 90' lang='lat' dir='ltr'><strong>de</strong></span> <span class='ocrx_word' id='word_1_177' title='bbox 2972 2691 3248 2749; x_wconf 89' lang='lat' dir='ltr'><strong>Paracleto</strong></span> <span class='ocrx_word' id='word_1_178' title='bbox 3285 2709 3408 2762; x_wconf 91' lang='lat' dir='ltr'><strong>quo-</strong></span> 
     </span>
    </p>
   </div>
   <div class='ocr_carea' id='block_1_31' title="bbox 1855 2789 3416 2863">
    <p class='ocr_par' dir='ltr' id='par_1_31' title="bbox 1855 2789 3416 2863">
     <span class='ocr_line' id='line_1_31' title="bbox 1855 2789 3416 2863; baseline -0.004 -16"><span class='ocrx_word' id='word_1_179' title='bbox 1855 2809 1959 2863; x_wconf 90' lang='lat' dir='ltr'><strong>que</strong></span> <span class='ocrx_word' id='word_1_180' title='bbox 1987 2794 2265 2858; x_wconf 86' lang='lat' dir='ltr'><strong>dicamus,</strong></span> <span class='ocrx_word' id='word_1_181' title='bbox 2307 2807 2415 2846; x_wconf 91' lang='lat' dir='ltr'><strong>non</strong></span> <span class='ocrx_word' id='word_1_182' title='bbox 2467 2789 2610 2860; x_wconf 77' lang='lat' dir='ltr'><strong>vulgi</strong></span> <span class='ocrx_word' id='word_1_183' title='bbox 2647 2789 2932 2858; x_wconf 82' lang='lat' dir='ltr'><strong>opiniones</strong></span> <span class='ocrx_word' id='word_1_184' title='bbox 2975 2790 3288 2843; x_wconf 87' lang='lat' dir='ltr'><strong>temerarias</strong></span> <span class='ocrx_word' id='word_1_185' title='bbox 3333 2801 3416 2842; x_wconf 86' lang='lat' dir='ltr'><strong>se-</strong></span> 
     </span>
    </p>
   </div>
   <div class='ocr_carea' id='block_1_32' title="bbox 1855 2880 3409 2946">
    <p class='ocr_par' dir='ltr' id='par_1_32' title="bbox 1855 2880 3409 2946">
     <span class='ocr_line' id='line_1_32' title="bbox 1855 2880 3409 2946; baseline -0.005 -5"><span class='ocrx_word' id='word_1_186' title='bbox 1855 2886 2004 2946; x_wconf 85' lang='lat' dir='ltr'><strong>cuti.</strong></span> <span class='ocrx_word' id='word_1_187' title='bbox 2061 2885 2152 2940; x_wconf 90' lang='lat' dir='ltr'><strong>sed</strong></span> <span class='ocrx_word' id='word_1_188' title='bbox 2208 2893 2520 2940; x_wconf 89' lang='lat' dir='ltr'><strong>sanctorum</strong></span> <span class='ocrx_word' id='word_1_189' title='bbox 2570 2883 2621 2935; x_wconf 93' lang='lat' dir='ltr'><strong>in</strong></span> <span class='ocrx_word' id='word_1_190' title='bbox 2657 2881 2908 2936; x_wconf 89' lang='lat' dir='ltr'><strong>omnibus</strong></span> <span class='ocrx_word' id='word_1_191' title='bbox 2954 2880 3256 2934; x_wconf 85' lang='lat' dir='ltr'><strong>doctrinam</strong></span> <span class='ocrx_word' id='word_1_192' title='bbox 3291 2895 3409 2934; x_wconf 81' lang='lat' dir='ltr'><strong>ser--</strong></span> 
     </span>
    </p>
   </div>
   <div class='ocr_carea' id='block_1_33' title="bbox 1855 2971 3419 3044">
    <p class='ocr_par' dir='ltr' id='par_1_33' title="bbox 1855 2971 3419 3044">
     <span class='ocr_line' id='line_1_33' title="bbox 1855 2971 3419 3044; baseline -0.003 -16"><span class='ocrx_word' id='word_1_193' title='bbox 1855 2987 2041 3031; x_wconf 90' lang='lat' dir='ltr'><strong>vantes</strong></span> <span class='ocrx_word' id='word_1_194' title='bbox 2067 2995 2080 3029; x_wconf 91' lang='lat'><strong>:</strong></span> <span class='ocrx_word' id='word_1_195' title='bbox 2115 2991 2144 3030; x_wconf 91' lang='lat' dir='ltr'><strong>a</strong></span> <span class='ocrx_word' id='word_1_196' title='bbox 2174 2990 2369 3044; x_wconf 83' lang='lat' dir='ltr'><strong>quibus</strong></span> <span class='ocrx_word' id='word_1_197' title='bbox 2397 2989 2518 3028; x_wconf 92' lang='lat' dir='ltr'><strong>cum</strong></span> <span class='ocrx_word' id='word_1_198' title='bbox 2549 2972 2898 3028; x_wconf 80' lang='lat' dir='ltr'><strong>didicerimus</strong></span> <span class='ocrx_word' id='word_1_199' title='bbox 2923 2985 3044 3025; x_wconf 90' lang='lat' dir='ltr'><strong>eum</strong></span> <span class='ocrx_word' id='word_1_200' title='bbox 3076 2971 3338 3040; x_wconf 80' lang='lat' dir='ltr'><strong>dignitate</strong></span> <span class='ocrx_word' id='word_1_201' title='bbox 3363 2981 3419 3026; x_wconf 91' lang='lat' dir='ltr'><strong>et</strong></span> 
     </span>
    </p>
   </div>
   <div class='ocr_carea' id='block_1_34' title="bbox 1854 3060 3422 3130">
    <p class='ocr_par' dir='ltr' id='par_1_34' title="bbox 1854 3060 3422 3130">
     <span class='ocr_line' id='line_1_34' title="bbox 1854 3060 3422 3130; baseline -0.004 -8"><span class='ocrx_word' id='word_1_202' title='bbox 1854 3065 2044 3122; x_wconf 87' lang='lat' dir='ltr'><strong>ordine</strong></span> <span class='ocrx_word' id='word_1_203' title='bbox 2079 3068 2293 3119; x_wconf 87' lang='lat' dir='ltr'><strong>tertium</strong></span> <span class='ocrx_word' id='word_1_204' title='bbox 2319 3105 2334 3130; x_wconf 92' lang='lat'><strong>,</strong></span> <span class='ocrx_word' id='word_1_205' title='bbox 2377 3062 2592 3118; x_wconf 91' lang='lat' dir='ltr'><strong>tertium</strong></span> <span class='ocrx_word' id='word_1_206' title='bbox 2632 3074 2844 3130; x_wconf 91' lang='lat' dir='ltr'><strong>quoque</strong></span> <span class='ocrx_word' id='word_1_207' title='bbox 2874 3069 3065 3114; x_wconf 89' lang='lat' dir='ltr'><strong>natura</strong></span> <span class='ocrx_word' id='word_1_208' title='bbox 3102 3075 3220 3116; x_wconf 90' lang='lat' dir='ltr'><strong>esse</strong></span> <span class='ocrx_word' id='word_1_209' title='bbox 3250 3060 3422 3116; x_wconf 88' lang='lat' dir='ltr'><strong>credi-</strong></span> 
     </span>
    </p>
   </div>
   <div class='ocr_carea' id='block_1_35' title="bbox 1855 3175 1993 3214">
    <p class='ocr_par' dir='ltr' id='par_1_35' title="bbox 1855 3175 1993 3214">
     <span class='ocr_line' id='line_1_35' title="bbox 1855 3175 1993 3214; baseline -0.022 0"><span class='ocrx_word' id='word_1_210' title='bbox 1855 3175 1993 3214; x_wconf 80' lang='lat' dir='ltr'><strong>lllllS.</strong></span> 
     </span>
    </p>
   </div>
   <div class='ocr_carea' id='block_1_36' title="bbox 1926 3245 3416 3316">
    <p class='ocr_par' dir='ltr' id='par_1_36' title="bbox 1926 3245 3416 3316">
     <span class='ocr_line' id='line_1_36' title="bbox 1926 3245 3416 3316; baseline -0.001 -12"><span class='ocrx_word' id='word_1_211' title='bbox 1926 3249 2052 3304; x_wconf 62' lang='lat' dir='ltr'><strong>Bas.</strong></span> <span class='ocrx_word' id='word_1_212' title='bbox 2095 3247 2244 3315; x_wconf 87' lang='lat' dir='ltr'><strong>Quod</strong></span> <span class='ocrx_word' id='word_1_213' title='bbox 2271 3247 2485 3316; x_wconf 86' lang='lat' dir='ltr'><strong>quidem</strong></span> <span class='ocrx_word' id='word_1_214' title='bbox 2515 3259 2618 3300; x_wconf 89' lang='lat' dir='ltr'><strong>non</strong></span> <span class='ocrx_word' id='word_1_215' title='bbox 2644 3253 2797 3315; x_wconf 90' lang='lat' dir='ltr'><strong>putet</strong></span> <span class='ocrx_word' id='word_1_216' title='bbox 2823 3251 3074 3314; x_wconf 87' lang='lat' dir='ltr'><strong>oportere</strong></span> <span class='ocrx_word' id='word_1_217' title='bbox 3099 3245 3150 3299; x_wconf 91' lang='lat' dir='ltr'><strong>in</strong></span> <span class='ocrx_word' id='word_1_218' title='bbox 3184 3246 3416 3316; x_wconf 89' lang='lat' dir='ltr'><strong>simplici</strong></span> 
     </span>
    </p>
   </div>
   <div class='ocr_carea' id='block_1_37' title="bbox 1858 3337 3417 3406">
    <p class='ocr_par' dir='ltr' id='par_1_37' title="bbox 1858 3337 3417 3406">
     <span class='ocr_line' id='line_1_37' title="bbox 1858 3337 3417 3406; baseline -0.003 -9"><span class='ocrx_word' id='word_1_219' title='bbox 1858 3358 1923 3397; x_wconf 91' lang='lat' dir='ltr'><strong>ac</strong></span> <span class='ocrx_word' id='word_1_220' title='bbox 1954 3339 2094 3396; x_wconf 91' lang='lat' dir='ltr'><strong>nuda</strong></span> <span class='ocrx_word' id='word_1_221' title='bbox 2139 3339 2427 3394; x_wconf 89' lang='lat' dir='ltr'><strong>multorum</strong></span> <span class='ocrx_word' id='word_1_222' title='bbox 2461 3337 2564 3392; x_wconf 86' lang='lat' dir='ltr'><strong>lide</strong></span> <span class='ocrx_word' id='word_1_223' title='bbox 2595 3351 2912 3406; x_wconf 89' lang='lat' dir='ltr'><strong>permanere</strong></span> <span class='ocrx_word' id='word_1_224' title='bbox 2933 3376 2948 3400; x_wconf 91' lang='lat'><strong>,</strong></span> <span class='ocrx_word' id='word_1_225' title='bbox 2974 3337 3067 3392; x_wconf 87' lang='lat' dir='ltr'><strong>sed</strong></span> <span class='ocrx_word' id='word_1_226' title='bbox 3111 3339 3417 3394; x_wconf 83' lang='lat' dir='ltr'><strong>artiﬁciosis</strong></span> 
     </span>
    </p>
   </div>
   <div class='ocr_carea' id='block_1_38' title="bbox 1855 3429 3414 3500">
    <p class='ocr_par' dir='ltr' id='par_1_38' title="bbox 1855 3429 3414 3500">
     <span class='ocr_line' id='line_1_38' title="bbox 1855 3429 3414 3500; baseline -0.001 -14"><span class='ocrx_word' id='word_1_227' title='bbox 1855 3431 2174 3500; x_wconf 89' lang='lat' dir='ltr'><strong>quibusdam</strong></span> <span class='ocrx_word' id='word_1_228' title='bbox 2250 3445 2312 3483; x_wconf 91' lang='lat' dir='ltr'><strong>ac</strong></span> <span class='ocrx_word' id='word_1_229' title='bbox 2393 3429 2648 3498; x_wconf 85' lang='lat' dir='ltr'><strong>captiosis</strong></span> <span class='ocrx_word' id='word_1_230' title='bbox 2745 3429 3042 3485; x_wconf 91' lang='lat' dir='ltr'><strong>rationibus</strong></span> <span class='ocrx_word' id='word_1_231' title='bbox 3135 3433 3414 3486; x_wconf 78' lang='lat' dir='ltr'><strong>veritatem</strong></span> 
     </span>
    </p>
   </div>
   <div class='ocr_carea' id='block_1_39' title="bbox 1859 3519 3417 3590">
    <p class='ocr_par' dir='ltr' id='par_1_39' title="bbox 1859 3519 3417 3590">
     <span class='ocr_line' id='line_1_39' title="bbox 1859 3519 3417 3590; baseline 0.001 -14"><span class='ocrx_word' id='word_1_232' title='bbox 1859 3537 2044 3578; x_wconf 86' lang='lat' dir='ltr'><strong>rursus</strong></span> <span class='ocrx_word' id='word_1_233' title='bbox 2073 3522 2138 3574; x_wconf 91' lang='lat' dir='ltr'><strong>ad</strong></span> <span class='ocrx_word' id='word_1_234' title='bbox 2181 3522 2266 3586; x_wconf 91' lang='lat' dir='ltr'><strong>id,</strong></span> <span class='ocrx_word' id='word_1_235' title='bbox 2313 3520 2455 3590; x_wconf 88' lang='lat' dir='ltr'><strong>quod</strong></span> <span class='ocrx_word' id='word_1_236' title='bbox 2504 3521 2604 3574; x_wconf 88' lang='lat' dir='ltr'><strong>sibi</strong></span> <span class='ocrx_word' id='word_1_237' title='bbox 2657 3519 2887 3585; x_wconf 88' lang='lat' dir='ltr'><strong>videtur,</strong></span> <span class='ocrx_word' id='word_1_238' title='bbox 2931 3521 3250 3587; x_wconf 87' lang='lat' dir='ltr'><strong>detrudere,</strong></span> <span class='ocrx_word' id='word_1_239' title='bbox 3285 3523 3417 3578; x_wconf 84' lang='lat' dir='ltr'><strong>satis</strong></span> 
     </span>
    </p>
   </div>
   <div class='ocr_carea' id='block_1_40' title="bbox 167 3608 1743 3688">
    <p class='ocr_par' dir='ltr' id='par_1_40' title="bbox 167 3608 1743 3688">
     <span class='ocr_line' id='line_1_40' title="bbox 167 3608 1743 3688; baseline 0.003 -21"><span class='ocrx_word' id='word_1_240' title='bbox 167 3615 279 3678; x_wconf 89' lang='grc' dir='ltr'><strong>νῶς</strong></span> <span class='ocrx_word' id='word_1_241' title='bbox 320 3615 378 3681; x_wconf 73' lang='grc' dir='ltr'><strong>ἐξ</strong></span> <span class='ocrx_word' id='word_1_242' title='bbox 407 3608 482 3668; x_wconf 77' lang='grc' dir='ltr'>ὧν</span> <span class='ocrx_word' id='word_1_243' title='bbox 530 3609 681 3667; x_wconf 79' lang='grc' dir='ltr'>εἶπεν</span> <span class='ocrx_word' id='word_1_244' title='bbox 725 3614 1010 3686; x_wconf 73' lang='grc' dir='ltr'>ἐδήλωσεν.</span> <span class='ocrx_word' id='word_1_245' title='bbox 1053 3615 1356 3686; x_wconf 79' lang='grc' dir='ltr'>Ἀτιμάζων</span> <span class='ocrx_word' id='word_1_246' title='bbox 1384 3615 1492 3687; x_wconf 85' lang='grc' dir='ltr'><strong>γάρ</strong></span> <span class='ocrx_word' id='word_1_247' title='bbox 1521 3617 1617 3688; x_wconf 83' lang='grc' dir='ltr'>τὴν</span> <span class='ocrx_word' id='word_1_248' title='bbox 1645 3619 1743 3672; x_wconf 52' lang='grc' dir='ltr'><strong>τῶι</strong></span> 
     </span>
    </p>
   </div>
   <div class='ocr_carea' id='block_1_41' title="bbox 1864 3608 3416 3688">
    <p class='ocr_par' dir='ltr' id='par_1_41' title="bbox 1864 3613 3416 3685">
     <span class='ocr_line' id='line_1_41' title="bbox 1864 3613 3416 3685; baseline -0.001 -14"><span class='ocrx_word' id='word_1_249' title='bbox 1864 3632 1917 3673; x_wconf 74' lang='lat' dir='ltr'><strong>ex</strong></span> <span class='ocrx_word' id='word_1_250' title='bbox 1948 3617 2013 3671; x_wconf 90' lang='lat' dir='ltr'><strong>iis</strong></span> <span class='ocrx_word' id='word_1_251' title='bbox 2042 3631 2160 3685; x_wconf 74' lang='lat' dir='ltr'><strong>qua:</strong></span> <span class='ocrx_word' id='word_1_252' title='bbox 2191 3614 2411 3684; x_wconf 87' lang='lat' dir='ltr'><strong>protulit</strong></span> <span class='ocrx_word' id='word_1_253' title='bbox 2436 3613 2614 3668; x_wconf 85' lang='lat' dir='ltr'><strong>verbis</strong></span> <span class='ocrx_word' id='word_1_254' title='bbox 2647 3614 2900 3668; x_wconf 90' lang='lat' dir='ltr'><strong>ostendit.</strong></span> <span class='ocrx_word' id='word_1_255' title='bbox 2919 3615 3081 3685; x_wconf 74' lang='lat'><strong>272</strong></span> <span class='ocrx_word' id='word_1_256' title='bbox 3114 3613 3247 3671; x_wconf 85' lang='lat' dir='ltr'><strong>Nam</strong></span> <span class='ocrx_word' id='word_1_257' title='bbox 3275 3617 3416 3670; x_wconf 85' lang='lat' dir='ltr'><strong>mul-</strong></span> 
     </span>
    </p>
   </div>
   <div class='ocr_carea' id='block_1_42' title="bbox 170 3701 1757 3780">
    <p class='ocr_par' dir='ltr' id='par_1_42' title="bbox 170 3701 1757 3780">
     <span class='ocr_line' id='line_1_42' title="bbox 170 3701 1757 3780; baseline 0.002 -21"><span class='ocrx_word' id='word_1_258' title='bbox 170 3705 384 3759; x_wconf 87' lang='grc' dir='ltr'>πολλῶν</span> <span class='ocrx_word' id='word_1_259' title='bbox 407 3704 581 3772; x_wconf 81' lang='grc' dir='ltr'>δόξαν,</span> <span class='ocrx_word' id='word_1_260' title='bbox 672 3705 951 3770; x_wconf 80' lang='grc' dir='ltr'>δοξάζουσι</span> <span class='ocrx_word' id='word_1_261' title='bbox 975 3707 1036 3759; x_wconf 83' lang='grc' dir='ltr'><strong>τὸ</strong></span> <span class='ocrx_word' id='word_1_262' title='bbox 1059 3706 1284 3778; x_wconf 85' lang='grc' dir='ltr'>Πνεῦμα</span> <span class='ocrx_word' id='word_1_263' title='bbox 1304 3708 1364 3760; x_wconf 86' lang='grc' dir='ltr'><strong>τὸ</strong></span> <span class='ocrx_word' id='word_1_264' title='bbox 1391 3707 1563 3777; x_wconf 74' lang='grc' dir='ltr'>ἅγιον,</span> <span class='ocrx_word' id='word_1_265' title='bbox 1590 3726 1757 3780; x_wconf 88' lang='grc' dir='ltr'>προσ-</span> 
     </span>
    </p>
   </div>
   <div class='ocr_carea' id='block_1_43' title="bbox 170 3796 1756 3867">
    <p class='ocr_par' dir='ltr' id='par_1_43' title="bbox 170 3796 1756 3867">
     <span class='ocr_line' id='line_1_43' title="bbox 170 3796 1756 3867; baseline 0.003 -19"><span class='ocrx_word' id='word_1_266' title='bbox 170 3799 409 3850; x_wconf 85' lang='grc' dir='ltr'>ποιεῖται</span> <span class='ocrx_word' id='word_1_267' title='bbox 441 3797 539 3867; x_wconf 79' lang='grc' dir='ltr'><strong>τὴν</strong></span> <span class='ocrx_word' id='word_1_268' title='bbox 586 3796 697 3849; x_wconf 87' lang='grc' dir='ltr'><strong>τῶν</strong></span> <span class='ocrx_word' id='word_1_269' title='bbox 735 3798 906 3866; x_wconf 83' lang='grc' dir='ltr'>ἁγίων</span> <span class='ocrx_word' id='word_1_270' title='bbox 937 3797 1231 3866; x_wconf 89' lang='grc' dir='ltr'>φυλάσσειν</span> <span class='ocrx_word' id='word_1_271' title='bbox 1266 3797 1630 3865; x_wconf 85' lang='grc' dir='ltr'>διδασκαλίαν,</span> <span class='ocrx_word' id='word_1_272' title='bbox 1662 3800 1756 3854; x_wconf 76' lang='grc' dir='ltr'><strong>καὶ</strong></span> 
     </span>
    </p>
   </div>
   <div class='ocr_carea' id='block_1_44' title="bbox 169 3889 1758 3962">
    <p class='ocr_par' dir='ltr' id='par_1_44' title="bbox 169 3889 1758 3962">
     <span class='ocr_line' id='line_1_44' title="bbox 169 3889 1758 3962; baseline 0.001 -20"><span class='ocrx_word' id='word_1_273' title='bbox 169 3891 302 3952; x_wconf 78' lang='grc' dir='ltr'>τοὺς</span> <span class='ocrx_word' id='word_1_274' title='bbox 349 3889 553 3959; x_wconf 87' lang='grc' dir='ltr'>ταύτην</span> <span class='ocrx_word' id='word_1_275' title='bbox 612 3889 760 3961; x_wconf 79' lang='grc' dir='ltr'>αὐτῷ</span> <span class='ocrx_word' id='word_1_276' title='bbox 815 3890 1264 3962; x_wconf 86' lang='grc' dir='ltr'>παραδεδωκότας</span> <span class='ocrx_word' id='word_1_277' title='bbox 1311 3890 1621 3962; x_wconf 83' lang='grc' dir='ltr'>ἁποσιωπᾷ,</span> <span class='ocrx_word' id='word_1_278' title='bbox 1662 3892 1758 3946; x_wconf 75' lang='grc' dir='ltr'><strong>καὶ</strong></span> 
     </span>
    </p>
   </div>
   <div class='ocr_carea' id='block_1_45' title="bbox 169 3980 1756 4054">
    <p class='ocr_par' dir='ltr' id='par_1_45' title="bbox 169 3980 1756 4054">
     <span class='ocr_line' id='line_1_45' title="bbox 169 3980 1756 4054; baseline 0 -18"><span class='ocrx_word' id='word_1_279' title='bbox 169 3981 292 4042; x_wconf 85' lang='grc' dir='ltr'>νῦν,</span> <span class='ocrx_word' id='word_1_280' title='bbox 320 3980 463 4053; x_wconf 83' lang='grc' dir='ltr'>άπερ</span> <span class='ocrx_word' id='word_1_281' title='bbox 491 3982 593 4035; x_wconf 85' lang='grc' dir='ltr'><strong>κάν</strong></span> <span class='ocrx_word' id='word_1_282' title='bbox 612 3984 724 4045; x_wconf 86' lang='grc' dir='ltr'>τοῖς</span> <span class='ocrx_word' id='word_1_283' title='bbox 749 3983 875 4054; x_wconf 80' lang='grc' dir='ltr'>περὶ</span> <span class='ocrx_word' id='word_1_284' title='bbox 899 3981 992 4034; x_wconf 91' lang='grc' dir='ltr'><strong>τοῦ</strong></span> <span class='ocrx_word' id='word_1_285' title='bbox 1019 3981 1357 4052; x_wconf 88' lang='grc' dir='ltr'>Μονογενοῦς</span> <span class='ocrx_word' id='word_1_286' title='bbox 1383 3981 1560 4052; x_wconf 85' lang='grc' dir='ltr'>λόγοις</span> <span class='ocrx_word' id='word_1_287' title='bbox 1589 3983 1756 4037; x_wconf 89' lang='grc' dir='ltr'>ποιῶν</span> 
     </span>
    </p>
   </div>
   <div class='ocr_carea' id='block_1_46' title="bbox 170 4067 1761 4144">
    <p class='ocr_par' dir='ltr' id='par_1_46' title="bbox 170 4067 1761 4144">
     <span class='ocr_line' id='line_1_46' title="bbox 170 4067 1761 4144; baseline 0.001 -20"><span class='ocrx_word' id='word_1_288' title='bbox 170 4070 491 4142; x_wconf 86' lang='grc' dir='ltr'>ἀπεδείχθη.</span> <span class='ocrx_word' id='word_1_289' title='bbox 521 4067 654 4124; x_wconf 84' lang='grc' dir='ltr'>Εἶτά</span> <span class='ocrx_word' id='word_1_290' title='bbox 685 4089 816 4143; x_wconf 89' lang='grc' dir='ltr'>φησι</span> <span class='ocrx_word' id='word_1_291' title='bbox 855 4071 1006 4143; x_wconf 87' lang='grc' dir='ltr'>παρὰ</span> <span class='ocrx_word' id='word_1_292' title='bbox 1045 4071 1141 4142; x_wconf 84' lang='grc' dir='ltr'><strong>μὲν</strong></span> <span class='ocrx_word' id='word_1_293' title='bbox 1174 4071 1281 4125; x_wconf 90' lang='grc' dir='ltr'><strong>τῶν</strong></span> <span class='ocrx_word' id='word_1_294' title='bbox 1321 4071 1490 4139; x_wconf 87' lang='grc' dir='ltr'>ἁγίων</span> <span class='ocrx_word' id='word_1_295' title='bbox 1521 4071 1761 4144; x_wconf 85' lang='grc' dir='ltr'>μεμαθη-</span> 
     </span>
    </p>
   </div>
   <div class='ocr_carea' id='block_1_47' title="bbox 171 4156 1753 4234">
    <p class='ocr_par' dir='ltr' id='par_1_47' title="bbox 171 4156 1753 4234">
     <span class='ocr_line' id='line_1_47' title="bbox 171 4156 1753 4234; baseline -0.001 -19"><span class='ocrx_word' id='word_1_296' title='bbox 171 4161 330 4215; x_wconf 81' lang='grc' dir='ltr'>κέναι</span> <span class='ocrx_word' id='word_1_297' title='bbox 358 4162 417 4214; x_wconf 85' lang='grc' dir='ltr'><strong>τὸ</strong></span> <span class='ocrx_word' id='word_1_298' title='bbox 437 4161 618 4233; x_wconf 88' lang='grc' dir='ltr'>τρίτον</span> <span class='ocrx_word' id='word_1_299' title='bbox 646 4156 786 4215; x_wconf 77' lang='grc' dir='ltr'>εἶναι</span> <span class='ocrx_word' id='word_1_300' title='bbox 809 4164 876 4232; x_wconf 81' lang='grc' dir='ltr'>τῇ</span> <span class='ocrx_word' id='word_1_301' title='bbox 903 4160 1048 4226; x_wconf 84' lang='grc' dir='ltr'>τάξει</span> <span class='ocrx_word' id='word_1_302' title='bbox 1079 4161 1174 4214; x_wconf 60' lang='grc' dir='ltr'><strong>καὶ¹</strong></span> <span class='ocrx_word' id='word_1_303' title='bbox 1200 4161 1277 4233; x_wconf 86' lang='grc' dir='ltr'>τῷ</span> <span class='ocrx_word' id='word_1_304' title='bbox 1303 4160 1592 4232; x_wconf 80' lang='grc' dir='ltr'>ἀξιώματι,</span> <span class='ocrx_word' id='word_1_305' title='bbox 1623 4163 1753 4234; x_wconf 84' lang='grc' dir='ltr'>παρ’</span> 
     </span>
    </p>
   </div>
   <div class='ocr_carea' id='block_1_48' title="bbox 170 4250 1751 4326">
    <p class='ocr_par' dir='ltr' id='par_1_48' title="bbox 170 4250 1751 4326">
     <span class='ocr_line' id='line_1_48' title="bbox 170 4250 1751 4326; baseline 0.001 -19"><span class='ocrx_word' id='word_1_306' title='bbox 170 4252 369 4308; x_wconf 80' lang='grc' dir='ltr'>ἑαυτοῦ</span> <span class='ocrx_word' id='word_1_307' title='bbox 400 4253 456 4306; x_wconf 85' lang='grc' dir='ltr'>δὲ</span> <span class='ocrx_word' id='word_1_308' title='bbox 496 4254 916 4308; x_wconf 81' lang='grc' dir='ltr'>πεπιστευκέναι</span> <span class='ocrx_word' id='word_1_309' title='bbox 941 4254 1002 4307; x_wconf 85' lang='grc' dir='ltr'><strong>τὸ</strong></span> <span class='ocrx_word' id='word_1_310' title='bbox 1029 4255 1124 4308; x_wconf 72' lang='grc' dir='ltr'><strong>καὶ</strong></span> <span class='ocrx_word' id='word_1_311' title='bbox 1164 4254 1275 4326; x_wconf 92' lang='grc'>(77)</span> <span class='ocrx_word' id='word_1_312' title='bbox 1307 4254 1488 4326; x_wconf 87' lang='grc' dir='ltr'>τρίτον</span> <span class='ocrx_word' id='word_1_313' title='bbox 1519 4250 1658 4308; x_wconf 80' lang='grc' dir='ltr'>εἶναι</span> <span class='ocrx_word' id='word_1_314' title='bbox 1686 4259 1751 4326; x_wconf 80' lang='grc' dir='ltr'>τῇ</span> 
     </span>
    </p>
   </div>
   <div class='ocr_carea' id='block_1_49' title="bbox 172 4345 1753 4419">
    <p class='ocr_par' dir='ltr' id='par_1_49' title="bbox 172 4345 1753 4419">
     <span class='ocr_line' id='line_1_49' title="bbox 172 4345 1753 4419; baseline 0.001 -21"><span class='ocrx_word' id='word_1_315' title='bbox 172 4345 357 4415; x_wconf 85' lang='grc' dir='ltr'>φύσει.</span> <span class='ocrx_word' id='word_1_316' title='bbox 396 4346 554 4410; x_wconf 87' lang='grc' dir='ltr'>Τίνες</span> <span class='ocrx_word' id='word_1_317' title='bbox 578 4346 635 4400; x_wconf 86' lang='grc' dir='ltr'>δὲ</span> <span class='ocrx_word' id='word_1_318' title='bbox 663 4349 710 4399; x_wconf 78' lang='lat' dir='ltr'><strong>oi</strong></span> <span class='ocrx_word' id='word_1_319' title='bbox 757 4348 922 4416; x_wconf 75' lang='grc' dir='ltr'>ἅγιοι,</span> <span class='ocrx_word' id='word_1_320' title='bbox 950 4347 1043 4400; x_wconf 83' lang='grc' dir='ltr'>καὶ</span> <span class='ocrx_word' id='word_1_321' title='bbox 1070 4349 1127 4400; x_wconf 87' lang='grc' dir='ltr'>ὲν</span> <span class='ocrx_word' id='word_1_322' title='bbox 1154 4348 1324 4411; x_wconf 89' lang='grc' dir='ltr'>ποίοις</span> <span class='ocrx_word' id='word_1_323' title='bbox 1352 4347 1529 4417; x_wconf 90' lang='grc' dir='ltr'>λόγοις</span> <span class='ocrx_word' id='word_1_324' title='bbox 1553 4348 1651 4419; x_wconf 85' lang='grc' dir='ltr'><strong>τὴν</strong></span> <span class='ocrx_word' id='word_1_325' title='bbox 1675 4348 1753 4401; x_wconf 92' lang='grc' dir='ltr'>δι-</span> 
     </span>
    </p>
   </div>
   <div class='ocr_carea' id='block_1_50' title="bbox 169 4433 1752 4511">
    <p class='ocr_par' dir='ltr' id='par_1_50' title="bbox 169 4433 1752 4511">
     <span class='ocr_line' id='line_1_50' title="bbox 169 4433 1752 4511; baseline 0.001 -21"><span class='ocrx_word' id='word_1_326' title='bbox 169 4437 468 4491; x_wconf 85' lang='grc' dir='ltr'>δασκαλίαν</span> <span class='ocrx_word' id='word_1_327' title='bbox 521 4439 866 4510; x_wconf 84' lang='grc' dir='ltr'>πεποίηνται,</span> <span class='ocrx_word' id='word_1_328' title='bbox 913 4440 1087 4492; x_wconf 74' lang='grc' dir='ltr'>εἰπεῖν</span> <span class='ocrx_word' id='word_1_329' title='bbox 1133 4440 1233 4492; x_wconf 86' lang='grc' dir='ltr'><strong>οὐκ</strong></span> <span class='ocrx_word' id='word_1_330' title='bbox 1285 4439 1398 4509; x_wconf 74' lang='grc' dir='ltr'>ἔχει</span> <span class='ocrx_word' id='word_1_331' title='bbox 1439 4439 1571 4510; x_wconf 88' lang='grc'>(78).</span> <span class='ocrx_word' id='word_1_332' title='bbox 1607 4433 1752 4511; x_wconf 74' lang='grc' dir='ltr'><strong>1’Δρα</strong></span> 
     </span>
    </p>
   </div>
   <div class='ocr_carea' id='block_1_51' title="bbox 172 4527 1752 4602">
    <p class='ocr_par' dir='ltr' id='par_1_51' title="bbox 172 4527 1752 4602">
     <span class='ocr_line' id='line_1_51' title="bbox 172 4527 1752 4602; baseline 0.002 -21"><span class='ocrx_word' id='word_1_333' title='bbox 172 4527 398 4597; x_wconf 82' lang='grc' dir='ltr'>γέγονεν</span> <span class='ocrx_word' id='word_1_334' title='bbox 439 4527 579 4582; x_wconf 72' lang='grc' dir='ltr'>οὕτω</span> <span class='ocrx_word' id='word_1_335' title='bbox 631 4529 903 4601; x_wconf 84' lang='grc' dir='ltr'>τολμηρὸς</span> <span class='ocrx_word' id='word_1_336' title='bbox 944 4529 1229 4600; x_wconf 78' lang='grc' dir='ltr'>ἄνθρωπος</span> <span class='ocrx_word' id='word_1_337' title='bbox 1250 4569 1266 4592; x_wconf 92' lang='grc'><strong>,</strong></span> <span class='ocrx_word' id='word_1_338' title='bbox 1319 4529 1419 4593; x_wconf 81' lang='grc' dir='ltr'>τὰς</span> <span class='ocrx_word' id='word_1_339' title='bbox 1473 4530 1602 4602; x_wconf 73' lang='grc' dir='ltr'>περὶ</span> <span class='ocrx_word' id='word_1_340' title='bbox 1643 4531 1752 4584; x_wconf 88' lang='grc' dir='ltr'><strong>τῶν</strong></span> 
     </span>
    </p>
   </div>
   <div class='ocr_carea' id='block_1_52' title="bbox 174 4621 1750 4694">
    <p class='ocr_par' dir='ltr' id='par_1_52' title="bbox 174 4621 1750 4694">
     <span class='ocr_line' id='line_1_52' title="bbox 174 4621 1750 4694; baseline 0.001 -19"><span class='ocrx_word' id='word_1_341' title='bbox 174 4621 336 4675; x_wconf 83' lang='grc' dir='ltr'>θείων</span> <span class='ocrx_word' id='word_1_342' title='bbox 362 4621 644 4692; x_wconf 85' lang='grc' dir='ltr'>δογμάτων</span> <span class='ocrx_word' id='word_1_343' title='bbox 687 4622 1034 4693; x_wconf 87' lang='grc' dir='ltr'>καινοτομίας</span> <span class='ocrx_word' id='word_1_344' title='bbox 1057 4621 1442 4693; x_wconf 74' lang='grc' dir='ltr'>εἰσηγούμενος</span> <span class='ocrx_word' id='word_1_345' title='bbox 1467 4638 1482 4688; x_wconf 92' lang='grc'><strong>;</strong></span> <span class='ocrx_word' id='word_1_346' title='bbox 1512 4623 1607 4687; x_wconf 89' lang='grc' dir='ltr'><strong>Τίς</strong></span> <span class='ocrx_word' id='word_1_347' title='bbox 1643 4621 1750 4694; x_wconf 83' lang='grc' dir='ltr'>γὰρ</span> 
     </span>
    </p>
   </div>
   <div class='ocr_carea' id='block_1_53' title="bbox 169 4713 1742 4786">
    <p class='ocr_par' dir='ltr' id='par_1_53' title="bbox 169 4713 1742 4786">
     <span class='ocr_line' id='line_1_53' title="bbox 169 4713 1742 4786; baseline 0.001 -19"><span class='ocrx_word' id='word_1_348' title='bbox 169 4713 408 4784; x_wconf 80' lang='grc' dir='ltr'>ἀνάγκη,</span> <span class='ocrx_word' id='word_1_349' title='bbox 442 4715 491 4767; x_wconf 85' lang='grc' dir='ltr'>εἰ</span> <span class='ocrx_word' id='word_1_350' title='bbox 535 4713 613 4786; x_wconf 84' lang='grc' dir='ltr'>τῷ</span> <span class='ocrx_word' id='word_1_351' title='bbox 644 4713 912 4786; x_wconf 84' lang='grc' dir='ltr'>ἀξιώματι</span> <span class='ocrx_word' id='word_1_352' title='bbox 944 4715 1038 4769; x_wconf 79' lang='grc' dir='ltr'><strong>καὶ</strong></span> <span class='ocrx_word' id='word_1_353' title='bbox 1071 4715 1138 4786; x_wconf 79' lang='grc' dir='ltr'>τῇ</span> <span class='ocrx_word' id='word_1_354' title='bbox 1169 4713 1320 4778; x_wconf 85' lang='grc' dir='ltr'>τάξει</span> <span class='ocrx_word' id='word_1_355' title='bbox 1359 4715 1542 4786; x_wconf 88' lang='grc' dir='ltr'>τρίτον</span> <span class='ocrx_word' id='word_1_356' title='bbox 1566 4713 1742 4786; x_wconf 83' lang='grc' dir='ltr'>ὑπάρ-</span> 
     </span>
    </p>
   </div>
   <div class='ocr_carea' id='block_1_54' title="bbox 1859 3706 3416 3776">
    <p class='ocr_par' dir='ltr' id='par_1_54' title="bbox 1859 3706 3416 3776">
     <span class='ocr_line' id='line_1_54' title="bbox 1859 3706 3416 3776; baseline 0 -14"><span class='ocrx_word' id='word_1_357' title='bbox 1859 3721 2034 3762; x_wconf 87' lang='lat' dir='ltr'><strong>torqu</strong></span> <span class='ocrx_word' id='word_1_358' title='bbox 2074 3707 2323 3774; x_wconf 89' lang='lat' dir='ltr'><strong>opinione</strong></span> <span class='ocrx_word' id='word_1_359' title='bbox 2352 3716 2681 3776; x_wconf 88' lang='lat' dir='ltr'><strong>contempta,</strong></span> <span class='ocrx_word' id='word_1_360' title='bbox 2721 3721 2826 3775; x_wconf 91' lang='lat' dir='ltr'><strong>qua</strong></span> <span class='ocrx_word' id='word_1_361' title='bbox 2866 3706 3125 3776; x_wconf 90' lang='lat' dir='ltr'><strong>Spiritum</strong></span> <span class='ocrx_word' id='word_1_362' title='bbox 3169 3721 3416 3763; x_wconf 89' lang='lat' dir='ltr'><strong>sanctum</strong></span> 
     </span>
    </p>
   </div>
   <div class='ocr_carea' id='block_1_55' title="bbox 1849 3797 3411 3872">
    <p class='ocr_par' dir='ltr' id='par_1_55' title="bbox 1849 3797 3411 3872">
     <span class='ocr_line' id='line_1_55' title="bbox 1849 3797 3411 3872; baseline 0.001 -20"><span class='ocrx_word' id='word_1_363' title='bbox 1849 3798 2170 3872; x_wconf 77' lang='lat' dir='ltr'><strong>glorilicant,</strong></span> <span class='ocrx_word' id='word_1_364' title='bbox 2194 3797 2412 3852; x_wconf 81' lang='lat' dir='ltr'><strong>simulat</strong></span> <span class='ocrx_word' id='word_1_365' title='bbox 2437 3808 2618 3851; x_wconf 87' lang='lat' dir='ltr'><strong>tenere</strong></span> <span class='ocrx_word' id='word_1_366' title='bbox 2640 3812 2698 3851; x_wconf 91' lang='lat' dir='ltr'><strong>se</strong></span> <span class='ocrx_word' id='word_1_367' title='bbox 2738 3808 3052 3854; x_wconf 90' lang='lat' dir='ltr'><strong>sanctorum</strong></span> <span class='ocrx_word' id='word_1_368' title='bbox 3071 3799 3374 3855; x_wconf 88' lang='lat' dir='ltr'><strong>doctrinam</strong></span> <span class='ocrx_word' id='word_1_369' title='bbox 3398 3819 3411 3854; x_wconf 91' lang='lat'><strong>:</strong></span> 
     </span>
    </p>
   </div>
   <div class='ocr_carea' id='block_1_56' title="bbox 1851 3889 3417 3962">
    <p class='ocr_par' dir='ltr' id='par_1_56' title="bbox 1851 3889 3417 3962">
     <span class='ocr_line' id='line_1_56' title="bbox 1851 3889 3417 3962; baseline -0.001 -14"><span class='ocrx_word' id='word_1_370' title='bbox 1851 3905 1908 3948; x_wconf 90' lang='lat' dir='ltr'><strong>at</strong></span> <span class='ocrx_word' id='word_1_371' title='bbox 1930 3907 2024 3948; x_wconf 91' lang='lat' dir='ltr'><strong>eos</strong></span> <span class='ocrx_word' id='word_1_372' title='bbox 2053 3893 2145 3962; x_wconf 87' lang='lat' dir='ltr'><strong>qui</strong></span> <span class='ocrx_word' id='word_1_373' title='bbox 2175 3906 2295 3946; x_wconf 89' lang='lat' dir='ltr'><strong>eam</strong></span> <span class='ocrx_word' id='word_1_374' title='bbox 2324 3891 2421 3959; x_wconf 91' lang='lat' dir='ltr'><strong>ipsi</strong></span> <span class='ocrx_word' id='word_1_375' title='bbox 2471 3889 2840 3955; x_wconf 86' lang='lat' dir='ltr'><strong>tradiderunt,</strong></span> <span class='ocrx_word' id='word_1_376' title='bbox 2879 3899 3041 3954; x_wconf 89' lang='lat' dir='ltr'><strong>tacet,</strong></span> <span class='ocrx_word' id='word_1_377' title='bbox 3071 3891 3234 3944; x_wconf 84' lang='lat' dir='ltr'><strong>etiam</strong></span> <span class='ocrx_word' id='word_1_378' title='bbox 3272 3907 3417 3948; x_wconf 91' lang='lat' dir='ltr'><strong>nunc</strong></span> 
     </span>
    </p>
   </div>
   <div class='ocr_carea' id='block_1_57' title="bbox 1852 3979 3417 4052">
    <p class='ocr_par' dir='ltr' id='par_1_57' title="bbox 1852 3979 3417 4052">
     <span class='ocr_line' id='line_1_57' title="bbox 1852 3979 3417 4052; baseline -0.002 -13"><span class='ocrx_word' id='word_1_379' title='bbox 1852 3984 2054 4040; x_wconf 82' lang='lat' dir='ltr'><strong>faciens</strong></span> <span class='ocrx_word' id='word_1_380' title='bbox 2101 3999 2162 4037; x_wconf 90' lang='lat' dir='ltr'><strong>ea</strong></span> <span class='ocrx_word' id='word_1_381' title='bbox 2197 3983 2336 4052; x_wconf 88' lang='lat' dir='ltr'><strong>ipsa,</strong></span> <span class='ocrx_word' id='word_1_382' title='bbox 2367 3995 2487 4050; x_wconf 62' lang='lat' dir='ltr'><strong>qua;</strong></span> <span class='ocrx_word' id='word_1_383' title='bbox 2515 3979 2583 4034; x_wconf 93' lang='lat' dir='ltr'><strong>ab</strong></span> <span class='ocrx_word' id='word_1_384' title='bbox 2608 3995 2672 4034; x_wconf 89' lang='lat' dir='ltr'><strong>eo</strong></span> <span class='ocrx_word' id='word_1_385' title='bbox 2710 3980 2834 4034; x_wconf 93' lang='lat' dir='ltr'><strong>dum</strong></span> <span class='ocrx_word' id='word_1_386' title='bbox 2865 3981 2932 4034; x_wconf 89' lang='lat' dir='ltr'><strong>de</strong></span> <span class='ocrx_word' id='word_1_387' title='bbox 2973 3979 3262 4051; x_wconf 77' lang='lat' dir='ltr'><strong>Unigenito</strong></span> <span class='ocrx_word' id='word_1_388' title='bbox 3296 3999 3417 4040; x_wconf 90' lang='lat' dir='ltr'><strong>ser-</strong></span> 
     </span>
    </p>
   </div>
   <div class='ocr_carea' id='block_1_58' title="bbox 1851 4070 3452 4142">
    <p class='ocr_par' dir='ltr' id='par_1_58' title="bbox 1851 4070 3452 4142">
     <span class='ocr_line' id='line_1_58' title="bbox 1851 4070 3452 4142; baseline 0.001 -14"><span class='ocrx_word' id='word_1_389' title='bbox 1851 4089 2061 4128; x_wconf 88' lang='lat' dir='ltr'><strong>monem</strong></span> <span class='ocrx_word' id='word_1_390' title='bbox 2128 4072 2390 4135; x_wconf 87' lang='lat' dir='ltr'><strong>haberet,</strong></span> <span class='ocrx_word' id='word_1_391' title='bbox 2449 4070 2587 4124; x_wconf 79' lang='lat' dir='ltr'><strong>facta</strong></span> <span class='ocrx_word' id='word_1_392' title='bbox 2640 4085 2760 4125; x_wconf 89' lang='lat' dir='ltr'><strong>esse</strong></span> <span class='ocrx_word' id='word_1_393' title='bbox 2823 4072 3250 4127; x_wconf 89' lang='lat' dir='ltr'><strong>demonstratum</strong></span> <span class='ocrx_word' id='word_1_394' title='bbox 3309 4085 3452 4142; x_wconf 46' lang='lat' dir='ltr'><strong>est,</strong></span> 
     </span>
    </p>
   </div>
   <div class='ocr_carea' id='block_1_59' title="bbox 1852 4163 3416 4233">
    <p class='ocr_par' dir='ltr' id='par_1_59' title="bbox 1852 4163 3416 4233">
     <span class='ocr_line' id='line_1_59' title="bbox 1852 4163 3416 4233; baseline -0.001 -11"><span class='ocrx_word' id='word_1_395' title='bbox 1852 4166 2052 4222; x_wconf 90' lang='lat' dir='ltr'><strong>Deinde</strong></span> <span class='ocrx_word' id='word_1_396' title='bbox 2077 4164 2210 4220; x_wconf 92' lang='lat' dir='ltr'><strong>dicit</strong></span> <span class='ocrx_word' id='word_1_397' title='bbox 2236 4181 2265 4218; x_wconf 91' lang='lat' dir='ltr'><strong>a</strong></span> <span class='ocrx_word' id='word_1_398' title='bbox 2300 4164 2503 4218; x_wconf 87' lang='lat' dir='ltr'><strong>sanctis</strong></span> <span class='ocrx_word' id='word_1_399' title='bbox 2544 4163 2760 4233; x_wconf 77' lang='lat' dir='ltr'><strong>quidem</strong></span> <span class='ocrx_word' id='word_1_400' title='bbox 2825 4179 2882 4218; x_wconf 89' lang='lat' dir='ltr'><strong>se</strong></span> <span class='ocrx_word' id='word_1_401' title='bbox 2909 4163 3166 4220; x_wconf 91' lang='lat' dir='ltr'><strong>didicisse</strong></span> <span class='ocrx_word' id='word_1_402' title='bbox 3199 4166 3416 4221; x_wconf 90' lang='lat' dir='ltr'><strong>tertium</strong></span> 
     </span>
    </p>
   </div>
   <div class='ocr_carea' id='block_1_60' title="bbox 1847 4255 3416 4329">
    <p class='ocr_par' dir='ltr' id='par_1_60' title="bbox 1847 4255 3416 4329">
     <span class='ocr_line' id='line_1_60' title="bbox 1847 4255 3416 4329; baseline -0.001 -14"><span class='ocrx_word' id='word_1_403' title='bbox 1847 4276 1967 4315; x_wconf 90' lang='lat' dir='ltr'><strong>esse</strong></span> <span class='ocrx_word' id='word_1_404' title='bbox 2009 4261 2198 4314; x_wconf 90' lang='lat' dir='ltr'><strong>ordine</strong></span> <span class='ocrx_word' id='word_1_405' title='bbox 2247 4267 2301 4313; x_wconf 90' lang='lat' dir='ltr'><strong>et</strong></span> <span class='ocrx_word' id='word_1_406' title='bbox 2333 4259 2593 4329; x_wconf 84' lang='lat' dir='ltr'><strong>dignitate</strong></span> <span class='ocrx_word' id='word_1_407' title='bbox 2626 4255 2924 4326; x_wconf 91' lang='lat' dir='ltr'><strong>Spiritum;</strong></span> <span class='ocrx_word' id='word_1_408' title='bbox 2963 4272 2993 4311; x_wconf 89' lang='lat' dir='ltr'><strong>a</strong></span> <span class='ocrx_word' id='word_1_409' title='bbox 3044 4272 3103 4312; x_wconf 88' lang='lat' dir='ltr'><strong>se</strong></span> <span class='ocrx_word' id='word_1_410' title='bbox 3129 4257 3246 4328; x_wconf 91' lang='lat' dir='ltr'><strong>ipso</strong></span> <span class='ocrx_word' id='word_1_411' title='bbox 3286 4275 3416 4313; x_wconf 91' lang='lat' dir='ltr'><strong>vero</strong></span> 
     </span>
    </p>
   </div>
   <div class='ocr_carea' id='block_1_61' title="bbox 1849 4349 3418 4420">
    <p class='ocr_par' dir='ltr' id='par_1_61' title="bbox 1849 4349 3418 4420">
     <span class='ocr_line' id='line_1_61' title="bbox 1849 4349 3418 4420; baseline -0.002 -13"><span class='ocrx_word' id='word_1_412' title='bbox 1849 4353 2090 4415; x_wconf 83' lang='lat' dir='ltr'><strong>credere,</strong></span> <span class='ocrx_word' id='word_1_413' title='bbox 2126 4360 2318 4405; x_wconf 88' lang='lat' dir='ltr'><strong>natura</strong></span> <span class='ocrx_word' id='word_1_414' title='bbox 2353 4365 2573 4420; x_wconf 86' lang='lat' dir='ltr'><strong>quoque</strong></span> <span class='ocrx_word' id='word_1_415' title='bbox 2601 4349 2820 4403; x_wconf 87' lang='lat' dir='ltr'><strong>tertium</strong></span> <span class='ocrx_word' id='word_1_416' title='bbox 2851 4363 2992 4403; x_wconf 87' lang='lat' dir='ltr'><strong>esse.</strong></span> <span class='ocrx_word' id='word_1_417' title='bbox 3025 4349 3126 4415; x_wconf 82' lang='lat' dir='ltr'><strong>Qui</strong></span> <span class='ocrx_word' id='word_1_418' title='bbox 3158 4363 3284 4402; x_wconf 89' lang='lat' dir='ltr'><strong>vero</strong></span> <span class='ocrx_word' id='word_1_419' title='bbox 3305 4350 3418 4404; x_wconf 87' lang='lat' dir='ltr'><strong>sint</strong></span> 
     </span>
    </p>
   </div>
   <div class='ocr_carea' id='block_1_62' title="bbox 1848 4439 3414 4510">
    <p class='ocr_par' dir='ltr' id='par_1_62' title="bbox 1848 4439 3414 4510">
     <span class='ocr_line' id='line_1_62' title="bbox 1848 4439 3414 4510; baseline -0.002 -13"><span class='ocrx_word' id='word_1_420' title='bbox 1848 4443 2022 4498; x_wconf 84' lang='lat' dir='ltr'><strong>sancti</strong></span> <span class='ocrx_word' id='word_1_421' title='bbox 2069 4442 2178 4506; x_wconf 90' lang='lat' dir='ltr'><strong>illi,</strong></span> <span class='ocrx_word' id='word_1_422' title='bbox 2214 4451 2268 4498; x_wconf 90' lang='lat' dir='ltr'><strong>et</strong></span> <span class='ocrx_word' id='word_1_423' title='bbox 2312 4443 2364 4496; x_wconf 93' lang='lat' dir='ltr'><strong>in</strong></span> <span class='ocrx_word' id='word_1_424' title='bbox 2420 4441 2617 4510; x_wconf 88' lang='lat' dir='ltr'><strong>quibus</strong></span> <span class='ocrx_word' id='word_1_425' title='bbox 2664 4440 2881 4508; x_wconf 88' lang='lat' dir='ltr'><strong>scriptis</strong></span> <span class='ocrx_word' id='word_1_426' title='bbox 2924 4440 3064 4493; x_wconf 88' lang='lat' dir='ltr'><strong>lianc</strong></span> <span class='ocrx_word' id='word_1_427' title='bbox 3111 4439 3414 4494; x_wconf 87' lang='lat' dir='ltr'><strong>doctrinam</strong></span> 
     </span>
    </p>
   </div>
   <div class='ocr_carea' id='block_1_63' title="bbox 1847 4524 3416 4596">
    <p class='ocr_par' dir='ltr' id='par_1_63' title="bbox 1847 4524 3416 4596">
     <span class='ocr_line' id='line_1_63' title="bbox 1847 4524 3416 4596; baseline -0.001 -16"><span class='ocrx_word' id='word_1_428' title='bbox 1847 4527 2118 4583; x_wconf 90' lang='lat' dir='ltr'><strong>ediderint</strong></span> <span class='ocrx_word' id='word_1_429' title='bbox 2144 4528 2327 4583; x_wconf 89' lang='lat' dir='ltr'><strong>dicere</strong></span> <span class='ocrx_word' id='word_1_430' title='bbox 2368 4542 2471 4580; x_wconf 92' lang='lat' dir='ltr'><strong>non</strong></span> <span class='ocrx_word' id='word_1_431' title='bbox 2513 4535 2710 4596; x_wconf 83' lang='lat' dir='ltr'><strong>potest.</strong></span> <span class='ocrx_word' id='word_1_432' title='bbox 2752 4524 2948 4579; x_wconf 90' lang='lat' dir='ltr'><strong>Fuitne</strong></span> <span class='ocrx_word' id='word_1_433' title='bbox 2978 4539 3216 4593; x_wconf 89' lang='lat' dir='ltr'><strong>unquam</strong></span> <span class='ocrx_word' id='word_1_434' title='bbox 3253 4524 3416 4580; x_wconf 86' lang='lat' dir='ltr'><strong>homo</strong></span> 
     </span>
    </p>
   </div>
   <div class='ocr_carea' id='block_1_64' title="bbox 1847 4615 3418 4689">
    <p class='ocr_par' dir='ltr' id='par_1_64' title="bbox 1847 4615 3418 4689">
     <span class='ocr_line' id='line_1_64' title="bbox 1847 4615 3418 4689; baseline -0.002 -14"><span class='ocrx_word' id='word_1_435' title='bbox 1847 4621 1929 4675; x_wconf 88' lang='lat' dir='ltr'><strong>sic</strong></span> <span class='ocrx_word' id='word_1_436' title='bbox 1965 4619 2164 4684; x_wconf 81' lang='lat' dir='ltr'><strong>audax,</strong></span> <span class='ocrx_word' id='word_1_437' title='bbox 2206 4620 2300 4689; x_wconf 91' lang='lat' dir='ltr'><strong>qui</strong></span> <span class='ocrx_word' id='word_1_438' title='bbox 2349 4619 2652 4673; x_wconf 87' lang='lat' dir='ltr'><strong>divinorum</strong></span> <span class='ocrx_word' id='word_1_439' title='bbox 2690 4617 3004 4688; x_wconf 73' lang='lat' dir='ltr'><strong>dogmatum</strong></span> <span class='ocrx_word' id='word_1_440' title='bbox 3042 4615 3418 4673; x_wconf 82' lang='lat' dir='ltr'><strong>innovationes</strong></span> 
     </span>
    </p>
   </div>
   <div class='ocr_carea' id='block_1_65' title="bbox 1846 4710 3428 4780">
    <p class='ocr_par' dir='ltr' id='par_1_65' title="bbox 1846 4710 3428 4780">
     <span class='ocr_line' id='line_1_65' title="bbox 1846 4710 3428 4780; baseline -0.003 -12"><span class='ocrx_word' id='word_1_441' title='bbox 1846 4713 2172 4770; x_wconf 76' lang='lat' dir='ltr'><strong>induceret?</strong></span> <span class='ocrx_word' id='word_1_442' title='bbox 2208 4713 2318 4769; x_wconf 88' lang='lat' dir='ltr'><strong>Cur</strong></span> <span class='ocrx_word' id='word_1_443' title='bbox 2362 4712 2505 4766; x_wconf 89' lang='lat' dir='ltr'><strong>enim</strong></span> <span class='ocrx_word' id='word_1_444' title='bbox 2551 4724 2776 4766; x_wconf 88' lang='lat' dir='ltr'><strong>necesse</strong></span> <span class='ocrx_word' id='word_1_445' title='bbox 2813 4719 2933 4776; x_wconf 91' lang='lat' dir='ltr'><strong>est,</strong></span> <span class='ocrx_word' id='word_1_446' title='bbox 2971 4710 3018 4764; x_wconf 91' lang='lat' dir='ltr'><strong>si</strong></span> <span class='ocrx_word' id='word_1_447' title='bbox 3063 4710 3325 4780; x_wconf 80' lang='lat' dir='ltr'><strong>dignitate</strong></span> <span class='ocrx_word' id='word_1_448' title='bbox 3351 4725 3428 4765; x_wconf 76' lang='lat' dir='ltr'><strong>ao</strong></span> 
     </span>
    </p>
   </div>
   <div class='ocr_carea' id='block_1_66' title="bbox 253 4913 1743 4988">
    <p class='ocr_par' dir='ltr' id='par_1_66' title="bbox 253 4913 1743 4988">
     <span class='ocr_line' id='line_1_66' title="bbox 253 4913 1743 4988; baseline -0.001 -19"><span class='ocrx_word' id='word_1_449' title='bbox 253 4915 368 4988; x_wconf 70' lang='grc'>(74)</span> <span class='ocrx_word' id='word_1_450' title='bbox 401 4914 633 4979; x_wconf 84' lang='lat' dir='ltr'><strong>Titulus,</strong></span> <span class='ocrx_word' id='word_1_451' title='bbox 655 4923 714 4969; x_wconf 91' lang='lat' dir='ltr'><strong>ut</strong></span> <span class='ocrx_word' id='word_1_452' title='bbox 747 4915 833 4980; x_wconf 77' lang='lat' dir='ltr'><strong>lit,</strong></span> <span class='ocrx_word' id='word_1_453' title='bbox 877 4914 1036 4988; x_wconf 31' lang='lat' dir='ltr'><strong>alius“</strong></span> <span class='ocrx_word' id='word_1_454' title='bbox 1068 4925 1152 4988; x_wconf 84' lang='lat' dir='ltr'><strong>est</strong></span> <span class='ocrx_word' id='word_1_455' title='bbox 1183 4921 1235 4988; x_wconf 71' lang='lat' dir='ltr'><strong>in</strong></span> <span class='ocrx_word' id='word_1_456' title='bbox 1285 4916 1406 4988; x_wconf 87' lang='lat' dir='ltr'><strong>aliis</strong></span> <span class='ocrx_word' id='word_1_457' title='bbox 1447 4913 1743 4988; x_wconf 56' lang='lat' dir='ltr'><strong>codicibus.</strong></span> 
     </span>
    </p>
   </div>
   <div class='ocr_carea' id='block_1_67' title="bbox 1864 4913 3416 4988">
    <p class='ocr_par' dir='ltr' id='par_1_67' title="bbox 1864 4913 3416 4988">
     <span class='ocr_line' id='line_1_67' title="bbox 1864 4913 3416 4988; baseline 0.001 -21"><span class='ocrx_word' id='word_1_458' title='bbox 1864 4915 1963 4988; x_wconf 74' lang='grc' dir='ltr'><strong>τῶν</strong></span> <span class='ocrx_word' id='word_1_459' title='bbox 1995 4917 2138 4971; x_wconf 85' lang='grc' dir='ltr'>ίδίων</span> <span class='ocrx_word' id='word_1_460' title='bbox 2171 4915 2620 4988; x_wconf 67' lang='grc' dir='ltr'>συγγραμμάτων</span> <span class='ocrx_word' id='word_1_461' title='bbox 2651 4915 3014 4988; x_wconf 85' lang='grc' dir='ltr'>χρησάμενος.</span> <span class='ocrx_word' id='word_1_462' title='bbox 3048 4913 3248 4988; x_wconf 82' lang='lat' dir='ltr'><strong>Dicunt_</strong></span> <span class='ocrx_word' id='word_1_463' title='bbox 3284 4930 3416 4988; x_wconf 73' lang='lat' dir='ltr'><strong>uou-</strong></span> 
     </span>
    </p>
   </div>
   <div class='ocr_carea' id='block_1_68' title="bbox 171 4984 1748 5057">
    <p class='ocr_par' dir='ltr' id='par_1_68' title="bbox 171 4984 1748 5057">
     <span class='ocr_line' id='line_1_68' title="bbox 171 4984 1748 5057; baseline -0.001 -19"><span class='ocrx_word' id='word_1_464' title='bbox 171 4984 587 5057; x_wconf 17' lang='lat' dir='ltr'><strong>Regiiiquartus</strong></span> <span class='ocrx_word' id='word_1_465' title='bbox 615 4993 671 5040; x_wconf 84' lang='lat' dir='ltr'><strong>et</strong></span> <span class='ocrx_word' id='word_1_466' title='bbox 714 4995 902 5057; x_wconf 73' lang='lat' dir='ltr'><strong>sextus</strong></span> <span class='ocrx_word' id='word_1_467' title='bbox 945 4985 1039 5039; x_wconf 89' lang='grc' dir='ltr'><strong>τοῦ</strong></span> <span class='ocrx_word' id='word_1_468' title='bbox 1073 4985 1238 5039; x_wconf 86' lang='grc' dir='ltr'>αὐτοῦ</span> <span class='ocrx_word' id='word_1_469' title='bbox 1264 4986 1432 5057; x_wconf 58' lang='grc' dir='ltr'>ςπρὸς</span> <span class='ocrx_word' id='word_1_470' title='bbox 1464 4985 1748 5056; x_wconf 82' lang='grc' dir='ltr'>Εὐνόμιον,</span> 
     </span>
    </p>
   </div>
   <div class='ocr_carea' id='block_1_69' title="bbox 167 5053 1752 5125">
    <p class='ocr_par' dir='ltr' id='par_1_69' title="bbox 167 5053 1752 5125">
     <span class='ocr_line' id='line_1_69' title="bbox 167 5053 1752 5125; baseline 0.001 -19"><span class='ocrx_word' id='word_1_471' title='bbox 167 5056 304 5125; x_wconf 76' lang='grc' dir='ltr'>περὶ</span> <span class='ocrx_word' id='word_1_472' title='bbox 331 5053 672 5125; x_wconf 23' lang='grc' dir='ltr'>Πνεγύματος,</span> <span class='ocrx_word' id='word_1_473' title='bbox 703 5055 938 5124; x_wconf 81' lang='lat' dir='ltr'><strong>ejusdem</strong></span> <span class='ocrx_word' id='word_1_474' title='bbox 958 5057 1241 5125; x_wconf 34' lang='lat' dir='ltr'><strong>“adversus</strong></span> <span class='ocrx_word' id='word_1_475' title='bbox 1264 5053 1632 5116; x_wconf 34' lang='lat' dir='ltr'><strong>‘Eunomium&#39;,</strong></span> <span class='ocrx_word' id='word_1_476' title='bbox 1681 5058 1752 5125; x_wconf 3' lang='lat' dir='ltr'><strong>(de</strong></span> 
     </span>
    </p>
   </div>
   <div class='ocr_carea' id='block_1_70' title="bbox 171 5123 1750 5196">
    <p class='ocr_par' dir='ltr' id='par_1_70' title="bbox 171 5123 1750 5196">
     <span class='ocr_line' id='line_1_70' title="bbox 171 5123 1750 5196; baseline -0.001 -18"><span class='ocrx_word' id='word_1_477' title='bbox 171 5123 399 5196; x_wconf 72' lang='lat' dir='ltr'><strong>Spiritu.</strong></span> <span class='ocrx_word' id='word_1_478' title='bbox 426 5123 559 5196; x_wconf 70' lang='lat' dir='ltr'><strong>Reg.</strong></span> <span class='ocrx_word' id='word_1_479' title='bbox 589 5123 858 5196; x_wconf 85' lang='lat' dir='ltr'><strong>secundus</strong></span> <span class='ocrx_word' id='word_1_480' title='bbox 887 5123 982 5196; x_wconf 63' lang='grc' dir='ltr'><strong>τοῦ</strong></span> <span class='ocrx_word' id='word_1_481' title='bbox 1009 5125 1175 5179; x_wconf 85' lang='grc' dir='ltr'>αὑτοῦ</span> <span class='ocrx_word' id='word_1_482' title='bbox 1207 5125 1444 5196; x_wconf 85' lang='grc' dir='ltr'>μεγάλου</span> <span class='ocrx_word' id='word_1_483' title='bbox 1469 5124 1750 5178; x_wconf 86' lang='grc' dir='ltr'>Βασιλείου</span> 
     </span>
    </p>
   </div>
   <div class='ocr_carea' id='block_1_71' title="bbox 169 5193 1752 5267">
    <p class='ocr_par' dir='ltr' id='par_1_71' title="bbox 169 5193 1752 5267">
     <span class='ocr_line' id='line_1_71' title="bbox 169 5193 1752 5267; baseline 0.003 -20"><span class='ocrx_word' id='word_1_484' title='bbox 169 5195 312 5264; x_wconf 82' lang='grc' dir='ltr'>πρὸς</span> <span class='ocrx_word' id='word_1_485' title='bbox 339 5194 624 5267; x_wconf 70' lang='grc' dir='ltr'>Εύνόμιον,</span> <span class='ocrx_word' id='word_1_486' title='bbox 649 5195 793 5267; x_wconf 71' lang='grc' dir='ltr'>περὶ</span> <span class='ocrx_word' id='word_1_487' title='bbox 820 5193 914 5267; x_wconf 61' lang='grc' dir='ltr'><strong>τοῦ</strong></span> <span class='ocrx_word' id='word_1_488' title='bbox 946 5197 1104 5265; x_wconf 83' lang='grc' dir='ltr'>ἁγίου</span> <span class='ocrx_word' id='word_1_489' title='bbox 1150 5193 1489 5267; x_wconf 84' lang='grc' dir='ltr'>Πνεύματος,</span> <span class='ocrx_word' id='word_1_490' title='bbox 1517 5196 1752 5267; x_wconf 64' lang='lat' dir='ltr'><strong>ejusdem</strong></span> 
     </span>
    </p>
   </div>
   <div class='ocr_carea' id='block_1_72' title="bbox 171 5263 1750 5333">
    <p class='ocr_par' dir='ltr' id='par_1_72' title="bbox 171 5263 1750 5333">
     <span class='ocr_line' id='line_1_72' title="bbox 171 5263 1750 5333; baseline 0.002 -19"><span class='ocrx_word' id='word_1_491' title='bbox 171 5263 353 5333; x_wconf 61' lang='lat' dir='ltr'><strong>pingui</strong></span> <span class='ocrx_word' id='word_1_492' title='bbox 377 5263 568 5317; x_wconf 76' lang='lat' dir='ltr'><strong>Basilii</strong></span> <span class='ocrx_word' id='word_1_493' title='bbox 589 5263 836 5318; x_wconf 59' lang='lat' dir='ltr'><strong>adversus</strong></span> <span class='ocrx_word' id='word_1_494' title='bbox 864 5263 1205 5329; x_wconf 83' lang='lat' dir='ltr'><strong>Eunomium,</strong></span> <span class='ocrx_word' id='word_1_495' title='bbox 1234 5263 1494 5319; x_wconf 50' lang='lat' dir='ltr'><strong>de&#39;sancto</strong></span> <span class='ocrx_word' id='word_1_496' title='bbox 1522 5263 1750 5332; x_wconf 79' lang='lat' dir='ltr'><strong>Spiritu.</strong></span> 
     </span>
    </p>
   </div>
   <div class='ocr_carea' id='block_1_73' title="bbox 170 5331 1750 5406">
    <p class='ocr_par' dir='ltr' id='par_1_73' title="bbox 170 5331 1750 5406">
     <span class='ocr_line' id='line_1_73' title="bbox 170 5331 1750 5406; baseline 0.001 -19"><span class='ocrx_word' id='word_1_497' title='bbox 170 5331 308 5402; x_wconf 46' lang='lat' dir='ltr'><strong>Reg)</strong></span> <span class='ocrx_word' id='word_1_498' title='bbox 345 5335 538 5406; x_wconf 72' lang='lat' dir='ltr'><strong>tertius</strong></span> <span class='ocrx_word' id='word_1_499' title='bbox 575 5344 629 5388; x_wconf 91' lang='lat' dir='ltr'><strong>et</strong></span> <span class='ocrx_word' id='word_1_500' title='bbox 664 5335 818 5406; x_wconf 60' lang='lat' dir='ltr'><strong>Coll).</strong></span> <span class='ocrx_word' id='word_1_501' title='bbox 842 5335 1178 5406; x_wconf 3' lang='lat' dir='ltr'><strong>(simpliciter</strong></span> <span class='ocrx_word' id='word_1_502' title='bbox 1206 5333 1462 5406; x_wconf 79' lang='grc' dir='ltr'>περὶτοῦ</span> <span class='ocrx_word' id='word_1_503' title='bbox 1497 5331 1750 5405; x_wconf 86' lang='grc' dir='ltr'>Πνεύμα-</span> 
     </span>
    </p>
   </div>
   <div class='ocr_carea' id='block_1_74' title="bbox 167 5402 1746 5472">
    <p class='ocr_par' dir='ltr' id='par_1_74' title="bbox 167 5402 1746 5472">
     <span class='ocr_line' id='line_1_74' title="bbox 167 5402 1746 5472; baseline 0.001 -17"><span class='ocrx_word' id='word_1_504' title='bbox 167 5421 264 5465; x_wconf 86' lang='grc' dir='ltr'><strong>τος</strong></span> <span class='ocrx_word' id='word_1_505' title='bbox 295 5402 390 5455; x_wconf 89' lang='grc' dir='ltr'><strong>τοῦ</strong></span> <span class='ocrx_word' id='word_1_506' title='bbox 427 5404 603 5471; x_wconf 84' lang='grc' dir='ltr'>ἁγίου,</span> <span class='ocrx_word' id='word_1_507' title='bbox 643 5406 705 5457; x_wconf 86' lang='lat' dir='ltr'><strong>de</strong></span> <span class='ocrx_word' id='word_1_508' title='bbox 753 5402 975 5472; x_wconf 74' lang='lat' dir='ltr'><strong>Spiritu</strong></span> <span class='ocrx_word' id='word_1_509' title='bbox 994 5413 1195 5458; x_wconf 73' lang='lat' dir='ltr'><strong>sancto.</strong></span> <span class='ocrx_word' id='word_1_510' title='bbox 1232 5402 1434 5472; x_wconf 74' lang='lat' dir='ltr'><strong>Dubius</strong></span> <span class='ocrx_word' id='word_1_511' title='bbox 1465 5412 1520 5456; x_wconf 90' lang='lat' dir='ltr'><strong>et</strong></span> <span class='ocrx_word' id='word_1_512' title='bbox 1569 5402 1746 5459; x_wconf 83' lang='lat' dir='ltr'><strong>incer-</strong></span> 
     </span>
    </p>
   </div>
   <div class='ocr_carea' id='block_1_75' title="bbox 173 5467 1744 5541">
    <p class='ocr_par' dir='ltr' id='par_1_75' title="bbox 173 5467 1744 5541">
     <span class='ocr_line' id='line_1_75' title="bbox 173 5467 1744 5541; baseline 0.001 -16"><span class='ocrx_word' id='word_1_513' title='bbox 173 5484 267 5526; x_wconf 87' lang='lat' dir='ltr'><strong>tus</strong></span> <span class='ocrx_word' id='word_1_514' title='bbox 295 5475 448 5527; x_wconf 88' lang='lat' dir='ltr'><strong>visus</strong></span> <span class='ocrx_word' id='word_1_515' title='bbox 475 5467 558 5527; x_wconf 79' lang='lat' dir='ltr'><strong>est</strong></span> <span class='ocrx_word' id='word_1_516' title='bbox 589 5475 675 5527; x_wconf 87' lang='lat' dir='ltr'><strong>hic</strong></span> <span class='ocrx_word' id='word_1_517' title='bbox 707 5467 844 5528; x_wconf 78' lang='lat' dir='ltr'><strong>liber</strong></span> <span class='ocrx_word' id='word_1_518' title='bbox 870 5475 1215 5541; x_wconf 87' lang='lat' dir='ltr'><strong>quibusdam.</strong></span> <span class='ocrx_word' id='word_1_519' title='bbox 1275 5467 1348 5527; x_wconf 84' lang='lat' dir='ltr'><strong>Ita</strong></span> <span class='ocrx_word' id='word_1_520' title='bbox 1405 5474 1549 5528; x_wconf 86' lang='lat' dir='ltr'><strong>enim</strong></span> <span class='ocrx_word' id='word_1_521' title='bbox 1607 5476 1744 5529; x_wconf 85' lang='lat' dir='ltr'><strong>scri-</strong></span> 
     </span>
    </p>
   </div>
   <div class='ocr_carea' id='block_1_76' title="bbox 1852 4985 3423 5053">
    <p class='ocr_par' dir='ltr' id='par_1_76' title="bbox 1852 4985 3423 5053">
     <span class='ocr_line' id='line_1_76' title="bbox 1852 4985 3423 5053; baseline -0.001 -14"><span class='ocrx_word' id='word_1_522' title='bbox 1852 4987 1984 5039; x_wconf 82' lang='lat' dir='ltr'><strong>uulli</strong></span> <span class='ocrx_word' id='word_1_523' title='bbox 2006 4988 2146 5040; x_wconf 84' lang='lat' dir='ltr'><strong>hunc</strong></span> <span class='ocrx_word' id='word_1_524' title='bbox 2171 4985 2360 5040; x_wconf 79' lang='lat' dir='ltr'><strong>librum</strong></span> <span class='ocrx_word' id='word_1_525' title='bbox 2384 4985 2550 5039; x_wconf 74' lang='lat' dir='ltr'><strong>sancti</strong></span> <span class='ocrx_word' id='word_1_526' title='bbox 2579 4985 2770 5038; x_wconf 77' lang='lat' dir='ltr'><strong>Basilii</strong></span> <span class='ocrx_word' id='word_1_527' title='bbox 2809 5001 2913 5038; x_wconf 77' lang='lat' dir='ltr'><strong>non</strong></span> <span class='ocrx_word' id='word_1_528' title='bbox 2946 5000 3080 5048; x_wconf 74' lang='lat' dir='ltr'><strong>esse,</strong></span> <span class='ocrx_word' id='word_1_529' title='bbox 3106 4985 3248 5053; x_wconf 84' lang='lat' dir='ltr'><strong>quod</strong></span> <span class='ocrx_word' id='word_1_530' title='bbox 3276 4986 3332 5037; x_wconf 82' lang='lat' dir='ltr'><strong>in</strong></span> <span class='ocrx_word' id='word_1_531' title='bbox 3354 5001 3423 5037; x_wconf 79' lang='lat' dir='ltr'><strong>eo</strong></span> 
     </span>
    </p>
   </div>
   <div class='ocr_carea' id='block_1_77' title="bbox 1851 5054 3412 5124">
    <p class='ocr_par' dir='ltr' id='par_1_77' title="bbox 1851 5054 3412 5124">
     <span class='ocr_line' id='line_1_77' title="bbox 1851 5054 3412 5124; baseline -0.003 -16"><span class='ocrx_word' id='word_1_532' title='bbox 1851 5057 2180 5121; x_wconf 83' lang='lat' dir='ltr'><strong>reperiantur</strong></span> <span class='ocrx_word' id='word_1_533' title='bbox 2224 5059 2379 5110; x_wconf 78' lang='lat' dir='ltr'><strong>verba</strong></span> <span class='ocrx_word' id='word_1_534' title='bbox 2423 5056 2688 5122; x_wconf 64' lang='lat' dir='ltr'><strong>quantum,</strong></span> <span class='ocrx_word' id='word_1_535' title='bbox 2719 5071 2836 5124; x_wconf 65' lang='lat' dir='ltr'><strong>qua;</strong></span> <span class='ocrx_word' id='word_1_536' title='bbox 2896 5054 3140 5108; x_wconf 81' lang='lat' dir='ltr'><strong>uidentur</strong></span> <span class='ocrx_word' id='word_1_537' title='bbox 3171 5055 3412 5112; x_wconf 78' lang='lat' dir='ltr'><strong>duriora,</strong></span> 
     </span>
    </p>
   </div>
   <div class='ocr_carea' id='block_1_78' title="bbox 1849 5124 3413 5193">
    <p class='ocr_par' dir='ltr' id='par_1_78' title="bbox 1849 5124 3413 5193">
     <span class='ocr_line' id='line_1_78' title="bbox 1849 5124 3413 5193; baseline -0.003 -15"><span class='ocrx_word' id='word_1_538' title='bbox 1849 5125 2036 5193; x_wconf 78' lang='lat' dir='ltr'><strong>quibus</strong></span> <span class='ocrx_word' id='word_1_539' title='bbox 2066 5143 2168 5180; x_wconf 84' lang='lat' dir='ltr'><strong>non</strong></span> <span class='ocrx_word' id='word_1_540' title='bbox 2199 5126 2514 5188; x_wconf 79' lang='lat' dir='ltr'><strong>comperitur</strong></span> <span class='ocrx_word' id='word_1_541' title='bbox 2542 5127 2596 5177; x_wconf 87' lang='lat' dir='ltr'><strong>in</strong></span> <span class='ocrx_word' id='word_1_542' title='bbox 2645 5125 2754 5178; x_wconf 79' lang='lat' dir='ltr'><strong>alio</strong></span> <span class='ocrx_word' id='word_1_543' title='bbox 2787 5124 2895 5177; x_wconf 81' lang='lat' dir='ltr'><strong>ulla</strong></span> <span class='ocrx_word' id='word_1_544' title='bbox 2936 5140 3149 5193; x_wconf 85' lang='lat' dir='ltr'><strong>operum</strong></span> <span class='ocrx_word' id='word_1_545' title='bbox 3195 5139 3413 5176; x_wconf 75' lang='lat' dir='ltr'><strong>suorum</strong></span> 
     </span>
    </p>
   </div>
   <div class='ocr_carea' id='block_1_79' title="bbox 1849 5194 2919 5261">
    <p class='ocr_par' dir='ltr' id='par_1_79' title="bbox 1849 5194 2919 5261">
     <span class='ocr_line' id='line_1_79' title="bbox 1849 5194 2919 5261; baseline 0.001 -14"><span class='ocrx_word' id='word_1_546' title='bbox 1849 5212 1972 5248; x_wconf 75' lang='lat' dir='ltr'><strong>usus</strong></span> <span class='ocrx_word' id='word_1_547' title='bbox 1999 5196 2180 5261; x_wconf 78' lang='lat' dir='ltr'><strong>fuisse.</strong></span> <span class='ocrx_word' id='word_1_548' title='bbox 2207 5197 2278 5249; x_wconf 86' lang='lat' dir='ltr'><strong>Ea</strong></span> <span class='ocrx_word' id='word_1_549' title='bbox 2307 5197 2372 5250; x_wconf 87' lang='lat' dir='ltr'><strong>de</strong></span> <span class='ocrx_word' id='word_1_550' title='bbox 2407 5212 2464 5248; x_wconf 90' lang='lat' dir='ltr'><strong>re</strong></span> <span class='ocrx_word' id='word_1_551' title='bbox 2491 5195 2544 5248; x_wconf 90' lang='lat' dir='ltr'><strong>in</strong></span> <span class='ocrx_word' id='word_1_552' title='bbox 2580 5194 2919 5248; x_wconf 47' lang='lat' dir='ltr'><strong>Praifatione.</strong></span> 
     </span>
    </p>
   </div>
   <div class='ocr_carea' id='block_1_80' title="bbox 1922 5261 3414 5334">
    <p class='ocr_par' dir='ltr' id='par_1_80' title="bbox 1922 5261 3414 5334">
     <span class='ocr_line' id='line_1_80' title="bbox 1922 5261 3414 5334; baseline -0.004 -16"><span class='ocrx_word' id='word_1_553' title='bbox 1922 5266 2034 5334; x_wconf 85' lang='grc'>(75)</span> <span class='ocrx_word' id='word_1_554' title='bbox 2063 5265 2202 5318; x_wconf 90' lang='lat' dir='ltr'><strong>Editi</strong></span> <span class='ocrx_word' id='word_1_555' title='bbox 2239 5267 2409 5329; x_wconf 84' lang='grc' dir='ltr'>Μόλις</span> <span class='ocrx_word' id='word_1_556' title='bbox 2457 5265 2532 5318; x_wconf 87' lang='grc' dir='ltr'>δέ.</span> <span class='ocrx_word' id='word_1_557' title='bbox 2577 5265 2775 5319; x_wconf 84' lang='lat' dir='ltr'><strong>Vocula</strong></span> <span class='ocrx_word' id='word_1_558' title='bbox 2801 5263 2859 5315; x_wconf 88' lang='grc' dir='ltr'><strong>δέ</strong></span> <span class='ocrx_word' id='word_1_559' title='bbox 2890 5264 2942 5317; x_wconf 92' lang='lat' dir='ltr'><strong>in</strong></span> <span class='ocrx_word' id='word_1_560' title='bbox 2979 5261 3414 5334; x_wconf 81' lang='lat' dir='ltr'><strong>mss..antiquin_-</strong></span> 
     </span>
    </p>
   </div>
   <div class='ocr_carea' id='block_1_81' title="bbox 1851 5330 3412 5404">
    <p class='ocr_par' dir='ltr' id='par_1_81' title="bbox 1851 5330 3412 5404">
     <span class='ocr_line' id='line_1_81' title="bbox 1851 5330 3412 5404; baseline -0.003 -16"><span class='ocrx_word' id='word_1_561' title='bbox 1851 5330 2192 5390; x_wconf 18' lang='lat' dir='ltr'><strong>ribusrdeest.</strong></span> <span class='ocrx_word' id='word_1_562' title='bbox 2225 5336 2420 5388; x_wconf 87' lang='lat' dir='ltr'><strong>Statim</strong></span> <span class='ocrx_word' id='word_1_563' title='bbox 2477 5335 2606 5404; x_wconf 78' lang='lat' dir='ltr'><strong>Reg.</strong></span> <span class='ocrx_word' id='word_1_564' title='bbox 2655 5337 2876 5404; x_wconf 81' lang='lat' dir='ltr'><strong>quintus</strong></span> <span class='ocrx_word' id='word_1_565' title='bbox 2900 5343 2954 5386; x_wconf 88' lang='lat' dir='ltr'><strong>et</strong></span> <span class='ocrx_word' id='word_1_566' title='bbox 2989 5334 3116 5404; x_wconf 87' lang='lat' dir='ltr'><strong>editi</strong></span> <span class='ocrx_word' id='word_1_567' title='bbox 3148 5330 3412 5402; x_wconf 88' lang='grc' dir='ltr'>μονογενῆ</span> 
     </span>
    </p>
   </div>
   <div class='ocr_carea' id='block_1_82' title="bbox 1855 5403 3258 5470">
    <p class='ocr_par' dir='ltr' id='par_1_82' title="bbox 1855 5403 3258 5470">
     <span class='ocr_line' id='line_1_82' title="bbox 1855 5403 3258 5470; baseline -0.001 -14"><span class='ocrx_word' id='word_1_568' title='bbox 1855 5404 2000 5456; x_wconf 87' lang='grc' dir='ltr'>Υἱόν.</span> <span class='ocrx_word' id='word_1_569' title='bbox 2041 5405 2145 5458; x_wconf 89' lang='lat' dir='ltr'><strong>Sed</strong></span> <span class='ocrx_word' id='word_1_570' title='bbox 2176 5407 2227 5457; x_wconf 90' lang='lat' dir='ltr'><strong>in</strong></span> <span class='ocrx_word' id='word_1_571' title='bbox 2259 5407 2381 5458; x_wconf 86' lang='lat' dir='ltr'><strong>aliis</strong></span> <span class='ocrx_word' id='word_1_572' title='bbox 2414 5403 2683 5458; x_wconf 42' lang='lat' dir='ltr'><strong>mssﬁvox</strong></span> <span class='ocrx_word' id='word_1_573' title='bbox 2734 5403 2861 5457; x_wconf 81' lang='grc' dir='ltr'>Υίόν</span> <span class='ocrx_word' id='word_1_574' title='bbox 2908 5417 3012 5455; x_wconf 88' lang='lat' dir='ltr'><strong>non</strong></span> <span class='ocrx_word' id='word_1_575' title='bbox 3050 5403 3258 5470; x_wconf 80' lang='lat' dir='ltr'><strong>legitur.</strong></span> 
     </span>
    </p>
   </div>
   <div class='ocr_carea' id='block_1_83' title="bbox 1916 5469 3409 5545">
    <p class='ocr_par' dir='ltr' id='par_1_83' title="bbox 1916 5469 3409 5545">
     <span class='ocr_line' id='line_1_83' title="bbox 1916 5469 3409 5545; baseline -0.001 -20"><span class='ocrx_word' id='word_1_576' title='bbox 1916 5474 2027 5541; x_wconf 89' lang='lat'><strong>(76)</strong></span> <span class='ocrx_word' id='word_1_577' title='bbox 2082 5473 2212 5544; x_wconf 73' lang='lat' dir='ltr'><strong>Heg.</strong></span> <span class='ocrx_word' id='word_1_578' title='bbox 2250 5484 2484 5545; x_wconf 79' lang='lat' dir='ltr'><strong>quartus</strong></span> <span class='ocrx_word' id='word_1_579' title='bbox 2536 5474 2631 5545; x_wconf 82' lang='grc' dir='ltr'><strong>ὅλῃ</strong></span> <span class='ocrx_word' id='word_1_580' title='bbox 2685 5471 2901 5545; x_wconf 76' lang='grc' dir='ltr'>ἑαυτοῦ.</span> <span class='ocrx_word' id='word_1_581' title='bbox 2936 5469 3225 5541; x_wconf 77' lang='lat' dir='ltr'><strong>Aliquanto</strong></span> <span class='ocrx_word' id='word_1_582' title='bbox 3272 5469 3409 5524; x_wconf 76' lang='lat' dir='ltr'><strong>infra</strong></span> 
     </span>
    </p>
   </div>
   <div class='ocr_carea' id='block_1_84' title="bbox 169 5543 1743 5612">
    <p class='ocr_par' dir='ltr' id='par_1_84' title="bbox 169 5543 1743 5612">
     <span class='ocr_line' id='line_1_84' title="bbox 169 5543 1743 5612; baseline 0.004 -22"><span class='ocrx_word' id='word_1_583' title='bbox 169 5554 326 5612; x_wconf 82' lang='lat' dir='ltr'><strong>ptum</strong></span> <span class='ocrx_word' id='word_1_584' title='bbox 363 5543 638 5612; x_wconf 85' lang='lat' dir='ltr'><strong>invenitur</strong></span> <span class='ocrx_word' id='word_1_585' title='bbox 674 5543 724 5596; x_wconf 90' lang='lat' dir='ltr'><strong>in</strong></span> <span class='ocrx_word' id='word_1_586' title='bbox 752 5558 849 5612; x_wconf 85' lang='lat' dir='ltr'><strong>ora</strong></span> <span class='ocrx_word' id='word_1_587' title='bbox 872 5545 1113 5598; x_wconf 85' lang='lat' dir='ltr'><strong>codicum</strong></span> <span class='ocrx_word' id='word_1_588' title='bbox 1157 5544 1446 5612; x_wconf 72' lang='lat' dir='ltr'><strong>Regiorum</strong></span> <span class='ocrx_word' id='word_1_589' title='bbox 1479 5543 1658 5612; x_wconf 86' lang='lat' dir='ltr'><strong>quarti</strong></span> <span class='ocrx_word' id='word_1_590' title='bbox 1696 5552 1743 5596; x_wconf 89' lang='lat' dir='ltr'><strong>et</strong></span> 
     </span>
    </p>
   </div>
   <div class='ocr_carea' id='block_1_85' title="bbox 1864 5543 3055 5612">
    <p class='ocr_par' dir='ltr' id='par_1_85' title="bbox 1865 5543 3055 5612">
     <span class='ocr_line' id='line_1_85' title="bbox 1865 5543 3055 5612; baseline -0.001 -16"><span class='ocrx_word' id='word_1_591' title='bbox 1865 5559 1975 5596; x_wconf 86' lang='lat' dir='ltr'><strong>uss.</strong></span> <span class='ocrx_word' id='word_1_592' title='bbox 2006 5553 2113 5597; x_wconf 89' lang='lat' dir='ltr'><strong>tres</strong></span> <span class='ocrx_word' id='word_1_593' title='bbox 2145 5543 2634 5606; x_wconf 64' lang='grc' dir='ltr'>ἁκολουθοῦντες.ξῤ</span> <span class='ocrx_word' id='word_1_594' title='bbox 2672 5543 3055 5612; x_wconf 75' lang='grc' dir='ltr'>φυλάσσοντες.</span> 
     </span>
    </p>
   </div>
   <div class='ocr_carea' id='block_1_86' title="bbox 168 5629 1745 5806">
    <p class='ocr_par' dir='ltr' id='par_1_86' title="bbox 168 5629 1745 5806">
     <span class='ocr_line' id='line_1_86' title="bbox 168 5629 1745 5684; baseline 0.001 -21"><span class='ocrx_word' id='word_1_595' title='bbox 168 5629 362 5666; x_wconf 70' lang='lat' dir='ltr'><strong>si-xu:</strong></span> <span class='ocrx_word' id='word_1_596' title='bbox 403 5629 548 5674; x_wconf 87' lang='grc' dir='ltr'>ιινες</span> <span class='ocrx_word' id='word_1_597' title='bbox 599 5630 729 5681; x_wconf 90' lang='grc' dir='ltr'>φασι</span> <span class='ocrx_word' id='word_1_598' title='bbox 774 5630 962 5665; x_wconf 89' lang='grc' dir='ltr'>τουτον</span> <span class='ocrx_word' id='word_1_599' title='bbox 1013 5629 1105 5665; x_wconf 86' lang='grc' dir='ltr'><strong>τον</strong></span> <span class='ocrx_word' id='word_1_600' title='bbox 1149 5629 1303 5682; x_wconf 71' lang='grc' dir='ltr'>Λογον</span> <span class='ocrx_word' id='word_1_601' title='bbox 1355 5629 1428 5684; x_wconf 90' lang='grc' dir='ltr'><strong>μη</strong></span> <span class='ocrx_word' id='word_1_602' title='bbox 1473 5629 1613 5667; x_wconf 82' lang='grc' dir='ltr'>ειναι</span> <span class='ocrx_word' id='word_1_603' title='bbox 1653 5629 1745 5664; x_wconf 90' lang='grc' dir='ltr'><strong>του</strong></span> 
     </span>
     <span class='ocr_line' id='line_1_87' title="bbox 168 5681 1744 5806; baseline -0.002 -72"><span class='ocrx_word' id='word_1_604' title='bbox 168 5681 331 5748; x_wconf 87' lang='grc' dir='ltr'>ἁγίου</span> <span class='ocrx_word' id='word_1_605' title='bbox 354 5681 655 5748; x_wconf 87' lang='grc' dir='ltr'>Βασιλείου,</span> <span class='ocrx_word' id='word_1_606' title='bbox 687 5681 775 5736; x_wconf 75' lang='grc' dir='ltr'>διὰ</span> <span class='ocrx_word' id='word_1_607' title='bbox 798 5683 858 5734; x_wconf 82' lang='grc' dir='ltr'><strong>τὸ</strong></span> <span class='ocrx_word' id='word_1_608' title='bbox 879 5682 1139 5754; x_wconf 88' lang='grc' dir='ltr'>φέρεσθαι</span> <span class='ocrx_word' id='word_1_609' title='bbox 1170 5683 1312 5806; x_wconf 64' lang='grc' dir='ltr'>ρητά</span> <span class='ocrx_word' id='word_1_610' title='bbox 1341 5700 1460 5736; x_wconf 89' lang='grc' dir='ltr'>τινα</span> <span class='ocrx_word' id='word_1_611' title='bbox 1486 5685 1543 5736; x_wconf 84' lang='grc' dir='ltr'>ὲν</span> <span class='ocrx_word' id='word_1_612' title='bbox 1575 5683 1744 5752; x_wconf 80' lang='grc' dir='ltr'>αὐτῷ,</span> 
     </span>
     <span class='ocr_line' id='line_1_88' title="bbox 168 5747 1744 5806; baseline 0.001 -1"><span class='ocrx_word' id='word_1_613' title='bbox 168 5750 485 5806; x_wconf 71' lang='grc' dir='ltr'>τρανότερα</span> <span class='ocrx_word' id='word_1_614' title='bbox 539 5747 677 5806; x_wconf 77' lang='grc' dir='ltr'>εῖναι</span> <span class='ocrx_word' id='word_1_615' title='bbox 733 5752 1012 5806; x_wconf 82' lang='grc' dir='ltr'>δοκοῦντα.</span> <span class='ocrx_word' id='word_1_616' title='bbox 1055 5748 1138 5806; x_wconf 75' lang='grc' dir='ltr'>οἷς</span> <span class='ocrx_word' id='word_1_617' title='bbox 1199 5771 1227 5806; x_wconf 90' lang='grc' dir='ltr'><strong>ν</strong></span> <span class='ocrx_word' id='word_1_618' title='bbox 1277 5753 1448 5806; x_wconf 72' lang='grc' dir='ltr'>οὐδενὶ</span> <span class='ocrx_word' id='word_1_619' title='bbox 1497 5753 1744 5806; x_wconf 78' lang='grc' dir='ltr'>φαίνεται</span> 
     </span>
    </p>
   </div>
   <div class='ocr_carea' id='block_1_87' title="bbox 168 5747 1744 5825">
    <p class='ocr_par' dir='ltr' id='par_1_87' title="bbox 168 5747 1744 5825">
     <span class='ocr_line' id='line_1_89' title="bbox 168 5747 1744 5825; baseline 0.002 -20"><span class='ocrx_word' id='word_1_620' title='bbox 168 5747 485 5824; x_wconf 78' lang='grc' dir='ltr'>τραχύτερα</span> <span class='ocrx_word' id='word_1_621' title='bbox 539 5747 677 5810; x_wconf 72' lang='grc' dir='ltr'>εἶναι</span> <span class='ocrx_word' id='word_1_622' title='bbox 733 5747 1012 5821; x_wconf 73' lang='grc' dir='ltr'>δοκοῦντα,</span> <span class='ocrx_word' id='word_1_623' title='bbox 1055 5748 1138 5817; x_wconf 77' lang='grc' dir='ltr'>οἷς</span> <span class='ocrx_word' id='word_1_624' title='bbox 1170 5747 1238 5808; x_wconf 75' lang='grc' dir='ltr'><strong>ἔν’</strong></span> <span class='ocrx_word' id='word_1_625' title='bbox 1277 5753 1448 5807; x_wconf 72' lang='grc' dir='ltr'>οὐδενὶ</span> <span class='ocrx_word' id='word_1_626' title='bbox 1497 5747 1744 5825; x_wconf 77' lang='grc' dir='ltr'>φαίνεται</span> 
     </span>
    </p>
   </div>
   <div class='ocr_carea' id='block_1_88' title="bbox 167 5610 1428 5684">
    <p class='ocr_par' dir='ltr' id='par_1_88' title="bbox 167 5610 1428 5684">
     <span class='ocr_line' id='line_1_90' title="bbox 167 5610 1428 5684; baseline 0 -18"><span class='ocrx_word' id='word_1_627' title='bbox 167 5610 315 5684; x_wconf 63' lang='lat' dir='ltr'><strong>si-xti</strong></span> <span class='ocrx_word' id='word_1_628' title='bbox 347 5610 569 5684; x_wconf 17' lang='lat' dir='ltr'><strong>:_Ttv_é;A</strong></span> <span class='ocrx_word' id='word_1_629' title='bbox 599 5611 962 5684; x_wconf 51' lang='lat' dir='ltr'><strong>cacumina);</strong></span> <span class='ocrx_word' id='word_1_630' title='bbox 1013 5613 1105 5684; x_wconf 69' lang='grc' dir='ltr'><strong>τδν</strong></span> <span class='ocrx_word' id='word_1_631' title='bbox 1148 5610 1303 5682; x_wconf 77' lang='grc' dir='ltr'>λόγον</span> <span class='ocrx_word' id='word_1_632' title='bbox 1355 5611 1428 5684; x_wconf 84' lang='grc' dir='ltr'>μὴ</span> 
     </span>
    </p>
   </div>
   <div class='ocr_carea' id='block_1_89' title="bbox 1915 5610 3194 5752">
    <p class='ocr_par' dir='ltr' id='par_1_89' title="bbox 1915 5610 3194 5752">
     <span class='ocr_line' id='line_1_91' title="bbox 1915 5610 3194 5752; baseline 0 -87"><span class='ocrx_word' id='word_1_633' title='bbox 1915 5614 2029 5752; x_wconf 74' lang='grc'>(77)</span> <span class='ocrx_word' id='word_1_634' title='bbox 2061 5613 2200 5666; x_wconf 85' lang='lat' dir='ltr'><strong>Editi</strong></span> <span class='ocrx_word' id='word_1_635' title='bbox 2233 5615 2328 5667; x_wconf 75' lang='grc' dir='ltr'><strong>καὶ</strong></span> <span class='ocrx_word' id='word_1_636' title='bbox 2358 5614 2439 5669; x_wconf 82' lang='grc' dir='ltr'><strong>τό.</strong></span> <span class='ocrx_word' id='word_1_637' title='bbox 2464 5610 2813 5682; x_wconf 74' lang='grc' dir='ltr'>Αηιίίιιιῖὰυο</span> <span class='ocrx_word' id='word_1_638' title='bbox 2850 5614 2969 5667; x_wconf 87' lang='lat' dir='ltr'><strong>libri</strong></span> <span class='ocrx_word' id='word_1_639' title='bbox 2999 5610 3059 5667; x_wconf 83' lang='grc' dir='ltr'><strong>τὸ</strong></span> <span class='ocrx_word' id='word_1_640' title='bbox 3081 5611 3194 5665; x_wconf 85' lang='grc' dir='ltr'>καί.</span> 
     </span>
     <span class='ocr_line' id='line_1_92' title="bbox 1943 5683 3194 5752; baseline -0.002 -16"><span class='ocrx_word' id='word_1_641' title='bbox 1943 5685 2028 5752; x_wconf 87' lang='grc'><strong>78)</strong></span> <span class='ocrx_word' id='word_1_642' title='bbox 2060 5683 2165 5736; x_wconf 91' lang='lat' dir='ltr'><strong>llas</strong></span> <span class='ocrx_word' id='word_1_643' title='bbox 2197 5693 2304 5738; x_wconf 89' lang='lat' dir='ltr'><strong>tres</strong></span> <span class='ocrx_word' id='word_1_644' title='bbox 2332 5699 2508 5745; x_wconf 72' lang='lat' dir='ltr'><strong>voces,</strong></span> <span class='ocrx_word' id='word_1_645' title='bbox 2539 5683 2730 5737; x_wconf 66' lang='grc' dir='ltr'>εἰπεῖν</span> <span class='ocrx_word' id='word_1_646' title='bbox 2750 5687 2860 5738; x_wconf 75' lang='grc' dir='ltr'>οὐκ</span> <span class='ocrx_word' id='word_1_647' title='bbox 2906 5683 3047 5752; x_wconf 77' lang='grc' dir='ltr'>ἔχει,</span> <span class='ocrx_word' id='word_1_648' title='bbox 3081 5697 3148 5740; x_wconf 78' lang='lat' dir='ltr'><strong>ex</strong></span> <span class='ocrx_word' id='word_1_649' title='bbox 3181 5696 3194 5733; x_wconf 86' lang='lat' dir='ltr'><strong>t</strong></span> 
     </span>
    </p>
   </div>
   <div class='ocr_carea' id='block_1_90' title="bbox 1943 5683 3414 5764">
    <p class='ocr_par' dir='ltr' id='par_1_90' title="bbox 1943 5683 3414 5764">
     <span class='ocr_line' id='line_1_93' title="bbox 1943 5683 3414 5764; baseline 0.001 -28"><span class='ocrx_word' id='word_1_650' title='bbox 2060 5683 2304 5764; x_wconf 40' lang='lat' dir='ltr'><strong>Ilas‘tres</strong></span> <span class='ocrx_word' id='word_1_651' title='bbox 2332 5683 2730 5764; x_wconf 45' lang='lat' dir='ltr'><strong>s’oces,nsl.izsir</strong></span> <span class='ocrx_word' id='word_1_652' title='bbox 2750 5687 2860 5738; x_wconf 75' lang='grc' dir='ltr'>οὐκ</span> <span class='ocrx_word' id='word_1_653' title='bbox 2906 5683 3047 5752; x_wconf 77' lang='grc' dir='ltr'>ἔχει,</span> <span class='ocrx_word' id='word_1_654' title='bbox 3081 5697 3148 5740; x_wconf 79' lang='lat' dir='ltr'><strong>ex</strong></span> <span class='ocrx_word' id='word_1_655' title='bbox 3181 5689 3414 5751; x_wconf 64' lang='lat' dir='ltr'><strong>quatuor</strong></span> 
     </span>
    </p>
   </div>
   <div class='ocr_carea' id='block_1_91' title="bbox 1847 5753 2685 5826">
    <p class='ocr_par' dir='ltr' id='par_1_91' title="bbox 1847 5753 2685 5826">
     <span class='ocr_line' id='line_1_94' title="bbox 1847 5753 2685 5826; baseline -0.004 -16"><span class='ocrx_word' id='word_1_656' title='bbox 1847 5753 2121 5816; x_wconf 82' lang='lat' dir='ltr'><strong>codicibus</strong></span> <span class='ocrx_word' id='word_1_657' title='bbox 2152 5753 2333 5826; x_wconf 71' lang='lat' dir='ltr'><strong>Regiis</strong></span> <span class='ocrx_word' id='word_1_658' title='bbox 2365 5755 2685 5812; x_wconf 84' lang='lat' dir='ltr'><strong>addidimus.</strong></span> 
     </span>
    </p>
   </div>
  </div>
