3822 6216
141 305 259 363 657

1254 314 1633 371 ADVERSUS
1671 315 2041 376 EUNOMIUM
2080 320 2210 375 LIB.
2253 321 2344 376 111.
2436 275 2438 277 ά

3315 321 3420 380 658

145 422 390 488 παντὸς
424 422 734 488 ,ϐλέπουσι
770 425 841 479 τὸ
878 427 1202 495 πρόσωπον
1229 429 1337 483 τοῦ
1372 432 1605 498 Πατρός
1629 448 1747 499 μου

1861 434 1906 486 in
1928 434 2070 489 caelis
2100 435 2237 489 est“.
2264 434 2330 489 Et
2356 433 2641 490 Psalmista
2674 433 2809 490 dicit
2853 451 2868 489 :
2917 434 3113 491 Castra
3142 438 3422 493 metabitur

145 515 267 568 τοῦ
294 515 368 569 ἐν
395 514 520 581 τοῖς
543 516 840 584 οὐρανοῖς.
867 518 979 572 Καὶ
1016 521 1045 572 6
1080 519 1385 592 Ψαλμῳδὸς
1408 537 1562 592 φησι·
1598 524 1749 591 Παρ-

145 605 411 674 εμϐαλεῖ
429 605 683 677 ἄγγελος
716 609 938 676 Κυρίου
974 611 1178 676 κύκλῳ
1214 608 1335 663 τῶν
1364 611 1757 680 φοϐουμένων·

147 699 381 752 αὐτόν’
419 698 535 765 καὶ,
579 699 632 752 '0
671 698 925 770 ἅγγελος
971 704 1005 755 ό
1035 700 1385 771 ῥυσάμενος
1430 701 1538 773 (86)
1577 719 1653 771 με
1681 702 1751 755 ἐκ

148 792 449 859 νεότητός
471 808 622 862 μου’
651 793 745 847 καὶ
781 793 882 846 ὅσα
922 794 1166 850 τοιαῦτα.
1200 796 1322 849 Ὅτι
1361 797 1417 849 δὲ
1446 797 1607 850 πάλιν
1644 795 1751 848 εἰσί

149 902 306 948 τινες
351 884 573 953 ἄγγελοι
610 887 706 939 καὶ
737 886 872 940 ὅλων
918 887 1087 941 ἐθνῶν
1134 889 1496 960 προεστῶτες,
1543 889 1750 957 Μωσῆς

150 977 312 1045 ἡμᾶς
336 975 578 1030 διδάσκει
603 976 693 1031 διὰ
716 978 815 1047 τῆς
848 977 993 1049 ᾠδῆς
1022 979 1196 1048 λέγων
1216 997 1230 1010 ·
1265 978 1404 1034 Ὅτε
1431 977 1751 1048 διεμέριζεν

154 1070 190 1120 ὁ
246 1069 537 1137 Ὕψιστος
579 1069 746 1138 ἔθνη,
800 1071 878 1137 ὠς
926 1070 1265 1140 διέσπειρεν
1318 1073 1489 1139 υἱοὺς
1557 1072 1747 1141 Ἀδὰμ,

153 1159 432 1229 ἔστησεν
470 1161 602 1229 ὅρια
646 1161 836 1216 ἐθνῶν
873 1164 1025 1218 κατὰ
1065 1165 1319 1233 ἀριθμὸν
1351 1165 1621 1236 ἀγγέλων
1641 1166 1750 1219 αὺ-

153 1253 294 1310 τοῦ.
322 1253 433 1306 Καὶ
463 1255 492 1307 6
521 1254 684 1323 σοφὸς
715 1256 914 1328 Δανιὴλ
959 1258 1017 1310 ὲν
1043 1259 1107 1329 τῇ
1132 1256 1225 1311 τοῦ
1252 1257 1484 1326 ἀγγέλου
1517 1256 1752 1328 ὀπτασίᾳ

154 1347 399 1417 ἤκουσεν
424 1346 588 1401 αὐτοῦ
610 1347 858 1417 λέγοντος
880 1351 983 1416 ὅτι,
1018 1351 1243 1419 Ἄρχων
1255 1352 1580 1416 βασιλείας
1608 1353 1752 1418 Περ⁴

155 1438 296 1492 σῶν
331 1439 597 1509 εἱστήκει
626 1441 976 1507 ἐξεναντίας
996 1460 1115 1511 μου
1140 1459 1152 1471 ·
1210 1442 1309 1496 καὶ
1348 1442 1477 1495 ἰδοὺ
1512 1440 1751 1509 Μιχαὴλ

154 1526 254 1597 εἷς
296 1530 417 1585 τῶν
451 1533 759 1601 ἀρχόντων
802 1531 922 1587 τῶν
967 1533 1214 1602 πρώτων
1259 1532 1408 1604 ἦλθε
1439 1533 1753 1601 ,ϐοηθῆσαί

150 1640 286 1693 μοι,
319 1623 421 1678 καὶ
447 1624 635 1679 αὐτὸν
656 1624 983 1680 κατέλιπον
1010 1625 1139 1679 ἐκεῖ
1160 1626 1311 1696 μετὰ
1331 1625 1440 1679 τοῦ
1464 1625 1753 1695 ἄρχοντος

150 1712 473 1778 ,βασιλέως
500 1714 771 1783 Περσῶν.
814 1716 925 1769 Καὶ
961 1716 1080 1786 μετῖ
1105 1715 1262 1785 ὀλίγα
1299 1715 1465 1787 φησὶν
1496 1715 1524 1767 ὁ
1558 1715 1746 1780 αὐτός·

158 1802 279 1858 Καὶ
330 1807 363 1858 ό
402 1802 601 1873 ἅρχων
631 1804 744 1876 (87)
774 1804 895 1858 τῶν
938 1785 1248 1874 Ἑλλήνων
1291 1785 1528 1875 ἤρχετο.
1595 1805 1753 1860 Ἀλλὰ
1785 1785 1825 1839 Β

157 1895 264 1949 καὶ
296 1894 737 1968 ἀρχιστράτηγός
755 1914 842 1959 τις
873 1896 984 1967 (88)
1013 1896 1112 1966 τῆς
1138 1896 1419 1966 δυνάμεως
1441 1896 1647 1969 Κυρίου
1671 1896 1755 1950 λέ-

155 2001 344 2056 γεται,
372 1988 401 2039 6
436 1986 610 2060 Ἰησοῦ
639 1987 718 2059 τῷ
742 1988 836 2040 τοῦ
863 1987 1020 2057 Ναυῆ
1050 1987 1143 2040 ἐπὶ
1167 1986 1261 2040 τοῦ
1300 1987 1564 2059 Ἰορδάνου
1592 2006 1756 2058 φανε-

163 2077 381 2150 ρωθείς.
408 2080 516 2132 Καὶ
543 2079 705 2132 πάλιν
727 2077 869 2143 τινὲς
894 2078 1142 2147 λέγονται
1170 2078 1436 2147 λεγεῶνες
1457 2078 1563 2133 τῶν
1587 2080 1754 2148 ἀγγέ-

157 2171 294 2236 λων,
321 2170 415 2224 τοῦ
454 2172 659 2245 Κυρίου
701 2172 946 2236 εἰπόντος
974 2173 1087 2234 τοῖς
1119 2170 1386 2242 μαθηταῖς
1406 2188 1419 2201 ·
1457 2174 1525 2227 Ἡ
1561 2170 1754 2225 δοκεῖ·

158 2282 231 2318 τε
255 2264 368 2335 (89)
399 2264 488 2318 ὅτι
530 2268 602 2319 οὑ
645 2264 903 2335 δύναμαι
939 2263 1354 2331 παρακαλέσαι
1384 2265 1494 2319 τὸν
1525 2265 1757 2335 Πατέρα

155 2375 303 2427 μου,
350 2357 448 2410 καὶ
478 2355 855 2425 παραστήσει
880 2373 983 2425 μοι
1015 2350 1131 2409 ὦδε
1162 2356 1410 2421 πλείους
1450 2356 1488 2425 ἣ
1529 2356 1757 2410 δώδεκα

160 2447 468 2518 λεγεῶνας
500 2446 807 2516 ἀγγέλων;
861 2447 920 2499 '0
955 2446 1134 2499 τοίνυν
1174 2446 1613 2518 ἀρχιστράτηγος
1647 2447 1755 2499 τῶν

161 2542 226 2593 ὲν
252 2543 370 2603 ταῖς
401 2539 627 2595 λεγεῶσι
658 2539 1147 2610 κατατεταγμὲνων
1169 2539 1414 2609 ἀγγέλων
1434 2539 1619 2611 ἄρχων
1639 2541 1756 2595 ἐστὶ

158 2630 431 2704 δηλονότι.

236 2722 294 2776 2.
336 2721 481 2794 Πρὸς
515 2722 571 2776 τί
601 2716 695 2776 οὖν
737 2722 767 2774 6
797 2721 953 2790 λόγος
981 2722 1112 2793 ἡμῖν
1142 2720 1331 2793 φέρει;
1363 2720 1487 2775 ’Ότι
1530 2722 1589 2774 οὐ
1622 2722 1758 2778 πάν-

161 2829 298 2876 τως,
339 2810 393 2865 εἴ
419 2830 471 2865 τι
496 2814 561 2883 τῇ
587 2810 740 2877 τάξει
781 2811 874 2865 καὶ
916 2811 995 2882 τῷ
1041 2809 1310 2881 ἀξιώματι
1340 2810 1591 2883 δεύτερόν
1640 2813 1756 2864 ἐστι

164 2907 265 2960 καὶ
290 2905 492 2975 τρίτον,
520 2904 679 2957 τοῦτο
713 2904 808 2957 καὶ
836 2903 933 2975 τὴν
958 2902 1118 2971 φύσιν
1148 2903 1339 2974 ἑτέραν
1366 2902 1500 2973 ἔχει.
1538 2905 1625 2967 Ὠς
1649 2903 1757 2976 γὰρ

164 2997 264 3051 ἐπὶ
291 2995 400 3049 τῶν
436 2994 687 3065 ἀγγέλων
725 2997 755 3049 6
794 2994 894 3065 μέν
926 3012 1009 3058 τις
1036 2993 1214 3046 αὐτῶν
1245 2994 1449 3065 ἄρχων,
1491 2997 1519 3048 6
1557 2994 1614 3048 δὲ
1655 2995 1759 3048 ὑπ-

164 3089 355 3160 ήκοος,
385 3086 606 3155 ἄγγελοι
647 3085 706 3139 δὲ
735 3086 884 3157 ὅμως
911 3088 977 3157 τῇ
1014 3085 1173 3155 φύσει
1208 3084 1406 3149 πάντες
1425 3102 1439 3116 °
1490 3086 1585 3139 καὶ
1617 3087 1758 3141 κατὰ
1786 3120 1832 3180 C

169 3182 276 3254 μὲν
308 3181 369 3234 τὸ
402 3179 618 3250 ἀξίωμα
652 3177 963 3250 ἡδιαφορὰ,
995 3178 1136 3231 κατὰ
1164 3178 1220 3230 δὲ
1247 3177 1346 3248 τὴν
1377 3177 1538 3247 φύσιν
1580 3180 1612 3248 ἡ
1646 3196 1763 3232 κοι-

167 3271 340 3326 νωνία
368 3271 488 3342 (καὶ
508 3270 616 3343 γάρ
660 3270 882 3338 Ἀστὴρ
910 3268 1166 3336 ἀστέρος
1195 3267 1459 3337 διαφέρει
1485 3269 1556 3322 ὲν
1573 3268 1722 3337 δόξῃ
1746 3286 1759 3299 ’

168 3364 339 3435 φύσις
358 3363 415 3417 δὲ
439 3364 656 3418 πάντων
690 3362 933 3433 ἀστέρων
970 3361 1066 3432 μία
1086 3378 1099 3391 ·
1131 3361 1224 3414 καὶ
1255 3361 1448 3414 πολλαὶ
1484 3362 1643 3432 μοναὶ
1671 3378 1768 3415 πα-

169 3457 247 3532 ρὰ
280 3456 360 3527 τῷ
388 3455 585 3528 Πατρὶ,
627 3454 925 3518 τουτέστιν,
962 3452 1288 3524 ἀξιωμάτων
1333 3452 1626 3524 διαφοραί·
1662 3453 1765 3516 φύ-

173 3566 262 3613 σις
291 3549 349 3603 δὲ
376 3549 536 3620 ὁμοία
560 3546 667 3601 τῶν
689 3545 1083 3616 δοξαζομένων)
1100 3562 1114 3575 ο
1145 3544 1287 3598 οὕτω
1309 3545 1550 3617 δηλονότι
1584 3545 1679 3598 καὶ
1703 3545 1763 3598 τὸ

171 3636 405 3709 Πνεῦμα
432 3636 493 3690 τὸ
522 3637 696 3705 ἆγιον,
719 3638 767 3689 εἰ
793 3635 887 3687 καὶ
913 3633 1185 3703 ἀξιώματι
1206 3634 1301 3687 καὶ
1329 3633 1478 3698 τάξει
1500 3631 1609 3705 (90)
1633 3635 1765 3687 ὑπο-

173 3728 436 3801 σέὸηκεν,
467 3728 542 3792 ὡς
566 3726 781 3797 λέγουσι
807 3725 1249 3797 (παρειλήφαμεν
1280 3723 1389 3796 γὰρ
1420 3725 1572 3790 αὐτὸ,
1607 3725 1761 3796 φησὶ,

170 3824 362 3895 τρίτον
394 3821 503 3876 ἀπὸ
545 3819 759 3892 Πατρὸς
809 3820 903 3873 καὶ
946 3817 1075 3872 Υἱοῦ
1112 3818 1544 3890 ἀριθμούμενον·
1598 3820 1761 3874 αὐτοῦ

172 3915 275 3969 τοῦ
312 3915 519 3986 Κυρίου
544 3914 603 3968 ἐν
622 3914 689 3984 τῇ
725 3908 1126 3983 παραδόσειτοῦ
1151 3910 1414 3981 σωτηρίου
1450 3910 1763 3982 βαπτίσμα-

172 4025 272 4070 τος
319 4004 761 4076 παραδεδωκότος
822 4002 919 4074 τὴν
969 4001 1121 4068 τάξιν
1159 4002 1216 4054 ὲν
1245 3995 1328 4064 οἷς
1365 3997 1486 4055 εἶπε
1507 4017 1520 4031 ’
1554 4005 1766 4070 Πορευ-

175 4096 408 4158 θέντες,
449 4093 765 4160 ,ϐαπτίζετε
798 4097 882 4160 είς
916 4093 981 4146 τὸ
1013 4092 1205 4160 ὄνομα
1243 4092 1348 4145 τοῦ
1375 4092 1625 4161 Πατρός,
1665 4093 1764 4147 καὶ

174 4187 289 4243 τοῦ
313 4188 473 4253 Υίοῦ,
516 4187 613 4241 καὶ
641 4185 748 4241 τοῦ
774 4185 947 4255 ἁγίου
977 4183 1346 4254 Πνεύματος)
1370 4199 1385 4214 ο
1411 4183 1525 4238 ἀλλ’
1560 4186 1638 4249 εἰς
1665 4184 1764 4253 φύ-

252 4343 277 4376 ¹⁶
304 4342 494 4401 Matth.
525 4360 686 4407 xvi",
723 4342 810 4397 10.

177 4415 276 4472 20.
354 4415 398 4447 “
432 4414 597 4471 Josue
624 4430 677 4481 v,
711 4414 802 4468 14.

917 4341 939 4373 °
962 4339 1103 4397 Psal.
1133 4355 1333 4405 xxxnt,
1365 4340 1417 4395 8.

254 4598 368 4721 (89’)
396 4597 626 4682 Codices
648 4612 755 4651 non
780 4596 935 4667 pauci
966 4598 995 4650 6
1024 4598 1311 4669 ρυὀμενός.

258 4670 318 4721 l8
361 4676 378 4721 i
412 4669 551 4721 Edttt
579 4669 673 4721 καὶ
708 4667 911 4721 ᾶογων.
941 4669 1012 4719 At
1039 4682 1171 4721 mss.
1190 4667 1311 4721 mull

258 4667 378 4740 (87)
412 4669 551 4740 Editi
579 4669 673 4740 uel.
708 4667 911 4740 ἄρχων.
934 4667 1171 4740 έιιηξὲ.
1190 4667 1341 4721 multi
1376 4667 1470 4720 καὶ
1499 4668 1528 4720 6
1552 4667 1757 4739 ἄρχων.

180 4737 304 4810 Mox
328 4737 475 4810 mss.
503 4739 610 4810 duo
638 4737 897 4810 ἄρχοντος
914 4737 1183 4810 ’Περσῶψ

256 4808 372 4881 (88)
406 4805 1102 4881 Siic_Reg."secunduset
1159 4815 1371 4861 sextus.
1419 4806 1619 4863 Vocula
1677 4822 1767 4871 τις

256 4824 372 4881 (δὸ)
406 4824 496 4863 διο
532 4824 689 4931 neq);
730 4824 1001 4861 secundus
1047 4824 1102 4862 et
1159 4824 1371 4861 sextus.

183 4881 370 4946 inepte
400 4880 482 4932 bis
507 4878 621 4947 lege
699 4886 784 4930 tur
819 4876 871 4947 in
892 4875 1154 4947 vulgatis.
1328 4946 1331 4947 ν
1358 4910 1371 4947 νη

256 4944 372 5030 (89)
401 4944 586 5030 Editiq
608 4947 776 5030 tiaris;
814 4944 847 5017 ἢ
885 4945 1086 5009 δοκεῖς.
1116 4946 1295 5001 Editio
1323 4946 1454 5002 Ven.
1481 4955 1537 5001 et
1562 4957 1769 5015 septem

182 5016 361 5074 nostri
394 5016 855 5087 Ιη88.ἢδοκεῖτε.
1076 5085 1086 5087 _
1251 5085 1260 5087 _
1466 5086 1473 5087 γ

257 5088 370 5159 (90)
391 5083 630 5159 “Antiqui
680 5094 936 5159 quatuorA
965 5083 1088 5159 lib_ri
1139 5085 1425 5159 ἀξιώματι⁸
1454 5084 1766 5159 ὑποβέϐηκε

180 5154 280 5213 καὶ
311 5156 486 5223 τάξει,
524 5158 630 5211 alio
662 5155 869 5209 ordine.
900 5154 1051 5221 Quod
1095 5154 1362 5223 sequitur,
1396 5155 1472 5219 ὡς
1522 5154 1764 5223 λέγουσι,

180 5231 253 5282 de
291 5243 358 5282 eo
393 5242 608 5296 quoque
641 5227 781 5281 inter
806 5241 864 5279 se
906 5224 1243 5296 dissidebant
1275 5224 1450 5279 Grteci
1484 5226 1760 5296 etiLatiui,

1532 4341 1553 4372 ’
1582 4339 1719 4395 Gen.
1765 4356 1952 4405 XLVIII,
1983 4339 2072 4396 16.
2146 4341 2167 4373 ⁸
2194 4338 2352 4395 Deut.
2374 4355 2548 4408 xxx",
2579 4341 2635 4396 8.

903 4412 949 4444 "
980 4410 1172 4465 Matth.
1204 4426 1354 4477 xxw,
1388 4412 1479 4468 55.
1559 4411 1642 4465 ³³1
1671 4409 1747 4465 Co

1864 4427 1915 4479 v,
1940 4411 2032 4467 41.
2110 4410 2154 4442 ¹⁶
2173 4410 2331 4466 Joan.
2361 4426 2472 4478 xw,
2494 4409 2549 4466 2.
2627 4409 2672 4444 “
2695 4411 2883 4471 Matth.
2914 4429 3109 4479 xxvm,
3139 4410 3226 4467 19.

1849 526 2065 596 angelus
2093 526 2308 581 Domini
2326 528 2381 581 in
2401 527 2625 581 circuitu
2650 529 2942 583 timentium
2968 528 3129 599 273
3159 528 3331 598 ipsum
3352 531 3374 563 '
3400 549 3418 588 :

1850 626 1942 672 et:
1972 616 2199 686 Angelus
2231 618 2320 688 qui
2361 616 2601 671 liberauit
2641 634 2723 672 me
2766 636 2797 672 a
2833 620 3108 688 juventute
3149 621 3336 686 mea';
3368 633 3425 678 et

1848 723 2181 777 quaecunque
2207 709 2449 779 ejusdem
2476 711 2692 780 generis
2729 721 2876 766 sunt.
2914 711 3066 778 Quod
3093 721 3273 767 autem
3302 729 3424 767 rur-

1849 813 1942 852 sus
1973 799 2083 851 sint
2119 797 2294 864 angeli
2334 798 2553 867 quidam
2622 799 2712 867 qui
2744 798 2992 868 gentibus
3028 799 3260 868 integris
3286 813 3426 867 prte-

1848 890 2008 958 positi
2042 898 2190 950 sunt,
2213 891 2370 943 docet
2393 904 2491 942 nos
2519 904 2616 957 per
2646 890 2914 944 canticum
2944 889 3138 954 Moses,
3161 892 3286 944 dum
3312 891 3421 945 ait:

1854 980 2078 1045 Quando
2110 979 2371 1035 dividebat
2402 980 2709 1034 Altissimus
2750 991 2946 1050 gentes.
2984 982 3195 1051 quando
3223 983 3426 1051 disper-

1851 1073 1920 1125 sit
1966 1071 2104 1140 ﬁlios
2154 1072 2350 1139 Adam,
2384 1073 2652 1126 constituit
2698 1074 2950 1127 terminos
2998 1075 3235 1143 gentium
3270 1075 3426 1141 juxta

1852 1179 2126 1217 numerum
2164 1165 2469 1233 angelorum
2495 1163 2772 1217 suorum“.
2806 1163 2873 1216 Et
2909 1165 3125 1233 sapiens
3155 1165 3340 1220 Daniel
3372 1166 3425 1219 in

1852 1256 2061 1309 visione
2087 1255 2261 1324 angeli
2297 1255 2503 1310 audivit
2533 1256 2710 1325 ipsum
2741 1256 3010 1311 dicentem
3035 1275 3048 1309 :
3075 1255 3325 1324 Princeps
3353 1273 3426 1310 re-

1850 1347 1939 1416 gni
1991 1344 2275 1399 Persarum
2325 1348 2468 1399 stetit
2512 1363 2577 1401 ea:
2620 1348 2844 1402 adverso
2891 1349 3069 1404 milti‘:
3098 1361 3143 1402 et
3170 1366 3285 1403 ecce
3315 1349 3424 1403 Hi-

1851 1439 1999 1492 chael
2039 1455 2175 1493 unus
2223 1439 2286 1492 de
2334 1439 2657 1508 principibus
2712 1441 2896 1508 primis
2926 1442 3083 1505 venit,
3111 1441 3239 1494 mihi
3270 1442 3426 1495 auxi-

1852 1529 2185 1584 liaturus:et
2233 1531 2406 1598 ipsum
2457 1529 2649 1601 reliqui
2702 1529 2812 1584 illic
2850 1548 2972 1585 eum
3032 1532 3266 1602 principe
3310 1549 3428 1602 rege

1855 1619 2138 1674 Persarum
2158 1622 2202 1673 θ.
2234 1621 2300 1675 Et
2330 1621 2491 1689 paulo
2529 1632 2651 1691 post
2675 1621 2766 1676 ille
2792 1624 2905 1692 ipse
2933 1621 3009 1676 ait
3040 1641 3053 1676 :
3078 1622 3147 1676 Et
3191 1623 3429 1693 princeps

1854 1711 2160 1768 ercorum
2190 1714 2423 1768 veniebat
2444 1713 2509 1769 ¹⁰.
2536 1714 2643 1769 Sed
2677 1723 2735 1769 et
2781 1714 3060 1784 copiarum
3091 1715 3300 1770 Domini
3336 1715 3431 1770 itu-

1856 1816 2073 1873 perator
2105 1820 2169 1861 ac
2199 1807 2308 1860 dux
2336 1805 2557 1881 dicitur,
2589 1807 2654 1874 is,
2684 1805 2778 1877 qui
2804 1805 2930 1863 Jesu
2963 1807 3112 1863 Nave
3142 1807 3208 1861 ad
3237 1806 3433 1863 Iorda-

1856 1912 1977 1951 nem
2020 1897 2399 1952 manifestatus
2444 1898 2611 1954 est”.
2654 1898 2719 1952 Et
2770 1914 2959 1953 rursus
3002 1898 3242 1969 legiones
3279 1915 3428 1970 quae-

1856 1988 1979 2041 dam
2041 1989 2354 2057 angelorum
2398 1989 2696 2054 dicuntur,
2752 1989 2983 2045 Domino
3032 1990 3308 2058 discipulis
3348 1990 3431 2046 di—

1857 2092 2011 2135 ceule
2041 2098 2057 2138 :
2085 2082 2167 2136 An
2194 2083 2390 2149 putatis
2438 2082 2576 2148 quod
2626 2099 2730 2136 non
2758 2099 2966 2151 possum
2997 2099 3187 2153 rogare
3214 2082 3431 2139 Patrem

1856 2188 2049 2239 meum,
2077 2182 2125 2225 et
2149 2173 2407 2225 exhibebit
2442 2173 2571 2225 mihi
2601 2174 2683 2226 hic
2717 2173 2832 2241 plus
2862 2191 3021 2244 quam
3043 2175 3316 2228 duodecim
3347 2175 3426 2228 le—

1855 2264 2032 2332 giones
2077 2263 2383 2332 angelorum
2405 2263 2489 2316 “‘2
2522 2262 2629 2330 Qui
2677 2264 2842 2329 igitur
2881 2264 2984 2318 dux
3037 2277 3119 2319 est
3161 2265 3433 2320 exercitus

1856 2376 2041 2415 eorum
2068 2361 2379 2431 angelorum
2406 2360 2499 2430 qui
2525 2362 2579 2416 in
2607 2360 2914 2433 legionibus
2942 2372 3312 2424 recensentur,
3344 2363 3435 2416 ille

1856 2452 2100 2521 profecto
2149 2453 2404 2524 princeps
2432 2460 2535 2507 est.

1927 2713 1983 2767 2.
2029 2713 2301 2781 Quorsum
2336 2712 2501 2784 igitur
2542 2712 2658 2767 base
2707 2710 2919 2767 oratio?
2946 2711 3098 2778 Quod
3130 2724 3233 2764 non
3261 2709 3437 2764 conti-

1858 2822 1987 2871 nuo,
2018 2806 2063 2861 si
2095 2806 2223 2874 quid
2251 2805 2443 2859 ordine
2483 2818 2549 2860 ac
2588 2802 2853 2867 dignitate
2886 2803 3184 2858 secundum
3211 2810 3317 2865 est,
3343 2808 3437 2854 aut

1840 2899 2103 2963 tertium,
2137 2897 2187 2950 id
2214 2904 2269 2951 et
2307 2904 2558 2949 naturam
2590 2893 2816 2949 alteram
2862 2894 3048 2949 habet.
3074 2893 3438 2961 Quemadmo-

1860 2992 1986 3044 dum
2030 2988 2174 3042 enim
2234 2988 2375 3041 inter
2420 2986 2640 3057 angelos
2697 2985 2947 3057 princeps
2998 2986 3136 3040 alius
3168 2994 3271 3051 est,
3299 2985 3436 3040 alius

1864 3081 2131 3145 subditus,
2165 3090 2220 3136 et
2253 3090 2435 3134 tamen
2457 3089 2654 3134 natura
2679 3077 2856 3151 angeli
2881 3087 3008 3135 sunt
3029 3094 3220 3134 omnes
3240 3067 3346 3136 {et
3378 3080 3433 3135 in

1864 3174 2123 3244 dignitate
2147 3173 2364 3242 quidem
2395 3172 2684 3228 diversitas
2704 3180 2808 3235 est,
2837 3171 2891 3226 in
2915 3181 3105 3227 natura
3129 3185 3260 3228 vero
3284 3187 3435 3228 com-

1864 3265 2101 3318 munitas
2132 3262 2418 3333 (siquidem
2449 3261 2618 3318 Stella
2640 3280 2672 3316 a
2695 3262 2849 3318 stella
2883 3262 3063 3333 di/fert
3097 3265 3152 3318 in
3181 3262 3348 3333 gloria
3366 3262 3436 3330 ",

1862 3363 2053 3407 natura
2084 3367 2212 3409 vero
2238 3352 2516 3407 stellarum
2544 3354 2787 3407 omnium
2818 3369 2923 3408 una
2958 3364 3075 3420 est;
3115 3364 3277 3425 atque
3303 3353 3440 3410 mul-

1865 3456 1933 3502 ta:
1984 3447 2293 3503 mansiones
2325 3456 2452 3501 sunt
2479 3448 2620 3515 apud
2663 3445 2883 3503 Patrem
2904 3448 2969 3514 “‘,
3005 3450 3110 3504 hoc
3130 3458 3235 3514 est,
3264 3449 3438 3521 digni-

1866 3550 2033 3594 tatum
2056 3540 2421 3605 diversitates,
2446 3538 2872 3607 gloriﬁcatorum
2904 3555 3035 3595 vero
3059 3552 3249 3595 natura
3272 3539 3437 3613 una):

1866 3632 1944 3687 sic
1972 3630 2214 3701 profecto
2268 3638 2324 3685 et
2372 3631 2609 3700 Spiritus
2638 3641 2881 3696 sanctus,
2917 3635 3020 3687 etsi
3053 3632 3320 3703 dignitate
3350 3633 3436 3688 in-

1865 3723 2032 3779 ferior
2063 3733 2148 3780 est
2181 3733 2344 3793 atque
2378 3724 2593 3789 ordine,
2634 3735 2693 3778 ut
2730 3725 2883 3780 aiunt
2916 3726 3244 3794 (accepimus
3293 3726 3440 3781 enim

1865 3818 2065 3887 ipsum,
2098 3817 2293 3883 inquit,
2321 3816 2538 3870 tertium
2567 3831 2597 3870 a
2633 3817 2792 3871 Patre
2821 3826 2876 3872 et
2898 3816 3033 3872 Filio
3058 3826 3436 3882 numeratum;

1866 3926 1985 3965 cum
2023 3909 2281 3963 Dominus
2305 3909 2417 3978 ipse
2452 3908 2503 3962 in
2536 3909 2824 3963 traditione
2852 3909 3108 3964 salutaris
3135 3910 3439 3976 baptisma-

1871 4002 1940 4054 tis
1976 4001 2261 4055 tradiderit
2287 4000 2560 4063 ordinem,
2585 3998 2669 4054 bis
2699 3999 2877 4055 verbis
2904 4016 2917 4052 :
2950 3997 3148 4053 Eunus
3176 3999 3442 4068 baptizare

1866 4095 1921 4147 in
1956 4092 2167 4147 nomine
2195 4092 2396 4157 Patris,
2429 4103 2477 4146 et
2519 4090 2674 4159 Filii,
2704 4102 2757 4147 et
2786 4090 3015 4162 Spiritus
3062 4091 3349 4161 sancti");
3383 4099 3441 4144 at

1867 4186 1923 4240 in
1952 4185 2241 4254 quamdam
2272 4192 2523 4239 naturam
2570 4185 2787 4240 tertiam
2814 4200 2845 4240 a
2875 4184 3016 4241 Filio
3045 4194 3098 4241 et
3124 4184 3291 4239 Patre
3322 4183 3440 4254 eje-

2734 4342 2756 4374 ’
2787 4342 2922 4397 Dan.
2956 4358 3012 4407 Χ,
3046 4343 3134 4397 l5.
3235 4341 3280 4374 ¹⁰
3312 4340 3438 4397 ibid.

1780 4605 1839 4667 ,Β
1870 4597 2099 4655 aberant
2149 4604 2283 4655 Vero
2332 4614 2361 4653 a
2404 4598 2547 4655 libro
2596 4596 2933 4662 Latinorum,
2988 4593 3442 4667 quemadmodum

1873 4684 2019 4724 nunc
2040 4670 2238 4724 absunt
2259 4686 2289 4725 a
2323 4669 2459 4739 Reg.
2494 4668 2752 4724 secundo.
2784 4663 3215 4739 Ezedetu'voces,
3250 4664 3328 4728 ὡς
3351 4663 3445 4717 λέ-

1872 4753 2055 4815 γουσι,
2072 4748 2137 4815 _ut
2162 4740 2334 4803 aiunt,
2359 4735 2955 4815 in'veniuntur_quidem
2989 4737 3040 4815 in
3076 4735 3211 4815 Rneg.
3246 4744 3437 4815 sexto:

1875 4805 1972 4863 Sed
2005 4810 2178 4865 solum
2214 4811 2449 4864 secunda
2486 4824 2666 4863 manu.
2694 4805 2896 4863 vocula
2919 4805 2997 4871 ὡς
3018 4806 3072 4862 in
3103 4806 3238 4875 Reg.
3272 4805 3446 4875 primo

1874 4877 2025 4933 deest
2049 4896 2063 4933 :
2087 4881 2180 4934 sed
2206 4881 2428 4934 verbum
2454 4877 2675 4947 λέγουσι
2703 4893 2769 4933 eo
2796 4879 2849 4932 in
2875 4870 3067 4931 codice
3102 4870 3318 4943 legitur.
3348 4870 3446 4947 Sn-

1872 4949 2068 5016 Spicari
2124 4948 2355 5004 fortasse
2402 4944 2572 5016 possit
2602 4949 2871 5018 quispiam
2927 4947 3310 5018 Combelisium
3361 4944 3443 4998 le-

1871 5012 2103 5073 ctionem
2138 5019 2259 5073 libri
2314 5012 2635 5074 Graecorum
2664 5012 2906 5072 secutum
2954 5031 3098 5073 esse.
3145 5012 3442 5084 Postquam

1868 5088 2011 5140 enim
2051 5088 2160 5153 illa,
2190 5088 2619 5163 Παρειλήφαμεν
2646 5087 2778 5159 γάρ,
2824 5098 2958 5163 etc_.,
2989 5087 3091 5163 sic_
3111 5087 3444 5163 interpreta-

1870 5165 1957 5210 tus
2001 5170 2102 5221 est,
2148 5156 2613 5225 accepimus’enim
2649 5156 2767 5212 eum
2802 5160 3037 5223 tertium,
3077 5157 3194 5211 hare
3227 5156 3295 5210 ad
3325 5156 3445 5225 ejus

1867 5224 1973 5281 loci
2009 5243 2226 5283 sensum
2268 5223 2653 5283 declarandum
2684 5228 2962 5296 subjungit
2996 5225 3168 5280 :Dato
3200 5227 3297 5296 hoc
3332 5223 3443 5278 Βα-

182 5308 244 5352 ut
285 5294 471 5352 videre
509 5294 593 5351 est
624 5298 675 5350 in
713 5296 943 5350 concilio
976 5294 1309 5365 Florentino,
1347 5309 1468 5365 pag.
1497 5295 1623 5348 3M.
1654 5294 1758 5348 Le-
1861 5297 2015 5365 silius
2046 5296 2328 5363 Eunomio,
2361 5310 2510 5365 negat
2556 5294 2794 5363 illatum,
2822 5294 2925 5350 non
2956 5313 3065 5350 esse
3095 5295 3341 5365 ejusdem
3375 5307 3441 5346 ac

181 5382 282 5433 gas
318 5369 475 5422 velim
534 5368 804 5422 sessiones
860 5365 944 5426 i9,
976 5364 1069 5428 20,
1100 5363 1190 5427 21,
1215 5363 1444 5435 22,25,
1491 5375 1583 5417 aut
1615 5376 1761 5418 certe
1863 5363 2031 5421 Pater
2055 5379 2281 5422 naturw.
2322 5363 2441 5421 Non
2492 5367 2636 5421 enim
2686 5369 2728 5421 si
2775 5369 2902 5435 quid
2944 5363 3156 5431 damus,
3193 5364 3443 5435 sequitur
3468 5380 3502 5411 ι

182 5439 411 5505 paginas
438 5436 544 5491 540
572 5444 621 5490 et
668 5436 795 5502 541,
823 5451 886 5491 ex
917 5436 1115 5505 quibus
1141 5435 1269 5503 quid
1290 5433 1585 5505 _diﬂerreiit
1615 5436 1756 5505 utri-
1862 5446 1920 5489 ut
1945 5437 1997 5491 id
2029 5439 2195 5491 etiam
2229 5439 2612 5498 concedamus,
2642 5446 2735 5491 aut
2773 5433 3156 5491 contiteamur.
3203 5433 3442 5488 Basilius

181 5503 292 5576 Qua
321 5507 442 5560 libri
483 5506 794 5563 Graecorum
820 5516 876 5560 et
925 5504 1239 5577 Latinorum
1272 5503 1406 5557 disci
1432 5513 1630 5577 potest.
1665 5504 1757 5558 Ha:
1857 5519 1988 5577 ergo
2010 5509 2117 5562 boc
2148 5509 2277 5561 dare
2305 5507 2569 5576 potuisset
2618 5505 2994 5569 Eunomianis,
3047 5505 3296 5577 tertium“
3318 5517 3441 5577 esse

186 5573 370 5639 voces,
396 5577 474 5641 ὡς
517 5578 758 5647 λέγουσι,
789 5586 846 5628 ut
879 5576 944 5647 ad
973 5574 1304 5647 propositum
1350 5588 1438 5647 me
1496 5574 1750 5647 referam,
1857 5573 2145 5647 §piritum,
2178 5588 2233 5630 et
2259 5573 2438 5631 tamen
2468 5577 2518 5630 id
2544 5592 2649 5630 non
2673 5579 2993 5647 concedere,
3028 5590 3128 5630 nec
3162 5573 3437 5647 c_onli_ter_i.

185 5640 603 5718 reperiebantur
627 5648 679 5701 in
715 5640 856 5718 libro
884 5640 1237 5718 Graecorum;
1271 5640 1536 5718 hodieque
1560 5643 1751 5718 le_gn_n-
1857 5640 1987 5718 Utut
2012 5640 2154 5718 haec
2185 5657 2331 5718 sunt,
2399 5660 2545 5718 non“
2566 5647 2724 5701 aliter
2751 5645 2926 5704 Grazci
2965 5640 3131 5718 quam
3165 5642 3437 5701 Combeﬂ-

185 5725 278 5768 tur
304 5717 358 5769 in
399 5716 583 5786 Regiis
608 5717 789 5778 tertio,
822 5725 1020 5786 quarto
1064 5722 1120 5786 et
1147 5715 1336 5781 quinto
1385 5724 1441 5786 e_t
1485 5713 1746 5786 in_Colb.
1854 5717 1967 5774 eius
2009 5716 2153 5773 hunc
2190 5717 2368 5773 locum
2395 5715 2734 5775 intellexere,

186 5787 413 5857 perinde
442 5779 603 5857 at'que
630 5788 683 5842 in
721 5779 1046 5842 editiouibus
1076 5779 1280 5837 Veneta
1312 5790 1365 5837 et
1398 5780 1697 5838 Parisiensi
1728 5799 1745 5836 :
