3822 6216
360 346 467 400 659

1677 339 1733 394 S.
1776 331 2016 390 BASILII
2060 333 2196 390 MAG
2209 335 2273 387 Nl

3501 326 3614 383 669

360 479 506 518 ctum
538 478 660 519 eum
692 462 855 515 fuisse
879 474 1143 527 nusquam
1176 459 1482 513 didicimus.
1514 458 1648 512 Nam
1690 472 1812 511 cum
1846 470 1930 507 res

2060 470 2121 503 τιν
2154 454 2273 505 τινὰ
2309 454 2496 524 τρίτην
2518 453 2624 504 ἀπὸ
2660 450 2787 503 Υἱοῦ
2820 451 2912 501 καὶ
2946 448 3158 519 Πατρδς
3191 447 3611 515 ἐκϐαλλόμενον,

362 556 482 608 duae
509 554 779 616 dicantur,
810 552 985 607 deitas
1010 560 1064 605 et
1090 558 1361 615 creatura,
1402 549 1700 603 dominium
1734 556 1785 602 et
1811 562 1925 601 ser-

362 648 528 706 vitus,
577 641 815 710 potentia
870 639 1239 703 sanctificans,
1289 648 1343 693 et
1379 654 1497 708 quae
1536 638 1927 699 sanctificatur,

363 734 603 802 potentia
636 732 920 802 possidens
967 740 1156 799 suapte
1187 739 1379 784 natura
1422 731 1697 790 virtutem.
1726 739 1779 781 et
1807 744 1925 796 qua:

362 840 481 879 eam
528 840 595 879 ex
630 824 854 876 arbitrio
879 832 1197 891 comparat;
1228 837 1333 891 qua
1371 820 1423 874 in
1463 830 1619 891 parte
1670 820 1930 887 Spiritum

362 914 696 970 locabimus?
740 911 885 967 inter
940 928 1033 967 eos
1084 914 1174 982 qui
1228 912 1672 968 sanctilicantur?
1707 920 1762 965 at
1820 911 1933 979 ipse

360 1015 445 1059 cst
500 1004 879 1059 sanctificatio.
937 1005 1019 1058 An
1076 1006 1217 1058 inter
1273 1018 1368 1059 cos
1432 1004 1523 1072 qui
1564 1002 1839 1074 praeclaris
1871 1018 1934 1056 ac

363 1098 595 1167 egregiis
627 1096 962 1151 facinoribus
1011 1096 1265 1150 virtutem
1316 1096 1495 1165 adepti
1538 1095 1701 1150 sunt?
1741 1103 1794 1149 at
1842 1094 1937 1148 bo-

363 1204 464 1242 nus
509 1199 700 1242 natura
748 1198 852 1243 est.
891 1188 972 1241 An
1030 1189 1174 1241 inter
1199 1202 1295 1242 eos
1344 1188 1436 1257 qui
1496 1186 1852 1242 ministrant?
1886 1195 1938 1239 at

365 1280 454 1334 alii
493 1290 621 1335 sunt
651 1280 874 1348 spiritus
905 1279 1307 1345 ministratorii,
1344 1279 1434 1347 qui
1478 1279 1544 1333 ad
1578 1278 1935 1332 ministerium

365 1371 652 1424 mittuntur
676 1371 737 1423 ¹⁶.
779 1369 895 1423 Non
946 1383 1075 1438 ergo
1114 1370 1468 1437 principalem
1520 1378 1710 1423 natura
1761 1368 1937 1437 Spiri-

368 1470 503 1525 tum,
536 1460 614 1512 fas
654 1468 739 1513 est
782 1460 939 1513 nobis
989 1474 1312 1513 conservum
1369 1461 1575 1523 dicere,
1624 1475 1800 1529 neque
1833 1475 1938 1513 una

366 1567 488 1606 cum
549 1551 812 1606 creaturis
868 1566 1154 1606 numerare
1208 1566 1356 1615 eum,
1395 1552 1485 1621 qui
1545 1552 1597 1606 in
1673 1553 1852 1605 divina
1890 1561 1942 1603 et

366 1643 522 1697 beata
540 1642 803 1697 Trinitate
832 1643 1035 1712 pariter
1060 1642 1224 1715 274
1242 1653 1573 1699 numeratur.
1603 1643 1943 1711 Principatus

367 1734 511 1787 enim
538 1744 593 1788 et
628 1743 948 1803 potestates,
986 1748 1049 1787 ac
1087 1734 1308 1802 reliqua:
1342 1732 1605 1803 ejusmodi
1653 1739 1937 1794 creaturae,

2030 544 2267 614 οὐδαμοῦ
2302 544 2717 614 μεμαθήκαμεν.
2744 542 2846 593 Δύο
2876 540 2983 611 γὰρ
3010 539 3316 609 λεγομένων
3351 539 3614 607 πραγμά-

2029 654 2158 697 των,
2198 636 2449 705 θεότητος
2489 653 2549 687 τε
2596 631 2689 687 καὶ
2732 633 2842 703 (91)
2878 633 3125 695 κτίσεως,
3176 632 3267 684 καὶ
3296 631 3615 692 δεσποτείας

2033 730 2129 782 καὶ
2156 731 2419 792 δουλείας,
2444 729 2535 781 καὶ
2560 727 2882 795 ἀγιαστικῆς
2906 725 3205 795 δυνάμεως,
3228 725 3320 777 καὶ
3341 725 3442 793 τῆς
3459 726 3617 790 ἁγια-

2034 822 2288 895 ζομένης,
2320 823 2419 893 τῆς
2460 839 2518 873 τε
2548 823 2609 873 ὲκ
2644 820 2858 889 φύσεως
2884 818 3113 888 ἐχούσης
3145 817 3241 887 τὴν
3276 817 3477 886 ἀρετὴν
3521 816 3620 868 καὶ

2034 916 2132 986 τῆς
2167 917 2228 967 ὲκ
2255 914 2627 985 προαιρέσεως
2654 911 3046 982 κατορθούσης,
3098 912 3156 963 ἐν
3181 909 3307 980 ποίᾳ
3346 909 3522 979 μερίδι
3556 907 3620 959 τὺ

2037 1007 2259 1077 Πνεῦμα
2286 1006 2555 1077 τάξομεν;
2599 1009 2683 1059 Ἐν
2722 1008 2835 1067 τοῖς
2888 1002 3301 1072 ἀγιαζομένοις;
3336 999 3451 1052 ἀλλ’
3487 998 3619 1050 αὑτό

2037 1104 2183 1153 ἐστιν
2224 1100 2510 1169 ἀγιασμός.
2581 1099 2717 1151 Ἀλλ’
2766 1099 2823 1149 έν
2860 1098 2966 1157 τοῖς
3016 1093 3073 1160 ἐξ
3114 1090 3620 1163 ἀνδραγαθημάτων

2036 1194 2133 1263 τὴν
2187 1191 2387 1263 ἀρετὴν
2431 1190 2771 1261 κτωμένοις;
2813 1187 2945 1241 ἀλλὰ
2993 1186 3149 1253 φύσει
3212 1184 3360 1235 ἐστὶν
3394 1180 3623 1249 ἀγαθόν.

2051 1284 2188 1337 Ἀλλ’
2215 1287 2271 1336 ὲν
2300 1286 2412 1347 τοῖς
2433 1284 2854 1353 λειτουργικοῖς;
2883 1279 2997 1332 ἀλλ’
3018 1276 3182 1346 ἕτερά
3211 1277 3317 1326 εἰσι
3371 1274 3618 1343 λειτουρ-

2039 1374 2168 1441 γικά
2209 1375 2494 1443 πνεύματα
2539 1373 2674 1442 πρὸς
2710 1369 2982 1423 διακονίαν
3036 1363 3499 1434 ἀποστελλόμενα.
3545 1363 3623 1414 Οὐ

2039 1467 2216 1520 τοίνυν
2250 1464 2533 1535 ὁμόδουλον
2580 1465 2713 1533 ἡμῖν
2744 1461 2921 1528 λέγειν
2960 1458 3091 1512 αὐτὸ
3125 1456 3367 1525 θεμιτὸν,
3398 1455 3463 1506 τὺ
3490 1455 3624 1523 ἡγε-

2044 1558 2260 1630 μονικὸν
2290 1560 2356 1627 τῇ
2389 1556 2567 1625 φύσει,
2598 1554 2722 1607 οὔτε
2750 1557 2815 1624 τῇ
2844 1552 3017 1605 κτίσει
3052 1550 3427 1621 συναριθμείν,
3462 1547 3526 1599 τὸ
3553 1548 3623 1614 τῇ

2042 1651 2160 1721 θείᾳ
2185 1651 2278 1703 καὶ
2305 1650 2552 1720 μακαρίᾳ
2582 1647 2773 1717 Τριάδι
2803 1643 3294 1715 συναριθμούμενον
3325 1640 3461 1707 (92).
3504 1641 3629 1708 ’Δρι

2042 1742 2133 1811 χαὶ
2166 1741 2261 1808 μὲν
2290 1739 2417 1810 γὰρ,
2446 1738 2539 1791 καὶ
2577 1737 2836 1804 ἐξουσίαι,
2872 1734 2967 1788 καὶ
3000 1735 3149 1785 πᾶσα
3182 1735 3214 1802 ἡ
3249 1730 3475 1799 τοιαύτη
3511 1728 3628 1781 κτί-

368 1840 487 1892 qua:
537 1839 603 1878 ex
662 1825 964 1878 attentione
999 1838 1063 1878 ac
1116 1825 1298 1879 studio
1328 1823 1813 1878 sanctiﬁcationem
1846 1824 1939 1877 ha-

2060 1808 2148 1894 rtg,
2180 1834 2243 1884 ἐκ
2276 1808 2546 1903 προσοχῆς
2578 1830 2671 1882 καὶ
2702 1826 3013 1898 ἐπιμελείας
3039 1824 3128 1877 τὸν
3160 1822 3436 1891 ἀγιασμὺν
3476 1820 3629 1889 ἐχου-

272 1966 277 1972 .
372 1918 517 1980 hent,
544 1916 645 1969 dici
681 1926 871 1969 natura
903 1925 1105 1970 sancta:
1128 1914 1249 1984 jure
1280 1930 1384 1969 non
1418 1925 1663 1985 possunt.
1699 1916 1771 1968 Ita
1801 1916 1941 1970 enim

370 2006 568 2059 bonum
604 2014 883 2074 appetunt,
927 2015 985 2059 ut
1037 2021 1135 2075 pro
1179 2006 1390 2061 ratione
1434 2008 1636 2061 amoris
1683 2008 1735 2061 in
1772 2006 1940 2061 Deum

369 2098 476 2161 sui,
506 2097 815 2152 sanctitatis
860 2110 1173 2153 mensuram
1210 2098 1504 2169 accipiant.
1537 2098 1601 2153 Et
1636 2099 1791 2153 sicuti
1839 2099 1947 2152 fer-

371 2202 490 2241 rum
542 2187 594 2241 in
654 2188 830 2241 medio
870 2188 992 2256 igne
1034 2192 1292 2258 positum,
1336 2190 1540 2243 ferrum
1578 2190 1795 2259 quidem
1828 2206 1945 2245 esse

371 2293 478 2331 non
534 2277 755 2343 desinit,
808 2279 903 2334 sed
968 2279 1037 2334 ob
1092 2280 1626 2334 vehementissimam
1662 2296 1784 2335 cum
1821 2282 1943 2350 igne

370 2369 809 2438 coniunctionem
864 2370 1094 2440 ignitum
1142 2371 1365 2435 factum,
1422 2385 1749 2438 omnemque
1804 2371 1943 2441 ignis

376 2470 621 2512 naturam
677 2458 730 2512 in
785 2473 844 2513 se
881 2460 1056 2528 ipsum
1094 2460 1383 2529 recipiens,
1420 2469 1530 2513 tum
1594 2460 1797 2524 colore,
1835 2472 1945 2513 tum

372 2548 609 2602 efﬁcacia
640 2548 691 2601 in
713 2548 908 2617 ,ignem
942 2550 1133 2605 transit
1159 2566 1173 2604 :
1199 2552 1277 2606 sic
1302 2560 1357 2605 et
1395 2562 1598 2605 sancta:
1644 2559 1947 2621 potestates

374 2655 441 2693 ex
473 2640 963 2695 communicatione
992 2656 1152 2711 quam
1179 2643 1377 2697 habent
1409 2658 1531 2697 cum
1563 2657 1628 2696 eo
1662 2643 1752 2711 qui
1791 2652 1947 2697 natu-

379 2747 436 2785 ra
475 2740 696 2786 sanctus
724 2743 825 2799 est,
856 2732 1121 2803 ejusmodi
1152 2733 1571 2787 sanctimoniam
1605 2733 1801 2787 habent
1832 2748 1950 2802 qua:

370 2824 481 2891 jam
534 2824 833 2892 pervaserit
891 2840 988 2894 per
1040 2834 1206 2880 totam
1256 2840 1443 2879 carum
1483 2825 1860 2892 substantiam,
1896 2826 1947 2878 in

378 2929 555 2982 eaque
589 2914 877 2969 coaluerit.
910 2914 1042 2983 lpszn
1078 2922 1255 2968 autem
1296 2914 1347 2967 in
1371 2928 1435 2968 eo
1466 2928 1495 2967 a
1530 2923 1717 2968 sancto
1747 2913 1948 2983 Spiritu

380 3004 657 3071 differunt,
718 3005 862 3074 quod
921 3006 1079 3076 hujus
1138 3016 1329 3059 natura
1384 3006 1646 3061 sanctitas
1683 3014 1768 3060 est
1800 3024 1814 3058 :
1846 3006 1951 3060 illis

380 3111 510 3153 vero
543 3113 607 3153 ex
644 3098 1055 3169 participatione
1116 3099 1258 3152 inest
1317 3098 1701 3154 sanctimonia.
1740 3098 1949 3164 Quibus

381 3196 562 3241 autem
596 3188 738 3242 inest
760 3188 959 3242 bonum
994 3187 1412 3241 instauratitium
1444 3195 1499 3240 et
1529 3186 1744 3240 aliunde
1779 3186 1946 3240 colla-

384 3289 517 3341 tum,
550 3293 612 3333 ea
646 3288 769 3333 sunt
795 3278 1070 3333 mutabilis
1106 3290 1327 3332 naturae.
1378 3278 1494 3333 Non
1538 3280 1681 3334 enim
1721 3279 1953 3335 excidis-

383 3379 467 3423 set
487 3369 722 3434 Lucifer,
752 3370 843 3438 qui
877 3384 1034 3424 mane
1088 3371 1261 3425 oritur
1284 3372 1346 3438 ³⁷,
1383 3386 1481 3425 nec
1530 3380 1671 3426 esset
1718 3372 1769 3425 in
1812 3380 1952 3426 terra

386 3461 672 3525 contritus,
715 3461 761 3515 si
804 3460 1088 3514 deterioris
1145 3461 1471 3515 conditionis
1501 3461 1820 3529 recipienda:
1848 3478 1952 3515 non

389 3551 580 3605 fuisset
610 3566 779 3620 capax
819 3561 1032 3607 natura.
1080 3552 1361 3619 Quomodo
1398 3553 1564 3622 igitur
1596 3554 1740 3621 pium
1767 3564 1849 3608 est
1876 3555 1955 3607 in-

388 3650 467 3694 ter
513 3648 790 3695 creaturas
839 3640 1099 3711 Spiritum
1159 3643 1447 3706 collocare,
1509 3645 1598 3712 qui
1665 3646 1951 3701 intervallo

390 3741 537 3785 tanto
569 3747 598 3785 a
628 3732 899 3787 creaturis
934 3745 1218 3802 separatus
1253 3735 1372 3789 est?
1409 3736 1667 3790 Creatura
1699 3739 1845 3792 enim
1881 3740 1953 3792 ita

385 3833 696 3893 comparata
728 3834 829 3889 est,
873 3835 930 3879 ut
962 3826 1006 3880 si
1048 3840 1395 3895 progressum
1456 3825 1690 3894 aliquem
1746 3828 1956 3897 fecerit,

387 3916 757 3985 placueritque
811 3917 939 3982 Deo,
994 3932 1090 3987 pro
1157 3920 1408 3972 mercede
1472 3919 1957 3975 sanctificationem

390 4007 644 4075 accipiat,
680 4008 1115 4077 quandoquidem
1169 4009 1335 4064 libero
1377 4008 1546 4063 utitur
1578 4009 1825 4074 arbitrio,
1862 4026 1959 4081 po-

395 4106 602 4163 testque
634 4096 688 4149 in
720 4106 1003 4167 utramque
1045 4107 1253 4165 partem
1302 4098 1573 4165 inclinari,
1614 4099 1682 4152 ad
1720 4098 1851 4153 boni
1899 4116 1963 4154 ac

393 4187 519 4241 mali
563 4188 916 4257 electionem;
956 4190 1191 4260 Spiritus
1224 4200 1403 4245 autem
1456 4201 1677 4246 sanctus
1722 4190 1843 4247 fons
1881 4204 1963 4247 est

389 4280 851 4336 sanctiﬁcationis.
908 4282 974 4336 Et
1002 4283 1451 4351 quemadmodum
1502 4292 1692 4336 natura
1740 4294 1963 4339 sanctus

342 4367 349 4375 ’
388 4383 473 4425 est
504 4370 687 4439 Pater,
711 4383 903 4427 natura
940 4374 1123 4429 itidem
1148 4383 1367 4429 sanctus
1395 4384 1477 4429 est
1502 4374 1669 4430 Filius
1696 4390 1711 4429 :
1734 4376 1805 4430 ita
1832 4391 1963 4445 quo-

2047 1942 2155 1986 σαι,
2184 1926 2282 1977 ούκ
2308 1923 2372 1976 ἂν
2406 1921 2627 1983 εἰκότως
2654 1920 2811 1988 φύσει
2843 1917 2993 1985 ἆγιαι
3018 1911 3152 1968 εἶναι
3179 1913 3443 1981 λέγοιντο.
3500 1911 3629 1962 Ἐπ-

2044 2016 2364 2087 ορεγὸμεναι
2404 2014 2511 2083 γάρ
2544 2010 2637 2063 τοῦ
2670 2008 2858 2072 καλοῦ,
2899 2006 3039 2062 κατά
3076 2006 3173 2077 τὴν
3210 2002 3503 2070 ἀναλογίαν
3530 2001 3634 2070 τῆς

2047 2112 2183 2180 πρὸς
2213 2109 2304 2161 τὸν
2331 2108 2460 2160 Θεὸν
2496 2106 2735 2174 ἀγάπης,
2772 2102 2865 2156 καὶ
2900 2100 2993 2153 τοῦ
3021 2099 3219 2170 μέτρου
3250 2096 3348 2165 τῆς
3386 2091 3628 2161 ἁγιωσύ-

2046 2216 2142 2267 νης
2178 2194 2673 2267 μεταλαμϐάνουσι.
2706 2190 2815 2244 Καὶ
2846 2190 3034 2259 ὥσπερ
3059 2189 3085 2239 6
3122 2186 3362 2256 σίδηρος,
3395 2186 3454 2235 ἐν
3481 2182 3634 2252 μέσῳ

2045 2290 2123 2360 τῷ
2159 2288 2291 2359 πυρὶ
2328 2288 2598 2357 κείμενος,
2632 2284 2691 2336 τὸ
2742 2284 2839 2353 μὲν
2872 2280 3083 2351 σίδηρος
3115 2274 3254 2331 εἶναι
3290 2279 3394 2329 οὐκ
3426 2274 3629 2329 ἀποϐέ-

2049 2381 2237 2451 ϐληκε,
2267 2381 2333 2449 τῇ
2372 2378 2427 2430 δὲ
2461 2376 2795 2446 σφοδροτάτῃ
2823 2372 2959 2442 πρὸς
2983 2371 3042 2423 τὸ
3071 2369 3179 2441 πῦρ
3205 2368 3395 2439 ὁμιλίᾳ
3421 2369 3630 2438 ἐκπυρ-

2050 2470 2333 2532 ακτωθεὶς,
2367 2468 2459 2521 καὶ
2488 2469 2668 2519 πᾶσαν
2704 2466 2783 2527 εἰς
2816 2464 3004 2516 ἑαυτὸν
3030 2462 3125 2532 τὴν
3182 2459 3278 2512 τοῦ
3323 2458 3497 2531 πυρὸς
3531 2459 3631 2527 φύ-

2052 2579 2134 2614 σιν
2166 2558 2582 2628 ὐποδεξάμενος,
2619 2556 2712 2608 καὶ
2749 2553 3000 2624 χρώματι
3027 2551 3121 2604 καὶ
3150 2549 3373 2621 ὲνεργίᾳ
3401 2549 3542 2619 πρὸς
3572 2548 3634 2600 τὸ

2051 2651 2161 2722 πῦρ
2191 2648 2563 2722 μεταϐέϐηκεν
2581 2661 2594 2674 ·
2626 2644 2768 2698 οὕτω
2793 2644 2888 2697 καὶ
2914 2644 2968 2695 αἱ
2993 2643 3143 2710 ἆγιαι
3164 2641 3424 2711 δυνάμεις
3447 2642 3513 2691 ἐκ
3535 2640 3635 2709 τῆς

2051 2744 2188 2815 πρὸς
2219 2742 2280 2795 τὸ
2310 2740 2468 2809 φύσει
2508 2739 2661 2807 ἅγιον
2697 2735 2983 2796 κοινωνίας
3025 2734 3090 2785 δι’
3118 2732 3247 2802 ὅλης
3285 2732 3388 2801 τῆς
3422 2729 3635 2782 ἑαυτῶν

2052 2834 2404 2896 ὑποστάσεως
2446 2828 2798 2901 κεχωρηκότα
2828 2827 2929 2896 ἤδη
2979 2825 3072 2878 καὶ
3110 2822 3637 2893 συμπεφυσιωμένον

2050 2929 2141 2981 τὸν
2201 2924 2469 2996 ἀγιασμὸν
2524 2923 2724 2992 ἔχουσι.
2781 2916 3024 2986 Διαφορά
3074 2915 3131 2968 δὲ
3180 2916 3372 2977 αὑταῖς
3398 2912 3533 2983 πρὸς
3573 2911 3637 2963 τὸ

2051 3020 2278 3089 Πνεῦμα
2325 3018 2386 3070 τὸ
2420 3017 2573 3084 ἅγιον
2606 3012 2765 3082 αὕτη,
2798 3012 2879 3063 ὅτι
2915 3008 2992 3080 τῷ
3024 3008 3121 3079 μὲν
3148 3006 3311 3075 φύσις
3338 3007 3372 3074 ἡ
3398 3003 3637 3072 ἁγιωσύ-

2054 3129 2139 3181 νη,
2180 3112 2298 3171 ταῖς
2350 3107 2407 3161 δὲ
2451 3109 2515 3159 ὲκ
2556 3102 2844 3175 μετουσίας
2887 3100 3120 3169 ὑπάρχει
3161 3098 3222 3148 τὸ
3270 3093 3631 3163 άγιάζεσθαι.

2054 3198 2148 3265 Οἷς
2173 3202 2228 3254 δὲ
2259 3196 2652 3253 ὲπισκευαστὸν
2688 3195 2780 3247 καὶ
2824 3190 3084 3259 ἑτέρωθεν
3115 3186 3487 3255 ἐπιδεδομένον
3527 3186 3640 3237 ὑπο

2055 3294 2210 3365 ἀρχει
2267 3290 2327 3343 τὸ
2390 3288 2611 3357 ἀγαθὸν,
2670 3284 2769 3353 τῆς
2829 3280 3183 3352 μεταπτωτῆς
3240 3279 3351 3329 εἱσι
3400 3275 3634 3343 φύσεως.

2056 3386 2128 3437 Ού
2162 3383 2270 3453 γὰρ
2293 3381 2357 3434 ἂν
2386 3379 2641 3444 ἐξέπεσεν
2682 3378 2711 3428 6
2754 3373 3062 3442 Ἐωσφόρος
3100 3375 3129 3424 6
3163 3368 3310 3440 πρωῒ
3354 3368 3469 3440 (95)
3505 3370 3634 3420 ἀνα-

2055 3477 2275 3542 τέλλων,
2304 3473 2427 3526 οὗτε
2460 3468 2746 3539 συνετρίϐη
2778 3466 2867 3519 ἐπὶ
2898 3467 2995 3536 τῆς
3032 3464 3154 3534 γῆς,
3192 3464 3240 3514 εί
3275 3461 3433 3530 φύσει
3462 3459 3643 3529 ὑπῆρ-

2058 3587 2119 3640 χε
2172 3568 2265 3620 τοῦ
2314 3566 2552 3637 χείρονος
2602 3559 2972 3619 ἀνεπίδεκτος.
3018 3556 3141 3618 Πῶς
3180 3551 3273 3607 οὖν
3314 3551 3537 3614 εὐσεϐὲς
3571 3554 3639 3619 τῇ

2059 3660 2231 3714 κτίσει
2256 3658 2385 3711 αὐτὸ
2411 3654 2741 3715 συντάττειν,
2788 3648 3026 3716 τοσούτῳ
3062 3646 3242 3715 μέτρῳ
3284 3642 3643 3713 διωρισμένον

2059 3752 2155 3819 τῆς
2183 3749 2412 3809 κτίσεως
2436 3762 2450 3810 ;
2496 3744 2559 3796 'H
2585 3742 2682 3812 μὲν
2708 3739 2815 3808 γὰρ
2847 3738 3022 3800 κτίσις
3047 3736 3286 3802 πέφυκεν
3317 3728 3479 3784 ἆθλον
3509 3747 3637 3801 προ-

2062 3838 2235 3909 κοπῆς
2288 3837 2380 3890 καὶ
2432 3836 2529 3905 τῆς
2574 3833 2708 3903 πρὸς
2756 3830 2887 3882 Θεὸν
2923 3826 3333 3898 εὐαρεστήσεως
3368 3823 3460 3874 τὸν
3483 3823 3641 3889 ἀγια-

2064 3931 2198 4001 σμὸν
2224 3928 2441 3998 ἔχουσα,
2468 3924 2625 3994 φύσει
2658 3922 2712 3974 δὲ
2748 3920 2857 3991 (94)
2884 3919 3142 3990 χρωμένη
3173 3914 3526 3984 αύτεξουσίῳ,
3553 3914 3645 3967 καὶ

2066 4020 2426 4091 μεταρῤέπειν
2494 4015 2577 4083 ἐφ’
2637 4013 2871 4081 ἑκάτερα
2926 4008 3230 4078 δυναμένη,
3287 4005 3426 4075 πρὸς
3498 4005 3646 4057 ἐκλο-

2064 4113 2165 4182 γὴν
2219 4110 2313 4162 τοῦ
2364 4107 2568 4175 ἀγαθοῦ
2628 4105 2722 4158 καὶ
2782 4102 2874 4156 τοῦ
2910 4103 3180 4173 χείρονος·
3217 4098 3275 4151 τὸ
3315 4098 3372 4150 δὲ
3421 4096 3649 4166 Πνεῦμα

2064 4206 2125 4256 τὸ
2163 4203 2312 4271 ἆγιον
2350 4198 2497 4269 πηγὴ
2533 4195 2826 4267 ἀγιασμοῦ.
2870 4193 2979 4245 Καὶ
3006 4192 3191 4262 ὥσπερ
3227 4190 3387 4259 φύσει
3424 4190 3582 4257 ἆγιος
3620 4191 3647 4241 6

2066 4295 2271 4366 Πατὴρ,
2328 4294 2423 4347 καὶ
2469 4290 2627 4359 φύσει
2671 4290 2823 4355 ἆγιος
2868 4288 2896 4338 6
2927 4285 3074 4347 Υἱὸς,
3121 4284 3261 4335 οὕτω
3290 4281 3454 4351 φύσει
3496 4282 3646 4349 Ξιγιον

2066 4390 2160 4443 καὶ
2222 4386 2281 4439 τὸ
2327 4382 2552 4453 Πνεῦμα
2600 4380 2660 4433 τὸ
2722 4379 2820 4448 τῆς
2865 4376 3161 4448 ἀληθείας·
3215 4374 3294 4427 διὸ
3355 4374 3452 4427 καὶ
3505 4372 3649 4437 ἐξαι-

391 4478 495 4549 qu.e
544 4463 778 4533 Spiritus
813 4465 903 4519 ille
950 4466 1191 4520 veritatis
1231 4474 1423 4520 natura
1474 4476 1694 4520 sanctus
1721 4476 1841 4533 est;
1890 4467 1949 4521 oi

2069 4479 2226 4551 ρέτου
2282 4477 2378 4530 καὶ
2420 4474 2727 4543 ίδιαζούσης
2780 4472 2878 4542 τῆς
2934 4466 3027 4523 τοῦ
3066 4468 3219 4537 ἁγίου
3278 4466 3649 4536 προσηγορίας

393 4556 555 4626 idque
587 4561 821 4612 donatus
844 4566 929 4613 est
963 4558 1125 4612 etiam
1152 4557 1327 4613 sancti
1374 4556 1755 4627 appellatione,
1791 4574 1963 4629 eaque

391 4648 646 4718 peculiari
682 4664 745 4703 ac
779 4649 1014 4720 propria.

465 4736 519 4792 ὅ.
560 4737 765 4807 itaque,
798 4738 844 4793 si
892 4738 1154 4793 sanctitas
1185 4738 1234 4793 ei
1270 4748 1462 4793 natura
1491 4745 1598 4803 est,
1625 4737 1783 4792 sicuti
1814 4736 1958 4793 Patri

390 4840 447 4885 et
475 4827 636 4897 Filio,
666 4832 938 4901 quomodo
965 4831 1142 4885 tertia:
1180 4844 1244 4885 ac
1273 4829 1461 4885 aliena:
1494 4836 1701 4884 naturae
1731 4828 1853 4884 est?
1880 4827 1961 4885 Ob

472 4968 520 4999 "
549 4964 717 5023 Hebr.
749 4984 787 5034 ι,
818 4968 907 5022 14.
988 4968 1029 5000 ⁸⁷
1060 4968 1162 5023 lsa.
1194 4983 1305 5031 xw,
1344 4966 1429 5021 12.

479 5124 834 5197 (9i)Antiqui
884 5135 997 5179 tres
1050 5125 1174 5180 libri
1205 5123 1457 5195 θεότητός
1509 5143 1568 5177 τε
1628 5125 1739 5178 καί.
1772 5124 1973 5181 Vocula

398 5214 459 5250 τε
490 5195 639 5251 deest
670 5195 721 5248 in
748 5195 999 5263 vulgatis.

472 5267 594 5335 (921
616 5266 840 5318 Codices
871 5265 977 5319 duo
1001 5264 1292 5335 ὲναριθμού
1302 5282 1481 5335 μενον.

476 5336 589 5408 (95)
624 5335 773 5408 [iegii
814 5336 1079 5408 secundus-
1107 5345 1162 5389 et
1194 5347 1421 5408 quartus
1450 5336 1477 5387 6
1506 5337 1679 5408 πρωῒ.

477 5404 585 5475 (94)
630 5405 788 5475 Editi_
831 5404 989 5472 φύσει
1045 5422 1125 5457 τε.
1188 5406 1404 5471 Antiqui
1473 5404 1581 5460 tres
1636 5407 1756 5460 libri
1812 5407 1972 5475 φύσει

404 5474 483 5529 δέ.
514 5473 714 5527 ibidem
759 5473 893 5539 Reg.
954 5477 1147 5529 tertius
1189 5477 1283 5527 καὶ
1320 5478 1552 5546 μετᾶραι
1586 5476 1681 5546 τὴν
1715 5478 1797 5546 ἐφ’
1825 5473 1973 5530 ⁷ἐκά-

408 5560 559 5612 τερα,
593 5555 862 5609 corrupte.

485 5612 597 5683 (95)
632 5614 904 5683 Editiones
932 5614 1067 5668 Ven.
1107 5623 1162 5666 et
1206 5614 1371 5667 Basil.
1407 5630 1528 5667 cum
1565 5614 1749 5683 Regiis
1776 5625 1972 5681 quarto

414 5698 467 5734 et
492 5682 679 5753 quinto
707 5681 821 5743 πῶς
846 5683 1051 5752 τρίτον,
1082 5686 1340 5752 quomodo
1374 5686 1555 5737 tertius
1578 5681 1672 5739 est:
1706 5685 1833 5753 Reg.
1866 5694 1975 5737 ter—

420 5763 525 5804 tius
549 5750 705 5806 habet
742 5750 953 5820 quoque
989 5750 1105 5816 πῶς
1136 5753 1337 5824 τρίτον,
1386 5756 1478 5815 sed
1504 5755 1741 5811 secunda
1780 5750 1969 5821 litanti,

2069 4570 2319 4643 ἠξίωται.

2136 4747 2190 4802 '5.
2222 4746 2286 4799 Ei
2315 4739 2407 4799 οὖν
2445 4742 2607 4814 φύσις
2653 4740 2802 4813 αὐτῷ
2852 4742 2880 4795 6
2928 4738 3199 4811 ἁγιασμὸς
3241 4738 3413 4801 ἐστιν,
3469 4738 3648 4806 ὥσπερ

2067 4836 2244 4909 Πατρὶ
2281 4836 2376 4889 καὶ
2400 4834 2538 4905 Υίῷ,
2575 4833 2694 4897 πῶς
2727 4832 2917 4904 τρίτης
2944 4832 3058 4901 (95)
3091 4830 3211 4884 ἐστὶ
3241 4831 3336 4885 καὶ
3369 4830 3647 4902 ἀλλοτρίας

2082 5126 2211 5180 licet
2239 5124 2484 5193 antiqua.
2516 5122 2701 5193 Codeg
2750 5133 2879 5193 vero
2919 5116 3069 5193 (ΞΟΠ).
3106 5124 3173 5193 _et
3219 5115 3311 5169 alii
3356 5126 3469 5168 tres
3498 5127 3657 5193 Διιιεε..

2082 5196 2233 5265 Regii
2264 5186 2391 5265 curri
2413 5194 2650 5265 editione
2675 5191 2847 5245 Paris.
2889 5186 3007 5249 πῶς
3028 5186 3240 5265 τρίτης,
3275 5186 3648 5265 ᾳιιοιηοςίοιεντ

2081 5254 2192 5328 tim:
2219 5276 2324 5319 etc.
2367 5263 2850 5317 Persuasissimum
2877 5269 2959 5311 est
2991 5254 3142 5318 mihi,
3169 5271 3264 5328 eos
3296 5271 3440 5328 quos
3459 5254 3642 5328 graeci

2081 5345 2134 5388 ct
2157 5325 2333 5388 Latini
2371 5335 2420 5385 in
2463 5332 2696 5386 concilio
2728 5328 3041 5384 Florentino
3074 5326 3426 5395 proferebant
3458 5325 3641 5384 libros,

2081 5422 2188 5458 uno
2221 5408 2361 5457 inter
2389 5419 2447 5456 se
2491 5417 2759 5454 consensu
2796 5394 3219 5470 habuissepcttb;
3263 5394 3480 5470 τρίτης,
3525 5408 3647 5470 quo-

2084 5477 2242 5527 modo
2274 5476 2461 5526 (erlia'.
2493 5473 2707 5526 Etenim
2739 5471 2782 5524 si
2840 5470 2893 5521 in
2928 5469 3010 5521 his
3042 5466 3194 5521 libris
3222 5466 3488 5529 seriptmu
3530 5466 3648 5514 fuis-

2081 5556 2166 5597 set
2196 5544 2313 5606 πῶς
2348 5542 2529 5610 τρίτον
2554 5581 2568 5603 ,
2610 5541 2873 5605 quomodo
2921 5538 3108 5590 tertius
3157 5545 3257 5610 est!
3288 5534 3517 5610 dubium
3553 5545 3651 5583 non

2079 5605 2313 5681 estquia
2350 5605 2565 5666 Marcus
2614 5612 2921 5680 Ephesinus
2964 5622 3118 5663 suam
3170 5605 3292 5660 inde
3343 5605 3661 5673 opinionem

2082 5684 2481 5739 confirmasset.
