3822 6216
156 355 270 410 661

1271 363 1646 424 ADVERSUS
1688 367 2058 424 EUNOMIUM
2094 369 2203 422 LIB
2267 369 2350 424 Ill.

3326 372 3430 426 662

157 472 388 540 φύσεως
413 487 426 536 ;
453 470 552 524 Διὰ
579 471 738 525 τοῦτο
778 471 908 544 γὰρ,
935 467 1110 544 οἶμαι,
1140 474 1233 529 καὶ
1268 477 1417 548 παρὰ
1447 477 1526 547 τῷ
1563 479 1731 530 'Hsat‘it

1870 478 1919 531 id
1950 481 2115 543 enim,
2147 482 2356 548 opinor,
2387 487 2440 533 et
2468 481 2609 550 apud
2635 479 2826 533 Isaiam
2859 480 3023 534 etiam
3059 481 3316 550 scriptum
3347 493 3429 536 est

155 562 235 614 τὰ
265 561 517 632 Σεραφὶμ
541 562 722 632 τρίτον
751 563 1027 618 ὲκϐοῶντα
1049 565 1110 617 τὸ
1132 564 1294 635 ἅγιος
1316 567 1749 637 ἀναγέγραπται,

154 654 251 706 ὅτι
281 655 340 706 ὲν
365 653 509 724 τρισὶ
541 655 660 716 ταῖς
680 653 1044 707 ὑποστάσεσιν
1073 657 1101 707 6
1123 656 1264 708 κατὰ
1298 657 1456 725 φύσιν
1489 659 1754 728 ἁγιασμὸς

157 743 474 815 Θεωρεῖται.
520 743 595 795 Οὐ
628 741 787 795 τοῦτο
819 742 874 795 δὲ
903 744 1060 813 μόνον
1095 743 1244 816 αὐτῷ
1272 746 1450 799 κοινὸν
1479 747 1616 818 πρὸς
1640 748 1753 800 Πα-

152 835 300 905 τέρα
329 834 420 886 καὶ
445 833 572 886 Υίὺν
601 833 661 885 τὸ
689 833 790 903 τῆς
815 835 1125 906 ἁγιωσύνης
1154 837 1344 909 ὄνομα,
1372 839 1505 891 ἀλλὰ
1534 840 1627 894 κα).
1657 841 1753 892 αὐι

154 928 233 997 τὴ
285 928 320 998 ἡ
367 927 458 980 τοῦ
513 926 821 997 πνεύματος
880 930 1236 1000 προσηγορεα.
1282 932 1526 1000 Πνεῦμα
1566 931 1672 1004 γὰρ
1719 936 1752 988 ὀ

161 1016 339 1085 θεὸς,
372 1018 468 1071 καὶ
492 1017 634 1083 τοὺς
655 1019 1152 1085 προσκυνοῦντας
1183 1021 1369 1074 αὐτὸν
1391 1023 1460 1074 ἐν
1487 1025 1750 1092 πνεύμα-

155 1129 220 1165 τι
270 1110 372 1166 καί
418 1111 669 1179 ἀληθείᾳ
700 1110 796 1163 δεῖ
830 1112 1214 1180 προσκυνεῖν.
1252 1115 1360 1166 Καὶ
1399 1117 1426 1166 6
1470 1117 1752 1186 προφήτης

159 1199 335 1270 φησί·
371 1199 614 1266 Πνεῦμα
643 1200 753 1267 πρὸ
789 1199 1113 1268 προσώπου
1150 1202 1260 1272 (96)
1297 1202 1464 1272 ἡμῶν
1498 1204 1750 1271 Χριστὸς

157 1291 416 1358 Κύριος,
447 1286 518 1346 (/6
549 1292 828 1359 εἴπαμεν·
877 1292 980 1345 Ἐν
1004 1291 1080 1360 τῇ
1107 1293 1255 1359 σκιᾷ
1297 1293 1416 1348 τῶν
1446 1297 1750 1365 πτερύγων

158 1382 353 1436 αὐτοῦ
387 1380 699 1452 ζησόμεθα.
735 1384 844 1436 Καὶ
877 1385 905 1436 6
944 1385 1264 1450 Ἀπὸστολος
1306 1386 1407 1458 τὴν
1453 1387 1546 1439 τοῦ
1585 1388 1747 1440 πνεύ·⁸

163 1491 342 1544 ματος
369 1475 738 1546 προσηγορίαν
769 1475 862 1528 ἐπὶ
892 1476 982 1528 τὸν
1008 1476 1210 1548 Κύριον
1239 1477 1497 1548 ἀναφέρει
1534 1477 1708 1546 λέγων
1731 1497 1742 1508 ·

174 1569 241 1619 '0
263 1565 334 1618 δὲ
355 1567 571 1634 Κύριος
600 1566 666 1620 τὸ
700 1566 936 1636 πνεῦμά
963 1567 1150 1621 ἐστιν.
1198 1569 1291 1622 Ἐκ
1313 1569 1368 1622 δὲ
1390 1569 1592 1623 τούτοιν
1616 1587 1749 1623 παν-

159 1659 219 1710 τὶ
248 1657 428 1728 δῆλον,
461 1659 542 1711 ὅτι
567 1658 686 1728 οὐχ).
715 1657 1068 1729 ἀλλοτρίωσιν
1094 1659 1208 1730 (97)
1235 1660 1334 1731 τῆς
1363 1659 1597 1729 φύσεως,
1631 1659 1745 1714 ἀλλ’

158 1748 440 1802 οίκείωσιν
465 1748 602 1821 πρὸς
628 1750 719 1802 τὸν
750 1750 970 1821 Πατέρα
1009 1751 1103 1804 καὶ
1138 1751 1266 1805 Υίὸν
1291 1753 1324 1822 ἡ
1360 1752 1612 1805 κοινωνία
1639 1751 1746 1804 τῶν

1858 567 2140 636 Seraphin:
2185 581 2269 625 ter
2304 581 2520 625 sanctus
2561 571 2864 626 exclamare
2891 573 2955 633 ¹⁸,
2992 573 3130 640 quod
3172 575 3432 630 naturalis

1856 662 2114 714 sanctitas
2163 663 2336 716 tribus
2392 663 2452 727 in,
2490 665 2870 734 bypostasibns
2918 665 3263 735 perspicitur.
3319 667 3430 722 Nec

1855 766 1981 805 vero
2005 752 2106 806 hoc
2135 755 2447 810 sanctitatis
2482 771 2675 810 nomen
2716 755 2765 809 ei
2796 756 2969 810 solum
3017 772 3305 813 commune
3345 769 3430 813 est

1855 858 1976 898 cum
2029 844 2189 900 Patre
2223 857 2278 900 et
2305 845 2466 913 Filio,
2501 849 2594 902 sed
2631 849 2741 917 ipsa
2773 859 2852 903 est
2883 850 3044 903 etiam
3088 851 3309 918 spiritus
3333 867 3428 920 ap-

1853 933 2090 1002 pellatio.
2145 934 2285 990 Deus
2329 937 2472 990 enim
2521 945 2597 991 est
2641 938 2892 1005 spiritus;
2929 947 2981 993 et
3018 955 3102 992 eos
3132 941 3222 1009 qui
3256 941 3426 1009 ipsum

1853 1027 2098 1090 adorant,
2128 1031 2180 1080 in
2207 1029 2398 1096 spiritu
2427 1038 2476 1082 et
2525 1030 2745 1084 veritate
2789 1030 3013 1084 adorare
3047 1040 3246 1099 oportet
3269 1032 3332 1084 ¹⁹.
3360 1033 3426 1086 Et

1853 1118 2113 1186 propheta
2139 1120 2213 1172 ait
2239 1133 2254 1170 :
2283 1117 2516 1189 Spiritus
2545 1131 2663 1173 ante
2703 1120 2894 1188 faciem
2926 1133 3157 1176 nostram
3183 1122 3425 1194 Christus

1852 1206 2131 1272 Dominus,
2158 1208 2250 1262 ubi
2287 1211 2518 1264 diximus
2549 1225 2568 1263 .'
2593 1209 2661 1264 In
2706 1212 2890 1264 umbra
2930 1212 3136 1266 alarum
3166 1213 3329 1282 ipsius
3349 1215 3426 1268 vi-

1851 1313 2025 1350 vemus
2047 1299 2114 1350 ²⁰.
2144 1297 2285 1365 Quin
2319 1310 2372 1354 et
2405 1301 2697 1370 Apostolus
2749 1302 3158 1371 appellationem
3204 1305 3426 1372 spiritus

1851 1387 1902 1440 in
1932 1387 2216 1443 Dominum
2255 1393 2536 1460 transfert,
2570 1407 2693 1447 cum
2733 1395 2906 1448 dicit:
2943 1394 3204 1448 Dominus
3246 1407 3423 1448 autem
3515 1453 3520 1458 ,

1849 1480 2065 1547 spiritus
2093 1490 2168 1535 est
2190 1483 2255 1536 “.
2290 1484 2367 1538 Ex
2398 1485 2483 1540 bis
2511 1496 2691 1540 autem
2733 1485 2952 1540 cuilibet
2983 1495 3313 1555 compertum
3341 1495 3425 1542 est

1849 1585 1913 1625 ac
1944 1580 2307 1642 perspectum,
2339 1591 2444 1630 non
2474 1586 2687 1630 naturae
2730 1576 3137 1644 alienationem,
3168 1579 3263 1633 sed
3289 1593 3424 1633 con-

1842 1659 2178 1729 junctionem
2206 1680 2328 1720 cum
2356 1665 2519 1722 Patre
2546 1676 2600 1722 et
2642 1667 2781 1723 Filio
2815 1682 2912 1737 per
2951 1671 3228 1724 nominum
3275 1685 3426 1726 com-

1851 1756 2266 1813 municationem
2330 1761 2769 1815 commonstrari.
2819 1761 2886 1815 Et
2930 1761 3074 1817 Deus
3121 1762 3299 1819 dictus
3339 1772 3427 1819 est

157 1840 444 1912 ὀνομάτων
494 1842 814 1913 παρίστησι.
866 1843 976 1896 Καὶ
1024 1843 1226 1911 ἀγαθὸς
1269 1845 1298 1896 6
1329 1843 1470 1923 Θεὸς
1507 1845 1731 1915 εἴρηται1

1851 1852 2041 1918 bonus,
2074 1862 2129 1910 et
2159 1865 2241 1909 est
2273 1873 2286 1909 :
2327 1857 2497 1912 bonus
2523 1867 2700 1914 autem
2726 1869 2880 1916 estet
2907 1859 3144 1930 Spiritus
3175 1869 3416 1924 sanctus,

157 1933 258 1985 καὶ
287 1931 435 1985 ἔστιν
458 1949 472 1963 ο
508 1932 710 2002 ἀγαθὸν
747 1933 804 1986 δὲ
844 1934 938 1986 καὶ
976 1934 1036 1987 16
1077 1934 1301 2006 Πνεῦμα
1340 1935 1402 1989 τὸ
1438 1936 1609 2004 ἆγιον,
1645 1937 1745 1990 οὐκ

156 2025 565 2096 ὲπισκευαστὴν
595 2024 717 2096 ἔχον
745 2025 843 2097 τὴν
878 2026 1209 2098 ἁγαθότητα,
1265 2028 1379 2082 ἀλλ’
1419 2030 1482 2081 ὲκ
1529 2029 1744 2098 φύσεως

156 2114 313 2185 αὐτῷ
345 2117 811 2188 συνυπάρχουσαν.
845 2118 916 2170 Ἦ
950 2117 1166 2172 πάντων
1198 2118 1264 2172 ἂν
1287 2118 1372 2191 είη
1403 2119 1744 2188 ἀλογώτατον

154 2206 222 2259 τὸ
247 2205 408 2276 φύσει
441 2207 594 2276 ἆγιον
620 2209 692 2280 μὴ
723 2210 880 2280 φύσει
909 2210 1086 2280 λέγειν
1114 2211 1213 2283 τὴν
1241 2210 1552 2283 ἀγαθότητα
1579 2210 1740 2281 ἔχειν,

151 2297 788 2372 ἁλλ’ὲπιγεννηματικὴν
818 2301 929 2373 (98)
959 2303 1050 2355 καὶ
1077 2301 1272 2369 ἔξωθεν
1297 2303 1742 2376 προσγεγενημέ-

152 2406 258 2462 νην
280 2388 448 2460 αὐτῷ.
496 2391 584 2444 Ἐν
604 2383 648 2458 ᾧ
679 2391 737 2446 δὲ
761 2388 914 2446 εἶπεν
939 2393 968 2446 6
987 2393 1188 2463 Κύριος
1219 2395 1320 2460 ὅτι,
1368 2395 1507 2464 Ἐγὼ
1530 2394 1745 2464 ἐρωτή-

153 2498 247 2536 σω
295 2481 403 2535 τὸν
443 2483 696 2552 Πατέρα,
755 2485 853 2538 καί
886 2487 1080 2540 ἄλλον
1124 2487 1516 2555 Παράκλητον
1563 2486 1742 2541 δώσει

152 2571 321 2640 ὑμῖν,
342 2571 437 2626 καὶ
461 2572 626 2637 αὐτὸς
657 2570 796 2630 εἷναι
825 2565 1179 2648 Πιῖράκλητος
1208 2577 1362 2648 ἡμῶν
1388 2578 1735 2634 ἐνδείκνυται.

155 2664 325 2717 Ὥστε
369 2665 464 2717 καὶ
493 2665 641 2736 ἡτοῦ
677 2667 1028 2739 παρακλήτου
1067 2671 1405 2741 προσηγορία
1445 2672 1506 2724 οὐ
1546 2673 1740 2744 μικρὸν

155 2756 300 2826 πρὸς
333 2755 610 2822 ἀπόδειξιν
653 2757 764 2829 (99)
801 2759 900 2830 τῆς
925 2758 1080 2830 δόξης
1111 2758 1206 2812 τοῦ
1235 2760 1391 2827 ἁγίου
1425 2761 1740 2837 Πνεῦματος

154 2846 428 2900 συντελεῖ.

223 2939 281 2998 4.
318 2940 428 2992 Καὶ
459 2939 528 2993 τὰ
555 2940 652 3010 μὲν
679 2941 921 3011 ὀνόματα
948 2942 1170 2995 τοιαῦτα
1192 2943 1282 2996 τοῦ
1318 2944 1603 3014 μεγαλείου
1641 2946 1740 3014 τῆς

151 3032 375 3101 φύσεως
398 3033 704 3089 ὲνδεικτικά
723 3052 735 3065 ⁸
767 3035 823 3088 αἱ
853 3035 908 3087 δὲ
948 3035 1218 3107 ἐνέργειαι
1247 3037 1340 3090 τοῦ
1375 3038 1530 3105 ἁγίου
1570 3038 1740 3091 Πνεύ-

153 3139 327 3193 ματος
351 3123 427 3196 (1)
456 3119 601 3190 aiat;
633 3125 718 3190 Τῷ
743 3127 904 3194 λόγῳ
935 3127 1040 3180 τοῦ
1069 3129 1306 3196 Κυρίου,
1338 3129 1522 3200 φησὶν,
1552 3133 1607 3182 οἱ
1639 3132 1738 3183 οὐ-

1847 1945 2144 2004 bonitatem
2173 1949 2382 2006 habens
2412 1967 2517 2007 non
2554 1954 2930 2018 adventitiam,
2964 1955 3058 2010 sed
3092 1962 3285 2008 natura
3320 1953 3422 2008 sibi

1848 2039 2110 2097 innatam.
2140 2043 2352 2114 Alioqui
2383 2044 2548 2100 fuerit
2589 2046 2831 2102 omnium
2877 2047 3347 2111 absurdissimum,
3375 2045 3422 2100 si

1847 2132 1968 2199 quis
1992 2133 2138 2189 dicat
2161 2150 2283 2190 eum
2311 2136 2471 2208 275
2496 2138 2587 2208 qui
2617 2147 2812 2194 natura
2833 2150 3053 2194 sanctus
3073 2149 3176 2205 est,
3212 2139 3424 2194 bonita-

1848 2230 1953 2276 tem
2013 2233 2204 2280 natura
2256 2243 2361 2282 non
2418 2230 2640 2297 habere,
2705 2231 2799 2286 sed
2835 2231 3121 2300 quamdam
3166 2212 3424 2300 deinceps

1845 2319 2341 2384 supervenientem,
2371 2321 2529 2389 eique
2559 2319 2860 2376 forinsecus
2888 2324 3251 2377 accedentem.
3280 2321 3417 2387 Quin

1845 2406 2012 2458 etiam
2057 2421 2180 2461 cum
2234 2409 2496 2466 Dominus
2534 2411 2671 2466 dixit
2703 2431 2717 2468 :
2747 2412 2858 2483 Ego
2890 2413 3081 2484 rogabo
3110 2412 3340 2474 Patrem,
3369 2422 3420 2467 et

1843 2495 2006 2550 alium
2045 2495 2386 2555 Paracletum
2419 2503 2563 2556 dabit
2610 2505 2749 2559 vobis
2770 2507 2838 2573 ",
2869 2514 2925 2561 et
2967 2506 3080 2575 ipse
3106 2505 3419 2560 Paracletns

1845 2597 2031 2642 noster
2060 2604 2178 2645 esse
2217 2594 2545 2649 ostenditur.
2588 2596 2765 2663 Quare
2794 2597 3049 2667 paracleti
3085 2613 3297 2668 quoque
3324 2613 3422 2668 ap-

1843 2677 2061 2746 pellatio
2115 2694 2221 2733 non
2275 2697 2464 2750 parum
2509 2687 2574 2738 ad
2641 2689 3117 2742 demonstrandam
3183 2688 3418 2758 Spiritus

1843 2771 2013 2826 sancti
2043 2770 2378 2840 majestatcm
2415 2775 2642 2830 confert.

1913 2952 1966 3006 4.
2018 2952 2083 3007 Ει
2137 2954 2356 3007 nomina
2399 2956 2616 3022 quidem
2666 2971 2785 3025 quae
2827 2957 3161 3027 maiestatem
3211 2968 3417 3012 naturae

1843 3044 2107 3112 indicant,
2139 3055 2266 3101 sunt
2300 3047 2566 3115 ejusmodi
2600 3050 2986 3117 :operationes
3021 3064 3150 3104 vero
3179 3049 3414 3117 Spiritus

1847 3138 2016 3191 sancti
2065 3138 2292 3206 quales?
2340 3138 2508 3192 Verbo
2539 3139 2772 3207 Domini,
2820 3140 3013 3209 inquit,
3054 3141 3170 3194 caeli
3214 3140 3421 3208 ﬁrmati

148 3217 322 3272 οανοὶ
361 3217 831 3286 ἐστερεώθησαν,
886 3219 984 3271 καὶ
1025 3217 1104 3284 τῷ
1128 3222 1425 3289 Πνεύματι
1462 3221 1568 3274 τοῦ
1597 3222 1731 3274 στό-

1851 3239 1981 3289 mnt,
2009 3239 2054 3281 et
2080 3227 2282 3296 Spiritu
2329 3231 2433 3282 oris
2482 3230 2595 3301 ejus
2629 3231 2794 3284 omnis
2849 3231 3009 3286 virtus
3042 3248 3221 3285 eorum
3240 3231 3306 3284 ’³.
3347 3230 3417 3286 Ut

143 3326 340 3379 ματος
366 3309 550 3363 αὐτοῦ
579 3308 747 3363 πᾶσα
783 3310 822 3378 ἡ
849 3308 1099 3379 δύναμις
1122 3310 1337 3364 αὐτῶν.
1381 3313 1468 3374 Ὠς
1494 3313 1670 3366 τοίνυν
1707 3315 1734 3367 6

147 3402 286 3464 Θεὸς
318 3401 492 3470 Λόγος
521 3401 850 3472 δημιουργός
882 3404 998 3455 ἐστι
1033 3401 1140 3455 τῶν
1173 3403 1437 3475 οὐρανῶν,
1473 3404 1615 3458 οὕτω
1644 3406 1737 3458 καὶ

146 3493 210 3548 τὸ
248 3494 474 3564 Πνεῦμα
508 3494 568 3547 τὸ
599 3495 752 3563 ἆγιον
779 3495 841 3548 τὸ
873 3495 1089 3566 στερεὸν
1120 3496 1214 3548 καὶ
1258 3497 1454 3565 πάγιον
1482 3498 1580 3568 τῆς
1606 3499 1736 3568 ἀρε-

145 3586 251 3657 τῆς
282 3586 356 3656 (2)
390 3586 684 3658 παρέχεται
713 3588 834 3650 ταῖς
864 3588 1141 3659 οὐρανίαις
1172 3588 1450 3660 δυνάμεσι.
1492 3592 1601 3643 Καὶ
1633 3593 1737 3645 πά-

145 3680 232 3732 λιν
259 3681 292 3732 ὁ
326 3677 444 3732 Ἰώϐ
467 3696 480 3709 ·
514 3678 760 3748 Πνεῦμα
807 3663 1030 3747 Κυρίου
1068 3681 1134 3734 τὸ
1174 3681 1442 3751 ποιῆσαν
1477 3700 1555 3751 με
1577 3701 1588 3712 ·
1637 3685 1736 3737 οὐκ

146 3771 244 3824 ἐπὶ
289 3771 390 3842 τῆς
421 3771 800 3844 δημιουργίας,
847 3772 921 3836 ὡς
951 3767 1126 3842 οἶμαι,
1165 3773 1279 3827 ἀλλ’
1323 3775 1414 3828 ἐπὶ
1466 3776 1566 3846 τῆς
1598 3777 1737 3830 κατὰ

144 3862 249 3932 τὴν
299 3863 643 3935 ἀνθρωπείαν
698 3863 898 3934 ἀρετὴν
962 3864 1292 3929 τελειώσεως
1342 3866 1536 3936 λέγων.
1578 3868 1635 3922 Ὁ
1681 3869 1737 3921 δὲ

157 3949 389 4018 Ἡσαΐας
416 3958 480 4008 ὲκ
510 3953 802 4026 προσώπου
833 3955 1038 4026 Κυρίου
1067 3955 1468 4026 διαλεγόμενος,
1508 3959 1650 4012 κατὰ
1676 3959 1752 4018 τὸ¹

145 4046 490 4120 ἀνθρώπινον
520 4045 685 4100 αὐτοῦ
715 4045 976 4117 δηλονότι,
1020 4049 1236 4115 Κύριος
1266 4047 1614 4104 ἀπέσταλκέ
1636 4069 1733 4120 με,

145 4141 305 4212 φησὶ,
367 4140 464 4194 καὶ
499 4139 564 4192 τὸ
592 4138 834 4206 Πνεῦμα
866 4139 1077 4195 αὐτοῦ.
1113 4141 1224 4192 Καὶ
1258 4140 1420 4193 πάλιν
1448 4142 1476 4192 6
1502 4141 1734 4211 ψαλμὸς,

143 4233 213 4286 δι’
261 4232 398 4286 ὅλων
435 4230 811 4302 κεχωρηκέναι
857 4230 1084 4301 δύναμιν
1131 4230 1224 4284 τοῦ
1252 4233 1566 4304 Πνεύματος
1598 4251 1739 4306 παρ-

148 4323 327 4386 ιστὰς,
377 4321 502 4375 Ποῦ
556 4319 843 4387 πορευθῶ,
899 4323 1052 4390 φησὶ,
1101 4323 1201 4376 καὶ
1249 4322 1368 4377 ἀπὸ
1408 4323 1512 4377 τοῦ
1555 4326 1740 4378 Πνεύ-

138 4418 332 4486 ματος
372 4430 509 4480 σου,
547 4414 644 4466 καὶ
683 4413 798 4467 ἀπὸ
835 4414 942 4468 τοῦ
970 4414 1294 4482 προσώπου
1328 4429 1444 4468 σου
1473 4416 1590 4469 ποῦ
1624 4417 1740 4485 φύ-

142 4524 264 4579 νω;
297 4507 364 4560 Δί
394 4507 450 4558 δὲ
485 4507 564 4570 είς
598 4508 749 4578 ἡμᾶς
785 4506 881 4560 ἀπ’
905 4505 1071 4561 αὐτοῦ
1100 4505 1396 4574 φθάνουσαι
1430 4508 1738 4580 εὐεργεσίαι

1843 3318 2004 3384 igitur
2044 3317 2184 3372 Deus
2237 3318 2469 3372 Verbum
2526 3327 2740 3373 creator
2773 3328 2854 3372 est
2901 3319 3182 3384 ccelorum,
3237 3319 3308 3371 ita
3363 3326 3418 3371 et

1840 3408 2073 3478 Spiritus
2098 3419 2318 3462 sanctus
2349 3408 2598 3463 stabilem
2641 3424 2704 3463 ac
2736 3411 2944 3462 tirmam
2978 3409 3229 3463 virtutem
3263 3418 3415 3478 pote~

1838 3499 2068 3554 statibus
2102 3497 2417 3553 coelestibus
2461 3499 2720 3568 impertit.
2755 3497 2824 3551 Et
2848 3514 3036 3552 rursus
3067 3497 3167 3552 Job
3196 3515 3211 3552 :
3245 3496 3416 3562 Spiri-

1840 3603 1921 3645 tus
1963 3591 2198 3654 Domini,
2245 3591 2336 3659 qui
2374 3589 2496 3658 fecit
2536 3591 2678 3644 me"
2706 3608 2718 3645 :
2750 3605 2860 3644 non
2904 3590 2970 3646 de
3012 3591 3304 3656 creatione,
3357 3597 3417 3645 ut

1838 3684 2095 3748 arbitror,
2135 3684 2231 3737 sed
2267 3684 2334 3736 de
2369 3683 2618 3736 humana:
2663 3683 2883 3738 virtutis
2925 3684 3257 3753 perl'eCtione
3298 3686 3410 3738 dis-

1840 3775 2044 3833 serens.
2081 3776 2218 3842 Quin
2257 3777 2417 3830 etiam
2455 3775 2678 3844 loquens
2719 3776 2885 3831 Isaias
2919 3793 2987 3829 ex
3023 3777 3233 3830 Domini
3289 3792 3416 3846 per-

1839 3884 1991 3932 sona,
2032 3867 2283 3922 videlicet
2312 3868 2606 3922 secundum
2635 3867 2751 3936 ejus
2777 3869 3164 3922 humanitatem
3189 3884 3200 3917 :
3228 3867 3413 3921 Domi-

1839 3977 1958 4027 nus,
1995 3958 2190 4030 inquit,
2226 3958 2368 4016 misit
2400 3975 2499 4023 me,
2533 3966 2582 4010 et
2613 3956 2842 4027 Spiritus
2873 3960 2986 4026 ejus
3009 3958 3075 4013 ".
3108 3958 3174 4012 Et
3198 3953 3411 4012 rursum

1839 4051 2077 4121 Spiritus
2137 4049 2396 4103 virtutem
2459 4049 2711 4102 universa
2769 4049 3072 4117 pervasisse
3133 4049 3412 4103 declarans

1837 4143 2122 4214 psalmus:
2152 4139 2268 4204 Quo
2316 4141 2420 4203 ibo,
2459 4140 2653 4207 inquit,
2688 4157 2719 4193 a
2765 4138 2965 4208 Spiritu
3025 4150 3135 4206 tuo,
3175 4151 3220 4194 et
3252 4157 3354 4205 quo
3380 4158 3412 4194 a

1841 4233 1976 4303 facie
2017 4242 2106 4284 tua
2149 4230 2346 4298 fugiam
2368 4229 2448 4282 “?
2478 4227 2854 4284 Benelicentize
2881 4238 3062 4283 autem
3109 4245 3226 4298 qua:
3257 4232 3322 4284 ab
3349 4245 3412 4284 co

1841 4326 1906 4379 ad
1942 4338 2037 4377 nos
2086 4321 2399 4384 deveniunt,
2456 4320 2647 4389 quales
2697 4330 2921 4382 sunLet
2969 4322 3417 4390 quantae?Sicut

1843 4415 2100 4470 Dominus
2146 4413 2260 4481 ipse
2303 4412 2369 4466 iis
2397 4411 2490 4480 qui
2523 4413 2695 4482 ipsum
2728 4427 3038 4480 suscepere,
3072 4413 3210 4467 istuc
3263 4413 3410 4468 dedit

1841 4517 1901 4563 ut
1933 4508 2122 4561 liceret
2172 4504 2310 4559 tilios
2341 4505 2432 4558 Dei
2471 4505 2584 4558 ﬁeri
2615 4505 2684 4569 ",
2735 4506 2813 4559 sic
2839 4515 2893 4560 et
2918 4506 3151 4573 Spiritus
3189 4514 3417 4560 sanctus

141 4599 330 4656 ὁποῖαί
355 4598 499 4662 τινές
530 4599 635 4651 εισι
665 4599 761 4652 καὶ
789 4597 1009 4666 ήλίκαι;
1040 4599 1252 4654 Ὥσπερ
1283 4599 1446 4663 αὐτὸς
1469 4601 1497 4653 6
1530 4600 1731 4672 Κύριος

1851 4597 2078 4668 Spiritus
2104 4605 2188 4651 est
2218 4595 2522 4665 adeptionis
2543 4595 2610 4651 ⁸⁸.
2643 4595 2709 4650 Et
2746 4597 3196 4665 quemadmodum
3223 4597 3412 4652 Domi-

217 4797 265 4831 ¹⁸
295 4796 402 4857 lsa.
429 4811 506 4861 vr,
538 4796 592 4852 5.
673 4796 715 4833 ι’
737 4795 891 4850 Joan.
926 4811 997 4861 tv,
1029 4794 1120 4852 24.
1199 4796 1246 4827 ὀ
1269 4793 1474 4853 Tltren.
1501 4811 1574 4861 tv,
1602 4796 1695 4852 20.

1851 4797 1891 4853 Il
1918 4797 2042 4854 Cor.
2074 4812 2155 4860 ιιι,
2183 4796 2270 4851 t7.
2343 4797 2389 4828 ¹²
2415 4794 2571 4850 Joan.
2599 4809 2710 4859 XIV,
2734 4793 2822 4848 16.
2898 4793 2945 4826 ”
2973 4793 3116 4850 Psa..
3153 4811 3324 4862 um,
3351 4814 3411 4852 0.

143 4871 192 4905 ’κ
213 4867 318 4924 Job
352 4881 548 4935 sunt,
577 4866 634 4922 4.
708 4867 755 4906 ³⁵
783 4867 886 4922 lsa.
914 4879 1105 4934 sunt,
1135 4863 1223 4920 i6.
1299 4867 1345 4898 '°
1369 4864 1509 4920 Psal.
1541 4881 1731 4923 σχειν]

1851 4870 1894 4923 1.
1967 4867 2012 4898 ’⁷
2038 4864 2195 4922 Joan.
2235 4881 2273 4935 ι,
2296 4867 2385 4924 12.
2459 4865 2508 4898 ’⁸
2533 4863 2694 4920 Rom.
2730 4879 2850 4930 vut,
2883 4863 2972 4953 15.

213 5044 330 5118 (96)
364 5045 522 5118 Regii
558 5041 850 5118 secundus,
883 5042 1078 5118 tertius
1104 5051 1162 5097 et
1190 5042 1436 5118 quintus,
1463 5050 1520 5118 et
1558 5041 1722 5118 βου).

141 5111 269 5172 cuin
303 5111 542 5171 editione
575 5113 713 5184 Ven,
755 5112 862 5184 πρὸ
891 5111 1219 5184 προσώπου,
1240 5123 1294 5168 et
1349 5112 1422 5165 ita
1467 5113 1610 5184 legit,
1644 5113 1728 5166 in-

147 5195 383 5255 terpres,
417 5186 658 5255 olimque
685 5181 1235 5255 lege'rat_Atnbrosi_us
1264 5181 1636 5255 sermonem,
1669 5192 1729 5237 ut

147 5252 304 5311 notat
335 5252 715 5311 Cou‘tbelisius.
747 5252 947 5306 Vocula
995 5252 1104 5323 πρό
1153 5253 1207 5307 in
1238 5252 1360 5323 aliis
1399 5253 1721 5323 quibusdam

148 5341 284 5382 mss.
310 5337 367 5380 et
398 5327 451 5378 in
490 5325 731 5380 editione
773 5323 950 5377 Paris.
981 5320 1155 5378 deest.
1187 5322 1390 5377 Ibidem
1416 5320 1592 5376 editio
1619 5320 1723 5375 Pa-

148 5399 243 5450 ris.
276 5397 304 5449 6
333 5394 563 5461 Κύριος.
601 5394 673 5447 At
707 5395 762 5446 in
785 5407 919 5448 mss.
958 5393 1216 5447 articulus
1251 5407 1357 5461 non
1380 5391 1602 5461 legitur.
1637 5392 1728 5445 Sic

145 5468 284 5533 apud
308 5459 454 5519 LXX
479 5467 777 5533 editusest
817 5463 909 5533 hic
933 5463 1084 5517 locus
1125 5478 1139 5516 :
1165 5459 1394 5531 Πνεῦμα
1431 5459 1724 5533 προσώπου

141 5527 311 5608 ἡμῶν,
334 5535 567 5608 Χριστὸς
594 5532 820 5608 Ιςύριος,
853 5527 1180 5608 οὗΑείπαμεν
1200 5549 1212 5562 ⁸
1264 5527 1607 5608 summa
1631 5532 1729 5608 αὐ-

144 5599 242 5659 τοῦ
280 5599 583 5675 ζησὸμεθα.
622 5599 856 5672 Spiritus
907 5599 1305 5675 fagiei'nostrte
1343 5599 1592 5675 Christus
1619 5602 1725 5655 Do-

145 5671 436 5734 ntinuste'
479 5691 582 5743 quo
611 5671 843 5727 diximus
893 5671 916 5726 ἐ
972 5671 1040 5726 In
1091 5679 1279 5726 umbra
1333 5672 1449 5743 ejus
1475 5672 1722 5743 vivemus.

149 5745 308 5871 gunc
337 5741 515 5800 locum
546 5747 600 5801 in
631 5745 746 5800 suis
770 5744 913 5800 notis
950 5743 1183 5799 illustrat
1205 5743 1289 5799 vir
1318 5741 1727 5798 eruditissimus

197 5830 396 5871 uczeus.

197 5830 396 5871 υςίευε.

1897 5043 2010 5115 (97)
2041 5044 2178 5115 Ediu
2203 5061 2303 5098 ουκ
2329 5041 2702 5115 αΑΑοτρίωσιν.
2731 5042 2799 5094 At
2825 5057 2957 5098 mss.
2984 5041 3124 5114 οὐχί.

1893 5111 2010 5185 (98)
2033 5113 2263 5185 Codices
2313 5111 2570 5185 nonnulli
2611 5111 3114 5185 ἐπιγενηματικήν,
3147 5125 3258 5185 per
3285 5111 3409 5185 u_u_i-_-

1825 5181 1949 5239 cum
1978 5181 2029 5238 ν.
2061 5184 2264 5239 Ibidem
2293 5184 2425 5238 editi
2450 5192 2504 5238 et
2526 5181 2684 5255 AColb.
2709 5181 3277 5255 προσγεγεννημένην.
3300 5183 3402 5235 Alii

1826 5264 1937 5309 tres
1967 5270 2096 5310 mss.
2125 5251 2662 5324 προσγεγενημένην.

1898 5325 2011 5393 (99)
2040 5321 2184 5382 Editi
2217 5321 2298 5388 εις
2321 5321 2617 5388 ἀπόδειξιν.
2649 5323 2869 5378 Atmss.
2905 5322 3242 5392 antiquiores
3265 5321 3406 5394 πρὸς

1826 5395 2122 5451 ἀπόδειξιν.

1899 5394 2154 5540 ῒῗῗιὲῑέἡί
2194 5465 2470 5540 ἐνέργειαι
2499 5461 2970 5540 τοῦ-Πνεῦματος.
2997 5459 3399 5540 νθιετεεωιὶὺτ]

1829 5541 1888 5586 ut
1911 5531 1970 5587 in
2001 5531 2424 5589 contextuflioc
2459 5536 2577 5602 ipso
2610 5535 2661 5586 in
2699 5531 2816 5586 loco
2848 5547 2980 5586 mss.
3034 5531 3276 5585 nonnulli
3304 5531 3402 5584 106

1828 5603 2060 5674 Κυρίου.
2091 5603 2288 5674 Deerat
2325 5604 2588 5674 articulus
2625 5604 2677 5656 in
2711 5601 2993 5674 impressis
3016 5601 3189 5674 libris.

1905 5669 1983 5745 (Ξ)
2019 5673 2170 5739 Illud,
2207 5672 2318 5743 τῆς
2354 5671 2595 5742 ἀρετῆς,
2627 5669 2868 5729 additum
2902 5680 2982 5727 est
3005 5687 3070 5727 ex
3096 5673 3264 5726 tribus
3294 5669 3402 5724 Rc-

1828 5743 1928 5814 giis
1955 5743 2251 5801 Codicibus.
