3822 6216
385 329 490 388 665

1702 334 1762 390 S.
1809 324 2057 388 BASth
2098 328 2316 386 MAGNI

3551 325 3652 381 654

395 459 488 498 aus
519 456 704 502 noster
730 446 992 517 magister
1020 461 1182 502 verus
1209 461 1313 512 est,
1337 447 1492 516 juxta
1524 449 1575 504 id
1598 451 1739 518 quod
1769 451 1968 504 dictum

2105 446 2275 499 δωκεν
2320 444 2569 510 ἐξουσίαν
2623 445 2735 508 τοῖς
2772 441 3084 514 δεξαμένοις
3125 442 3285 497 αὐτὸν
3327 443 3495 497 τέκνα
3522 445 3652 499 Θεοῦ

395 545 466 588 est
498 551 512 586 :
549 534 653 590 Vos
681 548 855 591 autem
922 538 1081 593 nolite
1133 555 1321 593 vocare
1381 547 1693 610 magistrum
1746 550 1973 594 vestrum

396 645 442 680 ιη
509 638 686 690 terra;
746 646 882 683 unus
937 631 1074 684 enim
1130 631 1380 701 magister
1445 642 1612 685 vester
1675 642 1750 686 est
1813 630 1974 685 Chri-

397 721 609 783 stus";
665 720 744 775 sic
805 729 860 774 et
915 719 1181 791 Spiritum
1234 735 1480 776 sanctum
1535 738 1748 789 omnes,
1815 733 1976 794 quot-

398 821 523 879 quot
567 811 621 864 in
682 812 899 867 nomine
955 813 1169 868 Domini
1222 815 1578 880 crediderint,
1633 815 1834 872 docere
1891 827 1974 873 te-

398 912 564 959 status
615 913 699 958 est
738 906 998 960 Dominus
1049 907 1206 976 ipse,
1255 922 1376 963 cum
1427 908 1616 962 dixit:
1661 907 1973 964 Paractetus

399 1007 568 1050 autem
611 996 842 1064 Spiritus
873 1008 1088 1054 sanctus
1119 1017 1272 1070 quem
1317 997 1478 1053 Pater
1517 1001 1708 1063 mittet,
1760 1001 1848 1054 ille
1889 1018 1975 1056 vos

399 1092 596 1145 docebit
628 1093 808 1168 omnia
838 1091 904 1146 ³ο.
937 1091 1003 1146 Ει
1039 1091 1180 1147 sicut
1213 1091 1372 1146 Pater
1405 1093 1757 1162 operationes
1797 1095 1849 1148 in
1880 1110 1978 1150 eos

400 1183 484 1252 qui
517 1182 929 1252 operationibus
971 1183 1333 1254 suscipiendis
1365 1183 1512 1254 digni
1569 1193 1740 1249 sunt,
1775 1184 1979 1239 dicitur

400 1276 656 1339 dividere,
693 1277 936 1345 itemque
974 1275 1223 1331 dividere
1253 1276 1426 1331 Filius
1475 1277 1980 1332 administrationes

401 1366 451 1420 in
485 1367 836 1435 dignitatibus
880 1367 1169 1420 ministerii
1200 1383 1212 1418 :
1249 1367 1331 1420 sic
1358 1367 1605 1422 dividere
1630 1368 1800 1423 etiam
1834 1368 1978 1422 dona

401 1473 570 1511 meos
609 1459 701 1528 qui
737 1458 895 1512 donis
918 1459 1258 1526 excipiendis
1285 1458 1434 1529 digni
1465 1468 1617 1523 sunt,
1654 1459 1979 1529 perhibetur

402 1549 635 1618 Spiritus
667 1558 911 1604 sanctus.
942 1548 1236 1603 Divisiones
1265 1551 1404 1603 enim
1431 1549 1691 1606 donorum
1713 1560 1864 1615 sunt,
1891 1552 1980 1606 sed

403 1642 534 1695 idem
567 1641 798 1710 Spiritus
825 1659 842 1697 :
875 1653 921 1696 et
956 1643 1232 1696 divisiones
1265 1644 1685 1708 ministeriorum
1710 1656 1857 1710 sunt,
1889 1646 1980 1698 sed

403 1727 533 1780 idem
566 1729 822 1784 Dominus
851 1745 870 1783 :
896 1741 944 1783 et
991 1732 1273 1784 divisiones
1319 1734 1685 1799 operationum
1713 1744 1857 1798 sunt,
1891 1735 1982 1788 sed

2075 537 2363 607 γενέσθαι,
2425 535 2568 589 οὕτω
2645 537 2740 589 καὶ
2793 537 2855 589 τὸ
2921 535 3148 605 Πνεῦμα
3211 535 3365 603 ἅγιον
3437 537 3657 608 Πνεῦμα

2077 627 2347 691 υἱοθεσίας
2395 626 2532 680 ἐστί.
2599 627 2706 679 Καὶ
2769 625 2970 698 ὥσπερ
3013 626 3330 690 διδάσκαλός
3390 629 3656 703 ἐστιν’(ὅ)

2076 720 2327 790 ἀληθινὸς
2363 721 2390 772 ὁ
2412 719 2615 791 Κύριος
2642 719 2800 790 ἡμῶν
2821 721 2963 774 κατὰ
2989 720 3050 773 τὸ
3071 720 3357 792 εἰρημένον
3391 738 3404 749 ·
3476 720 3658 789 Ὑμεῖς

2076 812 2143 865 δὲ
2167 812 2253 882 μὴ
2294 811 2590 866 καλέσατε
2622 811 2998 867 διδάσκαλον
3035 813 3205 882 ὑμῶν
3236 814 3331 865 ἐπὶ
3370 813 3484 880 τῆς
3513 813 3656 882 γῆς·

2077 900 2164 969 εἷς
2205 905 2316 973 τὰρ
2342 903 2685 972 καθηγητὴς
2716 903 2884 973 ὑμῶν
2917 905 3090 958 ἐστιν
3125 908 3157 958 ό
3186 907 3443 974 Χριστός
3463 922 3477 934 ·
3520 905 3660 958 οὕτω

2078 997 2172 1050 κα)⁸
2196 996 2258 1048 τὸ
2288 996 2511 1066 Πνεῦμα
2535 997 2595 1048 τὸ
2620 997 2773 1064 ἆγιον
2795 995 3066 1050 διδάσκειν
3096 995 3304 1058 πάντας
3330 997 3462 1058 τοὺς
3486 996 3561 1065 (4)
3586 998 3661 1057 εἰς

2078 1087 2138 1139 τὸ
2171 1086 2342 1157 ὖνομα
2379 1087 2473 1139 τοῦ
2503 1087 2708 1158 Κυρίου
2752 1087 3212 1153 πεπιστευκότας,
3243 1088 3336 1138 ὑπ’
3371 1086 3537 1140 αὑτοῦ
3571 1087 3662 1139 τοῦ

2080 1180 2285 1249 Κυρίου
2334 1179 2778 1250 μεμαρτύρηται,
2810 1181 3090 1242 εἰπόντος’
3145 1180 3209 1233 Ὃ
3253 1179 3320 1232 δὲ
3353 1180 3665 1249 Παράλλη-

2079 1287 2182 1336 tot;
2229 1271 2296 1323 τὸ
2335 1271 2578 1339 Πνεῦμα
2619 1271 2684 1324 τὸ
2722 1271 2892 1341 ἅγιον
2926 1271 2957 1324 ὃ
3003 1270 3222 1340 πέμψει
3249 1275 3282 1325 ό
3323 1272 3531 1340 Πατὴρ
3564 1272 3664 1342 (5),

2079 1362 2312 1430 ἐκεῖνος
2357 1363 2511 1432 ὑμᾶς
2544 1363 2768 1428 διδάξει
2801 1362 3016 1421 πάντα.
3054 1364 3164 1418 Καὶ
3202 1363 3393 1436 ὥσπερ
3439 1363 3668 1434 διαιρεῖν

2080 1455 2149 1508 τὰ
2188 1457 2536 1526 ἐνεργήματα
2581 1457 2660 1519 είς
2706 1457 2832 1520 τοὺς
2876 1457 3059 1522 ἀξίους
3105 1456 3206 1524 τῆς
3240 1457 3512 1527 ὑποδοχῆς
3559 1458 3667 1510 τῶν

2082 1551 2472 1621 ἐνεργημάτων
2501 1551 2530 1602 ὁ
2557 1549 2743 1620 Πατὴρ
2776 1550 3012 1618 λέγεται,
3047 1551 3138 1603 καὶ
3169 1550 3396 1620 διαιρεῖν
3426 1551 3526 1614 τὰς
3553 1551 3669 1604 δια·

2083 1641 2265 1705 κονίας
2289 1643 2316 1694 ὁ
2344 1642 2468 1704 Υἱὸς
2498 1642 2555 1694 ἐν
2580 1643 2692 1704 τοῖς
2724 1643 2820 1712 τῆς
2849 1642 3126 1704 διακονίας
3149 1641 3456 1712 ἀξιώμασιν
3479 1662 3491 1674 ο
3528 1643 3669 1696 οὕτω

2082 1733 2310 1804 διαιρεῖν
2344 1734 2437 1788 καὶ
2473 1734 2542 1788 τὰ
2581 1735 2898 1804 χαρίσματα
2931 1735 2992 1788 τὸ
3035 1733 3258 1804 Πνεῦμα
3290 1735 3354 1787 τὸ
3395 1735 3551 1803 ἅγιον
3592 1737 3670 1799 είς

403 1819 534 1872 idem
571 1831 646 1874 est
679 1820 854 1888 Deus,
886 1823 1109 1892 efficiens
1148 1825 1326 1876 omnia
1354 1825 1410 1877 in
1444 1824 1686 1881 omnibus
1715 1826 1783 1882 ³¹.
1819 1825 1984 1882 Vides

2102 1799 2210 1890 τοὺς
2259 1826 2440 1894 ἀξίους
2481 1799 2724 1897 τῆς-’των
2753 1799 3113 1898 γαρισμάτων
3161 1799 3673 1899 ῦποδοχῆς-μαρτυ-

404 1915 674 1980 quomodo
701 1913 788 1968 hic
836 1930 1052 1984 quoque
1096 1915 1333 1985 Spiritus
1366 1917 1543 1971 sancti
1581 1918 1827 1987 operatio
1857 1933 1982 1987 ope-

405 2004 597 2057 rationi
633 2004 813 2059 Patris
845 2023 907 2060 ac
947 2007 1066 2060 Filii
1106 2009 1395 2078 conjuncta
1428 2010 1544 2063 sit?
1576 2009 1780 2064 Deinde
1815 2025 1882 2064 ex
1921 2025 1986 2065 eo

405 2096 562 2148 etiam
603 2100 744 2166 quod
778 2101 1048 2167 sequitur,
1103 2100 1364 2155 divinitas
1402 2112 1611 2156 natura:
1648 2105 1821 2158 sancti
1855 2104 1982 2174 Spi-

406 2188 539 2241 ritus
563 2190 797 2258 amplius
829 2192 1158 2245 declaratur.
1195 2192 1337 2259 Quid
1364 2194 1507 2248 enim
1534 2196 1649 2248 ait?
1674 2194 1778 2250 Sed
1811 2200 1986 2249 omnia

406 2279 513 2332 lucc
547 2281 695 2349 eﬁicit
733 2299 864 2336 unus
904 2293 952 2336 et
995 2284 1133 2336 idem
1169 2283 1425 2351 Spiritus,
1460 2286 1694 2341 dividens
1744 2289 1986 2356 privatim

408 2374 709 2443 unicuique,
742 2377 901 2429 sicuti
924 2377 1029 2430 vult
1059 2377 1125 2429 ³³.
1161 2377 1305 2431 Nihil
1345 2378 1488 2432 aliud
1520 2379 1568 2433 ei
1600 2380 1844 2443 ascribit,
1883 2381 1986 2434 nisi

409 2468 718 2521 auctoritati
751 2483 814 2522 ac
851 2471 1093 2524 dominio
1121 2472 1432 2540 adiunctam
1461 2482 1808 2541 potestatem.
1845 2474 1990 2540 Qua-

409 2568 628 2624 propter
653 2561 704 2612 in
736 2559 884 2615 Novo
927 2562 1278 2618 Testamento
1313 2566 1590 2633 propheta:
1633 2565 1940 2620 clamarunt
1975 2587 1987 2621 :

410 2646 533 2700 Ηωι·
548 2649 674 2701 dicit
691 2653 854 2722 276
878 2651 1104 2718 Spiritus
1139 2668 1353 2709 sanctus
1372 2656 1436 2709 ³³.
1463 2654 1616 2710 Unde
1635 2666 1815 2712 autem
1835 2673 1990 2712 scru-

410 2741 540 2793 tatio
585 2747 1006 2810 prolunditatum
1057 2746 1149 2800 Dei
1196 2750 1351 2801 adest
1403 2749 1678 2817 Spiritui?
1722 2751 1991 2816 Quemad-

411 2834 640 2898 modum,
675 2835 884 2904 inquit,
931 2855 1080 2892 nemo
1122 2840 1394 2894 hominum
1448 2844 1587 2894 novit
1639 2858 1700 2894 ea
1739 2859 1856 2910 qua:
1896 2842 1991 2894 lto-

410 2927 565 2979 minis
595 2942 738 2992 sunt,
772 2929 874 2982 nisi
901 2931 1116 2997 spiritus
1145 2933 1373 2986 hominis
1416 2935 1506 3002 qui
1541 2944 1615 2987 est
1661 2935 1715 2987 in
1759 2951 1818 2987 eo
1861 2949 1879 2986 .'
1915 2934 1990 2989 sic

411 3029 454 3073 et
498 3036 557 3072 ea
587 3037 705 3090 qua:
751 3032 871 3075 sunt
912 3022 1046 3087 Dei,
1097 3040 1248 3077 nemo
1296 3026 1558 3095 cognovit,
1608 3025 1710 3078 nisi
1759 3025 1991 3095 Spiritus

411 3110 505 3165 Dei
537 3113 600 3166 ³⁸.
638 3112 706 3168 Ut
739 3117 882 3168 enim
929 3115 1110 3170 nullus
1154 3117 1366 3172 alienus
1396 3129 1488 3171 aut
1538 3121 1860 3189 peregrinus
1898 3122 1983 3174 in-

412 3211 594 3258 ternas
655 3205 851 3257 animae
893 3206 1253 3275 cogitationes
1307 3217 1486 3275 potest
1521 3208 1792 3278 inspicere
1841 3228 1856 3265 :
1905 3211 1986 3266 sic

412 3294 656 3360 profecto
685 3295 729 3348 si
763 3296 950 3348 arcani
981 3295 1185 3364 aliquid
1217 3312 1340 3351 cum
1374 3297 1482 3351 Deo
1512 3315 1799 3354 commune
1827 3301 1991 3356 habet

413 3385 666 3453 Spiritus,
696 3402 819 3438 cum
854 3388 920 3441 ab
961 3402 1025 3440 eo
1051 3404 1228 3458 neque
1261 3391 1470 3444 alienus
1495 3391 1587 3454 sit,
1617 3406 1795 3459 neque
1830 3407 1992 3462 pere-

414 3477 626 3543 grinus,
677 3476 941 3547 profunda
983 3480 1316 3548 judiciorum
1371 3483 1462 3536 Dei
1512 3484 1841 3552 perscrutari
1898 3501 1988 3552 po-

416 3578 543 3623 test.
598 3568 866 3625 Praeterea
902 3581 956 3626 et
1006 3574 1115 3626 vita
1162 3575 1318 3629 nobis
1364 3592 1392 3628 a
1440 3577 1551 3630 Deo
1585 3591 1680 3644 per
1715 3576 1993 3631 Christum

414 3661 470 3714 in
504 3672 693 3715 sancto
718 3662 924 3731 Spiritu
952 3666 1348 3733 suppeditatur.
1378 3667 1624 3721 Vivilical
1651 3669 1796 3721 enim
1831 3669 1992 3733 Deus,

416 3762 477 3805 ut
506 3752 578 3806 ait
610 3752 810 3808 Paulus
847 3773 859 3807 :
897 3755 1162 3826 l’ra’cipio
1209 3760 1305 3812 tibi
1343 3776 1524 3813 coram
1564 3759 1711 3825 Deo,
1751 3762 1842 3831 qui
1870 3763 2001 3816 vivi-

417 3846 539 3914 ficat
565 3848 741 3900 omnia
768 3847 833 3902 ³⁸.
877 3847 1054 3903 Vitam
1080 3862 1260 3905 autem
1294 3852 1520 3921 largitur
1543 3852 1800 3907 Christus
1827 3872 1838 3906 :
1869 3854 1999 3908 Oves

415 3942 553 3991 en’m
581 3956 732 4003 mete,
766 3941 962 4011 inquit,
993 3959 1167 3997 vocem
1216 3960 1386 3998 meam
1417 3945 1668 4011 audiunt,
1709 3955 1757 3999 et
1793 3963 1888 4015 ego
1920 3947 2001 4001 vi-

418 4041 525 4083 tam
564 4044 816 4088 wlernam
862 4036 931 4090 do
985 4037 1090 4090 illis
1135 4037 1202 4092 “.
1257 4037 1609 4092 Viviticamur
1666 4037 1852 4092 itidem
1907 4053 2002 4106 per

423 4123 712 4194 Spiritum,
741 4130 1197 4196 quemadmodum
1228 4131 1304 4184 ait
1329 4128 1532 4186 Paulus
1564 4149 1576 4185 :
1611 4129 1714 4196 Qui
1748 4132 1993 4185 excitavit

491 4266 537 4297 "
575 4266 764 4322 Matth.
799 4269 1052 4334 xxm,l0.
1130 4270 1174 4302 '°
1212 4269 1367 4325 Joan.
1403 4286 1513 4334 xlv,
1548 4271 1638 4324 26.
1717 4271 1758 4302 “
1784 4271 1803 4324 l
1833 4270 1956 4327 Cor.
1985 4286 2081 4335 ιιι,
2120 4271 2237 4327 4-6.
2315 4271 2359 4302 ³¹
2401 4268 2533 4324 ibid.
2568 4267 2654 4320 ll.

421 4337 508 4401 10,
558 4336 644 4392 ii.

493 4448 571 4521 (5)
600 4451 780 4506 Codex
811 4468 950 4508 unus
979 4462 1033 4508 et
1065 4455 1194 4508 editi
1238 4454 1560 4517 διδάσκαλός
1598 4457 1771 4508 ἐστιν.
1806 4454 1914 4510 Sed
1949 4455 2002 4509 in

421 4522 546 4576 ali:s
576 4523 814 4590 quinque
847 4524 1124 4579 codicibus
1157 4541 1255 4578 vox
1289 4527 1436 4578 ἐστιν
1473 4542 1576 4578 non
1611 4525 1824 4592 legitur.

495 4592 571 4659 (4)
613 4593 746 4661 Reg.
771 4595 1040 4648 secundus
1071 4594 1343 4648 διδάσκειν
1361 4596 1578 4657 πάντως
1591 4595 1738 4660 τούς,
1755 4597 1966 4648 omnino
1985 4611 2006 4650 :

423 4665 854 4735 quaescriptura
906 4681 1012 4718 non
1063 4665 1315 4734 displicet
1375 4668 1595 4735 quidem
1652 4665 2002 4735 Combelisio,

425 4734 520 4787 sed
552 4733 626 4787 ita
655 4744 860 4797 tamen,
897 4745 957 4788 ut
988 4733 1273 4803 legendum
1303 4733 1472 4804 putet,
1500 4735 1777 4790 διδάσκειν
1826 4734 2009 4789 πάντα

421 4804 574 4868 τούς,
603 4804 751 4875 docet
783 4805 987 4869 omnia,
1017 4821 1126 4875 eos,
1156 4807 1268 4875 qui,
1301 4815 1407 4861 etc.
1460 4806 1550 4859 Ait
1579 4807 1724 4860 enim
1757 4807 2010 4860 testimo-

426 4876 580 4929 nium
614 4873 775 4939 paulo
817 4884 936 4943 post
986 4889 1018 4928 a
1073 4873 1274 4930 Basilio
1307 4877 1528 4931 allatum
1577 4892 1645 4930 ex
1690 4875 2006 4941 Evangelia,

426 4947 632 5008 ἐκεῖνος
657 4944 800 5014 ὑμᾶς
847 4945 1047 5010 διδάξει
1083 4947 1284 5011 πάντα,
1315 4946 1402 5002 ille
1433 4963 1522 5000 vos
1561 4945 1770 5000 docebit
1801 4947 2005 5012 omnia,

427 5019 573 5070 clare
602 5024 659 5070 et
707 5024 894 5083 aperte
943 5031 1261 5086 exposcere,
1297 5027 1355 5070 ut
1403 5019 1478 5071 ita
1527 5018 1757 5085 legatur.
1790 5015 2008 5086 Fateor

427 5088 799 5157 conjecturam
838 5087 936 5139 viri
967 5085 1264 5141 doctissimi
1309 5087 1439 5142 mihi
1480 5100 1696 5157 quoque
1719 5085 1874 5138 valde
1912 5086 2012 5157 ad-

437 5158 656 5211 modum
694 5155 906 5221 placere
949 5173 960 5208 :
995 5169 1172 5210 tamen
1199 5173 1320 5211 cum
1366 5155 1586 5213 editi—et
1616 5172 1710 5210 sex
1749 5172 1882 5209 mss.
1911 5156 2010 5209 ha-

426 5227 593 5282 beant
655 5226 926 5280 διδάσκειν
987 5227 1198 5291 πάντας
1261 5225 1408 5292 τούς,
1465 5229 1648 5282 docere
1687 5242 1773 5279 eos
1832 5242 2010 5279 omnes

430 5297 543 5369 qui.
579 5309 710 5362 etc.,
755 5301 1050 5369 quidquam
1102 5300 1153 5352 in
1206 5308 1464 5354 contextu
1528 5297 1846 5352 mutandum
1901 5311 2009 5350 non

424 5367 682 5436 judicavi.

506 5439 582 5512 (5)
621 5440 801 5512 Codex
839 5455 977 5495 unus
1000 5439 1190 5512 Πατήρ
1232 5456 1354 5508 μου.

506 5506 581 5578 (ti)
616 5511 842 5565 Codices
872 5525 975 5564 non
1023 5506 1176 5577 pauci
1215 5506 1524 5580 Διαιρέσεις
1554 5509 1610 5561 δὲ
1631 5506 2007 5580 χαρισμάτων.

616 5580 761 5633 Libri
793 5583 994 5647 aliquot
1024 5576 1242 5634 veteres
1268 5576 1396 5646 εἰσὶ,
1421 5581 1513 5634 καὶ
1542 5583 1570 5632 ὁ
1590 5576 1753 5640 αὐτὸς
1785 5576 1938 5640 Θεός.

510 5646 586 5728 (8)
617 5650 755 5703 Editi
784 5654 850 5728 τῇ
879 5646 974 5702 τοῦ
1008 5648 1220 5719 Πατρὸς
1271 5652 1365 5703 καὶ
1411 5651 1504 5703 τοῦ
1557 5647 1712 5703 Υίοῦ.
1754 5647 1827 5702 Αι
1878 5662 2008 5703 mss.

439 5721 679 5785 quinque
704 5721 835 5772 utin
867 5730 1144 5774 contextu.

515 5787 594 5858 (9)
631 5785 819 5844 Visum
859 5790 1188 5864 est-librario
1221 5806 1406 5849 vocem
1457 5790 1600 5845 θεῖον
1646 5790 1696 5845 in
1730 5787 1862 5858 Reg.
1898 5797 2010 5845 ter-

719 4338 768 4370 ³⁵
803 4339 823 4393 l
854 4341 1116 4407 Τίμωνι,
1163 4341 1250 4394 15.
1326 4341 1370 4372 ³⁸
1407 4339 1564 4394 Joan.
1609 4356 1663 4405 x,
1704 4341 1794 4394 27.

2089 1920 2280 1988 ρεῖται.
2333 1918 2657 1987 Διαιρέσεις
2687 1921 2797 1988 γὰρ
2840 1920 3221 1990 χαρισμάτων
3254 1920 3329 1989 (6)
3368 1923 3562 1985 εἰσιν,
3601 1922 3667 1974 τὸ

2087 2010 2155 2063 δὲ
2187 2011 2333 2065 αὐτὸ
2361 2012 2628 2080 Πνεῦμα·
2666 2011 2762 2066 καὶ
2796 2011 3112 2080 διαιρέσεις
3143 2012 3466 2065 διακονιῶν
3493 2017 3666 2079 εἰσιν,

2090 2103 2121 2156 ὀ
2153 2103 2221 2156 δὲ
2250 2104 2433 2169 αὐτὸς
2473 2105 2713 2172 Κύριοςο
2751 2104 2849 2157 καὶ
2891 2103 3212 2172 διαιρέσεις
3251 2104 3671 2173 ἐνεργημάτων

2089 2196 2280 2260 εἰσιν,
2332 2199 2364 2250 ὀ
2392 2195 2460 2248 δέ
2493 2198 2674 2262 αὑτῢς
2709 2199 2852 2262 Θεός
2891 2197 2970 2265 (7)
3007 2197 3179 2250 ἐστιν
3225 2201 3258 2250 o'
3303 2199 3566 2266 ἐνεργῶν
3606 2197 3673 2250 τὰ

2091 2287 2290 2341 πάντα
2321 2289 2390 2341 ἐν
2439 2287 2646 2342 πᾶσιν.
2710 2290 2871 2359 Ὁρᾷς
2911 2291 3026 2353 πῶς
3073 2291 3166 2343 καὶ
3212 2290 3449 2343 ἐνταῦθα
3499 2294 3532 2358 ἡ
3583 2289 3672 2341 τοῦ

2092 2381 2249 2447 ἁγίου
2304 2382 2622 2450 Πνεύματος
2673 2382 2923 2452 ἐνέργεια
2976 2383 3383 2452 συντεταγμένη
3433 2385 3554 2435 ἐστὶ
3611 2385 3674 2452 τῇ

2094 2471 2305 2542 Πατρὸς
2339 2473 2434 2525 καὶ
2465 2471 2595 2524 Υίοῦ
2629 2472 2703 2541 (8)
2735 2473 2986 2541 ἐνεργείᾳ
3012 2488 3026 2532 ;
3065 2469 3194 2524 Εἶτα
3224 2473 3320 2524 καί
3354 2474 3418 2524 ἐκ
3458 2472 3554 2524 τοῦ
3584 2474 3677 2523 ἐπ-

2093 2564 2364 2634 αγομένου
2393 2563 2653 2633 μειζόνως
2683 2565 2744 2616 τὸ
2766 2565 2907 2617 θεῖον
2937 2564 3011 2634 (9)
3039 2564 3139 2634 τῆς
3163 2563 3378 2632 φύσεως
3399 2562 3498 2614 τοῦ
3526 2564 3678 2629 ἁγίου

2094 2656 2412 2726 Πνεῦματος
2458 2656 2807 2728 φανεροῦται.
2867 2657 2932 2709 Τί
2984 2657 3090 2726 γάρ
3137 2672 3302 2724 gnat;
3365 2656 3560 2709 Ταῦτα
3615 2654 3682 2707 δὲ

2093 2747 2289 2800 πάντα
2329 2748 2557 2817 ἐνεργεῖ
2601 2749 2665 2800 τὸ
2696 2748 2765 2800 ἓν
2803 2748 2902 2801 καὶ
2948 2747 3015 2800 τὸ
3057 2746 3200 2800 αὐτὸ
3240 2748 3485 2815 Πνεῦμα
3529 2747 3678 2801 διαι-

2085 2841 2242 2908 ροῦν
2283 2841 2399 2907 ὶδίςι
2431 2841 2685 2907 ἑκάστῳ,
2722 2840 2916 2906 καθὼς
2953 2840 3261 2904 βούλεται.
3295 2841 3462 2892 Οὐδὲν
3492 2840 3681 2910 ἕτερον

2093 2935 2126 3004 ἢ
2162 2934 2485 3005 αὑθεντικὴν
2519 2936 2614 2988 καὶ
2647 2933 2972 3004 δεσποτικὴν
3003 2931 3251 2997 ἐξουσίαν
3280 2933 3430 3003 αὐτῴ
3468 2951 3681 3004 μαρτυ-

2099 3029 2200 3097 ρεῖ.
2245 3027 2441 3096 Διόπερ
2476 3029 2532 3078 ἐν
2562 3029 2628 3097 τῇ
2660 3028 2832 3096 Καινῇ
2883 3022 2994 3097 (10)
3025 3025 3271 3097 ΔιαΘήκῃ
3321 3027 3371 3077 οί
3406 3027 3681 3096 προφῆται

2096 3119 2405 3188 κεκράγασι
2426 3136 2440 3151 ο
2475 3117 2620 3171 Τάδε
2645 3117 2805 3186 λέγει
2835 3116 2902 3169 τὸ
2930 3115 3171 3184 Πνεῦμα
3195 3115 3264 3167 τὸ
3296 3115 3489 3183 ᾶγιον.
3523 3116 3598 3167 Τὸ
3629 3116 3683 3168 δὲ

2092 3212 2319 3280 ἐρευνᾷν
2346 3211 2414 3264 τὰ
2444 3209 2581 3280 βάοη
2611 3209 2704 3262 τοῦ
2721 3209 2877 3272 Θεοῦ,
2909 3208 3072 3260 πόθεν
3094 3206 3172 3278 τῷ
3202 3207 3484 3278 Πνεῦματι
3515 3208 3685 3277 πρόσ-

2091 3319 2278 3366 εστιν;
2308 3303 2559 3369 Ὥσπερ,
2600 3301 2785 3370 φησιν,
2845 3300 3043 3366 οὐδεὶς
3071 3297 3235 3352 οἶδεν
3260 3300 3588 3367 ἀνθρώπων
3615 3302 3686 3354 τὰ

2091 3395 2198 3447 τοῦ
2227 3395 2540 3461 ἀνθρώπου
2571 3396 2621 3446 εὶ
2657 3393 2737 3459 μὴ
2769 3392 2834 3444 τὸ
2865 3393 3102 3462 πνεῦμα
3127 3391 3234 3445 τοῦ
3269 3392 3586 3454 ἀνθρώπου
3622 3392 3682 3444 τὸ

2092 3485 2162 3536 ἐν
2197 3485 2374 3549 αὐτῷ·
2408 3485 2560 3537 οὕτω
2603 3484 2702 3539 καὶ
2743 3483 2814 3536 τὰ
2853 3483 2960 3536 τοῦ
2989 3482 3137 3535 Θεοῦ
3181 3481 3382 3547 οὐδεὶς
3424 3481 3688 3549 ἔγνωκεν

2091 3580 2141 3630 εὶ
2165 3577 2251 3646 μὴ
2284 3577 2350 3629 τὸ
2387 3577 2632 3645 Πνεῦμα
2677 3575 2784 3629 τοῦ
2822 3575 2991 3630 Θεοῦ.
3037 3575 3125 3636 Ὠς
3169 3573 3280 3644 γὰρ
3314 3573 3491 3637 οὐδεὶς
3533 3572 3685 3625 ἀλλό-

2095 3687 2247 3741 τριος
2277 3668 2398 3720 οὐδὲ
2431 3667 2579 3732 ξένος
2606 3669 2731 3732 τοὺς
2758 3669 2903 3722 ἐνδον
2932 3668 3225 3738 λογισμοὺς
3249 3666 3575 3719 ἐποπτεύειν
3601 3665 3688 3718 δύ-

2098 3777 2258 3814 ναται
2287 3760 2388 3828 τῆς
2410 3759 2607 3828 ψυχῆς,
2639 3757 2783 3811 οὕτω
2813 3757 3074 3827 δηλονότι,
3101 3757 3194 3810 καὶ
3223 3756 3350 3808 εἴτι
3383 3755 3494 3808 τῶν
3519 3757 3684 3827 ἁπορο

2103 3855 2280 3924 ρήτων
2313 3856 2562 3906 κοινωνεῖ
2604 3851 2680 3922 τῷ
2719 3851 2860 3923 Θεῷ,
2905 3853 3008 3905 οὐκ
3035 3850 3315 3920 ἀλλότριον
3361 3848 3474 3919 (Η)
3504 3848 3686 3911 αὐτοῦ,

2100 3944 2222 3997 οὐδὲ
2256 3944 2426 4010 ξένον,
2476 3944 2757 4015 διερευνᾷν
2801 3944 2870 3997 τὰ
2919 3944 3056 4014 βάθη
3103 3943 3212 3995 τῶν
3259 3943 3547 4012 χριμάτων
3599 3937 3688 3992 τοῦ

2101 4036 2238 4090 Θεοῦ
2260 4037 2506 4090 δύναται.
2538 4033 2674 4090 Εἶτα
2698 4037 2789 4089 καὶ
2815 4038 2846 4106 ἡ
2880 4034 2991 4106 ζωὴ
3021 4037 3152 4105 ἡμῖν
3179 4032 3286 4086 ἀπὸ
3309 4032 3405 4084 τοῦ
3439 4032 3579 4084 Θεοῦ
3607 4031 3689 4083 διὰ

2103 4128 2342 4199 Χριστοῦ
2375 4129 2434 4180 ὲν
2462 4127 2603 4197 ἁγίῳ
2631 4127 2910 4197 Πνεῦματι
2935 4128 3272 4196 χορηγεῖται.
3301 4125 3572 4176 Ζωοποιεί
3598 4122 3690 4192 μὲν

2748 4265 2792 4296 ³³
2831 4266 2951 4320 Act.
2987 4277 3101 4324 XXI,
3140 4259 3226 4314 ll.
3320 4257 3367 4288 “
3409 4257 3429 4311 l
3461 4257 3590 4311 Cor.
3621 4271 3653 4308 ιι

2113 4457 2189 4510 tio
2215 4455 2509 4524 corrigere,
2546 4468 2626 4508 stc
2659 4461 2718 4506 ut
2757 4450 2810 4503 in
2841 4463 2935 4502 ora
2960 4445 3085 4524 libri
3116 4442 3400 4512 scripserit
3425 4443 3497 4524 32.
3533 4458 3693 4524 μεγα-

2038 4499 2086 4557 D
2112 4499 2282 4592 λέξον,
2313 4499 2566 4593 ηιΖῙεείαε
2591 4532 2797 4576 ηαιιινω
2828 4534 2846 4571 :
2879 4518 2972 4593 sed
3008 4499 3310 4593 vereor,'ne
3346 4499 3692 4592 potiusiliunc

2116 4582 2297 4651 locum
2330 4582 2816 4665 corruperitpcn‘m
2849 4599 2904 4644 et
2931 4588 3002 4665 _in
3061 4585 3350 4665 etiitis‘_et__
3375 4586 3428 4635 in
3463 4582 3692 4665 quinque

2113 4683 2246 4720 mss.
2297 4651 2616 4720 constanter
2639 4651 2702 4715 τὸ
2751 4660 2894 4715 θεῖον
2931 4658 3165 4723 legatur.
3210 4655 3410 4707 Statim
3465 4653 3595 4708 editi
3637 4651 3691 4704 ἓν

2113 4739 2208 4790 κα)⁸
2235 4735 2386 4788 αὐτό.
2416 4733 2563 4788 Libri
2599 4732 2902 4802 veteresiﬁv
2937 4727 3033 4780 καὶ
3060 4725 3122 4802 τὸ
3151 4723 3314 4802 αὑτό..
3472 4794 3485 4802 _
3643 4790 3653 4802 _

2187 4806 2298 4879 (l0)
2330 4805 2436 4879 Pro
2470 4806 2672 4879 Katvﬁ,
2787 4801 2963 4862 Novo,
2994 4795 3254 4879 scriptmn
3299 4793 3690 4879 invenimus‘in

2117 4862 2552 4946 margineiRegii
2595 4862 2743 4946 tertii
2778 4887 2938 4946 manu
2990 4862 3281 4946 admodum
3325 4865 3562 4944 recenti,
3594 4862 3693 4941 Πα-

2113 4935 2269 5018 λαιᾷῖ
2284 4950 2338 5000 in
2364 4935 2564 5018 Veteri.
2601 4935 3322 5018 Sed_qtticunqnenille_iuit,
3348 4935 3441 5015 q_ui
3471 4936 3545 4986 ita
3572 4935 3693 5018 seri:

2114 5004 2261 5087 psit,
2281 5017 2541 5084 opinione
2574 5030 2673 5087 sua
2711 5004 2886 5067 falsus
2909 5004 3015 5087 est.
3043 5004 3456 5087 Basili.us_enim
3488 5004 3695 5087 respicit

2115 5072 2181 5141 ad
2212 5072 2345 5141 Acta
2392 5085 2766 5154 apostolorum
2800 5097 2915 5156 xxi,
2941 5079 3028 5141 Η,
3063 5075 3153 5156 ubi
3178 5074 3260 5156 sic
3290 5073 3496 5156 legitu-r
3531 5091 3545 5127 :
3581 5072 3693 5156 Hoc

2113 5159 2241 5211 dicit
2277 5145 2508 5226 Spiriius
2540 5163 2778 5226 sanctus.
2798 5145 2965 5226 virum
3001 5146 3153 5226 cujus
3181 5154 3258 5224 est
3289 5161 3424 5226 sonu
3447 5145 3692 5226 Ilergete.

2117 5217 2401 5282 Librarius
2430 5228 2572 5281 alius
2599 5224 2794 5298 melius
2818 5223 2884 5298 d_e
2929 5222 3032 5298 hoc
3074 5219 3192 5270 loco
3215 5217 3692 5298 iudicavetmhzqut

2116 5299 2189 5352 ita
2224 5308 2442 5354 notarat
2470 5299 2522 5351 in
2562 5294 2807 5364 margine
2836 5290 2990 5360 Regii
3023 5285 3271 5347 secundi,
3308 5286 3369 5338 ἐν
3405 5286 3527 5348 ταῖς
3563 5283 3694 5351 ΙΙρὰ-

2117 5368 2284 5433 ξεσιν,
2319 5370 2373 5422 in
2400 5368 2564 5421 Actis.

2187 5423 2298 5510 (11)
2325 5438 2468 5510 Ε(Ιὶιὶ
2503 5437 2785 5506 ἀλλότριον
2817 5432 2896 5510 ὅν.
2925 5429 3044 5484 Vox
3071 5428 3138 5510 (δν
3162 5428 3220 5510 in
3236 5440 3332 5504 sex
3369 5440 3506 5510 mss.
3532 5423 3694 5510 deos}.

2117 5503 2290 5564 liu'nc'
2326 5508 2504 5562 locum
2541 5503 2809 5561 vertimus
2865 5507 2963 5574 ita,
3025 5509 3083 5553 ut
3137 5503 3378 5565 optimus
3433 5503 3692 5574 interpres

2118 5582 2370 5634 Duc-mus.
2426 5579 2580 5632 llaud
2661 5572 3018 5646 longe_R_eg.
3081 5578 3339 5646 quartus
3364 5572 3694 5646 ρρηγεῐτειι.

2117 5651 2385 5720 Ζωογονεῖ
2445 5649 2542 5721 μὲν
2588 5646 2696 5718 γὰρ
2740 5638 2784 5699 ὅ
2829 5638 3031 5706 Θεόςῖ..
3078 5638 3215 5694 Θεοῦ
3247 5638 3343 5690 τοῦ
3380 5638 3698 5710 ζωογονοῦν-

2115 5739 2227 5785 τος.
