3822 6216
179 340 296 400 665

1279 357 1653 418 ADVERSUS
1691 361 2060 422 EUNOMIUM
2097 365 2229 421 LIB.
2271 365 2359 422 111.

3328 373 3426 433 666

176 455 294 550 γὰρ
320 459 350 511 ὁ
375 457 527 550 Θεὸς,
557 457 634 523 ὥς
664 477 796 532 φησι
827 463 1058 530 Παῦλος·
1107 469 1507 540 Παραγγέλλω
1535 487 1630 528 σοι
1682 475 1744 529 ἐν

1881 475 2147 530 Christum
2185 495 2214 532 ε
2252 479 2498 545 mortuis,
2529 480 2810 550 uiui/icabit
2838 484 2994 537 etiam
3033 485 3280 540 mortalia
3311 507 3414 543 cor-

173 547 375 600 ὡπιον
393 547 500 602 τοῦ
522 551 672 620 Θεοῦ
693 554 801 608 τοῦ
829 554 1251 625 ζωοποιοῦντος
1267 563 1349 615 τὰ
1364 561 1559 616 πάντα
1575 581 1588 593 ·
1616 564 1760 636 ζωὴν

175 637 244 690 δὲ
277 638 490 695 δίδωσιν
518 643 547 694 ὁ
580 644 814 716 Χριστός
846 647 956 719 (12)
977 665 991 681 ·
1032 649 1108 704 Τὰ
1136 653 1400 719 πρόϐατα
1431 653 1562 723 γὰρ,
1603 657 1756 727 φησὶ,

1867 583 2000 636 pora
2039 579 2248 636 vestra,
2293 587 2378 641 per
2429 571 2596 643 ipsius
2649 571 2906 644 Spiritum
2941 577 3322 634 inhabitantem
3375 581 3430 638 in

1867 659 2004 713 vobis
2033 660 2106 716 ³⁷.

174 729 260 782 τὰ
285 731 402 799 ἐμὰ
433 733 545 829 τῆς
575 737 782 804 φωνῆς
814 755 934 808 μου
967 741 1286 808 ἀκούουσι,
1318 743 1418 798 καὶ
1459 746 1574 816 ἐγὼ
1607 745 1758 817 ζωὴν
1794 751 2033 804 αἰώνιον
2065 751 2270 823 δίδωμι
2300 755 2521 822 αὐτοῖς.
2593 757 3007 829 Ζωοποιοῦμεθα
3066 759 3122 814 δὲ
3153 761 3238 816 διὰ
3263 763 3430 818 Πνεῦ-

181 825 497 926 ματος,-ὥς
541 843 693 926 φησὶ
725 832 972 896 Παῦλοςο
1129 835 1362 904 ἐγείρας
1401 839 1660 908 Χριστὸν
1697 840 1766 896 ἐκ
1804 843 2031 912 νεκρῶν
2067 845 2412 918 ζωοποιήσει
2451 848 2550 902 καὶ
2613 845 2685 902 τὰ
2731 825 2916 919 θνητὰ
2951 849 3196 907 σώιιατα
3264 855 3428 926 ὑμῶν

179 913 286 967 διὰ
323 917 430 970 τοῦ
458 918 839 988 ἐνοικοῦντος
870 924 1057 978 αὐτοῦ
1085 929 1430 998 Πνεύματος
1454 931 1524 983 ἐν
1553 931 1715 998 ὑμῖν.

255 1009 310 1062 5.
351 1009 490 1062 Ἀλλ’
519 1013 548 1064 ὁ
575 1014 752 1066 πάντα
773 1015 1045 1088 τολμηρὸς
1071 1012 1244 1084 οὗτος,
1269 1021 1362 1074 καὶ
1390 1021 1463 1092 μὴ
1488 1022 1764 1094 ὑποπτήσ-

177 1119 293 1156 σων
345 1103 436 1157 τὸν
485 1106 862 1176 ἐπηρτημένον
915 1109 1156 1165 κίνδυνον
1204 1115 1318 1176 τοῖς
1367 1113 1602 1183 τολμῶσι
1653 1115 1763 1185 (15)

1938 1024 1994 1080 5.
2037 1025 2238 1080 Verum
2291 1025 2378 1081 hic
2433 1027 2536 1082 iste
2589 1042 2710 1084 cum
2756 1029 2952 1084 audeat
2989 1030 3206 1097 omnia,
3253 1047 3427 1104 neque

1870 1117 2192 1188 periculum,
2214 1117 2356 1185 quod
2393 1117 2616 1172 cuilibet
2649 1118 3017 1188 blasphemum
3053 1120 3268 1190 aliquod
3301 1137 3426 1178 ver-

179 1194 502 1284 βλάσφημόν
533 1215 584 1250 τι
624 1199 774 1268 ῥῆμα
819 1201 900 1264 εἰς
931 1201 991 1253 τὸ
1027 1201 1251 1273 Πνεῦμα
1294 1203 1356 1256 τὸ
1403 1204 1555 1273 ἅγιον
1587 1207 1744 1278 ἀπορι

1862 1211 1986 1264 bum
2017 1211 2069 1263 in
2104 1209 2369 1278 Spiritum
2401 1218 2644 1264 sanctum
2673 1213 2922 1266 emittere
2963 1214 3184 1268 audenti
3213 1215 3420 1284 impen-

177 1283 358 1352 ῥῖψαι,
387 1286 652 1357 ἀμέτοχον
681 1289 813 1342 αὐτὸ
847 1289 1099 1362 Θεότητος
1128 1293 1507 1362 ἀποφαίνεται,
1537 1296 1744 1367 γράφωε

1862 1303 1970 1360 (let.
2003 1301 2210 1366 timeat,
2249 1309 2524 1368 expertem
2557 1315 2679 1356 eum
2709 1303 2924 1359 deitatis
2958 1283 3302 1373 pronuntiat,
3345 1307 3422 1362 sic

173 1373 325 1427 οὕτω
349 1376 477 1446 περὶ
509 1378 603 1430 τοῦ
635 1379 954 1450 Πνεύματος
974 1398 988 1412 ·

247 1467 411 1520 ΕΥΝ.
445 1469 640 1539 Τρίτον
673 1469 823 1534 τάξει
863 1473 956 1524 καὶ
997 1473 1106 1544 (14)
1155 1473 1332 1542 φύσει,
1381 1477 1760 1547 προστάγματι

177 1556 280 1627 μὲν
318 1559 410 1611 τοῦ
445 1561 691 1632 Πατρὺς,
728 1564 979 1635 ἐνεργείᾳ
1025 1565 1082 1617 δὲ
1127 1565 1222 1618 τοῦ
1274 1566 1404 1619 Υίοῦ
1444 1569 1754 1639 γενόμενον,

171 1649 334 1721 τρίτῃ
361 1651 515 1723 χώρᾳ
547 1653 873 1724 τιμώμενον,
907 1656 982 1718 ὡς
1007 1655 1223 1726 πρῶτον
1247 1659 1342 1710 καὶ
1371 1659 1554 1728 μεῖζον
1582 1659 1756 1713 ἀπάν-

171 1759 318 1806 των,
359 1745 456 1796 uati.
508 1746 668 1816 μόνον
703 1745 940 1802 τοιοῦτον
991 1749 1084 1801 τοῦ
1134 1751 1472 1819 Μονογενοῦς
1499 1753 1750 1823 ποίημα,

1861 1393 1926 1445 de
1954 1390 2155 1461 Spiritu
2187 1392 2431 1446 scribens
2464 1409 2478 1446 :

1929 1483 2062 1538 EUN.
2100 1482 2317 1538 Tertius
2367 1484 2556 1538 ordine
2599 1492 2654 1539 et
2694 1495 2926 1550 natura,
2983 1485 3162 1542 Patris
3203 1487 3419 1556 quidem

1857 1581 2146 1642 praecepto,
2177 1574 2496 1642 operatione
2538 1588 2669 1628 vero
2700 1575 2823 1630 Filii
2859 1576 3055 1644 factus,
3095 1579 3254 1631 tertio
3297 1578 3419 1632 loco

1854 1665 2187 1732 honoratus,
2231 1675 2487 1738 tanquam
2535 1669 2624 1738 qui
2661 1668 2733 1723 sit
2765 1669 2997 1738 primum
3019 1709 3036 1735 ,
3069 1670 3420 1738 omniumque

1855 1756 2184 1820 maximum,
2236 1765 2290 1812 et
2323 1757 2495 1811 solum
2539 1759 2849 1828 huiusmodi
2889 1759 3161 1828 opiﬁcium
3215 1759 3417 1830 Unige-

171 1834 430 1904 Θεὸτητος
455 1839 548 1890 καὶ
577 1838 972 1910 δημιουργικῆς
995 1841 1275 1911 δυνάμεως
1300 1843 1744 1914 ἀπολειπόμενον.

1862 1847 1974 1912 uiti,
2008 1847 2206 1902 deitate
2234 1863 2298 1904 ac
2331 1849 2548 1904 creandi
2583 1821 2819 1918 potentia
2850 1865 3064 1906 carens.

241 1927 395 1980 ΒΑΣ.
443 1929 498 1982 Ὁ
528 1929 584 1981 δὲ
616 1929 774 1983 τοῦτο
809 1931 980 1999 λέγων
1032 1931 1176 1986 ἔοικε
1213 1935 1350 2004 μηδὲ
1382 1935 1477 2006 τὴν
1525 1935 1751 2008 θεότητα

171 2022 597 2077 πεπιστευκέναι
629 2024 686 2076 ὲν
726 2026 858 2095 ἡμῖν
885 2026 1052 2078 οἰκεῖν
1087 2027 1220 2097 (15),
1245 2028 1336 2080 τοῦ
1381 2029 1627 2083 Ἰωάννου
1662 2031 1750 2084 λέ-

171 2131 362 2182 γοντος
399 2115 525 2187 περὶ
557 2115 692 2169 Θεοῦ
714 2133 726 2146 ’
773 2118 866 2170 Ἐκ
897 2115 1108 2172 τούτου
1139 2120 1529 2190 γινώσκομεν,
1564 2123 1652 2176 ὅτι
1684 2125 1754 2178 ἐν

169 2204 322 2273 ἡμῖν
348 2205 551 2267 ἐστιν,
585 2206 654 2258 ἐκ
693 2205 800 2260 τοῦ
851 2209 1199 2276 Πνεύματος
1247 2205 1320 2264 οὗ
1349 2211 1495 2280 ἡμῖν·
1529 2211 1711 2266 ἔδωκε
1735 2229 1747 2241 ·

171 2295 268 2348 καὶ
315 2295 411 2348 τοῦ
467 2297 826 2350 Ἀποστόλου·
865 2301 984 2352 Οὐκ
1030 2299 1250 2364 οἴδατε,
1292 2300 1378 2354 ὅτι
1415 2301 1561 2368 ναός
1603 2304 1751 2358 Θεοῦ

171 2389 332 2454 ἐστε,
375 2391 474 2443 καὶ
503 2391 570 2443 τὸ
601 2393 846 2462 Πνεῦμα
873 2393 980 2446 τοῦ
1019 2393 1164 2448 Θεοῦ
1181 2393 1331 2448 οἰκεῖ
1360 2395 1428 2448 ἐν
1447 2395 1624 2465 ὐμῖν;
1657 2397 1750 2449 καὶ

169 2483 358 2536 πάλιν·
399 2485 495 2538 Ἐν
517 2483 564 2549 ᾦ
587 2487 624 2552 ἡ
646 2484 814 2539 πᾶσα
839 2485 1119 2554 οἰκοδομὴ
1143 2489 1748 2558 συναρμολογουμένη

169 2577 344 2640 αὔξει
384 2579 469 2642 εὶς
513 2580 664 2631 ναὸν
707 2577 879 2647 ἅγιον
909 2579 976 2631 ἐν
1007 2581 1234 2647 Κυρίῳ,
1268 2581 1336 2633 ἐν
1366 2573 1413 2645 ᾧ
1445 2581 1542 2633 καὶ
1583 2583 1750 2650 ὑμεῖς

169 2669 708 2739 συνοικοδομεῖσθε
748 2673 834 2735 εἰς
865 2670 1320 2738 κατοικητήριον
1353 2669 1459 2724 τοῦ
1507 2671 1654 2724 Θεοῦ
1681 2671 1752 2724 ἐν·

169 2761 493 2828 Πνεύματι.
526 2761 588 2813 ΕΞ
611 2761 788 2814 τοίνυν
819 2763 875 2814 ἐν
903 2763 1036 2831 ἡμῖν
1063 2763 1090 2813 ὁ
1111 2761 1240 2824 Θεὸς
1275 2763 1502 2815 ἐνοικεῖν
1534 2762 1750 2830 λέγεται

168 2851 260 2904 διὰ
287 2853 381 2906 τοῦ
409 2853 743 2923 Πνεῦματος,
777 2854 890 2916 πῶς
921 2855 1039 2924 οὐχὶ
1065 2855 1302 2925 φανερᾶς
1333 2855 1581 2919 ἀσεϐείας
1605 2857 1749 2908 ἐστὶν

171 2943 306 2996 αὐτὸ
339 2943 401 2995 τὸ
427 2944 650 3014 Πνεῦμα
682 2945 861 3011 λέγειν
890 2946 1151 3015 ἀμέτοχον
1169 2946 1270 3014 τῆς
1301 2945 1584 3016 οεὀτητος;
1616 2948 1746 3010 Καὶ,

171 3036 222 3086 εἰ
251 3035 409 3098 θεοὺς
443 3035 780 3106 ὀνομάζομεν
809 3038 934 3099 τοὺς
961 3039 1080 3088 κατ’
1113 3036 1310 3107 ἀρετὴν
1344 3036 1601 3100 τελείους,
1633 3040 1665 3109 ὴ
1695 3038 1750 3090 δὲ

1923 1935 2049 1993 Bas.
2087 1938 2202 1994 Hoc
2231 1939 2322 2008 qui
2350 1939 2513 2006 dicit,
2549 1955 2649 1996 nec
2678 1941 2931 1997 deitatem
2959 1943 3204 1998 habitare
3233 1944 3284 1996 in
3315 1959 3414 1998 no-

1855 2027 1938 2083 bis
1973 2029 2185 2084 videtur
2222 2033 2466 2097 credere,
2520 2033 2621 2087 etsi
2669 2033 2735 2090 de
2781 2031 2892 2088 Deo
2937 2031 3172 2090 Joannes
3216 2036 3347 2091 dicit
3397 2055 3412 2092 :

1853 2115 1940 2170 Ea:
1969 2119 2066 2172 hoc
2098 2121 2318 2189 scimus,
2355 2125 2494 2192 quod
2521 2123 2576 2176 in
2607 2123 2753 2178 nobis
2787 2140 2859 2178 est
2879 2165 2893 2188 ,
2924 2141 2988 2180 ea:
3009 2124 3236 2194 'Spiritu,
3263 2143 3417 2196 quem

1853 2209 2000 2261 nobis
2028 2209 2170 2262 dedit
2190 2211 2234 2242 ⁸⁸
2261 2229 2275 2278 ;
2317 2220 2370 2265 et
2387 2212 2715 2280 Apostolus:
2749 2211 2976 2267 Nescitis
3008 2215 3146 2278 quod
3170 2217 3416 2283 templum

1855 2299 1950 2354 Dei
1965 2302 2112 2368 estis,
2130 2311 2174 2356 et
2196 2301 2428 2370 Spiritus
2449 2303 2542 2356 Dei
2557 2305 2759 2357 habitat
2777 2305 2829 2358 in
2850 2307 2989 2358 vobis
3003 2305 3086 2359 ’9?
3109 2315 3160 2360 et
3179 2323 3367 2362 rursus
3397 2325 3412 2361 :

1853 2389 1920 2444 In
1948 2409 2049 2463 quo
2081 2395 2246 2448 omnis
2281 2395 2562 2459 ardiﬁcatio
2589 2407 2949 2467 coagmentata
2979 2400 3158 2452 crescit
3190 2399 3245 2452 in
3281 2409 3412 2451 tem-

1851 2483 1994 2550 plum
2035 2496 2270 2538 sanctum
2304 2485 2358 2538 in
2403 2485 2647 2552 Domino,
2687 2489 2742 2539 in
2774 2504 2875 2557 quo
2920 2497 2967 2542 et
2983 2503 3085 2543 ,σοι
3115 2490 3414 2558 coaediﬁca-

1853 2573 1981 2626 mini
2025 2575 2080 2627 in
2128 2574 2488 2629 habitaculum
2541 2577 2632 2630 Dei
2663 2579 2715 2630 in
2765 2577 2966 2647 Spiritu
3005 2577 3074 2634 ⁸ο.
3125 2579 3336 2648 Itaque,
3371 2580 3416 2634 si
3519 2571 3522 2575 ’

1854 2665 1996 2718 Deus
2027 2665 2080 2718 in
2105 2667 2264 2721 nobis
2290 2683 2386 2734 per
2415 2666 2676 2736 Spiritum
2709 2669 2955 2724 habitare
2983 2669 3201 2736 dicitur,
3236 2688 3416 2726 nonne

1853 2754 2136 2808 manifesta
2169 2755 2420 2824 impietas
2451 2767 2556 2824 est,
2589 2757 2764 2826 ipsum
2799 2757 3060 2827 Spiritum
3091 2761 3272 2815 dicere
3301 2763 3415 2818 dei-

1818 2920 1820 2922 ,
1851 2850 1978 2905 tatis
2008 2852 2323 2906 exsortem?
2353 2851 2440 2916 Et,
2466 2852 2510 2906 si
2534 2867 2625 2906 eos
2655 2853 2744 2921 qui
2777 2853 2976 2908 virtute
3005 2855 3228 2924 perfecti
3257 2869 3402 2922 sunt,

1853 2943 1984 2998 deos
2011 2943 2375 3007 nominamus,
2399 2944 2662 3013 perfectio
2686 2953 2866 2997 autem
2898 2953 2980 3000 est
3005 2961 3100 3014 per
3123 2945 3413 3015 Spiritum;

1852 3033 2122 3104 quomodo
2151 3035 2243 3102 qui
2281 3033 2414 3087 alios
2448 3033 2610 3088 etﬁcit
2660 3036 2811 3102 deos,
2853 3037 2941 3090 ille
2970 3037 3084 3105 ipse
3126 3038 3416 3094 destitutus

169 3127 451 3191 τελείωσις
482 3128 570 3180 διὰ
609 3129 702 3181 τοῦ
741 3128 1086 3197 Πνεῦμα-τος,
1126 3129 1241 3192 πῶς
1275 3129 1334 3181 τὸ
1379 3131 1600 3200 ἑτέρους
1633 3130 1744 3182 θεο-

1862 3129 2052 3182 deitate
2077 3127 2200 3182 est?
2237 3127 2348 3181 Nec
2375 3141 2504 3181 vero
2539 3129 2684 3195 pium
2713 3127 2875 3182 fuerit
2903 3130 3098 3194 dicere,
3139 3139 3196 3184 ut
3232 3131 3282 3183 in
3317 3131 3416 3184 ho-

170 3220 358 3273 ποιοῦν
391 3221 527 3274 αὐτὸ
565 3221 664 3291 τῆς
700 3220 948 3292 θεότητος
994 3222 1378 3286 άπολείπετὰις
1434 3223 1592 3275 Ἀλλὰ
1644 3223 1750 3294 μὴν

169 3312 294 3364 οὐδὲ
323 3309 568 3375 εὐσεϐὲς,
612 3311 797 3382 ὥσπερ
838 3312 930 3364 ἐπὶ
959 3312 1065 3364 τῶν
1110 3312 1412 3384 ἀνθρώπων
1437 3356 1450 3380 ,
1483 3313 1624 3366 οὕτω
1657 3315 1751 3367 καὶ

168 3405 263 3456 ἐπὶ
294 3401 388 3454 τοῦ
433 3402 770 3473 Πνεύματος,
810 3403 1076 3474 μεθεκτὴν
1105 3404 1282 3472 λέγειν
1316 3405 1478 3458 αὐτοῦ
1509 3407 1608 3475 τὴν
1641 3405 1752 3458 θεό-

167 3511 312 3565 τητσι
331 3493 656 3564 τετιμῆσθαι
683 3493 812 3564 (16),
845 3495 941 3546 καὶ
963 3494 1084 3563 οὐχὶ
1113 3493 1270 3563 φύσει
1301 3495 1448 3564 αὐτῷ
1478 3493 1750 3567 συνυπάρ-

167 3603 307 3655 χειν.
353 3586 411 3636 '0
451 3585 558 3656 γὰρ
600 3585 780 3655 χάριτι
815 3584 1225 3655 θεοποιούμενος
1259 3586 1358 3656 τῆς
1392 3589 1749 3659 μεταπτωτῆς

167 3677 288 3728 ἐστι
331 3676 563 3744 φύσεως,
605 3675 660 3741 ἐξ
701 3676 1030 3748 ἁπροσεξίας
1062 3677 1189 3729 ποτὲ
1228 3678 1321 3730 καὶ
1371 3677 1748 3751 ἀπορρεούσης

165 3769 264 3822 τοῦ
304 3767 631 3839 κρείττονος.
679 3767 847 3820 Τοῦτο
884 3769 940 3820 δὲ
976 3767 1161 3837 σαφῶς
1202 3769 1430 3839 μάχεται
1469 3773 1532 3840 τῇ
1567 3786 1741 3839 παρα-

165 3859 314 3914 δόσει
335 3859 427 3914 τοῦ
451 3863 713 3931 σωτηρίου
741 3859 1128 3930 βαπτίσματος.
1155 3860 1566 3928 Πορευθέντες,
1592 3863 1744 3932 φησι,

166 3948 481 4016 βαπτίζετε
502 3953 590 4016 είς
613 3949 677 4003 τὸ
705 3951 890 4018 ὄνομα
911 3949 1016 4004 τοῦ
1047 3951 1296 4018 Πατρός,
1323 3952 1420 4005 καὶ
1448 3952 1551 4006 τοῦ
1587 3953 1742 4016 Υἱοῦ,

167 4041 271 4093 καὶ
307 4041 414 4095 τοῦ
459 4041 631 4110 ἁγίου
675 4042 1020 4110 Πνεύματος
1055 4039 1186 4110 (17).
1226 4043 1380 4094 Ἐστι
1407 4042 1516 4112 γὰρ
1545 4042 1606 4095 τὸ
1653 4041 1746 4112 βά-

165 4147 382 4199 πτισμα
425 4133 661 4202 σφραγὶς
696 4132 795 4202 τῆς
824 4133 1077 4199 πίστεως,
1118 4133 1150 4202 ἡ
1184 4131 1240 4185 δὲ
1279 4133 1458 4196 πίστις
1497 4132 1745 4204 Θεότητος

165 4223 588 4291 συγκατάθεσις.
623 4221 914 4276 Πιστεῦσαι
944 4223 1051 4294 γὰρ
1083 4223 1162 4277 δεῖ
1199 4225 1480 4296 πρότερον,
1511 4221 1628 4279 εἶτα
1669 4225 1745 4296 τῷ

167 4313 509 4384 βαπτίσματι
541 4312 1058 4385 ἐπισφραγίσασθαι.
1096 4313 1169 4366 Τὸ
1193 4315 1248 4366 δὲ
1278 4314 1558 4384 βάπτισμα
1589 4314 1746 4384 ἡμῶν

165 4407 288 4457 ἐστι
320 4405 461 4458 κατὰ
499 4406 597 4477 τὴν
627 4405 721 4457 τοῦ
752 4405 858 4477 (18)
893 4405 1098 4477 Κυρίου
1126 4406 1439 4476 παράδοσιν,
1469 4407 1549 4469 είς
1573 4403 1746 4476 ῦνομα

1855 3217 2111 3285 tninibus,
2161 3218 2234 3269 ita
2259 3225 2312 3270 et
2340 3217 2393 3270 in
2423 3216 2630 3284 Spiritu
2666 3218 2920 3272 deitatem
2953 3234 3072 3288 quae
3113 3220 3412 3290 participa-

1853 3308 2000 3361 tione
2036 3309 2300 3377 acquisita
2339 3308 2429 3371 sit,
2465 3309 2747 3374 honorari,
2779 3325 2880 3362 non
2921 3319 3100 3363 autem
3132 3320 3321 3366 natura
3358 3315 3411 3367 ei

1850 3410 2178 3468 competere.
2223 3400 2326 3466 Qui
2353 3400 2494 3454 enim
2545 3400 2686 3454 dono
2713 3399 2944 3454 efﬁcitur
2972 3399 3136 3466 Deus,
3176 3404 3411 3458 mutabi-

1851 3493 1916 3548 lis
1943 3503 2026 3548 est
2053 3503 2292 3559 naturae,
2324 3507 2442 3562 quae
2487 3507 2869 3560 nonnunquam
2899 3507 2997 3561 per
3027 3493 3408 3565 negligentiam

1849 3599 1878 3640 a
1927 3583 2174 3640 bonitate
2207 3587 2444 3640 excidat.
2477 3583 2532 3638 1d
2579 3594 2757 3638 autem
2800 3593 2986 3654 aperte
3023 3587 3278 3642 salutaris
3309 3588 3408 3641 ba-

1849 3677 2027 3746 ptismi
2057 3687 2324 3747 repugnat
2345 3675 2646 3730 traditioni.
2675 3676 2892 3742 Euutes,
2923 3677 3120 3748 inquit,
3149 3678 3414 3747 baptizata

1847 3771 1902 3824 in
1932 3771 2139 3824 nomine
2161 3767 2364 3832 Patris,
2389 3779 2443 3821 et
2473 3767 2629 3832 Filii,
2663 3777 2710 3820 et
2741 3767 2975 3835 Spiritus
3010 3769 3182 3822 sancti
3217 3766 3284 3822 δι.
3318 3769 3415 3826 Est

1845 3860 1990 3914 enim
2029 3859 2290 3927 baptisma
2331 3857 2564 3928 sigillum
2601 3857 2758 3921 ﬁdei,
2795 3857 2927 3912 ﬁdes
2977 3872 3107 3912 vero
3149 3871 3408 3914 assensus

1847 3961 1932 4006 est
1987 3949 2190 4004 deitati.
2264 3948 2398 4003 Nam
2452 3949 2672 4003 credere
2719 3950 2867 4019 prius
2921 3958 3168 4018 Oportet,
3220 3950 3414 4008 deinde

1847 4041 2172 4114 baptismate
2201 4039 2495 4110 obsignari.
2529 4039 2624 4095 Est
2667 4051 2846 4095 autem
2880 4051 3063 4096 noster
3110 4042 3412 4113 baptismus

1854 4147 1918 4185 ex
1934 4131 2144 4186 Domini
2183 4131 2491 4196 traditione,
2515 4130 2566 4184 in
2586 4145 2780 4184 nomen
2797 4129 2992 4197 Patris,
3016 4133 3242 4203 el277
3265 4133 3410 4200 Filii,

1845 4234 1900 4278 et
1951 4221 2184 4292 Spiritus
2244 4223 2438 4289 sancti,
2507 4221 2648 4276 nulla
2692 4231 2961 4286 creatura,
3015 4236 3192 4292 neque
3249 4238 3410 4279 servo

1845 4313 1994 4367 Patri
2037 4327 2100 4367 ac
2139 4309 2280 4366 Filio
2335 4311 2645 4382 conjuncto,
2684 4327 2806 4366 eum
2865 4313 3037 4368 deitas
3061 4313 3116 4368 in
3143 4313 3410 4370 Trinitate

1848 4403 2204 4472 compleatur.
2238 4403 2372 4457 Nam
2406 4403 2665 4472 quidquid
2696 4387 2848 4458 extra
2875 4405 2975 4459 hos
3017 4413 3135 4469 est,
3165 4405 3407 4480 idomne

167 4498 386 4567 Πατρὸς
447 4497 541 4551 καὶ
594 4496 725 4550 Υἰοῦ
785 4500 880 4550 καὶ
928 4497 1082 4566 ἁγίου
1133 4497 1482 4566 Πνεύματος·
1533 4496 1743 4559 οὐδενὸς

1862 4509 2164 4549 :onservum
2192 4503 2295 4558 est,
2325 4493 2534 4548 etiamsi
2566 4495 2800 4548 maxime
2824 4493 2892 4548 ob
2917 4493 3236 4562 dignitatum
3267 4511 3405 4576 prte-

165 4589 490 4660 κτίσματος,
524 4589 644 4642 οὐδὲ
676 4589 860 4642 δούλου
890 4589 1064 4659 Πατρὶ
1095 4590 1189 4641 καὶ
1229 4587 1340 4658 Υίῷ
1380 4587 1744 4657 συντεταγμέ-

1850 4587 2100 4641 stantiam
2133 4587 2238 4640 alia
2265 4585 2384 4640 aliis
2410 4595 2821 4656 anteponantur.

165 4698 282 4746 νου,
309 4679 384 4744 ὡς
412 4682 509 4750 τῆς
536 4679 789 4750 θεότητος
817 4682 873 4732 ὲν
902 4679 1088 4750 Τριάδι
1119 4679 1631 4750 συμπληρουμένης.
1665 4679 1736 4730 Τὸ
1773 4678 1828 4731 δὲ
1890 4676 1994 4742 ἔξω
2018 4676 2220 4731 τούτων
2285 4675 2566 4748 ὁμόδουλον
2594 4677 2736 4731 ἅπαν
2761 4676 2899 4742 ἐστὶ,
2933 4675 3036 4732 κᾶν
3061 4675 3142 4754 ,τὰ
3174 4677 3406 4749 μάλιστα

166 4773 495 4844 ὑπερϐολαῖς
541 4771 862 4843 ἀξιωμάτων
903 4771 1036 4826 ἄλλα
1075 4769 1247 4824 ἄλλων
1294 4769 1734 4841 προτετιμημένα
1771 4767 2034 4842 τυγχάνῃ.

241 4865 294 4919 6.
335 4867 446 4920 Καὶ
478 4868 552 4937 μή
599 4883 688 4938 μοι
727 4867 887 4920 πάλιν
916 4867 982 4920 τά
1019 4865 1158 4934 σοφὰ
1187 4864 1389 4918 ταῦτα·

239 4954 400 5009 ΕΥΝ.
443 4955 568 5009 Ἐὰν
600 4956 676 5028 μὴ
712 4957 914 5027 κτίσμα
943 4956 1119 5020 ἐστὶν,
1159 4953 1353 5007 οὐκοῦν
1391 4954 1655 5025 γέννημα,
1703 4952 1734 5022 ἢ

246 5157 290 5192 ³⁷
334 5158 490 5214 Rom.
539 5173 659 5225 vm,
702 5157 788 5212 11.
864 5155 907 5187 ³⁸
947 5151 1142 5208 lJoan.
1176 5167 1258 5216 tu,
1297 5150 1388 5204 24.

239 5342 352 5420 (12)
372 5342 507 5420 Pars
531 5341 703 5411 major
724 5339 983 5418 librorum
999 5345 1240 5420 veterum
1253 5333 1435 5420 δίδωσι
1468 5335 1720 5404 Χριστός.

168 5407 366 5468 Statim
396 5413 528 5480 Reg.
565 5407 786 5479 quartus
809 5407 990 5478 φωνῆς
1021 5423 1120 5480 μου
1150 5407 1358 5480 ἀκούει.

378 5475 525 5560 !._.ib_i_'i
560 5475 763 5548 aliquot
781 5475 988 5560 veteres
1012 5475 1122 5560 τοῖς
1155 5475 1474 5560 seiungeret.
1685 5543 1696 5560 Ι

243 5545 353 5624 (14)
375 5551 603 5626 codices
624 5545 860 5626 nonnulli
888 5548 980 5626 καί
1007 5547 1162 5626 τάξει
1191 5545 1308 5626 καί.
1329 5545 1465 5596 Editi
1499 5545 1726 5626 προστά-

165 5615 346 5695 γματί
377 5622 496 5692 μέν.
523 5619 720 5673 Vocula
750 5618 847 5690 μὲν
889 5618 940 5670 in
977 5615 1162 5694 majori
1197 5623 1347 5694 parte
1379 5628 1507 5666 mss.
1547 5615 1719 5667 deest.

243 5693 355 5746 (15)
391 5693 502 5746 Vox
541 5689 726 5742 οἰκεῖν
757 5703 862 5741 non
891 5685 1082 5746 legitur
1120 5699 1174 5736 tn
1203 5684 1436 5736 editione
1459 5681 1590 5736 Ven.
1632 5697 1726 5736 ne-

243 5695 355 5763 (15)
391 5695 502 5746 Vox
541 5695 726 5742 οἰκεῖν
757 5703 862 5741 non
893 5695 1082 5755 legitur
1120 5699 1174 5736 tn
1203 5695 1590 5764 carbone-ten.
1632 5697 1722 5736 ne-

167 5779 278 5834 que
307 5765 359 5818 in
383 5760 618 5830 antiquis
644 5773 738 5814 sex
771 5757 920 5813 libris
948 5771 960 5808 :
985 5755 1078 5810 sed
1105 5766 1222 5808 eam
1281 5768 1335 5807 tn
1365 5753 1598 5807 editione
1618 5751 1722 5806 Pa-

1916 4861 1969 4915 6.
2006 4861 2116 4914 Nec
2141 4861 2269 4915 mihi
2303 4876 2491 4916 rursus
2519 4859 2782 4929 sapientia
2813 4859 2902 4914 illa
2937 4861 3102 4916 verba
3133 4861 3358 4932 objicias
3386 4877 3402 4917 :

1917 4953 2050 5007 Eua.
2103 4952 2158 5007 Si
2207 4962 2452 5008 creatura
2493 4967 2599 5006 non
2648 4960 2770 5016 est,
2808 4954 2973 5024 igitur
3017 4954 3264 5022 genitura
3312 4965 3408 5008 aut

1476 5151 1519 5182 ³⁸
1562 5151 1582 5204 1
1608 5151 1733 5205 Cor.

1877 5149 1962 5204 16.
2038 5151 2084 5182 ιθ
2125 5150 2322 5221 Ephes.
2350 5168 2410 5220 tt,
2443 5151 2532 5218 21,
2559 5151 2650 5205 22.
2721 5152 2766 5182 ’δι
2803 5150 2994 5208 Matth.
3025 5167 3214 5217 xxvut,
3245 5153 3330 5208 19.

1834 5335 2046 5391 risiensi
2079 5335 2376 5389 addendam
2411 5347 2530 5388 esse
2571 5349 2636 5386 ex
2667 5331 2836 5401 Regio
2863 5345 2964 5386 suo
2990 5332 3176 5387 codice
3211 5331 3405 5386 existi-

1831 5408 1996 5459 mavit
2025 5407 2108 5456 vir
2138 5405 2541 5458 eruditissimus
2572 5403 2816 5457 Ducaaus.

1900 5473 2005 5544 (l6)
2032 5473 2178 5544 Libri
2213 5474 2417 5540 aliquot.
2447 5483 2654 5544 veteres
2681 5473 2773 5544 καὶ
2803 5469 3155 5544 τετιμῆσθαι.

1899 5538 2013 5629 (1.7)
2035 5543 2262 5598 Codices
2289 5538 2531 5596 nonnulli
2565 5541 2780 5612 Πατρὺς
2804 5542 2900 5594 καὶ
2931 5538 3062 5593 Υἱοῦ
3101 5538 3193 5594 καὶ
3239 5539 3400 5608 ἁγίου

1826 5615 1966 5669 Πνεύ
1976 5630 2165 5684 ματος.

1899 5683 2010 5755 (18)
2037 5683 2217 5740 Codex
2243 5680 2392 5740 Colb.
2417 5681 2538 5735 κατ’
2557 5681 2729 5750 αὐτὴν
2753 5680 2852 5752 τὴν
2885 5679 3002 5734 τοῦ.
