3822 6216
421 315 526 374 6θ7

1722 309 1783 365 S.
1822 306 2069 364 BASILII
2107 304 2324 362 MAGNI

3553 297 3654 355 668

426 434 719 507 ingenitus.
769 430 921 488 Unus
952 439 1132 487 autem
1177 428 1321 487 Deus
1358 436 1444 485 est
1484 426 1755 499 principio
1789 441 1984 482 carens

2105 423 2383 495 ιγὲννητον
2413 421 2548 495 (i9).
2579 415 2675 486 Εἷς
2699 421 2756 475 δὲ
2786 422 3031 507 ἄναρχος
3049 419 3180 483 Θεὸς
3218 418 3312 475 καὶ
3341 416 3653 489 ἀγέννητος.

423 538 589 597 atque
633 525 925 595 ingenitus.
972 522 1156 593 Neque
1191 536 1321 577 vero
1364 520 1613 593 genitura
1642 530 1748 577 est.
1790 518 1989 577 Restat

422 632 552 688 ergo
574 626 633 672 ut
655 616 770 687 ipse
798 625 1048 671 creatura
1083 614 1401 684 facturaque
1436 611 1770 668 nominetur.

490 707 619 766 Bas.
665 706 779 778 Ego
822 722 985 775 vero,
1011 706 1059 761 si
1107 714 1302 761 cuncta
1338 704 1640 776 iudicarem
1681 704 1992 775 cognitione

422 807 604 854 nostra
655 798 1037 870 comprehendi
1094 811 1275 869 posse,
1327 812 1415 854 me
1468 797 1704 853 fortasse
1757 799 1992 868 puderet

423 886 787 955 ignorantiam
824 886 1093 942 conﬁteri.
1128 884 1282 942 Nunc
1314 896 1497 942 autem
1529 886 1845 952 innumera,
1879 902 1987 942 non

424 978 598 1033 solum
634 994 699 1033 ex
731 979 797 1033 iis
823 994 942 1048 qua:
971 978 1126 1034 nobis
1158 979 1213 1033 in
1241 978 1425 1034 futuro
1450 978 1652 1032 saeculo
1688 978 1990 1033 recondun-

424 1077 535 1135 tur,
569 1078 624 1124 et
648 1085 713 1125 ex
753 1070 818 1125 iis
852 1086 970 1140 qua:
1006 1086 1144 1125 nunc
1176 1070 1227 1123 in
1268 1068 1419 1124 caelis
1460 1078 1605 1131 sunt,
1643 1068 1809 1123 latent
1852 1084 1987 1124 nos:

426 1164 520 1217 sed
552 1177 727 1232 neque
763 1178 824 1217 ea
873 1178 992 1231 quae
1022 1162 1075 1215 in
1111 1170 1301 1217 nostro
1334 1176 1559 1231 corpore
1593 1160 1778 1215 insunt
1803 1200 1817 1223 ,
1848 1162 1991 1214 clare

426 1269 491 1309 ac
533 1256 811 1311 evidenter
846 1255 1376 1323 comprehendimus.
1428 1253 1668 1322 Exempli
1716 1268 1880 1308 causa
1927 1253 1992 1306 de

426 1347 573 1410 visu,
620 1357 832 1413 utrum,
859 1349 983 1399 dum
1018 1361 1196 1399 rerum
1234 1344 1524 1398 visibilium
1558 1344 1824 1414 susceptis
1859 1343 1992 1397 ima-

424 1437 671 1508 ginibus,
706 1438 778 1490 ita
810 1438 1026 1490 demum
1058 1436 1268 1504 objecta
1306 1436 1668 1506 percipiamus
1714 1454 1727 1487 :
1763 1445 1818 1488 et
1860 1450 1993 1503 quo-

428 1529 585 1583 modo
626 1528 981 1583 maximorum
1033 1528 1328 1591 montium,
1363 1527 1750 1596 immensaque
1799 1538 1989 1591 terrae,

425 1630 480 1673 et
507 1620 701 1673 inﬁniti
733 1620 937 1685 maris,
971 1636 1035 1674 ac
1079 1620 1200 1673 celi
1248 1621 1419 1687 ipsius
1462 1620 1642 1689 imago
1688 1621 1738 1673 in
1797 1621 1988 1690 exigua

430 1722 626 1765 nostrae
668 1711 880 1781 pupilla:
924 1726 1177 1764 mensura
1225 1712 1621 1764 contineatur:
1674 1725 1740 1762 an
1789 1726 1909 1764 cum
1961 1728 1987 1762 a

429 1802 583 1857 nobis
614 1776 885 1873 quidpiam
917 1803 1239 1867 emittimus,
1278 1803 1437 1870 idque
1468 1802 1535 1855 ad
1568 1801 1803 1856 visibilia
1829 1817 1986 1856 acce—
2020 1776 2062 1831 Β

429 1892 523 1957 dit,
558 1891 635 1946 sic
665 1892 861 1946 cadant
890 1894 988 1945 sub
1014 1906 1231 1945 sensum
1269 1900 1359 1944 :et
1386 1892 1513 1960 quid
1541 1892 1591 1944 id
1626 1891 1696 1945 sit
1727 1901 1780 1945 et
1814 1906 1989 1960 quan-

430 1990 577 2046 tum;
609 1981 742 2036 adeo
774 1990 831 2035 ut
865 1995 1159 2049 expansum
1189 1978 1416 2033 sulliciat
1445 1989 1603 2033 terra:
1629 1981 1895 2050 marique,
1930 1996 1992 2034 ac

431 2072 607 2127 locum
650 2072 789 2126 inter
834 2082 1032 2125 terram
1084 2081 1139 2125 et
1182 2071 1375 2125 coelum
1418 2071 1842 2126 intercedentem
1898 2086 1991 2140 pe-

430 2182 640 2236 netret,
677 2171 785 2225 imo
829 2171 895 2224 ad
931 2170 1102 2238 ipsum
1138 2170 1331 2222 coelum
1381 2171 1699 2238 perveniat,
1734 2178 1995 2238 tantaque

432 2271 712 2316 moveatur
741 2260 1049 2323 celeritate,
1087 2269 1145 2313 ut
1178 2259 1375 2328 aequali
1430 2271 1674 2327 tempore
1708 2268 1763 2313 et
1796 2276 1994 2328 corpus

430 2352 893 2420 circumpositum,
918 2360 973 2403 et
1001 2349 1167 2403 stella:
1200 2365 1319 2418 qua:
1357 2350 1408 2401 in
1442 2349 1582 2403 caelo
1618 2359 1764 2413 sunt,
1796 2365 1996 2419 cogno-

433 2453 676 2499 scantur.
712 2443 775 2495 Et
807 2443 934 2511 quid
978 2441 1173 2494 attinet
1203 2440 1409 2508 reliqua
1443 2440 1655 2494 dicere?
1696 2440 1806 2494 lmo
1853 2443 1996 2508 ipsos

433 2536 632 2589 mentis
659 2542 832 2586 motus
862 2547 1048 2586 creare
1075 2547 1141 2585 an
1169 2545 1425 2601 generare
1450 2530 1622 2586 soleat
1660 2532 1998 2602 anima,quis

434 2633 584 2680 certo
618 2624 806 2678 dicat?
835 2622 972 2689 Quid
1009 2624 1174 2691 igitur
1214 2624 1335 2677 miri
1387 2623 1570 2687 fuerit,
1604 2624 1649 2677 si
1686 2639 1900 2691 quoque
1934 2624 1999 2677 de

435 2716 637 2785 Spiritu
664 2724 853 2770 sancto
888 2716 1023 2770 citra
1057 2716 1313 2768 ruborem
1342 2715 1705 2782 ignorantiam
1736 2715 2000 2770 confitea~

435 2823 579 2873 mur,
613 2816 667 2861 et
698 2816 876 2860 tamen
909 2805 1359 2877 gloriﬁcationem
1384 2846 1397 2869 ,
1429 2822 1549 2875 quas
1598 2806 1647 2859 ei
1688 2790 2000 2862 testimonio

434 2897 635 2953 invicto
686 2897 963 2963 tribuitur,
1014 2897 1427 2965 persolvamus?
1481 2897 1689 2951 Etenim
1743 2913 1861 2967 qua:
1906 2914 2000 2967 per

438 2995 747 3066 Scripturas
825 2996 1134 3057 traduntur,
1200 3006 1265 3047 ea
1325 2992 1501 3060 ipsum
1570 3004 1732 3059 supra
1785 2999 2002 3043 creatu-

2090 514 2226 568 οὔτε
2259 513 2365 587 μὴν
2392 514 2657 583 γέννημα.
2682 512 2942 565 Λείπεται
2973 505 3066 564 οὖν
3092 508 3296 580 κτίσμα
3324 510 3421 563 καὶ
3445 511 3657 581 ποίημα

2089 605 2223 660 αὐτὸ
2248 604 2626 677 ὀνομάζεσθαι.

2158 710 2308 765 ΒΛΣ.
2358 708 2499 779 Ἐγὼ
2541 708 2620 773 δὲ,
2663 710 2711 761 ει
2763 706 2863 779 μὲν
2906 704 3087 760 πάντα
3127 703 3456 776 διωριζόμην
3490 720 3660 756 κατα-

2088 800 2271 873 ληπτὰ
2302 800 2461 872 ἡμῶν
2482 795 2619 853 εἷναι
2645 802 2711 870 τῇ
2738 796 2957 868 γνώσει,
2989 796 3263 868 ᾐσχύνθην
3287 795 3354 849 ἂν
3382 795 3512 857 ἴσως
3538 796 3664 864 ὁμο-

2088 893 2316 963 λογῆσαι
2364 892 2461 964 τὴν
2497 893 2753 960 ἄγνοιανο
2799 889 2893 943 νῦν
2923 889 2980 942 δὲ
3016 889 3185 961 μυρία
3221 887 3331 957 (20)
3365 888 3424 939 οὐ
3460 886 3570 939 τῶν
3607 889 3661 937 ὲν

2087 983 2163 1054 τῷ
2190 984 2435 1055 μέλλοντι
2460 985 2616 1037 αἰῶνι
2637 981 3013 1051 ἀποκειμένων
3034 982 3167 1050 ἡμῖν
3198 980 3379 1050 μόνον,
3403 978 3529 1030 οῦτε
3556 977 3663 1031 τῶν

2090 1075 2185 1128 νῦν
2218 1075 2386 1129 ὄντων
2420 1077 2476 1127 ἐν
2505 1078 2615 1139 τοῖς
2648 1075 2897 1145 οὐρανοῖς
2931 1073 3364 1141 ἀποκέκρυπται,
3393 1071 3509 1121 ἀλλ’
3541 1068 3662 1121 οὔτε

2086 1166 2195 1220 τῶν
2222 1167 2571 1237 ὑπαρχόντων
2604 1168 2734 1236 ἡμῖν
2764 1167 2819 1217 ὲν
2850 1164 2926 1233 τῷ
2958 1163 3165 1232 σώματι
3187 1162 3356 1231 τρανὴ
3382 1161 3477 1212 καὶ
3508 1162 3666 1212 ἀναν-

2086 1260 2343 1330 τίρῤητὸς
2377 1261 2525 1311 ἐστιν
2572 1260 2605 1327 ἡ
2654 1256 2978 1325 κατάληψις.
3014 1249 3137 1307 Οἷον
3174 1253 3365 1323 ἀμέλει
3399 1253 3528 1322 περὶ
3567 1251 3668 1320 τῆς

2088 1352 2281 1420 ὅψεως,
2302 1351 2528 1421 πότερον
2560 1349 2923 1418 εἰσδεχόμενοι
2947 1346 3044 1409 τὰς
3066 1346 3275 1406 εἰκόνας
3303 1344 3409 1395 τῶν
3430 1342 3665 1413 ὁρατῶν,

2088 1444 2227 1496 οὕτω
2270 1444 2367 1505 τὰς
2408 1441 2721 1512 ἀντιλήψεις
2763 1438 3095 1509 ποιούμεθα’
3130 1437 3222 1489 καὶ
3258 1436 3372 1497 πῶς
3418 1434 3565 1505 ὁρῶν
3605 1450 3668 1484 τε

2092 1534 2483 1605 παμμεγεθῶν,
2518 1533 2623 1602 γῆς
2648 1549 2705 1583 τε
2728 1532 2980 1595 ἀπλέτου,
3004 1530 3096 1581 καὶ
3117 1528 3339 1597 ἀπείρου
3366 1526 3669 1595 Θαλάσσης,

2090 1627 2169 1679 ἔτι
2198 1627 2254 1679 δὲ
2279 1627 2387 1695 (ει)
2423 1625 2516 1678 καὶ
2547 1624 2710 1677 αὑτοῦ
2740 1623 2831 1675 τοῦ
2860 1620 3087 1693 οὐρανοῦ
3117 1624 3149 1690 ὴ
3182 1618 3343 1671 εἰκὼν
3368 1617 3444 1686 τῷ
3474 1617 3673 1686 βραχεῖ

2096 1718 2279 1787 μέτρῳ
2311 1717 2409 1785 τῆς
2444 1716 2611 1785 κόρης
2642 1716 2797 1785 ⁴ἡμῶν
2832 1713 3167 1785 περιέχεταιο
3208 1711 3241 1780 ἦ
3288 1708 3673 1778 ἐκπέμποντες

2090 1828 2141 1862 τι
2193 1811 2321 1879 παρ’
2374 1806 2601 1870 ἑαυτῶν,
2658 1806 2752 1858 καὶ
2801 1802 3266 1876 προσπελάζοντος
3316 1801 3506 1853 τούτου
3557 1802 3672 1861 rei;

2090 1901 2327 1970 ὁρατοῖς,
2377 1897 2547 1960 οὕτως
2592 1897 2769 1950 αὐτῶν
2806 1898 2904 1964 τὴν
2938 1895 3187 1965 αἴσθησιν
3220 1893 3434 1962 ἔχομεν,
3482 1892 3577 1944 καὶ
3618 1892 3671 1943 τί

2092 1993 2208 2043 ἐστι
2238 1991 2393 2044 τοῦτο
2419 1990 2509 2041 καὶ
2540 1991 2724 2053 πόσον,
2757 1989 2897 2041 ὥστε
2926 1992 2994 2059 γῇ
3024 1989 3115 2041 καὶ
3144 1986 3386 2056 θαλάσσῃ
3417 1986 3672 2055 ἐξαρκεῖν

2092 2084 2520 2154 ὲφαπλούμενον,
2562 2084 2655 2135 καὶ
2700 2084 2872 2152 περᾷν
2919 2082 3017 2151 μὲν
3062 2080 3153 2131 τὸν
3201 2079 3403 2148 μεταξὺ
3437 2078 3543 2146 γῆς
3577 2078 3671 2129 καὶ

2092 2175 2319 2245 οὐρανοῦ
2354 2176 2535 2238 τόπον,
2570 2172 2718 2242 αὐτῷ
2748 2190 2805 2225 τε
2844 2171 3198 2242 προσϐάλλειν
3228 2170 3304 2239 τῷ
3336 2169 3553 2239 οὐρανῷ
3584 2186 3673 2221 το-

2096 2268 2268 2337 σούτῳ
2292 2268 2444 2338 τάχει
2466 2266 2803 2335 κινούμενον,
2835 2264 2974 2317 ὣστε
2998 2266 3052 2316 ἐν
3082 2264 3179 2332 ἴσῳ
3203 2262 3379 2331 χρόνῳ
3406 2262 3467 2313 τό
3492 2278 3549 2313 τε
3580 2278 3675 2312 πε-

2098 2359 2403 2430 ρικείμενον
2433 2359 2591 2428 σῶμα
2615 2398 2628 2422 ,
2664 2356 2911 2417 καὶτοὺς
2952 2357 3008 2407 ἐν
3050 2354 3260 2424 οὐρανῷ
3299 2352 3541 2423 ἀστέρας
3578 2368 3677 2403 κα-

2095 2449 2551 2519 ταμανθάνεσθαι.
2586 2450 2695 2501 Καὶ
2721 2448 2772 2500 τί
2803 2448 2883 2500 δεῖ
2909 2446 3074 2499 τᾶλλα
3108 2446 3283 2513 λέγειν
3319 2444 3434 2513 (2‘2)
3462 2460 3478 2505 ;

2096 2542 2236 2595 αὐτὰ
2264 2541 2331 2594 τὰ
2358 2541 2451 2593 τοῦ
2497 2540 2587 2593 νοῦ
2630 2542 2926 2611 κινήματα,
2973 2538 3199 2608 πότερον
3238 2535 3445 2599 κτίζειν
3477 2535 3510 2604 ἦ
3552 2551 3677 2602 γεν-

2096 2635 2193 2703 νᾷν
2220 2633 2460 2701 πέφυκεν
2505 2635 2537 2702 ἠ
2567 2632 2742 2701 ψυχὴ,
2775 2631 2857 2693 τίς
2889 2630 2953 2683 ἂν
2987 2628 3229 2699 ἀκριϐῶς
3263 2629 3439 2690 cirros;
3476 2625 3545 2677 Τί
3584 2621 3679 2678 οὖν

2098 2723 2409 2793 θαυμαστὸν
2454 2725 2547 2777 καὶ
2597 2724 2724 2793 περὶ
2759 2722 2850 2774 τοῦ
2893 2722 3049 2790 ἁγίου
3088 2718 3404 2789 Πνεῦματος
3450 2719 3679 2770 ἀνεπαιο

2101 2816 2341 2885 σχύντως
2373 2818 2520 2887 ἡμᾶς
2569 2815 2665 2885 τὴν
2716 2816 2937 2882 ἄγνοιαν
2983 2811 3299 2882 ὁμολογεῖν;
3351 2809 3452 2879 τὴν
3497 2808 3683 2878 μέντοι

2099 2908 2506 2979 ἀναντιρρήτως
2550 2905 2697 2975 αὐτῷ
2737 2904 3331 2977 προσμαρτυρουμένην
3369 2900 3682 2968 δοξολογίαν

2099 3000 2443 3065 ἀποδιδόναι;
2484 3002 2603 3053 Ὅτι
2650 3000 2748 3070 μὲν
2796 2999 2904 3068 γὰρ
2949 2997 3089 3067 ὑπὲρ
3138 2996 3236 3066 τὴν
3278 2995 3459 3048 κτίσιν
3509 2994 3681 3051 ἐστὶν.

437 3102 553 3143 ram
582 3102 705 3143 esse
736 3087 870 3143 satis
919 3086 1071 3141 nobis
1113 3086 1525 3146 demonstrant,
1559 3082 1993 3151 quandoquidem

2105 3090 2301 3155 ἱκανῶς
2333 3094 2465 3161 ἡμῖν
2497 3090 2789 3162 παρίστησι
2823 3090 2892 3143 τὰ
2920 3089 3007 3143 διὰ
3039 3088 3146 3141 τῶν
3178 3086 3413 3159 Γραφῶν
3446 3084 3680 3156 παραδι-

440 3177 555 3233 ﬁeri
596 3192 702 3233 non
733 3187 929 3247 potest.
980 3184 1039 3231 ut
1079 3175 1129 3229 id
1162 3178 1305 3243 quod
1335 3174 1663 3237 sanctiﬁcat,
1690 3181 1745 3225 et
1788 3188 1851 3225 ea
1882 3187 1999 3240 qua:

440 3271 868 3332 sanctillcantur.
902 3270 949 3322 id
981 3270 1127 3337 quod
1156 3270 1347 3331 docet,
1379 3276 1434 3321 et
1464 3282 1528 3320 ea
1566 3281 1686 3334 quae
1719 3266 2001 3330 docentur,

443 3365 497 3418 id
527 3362 667 3431 quod
714 3361 935 3425 revelat,
981 3370 1035 3414 et
1063 3375 1126 3414 ea
1177 3374 1296 3428 qua:
1353 3357 1679 3412 revelatioue
1739 3357 1999 3427 indigent,

443 3454 683 3522 ejusdem
734 3452 841 3507 sint
895 3463 1121 3505 naturae.
1187 3450 1354 3504 Nemo
1411 3458 1590 3503 autem
1642 3449 1721 3503 sic
1777 3465 2004 3520 prorsus

440 3548 663 3599 demens
713 3554 821 3609 est,
868 3544 1132 3609 utaliutn
1177 3554 1373 3613 praater
1418 3542 1583 3597 Deum
1625 3544 2001 3596 universorum

440 3638 635 3690 audeat
692 3636 986 3706 ingenitum
1042 3636 1349 3704 appellare,
1421 3644 1475 3687 at
1542 3649 1716 3702 neque
1772 3634 2002 3698 Filium,

439 3728 583 3795 quod
630 3742 765 3781 unus
808 3727 880 3781 sit
931 3726 1269 3796 Unigeuitus.
1328 3726 1607 3791 Quomodo
1656 3725 1820 3793 igitur
1878 3741 1999 3779 eum

440 3818 620 3872 vocari
668 3818 917 3889 oportet?
961 3818 1223 3887 Spiritum
1258 3829 1505 3871 sanctum
1534 3857 1549 3880 ,
1588 3818 1849 3885 Spiritum
1882 3816 1997 3880 Dei,

442 3908 705 3975 Spiritum
756 3909 1021 3971 veritatis,
1078 3910 1168 3976 qui
1212 3907 1445 3960 mittitur
1494 3922 1521 3959 a
1576 3905 1709 3972 Deo,
1748 3907 2002 3975 suppedi-

444 4006 583 4053 tatur
609 4014 703 4068 per
737 3999 931 4053 Filium
969 4016 981 4052 :
1017 4014 1121 4051 non
1162 4013 1413 4061 servum,
1454 3997 1549 4050 sed
1588 4006 1834 4050 sanctum
1862 4041 1876 4061 ,
1907 3997 2003 4050 bo-

443 4105 590 4154 num,
623 4088 998 4159 principalem,
1027 4087 1286 4157 Spiritum
1319 4087 1703 4152 viviﬁcantem,
1737 4087 1998 4155 Spiritum

441 4180 767 4247 adoptionis,
800 4182 1041 4234 omnium
1071 4195 1191 4249 qua:
1219 4180 1311 4232 Dei
1334 4188 1460 4232 sunt
1482 4194 1729 4247 gnarum.
1762 4180 1854 4234 Sic
1885 4195 2001 4247 pro-

443 4271 581 4327 fecto
613 4272 663 4324 in
700 4269 965 4325 Trinitate
1008 4270 1421 4325 conservabitur
1458 4269 1682 4322 unitatis
1724 4271 1861 4323 ratio
1887 4311 1901 4331 ,
1953 4271 1997 4323 si

442 4377 605 4415 unum
638 4360 870 4425 Patrem,
913 4376 1075 4413 unum
1117 4358 1332 4423 Filium,
1366 4375 1529 4413 unum
1563 4358 1822 4429 Spiritqu
1868 4376 1995 4414 san-

441 4463 587 4507 ctum
614 4452 989 4506 conﬁteamur.

513 4545 564 4596 7.
602 4541 854 4596 Jamvero
883 4539 1113 4594 afferunt
1139 4548 1458 4608 argumenta
1486 4580 1500 4605 ,
1533 4539 1731 4609 quibus
1774 4541 1999 4594 demon-

441 4645 618 4690 strent
651 4634 909 4703 Spiritum
938 4642 1181 4686 sanctum
1209 4632 1409 4686 dictum
1440 4632 1606 4685 fuisse
1642 4641 1948 4686 creaturam
1985 4649 1997 4683 :

443 4745 606 4781 unum
640 4728 854 4796 quidem
887 4742 948 4781 ex
980 4727 1238 4795 propheta
1268 4726 1509 4780 dicente:
1534 4724 1637 4789 Qui
1660 4726 1834 4793 ﬁrmat
1867 4726 2002 4778 toni-

442 4831 633 4883 truum,
652 4829 697 4872 el
714 4832 849 4871 creat
864 4820 1103 4887 spiritum
1117 4818 1159 4847 δ’
1178 4834 1191 4871 :
1208 4818 1432 4873 alterum
1445 4816 1608 4886 278
1622 4832 1746 4871 vero
1759 4833 1820 4871 cx
1838 4816 2005 4871 Evan-

514 4996 558 5026 “
598 4999 761 5049 Amos
795 5010 866 5059 tv,
900 4996 986 5048 15.

514 5181 624 5251 (19)
658 5179 830 5251 Editio
861 5178 1034 5251 Paris.
1058 5179 1367 5250 ἀγέννητον.
1406 5179 1541 5231 Ἀλλ’
1566 5180 1663 5232 οῦκ
1685 5179 2001 5248 ἀγέννητος.

440 5248 535 5315 Εἷς
723 5249 1062 5338 I‘lditiolven.‘
1087 5262 1146 5338 ct
1171 5248 1412 5337 quinque
1447 5251 1709 5338 tttss.1ila',
1739 5263 1797 5303 ut
1821 5251 1993 5333 edidi-

442 5318 583 5376 mus.
614 5318 807 5375 Totum
862 5320 1013 5383 illud,
1048 5319 1140 5372 ἐὰν
1194 5318 1272 5389 μὴ
1328 5320 1530 5388 κτίσμα
1586 5320 1765 5372 ἐστίν·
1801 5318 1995 5371 οὐκοῦν

440 5392 708 5461 γέννημα,
736 5401 864 5453 elc.,
897 5392 1143 5457 usquead
1170 5394 1330 5461 verba
1362 5390 1569 5461 Basilii,
1603 5405 1701 5461 nec
1726 5391 1777 5441 in
1808 5398 1995 5443 nostro

441 5459 627 5516 cunne
667 5459 1000 5523 Colbertino,
1036 5474 1133 5511 nec
1163 5460 1297 5526 apud
1327 5460 1632 5512 Fabricium
1663 5459 1877 5525 legitur.

515 5530 624 5598 (20)
662 5532 732 5582 Ita
776 5546 906 5583 mss.
939 5530 1269 5597 antiquiores
1301 5539 1353 5583 et
1382 5530 1530 5598 editi.
1580 5530 1681 5580 Alii
1719 5542 1826 5581 tres
1862 5542 1991 5580 mss.

446 5594 721 5669 Regiiﬁ’qv
756 5600 1006 5666 ἀγνοιαν’
1072 5594 1255 5667 ἐπειδὴ
1288 5599 1344 5651 δὲ
1381 5594 1496 5650 οἶδα
1530 5599 1763 5669 μυρία...
1797 5599 1996 5650 ἀποκε-

444 5668 704 5739 κρύφθαι,
722 5680 781 5739 et
816 5671 885 5739 ita
915 5671 1119 5739 legerat
1140 5673 1426 5737 interpres.

515 5737 626 5805 (:11)
656 5736 792 5791 Editi
821 5736 899 5789 ἔτι
928 5738 1009 5807 δή.
1039 5739 1106 5792 At
1131 5755 1255 5793 mss.
1282 5736 1509 5807 quatuor
1543 5737 1621 5792 ἔτι
1652 5738 1732 5792 δέ.

2106 3183 2303 3253 δόμενα
2352 3183 2485 3253 (‘23),
2521 3183 2706 3251 ἐπειδὴ
2760 3199 2823 3249 γε
2870 3182 3129 3235 ἀδύνατον
3173 3178 3275 3248 τῆς
3325 3178 3496 3248 αὐτῆς
3541 3171 3684 3228 εἶναι

2108 3275 2323 3344 φύσεως
2353 3276 2413 3327 τό
2445 3292 2505 3327 τε
2540 3273 2763 3343 ἁγιάζον
2806 3274 2901 3326 καὶ
2940 3272 3009 3325 τὰ
3038 3269 3399 3339 ἀγιαζόμενα,
3440 3267 3505 3320 τὸ
3534 3267 3685 3321 διδά-

2108 3382 2235 3418 σκον
2274 3366 2366 3418 καὶ
2413 3365 2481 3417 τὰ
2528 3364 2911 3433 διδασκόμενα,
2954 3362 3014 3414 τὸ
3045 3358 3430 3415 ἀποκαλύπτον
3478 3358 3577 3411 καὶ
3617 3354 3685 3409 τὰ

2105 3454 2202 3524 τῆς
2228 3453 2624 3522 ἀποκαλύψεως
2651 3452 3037 3523 προσδεόμενα.
3081 3449 3398 3518 ’Δγέννητον
3425 3446 3485 3499 δὲ
3510 3445 3682 3507 οὐδεὶς

2104 3545 2273 3608 οὕτως
2302 3544 2405 3610 ἔξω
2438 3544 2713 3607 παντελῶς
2746 3546 2861 3596 ἐστι
2902 3542 2995 3594 τοῦ
3032 3542 3266 3611 φρονεῖν,
3300 3538 3443 3591 ὥστε
3476 3538 3681 3608 τολμῆο

2107 3653 2194 3689 σαι
2224 3638 2409 3708 ἕτερον
2440 3637 2577 3706 πλὴν
2605 3636 2697 3688 τοῦ
2732 3634 2863 3687 Θεοῦ
2899 3633 3006 3686 τῶν
3036 3634 3170 3685 ὅλων
3206 3630 3687 3701 προσαγορεῦσαι,

2104 3728 2238 3781 ἀλλά
2270 3728 2376 3799 μὴν
2412 3729 2533 3781 οὐδὲ
2569 3727 2714 3790 Υἱὸν,
2748 3726 2823 3796 τῷ
2850 3726 2946 3777 ἕνα
2974 3720 3112 3777 εἶναι
3146 3723 3238 3775 τὸν
3276 3722 3591 3791 Μονογενῆ.
3620 3720 3683 3771 Τί

2103 3814 2194 3871 οῦν
2224 3818 2353 3871 αὐτὸ
2376 3818 2480 3887 χρὴ
2504 3817 2687 3870 καλεῖν
2716 3816 2823 3881 (24)
2846 3832 2859 3877 ;
2884 3814 3109 3882 Πνεῦμα
3125 3816 3300 3880 ἅγιον,
3330 3813 3428 3865 καὶ
3458 3810 3686 3881 Πνεῦμα

2103 3908 2258 3970 Θεοῦ,
2307 3908 2399 3960 καὶ
2432 3907 2649 3977 Πνεῦμα
2702 3904 2978 3975 ἀληθείας,
3022 3902 3486 3972 ἀποστελλόμενον
3536 3898 3686 3971 παρὰ

2102 3998 2257 4063 Θεοῦ,
2284 3998 2369 4052 διὰ
2403 3996 2529 4049 Υἱοῦ
2561 3994 2984 4067 χορηγούμενον,
3018 3995 3076 4046 οὐ
3122 3992 3326 4055 δοῦλον,
3358 3991 3476 4045 ἀλλ’
3508 3993 3685 4058 ἅγιον,

2102 4090 2322 4158 ἀγαθὸν,
2380 4088 2742 4158 ἡγεμονικόν·
2802 4085 3026 4155 Πνεῦμα
3082 4082 3403 4148 ζωοποιοῦν,
3458 4082 3684 4151 Πνεῦμα

2104 4180 2392 4243 υἱοθεσίας,
2427 4180 2784 4248 ἐπιστάμενον
2812 4178 2988 4230 πάντα
3022 4177 3089 4229 τά
3118 4174 3211 4228 τοῦ
3244 4174 3406 4229 Θεοῦ.
3432 4174 3592 4227 Οῦτω
3620 4173 3683 4241 δὴ

2102 4278 2194 4330 καὶ
2232 4279 2287 4329 ὲν
2334 4276 2443 4345 (93)
2476 4278 2539 4344 τῇ
2585 4272 2772 4343 Τριάδι
2815 4274 2843 4323 ὁ
2871 4271 2972 4339 τῆς
3018 4269 3243 4341 μονάδος
3280 4268 3683 4339 διασωθήσεται

2099 4368 2274 4435 λόγοᾳ
2307 4368 2401 4418 ἕνα
2433 4366 2531 4435 μὲν
2566 4364 2785 4434 Πατέρα
2813 4361 3237 4433 ὁμολογούντων,
3271 4361 3368 4413 καὶ
3397 4362 3496 4413 ἕνα
3532 4359 3681 4421 Υίὸν,

2033 4444 2075 4496 Ῑ)
2106 4458 2196 4509 καὶ
2227 4456 2284 4508 ἓν
2316 4455 2537 4524 Πνεῦμα
2571 4455 2745 4520 ἅγιον.

2170 4550 2221 4601 7.
2264 4548 2559 4617 Κομίζουσι
2588 4546 2644 4599 δὲ
2671 4543 2993 4607 ἀποδείξεις,
3031 4541 3167 4612 πρὸς
3198 4540 3262 4593 τὸ
3293 4541 3508 4609 κτίσμα
3538 4537 3681 4608 είρῆ-

2110 4641 2229 4692 σθαι
2260 4640 2319 4692 τὸ
2348 4640 2571 4709 Πνεῦμα
2595 4637 2654 4690 τὸ
2680 4638 2854 4704 ἆγιον,
2885 4634 3010 4705 μίαν
3058 4633 3153 4703 μὲν
3186 4634 3250 4684 ὲκ
3278 4631 3375 4683 τοῦ
3405 4630 3680 4701 προφήτου

2108 4730 2376 4797 λέγοντος
2410 4730 2463 4779 '0
2489 4712 2747 4795 στερεῶν
2762 4725 3053 4792 βροντὴν,
3076 4721 3171 4774 καὶ
3193 4719 3407 4778 κτίζων
3430 4718 3678 4785 ,πνεῦμα

2112 4820 2298 4890 ἑτέραν
2328 4818 2382 4870 δὲ
2411 4818 2509 4888 τὴν
2537 4820 2599 4869 ὲκ
2627 4815 2719 4868 τοῦ
2748 4812 3077 4881 Εὐαγγελίου
3113 4813 3214 4871 ὅτι,
3253 4808 3459 4861 Πάντα
3482 4807 3555 4859 δι’
3582 4806 3683 4857 αὺ-

2178 5175 2291 5246 (ΞΞ)
2324 5174 2505 5228 Codex
2555 5173 2709 5246 Coll}.
2760 5174 2871 5246 Καλ.
2900 5172 2951 5223 τί
2986 5172 3067 5246 δεῖ
3102 5167 3278 5246 ’πολλὰ
3333 5167 3549 5246 λέγει’ίς
3582 5166 3680 5246 Alii

2108 5233 2325 5312 quidam
2354 5261 2483 5297 mss.
2510 5243 2581 5294 τὰ
2630 5243 2788 5297 ἄλλα.
2822 5243 2937 5294 Mox
2986 5241 3113 5293 editi
3155 5233 3530 5312 θαυμασίτὸνῇ
3567 5237 3675 5312 καί.

2105 5307 2255 5370 Unus
2296 5331 2397 5368 Ius.
2428 5313 2737 5383 θαυμαστὸν
2772 5314 2820 5364 εί
2872 5312 2980 5364 καί.
3017 5312 3119 5364 Alii
3182 5325 3313 5362 mss.
3368 5307 3680 5376 θαυμαστὸν

2102 5384 2281 5522 καξέὅ)
2310 5455 2440 5522 lteg.
2470 5462 2694 5525 quartus
2720 5451 2952 5525 Γραφῶν
2978 5447 3410 5525 παραδεδομένα.

2175 5515 2286 5592 (24)
2335 5515 2689 5586 Ρεῖτείηθῇοι·
2723 5515 2982 5575 librorum
3029 5515 3382 5585 antiquarum
3427 5520 3535 5586 χρὴ
3597 5515 3681 5567 λέ-

2100 5612 2236 5663 γειν.

2172 5664 2283 5745 (25)
2314 5660 2629 5745 Editipi'nw
2656 5661 2700 5715 δ’
2732 5660 2796 5714 ἂν
2822 5660 2916 5713 καὶ⁵
2947 5662 3023 5713 ἐν.
3056 5657 3188 5727 Reg.
3222 5657 3419 5710 tertius
3440 5665 3497 5710 et
3522 5653 3676 5709 Coll).

2102 5744 2160 5790 ut
2190 5742 2241 5789 ill
2265 5742 2545 5790 contextu.
