3822 6216
194 267 309 324 669

1299 259 1670 318 ADVERSUS
1709 259 2076 319 EUNOMIUM
2113 263 2242 318 LIB.
2286 262 2377 319 III.

3327 267 3436 324 670

187 382 300 437 τοῦ
326 380 583 451 ἐγένετο.
622 379 813 451 Ἡμεῖς
838 379 896 434 δὲ
916 379 1008 434 τὸν
1028 382 1364 453 προφητικὸν
1386 383 1544 451 λόγον
1566 381 1667 435 οὐκ
1693 382 1766 444 εἰς

1880 381 2020 452 gelio
2058 401 2072 436 :
2118 383 2308 437 Omnia
2339 398 2432 452 per
2474 382 2645 452 ipsum
2684 382 2825 451 facta
2860 383 3068 441 sunt“.
3111 384 3181 441 At
3213 388 3438 460 prOphe-

185 475 256 530 τὸ
306 473 534 544 Πνεῦμα
569 472 630 526 τὺ
669 473 844 540 ἅγιον,
894 473 1012 527 ἀλλ’
1064 475 1144 536 εἰς
1193 474 1293 544 τὴν
1343 473 1526 545 κοινὴν
1570 472 1772 544 ταύτην

188 566 393 636 πνοὴν.
434 563 495 617 τὸ
531 562 625 617 τοῦ
665 563 825 636 ἀέρος
879 563 1116 634 πνεῦμα,
1168 563 1510 634 πεπείσμεθα
1561 563 1768 635 φέρειν.

185 655 362 725 Δῆλον
401 654 460 707 δὲ
491 651 720 707 ἐκεῖθεν.
753 652 828 704 Οὐ
863 651 972 723 γὰρ
1001 650 1174 716 εἶπεν,
1216 652 1272 705 '0
1297 651 1490 715 κτίσας
1532 651 1768 722 πνεῦμα,

187 743 308 806 ἀλλ’
355 742 408 794 ‘0
442 739 648 802 κτίζων
678 739 933 809 πνεῦμα.
978 741 1066 803 Ὧς
1095 739 1205 811 γὰρ
1247 742 1281 812 ή
1332 739 1527 811 βροντὴ
1576 741 1676 794 οὐκ
1713 741 1770 793 ὲν

188 832 490 887 ὑποστάσει
528 832 634 886 τινί
668 833 783 884 ὲστι
817 835 1100 904 σωματικῇ
1134 832 1282 898 arma
1312 832 1616 895 κτισθεῖσα,
1653 830 1770 885 ἀλλ’

186 925 282 977 ἀεὶ
303 922 442 996 πρὸς
472 923 534 977 τὸ
555 922 650 976 τοῦ
685 921 820 975 Θεοῦ
857 922 1102 994 βούλημα
1130 923 1224 976 ἐπὶ
1249 923 1399 994 φόϐῳ
1423 922 1531 977 τῶν
1558 920 1770 994 ἀνθρώ-

186 1032 310 1071 πων
351 1015 722 1088 ἐνεργουμένη
761 1014 1006 1083 γίνεσθαι
1039 1015 1133 1067 καὶ
1161 1015 1474 1069 διαλύεσθαι
1505 1015 1766 1083 πέφυκεν,

186 1105 333 1159 οὕτω
379 1104 565 1160 καὶτὸ
610 1103 827 1174 πνεῦμα
875 1103 1025 1175 (26)·
1072 1104 1167 1158 νῦν
1214 1105 1313 1176 μὲν
1360 1105 1569 1175 γίνεται
1613 1106 1768 1176 δίκην

186 1197 438 1268 ποταμοῦ
471 1197 683 1268 ῥέοντος
711 1194 806 1248 τοῦ
836 1195 997 1266 ἀέρος
1017 1214 1029 1225 ·
1063 1195 1226 1250 πάλιν
1261 1196 1319 1250 δὲ
1347 1195 1771 1268 παύεταιάτρε-

190 1288 423 1359 μοῦντος
449 1286 540 1341 τοῦ
575 1287 838 1359 πρότερον
874 1287 1218 1358 κινουμένου,
1254 1288 1396 1342 κατά
1434 1289 1494 1340 τὸ
1523 1287 1767 1359 βούλημα

184 1380 284 1434 τοῦ
328 1380 400 1432 τὰ
427 1381 605 1434 πάντα
641 1380 734 1432 ἐπὶ
770 1381 1013 1449 σωτηρίᾳ
1061 1381 1156 1432 καὶ
1197 1380 1453 1433 συστάσει
1486 1380 1592 1434 τῶν
1633 1380 1768 1433 ὅλων

184 1468 598 1539 οίκονομοῦντος
619 1483 630 1495 ·
676 1467 816 1520 ὥστε
848 1467 936 1520 διὰ
966 1467 1145 1538 πάσης
1181 1469 1279 1539 τῆς
1318 1468 1569 1534 κτίσεως,
1615 1468 1679 1522 ἐκ
1710 1485 1768 1521 τε

188 1561 428 1633 βροντῶν
456 1561 549 1614 καὶ
576 1560 792 1630 ἀνέμων
816 1561 910 1612 καὶ
937 1560 1035 1630 τῆς
1064 1560 1256 1629 λοιπῆς
1290 1560 1650 1632 δημιουργίας
1676 1559 1766 1613 τὸν

183 1652 518 1725 δημιουργὸν
556 1651 1010 1720 ἀναγγέλλεσθαι.
1056 1651 1255 1723 Διόπερ
1287 1652 1425 1722 μετά
1462 1652 1521 1704 τὸ
1561 1645 1760 1705 εἰπεῖν·

1881 469 2044 522 ticum
2084 469 2286 524 dictum
2332 485 2438 525 non
2480 470 2547 526 ad
2595 479 2842 526 sanctum
2891 472 3188 544 Spiritum,
3228 479 3324 532 sed
3364 481 3434 535 ad

1872 574 2212 614 communem
2250 562 2395 617 hunc
2438 561 2622 617 ﬂatum
2643 602 2660 628 ,
2694 567 2838 621 aeris
2868 567 3122 622 videlicet
3147 567 3394 638 spiritum
3416 609 3438 640 ,

1871 650 2142 705 credimus
2189 651 2478 720 pertinere.
2535 653 2688 721 Quod
2739 655 2864 710 inde
2910 666 3079 726 patet.
3123 657 3243 714 Non
3288 655 3436 716 enim

1870 740 2027 804 dixit,
2059 741 2158 807 Qui
2187 743 2390 797 creavit
2418 744 2691 814 spiritum,
2714 745 2832 810 sed,
2867 746 2971 812 Qui
2992 758 3136 803 creat
3167 750 3434 820 spiritum.

1871 831 2332 898 Quemadmodum
2356 836 2502 889 enim
2532 837 2831 893 tonitruum
2858 839 2948 894 ubi
2978 841 3148 897 semel
3183 852 3269 897 est
3289 858 3438 898 crea-

1873 931 2006 988 tum,
2041 923 2094 977 in
2128 924 2425 980 substantia
2468 927 2701 996 quadam
2737 931 3005 999 corporali
3047 948 3153 988 non
3186 944 3304 1000 est;
3337 919 3433 990 sed

1869 1027 2086 1083 semper
2127 1016 2406 1071 voluntate
2450 1018 2545 1073 Dei
2591 1021 2656 1074 ad
2695 1024 2976 1078 terrendos
3023 1023 3273 1080 homines
3307 1041 3434 1095 pro-

1867 1105 2107 1174 ductum,
2138 1106 2252 1162 ﬁeri
2283 1122 2348 1163 ac
2375 1109 2591 1164 dissolvi
2632 1109 2768 1165 solet
2799 1131 2811 1165 :
2847 1113 2917 1167 ita
2954 1125 3014 1168 et
3044 1112 3265 1183 spiritus
3290 1131 3437 1170 nunc

1869 1199 2086 1266 quidem
2117 1200 2194 1266 fit,
2225 1199 2428 1254 ﬂuente
2449 1201 2622 1255 instar
2642 1200 2878 1258 fluminis
2901 1219 3057 1260 aere:
3095 1222 3282 1262 rursus
3306 1221 3436 1260 vero

1868 1299 2044 1344 cessat
2085 1298 2235 1356 tum,
2269 1305 2392 1345 cum
2430 1292 2573 1361 quod
2614 1292 2764 1360 prius
2800 1277 3115 1350 movebatur
3162 1298 3432 1366 quiescit,

1868 1381 2166 1435 secundum
2224 1381 2553 1437 voluntatem
2601 1383 2759 1451 ejus,
2812 1385 2901 1452 qui
2938 1387 3004 1438 ad
3055 1387 3431 1441 universorum

1869 1471 2294 1528 incolumitatem
2323 1478 2899 1548 conservationemque
2921 1478 3188 1548 gubernat
3221 1481 3427 1545 omnia,

1869 1574 1926 1616 ut
1975 1578 2070 1632 per
2111 1577 2324 1619 omnem
2365 1576 2670 1622 creaturam
2703 1578 2757 1624 et
2789 1569 3044 1624 tonitruis
3082 1581 3137 1624 et
3181 1573 3356 1628 ventis
3381 1581 3437 1627 et

1869 1652 2090 1720 reliquis
2118 1653 2376 1722 Operibus
2405 1657 2653 1711 conditor
2683 1659 3060 1713 annuntietur.
3091 1658 3434 1729 Quapropter

197 1745 264 1798 '0
312 1741 571 1812 στερεῶν
623 1742 928 1812 βροντὴν,
980 1743 1078 1797 καὶ
1114 1742 1320 1803 κτίζων
1363 1745 1614 1813 πνεῦμα,
1663 1761 1765 1815 φη-

1872 1747 2150 1805 postquam
2189 1738 2361 1792 dixit:
2394 1737 2498 1803 Qui
2522 1739 2698 1807 ﬁrmat
2733 1743 3022 1796 tonitruum
3055 1754 3102 1797 et
3149 1757 3290 1798 creat
3320 1747 3433 1814 spi-

187 1835 294 1889 σίν*
346 1835 456 1889 Καὶ
501 1834 896 1904 ἀπαγγέλλων
945 1835 1070 1902 τοῖς
1117 1835 1449 1904 ἀνθρώποις
1494 1836 1598 1890 τὸν
1639 1839 1763 1904 Χρι-

183 1927 343 1979 (Tt-3r
385 1925 592 1980 αὐτοῦ.
637 1925 724 1988 Ὧς
764 1925 872 1994 γὰρ
900 1928 949 1978 oi
993 1926 1211 1998 οὐρανοὶ
1257 1926 1564 1997 διηγοῦνται
1609 1925 1764 1989 δόξαν

184 2015 325 2070 Θεοῦ
365 2019 478 2079 τοῖς
519 2016 833 2087 δυναμένοις
881 2018 938 2082 ἐξ
979 2015 1157 2070 αὐτῶν
1182 2018 1279 2087 τὴν
1303 2017 1395 2070 τοῦ
1433 2018 1763 2089 δημιουργοῦ

184 2105 385 2176 τέχνην
432 2104 870 2173 ἀναλογίζεσθαι,
905 2104 1048 2159 οὕτω
1091 2106 1184 2158 καὶ
1225 2105 1452 2176 βροντῆς
1477 2103 1621 2177 ἦχοι,
1673 2107 1763 2160 καὶ

186 2197 516 2267 πνευμάτων
573 2197 837 2266 κινήσεις,
886 2195 976 2248 τὸν
1027 2196 1354 2267 δημιουργὸν
1405 2196 1583 2250 αὐτῶν
1633 2199 1763 2250 ἀνα-

186 2287 542 2360 κηρύττουσι.
570 2288 722 2358 Τάχα
759 2287 803 2341 δ’
852 2287 917 2341 ἂν
963 2286 1120 2340 τοῦτο
1165 2289 1259 2340 καὶ
1299 2288 1602 2359 προφητεία
1649 2289 1763 2358 εἴη,

187 2382 331 2452 πρὸς
395 2380 493 2452 τὴν
569 2378 980 2451 ὲνανθρώπησιν
1051 2378 1144 2432 τοῦ
1206 2379 1412 2451 Κυρίου
1483 2379 1762 2450 φέρουσα·

187 2472 280 2524 ὅτε
341 2474 374 2544 ἡ
439 2473 536 2542 μὲν
587 2471 759 2542 φωνὴ,
811 2474 846 2542 ἡ
909 2471 1173 2542 γενομένη
1233 2471 1348 2541 (27)
1401 2469 1460 2534 ἐξ
1515 2472 1766 2544 οὐρανοῦ,

189 2563 391 2634 βροντὴ
431 2562 604 2615 ἐδόκει
640 2565 753 2624 τοῖς
793 2561 1094 2615 ἀκούσασιν
1131 2556 1293 2626 εἶναι,
1330 2561 1519 2631 ἥντινα
1559 2561 1767 2630 ἀφῆκεν

183 2658 216 2710 ὁ
269 2655 408 2719 Θεὸς
466 2656 561 2709 καὶ¹
618 2655 845 2727 Πατὴρ,
902 2654 1040 2706 ὥστε
1101 2655 1168 2708 δι’
1219 2643 1416 2724 αὐτῆς
1446 2654 1768 2722 ἀναγγεῖλαι

185 2747 284 2800 τὸν
327 2747 559 2820 Χριστὸν
605 2749 716 2810 τοῖς
763 2745 1098 2817 ἀνθρώποις·
1147 2745 1217 2798 τά
1260 2744 1318 2797 δὲ
1369 2745 1654 2816 πνεύματα
1700 2745 1768 2798 τά

187 2839 515 2910 κινούμενα,
545 2839 640 2892 καὶ⁸
682 2838 777 2910 τὴν
821 2838 1094 2893 θάλασσαν
1140 2837 1602 2910 συνταράσσοντα,
1654 2833 1770 2889 εἶτα

185 2931 508 2985 κοπάσαντα
550 2931 631 3001 τῷ
670 2931 1049 3010 προστάγματι
1072 2929 1164 2983 τοῦ
1195 2930 1423 3002 Κυρίου,
1457 2929 1644 2998 σαφῶς
1677 2930 1768 2981 καὶ

188 3021 337 3075 αὐτὰ
380 3019 666 3091 ἀνήγγειλε
703 3023 814 3083 τοῖς
862 3019 1173 3091 ἀνθρώποις
1205 3019 1295 3072 τὸν
1330 3018 1562 3090 Χριστὸν
1579 3018 1762 3070 αὐτοῦ.

1873 1829 2029 1880 ritum
2052 1827 2117 1893 “,
2145 1828 2218 1881 ait
2257 1844 2271 1881 :
2303 1828 2371 1883 Et
2405 1831 2492 1900 qui
2527 1833 2806 1886 annuntiat
2833 1835 3128 1889 hominibus
3169 1835 3432 1890 Christum

1873 1936 2024 1973 suum
2047 1920 2112 1973 ⁸⁵.
2135 1919 2286 1975 Sicut
2308 1923 2449 1976 enim
2471 1923 2588 1978 cteli
2616 1935 2870 1978 enarrant
2892 1925 3120 1994 gloriam
3151 1927 3243 1982 Dei
3301 1928 3368 1982 iis
3390 1927 3435 1960 “

1872 2008 1960 2075 qui
1991 2022 2055 2062 ex
2082 2009 2211 2078 ipsis
2237 2021 2459 2080 possunt
2491 2013 2784 2068 conditoris
2808 2023 2978 2069 artem
3006 2017 3275 2072 aestimare
3304 2037 3316 2072 :
3353 2019 3433 2073 sic

1873 2098 2032 2151 etiam
2062 2091 2278 2152 tonitrui
2303 2098 2485 2168 fragor
2509 2116 2572 2155 ac
2598 2103 2882 2171 spirituum
2904 2114 3080 2161 motas
3102 2109 3434 2162 conditorem

1873 2203 2029 2240 suum
2049 2190 2363 2258 praedicant.
2384 2191 2638 2246 Fortasse
2652 2204 2826 2249 autem
2848 2197 3130 2266 hocipsum
3155 2199 3434 2266 pr0phetia

1873 2289 1976 2344 cst,
2001 2295 2118 2350 quae
2147 2281 2212 2336 ad
2225 2282 2436 2337 Domini
2460 2283 2880 2341 incarnationem
2906 2295 3110 2357 spectat
3133 2289 3435 2359 ;siquident

1875 2383 1975 2425 vox
2021 2387 2140 2442 quae
2171 2373 2236 2428 de
2277 2374 2414 2429 coelo
2455 2374 2596 2430 facta
2639 2385 2753 2439 est,
2787 2379 3082 2432 tonitruum
3116 2394 3236 2434 esse
3276 2380 3428 2435 vide-

1880 2465 2038 2518 batur
2071 2466 2408 2521 audientibus
2427 2467 2470 2499 ⁸⁷
2499 2484 2514 2521 :
2541 2484 2700 2538 quam
2757 2471 2896 2524 Deus
2933 2480 2987 2525 et
3033 2470 3196 2526 Pater
3226 2472 3434 2538 emisit,

1876 2565 1935 2610 nt
1963 2571 2062 2626 per
2090 2572 2208 2612 eam
2239 2557 2514 2614 Christum
2559 2561 2867 2618 hominibus
2911 2564 3279 2618 annuntiaret.
3313 2565 3438 2633 Spi-

1877 2649 2010 2704 ritus
2055 2658 2235 2725 autem
2287 2651 2378 2718 qui
2428 2651 2644 2704 excitati
2684 2663 2828 2715 sunt,
2861 2662 2916 2708 et
2947 2668 3096 2709 mare
3145 2655 3442 2709 conturba-

1877 2749 2020 2804 runt,
2053 2738 2144 2796 sed
2169 2741 2508 2811 postmodum
2539 2741 2860 2810 quieverunt
2903 2742 3056 2812 jussu
3087 2745 3323 2812 Domini,
3353 2746 3439 2801 vel

1876 2833 1974 2900 ipsi
2029 2831 2148 2901 ejus
2204 2832 2478 2887 Christum
2535 2833 2848 2889 hominibus
2903 2835 3084 2905 palam
3146 2839 3437 2893 annuntia-

1876 2924 2004 2976 bant
2023 2922 2089 2977 ‘3.
2113 2923 2184 2976 At
2209 2938 2335 2977 vero
2362 2923 2509 2991 illud,
2538 2923 2728 2979 Omnia
2756 2941 2849 2992 per
2868 2925 3036 2992 ipsum
3061 2927 3203 2996 [acta
3223 2938 3347 2984 sunt
3366 2928 3436 2997 "’,

1882 3029 2218 3084 nequaquam
2249 3025 2490 3069 creatum
2545 3029 2665 3070 esse
2692 3014 2952 3084 Spiritum
2985 3025 3236 3072 sanctum
3285 3018 3438 3073 nobis

190 3113 268 3165 Τὸ
293 3112 370 3176 δὲ,
405 3080 607 3164 Udi-ta
632 3111 705 3164 δι’
734 3080 918 3164 αῦτοῦ
934 3080 1190 3180 ἐγένετο,
1220 3080 1473 3180 οὐδαμῶς
1493 3111 1625 3179 ἡμῖν
1657 3127 1766 3162 κτι-

1874 3080 2128 3173 ostendit,
2157 3105 2310 3175 quasi
2347 3104 2581 3174 Spiritus
2607 3119 2712 3158 una
2735 3080 2867 3158 cum
2897 3106 3148 3162 omnibus
3176 3121 3436 3162 numere-

191 3204 322 3258 στὸν
342 3199 480 3258 εἶναι
524 3204 585 3257 τὸ
619 3204 841 3274 Πνεῦμα
870 3204 929 3256 τὸ
969 3203 1120 3270 ἆγιον
1153 3202 1500 3272 παρίστησιν,
1536 3201 1611 3266 ὡς
1642 3218 1767 3255 συν-

189 3294 594 3365 αριθμουμένου
628 3296 738 3356 τοῖς
764 3295 899 3346 πᾶσι
941 3292 1034 3345 τοῦ
1090 3291 1430 3361 Πνεύματος.
1466 3292 1528 3344 Εἰ
1573 3291 1682 3362 γὰρ
1711 3291 1768 3343 ἓν

185 3384 421 3458 Πνεῦμα
458 3386 611 3455 ἅγιον
644 3386 738 3439 καὶ
768 3386 946 3456 μόνον,
987 3384 1104 3447 πῶς
1143 3383 1171 3436 ὃ
1199 3384 1297 3454 τῆς
1331 3383 1624 3454 μοναδικῆς
1653 3385 1769 3436 ἐστι

193 3475 435 3546 φύσεως,
493 3480 606 3541 τοῖς
653 3479 789 3531 πᾶσι
836 3474 1470 3546 συμπαραλαμϐάνεσθαι
1513 3474 1768 3542 δύναται;

188 3570 307 3622 Καὶ
343 3569 531 3642 μηδεὶς
572 3569 763 3624 οἰέσθω
813 3570 1065 3641 ἀθέτησιν
1103 3565 1241 3621 εἶναι
1281 3567 1380 3637 τῆς
1424 3568 1772 3632 ὑποστάσεως

187 3660 292 3732 τὴν
328 3661 550 3731 ἄρνησιν
575 3661 668 3714 τοῦ
702 3661 902 3732 κτίσμα
927 3657 1063 3713 εἶναι
1110 3659 1170 3712 τὸ
1217 3659 1463 3729 Πνεῦμα.
1498 3659 1770 3723 Εὐσεϐοῦς

191 3753 306 3825 γάρ
348 3754 462 3806 ἐστι
485 3753 716 3818 διανοίας
762 3754 829 3807 τά
873 3752 1327 3824 ἀποσιωπηθέντα
1355 3752 1412 3803 έν
1440 3753 1559 3810 ταῖς
1589 3750 1773 3820 ἁγίαις

190 3845 442 3916 Γραφαῖς
465 3845 806 3898 εὐλαϐεῖσθαι
829 3843 1179 3916 ἐπιφημίζειν
1204 3842 1280 3913 τῷ
1308 3841 1446 3913 ἁγίῳ
1472 3843 1767 3912 Πνεῦματι,

188 3934 489 3988 πεπεῖσθαι
546 3936 602 3988 δὲ
629 3937 728 4008 τὴν
757 3935 1048 4007 ἐμπειρίαν
1095 3934 1260 3989 αὑτοῦ
1299 3934 1392 3986 καὶ
1438 3935 1637 4005 ἀκριϐῆ
1672 3951 1772 3987 κα-

187 4035 429 4106 ⁸πάληιξιιν
483 4037 562 4099 εἰς
615 4035 707 4088 τὸν
752 4033 976 4104 ὕστερον
1029 4035 1161 4103 ἡμῖν
1215 4030 1536 4083 ἀποκεῖσθαι
1578 4029 1768 4094 αἰῶνα,

189 4131 348 4190 ὅταν,
375 4127 658 4190 διαϐάντες
681 4128 740 4180 τὸ
772 4127 838 4179 δι’
870 4125 1134 4194 ἐσόπτρου
1161 4123 1256 4176 καὶ
1288 4123 1612 4192 αἰνίγματος
1639 4121 1773 4191 ὁρᾷν

1877 3213 1982 3254 tur.
2018 3199 2230 3256 Etenim
2277 3199 2324 3254 si
2356 3215 2496 3255 unus
2534 3208 2618 3255 est
2663 3197 2894 3270 Spiritus
2923 3210 3142 3256 sanctus
3183 3211 3237 3256 et
3261 3200 3432 3270 solus,

1873 3293 2141 3362 quomodo
2173 3293 2264 3362 qui
2294 3292 2586 3362 singularis
2630 3291 2908 3362 cujusdam
2941 3303 3146 3348 naturas
3189 3303 3294 3360 est,
3319 3309 3428 3350 una

1875 3400 1998 3438 cum
2030 3383 2280 3438 omnibus
2331 3382 2720 3453 comprehendi
2761 3383 2971 3451 potest?
2996 3383 3063 3439 Et
3107 3399 3264 3440 nemo
3290 3394 3442 3454 putet

1878 3476 2212 3546 hypostasim
2278 3475 2503 3538 aboleri,
2547 3476 2591 3530 si
2651 3475 2911 3544 Spiritum
2967 3485 3270 3530 creaturam
3318 3491 3442 3534 esse

1878 3582 2155 3635 negemus.
2210 3566 2344 3621 Nam
2395 3568 2496 3635 piae
2539 3567 2734 3620 mentis
2769 3577 2872 3631 est,
2906 3581 3024 3633 quae
3067 3582 3095 3621 a
3143 3568 3442 3639 Scripturis

1877 3659 2079 3714 sanctis
2111 3659 2434 3724 reticentur,
2472 3673 2533 3711 ea
2567 3657 2742 3711 vereri
2779 3658 2844 3712 de
2889 3657 3091 3726 Spiritu
3128 3669 3318 3714 sancto
3350 3661 3433 3714 di-

1875 3767 2039 3806 cere:
2070 3751 2294 3805 credere
2345 3765 2470 3803 vero
2527 3749 2770 3802 notitiam
2824 3747 2964 3817 ejus,
3002 3757 3165 3816 atque
3213 3763 3443 3802 accura-

1877 3853 1982 3897 tam
2019 3841 2552 3911 comprehensionem
2597 3839 2652 3892 in
2698 3838 2937 3892 futurum
2985 3837 3241 3892 saeculum
3286 3837 3441 3892 nobis

1878 3935 2161 3999 reservari,
2198 3949 2341 3998 cum,
2389 3941 2626 4000 tempore
2670 3931 2793 3994 hoc,
2841 3931 2892 3984 in
2941 3945 3046 3999 quo
3107 3929 3305 3983 veritas
3347 3943 3442 3997 per

1879 4028 2155 4098 speculum
2187 4037 2240 4081 et
2261 4027 2486 4095 aenigma
2514 4023 2806 4086 videtur”,
2837 4032 3129 4085 transacto,
3160 4035 3279 4074 eam
3312 4034 3442 4073 con-

1885 4121 2287 4191 templationem
2323 4132 2443 4186 quae
2482 4116 2546 4169 ad
2589 4115 2780 4169 faciem
2812 4123 2893 4169 est
2951 4112 3212 4166 fuerimus
3239 4123 3438 4164 consc-

189 4222 295 4292 τὴν
331 4219 604 4292 ἀλήθειαν,
639 4219 736 4289 τῆς
785 4217 920 4288 πρὸς
974 4216 1264 4288 πρόσωπον
1324 4212 1553 4284 θεωρίας
1602 4213 1767 4278 ἀξιω-
1798 4199 1844 4259 1)
1871 4216 2000 4270 cuti,

191 4313 380 4384 θῶμεν
411 4310 544 4382 (as).

268 4487 318 4518 “
353 4486 508 4542 Joan.
531 4502 570 4547 I,
592 4485 646 4540 5.
751 4483 798 4515 ⁸⁸
825 4484 988 4536 Amos
1013 4497 1090 4544 tv,
1118 4481 1207 4536 15.
1305 4481 1351 4514 ⁸⁵
1375 4438 1506 4532 ibid.

190 4557 240 4592 δ’
275 4557 432 4612 Joan.
465 4572 503 4622 ι,
542 4556 596 4613 5.
670 4554 717 4587 ⁵ο
748 4551 909 4607 lCor.
945 4568 1060 4616 xm,
1093 4552 1180 4605 12.

267 4711 381 4782 (26)
412 4711 610 4782 Vocem
638 4707 852 4778 πνεῦμα
880 4721 977 4775 pro
1007 4703 1301 4782 vento__bic
1339 4700 1511 4782 accipi
1545 4700 1761 4782 debere,

189 4771 410 4846 vident,
447 4781 664 4848 Opinor,
712 4771 937 4838 omnes;
991 4789 1094 4828 nec
1135 4773 1295 4827 aliter
1317 4771 1632 4839 accipienda
1679 4780 1762 4823 est

190 4855 386 4910 eadem
413 4867 518 4906 vox
545 4850 991 4920 aliquantopost.
1020 4913 1032 4920 Δ
1127 4913 1138 4920 _
1364 4913 1378 4920 _
1445 4909 1473 4920 ν,
1559 4908 1570 4920 ,

265 4921 379 4992 (27)
411 4921 548 4975 Editi
577 4921 611 4990 ἡ
637 4909 978 4992 ’γινομένη...
1009 4909 1572 4992 ἀκούουσι-νηΑιιιὶᾳιιί
1620 4923 1762 4992 qua—

189 4977 320 5063 tuor
343 4977 468 5046 libri
495 4993 567 5063 ita
591 4977 748 5063 ut'jn
769 4977 1022 5063 contextu
1049 4985 1367 5063 legi~potest.
1404 4977 1632 5032 Antiqui
1657 4977 1762 5030 duo

189 5061 318 5116 libri
355 5075 451 5128 pro
477 5057 704 5130 οὐρανοῦ
737 5056 936 5130 [tabent
968 5054 1258 5130 οὐρανῷῈ,
1399 5118 1424 5130 ,,
1467 5117 1500 5130 ,,
1613 5114 1638 5125 -
1727 5114 1753 5126 ..

262 5117 378 5201 (es)
418 5117 557 5201 Editi
599 5117 1048 5201 ἀξιωθῶμεν,-ὲεί
1087 5117 1641 5201 ςῷηΧριρτῷςιηςοιξ
1685 5117 1763 5200 τῷ

189 5185 386 5271 Κῦρίῴ
416 5200 593 5271 ημῶν,
631 5185 776 5271 μεθ’-
795 5185 856 5257 οἷς
887 5185 1122 5271 δᾷξα-τῷ
1142 5185 1343 5271 ’.Πατρὶι
1370 5185 1464 5240 καὶ
1620 5185 1762 5271 ἁγίῳ

190 5258 472 5341 Πνέύματί
505 5258 598 5324 νῦν
627 5258 723 5322 καὶ
754 5267 838 5326 ἀεὶ
864 5265 955 5320 καὶ
983 5265 1062 5326 εἰς
1084 5258 1210 5324 τοὺς
1243 5258 1444 5322 αἰῶνας
1483 5258 1592 5309 τῶν
1625 5258 1760 5310 αἰώ-

1605 4477 1651 4508 “
1671 4475 1815 4532 Psal.
1854 4489 2008 4538 xvnt,
2035 4473 2090 4527 2.

2190 4469 2233 4502 ‘7
2276 4467 2430 4524 Joan.
2457 4483 2555 4530 χιι,
2594 4467 2684 4520 29.
2794 4466 2840 4497 ‘3
2861 4465 3046 4520 Matth.
3079 4479 3197 4531 vm,
3229 4463 3320 4532 24,
3344 4461 3434 4518 27.

1867 4715 1993 4750 νων.
2039 4695 2232 4766 Ἀμήν.
2290 4693 2357 4766 I_n
2385 4690 2603 4766 Citristo
2624 4688 3028 4766 ,ἦρξα-θοιηὶηο
3075 4701 3273 4753 nostra,
3320 4707 3438 4744 rum

1865 4783 1966 4834 quo
2001 4758 2177 4834 gloria
2191 4775 2262 4817 est
2299 4762 2449 4814 Patri
2478 4772 2523 4812 et
2546 4758 2789 4834 Spiritui
2824 4773 3027 4834 sancto,
3057 4777 3191 4834 nunc
3223 4770 3270 4813 et
3300 4777 3439 4834 sem-

1863 4829 1974 4902 per.
2001 4829 2054 4886 et
2082 4836 2135 4887 in
2167 4835 2361 4886 sarcula
2395 4831 2727 4902 macularum.
2751 4829 2938 4883 Amen.
2971 4830 3074 4883 Sed
3110 4831 3437 4902 halcvet'ba,

1864 4899 1921 4975 έν
1944 4905 2022 4974 τῷ
2044 4903 2262 4975 Χριστῷ
2307 4900 2481 4970 Ἰησοῦ
2507 4909 2580 4975 Διιι
2605 4915 2725 4965 quae
2744 4911 3072 4975 “sequuntur
3097 4899 3439 4975 omniatnon

1863 4968 2116 5043 leguntur
2149 4968 2322 5040 neque
2354 4968 2404 5023 in
2454 4970 2698 5043 editione
2744 4969 2874 5043 Ven.
2906 4983 3118 5043 neque-
3141 4968 3194 5020 in
3227 4968 3438 5043 codici-

1864 5036 1964 5096 bus
1992 5036 2409 5113 antiquio'ribus,
2441 5054 2539 5093 nec
2576 5038 3003 5113 dubi-multabeo
3029 5037 3156 5113 quin
3201 5037 3309 5113 sint
3339 5036 3437 5089 ad-

1869 5106 2169 5166 ditamenta
2225 5111 2593 5172 librariorum,
2659 5109 2730 5161 ob
2811 5107 2972 5177 idque
3040 5106 3262 5162 delenda
3315 5119 3439 5161 esse

1870 5182 2175 5238 existimav‘
