3822 6216
233 311 342 365 673

1331 311 1699 370 ADVERSUS
1736 311 2102 370 EU‘NOMIUM
2143 315 2273 374 LIB.
2316 316 2412 372 IV.

3378 321 3484 377 674

227 433 340 502 τὴρ
369 429 461 482 καὶ
493 431 521 482 6
563 430 708 492 Υἱός.
758 428 822 482 Ἦ
860 429 998 500 αὐτὴ
1055 429 1162 502 ἄρα
1192 431 1367 497 οὐσία,
1417 433 1604 506 ὥσπερ
1635 436 1728 488 καὶ
1750 452 1793 488 τι

1922 435 2210 500 Praeterea,
2251 451 2372 506 quae
2407 449 2530 490 vere
2567 444 2692 489 sunt
2737 428 2978 504 nomina,
3014 437 3212 494 indicia
3244 449 3370 494 sunt
3396 456 3484 496 es-

229 521 376 575 αὐτὰ
403 521 659 590 ὀνόματα.
697 521 762 572 Εἰ
809 520 882 590 μὴ
931 520 1043 592 (54)
1072 523 1379 593 γεννήσεως
1411 524 1471 577 τὸ
1505 525 1809 596 μονογενὲς,

226 612 372 666 ἀλλὰ
418 609 508 664 διὰ
547 611 607 663 τὸ
635 609 986 680 ἀσύγκριτον,
1044 612 1338 682 μονογενὴς
1368 615 1464 666 κα)⁴
1509 617 1538 667 6
1589 616 1810 686 Πατήρ·

228 701 564 772 ἀσύγκριτος
622 699 751 770 γάρ.
806 699 917 751 Καὶ
968 701 1076 752 πᾶν
1131 699 1188 752 δὲ
1242 702 1450 770 κτίσμα
1515 701 1589 772 μὴ
1629 703 1813 771 ὅμοιον

228 793 380 863 ἄλλῳ
414 791 700 863 μονογενές
722 808 734 821 ·
765 791 948 844 πολλοὶ
987 791 1094 862 ἄρα
1127 796 1455 861 μονογενεῖς,
1490 796 1585 847 καὶ
1612 796 1708 866 οὐχ
1733 790 1814 859 εἷς

227 888 257 937 6
294 884 425 947 Υἱὸς
462 883 554 937 τοῦ
584 882 740 937 Θεοῦ.
770 884 836 936 Ei
867 883 924 936 δὲ
956 883 1066 952 (55)
1089 885 1117 936 6
1146 884 1270 947 Υίὸς
1309 885 1404 954 οὐχ
1436 885 1621 949 ἁπλῶς
1659 903 1816 956 μονο-

225 976 414 1046 γενὴς,
455 976 588 1029 ἀλλὰ
621 974 747 1039 Υἱὸς
781 974 1072 1046 μονογενὴς
1098 1015 1112 1038 ,
1145 976 1239 1029 καὶ
1281 977 1432 1046 παρὰ
1475 977 1686 1049 Πατρὸς
1719 995 1814 1048 μο-

225 1068 452 1137 νογενὴς
510 1067 643 1138 (56),
683 1069 712 1119 6
759 1067 885 1128 Υἱὸς
925 1067 1018 1119 καὶ
1057 1069 1351 1139 μονογενής
1405 1069 1555 1132 ἐστι,
1607 1070 1702 1122 καὶ
1751 1071 1812 1122 οὐ

227 1161 438 1230 κτίσμα
467 1158 772 1229 μονογενές.
811 1159 872 1210 El
906 1160 1047 1211 κατὰ
1089 1159 1374 1229 μετάδοσιν
1397 1160 1490 1213 καὶ
1533 1160 1815 1232 συγχώρη-

227 1271 316 1307 σιν
349 1253 441 1306 τοῦ
496 1251 729 1323 Πατρὸς,
766 1253 859 1306 καὶ
915 1253 975 1306 οὐ
1011 1254 1151 1307 κατὰ
1199 1253 1360 1324 φύσιν
1405 1253 1733 1328 δημιουργὸς
1785 1259 1812 1310 6

227 1346 361 1409 Υἱὸς
381 1387 394 1409 ,
429 1345 577 1399 οὐδὲν
606 1345 672 1398 ἂν
703 1345 786 1416 εἴη
814 1345 923 1400 τῶν
970 1346 1062 1399 ὑπ’
1107 1347 1270 1400 αὐτοῦ
1305 1349 1811 1420 δημιουργηθέντων

225 1438 374 1491 κατὰ
405 1437 582 1506 φύσιν.
619 1433 719 1488 Ὧν
755 1437 862 1507 γὰρ
907 1439 935 1492 6
977 1428 1305 1510 δημιουργὸς
1337 1441 1396 1493 οὐ
1443 1441 1585 1495 κατὰ
1626 1437 1806 1512 φύσιν,

223 1530 350 1592 πῶς
369 1530 437 1582 τὰ
469 1529 939 1601 δημιουργηθέντα
965 1530 1105 1584 κατὰ
1129 1531 1321 1600 φύσιν,
1350 1533 1412 1585 Εἰ
1443 1534 1656 1604 ἐνεργεῖ
1677 1533 1810 1598 Θεὸς

223 1620 302 1684 ὡς
328 1621 499 1684 οὐδεὶς
519 1620 725 1692 ἕτερος,
762 1622 856 1675 καὶ
893 1621 1097 1708 γεννῶν
1141 1622 1216 1686 ὼς
1253 1623 1352 1692 οὐχ
1385 1623 1570 1695 ἕτερος
1614 1626 1806 1696 γεννή-

1917 529 2107 582 sentiae
2143 543 2331 583 eorum
2379 543 2604 598 quorum
2655 538 2780 582 sunt
2827 524 3065 583 nomina.
3104 532 3360 588 Dominus
3385 548 3482 588 au-

1917 624 2021 670 tem
2051 625 2106 670 et
2135 616 2276 672 Deus
2301 629 2427 672 vere
2464 626 2573 670 tum
2610 616 2770 672 Pater
2798 627 2906 671 tum
2931 619 3122 675 Filius.
3161 620 3364 676 Eadem
3393 639 3483 678 er-

1914 717 1981 777 go
2013 717 2103 762 est
2131 707 2373 763 essentia
2402 707 2545 762 sicut.
2571 716 2625 762 et
2652 709 2837 762 eadem
2862 711 3078 765 nomina
3104 722 3250 766 sunt.
3275 712 3332 768 Si
3362 716 3483 768 uni-

1915 799 2154 868 genitum
2187 799 2550 869 generationis
2582 815 2688 855 non
2739 808 2840 868 est,
2878 802 2972 856 sed
3015 813 3303 873 propterea
3334 808 3480 875 quod

1916 901 2000 947 est
2027 892 2476 962 incomparabile,
2524 894 2835 964 unigenitus
2862 895 3025 949 etiam
3067 905 3150 950 εει
3176 896 3376 954 Pater:
3405 901 3482 954 si-

1915 985 2130 1054 quidem
2168 994 2253 1039 est
2299 985 2755 1053 incomparabilis.
2799 986 2904 1041 Sed
2960 996 3016 1042 et
3046 989 3300 1056 quaelibet
3327 1006 3482 1045 crea-

1917 1086 2034 1130 tura
2071 1075 2226 1129 alteri
2276 1076 2418 1129 haud
2461 1076 2672 1141 similis,
2705 1076 2976 1145 unigenita
3013 1088 3094 1133 est
3125 1097 3138 1132 :
3174 1080 3323 1134 multi
3351 1095 3481 1152 ergo

1915 1166 2198 1236 unigeniti,
2222 1175 2278 1221 et
2302 1181 2406 1221 non
2442 1181 2580 1221 unus
2627 1163 2796 1222 Filius
2847 1165 2963 1222 Dei.
3011 1167 3163 1234 Quod
3210 1169 3256 1224 si
3309 1167 3481 1226 Filius

1912 1270 2020 1312 non
2053 1257 2371 1326 simpliciter
2418 1258 2749 1328 unigenitus,
2807 1260 2900 1312 sed
2934 1259 3103 1314 Filius
3149 1261 3475 1330 unigenitus.

1912 1356 1966 1398 et
1994 1359 2026 1398 a
2059 1344 2223 1401 Patre
2274 1347 2606 1416 unigenitus,
2662 1346 2830 1402 Filius
2873 1349 3176 1418 unigenitus
3208 1361 3310 1415 est,
3370 1367 3478 1407 non

1914 1437 2194 1506 unigenita
2229 1444 2495 1492 creatura.
2532 1437 2624 1491 Sin
2665 1439 2956 1492 secundum
2993 1438 3159 1509 280
3188 1442 3478 1512 participa-

1914 1528 2113 1597 tionem
2158 1541 2223 1580 ac
2257 1527 2663 1582 concessionem
2705 1525 2884 1582 Patris
2927 1537 3142 1582 creator
3172 1539 3254 1584 est
3282 1529 3474 1597 Filius,

1909 1633 2014 1672 non
2050 1627 2240 1671 natura
2269 1634 2284 1672 :
2321 1617 2452 1670 nihil
2495 1632 2678 1672 eorum
2721 1625 2841 1687 Quae
2873 1619 2940 1673 ab
2977 1620 3092 1689 ipso
3119 1629 3298 1675 creata
3329 1635 3474 1689 sunt,

225 1729 314 1765 σει
335 1728 350 1742 ⁸
379 1710 711 1783 ἀσύγκριτος
741 1711 850 1784 γὰρ
882 1709 1019 1784 πρὸς
1054 1713 1227 1766 πάντα
1261 1713 1402 1766 κατὰ
1428 1714 1604 1768 πάντα
1639 1716 1746 1785 (57)
1777 1715 1793 1768 ἐ

1908 1710 2204 1764 secundum
2247 1719 2498 1764 naturam
2526 1719 2627 1766 est.
2653 1711 2888 1777 Quorum
2921 1712 3064 1766 enim
3093 1714 3341 1768 conditor
3371 1730 3475 1768 non

222 1804 381 1868 Θεός.
408 1805 478 1857 Τὸ
513 1803 834 1875 ποιούμενον
864 1805 965 1857 οὐκ
1013 1807 1077 1858 ὲκ
1106 1805 1206 1874 τῆς
1235 1805 1422 1868 οὐσίας
1460 1806 1553 1859 τοῦ
1591 1807 1793 1860 ποιοῦν-

1906 1801 2201 1855 secundum
2255 1808 2507 1856 naturam
2566 1810 2667 1866 est,
2714 1801 2829 1857 haec
2877 1801 3142 1872 quomodo
3183 1806 3474 1858 secundum

223 1911 338 1957 τος,
373 1894 432 1946 τὸ
465 1893 520 1946 δὲ
551 1892 886 1963 γεννώμενον
919 1895 984 1946 ὲκ
1011 1893 1110 1964 τῆς
1132 1893 1304 1964 αὐτῆς
1343 1895 1528 1959 οὐσίας
1558 1895 1652 1948 τοῦ
1679 1911 1804 1963 γεν-

221 1985 430 2048 νῶντος
449 2001 463 2015 ⁸
498 1983 559 2037 οὐ
590 1971 786 2037 ταύτὸν
824 1984 932 2054 ἄρα
980 1982 1040 2037 τὸ
1068 1986 1242 2037 ποιεῖν
1285 1986 1377 2038 καὶ
1409 1973 1470 2039 τὸ
1501 1989 1713 2059 γεννᾷν.
1744 1989 1807 2040 Εἰ

224 2080 291 2129 ἐκ
323 2074 418 2128 τοῦ
449 2074 586 2127 Θεοῦ
617 2077 646 2128 6
673 2075 821 2140 Υίὸς,
855 2077 952 2144 οὐχ
1007 2073 1082 2139 ὡς
1116 2077 1180 2129 ὲκ
1217 2070 1429 2147 Πατρὸς
1459 2078 1534 2141 δὲ,
1569 2079 1682 2132 ἀλλ’
1732 2081 1807 2144 ὡς

222 2166 285 2230 ἐξ
311 2165 521 2236 ἐτέρου,
549 2166 719 2228 αἴτιος
747 2165 803 2218 δὲ
825 2164 917 2218 τοῦ
960 2160 1097 2219 εἶναι
1133 2168 1228 2220 καὶ
1277 2169 1410 2237 ἡμῖν
1441 2170 1469 2220 6
1497 2169 1629 2232 Θεός
1657 2169 1768 2240 (58)
1789 2185 1805 2202 ο

224 2258 285 2325 ἐξ
318 2256 484 2311 αὐτοῦ
525 2257 633 2328 γὰρ
662 2256 732 2309 τὰ
764 2256 974 2310 πάντα⁶
1021 2257 1119 2328 οὐχ
1154 2258 1352 2329 ἑτέρως
1397 2259 1504 2329 ἄρα
1549 2259 1642 2312 τοῦ
1676 2260 1805 2314 Υἱοῦ

225 2350 439 2420 Πατὴρ,
469 2348 672 2418 ἑτέρως
704 2347 761 2401 δὲ
801 2348 977 2418 ἡμῶν,
1004 2347 1121 2401 ἀλλ’
1161 2349 1383 2420 ὁμοίως,
1418 2351 1530 2404 Καὶ
1562 2350 1677 2415 πῶς
1706 2351 1806 2405 οὐκ

221 2444 460 2508 Gronov;
496 2443 560 2496 Ei
614 2440 779 2512 μηδὲν
831 2443 1013 2511 ὅμοιον
1060 2441 1154 2494 καὶ
1209 2442 1323 2495 ἴσον
1365 2441 1482 2511 Θεῷ
1525 2444 1637 2513 (59)
1666 2443 1806 2515 πλὴν

221 2534 378 2596 Υἱοῦ,
412 2533 563 2587 οὐδὲν
604 2531 1040 2603 ἀπαραλλάκτως
1072 2531 1179 2586 τῶν
1213 2533 1626 2604 ὑποδειγματων
1658 2536 1806 2606 εἰρή-

221 2642 412 2679 σεται’
456 2622 593 2696 ὑπὲρ
647 2625 753 2678 πᾶν
780 2622 889 2694 γὰρ
923 2624 951 2676 6
976 2623 1125 2687 Θεὸς.
1165 2621 1238 2676 Τὸ
1263 2626 1321 2676 ὲν
1363 2629 1542 2696 μορφῇ
1583 2625 1718 2678 Θεοῦ
1747 2629 1804 2681 ἐν

218 2717 382 2789 οὐσίᾳ
419 2719 535 2770 ἐστὶ
583 2715 738 2769 Θεοῦ.
773 2716 847 2768 Οὐ
892 2715 997 2787 γὰρ
1030 2716 1156 2769 ἄλλο
1191 2716 1406 2788 μορφὴ,
1443 2719 1537 2770 καὶ
1563 2718 1690 2771 ἄλλο
1715 2719 1805 2772 οὐ-

220 2809 315 2863 σία
359 2809 528 2873 Θεοῦ,
567 2809 655 2863 ἵνα
704 2808 779 2879 μὴ
829 2807 1098 2871 σύνθετος.
1164 2809 1222 2860 '0
1262 2809 1401 2862 κατὰ
1455 2811 1664 2882 μορφὴν
1711 2807 1804 2865 οὖν

221 2901 359 2966 ῐσος,
391 2901 486 2956 κα).
507 2899 628 2954 κατ’
667 2898 853 2953 οὐσίαν
886 2901 1034 2953 ἐστὶν
1061 2899 1192 2964 ῐσος.
1220 2901 1282 2952 Εἰ
1312 2903 1338 2954 6
1357 2902 1636 2972 γεννηθεὶς
1659 2902 1806 2957 ἐλάτ-

217 3011 332 3049 των
371 2992 464 3046 τοῦ
488 2995 867 3064 γεννήσαντος,
898 2991 998 3045 οὐκ
1024 2992 1275 3064 ἔγκλημα
1303 2993 1460 3046 τοῦτο
1489 2994 1585 3046 τοῦ
1612 3012 1804 3066 γεννη-

219 3087 431 3150 θέντος,
486 3078 740 3142 ἀσθένεια
766 3085 822 3138 δὲ
854 3084 948 3138 τοῦ
999 3086 1359 3156 γεννήσαντος
1411 3085 1542 3159 (40).
1585 3089 1654 3140 Ἢ
1695 3087 1802 3158 γὰρ

219 3180 498 3251 φθονήσας
517 3181 618 3234 οὐκ
645 3180 899 3250 ἐποίησεν
935 3179 1068 3242 ἴσον,
1099 3178 1130 3249 ἢ
1163 3179 1237 3249 μὴ
1259 3177 1506 3248 δυνηθεὶς
1530 3180 1628 3233 οὐκ
1656 3166 1800 3249 ἐγέν-

216 3282 384 3345 νησεν
431 3273 632 3342 ὅμοιον.
664 3273 726 3328 El
757 3273 785 3324 6
816 3271 1004 3342 Πατὴρ
1037 3271 1144 3342 πρὸ
1181 3271 1273 3325 τοῦ
1308 3273 1436 3325 Υἱοῦ
1484 3269 1573 3344 ἦν,
1609 3273 1795 3346 ἑτέρου

215 3362 366 3427 τινὸς
412 3364 628 3427 πάντως
657 3363 840 3436 πατὴρ
861 3359 928 3436 ἦν
948 3380 962 3393 ο
1001 3362 1168 3433 χωρὶς
1208 3362 1317 3433 γὰρ
1347 3363 1466 3416 υίοῦ
1493 3365 1672 3436 πατὴρ
1695 3366 1796 3418 οὐκ

216 3455 288 3512 ἂν
310 3455 547 3526 λεχθείη.
580 3457 642 3508 El
675 3458 702 3508 6
722 3456 812 3509 τὸν
837 3455 964 3508 Υίδν
982 3455 1144 3523 γνοὺς
1174 3455 1296 3506 κατ’
1324 3455 1511 3508 οὐσίαν
1536 3455 1676 3523 ἔγνω
1701 3456 1796 3508 καὶ

215 3546 312 3599 τὸν
338 3545 559 3616 Πατέρα
583 3545 674 3615 (El
697 3545 807 3614 γὰρ
837 3542 941 3613 ἐμὲ
975 3542 1187 3612 ᾕδειτε,
1221 3541 1354 3613 φησι
1371 3580 1385 3604 ,
1413 3541 1510 3595 καὶ
1538 3541 1646 3594 τὸν
1675 3545 1793 3595 Πα-

214 3637 358 3706 τέρα
369 3655 487 3707 μου
509 3637 702 3706 ᾔδειτε
725 3634 824 3704 ἄν)
849 3647 864 3664 ο
901 3634 1189 3705 ὁμοούσιος
1216 3634 1324 3704 ἄρα
1346 3630 1474 3697 Υἱὸς
1499 3632 1576 3702 τῷ
1597 3633 1792 3704 Πατρί.

215 3731 382 3783 Οὐδὲν
413 3731 521 3801 γὰρ
548 3728 835 3799 ἀσώματον
867 3725 925 3790 ἐξ
950 3725 1198 3796 ἀνομοίου
1221 3725 1409 3804 οὐσίας
1431 3722 1794 3796 γνωρίζεσθαι

214 3821 458 3874 δύναται.
485 3821 548 3872 El
572 3820 632 3873 τὸ
655 3817 928 3871 πιστεύειν
959 3814 1049 3869 τὸν
1072 3813 1304 3888 Χριστὸν
1331 3811 1461 3868 Υἱὸν
1490 3810 1628 3868 εἶναι
1655 3814 1791 3868 Θεοῦ

213 4096 336 4152 quae
350 4081 580 4152 variatto
607 4078 804 4148 duplici
831 4076 1263 4152 interpretationi
1290 4076 1465 4130 locum
1496 4075 1609 4152 dat.
1634 4075 1784 4152 Licet

214 4147 363 4207 enim
394 4151 465 4204 ita
506 4147 874 4217 interpretari,
903 4147 1034 4201 Filii
1074 4147 1171 4200 Dei
1202 4160 1385 4200 sumus
1422 4155 1515 4214 per
1536 4147 1785 4217 adaptio-

214 4236 370 4282 nem;
397 4230 488 4273 aut
515 4221 616 4273 hoc
639 4214 818 4279 modo,
855 4217 981 4270 Filii
1016 4233 1195 4284 sumus
1223 4217 1501 4283 adoptione
1523 4214 1640 4268 Dei.
1676 4214 1788 4268 Hoc

212 4295 336 4358 ipso
360 4292 411 4343 in
443 4291 558 4344 Io'co
582 4291 711 4343 editi
739 4289 951 4358 ἀνάγκη
979 4287 1069 4340 τὸν
1103 4286 1260 4356 φύσει
1293 4286 1684 4358 προϋπάρχεινι
1705 4284 1786 4358 Τᾲ

211 4354 496 4431 ἀληθῶς...
530 4354 884 4431 γνωρίσματᾶ
935 4354 1072 4410 ἐστι.
1115 4354 1250 4428 Reg.
1305 4354 1582 4431 secundus
1622 4357 1672 4408 εί
1715 4354 1786 4407 τὰ

212 4427 430 4502 ἁλήθῶς
456 4427 712 4502 ὀνόματαΓ
743 4427 883 4502 Reg._
911 4438 1137 4502 (Lutarius
1166 4427 1258 4502 ita,
1286 4435 1345 4479 ut
1382 4427 1647 4502 edendum
1692 4439 1785 4502 cu_-

213 4487 478 4555 rav'innis.
505 4487 626 4555 Μ’οκ
647 4501 776 4555 editi
802 4487 896 4552 κναὶ
921 4487 1132 4568 Πατήρ.
1167 4487 1401 4551 Αιήιεε.
1445 4487 1650 4565 aliquot
1690 4495 1784 4548 καὶ

211 4573 243 4626 ὁ
270 4572 482 4626 Πατήρ.

286 4571 583 4712 ῗὲἱῖὶῇίηά,
610 4640 672 4691 Εἰ
704 4641 800 4709 μή,
829 4649 960 4704 ειε.,
991 4640 1070 4691 sic
1103 4636 1414 4712 adAverbum
1457 4634 1781 4712 interprete:

213 4703 361 4778 mur,
383 4703 434 4764 ἐξ
459 4703 783 4779 unigenitum
816 4725 928 4762 non
954 4707 1302 4779 generationis
1329 4714 1429 4779 est.
1459 4703 1573 4758 Hoc
1587 4716 1702 4779 est,
1733 4706 1780 4779 si

208 4775 612 4849 unigenitum’a
653 4775 1002 4848 generatione
1027 4793 1133 4832 non
1162 4775 1547 4849 proﬁciscitur,
1587 4775 1695 4827 iuno
1733 4776 1779 4828 si

212 4847 418 4904 idcirco
467 4851 540 4902 ita
596 4847 815 4913 dicitur,
841 4850 985 4916 quod
1037 4847 1345 4917 comparari
1409 4858 1517 4898 non
1579 4852 1778 4912 potest,

209 4923 378 4988 Pater
408 4935 622 4988 quoque
650 4921 756 4973 erit
784 4918 1112 4988 unigenitus.

284 4987 399 5062 (55)
428 4983 626 5044 Addita
649 4998 732 5043 est
762 4983 947 5042 vocu'la
977 4987 1034 5039 δέ
1067 5002 1132 5041 ex
1159 4984 1367 5041 duobus
1393 4983 1546 5040 libris
1573 4983 1778 5038 veteri-

246 5076 331 5115 US.

281 5129 392 5201 (56)
431 5127 582 5201 _Editi
633 5125 923 5201 μονογενὴς
967 5126 1059 5179 καὶ
1105 5125 1253 5201 Υἱὸς,
1302 5123 1396 5176 καὶ
1459 5123 1774 5201 μονογενής.

205 5192 390 5256 0οόεὴ
417 5199 566 5254 Colb.
599 5192 655 5251 εἰ
703 5192 837 5267 Reg.
875 5192 1100 5266 quartus
1123 5207 1180 5267 ut
1208 5197 1277 5267 _in
1316 5192 1591 5267 contextu.
1635 5192 1774 5267 Reg.

205 5272 402 5324 tertius
430 5267 653 5340 Hatpb;
696 5263 992 5340 μονογενὴς
1051 5269 1080 5318 6
1138 5265 1297 5340 Υἱὸς,
1315 5263 1409 5316 καὶ
1456 5263 1770 5340 μονογενής,

204 5333 580 5408 ittlerpunctio
610 5333 737 5390 alia.
793 5333 1083 5408 Aliquanto
1115 5345 1235 5408 post
1261 5333 1406 5408 Reg:
1434 5342 1661 5408 quartus
1685 5334 1776 5384 οὑ-

202 5409 296 5462 δὲν
327 5401 392 5462 ἂν
425 5408 509 5479 εἴη
541 5408 631 5460 ὑπ’
665 5407 836 5479 αὐτοῦ
857 5401 1256 5479 δήμιουργηθεν
1282 5401 1420 5455 κατὰ
1449 5402 1632 5479 φύσιν.

1910 1899 2162 1944 naturatn
2213 1891 2410 1945 erunt?
2441 1891 2498 1948 Si
2542 1890 2686 1946 Deus
2713 1901 2969 1960 Operatur
2995 1901 3053 1946 ut
3079 1891 3256 1947 nullus
3304 1893 3474 1957 alius,

1905 1979 2073 2035 etiam
2105 1995 2227 2034 cum
2259 1990 2499 2049 generat,
2537 1983 2816 2050 generabit
2840 1991 2896 2035 ut
2918 1997 3022 2036 non
3047 1982 3185 2037 alius
3219 2000 3236 2040 :
3269 1984 3467 2053 quippe

1906 2085 2029 2125 cum
2073 2071 2216 2126 nulla
2262 2087 2322 2126 re
2360 2073 2413 2126 in
2453 2072 2597 2127 nulla
2639 2088 2696 2128 re
2747 2073 2890 2128 Deus
2937 2083 3111 2142 potest
3145 2075 3472 2144 comparari.

1905 2162 2058 2230 Quod
2114 2163 2194 2228 iit,
2237 2179 2343 2218 non
2388 2179 2454 2218 ex
2499 2165 2801 2218 substantia
2861 2165 3109 2219 facientis
3160 2174 3244 2220 est
3278 2179 3294 2217 :
3324 2165 3467 2234 quod

1903 2271 2034 2311 vero
2063 2268 2379 2326 generatur,
2418 2273 2488 2314 ex
2533 2258 2644 2328 ipsa
2686 2260 2986 2313 substantia
3016 2262 3322 2328 generantis
3348 2270 3470 2317 est:

1905 2361 2012 2401 non
2043 2362 2173 2417 ergo
2204 2349 2347 2402 idem
2376 2357 2457 2403 est
2477 2347 2661 2403 facere
2681 2358 2735 2403 et
2763 2363 3040 2416 generare.
3077 2350 3132 2404 Si
3155 2365 3220 2404 ex
3249 2351 3358 2405 Deo
3388 2361 3475 2406 est

1907 2435 2100 2503 Filius,
2134 2454 2240 2493 non
2267 2440 2403 2494 sicut
2435 2448 2501 2494 ex
2531 2439 2714 2506 Patre,
2737 2441 2830 2496 sed
2859 2441 3001 2495 velut
3029 2456 3092 2495 ex
3117 2442 3223 2497 alio
3257 2465 3271 2498 ;
3305 2458 3470 2499 causa

1915 2543 2043 2584 vero
2071 2539 2129 2584 ut
2163 2530 2332 2585 simus
2367 2531 2519 2585 nobis
2543 2532 2704 2585 etiam
2755 2532 2894 2586 Deus
2924 2543 3006 2587 est
3035 2548 3135 2587 εει
3173 2535 3290 2601 ipso
3327 2536 3471 2589 enim

1905 2623 2124 2687 omnia;
2178 2638 2286 2676 non
2338 2623 2496 2677 aliter
2530 2637 2660 2692 ergo
2701 2622 2822 2677 Filii
2877 2622 3038 2679 Pater
3069 2635 3171 2690 est,
3195 2627 3350 2681 aliter
3377 2642 3473 2681 no-

1905 2721 2041 2777 ster,
2065 2714 2162 2766 sed
2181 2713 2452 2768 similiter.
2483 2713 2547 2767 Et
2575 2716 2666 2784 qui
2693 2715 2849 2769 ﬁeret
2873 2725 2931 2768 ut
2958 2715 3011 2769 id
3042 2717 3336 2771 absurdum
3365 2725 3472 2772 non

1907 2806 2087 2860 esset?
2121 2804 2177 2860 Si
2206 2805 2340 2860 nihil
2370 2805 2547 2858 simile
2584 2813 2638 2857 et
2678 2805 2884 2872 aequale
2931 2807 3036 2859 Deo
3061 2815 3144 2860 est
3164 2816 3356 2876 praeter
3384 2806 3473 2864 Fi-a

1905 2894 2056 2960 lium,
2082 2895 2450 2963 exemplorum
2473 2893 2677 2948 nullum
2700 2894 2947 2948 similiter
2972 2897 3191 2949 omnino
3218 2898 3426 2952 dicetur
3451 2907 3468 2953 ι

1903 2986 2167 3054 siquidem
2203 3000 2364 3055 super
2384 2986 2565 3039 omnia
2595 2986 2755 3039 Deus.
2784 2985 2934 3050 Quod
2963 2986 3012 3039 in
3046 2985 3217 3042 forma
3251 2988 3342 3044 Dei
3363 2999 3468 3057 est,

1904 3079 1957 3132 in
1988 3079 2291 3133 substantia
2319 3078 2412 3133 Dei
2443 3087 2547 3133 est.
2580 3077 2696 3132 Non
2727 3078 2873 3132 enim
2917 3077 3062 3132 aliud
3096 3078 3290 3145 forma,
3325 3081 3472 3136 aliud

1904 3171 2202 3226 substantia
2239 3170 2354 3230 Dei.
2399 3179 2458 3224 ut
2503 3186 2571 3225 ne
2613 3171 2948 3239 compositus
2990 3171 3080 3225 sit.
3113 3169 3343 3227 Proinde
3376 3174 3470 3245 qui

1902 3262 2126 3330 aequalis
2168 3268 2252 3315 est
2293 3259 2590 3314 secundum
2647 3259 2912 3325 formam,
2955 3263 3118 3315 etiam
3179 3265 3469 3320 secundum

1898 3353 2254 3408 substantiam
2296 3352 2520 3422 aequalis
2562 3362 2666 3407 est.
2709 3352 2767 3407 Si
2821 3354 3032 3421 genitus
3067 3354 3244 3410 minor
3283 3366 3368 3411 est
3402 3371 3468 3413 eo

1898 3447 1990 3516 qui
2019 3445 2226 3515 genuit,
2257 3459 2366 3498 non
2405 3444 2561 3513 culpa
2585 3453 2668 3499 est
2690 3445 2877 3514 geniti,
2903 3447 2998 3499 sed
3029 3445 3285 3513 genitoris
3319 3447 3470 3502 infir-

1901 3539 2078 3592 mitas.
2107 3540 2211 3591 Aut
2245 3537 2390 3591 enim
2441 3551 2552 3605 prae
2593 3537 2792 3589 invidia
2825 3551 2932 3589 non
2981 3535 3106 3590 fecit
3161 3539 3466 3607 aequalem:

1899 3639 1991 3682 aut
2017 3644 2126 3698 prae
2160 3628 2473 3696 impotentia
2501 3641 2604 3681 non
2643 3627 2829 3697 genuit
2866 3626 3120 3682 similem.
3147 3626 3309 3682 Pater
3346 3640 3469 3686 ante

1899 3717 2094 3773 Filium
2136 3717 2181 3773 si
2212 3729 2350 3784 erat,
2381 3718 2600 3773 alterius
2643 3718 2941 3788 cujuspiam
2986 3720 3290 3773 necessario
3317 3729 3468 3789 pater

1901 3823 2209 3869 eratmam
2255 3815 2458 3883 absque
2515 3813 2627 3868 ﬁlio
2668 3820 2822 3884 pater
2871 3814 2978 3868 dici
3031 3829 3135 3869 non
3177 3823 3370 3884 potest.
3406 3817 3466 3874 Si

1889 4075 2090 4145 ήμῐνό
2119 4081 2283 4144 Θεός,
2313 4087 2420 4132 etc.
2455 4075 2513 4131 Si
2546 4093 2610 4131 ea:
2643 4077 2747 4132 Deo
2799 4090 2875 4132 est
2919 4078 3113 4145 Filius,
3148 4095 3260 4132 non
3296 4088 3353 4132 ut
3399 4083 3464 4132 ea:

1897 4148 2077 4214 Patre,
2105 4151 2194 4202 sed
2233 4148 2368 4200 velut
2399 4164 2464 4200 ea:
2502 4149 2607 4201 alio
2627 4165 2647 4212 ;
2673 4165 2836 4201 causa
2861 4160 3035 4202 autem
3069 4159 3123 4201 ut
3167 4151 3334 4202 simus
3367 4165 3464 4201 tto-

1895 4219 1973 4288 bis
2001 4219 2158 4271 etiam
2202 4216 2338 4270 Deus
2366 4229 2462 4288 est,
2491 4229 2597 4271 etc.
2649 4217 2956 4288 Legendum
2987 4221 3200 4272 videtur
3230 4218 3345 4271 ἀλλ’
3385 4218 3462 4282 ὡς

1893 4286 1951 4353 ἐξ
1988 4288 2184 4351 αἰτίου,
2211 4289 2302 4341 sed
2338 4287 2474 4341 velut
2512 4303 2576 4340 ea:
2610 4286 2792 4339 causa.
2835 4288 3142 4341 Dilliciliura
3179 4297 3306 4341 sunt
3341 4299 3463 4355 qua:

1893 4358 2052 4426 paulo
2080 4367 2201 4425 post
2233 4367 2534 4426 sequuntur
2559 4357 2864 4427 ξᾼΚαιίπῶς
2897 4357 2997 4427 οὐκ
3020 4358 3237 4419 ἄτοπον,
3263 4359 3311 4409 εξ
3353 4373 3460 4427 μηδ

1815 4467 1860 4523 D
2002 4428 2186 4509 ὅμοιον
2211 4427 2449 4523 καιῖξον
2481 4425 2620 4523 eiii),
2651 4426 2968 4523 «omnes,
3015 4427 3165 4523 οὐδὲν
3209 4425 3463 4523 Tragici);-

1888 4497 2100 4562 λάκτως
2119 4497 2227 4551 τῶν
2258 4497 2673 4568 ὑποδειγμάτων
2695 4499 2970 4568 εἰρήσεται
2997 4513 3010 4562 ;
3051 4497 3145 4550 Vix
3173 4497 3276 4568 ulla
3313 4499 3461 4552 vide-

1891 4578 1976 4621 tur
2007 4569 2278 4622 sententia
2305 4583 2370 4621 ex
2401 4569 2482 4620 his
2507 4567 2685 4620 verbis
2710 4567 2823 4620 erui
2862 4583 3040 4636 posse,
3074 4568 3176 4621 nisi
3214 4567 3460 4636 legamus

1887 4638 2016 4709 περ).
2044 4636 2173 4690 Υἱοῦ
2208 4647 2270 4709 γει
2300 4636 2900 4709 ντῷνᾼύποδεεστάτων.
2939 4635 3005 4709 Et
3055 4635 3315 4709 (μιοηιριίο
3352 4647 3458 4709 noti

1889 4704 2134 4769 absurde.
2170 4708 2214 4759 si
2257 4707 2388 4760 nihil
2413 4705 2522 4760 Deo
2552 4707 2724 4760 simile
2749 4716 2800 4759 et
2823 4704 3152 4769 aequale,‘de
3193 4704 3338 4758 Filio
3379 4706 3460 4758 ni-

1885 4777 1962 4829 hil
1982 4779 2122 4847 quod
2143 4777 2358 4844 diﬁerat
2385 4777 2450 4829 ab
2482 4775 2676 4847 infimis
2704 4776 2859 4847 rebus
2881 4776 3139 4847 idicetur.’
3180 4773 3458 4829 Probatur

1889 4845 2133 4902 hoc’loco
2166 4847 2328 4900 Deum
2365 4861 2472 4900 non
2521 4846 2676 4898 aliter
2701 4845 2822 4899 Filii
2877 4846 3087 4900 Patrem
3122 4860 3260 4909 esse,
3291 4859 3456 4911 quam

1886 4918 2184 4983 hominum,
2218 4917 2261 4970 si
2316 4915 2483 4970 Filius
2535 4930 2602 4969 ex
2632 4914 2744 4968 Deo
2794 4924 2899 4979 est,
2930 4930 3037 4969 non
3070 4923 3128 4967 ut
3169 4929 3234 4966 ex
3269 4913 3454 4978 Patre,

1886 4987 1980 5041 sed
2016 4997 2074 5042 ut
2098 5001 2166 5040 ex
2197 5000 2381 5040 causa.
2413 4985 2592 5051 Quare
2633 4999 2736 5038 non
2771 4985 3042 5039 immerito
3068 4983 3372 5037 ostenditur
3399 4983 3454 5037 id

1885 5072 1953 5109 ex
2023 5056 2393 5110 haereticorum
2455 5055 2720 5110 sententia
2777 5055 3057 5123 consequi,
3102 5052 3454 5123 ut_qua_mvis

1885 5126 2025 5180 Deus
2060 5129 2131 5179 sit
2186 5126 2375 5193 Filius,-
2410 5140 2512 5179 nec
2549 5124 2656 5177 Deo
2702 5120 2996 5193 quidquam
3042 5121 3224 5176 simile
3280 5120 3354 5175 sit
3397 5124 3454 5193 ει

1885 5195 2115 5264 aequale,
2143 5196 2211 5250 de
2247 5192 2384 5248 Filio
2413 5194 2754 5264 tamen_nihil
2789 5191 3132 5262 priestantius
3169 5204 3331 5259 quam
3384 5191 3457 5246 de

1885 5261 2084 5318 inlimis
2115 5268 2277 5318 rebus
2313 5265 2544 5318 dicatur.
2575 5261 2803 5317 Mummi
3023 5269 3026 5276 '

1954 5334 2065 5404 (59)
2093 5335 2232 5404 Editi
2261 5333 2372 5404 ἴσον
2404 5333 2560 5389 Θεοῦ.
2587 5332 2738 5388 Libri
2759 5341 2969 5398 veteres
2999 5330 3140 5402 Θεῷ.
3171 5329 3293 5385 Mox
3315 5329 3450 5401 Reg.

1881 5403 2108 5474 quartus
2135 5403 2276 5474 ὑπὲρ
2301 5403 2499 5474 πάντα.

277 5479 391 5549 (57)
421 5468 558 5531 Editi
584 5480 676 5532 καὶ
707 5478 867 5532 κατά.
905 5468 1220 5550 Ἳρευίιίκαί
1239 5489 1267 5525 a
1297 5468 1646 5550 niss._abest..
1668 5471 1777 5550 Nec

1902 5468 1917 5473 ’
1953 5473 2064 5550 (ἦρ)
2104 5468 2256 5528 Ειιὶιῖ
2277 5473 2670 5550 γεννήσαντος.
2702 5473 2767 5526 El
2795 5473 2824 5526 6
2858 5473 3050 5544 Πατὴρ
3286 5484 3450 5550 quam

201 5541 296 5604 ita.
326 5541 497 5603 m'ulto
526 5559 644 5616 post
675 5550 805 5602 editi
830 5547 1109 5609 ποιοῦντός
1142 5547 1280 5596 εστι.
1325 5541 1479 5606 Illud,
1531 5541 1671 5607 ἐστί,
1720 5541 1774 5596 in

1902 5541 2127 5616 nutilam
2181 5541 2608 5616 scripturamex
2639 5552 2870 5616 quatuor
2905 5541 3040 5616 mss.
3085 5541 3449 5616 restituiInusf

199 5633 339 5674 mss.
375 5634 481 5671 non
521 5619 737 5686 legitur.

273 5687 387 5760 (58)
417 5690 488 5760 El
515 5679 602 5760 ἐπί
615 5688 720 5760 τοῦ
743 5689 900 5760 ᾼΘεοῦ
925 5690 961 5740 ὀ
1001 5684 1153 5760 Υζός.
1179 5683 1294 5760 οὐχ
1325 5679 1774 5760 ὠς-ἐκ-Πατρὸς

194 5750 296 5818 δὲ’
319 5750 456 5818 ἀλλ’
505 5758 584 5823 ὡς
627 5756 697 5821 ἐξ
729 5758 955 5826 ἐτέρου,
1002 5756 1193 5819 αἴτιος
1230 5750 1298 5807 δὲ
1329 5751 1437 5808 τοῦ
1472 5750 1628 5807 εἶναι
1665 5750 1784 5838 ’καί

517 5853 788 5916 Pareae.
821 5853 935 5915 Gn.-
962 5848 1202 5914 XXIX.

1884 5614 1927 5668 E
1952 5613 2171 5685 regions
2200 5609 2348 5685 vocis
2367 5611 2640 5685 φθονήσας
2657 5609 2868 5685 legitur
2904 5615 2972 5685 in
3017 5609 3266 5680 margine
3296 5609 3451 5680 Regii

1880 5681 2059 5761 quarii
2087 5684 2182 5740 καὶ
2199 5683 2298 5738 οὐκ
2322 5681 2634 5753 ἐγέννησενι
2725 5681 2749 5685 “
2783 5758 2796 5761 _
2836 5756 2838 5758 ν
2904 5681 2910 5688 ’

3097 5838 3178 5898 9:3
