3822 6216
386 324 453 383 C7
463 326 496 380 Si

1693 321 1748 373 S.
1793 319 1873 372 BA
1884 316 2033 373 SILI!
2073 317 2284 373 MAUNI
3521 306 3622 360 676

389 441 509 509 quis
539 436 730 493 Filium
769 437 915 491 novit
939 435 1230 489 secundum
1268 434 1581 496 essentiam,
1611 436 1760 488 umit
1790 437 1947 489 etiam

2057 433 2198 504 ζωὴν
2247 432 2461 486 αἰώνιον
2491 429 2622 501 ἔχει,
2664 428 2724 481 τὸ
2749 427 2986 481 ἀπιστιιί
3016 426 3074 491 ἐξ
3107 425 3349 493 ἀνάγκης
3370 423 3617 476 θάνατον.

387 529 598 584 Patrem
634 527 727 599 (Si
755 528 889 582 enim
912 529 993 580 'me
1022 529 1413 594 cognosceretis,
1443 527 1634 595 inquit,
1654 537 1699 580 et
1733 525 1944 579 Patrem

388 636 558 673 meum
586 620 760 687 utique
787 619 1156 687 cognoscet-etis
1181 616 1250 686 ⁵¹)
1281 632 1294 667 :
1322 617 1797 672 consubstantialis
1821 632 1948 684 ergo

389 710 535 766 Patri
579 710 744 764 Filius
781 719 884 764 est.
934 708 1075 762 Nihil
1116 710 1258 763 enim
1289 709 1662 778 incorporeum
1695 726 1760 764 ex
1791 709 1949 764 dissi-

389 802 503 854 mili
529 801 829 856 substantia
853 800 1100 870 cognosci
1126 808 1322 868 potest.
1346 800 1402 854 Si
1431 801 1652 854 credere
1680 799 1948 855 Christum

388 891 582 946 Filium
615 906 734 946 esse
764 892 882 956 Dei,
927 890 1093 945 vitam
1148 898 1402 944 :eternam
1455 889 1648 944 affert:
1680 907 1782 945 non
1832 906 1950 945 cre-

389 983 538 1050 dere,
588 983 892 1036 necessario
939 989 1163 1036 mortem
1231 982 1390 1050 parit.
1449 981 1686 1048 Quorum
1747 983 1948 1036 eaedem

389 1082 515 1127 sunt
548 1073 909 1142 operationes,
950 1071 1142 1126 horum
1191 1088 1403 1143 quoque
1455 1075 1755 1128 substantia
1815 1088 1944 1128 una.

396 1164 651 1234 Operatio
680 1175 856 1219 autem
893 1162 1068 1218 Patris
1101 1173 1154 1219 et
1184 1163 1306 1218 Filii
1338 1180 1439 1218 una
1461 1174 1566 1229 est,
1601 1165 1742 1219 velut
1776 1165 1901 1219 illud
1932 1183 1946 1219 :

393 1254 677 1309 Faciamus
708 1257 967 1308 hominem
989 1255 1034 1285 ⁵¹
1068 1271 1079 1306 :
1109 1263 1162 1308 et
1199 1271 1384 1309 rursus
1411 1277 1420 1307 :
1446 1256 1780 1325 Qua’cunque
1811 1259 1948 1310 enim

393 1342 556 1398 Pater
585 1344 738 1413 farit,
781 1345 891 1397 lure
933 1353 980 1397 et
1027 1342 1198 1397 Filius
1250 1344 1490 1397 similiter
1531 1345 1657 1413 facit
1681 1345 1755 1410 ";
1791 1347 1951 1414 igitur

395 1438 571 1492 Patris
596 1446 652 1492 et
680 1436 802 1491 Filii
837 1452 942 1491 una
971 1436 1132 1490 etiam
1163 1437 1462 1491 substantia
1495 1447 1594 1492 est.
1629 1439 1684 1493 Si
1714 1440 1951 1508 cognitio

392 1529 571 1584 Patris
599 1537 653 1584 et
682 1528 800 1582 Filii
847 1530 950 1582 vita
1003 1537 1204 1582 reterns
1243 1537 1347 1593 est,
1401 1544 1624 1585 necesse
1664 1540 1747 1584 est
1786 1533 1948 1585 etiam

393 1623 554 1677 unius
581 1621 892 1676 substantiae
923 1637 1061 1676 esse.
1099 1621 1227 1687 Quin
1260 1623 1401 1676 enim
1433 1623 1654 1676 diversze
1685 1624 1939 1678 substan-

395 1717 480 1769 tiae
517 1723 662 1778 sunt,
711 1729 817 1768 non
877 1730 981 1768 una
1045 1715 1352 1786 cognitione
1401 1717 1949 1784 comprehenduntur,

392 1820 566 1876 neque
617 1805 777 1860 simili
839 1807 996 1861 modo
1042 1815 1268 1876 possunt
1315 1808 1610 1864 vivilicare.
1662 1808 1717 1863 Si
1771 1809 1950 1865 Patris
1986 1797 2024 1852 Β

392 1895 568 1964 imago
599 1909 722 1948 vere
749 1893 916 1948 Filius
948 1904 1051 1962 est,
1095 1897 1272 1950 omnis
1305 1907 1480 1950 autem
1511 1899 1683 1968 imago
1712 1899 1790 1954 vel
1821 1900 1952 1953 sub-

394 1986 743 2061 stautizetvel
777 1987 981 2050 forma),
1008 1989 1090 2040 vel
1123 1990 1326 2057 ligurae,
1363 1989 1447 2042 vel
1497 1991 1718 2058 speciei,
1748 1991 1828 2045 vel
1861 2006 1952 2046 co-

392 2077 519 2131 loris
565 2077 741 2146 imago
781 2086 896 2130 est:
931 2078 1070 2132 Deus
1115 2091 1292 2134 autem
1337 2081 1388 2134 in
1432 2083 1577 2134 nullo
1606 2086 1816 2144 hormu,
1858 2087 1948 2137 sed

392 2168 448 2221 in
475 2167 584 2223 sola
616 2169 913 2222 substantia
937 2177 1018 2222 est
1049 2188 1060 2221 :
1091 2170 1256 2225 Filius
1283 2187 1404 2225 cum
1437 2173 1751 2227 substantia!
1775 2175 1950 2243 imago

390 2259 485 2320 sit,
521 2257 998 2312 cousubstantialis
1027 2257 1173 2311 Patri
1218 2268 1319 2312 est.
1366 2258 1422 2312 Si
1471 2259 1632 2313 Pater
1657 2275 1778 2314 cum
1812 2261 1951 2316 Filio

394 2349 538 2402 nulla
566 2350 616 2401 in
650 2362 706 2400 re
747 2357 923 2417 potest
949 2351 1270 2417 comparari,
1301 2363 1397 2403 ucc
1441 2349 1493 2403 in
1527 2351 1629 2404 ulla
1663 2369 1718 2406 re
1742 2368 1952 2422 quoque

391 2454 517 2493 cum
550 2447 796 2493 creatura
830 2458 842 2492 :
871 2454 975 2494 non
1010 2440 1167 2494 aliter
1204 2456 1262 2494 se
1299 2443 1457 2497 habet
1487 2445 1554 2496 ad
1608 2443 1823 2511 Filium,
1856 2447 1954 2500 ali-

396 2539 478 2584 ter
505 2531 570 2584 ad
600 2540 926 2595 creaturam,
963 2531 1054 2586 sed
1096 2531 1382 2587 similiter:
1411 2548 1515 2588 non
1545 2549 1672 2604 ergo
1717 2536 1952 2591 dissimi-

393 2623 463 2676 lis
491 2623 662 2676 solum
691 2622 848 2692 281
880 2622 1021 2676 Patri
1059 2623 1244 2688 Filius,
1273 2626 1366 2678 sed
1391 2636 1650 2682 creaturae
1677 2629 1838 2682 etiam
1873 2631 1948 2682 si-

390 2710 536 2766 milis
559 2721 660 2765 est.
693 2713 971 2778 Quomodo
995 2719 1103 2777 jam
1137 2715 1238 2767 hoc
1267 2731 1368 2768 non
1403 2718 1690 2771 absurdum
1722 2721 1842 2776 est?
1871 2721 1946 2785 Si,

393 2801 518 2853 dum
568 2800 763 2854 Filium
817 2801 1007 2855 dicunt
1052 2813 1374 2870 creaturam,
1425 2821 1530 2859 non
1580 2815 1638 2860 ut
1681 2824 1840 2862 unam
1877 2823 1943 2864 ex

392 2891 652 2944 creaturis
711 2892 889 2945 dicunt
932 2910 946 2945 :
994 2909 1090 2947 cur
1132 2894 1255 2948 dum
1309 2911 1406 2951 nos
1471 2899 1767 2967 genituram
1820 2902 1952 2956 dici—

395 2995 537 3041 mus,
579 2994 700 3033 eum
756 2991 814 3034 ut
870 2997 1030 3035 uuam
1080 2998 1147 3036 ex
1189 2985 1456 3054 genituris
1506 2989 1850 3058 intelligunt?
1893 2992 1950 3046 Si

394 3071 534 3124 Deus
558 3086 660 3124 non
689 3083 927 3141 generat,
951 3083 1008 3126 ut
1038 3089 1105 3128 ne
1131 3073 1327 3130 ﬂuxum
1357 3079 1619 3146 patiatur;
1651 3097 1750 3136 nec
1778 3093 1948 3150 creat,

394 3172 452 3214 ut
500 3176 566 3215 ne
609 3163 852 3216 laboret:
879 3164 922 3216 si
955 3179 1079 3219 vero
1108 3177 1260 3219 creat
1308 3142 1440 3222 citra
1483 3142 1755 3238 allectum,
1783 3142 1951 3230 multo
1977 3142 2021 3200 C

391 3253 565 3322 magis
614 3253 747 3305 citra
795 3253 1044 3307 all‘ectum
1093 3267 1336 3323 generat.
1380 3258 1435 3311 Si
1479 3261 1764 3329 cujuslibet
1818 3265 1951 3321 lucis

392 3344 645 3410 splendor
681 3354 968 3412 generatur
1001 3347 1214 3414 quidem
1243 3363 1309 3402 ex
1338 3349 1480 3416 luce,
1518 3370 1622 3408 non
1649 3367 1824 3410 tamen
1851 3358 1954 3411 ali-

391 3433 630 3501 quando,
670 3433 762 3486 sed
797 3433 915 3487 sine
941 3443 1197 3504 tempore,
1228 3437 1336 3493 imo
1368 3442 1436 3494 ab
1473 3453 1674 3499 aeterno
1703 3462 1804 3500 una
1828 3463 1950 3503 cum

405 3521 695 3576 luce:non
728 3523 868 3577 enim
908 3533 992 3578 est
1040 3525 1128 3579 lux
1177 3529 1380 3597 absque
1431 3532 1753 3600 Splendore:
1786 3537 1952 3595 Filius

393 3613 557 3668 etiam
586 3623 643 3682 ut
684 3615 774 3682 qui
813 3613 1066 3684 Splendor
1102 3620 1196 3682 sit,
1234 3635 1335 3674 non
1381 3623 1665 3692 aliquando
1699 3631 1822 3694 erit,
1859 3633 1952 3687 sed

394 3705 464 3758 ab
501 3716 707 3759 aeterno
738 3708 969 3773 pariter;
1000 3723 1121 3763 cum
1153 3708 1294 3764 Deus
1322 3713 1392 3766 sit
1419 3713 1530 3777 lux,
1565 3727 1622 3771 ut
1645 3719 1806 3773 David
1834 3723 1948 3776 ait:

398 3793 462 3850 ἰι
486 3794 678 3850 lumine
708 3806 796 3850 tuo
823 3798 1101 3852 videbimus
1128 3800 1394 3868 lumen“;
1421 3815 1475 3860 et
1507 3807 1687 3862 Daniel
1721 3828 1733 3863 :
1759 3809 1828 3864 Et
1857 3813 1952 3867 lita:

388 3903 508 3940 rum
532 3888 642 3956 ipso
664 3899 738 3942 est
755 3890 822 3941 ".
849 3889 904 3942 Si
932 3891 1174 3959 genitura
1200 3895 1494 3949 secundum
1524 3897 1667 3965 ipsos
1692 3901 1948 3958 substan-

392 3976 464 4032 tia
493 3987 594 4044 est,
623 3977 758 4033 sicut
790 3989 843 4033 et
864 3979 1159 4052 ingenitum
1187 3998 1201 4036 :
1237 3984 1482 4054 genitura
1521 3999 1697 4044 autem
1727 3993 1842 4060 Dei,
1869 4004 1953 4050 est

391 4068 559 4124 Filius
586 4083 600 4120 :
631 4084 758 4138 ergo
787 4080 840 4125 et
861 4075 1163 4128 substantia
1193 4075 1317 4140 Det,
1339 4085 1422 4132 est
1455 4076 1640 4136 Filius.
1667 4080 1731 4137 Si
1763 4088 1949 4141 volun-

393 4171 505 4217 tate
536 4176 642 4216 non
676 4173 865 4216 natura
894 4164 1034 4220 Deus
1066 4165 1259 4220 Filium
1282 4170 1466 4235 genuit
1499 4193 1511 4224 ε
1545 4183 1636 4227 aut
1665 4177 1753 4229 ubi
1783 4181 1951 4235 semel

389 4254 654 4316 voluerat,
685 4261 864 4322 postea
899 4257 1088 4322 noluit,
1130 4267 1223 4312 aut
1263 4259 1424 4314 etiam
1457 4277 1644 4320 rursus
1673 4267 1862 4334 voluit,
1895 4284 1952 4327 et

389 4358 582 4402 rursus
614 4346 813 4414 genuit.
846 4346 996 4413 Quod
1027 4348 1074 4402 si
1099 4363 1204 4404 non
1235 4366 1341 4404 una
1377 4362 1461 4408 est
1490 4355 1734 4415 voluntas
1759 4361 1947 4431 ipsius,

2055 520 2154 577 ⁷ον
2212 526 2266 578 αἱ
2311 525 2468 578 αὑταὶ
2511 523 2802 592 ἐνέργειαι,
2853 519 3058 572 τούτων
3099 520 3193 572 καὶ
3230 521 3262 588 ἡ
3298 516 3457 569 οὐσία
3503 515 3619 584 μία.

2067 619 2342 690 Ἐνέργεια
2365 618 2420 670 δὲ
2447 617 2655 687 [ἰατρὸς
2684 615 2794 685 (Μ)
2823 613 2915 666 κει.)⁵
2947 612 3075 664 Υἱοῦ
3105 611 3220 681 μία,
3251 611 3323 673 ὼς
3349 609 3432 670 τὸ,
3457 604 3622 671 Ποιή‹

2055 724 2251 777 σωμεν
2282 708 2610 776 ἄνθρωπον·
2657 708 2748 759 καὶ
2776 705 2956 758 πάλιν·
2993 706 3059 757 "A
3095 704 3202 772 γὰρ
3228 703 3304 757 ἂν
3339 706 3373 756 ὁ
3421 701 3622 767 Πατὴρ

2055 799 2218 868 ποιῇ,
2239 799 2423 854 ταῦτα
2464 800 2562 853 καὶ
2602 803 2632 852 ό
2659 798 2787 864 Υἱὸς
2816 803 3028 867 ὁμοίως
3058 797 3242 849 ποιεῖ’
3278 795 3385 866 ἄρα
3405 796 3502 846 καὶ
3533 794 3623 845 οὗ·

2059 895 2144 947 σία
2169 895 2262 964 μία
2288 894 2499 964 Πατρὸς
2539 894 2630 946 καὶ
2672 892 2822 946 Υἱοῦ.
2856 893 2915 944 Ei
2960 894 2990 960 ὴ
3043 890 3243 958 γνῶσις
3276 889 3492 958 Πατρὸς
3533 885 3626 939 καὶ

2057 987 2183 1038 Υἱοῦ
2211 987 2322 1056 ζωὴ
2354 985 2601 1048 αἰώνιος,
2643 986 2855 1053 ἀνάγκη
2908 984 3001 1036 καὶ
3053 983 3180 1052 μιᾶς
3229 981 3418 1042 οὐσίας
3467 975 3621 1029 εἷναι.

2056 1078 2135 1130 Τὰ
2189 1079 2296 1148 γὰρ
2323 1076 2606 1148 έτερούσια
2647 1077 2707 1127 οὐ
2743 1077 2839 1146 μιᾷ
2881 1074 3073 1141 γνώσει
3122 1072 3623 1142 καταλαμϐάνεται,

2055 1169 2176 1224 οὕτε
2228 1171 2426 1240 ὁμοίως
2477 1169 2759 1232 ζωοποιεῖν
2809 1167 3049 1220 δύναται.
3103 1167 3163 1218 Ei
3211 1163 3376 1217 εἰκὼν
3431 1165 3459 1216 6
3503 1163 3625 1225 Υἱὸς

2055 1262 2269 1332 ἀληθῶς
2314 1263 2426 1330 (42)
2456 1262 2548 1314 τοῦ
2576 1261 2807 1331 Πατρὸς,
2837 1262 2982 1311 πᾶσα
3003 1258 3058 1310 δὲ
3092 1257 3251 1310 εἰκὼν
3278 1257 3309 1326 ἦ
3347 1256 3560 1317 οὐσίας,
3592 1254 3626 1325 ἢ

2059 1353 2292 1424 μορφῆς,
2327 1353 2358 1423 ἢ
2410 1353 2700 1422 σχήματος,
2731 1351 2762 1420 ἦ
2806 1351 2998 1412 εἴδους,
3041 1349 3132 1400 καὶ
3160 1346 3447 1416 χρώματὸς
3481 1348 3628 1398 ἐστιν

2056 1443 2236 1508 εἰκὼν,
2271 1443 2400 1506 Θεὸς
2426 1444 2482 1496 δὲ
2518 1445 2575 1495 ἐν
2609 1442 2782 1494 οὐδενὶ
2819 1440 3044 1500 τούτων,
3077 1441 3132 1490 ἐν
3177 1439 3232 1490 δὲ
3264 1438 3422 1506 οὐσίᾳ
3455 1437 3623 1508 μόνῃ·

2056 1538 2084 1588 6
2110 1537 2254 1599 Υἱὸς,
2282 1534 2442 1588 εἰκὼν
2463 1533 2536 1586 ὣν
2558 1534 2655 1602 τῆς
2675 1533 2876 1595 οὐσίας,
2900 1531 3176 1601 ὁμοούσιός
3200 1532 3313 1582 ἐστι
3336 1529 3412 1598 τῷ
3430 1529 3626 1598 Πατρί.

2058 1628 2119 1679 Εἰ
2148 1627 2470 1697 ἀσύγκριτος
2509 1629 2537 1678 6
2566 1625 2752 1695 Πατὴρ
2786 1623 2927 1676 κατά
2954 1622 3126 1674 πάντα
3175 1622 3308 1691 πρὸς
3337 1621 3429 1672 τὸν
3479 1621 3627 1681 Υἱὸν,

2059 1719 2197 1772 κατὰ
2231 1719 2405 1772 πάντα
2428 1719 2482 1772 δὲ
2511 1720 2602 1770 καὶ
2631 1718 2764 1789 πρὸς
2786 1717 2885 1787 τὴν
2917 1718 3091 1768 κτίσιν
3117 1731 3129 1744 ο
3161 1717 3260 1768 οὐκ
3289 1715 3466 1777 ἄλλως
3495 1717 3629 1785 πρὸς

2053 1811 2142 1862 τὸν
2169 1811 2316 1872 Υἱὸν,
2353 1810 2553 1880 ἑτέρως
2601 1808 2658 1861 δὲ
2694 1808 2829 1879 πρὸς
2863 1808 2959 1877 τὴν
3009 1807 3204 1870 κτίσιν,
3242 1807 3355 1858 ἀλλ’
3389 1805 3591 1875 ὁμοίως
3613 1823 3626 1835 ·

2053 1901 2247 1955 οὐκοῦν
2275 1902 2335 1953 οὐ
2368 1903 2525 1970 μόνον
2561 1900 2808 1969 ἀνόμοιος
2842 1898 2916 1968 τῷ
2939 1899 3130 1969 Πατρῖ,
3168 1897 3300 1950 ἀλλὰ
3331 1898 3426 1949 καὶ
3443 1898 3631 1967 ὅμοικ

2052 1998 2115 2065 τῇ
2144 1993 2334 2048 κτίσει.
2363 1995 2469 2046 Καὶ
2495 1991 2611 2055 πῶς
2633 1993 2731 2044 οὐκ
2761 1993 2993 2053 ἄτοπον;
3030 1992 3109 2050 Ei,
3146 1991 3352 2058 κτίσμα
3379 1989 3630 2056 λέγοντες

2053 2085 2140 2138 τὸν
2176 2086 2318 2146 Υἱὸν,
2345 2085 2441 2153 οὐχ
2470 2083 2544 2147 ὡς
2576 2084 2632 2134 ἓν
2659 2083 2764 2134 τῶν
2807 2082 3119 2151 κτισμάτων
3152 2081 3372 2148 λέγουσι
3396 2097 3408 2109 ·
3440 2080 3529 2132 διὰ
3551 2081 3622 2141 τί,

2053 2177 2296 2246 γέννημα
2355 2175 2617 2244 λεγόντων
2681 2173 2856 2245 ἡμῶν,
2908 2173 2982 2237 ὡς
3033 2173 3088 2226 ἓν
3127 2173 3231 2224 τῶν
3274 2173 3628 2243 γεννημάτων

2052 2268 2296 2333 νοοῦσιν;
2328 2267 2388 2318 Ei
2416 2267 2476 2319 οὐ
2513 2268 2676 2337 γεννᾷ
2698 2266 2848 2328 Θεὸς,
2876 2266 2962 2318 ἵνα
2990 2265 3063 2334 μὴ
3095 2263 3275 2333 ρεῦσιν
3306 2265 3579 2335 ὑπομείνῃ
3606 2282 3619 2293 ·

2052 2358 2173 2411 οὐδὲ
2218 2359 2412 2422 κτίζει,
2473 2358 2558 2410 ἵνα
2595 2357 2669 2428 μὴ
2714 2357 2902 2427 κάμῃ·
2951 2359 2999 2408 εἰ
3041 2357 3095 2408 δὲ
3151 2356 3625 2420 κτίζενάπαθῶς,

2053 2453 2230 2524 πολλῷ
2266 2454 2463 2524 μᾶλλον
2491 2453 2713 2516 ἀπαθῶς
2731 2453 2914 2522 γεννᾷ.
2951 2452 3014 2503 Ei
3057 2452 3396 2521 ἀπαύγασμα
3430 2451 3626 2512 παντὸς

2053 2548 2228 2616 φωτὸς
2259 2548 2512 2614 γεννᾶται
2553 2547 2651 2616 μὲν
2685 2549 2748 2598 ὲκ
2776 2546 2868 2597 τοῦ
2896 2545 3097 2612 φωτὸς,
3135 2543 3193 2596 οὗ
3230 2563 3359 2597 ποτε
3385 2545 3471 2605 δὲ,
3497 2545 3630 2596 ἀλλὰ

2052 2637 2291 2706 ἀχρόνως
2317 2637 2410 2690 καὶ
2439 2636 2716 2699 συναῖδίως
2738 2636 2931 2705 ἐκείνῳ
2957 2637 3037 2706 (οὐ
3087 2637 3194 2705 γάρ
3234 2637 3348 2686 ἐστι
3381 2635 3499 2703 φῶς
3522 2653 3628 2704 χω-

2054 2727 2138 2797 ρὶς
2171 2728 2625 2798 ἀπαυγάσματος)
2647 2744 2661 2757 ·
2693 2728 2786 2780 καὶ
2818 2729 2846 2779 6
2877 2728 3024 2790 Υἱὸς,
3056 2727 3397 2794 ἀπαύγασμα
3420 2727 3626 2795 τυγχά-

2051 2829 2177 2878 νων,
2205 2813 2266 2867 οὓ
2296 2831 2426 2867 ποτε
2454 2814 2624 2879 ἐσται,
2653 2815 2786 2868 ἀλλά
2815 2816 3119 2879 συναῖδίως,
3158 2816 3333 2885 φωτὸς
3357 2817 3508 2879 ὃντος
3530 2816 3621 2869 τοῦ

2051 2904 2184 2958 Θεοῦ
2245 2905 2380 2976 (45),
2445 2905 2519 2970 ὡς
2567 2906 2730 2960 Δαὸίδ
2782 2924 2982 2980 φησιν’
3027 2909 3128 2960 Ἐν
3179 2906 3259 2972 τῷ
3304 2909 3452 2976 φωτί
3501 2925 3620 2962 σου

2050 2996 2315 3063 ὀψόμεθα
2340 2995 2493 3065 φῶςο
2525 2999 2618 3050 καὶ
2649 2998 2845 3068 Δανιήλ
2863 3016 2876 3030 ·
2905 2998 3013 3051 Καὶ
3042 2999 3104 3051 τὸ
3130 2999 3254 3067 φῶς
3284 3002 3408 3067 μετ’
3435 3000 3620 3053 αὑτοῦ

2050 3085 2238 3138 ἐστιν.
2280 3087 2343 3138 Ei
2387 3087 2446 3139 τὸ
2483 3087 2729 3160 γέννημα
2774 3091 2931 3143 οὐσία
2963 3092 3077 3142 ἐστὶ
3129 3092 3246 3142 κατ’
3301 3091 3519 3154 αὐτοὺς,
3548 3091 3627 3153 ὡς

2052 3183 2146 3234 καὶ
2174 3183 2233 3236 τὸ
2262 3184 2571 3255 ἀγέννητον,
2602 3189 2847 3257 γέννημα
2873 3189 2928 3241 δὲ
2960 3189 2988 3239 ὁ
3024 3189 3146 3251 Υἱὸς
3176 3188 3268 3240 τοῦ
3315 3189 3448 3241 Θεοῦ
3496 3190 3629 3257 (Ηὲ,

2053 3278 2144 3330 καὶ
2166 3278 2322 3330 οὐσία
2352 3280 2459 3350 ἄρα
2504 3282 2532 3332 ὁ
2567 3280 2692 3343 Υἱὸς
2734 3281 2824 3334 τοῦ
2857 3282 3010 3334 Θεοῦ.
3050 3283 3112 3334 Ei
3150 3282 3406 3352 βουλήσει
3443 3285 3536 3336 καί
3567 3285 3628 3336 οὗ

2052 3369 2208 3436 φύσει
2235 3372 2263 3422 6
2290 3371 2420 3433 Θεὸς
2448 3371 2536 3423 τὸν
2571 3372 2696 3424 Υἱὸν
2725 3373 2979 3442 ἐγέννησε
2992 3394 3033 3435 ν,
3063 3375 3094 3443 ἦ
3129 3373 3274 3437 ἅπαξ
3301 3374 3411 3442 (45)
3440 3373 3632 3442 ﬂeui-q-

2053 3460 2186 3523 θεὶς,
2240 3460 2537 3530 ἀϐούλητος
2586 3461 2646 3512 τὸ
2673 3461 2877 3524 λοιπὸν,
2915 3465 2946 3534 ἢ
2997 3464 3090 3515 καὶ
3122 3464 3280 3514 πάλιν
3327 3463 3626 3533 βουληθεὶς,

2053 3552 2145 3603 καὶ
2172 3550 2332 3604 πάλιν
2373 3553 2681 3621 ἐγέννησεν.
2735 3555 2795 3605 Ei
2824 3553 2878 3606 δὲ
2910 3556 2969 3606 οὐ
3009 3557 3107 3623 μία
3144 3555 3397 3624 βούλησις
3441 3557 3624 3618 αὐτοῦ,

2055 3641 2188 3694 ἀλλά
2220 3643 2492 3713 διάφορος,
2523 3644 2704 3696 οὐκέτι
2728 3645 2927 3708 ἁπλοῦς
2949 3647 3068 3698 οὐδὲ
3092 3648 3207 3709 ἑνὸς
3239 3649 3470 3719 ποιητὴς
3496 3649 3626 3715 (46:,

2051 3733 2165 3785 ἀλλ’
2195 3733 2268 3797 ὡς
2303 3734 2550 3803 βούλεται
2579 3736 2671 3788 καὶ
2694 3739 2858 3788 ποιεῖ.
2903 3737 2964 3789 Ei
2995 3737 3126 3802 Θεὸς
3163 3739 3224 3790 οὐ
3264 3741 3451 3810 γεννᾷ,
3481 3740 3514 3808 ἦ
3543 3740 3627 3791 διὰ

2052 3826 2112 3878 τὸ
2139 3825 2212 3896 μὴ
2235 3825 2491 3880 δύνασθαι
2519 3829 2755 3893 πάντως,
2783 3829 2816 3900 ἢ
2846 3828 2932 3882 διὰ
2952 3829 3012 3882 τὸ
3040 3829 3113 3900 μὴ
3145 3829 3456 3899 βούλεσθαι.
3485 3831 3628 3882 Ἀλλ’

2052 3916 2100 3966 ει
2130 3916 2227 3984 μὲν
2269 3915 2330 3967 οὐ
2372 3915 2625 3982 δύναται,
2679 3919 2857 3990 ἥττων
2909 3923 3231 3992 γεννητικῆς
3278 3923 3376 3974 καὶ
3417 3922 3626 3985 τελείας

2053 3999 2286 4070 φύσεως,
2319 4005 2450 4075 πρὸς
2471 4006 2548 4076 τῷ
2587 4007 2697 4077 (47)
2739 4010 2831 4060 καὶ
2863 4009 3152 4080 ἀδυναμεῖν
3172 4027 3186 4040 ο
3222 4011 3269 4064 εἰ
3301 4010 3358 4063 δὲ
3399 4011 3629 4080 δυνάμε-

2051 4116 2140 4161 νος
2162 4100 2260 4153 οὐκ
2288 4102 2581 4173 ἠϐουλήθη,
2611 4104 2639 4156 ὃ
2679 4105 2833 4174 φύσει
2860 4105 2984 4174 ἔσχε
3010 4145 3023 4168 ,
3053 4103 3303 4174 βουλήσει
3337 4104 3624 4174 κατέσχεν.

2054 4190 2213 4244 Ὥστε
2267 4194 2314 4244 εἰ
2366 4195 2459 4246 καὶ
2506 4198 2670 4265 μήπω
2723 4198 2978 4265 ἐγέννησε
3019 4197 3149 4267 (48),
3197 4196 3482 4265 βουληθεὶς
3523 4197 3628 4266 ἄρα

2050 4284 2296 4353 γεννήσει
2349 4285 2498 4337 ποτέ.
2561 4286 2628 4338 Ei
2678 4303 2808 4339 ποτε
2855 4288 2953 4340 οὐκ
2997 4284 3064 4357 ἦν
3109 4291 3136 4340 6
3187 4287 3349 4350 Υἱὸς,
3398 4288 3536 4340 αὐτὸ
3567 4287 3624 4339 τὸ

2051 4375 2245 4439 ἐκεῖνο,
2274 4375 2334 4428 τὸ
2359 4376 2523 4441 ποτὲ,
2553 4377 2704 4431 ἔσται
2736 4381 2831 4449 μὲν
2859 4380 2996 4450 μετά
3020 4381 3108 4434 τὸν
3134 4383 3497 4450 γεννήσαντα,
3525 4381 3624 4450 πρὸ

389 4437 485 4494 md
513 4436 748 4501 diversa,
776 4451 880 4491 nou
913 4439 1145 4508 amplius
1173 4443 1400 4512 simplex
1451 4456 1553 4513 est,
1589 4464 1764 4520 neque
1791 4457 1947 4514 unius

2056 4465 2110 4518 δὲ
2148 4465 2240 4518 τοῦ
2289 4467 2658 4538 γεννηθέντος.
2709 4472 2903 4525 Οὐκέτι
2932 4468 3024 4526 οὗν
3054 4473 3159 4544 πρὸ
3191 4474 3411 4526 πάντων
3449 4475 3480 4525 6
3502 4473 3625 4532 Υἱὸς

473 4571 517 4602 ⁸⁸
541 4571 698 4627 Joan.
736 4589 845 4640 xlv,
875 4574 926 4632 7.
1000 4576 1046 4608 "
1075 4576 1212 4634 Gen.
1238 4594 1274 4644 ι,
1301 4581 1390 4635 26.
1481 4583 1763 4655 l".loan.v,
1796 4591 1882 4649 l9.

459 4709 571 4832 (Η)
605 4709 743 4764 Editi
784 4713 1057 4784 Ἐνέργεια
1100 4717 1156 4768 δὲ
1207 4718 1334 4771 Υίοῦ
1368 4722 1461 4773 καὶ
1495 4723 1724 4804 Πατρός,
1765 4729 1944 4789 Codex

459 4781 540 4832 ib.
577 4795 695 4832 cum
725 4780 857 4832 Reiz.
884 4786 1117 4832 secundo
1135 4788 1346 4832 Πατοὸξ
1361 4793 1453 4832 καὶ
1479 4793 1604 4832 γἐηη
1659 4799 1941 4832 summ...“

388 4777 559 4833 Culb.'
577 4795 695 4834 cum
725 4780 857 4850 Reg.
884 4777 1117 4865 secundo
1133 4788 1346 4859 Πατρὸς
1361 4793 1453 4842 καὶ
1479 4777 1626 4846 Υἱοῦῖ
1653 4777 1943 4867 ΚΠᾦέῖῆἱῖ

391 4858 511 4922 post
543 4865 671 4922 mss.
701 4852 804 4905 duo
833 4854 865 4922 ἡ
919 4870 1136 4920 γνωσις.
1189 4857 1539 4916 Desideratur
1588 4869 1850 4922 articulus
1885 4875 1938 4922 in

575 4871 671 4928 iss.
701 4871 804 4905 uuo
833 4871 865 4922 η
919 4871 1136 4920 γνωσις.
1189 4871 1539 4916 Desuderatur
1588 4871 1850 4926 articulus
1885 4875 1938 4927 in

465 4919 475 4968 Ι
517 4934 542 4968 a
575 4919 584 4968 i
623 4958 638 4972 .
853 4919 862 4922 ⁷
931 4919 938 4920 ⁷
1706 4919 1782 4922 ’”“

387 4926 574 5056 νυᾶἳ)
592 4934 736 5057 sReg.
763 5001 988 5058 quartus
1011 4993 1422 5107 εἰκὼν-ἀληθίρ
1453 5001 1624 5072 imago
1657 5023 1794 5064 vera,

601 5057 740 5107 Idem
767 5062 930 5107 cmlex
957 5079 1047 5107 του
1069 5065 1201 5107 Bson
1229 5069 1314 5107 νη)
1408 5073 1568 5107 η-ηνίιρ

461 5057 573 5126 (45)
601 5057 740 5111 Idem
767 5057 932 5114 codex
957 5063 1047 5114 τοῦ
1069 5065 1201 5118 Θεοῦ
1229 5057 1320 5119 xii
1359 5057 1588 5135 Πατρόςῖ
1759 5057 1794 5064 ’-

457 5125 745 5210 (L.4)_Erdit'i
778 5140 831 5210 et
859 5128 1004 5210 ιίεετ.
1021 5139 1285 5210 secundus
1319 5138 1426 5210 ἄρα
1462 5121 1489 5193 ὁ
1518 5143 1643 5206 Υἱὸς
1667 5145 1760 5198 τοῦ
1777 5147 1934 5203 Θεοῦ.

387 5192 1157 5288 ξεέςρη--ι-ξξίίιυὶε
1179 5221 1309 5288 mss.
1343 5192 1452 5288 non
1485 5192 1940 5288 legituriv'lqeqde

388 5264 664 5344 indignum
697 5277 824 5334 puto
851 5268 991 5344 quod
1021 5264 1249 5344 notetur,
1270 5277 1409 5330 hunc
1438 5264 1720 5337 loctimfsi'c

386 5334 475 5400 gui
508 5335 560 5386 in
595 5333 724 5404 Reg.
748 5333 1004 5404 secundo,
1037 5342 1162 5408 γένν
1205 5333 1279 5414 μία
1308 5345 1364 5398 δὲ
1393 5349 1420 5398 ὁ
1465 5333 1611 5414 Υἱὸς,
1640 5333 1731 5406 τοῦ

387 5402 482 5474 sui
503 5401 667 5474 eiiciat
693 5405 798 5474 ipa.
823 5407 851 5458 6
881 5407 1023 5472 Υἱὸς,
1044 5411 1137 5463 τοῦ
1165 5360 1329 5468 τΘεοῦ.
1378 5416 1614 5474 Utroaue
1644 5424 1694 5474 in
1731 5425 1844 5474 lom
1877 5400 1934 5474 il:

389 5431 482 5454 ιιιιι
503 5431 659 5483 ouo-ta
693 5431 798 5485 ap.“
823 5431 851 5458 υ
888 5431 1023 5472 ιιος,
1044 5431 1137 5463 του
1173 5431 1329 5468 σεου.
1380 5431 1614 5488 Utroque
1644 5431 1694 5476 ΠΙ
1731 5431 1844 5481 loco
1876 5431 1937 5480 ii-

525 5473 799 5562 Epigeou,
837 5479 1112 5562 vociITitS;
1157 5484 1400 5562 jungitur
1446 5489 1497 5541 in
1544 5492 1770 5562 vulgatis
1821 5499 1936 5551 sine

386 5537 507 5664 ml;
525 5543 727 5612 virgula
778 5537 793 5597 ἐ
837 5549 975 5614 quod
1029 5537 1940 5624 et-a'mbigu'uim"erargi'uobsclu‘:

459 5675 569 5748 (45)
590 5678 762 5737 Codex
790 5700 924 5743 unus
954 5687 985 5757 ἢ
1012 5691 1058 5741 εἰ
1082 5690 1241 5759 ἅπαξ.
1409 5703 1454 5736 "'-
1483 5742 1491 5752 .

1961 4596 2007 4630 “
2028 4599 2174 4658 Psal.
2212 4618 2382 4669 xxxv,
2411 4604 2500 4659 l0.

2576 4605 2622 4640 ⁸⁵
2657 4607 2792 4663 Dan.
2821 4624 2881 4672 ll,
2910 4608 3007 4664 22.

2123 4744 2234 4815 (46)
2264 4745 2413 4820 Editi
2435 4745 2616 4820 οὐκέτι
2651 4733 2852 4820 διπλοῦς
2881 4747 3000 4800 οὐδὲ
3026 4747 3084 4800 ἒν
3110 4749 3138 4800 6
3167 4750 3422 4820 ποιητής.
3461 4751 3624 4806 Inter-

2049 4826 2174 4879 pres
2211 4814 2223 4868 ι
2253 4814 2363 4868 Nec
2397 4818 2505 4881 ipse
2535 4817 2754 4884 simplex
2788 4827 2887 4878 est,
2931 4833 3022 4869 nec
3050 4835 3182 4871 unus
3225 4814 3454 4873 créaior.
3491 4822 3621 4874 Ver-

2053 4884 2204 4935 tisset
2230 4885 2388 4948 alius,
2420 4895 2512 4936 aut
2541 4895 2689 4940 certe
2713 4897 2921 4940 vertere
2942 4888 3233 4954 debuisset,
3258 4905 3349 4942 nec
3377 4894 3622 4943 conditor

2049 4963 2123 5003 est
2160 4969 2238 5005 res
2287 4971 2410 5024 una.
2471 4954 2624 5023 Regii
2681 4958 2972 5020 secundus,
3020 4959 3233 5020 tertius,
3285 4971 3520 5024 quartus
3569 4971 3621 5012 et

2049 5031 2232 5100 sex-tus
2256 5037 2348 5100 pro
2372 5022 2431 5074 ἓν
2455 5022 2744 5100 ὁ.-ποιητής
2783 5027 2979 5100 habent
3011 5027 3128 5100 ἐνὸς
3163 5022 3420 5098 ποιητής,
3458 5045 3620 5100 neque

2049 5092 2207 5162 unius
2246 5096 2438 5160 (actor.
2475 5092 2736 5160 Exiguum
2765 5097 2978 5162 quidem
3006 5097 3215 5150 videtur
3240 5092 3499 5152 tuendum
3536 5092 3620 5151 'li-

2046 5157 2210 5232 brarii
2243 5157 2334 5230 qui
2369 5177 2467 5230 pro
2501 5157 2620 5225 ἑνός
2650 5157 2867 5232 scripsit
2892 5165 2949 5217 ἒν
2973 5167 3001 5217 ὁ
3035 5185 3047 5219 :
3086 5168 3180 5220 sed
3213 5176 3416 5231 tamen,
3452 5177 3513 5220 ut
3541 5167 3615 5228 lit,

2047 5227 2696 5309 haeparvahegligentia
2743 5227 2960 5309 delusus
3017 5237 3286 5305 interpres
3317 5227 3620 5309 itaiczecur-

2046 5301 2282 5419 :i.Vlii,-ltll
2314 5301 2429 5368 ejus
2455 5301 2577 5356 loci
2624 5307 2948 5358 sententiam
2987 5320 3085 5359 nec
3116 5301 3476 5375 cipresserit,
3518 5321 3615 5358 nec

2065 5381 2117 5419 Ἰ(
2141 5384 2216 5419 θΓΙ
2250 5407 2262 5419 .

2044 5377 2262 5422 Viderit.

2115 5438 2228 5506 (47)
2276 5437 2514 5514 Editi_et
2561 5441 2693 5512 Reg.
2745 5444 3013 5499 secundus
3059 5443 3194 5514 πρὸς
3235 5445 3318 5497 τὸ.
3373 5444 3481 5498 Alii
3511 5455 3616 5497 tres

2051 5511 2356 5581 mss_._1tpb;
2387 5511 2485 5581 τῷ.

2109 5576 2234 5656 ,(48)
2263 5576 2404 5633 Editi
2431 5576 2596 5656 éi_xai
2624 5586 2696 5656 μή
2727 5601 2856 5637 ποτε
2881 5585 3154 5653 ἐγέννησε.
3184 5584 3366 5642 Codex
3392 5584 3547 5642 Colb.
3572 5593 3625 5641 et

2053 5646 2140 5701 alii
2171 5654 2274 5704 duo
2307 5665 2438 5708 mss.
2480 5646 2636 5723 Regii
2654 5646 2710 5710 u't
2745 5646 3105 5735 iit-contextu.
