3822 6216
187 375 298 430 677

1285 382 1656 440 ADVERSUS
1693 381 2058 439 EUNOMIUM
2099 381 2225 436 LIB.
2269 379 2358 438 IV.

3325 383 3430 438 678

185 497 362 566 χωρὶς
396 497 486 550 τοῦ
534 499 763 570 Πατρὸς,
802 501 937 555 ἀλλὰ
975 501 1067 556 καὶ
1103 503 1239 574 μετὰ
1263 505 1324 558 τὸ
1374 507 1519 560 ποτὲ
1543 507 1735 578 εὑρεθῆ

1869 503 2240 560 creator:sed
2299 511 2356 556 ut
2405 501 2537 566 vult,
2582 501 2654 556 ita
2701 509 2755 558 et
2806 501 2952 556 facil.
3012 499 3068 556 Si
3123 500 3265 558 Deus
3325 517 3431 556 non

189 601 366 637 σεται.
413 587 596 656 Ὴμῶν
626 588 910 656 λεγόντων,
955 593 1166 662 Πατρὸς
1211 595 1360 658 ὄντος
1400 596 1508 659 ἀεὶ,
1547 597 1758 668 ἀνάγκη

184 677 284 730 καὶ
307 676 396 729 τὸν
411 678 536 730 Υῐὸν
558 675 694 732 εἷναι
719 681 824 746 ἀεὶ,
851 685 1048 738 ἐκεῖνοί
1086 703 1246 754 φασιν
1267 704 1280 718 ·
1319 688 1549 754 Οὐκοῦν,
1573 689 1758 758 ἐπειδὴ

185 768 284 822 καὶ
323 772 352 821 6
391 770 515 832 Υἱὸς
568 771 656 822 ἀεὶ
708 772 1053 844 δημιουργὸς,
1108 777 1198 830 καὶ
1242 781 1274 848 ή
1316 779 1641 849 δημιουργία
1675 781 1761 831 ἀεὶ

183 859 366 923 ἔσται,
409 861 503 914 καὶ
551 862 720 925 οὕτως
747 864 898 918 ἕσται
950 867 1096 937 καὶὴ
1142 869 1468 940 δημιουργία
1494 871 1759 934 συναῒδιος

184 953 364 1022 Πατρὶ
393 954 485 1007 καὶ
519 954 650 1024 Υἱῷ.
697 955 834 1008 Ἀλλ’
873 959 900 1009 6
947 957 1112 1010 εἰπὼν
1142 959 1466 1030 δημιουργὸν
1499 962 1596 1030 οὐχ
1645 961 1760 1032 ἅμα

183 1045 282 1096 καὶ
307 1043 404 1114 τὴν
424 1045 782 1116 δημιουργίαν
803 1047 967 1116 λέγει.
994 1051 1067 1101 Οὐ
1091 1049 1198 1121 γὰρ
1219 1049 1296 1121 τῷ
1335 1052 1600 1122 οἰκοδόμῳ
1645 1069 1762 1104 συν-

183 1135 426 1205 υπάρχει
455 1137 514 1188 τὸ
543 1138 899 1209 οἰκοδόμημα,
918 1141 1038 1193 οὐδὲ
1057 1141 1134 1211 τῷ
1152 1142 1413 1212 ναυπηγῷ
1436 1144 1495 1196 τὸ
1531 1143 1757 1212 σκάφος.

193 1227 263 1279 Ἥ
302 1229 398 1296 μὲν
432 1227 540 1299 γὰρ
564 1229 670 1300 (49)
695 1230 1020 1302 δημιουργία
1049 1235 1106 1286 ἐν
1137 1234 1212 1304 τῷ
1245 1235 1581 1306 δημιουργῷ,
1610 1237 1670 1288 τὺ
1702 1237 1757 1289 δὲ

181 1317 684 1392 δημιουργούμενον
731 1325 868 1394 μετὰ
915 1326 1004 1378 τὸν
1033 1326 1383 1398 δημιουργόν.
1439 1329 1656 1397 Πατέρα
1703 1329 1758 1381 δὲ

179 1411 358 1462 εἰπεῖν
391 1411 668 1480 ἀδύνατον,
697 1414 770 1485 μὴ
798 1415 947 1479 ὄντος
973 1417 1123 1471 Υἱοῦ.
1153 1418 1263 1470 Καὶ
1288 1421 1316 1470 6
1337 1418 1504 1472 εἰπὼν
1535 1420 1756 1488 Πατέρα

177 1501 283 1572 οὐχ
307 1503 488 1566 ἁπλῶς
523 1505 762 1575 Πατέρα,
787 1507 924 1559 ἀλλά
951 1525 1094 1572 τινος
1122 1509 1268 1578 λέγει
1301 1509 1541 1581 Πατέρα.

1868 605 2124 667 generat;
2175 605 2268 649 aut
2331 595 2454 664 quia
2497 595 2718 648 omnino
2765 609 2869 648 non
2923 601 3116 662 potest,
3155 601 3250 647 aut
3301 593 3430 662 quia

1869 704 1974 741 non
2011 687 2142 750 vult,
2179 701 2284 740 non
2325 694 2566 754 generat.
2601 683 2728 748 Sed,
2755 684 2800 738 si
2841 697 2947 738 non
2983 691 3180 751 potest,
3209 681 3433 738 inferior

1868 787 1952 831 est
1985 787 2175 830 natura
2211 791 2296 842 ea,
2331 789 2450 844 qua:
2477 784 2722 843 generat,
2767 787 2992 842 quaeque
3039 771 3272 843 perfecta
3323 784 3430 838 est,

1869 875 2226 938 praeterquam
2249 866 2388 933 quod
2418 865 2582 919 etiam
2615 862 2894 918 imbecillis
2921 873 3004 919 est
3035 880 3050 918 :
3086 864 3130 919 si
3151 877 3278 918 vero
3305 879 3432 919 cum

1865 967 2066 1029 posset,
2121 956 2324 1022 noluit;
2385 954 2527 1025 quod
2581 954 2769 1010 habuit
2807 964 3024 1020 natura,
3075 955 3128 1009 id
3157 954 3434 1010 voluntate

1863 1050 2124 1105 cohibuit.
2168 1049 2368 1115 Quare,
2402 1048 2504 1103 etsi
2555 1047 2790 1102 nondum
2845 1047 3064 1116 genuit,
3116 1054 3296 1102 tamen
3341 1048 3436 1104 ubi

1860 1142 2138 1206 voluerit,
2183 1140 2462 1211 generabit
2527 1139 2712 1208 utique
2776 1139 3088 1208 aliquando.
3141 1139 3200 1194 Si
3261 1140 3432 1196 Filius

1863 1235 2150 1303 aliquando
2200 1248 2305 1288 non
2361 1241 2498 1298 erat,
2549 1230 2678 1286 illud
2714 1271 2730 1295 ,
2777 1232 3062 1302 aliquando
3093 1273 3109 1300 ,
3161 1242 3284 1302 post
3332 1249 3432 1303 ge-

1863 1327 2092 1380 nitorem
2131 1325 2344 1394 quidem
2381 1323 2507 1392 erit,
2549 1325 2642 1379 sed
2687 1332 2810 1378 ante
2861 1325 3120 1394 genitum.
3163 1323 3280 1380 Non
3326 1326 3430 1397 igi-

1864 1428 1972 1483 tur,
2010 1417 2174 1472 Patre
2205 1425 2455 1485 excepto,
2494 1427 2618 1470 ante
2651 1416 2832 1469 omnia
2871 1415 3038 1470 Filius
3063 1425 3144 1470 est
3177 1435 3191 1470 :
3239 1431 3430 1472 verum

1863 1509 2028 1564 etiam
2083 1517 2205 1578 post
2235 1507 2383 1570 illud,
2435 1507 2740 1576 aliquando,
2800 1521 2918 1562 esse
2954 1507 3280 1564 invenietur.
3317 1509 3432 1564 Nos

181 1611 310 1650 cum
341 1597 595 1660 dicimus,
628 1599 771 1668 quod
812 1614 934 1653 cum
978 1599 1140 1656 Pater
1167 1617 1380 1672 semper
1410 1603 1500 1668 sit,
1527 1615 1747 1656 necesse
1779 1611 1862 1656 est
1925 1601 2089 1654 etiam
2163 1599 2360 1654 Filium
2409 1613 2620 1666 semper
2656 1613 2810 1661 esse;
2861 1597 2936 1652 illi
2966 1599 3153 1654 dicunt
3203 1617 3217 1655 :
3264 1599 3432 1671 Igitur

185 1707 314 1747 cum
345 1701 399 1746 et
426 1693 599 1748 Filius
636 1709 848 1763 semper
876 1693 1056 1762 opifex
1083 1697 1174 1760 sit,
1213 1697 1490 1766 Opiﬁcium
1545 1711 1760 1766 quoque
1797 1711 2009 1766 semper
2042 1695 2172 1760 erit,
2231 1696 2422 1764 sicque
2455 1693 2730 1762 opificium
2761 1693 2924 1748 etiam
2964 1709 3069 1748 una
3093 1711 3216 1750 cum
3267 1695 3432 1750 Patre

153 1796 238 1860 _et
267 1785 404 1841 Filio
436 1798 698 1842 aeternum
744 1790 866 1844 erit.
925 1791 996 1844 At
1045 1793 1133 1860 qui
1165 1793 1302 1846 dixit
1327 1791 1600 1861 Opiﬁcem,
1632 1809 1738 1848 non
1779 1794 1938 1848 simul
1958 1791 2120 1847 etiam
2159 1791 2434 1861 opificium
2499 1789 2657 1844 dixit.
2693 1789 2808 1844 Non
2869 1789 3014 1845 enim
3049 1807 3156 1845 una
3186 1807 3307 1847 cum
3355 1810 3429 1848 ae-

175 1877 462 1934 dilicatore
507 1881 794 1936 aedilicium
826 1882 1065 1945 exsistit,
1111 1899 1285 1952 neque
1319 1901 1424 1939 una
1493 1901 1614 1939 cum
1653 1887 1870 1940 navium
1933 1884 2260 1940 fabricatore
2301 1881 2521 1952 scapha.
2589 1881 2684 1935 Est
2716 1883 2860 1937 enim
2928 1884 3171 1952 operatio
3232 1884 3286 1938 in
3316 1885 3430 1953 opi-

181 1967 286 2024 ﬁce
314 1989 328 2026 :
355 1971 528 2041 ipsum
571 1981 751 2027 autem
787 1989 924 2043 opus
962 1984 1082 2043 post
1126 1976 1398 2044 opiﬁcem.
1431 1977 1602 2031 Porro
1638 1979 1754 2032 ﬁeri
1795 1993 1900 2032 non
1935 1987 2116 2048 potest
2153 1987 2212 2030 ut
2239 1976 2399 2030 Pater
2425 1975 2634 2030 dicatur
2665 1990 2804 2043 esse,
2839 1974 2945 2031 nisi
3007 1976 3080 2031 sit
3141 1976 3331 2032 Filius.
3363 1977 3424 2031 Et

175 2063 272 2133 qui
307 2062 520 2117 Patrem
579 2064 736 2130 dixit,
790 2081 896 2119 non
928 2065 1242 2134 simpliciter
1267 2065 1503 2132 Patrem,
1532 2070 1626 2123 sed
1667 2069 1890 2139 alicujus
1923 2069 2138 2123 Patrem
2163 2068 2315 2122 dixit.

251 2157 304 2210 2.
346 2157 498 2221 Θεὸς,
545 2159 637 2211 καὶ
667 2159 894 2231 Κύριος,
931 2161 1025 2212 καὶ
1061 2165 1476 2233 παντοκράτωρ,
1517 2164 1612 2215 καὶ
1652 2165 1745 2217 Σα-

1932 2201 1984 2218 ...
2016 2163 2178 2228 Dens,
2210 2171 2265 2218 et
2301 2161 2580 2228 Dominus,
2613 2169 2667 2216 et
2687 2161 3048 2230 omnipotens,
3074 2173 3130 2216 et
3160 2161 3424 2230 Sabaoth,

177 2249 328 2302 ϐαὼο
369 2250 504 2319 (‘30),
537 2253 632 2304 καὶ
665 2249 762 2314 ὢν,
795 2253 890 2304 καὶ
932 2251 1178 2318 Ἀδωναῒ,
1217 2255 1310 2306 καὶ
1359 2253 1534 2318 Ἑλωῒ,
1564 2257 1590 2306 6
1621 2255 1751 2307 Θεὸν·

175 2342 235 2394 ἐν
263 2343 383 2404 ταῖς
413 2342 652 2412 Γραφαῖς
683 2344 894 2413 εἴρηται
921 2359 934 2370 ·
966 2343 1258 2414 ἀγέννητος
1295 2344 1352 2396 δὲ
1394 2345 1650 2415 οὐδαμεῖ.
1687 2350 1751 2402 Et

173 2432 234 2486 δέ
273 2450 356 2496 τις
395 2434 488 2486 καὶ
514 2433 672 2486 τοῦτο
704 2435 1070 2504 συγχωρήσει,
1101 2435 1274 2488 καὶτὸ
1309 2434 1443 2503 dri-55‘
1457 2453 1633 2504 ι-ητος
1660 2437 1753 2490 καὶ

174 2524 249 2577 τὰ
300 2523 636 2595 προκείμενα
691 2526 932 2594 ὀνόματα
983 2525 1161 2594 λέγειν
1209 2527 1441 2596 ἁρμόσει
1486 2529 1578 2580 καὶ
1627 2530 1754 2581 Ἰου-

173 2617 346 2680 δαίοις
364 2619 456 2670 καὶ
485 2619 637 2669 πᾶσι·
660 2619 1003 2688 Χριστιανοῖς
1021 2617 1077 2668 δὲ
1098 2617 1280 2681 μόνοις
1309 2617 1368 2669 τὸ
1395 2619 1598 2686 Πατὴρ
1619 2621 1751 2686 Χρι-

173 2707 350 2761 στοῦ.
383 2709 443 2760 Εἰ
493 2703 586 2760 οὖν
647 2745 693 2762 ..
747 2725 903 2777 μονον
952 2706 1185 2778 χωρίζον
1241 2709 1387 2778 ἡμᾶς
1439 2709 1546 2762 τῶν
1579 2709 1752 2764 ἄλλων

171 2799 402 2868 ψευδὲς,
446 2801 538 2852 καὶ
579 2799 678 2851 οὐκ
710 2799 903 2869 ἀληθὲς
936 2799 1070 2867 (51),
1107 2799 1199 2852 καὶ
1242 2799 1412 2869 ὄνομα
1447 2800 1614 2864 θέσει,
1660 2801 1754 2855 καὶ

171 2891 236 2944 οὐ
281 2893 512 2960 πρᾶγμα
551 2890 744 2958 φύσει·
800 2889 1001 2960 ψευδὴς
1043 2892 1075 2960 ἡ
1124 2892 1306 2955 πίστις
1365 2893 1544 2963 ἡμῶν,
1581 2893 1674 2946 καὶ

171 2989 332 3051 ἐλπὶς
367 2989 588 3058 ματαία.
623 2981 696 3040 Oi)
727 2986 832 3057 γὰρ
867 2987 1118 3050 ἀϐέϐαιος
1163 2989 1196 3057 ἡ
1242 2987 1407 3058 ἁρχὴ,
1450 2988 1546 3040 καὶ
1577 2988 1637 3040 τὸ
1669 2987 1756 3041 τέ-

171 3081 266 3144 λος
308 3080 617 3150 ἀνίσχυρον.
665 3079 832 3133 Πάλιν
871 3079 1146 3150 ἐρωτῶσιν
1168 3096 1180 3108 ·
1217 3081 1280 3131 Εἰ
1315 3078 1389 3132 ὢν
1433 3079 1695 3150 ἐγεννήθη
1726 3082 1753 3132 ὀ

173 3173 379 3242 Υἱὸς,ἢ
411 3174 483 3242 μὴ
518 3171 590 3224 ὧν
612 3189 624 3200 ·
662 3171 904 3240 ἀσαφοῦς
935 3172 1028 3224 καὶ
1061 3171 1390 3240 κακοτέχνου
1422 3172 1522 3242 τῆς
1551 3173 1755 3242 ἐρωτή-

173 3283 315 3328 σεως
341 3265 506 3334 οὔσης
551 3263 748 3318 αὐτῶν.
802 3265 1190 3334 Αἰσχυνόμενοι
1239 3263 1347 3335 γὰρ
1371 3265 1432 3317 τὸ
1463 3266 1626 3328 πότε,
1659 3265 1753 3317 καὶ

169 3357 244 3409 ἐν
269 3357 485 3424 χρόνῳ,
519 3355 812 3426 ἐρωτῆσαι,
837 3354 898 3406 τὸ
920 3351 1004 3406 ὢν
1036 3353 1301 3422 λέγουσιν.
1356 3354 1752 3426 Ἀντερὼτησον

168 3449 378 3512 αὐτούς
399 3467 412 3478 ·
451 3451 514 3503 Εἰ
547 3450 622 3502 ὣν
663 3452 691 3502 6
716 3450 847 3512 Θεὸς
869 3449 1059 3520 Πατὴρ
1088 3450 1180 3502 τὸν
1215 3450 1342 3503 Υίὸν
1377 3451 1686 3522 ἐγέννησεν,
1716 3451 1748 3522 ἢ

173 3542 252 3614 μὴ
280 3542 352 3594 ὢν
377 3544 602 3614 Πατήρ;
629 3544 690 3594 Ei
723 3543 819 3612 μὲν
857 3542 967 3612 γὰρ
997 3541 1072 3594 ὣν
1104 3541 1314 3612 Πατὴρ,
1341 3541 1416 3594 ὢν
1445 3521 1574 3595 ὄντα
1599 3521 1752 3610 ὲγένξ
1780 3521 1822 3578 C

169 3650 368 3704 νησεν·
404 3636 452 3686 εἰ
492 3633 550 3686 δὲ
584 3634 682 3685 οὐκ
719 3631 814 3696 ὢν,
846 3633 1102 3700 γεννητὸς
1135 3633 1230 3686 καὶ
1259 3633 1318 3685 οὐ
1343 3631 1504 3702 φύσει
1537 3636 1746 3706 Πατήρ.

169 3727 366 3779 Πᾶσαν
413 3725 470 3777 δὲ
525 3724 854 3794 φιλονεικίαν
885 3723 1064 3778 αὐτῶν
1095 3724 1472 3780 ἀποκλείουσιν
1505 3728 1560 3778 αἱ
1611 3725 1750 3780 οεῑαι

169 3815 406 3884 Γραφαὶ,
441 3815 683 3878 Μωσέως
720 3813 818 3883 μὲν
857 3813 1085 3883 βοῶντος
1111 3813 1241 3882 περὶ
1267 3813 1362 3866 τοῦ
1391 3813 1547 3880 Υίοῢ,
1583 3815 1642 3867 '0
1668 3814 1751 3866 ὧν

167 3924 246 3976 με
275 3906 620 3960 ἀπέστειλε·
651 3906 744 3958 τοῦ
766 3906 823 3958 δὲ
845 3905 1254 3973 εὐαγγελιστοῦ,
1304 3907 1400 3958 Ἐν
1420 3906 1578 3974 ἀρχῇ
1610 3903 1690 3976 ἦν
1716 3908 1748 3960 ὁ

167 4001 384 4067 Λόγος.
417 3999 526 4052 Καὶ
562 3999 660 4068 οὐχ
701 3997 848 4062 ἅπαξ
897 3999 957 4052 τὸ
995 3995 1093 4068 ἦν,
1147 3998 1284 4050 ἀλλὰ
1316 3999 1596 4070 τέταρτον.
1639 4001 1750 4053 Καὶ

167 4088 339 4142 πάλιν
371 4087 602 4157 ἀλλαχοῦ
623 4104 636 4117 °
681 4087 743 4140 '0
775 4085 862 4140 ὢν
885 4088 952 4140 ἐκ
981 4088 1086 4140 τοῦ
1119 4088 1265 4140 Θεοῦ
1285 4105 1298 4117 ·
1341 4089 1455 4140 καίο
1504 4089 1554 4140 Ὁ
1579 4086 1662 4140 ὢν
1681 4089 1750 4140 ἑν

165 4175 300 4243 τοῖς
333 4181 581 4242 κόλποις
607 4178 712 4231 τοῦ
745 4179 1002 4246 Πατρός·
1036 4180 1130 4231 καὶ
1154 4181 1211 4230 ἐν
1239 4179 1466 4249 ἑτέρως’
1499 4179 1550 4231 Ὁ
1569 4179 1654 4231 ὢν
1680 4181 1749 4232 ἐν

167 4269 256 4335 τῷ
287 4267 539 4336 οὐρανῷ·
577 4269 688 4320 Kal.
726 4269 784 4319 ἐν
813 4272 880 4338 τῇ
918 4269 1313 4338 Ἀποκαλύψειο
1357 4270 1408 4320 Ὁ
1442 4267 1544 4334 ὢν,
1577 4269 1675 4322 καὶ
1715 4273 1748 4324 ό

165 4359 254 4432 ἦν
282 4361 412 4432 (52),
465 4359 562 4412 καὶ
607 4361 639 4412 ὀ
669 4359 1022 4427 ἐρχόμενος·
1055 4361 1148 4412 καὶ
1193 4361 1221 4411 ὁ
1256 4359 1499 4423 Παῦλοςο
1543 4363 1640 4426 Ὃς
1662 4356 1747 4414 ὢν

166 4455 540 4520 ἀπαύγασμα
567 4449 674 4517 τῆς
711 4449 897 4514 δόξης
921 4465 934 4478 °
965 4451 1056 4503 καί
1078 4467 1090 4480 ·
1129 4453 1233 4516 Ὃς
1262 4452 1330 4504 ἑν
1365 4449 1568 4520 μορφῇ
1598 4449 1744 4504 Θεοῦ

165 4544 500 4613 ὑπάρχων·
551 4543 644 4595 καὶ
687 4541 877 4594 πάλιν*
926 4541 991 4594 '0
1039 4540 1124 4596 ὢν
1167 4543 1264 4596 ἐπὶ
1315 4542 1554 4596 πάντων
1602 4544 1746 4608 Θεὸς

164 4634 521 4702 εὐλογητός.
541 4631 604 4684 ΕΞ
629 4631 878 4702 ἀληθινὸς
900 4631 1052 4695 Θεὸς,
1070 4633 1163 4686 καὶ
1190 4633 1324 4701 φῶς,
1343 4635 1436 4687 καὶ
1456 4635 1742 4706 ἄτρεπτος,

165 4729 270 4782 καὶ
295 4725 519 4794 ἀγαθὸς,
552 4727 646 4777 καὶ
671 4727 843 4794 ἅγιος,
869 4727 960 4778 καὶ
995 4725 1198 4798 Κύριος
1230 4729 1257 4780 6
1287 4729 1436 4792 Υἱὸς,
1470 4729 1644 4782 ταῦτα
1688 4730 1744 4782 δὲ

1855 2263 1909 2307 et
1941 2255 2034 2322 qui
2075 2261 2178 2318 est,
2216 2262 2270 2306 et
2297 2251 2540 2316 Adonai,
2587 2261 2644 2306 et
2689 2251 2800 2304 Elui
2854 2251 3154 2320 appellatur
3194 2251 3333 2308 Deus
3371 2257 3422 2308 in

1857 2345 2190 2414 Scripturis;
2233 2345 2509 2415 ingenitus
2538 2358 2667 2398 vero
2703 2359 2991 2412 nusquam.
3027 2343 3180 2410 Quod
3219 2345 3266 2398 si
3301 2345 3424 2413 quis

1856 2439 1960 2494 hoc
1991 2440 2154 2494 etiam
2188 2439 2552 2504 concesserit;
2592 2447 2649 2492 et
2699 2452 2892 2492 nomen
2943 2438 3222 2508 ingenitus,
3253 2448 3309 2494 et
3337 2454 3426 2492 re-

1855 2531 1962 2585 lata
1993 2533 2142 2600 prius
2173 2533 2387 2586 nomina
2411 2541 2470 2586 ut
2489 2530 2711 2596 Iudaeis,
2752 2533 2822 2584 ita
2869 2531 2990 2585 aliis
3021 2531 3271 2586 omnibus
3297 2547 3426 2602 pro-

1855 2623 2000 2678 ferre
2029 2626 2317 2680 conveniet
2349 2645 2362 2678 :
2410 2625 2735 2678 Christianis
2776 2639 2906 2678 vero
2950 2624 3080 2679 solis
3111 2625 3230 2688 hoc,
3263 2621 3428 2677 Pater

1855 2712 2074 2768 Christi.
2102 2715 2158 2770 Si
2207 2716 2371 2784 igitur
2402 2717 2544 2782 quod
2573 2716 2742 2770 solum
2768 2730 2797 2767 a
2821 2715 3030 2770 caeteris
3061 2729 3159 2769 nos
3187 2725 3426 2784 separat,

1857 2804 1910 2859 id
1951 2804 2145 2860 falsum
2183 2814 2284 2868 est,
2319 2821 2418 2860 nec
2445 2820 2652 2870 verum,
2682 2805 2726 2858 si
2761 2820 2958 2860 nomen
2992 2812 3082 2858 est
3114 2805 3424 2874 adoptione,

1855 2914 1964 2952 non
1997 2913 2084 2952 res
2105 2907 2322 2962 natura,
2347 2896 2480 2951 falsa
2511 2905 2596 2950 est
2623 2895 2756 2950 tides
2785 2905 2991 2962 nostra,
3022 2905 3076 2949 et
3110 2909 3232 2963 spes
3261 2909 3424 2948 vana.

1856 2989 2021 3060 Cujus
2049 2989 2190 3042 enim
2221 2988 2544 3057 principium
2581 2987 2852 3041 infirmum
2875 2997 2978 3051 est,
3017 2985 3134 3054 ejus
3162 2988 3326 3040 etiam
3361 2987 3426 3039 li-

1857 3083 1942 3136 nis
1973 3081 2163 3136 debilis
2198 3092 2300 3134 est.
2331 3079 2542 3134 Rursus
2569 3079 2922 3150 interrogant,
2961 3077 3158 3134 Utrum
3190 3093 3312 3133 cum
3338 3094 3424 3156 θεέ

1855 3182 1957 3238 set,
1981 3173 2188 3244 genitus
2213 3172 2284 3226 sit
2304 3171 2494 3235 Filius,
2520 3185 2588 3224 an
2624 3185 2744 3225 cum
2767 3185 2872 3224 non
2897 3180 3040 3226 esset
3069 3188 3084 3224 :
3112 3179 3168 3224 at
3191 3169 3424 3225 obscura

1854 3277 1909 3322 et
1935 3267 2164 3337 maligna
2191 3275 2274 3320 est
2301 3279 2488 3320 eorum
2527 3264 2900 3333 interrogatio.
2925 3263 3164 3328 Etenim,
3187 3264 3312 3318 dum
3329 3277 3426 3315 ve-

1857 3367 2044 3412 rentur
2091 3357 2428 3427 interrogare
2473 3355 2706 3426 quando,
2739 3366 2793 3410 et
2835 3355 3177 3424 intempore;
3209 3355 3420 3422 dicunt,

1855 3466 1974 3503 cum
2028 3461 2178 3502 esset.
2221 3447 2332 3504 Hos
2369 3447 2606 3502 vicissim
2647 3447 2942 3517 interroga,
2999 3446 3240 3511 Deusne,
3298 3461 3420 3501 cum

1853 3551 1996 3596 esset
2033 3539 2214 3604 Pater,
2257 3539 2452 3594 Filium
2503 3537 2708 3608 genuit,
2743 3555 2810 3593 an
2842 3553 2964 3592 cum
2995 3553 3104 3592 non
3142 3547 3289 3594 esset
3315 3537 3420 3592 Pa-

1854 3626 1981 3681 ter?
2017 3625 2074 3680 Si
2104 3627 2248 3680 enim
2277 3642 2399 3681 cum
2429 3636 2575 3682 esset
2603 3626 2769 3682 Pater
2789 3666 2804 3690 ,
2841 3627 3110 3681 exsistens
3147 3627 3422 3682 exsisten-

1853 3727 1959 3773 tem
1990 3720 2179 3787 genuit
2213 3735 2228 3772 :
2262 3727 2452 3773 contra
2493 3719 2537 3772 si
2567 3733 2689 3772 cum
2723 3733 2828 3772 non
2879 3727 3044 3782 esset,
3086 3718 3267 3774 factus
3311 3729 3419 3782 est,

1853 3823 1958 3862 non
1995 3817 2174 3862 autem
2205 3818 2396 3862 natura
2425 3807 2590 3878 232
2627 3806 2790 3862 Pater
2833 3817 2936 3862 est.
2967 3807 3194 3863 Omnem
3239 3817 3421 3862 autem

1853 3899 2096 3969 ipsorum
2119 3899 2527 3954 contentionem
2558 3896 2856 3952 excludunt
2877 3897 3075 3950 divina!
3099 3895 3417 3966 Scriptum,

1852 4005 1974 4045 cum
2003 3989 2180 4046 Moses
2209 3989 2424 4058 quidem
2459 3990 2656 4044 clamet
2689 3989 2756 4043 de
2789 3987 2926 4042 Filio
2957 4005 2972 4042 :
3001 3987 3106 4054 Qui
3139 3999 3238 4051 est,
3277 3987 3420 4042 misit

1849 4099 1931 4137 me
1961 4085 2046 4138 5°:
2082 4092 2136 4138 et
2163 4083 2523 4152 evangelista:
2559 4080 2630 4135 In
2667 4081 2926 4149 principio
2953 4089 3065 4134 erat
3099 4078 3326 4133 Verbum
3347 4081 3416 4132 ⁸⁷.

1849 4175 1962 4231 Nec
1983 4176 2151 4231 semel
2187 4175 2334 4240 dicit,
2373 4183 2508 4241 erat,
2555 4175 2648 4230 sed
2680 4179 2890 4242 quater.
2929 4171 2996 4224 Et
3019 4184 3206 4225 rursus
3241 4169 3369 4224 alibi
3399 4187 3418 4224 :

1852 4271 1958 4337 Qui
1985 4283 2048 4322 ea:
2067 4267 2176 4322 Deo
2218 4279 2292 4322 est
2319 4269 2364 4300 ⁸⁸
2391 4285 2405 4334 ;
2449 4275 2506 4322 et
2535 4283 2549 4320 :
2581 4265 2686 4331 Qui
2712 4274 2788 4320 est
2819 4265 2874 4317 in
2897 4264 3014 4316 sinu
3045 4259 3228 4316 Patris
3253 4263 3336 4328 ";
3363 4271 3422 4316 et

1849 4361 1902 4416 in
1932 4361 2054 4416 aliis
2079 4379 2092 4414 :
2123 4359 2227 4424 Qui
2253 4369 2328 4413 est
2357 4360 2414 4412 in
2437 4357 2566 4412 caelo
2595 4357 2640 4388 ⁸⁰
2667 4372 2685 4423 ;
2749 4365 2806 4412 et
2839 4356 2892 4410 in
2919 4353 3276 4424 Apocalypsi:
3311 4354 3418 4419 Qui

1847 4459 1944 4512 est,
1977 4460 2024 4503 et
2063 4449 2153 4520 qui
2189 4460 2322 4512 erat,
2364 4459 2413 4502 et
2460 4449 2552 4518 qui
2598 4455 2845 4504 uenturus
2869 4455 2944 4500 est
2973 4445 3052 4510 ⁶¹;
3091 4453 3144 4499 et
3169 4442 3368 4500 Paulus
3399 4463 3416 4500 :

1849 4541 1952 4606 Qui
1983 4557 2100 4594 cum
2129 4539 2194 4592 sit
2212 4540 2455 4606 splendor
2473 4539 2656 4609 gloria:
2675 4537 2758 4602 “;
2790 4545 2844 4591 et
2867 4555 2880 4590 :
2901 4535 3005 4602 Qui
3025 4551 3140 4589 cum
3171 4535 3420 4602 informa

1847 4631 1944 4685 Dei
1967 4641 2094 4684 esset
2125 4631 2171 4662 °"
2195 4647 2210 4695 ;
2237 4639 2291 4684 et
2315 4645 2506 4685 rursus
2533 4648 2546 4684 :
2587 4628 2690 4695 Qui
2718 4638 2792 4683 est
2816 4629 2870 4682 in
2899 4628 3137 4681 omnibus
3171 4627 3306 4682 Deus
3331 4630 3418 4682 be-

1847 4723 2084 4775 nedictus
2124 4719 2190 4774 “.
2225 4719 2278 4774 Si
2307 4719 2477 4775 Filius
2505 4727 2590 4774 est
2617 4735 2777 4773 verus
2796 4719 2961 4783 Deus,
2991 4729 3048 4774 et
3073 4719 3185 4787 lux,
3222 4729 3278 4774 et
3315 4720 3418 4772 im-

165 4821 268 4876 καὶ
295 4823 323 4872 6
345 4817 534 4890 Πατὴρ
561 4817 657 4882 ὢν,
692 4819 790 4888 οὐχ
818 4819 1020 4887 ὁμοίως
1043 4821 1212 4885 ἐστὶν,
1255 4820 1389 4873 ἀλλὰ
1445 4819 1706 4891 μειζόνως
1725 4837 1738 4848 ·

1856 4814 2140 4875 mutabilis,
2174 4821 2228 4866 et
2263 4813 2452 4875 bonus,
2478 4819 2534 4866 et
2563 4822 2808 4876 sanctus,
2848 4819 2904 4864 et
2957 4810 3258 4866 Dominus:
3303 4812 3418 4867 haec

165 4915 274 4966 οὐκ
308 4910 493 4974 οὐσίας
521 4910 760 4980 ὑπεροχῇ
802 4909 912 4980 (55)
960 4910 1094 4964 ἀλλὰ
1128 4912 1410 4982 ποιότητος
1443 4912 1740 4982 ὑπερϐολῇ.

243 5029 292 5061 ⁸⁸
319 5027 488 5080 Exod.
520 5041 604 5090 ιιι,
641 5027 728 5079 Μ.
805 5027 849 5057 ⁸⁷
871 5025 1025 5081 Joan.
1057 5041 1097 5092 ι,
1123 5029 1173 5081 1.
1250 5027 1296 5060 ⁸⁸
1321 5027 1478 5082 Joan.
1505 5043 1622 5092 VIII,
1662 5029 1752 5094 42,
1776 5025 1864 5080 67.

165 5099 216 5133 ⁸³
253 5097 420 5152 Hebr.
455 5111 494 5163 I,
525 5097 579 5152 '5.
656 5097 700 5126 ⁸³
723 5095 917 5164 Philip.
951 5113 1012 5162 ιι,
1046 5097 1099 5151 6.
1175 5097 1222 5129 ⁸⁸
1251 5099 1407 5153 Rom.
1447 5113 1521 5164 Ix,
1551 5099 1602 5152 5.

242 5235 494 5308 (49)111ει,
531 5239 596 5292 Ἦ
635 5237 732 5308 μὲν
771 5236 898 5308 γάρ,
945 5245 1074 5302 etc.,
1125 5239 1204 5292 sic
1246 5237 1405 5292 velim
1447 5236 1730 5308 accipias;

162 5307 428 5364 Facultas
463 5311 538 5363 rei
585 5307 859 5362 [πίθησθε
885 5309 1022 5361 inest
1047 5309 1260 5374 quidem
1289 5308 1342 5360 in
1375 5307 1568 5374 opiﬁce
1598 5323 1610 5357 :
1638 5307 1730 5360 sed

163 5393 262 5434 res
293 5379 406 5446 ipsa
447 5393 567 5445 qua:
600 5377 848 5446 ellicitur,
884 5387 1004 5444 post
1033 5379 1208 5442 ipsum
1247 5385 1544 5446 permanet.
1577 5375 1728 5428 Haud

163 5445 330 5517 longe
359 5448 486 5502 editi
519 5448 612 5502 καὶ
649 5445 838 5499 εἰπών.
867 5447 1088 5516 Antiqui
1137 5447 1240 5500 duo
1269 5446 1390 5500 libri
1439 5445 1532 5496 καὶ
1582 5447 1611 5496 ὁ
1652 5447 1728 5498 εί-

161 5517 310 5572 πῶν.

239 5587 356 5656 (50)
391 5587 594 5642 Nomen
637 5585 874 5642 Sabaoth
913 5599 1106 5656 nomen
1155 5585 1248 5639 Dei
1308 5597 1414 5656 non
1455 5597 1598 5648 esse,
1635 5583 1728 5640 sed

163 5653 392 5721 nomen,
423 5661 567 5727 quod
615 5657 710 5711 Dei
759 5655 1261 5727 nomini_jungit_ur,
1315 5653 1428 5723 jam
1467 5663 1731 5708 notarunt

159 5729 270 5782 viri
302 5725 600 5784 doctissimi
627 5727 852 5781 Ducmus
875 5735 929 5779 et
949 5725 1320 5779 Combelisius.

1851 4919 2030 4962 autem
2057 4916 2110 4962 et
2135 4907 2301 4962 Pater
2335 4922 2457 4962 cum
2493 4906 2586 4972 sit,
2615 4920 2722 4960 non
2747 4903 3000 4960 similiter
3026 4917 3132 4972 est,
3174 4907 3266 4963 sed
3299 4921 3414 4960 am-

2470 5021 2516 5053 “
2543 5019 2698 5076 Joan.
2735 5033 2819 5088 ιιι,
2853 5019 2940 5075 15.
3017 5019 3062 5051 ⁸⁸
3089 5019 3256 5090 Apoc.
3293 5033 3312 5072 I
3357 5017 3414 5072 8.

1953 5025 1999 5057 δ’
2021 5024 2178 5082 Joan.
2208 5039 2249 5091 I,
2281 5022 2371 5078 18.

1837 5253 2022 5374 “iis
2052 5301 2190 5374 sani
2222 5298 2316 5374 καὶ
2337 5298 2396 5374 ὃς
2422 5291 2512 5370 ἦν,
2559 5297 2717 5350 δεηθ·
2747 5294 2818 5346 Ᾱι
2853 5305 2982 5348 ⁸³⁸⁸·
3011 5303 3104 5346 ⁵⁸*
3132 5289 3228 5342 καὶ
3262 5287 3292 5339 δ
3319 5283 3410 5358 ἦν’

1845 5371 1945 5430 nec
1977 5371 2132 5427 aliter
2163 5372 2355 5440 legitur
2382 5371 2443 5440 in
2467 5373 2820 5440 sacr_o_text_u_.

1909 5429 2022 5516 (εδ)
2053 5442 2190 5496 sum
2214 5429 2402 5499 Esaia;
2423 5430 2891 5516 memmium
2923 5429 3219 5516 ποιότητος
3234 5429 3413 5516 5.33,.-

1835 5499 1959 5588 οχῂ;
1993 5499 2063 5568 At
2131 5527 2264 5566 mss.
2301 5525 2398 5564 sex
2449 5499 2594 5561 utin
2623 5499 2906 5567 contextu,
2937 5503 3156 5554 inverso
3197 5499 3410 5552 ordine.

1837 5586 1972 5642 Reg.
2017 5585 2283 5638 secundus
2341 5577 2528 5640 οὐσίας
2569 5571 2865 5642 ὑπεροχὴν,
2895 5570 3061 5642 iam:
3127 5565 3412 5642 ποιότητος

2017 5585 2283 5638 secundus
2341 5577 2528 5640 οὐσίας
2569 5577 2865 5645 ὑπεροχὴν,
2894 5577 3061 5654 ἀλλὰ
3127 5577 3412 5650 ποιότητος

1838 5651 2186 5726 ὑπερϐολήν]
2222 5663 2340 5719 quae
2382 5647 2565 5708 lectio,
2599 5645 2645 5726 si
2680 5651 2989 5726 praepositio
3024 5639 3166 5694 κατά
3213 5638 3430 5696 ευιιιιιιε,

1739 5759 1750 5766 -
1839 5715 2040 5788 diat'ur,
2071 5715 2125 5780 εἰ
2155 5715 2266 5784 ipsa
2295 5731 2508 5774 uuooue
2537 5715 2702 5772 recini
2749 5721 2955 5767 oot‘est.

240 5797 352 5870 (5t)
391 5801 519 5870 lieg.
552 5811 776 5870 quartus
809 5796 908 5848 οὐκ
950 5787 1146 5864 ἀληθὲς
1185 5793 1322 5848 κατὰ
1362 5795 1486 5858 τοὺς
1533 5797 1758 5876 αἱρετιη
