3822 6216
463 350 566 408 ῐ79

1764 349 1822 404 S.
1864 348 2111 404 BASILII
2152 347 2368 405 MAGNI
3535 347 3605 402 680

464 469 640 539 plins;
674 481 777 522 non
805 466 1123 523 substantia:
1162 468 1571 537 exsuperantia,
1607 472 1701 523 sed
1749 470 2034 539 qualitatis

2147 472 2308 525 Οὑσία
2351 471 2460 541 γάρ
2502 469 2686 532 οὐσίας
2741 469 2940 538 μᾶλλον
2981 467 3040 520 οὗ
3101 466 3324 532 λέγεται,
3361 465 3536 534 ποιότης
3569 468 3606 522 δὲ

469 559 804 630 prastantia.
831 559 1142 615 Substantia
1172 559 1314 614 enim
1346 560 1516 629 magis
1538 575 1702 631 quam
1730 564 2036 617 subSIantia

464 668 571 708 non
598 652 816 715 dicitur,
850 651 947 707 sed
979 652 1214 722 qualitas
1242 652 1507 722 qualitate
1537 671 1551 708 :
1600 654 1762 708 homo
1790 656 1935 708 enim
1961 655 2040 708 al-

464 753 585 800 tero
634 743 852 799 homine
886 744 1058 814 magis
1092 744 1254 798 homo
1307 759 1412 799 non
1448 745 1667 811 dicitur,
1720 746 1814 800 sed
1864 746 2041 800 bonus

464 837 608 893 bono
639 835 854 900 melior,
878 845 932 890 et
961 835 1142 906 justus
1168 836 1315 906 justo
1342 835 1559 904 justior.
1595 837 1917 893 Genitorum
1949 853 2042 892 ea-

467 932 590 986 dem
617 939 701 985 est
727 939 942 996 natura,
977 946 1097 999 quae
1123 942 1207 986 est
1237 933 1516 1001 genitoris,
1577 933 1790 986 etiamsi
1825 933 2042 1001 genitus

467 1022 575 1076 alio
610 1023 769 1076 modo
791 1037 903 1076 esu
933 1023 1149 1077 habeat.
1204 1022 1390 1094 Neque
1424 1026 1566 1077 enim
1595 1026 1748 1087 Abel,
1796 1039 1862 1079 ex
1895 1026 2042 1079 coitu

467 1115 702 1185 genitus,
730 1116 796 1168 ab
841 1115 1048 1169 Adamn
1087 1115 1338 1170 diversus
1372 1127 1475 1182 est,
1503 1118 1892 1173 licetAdamus
1931 1118 2045 1172 for-

470 1215 647 1261 matus
689 1207 759 1261 sit
794 1207 864 1270 “,
901 1223 1006 1261 non
1040 1208 1275 1278 genitus.
1311 1208 1367 1263 Si
1415 1225 1578 1265 causa
1605 1219 1829 1266 causato
1871 1211 2045 1281 major

466 1298 879 1369 est,diﬂ‘ertque
925 1303 1219 1355 secundum
1273 1303 1631 1357 substantiam
1666 1321 1680 1356 :
1719 1306 1897 1359 omnis
1949 1321 2045 1359 au-

470 1401 576 1444 tem
628 1402 782 1460 pater
812 1405 972 1446 causa
1023 1400 1127 1455 est,
1156 1400 1210 1445 et
1252 1393 1427 1446 omnis
1455 1393 1596 1448 filius
1625 1406 1913 1461 causatus;
1953 1412 2047 1464 pa-

471 1493 581 1538 tres
617 1484 741 1539 ﬁliis
784 1484 1018 1551 majores
1061 1494 1222 1550 sunt,
1255 1495 1310 1539 et
1345 1485 1414 1541 ab
1462 1488 1542 1542 eis
1587 1490 1885 1543 secundum
1915 1491 2041 1544 sub-

472 1576 726 1628 stantiam
769 1575 1047 1638 dilI'ernnt,
1084 1590 1183 1630 nec
1215 1587 1340 1630 sunt
1376 1578 1534 1634 unius
1564 1579 1904 1634 substantiae.
1941 1579 2047 1636 Sed

470 1668 574 1721 hoc
625 1683 811 1722 verum
850 1683 954 1722 non
984 1680 1087 1722 est.
1123 1670 1482 1740 lnterrogant,
1504 1671 1586 1726 An
1617 1670 1802 1738 Pater,
1832 1684 2049 1740 postea-

467 1774 630 1829 quam
664 1760 857 1815 Filium
888 1763 1096 1830 genuit,
1127 1778 1250 1816 eum
1291 1764 1511 1833 gignere
1551 1766 1823 1820 destiterit
1851 1783 1865 1820 :
1921 1768 2044 1821 etsi

2141 561 2446 632 ποιότητος.
2480 560 2798 631 Ἀνθρωπος
2826 558 2932 628 γάρ
2958 555 3234 628 ἀνθρώπου
3267 555 3438 624 μᾶλλον
3465 556 3514 608 οὐ
3547 555 3608 609 λέ-

2139 671 2297 724 γεται
2317 669 2330 681 ·
2367 653 2572 722 ἀγαθὸς
2603 653 2658 704 δὲ
2687 650 2914 720 ἀγαθοῦ,
2961 652 3055 704 καὶ
3093 650 3286 711 δίκαιος
3313 649 3502 700 δικαίου.
3530 649 3609 700 Τῶν

2141 745 2416 816 γεννητῶν
2451 746 2483 815 ἡ
2517 744 2652 814 αὑτὴ
2686 744 2847 812 φύσις
2887 742 3024 813 πρὸς
3069 741 3156 794 τὸν
3205 744 3511 811 γεννήσαντα,
3545 738 3612 791 κᾶν

2144 838 2343 909 ἑτέρως
2395 838 2423 890 6
2467 835 2748 908 γεννηθεὶς
2798 835 2858 886 τὸ
2889 830 3041 886 εἶναι
3092 833 3186 902 ἔχῃ
3240 832 3361 902 (54).
3398 831 3504 883 Οὐδὲ
3542 831 3614 900 γὰρ

2147 932 2334 996 Ἀϐελ,
2375 935 2402 984 ὁ
2424 933 2487 984 ὲκ
2524 927 2860 999 συνδυασμοῦ
2896 926 3192 997 γεννηθεὶς,
3223 925 3390 994 ’έτερος
3420 922 3536 992 παρὰ
3558 923 3616 973 τὸν

2156 1026 2349 1094 Ἀδάμ,
2386 1025 2479 1076 τοῦ
2523 1025 2692 1093 Ἀδάμ
2718 1024 2792 1093 μὴ
2832 1020 3178 1090 γεννηθέντος
3205 1017 3327 1070 ἀλλά
3353 1015 3616 1076 πλασθέντος.

2144 1119 2206 1171 El
2235 1117 2294 1170 τὸ
2324 1117 2498 1170 αἴτιον
2535 1116 2629 1168 τοῦ
2666 1113 2912 1168 αἰτιατοῦ
2955 1114 3135 1182 μεῖζον
3179 1111 3266 1163 καὶ
3301 1109 3514 1179 διάφορον
3540 1108 3618 1159 κατ’

2145 1210 2354 1273 οὐσίαν,
2385 1211 2494 1272 πᾶς
2526 1209 2583 1262 δὲ
2615 1207 2796 1278 πατὴρ
2821 1205 3011 1270 αἴτιος,
3047 1205 3140 1258 καὶ
3169 1204 3268 1266 πᾶς
3299 1202 3399 1266 υἱὸς
3430 1201 3619 1264 αἰτιατὺς,

2151 1303 2368 1374 μείζους
2416 1304 2509 1355 καὶ
2549 1303 2800 1371 διάφοροι
2849 1301 2968 1354 κατ’
3007 1299 3193 1351 οὐσίαν
3237 1298 3283 1348 οἱ
3329 1295 3524 1365 πατέρες
3553 1292 3624 1344 τῶν

2148 1397 2298 1459 υἱῶν,
2327 1396 2422 1448 καὶ
2451 1396 2509 1448 οὐ
2538 1398 2666 1466 μιᾶς
2692 1394 2899 1455 οὐσίας.
2933 1391 3070 1464 Ἀλλ’
3092 1391 3188 1442 οὐκ
3220 1388 3414 1458 ἀληθές.
3448 1385 3627 1457 Ἐρωτῶ·

2151 1505 2260 1542 σιν*
2287 1489 2371 1552 Ei,
2411 1488 2681 1557 γεννήσας
2717 1485 2745 1538 6
2784 1486 2976 1556 Πατὴρ
3013 1484 3102 1536 τὸν
3135 1482 3275 1546 Υίὸν,
3309 1479 3538 1532 ἐπαύσατο
3564 1477 3627 1529 τοῦ

2149 1581 2344 1650 γεννᾷν
2379 1579 2540 1632 αὐτόν
2562 1598 2573 1608 ·
2613 1579 2714 1631 κᾶν
2750 1577 3012 1640 λάϐωσιν,
3053 1577 3134 1628 ὅτι
3167 1573 3436 1635 ἐπαύσατο,
3462 1570 3630 1638 ἐπάγου-

2153 1687 2236 1722 σιν
2261 1685 2272 1696 '
2305 1669 2516 1722 Οὐκοῦν
2555 1670 2645 1722 καὶ
2688 1666 2890 1739 ἤρξατο
2930 1669 3144 1737 γεννᾷν.
3184 1667 3291 1717 Πᾶν
3328 1664 3424 1734 γὰρ
3450 1662 3500 1714 τὸ
3528 1661 3631 1722 τέλος

2152 1759 2273 1829 ἕχον
2301 1763 2395 1813 καὶ
2424 1761 2596 1832 ἀρχὴν
2631 1760 2744 1829 ἕχει
2765 1776 2779 1790 ⁸
2811 1761 2910 1812 οὐκ
2932 1759 3039 1830 ἄρα
3068 1754 3158 1811 οὖν
3191 1757 3295 1825 (55)
3320 1753 3378 1827 ἦν
3398 1757 3469 1809 ἀεὶ
3492 1755 3631 1816 me.

472 1854 574 1907 hoc
601 1853 965 1921 impelrarmt,
1001 1855 1144 1923 quod
1176 1856 1506 1922 cessaverit;
1539 1856 1804 1910 inducunt
1833 1875 1845 1911 :
1881 1858 2041 1928 Igitur

2164 1853 2426 1924 Ἐροῦμεν
2465 1850 2592 1906 οὖν’
2630 1854 2690 1905 Εἰ
2726 1851 2787 1904 τὸ
2824 1852 3131 1921 παυόμενον
3172 1851 3370 1918 ἀνάγκη
3413 1848 3492 1900 καὶ
3517 1846 3635 1916 ἀρχὴν

469 1947 631 1999 etiam
666 1960 930 2016 generare
989 1947 1232 2014 incmpit.
1267 1947 1539 2018 Quidquid
1575 1949 1721 2002 enim
1760 1949 1918 2004 linem
1956 1951 2050 2003 ha-

469 2034 578 2098 bet,
610 2035 772 2088 habet
827 2050 1043 2105 quoque
1084 2037 1409 2104 principium
1449 2056 1464 2093 :
1518 2053 1623 2091 non
1659 2052 1874 2107 semper
1918 2053 2048 2108 ergo

466 2141 589 2187 erat
610 2129 801 2184 Filius.
837 2131 1086 2184 Dicemus
1120 2132 1304 2200 igitur,
1339 2131 1397 2184 Si
1437 2131 1490 2185 id
1523 2132 1666 2200 quod
1693 2131 1910 2198 desinit,
1950 2149 2050 2188 nev

468 2222 711 2277 cessario
734 2222 900 2276 etiam
929 2221 1256 2290 principium
1290 2222 1475 2288 habet,
1516 2240 1704 2280 rursus
1735 2226 1780 2280 si
1817 2225 1866 2279 id
1903 2227 2049 2295 quod

467 2313 794 2381 principium
831 2311 1015 2377 habet,
1048 2315 1357 2367 necessario
1403 2331 1619 2385 quoque
1649 2316 1851 2370 desinit
1883 2337 1893 2372 :
1952 2332 2050 2370 an-

468 2403 573 2474 geli
600 2405 763 2472 igitur
791 2413 845 2458 et
865 2414 1058 2457 cuncta
1095 2405 1417 2474 incorporea
1447 2423 1572 2462 cum
1605 2423 1727 2462 esse
1756 2409 2047 2476 coeperint,

468 2492 778 2548 necessario
808 2492 976 2546 etiam
1010 2507 1131 2548 esse
1177 2495 1461 2549 desistent.
1503 2497 1572 2550 At
1613 2498 1715 2553 hoc
1753 2499 2048 2553 absurdum
2085 2575 2087 2578 γ

466 2594 570 2639 est.
613 2583 757 2638 Fieri
812 2585 975 2654 igitur
1025 2595 1223 2654 potest,
1261 2597 1318 2640 ut
1352 2587 1402 2641 id
1435 2591 1581 2657 quod
1611 2605 1734 2645 esse
1781 2591 2005 2661 incmpit
2030 2634 2044 2658 ,

469 2693 575 2732 non
606 2677 840 2741 desinat,
875 2690 928 2733 et
963 2681 1013 2732 id
1052 2683 1194 2749 quod
1237 2681 1419 2747 desiit,
1461 2698 1565 2738 non
1612 2684 1917 2754 incmperit.
1952 2684 2048 2739 Sin

467 2768 646 2834 aliter,
685 2778 740 2824 et
791 2769 908 2839 ipse
937 2769 1106 2826 Filius
1156 2772 1202 2825 si
1247 2773 1572 2843 principium
1607 2778 1810 2830 euendi
1847 2776 2048 2840 habet,

469 2859 633 2914 linem
685 2861 852 2914 etiam
925 2862 1219 2916 secundum
1263 2864 1405 2932 ipsos
1457 2863 1618 2918 habet
1698 2868 2046 2932 necessario;

469 2953 908 3023 quandoquidem
939 2956 1201 3024 quidquid
1241 2957 1568 3027 principium
1598 2958 1778 3024 habet,
1826 2960 1877 3014 id
1911 2976 2043 3028 quo-

469 3059 576 3115 que
606 3044 768 3100 linem
804 3047 1007 3102 habere
1036 3047 1241 3102 volunt.
1275 3048 1340 3102 Et
1368 3051 1638 3118 quomodo
1668 3050 1771 3106 hoc
1794 3051 2046 3121 blasphe-

467 3154 616 3192 mum
654 3153 760 3192 non
790 3147 875 3194 est
896 3139 921 3191 ?
950 3140 1055 3194 Sed
1084 3149 1139 3194 et
1173 3139 1262 3193 Dei
1300 3144 1636 3209 praescientia
1670 3144 1919 3213 principii
1951 3160 2047 3200 ex-

2152 1945 2321 2015 ἔχειν,
2373 1944 2469 1997 καὶ
2516 1944 2574 1996 τὸ
2631 1943 2806 2014 ἀρχὴν
2853 1943 2973 2012 ἔχον
3027 1941 3235 2011 ἀνάγκη
3288 1941 3374 1992 καὶ
3402 1937 3633 1991 παύεσθαι·

2150 2035 2372 2105 ἄγγελοι
2399 2030 2491 2088 οὖν
2524 2035 2618 2088 καὶ
2651 2035 2827 2087 πάντα
2857 2034 2927 2086 τὰ
2954 2031 3221 2103 ἀσώματα
3261 2031 3416 2103 ἀρχὴν
3444 2028 3520 2081 τοῦ
3545 2025 3637 2080 εἶναι

2152 2130 2365 2201 ἔχοντα,
2402 2129 2618 2202 ἀνάγκῃ
2648 2129 2740 2182 καὶ
2774 2128 2930 2192 τέλος
2959 2127 3054 2180 τοῦ
3097 2123 3232 2180 εἷναι
3261 2124 3362 2188 ἕξει
3391 2122 3503 2195 (56).
3539 2121 3636 2173 Ἀλλ’

2151 2223 2371 2276 ἄτοπον.
2408 2222 2644 2276 Δυνατὸν
2673 2217 2790 2292 οὖν,
2832 2221 2927 2274 καὶ
2967 2219 3272 2292 ἀρξάμενον
3303 2217 3388 2270 τοῦ
3421 2211 3552 2280 εἶναι,
3590 2215 3640 2282 μὴ

2151 2315 2486 2380 πεπαῦσθαι,
2531 2316 2623 2368 καὶ
2660 2316 3033 2384 παυσάμενον,
3090 2313 3163 2384 μὴ
3195 2307 3401 2383 ἧρχθαι.
3430 2309 3482 2362 Εἰ
3508 2307 3550 2360 δὲ
3577 2306 3640 2376 μὴ.

2152 2407 2248 2460 καὶ
2290 2403 2452 2466 αὐτὸς
2491 2411 2518 2458 6
2568 2405 2697 2468 Tib;
2729 2407 2777 2457 εί
2813 2403 2983 2476 ἀρχὴν
3015 2404 3109 2456 τοῦ
3142 2399 3414 2471 εἷναιὲχει
3450 2400 3558 2470 (57),
3583 2399 3643 2450 καί

2150 2499 2302 2563 τέλος
2332 2501 2451 2553 κατ’
2487 2499 2684 2560 αὐτοὺς
2729 2497 2787 2564 ἐξ
2838 2498 3085 2567 ἀνάγκης
3126 2496 3268 2565 ἔχει’
3308 2493 3474 2564 ἐπειδὴ
3499 2494 3580 2544 πᾶν
3606 2489 3645 2542 τὸ

2151 2591 2325 2662 ἀρχὴν
2362 2590 2482 2660 ἔχον
2520 2591 2614 2642 καὶ
2656 2589 2806 2651 τέλος
2850 2588 2995 2658 ἔχειν
3038 2587 3331 2657 βούλονται.
3373 2585 3468 2637 Καὶ
3497 2582 3584 2643 πῶς
3606 2579 3646 2631 οὐ

2153 2684 2509 2754 βλάσφημον;
2553 2682 2662 2734 Καὶ
2716 2683 2748 2750 η
2805 2681 3114 2750 πρόγνωσις
3149 2679 3201 2730 δὲ
3244 2675 3329 2730 τοῦ
3367 2673 3649 2742 Θεοῦ,ἁρχῆν

2149 2776 2250 2828 ουκ
2290 2776 2509 2844 ἔχουσα,
2539 2775 2678 2844 μετᾶ
2702 2774 2760 2824 τὸ
2789 2772 3044 2840 γενέσθαι
3070 2771 3195 2841 περὶ
3222 2764 3291 2824 ὧν
3311 2769 3526 2840 προέγνω
3553 2765 3648 2833 (58),

2149 2867 2302 2930 τέλος
2325 2866 2460 2936 ἔχει.
2499 2866 2664 2918 Ὥστε
2693 2867 2753 2916 οὐ
2786 2865 2847 2917 τὸ
2873 2864 3025 2926 τέλος
3051 2862 3172 2933 ἕχον
3207 2862 3406 2930 ἀνάγκη
3437 2860 3513 2912 καὶ
3528 2857 3653 2928 ἀρχὴν

2151 2959 2318 3029 ἔχειν.
2345 2958 2420 3010 Tb
2446 2957 2502 3008 ἓν
2533 2958 2626 3010 ἐπὶ
2657 2956 2764 3010 τῶν
2799 2957 3132 3026 ἀσωμάτων,
3168 2956 3200 3026 ἢ
3237 2951 3532 3027 ἐνεργείᾳ,ῆ
3568 2950 3653 3018 βου·

2149 3050 2323 3122 λήσει,
2361 3048 2393 3118 ἢ
2427 3048 2588 3119 οὐσία
2626 3047 2867 3116 λέγεται.
2913 3047 2970 3099 '0
2995 3045 3186 3117 Σωτὴρ
3225 3041 3312 3098 οὖν
3344 3042 3507 3096 εἰπών·
3546 3035 3652 3105 Ἐγὼ

2149 3139 2249 3198 καὶ
2273 3141 2382 3216 (5.9)
2403 3139 2608 3208 Πατὴρ
2623 3140 2696 3192 ἓν
2719 3140 2927 3208 ἐσμεν,
2951 3139 3146 3192 καθ’έν
3180 3156 3230 3190 τι
3252 3137 3353 3189 τῶν
3382 3147 3653 3205 προγεγραμ-

466 3242 614 3296 pers,
647 3240 928 3298 postquam
961 3229 1101 3283 facta
1133 3239 1257 3284 sunt
1281 3247 1402 3300 quae
1423 3211 1716 3301 praescivit,
1757 3211 1916 3289 linem
1946 3235 2041 3290 ba-

2154 3211 2331 3309 μένων
2361 3233 2604 3310 εῐβηκεν.
2634 3233 2850 3286 Οὐκοῦν
2878 3236 2925 3285 εἰ
2969 3232 3072 3302 μὲν
3103 3234 3223 3284 κατ’
3254 3229 3505 3299 ἐνέργειαν
3521 3224 3655 3290 λέγου-

465 3320 576 3372 bet.
605 3318 719 3372 Non
747 3321 933 3388 itaque
956 3321 1099 3388 quod
1142 3322 1301 3375 linem
1340 3324 1524 3389 habet,
1561 3326 1611 3378 id
1641 3327 1804 3379 etiam
1854 3342 2044 3382 neces-

465 3410 613 3463 sario
648 3410 971 3478 principium
998 3411 1180 3466 habet.
1213 3412 1386 3468 Unum
1429 3415 1481 3468 in
1518 3417 1678 3471 rebus
1706 3417 2045 3486 incorporeis

465 3500 689 3564 dicitur,
741 3501 822 3554 vel
854 3504 1191 3569 operatione,
1227 3504 1311 3558 vel
1345 3504 1642 3569 voluntate,
1680 3507 1760 3561 vel
1791 3509 2044 3563 substan-

464 3593 558 3645 tia.
587 3591 718 3646 Cnm
751 3593 916 3663 igitur
941 3592 1193 3650 Salvator
1215 3596 1450 3652 dixerit:
1475 3597 1586 3668 Ego
1617 3609 1662 3651 et
1694 3597 1858 3654 Pater
1880 3616 2043 3652 unum

462 3698 640 3734 sumus
683 3683 751 3747 ⁸⁸,
778 3684 1072 3738 secundum
1110 3684 1308 3755 aliquid
1349 3703 1537 3742 eorum
1569 3705 1690 3758 qua:
1719 3689 1877 3745 modo
1900 3691 2038 3744 scri-

461 3775 687 3842 psimus,
717 3775 875 3829 dixit.
903 3776 1094 3846 Itaque
1133 3778 1179 3832 si
1215 3781 1514 3834 secundum
1556 3783 1924 3850 operationem
1954 3782 2042 3837 di-

459 3875 612 3930 cunt,
643 3882 861 3922 necesse
893 3879 975 3922 est
1001 3879 1056 3924 et
1081 3872 1378 3925 secundum
1407 3873 1769 3928 substantiam
1799 3875 1980 3930 dicere
2019 3893 2032 3929 :

458 3973 686 4025 qnorutn
710 3961 852 4014 enim
890 3961 1100 4016 diversa
1125 3963 1429 4018 substantia
1455 3974 1560 4032 est,
1593 3967 1786 4020 horum
1818 3983 1922 4022 non
1956 3977 2042 4024 est

459 4049 651 4105 similis
676 4052 941 4120 operatio.
975 4053 1033 4107 Si
1053 4069 1181 4109 vero
1201 4058 1497 4111 secundmn
1520 4058 1849 4114 voluntatem
1874 4076 2040 4116 unum

455 4149 604 4207 sunt,
639 4157 744 4196 non
785 4143 962 4199 solum
1009 4161 1350 4218 quacunque
1379 4148 1540 4205 Pater
1562 4150 1695 4215 vult,
1725 4167 1789 4206 ea
1820 4167 2040 4208 necesse

2153 3331 2487 3401 σιν,ἀνάγκη
2521 3325 2628 3392 iub
2644 3325 2764 3378 κατ’
2781 3324 2971 3377 οὐσίαν
2999 3325 3182 3393 λέγειν
3201 3341 3214 3353 ·
3246 3323 3348 3375 τῶν
3379 3319 3474 3391 γὰρ
3499 3319 3655 3385 ἑτερου-

2154 3423 2284 3476 σίων
2313 3424 2414 3477 οὐκ
2443 3422 2508 3476 ἂν
2537 3425 2622 3494 εἴη
2648 3428 2680 3496 ἡ
2703 3416 2954 3492 ὲνέργεια
2982 3418 3176 3487 ὁμοία⁶
3213 3417 3260 3468 εξ
3291 3415 3344 3467 δὲ
3375 3411 3500 3466 κατὰ
3523 3406 3658 3479 ﬁctili;

2154 3532 2238 3567 σιν
2264 3514 2350 3580 ἓν,
2379 3517 2478 3586 οὺχ
2513 3518 2616 3570 ὅσα
2649 3519 2677 3569 ὁ
2706 3510 2900 3590 Πατῇ
2923 3509 3175 3582 βούλεται
3203 3509 3375 3580 μόνον,
3400 3505 3574 3570 ἀνάγκη
3596 3498 3657 3550 καὶ

2149 3605 2242 3658 τὸν
2283 3607 2409 3659 Υίὸν
2464 3608 2773 3677 βούλεσθαι,
2809 3612 2930 3663 ἀλλ’
2957 3603 3057 3654 ἧσα
3090 3603 3183 3654 καὶ
3227 3602 3254 3652 6
3295 3601 3412 3662 Υἱὸς
3457 3594 3657 3666 βούλεται,

2150 3699 2364 3769 ἀνάγκη
2395 3700 2491 3752 καὶ
2519 3701 2609 3754 τὸν
2637 3703 2861 3773 Πατέρα
2898 3695 3205 3772 βούλᾉσθαι-
3236 3690 3490 3754 Ἐπιτάξει
3516 3681 3659 3782 05‘7"“

2147 3791 2175 3841 ὁ
2209 3790 2332 3852 Υἱὸς
2367 3789 2442 3859 τῷ
2473 3791 2650 3860 HM?"
2680 3794 2809 3862 περὶ
2838 3786 2914 3845 ὧν
2956 3795 3225 3865 βούλῖιται,
3245 3784 3374 3850 εἴγε
3399 3781 3483 3833 καὶ
3509 3781 3665 3830 ἐπιτατ-

2150 3898 2323 3934 τεται.
2356 3883 2419 3935 Εί
2446 3882 2502 3935 δὲ
2534 3884 2886 3937 έπιτάττεται
2951 3889 3142 3958 μόνον,
3171 3875 3574 3945 ἀναγκαζόμενος
3605 3865 3666 3918 καὶ

2148 3973 2268 4043 οὐχὶ
2307 3973 2418 4045 (60)
2464 3975 2786 4046 βουλόμενος
2831 3978 3133 4052 ὑπηρετεῖ.
3179 3969 3236 4034 Et
3263 3969 3316 4022 δὲ
3341 3966 3454 4020 οὔτε
3481 3958 3663 4052 ἐνερτῖίῖ

2149 4063 2272 4117 οὔτε
2310 4064 2587 4137 βουλήσει,
2631 4067 2886 4122 λείπεται
2933 4075 3056 4126 κατ’
3097 4075 3293 4128 αὐτοῦς
3332 4060 3384 4112 ἓν
3413 4051 3662 4110 κατόὖσίίν

2149 4151 2309 4222 εἶναι,
2339 4159 2616 4213 τουτέστιν
2649 4160 2948 4231 ὁμοούσιον
2974 4168 3200 4240 Πατέρα
3231 4156 3322 4221 καἱ
3349 4154 3483 4206 Υῖδν·

454 4244 539 4290 est
572 4244 626 4290 et
673 4236 870 4292 Filium
904 4239 1084 4295 velle:
1142 4243 1237 4297 sed
1287 4258 1626 4315 qua-cunque
1671 4246 1833 4301 etiam
1897 4248 2069 4304 Filius
2106 4251 2241 4318 vult,
2308 4268 2369 4309 ea
2438 4271 2662 4312 necesse
2696 4267 2780 4312 est
2813 4268 2872 4312 et
2906 4236 3140 4316 Patrem
3163 4264 3313 4318 velle.
3345 4238 3664 4339 Ρνωςίνῖοιίὲί·

456 4337 546 4382 tur
611 4339 666 4383 et
729 4329 896 4386 Filius
954 4330 1099 4387 Patri
1163 4349 1284 4403 qua:
1316 4335 1468 4401 vult;
1513 4338 1778 4407 siquidem
1809 4347 1864 4394 et
1895 4340 1995 4410 ipsi
2060 4345 2391 4413 prmcipitur.
2426 4344 2533 4400 Sed
2573 4346 2619 4400 si
2642 4348 2690 4401 ei
2721 4347 2900 4403 solum
2946 4353 3281 4422 przecipitnr,
3319 4347 3518 4424 edim“
3543 4348 3590 4386 ac
3614 4332 3664 4430 Ῐ¹¹’

453 4423 596 4478 vitus
649 4425 890 4481 inservit.
947 4426 1101 4492 Quod
1158 4430 1202 4482 si
1275 4444 1448 4498 neque
1505 4433 1840 4500 operatione,
1899 4450 2073 4503 neque
2134 4437 2430 4504 voluntate,
2472 4445 2640 4494 restat
2693 4444 3002 4498 secundum
3053 4445 3244 4515 ipsos,
3303 4453 3358 4500 ut
3392 4423 3555 4515 \unum
3594 4425 3666 4480 sit;

452 4522 748 4577 secundum
777 4527 1157 4592 substantiam,
1197 4527 1300 4581 hoc
1320 4537 1422 4592 est,
1451 4536 1509 4581 ut
1537 4529 2016 4586 consubstantialis
2053 4531 2124 4587 sit
2161 4531 2328 4588 Filius
2351 4533 2523 4589 Patri.

454 4612 618 4683 283
654 4615 804 4678 Quod
846 4632 968 4699 uox,
1001 4617 1294 4699 ingenitus,
1339 4621 1552 4699 modum
1586 4622 1865 4699 quemdam
1891 4625 2033 4677 exsi-

2147 4625 2266 4677 Ὄτι
2315 4625 2383 4680 τὸ
2413 4625 2713 4697 ἀγέννητος
2750 4627 2864 4698 (61)
2904 4629 3222 4699 ὑπάρξεώς
3257 4647 3409 4694 τινος
3437 4612 3658 4699 κῆλωσδςν

733 4688 927 4750 stendi,
969 4703 1070 4740 non
1093 4687 1444 4742 substantiam
1467 4687 1755 4760 signiﬁcat.

525 4776 573 4827 I.
612 4773 667 4828 Si
703 4774 851 4843 illud,
886 4778 1172 4847 ingenitus,
1204 4781 1508 4835 substantia
1544 4793 1649 4848 est,
1677 4791 1732 4838 et
1769 4785 1917 4848 illud,
1946 4801 2030 4854 ge-

454 4870 617 4932 nitus,
645 4869 968 4936 substantia,
999 4871 1068 4926 ob
1092 4871 1255 4943 idque
1281 4872 1440 4928 Pater
1474 4886 1528 4928 ct
1571 4874 1742 4931 Filius
1797 4879 2031 4932 (θυιδιώ-

451 4960 734 5016 stautiales
759 4976 865 5016 non
895 4973 1040 5026 sunt,
1070 4966 1380 5020 necessario
1396 4967 1570 5020 omnis
1587 4971 1835 5036 genitura
1871 4968 2030 5023 unius

525 5118 570 5148 "
593 5116 730 5172 Gen.
756 5135 816 5187 tt,
853 5120 904 5187 7,
982 5121 1026 5150 ⁶⁶
1049 5119 1206 5174 Jnau.
1237 5135 1289 5184 χ,
1319 5119 1411 5174 50.

527 5304 642 5376 (56)
671 5300 1170 5376 EditigExt-ztncodex
1199 5316 1336 5376 unus
1365 5299 1484 5372 ἔχῃ.
1512 5300 1756 5376 Aliiduo
1783 5302 1918 5376 ἔχοι.

546 5367 635 5430 55ἰ
665 5367 920 5430 Voculam
947 5367 1038 5425 οὖν
1070 5390 1134 5426 ex
1167 5374 1340 5426 tribus
1373 5367 1505 5425 mss.
1537 5367 1864 5429 addidimus.

546 5380 614 5428 55
665 5380 920 5430 Voculam
947 5380 1038 5425 ουν
1070 5390 1134 5426 ex
1167 5380 1340 5426 tribus
1373 5387 1505 5425 mss.
1537 5380 1864 5429 addidimus.

519 5380 634 5513 ίὸϋζ
656 5444 795 5498 Editi
824 5443 986 5507 ἕξειν.
1014 5442 1232 5508 Antiqui
1261 5457 1356 5496 sex
1391 5441 1511 5513 libri
1539 5442 1670 5508 ἕξει,
1701 5458 1768 5496 ex
1797 5460 1900 5510 quo
1942 5444 2022 5506 lit,

452 5522 512 5565 ut
534 5511 640 5567 νον
667 5515 883 5582 ἀνάγκη
910 5529 1028 5582 qua:
1059 5513 1219 5578 paulo
1250 5521 1376 5566 ante
1405 5511 1622 5581 legitur,
1650 5515 1812 5567 scribi
1833 5515 2025 5567 debeat

447 5599 566 5636 eum
595 5602 610 5635 t
636 5585 963 5654 subscripto,
991 5583 1225 5654 ἀνάγκη.
1250 5653 1270 5654 ἡ
1327 5645 1352 5654 _
1481 5651 1501 5654 __
1677 5631 1682 5636 .

525 5653 805 5730 (σῃ-,βαιῇ
832 5645 959 5730 Tib;
984 5645 1156 5730 ἀρχῇν
1178 5645 1274 5730 eo?
1302 5645 1442 5730 εἶναι
1463 5651 1638 5730 ἔχων.
1676 5651 1892 5730 Antiqui
1918 5653 2023 5730 duo

467 5723 569 5777 ibri
600 5725 726 5794 Υἱὸς
754 5723 929 5794 ἀρχὴν
959 5721 1052 5775 τοῦ
1077 5722 1215 5777 εἶναι
1249 5722 1381 5792 ἔχει.
1410 5722 1513 5776 Alii
1550 5731 1658 5778 tres
1688 5721 1812 5785 Υἱὸς
1841 5725 1889 5774 εί
1928 5725 2025 5794 ἀρ-

448 5795 546 5865 χὴν
570 5793 706 5849 εἶναι
737 5794 870 5863 ἔχει.

3563 5099 3596 5253 l

2663 4699 2759 4751 καὶ
2781 4701 2896 4751 οὐκ
2933 4703 3174 4767 οὐσίας.

2211 4787 2261 4840 I.
2314 4789 2375 4842 Εἰ
2420 4789 2481 4842 τὸ
2511 4789 2844 4859 ἀγέννητος
2891 4791 3055 4845 οὐσία
3083 4793 3220 4856 ἐστὶ,
3243 4791 3330 4844 καὶ
3360 4789 3462 4856 τὸν

2137 4882 2317 4944 οὐσία,
2351 4887 2445 4938 καὶ
2477 4885 2565 4939 διὰ
2597 4885 2756 4938 τοῦτο
2790 4886 2891 4956 οὐχ
2925 4889 3204 4958 ὁμοούσιοι
3246 4886 3417 4955 Πατὴρ
3437 4870 3651 4962 καθ’ίὲ

2139 4975 2248 5027 πᾶν
2282 4976 2337 5042 ἐξ
2368 4978 2615 5048 ἀνάγκης
2649 4979 2900 5049 γέννημα
2929 4983 3062 5051 μιᾶς
3093 4981 3271 5044 οὐσίας
3290 4997 3301 5008 ·
3331 4967 3578 5051 ὁμοοὺσιρ
3597 4967 3650 5013 ων

3535 4768 3634 4838 ’νητδ
3638 4785 3657 4830 ς

2230 5301 2319 5380 ξξ)
2354 5302 2682 5380 ξλᾴίιίμέγνω.
2730 5306 2958 5380 Veteres
2993 5317 3217 5380 quatuor
3257 5301 3365 5357 libri
3407 5295 3628 5380 προέγγῇ

2229 5365 2319 5444 59)
2366 5374 2516 5446 Libri
2549 5365 2760 5445 antiqui
2793 5377 2908 5446 ἐγὼ
2939 5365 3037 5432 καὶ
3072 5382 3117 5434 ό.
3162 5379 3311 5446 Deest
3347 5365 3629 5446 ardeant-SET

2133 5432 2391 5514 vulgatis.
2415 5445 2618 5500 Ibidem
2647 5432 2775 5501 editi
2805 5432 2859 5502 εἰ
2890 5465 3024 5503 mss.
3053 5432 3154 5502 duo
3180 5444 3353 5512 Πατήρ
3379 5453 3479 5506 μου.
3499 5432 3554 5482 At
3587 5436 3621 5473 ιιι

2133 5515 2516 5588 aliisdupbns,
2546 5531 2681 5585 quos
2704 5520 3006 5587 sequimur,
3044 5535 3142 5573 vox
3177 5533 3273 5588 μου
3311 5515 3447 5588 deest:
3472 5567 3499 5588 λ
3523 5559 3588 5588 ΛΜ

2205 5567 2316 5655 (ϐο)
2348 5567 3144 5657 visiiia;as,‘.i;aa‘i;.'eam;
3175 5567 3366 5656 ιρείιυτ,
3401 5567 3499 5637 ονχί

2131 5655 2872 5746 άἮῖξῇἰχνεί¹εδῗῖθῗ¹ῗί¹ί¹¹¹Ῠ⁸⁶
3065 5731 3079 5746 .
3120 5726 3366 5746 .._.__._--..
3410 5703 3597 5746 utine:

2193 5706 3002 5796 ’(61)Εδὶἶίήέί-[ιι-εξῗιῶῖίηιιιιί
3031 5731 3088 5785 τὸ
3109 5726 3382 5796 ἀγέννητον.
3403 5706 3486 5763 Alii
3513 5708 3571 5754 ue

2131 5810 2263 5852 mss.
2296 5795 2358 5848 τὸ
2394 5795 2708 5870 ἀγέννητος.
