3822 6216
156 324 250 382 681

1240 326 1611 385 ADVERSUS
1642 327 2011 386 EUNOMIUM
2049 328 2180 387 LIB.
2219 329 2302 385 IV.

3293 332 3393 390 689

155 441 222 495 τὰ
251 444 570 515 γεννήματα
608 440 688 512 τῷ
724 440 836 512 Υίῷ
864 441 959 496 τοῦ
991 441 1148 497 Θεοῦ.
1189 444 1300 497 Καὶ
1331 444 1450 508 πῶς
1476 445 1537 497 οὐ
1567 444 1720 515 βλάσ-

1833 447 2148 501 substantize
2168 455 2252 501 est
2284 462 2300 501 :
2325 445 2591 516 genitura:
2620 445 2784 516 igitur
2811 445 2950 501 Filio
2980 445 3076 501 Dei
3110 454 3240 501 sunt
3279 460 3382 501 con

155 550 360 605 φημον;
395 536 445 587 εἰ
478 536 507 587 6
550 534 843 604 ἀγέννητὸς
895 533 1031 604 πρὸς
1065 534 1156 587 τὸν
1183 534 1439 604 γεννητὸν
1474 536 1603 590 Υίὸν
1631 536 1724 588 ἀν-

154 626 642 696 τιδιαστελλόμενος
666 626 824 679 οὐσία
845 624 957 694 (62)
984 627 1123 690 ἐστὶ,
1139 628 1235 679 καὶ
1262 629 1290 679 6
1309 627 1560 690 ἄκτιστος
1588 627 1724 699 πρὸς

153 716 247 788 τὴν
297 716 474 770 κτίσιν
525 716 1089 787 ἀντιδιαστελλόμενος
1130 717 1288 771 οὐσία
1326 717 1494 771 ἐστίν.
1528 719 1721 777 Ἔσται

154 803 242 861 οὖν
289 807 383 861 καὶ
429 807 722 877 ἀγέννητὸς
764 807 942 871 οὐσία,
974 808 1068 861 καὶ
1106 808 1360 872 ἄκτιστος
1404 808 1580 862 οὐσία.
1619 809 1723 862 Δύο

154 896 242 954 οὖν
272 900 302 953 6
329 900 463 964 Θεὸς
494 900 630 968 (65),
661 900 756 954 καὶ
780 902 840 954 οὐ
879 900 977 972 μία
999 902 1180 956 οὐσία.
1206 900 1329 955 Ἔτι
1353 900 1410 954 δὲ
1449 901 1543 955 καὶ
1571 902 1722 954 πᾶσα

151 992 183 1062 η
209 992 384 1054 κτίσις
411 990 563 1044 ἔσται
587 992 744 1046 οὐσία
773 993 889 1064 μία.
926 994 1136 1056 Ψευδὲς
1166 994 1225 1047 δὲ
1251 993 1410 1047 τοῦτο
1445 993 1556 1063 (64)
1580 1009 1592 1022 ·
1624 992 1722 1064 μία

158 1076 252 1145 μὲν
287 1075 399 1148 γὰρ
427 1077 624 1142 κτίσις,
663 1079 911 1152 διάφοροι
948 1081 1004 1134 δὲ
1033 1081 1232 1135 οὐσίαι.
1272 1081 1429 1135 Οὐτω
1458 1082 1515 1135 δὲ
1537 1082 1632 1136 καὶ
1659 1082 1722 1135 τὸ

154 1165 419 1237 ἄτρεπτον
451 1169 615 1223 αὐτοῦ
663 1171 797 1242 (65),
846 1173 940 1227 καὶ
988 1173 1050 1225 τὸ
1099 1173 1351 1245 ἄναρχον,
1406 1175 1501 1228 καὶ
1551 1174 1722 1228 πολλὰ

152 1259 314 1333 ἕτερα
353 1262 531 1316 οὐσίαι
565 1263 796 1318 ἔσονται.
839 1265 902 1317 Ei
932 1264 1228 1336 ἀγέννητον
1249 1265 1342 1320 τὸν
1371 1264 1593 1337 Πατέρα
1627 1267 1722 1327 καὶ

151 1352 401 1422 γεννητὸν
429 1352 519 1406 τὸν
562 1353 688 1407 Υἱὸν
732 1350 900 1407 εἰπών
934 1370 1039 1417 τις,
1081 1352 1177 1418 τὰς
1221 1353 1409 1417 οὐσίας
1461 1353 1717 1424 ἐδήλωσε,

147 1442 234 1495 τὸν
248 1443 447 1514 τρόπον
458 1445 555 1516 τῆς
568 1444 853 1517 ὑπάρξεως
868 1445 1045 1499 αὐτῶν
1059 1446 1230 1499 εἰπεῖν
1246 1462 1329 1508 τις
1343 1444 1450 1514 (66)
1466 1443 1718 1515 θελήσας,

150 1531 263 1596 πῶς
287 1533 352 1586 ἂν
385 1534 586 1606 ἑτέρως
618 1537 792 1589 εἰπεῖν
808 1535 1099 1606 δυνήσεται
1118 1536 1151 1606 ἢ
1169 1535 1371 1601 οὐτως;
1405 1536 1722 1607 ’Υπάρξεως

148 1618 237 1677 οὖν
268 1625 467 1696 τρόπος
494 1625 555 1678 τὸ
581 1626 873 1697 ἁγέννητος
906 1626 1040 1698 (67),
1069 1627 1162 1681 καὶ
1183 1628 1283 1680 οὐκ
1315 1627 1503 1691 οὐσίας
1526 1628 1717 1698 ὄνομα,

148 1713 207 1766 El
238 1715 306 1768 τὰ
339 1715 595 1787 διάφορον
630 1718 729 1788 τὴν
762 1717 996 1790 ὓπαρξιν
1024 1717 1119 1772 τοῦ
1143 1714 1280 1771 εἶναι
1317 1717 1508 1789 έχοντα
1532 1717 1720 1786 διάφο-

1830 541 2233 595 substantiales.
2257 540 2316 594 Et
2339 541 2610 611 quomodo
2629 542 2732 595 hoc
2757 554 2862 595 non
2883 540 3047 595 fuerit
3070 539 3396 595 absurduml

1831 633 1893 687 Si
1928 632 2249 699 ingenitusa
2282 632 2469 700 genito
2494 631 2633 686 Filio
2681 646 2747 685 ex
2798 632 3029 686 adverso
3065 632 3355 686 distinctus
3379 668 3398 698 ,

1829 724 2132 777 substantia
2153 732 2257 783 est,
2287 733 2341 776 et
2362 721 2638 776 iucreatus
2656 737 2684 775 a
2708 729 2956 775 creatura
2975 735 3041 774 ex
3068 721 3298 776 adverso
3318 720 3399 775 di-

1829 816 2085 878 stinctus,
2125 813 2429 868 substantia
2455 821 2559 867 est.
2587 813 2706 867 Erit
2726 828 2856 882 ergo
2888 822 2943 867 et
2966 810 3239 881 ingenitus
3265 811 3398 867 sub-

1829 906 2048 972 stantia,
2061 916 2114 959 et
2130 905 2396 958 increatus
2413 904 2729 960 substantia.
2745 903 2975 961 Proinde
2988 902 3274 967 Deusduae,
3291 915 3398 957 non

1827 1013 1932 1053 una
1954 997 2251 1053 substantia
2268 1006 2368 1051 est.
2390 999 2469 1051 Ad
2488 998 2600 1051 hac
2621 1005 2933 1051 etcreatura
2955 996 3128 1050 omnis
3146 993 3249 1050 erit
3265 994 3397 1050 sub-

1828 1092 2032 1147 Slantia
2066 1106 2191 1145 una.
2219 1089 2332 1144 Hoc
2362 1099 2540 1144 autem
2574 1088 2767 1143 falsum
2790 1098 2876 1144 est
2904 1107 2917 1141 :
2952 1087 3217 1157 siquidem
3243 1101 3398 1141 crea-

1830 1193 1947 1238 tura
1984 1199 2089 1238 una
2137 1193 2241 1246 est,
2272 1182 2590 1237 substantia:
2632 1196 2762 1237 vero
2790 1183 3036 1237 diversa).
3091 1178 3183 1234 Sic
3214 1187 3397 1233 autem

1827 1283 1883 1329 et
1915 1274 2253 1329 immutabile
2287 1274 2428 1342 ejus.
2481 1281 2535 1328 et
2576 1273 2831 1343 principii
2864 1272 3116 1341 privatio,
3144 1281 3197 1326 et
3227 1270 3396 1326 multa

1828 1367 1932 1420 alia
1967 1376 2129 1421 erunt
2155 1366 2489 1424 substantiae.
2525 1364 2581 1419 Si
2606 1365 2905 1433 ingenitum
2934 1364 3057 1433 quis
3090 1362 3302 1417 Patrem
3339 1370 3398 1418 et

1828 1458 2069 1528 genitum
2105 1458 2299 1511 Filium
2362 1457 2594 1523 dicens,
2648 1458 2968 1526 signiﬁcavit
3016 1455 3392 1520 substantias;

1828 1564 1949 1603 cum
1978 1548 2197 1606 modum
2225 1563 2331 1619 quo
2361 1548 2630 1605 exsistunt
2669 1548 2899 1602 voluerit
2921 1548 3042 1616 quis
3064 1547 3265 1609 dicere,
3300 1546 3395 1615 qui

1828 1641 1990 1696 aliter
2020 1656 2184 1712 quam
2242 1643 2321 1697 sic
2375 1642 2560 1697 dicere
2613 1642 2859 1711 poterit?
2911 1639 3190 1711 lngenitus
3232 1639 3395 1710 igitur

1827 1733 2127 1788 exsistendi
2162 1740 2247 1787 est
2299 1737 2511 1799 modus,
2560 1748 2668 1787 non
2716 1732 3033 1787 substantiae
3079 1745 3295 1786 nomen.
3333 1729 3393 1785 Si

149 1821 236 1888 ρον
258 1806 371 1877 ἔχει
394 1809 488 1861 καὶ
514 1810 613 1880 τὴν
641 1811 850 1873 οὐσίαν,
881 1810 1001 1862 οὐδὲ
1036 1812 1083 1862 οἱ
1111 1809 1390 1880 ἄνθρωποι
1424 1808 1720 1879 ὁμοούσιοι.

1829 1836 1945 1892 qua:
1973 1823 2246 1878 diversum
2295 1822 2589 1879 exsistendi
2623 1822 2903 1878 exordium
2946 1822 3171 1885 habent,
3207 1820 3388 1874 diver-

148 1898 314 1969 Ἀλλη
349 1898 460 1972 γὰρ
492 1898 729 1972 ὖπαρξις
771 1902 939 1973 Ἀδὰμ
972 1905 1036 1956 ὲκ
1058 1903 1164 1973 γῆς
1188 1903 1540 1969 πλασθέντος,
1584 1902 1717 1973 ἄλλη

144 1987 199 2041 δὲ
227 1989 372 2054 Εὐας
401 1993 467 2046 ὲκ
494 1991 734 2060 πλευρᾶς
775 1993 1095 2065 γενομένης,
1144 1994 1276 2066 ἄλλη
1329 1995 1387 2048 δὲ
1433 1994 1621 2061 Ἀϐελ,
1657 1997 1722 2048 ὲκ

146 2082 486 2150 συνδυασμοῦ
507 2086 635 2154 γάρ’
657 2084 790 2155 ἄλλη
817 2086 874 2138 δὲ
899 2084 993 2138 τοῦ
1024 2087 1089 2139 ὲκ
1105 2087 1346 2158 Μαρίας,
1363 2088 1428 2140 ἐκ
1444 2086 1718 2158 παρθένου

146 2174 330 2245 μόνης.
375 2176 648 2239 Ὡσαύτως
672 2177 730 2230 δὲ
763 2177 858 2231 καὶ
882 2178 974 2231 ἐπὶ
1001 2178 1110 2233 τῶν
1145 2178 1362 2249 πτηνῶν
1408 2180 1502 2233 καὶ
1521 2196 1718 2252 τετρα-

144 2267 336 2322 πόδων.
372 2269 435 2322 El
461 2270 754 2340 ἀγέννητος
779 2272 808 2324 6
847 2271 1059 2342 Πατὴρ,
1078 2272 1157 2324 ὅτι
1191 2270 1266 2342 μὴ
1298 2272 1583 2343 ἐγεννήθη,
1608 2275 1637 2326 6
1662 2272 1719 2326 δὲ

142 2357 267 2423 Υἱὸς
294 2360 573 2431 γεννητὸς,
604 2361 693 2415 διὰ
728 2361 822 2415 τοῦ
853 2362 1198 2432 γεννηθῆναι,
1233 2364 1369 2433 μετὰ
1395 2363 1485 2416 τὸν
1522 2379 1719 2434 γεννη-

143 2451 300 2504 θέντα
337 2454 367 2505 6
404 2453 716 2523 ἀγέννητος.
769 2456 844 2509 Οὐ
872 2455 980 2526 γὰρ
1009 2451 1124 2526 εἷχε
1155 2455 1290 2522 πρὸς
1332 2455 1391 2507 ὃν
1424 2456 1720 2527 ἀγέννητος

141 2543 489 2617 κληθήσεται.
518 2547 639 2601 Τῶν
661 2550 770 2620 γὰρ
797 2547 964 2602 ὄντων
994 2550 1051 2602 αἱ
1082 2547 1497 2612 ἁντιδιαστολαὶ,
1526 2549 1589 2602 οὐ
1611 2547 1720 2601 τῶν

142 2637 214 2708 μὴ
247 2637 436 2694 ὄντων.
466 2640 529 2693 Et
558 2640 689 2704 Θεὸς
715 2636 784 2712 ἦν
810 2658 960 2706 ποτε,
997 2641 1187 2712 Πατὴρ
1229 2642 1285 2695 δὲ
1314 2641 1414 2694 οὐκ
1450 2637 1540 2711 ἦν,
1574 2640 1723 2708 γενόο

145 2743 305 2796 μενος
355 2728 544 2800 Πατὴρ
596 2730 928 2802 προσείληφε
969 2731 1049 2799 τὸ,
1108 2730 1321 2799 πατήρ.
1374 2732 1535 2783 Ὥστε
1586 2730 1720 2793 Θεὸς

142 2817 238 2899 μὲν
284 2819 396 2889 (68)
426 2821 741 2893 ἀγέννητος,
778 2823 1036 2894 γεννητὸς
1086 2823 1141 2874 δὲ
1190 2824 1420 2894 Πατήρ·
1464 2822 1721 2894 γεννητὸς

137 2909 242 2980 ἄρα
280 2911 374 2964 καὶ
400 2912 692 2983 ἀγέννητὸς
726 2916 753 2966 6
787 2915 948 2978 αὐτὸς
974 2915 1178 2979 ἁπλοῦς
1205 2915 1300 2969 ῶν.

1826 1926 1942 1967 sam
1967 1912 2130 1967 etiam
2158 1913 2359 1967 habent
2382 1913 2770 1978 substantiam;
2805 1924 2872 1965 ne
2898 1910 3148 1965 homines
3175 1910 3391 1980 quidem

1825 2004 1972 2059 inter
2000 2018 2058 2060 se
2083 2013 2209 2060 sunt
2255 2005 2770 2061 consubstantiales.
2802 2003 2936 2057 Nam
2983 2003 3141 2057 aliter
3183 2000 3396 2057 exstitit

1824 2094 1998 2150 Adam
2034 2110 2102 2150 ex
2141 2104 2285 2151 terra
2315 2095 2602 2162 formatus,
2633 2095 2790 2149 aliter
2815 2094 2923 2149 Eva
2954 2093 3095 2149 facta
3126 2109 3193 2147 ex
3219 2102 3390 2155 costa,

1827 2188 1987 2243 aliter
2040 2188 2196 2255 Abel,
2246 2202 2316 2244 ex
2361 2189 2507 2242 coitu
2540 2186 2825 2252 videlicet,
2860 2185 3017 2239 aliter
3038 2183 3131 2254 qui
3158 2199 3223 2239 ex
3274 2181 3390 2237 sola

1824 2276 1996 2331 Maria
2028 2277 2240 2348 virgine
2266 2286 2426 2332 natus
2448 2285 2555 2332 est.
2586 2276 2849 2331 Similiter
2866 2285 3047 2329 autem
3082 2282 3138 2329 et
3164 2274 3217 2327 in
3245 2271 3394 2326 vola-

1827 2369 2016 2425 tilibus
2044 2377 2098 2425 et
2116 2371 2169 2423 in
2196 2369 2659 2441 quadrupedibus.
2688 2366 2744 2423 Si
2767 2367 3039 2437 ingenitus
3063 2365 3396 2434 Pater,quo-

1828 2460 1976 2513 niam
1998 2460 2217 2529 genitus
2265 2476 2371 2515 nou
2404 2470 2521 2526 est;
2555 2458 2724 2514 Filius
2769 2466 2948 2513 autem
2996 2457 3228 2527 genitus,
3258 2469 3397 2523 quos

1828 2551 1976 2606 niam
2009 2552 2225 2621 genitus
2253 2561 2376 2619 est;
2427 2552 2699 2621 posterior
2744 2551 2929 2621 genito
2963 2549 3235 2621 ingenitus
3266 2556 3391 2612 est;

1826 2643 2262 2712 quandoquidem
2319 2659 2425 2697 non
2473 2642 2705 2697 habebat
2755 2657 2987 2710 quocum
3044 2649 3395 2711 comparatus

1826 2733 2099 2803 ingenitus
2126 2742 2428 2788 vocaretur.
2450 2731 2586 2786 Nam
2605 2732 3009 2803 distinguuntur
3032 2732 3174 2787 inter
3189 2744 3248 2787 se
3274 2744 3397 2802 qua

1825 2834 1974 2891 sunt,
2001 2839 2108 2879 non
2140 2834 2320 2879 autem
2363 2839 2482 2893 quae
2528 2839 2633 2878 non
2661 2833 2808 2879 sunt.
2837 2822 2894 2879 Si
2928 2825 3070 2878 Deus
3109 2821 3398 2892 aliquando

1829 2907 1974 2980 erat,
2018 2930 2122 2969 nec
2164 2926 2343 2970 tamen
2378 2914 2538 2968 Pater
2573 2924 2723 2981 erat;
2765 2914 2943 2968 factus
2980 2913 3161 2978 Pater,
3196 2925 3396 2968 nomen

136 3013 285 3070 pater
310 3006 623 3075 assumpsit.
652 3005 833 3072 Quare
861 3006 1000 3063 Deus
1042 3019 1126 3062 est
1171 3009 1390 3077 quidem
1424 3007 1655 3064 infactus
1702 3026 1715 3063 :
1758 3018 1815 3063 at
1864 3018 1949 3065 est
1989 3008 2153 3064 Pater
2207 3007 2423 3063 factus:
2454 3007 2618 3078 igitur
2647 3007 2738 3078 qui
2770 3007 2910 3061 idem
2936 3015 3021 3062 est
3052 3015 3107 3061 et
3144 3007 3407 3075 simplex:

140 3108 222 3151 est
250 3096 428 3154 factus
456 3107 511 3154 et
533 3100 789 3156 infactus.
840 3122 843 3127 ι

207 3234 263 3289 Β.
294 3235 363 3289 Ei
392 3235 454 3289 τὸ
482 3236 742 3291 ἀδύνατον
759 3239 1000 3293 ἐναντίον
1030 3238 1143 3311 (69)
1170 3240 1249 3313 τῷ
1277 3240 1513 3311 δυνατῷ,
1543 3241 1637 3315 καὶ
1658 3239 1719 3292 τὸ

1904 3239 1958 3296 2.
2000 3239 2056 3295 Si
2092 3238 2427 3308 impossibile
2455 3238 2700 3308 possibili
2728 3238 3061 3293 contrarium
3101 3247 3205 3304 est,
3232 3238 3275 3293 si
3308 3252 3396 3293 sa-

137 3324 336 3396 ἄσοφον
387 3326 465 3397 τῷ
500 3331 669 3399 σοφῷ,
725 3330 817 3382 καὶ
856 3330 1033 3383 πάντα
1066 3330 1133 3383 τὰ
1178 3328 1718 3399 ἀντιδιαστελλόμενα

138 3420 356 3473 ἐναντία
379 3420 649 3492 ἀλλήλοις,
687 3421 928 3476 ἐναντίον
953 3424 1048 3477 καὶ
1084 3423 1144 3476 τὸ
1170 3423 1461 3494 ἀγέννητον
1489 3423 1568 3494 τῷ
1589 3439 1718 3492 γεν-

137 3510 304 3582 νητῷ.
341 3512 611 3575 Ἐναντίος
660 3508 753 3566 οὖν
784 3516 812 3566 6
848 3516 1040 3585 Πατὴρ
1079 3514 1156 3585 τῷ
1194 3514 1309 3585 Υἱῷ
1350 3516 1470 3568 κατ’
1506 3514 1716 3578 οὐσίαν,

136 3607 187 3657 εί
204 3621 271 3673 γε
306 3604 380 3675 μὴ
403 3604 603 3675 τρόπος
635 3605 922 3676 ὑπάρξεως
947 3606 1037 3660 τὸν
1057 3607 1373 3679 ἀγέννητον,
1402 3607 1518 3661 ἀλλ’
1537 3607 1714 3662 οὐσία.

137 3696 200 3749 El
229 3696 438 3768 κτίσμα
490 3698 585 3751 καὶ
617 3697 678 3749 οὐ
718 3698 965 3768 γέννημα
987 3699 1015 3749 6
1053 3698 1201 3763 Υίὸς,
1235 3699 1329 3752 καὶ
1351 3700 1528 3754 πάντα
1560 3699 1617 3752 δὲ
1648 3699 1717 3752 τὰ

136 3788 267 3843 ὄντα
307 3790 605 3861 κτίσματα,
652 3789 831 3861 μάτην
870 3791 1162 3860 ἁγέννητος
1187 3792 1216 3843 6
1246 3790 1438 3863 Πατὴρ
1472 3790 1713 3858 λέγεται,

137 3882 237 3935 οὐκ
261 3880 414 3945 ὄντος
442 3882 579 3945 ὅλως
614 3884 951 3953 γεννήματος
991 3882 1128 3954 πρὸς
1157 3881 1185 3934 ὃ
1218 3882 1461 3936 καλεῖται
1487 3881 1717 3952 ἀγέννη-

136 3990 245 4037 τος.
278 3973 620 4044 Δικαιὸτερον
654 3968 747 4026 οὖν
790 3974 1044 4037 ἄκτιστος
1090 3972 1123 4044 ἢ
1174 3972 1467 4043 ἀγέννητος
1505 3970 1717 4040 λέγοιτο

138 4065 225 4119 ἄν.
267 4062 341 4117 Τὸ
386 4063 680 4136 ἁγέννητος
720 4067 768 4118 εί
812 4064 1013 4136 ὄνομα,
1064 4065 1164 4119 οὐκ
1214 4064 1392 4119 οὐσία.
1446 4063 1566 4117 Τῶν
1611 4063 1720 4134 γὰρ

138 4157 337 4210 οὐσιῶν
370 4156 678 4227 σημαντικὰ
722 4156 791 4209 τὰ
830 4157 1097 4227 ὀνόματα,
1142 4157 1242 4209 οὐκ
1279 4155 1416 4209 αὐτὰ
1444 4155 1623 4208 οὐσία.
1657 4155 1720 4208 Εἰ

138 4248 195 4302 δὲ
231 4247 522 4303 αὐτοουσία
548 4246 607 4299 τὸ
628 4247 978 4317 ἀγέννητος,
1000 4245 1309 4314 λεγέτωσαν
1325 4244 1387 4297 τὸ
1410 4243 1581 4314 ὄνομα
1618 4243 1719 4296 αὐ-

138 4337 258 4409 τῆς.
306 4337 381 4390 Οὐ
428 4336 537 4408 γὰρ
586 4338 648 4389 ὲκ
694 4336 804 4388 τῶν
845 4336 1064 4401 οὐσιῶν,
1113 4334 1226 4388 ἀλλ’
1264 4336 1332 4387 ἐκ
1382 4333 1493 4387 τῶν
1523 4333 1721 4404 ὀνομά-

138 4447 248 4484 των
282 4431 377 4483 καὶ
402 4430 509 4483 τῶν
539 4428 831 4501 ἐνεργειῶν
860 4426 1222 4500 γνωρίζομεν,
1251 4427 1346 4480 καὶ
1370 4425 1607 4499 μάλιστα
1650 4424 1720 4479 τὰ

213 4671 328 4744 (62)
357 4670 498 4744 Editi
528 4668 1105 4744 ἀντιδιαστελλᾴμενος
1123 4666 1500 4744 ’ἑτέρα-οὐσία.
1522 4665 1720 4721 Vocem

139 4739 234 4808 οὐ,
258 4739 486 4812 quodiin
520 4740 761 4812 antiquis
794 4739 1070 4812 sexllbris
1103 4740 1262 4812 desit,
1289 4739 1569 4812 delendam
1597 4753 1727 4812 cen-

143 4806 375 4868 suinius.
404 4811 610 4882 Rursus
616 4806 764 4882 gain
801 4808 938 4881 πρὸς
970 4808 1070 4882 τὴν
1117 4808 1296 4861 κτίσιν
1342 4806 1727 4882 ,ἀντιδιαστέλ-

143 4884 372 4954 λόμενος
403 4879 585 4952 ἑτέρᾳ.
606 4880 679 4954 -Ει
709 4880 813 4954 hic
832 4876 1047 4947 quoque
1087 4893 1271 4954 vocem
1300 4876 1489 4954 οὐσίαν
1517 4893 1728 4954 expun-

143 4946 345 5018 xiinus,
396 4946 707 5006 eorumdem
762 4946 1024 5018 librorum
1089 4947 1247 5018 ﬁdem
1317 4948 1517 5010 secuti.
1592 4946 1726 5018 Reg.

145 5016 339 5078 tertius
370 5021 507 5092 πρὸς
532 5019 630 5092 τὴν
647 5019 824 5073 κτίσιν
850 5016 1418 5089 ἀντιδιαστελλόμενος
1465 5020 1523 5070 ὲν
1574 5017 1733 5087 οὐσίᾳ

144 5092 296 5148 ἐστὶν
319 5092 506 5163 ἑτέρᾳ.

220 5160 579 5245 (65).Ᾱιιιὶιιυὶ
611 5168 724 5215 tres
748 5158 875 5215 libri
906 5160 935 5212 6
968 5157 1122 5222 Θεός.
1173 5158 1339 5217 Deest
1372 5156 1631 5213 articulus
1672 5156 1726 5211 in

145 5234 510 5385 “('giﬁgditi
541 5299 637 5356 καὶ
665 5299 848 5354 τοῦτο.
869 5298 1072 5356 Vocula
1107 5298 1204 5355 καί
1258 5299 1312 5352 in
1332 5307 1569 5369 quatuor
1597 5312 1727 5352 mss.

146 5390 257 5431 nun
287 5377 502 5446 legitur.

196 5443 327 5516 7(65)
361 5443 505 5497 Editi
551 5450 609 5516 et
653 5438 1023 5516 Bethertius
1040 5439 1102 5516 τὸ
1133 5438 1400 5516 ἄτρεπτος
1431 5436 1608 5516 αὐτοξ
1637 5436 1732 5516 καί

144 5507 954 5595 τὸᾷνὰρχος...οὐσία.’(]οάθι
985 5510 1138 5565 Colb.
1177 5507 1233 5563 et
1273 5509 1362 5562 alii
1412 5509 1520 5563 duo
1569 5507 1725 5578 Regii

148 5596 210 5641 ιιι
244 5592 296 5638 in
328 5592 610 5639 contextu.

220 5654 334 5737 _(66‘
362 5653 560 5709 Addita
593 5664 679 5711 est
701 5649 893 5709 vocula
920 5666 1006 5713 τις
1028 5662 1096 5704 ex
1129 5647 1371 5718 antiquis
1391 5649 1630 5717 quinque
1658 5646 1727 5703 li-

148 5729 339 5868 ιπῗὲῖ)
374 5792 559 5851 Codex
584 5793 736 5851 Colb.
781 5802 835 5850 et
883 5788 1017 5863 neg-
1053 5796 1275 5860 quartus
1309 5787 1370 5841 τὸ
1413 5787 1726 5859 ἀτέ“²νητ⁰ς’

1750 4593 1797 4649 D

1821 3332 1989 3400 pienti
2024 3331 2304 3400 insipiens,
2346 3330 2392 3386 si
2439 3329 2623 3385 omnia
2662 3344 2782 3400 quae
2809 3344 2873 3384 ex
2912 3327 3142 3383 adverso
3192 3327 3395 3382 distin-

1825 3431 2065 3493 guuntur
2095 3421 2375 3478 contraria
2432 3422 2576 3476 inter
2600 3436 2661 3476 se
2700 3430 2848 3487 sunt,
2903 3420 3066 3475 etiam
3100 3417 3395 3490 ingenitum

1824 3515 2010 3586 genito
2034 3526 2117 3570 est
2158 3513 2514 3578 contrarium.
2550 3512 2716 3584 Igitur
2761 3510 3075 3567 contrarius
3119 3518 3202 3565 est
3234 3508 3397 3564 Pater

1823 3608 1961 3663 Filio
1979 3607 2274 3662 secundum
2293 3605 2675 3667 substantiam,
2703 3604 2748 3659 si
2781 3588 2939 3657 modo
2961 3600 3259 3671 ingenitum
3286 3614 3390 3653 non

1822 3700 1897 3755 sit
1919 3698 2215 3753 exsistendi
2249 3696 2465 3760 modus,
2493 3695 2589 3751 sed
2614 3694 2939 3750 substantia.
2967 3691 3141 3746 Filius
3171 3692 3217 3746 si
3240 3705 3396 3746 crea-

1822 3801 1944 3846 tura
1982 3798 2088 3857 est,
2116 3804 2222 3844 nou
2253 3787 2526 3858 genitura,
2555 3793 2611 3841 et
2640 3794 2836 3839 cuncta
2889 3798 3010 3854 quae
3052 3791 3199 3847 sunt,
3245 3796 3394 3836 crea-

1822 3890 1956 3936 tura:
1978 3889 2124 3947 sunt,
2149 3879 2352 3934 frustra
2380 3880 2550 3934 Pater
2582 3877 2855 3948 ingenitus
2877 3876 3094 3941 dicitur,
3124 3890 3246 3930 cum
3278 3889 3385 3929 non

1821 3975 1895 4029 sit
1917 3973 2143 4027 omnino
2168 3972 2438 4043 genitura,
2470 3971 2625 4041 cujus
2660 3979 2908 4038 respectu
2931 3968 3227 4038 appelletur
3250 3966 3396 4036 inge-

1827 4065 1972 4119 nitus
2002 4080 2018 4130 ;
2053 4064 2216 4134 igitur
2240 4061 2434 4131 potiori
2463 4062 2586 4132 jure
2612 4061 2889 4115 increatus
2922 4073 3084 4128 quam
3122 4056 3399 4128 ingenitus.

1825 4155 2121 4210 diceretur.
2153 4152 2433 4221 lngenitus
2484 4152 2533 4208 si
2562 4165 2759 4207 nomen
2790 4157 2894 4218 est,
2946 4164 3054 4205 non
3091 4148 3395 4204 substantia

1820 4256 1922 4301 est.
1955 4244 2182 4299 Nomina
2225 4245 2370 4299 enim
2411 4242 2742 4300 substantias
2794 4241 3123 4312 signiﬁcant,
3165 4240 3257 4294 sed
3292 4254 3397 4292 non

1821 4345 1948 4391 sunt
1964 4335 2285 4389 substantia.
2305 4334 2363 4389 Si
2382 4347 2510 4388 vero
2526 4348 2651 4397 vox,
2669 4334 2948 4402 ingenitus,
2963 4332 3075 4400 ipsa
3099 4329 3398 4385 substantia

1832 4438 1937 4495 est,
1960 4427 2104 4482 illius
2136 4426 2321 4483 dicant
2358 4441 2578 4482 nomen.
2617 4423 2784 4497 284
2822 4423 2939 4479 Non
2978 4422 3123 4478 enim
3169 4438 3234 4478 ex
3277 4422 3400 4478 sub-

1832 4669 1933 4725 Alii
1968 4684 2101 4722 mss.
2132 4677 2188 4724 et
2227 4667 2354 4722 editi
2386 4666 2448 4720 τὸ
2485 4666 2800 4735 ἀγέννητον.

1902 4739 2016 4809 (68)
2048 4738 2163 4804 Illa,
2200 4738 2341 4792 ὥστε
2367 4737 2499 4800 Θεὸς
2515 4738 2657 4809 -μέν,
2692 4740 2770 4809 sic
2797 4736 3194 4809 Trapezuntius
3226 4737 3399 4809 interf-

1835 4806 2081 4879 pretatus
2117 4819 2202 4879 est
2237 4827 2250 4862 :
2295 4808 2473 4879 Quare
2505 4806 2647 4860 Dens
2678 4807 2886 4876 quidem
2926 4807 3184 4879 ingenitus
3211 4808 3401 4879 :ggrnic

1838 4877 1922 4934 ius
1948 4889 2121 4932 autem
2156 4877 2316 4932 Pater
2345 4895 2366 4935 :
2409 4878 2668 4946 ingenitus
2698 4891 2820 4946 ergo
2872 4884 2921 4929 et
2965 4877 3191 4946 genitus,
3236 4877 3397 4939 idem,

1838 4966 1957 5003 cum
1982 4951 2048 5001 sit
2069 4949 2330 5013 simplex:
2357 4945 2480 5016 quas
2518 4947 2704 5016 verba,
2757 4945 2858 5016 nisi
2898 4945 3256 5012 explicentur,
3302 4947 3400 4999 ob-

1840 5033 1995 5073 scura
2039 5020 2287 5071 videntur
2314 5014 2675 5071 etintellectu
2726 5014 2984 5068 diﬂicilia.
3035 5016 3175 5068 Puto
3215 5024 3398 5068 autem

1838 5091 2184 5157 scriptorem,
2208 5090 2518 5154 quicunque
2553 5087 2769 5139 tandem
2797 5085 2889 5139 ille
2913 5086 3002 5148 sit,
3033 5084 3083 5137 in
3113 5085 3296 5157 verbis
3324 5085 3402 5138 lu-

1831 5154 1991 5221 dere,
2021 5167 2076 5211 et
2109 5158 2175 5210 ad
2211 5172 2397 5211 vocem
2432 5156 2746 5225 γενόμενος,
2773 5169 2892 5222 qua:
2916 5154 3192 5225 praecedit,
3220 5168 3402 5223 respe-

1832 5229 1978 5281 xisse
2008 5246 2021 5280 :
2055 5238 2113 5280 ut
2153 5227 2223 5279 sit
2263 5223 2474 5288 sensus,
2534 5223 2673 5278 Deus
2720 5223 3009 5293 antequam
3047 5223 3224 5277 factus
3254 5234 3402 5277 esset

1832 5296 2013 5360 Pater,
2061 5311 2167 5350 non
2204 5309 2325 5350 erat
2365 5295 2541 5350 factus
2593 5294 2775 5365 Pater.
2835 5294 3002 5365 Igitur
3049 5293 3227 5356 Pater,
3274 5308 3399 5365 cum

1835 5369 2063 5436 simplex
2096 5366 2187 5432 sit,
2217 5365 2392 5420 factus
2415 5375 2471 5418 et
2511 5380 2617 5436 non
2654 5363 2832 5436 factus
2860 5362 2966 5419 dici
2988 5371 3181 5436 potest
3212 5385 3223 5417 :
3257 5362 3401 5436 quod

1835 5432 2019 5493 secum
2053 5451 2298 5504 pugnare
2342 5435 2593 5502 scriptori
2634 5435 2811 5488 visum
2848 5442 2953 5488 est.
2986 5432 3124 5487 Hinc
3151 5433 3403 5501 sequitur

1832 5521 1996 5562 voces
2016 5506 2311 5576 ἀγέννητος
2333 5515 2387 5558 et
2420 5504 2675 5576 γεννητός
2707 5505 2810 5558 hoc
2835 5504 2957 5576 loco
2996 5513 3091 5558 aut
3132 5504 3273 5558 idem
3292 5517 3402 5576 τε·

1833 5578 1946 5631 lere
1979 5579 2121 5644 quod
2149 5574 2311 5629 voces
2337 5574 2604 5643 ἀγένητος
2632 5582 2688 5627 et
2722 5574 2972 5643 γενητὸς,
3008 5583 3101 5627 aut
3146 5574 3399 5627 mendum

1833 5646 2341 5769 casesibrariorum,
2370 5646 2464 5714 qui
2484 5644 2775 5701 litteram»
2800 5645 2921 5699 voci
2949 5646 3164 5715 utrique
3186 5646 3402 5700 incaute

1835 5732 1864 5769 a
1906 5724 1954 5769 ιιι
1997 5725 2155 5769 eruit.

1835 5718 2155 5771 addiderint.

1904 5785 2015 5858 (69)
2040 5786 2178 5842 Editi
2202 5785 2471 5841 ἐναντίαν.
2507 5784 2576 5839 At
2608 5797 2738 5841 mss.
2771 5782 3031 5838 ἐναντίον.
