3822 6216
421 358 526 415 683

1716 348 1773 404 S.
1812 347 2052 404 BASILII
2093 344 2304 402 MAGNI

3555 339 3666 394 6M

418 477 666 543 stantiis,
699 475 794 531 sed
831 488 862 529 e
907 471 1218 527 nominibus
1248 477 1302 524 et
1327 468 1740 540 operationibus
1781 483 1984 538 cogno-

2111 465 2374 532 ισώματα.
2421 462 2484 514 Ei
2513 459 2576 514 τὸ
2613 460 2941 531 ἁγέννητος
2973 461 3140 532 ὄνομα
3194 460 3294 530 τῆς
3333 458 3519 523 οὐσίας
3569 459 3665 511 τοῦ

419 571 638 632 scimus,
658 577 712 622 ει
726 563 1021 636 praesertim
1038 563 1373 630 incorporea.
1389 559 1417 612 1
1423 559 1661 629 ngenitus
1679 560 1726 613 si
1741 557 1988 612 substan-

420 663 510 715 tia:
541 659 636 713 Dei
677 671 870 712 nomen
923 665 1027 718 est,
1057 663 1152 708 aut
1188 653 1327 706 Deus
1355 667 1451 705 sua
1484 652 1653 721 ipsius
1683 648 1984 704 substantia

419 751 636 820 cognita
663 763 858 802 nomen
892 745 1210 802 substantiae
1239 745 1536 814 ignoravit:
1575 742 1870 805 autetiam,
1897 756 1989 796 no-

421 841 566 894 mine
587 842 823 908 cognlto,
859 837 1139 890 audientes
1163 835 1394 901 decepit.
1417 834 1671 887 Dominus
1699 833 1848 887 enim
1875 832 1982 884 ait:

421 929 760 998 Omnipotens
789 944 972 981 nomen
998 943 1167 979 meum
1190 926 1258 977 ‘7.
1290 925 1355 978 Et
1385 939 1414 978 a
1450 924 1594 978 Mose
1625 925 1988 992 interrogatus

417 1021 562 1091 quod
591 1020 641 1074 ei
671 1027 816 1073 esset
855 1032 1049 1072 nomen
1077 1033 1091 1068 :
1124 1012 1258 1084 Ego,
1295 1014 1490 1083 inquit,
1511 1029 1628 1067 sum
1653 1012 1742 1082 qui
1774 1029 1888 1066 sum
1917 1012 1982 1079 ⁶⁸;

417 1123 474 1168 ει
501 1127 748 1167 rursum:
791 1110 928 1164 Deus
958 1109 1247 1172 Abraham,
1285 1116 1332 1161 et
1366 1106 1505 1160 Deus
1550 1105 1732 1168 Isaac,
1767 1113 1815 1158 et
1845 1104 1986 1158 Deus

416 1200 581 1255 λαεοὸ
607 1219 625 1266 ;
650 1202 746 1254 hoc
771 1201 896 1252 mihi
922 1214 1106 1251 nomen
1134 1207 1388 1249 aeternum
1421 1196 1489 1246 ⁸³.
1525 1193 1590 1248 Ει
1621 1193 1790 1248 David
1822 1212 1838 1249 :
1880 1193 1988 1246 Do-

418 1296 590 1349 minus
625 1310 812 1347 nomen
845 1292 939 1344 tibi
976 1291 1044 1344 7°.
1092 1289 1162 1342 At
1195 1289 1294 1342 hoc
1321 1302 1540 1351 nomen,
1573 1287 1854 1356 ingenitus,
1889 1301 1988 1342 nec

420 1389 540 1458 ipse
568 1386 672 1441 sibi
704 1383 977 1453 ascripsit,
1007 1397 1106 1438 nec
1138 1383 1424 1451 quisquam
1452 1390 1760 1436 sanetorutn
1795 1379 1950 1432 dixit.

392 1513 398 1546 ς
493 1481 549 1535 Si
584 1495 715 1534 vero
742 1493 841 1532 nec
872 1476 1106 1544 decepit,
1137 1489 1235 1528 nec
1265 1472 1537 1543 ignoravit
1568 1470 1812 1541 (impium
1843 1471 1989 1524 enim

421 1583 502 1629 est
533 1573 726 1628 horum
765 1569 967 1640 aliquid
1001 1567 1227 1636 dicere),
1255 1566 1517 1634 ingenitus
1554 1564 1604 1618 ei
1640 1577 1836 1616 nomen
1882 1578 1986 1617 non

420 1675 524 1720 est.
568 1663 842 1734 Ingenitus
867 1670 959 1715 aut
985 1661 1283 1714 substantia
1311 1665 1412 1722 est,
1442 1665 1534 1710 aut
1564 1656 1812 1710 accidens
1841 1653 1988 1716 (nam

422 1765 619 1827 praeter
656 1757 768 1808 bare
801 1751 935 1806 nihil
969 1765 1090 1805 esse
1129 1746 1327 1818 potest)
1363 1766 1377 1802 :
1409 1749 1502 1803 sed
1537 1747 1843 1802 substantia
1883 1761 1988 1799 non

2089 556 2246 617 Θεοῦ,
2292 554 2324 624 ἢ
2356 553 2452 624 τὴν
2485 553 2672 607 οὐσίαν
2707 553 2806 624 τὴν
2842 553 2977 606 ἰδίαν
3027 552 3184 616 εἰδὼς
3222 555 3250 605 ὁ
3289 552 3423 614 Θεὸς
3448 551 3510 603 ea
3535 549 3663 604 δνο-

2092 663 2168 716 μα
2194 646 2294 714 τῆς
2334 645 2522 708 οὐσίας
2553 644 2843 714 ἠγνόησεν,
2870 643 2902 713 ἢ
2931 643 3025 696 καὶ
3050 643 3110 695 τὸ
3141 643 3310 712 ὄνομα
3349 640 3504 704 εἰδὼς
3536 641 3668 703 τοὺς

2088 739 2379 802 ἀκούοντας
2428 737 2699 807 ἡπάτησε.
2732 738 2936 807 Κύριος
2971 737 3080 806 γάρ
3103 752 3295 805 φησιν·
3322 730 3669 800 Παντοκρά-

2089 847 2201 897 τωρ
2241 828 2426 898 ὄνομά
2452 847 2566 898 μου
2591 827 2724 897 (70).
2749 828 2859 880 Καὶ
2884 826 3034 897 παρὰ
3071 826 3311 887 Μωσέως
3343 822 3668 892 ἐρωτηθεὶς,

2088 919 2138 971 τί
2177 920 2348 990 ὄνομα
2379 919 2549 989 αὐτῷ,
2573 919 2736 989 φησίν
2758 935 2771 948 ·
2820 916 2966 985 Ἐτώ
2993 919 3109 984 ειμι
3141 919 3173 968 ό
3193 914 3278 966 ὢν
3296 931 3309 944 ’
3342 915 3435 966 καὶ
3463 913 3630 965 πάλιν
3653 929 3667 940 ·

2100 1014 2162 1065 '0
2185 1013 2327 1078 Θεὸς
2351 1011 2614 1080 Ἀϐραὰμ,
2637 1010 2736 1064 καί
2758 1013 2790 1063 ό
2809 1011 2952 1073 Θεὸς
2974 1008 3084 1078 (71)
3108 1007 3335 1070 Ἰσαὰκ,
3354 1006 3450 1058 καὶ
3470 1008 3500 1057 ὀ
3519 1004 3672 1069 Θεὸς

2101 1104 2325 1158 Ἰακώ6’
2361 1105 2538 1157 τοῦτό
2556 1121 2657 1173 μοι
2685 1103 2874 1169 ὄνομα
2893 1101 3132 1153 αἰώνιον
3152 1117 3164 1129 ·
3197 1099 3291 1151 καὶ
3318 1097 3511 1150 Δαϐἱδ·
3547 1098 3671 1150 Κύ-

2080 1214 2212 1264 ριος
2229 1195 2417 1265 ὄνομά
2434 1212 2531 1248 σοι
2559 1195 2694 1265 (⁸72).
2725 1193 3076 1262 Ἁγέννητον
3087 1192 3144 1245 δὲ
3166 1192 3335 1261 ὖνομα
3355 1189 3480 1242 οὔτε
3503 1189 3674 1251 αὐτὸς

2090 1286 2295 1357 ἑαυτῷ,
2349 1286 2472 1340 οὕτε
2525 1305 2607 1350 τις
2647 1286 2755 1338 τῶν
2815 1285 2982 1354 ἁγίων
3028 1285 3264 1354 εἴρηκεν.
3312 1283 3375 1335 Ei
3433 1282 3490 1334 δὲ
3541 1280 3674 1333 οὔτε

2090 1377 2391 1448 ἠπάτησεν,
2444 1376 2568 1430 οὗτε
2609 1377 2876 1446 ἠγνόησεν
2932 1373 3145 1444 (ἀσεϐὲς
3177 1373 3286 1444 γάρ
3343 1390 3396 1424 τι
3457 1371 3677 1424 τούτων

2091 1469 2326 1538 εἰπεῖν),
2369 1468 2430 1521 τὸ
2454 1468 2786 1537 ἀγέννητος
2830 1467 2931 1519 οὐκ
2959 1465 3129 1536 ὄνομα
3163 1464 3346 1518 αὐτοῦ.
3401 1464 3476 1516 Τὸ
3496 1465 3679 1533 ἀγέν-

2089 1560 2321 1630 νητοςῆ
2353 1560 2508 1612 οὐσία
2544 1560 2710 1624 ἐστὶν,
2736 1557 3138 1629 ἦσυμϐεϐηκὸς
3155 1555 3328 1628 (παρά
3353 1555 3527 1610 ταῦτα
3559 1556 3677 1625 (75)

2091 1653 2199 1725 γὰρ
2225 1653 2373 1705 οὐδὲν
2408 1651 2472 1705 ἂν
2507 1651 2613 1721 εἴη)
2636 1669 2649 1682 ·
2697 1650 2810 1704 ἀλλ’
2864 1649 3024 1703 οὐσία
3072 1650 3168 1720 μὲν
3223 1649 3323 1701 οὐκ
3354 1647 3518 1711 ἐστιν,
3546 1645 3677 1699 οὔτε

2092 1747 2200 1816 γὰρ
2248 1744 2308 1798 τὸ
2357 1742 2916 1812 ἀντιδιαστελλὸμενον
2964 1740 3139 1810 αὐτῷ·
3179 1741 3436 1810 γεννητὸς
3483 1741 3597 1809 γὰρ
3652 1740 3683 1791 ὁ

419 1807 524 1911 εει,
558 1861 679 1900 cum
712 1859 818 1898 non
845 1843 916 1897 sit
943 1807 1235 1911 quidquam
1266 1807 1407 1908 quod
1451 1837 1520 1892 ab
1555 1853 1620 1893 eo
1651 1853 1716 1893 ex
1747 1837 1991 1907 opposito

2111 1807 2240 1900 t‘ibg,
2274 1838 2335 1888 οὐ
2392 1833 2531 1888 καθὸ
2567 1807 2924 1895 οὐσίαξάλλά
2966 1807 3102 1884 καθο
3149 1807 3408 1899 ἐγεννήθη
3436 1845 3451 1856 ·
3502 1807 3578 1880 εἱ-
3620 1827 3682 1880 δὲ

421 1939 806 2007 distinguatur.
838 1934 935 1988 Est
965 1933 1108 1987 enim
1149 1929 1315 1984 Filius
1353 1930 1589 1999 genitus,
1628 1937 1681 1981 at
1711 1941 1814 1980 non
1855 1941 1989 1995 qua-

423 2041 582 2086 tenus
624 2025 925 2082 substantia
959 2033 1062 2087 est,
1101 2025 1196 2076 sed
1232 2032 1496 2092 quatenus
1531 2020 1742 2089 genitus
1774 2012 1889 2072 fuit.
1932 2016 1991 2071 Si

419 2135 554 2176 vero
586 2119 858 2180 accidens,
897 2125 990 2170 aut
1044 2124 1236 2168 natura
1288 2114 1508 2168 insitum
1549 2120 1653 2175 est,
1689 2119 1781 2164 aut
1818 2116 1993 2179 potest

421 2213 612 2266 adesse
641 2217 697 2264 et
727 2209 939 2262 abesse.
983 2204 1112 2270 Sed,
1139 2205 1182 2258 si
1228 2213 1419 2258 natura
1456 2202 1675 2255 insitum
1712 2209 1815 2266 est,
1851 2199 1992 2254 Deus

423 2300 736 2358 necessario
765 2307 820 2353 et
846 2295 1148 2352 substantia
1177 2303 1231 2348 et
1259 2293 1510 2347 accidens
1541 2299 1644 2345 est.
1679 2289 1809 2355 Quae
1846 2289 1992 2343 enim

423 2399 549 2446 sunt
599 2387 890 2458 ejusmodi,
944 2384 1253 2440 necessario
1307 2382 1558 2437 accidunt
1607 2381 1803 2451 quibus
1857 2380 1994 2434 acci-

422 2484 578 2539 dunt.
616 2481 770 2548 Quod
821 2479 865 2533 si
921 2477 1299 2547 contingenter
1347 2474 1520 2539 adest,
1566 2473 1671 2527 erit
1727 2472 1995 2543 ingenitus

425 2575 716 2643 aliquando
743 2580 798 2626 et
825 2570 1055 2640 genitus.
1091 2568 1388 2638 lngeuitutn
1419 2567 1464 2620 si
1494 2566 1677 2619 dicunt
1711 2563 1901 2629 Deum,
1929 2578 1995 2618 eo

423 2669 566 2736 quod
597 2665 810 2735 genitus
839 2677 943 2716 non
979 2669 1081 2728 est,
1115 2677 1220 2715 non
1272 2660 1398 2728 quid
1435 2660 1505 2714 sit
1546 2658 1845 2712 substantia
1880 2657 1996 2731 ejus

423 2758 630 2820 dicunt,
658 2755 750 2809 sed
799 2753 927 2823 quid
965 2767 1069 2807 non
1117 2753 1207 2806 sit.
1262 2751 1472 2820 Quippe
1515 2749 1820 2803 substantia
1853 2747 1994 2801 nulla

422 2865 490 2904 ex
531 2849 597 2903 iis
628 2863 746 2918 qua:
775 2863 879 2902 non
909 2854 1014 2914 est,
1042 2845 1136 2901 sed
1173 2859 1237 2898 ex
1273 2845 1340 2897 iis
1373 2857 1488 2912 qua:
1519 2852 1601 2896 est
1629 2839 1992 2909 cognoscitur.

424 2945 560 2998 Nam
587 2955 638 2998 et
668 2943 815 3006 illud,
847 2937 1182 3002 immortalis,
1211 2945 1266 2990 et
1295 2935 1446 2998 illud,
1485 2932 1919 3002 incorruptibilis,
1943 2939 1998 2984 et

425 3039 578 3103 illud,
609 3035 973 3098 immutabilis,
1007 3048 1112 3087 non
1145 3028 1503 3085 substantiam
1532 3025 1695 3090 illius,
1725 3025 1818 3080 sed
1852 3022 1996 3093 quod

426 3144 527 3184 nec
577 3127 862 3190 moriatur,
903 3137 1002 3176 nec
1055 3128 1453 3188 corrumpatur,
1489 3131 1587 3169 nec
1635 3124 1998 3169 commutetur

426 3232 484 3274 ut
518 3229 804 3282 creaturaa,
840 3214 1166 3284 signiﬁcant.
1201 3212 1442 3265 Doceant
1486 3208 1646 3275 igitur
1693 3207 1820 3276 quid
1857 3205 1997 3259 Deus

426 3317 517 3378 sit,
562 3328 666 3366 non
695 3310 826 3379 quid
860 3323 962 3360 non
996 3306 1084 3360 sit.
1123 3302 1178 3357 Si
1225 3302 1487 3372 ingenitus
1541 3316 1648 3354 non
1682 3297 2002 3352 substantia:

427 3417 623 3458 nomen
656 3409 762 3464 est,
793 3399 885 3453 sed
914 3398 1143 3466 ipsamet
1181 3394 1515 3450 substantia:
1549 3407 1738 3444 rursus
1769 3390 1811 3444 si
1830 3389 2002 3443 Filius

427 3504 512 3550 est
541 3489 867 3554 substantia,
892 3490 1051 3543 etiam
1077 3485 1249 3540 Filius
1276 3485 1549 3554 ingenitus
1579 3492 1699 3546 est;
1736 3483 1844 3536 imo
1875 3496 2002 3536 vero

427 3583 730 3640 substantia
772 3580 949 3634 omnis
997 3580 1102 3633 erit
1154 3578 1415 3647 ingenita.
1450 3563 1506 3630 Si
1541 3574 1837 3645 ingenitum
1871 3574 2000 3628 sub-

428 3676 629 3732 stantia
663 3673 756 3728 Dei
791 3682 893 3738 est,
925 3682 976 3726 et
1011 3672 1256 3741 genitura
1288 3668 1587 3724 substantia
1629 3666 1753 3722 Filii
1789 3682 1802 3717 :
1845 3679 2000 3718 crea-

430 3779 550 3824 tura
599 3769 762 3838 igitur
811 3774 903 3821 aut
947 3763 1154 3819 factura
1203 3778 1307 3818 non
1357 3772 1439 3815 est
1471 3761 1640 3831 ipsius
1679 3757 1998 3814 substantia.

427 3861 601 3920 Filius
628 3862 772 3915 enim
803 3875 932 3925 una,
969 3872 1073 3911 non
1119 3855 1300 3909 multa;
1344 3853 1682 3908 substantiae.
1717 3851 1850 3905 Cum
1881 3849 2003 3919 quis

431 3953 731 4013 hominem,
759 3958 851 4002 aut
896 3948 1150 4017 lapidem,
1181 3955 1273 3998 aut
1307 3944 1506 4013 lignum
1552 3941 1703 4006 dicit,
1741 3942 2001 3994 substan-

434 4046 562 4100 tiam
594 4043 885 4113 quamdam
938 4040 1141 4094 indicat
1175 4057 1186 4092 :
1220 4046 1273 4090 at
1322 4051 1444 4090 cum
1505 4035 1804 4104 genituram
1847 4034 2002 4098 dicit,

429 4153 540 4191 non
581 4133 938 4190 substantiam
979 4130 1298 4200 simpliciter
1344 4126 1646 4198 significat;
1681 4125 1876 4194 alioqui
1909 4139 2004 4195 ge-

433 4229 615 4282 nitura
640 4226 815 4280 omnis
841 4234 984 4279 esset
1015 4237 1118 4276 una
1148 4223 1469 4275 substantia.
1497 4218 1651 4286 Quod
1681 4219 1723 4271 si
1755 4217 2002 4287 genitura

433 4321 793 4377 substantiam
829 4318 1138 4388 quampiam
1175 4330 1279 4369 non
1316 4313 1603 4385 signiﬁcat,
1652 4326 1825 4380 neque
1862 4312 2006 4380 inge-

433 4414 570 4468 nitus
605 4410 868 4480 profecto.
905 4409 1044 4463 Deus
1074 4407 1118 4460 si
1153 4405 1422 4475 ingenitus
1455 4414 1560 4469 est,
1591 4418 1655 4458 eo
1684 4403 1824 4472 quod
1858 4401 2004 4471 geni-

2096 1927 2472 1998 συμϐεϐηκδς,
2520 1925 2552 1996 ἦ
2600 1924 2983 1994 συμπέφυκεν,
3028 1922 3061 1992 ἢ
3107 1921 3376 1991 ἐνδέχεται
3406 1920 3680 1990 ὑπάρχειν

2095 2023 2189 2074 καὶ
2221 2019 2294 2092 μὴ
2345 2019 2626 2090 ὑπάρχειν.
2677 2015 2815 2068 Ἀλλ’
2845 2017 2893 2066 εί
2929 2015 3026 2084 μὲν
3059 2014 3431 2083 συμπέφυκεν,
3458 2013 3678 2081 ἀνάγκη

2092 2113 2171 2183 τῷ
2201 2111 2318 2182 Θεῷ
2365 2112 2458 2164 καὶ
2494 2109 2682 2162 οὐσίαν
2717 2107 2829 2177 (74)
2877 2106 2970 2158 καὶ
3006 2103 3348 2174 συμϐεϐηκὸς
3376 2099 3534 2155 εἶναι.
3587 2101 3684 2166 ἘΞ

2094 2205 2340 2274 ἀνάγκης
2372 2202 2481 2272 γάρ
2518 2201 2587 2253 τά
2624 2198 2848 2252 τοιαῦτα
2884 2197 3170 2266 συμϐαίνει
3196 2191 3274 2258 οἷς
3305 2193 3678 2264 συμϐέϐηκεν.

2095 2300 2158 2351 Ei
2194 2298 2250 2350 δὲ
2289 2295 2654 2365 ἐνδεχομένως
2687 2291 2834 2362 (75),
2883 2290 3034 2342 ἔσται
3068 2290 3160 2341 καὶ
3205 2287 3499 2356 ἀγέννητὸς
3545 2303 3683 2339 ποτε

2095 2390 2189 2443 καὶ
2222 2387 2495 2458 γεννητὸς.
2534 2386 2596 2438 Ei
2621 2383 2912 2452 ἀγέννητον
2951 2381 3166 2449 λέγουσι
3200 2380 3287 2432 τὸν
3313 2379 3462 2443 Θεὸν,
3489 2379 3570 2430 ὅτι
3603 2379 3682 2448 μὴ

2095 2477 2377 2547 ἐγεννήθη,
2411 2476 2470 2528 οὐ
2504 2475 2556 2527 τί
2585 2477 2731 2526 ἐστιν
2766 2475 2798 2544 ἠ
2843 2470 2998 2524 οὐσία
3030 2469 3214 2533 αὑτοῦ,
3241 2468 3509 2536 λέγουσιν,
3541 2469 3684 2522 ἀλλὰ

2094 2571 2148 2623 τί
2181 2571 2279 2623 οὐκ
2312 2569 2478 2622 ἔστιν.
2525 2565 2764 2636 Οὐδεμία
2797 2564 2853 2616 δὲ
2879 2563 3034 2616 οὐσία
3065 2561 3123 2626 ἐξ
3155 2555 3227 2614 ὧν
3257 2562 3355 2613 οὐκ
3381 2561 3496 2612 ἔστι
3532 2577 3684 2628 γνω-

2099 2663 2326 2736 ρίζεται,
2363 2661 2474 2714 ἀλλ’
2508 2660 2566 2726 ἐξ
2594 2652 2668 2712 ὧν
2701 2659 2836 2710 ἐστι.
2872 2658 2981 2710 Καὶ
3010 2656 3069 2709 τὸ
3095 2654 3386 2718 ἀθάνατος
3418 2654 3547 2722 γὰρ,
3587 2653 3686 2705 καὶ

2097 2756 2155 2808 τὸ
2184 2755 2481 2823 ἄφθαρτος
2506 2751 2598 2805 καὶ
2625 2751 2685 2803 τδ
2713 2751 3021 2818 ἄτρεπτος,
3058 2749 3119 2801 οὗ
3153 2745 3461 2818 τὴν-οὐσίαν
3485 2743 3685 2805 αὑτοῦ,

2096 2846 2209 2900 ἀλλ’
2244 2848 2327 2898 ὅτι·
2354 2843 2427 2916 μὴ
2466 2842 2815 2914 ἀποθνήσκει,
2853 2841 2990 2910 μήτε
3037 2839 3335 2908 φθείρεται,
3388 2836 3525 2906 μήτε
3557 2834 3690 2904 τρέ-

2098 2925 2257 2992 πεται
2286 2939 2362 3000 ὡς
2393 2937 2464 2990 τὰ
2491 2935 2785 3006 κτίσματα,
2813 2933 2980 3003 δηλοῖ.
3018 2930 3426 2984 Διδασκέτωσαν
3453 2922 3549 2979 οὖν
3575 2927 3629 2978 τί
3659 2927 3690 2977 ὁ

2095 3031 2226 3094 Θεός
2267 3031 2436 3094 ἐστιν,
2486 3029 2544 3081 οὐ
2573 3027 2622 3079 τί
2673 3027 2773 3078 οὐκ
2820 3024 2985 3077 ἐστιν.
3038 3023 3100 3074 Ei
3132 3020 3192 3073 τὸ
3223 3020 3553 3088 ἁγέννητος
3582 3019 3687 3069 οὐκ

2097 3122 2268 3192 ὄνομα
2296 3121 2504 3182 οὐσίας,
2547 3117 2660 3170 ἀλλ’
2701 3114 2985 3168 αὐτοουσία
3040 3113 3176 3181 (76),
3227 3111 3385 3164 οὐσία
3415 3110 3471 3161 δὲ
3513 3111 3614 3162 καὶ
3660 3112 3690 3161 ὁ

2100 3207 2248 3270 Υἱός⁵
2279 3207 2569 3274 ἀγέννητος
2603 3202 2696 3255 καὶ
2723 3203 2750 3253 ὁ
2780 3199 2926 3262 Υἱὸς,
2955 3199 3050 3250 καὶ
3085 3199 3231 3249 πᾶσα
3258 3195 3314 3248 δὲ
3343 3194 3493 3246 οὐσία
3519 3193 3688 3260 ἀγέν-

2101 3315 2279 3369 νητος.
2324 3298 2385 3348 Ei
2417 3295 2476 3347 τὸ
2510 3293 2798 3363 ἀγέννητον
2833 3290 2988 3343 οὐσία
3021 3287 3112 3340 τοῦ
3144 3286 3299 3349 Θεοῦ,
3336 3287 3430 3338 καὶ
3457 3285 3516 3336 τὸ
3557 3283 3688 3351 γέν-

2101 3407 2246 3460 νημα
2284 3387 2441 3440 οὐσία
2471 3385 2564 3439 τοῦ
2598 3383 2726 3437 Υἱοῦ
2749 3400 2762 3413 ·
2803 3383 2864 3435 τὸ
2906 3382 3110 3450 κτίσμα
3143 3374 3234 3432 οὖν
3280 3378 3314 3448 ἢ
3348 3376 3558 3445 ποίημα
3585 3376 3690 3426 οὐκ

2101 3481 2258 3534 οὐσία
2306 3477 2490 3531 αὑτοῦ.
2545 3477 2660 3530 Μία
2685 3476 2788 3547 γὰρ
2831 3474 2923 3527 καὶ
2952 3473 3011 3525 οὐ
3046 3471 3237 3524 πολλαὶ
3268 3469 3446 3522 οὐσίαι
3472 3471 3499 3521 ὁ
3534 3467 3688 3529 Υἱός.

2107 3568 2424 3637 ἈνΟρωπόν
2450 3584 2534 3630 τις
2562 3567 2728 3619 εἰπὼν
2749 3607 2762 3629 ,
2795 3566 2827 3636 ἢ
2863 3564 3036 3626 λίϐον,
3070 3563 3103 3631 ἦ
3140 3561 3312 3626 ξύλον,
3349 3559 3534 3612 οὐσίαν
3564 3559 3691 3610 τινὰ

2102 3663 2277 3732 δηλοῖ·
2314 3661 2560 3732 γέννημα
2602 3659 2658 3713 δὲ
2698 3657 2887 3722 εἰπὼν,
2915 3658 3013 3710 οὐκ
3052 3656 3242 3710 οὐσίαν
3277 3654 3459 3717 ἁπλῶς
3492 3653 3652 3724 δηλοῖ
3676 3672 3689 3683 ·

2104 3757 2225 3807 ἐπεὶ
2250 3756 2356 3807 πᾶν
2391 3753 2635 3821 γέννημα
2665 3750 2819 3802 οὐσία
2857 3749 2973 3819 μία.
3011 3749 3074 3800 Ei
3104 3747 3158 3799 δὲ
3191 3747 3291 3798 οὐκ
3325 3745 3510 3808 οὐσίας
3543 3745 3693 3808 τινὸς

2105 3847 2166 3898 τὸ
2199 3845 2442 3916 γέννημα
2485 3841 2844 3913 σημαντικὸν,
2878 3839 2998 3891 οὐδὲ
3027 3839 3089 3891 τὸ
3136 3835 3470 3906 ἀγέννητος
3493 3836 3694 3906 δηλον-

2104 3941 2205 3992 ότι.
2264 3939 2326 3990 Εἰ
2371 3933 2664 4006 ἀγέννητὸς
2709 3934 2854 3985 ἐστιν
2899 3934 2927 3983 ὁ
2969 3930 3120 3993 Θεὸς,
3154 3931 3235 3982 ὅτι
3272 3928 3344 4000 μὴ
3379 3930 3650 4000 ἐγεννήθη
3675 3943 3692 3956 ·

2105 4030 2244 4083 οὕτω
2269 4028 2360 4081 καὶ
2387 4027 2681 4096 ἄφθαρτος,
2719 4025 2798 4076 ὅτι
2829 4022 2902 4094 μὴ
2931 4021 3228 4091 φθείρεται.
3267 4020 3473 4089 Ὠσπερ
3494 4015 3594 4071 οὖν
3629 4020 3692 4070 τὺ

2105 4121 2408 4190 ἄφθαρτον
2439 4118 2499 4170 τὸ
2538 4114 2889 4185 ἀτελεύτητον
2924 4112 3088 4165 αὐτοῦ
3119 4111 3294 4181 δηλοῖ,
3324 4109 3465 4163 οὕτω
3494 4111 3596 4163 καὶ
3633 4112 3696 4163 τὸ

2105 4209 2524 4281 ἀγέννητοντὸ
2565 4209 2818 4278 ἄναρχον.
2879 4205 2941 4257 Ei
2994 4203 3051 4256 δὲ
3097 4203 3389 4272 ἀγέννητος
3435 4202 3559 4271 μὲν,
3592 4204 3696 4256 οὐκ

2106 4300 2378 4372 ἄφθαρτος
2403 4298 2481 4364 δὲ,
2509 4295 2658 4349 ἔσται
2688 4296 2785 4364 μὲν
2809 4295 3057 4364 ἄναρχος,
3090 4292 3189 4344 οὐκ
3211 4291 3565 4361 ἁτελεύτητος
3596 4293 3653 4346 δέ
3679 4312 3693 4322 ·

2107 4398 2243 4464 ὅπερ
2275 4393 2490 4446 ἄτοπον.
2511 4390 2623 4441 Οὐκ
2653 4387 2811 4440 οὐσία
2842 4382 2934 4438 οὖν
2965 4385 3025 4436 τὸ
3052 4383 3397 4452 ἀγέννητος,
3429 4383 3567 4436 ἀλὶά
3603 4385 3695 4455 δή-

434 4511 520 4556 tus
569 4517 673 4555 non
715 4508 798 4554 est
831 4518 845 4553 :
880 4499 956 4552 sic
1001 4508 1056 4550 ει
1102 4472 1552 4563 incorruptibilis,
1583 4507 1650 4547 eo
1703 4492 1847 4562 quod
1900 4505 2002 4543 non

2111 4485 2272 4545 λωσις
2312 4480 2405 4534 τοῦ
2451 4479 2526 4550 μὴ
2572 4475 2950 4548 γεγεννῆσθαι.
3005 4474 3067 4526 Εἰ
3125 4472 3284 4540 φύσει
3329 4473 3628 4542 ἀγέννητος
3668 4474 3695 4524 ὀ

433 4591 822 4660 corrumpitur.
876 4587 1334 4655 Quemadmodum
1395 4585 1558 4655 igitur
1610 4579 2005 4649 incorruptibile

433 4699 556 4740 eum
589 4686 706 4737 sine
733 4683 839 4735 line
878 4681 1114 4734 futurum
1145 4677 1414 4748 signiﬁcat
1453 4695 1468 4727 :
1509 4677 1583 4729 ita
1616 4683 1664 4728 et
1694 4673 2003 4743 ingenitum,

434 4776 685 4846 principii
723 4775 886 4845 285
931 4783 1207 4842 expertem
1257 4785 1395 4826 esse.
1454 4768 1509 4824 Si
1557 4783 1684 4820 vero
1735 4765 2002 4836 ingenitus

506 4896 552 4927 ⁸⁷
580 4894 755 4950 Exod.
786 4909 878 4958 xv,
912 4892 966 4946 5.

505 5034 617 5105 (70)
645 5033 824 5089 Codex
853 5033 1008 5105 Golb.
1033 5031 1432 5105 παντοκράτῳρ
1459 5024 1657 5105 prope.
1674 5041 1784 5094 μοι,
1821 5021 2009 5105 Omni-

433 5090 614 5176 poiens
649 5120 832 5157 nomen
859 5104 1193 5176 mihisAputl
1219 5090 1360 5176 LXX
1394 5090 1595 5176 Κέριος
1634 5090 1802 5164 ὄνομα
1835 5090 2002 5160 αὐτῷ,

434 5168 697 5256 Dominus
740 5190 924 5227 nomen
978 5168 1102 5226 illif
1135 5172 1383 5241 Vulgata,
1434 5168 1776 5236 Omnipotens
1820 5178 2007 5216 nomen

433 5261 572 5314 ejus.
843 5313 851 5314 ί
1087 5291 1091 5294 ι

510 5314 622 5384 (71)
651 5313 950 5369 Articulum
982 5321 1125 5384 ante,
1144 5325 1329 5366 vocem
1355 5308 1485 5384 Qad;
1510 5316 1590 5360 ter
1611 5303 1912 5384 addidimus
1940 5315 2006 5382 ex

437 5371 855 5454 libris'autiquis
883 5401 897 5436 :
934 5384 1090 5454 quod
1114 5382 1255 5437 idem
1297 5379 1482 5436 eadem
1513 5375 1839 5430 auctoritate
1871 5371 2006 5426 feci-

437 5469 558 5509 mus
588 5466 714 5508 ante
732 5451 914 5510 v'ocem
943 5451 1122 5506 Δαϐίδ.

511 5525 621 5594 (72)
657 5509 796 5580 Editi
820 5535 876 5578 et
909 5524 1059 5594 Regii
1091 5531 1322 5594 quatuor
1350 5517 1553 5594 K_t_iptog
1580 5513 1752 5594 blatta
1766 5529 1875 5594 σοι,
1895 5509 2005 5563 Dn-

437 5580 616 5646 minus'
631 5611 815 5647 nomen
855 5594 971 5646 tibi.
990 5580 1122 5646 Elii.
1138 5594 1243 5645 duo
1270 5591 1420 5659 Regii
1443 5580 1764 5659 'cutuCtilb.
1798 5580 2003 5659 K9939;

434 5663 607 5734 ρνομα
634 5663 802 5734 αὐτῷ,
837 5663 1105 5734 Dominus
1137 5649 1500 5734 nomenjipsj.
1539 5656 1636 5734 Hic
1677 5654 1817 5734 apud

436 5721 613 5800 δνομά
637 5750 718 5784 σοι
754 5721 996 5801 ⁸Κύριος,
1052 5729 1257 5784 Nomen
1277 5721 1408 5801 __tibi
1441 5721 1726 5801 Dominus.
1757 5721 2002 5801 Aquilus,

443 5793 804 5874 Symmachus
833 5793 887 5857 εἰ
921 5793 1244 5869 Tlteodotio,
1265 5798 1471 5854 Nomen
1495 5795 1610 5853 tibi.
1639 5793 1876 5849 Domine.

2111 4575 2320 4646 Πατὴρ,
2351 4573 2507 4642 φύσει
2545 4569 2803 4640 γεννητὸς
2835 4568 2928 4620 καὶ
2955 4568 2982 4618 ὁ
3005 4564 3150 4627 Υἱός.
3194 4565 3255 4616 Εἰ
3289 4563 3344 4616 δὲ
3380 4563 3542 4630 φύσει
3571 4565 3696 4631 γέν-

2111 4685 2280 4737 νημα,
2316 4665 2498 4718 οὐκέτι
2527 4661 2750 4730 κτίσμα.
2786 4660 2975 4719 Ὀντος
3001 4652 3095 4708 οὖν
3121 4653 3212 4707 τοῦ
3239 4653 3394 4721 φύσει
3419 4655 3693 4724 γεννήμα-

2107 4777 2197 4822 τος
2231 4759 2366 4828 (77),
2399 4756 2612 4824 ἀνάγκη
2645 4752 2739 4806 καὶ
2762 4750 2850 4803 τὸν
2883 4751 3222 4818 γεννήσαντα
3248 4741 3417 4799 εἶναι·
3446 4746 3691 4816 γέννημα

1053 4892 1096 4922 ⁸⁸
1119 4889 1290 4944 Exod.
1326 4903 1409 4946 Ill,
1439 4886 1528 4938 M.
1605 4885 1649 4917 °‘
1686 4881 1813 4936 ibid.
1845 4879 1933 4933 15.
2007 4877 2056 4909 ⁷ο
2081 4875 2219 4929 Psal.
2255 4887 2466 4939 Lxxxu,
2502 4870 2586 4924 l9.

2187 5013 2303 5095 $75)
2336 5011 2476 5066 Editi
2504 5019 2560 5065 ει
2584 5022 2720 5063 mss.
2746 5004 2987 5062 nonnulli
3027 5003 3154 5072 παρ’
3195 4999 3354 5054 αὐτά.
3403 4999 3509 5052 Alii
3540 4997 3690 5069 παρά

2115 5102 2307 5225 “iiii
2331 5149 2475 5225 Editi
2500 5158 2554 5203 ει
2579 5148 2786 5218 aliquot
2814 5160 2948 5200 mss.
2984 5143 3080 5198 καὶ
3107 5140 3281 5194 οὐσία.
3309 5139 3438 5208 Reg.
3465 5147 3692 5207 quartus

2116 5223 2209 5278 uati
2231 5223 2439 5286 οὐσίαν,
2473 5227 2637 5274 recte.

2188 5295 2299 5366 (75)
2325 5279 2504 5366 lllud_,
2531 5287 2931 5366 ενδεχομένως,
2962 5283 3192 5366 positum
3225 5281 3315 5366 hic
3345 5279 3562 5366 videtur
3593 5279 3690 5332 hac

2115 5351 2384 5418 sententia
2418 5378 2430 5412 :
2461 5351 2757 5414 Taliter'ut
2788 5351 3180 5424 possit'adesse
3207 5362 3300 5424 a_ut
3334 5351 3550 5424 abesse.

2321 5415 2506 5503 Editio
2533 5429 2695 5503 Basil.
2728 5415 3047 5503 et'quatuor
3073 5415 3691 5503 IIISS..R-egii.&n:‘a..§?D

2103 5488 2502 5558 obsia'duabus
2533 5500 2776 5558 vocibus,
2813 5488 2903 5549 sed
2935 5497 3107 5563 ipsum
3143 5488 3464 5563 substantia.
3516 5488 3689 5563 Edilio

2106 5575 2452 5644 Slcphatltna,
2473 5579 2529 5623 ut
2559 5577 2712 5644 notat
2734 5558 3072 5644 DUCIEDS..CI
3095 5564 3263 5642 codex
3287 5559 3442 5615 Colb.
3471 5558 3691 5611 αὐτοαν-

2107 5632 2532 5705 σῖαίεοηίιιιιειε,
2565 5639 2654 5691 sed
2685 5638 2906 5700 ipsumet
2928 5632 3246 5686 substantia.

2175 5696 2285 5784 ('77)
2322 5696 2465 5766 Editi
2507 5696 2597 5764 τὸν
2638 5696 2797 5778 φύσει
2854 5705 3212 5774 γεννήσαντα.
3269 5698 3380 5757 Vox
3432 5697 3592 5768 φύσει
3638 5696 3689 5750 in

2105 5801 2236 5842 mss.
2281 5785 2453 5842 deest.
