3822 6216
215 287 328 348 685

1317 296 1694 356 ADVERSUS
1734 294 2101 355 EUNOMI'UM
2138 296 2269 352 LIB.
2310 294 2401 355 ιν.

3359 295 3467 355 638

213 410 333 480 γὰρ
358 407 528 479 γωρὶς
557 408 916 478 γεννήσαντος
967 412 1068 465 οὐκ
1096 411 1161 466 ἂν
1206 412 1315 484 εἴη.
1356 415 1678 484 Λεγέτωσαν
1709 412 1800 471 οὖν

1927 416 2119 485 ιυίἀεηι
2168 424 2272 481 est,
2302 429 2411 470 non
2460 422 2640 470 autem
2688 413 3113 485 incorruptibilis
3147 432 3162 469 :
3199 414 3467 485 principii,

211 499 314 554 τὸν
334 501 693 570 γεννήσαντα,
724 502 773 553 εἰ
798 503 826 553 6
851 503 1042 574 Πατὴρ
1062 505 1163 557 οὐκ
1187 506 1496 578 ἐγέννησεν.
1530 509 1593 561 Et
1619 511 1648 562 6
1671 508 1802 573 Θεῦς

214 592 511 663 ἁγέννητος
539 592 716 664 οὐσίᾳ,
750 594 845 647 καὶ
870 595 899 647 6
931 594 1059 665 Tib;
1085 595 1196 666 (78)
1230 599 1483 669 γεννητὸς
1507 600 1684 671 οὐσίᾳ,
1712 602 1805 654 καὶ

214 684 250 735 6
280 683 636 754 Παράκλητος
659 684 864 755 κτίσμα
892 685 1070 757 οὐσίᾳ,
1103 689 1182 752 τὸ,
1212 690 1403 762 Πατὴρ
1434 690 1529 744 καὶ
1555 692 1681 755 Υἱὸς
1710 692 1804 744 καὶ

219 773 378 841 ἅγιον
411 774 670 845 Πνεῦμα,
697 775 937 846 ὀνόματα
968 777 1125 847 μόνον
1155 781 1323 850 χωρὶς
1350 781 1567 836 οὐσιῶν.
1597 783 1803 835 Βαπτι-

218 862 464 927 ζέτωσαν
485 861 578 920 οὖν
595 869 675 929 εἰς
695 867 1006 938 ἀγέννητον,
1045 868 1138 921 καὶ
1159 871 1434 941 γεννητὸν,
1461 873 1557 925 καϊ
1577 872 1800 944 κτίσμα.

218 956 306 1008 Τά
331 956 767 1029 γὰρ-πράγματα
795 958 902 1013 τῶν
927 960 1204 1031 ὀνομάτων
1234 963 1554 1034 ἰσχυρότερα
1571 1004 1586 1029 ,
1613 964 1707 1018 καὶ
1735 964 1804 1019 τὰ

217 1044 356 1099 ὄντα
391 1045 502 1099 τῶν
542 1047 853 1118 λεγομένων
893 1050 1028 1122 πρὸς
1069 1052 1347 1122 ἐνέργειαν
1389 1052 1801 1126 ὠφελιμώτερα.

220 1139 291 1191 Εἰ
319 1139 617 1212 ἀγέννητος
641 1181 656 1205 ,
686 1142 869 1211 φασὶν,
903 1144 936 1197 ὁ
967 1144 1184 1214 Πατὴρ,
1221 1145 1475 1216 γεννητὸς
1506 1146 1563 1199 δὲ
1596 1149 1624 1200 6
1655 1147 1801 1211 Υἱὸς,

198 1231 289 1284 ,οὐ
325 1231 427 1301 τῆς
459 1233 632 1303 αὐτῆς
662 1235 870 1298 οὐσίας.
912 1237 1231 1307 Ἀγέννητος
1268 1237 1376 1308 γὰρ
1413 1239 1506 1292 καὶ
1550 1240 1805 1310 γεννητὸς

219 1323 328 1374 οὐκ
352 1321 416 1376 ἂν
442 1323 529 1394 εἴη
563 1328 691 1395 μιᾶς
710 1327 910 1389 οὐσίας.
963 1328 1103 1381 Ἀλλ’
1123 1314 1222 1382 οὐκ
1246 1329 1433 1393 οὐσίας
1453 1331 1615 1401 ἡμεῖς
1635 1330 1805 1385 ταῦτα

221 1410 480 1482 λέγομεν,
513 1414 751 1484 ὀνόματα
794 1417 852 1469 δὲ
896 1416 1155 1486 δηλοῦντα
1201 1417 1300 1489 τὴν
1353 1419 1581 1473 ἑκάστου
1626 1421 1805 1475 αὐτῶν

222 1500 483 1572 ὓπαρξιν.
526 1503 690 1557 Οὐδὲν
734 1504 791 1559 δὲ
823 1506 1021 1560 κωλύει
1067 1507 1339 1580 διαφόρων
1371 1509 1648 1581 ὀνομάτων
1679 1512 1805 1583 μίαν

224 1592 418 1647 οὐσίαν
445 1591 603 1661 εἶναι,
632 1598 707 1658 ὡς
735 1597 831 1651 καὶ
859 1597 920 1651 τὸ
940 1598 1178 1653 ἐναντίον
1198 1598 1473 1672 διαφόρων
1492 1602 1689 1657 οὐσιῶν
1709 1607 1808 1676 τῆς

224 1681 463 1748 κτίσεως
487 1683 546 1737 ἒν
573 1684 764 1756 ὄνομα.

1906 522 2010 560 non
2040 506 2162 561 linis
2188 506 2294 561 erit
2319 519 2543 575 expers;
2576 507 2717 574 quod
2765 506 3059 561 absurdum
3094 515 3196 560 est.
3240 504 3473 560 Proinde

1905 597 2171 666 ingenitus
2207 595 2509 650 substantia
2542 609 2651 650 non
2681 605 2759 651 est
2789 613 2817 649 :-
2835 594 2927 651 sed
2957 594 3192 664 genitum
3224 610 3327 649 non
3354 606 3475 647 esse

1904 687 2190 758 signiﬁcat.
2248 686 2307 741 Si
2354 698 2558 742 natura
2612 687 2884 755 ingenitus
2929 697 3015 741 est
3060 685 3255 751 Pater,
3304 683 3474 739 Filius

1908 793 2122 848 quoque
2151 790 2345 834 natura
2376 789 2460 836 est
2484 780 2699 850 genitus
2736 821 2749 834 .
2794 780 2886 835 sed
2916 779 2959 834 si
2991 779 3236 848 genitura
3267 782 3351 831 est
3378 790 3477 829 na-

1912 881 2055 935 tura,
2082 885 2419 941 nequaquam
2450 881 2535 928 est
2559 882 2829 929 creatura.
2865 872 3052 940 Itaque
3082 884 3203 922 cum
3227 866 3474 938 genitura

1910 965 1982 1019 sit
2013 974 2230 1032 natura,
2264 981 2484 1022 necesse
2512 978 2597 1022 est
2626 977 2681 1022 et
2716 967 3011 1039 genitorem
3044 979 3196 1029 esse;
3229 962 3476 1033 quando-

1911 1057 2127 1125 quidem
2178 1058 2426 1128 genitura
2481 1059 2600 1113 sine
2655 1057 2897 1129 genitore
2951 1071 3071 1111 esse
3118 1070 3222 1109 non
3275 1060 3471 1123 potest.

1912 1144 2102 1200 Dicant
2155 1148 2322 1216 igitur
2371 1148 2693 1218 genitorem,
2733 1148 2779 1202 si
2825 1146 2989 1201 Pater
3033 1160 3137 1200 non
3181 1142 3382 1215 genuit.
3417 1138 3475 1196 Si

1913 1239 2053 1294 Deus
2085 1240 2355 1310 ingenitus
2381 1251 2463 1295 est
2488 1240 2812 1306 substantia,
2838 1249 2893 1294 et
2928 1237 3094 1292 Filius
3116 1237 3327 1306 genitus
3357 1232 3478 1289 sub-

1911 1335 2129 1395 stantia,
2174 1342 2230 1389 et
2277 1333 2591 1389 Paracletus
2642 1342 2891 1388 creatura
2938 1325 3476 1392 substantia,P‘ater,

1911 1433 1964 1477 et
1991 1423 2176 1490 Filius,
2201 1434 2253 1479 et
2279 1424 2512 1495 Spiritus
2532 1434 2749 1479 sanctus
2772 1424 2986 1479 nomina
3013 1421 3183 1478 solum
3210 1426 3336 1474 sunt
3361 1417 3481 1473 sine

1913 1514 2248 1570 substantiis.
2277 1515 2559 1587 Baptizent
2589 1531 2716 1586 ergo
2740 1517 2792 1570 in
2823 1515 3079 1586 ingenito,
3109 1524 3162 1567 et
3196 1511 3393 1582 genito,
3425 1518 3481 1564 et

1914 1615 2183 1662 creatura.
2214 1607 2321 1663 Res
2361 1609 2505 1663 enim
2544 1608 2850 1664 nominibus
2877 1614 3004 1663 sunt
3027 1605 3263 1678 potiores
3291 1620 3305 1658 :
3334 1616 3389 1658 et
3414 1617 3480 1657 ea

1836 1690 2032 1766 B‘quaa
2067 1708 2304 1763 exstant,
2342 1708 2478 1754 sunt-
2516 1700 2581 1753 ad
2623 1698 2990 1769 operatiOnem
3042 1696 3286 1762 utiliora,
3318 1709 3481 1764 quam

226 1789 361 1842 quas
394 1778 763 1832 nominantur.
809 1776 866 1832 Si
898 1777 1081 1844 Pater,
1110 1779 1383 1850 inquiunt,
1426 1782 1723 1854 ingenitus,
1750 1788 1960 1856 genitus
1997 1804 2127 1845 vero
2158 1790 2352 1857 Filius,
2381 1807 2485 1846 non
2515 1800 2643 1847 sunt
2673 1790 2910 1860 ejusdem
2962 1787 3299 1844 substantia.
3345 1784 3482 1839 Nam
3576 1846 3581 1851 ί

228 1866 506 1936 ingenitus
558 1879 614 1923 et
668 1872 883 1940 genitus
926 1871 1085 1927 unius
1140 1874 1459 1929 substantia:
1512 1891 1633 1931 esse
1686 1894 1790 1932 non
1832 1888 2075 1947 possunt.
2145 1883 2217 1936 At
2254 1898 2355 1939 nos
2430 1883 2545 1939 hate
2584 1898 2689 1938 non
2740 1882 3090 1946 substantias,
3124 1880 3217 1935 sed
3261 1879 3481 1934 nomina

228 1958 483 2021 dicimus,
552 1960 748 2029 quibus
800 1961 1105 2017 nominibus
1150 1963 1473 2019 exsistentia
1515 1966 1940 2040 uniuscujusque
1995 1984 2184 2026 earum
2248 1971 2604 2042 signiﬁcatur.
2678 1970 2851 2027 Unam
2919 1982 3099 2025 autem
3146 1971 3480 2025 diversorum

230 2050 513 2104 nominum
560 2053 913 2108 substantiam
960 2068 1084 2108 esse
1129 2056 1379 2125 prohibet
1452 2058 1635 2123 nihil,

1711 2062 2167 2129 quemadmodum
2215 2066 2378 2121 etiam
2402 2106 2419 2132 ,
2458 2066 2575 2121 vice
2620 2080 2776 2121 versa
2801 2106 2817 2134 ,
2855 2064 3004 2120 nihil“
3038 2072 3183 2120 vetat
3235 2064 3481 2118 diversa—

230 2158 357 2197 rum
411 2142 838 2200 substantiarum
892 2162 1057 2201 unum
1112 2163 1307 2204 nomen
1366 2163 1487 2206 esse
1541 2151 1594 2205 in
1654 2158 1942 2214 creaturis.

301 2263 359 2317 5.
397 2262 459 2315 Ei
484 2262 766 2332 631006010;
785 2303 799 2327 ,
833 2265 1014 2333 φασιν,
1043 2267 1073 2317 6
1098 2265 1226 2328 Υἱὸς
1252 2264 1328 2336 τῷ
1352 2267 1528 2337 Πατρὶ
1576 2269 1604 2321 6
1632 2269 1822 2341 Πατὴρ

227 2353 296 2409 δὲ
322 2354 616 2425 ἀγέννητος
636 2395 651 2420 ,
684 2356 712 2407 6
739 2355 794 2408 δὲ
825 2356 950 2420 Tib;
975 2357 1254 2427 γεννητὸς·
1287 2361 1319 2428 ἡ
1359 2358 1496 2430 αὐτὴ
1530 2359 1639 2430 ἄρα
1663 2361 1820 2417 οὐσία

231 2448 531 2518 ἀγέννητος
579 2450 959 2521 καίγεννητή.
1003 2449 1142 2503 Ἀλλ’
1170 2450 1231 2502 οὐ
1288 2450 1454 2521 μέρος
1501 2452 1680 2522 φαμὲν
1728 2453 1818 2506 τὸν

232 2540 369 2595 Υἱὸν
396 2541 490 2594 τοῦ
521 2541 731 2614 Πατρδς
752 2582 765 2605 ,
795 2542 870 2606 ὡς
913 2542 1296 2613 διαιρουμένην
1320 2542 1417 2614 τὴν
1444 2542 1629 2597 οὐσίαν
1655 2544 1816 2612 ἀγέν-

230 2648 400 2702 νητον
452 2633 544 2685 καὶ
580 2634 835 2703 γεννητὸν
880 2629 1017 2687 εἶναι
1041 2674 1056 2699 ,
1096 2634 1209 2687 ἁλλ’
1239 2635 1359 2687 ὅλον
1405 2634 1526 2687 ὅλου
1560 2636 1815 2704 γεννητὸν

232 2723 301 2789 ἐξ
336 2726 655 2796 ἀγεννήτου,
685 2725 867 2778 τέλεια
905 2725 1031 2790 δύο,
1075 2727 1165 2779 καὶ
1212 2727 1271 2778 οὐ
1322 2726 1415 2779 δύο
1446 2727 1584 2799 μέρη
1613 2727 1673 2791 ἐξ
1699 2728 1815 2792 ἑνός

233 2833 406 2879 τινος.
432 2814 494 2868 Εἰ
515 2818 573 2870 ὲν
598 2816 675 2887 τῷ
691 2816 913 2886 ὀνόματι
937 2816 1031 2869 τοῦ
1050 2816 1259 2887 Πατρὸς
1281 2816 1533 2887 ἐλήλυθεν
1556 2819 1583 2869 ὁ
1606 2817 1814 2888 Σωτὴρ,

142 2948 155 2955 -
237 2911 318 2972 ὡς
352 2910 511 2973 αὑτός
545 2926 726 2980 φησιν,
769 2908 916 2979 Ἐγὼ
940 2909 1209 2975 ἐλήλυθα
1243 2910 1313 2963 ἐν
1338 2908 1417 2975 τῷ
1447 2911 1689 2979 ὀνόματι
1712 2910 1817 2963 τοῦ

239 3002 473 3066 Πατρός
517 3017 670 3068 μου·
730 3000 908 3052 πάντα
964 3000 1064 3053 ὅσα
1111 3002 1139 3053 ὁ
1194 3000 1383 3071 Πατὴρ
1433 3000 1649 3069 λέγεται
1682 2999 1816 3072 (79),

1991 2273 2044 2327 5.
2089 2273 2145 2329 Si
2180 2273 2678 2341 consubstantialis,
2709 2273 2980 2343 inquiunt,
3004 2270 3174 2326 Filius
3196 2268 3343 2324 Patri
3375 2278 3481 2334 est,

1921 2363 2085 2420 Pater
2114 2376 2293 2420 autem
2328 2366 2617 2434 ingenitus,
2645 2365 2811 2420 Filius
2836 2379 2964 2419 vero
3006 2363 3216 2432 genitus
3253 2383 3265 2416 :
3298 2361 3483 2416 eadem

1921 2456 2086 2526 igitur
2116 2458 2424 2513 substantia
2464 2457 2698 2527 ingenita
2742 2466 2797 2512 et
2839 2457 3039 2525 genita.
3086 2454 3190 2510 Sed
3222 2469 3325 2508 non
3352 2452 3487 2509 dici-

1920 2561 2042 2601 mus
2071 2545 2264 2601 Filiutn
2296 2546 2477 2602 Patris
2499 2556 2711 2616 partem
2740 2561 2882 2611 esse,
2912 2545 2991 2600 sic
3024 2553 3082 2598 ut
3111 2543 3406 2613 ingenitum
3432 2551 3490 2597 et

1920 2638 2163 2708 genitum
2195 2639 2308 2692 sint
2342 2638 2643 2693 substantia
2673 2638 2842 2693 divisa
2873 2655 2889 2692 :
2919 2637 3015 2692 sed
3050 2645 3219 2691 totum
3245 2634 3485 2703 genitum

1920 2744 1990 2784 ex
2033 2738 2145 2784 toto
2189 2729 2450 2799 ingenito,
2481 2729 2717 2798 perlecta
2749 2728 2876 2795 duo,
2900 2743 3005 2782 non
3044 2735 3228 2792 partes
3254 2724 3394 2779 duas
3421 2737 3491 2777 ex

1922 2819 2103 2888 aliquo
2147 2834 2276 2875 uno.
2299 2818 2355 2872 Si
2385 2818 2645 2872 Servator
2683 2818 2733 2872 in
2773 2817 2993 2871 nomine
3023 2814 3199 2868 Patris
3227 2814 3393 2876 venit,
3431 2821 3491 2865 ut

1922 2912 2037 2979 ipse
2087 2911 2201 2965 ait:
2236 2910 2350 2978 Ego
2383 2911 2499 2964 veni
2538 2912 2591 2962 in
2627 2910 2832 2962 nomine
2866 2907 3043 2961 Patris
3072 2907 3173 2960 mei
3205 2907 3278 2969 ⁷¹;
3332 2906 3490 2973 quid-

1923 3001 2050 3071 quid
2077 3001 2238 3056 Pater
2273 3001 2493 3067 dicitur,
2533 3002 2587 3056 id
2630 2999 2824 3055 Filiutn
2865 3013 3082 3069 quoque
3115 2996 3227 3053 dici
3263 3009 3489 3052 necesse

240 3092 459 3162 ἀνάγκη
475 3091 667 3144 καὶτὸν
683 3092 810 3144 Υἱὸν
831 3090 1441 3164 λέγεσθαι.Λεχθήσεται
1458 3088 1550 3145 οὖν
1566 3092 1657 3146 καὶ
1672 3092 1822 3162 ἀγέν-

1927 3100 2027 3147 est.
2060 3092 2294 3148 Proinde
2320 3093 2532 3149 dicetur
2571 3092 2735 3146 etiam
2775 3091 3066 3161 ingenitus,
3098 3088 3146 3144 si
3172 3096 3227 3143 et
3253 3088 3354 3143 hoc
3384 3102 3491 3140 no-

241 3200 423 3254 νητος,
448 3185 497 3236 εἰ
527 3183 795 3237 καὶτοῦτο
823 3184 992 3255 ὄνομα
1018 3184 1109 3237 τοῦ
1133 3184 1362 3257 Πατρός.
1390 3186 1451 3238 El
1478 3185 1534 3238 δὲ
1550 3186 1665 3254 (80)
1687 3184 1820 3255 τιμὴ

241 3272 342 3328 τοῦ
372 3274 586 3346 Πατρός
614 3277 729 3328 ἐστι
758 3277 816 3328 τὸ
841 3275 1171 3344 ἀγέννητος
1195 3276 1382 3346 ὄνομα,
1416 3276 1615 3346 ὁμοίως
1640 3276 1696 3329 δὲ
1729 3277 1822 3329 καὶ

241 3365 339 3419 τὸν
366 3365 491 3419 Υίὸν
519 3367 683 3437 τιμᾷν
706 3366 805 3429 δεῖ,
837 3366 978 3419 κατά
1003 3366 1102 3437 τὴν
1134 3366 1296 3420 αὐτοῦ
1319 3368 1499 3437 φωνὴν
1517 3368 1614 3441 τὴν
1638 3368 1823 3436 λέγου-

246 3473 386 3511 σαν⁸
422 3457 548 3510 Ἵνα
574 3458 798 3523 πάντες
832 3457 1038 3525 τιμῶσι
1070 3459 1176 3510 τὸν
1198 3458 1352 3524 Flor,
1386 3459 1582 3526 καθὼς
1613 3459 1823 3530 τιμῶσι

244 3549 356 3600 τὸν
369 3548 627 3615 Πατέρα·
664 3548 875 3618 ἀνάγκη
912 3549 1003 3600 καὶ
1034 3547 1124 3601 τὸν
1150 3547 1276 3600 Υἱὸν
1307 3548 1596 3619 ἀγέννητον
1623 3547 1820 3616 λέγειν,

247 3638 341 3690 ἵνα
377 3638 475 3709 μία
502 3638 635 3710 τιμὴ
684 3636 899 3708 Πατρὸς
928 3638 1021 3691 καὶ
1054 3636 1184 3690 Υἱοῦ
1223 3638 1479 3709 σώζηται.
1531 3639 1594 3691 El
1635 3638 1825 3708 ἐφανέ-

252 3745 429 3799 ρωσεν
458 3731 487 3782 6
524 3728 652 3791 Υἱὸς
683 3729 746 3781 τὸ
787 3729 957 3800 ὄνομα
989 3728 1083 3781 τοῦ
1112 3730 1326 3802 Πατρὸς
1356 3732 1467 3793 τοῖς
1498 3728 1822 3801 ἀνθρώποις,

246 3820 330 3883 ὡς
380 3820 542 3884 αὐτός
573 3837 756 3892 φησιν,
803 3820 1179 3889 Ἐφανέρωσά
1213 3838 1326 3875 σου
1362 3820 1429 3873 τὸ
1477 3821 1661 3890 ὄνομα
1703 3821 1827 3885 τοῖς

247 3910 587 3980 ἀνθρώποις
607 3952 622 3975 ,
652 3912 839 3984 κύριον
868 3914 936 3975 δὲ¹
973 3914 1071 3982 τῆς
1117 3914 1302 3977 οὐσίας
1351 3913 1514 3967 αὐτοῦ
1569 3914 1736 3984 ὄνομα
1760 3915 1828 3998 τὸ

248 4004 599 4073 dre-mror:-
627 4005 989 4058 δεικνύτωσαν
1020 4004 1123 4057 ποῦ
1154 4005 1442 4074 ἀγέννητον
1465 4005 1622 4058 αὐτὸν
1652 4007 1679 4058 6
1712 4005 1826 4057 Σω-

250 4095 359 4166 τὴρ
383 4096 621 4168 εἴρηκεν.
672 4098 736 4149 Εἰ
771 4097 970 4167 μείζων
1004 4096 1222 4151 πάντων
1250 4097 1395 4150 ἐστὶν
1438 4097 1466 4148 6
1494 4095 1645 4160 Θεὸς,
1676 4097 1830 4149 πότε-

256 4188 408 4265 ρονῆ
434 4189 591 4261 οὐσίᾳ
638 4189 752 4259 (8|)
784 4189 986 4261 μείζων
1016 4191 1184 4253 ἐστῖν,
1227 4189 1259 4261 ἢ
1311 4188 1388 4260 τῷ
1417 4190 1632 4243 πάντων
1669 4189 1829 4242 αὐτὸν

250 4278 425 4330 αἴτιον
458 4273 616 4342 εἶναι,
646 4278 807 4331 αὐτὸν
835 4278 891 4331 δὲ
936 4278 1162 4351 μηδενὸς
1204 4278 1593 4349 γεγεννῆσθαι;
1636 4279 1699 4331 Εἰ
1735 4280 1830 4349 μὲν

251 4369 366 4441 γὰρ
456 4370 634 4433 ούσία,
664 4371 758 4424 καὶ
788 4374 934 4424 πᾶσα
960 4373 992 4441 ἡ
1020 4373 1175 4424 οὐσία
1200 4370 1397 4442 μείζων
1421 4371 1637 4425 πάντων
1663 4371 1827 4424 ἐστίν·

252 4463 305 4515 εἰ
339 4440 460 4536 δὲ.-νῇ
493 4462 784 4533 ἀγέννητος
804 4501 820 4526 ,
850 4465 909 4516 οὐ
937 4440 1129 4517 ταύτὸν
1159 4440 1265 4535 ἄρα
1293 4461 1447 4515 οὐσία
1481 4463 1573 4515 καὶ⁹
1598 4462 1830 4533 ἀγέννη-
1859 4440 1908 4501 Ῐ)

251 4570 349 4617 τος
371 4552 503 4625 (82).
531 4554 595 4606 El
624 4553 687 4606 τὸ
717 4553 1047 4622 ἀγέννητον
1085 4553 1201 4607 ἔστι
1236 4571 1307 4617 τι,
1343 4554 1519 4608 καὶτὸ
1547 4553 1830 4619 ἀθάνατον,

251 4644 443 4701 καὶτὸ
468 4644 841 4712 ἀτελεύτητον,
888 4645 981 4699 καὶ
1031 4646 1093 4698 τὸ
1134 4647 1342 4709 ἄνοσον,
1386 4646 1478 4698 καὶ⁴
1525 4645 1586 4697 τὸ
1614 4645 1832 4715 ἀγήρων

256 4737 372 4808 (85)
402 4736 552 4790 ἔσται
583 4754 657 4793 τι.
705 4738 911 4791 Οὐκοῦν
942 4737 1018 4808 τῷ
1045 4738 1144 4808 μὲν
1169 4738 1463 4808 ἀγέννητος
1490 4731 1629 4789 εἶναι
1665 4737 1840 4824 ὑπερ-ι

308 4897 374 4972 Ἲ⁷¹
406 4895 561 4951 Joan.
592 4911 647 4965 ν,
683 4895 770 4950 45.
847 4897 892 4928 τ’
921 4896 1048 4951 ibid.
1083 4896 1172 4951 25.
1242 4848 1294 4928 ἷη
1322 4896 1476 4951 Joan.
1510 4911 1642 4959 xv",
1674 4894 1728 4949 6.

335 5009 447 5082 (78)
476 5008 665 5083 Codex,
683 5025 822 5083 unus
841 5018 895 5083 et
923 5011 1076 5083 editi,
1099 5011 1191 5066 xui.
1214 5013 1244 5064 6
1264 5009 1517 5083 Χριστός.
1539 5009 1642 5083 Alii
1671 5011 1830 5080 quin-

258 5079 370 5149 que
397 5079 550 5142 mss.,
587 5082 679 5134 καὶ
699 5080 728 5129 ὁ
755 5080 905 5143 Υἱός.
938 5080 1235 5150 Utramque
1257 5079 1539 5137 lectionem
1559 5079 1695 5150 Reg.
1710 5096 1834 5135 sex-

260 5162 350 5205 tus
380 5150 621 5219 praefert,
651 5152 874 5204 alteram
911 5151 965 5204 in
1013 5161 1290 5219 contextu,
1338 5152 1561 5204 alteram
1592 5152 1645 5203 in
1685 5166 1831 5205 mar-

259 5221 408 5287 gine.
443 5218 565 5273 Mox
598 5235 783 5273 vocem
821 5221 979 5274 οὐσία
1030 5218 1288 5276 edendam
1321 5220 1630 5276 curavimus
1653 5235 1777 5277 cum
1812 5236 1828 5272 t

260 5290 591 5360 subscripta,
629 5292 771 5359 quod
805 5290 1006 5345 melius
1024 5291 1405 5360 judicavimus.

340 5358 452 5433 ('79)
485 5359 575 5414 Sic
601 5375 734 5433 mss.
757 5360 949 5433 nostri;
981 5358 1179 5433 Deerat
1202 5360 1471 5433 articulus
1500 5362 1553 5416 in
1581 5363 1836 5433 vulgatis.

259 5426 379 5514 διες
422 5426 498 5514 ita
542 5430 710 5485 multo
743 5439 865 5500 post
904 5428 1058 5486 Colb.
1107 5442 1162 5485 et
1202 5430 1333 5501 Reg.
1371 5433 1599 5501 quintus
1618 5426 1712 5489 οὖν
1745 5433 1839 5487 καὶ

260 5497 328 5553 τὸ
354 5497 663 5569 ἀγέννητος.
744 5497 761 5500 “
1286 5497 1309 5501 ⁷
1389 5497 1401 5501 ’

262 5566 714 5692 atwiggLCodices
743 5583 847 5624 non
882 5570 1037 5637 pauci
1067 5572 1113 5621 εἰ
1146 5570 1220 5623 δέ.
1257 5570 1454 5627 Vocula
1482 5572 1538 5625 δέ
1583 5572 1651 5627 ab
1677 5571 1838 5626 editis

401 5654 477 5691 al.

342 5707 453 5778 (81)
485 5708 628 5764 Editi
650 5718 702 5765 et
739 5724 870 5766 mss.
896 5708 1047 5765 multi
1078 5710 1301 5781 πότερον
1330 5711 1423 5767 καὶ
1448 5711 1623 5770 οὐσία.
1657 5719 1833 5766 utrum

1927 3201 2046 3240 men
2081 3184 2259 3240 Patris
2292 3194 2393 3240 est.
2426 3184 2578 3253 Quod
2605 3185 2650 3240 si
2680 3199 2872 3239 nomen
2900 3183 3162 3253 ingenitus
3200 3181 3374 3236 honor
3406 3187 3493 3232 est

1922 3276 2124 3343 Patris,
2152 3277 2404 3333 similiter
2432 3290 2613 3332 autem
2658 3277 2703 3331 si
2745 3276 2940 3331 Filium
2972 3287 3183 3344 quoque
3223 3272 3492 3326 honorare

1923 3378 2157 3439 oportet,
2207 3370 2506 3426 secundum
2567 3368 2733 3439 ipsius
2789 3382 2999 3433 vocem,
3044 3380 3164 3437 quae
3211 3365 3340 3419 dicit
3378 3383 3391 3418 :
3424 3360 3493 3416 ιί

1925 3475 2101 3513 omnes
2146 3461 2399 3513 honorent
2446 3457 2670 3522 Filium,
2699 3459 2832 3512 sicut
2880 3456 3139 3511 honorant
3163 3452 3377 3508 Patrem
3405 3454 3492 3518 7’;

1926 3565 2148 3605 necesse
2192 3560 2276 3606 est
2322 3559 2377 3604 et
2409 3549 2608 3603 Filiutu
2659 3548 2954 3618 ingenitum
3011 3546 3309 3612 dicere,.ut
3355 3560 3507 3600 unus-

1926 3641 2104 3698 Patris
2158 3650 2213 3696 et
2262 3641 2383 3696 Filii
2439 3642 2614 3696 honor
2669 3653 2940 3694 servetur.
2973 3637 3031 3692 Si
3081 3635 3247 3691 Filius
3294 3650 3515 3689 nomen
3626 3655 3639 3672 ο

1928 3734 2106 3790 Patris
2149 3733 2460 3789 hominibus
2506 3732 2894 3798 manifestatit,
2931 3740 2990 3786 ut
3026 3729 3140 3800 ipse
3172 3729 3344 3784 dicit:
3379 3725 3517 3782 Mam

1929 3826 2169 3896 nifestavi
2200 3842 2384 3879 nomen
2416 3835 2562 3878 tuum
2605 3824 2900 3876 hominibus
2930 3822 2996 3887 ⁷³,
3024 3819 3284 3890 ingenitus
3302 3828 3498 3880 autem

1928 3934 2125 3975 nomen
2165 3928 2250 3972 est
2293 3918 2610 3975 substantiae
2650 3917 2819 3986 ipsius
2868 3916 3178 3985 proprium;
3211 3914 3502 3969 ostendant

1929 4010 2019 4064 ubi
2053 4009 2304 4065 Salvator
2332 4009 2508 4079 ipsum
2542 4007 2840 4077 ingenitum
2891 4004 3212 4060 nominavit.
3260 4002 3319 4059 Si
3357 4002 3503 4058 Deus

1930 4100 2181 4154 omnibus
2209 4098 2379 4167 major
2402 4108 2510 4165 est,
2538 4097 2782 4169 majorne
2803 4107 2887 4153 est
2913 4095 3240 4162 substantia,
3270 4110 3337 4149 an
3368 4108 3505 4163 quo.-

1931 4192 2075 4246 niam
2109 4191 2223 4260 ipse
2255 4205 2417 4246 causa
2455 4197 2536 4246 est
2576 4188 2839 4255 omnium,
2871 4203 2969 4243 nec
2998 4203 3026 4241 a
3053 4202 3321 4257 quoquam
3350 4186 3503 4256 geni-

1934 4291 2017 4339 tus
2050 4284 2177 4339 est?
2211 4281 2267 4338 Si
2310 4283 2454 4339 enim
2494 4291 2765 4352 quatenus
2802 4281 3128 4344 substantia,
3165 4279 3328 4334 etiam
3376 4277 3503 4332 sub-

1931 4375 2131 4429 stantia
2168 4375 2344 4431 omnis
2382 4373 2633 4428 omnibus
2678 4370 2849 4440 major
2883 4379 2966 4426 est
2993 4388 3010 4428 :
3036 4370 3119 4425 sin
3159 4377 3336 4424 autem
3365 4382 3503 4438 qua.-

1936 4473 2090 4521 tenus
2114 4466 2420 4537 ingenitus;
2459 4465 2623 4536 igitur
2652 4462 2961 4545 substantia
2985 4469 3040 4518 et
3066 4460 3335 4532 ingenitus
3359 4459 3503 4516 idem

1936 4572 2042 4612 non
2071 4566 2216 4613 sunt.
2250 4557 2307 4613 Si
2344 4559 2631 4629 ingenitum
2666 4566 2752 4613 est
2785 4555 2987 4626 aliquid
3009 4595 3025 4620 ,
3073 4555 3236 4610 etiam
3280 4553 3506 4610 immor-

1939 4650 2076 4715 tale,
2138 4650 2245 4706 ﬁne
2297 4667 2528 4717 carens,
2576 4652 2889 4706 morborum
2935 4664 3163 4713 exsors,
3208 4647 3504 4704 senectutis

1937 4740 2205 4808 nescium,
2237 4740 2440 4811 aliquid
2482 4750 2662 4798 erunt.
2707 4741 2942 4798 Proinde
2989 4741 3245 4813 quoniam
3288 4739 3503 4810 ingeni-

1940 5009 2233 5063 substantia
2262 5024 2465 5078 quoque
2494 5008 2669 5077 major
2692 5017 2792 5071 est,
2823 5007 2901 5061 sic
2935 5014 2993 5078 ut
3017 5020 3125 5078 vos
3144 5005 3300 5058 οὐσία
3347 5003 3419 5058 sit
3443 5020 3502 5078 _.u

1938 5075 2288 5133 nominativo.
2319 5075 2502 5149 Codex
2528 5075 2680 5134 cum.
2708 5076 2987 5149 πότερονᾈῆ
3008 5075 3165 5149 οὐσίᾳ
3186 5089 3308 5129 cum
3336 5092 3354 5127 t
3374 5075 3506 5149 sub-

1939 5149 2427 5274 ls)etrip|:o,ﬁrectius.
2462 5148 2538 5202 Ita
2568 5149 2711 5204 enim
2743 5143 2900 5213 illud,
2922 5145 2956 5216 ἢ
2977 5143 3160 5211 οὐσία,
3203 5143 3504 5215 responde-

1979 5236 1991 5273 ι
2055 5235 2070 5272 l
2116 5235 2150 5274 ι.
2245 5235 2345 5274 τω.

1979 5220 2018 5273 it
2055 5216 2150 5281 illi,
2175 5218 2209 5282 ἢ
2245 5216 2345 5282 τῷ.

2385 5285 2763 5359 ϐοηλὼούσία
2808 5290 2902 5343 καὶ
2956 5286 3269 5359 ἀγέννητον.
3304 5282 3506 5338 Ibidem

1937 5356 2065 5429 editi
2099 5366 2154 5412 et
2187 5372 2318 5412 mss.
2351 5356 2591 5429 nonnulli
2623 5360 2672 5411 εἰ
2701 5359 2762 5411 τὸ
2784 5360 3099 5429 ἀγέννητος.
3121 5356 3222 5412 Alii
3242 5365 3351 5409 tres
3372 5368 3503 5407 mss.

1934 5428 2249 5499 ἀγέννητον,
2273 5427 2486 5499 melius.
2524 5427 2602 5481 lta
2639 5429 2785 5481 enim
2819 5427 2981 5490 illud,
3003 5427 3295 5497 ἀγέννητον
3311 5437 3507 5499 Leon—

1935 5492 2344 5568 cordabitcum
2373 5497 2441 5551 iis
2479 5511 2598 5564 quae
2654 5508 2956 5568 sequuntur
3009 5492 3250 5562 vocibus,
3301 5492 3505 5548 ἀθάνα-

1933 5584 2043 5631 τον,
2073 5566 2448 5637 ἀτελεύτητον,
2483 5577 2587 5637 etc.

1939 5670 1957 5721 λ,
2005 5629 2116 5781 $185)
2154 5638 2292 5694 Editi
2321 5629 2688 5705 ’τοάγηροιδ
2737 5637 2975 5694 Veteres
3009 5634 3401 5708 quinquelibri
3444 5629 3509 5686 τὸ

1939 5723 2003 5776 αγ
2046 5725 2175 5780 ρων.

1932 5723 2037 5780 αγη
2046 5725 2175 5780 ρων.
