3822 6216
375 328 479 385 687

1675 328 1737 387 S.
1778 328 2025 385 BASlLll
2066 326 2281 382 MAGNI

3529 312 3633 369 688

376 447 466 496 tus
498 446 603 507 est,
634 441 911 509 superabit
937 454 1127 497 omnes
1154 458 1169 497 :
1202 449 1259 497 at
1301 442 1357 497 in
1390 442 1613 513 reliquis
1654 444 1795 501 idem
1838 446 1942 500 erit

2056 444 2151 507 ἕξει
2177 443 2411 504 πάντων,
2432 444 2543 503 τοῖς
2576 440 2632 492 δὲ
2662 439 2839 500 ἄλλοις
2855 436 3050 489 ταύτὸν
3083 433 3232 487 ἔσται
3264 430 3523 501 ἀγγέλοις
3544 430 3632 484 καὶ

379 546 503 585 cum
557 532 765 599 angelis
827 532 1218 603 spiritibusque
1270 544 1326 591 et
1373 536 1675 591 animabus.
1725 536 1950 593 Nam-et

382 620 498 675 haec
525 620 850 675 immortalia
876 631 1022 687 sunt,
1045 631 1099 677 et
1131 622 1253 679 linis
1278 625 1539 692 expertia.
1585 624 1738 690 Quod
1768 626 1813 683 si
1844 642 1948 683 non

383 725 480 780 per
509 725 594 777 ea,
625 725 745 781 qua:
784 728 888 767 non
922 720 1024 779 est,
1055 715 1150 768 sed
1196 729 1291 783 per
1332 730 1394 769 ea
1439 732 1558 787 qua:
1606 726 1707 782 est,
1740 716 1952 771 excedit

381 802 581 872 (neque
605 805 749 858 enim
784 804 945 859 homo
973 806 1074 859 hoc
1101 808 1445 874 praestantior
1478 819 1561 862 est
1605 810 1781 873 bruto,
1806 807 1947 877 quod

380 893 575 945 animae
619 902 711 946 aut
745 908 937 950 sensus
971 908 1164 963 expers
1200 911 1305 949 non
1339 896 1439 961 sit;
1472 911 1593 949 cum
1637 895 1751 949 tunc
1786 896 1948 951 etiam

379 975 454 1027 sit
486 976 833 1043 irrationale;
859 977 954 1032 sed
982 978 1102 1042 hoc,
1125 980 1265 1047 quod
1295 978 1574 1033 rationalis
1601 980 1705 1049 est)
1733 997 1747 1032 :
1782 979 1860 1033 sic
1896 986 1951 1033 et

380 1062 521 1121 Deus
566 1082 673 1121 non
718 1068 861 1137 quod
914 1068 1189 1138 ingenitus
1238 1070 1327 1135 sil,
1368 1070 1461 1124 sed
1510 1071 1655 1139 quod
1706 1068 1947 1123 omnium

378 1172 545 1213 causa
579 1160 673 1221 sit,
711 1160 881 1228 major
914 1161 1038 1215 erit.
1075 1160 1131 1215 Si
1167 1162 1439 1231 ingenitus
1469 1177 1497 1215 a
1531 1162 1712 1230 genito
1744 1178 1811 1217 ex
1852 1162 1947 1215 ad-

378 1264 540 1305 verso
568 1251 939 1320 distinguitur,
975 1253 1245 1323 ingenitus
1276 1263 1460 1308 autem
1487 1252 1789 1309 substantia
1815 1253 1946 1307 sim-

378 1342 500 1411 plex
532 1354 644 1410 est;
676 1346 838 1399 etiam
886 1361 952 1401 eo
1001 1347 1145 1416 quod
1187 1346 1557 1411 immutabilis,
1582 1356 1634 1399 et
1665 1346 1947 1399 immorta-

379 1433 447 1491 lis
474 1444 529 1489 et
561 1434 746 1506 ﬁgura:
770 1450 956 1492 exsors
979 1445 1085 1502 est,
1120 1446 1173 1491 et
1202 1437 1270 1491 ob
1304 1436 1528 1506 reliqua,
1555 1452 1622 1491 ex
1661 1436 1890 1491 adverso
1917 1452 1948 1491 a

379 1525 562 1597 genito
594 1528 975 1595 distinguetur.
1020 1528 1075 1582 Si
1115 1528 1258 1582 enim
1291 1527 1471 1597 aliquo
1508 1526 1723 1596 quidem
1756 1527 1947 1582 distin-

378 1620 578 1691 guitur,
612 1620 777 1693 286
822 1620 1044 1690 reliquis
1086 1635 1213 1676 vero
1254 1635 1628 1691 nequaquam;
1673 1619 1945 1688 composi—

379 1720 501 1775 tus,
536 1726 642 1766 non
694 1712 921 1781 simplex
978 1722 1081 1767 est.
1134 1712 1191 1766 Si
1249 1712 1294 1765 is
1340 1711 1431 1779 qui
1476 1710 1728 1779 cognovit
1780 1710 1945 1765 Deum

378 1815 501 1857 esse
546 1803 883 1871 ingenitum,
937 1804 1064 1873 quid
1120 1806 1335 1859 tandem
1387 1804 1459 1857 sit
1511 1804 1652 1857 Deus
1692 1811 1947 1858 accurate

374 1894 651 1965 cognovit,
681 1910 894 1967 rursus,
942 1897 986 1950 si
1044 1895 1177 1950 nihil
1228 1894 1401 1963 majus
1449 1904 1535 1950 est
1572 1908 1732 1964 quam
1780 1893 1947 1948 Deum

376 1986 674 2041 secundum
705 1996 952 2041 naturam
1008 1988 1177 2057 ipsius
1223 2001 1575 2057 cognoscere,
1613 1987 1721 2043 imo
1747 1987 1793 2043 si
1833 1987 1949 2043 hac

378 2087 461 2133 est
505 2078 617 2133 vita
666 2087 869 2133 aeterna
906 2100 916 2133 :
949 2079 1038 2148 qui
1094 2094 1193 2135 nos
1245 2079 1431 2135 docuit
1482 2080 1781 2147 ingenitum
1828 2094 1949 2134 esse

376 2169 569 2236 Deum,
608 2169 655 2225 is
691 2171 864 2241 major
893 2171 1201 2229 invenietur
1244 2171 1310 2226 iis
1352 2186 1471 2239 qua:
1508 2172 1651 2225 Deus
1680 2170 1950 2241 diligenti-

374 2259 477 2315 bus
505 2262 677 2329 ipsum
705 2263 1056 2332 praeparavit.
1077 2261 1211 2315 Nam
1241 2263 1356 2317 ﬁeri
1384 2276 1487 2317 non
1509 2270 1685 2329 potest
1706 2272 1764 2315 ut
1788 2263 1949 2318 homo

375 2351 669 2421 quidquam
717 2362 1010 2422 cognoscat
1047 2368 1257 2415 eorum,
1288 2368 1407 2420 qua:
1437 2368 1535 2407 nec
1571 2354 1759 2409 oculus
1790 2354 1945 2419 vidit,

374 2456 478 2497 nec
514 2442 663 2497 auris
698 2442 928 2505 audivit,
957 2456 1076 2511 quae
1128 2457 1226 2496 nec
1262 2443 1313 2495 in
1354 2456 1443 2496 cor
1485 2443 1720 2497 hominis
1760 2459 1948 2498 ascen-

377 2532 570 2586 derunt
596 2532 666 2586 τὲ.
700 2533 860 2603 Atqui
893 2543 1208 2602 peccatores
1246 2535 1409 2589 etiam
1456 2550 1649 2589 nomen
1681 2537 1947 2605 ingenitus

377 2624 654 2677 audivere.
710 2623 864 2690 Quod
918 2624 1083 2690 igitur
1136 2626 1310 2693 majus
1355 2635 1457 2689 est,
1493 2627 1544 2680 id
1596 2640 1688 2680 aut
1744 2641 1841 2695 per
1890 2641 1949 2681 se

377 2714 553 2784 ipsum
582 2726 674 2770 aut
706 2731 801 2785 per
827 2716 990 2770 alium
1025 2717 1164 2770 Deus
1194 2725 1511 2786 peccatores
1543 2719 1724 2772 docuit
1760 2734 1775 2773 :
1806 2720 1949 2787 quod

374 2820 509 2860 vero
539 2808 717 2862 minus
743 2817 848 2874 est,
876 2808 1118 2878 nihilque
1142 2808 1208 2862 ad
1240 2810 1403 2862 vitam
1426 2818 1683 2864 aeternam
1715 2811 1945 2872 confert,

376 2897 431 2957 id
464 2898 630 2965 justis
666 2899 923 2954 servavit.
956 2900 1023 2953 Et
1055 2900 1329 2969 quomodo
1361 2900 1463 2955 hoc
1503 2902 1793 2955 absurdum
1842 2918 1945 2957 non

375 2992 494 3045 est?
520 2990 796 3062 Ingenitus
827 3007 1002 3061 neque
1034 2992 1296 3058 deﬁnitio,
1334 3007 1509 3063 neque
1539 2993 1816 3063 proprium
1854 2994 1945 3049 Dei

374 3090 479 3139 est.
513 3082 637 3137 Hac
667 3084 811 3138 enim
846 3092 1240 3137 convertuntur
1266 3097 1389 3137 cum
1434 3084 1523 3148 iis,
1557 3099 1783 3152 quorum
1820 3094 1945 3138 sunt

378 3173 621 3229 deﬁnitio
648 3185 741 3227 aut
775 3176 1072 3244 proprium.
1106 3176 1276 3231 Homo
1311 3176 1454 3230 enim
1492 3185 1576 3230 est
1614 3176 1811 3230 animal
1859 3191 1945 3229 ra-

375 3261 603 3325 tionale,
646 3262 897 3327 mortale,
936 3265 1303 3335 intelligentia:
1341 3281 1405 3320 ac
1451 3266 1692 3320 scientia:
1735 3281 1940 3335 capax;

373 3358 430 3404 et
461 3350 508 3404 si
540 3351 669 3418 quid
715 3352 914 3407 animal
962 3355 1249 3418 rationale,
1286 3355 1533 3420 mortale,
1574 3355 1944 3425 intelligentiae

374 3456 439 3495 ac
480 3443 720 3498 scientia:
764 3458 954 3513 capax,
996 3447 1097 3503 hoc
1136 3448 1298 3501 homo
1345 3459 1455 3512 est;
1511 3448 1783 3516 proprium
1816 3463 1944 3502 vero

375 3536 610 3595 hominis
653 3546 740 3591 est
784 3538 1015 3602 risibile;
1052 3550 1106 3594 et
1148 3542 1192 3595 si
1228 3540 1355 3610 quid
1394 3538 1598 3595 risibile
1645 3549 1750 3607 est,
1786 3540 1946 3595 homo

375 3634 477 3680 est.
510 3625 809 3696 Ingenitum
852 3638 1030 3684 autem
1070 3632 1113 3685 si
1150 3636 1274 3701 quis
1318 3631 1578 3686 concedet
1605 3630 1712 3689 dici
1737 3630 1803 3686 de
1831 3631 1947 3685 solo

2051 535 2321 604 πνεύμασι
2356 534 2450 587 καὶ
2476 532 2693 601 ψυχαῖς.
2736 530 2847 583 Καὶ
2894 528 3002 599 γὰρ
3039 526 3209 579 ταῦτα
3255 524 3503 577 ἀθάνατα
3543 523 3633 575 καὶ

2050 625 2396 696 ἀτελεύτητα.
2427 625 2489 676 Et
2517 624 2573 675 δὲ
2604 624 2677 693 μὴ
2712 624 2802 689 ἀφ’
2837 612 2909 671 ὧν
2938 618 3047 689 (84)
3074 618 3175 669 οὐκ
3202 615 3370 676 ἐστιν,
3396 614 3514 667 ἀλλ’
3541 612 3632 681 ἀφ’

2048 712 2123 769 ὧν
2161 718 2307 768 ἐστιν
2341 714 2593 784 ὑπερέχει
2635 712 2778 778 (οὐδὲ
2825 710 2933 781 γὰρ
2974 709 3256 779 ἄνθρωπος
3289 706 3490 771 ἀλόγου
3518 702 3637 771 βελ-

2050 810 2180 862 τίων
2203 809 2279 878 τῷ
2311 808 2383 878 μὴ
2414 803 2555 861 εἶναι
2583 806 2785 876 ἄψυχος
2818 805 2912 857 καὶ
2940 801 3258 871 ἀναίσθητος
3278 816 3291 829 ·
3319 798 3498 851 ταῦτα
3526 795 3635 864 γὰρ

2052 900 2146 951 καὶ
2171 899 2230 951 τὸ
2262 898 2473 964 ἄλογον,
2508 896 2641 949 6116
2662 895 2737 964 τῷ
2765 894 2875 964 (85)
2900 888 3037 945 εἶναι
3064 887 3298 959 λογικός)
3327 904 3341 917 ·
3374 887 3519 940 οὕτω
3544 886 3637 937 καὶ

2050 991 2079 1042 6
2108 989 2261 1055 Θεὸς,
2288 988 2349 1041 οὐ
2383 988 2461 1058 τῷ
2494 989 2815 1057 ἀγέννητος,
2848 984 2983 1037 ἀλλά
3011 982 3086 1052 τῷ
3116 982 3334 1034 πάντων
3364 978 3538 1039 αἴτιος
3563 972 3638 1028 εἴ·

2052 1099 2159 1147 ναι,
2186 1080 2337 1135 ἔσται
2372 1080 2591 1150 μείζων.
2631 1080 2693 1131 Εἰ
2732 1075 3217 1131 ἀντιδιαστέλλεται
3257 1074 3286 1125 6
3338 1071 3637 1138 ἀγέννητος

2050 1171 2130 1241 τῷ
2154 1170 2396 1241 γεννητῷ
2421 1169 2530 1239 (86)
2556 1186 2568 1198 '
2602 1171 2629 1221 6
2653 1169 2708 1221 δὲ
2732 1168 3023 1237 ἀγέννητος
3049 1164 3204 1225 οὐσία
3233 1162 3379 1230 ἁπλῆ
3401 1178 3414 1190 ·
3443 1159 3540 1213 καὶ
3560 1158 3635 1228 τῷ

2054 1263 2165 1333 (87)
2213 1262 2480 1333 ἄτρεπτος
2525 1261 2619 1314 καὶ
2652 1260 2916 1322 ἀθάνατος
2956 1258 3051 1310 καὶ
3078 1254 3511 1324 ἀσχημάτιστος,
3544 1252 3637 1303 καὶ

2054 1357 2217 1409 πᾶσιν
2246 1352 2780 1422 ἀντιδιασταλήσεται
2824 1350 2960 1421 πρὸς
2990 1349 3079 1401 τὸν
3121 1347 3398 1415 γεννητόν.
3434 1345 3499 1395 Ei
3528 1340 3638 1412 γὰρ

2050 1448 2158 1501 τινὶ
2190 1448 2288 1517 μὲν
2318 1444 2830 1506 ἀντιδιαστέλλεται,
2863 1446 2975 1505 τοῖς
3008 1441 3064 1494 δὲ
3093 1440 3294 1500 λοιποῖς
3320 1436 3406 1499 οὓ,
3441 1434 3635 1487 σύνθε-

2050 1554 2143 1600 τος
2169 1538 2261 1589 καὶ
2286 1537 2383 1605 οὐχ
2418 1533 2642 1596 ἁπλοῦς.
2674 1534 2737 1585 Εἰ
2771 1534 2799 1585 6
2832 1532 3012 1599 γνοὺς,
3044 1531 3124 1583 ὅτι
3164 1525 3459 1595 ἀγέινήτὸς
3489 1526 3638 1576 ἐστιν

2052 1630 2080 1680 6
2104 1627 2255 1689 Θεὸς,
2288 1626 2316 1677 δ
2348 1643 2401 1677 τι
2444 1624 2574 1677 ποτέ
2618 1624 2765 1676 ἐστιν
2798 1625 2825 1674 6
2854 1621 2985 1684 Θεὸς
3029 1619 3266 1691 ἀκριϐῶς
3309 1617 3475 1684 ἔγνω,
3514 1616 3635 1687 μείο

2055 1717 2145 1781 ζον
2166 1718 2220 1770 δὲ
2251 1718 2401 1770 οὐδέν
2424 1719 2539 1768 ἐστι
2575 1714 2667 1767 τοῦ
2697 1715 2787 1766 τὸν
2811 1714 2941 1766 Θεὸν
2975 1713 3114 1766 κατά
3142 1711 3236 1780 τὴν
3272 1707 3439 1763 αὐτοῦ
3474 1706 3637 1776 φύσιν

2048 1810 2269 1878 γνῶναι,
2310 1809 2422 1863 611‘
2456 1809 2596 1878 αὕτη
2629 1809 2776 1859 ἐστὶν
2822 1809 2855 1877 ἡ
2903 1805 3119 1866 αἰώνιος
3163 1802 3296 1871 ζωὴ,
3343 1804 3372 1853 6
3417 1799 3637 1864 διδάξας

2048 1904 2195 1973 ἡμᾶς
2225 1904 2355 1972 (88),
2394 1904 2476 1956 ὄτι
2505 1901 2793 1969 ἁγέννητός
2827 1902 2972 1951 ἐστιν
2998 1900 3026 1949 6
3050 1896 3201 1959 Θεὸς,
3246 1894 3450 1965 μείζων
3477 1892 3637 1962 εὑρε-

2049 1995 2274 2065 θήσεται
2314 1988 2388 2047 ὧν
2437 1996 2463 2046 6
2497 1994 2628 2056 Θεὸς
2674 1992 2935 2062 ἡτοίμασε
2982 1992 3089 2051 τοῖς
3133 1986 3421 2055 ἀγαπῶσιν
3454 1982 3631 2037 αὐτόν.

2062 2084 2313 2136 Ἐκείνων
2346 2083 2453 2152 γὰρ
2487 2081 2640 2133 οὐδὲν
2672 2080 2893 2133 δυνατὸν
2926 2078 3205 2147 ἄνθρωπον
3229 2077 3359 2129 ὄντα
3390 2074 3598 2142 γνῶναι
3619 2090 3634 2102 ⁸

2046 2169 2120 2228 ὧν
2155 2174 2277 2227 οὔτε
2316 2173 2593 2242 ὀφθαλμός
2633 2189 2717 2234 τις
2749 2167 2907 2233 εἶδεν,
2941 2169 3063 2222 οὔτε
3099 2165 3192 2231 οὖς
3221 2168 3484 2237 ἧκουσεν,
3513 2166 3636 2220 οὔτε

2048 2268 2140 2320 ἐπὶ
2172 2266 2395 2338 καρδίαν
2438 2264 2725 2338 ἀνθρώπου
2771 2263 2956 2332 ἀνέϐη.
2997 2262 3155 2314 Ἀλλά
3191 2260 3296 2331 μὴν
3329 2260 3425 2312 καὶ
3461 2260 3637 2329 ἁμαρ-

2046 2357 2206 2411 τωλοὶ
2233 2357 2293 2409 τὸ
2324 2355 2656 2424 ἀγέννητος
2676 2354 2846 2423 ὄνομα
2876 2354 3135 2421 ἤκουσαν.
3156 2351 3229 2402 Τὸ
3264 2350 3451 2419 μεῖζον
3478 2345 3571 2401 οὖν
3603 2348 3635 2417 ἢ

2047 2452 2113 2504 δι’
2146 2448 2336 2503 ἑαυτοῦ
2368 2448 2399 2519 ἢ
2444 2448 2511 2500 δι’
2540 2447 2730 2517 ἐτέρου
2758 2448 2784 2498 6
2809 2446 2940 2508 Θεὸς
2970 2445 3095 2507 τοὺς
3118 2442 3479 2514 ἁμαρτωλοὺς
3500 2441 3639 2494 διδά-

2048 2541 2165 2608 ξας,
2196 2542 2255 2594 τὸ
2299 2536 2459 2611 ἦττον
2492 2540 2586 2591 καὶ
2619 2538 2784 2609 μηδὲν
2821 2539 2900 2600 εἰς
2930 2535 3073 2607 ζωὴν
3102 2534 3317 2588 αἰώνιον
3350 2534 3639 2587 συντελῶν

2047 2636 2157 2695 τοίς
2183 2632 2412 2692 δικαίοις
2444 2630 2696 2698 ἐφύλαξε.
2724 2630 2832 2682 Καὶ
2850 2628 2966 2691 πῶς
2990 2629 3088 2680 οὐκ
3110 2616 3305 2680 ἄτοητον
3330 2642 3345 2691 ;
3372 2626 3439 2677 T6
3461 2625 3639 2693 ἀγέν-

2048 2744 2230 2791 νητος
2246 2724 2369 2777 οὗτε
2396 2725 2519 2795 ὅρος
2548 2724 2665 2775 ἐστὶ
2688 2721 2844 2785 Θεοῦ,
2872 2721 2996 2773 οὔτε
3024 2720 3172 2772 ἴδιον.
3202 2718 3388 2773 Ταῦτα
3409 2718 3521 2788 γὰρ
3548 2719 3641 2770 ἀν-

2046 2818 2323 2887 τιστρέφει
2356 2816 2585 2877 ἐκείνοις
2614 2807 2688 2867 ὧν
2708 2815 2833 2884 ὄρος
2873 2814 2905 2883 ἦ
2942 2813 3069 2865 ἴδιον
3090 2813 3470 2882 τυγχάνουσιν.
3507 2812 3638 2861 Ἀν-

2048 2906 2263 2979 θρωπος
2292 2907 2397 2978 γὰρ
2425 2906 2561 2969 ζῶον
2587 2905 2824 2972 λογικὸν,
2856 2904 3069 2974 θνητὸν,
3096 2902 3187 2955 νοῦ
3213 2903 3307 2954 καὶ
3329 2903 3639 2972 ἐπιστήμης

2045 2998 2323 3052 δεκτικόν
2379 2998 2474 3050 καὶ
2508 2999 2562 3049 εἴ
2602 3014 2654 3049 τι
2685 2996 2823 3059 ζῶον
2866 2994 3103 3063 λογικὸν,
3156 2993 3369 3065 θνητὸν,
3405 2992 3500 3045 νοῦ
3545 2993 3639 3047 καὶ

2048 3090 2356 3159 ἐπιστήμης
2390 3087 2661 3149 δεκτικὸν,
2707 3086 2993 3155 ἄνθρωπος
3031 3083 3186 3137 τοῦτο
3217 3083 3328 3153 (89)
3351 3100 3363 3113 ’
3409 3082 3545 3137 ἴδιον
3582 3082 3637 3135 δὲ

2049 3176 2336 3248 ἀνθρώπου
2381 3177 2441 3229 τὸ
2482 3175 2803 3241 γελαστικὸν
2823 3214 2837 3236 ,
2869 3175 2961 3227 καὶ
2994 3174 3121 3226 εἴτι
3156 3172 3509 3241 γελαστικὸν,
3544 3172 3637 3225 ἀνα

2048 3267 2283 3339 θρωπος.
2317 3268 2388 3320 Τὸ
2424 3268 2481 3320 δὲ
2505 3267 2831 3335 ἀγέννητος
2860 3267 2913 3318 εἴ
2930 3283 3013 3328 τις
3044 3266 3387 3336 συγχωρήσει
3416 3265 3512 3315 ἐπὶ
3547 3262 3639 3332 μό-

2051 3377 2141 3412 νου
2176 3359 2308 3411 Θεοῦ
2342 3358 2617 3426 λέγεσθαι,
2650 3358 2746 3427 οὐχ
2803 3357 2919 3427 ἅμα
2967 3358 3059 3417 καὶ
3103 3357 3157 3409 εἷ
3189 3374 3241 3409 τι
3281 3356 3436 3421 Θεὸς,
3483 3356 3639 3408 τοῦτο

2054 3452 2362 3521 ἀγέννητον.
2419 3450 2477 3505 '0
2523 3446 2616 3503 οὖν
2664 3450 2811 3512 Υἱὸς,
2863 3451 2994 3512 Θεὸς
3044 3448 3140 3513 ὢν,
3192 3448 3291 3500 οὐκ
3346 3448 3637 3517 ἀγέννητὸς

2054 3543 2219 3597 ἐστιν.
2252 3541 2388 3594 Οὔτε
2420 3540 2548 3610 γοῦν
2580 3541 2704 3611 ὄρος
2740 3539 2849 3610 (90)
2875 3539 2996 3592 οὔτε
3031 3540 3157 3593 ἴδιον
3184 3539 3243 3592 τὸ
3272 3538 3632 3607 ἁγέννητος·

2053 3632 2112 3685 οὑ
2145 3632 2251 3703 γὰρ
2278 3631 2621 3702 ἀντιστρέφει
2654 3630 2786 3701 (9|).

376 3718 509 3781 Deo,
536 3735 638 3773 non
666 3721 923 3775 continuo
964 3724 1007 3775 si
1036 3723 1163 3792 quid
1208 3726 1371 3779 etiam
1396 3725 1537 3778 Deus
1557 3734 1660 3790 est,
1692 3724 1793 3779 hoc
1816 3724 1988 3794 ipsum
2024 3736 2105 3780 est
2154 3727 2467 3797 ingenitum.
2512 3725 2923 3793 ltaquefFilius,
2963 3740 3272 3794 quanquam
3348 3723 3497 3777 Deus
3533 3723 3633 3777 est.

375 3825 554 3869 tamen
601 3816 871 3889 ingenitus
919 3834 1025 3873 non
1074 3832 1174 3875 est.
1224 3820 1502 3891 Ingenitus
1556 3821 1720 3889 igitur
1767 3835 1945 3891 neque
1977 3822 2240 3889 deﬁnitio,
2309 3836 2483 3891 neque
2541 3820 2819 3890 proprium
2845 3829 2929 3874 est
2957 3819 3316 3889 Dei:quippe
3357 3832 3469 3875 non
3504 3826 3633 3867 cou-

372 3913 619 3969 vertitur.

702 4000 857 4067 Quod
890 3999 1065 4056 Filius
1103 4008 1347 4059 creatura
1390 4016 1494 4053 non
1532 4008 1631 4054 est.

446 4096 498 4149 1.
542 4093 598 4149 Si
640 4094 811 4148 Filius
846 4101 1097 4149 creatura
1122 4091 1216 4145 Dei
1241 4099 1346 4154 est,
1368 4090 1545 4144 omnis
1576 4098 1757 4147 autem
1786 4105 1945 4146 crea-

375 4197 494 4239 tura
526 4185 789 4240 creatoris
834 4200 1020 4250 serva;
1058 4183 1306 4239 Christus
1340 4182 1434 4237 Dei
1478 4197 1669 4238 servus
1710 4191 1813 4247 est,
1841 4198 1947 4237 non

372 4276 563 4333 Filius.
593 4276 705 4331 Non
734 4276 897 4346 igitur
923 4276 1151 4345 sumpsit
1190 4274 1421 4328 formam
1451 4274 1618 4339 servi,
1645 4289 1767 4329 cum
1802 4283 1948 4329 esset

372 4367 669 4429 Dominus,
727 4368 821 4421 sed
872 4376 989 4420 erat
1044 4379 1252 4421 servus.
1298 4363 1545 4419 Potestas
1598 4367 1784 4419 eadem
1839 4380 1945 4419 non

373 4459 675 4514 communis
724 4467 805 4514 est
856 4458 1079 4513 factura:
1150 4473 1271 4511 cum
1330 4458 1535 4513 factore
1575 4476 1588 4511 :
1632 4457 1766 4512 nihil
1815 4472 1945 4528 ergo

372 4566 659 4607 commune
685 4560 765 4605 est
788 4549 933 4604 Patri
965 4566 1084 4605 cum
1119 4549 1277 4615 Filio,
1307 4566 1374 4604 ne
1405 4549 1612 4605 creatio
1634 4550 1872 4619 quidem,
1896 4548 1939 4603 si

2477 4002 2605 4057 ’Ότι
2634 4003 2704 4054 οὐ
2728 4001 2947 4067 κτίσμα
2980 4000 3012 4050 ὁ
3050 3998 3199 4061 Υἱός.

2122 4092 2175 4146 1.
2212 4092 2275 4144 Εἰ
2324 4092 2526 4162 κτίσμα
2562 4092 2695 4144 Θεοῦ
2726 4094 2753 4145 6
2783 4090 2928 4154 Υἱὸς,
2961 4089 3066 4143 πᾶν
3098 4088 3154 4139 δὲ
3196 4087 3404 4158 κτίσμα
3453 4086 3635 4141 δοῦλον

2049 4182 2141 4237 τοῦ
2177 4184 2392 4236 κτίστου
2413 4201 2427 4214 ·
2458 4183 2641 4247 δοῦλος
2670 4183 2779 4250 (92)
2811 4186 2838 4235 6
2866 4181 3117 4252 Χριστὸς,
3154 4180 3246 4232 καὶ
3267 4180 3366 4249 οὐχ
3390 4180 3519 4242 Υἱὸς
3542 4180 3633 4232 τοῦ

2049 4273 2207 4327 Θεοῦ.
2264 4276 2378 4328 Οὐκ
2422 4275 2612 4328 ἔλαϐεν
2656 4270 2749 4326 οὖν
2787 4274 2999 4343 μορφὴν
3034 4271 3254 4331 δούλου,
3289 4270 3497 4341 Κύριος
3537 4269 3629 4329 ὢν,

2050 4365 2164 4417 ἀλλ’
2191 4362 2258 4437 ἦν
2304 4367 2502 4429 δοῦλος.
2540 4366 2613 4419 Τὸ
2646 4366 2853 4435 ποίημα
2884 4363 2959 4432 τῷ
2990 4365 3185 4432 ποιητῇ
3218 4361 3315 4431 τῆς
3351 4362 3522 4429 αὐτῆς
3550 4360 3633 4412 δυ-

2050 4458 2265 4528 νάμεως
2307 4460 2365 4511 οὐ
2405 4461 2676 4512 κοινωνεῖ·
2731 4457 2882 4509 οὐδὲν
2936 4455 3043 4526 ἄρα
3089 4454 3263 4506 κοινόν
3321 4456 3469 4505 ἐστιν
3503 4452 3629 4505 Υἱοό

2051 4551 2141 4602 καὶ¹
2176 4552 2413 4622 Πατρός·
2439 4553 2559 4605 οὐδὲ
2590 4555 2622 4622 ή
2650 4552 2845 4613 κτίσις,
2882 4549 3037 4617 εἴπερ
3067 4547 3277 4615 ποίημα
3306 4546 3399 4597 καὶ
3430 4546 3492 4597 οὐ
3523 4545 3634 4612 γέν-

372 4647 580 4700 factura
624 4659 727 4697 non
771 4644 1016 4711 genitura
1046 4642 1215 4697 Filius
1251 4652 1353 4697 est.
1397 4640 1455 4697 Si
1490 4641 1658 4696 Filius
1688 4642 1935 4712 genitura

2056 4659 2190 4711 αημα
2230 4645 2257 4696 6
2306 4644 2532 4705 Υἱός.Εἰ
2573 4645 2815 4713 γέννημα
2841 4641 3038 4703 ὁΥἱὸς,
3076 4639 3151 4700 ὼς
3206 4638 3264 4689 ἓν
3303 4637 3414 4689 τῶν
3444 4653 3631 4706 γεννη-

444 4763 490 4800 ⁷δ
522 4761 688 4817 lCor.
722 4777 782 4829 tt,
814 4760 868 4815 9.

443 4917 558 4989 (84)
586 4917 724 4971 Editi
782 4918 845 4970 El
889 4916 945 4989 δὲ
981 4916 1055 4987 μὴ
1091 4917 1183 4985 ἀφ’
1225 4908 1318 4969 ὧν.
1352 4915 1551 4970 Vocula
1581 4914 1655 4985 μή
1700 4915 1849 4969 deest
1890 4915 1943 4968 in

372 4990 571 5044 nostris
597 4998 797 5056 septem
828 4988 1124 5041 codicibus.

443 5058 555 5126 (85)
589 5053 815 5111 Codices
846 5071 949 5109 non
980 5058 1131 5124 pauci
1166 5055 1301 5109 6116
1324 5055 1421 5126 τῷ.
1463 5056 1602 5126 Editi
1637 5053 1770 5107 ἀλλά

588 5128 732 5206 Editi
766 5126 871 5179 τῶν
899 5126 1193 5206 γεννητῶν.
1225 5129 1294 5206 ξι
1332 5124 1464 5206 ιιιδὲ
1608 5124 1868 5206 γεννητῷ.

446 5195 556 5269 (87)
588 5198 815 5269 veteres
840 5198 1007 5269 nostri
1040 5195 1159 5251 libri
1187 5196 1278 5250 καὶ
1303 5196 1383 5249 τό.
1422 5195 1684 5269 Editixai
1714 5195 1819 5269 τῷ,
1854 5209 1941 5249 re-

373 5266 479 5324 cte.
514 5266 721 5323 Etenim
752 5281 855 5320 vox
888 5268 1076 5330 πᾶσιν,
1112 5283 1230 5334 qua:
1264 5282 1386 5320 mox
1426 5266 1690 5334 sequitur,
1735 5266 1947 5334 videtur

372 5340 445 5394 ita
479 5340 718 5408 exigere.
743 5336 892 5408 Reg._
912 5333 1177 5408 secundus
1195 5336 1288 5390 καὶ
1318 5336 1379 5389 τὸ
1402 5333 1667 5405 ἄτρεπτον
1691 5336 1785 5408 καὶ
1810 5333 1945 5408 606-

371 5427 529 5463 νατον
560 5404 653 5463 καὶ
677 5406 1105 5478 ἀσχημάτιστον.
1131 5405 1332 5461 Ibidem
1364 5404 1491 5461 mss.
1528 5404 1769 5460 nonnulli
1811 5404 1948 5475 πρὸς

368 5479 433 5533 τὸ
456 5480 732 5533 γεννητόν.

494 5498 732 5533 εννητον.

443 5496 738 5617 (ἷῗνῖῗιῗίἷί
766 5546 980 5613 διδάξας
1011 5548 1175 5617 ὑμᾶς.
1204 5546 1275 5599 At
1309 5561 1436 5599 mss.
1474 5544 1719 5614 plerique
1755 5558 1947 5600 omnes

372 5618 545 5689 ἡμᾶς,
568 5628 621 5673 et
654 5620 725 5672 ita
758 5619 963 5689 leget-at
990 5619 1274 5689 interpres.

446 5687 563 5757 (89)
595 5690 729 5741 Etliti
767 5682 1151 5757 6srxttx0vtxa‘t
1180 5686 1465 5757 ἄνθρωπος
1496 5684 1671 5757 τοῦτο,
1710 5682 1947 5757 καὶτοῦ-

373 5771 433 5818 W
458 5754 793 5824 ἄνθρωπος’
856 5757 1001 5810 ἴδιον.
1035 5756 1255 5812 Veteres
1287 5754 1501 5824 Quidam
1535 5754 1657 5810 libri
1708 5755 1945 5821 breﬂus,

2050 4913 2318 4978 δεκτικὸν,
2378 4911 2662 4980 ἄνθρωπος
2716 4909 2892 4961 τοῦτο·
2945 4908 3090 4961 ἴδιον.
3142 4904 3289 4975 Regii
3331 4904 3541 4972 primus
3582 4910 3630 4955 et

2051 4995 2276 5054 quartus
2310 4984 2398 5054 uti
2420 4984 2707 5054 edidimus.

2122 5054 2235 5124 (90)
2262 5053 2403 5107 Editi
2426 5051 2560 5105 Οὔτε
2594 5050 2723 5119 γοῦν
2748 5050 2892 5119 ὅρος.
2925 5050 2994 5102 At
3029 5062 3157 5101 mss.
3193 5044 3345 5099 multi
3373 5041 3503 5095 οὔτε
3528 5058 3629 5111 γαρ

2082 5143 2239 5263 pc(Eii)
2262 5194 2318 5247 In
2343 5193 2550 5247 nostris
2581 5200 2786 5263 septem
2810 5187 3088 5263 codicibus
3114 5194 3235 5263 post
3274 5185 3502 5263 verbum
3538 5200 3627 5263 av:

2051 5250 2332 5336 τιστρέφει
2360 5250 2657 5336 sequuntur
2689 5260 2798 5336 illa,
2826 5259 2874 5336 εξ
2905 5257 3038 5336 τιμὴ
3061 5250 3395 5336 sequam;
3420 5255 3546 5336 ἐστι
3571 5250 3629 5336 τὸ

2046 5323 2346 5406 ἀγέννητος
2374 5323 2566 5406 ὄνομα,
2597 5330 2801 5401 ὁμοίως
2829 5329 2887 5406 δε
2918 5323 3128 5406 καὶτὸν
3156 5325 3479 5406 ἱ’ἱὸν“τιμᾷν
3512 5323 3625 5406 δεῖς

2045 5391 2106 5460 εί
2134 5409 2214 5460 δεῖ
2240 5391 2340 5459 ’δι’
2367 5391 2572 5470 reliqua
2620 5391 2789 5468 usque
2822 5400 2888 5451 ad
2946 5398 3169 5451 verbum
3201 5391 3497 5470 σῴζηται)
3541 5391 3627 5443 sed

2046 5478 2159 5531 haec
2182 5476 2365 5531 omnia
2392 5463 2640 5541 sup'erius
2669 5463 3023 5541 n'um.te_rtio
3045 5484 3073 5518 a
3102 5466 3357 5541 quolibet.
3377 5463 3477 5533 legi
3506 5476 3624 5540 pos—

2043 5556 2189 5601 sunt.
2221 5546 2331 5600 Cur
2360 5535 2538 5597 autem
2580 5557 2611 5595 a
2642 5540 2879 5594 librariis
2910 5538 2995 5592 bis
3022 5538 3224 5606 scripta
3255 5535 3386 5600 sint,
3418 5535 3624 5587 nescire

2045 5634 2131 5671 me
2168 5616 2362 5670 fateor.

2116 5687 2228 5759 (οε)
2257 5688 2477 5754 Antiqui
2512 5691 2617 5738 tres
2646 5680 2770 5735 libri
2796 5676 2980 5740 δοῦλος
3006 5676 3128 5749 ἄρα.
