3822 6216
143 344 264 404 689

1254 344 1632 405 ADVERSUS
1669 344 2041 403 EUNOMIUM
2079 344 2207 403 LIB.
2249 344 2342 401 IV.

3298 338 3404 397 699

150 464 351 534 μάτων
373 504 388 529 ,
421 463 529 517 πᾶν
560 462 618 517 δὲ
652 463 899 536 γέννημα
931 464 1159 537 κτίσμα,
1198 466 1259 519 οὐ
1295 467 1498 538 κτίσμα
1523 468 1552 520 6
1580 465 1736 529 Υἱός·

1844 475 1951 532 εει,
1985 481 2092 522 non
2137 475 2394 534 tanquam
2447 476 2552 517 una
2595 475 2627 517 e
2666 459 2957 532 genituris;
3009 457 3184 513 omnis
3222 466 3407 514 autem

144 557 277 609 οὐδὲ
302 555 413 628 γὰρ
446 556 688 627 γέννημα
712 556 787 620 ὡς
816 559 1019 611 ἐκεῖνα.
1060 559 1122 612 Ei
1153 557 1408 611 ἐλάττονα
1431 560 1460 612 6
1488 559 1620 621 Θεὸς
1643 556 1737 626 δη-

150 646 444 716 μιουργεῖν
476 646 577 698 οὐκ
605 643 838 714 ἠδύνατο
863 646 956 699 τοῦ
985 646 1102 710 ἑνὸς
1128 647 1259 700 Υἱοῦ
1288 648 1417 721 (95),
1451 647 1539 702 διὰ
1565 646 1628 701 τὸ
1663 647 1738 718 μὴ

146 737 493 805 πεφυκέναι·
540 738 660 792 οὐδὲ
690 740 719 792 6
750 738 878 803 Υἱὸς
906 740 1013 810 ἄρα
1047 738 1159 811 (94)
1200 741 1432 814 διάφορα
1475 742 1738 814 δημιουρ-

147 831 340 899 γήσει,
371 829 505 883 ἀλλά
541 830 598 883 ἓν
641 848 716 884 τι.
752 832 815 884 Ei
847 831 915 884 τὰ
957 832 1163 886 ἐλάττω
1199 834 1304 887 ὑπὸ
1339 834 1617 897 ἐλάττονος
1643 833 1740 905 δη-

154 924 525 993 μιουργεῖται,
576 923 670 975 καὶ
717 922 784 975 τὰ
834 922 1054 993 μείζονα
1104 924 1163 977 δὲ
1196 924 1300 977 ὑπὸ
1334 925 1606 994 μείζονος·
1651 924 1741 978 διὰ

152 1012 371 1066 πολλῶν
399 1012 560 1085 ἄραή
587 1014 783 1079 κτίσις,
818 1016 939 1067 ἐπεὶ
969 1016 1030 1070 οὐ
1068 1019 1217 1070 πᾶσα
1248 1018 1357 1087 ἴση.
1390 1018 1453 1070 Et
1477 1017 1741 1090 δημιουρ-

114 1114 118 1123 ‘
150 1102 315 1171 γικὸς
341 1105 370 1157 6
396 1102 528 1167 Θεὸς
574 1104 754 1172 φύσει,
804 1106 901 1176 ούχ
950 1106 1067 1170 ἑνὸς
1100 1106 1289 1170 ἐσται,
1323 1107 1459 1162 ἀλλὰ
1510 1108 1737 1162 πολλῶν.

153 1195 233 1247 Ἥ
266 1194 377 1265 γὰρ
410 1194 660 1265 ἀσθενείᾳ
700 1195 828 1249 ἄλλο
872 1197 933 1249 οὐ
977 1197 1316 1269 δημιουργεῖ,
1364 1199 1397 1269 ἢ
1442 1198 1621 1269 φθόνῳ
1647 1199 1742 1253 καὶ

154 1284 450 1356 βασκανίᾳ.
482 1286 544 1338 Et
569 1285 655 1338 διὰ
685 1285 814 1338 Υίοῦ
836 1287 1046 1357 Πατρὸς
1065 1287 1292 1358 δύναμις
1321 1288 1738 1359 ἐδημιούργησε,

153 1378 352 1448 Πατὴρ
384 1379 477 1431 καὶ⁴
522 1380 619 1448 οὐχ
646 1379 773 1441 Υἱὸς
819 1381 847 1432 6
888 1379 1236 1450 δημιουργὸς,
1287 1378 1475 1451 ὥσπερ
1516 1380 1635 1433 οὐδὲ
1679 1379 1741 1434 τὸ

153 1468 443 1539 ἐργαλεῖον
470 1471 498 1522 6
529 1469 791 1540 τεχνίτης.
828 1472 941 1524 Οὐκ
966 1473 1074 1543 ἄρα
1110 1466 1202 1524 οὖν
1226 1472 1599 1544 ταπεινότερον
1629 1471 1739 1541 (95)

152 1561 191 1631 ἢ
221 1560 362 1614 κατά
392 1560 483 1614 τὸν
503 1561 719 1632 Πατέρα
751 1562 812 1614 τὸ
848 1563 1199 1634 δημιουργεῖν
1242 1564 1311 1617 τὰ
1350 1564 1454 1618 ὑπὸ
1488 1564 1580 1617 τοῦ
1615 1564 1740 1617 Υίοῢ

152 1651 457 1720 γενόμενα.
516 1652 580 1703 Ei
650 1652 748 1723 τὴν
813 1652 1174 1724 δημιουργίαν
1235 1655 1337 1724 τῆς
1400 1655 1565 1726 οὔσης
1625 1656 1743 1710 7.1!-

153 1759 304 1804 σεως
334 1742 645 1828 έπῃσχύνθη
688 1743 755 1796 δι’
793 1744 983 1797 ἑαυτοῦ
1026 1747 1246 1816 ποιῆσαι
1271 1749 1300 1802 6
1323 1747 1475 1811 Θεὸς,
1509 1749 1603 1802 καὶ
1644 1748 1741 1819 τὴν

152 1833 471 1902 δοξολογίαν
510 1835 680 1905 αὐτῆς
713 1836 774 1888 οὐ
812 1837 1118 1906 προσίεται.
1156 1840 1220 1892 "A
1263 1839 1373 1909 γὰρ
1401 1841 1622 1910 ποιῆσαι
1643 1841 1743 1893 ὲπ-

151 1925 448 1997 ῃσχύνετο,
504 1927 773 1998 γενόμενα
813 1927 922 1981 ίδια
960 1929 1280 2000 νομισθῆναι
1319 1932 1381 1984 οὐ
1411 1930 1646 2003 θελήσει.
1676 1933 1740 1985 Ei

151 2017 357 2071 ταύτὸν
389 2016 593 2082 κτίζειν
623 2020 717 2073 καὶ
753 2020 947 2090 γεννᾷν
975 2019 1066 2073 τὸν
1096 2020 1249 2085 Θεὸν,
1283 2021 1469 2093 ἐπειδὴ
1498 2022 1702 2086 ἁπλοῦς
1724 2040 1738 2054 ·

152 2108 358 2163 ταύτὸν
416 2111 511 2163 καὶ
560 2110 622 2164 τὸ
679 2110 873 2176 σώζειν
930 2114 1091 2167 αὐτὸν
1145 2114 1240 2168 καὶ
1292 2114 1601 2179 ἀπολλύειν,
1644 2115 1741 2170 καὶ

154 2197 448 2267 ζωογονεῖν
486 2200 579 2252 κα)⁸
604 2200 965 2256 ἀποκτείνειν.
1007 2202 1070 2254 Εἰ
1101 2201 1156 2255 δὲ
1180 2200 1338 2254 τοῦτο
1378 2201 1515 2270 (96),
1546 2201 1741 2255 ταύτὸν

153 2289 272 2362 ἄρα
313 2291 552 2362 σωτηρία
581 2293 674 2346 καὶ
704 2291 964 2356 ἀπώλεια,
996 2293 1090 2346 καὶ
1116 2290 1227 2363 ζωὴ
1265 2293 1360 2344 καὶ
1401 2291 1645 2355 θάνατος.
1676 2292 1740 2343 Ei

154 2379 300 2433 Θεοῦ
346 2381 576 2453 Χριστὸς
604 2382 831 2453 δύναμις
871 2385 964 2436 καὶ
993 2383 1172 2450 σοφία,
1212 2382 1384 2437 ταῦτα
1415 2382 1472 2436 δὲ
1509 2383 1739 2436 ἀκτιστα

156 2470 259 2524 καὶ
295 2472 535 2525 συναϊδια
566 2472 684 2543 Θεῷ
714 2472 794 2543 (οὐ
843 2472 951 2544 γὰρ
985 2469 1053 2544 ἦν
1091 2490 1221 2527 ποτε
1251 2474 1452 2542 ἄσοφος
1484 2474 1579 2526 καὶ
1606 2472 1738 2526 ἀδύ-

156 2563 387 2632 ναμος)·
430 2563 683 2627 ἄκτιστος
712 2564 808 2617 καὶ
836 2565 1102 2628 συναΐδιος
1132 2565 1364 2636 Χριστὸς
1389 2564 1508 2635 Θεῷ
1526 2582 1539 2596 ·
1579 2567 1628 2618 εί
1658 2564 1736 2630 δὲ,

156 2653 303 2707 καθὸ
333 2654 601 2726 ἐνέργεια,
628 2654 875 2726 δύναμις,
906 2656 998 2708 καὶ
1035 2656 1196 2725 σοφία
1213 2655 1346 2708 Θεοῦ
1374 2654 1611 2724 λέγεται,
1644 2657 1739 2709 καὶ

156 2746 327 2817 ἡμεῖς
356 2746 581 2817 δύναμις
613 2748 706 2801 καὶ
750 2748 908 2815 σοφία
939 2748 1144 2819 Κυρίου
1183 2747 1476 2818 λεγοίμεθα
1503 2746 1569 2802 ἂν
1603 2747 1736 2819 (97),

155 2837 239 2901 ὡς
268 2837 431 2902 αὐτὸς
459 2838 614 2893 Θεοῦ.
669 2840 805 2892 Ἀλλ’
832 2841 1047 2894 ἄτοπον.
1089 2841 1153 2893 El
1201 2838 1275 2911 μὴ
1322 2840 1489 2903 ἀΐδιος
1536 2839 1669 2903 Θεὸς
1708 2842 1738 2894 6

158 2927 317 2991 Υἱὸς,
344 2928 403 2994 ἐξ
437 2929 679 3000 ἀνάγκης
722 2929 1033 3001 πρόσφατος
1052 2945 1066 2960 ⁸
1095 2931 1143 2982 εί
1173 2929 1247 3000 μὴ
1283 2927 1554 3000 ἀληθινὸς,
1605 2928 1738 2998 ψευ-

158 3018 263 3089 δής
288 3034 304 3048 ·
338 3020 386 3072 εί
419 3018 492 3091 μὴ
519 2996 697 3089 φύσει,
726 2996 890 3074 θέσει.
935 2996 1247 3075 Ἀσεόὦννδέ
1279 2996 1737 3091 προσφάτοιςήκαὶ
1764 2996 1806 3053 C

158 3106 382 3177 ψευδέσι
411 3109 503 3161 καὶ
531 3108 605 3180 μὴ
626 3108 781 3177 φύσει
809 3108 1108 3180 λατρεύειν.
1136 3111 1257 3162 Οὐκ
1282 3108 1451 3183 ἔσται
1472 3107 1583 3177 γάρ
1614 3122 1733 3175 σοι,

162 3198 319 3271 φησὶ,
352 3200 495 3267 Θεὸς
516 3203 859 3269 πρόσφατος
878 3219 892 3232 ·
921 3202 1015 3255 καὶ
1049 3203 1077 3255 6
1105 3198 1364 3262 Hamae“
1383 3191 1577 3255 ⁴Αλλὰ
1606 3202 1738 3255 τότε

152 3289 309 3362 μὴν,
347 3294 457 3345 οὐκ
495 3291 718 3359 ειδότες
754 3292 922 3356 Θεὸν,
964 3294 1366 3347 ἐδουλεύσατε
1406 3295 1530 3359 τοῖς
1557 3295 1739 3363 φύσει

161 3382 277 3447 (98)
323 3382 410 3451 μὴ
440 3380 580 3438 οὖσι
617 3384 790 3450 θεοῖς.
824 3385 894 3438 Ἦ
930 3385 1146 3448 ἀσεϐεῖς
1186 3383 1294 3455 (99)
1337 3386 1387 3438 oi
1433 3382 1573 3437 οὕτω
1600 3386 1735 3457 Χρι-

162 3473 279 3544 στῷ
315 3473 666 3545 λατρεύοντες
690 3493 704 3507 ’
751 3468 784 3546 ἢ
829 3476 985 3545 φύσει
1019 3482 1113 3530 καὶ
1155 3476 1406 3547 ἀληθινὸς
1444 3476 1596 3541 Θεὸς,
1644 3478 1738 3531 κα)⁸

160 3566 430 3629 εὐσεϐεῖς.
452 3567 516 3620 Ei
540 3569 569 3620 6
610 3566 686 3637 (l)
723 3568 850 3631 Υίὸς
903 3568 1201 3639 ἐνέργημα,
1236 3569 1330 3621 καὶ
1381 3569 1442 3621 οὐ
1470 3568 1734 3639 γέννημα,

155 3655 287 3709 οὔτε
315 3658 343 3708 6
372 3658 689 3728 ἐνεργήσας,
707 3654 828 3710 οὕτε
858 3660 964 3730 μὴν
990 3660 1049 3712 τὸ
1081 3658 1369 3728 ὲνεργηθὲν
1403 3658 1564 3719 αὐτός
1592 3660 1738 3713 ἐστιν

160 3748 375 3819 (ἕτερον
406 3749 513 3820 γὰρ
549 3746 617 3819 ἦν
659 3750 692 3820 ὴ
735 3750 983 3821 ἐνέργεια
1017 3749 1169 3821 παρά
1212 3750 1428 3820 ταῦτα),
1465 3749 1601 3802 ἀλλά
1645 3750 1739 3803 καὶ

160 3840 566 3903 ἀνυπόστατος·
610 3840 833 3911 οὐδεμία
893 3842 999 3913 γὰρ
1044 3840 1296 3911 ἐνέργεια
1355 3841 1736 3902 ὲνυπόστατος.

156 3932 225 3985 EE
259 3931 318 3985 δὲ
350 3931 410 3984 τὸ
437 3932 748 4003 ὲνεργηθὲν,
775 3933 957 4003 τρίτος
999 3933 1063 3984 ὲκ
1089 3931 1320 4002 Πατρὸς,
1353 3933 1446 3984 καὶ
1477 3931 1576 3984 οὐκ
1605 3931 1741 4001 ἀμε-

160 4026 425 4090 σίτευτος.
478 4027 539 4078 ⁸0
587 4029 884 4097 ἐνεργήσας
933 4026 1042 4098 γὰρ
1069 4026 1304 4097 πρῶτος,
1357 4022 1476 4078 εἶτα
1519 4028 1552 4096 ἡ
1590 4026 1739 4095 ἐνέρ-

157 4134 306 4185 γεια,
339 4117 435 4172 καὶ
479 4115 621 4170 οὕτω
645 4116 704 4170 τὸ
735 4116 1048 4188 ὲνεργηθέν.
1078 4117 1141 4169 Εἰ
1186 4115 1476 4186 μονογενὴς
1516 4115 1545 4166 6
1588 4114 1736 4184 Υἱὸς,

156 4212 248 4267 διὰ
280 4213 341 4266 τὸ
366 4212 524 4282 μόνος
556 4215 620 4266 ὲκ
661 4211 820 4283 μόνου
853 4209 1208 4281 γεγεννῆσθαι
1235 4210 1309 4281 (2)
1335 4226 1350 4240 ·
1395 4210 1741 4280 μονόκτιστος

1840 557 2091 631 genitura
2119 565 2372 611 creatura
2405 562 2509 618 est,
2539 567 2648 609 non
2689 563 2941 608 creatura
2970 550 3138 605 Filius
3171 559 3274 616 est,
3307 566 3407 607 ne-

1840 665 1946 720 que
1969 650 2113 704 enim
2144 648 2392 719 genitura
2421 654 2508 700 est
2535 655 2595 699 ut
2625 644 2736 699 illa.
2765 641 2822 697 Si
2852 643 2991 697 Deus
3018 643 3274 712 pauciora
3302 658 3410 697 uno

1838 743 1979 799 Filio
2012 742 2244 797 condere
2285 754 2393 794 non
2435 746 2674 809 poterat,
2709 736 2851 805 quod
2897 745 3107 791 naturae
3152 749 3264 789 suae
3302 749 3410 790 non

1841 832 2138 889 convenit:
2175 831 2341 907 igitur
2389 843 2488 884 nec
2530 827 2699 883 Filius
2758 826 2954 883 condet
2996 825 3250 890 diversa,
3313 825 3410 880 sed

1841 932 2007 982 unum
2035 922 2180 993 quid.
2211 922 2269 977 Si
2300 922 2512 976 minora
2542 935 2573 974 a
2604 920 2810 973 minore
2830 927 3105 983 creantur,
3128 924 3182 972 et
3204 915 3411 985 majora

1841 1035 1871 1074 a
1906 1016 2138 1086 majore;
2189 1031 2286 1085 per
2346 1014 2546 1069 multos
2591 1026 2719 1083 ergo
2765 1022 2894 1066 sunt
2943 1020 3240 1074 creaturae,
3286 1024 3413 1064 cum

1841 1124 2031 1167 Omnes
2070 1123 2177 1161 non
2210 1107 2320 1161 sint
2364 1105 2619 1174 aequales.
2667 1104 2808 1158 Deus
2853 1102 2898 1157 si
2937 1102 3184 1156 conditor
3207 1111 3292 1156 est
3319 1116 3415 1154 na-

1841 1211 1985 1264 tura,
2014 1215 2119 1255 non
2153 1199 2315 1252 unius
2345 1196 2468 1261 erit,
2500 1196 2596 1251 sed
2621 1194 2936 1248 multorum.
2961 1194 3093 1248 Nam
3123 1194 3265 1247 aliud
3306 1208 3416 1247 non

1840 1303 1992 1349 creat
2019 1301 2112 1345 aut
2136 1288 2527 1355 imbecillitate,
2552 1296 2644 1341 aut
2683 1287 2881 1341 invidia
2918 1296 2974 1340 et
3013 1285 3196 1340 liv'ore.
3227 1284 3282 1339 Si
3312 1283 3418 1338 Pa-

1844 1382 1944 1436 tris
1973 1380 2213 1451 potentia
2246 1392 2342 1448 per
2370 1376 2562 1431 Filimn
2601 1376 2825 1441 creavit,
2865 1371 3028 1429 Pater
3065 1383 3281 1429 creator
3309 1383 3413 1438 est,

1843 1488 1949 1527 non
2003 1471 2212 1535 Filius,
2265 1466 2717 1538 quemadmodum
2772 1481 2950 1536 neque
2996 1465 3417 1520 instrumentum

1843 1564 2037 1619 artifex
2078 1573 2180 1619 est.
2225 1562 2344 1617 Non
2387 1570 2471 1617 est
2517 1561 2682 1632 igitur
2725 1576 2813 1615 res
2858 1561 3114 1615 humilior
3151 1577 3314 1631 quam
3356 1569 3419 1615 ut

1844 1656 1992 1712 Patri
2040 1656 2360 1720 conveniat,
2413 1668 2601 1709 creare
2645 1668 2764 1722 qua!
2807 1653 2949 1708 facta
2994 1664 3121 1709 sunt
3174 1670 3204 1709 a
3256 1654 3411 1709 Filio.

1846 1748 1903 1803 Si
1961 1756 2335 1803 creaturantm
2382 1745 2712 1801 creationem
2765 1759 2860 1814 per
2915 1760 2976 1800 se
3032 1746 3215 1800 facere
3271 1746 3416 1803 Deus

1841 1839 2092 1905 erubuit,
2150 1838 2314 1894 etiam
2384 1836 2675 1907 glorilicari
2731 1836 2799 1890 ab
2851 1836 2957 1891 illis
3010 1851 3118 1891 non
3165 1838 3414 1892 sustinet.

1841 1932 1974 1999 Qua:
2045 1931 2188 1986 enim
2266 1929 2443 1985 facere
2521 1928 2912 1994 erubescebat,
2983 1940 3048 1982 ea
3118 1928 3207 1983 ubi
3274 1927 3418 1983 facta

1842 2024 2076 2088 fuerint,
2140 2038 2237 2077 sua
2298 2021 2477 2091 putari
2533 2020 2699 2074 nolet.
2757 2018 2813 2074 Si
2869 2021 3008 2075 idem
3065 2029 3182 2083 est,
3247 2020 3417 2075 Deum

1841 2128 2032 2172 creare
2074 2121 2130 2169 et
2180 2126 2462 2184 generare,
2510 2111 2766 2180 quoniam
2816 2110 3044 2178 simplex
3092 2120 3223 2164 est:
3273 2110 3416 2164 idem

1839 2208 2001 2262 etiam
2035 2206 2159 2267 erit,
2194 2218 2415 2258 servare
2461 2213 2517 2257 et
2564 2201 2815 2271 perdere,
2845 2201 3121 2256 viviﬁcare
3160 2209 3214 2256 et
3251 2200 3417 2272 287

1840 2298 2109 2353 occidere.
2139 2295 2293 2363 Quod
2343 2296 2389 2350 si
2432 2296 2504 2348 ita
2544 2303 2648 2359 est,
2705 2294 2871 2364 igitur
2906 2292 3049 2348 salus
3082 2302 3135 2347 et
3165 2293 3415 2360 perditio,

1839 2399 1893 2444 et
1931 2390 2038 2442 vita
2068 2395 2122 2441 et
2162 2402 2309 2441 mors
2339 2386 2480 2439 idem
2510 2396 2653 2441 sunt.
2690 2385 2745 2439 Si
2776 2385 3026 2440 Christus
3069 2384 3307 2452 potentia
3344 2398 3412 2438 ac

1838 2477 2104 2546 sapientia
2158 2476 2248 2530 Dei
2284 2483 2367 2529 est
2408 2476 2476 2539 ⁷⁸,
2527 2475 2641 2528 haec
2674 2483 2856 2528 autem
2897 2474 3133 2528 increata
3182 2481 3309 2527 sunt
3351 2486 3418 2527 ac

1840 2579 2106 2626 comterna
2135 2568 2243 2623 Deo
2270 2570 2400 2637 (non
2427 2568 2569 2622 enim
2614 2566 2714 2620 fuit
2759 2580 2995 2632 unquam
3035 2565 3298 2635 insipiens
3320 2573 3415 2618 aut

1840 2659 2127 2735 impotens)
2163 2678 2177 2715 :
2212 2662 2483 2714 increatus
2506 2668 2587 2712 est
2616 2658 2883 2720 Christus,
2921 2667 2976 2711 et
3015 2671 3120 2710 una
3147 2669 3266 2710 cum
3303 2652 3416 2708 Deo

1838 2764 2076 2809 aeternus
2103 2767 2116 2803 :
2139 2752 2221 2806 sin
2268 2759 2475 2812 autem,
2509 2758 2773 2816 quatenus
2804 2756 2885 2801 est
2926 2747 3189 2816 operatio,
3216 2745 3417 2800 dicitur

1839 2844 2078 2914 potentia
2126 2852 2180 2895 et
2213 2840 2475 2910 sapientia
2527 2839 2617 2892 Dei
2648 2856 2662 2892 ε
2698 2852 2796 2892 nos
2841 2852 3056 2906 quoque
3088 2835 3326 2904 potentia
3361 2843 3416 2889 et

1840 2929 2102 3007 sapientia
2143 2932 2352 2988 Domini
2405 2930 2508 2985 dici
2543 2944 2830 3000 possumus
2860 2928 3001 2982 haud
3048 2927 3203 2980 aliter
3248 2937 3414 2993 atque

1838 3031 1976 3100 ipse,
2020 3028 2136 3082 Dei.
2182 3025 2288 3081 Sed
2333 3025 2437 3078 hoc
2487 3022 2780 3077 absurdum
2834 3027 2936 3074 est.
2978 3018 3035 3072 Si
3078 3017 3244 3071 Filius
3274 3018 3413 3071 Deus

1836 3131 2072 3178 aeternus
2095 3133 2202 3174 non
2243 3126 2341 3176 est,
2375 3115 2480 3169 erit
2514 3111 2825 3168 necessario
2852 3123 3046 3165 recens
3069 3123 3080 3157 ε
3102 3109 3148 3162 εἰ
3180 3122 3284 3162 non
3316 3121 3411 3161 ve-

1837 3229 1951 3277 rus,
1981 3212 2143 3266 falsus
2169 3209 2248 3263 :si
2273 3223 2376 3262 non
2412 3216 2625 3269 natura,
2657 3204 2962 3273 adoptione.
3007 3202 3293 3269 lmpiorum
3322 3215 3411 3253 au-

1839 3315 1946 3360 tem
1984 3313 2068 3360 est
2108 3310 2352 3356 recentes
2383 3309 2435 3354 et
2480 3297 2644 3353 falsos
2687 3311 2785 3351 uec
2821 3307 3010 3348 natura
3049 3294 3179 3365 deos
3208 3292 3407 3346 colere.

1839 3396 1964 3450 Non
2006 3396 2141 3448 enim
2168 3394 2264 3446 erit
2292 3393 2407 3458 tibi,
2433 3392 2629 3460 inquit,
2675 3388 2811 3442 Deus
2862 3402 3036 3441 recens
3060 3386 3127 3439 ⁷⁸.
3172 3385 3237 3438 Ει
3268 3383 3411 3438 Pau-

1838 3489 1923 3542 lus
1956 3504 1969 3540 :
2000 3485 2101 3540 Sed
2148 3494 2270 3538 tunc
2309 3484 2516 3549 quidem
2560 3483 2861 3548 ignorantes
2909 3480 3094 3542 Deum,
3128 3478 3411 3532 servivistis

1837 3580 1926 3641 iis,
1950 3578 2036 3646 qui
2076 3585 2267 3628 natura
2314 3591 2420 3626 non
2448 3583 2567 3626 sunt
2608 3571 2766 3624 dii".
2808 3570 2915 3624 Aut
2954 3570 3101 3637 impii
3150 3579 3277 3624 sunt
3319 3568 3411 3640 qui

1838 3668 2109 3723 Christum
2140 3666 2218 3719 sic
2247 3665 2430 3718 colunt
2464 3680 2476 3714 :
2503 3672 2596 3716 aut
2630 3672 2819 3716 natura
2852 3670 2907 3715 et
2948 3676 3107 3714 verus
3142 3660 3280 3714 Deus
3308 3668 3412 3723 est,

1838 3773 2002 3830 atque
2025 3761 2158 3813 adeo
2183 3758 2275 3828 pii.
2313 3757 2369 3811 Si
2392 3755 2563 3811 Filius
2591 3754 2835 3821 operatio
2864 3762 2969 3818 est,
2999 3766 3105 3806 non
3142 3751 3413 3820 genitura,

1839 3868 2016 3920 neque
2048 3850 2140 3921 qui
2167 3859 2425 3918 operatus
2472 3856 2577 3910 est,
2620 3861 2796 3915 neque
2823 3859 2958 3913 opus
2987 3843 3159 3912 ipsum
3188 3843 3304 3912 ipse
3331 3850 3416 3896 est

1841 3941 2007 4014 (aliud
2052 3941 2196 3994 enim
2252 3950 2335 3993 est
2390 3938 2633 4006 Operatio
2670 3945 2863 4004 praeter
2900 3932 3075 4005 haec):
3116 3933 3211 3987 sed
3247 3932 3413 3985 etiam

1840 4050 1944 4089 non
1973 4028 2251 4096 subsistit:
2287 4029 2434 4084 nulia
2470 4030 2611 4083 enim
2637 4026 2888 4081 subsistit
2912 4024 3177 4092 operatio.
3197 4021 3253 4077 Si
3286 4036 3414 4076 vero

1838 4139 1973 4193 opus
2008 4125 2182 4194 ipsum
2210 4131 2315 4185 est,
2338 4119 2529 4174 tertius
2559 4133 2587 4173 a
2618 4117 2796 4181 Patre,
2813 4132 2919 4170 non
2950 4115 3290 4170 immediatus
3306 4121 3409 4167 est.

1840 4216 1942 4283 Qui
1969 4217 2112 4271 enim
2143 4221 2399 4283 operatus
2426 4221 2537 4274 est,
2569 4211 2778 4277 primus
2820 4217 2906 4264 est
2939 4223 2953 4260 :
2984 4207 3174 4261 deinde
3219 4218 3414 4274 Opera-

157 4304 495 4378 κυριώτερον
520 4304 585 4358 ἂν
613 4304 843 4374 λέγοιτο,
874 4303 1079 4373 κτίσμα
1114 4303 1211 4375 μὲν
1238 4301 1451 4371 ἀληθῶς
1486 4303 1605 4355 κατ’
1632 4302 1734 4353 Εὐ-

1844 4308 1937 4373 tio,
1970 4316 2078 4361 tum
2102 4305 2315 4360 demum
2339 4318 2496 4371 opus.
2522 4301 2578 4356 Si
2610 4300 2777 4356 Filius
2808 4297 3114 4369 unigenitus
3139 4307 3241 4363 est,
3267 4296 3412 4366 quod

155 4397 347 4467 νόμιον
373 4396 470 4461 ὢν,
507 4395 752 4467 γέννημα
792 4395 848 4448 δὲ
880 4395 1245 4466 ψευδωνύμως
1286 4394 1637 4466 καλούμενος.
1668 4395 1732 4447 El

1839 4400 1987 4456 solus
2010 4413 2041 4451 a
2069 4396 2184 4451 solo
2224 4397 2439 4465 genitus
2474 4403 2580 4457 est,
2614 4394 2926 4448 nnicreatus
2974 4391 3144 4459 magis
3193 4390 3411 4459 proprie

154 4488 185 4541 6
218 4487 349 4550 Υἱὸς
377 4486 763 4558 δημιούργημα
793 4483 884 4540 τοῦ
925 4487 1135 4557 Πατρὸς
1167 4486 1343 4556 μόνος,
1374 4485 1442 4539 τὰ
1470 4485 1526 4539 δὲ
1556 4485 1733 4539 πάντα

1844 4491 2105 4546 diceretur
2130 4506 2145 4554 ;
2182 4502 2302 4543 cum
2331 4491 2625 4542 secundum
2657 4485 2974 4539 Eunomium
3000 4498 3126 4538 vere
3156 4492 3406 4537 creatura

154 4577 255 4633 τοῦ
281 4575 433 4645 Υἱοῦ,
464 4577 655 4647 εἰπὼν,
695 4577 773 4633 Τὰ
826 4579 937 4648 ἐμὰ
969 4577 1165 4631 πάντα
1201 4576 1284 4631 σά
1310 4579 1463 4642 ἐστι,
1506 4577 1730 4631 δυνατὸν

1844 4582 1927 4646 sit,
1968 4579 2104 4635 falso
2134 4589 2312 4633 autem
2354 4577 2572 4632 nomine
2602 4575 2850 4645 genitura
2881 4581 3120 4626 vocetur.
3148 4571 3203 4626 Si
3237 4570 3407 4625 Filius

156 4670 335 4722 εἰπεῖν
358 4685 371 4699 ·
407 4668 701 4738 ἐπαγαγὼν
744 4669 819 4733 δὲ,
868 4669 976 4722 Καὶ
1015 4668 1088 4722 τὰ
1117 4667 1199 4722 σὰ
1225 4668 1358 4743 ἐμὰ,
1406 4669 1526 4721 κατ’
1570 4667 1734 4721 Εὐνό-

1844 4669 1984 4727 solus
2007 4677 2257 4724 creatura
2288 4665 2469 4721 Patris
2498 4675 2601 4732 est,
2643 4664 2847 4734 reliqua
2886 4677 3017 4717 vero
3035 4663 3235 4726 omnia,
3260 4659 3404 4728 Filii,

233 4843 315 4897 "l
344 4842 471 4898 Cor.
504 4857 542 4907 l,
578 4841 670 4896 24.
748 4841 794 4872 ⁷⁸
825 4840 969 4903 Psal.
1002 4856 1168 4907 Lxxx,
1206 4840 1293 4893 10.
1366 4840 1413 4872 ⁷⁷
1439 4838 1559 4895 Gal.
1592 4856 1667 4907 tv,
1690 4839 1743 4895 8.

1910 4992 2022 5063 (97)
2054 4989 2223 5063 Editi_
2249 4987 2545 5063 lsydpeeat.
2580 4988 2763 5063 Codett
2796 5000 2933 5063 unus
2963 4982 3406 5063 λεγώμεθα-Αἰξί

233 4998 347 5067 (93)
374 4998 511 5051 Ειιίιί
556 4997 788 5068 ἠδύνατο
837 4994 974 5066 πλὴν
995 5032 1000 5036 -
1020 4994 1135 5048 τοῦ.
1177 4994 1329 5058 Illud,
1354 4993 1518 5065 πλήν,
1547 4994 1598 5047 in
1631 5009 1731 5047 uo-

1838 5055 1946 5117 duo
1980 5055 2290 5132 λεγοίμεθα.
2323 5055 2547 5128 Ᾱὶιιίῳιί
2579 5059 2684 5112 duo
2710 5058 2829 5111 libri
2854 5071 2949 5127 pro
2975 5055 3178 5126 Κυρίου
3209 5055 3407 5110 habent

158 5070 292 5131 stris
321 5077 525 5133 septem
559 5083 691 5121 mss.
721 5068 890 5119 deest.

231 5137 346 5204 (94)
381 5131 612 5192 Codices
653 5148 762 5190 tres
794 5137 823 5187 ὁ
855 5134 982 5198 Υἱὸς
1010 5133 1138 5204 ἄρα.
1174 5133 1288 5188 Vox
1322 5134 1430 5204 ἄρα
1473 5149 1644 5202 neque
1676 5132 1729 5188 in

1844 5131 2098 5204 XPWWU:

158 5192 284 5265 aliis
312 5192 467 5271 ιίιεε..
488 5221 664 5273 neque
691 5206 744 5259 in
767 5206 930 5258 editis
953 5192 1168 5274 legitur.
1220 5273 1226 5274 γ
1363 5192 1375 5204 ’
1540 5192 1573 5274 γ’

1893 5192 2027 5274 Ϊ(98ξ
2054 5198 2414 5274 CodexUColh.
2446 5195 2807 5274 εΛατρεύσατε
2838 5198 2952 5258 τοῖς
2982 5193 3161 5264 φύσει.
3204 5192 3404 5250 Ibidem

118 5290 119 5293 ‘
182 5264 185 5265 ν
231 5277 343 5348 (95)
373 5264 551 5331 Editio
573 5264 742 5340 Paris.
768 5264 1038 5348 τεχνίτηᾷ
1062 5269 1171 5348 Ἦν
1195 5273 1310 5348 ἀρα
1326 5272 1729 5348 ταπεινότερον.

1844 5264 2034 5348 editij
2057 5269 2277 5348 ἀσεϐεῖς
2307 5264 2399 5348 ούν
2427 5268 2496 5348 οἰ..

1913 5328 2034 5412 (99)
2057 5328 2283 5412 Veteres
2316 5342 2422 5412 duo
2473 5335 2597 5412 libri
2632 5335 2704 5388 Ἦ
2735 5328 2828 5389 οὖν
2864 5335 3099 5399 ἀσεϐεῖς.
3132 5333 3281 5389 Libri
3310 5347 3404 5389 ve-

1840 5407 2094 5467 tustiores
2116 5409 2189 5463 Ἦ
2210 5407 2427 5470 ἀσεϐεῖς
2454 5407 2525 5459 οἱ.

1910 5480 1983 5553 (1)
2018 5481 2147 5548 Reg.
2178 5479 2375 5553 tertius
2397 5474 2648 5553 ἀληθινὸς
2851 5475 2973 5553 ,καί
2988 5472 3221 5553 ἀψευδῆ-ς
3258 5474 3307 5553 εί
3333 5473 3404 5527 οἱ.

1838 5543 1976 5620 Reg.
2008 5543 2468 5620 seCilndllS‘Q'JO'Et
2490 5543 2611 5599 ’καὶ
2653 5543 2907 5620 ἀληθινὸς
2937 5546 3086 5620 Θεὸς,
3116 5544 3230 5620 καὶ.
3253 5543 3408 5597 εὐσε-

1840 5614 1970 5683 ϐῶν,
2024 5629 2071 5672 et
2116 5620 2213 5671 hoc
2255 5614 2460 5684 piorum
2501 5626 2598 5668 est.
2648 5614 2790 5670 Editi
2823 5631 2944 5673 cum
2974 5615 3107 5687 Reg.
3141 5614 3331 5686 quinto
3351 5624 3404 5670 et

1840 5708 1961 5749 cum
1990 5688 2144 5744 Colb.
2175 5689 2250 5741 uti
2280 5688 2333 5741 in
2370 5695 2648 5739 contextu.

1915 5759 1990 5832 (2)
2017 5757 2147 5830 Reg.
2180 5757 2371 5815 tertius
2394 5754 2742 5827 γεγενῆσθαι.

156 5338 433 5403 Διόοέιτί
458 5338 661 5415 septem
692 5338 1118 5415 ιιιεείτεχνίτης.
1142 5338 1258 5399 Οὐδὲ
1280 5344 1388 5415 ἄρα
1414 5338 1506 5397 οὖν
1540 5338 1735 5396 ταπει-

158 5417 403 5541 ἶρτερον,
433 5425 489 5471 ει
516 5417 591 5471 ita
625 5413 852 5470 Ducaeus
877 5413 1200 5484 jampridem
1244 5413 1627 5470 ettiendaverat
1664 5426 1732 5467 ex

208 5501 507 5541 enrtctano.

208 5501 507 5541 Blll‘lClallO.

231 5558 345 5627 (96)
386 5556 525 5627 Editi
568 5554 1023 5627 drgoxssiveteri
1067 5553 1138 5627 δὲ
1165 5553 1323 5627 τοῦτο
1374 5551 1733 5627 ταύτὸνηᾶρα

157 5623 254 5680 καῖ
296 5623 559 5695 σωτηρία.
614 5626 795 5695 Codex
842 5624 989 5695 Colb.
1024 5634 1078 5675 et
1107 5624 1260 5692 Regii
1292 5636 1403 5678 tres
1440 5637 1567 5695 mss.
1600 5623 1733 5675 ἀπο-

158 5696 410 5750 κτείνειν.
431 5692 510 5748 Ἑί
552 5695 608 5748 δὲ
643 5693 802 5747 τοῦτο
826 5734 839 5756 ,
872 5693 1068 5747 ταύτὸν
1100 5695 1206 5763 ἄρα
1243 5695 1503 5764 σωτηρία,
1551 5692 1688 5749 bene
1720 5715 1731 5749 ι

159 5767 250 5822 ubi
285 5773 441 5822 notes
470 5764 627 5822 velim
660 5765 1170 5834 interpunctimzem.
