3822 6216
388 266 488 325 69!

1705 282 1762 338 S.
1807 283 2059 341 BASlLlI‘
2084 283 2299 342 MAGNI

3552 278 3653 333 692

384 402 509 444 cum
556 390 689 445 dixit
719 408 733 444 :
763 391 889 447 Mea
929 398 1103 448 omnia
1147 406 1237 449 tua
1291 409 1411 452 sunt
1450 401 1517 466 "',
1553 401 1707 457 licuit
1736 403 1961 459 dicere:

2104 425 2190 461 ,ιον
2212 404 2395 460 οὐκέτι
2430 403 2628 467 καλῶς.
2660 403 2827 467 Αὐτὸς
2856 404 2965 474 γὰρ
2997 402 3190 457 ἑαυτοῦ
3217 397 3356 455 εἶναι
3380 401 3509 455 οὐκ
3528 398 3659 469 ἡδέι

386 483 481 537 sed
508 498 628 536 cum
656 486 859 538 addidit
886 506 897 541 :
929 488 994 540 Et
1030 496 1120 541 tua
1167 505 1280 543 mea
1303 492 1370 555 ⁷⁸,
1407 509 1516 546 non
1557 496 1788 564 amplius
1817 507 1961 552 recte

387 576 683 628 secundum
711 576 1056 634 Eunomium.
1096 579 1228 636 Nam
1266 584 1379 653 ipse
1407 585 1487 638 sui
1513 585 1681 652 ipsius
1711 599 1831 640 esse
1854 600 1959 639 non

390 666 825 737 paternumque
850 672 1137 728 manifeste
1162 678 1493 745 comperitur
1529 679 1595 731 de
1617 679 1855 747 ipsorum
1885 678 1962 732 si—

2065 514 2211 549 νατο.
2247 494 2496 549 Φαίνεται
2520 489 2635 557 οὖν,
2669 494 2750 545 ὅτι
2778 493 2906 563 περὶ
2948 493 3044 562 τῆς
3071 493 3384 563 ὁμοιότητος
3420 490 3530 543 καὶ
3561 488 3660 559 τῆς

2068 585 2210 639 κατὰ
2256 585 2433 638 πάντα
2476 581 2893 653 ἀπαραλλάκτου
2935 582 3030 634 καὶ
3068 580 3258 652 ὁμοίας
3310 582 3518 643 οὐσίας
3566 581 3665 632 αὺ-

2067 678 2194 740 τῶν,
2222 677 2283 729 οὐ
2314 676 2440 746 περ)⁵
2473 674 2785 744 κτισμάτων
2809 673 3126 743 διαλεχθείς.

388 755 710 823 militudine,
739 762 912 832 deque
950 764 1251 821 substantia
1297 767 1350 821 in
1386 768 1641 824 omnibus
1662 766 1960 838 quamlibet
1990 765 2351 822 diﬂ‘erentiatn
2383 767 2703 820 excludet-te
2776 780 2842 819 ac
2882 765 3065 832 simili,
3103 780 3211 820 non
3273 766 3339 821 de
3375 763 3673 819 creaturiB

387 850 599 909 locutus
626 854 813 912 fuisse.

459 953 514 1006 Ξ.
545 954 601 1008 Si
637 955 778 1009 Deus
807 954 1060 1010 similiter
1080 968 1229 1013 creat
1253 968 1308 1013 et
1348 971 1590 1030 generat,
1623 961 1872 1017 Christus
1901 960 1969 1015 si—

396 1042 598 1098 militer
634 1052 690 1100 et
725 1056 941 1100 creator
978 1057 1160 1102 noster
1194 1059 1250 1103 et
1282 1050 1438 1105 Pater
1463 1062 1547 1107 est
1571 1068 1585 1104 :
1609 1060 1694 1106 est
1728 1067 1963 1121 namque

393 1133 557 1199 Deus,
600 1149 699 1190 nec
739 1150 875 1205 Opus
903 1148 986 1193 est
1018 1137 1117 1207 ipsi
1147 1154 1209 1194 ea
1245 1156 1364 1209 qua
1406 1157 1501 1210 per
1556 1141 1814 1210 Spiritum
1843 1157 1970 1196 san-

395 1232 539 1277 ctum
570 1226 629 1279 iit
657 1224 982 1295 adoptione;
1040 1232 1493 1299 quemadmodum
1534 1250 1636 1289 nec
1662 1250 1797 1303 opus
1843 1235 1967 1301 fuit,

396 1322 455 1367 ut
482 1328 577 1383 per
604 1314 769 1369 alium
794 1318 1103 1387 quempiam
1125 1331 1388 1375 creatum
1409 1322 1578 1389 ipsius
1600 1321 1726 1376 facti
1753 1324 1925 1376 simus
1950 1337 1962 1372 :

2141 954 2195 1007 ‘2.
2233 954 2296 1004 Ei
2341 951 2471 1014 Θεὸς
2502 952 2702 1021 ὁμοίως
2727 951 2898 1015 κτίζει
2946 952 3039 1003 καὶ
3082 950 3266 1020 γεννᾷ,
3309 948 3527 1018 ὁμοίως
3574 943 3674 999 καὶ

2070 1046 2296 1115 κτίστης
2317 1043 2472 1114 ἡμῶν
2506 1045 2599 1097 καὶ
2622 1044 2813 1114 Πατήρ
2829 1045 2974 1095 ἐστιν
3007 1046 3035 1095 ὁ
3060 1041 3294 1113 Χριστός
3312 1058 3326 1070 ·
3349 1041 3491 1102 Θεὸς
3525 1039 3669 1107 γὰρ,

2070 1136 2162 1190 καὶ
2195 1136 2257 1188 οὐ
2286 1134 2444 1204 χρεία
2475 1134 2551 1204 (5)
2599 1134 2698 1204 τῆς
2723 1133 2809 1187 διὰ
2851 1132 2945 1186 τοῦ
2997 1133 3150 1202 ἁγίου
3180 1132 3509 1203 Πνεύματος
3545 1132 3672 1183 υἱο-

2069 1228 2255 1289 Θεσίας
2276 1242 2291 1255 ·
2331 1225 2519 1295 ὥσπερ
2545 1225 2666 1278 οὐδὲ
2705 1224 2799 1277 τοῦ
2840 1224 2906 1278 δι’
2940 1223 3097 1277 ἄλλου
3143 1224 3288 1287 τινὸς
3320 1220 3673 1293 γεγενῆσθαι

2069 1319 2217 1388 ἡμᾶς
2235 1316 2400 1370 αὑτοῦ
2429 1317 2702 1386 κτίσματα
2721 1333 2734 1346 ·
2771 1315 2945 1369 καίτοι
2983 1331 3039 1383 γε
3066 1314 3236 1368 πολλὰ
3266 1315 3375 1367 τῶν
3418 1312 3677 1383 κτισμά-

395 1404 694 1471 ῃιτιιεοτιίιη
731 1420 853 1460 cum
893 1418 1159 1463 creatura:
1200 1411 1379 1464 multze
1413 1427 1485 1465 ne
1515 1413 1583 1465 ita
1625 1412 1841 1481 quidem
1875 1426 1970 1465 na-

2104 1426 2178 1461 ων
2210 1407 2329 1460 οὐδὲ
2374 1407 2435 1459 τὸ
2465 1407 2567 1476 τῆς
2614 1406 2885 1469 υἱοθεσίας
2922 1406 3134 1477 πνεῦμα
3173 1405 3334 1475 φύσιν
3355 1404 3473 1476 ἔχει
3511 1404 3678 1474 δέχε-

397 1503 520 1547 tura
548 1507 874 1565 comparata:
901 1499 1010 1554 siut
1045 1508 1105 1553 ut
1139 1501 1385 1569 spiritum
1425 1502 1693 1569 accipiant
1722 1502 1970 1571 ad0ptio—

2104 1500 2216 1563 θαι,
2240 1501 2315 1562 ὡς
2344 1500 2409 1552 τὰ
2436 1499 2603 1567 ἄλογα
2631 1499 2723 1552 καὶ
2742 1498 2809 1551 τὰ
2841 1498 3039 1568 ἄψυχα.
3076 1499 3137 1550 Εἰ
3166 1500 3343 1569 ἡμεῖς,
3376 1498 3677 1566 κτίσματα

398 1586 503 1650 nis,
539 1586 700 1640 veluti
730 1587 888 1641 bruta
927 1596 980 1642 et
1006 1589 1322 1643 inanimata.
1351 1590 1405 1644 Si
1454 1607 1552 1645 nos
1582 1591 1674 1658 qui
1709 1600 1970 1645 creaturae

2104 1607 2240 1653 ντες,
2274 1589 2365 1642 διὰ
2420 1590 2518 1661 τῆς
2546 1589 2640 1642 τοῦ
2675 1588 2826 1658 ἁγίου
2874 1588 3187 1660 Πνεύματος
3228 1589 3506 1652 υἱοθεσίας
3558 1588 3675 1641 υἱοὶ

398 1692 603 1743 sumus,
629 1694 722 1747 per
745 1679 978 1747 Spiritus
998 1682 1171 1735 sancti
1202 1683 1541 1751 adoptionem
1564 1683 1826 1737 eﬂicituur
1855 1684 1969 1749 lilii,

2104 1680 2354 1752 ἰνόμεθα,
2385 1681 2718 1749 λεγέτωσαν,
2748 1684 2797 1734 εί
2834 1682 2926 1734 καὶ
2951 1684 2980 1735 6
3008 1682 3135 1744 Υἱὸς
3162 1682 3364 1752 κτίσμα
3398 1682 3543 1743 ἐστὶ,
3578 1681 3676 1733 διὰ

397 1767 577 1823 dicant
603 1772 646 1823 si
672 1769 840 1826 Filius
874 1773 1035 1828 etiam
1064 1785 1315 1827 creatura
1344 1785 1449 1837 est.
1472 1791 1567 1845 per
1591 1790 1751 1846 quem
1781 1777 1834 1830 in
1867 1775 1972 1829 Pa-

400 1861 499 1914 tris
546 1862 886 1931 adoptionem
936 1866 1297 1933 pervenerit?
1345 1868 1401 1921 Si
1433 1882 1767 1938 quaecunque
1814 1868 1977 1923 habet

400 1950 582 2013 Pater.
610 1953 727 2008 Filii
756 1968 970 2024 quoque
993 1968 1138 2020 sunt,
1158 1973 1259 2012 nec
1290 1959 1584 2029 quidquam
1614 1960 1772 2016 habet
1796 1959 1972 2025 Pater,

402 2053 597 2110 praeter
628 2058 691 2096 ea
721 2059 839 2113 quae
866 2061 962 2114 per
987 2046 1183 2101 Filium
1212 2046 1349 2102 facta
1377 2059 1524 2112 sunt,
1556 2048 1657 2102 nisi
1681 2051 1974 2102 secundum

401 2147 514 2196 eos,
537 2135 708 2201 ipsum
734 2135 942 2201 solum;
968 2138 1131 2191 etiam
1158 2140 1275 2206 ipse
1302 2140 1536 2208 seipsutn
1566 2141 1764 2194 habere
1790 2141 1971 2194 debet:

403 2225 543 2293 quod
573 2224 686 2279 ﬁeri
716 2242 820 2280 non
864 2240 1063 2297 potest.
1092 2230 1147 2284 Si
1182 2231 1358 2301 imago
1388 2232 1609 2285 omnino
1642 2233 1837 2285 similis
1867 2244 1970 2295 est,

403 2326 564 2387 prout
595 2318 773 2387 imago
808 2331 889 2374 est
915 2322 1112 2376 Filius:
1140 2333 1385 2375 creatura
1409 2331 1586 2375 autem
1621 2322 1754 2375 nihil
1783 2324 1975 2378 similis

403 2410 657 2473 creatori,
703 2412 809 2466 imo
861 2414 913 2466 in
972 2414 1225 2469 omnibus
1286 2414 1596 2480 dissimilis;
1641 2414 1806 2467 Filius
1852 2430 1974 2469 cum

405 2500 580 2570 imago
612 2505 683 2555 sit
716 2501 913 2571 Patris,
941 2516 1189 2560 creatura
1240 2506 1356 2574 ejus
1400 2522 1519 2560 esse
1552 2522 1656 2561 non
1693 2516 1887 2575 potest.
1919 2507 1976 2561 Si

405 2592 823 2661 incorporeum,
875 2613 996 2650 cum
1046 2608 1303 2667 generat,
1359 2599 1669 2652 necessario
1720 2608 1975 2667 tanquam

2073 1773 2219 1836 τίνος
2260 1774 2340 1835 είς
2374 1771 2643 1825 υἱοθεσίαν
2690 1772 2784 1826 τοῦ
2830 1774 3044 1843 Ila-cpe;
3085 1773 3337 1841 ὲγὲνετο;
3371 1774 3439 1825 Ei
3477 1773 3674 1825 πάντα

2073 1864 2175 1918 ὅσα
2208 1863 2320 1934 ἔχει
2352 1864 2381 1915 6
2416 1864 2624 1933 Πατὴρ,
2665 1863 2880 1917 καὶτοῦ
2914 1864 3048 1917 Υίοῦ
3095 1865 3261 1929 ἐστιν,
3291 1865 3447 1917 οὐδὲν
3482 1865 3541 1917 δὲ
3588 1864 3669 1935 (εί)

2076 1955 2189 2026 ἔχει
2221 1956 2250 2008 6
2275 1954 2463 2025 Πατὴρ
2501 1955 2670 2025 χωρὶς
2697 1953 2805 2007 τῶν
2834 1954 2921 2007 διὰ
2951 1952 3045 2007 τοῦ
3071 1953 3200 2007 Υἱοῦ
3232 1954 3571 2023 γενομένων,
3616 1956 3667 2005 εί

2079 2049 2175 2119 μὴ,
2227 2048 2347 2101 κατ’
2401 2048 2618 2111 αὐτοὺς,
2670 2047 2833 2101 αὑτὸν
2879 2048 3038 2118 μόνον
3061 2065 3074 2078 ·
3125 2048 3219 2101 καὶ
3260 2047 3425 2110 αὐτὸς
3466 2045 3667 2099 ἑαυτὸν

2076 2142 2222 2212 ἔχειν
2268 2141 2504 2210 ὀφείλει·
2539 2142 2674 2211 ὅπερ
2716 2141 2994 2196 ἀδύνατον.
3040 2141 3101 2194 Ei
3138 2143 3171 2211 ἡ
3226 2140 3390 2193 εἰκὼν
3438 2140 3666 2201 πάντως

2075 2233 2259 2303 ὁμοία,
2292 2231 2573 2285 καθοτιοῦν
2609 2232 2685 2301 (5)
2711 2234 2738 2285 6
2769 2231 2883 2294 υἱός
2910 2234 3057 2284 ἐστιν
3091 2230 3252 2284 εἰκών
3275 2249 3288 2260 ·
3319 2234 3352 2301 ἡ
3390 2233 3448 2284 δὲ
3478 2232 3667 2291 κτίσις

2077 2326 2196 2377 κατ’
2216 2323 2367 2376 οὐδὲν
2398 2323 2557 2393 ὁμοία
2585 2323 2661 2393 τῷ
2687 2323 2953 2385 κτίσαντι,
2985 2322 3119 2376 ἀλλὰ
3151 2321 3294 2375 κατὰ
3339 2323 3517 2375 πάντα
3563 2322 3664 2374 ἀν·-

2078 2417 2294 2487 όμοιοςο
2337 2415 2498 2468 εἰκὼν
2519 2414 2593 2469 ὢν
2616 2414 2709 2468 τοῦ
2732 2415 2944 2486 Πατρδς
2969 2417 2997 2468 6
3020 2414 3166 2477 Υἱὸς,
3207 2414 3307 2466 οὐκ
3330 2413 3395 2466 ἂν
3421 2412 3503 2484 εἴη
3542 2411 3669 2465 κτί-

2080 2524 2163 2571 σις
2189 2505 2374 2561 αὐτοῦ.
2408 2507 2469 2558 Εἰ
2486 2506 2545 2558 τὸ
2566 2506 2873 2575 ἀσώματον,
2896 2505 3119 2575 γεννῶν,
3152 2506 3367 2578 ἀνάγκῃ
3384 2505 3473 2569 ,ὡς
3495 2505 3667 2574 σῶμα

2077 2595 2242 2664 γεννᾷ
2261 2610 2274 2624 ·
2307 2593 2404 2647 καὶ
2434 2594 2647 2664 βλέπον,
2676 2596 2751 2658 ὡς
2774 2595 2933 2665 σῶμα
2968 2595 3148 2665 βλέψει
3177 2595 3251 2665 (6)
3272 2611 3287 2625 ·
3316 2596 3411 2648 καὶ
3436 2593 3667 2659 ἀκοῦον,

405 2699 722 2754 corporeum
751 2697 993 2755 generat,
1019 2690 1179 2743 etiam
1221 2705 1340 2743 cum
1371 2690 1538 2754 videt,
1577 2691 1743 2760 233
1777 2692 1979 2745 videbit

2104 2686 2155 2748 υς
2189 2685 2348 2755 σῶμα
2378 2684 2636 2738 ἀκούσει·
2675 2686 2767 2738 καὶ
2815 2687 2997 2738 πᾶσαν
3032 2686 3311 2757 ἐνέργειαν
3360 2685 3439 2747 ὡς
3497 2685 3669 2755 σῶμα

409 2784 665 2846 tanquam
690 2793 920 2848 corpus;
952 2790 1005 2834 et
1028 2797 1148 2835 cum
1175 2780 1544 2847 audil,audiet
1576 2796 1829 2850 tanquam
1861 2799 1979 2836 cor—

2109 2779 2395 2848 νεργήσει·
2438 2779 2486 2829 εἰ
2519 2776 2575 2829 δὲ
2618 2776 2793 2829 ταῦτα
2826 2778 3047 2848 ἑτέρως,
3093 2777 3186 2830 καὶ
3218 2775 3421 2843 γεννῶν
3454 2775 3667 2846 ἑτέρως

409 2882 531 2935 pus,
562 2883 882 2939 omnemque
926 2872 1291 2939 Operationem
1328 2881 1580 2941 tanquam
1616 2890 1811 2942 corpus
1858 2891 1979 2943 ope-

2104 2868 2321 2939 ἱηλονότι
2372 2870 2640 2939 γεννήσει.
2704 2870 2768 2921 Ὃ
2799 2869 2960 2931 αὐτὸς
2994 2886 3075 2931 τις
3123 2869 3224 2919 οὐκ
3267 2867 3399 2936 ἕχει,
3451 2866 3669 2936 ἑτέροῳ

410 2960 618 3013 rabitur
648 2979 663 3014 :
694 2962 737 3015 si
773 2978 898 3016 vero
939 2963 1053 3017 haec
1101 2979 1158 3017 se
1187 2963 1343 3017 aliter
1372 2963 1590 3028 habent,
1618 2967 1779 3018 etiam
1820 2981 1980 3033 gene-

410 3065 541 3105 rans
566 3051 723 3107 aliter
747 3053 985 3120 profecto
1015 3054 1312 3124 generabit.
1335 3054 1489 3121 Quod
1512 3058 1634 3124 quis
1663 3072 1766 3112 non
1795 3059 1974 3123 habet,

411 3142 462 3196 id
495 3143 612 3197 aliis
652 3144 833 3213 largiri
874 3161 977 3197 non
1010 3158 1183 3212 potest
1217 3164 1232 3200 :
1262 3149 1306 3201 si
1342 3148 1505 3217 igitur
1537 3147 1701 3201 Filius
1730 3159 1976 3202 creatura

409 3241 466 3286 et
498 3248 685 3287 servus
706 3244 810 3297 est,
842 3234 977 3287 alios
1003 3233 1202 3289 liberos
1244 3234 1422 3290 facere
1454 3250 1557 3289 non
1592 3244 1786 3305 potest.
1824 3236 1975 3301 Quod

414 3333 601 3375 natura
636 3325 868 3377 medium
913 3332 997 3377 est
1043 3324 1184 3380 inter
1231 3327 1431 3396 aliqua,
1461 3337 1703 3381 extrema
1746 3338 1977 3397 utraque

412 3415 673 3484 contingit
711 3416 974 3484 :proinde
1016 3418 1061 3472 si
1107 3419 1196 3472 Dei
1234 3434 1297 3473 ac
1329 3421 1496 3473 nostri
1530 3420 1797 3474 mediator
1822 3420 1980 3474 Chri-

415 3514 531 3559 stus
584 3515 667 3560 est
717 3517 939 3574 natura,
976 3524 1079 3562 non
1136 3511 1431 3564 secundum
1485 3511 1979 3579 dispensationem,

421 3597 560 3650 hens
589 3608 641 3650 et
666 3608 915 3652 creatura
968 3611 1154 3654 natura
1202 3601 1483 3669 conjuncta
1521 3611 1664 3655 sunt.
1715 3603 1769 3656 Si
1816 3602 1982 3657 Filius

415 3686 561 3742 Patri
589 3691 779 3744 similis
796 3701 900 3773 est,
929 3708 1032 3744 non
1066 3701 1241 3745 tamen
1267 3694 1563 3748 secundum
1589 3694 1945 3747 substantiam
1966 3732 1982 3757 ,

417 3781 685 3847 reliquum
740 3792 823 3837 est
873 3792 929 3838 ut
970 3784 1049 3837 vel
1105 3784 1307 3850 forma,
1338 3785 1423 3839 vel
1479 3786 1842 3854 operatione:
1893 3788 1985 3840 sed

420 3870 588 3927 forma
623 3889 725 3928 non
752 3884 958 3944 potest;
989 3876 1192 3931 nullum
1218 3878 1361 3931 enim
1397 3878 1769 3945 incorporeum
1803 3878 1853 3930 in
1879 3878 1987 3931 for-

421 3980 506 4016 ma
544 3974 662 4029 est;
696 3966 778 4019 sin
807 3980 983 4020 autem
1009 3968 1339 4036 operatione,
1369 3977 1423 4021 et
1463 3968 1577 4036 ipse
1598 3967 1730 4021 nihil
1755 3968 1985 4022 alienum

419 4067 671 4122 olieratus
694 4069 855 4122 esset,
878 4059 971 4112 sed
994 4057 1197 4125 aliquid
1224 4058 1327 4112 tale
1351 4057 1509 4126 quale
1537 4058 1649 4126 ipse
1681 4068 1786 4120 est,
1824 4058 1991 4127 siqui-

2082 2960 2403 3032 χαρίζεσθαι
2434 2962 2493 3014 οὐ
2537 2961 2792 3014 δύναται·
2822 2963 2871 3013 εί
2915 2956 3008 3013 οὖν
3047 2960 3249 3028 κτίσμα
3289 2960 3384 3011 καὶ
3424 2958 3669 3020 δοῦλκὸ

2084 3053 2230 3116 Υἱὸς,
2274 3052 2585 3123 ἐλευθέρους
2618 3052 2810 3115 ἄλλους
2836 3054 3008 3104 ποιεῖν
3039 3050 3100 3103 οὐ
3123 3050 3344 3103 δύναται
3396 3050 3469 3102 T6
3500 3049 3668 3117 φύσει

2089 3142 2251 3213 μέσον
2281 3142 2441 3195 τινῶν
2475 3143 2747 3215 ἑκατέρων
2779 3139 2888 3193 τῶν
2912 3139 3097 3211 ἄκρων
3124 3139 3428 3208 ἐφάπτεται
3454 3154 3467 3166 ·
3492 3140 3544 3189 εἰ
3571 3133 3667 3191 οὖν

2087 3234 2243 3303 φύσει
2283 3234 2507 3304 μεσίτης
2552 3233 2786 3305 Χριστὸς
2829 3230 2962 3285 Θεοῦ
2995 3232 3090 3283 καὶ
3118 3229 3295 3301 ἡμῶν,
3334 3230 3429 3281 καὶ
3453 3228 3515 3280 οὐ
3544 3228 3667 3281 κατ’

2087 3328 2420 3399 οἰκονομίαν,
2466 3329 2624 3397 φύσει
2657 3328 2735 3399 (7)
2778 3328 3046 3397 συνῆπται
3079 3326 3210 3388 Θεὸς
3239 3325 3332 3377 καὶ
3369 3324 3568 3387 κτίσις.
3608 3325 3672 3376 Εἰ

2088 3421 2273 3491 ὅμοιός
2318 3423 2462 3474 ἐστιν
2531 3423 2560 3473 6
2583 3420 2710 3483 Υἱὸς
2739 3418 2817 3489 τῷ
2844 3419 3039 3488 Πατρὶ,
3088 3417 3149 3469 οὐ
3188 3417 3310 3469 κατ’
3366 3415 3557 3468 οὐσίαν
3591 3415 3668 3478 δὲ,

2088 3510 2334 3564 λείπεται
2381 3513 2414 3582 ἢ
2465 3511 2604 3565 κατὰ
2642 3512 2877 3582 μορφὴν,
2916 3509 2948 3581 ἢ
3001 3510 3120 3562 κατ’
3161 3508 3479 3579 ἐνέργειαν·
3531 3506 3673 3560 ἀλλὰ

2092 3606 2273 3673 μορφῇ
2312 3602 2387 3673 (8)
2440 3602 2537 3673 μὲν
2586 3602 2843 3656 ἀδύνατον
2901 3600 3073 3669 (οὐδὲν
3126 3600 3236 3671 γὰρ
3288 3597 3583 3669 ἀσώματον
3617 3598 3672 3649 ἐν

2091 3696 2293 3766 μορφῇ)
2319 3715 2334 3727 ·
2365 3696 2413 3748 εί
2447 3695 2503 3747 δὲ
2527 3696 2648 3748 κατ’
2681 3694 2989 3764 ἐνέργειαν,
3019 3693 3120 3745 οὐκ
3152 3691 3217 3746 ἂν
3249 3691 3347 3744 καὶ
3382 3690 3548 3753 αὐτὸς
3581 3689 3674 3742 ἀλ-

2088 3784 2229 3838 λοῖόν
2255 3802 2328 3846 τι,
2381 3785 2515 3839 ἀλλὰ
2545 3783 2782 3838 τοιοῦτον
2809 3777 2919 3835 οἷον
2977 3781 3140 3843 αὐτός
3169 3783 3316 3833 ἐστιν
3368 3781 3676 3850 ἐνήργησεν

2090 3877 2176 3941 ἂν,
2219 3878 2377 3948 είπερ
2407 3878 2615 3947 ποίημα
2645 3875 2739 3929 τοῦ
2769 3875 3000 3945 Πατρὸς,
3039 3875 3134 3926 καὶ
3162 3874 3221 3925 οὐ
3252 3873 3522 3941 γέννημα.
3548 3871 3677 3924 Ἀλ-

2091 3969 2197 4033 λως
2229 3969 2285 4021 δὲ
2312 3970 2406 4023 καὶ
2433 3970 2774 4040 προείρηται,
2803 3968 2894 4020 καὶ
2922 3967 3060 4019 κατὰ
3081 3965 3359 4036 ἐνέργειαν
3385 3965 3594 4035 ὅμοιον,
3619 3964 3676 4030 ἐξ

2094 4061 2342 4130 ἀνάγκης
2371 4062 2465 4113 καὶ
2500 4060 2620 4112 κατ’
2646 4058 2833 4111 οὐσίαν
2861 4058 3046 4127 ὅμοιον
3076 4052 3236 4109 εἶναι.

422 4152 542 4204 dem
599 4150 803 4208 factura
861 4164 942 4208 est
992 4154 1206 4219 Patris,
1245 4171 1348 4210 non
1395 4155 1663 4224 genitura.
1717 4153 1985 4210 Praeterea
2025 4159 2186 4213 etiam
2226 4169 2349 4212 ante
2381 4158 2581 4213 dictum
2611 4166 2715 4220 est,
2762 4154 2903 4226 quod
2938 4154 3253 4223 operatione
3319 4151 3502 4206 simile
3565 4158 3651 4204 est

424 4245 474 4297 id
523 4261 736 4316 quoque
770 4250 1061 4302 secundum
1090 4249 1447 4302 substantiam
1476 4251 1782 4302 necessario
1810 4249 2091 4305 consimile
2115 4266 2256 4304 esse.

494 4337 547 4390 5,
571 4337 625 4391 Si
649 4339 739 4392 Dei
767 4354 927 4408 opera
950 4341 1002 4393 iu
1033 4340 1134 4393 iitle
1159 4357 1262 4394 non
1286 4342 1337 4397 iu
1367 4342 1826 4396 demonstratione
1847 4354 1972 4397 sunt

2168 4346 2221 4399 5.
2249 4346 2311 4397 Ei
2338 4343 2406 4397 τὰ
2435 4343 2569 4414 ἔργα
2600 4342 2691 4397 τοῦ
2716 4341 2849 4395 Θεοῦ
2883 4343 2939 4393 ὲν
2972 4341 3172 4401 πίστει,
3209 4337 3298 4390 καὶ
3327 4338 3425 4390 οὐκ
3457 4338 3516 4389 ἐν
3546 4338 3674 4389 ἁπο-

428 4430 727 4482 sernndum
756 4430 1005 4484 Davidem
1042 4433 1132 4502 qui
1159 4434 1294 4487 dixit
1322 4450 1336 4485 :
1372 4432 1439 4485 Et
1471 4434 1645 4486 omnia
1694 4450 1851 4500 opera
1878 4435 1992 4503 ejus

427 4521 481 4575 in
515 4521 619 4588 ﬁde
648 4522 693 4553 ⁸ο
724 4540 738 4574 :
772 4532 972 4590 quanto
1002 4526 1171 4592 magis
1192 4524 1311 4578 Filii
1346 4535 1472 4579 ante
1513 4525 1705 4578 srecula
1738 4542 1799 4579 ex
1839 4527 1995 4580 Patre

427 4614 703 4683 generatio
730 4615 780 4668 in
815 4616 937 4679 lide,
962 4632 1067 4669 non
1104 4618 1155 4669 in
1192 4617 1653 4671 demonstratione
1682 4627 1769 4670 est
1798 4616 1899 4671 ‘iSi
1930 4632 1996 4672 ex

427 4705 598 4760 nihilo
632 4707 773 4763 Deus
806 4706 997 4761 Filium
1028 4708 1173 4775 fecit,
1195 4719 1246 4761 et
1271 4708 1437 4762 Filius
1468 4724 1530 4763 ex
1578 4708 1745 4762 nihilo
1764 4721 1992 4776 cuncta;

507 4948 550 4988 ⁷⁸
583 4946 741 5003 Joan.
774 4965 905 5014 xvu,
935 4949 1025 5004 10.
1136 4950 1180 4982 ⁷⁸
1212 4950 1341 5003 ibid.
1416 4949 1462 4982 “
1493 4950 1636 5004 Psal.
1674 4966 1844 5015 χχιιι,
1877 4949 1928 5005 4.

499 5148 576 5215 (5)
612 5146 719 5200 Καὶ
749 5148 819 5199 οὐ
841 5146 1030 5214 χρεία,
1062 5154 1159 5199 etc.
1193 5144 1371 5209 Verte,
1417 5162 1506 5199 nec
1551 5162 1679 5215 opus
1720 5155 1793 5197 est
1848 5143 1993 5197 nobis

428 5235 510 5285 ea,
540 5228 648 5271 etc.
688 5215 900 5270 Manna.

520 5287 577 5359 4)
606 5287 861 5359 Yoculam
883 5287 940 5340 δέ
963 5301 1028 5341 ex
1056 5287 1331 5359 veteribus
1346 5287 1509 5359 libris
1539 5283 1863 5359 addidim‘ns.

501 5354 578 5427 (5)
616 5357 712 5412 Hic
768 5357 821 5411 in
883 5359 1119 5427 editione
1187 5356 1477 5427 Parisieusi
1547 5356 1744 5427 legitur
1806 5354 1996 5407 καθότι

429 5423 691 5483 οὖν.’8ιιά
750 5429 973 5482 ῡυοαιυε
1017 5426 1168 5497 Regii
1225 5426 1306 5479 sui
1365 5426 1488 5497 libri
1534 5426 1716 5497 fidem
1757 5437 1994 5497 secutus,

432 5508 579 5552 recte
603 5499 860 5563 iudicavit
881 5494 1158 5567 legendum
1177 5511 1296 5550 esse
1308 5494 1611 5549 καθοτιοῦν.
1648 5496 1853 5567 Ibidem
1864 5495 1995 5567 Reg.

432 5569 624 5622 tertius
866 5564 1017 5650 Είξδὲ
1038 5565 1217 5650 κτίσις
1238 5567 1537 5650 κατ”οὐδὲν
1562 5564 1762 5650 ομοίως
1786 5564 1864 5635 τῷ
1890 5564 2001 5617 κτί-

433 5652 608 5699 σαντι,
643 5637 776 5689 ἀλλὰ
812 5636 953 5690 κατὰ
984 5635 1158 5690 πάντα
1187 5635 1453 5705 ἀνομοίως
1478 5636 1659 5689 εἰκών.

507 5705 585 5775 (6)
615 5706 753 5761 Editi
797 5714 854 5762 et
892 5721 1025 5762 mss.
1064 5705 1304 5763 nonnulli
1350 5706 1553 5777 βλέπει.
1599 5706 1702 5763 Alii
1726 5715 1837 5763 tres
1866 5718 1994 5763 mss.

2098 4436 2280 4499 δείξει,
2316 4435 2457 4489 κατὰ
2486 4436 2574 4488 τὸν
2603 4433 2767 4487 Δαϐὶδ
2793 4433 2884 4488 τὸν
2932 4432 3185 4485 εἰπόντα·
3219 4429 3329 4483 Kal
3366 4428 3565 4482 πάντα
3605 4428 3673 4480 τὰ

2099 4528 2242 4595 ἔργα
2282 4527 2470 4582 αὑτοῦ
2512 4527 2583 4579 ἐν
2621 4527 2820 4579 πίστει
2845 4543 2858 4555 ·
2905 4525 3054 4593 πόσῳ
3093 4522 3290 4593 μᾶλλον
3333 4524 3367 4592 ἠ
3406 4520 3502 4574 τοῦ
3545 4519 3669 4574 Υίοῦ

2098 4617 2204 4686 πρὸ
2257 4616 2469 4670 αἰώνων
2504 4619 2568 4668 ἐκ
2602 4614 2816 4685 Πατρδς
2854 4614 3106 4682 γέννησις
3147 4614 3203 4664 ἐν
3226 4612 3428 4669 πίστει,
3469 4611 3560 4664 καὶ
3579 4611 3669 4661 οὐκ

2092 4710 2149 4762 ὲν
2172 4704 2442 4773 ἀποδείξει
2465 4724 2479 4774 ;
2511 4708 2575 4760 Εἰ
2604 4705 2663 4771 ἐξ
2684 4706 2785 4759 οὐκ
2816 4704 2985 4758 ὄντων
3010 4705 3039 4757 ὀ
3067 4702 3198 4766 Θεὸς
3224 4702 3316 4755 τὸν
3333 4702 3464 4756 Υἱὺν
3496 4700 3671 4772 ἐποίη-

2104 5141 2313 5211 βλέψει.
2356 5136 2468 5192 Nec
2503 5137 2579 5190 ita
2614 5133 2786 5189 multo
2840 5142 2965 5203 post
3005 5147 3136 5187 mss.
3184 5132 3290 5187 duo
3320 5131 3563 5202 δηλονότι
3586 5130 3672 5184 καὶ

2100 5227 2261 5273 γεννη
2270 5227 2372 5264 σει.

2451 5276 2595 5352 sua
2614 5276 2792 5346 φύσει.
2824 5276 2941 5329 Vox
2968 5273 3105 5352 ἀλλά
3146 5272 3199 5326 in
3228 5274 3439 5352 nostris
3475 5280 3664 5352 septem

2104 5339 2244 5406 mss:
2276 5353 2462 5415 deest;
2493 5359 2551 5402 et
2585 5339 2657 5401 ita
2685 5361 2907 5418 quoque
2932 5345 3133 5418 stemus
3157 5358 3261 5396 vox
3293 5342 3386 5395 sed
3415 5342 3554 5418 apud
3576 5339 3666 5393 La-

2105 5423 2250 5474 tiuos
2278 5412 2553 5488 eleganter
2592 5412 2883 5488 omittitur.
2922 5414 2984 5468 Si
3018 5412 3251 5479 natura,
3283 5427 3389 5465 non
3412 5412 3662 5479 dispensa-

2102 5491 2239 5545 tione
2266 5485 2521 5542 meciiator
2543 5496 2616 5541 est
2641 5485 2903 5540 Christus.

2176 5560 2252 5630 (8)
2280 5559 2498 5628 Antiqui
2521 5568 2643 5632 tres
2671 5556 2794 5632 libri
2820 5552 3222 5632 ᾁλλὰ-μορφήν.
3247 5550 3535 5632 Aliquanto
3555 5557 3660 5628 post

2106 5620 2245 5715 mss.
2263 5638 2375 5688 tres
2404 5620 2643 5711 τοιοῦτον
2666 5620 2798 5690 οἷος,
2823 5626 2928 5682 Alii
2950 5620 3199 5681 duoauss.
3221 5630 3273 5677 et
3297 5620 3425 5677 editi
3442 5620 3659 5673 τοιοῦτον

2104 5717 2236 5755 02ον-
