3822 6216
156 336 289 416 eos

1280 359 1658 419 ADVERSUS
1698 356 2071 417 EUNOMIUM
2104 353 2232 408 LIB.
2275 349 2365 407 iV.

3322 338 3427 395 694

173 492 266 542 σε,
297 474 394 529 καὶ
421 476 460 528 ὁ
488 474 619 538 Υἱὸς
655 474 713 528 δὲ
749 472 809 539 ἐξ
851 476 959 528 οὐκ
995 476 1161 529 ὄντων
1196 475 1263 529 τὰ
1308 477 1482 529 πάντα
1505 494 1517 506 ·
1563 478 1597 546 ἡ
1624 474 1763 546 αὐτὴ

1887 472 2052 527 eadem
2078 466 2320 537 potentia
2354 472 2408 518 et
2433 458 2677 531 operatio
2701 466 2783 514 est
2810 471 3018 522 eorum,
3048 455 3137 524 qui
3169 468 3233 509 ex
3258 454 3430 508 nihilo

168 565 412 636 δύναμις
445 566 537 619 καὶ
568 565 815 637 ἐνέργεια
849 565 959 619 τῶν
991 566 1051 629 ἐξ
1084 567 1184 619 οὐκ
1223 567 1390 619 ὄντων
1423 567 1452 619 ὃ
1484 565 1759 636 βούλονται

172 657 536 728 δημιουργεῖν
590 656 923 727 δυναμένων,
954 656 1186 727 οὐδαμοῦ
1221 658 1321 727 τῆς
1363 658 1622 729 διαφορᾶς
1652 656 1759 709 τῶν

172 748 700 820 δημιουργουμένων
731 749 1126 819 σκοπουμένης.
1189 748 1341 801 Ἐπεὶ
1377 749 1469 800 καὶ
1516 747 1616 821 τῆς
1644 745 1761 799 κτί·

177 854 324 901 σεως
355 839 412 890 ἐν
440 836 655 900 πολλοῖς
694 835 836 890 κατὰ
867 836 1036 889 πολλὰ
1070 837 1325 907 διαφόρου
1364 834 1758 906 τυγχανούσης,

174 929 246 982 οὐ
280 929 525 999 διάφοροι
546 929 599 981 oi
641 928 983 1001 δημιουργοὶ,
1027 927 1141 980 ἀλλ’
1163 924 1243 991 εἷς
1266 928 1294 979 6
1315 927 1465 992 Υἱὸς,
1505 926 1570 978 δι’
1600 917 1661 978 οῦ
1694 924 1764 978 τὰ

176 1021 368 1074 πάντα
394 1019 633 1088 ἐγένετο.
669 1021 732 1073 Ei
753 1020 865 1073 τῶν
885 1019 943 1083 ἐξ
968 1021 1067 1074 οὐκ
1091 1019 1258 1073 ὄντων
1286 1018 1500 1091 πρῶτον
1526 1018 1601 1089 (9)
1625 1015 1760 1071 Θεοῦ

177 1113 399 1184 ποίημα
436 1116 464 1166 ό
494 1113 747 1184 Χριστὸς,
798 1114 891 1167 καὶ
930 1112 1074 1166 οὓτω
1116 1112 1461 1175 πιστεύοντες
1489 1110 1638 1182 αύτῷ
1667 1109 1764 1163 λα-

124 1270 127 1273 λ
176 1203 471 1274 τρεύουσιν
529 1203 833 1274 ’Δρειανοίι
886 1201 1012 1255 Ἰὼϐ
1060 1203 1117 1256 δὲ
1155 1203 1369 1276 πρῶτον
1417 1202 1625 1273 ποίημα
1652 1201 1761 1271 (10)

118 1348 145 1365 ,Α
177 1293 322 1347 Θεοῦ
354 1293 445 1347 τὸν
473 1294 714 1348 διάϐολον
745 1294 892 1362 λέγει
923 1292 1093 1346 εἰπών
1123 1310 1135 1319 ·
1171 1294 1352 1348 Τοῦτό
1371 1294 1502 1347 ἐστι
1532 1291 1766 1361 πρῶτον

178 1385 345 1454 ἀρχὴ
374 1384 727 1454 πλάσματος
757 1387 979 1453 Κυρίου
1002 1401 1015 1416 '
1061 1383 1381 1439 λανθάνουσι
1417 1383 1495 1454 τῷ
1536 1381 1767 1452 διαϐόλῳ

180 1479 557 1551 λατρεύοντες,
589 1481 685 1534 καὶ
715 1481 836 1551 οὐχὶ
875 1480 958 1551 τῷ
1000 1480 1113 1552 Υίῷ
1147 1481 1241 1535 τοῦ
1278 1480 1408 1534 Θεοῦ
1446 1480 1576 1551 (11).
1619 1481 1683 1533 Ei
1711 1480 1767 1533 δὲ

181 1571 284 1624 τοῦ
325 1571 454 1625 Υἱοῦ
490 1571 601 1642 (12)
635 1572 697 1625 τὸ
750 1573 962 1644 πρῶτον
1011 1575 1178 1627 αὐτὸν
1217 1573 1496 1646 εἰρηκέναι
1553 1573 1767 1644 ποίημα

181 1660 452 1726 λέξουσιν,
480 1662 661 1715 οὐκέτι
695 1661 904 1733 ποίημα
933 1663 994 1715 τὸ
1028 1661 1255 1733 Πνεῦμα
1291 1662 1412 1716 κατ’
1445 1662 1643 1726 αὐτοὺς
1671 1662 1766 1715 τοῦ

1860 561 2119 634 quidquid
2140 558 2326 612 volunt
2346 568 2534 610 creare
2549 560 2796 621 possunt,
2818 564 2938 603 cum
2964 561 3225 613 nusquam
3247 558 3430 599 rerum

1861 661 2171 709 creatarum
2208 647 2578 718 conspiciatur
2615 640 2939 698 diﬂ‘erentia.
2975 639 3083 693 Etsi
3115 639 3258 691 enim
3284 650 3434 691 crea-

1861 757 1981 802 tura
2006 746 2059 799 in
2090 743 2272 797 multis
2304 738 2586 807 multiplici
2626 735 2835 789 ratione
2867 732 3077 786 diversa
3100 738 3202 793 est,
3223 743 3326 781 non
3346 733 3431 779 ta—

1862 852 1987 893 men
2010 835 2205 889 diversi
2242 841 2370 888 sunt
2399 829 2639 898 opiﬁces,
2660 827 2754 881 sed
2789 840 2927 879 unus
2960 823 3258 889 Filius.per
3272 833 3433 888 quem

1863 929 2044 985 omMa
2070 927 2208 981 facta
2232 933 2378 979 sunt.
2409 920 2465 975 Si
2496 921 2546 974 in
2571 920 2636 973 iis
2674 931 2793 987 quae
2820 931 2893 970 ex
2914 912 3082 967 nihilo
3114 910 3256 965 facta
3284 916 3431 971 sunt,

1862 1021 2038 1090 prima
2096 1017 2189 1071 Dei
2216 1015 2422 1069 factura
2469 1011 2722 1067 Christus
2778 1015 2882 1068 est,
2931 1013 2985 1059 et
3026 1004 3106 1058 sic
3147 1001 3433 1055 credentes

1863 1110 2052 1167 Ariani
2072 1110 2244 1178 ipsum
2273 1104 2476 1169 colunt,
2497 1113 2553 1157 et
2572 1099 2673 1156 Job
2691 1096 2968 1153 diabolum
2989 1095 3217 1165 primam
3236 1091 3330 1145 Dei
3354 1090 3437 1143 fa-

1866 1215 2075 1257 cturam
2109 1199 2264 1263 dixit,
2284 1196 2375 1252 ubi
2401 1196 2475 1249 ait
2502 1212 2515 1248 :
2541 1192 2656 1247 Hoc
2671 1192 2899 1260 primum
2916 1196 2991 1241 est
3019 1186 3166 1254 origo
3199 1180 3436 1253 ﬁgmenti

1864 1292 2079 1348 Domini
2098 1292 2167 1356 ⁸³,
2200 1289 2504 1344 nescientes
2532 1284 2716 1340 colunt
2757 1279 3050 1343 diabolum,
3080 1290 3185 1330 non
3225 1274 3319 1328 Dei
3347 1273 3438 1327 Fi-

1866 1383 2016 1436 lium.
2038 1381 2097 1436 Si
2122 1394 2253 1434 vero
2276 1377 2469 1432 dicturi
2499 1383 2625 1430 sunt
2651 1388 2772 1427 eum
2790 1372 2857 1424 de
2884 1370 3055 1439 prima
3077 1362 3199 1419 Filii
3228 1363 3438 1418 factura

1866 1476 2104 1530 locutum
2139 1471 2326 1534 fuisse,
2351 1484 2456 1525 non
2503 1465 2731 1535 amplius
2760 1462 3056 1519 secundum
3090 1459 3236 1527 ipsos
3266 1453 3439 1524 Spiri-

1868 1577 1955 1622 tus
1973 1576 2054 1621 est
2074 1565 2284 1620 Domini
2322 1564 2552 1626 factura,
2586 1559 2783 1627 quippe
2812 1564 2933 1625 post
2956 1550 3226 1607 diabolum
3259 1547 3439 1600 factus

1868 1659 2190 1713 invenietur.
2226 1655 2285 1711 Si
2319 1654 2450 1708 ﬁdes
2490 1652 2545 1705 in
2576 1648 2769 1703 Filium
2801 1655 3007 1710 nostra,
3034 1657 3169 1710 opus
3204 1649 3289 1694 est
3344 1637 3439 1691 Dei

182 1751 419 1823 Κυρίου,
451 1752 484 1822 ἢ
524 1751 619 1804 καὶ
656 1753 793 1822 μετὰ
817 1753 906 1806 τὸν
941 1753 1183 1808 διάϐολον
1213 1754 1500 1825 γενόμενον
1545 1754 1771 1825 εὑρεθῆ-

1887 1749 2011 1821 ιΗοο
2048 1749 2206 1814 enim,
2236 1747 2430 1815 inquit,
2457 1760 2585 1812 opus
2610 1752 2683 1796 est
2721 1740 2845 1806 Dei,
2879 1747 2935 1792 ut
2963 1735 3190 1791 credatis
3228 1734 3286 1785 in
3320 1745 3441 1783 eum

186 1820 362 1898 σεται.
396 1820 524 1914 Elii)
552 1820 732 1909 πίστις
759 1845 916 1916 ἡμῶν
963 1849 996 1918 ὴ
1033 1850 1112 1910 εις
1153 1820 1246 1899 τὸν
1273 1820 1399 1898 Υῐδν
1450 1820 1624 1917 ἔργον⁷
1650 1820 1769 1898 ἐστϊ

1887 1820 2024 1913 juem
2063 1841 2152 1894 ille
2176 1840 2318 1894 misit
2345 1838 2440 1908 ⁸³),
2483 1837 2597 1906 ipse
2630 1833 2726 1887 Dei
2761 1846 2898 1900 Opus
2944 1843 3065 1884 esse
3108 1841 3211 1880 non
3245 1830 3438 1893 potest.

183 1935 283 1987 τοῦ
310 1934 449 1990 Θεοῦ
484 1935 692 2006 (Τοῦτο
744 1937 874 2006 γὰρ,
930 1938 1115 2009 φησὶν,
1159 1937 1290 1991 ἐστὶ
1318 1937 1385 1990 τὸ
1436 1936 1613 2023 ἕργυί·
1650 1935 1761 1991 τοῦ

1868 1935 2004 1989 Nam
2030 1934 2157 1989 ﬁdes
2190 1934 2243 1987 in
2277 1932 2476 2001 ipsum,
2506 1936 2562 1983 et
2598 1926 2735 1996 ipse,
2770 1940 2877 1979 non
2907 1921 3070 1976 idem.

188 2026 363 2091 Θεοῦ,
391 2028 491 2082 ἵνα
520 2005 839 2094 πιστεύὴτε
873 2005 1109 2097 (Misit;
1168 2026 1240 2081 ὃν
1301 2005 1658 2081 ἀπέστειλεν
1718 2023 1988 2096 ἐκεῖνος),
2053 2023 2213 2086 αὐτὸς
2252 2020 2411 2093 ἔργον
2460 2017 2521 2072 ού
2558 2013 2780 2071 δύναται
2816 2009 2950 2066 εἶναι
2988 2007 3142 2062 Θεοῦ.
3190 2006 3267 2063 Ού
3307 2005 3441 2060 ταὺ·

182 2121 291 2174 σιιὺν⁷
307 2120 420 2192 γὰρ
440 2123 473 2190 ἡ
507 2122 585 2184 είς
610 2120 771 2174 αὑτὸν
798 2120 980 2184 πίστις
1008 2122 1100 2173 καὶ
1124 2121 1305 2183 αὐτός.

186 2216 300 2280 Είς
334 2212 402 2266 τὸ
432 2212 568 2281 (li),
599 2212 814 2281 «Ὅταν
839 2210 906 2263 δὲ
943 2210 1215 2280 ὑποταγῇ
1262 2208 1422 2281 αὐτῷ
1444 2211 1519 2266 τὰ
1546 2208 1764 2274 πάντα,

374 2279 505 2334 τότε
528 2279 633 2335 ’καὶ
658 2280 840 2347 αὐτὸς
868 2284 900 2335 ό
925 2282 1053 2347 Υἱὸς
1078 2279 1540 2351 ὑποταγήσεται.
1567 2300 1587 2334 ι

261 2374 328 2427 Εἰ
373 2373 567 2437 θεῖκῶς
599 2375 629 2425 6
669 2372 797 2436 Υἱὸς
833 2371 910 2441 τῷ
941 2373 1116 2443 Πατρὶ
1161 2372 1540 2436 ὑποτάσσεται,
1582 2371 1639 2438 ἐξ
1672 2372 1770 2442 ἀρ-

188 2467 297 2537 χῆς
330 2465 395 2520 ἂν
420 2465 755 2518 ὑποτέτακτο
802 2464 941 2535 (15),
986 2464 1044 2530 ἐξ
1095 2460 1156 2519 οῦ
1190 2465 1286 2519 καὶ
1319 2464 1452 2527 Θεὸς
1472 2460 1560 2534 ἦν.
1621 2465 1684 2517 Εἰ
1714 2464 1772 2517 δὲ

188 2560 295 2627 οὐχ
343 2557 695 2621 ὑποτέτακτο,
753 2558 866 2612 ἀλλ’
923 2558 1147 2628 ὕστερον
1207 2558 1626 2627 ὑποταγήσεται,
1674 2557 1771 2609 ἀν-

191 2647 503 2719 θρωπίνως,
537 2646 611 2710 ὡς
641 2647 783 2718 ὑπὲρ
825 2646 1000 2718 ἡμῶν,
1030 2645 1125 2700 καὶ
1152 2646 1212 2698 ού
1243 2644 1438 2708 θεῖκῶς
1475 2645 1615 2714 ὑπὲρ
1646 2645 1773 2696 ἐαυ-

192 2756 294 2792 του
304 2778 317 2790 .

193 2831 307 2896 Εἰς
335 2828 424 2895 τὸ,
458 2847 477 2881 ι
507 2828 612 2883 Διά
648 2829 823 2882 τοῦτο
867 2829 1189 2898 ἐχαρίσατο
1220 2828 1379 2894 αὐτῷ
1408 2832 1440 2883 ό
1460 2827 1613 2894 Θεὸς
1641 2825 1774 2882 ὅνο-

579 2915 665 2967 μα
693 2898 758 2952 τὸ
790 2901 942 2965 ὑπὲρ
976 2898 1098 2953 πᾶν
1122 2900 1328 2967 ὄνομα.
1363 2917 1381 2946 ι

271 2991 334 3044 Εἰ
363 2990 500 3061 μετὰ
532 2990 628 3062 τὴν
665 2989 1095 3062 ἐνανθρὼπησιν,
1147 2989 1238 3043 διὰ
1268 2989 1367 3060 τὴν
1393 2989 1662 3058 ὑπακοὴν,
1710 2989 1772 3042 τὸ

195 3081 343 3152 ὑπὲρ
376 3082 483 3134 πᾶν
530 3081 700 3150 ὄνομα
751 3080 830 3149 τῷ
864 3081 974 3150 (16)
1023 3079 1137 3150 Υἱῷ
1188 3079 1305 3150 Θεῷ
1355 3080 1467 3133 ὄντι
1504 3081 1532 3131 ὁ
1583 3072 1772 3151 Πατὴρ

197 3173 512 3243 ἐχαρίσατο,
575 3175 669 3226 καὶ
720 3174 868 3224 πᾶσα
914 3171 1133 3240 γλῶσσα
1171 3171 1615 3246 ἐξωμολογήσατο
1661 3172 1772 3244 (17)

197 3262 409 3333 Κύριον
429 3279 443 3292 ο
500 3261 604 3333 πρὸ
647 3262 745 3332 τῆς
775 3262 1240 3333 ἐνανθρωπήσεως
1285 3261 1409 3314 οὕτε
1439 3262 1499 3314 τὸ
1521 3263 1690 3333 ὄνομα
1714 3262 1775 3314 τὸ

200 3353 346 3421 ὑπὲρ
383 3353 490 3405 πᾶν
517 3350 689 3422 ὁνομα
723 3348 888 3422 εἶχεν,
924 3351 1047 3405 οὔτε
1092 3351 1244 3423 παρὰ
1273 3352 1487 3404 πάντων
1520 3351 1616 3423 τὴν
1646 3353 1776 3422 ὁμο·

1870 2204 1938 2260 In
1965 2202 2121 2269 illud,
2151 2219 2169 2252 ι
2192 2199 2323 2253 Cum
2352 2189 3070 2269 autemsubjecta_fuerint_ei
3101 2187 3276 2240 omnia
3317 2195 3441 2239 tunc

1925 2259 1933 2280 Γ
2106 2259 2120 2269 ’
2219 2278 2268 2322 et
2305 2270 2414 2338 ipse
2449 2259 3046 2330 Filius‘subjicietur”.
3074 2276 3095 2306 ι

1941 2362 1998 2418 Si
2022 2360 2315 2418 secundum
2342 2357 2595 2411 deitatem
2622 2352 2796 2407 Filius
2828 2351 2975 2404 Patri
3002 2347 3304 2416 subjicitur,
3336 2348 3439 2401 ini-

1872 2458 1949 2511 tio
1970 2456 2156 2524 utique
2184 2449 2461 2518 subjectus
2483 2456 2649 2511 esset,
2686 2460 2753 2499 ex
2792 2458 2897 2512 quo
2926 2452 2982 2497 et
3019 2443 3157 2495 Deus
3185 2438 3435 2494 erat.Siu

1871 2556 2053 2601 autem
2103 2559 2211 2598 non
2266 2539 2544 2609 subjectus
2584 2545 2725 2601 erat,
2770 2534 2863 2589 sed
2898 2532 3178 2601 subjicitur
3205 2540 3387 2599 postea
3422 2547 3437 2595 ;

1871 2638 2169 2694 secundum
2206 2631 2592 2687 humanitatem
2652 2632 2903 2695 tanquam
2957 2638 3055 2693 pro
3106 2623 3291 2688 nobis,
3334 2638 3438 2675 non

1871 2732 2163 2786 secundum
2191 2724 2445 2780 deitatem
2483 2736 2581 2789 pro
2607 2718 2903 2786 semetipso
2921 2713 3259 2783 subjiciatur.

1872 2822 2038 2896 289
2075 2819 2145 2874 In
2193 2817 2351 2880 illud,
2387 2833 2429 2896 ι.
2464 2812 2749 2896 Propterea
2807 2808 3030 2876 largitus
3072 2804 3259 2896 estﬁjUi
3306 2804 3442 2858 Deus

2004 2875 2258 2951 ἶἠοηιεη,
2291 2875 2429 2957 quod
2456 2894 2530 2936 est
2567 2875 2720 2948 super
2751 2875 2906 2931 omne
2930 2892 3115 2929 nomen
3145 2875 3210 2927 ⁸⁸.
3242 2892 3264 2926 ι

1944 2982 2002 3037 Si
2032 2988 2153 3049 post
2185 2975 2641 3036 incarnationem,
2668 2977 2885 3039 propter
2917 2965 3300 3028 obedientiam,
3336 2961 3441 3017 Pa-

1877 3086 1960 3131 ter
1987 3074 2147 3139 Filio,
2176 3071 2269 3141 qui
2329 3070 2466 3123 Deus
2499 3073 2638 3128 erat,
2686 3076 2881 3115 nomen
2932 3059 3124 3129 quovis
3166 3057 3270 3110 alio
3300 3072 3438 3126 prac-

1875 3167 2105 3222 stantius
2138 3162 2398 3228 contulit,
2433 3157 2714 3224 omnisque
2753 3153 2929 3219 lingua
2963 3150 3205 3206 confessa
3234 3161 3314 3204 est
3343 3149 3447 3202 Do-

1875 3261 2120 3321 minum;
2171 3266 2295 3310 ante
2344 3252 2768 3308 incarnationem
2822 3260 2995 3315 neque
3046 3258 3242 3298 nomen
3298 3242 3441 3309 quod

1875 3366 2036 3420 super
2063 3362 2224 3403 omne
2253 3360 2443 3400 nomen
2474 3353 2557 3398 est.
2573 3342 2640 3406 ⁸⁸,
2658 3341 2909 3402 habebat,
2931 3350 3104 3405 neque
3128 3348 3313 3389 omnes
3340 3332 3446 3386 Do-

197 3444 392 3513 λογίαν
419 3445 511 3498 τοῦ
545 3421 684 3499 εἶναι
714 3421 936 3516 Κύριος.
994 3421 1208 3509 Μείζων
1233 3440 1326 3498 οὖν
1371 3421 1586 3513 ἐγένετο
1636 3421 1774 3514 μετὰ

1887 3444 2078 3496 minum
2110 3454 2229 3493 eum
2260 3451 2381 3491 esse
2424 3432 2844 3490 conlitebantur.
2882 3426 3049 3495 Major
3085 3423 3246 3495 igitur
3274 3421 3449 3475 factus

198 3537 303 3608 τὴν
357 3535 764 3607 ὲνανθρώπησιν
820 3536 915 3590 τοῦ
977 3536 1084 3607 πρὸ
1133 3537 1231 3607 τῆς
1291 3535 1773 3610 ἐνανθρωπήσεως,

198 3628 343 3691 ὅπερ
386 3627 602 3681 ἄτοπον.
631 3624 854 3679 Τοιοῦτο
899 3626 955 3679 δέ
1007 3628 1124 3679 ἐστι
1176 3627 1269 3680 καὶ
1314 3627 1412 3679 τό·
1454 3626 1655 3694 Ἐδόθη
1676 3643 1779 3695 μοι

200 3716 375 3772 πᾶσα
409 3717 661 3783 ἐξουσία
707 3718 777 3771 ἐν
808 3717 1085 3785 οἰιρανοῖς
1132 3718 1230 3770 καὶ
1260 3717 1357 3770 ἐπὶ
1398 3716 1527 3786 τῆς.
1558 3718 1652 3780 Εἰς
1682 3719 1779 3787 τὴν

200 3808 614 3881 ὲνανθρώπησιν
642 3804 756 3875 οὖν,
786 3810 882 3863 καὶ
914 3810 1013 3862 οὐκ
1066 3811 1147 3873 εἰς
1173 3809 1273 3881 τὴν
1317 3809 1547 3882 θεότητα
1605 3810 1779 3864 ταῦτα

199 3901 347 3954 νοεῖν
381 3898 483 3954 δεῖ.

343 3991 448 4053 Εἰς
476 3989 563 4056 τὸ,
604 4007 623 4039 ι
649 3987 849 4056 Πατήρ
882 4005 1001 4057 μου
1022 3988 1232 4058 μείζων
1254 4007 1373 4057 μου
1409 3990 1599 4044 ἐστίν.
1629 4010 1648 4041 ι

276 4080 351 4134 T6
380 4080 564 4151 μεῖζον
607 4079 639 4149 ἦ
672 4077 908 4149 μεγέθει,
936 4078 968 4149 ἢ
998 4079 1193 4150 χρόνῳ,
1236 4079 1269 4150 ἢ
1311 4078 1599 4149 ἀξιώματι,
1628 4079 1660 4149 ἢ
1691 4078 1782 4131 δυ⁶

199 4172 454 4242 νὰμει,ἥ
501 4171 577 4234 ὡς
629 4168 801 4224 αἴτιον
857 4170 1038 4239 μεῖζον
1082 4169 1321 4237 λέγεται.
1370 4169 1529 4223 Ἀλλὰ
1565 4169 1783 4240 μεγέθει

205 4263 308 4334 μὲν
331 4264 360 4315 ὁ
398 4264 591 4335 Πατὴρ
611 4262 705 4316 τοῦ
738 4262 870 4316 Υἱοῦ
902 4263 1001 4315 οὐκ
1024 4263 1089 4317 ἂν
1125 4263 1339 4334 λεχθείη
1375 4262 1605 4334 μείζων·
1641 4261 1785 4315 ἀσώ-

206 4372 378 4427 ματος
410 4357 539 4427 γάρ.
581 4354 719 4407 Ἀλλ’
747 4353 869 4406 οὐδὲ
904 4354 1078 4425 χρόνῳ
1096 4371 1111 4385 ο
1141 4356 1169 4408 6
1197 4355 1305 4425 γὰρ
1334 4355 1462 4417 Υἱὸς
1488 4354 1664 4408 αὐτῶν
1687 4354 1783 4425 δη·

207 4447 489 4518 μιουργός.
523 4445 660 4499 Ἀλλ’
685 4445 806 4497 οὐδὲ
837 4443 1106 4515 ἀξιώματι
1131 4463 1144 4476 ·
1176 4446 1235 4498 ού
1264 4445 1373 4517 γὰρ
1399 4446 1614 4515 ἐγένετο
1632 4444 1660 4497 ὃ
1685 4446 1786 4498 οὐκ

203 4535 276 4610 ἦν
306 4558 437 4593 ποτε
467 4538 601 4611 (18).
627 4538 763 4592 Οῦτε
807 4537 912 4608 μὴν
937 4537 1194 4607 δυνάμει·
1238 4539 1442 4591 Πάν-τα
1474 4538 1583 4608 γὰρ
1609 4537 1727 4589 ὅσα
1754 4539 1789 4590 ό

280 4654 325 4687 ⁸³
358 4652 457 4708 Job
482 4649 679 4709 xm“.

206 4726 254 4758 ⁸⁷
289 4723 446 4777 Joan.
474 4736 586 4783 XIV,
622 4720 713 4774 28.

777 4649 821 4680 θ’
849 4648 1001 4704 Joan.
1043 4665 1115 4715 vn,
1152 4650 1244 4707 29.
1318 4648 1408 4702 ⁸³1
1441 4649 1565 4705 Cor.
1597 4665 1687 4707 xv.
1716 4646 1806 4703 28.

1883 3545 1967 3587 est
1996 3542 2115 3601 post
2135 3529 2584 3591 incarnationem,
2615 3537 2773 3593 quam
2804 3528 2924 3575 erat
2957 3525 3083 3572 ante
3123 3512 3449 3569 incarnatio-

1877 3640 1996 3678 nem
2035 3621 2216 3690 :quod
2246 3617 2535 3672 absurdum
2576 3624 2675 3668 est.
2708 3609 2839 3665 Tale
2868 3618 2951 3663 est
2978 3608 3181 3669 ethoc,
3214 3603 3350 3657 Data
3374 3612 3449 3657 est

1876 3712 2004 3765 mihi
2030 3710 2196 3763 omnis
2230 3716 2454 3776 potestas
2482 3704 2535 3757 in
2575 3701 2715 3756 cadis
2746 3708 2796 3753 et
2836 3700 2888 3751 in
2923 3708 3063 3750 terra
3091 3694 3158 3747 ⁸⁸.
3191 3696 3316 3748 Haec
3351 3693 3449 3763 igi-

1876 3814 1965 3859 tur
2000 3803 2066 3857 de
2095 3800 2451 3861 humanitate,
2484 3810 2590 3849 non
2644 3794 2709 3847 de
2762 3789 3045 3846 divinitate
3098 3794 3313 3856 oportet
3353 3785 3439 3838 iu-

1877 3896 2065 3964 telligi.

2016 3984 2088 4038 In
2120 3982 2273 4047 illud,
2309 3998 2331 4032 ι
2369 3977 2531 4032 Pater
2564 3993 2708 4030 meus
2738 3974 2912 4043 major
2950 3988 3031 4026 me
3069 3980 3144 4025 est
3171 3970 3239 4026 ⁸⁷.
3287 3988 3305 4021 ι

1949 4076 2121 4146 Majus
2152 4083 2245 4127 aut
2287 4068 2689 4141 magnitudine,
2721 4074 2815 4118 aut
2847 4073 3107 4130 tempore,
3156 4069 3247 4113 aut
3280 4057 3454 4127 digni-

1880 4179 2012 4234 tate,
2030 4178 2121 4221 aut
2146 4166 2408 4236 potentia,
2435 4170 2527 4215 aut
2556 4172 2811 4227 tanquam
2831 4170 3016 4220 causa,
3042 4153 3215 4222 majus
3233 4150 3450 4204 dicitur.

1880 4261 1949 4315 At
1980 4256 2348 4327 magnitudine
2377 4253 2590 4322 quidem
2624 4250 2787 4303 Pater
2823 4245 2963 4300 Filio
3003 4243 3177 4311 major
3209 4242 3314 4296 dici
3346 4255 3455 4294 non

1880 4347 2305 4421 potest;quippe
2332 4355 2417 4401 est
2441 4346 2807 4411 incorporeus.
2831 4338 2935 4393 Sed
2969 4350 3144 4391 neque
3172 4344 3411 4401 tempore
3437 4349 3452 4398 ;

1883 4442 2148 4509 siquidem
2175 4438 2342 4492 Filius
2383 4435 2628 4490 conditor
2675 4442 2757 4486 est
2786 4441 3106 4498 temporum.
3141 4425 3326 4493 Neque
3369 4421 3456 4475 di-

1883 4536 2122 4604 gnitate;
2152 4547 2257 4586 non
2304 4529 2446 4585 enim
2482 4526 2659 4581 factus
2700 4532 2783 4578 est
2831 4522 2973 4590 quod
3028 4516 3316 4586 aliquando
3348 4528 3454 4567 non

1861 4713 1869 4721 ,
1897 4645 1943 4677 ⁸⁸
1967 4644 2203 4713 Philipp.
2228 4659 2289 4709 ιι,
2318 4644 2402 4698 9..
2447 4640 2492 4671 ⁸³
2525 4637 2654 4693 ibid.
2695 4636 2784 4690 11.
2860 4634 2908 4664 ⁸⁸
2939 4630 3127 4686 Matth.
3175 4643 3372 4691 xxvm,
3397 4626 3460 4681 18

280 4814 360 4883 (9)
388 4812 522 4881 Reg.
576 4810 770 4883 tertius
818 4808 891 4883 eg»
926 4804 1403 4883 ἀνάγκης-καὶιού
1429 4804 1548 4883 κατ’
1581 4801 1776 4855 οὐσίαν.

1893 4800 1972 4862 εἰς
2010 4797 2091 4880 τό,
2130 4797 2184 4851 in
2216 4813 2288 4883 ea,
2313 4812 2431 4877 qua;
2452 4796 2786 4883 rgbjiciuntur
2821 4794 2884 4847 de
2908 4788 3053 4844 Filio
3074 4830 3090 4854 ,
3117 4789 3223 4843 sive
3247 4802 3313 4841 ea:
3347 4787 3459 4842 Νο-

207 4873 297 4940 Ιῑεί
323 4873 374 4937 in
411 4873 551 4936 hunc
576 4880 749 4933 locum
787 4873 1006 4944 scripsit
1034 4873 1393 4929 Gontbelisius
1419 4913 1432 4927 .
1464 4873 1623 4939 Urget
1664 4890 1787 4936 pas-

208 4959 311 5009 sim
343 4952 605 5006 Maximus
632 4950 767 5001 hanc
793 4948 983 5000 Basilii
1026 4950 1089 4998 de
1118 4945 1415 4998 substantia
1446 4953 1492 4994 et
1523 4944 1787 5006 operatio-

214 5041 302 5089 ne,
333 5023 469 5102 quod
507 5022 813 5072 conveniant
838 5027 885 5070 et
915 5026 1272 5084 easwquentur,
1296 5013 1703 5083 prapositiouem
1739 5019 1787 5063 et

208 5101 541 5148 sententiam.

285 5160 398 5231 (10)
428 5159 569 5212 Editi
603 5157 820 5231 πρῷτον
857 5152 1069 5225 ποίημα
1101 5154 1354 5226 Χριστός.
1395 5150 1617 5221 Antiqui
1673 5158 1784 5204 tres

211 5228 337 5287 libri
366 5228 463 5290 ita,
488 5239 547 5282 ut
572 5228 859 5282 edidimus.

1892 4886 1980 4932 vo,
2017 4869 2121 4921 sive
2149 4883 2215 4921 ea:
2253 4864 2421 4920 Veteri
2452 4866 2798 4918 Testamento.

1960 4925 2074 5009 (15)
2103 4937 2286 4991 Codex
2317 4936 2470 4991 Coll).
2498 4935 2832 5009 ὑπετέτακτο
2861 4969 2877 4986 .
2910 4968 2926 5009 τ
2959 4970 2973 4984 .
3008 4969 3023 4984 .
3064 4926 3163 4997 οὐχ
3196 4925 3460 4981 ὑπετέτα-

1893 5002 2010 5069 κτο,
2044 5002 2213 5071 magis
2239 5022 2303 5059 ex
2337 5007 2619 5074 prmceptis
2644 5002 3142 5074 grammaticorum.

1957 5066 2071 5149 (16)
2099 5066 2238 5134 Editi
2272 5066 2557 5149 ὑπακοὴν,
2590 5066 2850 5149 τὸνδνομα
2880 5072 2940 5124 τὸ
2972 5069 3110 5139 ὑπὲρ
3156 5066 3265 5118 πᾶν
3292 5066 3461 5138 ὄνομα

1887 5143 1984 5219 τῷ.
2021 5143 2286 5219 A'tAnostri
2312 5143 2516 5213 septem
2545 5160 2673 5219 mss.
2705 5156 2763 5197 ut
2794 5143 2852 5219 in
2877 5150 3152 5219 contextu.

1957 5219 2080 5295 (17)·
2104 5217 2236 5295 Reg.
2281 5205 2508 5295 quartus
2539 5214 2762 5295 γλῶσσα
2794 5211 3267 5283 ἐξομολογήσεται.
3309 5205 3460 5261 Haud

285 5300 400 5373 (11)
426 5286 849 5373 Monerejuvat,
892 5294 1069 5351 Ducaai
1104 5294 1157 5348 in
1192 5293 1337 5348 hunc
1384 5293 1560 5347 locum
1596 5297 1776 5344 notam

1887 5287 2209 5373 longenidem
2229 5291 2413 5373 codex!
2429 5287 2485 5337 ὲν
2508 5286 2741 5356 οὐρανῷ.

212 5367 430 5437 dignam
463 5381 582 5421 esse
614 5382 734 5437 qua:
783 5367 1012 5437 legatur.

287 5431 399 5506 (12)
430 5437 570 5491 Editi
598 5436 659 5488 Εἰ
684 5435 740 5488 δὲ
769 5431 898 5506 περ).
929 5435 1025 5488 τοῦ
1045 5431 1384 5506 Iioﬁ._qu_h.
1414 5431 1646 5506 secunda
1674 5444 1788 5480 ma-

214 5499 391 5563 nu'El'
414 5508 471 5562 δὲ
507 5506 581 5577 μὴ
614 5508 743 5577 περὶ
778 5499 1092 5577 δοῦᾴίΥίοῦ.
1143 5503 1368 5577 νει-,Εἰῌ
1392 5502 1466 5572 μὴ
1501 5499 1648 5571 περί,
1679 5511 1784 5553 etc.

213 5581 319 5633 Alii
355 5571 585 5647 quatuor
618 5571 746 5630 mss.
778 5575 931 5647 Regii
959 5578 1008 5629 ei
1033 5575 1089 5627 δὲ
1117 5572 1210 5647 τοῦ
1240 5571 1392 5625 Υἱοῦ.

285 5644 398 5715 (15)
419 5646 551 5715 Reg.
581 5654 807 5714 quartus
834 5645 921 5699 ἵνα
953 5644 1300 5715 πιστεύσητε.

288 5657 378 5712 (15
419 5657 551 5715 Heg.
581 5657 807 5714 quartus
835 5657 921 5699 ῐνα
953 5657 1300 5713 πιστεύσητε.

288 5657 570 5787 (11)1ἶειιζ.
613 5716 817 5787 tertius,
852 5724 908 5768 et
956 5712 1353 5787 (ἒοιὺκείς-τᾲᾼ
1394 5709 1789 5787 ᾁντιλεγόμενα

288 5727 400 5787 (M)
436 5727 568 5776 Heg.
621 5727 812 5768 tertius
852 5727 908 5768 et
956 5727 1109 5768 bolo.
1163 5727 1242 5775 εις
1277 5727 1346 5764 τα
1395 5727 1644 5777 αντιΛεγο
1691 5727 1787 5761 ενα

219 5787 351 5860 περὶ
378 5785 471 5841 τοῦ
510 5783 640 5840 Υἱοῦ
670 5784 778 5840 τῶν
806 5786 861 5839 ἐν
888 5787 953 5857 τῇ
982 5785 1156 5854 Καινῇ
1189 5782 1280 5839 καὶ
1311 5780 1519 5852 Παλαιᾷ
1545 5727 1787 5851 Διαθιήκῃ

1963 5350 2076 5426 (18)
2108 5356 2223 5421 illa,
2257 5357 2318 5408 οὐ
2351 5356 2483 5426 γάρ,
2511 5350 2639 5426 ete.,
2692 5350 2916 5419 intelligi
2953 5350 3031 5405 sic
3079 5362 3243 5426 posse
3282 5356 3455 5426 puto:

1890 5418 2034 5481 Nihil
2059 5418 2117 5481 ἐἰ
2149 5418 2378 5479 θοεοεείἱ
2406 5418 2662 5490 temporis
2688 5418 2968 5491 processu,
2999 5421 3090 5474 sed
3132 5428 3295 5491 totam
3321 5418 3460 5470 divi-

1892 5513 2014 5552 nam
2039 5505 2283 5551 naturam
2315 5494 2384 5548 ab
2413 5487 2569 5547 initio
2597 5487 2830 5560 accepit.
2855 5521 2927 5533 -—
2951 5487 3459 5560 Probaturgatrem

1896 5582 1994 5621 nec
2038 5566 2442 5633 magnitudine,
2482 5577 2583 5616 nec
2626 5556 2867 5633 tempore
2896 5561 3153 5633 majorem
3182 5557 3321 5633 Filio
3354 5556 3460 5633 dici

1892 5652 2072 5705 posse,
2095 5621 2211 5688 ἀλλ’
2242 5634 2361 5688 οὐδὲ
2391 5621 2772 5705 ἀξιώματι-ὀύ
2816 5633 2924 5702 γὰρ
2970 5621 3242 5705 ἐγένετολὸ
3272 5627 3369 5679 οὐκ
3393 5621 3461 5696 ἦν

1895 5699 2169 5770 ῖποτε,δει1
2190 5721 2352 5773 neque
2383 5699 2544 5758 etiam
2563 5699 2857 5773 dignitate;
2876 5699 2991 5773 Anon
3019 5700 3157 5773 enim
3184 5699 3353 5773 factas
3386 5706 3460 5773 est

1894 5764 2344 5848 quodvaliquan'do
2375 5789 2475 5830 non
2514 5764 2642 5828 erat:
2676 5764 2980 5844 Legendum
3025 5764 3233 5827 videtur
3256 5766 3317 5820 ού
3350 5764 3459 5837 γὰρ
