3822 6216
118 356 235 413 697

1240 343 1611 401 novensus
1649 323 2019 397 EUNOMIUM
2058 336 2188 392 Lm.
2232 334 2320 391 1v.

3278 329 3384 385 698

117 463 357 539 ἅγνοεϊο
398 467 579 541 μεῖζον
625 469 743 520 κατ’
790 466 984 529 αὐτοὺς
1036 466 1097 518 τὸ
1144 464 1297 533 ἆγιον
1349 461 1573 530 Πνεῦμα
1621 457 1715 512 τοῦ

1835 456 1988 510 Filius
2021 468 2149 509 vero
2188 459 2397 522 Ignorat
2424 466 2440 515 ;
2473 448 2650 518 major
2678 457 2761 502 est
2787 446 3022 516 Spiritus
3053 455 3278 503 sanctus
3300 438 3388 500 Fi-

118 560 288 626 Υἰοῦ,
312 561 450 632 ὅπερ
477 559 596 613 οὐδὲ
624 558 737 611 ἴσον
771 552 909 611 εἶναι
940 556 1182 609 θέλουσιν
1209 553 1344 627 (27).
1415 586 1427 655 1

120 739 240 804 Eii;
262 688 341 792 ’τὸ
374 756 393 789 ι
421 735 633 804 Πάτερ,
665 736 719 788 εὶ
756 732 1036 804 δυνατὸν,
1072 728 1410 800 παρελθέτω
1442 728 1508 782 τὸ
1534 726 1715 797 ποτή-

711 821 850 872 ριον
874 803 1120 856 τοῦτο.·›

208 899 273 952 Εἰ
296 898 513 969 ἀληθῶς
544 899 572 950 6
605 896 734 959 Υἱὸς
762 895 935 961 ἔλεγε,
963 893 1150 960 Πάτερ
1185 893 1318 961 (28),
1348 894 1401 947 εὶ
1431 889 1715 959 δυνατὸν,

123 988 478 1058 παρελθέτω
502 988 569 1042 τὸ
612 985 902 1056 ποτήριον
946 985 1145 1051 τοῦτο,
1187 985 1248 1038 οὐ
1288 985 1488 1039 δειλίαν
1522 984 1715 1037 ἑαυτοῦ

125 1084 231 1137 καὶ
284 1082 569 1135 ἀσθένειαν
607 1080 899 1151 κατηγόρει
946 1079 1123 1148 μόνον,
1173 1078 1307 1132 ἀλλὰ
1344 1075 1480 1131 εἷναί
1527 1095 1580 1130 τι
1624 1077 1719 1130 καὶ

128 1176 400 1230 ἀδύνατον
437 1173 515 1244 τῷ
557 1173 730 1244 Πατρὶ
773 1170 1019 1242 ἐνόμιζεν
1060 1170 1191 1241 (29).
1230 1169 1302 1223 T6
1346 1170 1474 1241 γὰρ,
1503 1171 1574 1223 El
1616 1168 1720 1223 δυ-

125 1267 344 1329 νατὸν,
384 1265 815 1337 άμφιὸάλλοντος
847 1259 934 1334 ἦν,
965 1264 1059 1316 καὶ
1088 1263 1149 1316 οὺ
1199 1262 1566 1333 πεπεισμένου
1605 1260 1717 1331 (50)

126 1358 399 1412 δύνασθαι
443 1357 535 1411 τὸν
564 1355 781 1425 Πατέρα
834 1354 1003 1408 σῶσαι
1051 1352 1232 1407 αὐτόν.
1283 1354 1407 1417 Πῶς
1451 1346 1508 1407 δὲ
1555 1355 1649 1408 καὶ
1689 1357 1720 1409 6

129 1451 356 1521 νεκροῖς
393 1448 453 1501 τὸ
498 1448 595 1518 ζῇν
638 1446 998 1517 χαριζόμενος
1040 1446 1102 1498 οὐ
1136 1444 1313 1515 πολλῷ
1373 1445 1572 1515 μᾶλλον
1609 1448 1720 1508 τοῖς

129 1538 281 1604 ζῶσι
340 1539 402 1591 τὸ
466 1536 565 1609 ζῇν
632 1537 918 1606 φυλάττειν
979 1535 1239 1605 ἠδύνατο;
1297 1536 1396 1589 Διὰ
1455 1536 1507 1587 τί
1559 1531 1650 1587 οὖν
1693 1535 1721 1586 6

129 1632 387 1703 Λάζαρον
417 1631 510 1684 καὶ
540 1630 765 1691 πολλοὺς
793 1628 1018 1699 νεκροὺς
1061 1628 1371 1696 ἀναστήσας
1416 1628 1513 1698 οὐχ
1546 1624 1722 1697 ἑαυτῷ

132 1723 375 1794 παρέχει
406 1722 516 1794 (51)
550 1721 612 1773 τὸ
648 1721 766 1790 ζῇν,
795 1719 931 1772 ἀλλὰ
965 1718 1114 1789 παρὰ
1149 1717 1244 1769 τοῦ
1275 1717 1487 1788 Πατρὸς
1512 1717 1629 1787 ᾔτει
1662 1716 1721 1768 τὸ

1817 546 1891 599 lio
1919 545 2215 600 secundum
2243 543 2408 613 ipsos,
2439 556 2599 613 quem
2630 556 2697 595 ne
2725 538 2986 608 aequalem
3022 538 3237 608 quidem
3268 553 3391 593 esse

1818 638 2028 693 volunt.

1816 728 1886 783 In
1908 728 2066 793 illud,
2100 744 2119 779 ι
2152 710 2334 790 Pater,
2356 726 2403 780 si
2427 725 2541 793 ﬁeri
2565 732 2751 793 potest,
2793 730 3028 776 transeat
3052 720 3196 775 calin:
3219 724 3336 772 iste.
3365 738 3384 772 ι

1891 820 1949 875 Si
2005 833 2131 872 vere
2174 817 2346 871 Filius
2376 816 2633 869 dicebat:
2679 813 2884 878 Pater,
2933 814 2978 866 si
3038 811 3153 877 ﬁeri
3188 819 3390 878 potest,

1818 921 2050 966 transeat
2087 911 2230 965 calix
2265 911 2363 963 iste
2395 909 2466 972 ³⁵,
2505 922 2612 962 ιιοιι
2649 906 2822 961 solum
2858 920 3013 959 suam
3045 904 3217 973 ipsius
3246 903 3394 957 timi-

1819 1003 2045 1057 ditatem
2106 1002 2643 1067 imbecillitatemque
2705 997 3116 1051 confitebatur:
3195 1009 3391 1049 verum
3456 1074 3457 1077 η

1820 1096 1984 1150 etiam
2033 1093 2240 1161 aliquid
2292 1094 2457 1147 etiam
2493 1106 2637 1153 esse,
2665 1090 2809 1161 quod
2842 1105 2871 1142 a
2906 1088 3069 1142 Patre
3109 1086 3230 1140 ﬁeri
3282 1099 3391 1139 non

1821 1192 2026 1254 posset,
2058 1185 2428 1240 existimabat.
2460 1183 2594 1235 Nam
2631 1181 2781 1248 illud,
2813 1178 2872 1234 Si
2923 1179 3037 1247 ﬁeri
3065 1184 3250 1246 potest,
3295 1175 3396 1228 du-

1823 1277 2055 1333 bitantis
2089 1287 2228 1341 erat,
2260 1292 2323 1328 ac
2355 1276 2505 1345 ejus,
2541 1275 2631 1327 cui
2668 1285 2984 1342 persuasum
3015 1284 3123 1324 non
3171 1275 3293 1321 erat.
3334 1280 3395 1320 se

1822 1382 1851 1420 a
1892 1365 2055 1418 Patre
2077 1364 2283 1419 servari
2317 1379 2496 1433 posse.
2523 1363 2804 1429 Quomodo
2838 1372 3019 1415 autem
3062 1359 3152 1428 qui
3176 1367 3226 1412 et
3251 1371 3397 1410 mor-

1824 1458 1930 1511 tuis
1979 1460 2144 1510 vitam
2181 1456 2429 1526 largitur,
2489 1471 2591 1509 non
2652 1451 2823 1508 multo
2874 1451 3050 1519 magis.
3089 1447 3395 1503 viventibus

1820 1548 1983 1600 vitam
2026 1561 2248 1602 servare
2304 1547 2513 1616 possit?
2542 1545 2652 1601 Cur
2698 1546 2863 1615 igitur
2907 1544 2999 1612 qui
3042 1542 3310 1596 Lazarum
3340 1547 3397 1594 ει

1824 1639 2024 1692 multos
2057 1648 2299 1693 mortuos
2323 1638 2628 1705 suscitavit,
2669 1652 2774 1692 non
2801 1637 2905 1692 sibi
2955 1637 3069 1705 ipse
3096 1636 3264 1687 vitam
3295 1632 3397 1687 imo

1824 1731 2010 1799 pertit,
2066 1731 2159 1784 sed
2190 1746 2218 1783 a
2252 1730 2410 1784 Patre
2454 1732 2622 1784 vitam
2670 1731 2906 1799 petebat,
2938 1742 3061 1783 cum
3098 1727 3294 1780 timens
3315 1724 3397 1777 di-

132 1815 262 1885 ζῇν,
313 1812 647 1884 φοϐούμενος
678 1810 877 1864 εἰπών’
915 1809 1130 1877 Πάτερ,
1169 1812 1221 1862 εὶ
1255 1808 1539 1872 δυνατὸν,
1575 1825 1721 1874 παρ-

1835 1820 1938 1873 xit:
1974 1819 2154 1886 Pater,
2205 1821 2251 1874 si
2281 1820 2398 1888 ﬁeri
2435 1830 2641 1891 potest,
2682 1830 2918 1875 transeat
2968 1820 3110 1874 calix
3147 1819 3282 1885 iste?
3336 1813 3395 1870 Si

129 1905 360 1961 ελθέτω
393 1905 459 1958 τὸ
500 1904 788 1972 ποτήριον
824 1902 996 1956 τοῦτο
1010 1917 1028 1966 ;
1059 1902 1170 1954 Καὶ⁸
1226 1902 1274 1953 εἰ
1318 1899 1465 1954 ἄκων
1510 1899 1568 1952 δὲ
1614 1901 1726 1952 ἀπ-

133 1998 428 2068 έθνησκεν,
462 1997 651 2050 οὐκέτι
686 1993 1031 2057 ταπεινώσας
1062 1993 1272 2056 ἑαυτὸν,
1301 1994 1542 2062 ὑπήκοος
1564 1991 1724 2063 μέχρι

87 2090 97 2099 ’
133 2091 372 2145 θανάτου
405 2091 621 2159 ἐγένετο
660 2088 736 2158 τῷ
770 2087 964 2157 Πατρὶ,
989 2085 1108 2138 οὐδὲ
1139 2085 1367 2138 δέδωκεν
1400 2084 1612 2149 ἑαυτὸν,
1650 2084 1726 2148 ὥς

132 2199 306 2253 φησιν
339 2185 368 2235 6
421 2180 769 2243 Ἀπόστολος⁶
819 2176 927 2231 Τοῦ
978 2176 1192 2241 δόντος
1235 2176 1454 2229 ἑαυτὸν
1499 2176 1726 2243 λύτρον

132 2274 294 2344 ὑπὲρ
340 2274 460 2328 τῶν
495 2273 794 2343 ἁμαρτιῶν
825 2273 1106 2343 ἡμῶνηεὶ
1154 2272 1210 2324 δὲ
1251 2271 1412 2335 ἑκὼν,
1439 2270 1521 2334 τίς
1568 2268 1725 2339 χρεία

133 2365 258 2428 τοῦ,
302 2366 514 2435 Πάτερ,
559 2369 611 2419 εὶ
648 2365 929 2433 δυνατὸν,
964 2362 1300 2434 παρελθέτω
1344 2363 1409 2416 τὸ
1439 2360 1726 2428 ποτήριον

135 2458 354 2523 τοῦτο;
394 2461 515 2513 Ἐπὶ
546 2459 653 2512 τῶν
682 2456 775 2512 οὖν
809 2463 887 2525 εἰς
934 2460 1094 2514 αὐτὸν
1138 2455 1472 2528 ἁμαρτάνειν
1505 2453 1725 2526 μελλόν-

134 2570 275 2614 των,
324 2552 413 2604 ἵνα
458 2551 531 2622 μὴ
575 2554 900 2623 ἁμάρτωσι,
936 2553 1030 2605 καὶ
1069 2552 1167 2603 οὐκ
1221 2550 1305 2601 ἐπ’
1352 2545 1516 2601 αὐτοῦ
1570 2545 1726 2599 τοῦτο

135 2644 389 2697 δεκτέον·
439 2644 578 2714 ὑπὲρ
621 2637 696 2696 ὧν
758 2644 852 2697 καὶ
908 2642 1241 2713 σταυρωθεὶς
1289 2640 1475 2708 ἔλεγε·
1512 2638 1723 2705 Πάτερ,

137 2735 297 2803 ἄφες
332 2735 555 2799 αὐτοῖς,
593 2735 683 2788 ὅτι
713 2737 825 2789 οὐκ
856 2736 964 2806 (⁵52)
999 2734 1199 2788 οἴδασι
1233 2735 1291 2787 τι
1321 2731 1620 2786 ποιοῦσιν.
1649 2730 1724 2783 Οὐ

136 2826 225 2880 δεῖ
250 2823 342 2879 οὖν
370 2826 440 2879 τὰ
474 2827 594 2881 κατ’
629 2820 939 2899 οἰκονομίαν
971 2829 1046 2890 ὡς
1095 2824 1280 2889 ἁπλῶς
1327 2823 1592 2895 εἰρημένα
1637 2823 1727 2875 ὲκ-

138 2915 420 2986 δέχεσθαι.

357 3008 462 3070 Εἰς
490 3006 576 3073 τὸ,
613 3025 632 3056 ‹
659 3005 834 3072 Κάγὼ
868 3004 940 3066 ζῶ
970 3005 1065 3059 διὰ
1092 3003 1199 3057 τὸν
1222 3002 1472 3070 Πατέρα.
1499 3021 1519 3054 ι

213 3096 280 3147 Εἰ
300 3094 387 3149 διὰ
414 3097 503 3150 τὸν
536 3097 754 3169 Πατέρα
778 3099 806 3150 ὁ
842 3097 967 3160 Υἱὸς
991 3097 1078 3167 ζῇ,
1103 3096 1170 3149 δι’
1204 3096 1408 3166 ἓτερον,
1436 3094 1532 3149 καὶ
1564 3094 1623 3147 οὗ
1661 3094 1725 3148 δι’

142 3174 337 3242 ἑαυτὸν
361 3188 448 3260 ζῇ.
493 3190 550 3243 Ὁ
576 3192 632 3243 δὲ
659 3190 724 3243 δι’
754 3190 939 3261 ἕτερον
967 3189 1074 3254 ζῶν
1107 3187 1353 3258 αὐτοζωὴ
1393 3182 1531 3241 εἶναι
1552 3189 1612 3240 οὐ
1636 3187 1727 3240 δύ-

141 3290 325 3337 ναται.
351 3283 484 3335 Οὐδὲ
506 3283 613 3355 γὰρ
637 3286 665 3337 6
690 3284 831 3337 κατὰ
849 3284 1008 3355 χάριν
1030 3284 1183 3352 ἅγιος
1203 3282 1511 3349 αὐτοάγιος.
1545 3279 1730 3349 Ἐψεύ-

144 3391 282 3429 σατο
301 3370 392 3429 οὖν
423 3377 451 3429 6
484 3376 612 3439 Υἱὸς
631 3374 798 3429 είπιὶιν
817 3394 830 3406 ·
870 3375 1016 3445 Ἐγώ
1038 3377 1153 3444 ειμι
1176 3377 1215 3444 ἠ
1247 3374 1356 3442 ζωή
1372 3392 1385 3405 ο
1422 3375 1515 3428 καὶ
1534 3374 1694 3426 πάλιν
1712 3389 1725 3401 ·

146 3467 315 3520 Οὕτω
343 3466 442 3520 καὶ
471 3470 503 3521 ό
536 3469 666 3533 Υἱὸς
702 3467 807 3531 οὓς
839 3471 997 3521 θέλει
1021 3466 1301 3527 ζωοποιεῖ.
1331 3468 1427 3529 Εἰς
1455 3467 1553 3536 τὴν
1578 3467 1731 3518 ἐναν-

145 3556 431 3628 θρώπησιν
458 3554 569 3624 οὖν,
607 3560 701 3613 καὶ
740 3559 839 3612 οὐκ
867 3563 947 3623 εἰς
976 3560 1074 3631 τὴν
1102 3560 1328 3631 θεότητα
1358 3560 1420 3613 τὸ
1439 3560 1729 3631 εἰρημένον

144 3653 289 3704 νοεῖν
320 3650 421 3704 δεῖ.

136 3826 249 3891 Εἰς
276 3826 365 3890 τὸ,
409 3844 430 3878 ι
468 3827 622 3881 Οὐδὲ
661 3831 693 3882 ὀ
728 3829 857 3895 Υἱός
890 3829 989 3899 ἀφ’
1018 3829 1234 3884 ἑαυτοῦ
1263 3847 1316 3883 τι
1356 3831 1512 3884 ποιεῖ
1538 3831 1671 3903 (55).
1703 3851 1722 3883 ι

216 3918 283 3970 Εἰ
311 3917 374 3970 τὸ
398 3917 740 3982 αὐτεξούσιον
764 3920 857 3973 τοῦ
886 3918 1204 3983 ὑπεξουσίου
1233 3919 1458 3989 βέλτιον,
1490 3924 1517 3973 6
1545 3921 1601 3973 δὲ
1633 3921 1726 3975 ἄν·

147 4007 367 4079 θρωπος
394 4009 760 4075 αὑτεξούσιος,
790 4013 818 4063 ὀ
838 4011 895 4064 δὲ
921 4010 1045 4074 Υἱὸς
1067 4011 1162 4064 τοῦ
1196 4011 1332 4064 Θεοῦ
1388 4011 1724 4077 ὑπεξούσιος,

144 4101 176 4154 ὁ
202 4099 491 4171 ἄνθρωπος
514 4101 607 4155 τοῦ
633 4102 764 4155 Υίοῦ
790 4102 1040 4172 βελτίωνο
1071 4104 1206 4174 ὅπερ
1228 4104 1446 4157 ἄτοπον.
1487 4105 1596 4157 Καὶ
1628 4104 1677 4155 εἰ
1699 4103 1728 4155 6

147 4193 470 4259 ὑπεξούσιος
505 4195 561 4247 δὲ
607 4195 983 4259 αὐτεξουσίους
1018 4199 1190 4248 ποιεῖν
1218 4197 1277 4249 οὐ
1307 4196 1525 4250 δύναται
1551 4196 1600 4266 (ὃ
1619 4195 1726 4267 γὰρ

148 4279 314 4343 αὐτὸς
345 4281 445 4335 οὐκ
475 4282 606 4352 ἔχει,
633 4282 810 4347 ἄλλοις
832 4286 897 4337 ἐκ
918 4285 1288 4356 προαιρέσεως
1319 4286 1515 4340 διδόναι
1542 4288 1603 4339 οὐ
1633 4287 1725 4340 δύ-

148 4373 350 4443 ναται),
376 4376 404 4427 ὁ
432 4374 640 4446 Σωτὴρ,
671 4376 1049 4441 αὑτεξουσίους
1078 4379 1311 4448 ποιήσας
1340 4380 1509 4449 ἡμᾶς,
1533 4379 1633 4432 οὐκ
1660 4379 1727 4433 ἂν

151 4465 470 4531 ὑπεξούσιος
496 4468 581 4539 εἴη
609 4467 735 4523 τινί.

586 4664 607 4697 ι

738 4737 842 4801 Εὶς
874 4737 942 4790 τὸ
961 4737 1127 4792 αὑτό.

222 4826 287 4880 Ei
315 4826 483 4898 μηδὲν
513 4829 541 4881 6
577 4827 767 4899 Σωτὴρ
798 4829 889 4897 ἀφ’
911 4828 1103 4883 ἑαυτοῦ
1134 4831 1303 4883 ποιεῖν
1337 4832 1582 4901 ἠδύνατο.
1611 4834 1728 4888 ἀλλ’

150 4918 538 4982 ἐπιτάσσοντος
580 4918 674 4973 τοῦ
707 4921 941 4992 Πατρὸς,
977 4921 1097 4975 οὐδὲ
1125 4922 1345 4991 ἀγαθὸς,
1377 4925 1494 4978 οὐδὲ
1522 4927 1693 4989 κακός
1712 4961 1729 4979 .

149 5006 380 5071 Οὐδενὸς
401 5007 511 5079 γὰρ
531 5009 640 5062 τῶν
662 5010 968 5080 γενομένων
990 5012 1178 5074 αἴτιος.
1205 5011 1313 5064 Καὶ
1346 5012 1463 5075 πῶς
1488 5013 1586 5066 οὐκ
1609 5013 1732 5066 ἄτο-

150 5113 256 5151 πον
276 5098 594 5170 ἀνθρώπους
619 5101 716 5172 μὲν
735 5102 829 5155 καὶ
851 5101 1068 5170 ἀγαθῶν
1089 5103 1182 5155 καὶ
1204 5102 1391 5156 κακῶν
1412 5099 1551 5156 εῖναι
1575 5121 1731 5175 ποιη-

1826 1910 2028 1965 invitus
2059 1912 2222 1965 etiam
2247 1913 2601 1977 moriebatur,
2635 1913 2863 1983 nonjam
2888 1912 3393 1978 semethumilians,

1830 2004 2093 2057 obedicns
2120 2003 2297 2057 factus
2322 2012 2404 2057 est
2445 2003 2590 2057 Patri
2631 2019 2803 2073 usque
2830 2005 2896 2058 ad
2940 2014 3170 2058 mortem
3205 2002 3275 2064 ’°,
3299 2017 3395 2055 ne-

1824 2108 1930 2161 que
1962 2107 2021 2147 se
2050 2092 2163 2162 ipse
2197 2094 2438 2158 tradidit,
2472 2101 2529 2147 ut
2565 2094 2642 2148 ait
2670 2094 2998 2163 Apostolus:
3028 2093 3133 2159 Qui
3158 2110 3212 2147 se
3244 2094 3387 2146 dedit

1822 2185 2049 2251 pretium
2085 2184 2453 2251 redemptionis
2479 2198 2573 2249 pro
2598 2185 2826 2252 peccatis
2856 2186 3047 2238 nostris
3068 2184 3113 2217 ³⁷
3141 2204 3155 2239 :
3190 2184 3273 2238 sin
3302 2199 3396 2236 au-

1827 2286 1933 2330 tem
1969 2276 2173 2340 volens,
2213 2277 2341 2346 quid
2404 2291 2539 2345 opus
2585 2278 2762 2332 verbis
2806 2278 2952 2333 illis:
2990 2277 3173 2342 Pater,
3209 2277 3255 2331 si
3280 2276 3396 2345 fieri

1826 2377 2019 2434 potest,
2057 2378 2289 2421 transeat
2329 2369 2473 2423 calix
2511 2371 2642 2424 iste?
2673 2369 2784 2425 Hoc
2813 2371 2979 2440 igitur
3011 2370 3079 2425 de
3107 2370 3174 2425 iis
3203 2369 3293 2438 qui
3343 2368 3396 2422 in

1826 2455 2001 2526 ipsum
2031 2459 2306 2526 peccaturi
2325 2470 2579 2525 erant,ut
2610 2478 2678 2516 ne
2706 2469 3017 2531 peccarent,
3049 2477 3157 2516 non
3194 2462 3262 2515 de
3284 2460 3399 2528 ipso

1826 2548 2203 2617 accipiendum
2237 2560 2321 2604 est
2349 2566 2365 2603 :
2419 2567 2520 2621 pro
2545 2553 2742 2622 quibus
2787 2554 2953 2607 etiam
2983 2552 3279 2607 cruciﬁxus
3317 2551 3400 2600 di-

1826 2641 1983 2693 cebat
2009 2656 2025 2694 :
2064 2641 2247 2705 Pater,
2279 2643 2483 2697 dimitte
2516 2645 2662 2711 ipsis,
2696 2647 2820 2714 quia
2848 2661 2948 2698 non
2975 2645 3143 2697 sciunt
3166 2644 3291 2712 quid
3314 2642 3402 2707 [a-

1827 2731 1970 2784 ciunt
2004 2732 2070 2788 ⁸⁸.
2104 2732 2235 2796 Qua:
2265 2733 2430 2802 igitur
2467 2735 2610 2787 dicta
2642 2744 2763 2786 sunt
2796 2735 3088 2787 secundum
3120 2734 3403 2801 dispensa-

1830 2825 2052 2887 tionem,
2074 2839 2134 2877 ea
2165 2826 2320 2894 quasi
2352 2826 2673 2895 simpliciter
2692 2828 2833 2879 dicta
2853 2830 3059 2891 essent,
3084 2825 3401 2895 accipienda

1827 2931 1933 2972 non
1957 2926 2105 2973 sunt.

1972 3009 2039 3065 In
2070 3011 2224 3073 illud,
2255 3030 2274 3063 ι
2314 3009 2380 3063 Et
2419 3028 2513 3080 ego
2547 3012 2661 3065 vivo
2697 3022 2910 3080 promer
2940 3011 3153 3065 Patrem
3189 3012 3290 3066 θ’.»

1902 3101 1959 3156 Si
1982 3113 2200 3173 propter
2222 3103 2436 3156 Patrem
2459 3102 2624 3156 Filius
2651 3103 2802 3167 vivit,
2834 3113 3051 3172 propter
3071 3103 3261 3166 alium,
3296 3118 3409 3156 non

1832 3205 2048 3265 propter
2070 3197 2304 3260 scipsum
2338 3196 2490 3249 vivit.
2531 3195 2637 3249 Sed
2675 3196 2767 3264 qui
2807 3205 3024 3264 propter
3045 3196 3209 3249 alium
3245 3194 3399 3259 vivit,

1830 3288 1945 3356 ipse
1980 3301 2075 3356 per
2105 3302 2165 3340 se
2196 3288 2301 3340 vita
2332 3301 2454 3341 esse
2495 3302 2598 3339 non
2629 3297 2828 3356 potest.
2862 3286 2971 3341 Nec
2996 3287 3140 3339 enim
3182 3288 3271 3355 qui
3308 3296 3405 3354 per

1829 3376 2058 3443 gratiam
2107 3386 2333 3431 sanctus
2380 3386 2485 3444 est,
2523 3393 2617 3446 per
2660 3393 2719 3431 se
2751 3389 2977 3431 sanctus
3007 3386 3111 3431 est.
3149 3376 3405 3432 Mentitus

1830 3465 1995 3536 igitur
2028 3474 2112 3519 est
2156 3465 2326 3518 Filius
2362 3476 2498 3529 ιιιιιι,
2547 3481 2668 3519 cum
2709 3467 2887 3524 dixit:
2938 3465 3050 3534 Ego
3085 3483 3200 3521 sum
3225 3470 3329 3519 vita
3358 3466 3400 3531 “;

1827 3568 1883 3611 et
1911 3573 2098 3611 rursus
2124 3575 2137 3610 :
2180 3555 2273 3611 Sic
2295 3568 2340 3610 et
2382 3556 2558 3614 Filius
2577 3575 2706 3628 quos
2736 3558 2841 3612 uult
2860 3559 3095 3631 rviviﬁcat
3133 3559 3172 3612 ¹.
3200 3558 3277 3614 De
3305 3559 3405 3613 hu-

1830 3651 2090 3704 manitate
2135 3651 2320 3720 igitur,
2368 3665 2473 3704 non
2513 3653 2580 3705 de
2626 3651 2830 3704 deitate
2861 3652 3063 3706 dictum
3099 3652 3405 3723 intelligere

1829 3752 2063 3811 Oportet.

1899 3832 1966 3885 In
1999 3833 2150 3896 illud,
2177 3851 2195 3884 ι
2230 3831 2410 3902 Neque
2428 3830 2654 3887 Filiusa
2688 3851 2742 3887 se
2769 3834 2900 3903 facit
2932 3834 3216 3903 quidquam
3246 3835 3322 3889 ’.ι

1902 3925 1959 3978 Si
1989 3927 2133 3995 quod
2166 3936 2250 3979 est
2281 3927 2364 3980 sui
2414 3926 2649 3991 arbitrii,
2683 3927 2879 3981 melius
2925 3937 3012 3981 est
3048 3943 3207 3997 quam
3257 3929 3401 3996 quod

1828 4023 1912 4069 est
1966 4015 2066 4068 sub
2115 4015 2344 4069 arbitrio
2377 4015 2558 4068 alieno
2589 4031 2604 4069 :
2662 4014 2825 4069 homo
2851 4024 3029 4068 autem
3063 4016 3149 4071 sui
3185 4017 3402 4072 arbitrii

1829 4117 1933 4170 est,
1963 4103 2140 4159 Filius
2169 4119 2301 4159 vero
2346 4104 2439 4159 Dei
2469 4104 2571 4159 sub
2610 4105 2790 4159 alieno
2820 4107 3070 4169 arbitrio,
3100 4107 3291 4161 melior
3317 4115 3403 4162 est

1831 4198 1993 4251 homo
2015 4197 2182 4252 Filio:
2206 4197 2348 4266 quod
2377 4197 2675 4253 absurdum
2706 4207 2806 4251 est.
2837 4198 3081 4268 insuper,
3107 4199 3149 4252 si
3168 4198 3213 4253 is
3233 4198 3393 4270 29],

1828 4290 1919 4358 qui
1953 4290 2057 4344 sub
2105 4289 2286 4344 alieno
2317 4289 2548 4345 arbitrio
2572 4298 2676 4354 est,
2720 4288 2934 4345 efﬁcere
2963 4306 3069 4345 non
3110 4300 3290 4361 potest
3341 4300 3404 4347 ut

1828 4380 1923 4435 alii
1959 4382 2068 4436 sint
2099 4383 2182 4436 sui
2211 4383 2422 4438 arbitrii
2452 4382 2599 4454 (nam
2624 4383 2768 4451 quod
2798 4383 2911 4452 ipse
2936 4398 3043 4437 non
3066 4386 3248 4448 habet,
3277 4384 3403 4440 aliis

1756 4483 1805 4540 υ
1832 4482 2022 4540 suapte
2050 4471 2329 4525 voluntate
2358 4473 2611 4526 conferre
2643 4488 2751 4526 non
2784 4472 3006 4544 patest),
3041 4473 3292 4529 Salvator
3309 4477 3402 4545 qui

1833 4564 1998 4619 ellicit
2019 4574 2077 4617 ut
2109 4580 2210 4621 nos
2248 4565 2405 4621 liberi
2431 4566 2646 4620 arbitrii
2683 4566 2877 4631 simus,
2909 4581 3252 4637 nequaquam
3281 4582 3411 4624 esser

1833 4663 2008 4722 potest
2036 4656 2135 4711 sub
2168 4655 2326 4712 ullius
2347 4656 2594 4714 arbitrio.

2488 4746 2557 4803 In
2588 4733 2750 4803 idem.

1907 4835 1964 4891 Si
1991 4837 2124 4892 nihil
2158 4837 2413 4893 Salvator
2440 4853 2471 4893 a
2500 4840 2680 4909 seipse
2696 4839 2877 4893 facere
2898 4846 3133 4910 poterat,
3168 4839 3264 4896 sed
3300 4840 3406 4894 im-

1832 4938 2057 5000 perante
2088 4929 2270 4995 Patre,
2310 4945 2411 4984 nec
2449 4932 2624 4986 bonus
2649 4939 2757 4996 est,
2794 4945 2897 4985 nec
2943 4930 3138 4986 malus.
3195 4930 3415 4986 Nullius

1831 5022 1975 5073 enim
2005 5035 2191 5074 eorum
2226 5036 2346 5090 qua:
2377 5020 2517 5077 facta
2548 5031 2696 5085 sunt,
2724 5036 2885 5076 causa
2914 5030 3019 5076 est.
3043 5020 3112 5076 Et
3137 5024 3413 5092 quomodo

1833 5112 2123 5165 absurdum
2166 5129 2271 5166 nou
2314 5111 2503 5178 fuerit,
2541 5114 2793 5168 homines
2831 5113 3048 5182 quidem
3095 5123 3150 5169 et
3178 5118 3316 5170 bona
3350 5124 3411 5169 et

224 5232 270 5264 "
288 5230 788 5316 Μειιιῑιλιξινιιῖξῼ..
820 5235 1113 5316 ’fPhilipp.
1141 5251 1200 5301 ιι,
1225 5235 1278 5292 8.
1353 5235 1588 5291 "Galat.
1623 5254 1661 5303 ι,
1696 5240 1721 5293 Δ

1835 5244 1873 5277 ³⁸
1908 5245 2036 5301 Luc.
2075 5264 2234 5313 xxrtt,
2275 5249 2367 5303 '54.
2442 5251 2487 5282 ”
2518 5250 2673 5304 Joan.
2700 5265 2778 5316 vr,
2803 5249 2893 5305 58.
2971 5250 2988 5281 ί
3021 5248 3177 5304 Joan.
3215 5248 3409 5315 x5252,

149 5304 175 5336 ³
195 5300 354 5358 Joan.
391 5319 443 5368 v,
467 5301 556 5357 2|.
634 5304 654 5335 ³
681 5305 813 5360 ibid.
843 5305 930 5362 19.

247 5437 337 5500 27)
360 5438 539 5495 Codex
574 5438 727 5497 Colb.
755 5437 893 5497 εἶναι
929 5443 1228 5500 Βούλονται.

247 5443 337 5491 27‘
360 5443 539 5495 Codex
574 5443 727 5497 Colb.
755 5443 893 5497 εἶναι
959 5443 1228 5500 ούλονται.

224 5443 340 5591 1281
365 5510 514 5593 ‘Ed'i-ti
552 5510 861 5593 €X§IEV,_5_TI.
887 5443 1097 5586 ΠΞιτήρ.
1129 5516 1287 5593 Deest
1320 5530 1422 5571 vox
1449 5517 1529 5593 ὅτι
1572 5516 1724 5593 in_l_i_-_-

151 5579 584 5659 bri_s_veteribus.
610 5579 765 5659 Haud
798 5585 954 5655 longe
990 5579 1115 5659 mss.
1147 5587 1252 5641 duo
1283 5587 1599 5659 κατηγόρει.
1621 5589 1725 5642 Alii

150 5651 535 5727 quidam_mss.
559 5664 613 5727 ει
632 5653 760 5727 editi
792 5651 1106 5727 κατῆγορεί,
1136 5667 1391 5727 accentus
1413 5651 1618 5712 varius.

230 5719 343 5792 (29)
374 5720 515 5779 Edili
558 5723 793 5795 ἐνόμισε.
829 5719 1053 5783 Veiérés
1097 5736 1329 5796 quatuor
1368 5726 1492 5785 libri
1539 5728 1725 5800 ἐνόμι-

162 5783 269 5860 ξεν.

1922 5453 2010 5523 50)
2044 5454 2171 5520 Reg.
2197 5463 2419 5523 quartus
2439 5455 2531 5508 καὶ
2556 5455 2618 5508 οὐ
2645 5452 3087 5514 πεπιστευκότος.

1923 5524 2013 5588 51)
2040 5527 2257 5594 Antiqui
2292 5526 2398 5579 duo
2430 5527 2574 5589 libri,
2600 5524 2777 5594 ἑαυτῷ
2818 5526 3069 5592 παρεῖχε.

1901 5596 2021 5662 (52)·
2045 5595 2271 5650 Codices
2295 5596 2558 5660 nonnulli,
2585 5596 2789 5657 αὐτοῖς,
2815 5595 2875 5647 οὐ
2900 5594 3039 5662 ,γάρ.

1902 5657 2173 5737 (ὂῦξιὶεε.
2216 5675 2461 5737 quartus,
2491 5657 2566 5737 οὗ
2596 5665 2817 5737 δύναται
2867 5657 3055 5737 ρΥίδς
3098 5669 3271 5720 ποιεῖν
3314 5657 3417 5737 ἀφ’

1831 5728 2025 5790 ἑαυτοῦ
2058 5728 2413 5793 οὐδένξίὶυιι).
2448 5728 2603 5789 οὐδὲν
2632 5737 2669 5810 ,ὁ
2702 5735 2832 5798 Υἱὸς
2859 5735 2951 5806 ἀφ’
2993 5728 3185 5793 ἑαυτοῦ
3211 5728 3370 5819 ποιεῖ
