3822 6216
107 317 227 376 701

1216 318 1581 376 ADVERSUS
1620 315 1986 374 EUNOMIUM
2020 315 2154 371 ‘LIB.
2194 314 2283 370 IV.
3266 313 3372 369 702

109 436 435 502 δάσκαλος
477 438 718 507 ἁγαθός.
759 440 851 503 Ὠς
899 439 1035 511 πρὸς
1088 442 1417 512 πειράζοντα
1464 437 1556 494 οὖν
1589 441 1698 493 ἀπ-

1819 433 2017 490 Nullus
2058 437 2225 492 bonus
2248 452 2267 491 :
2300 435 2393 491 sed
2428 444 2714 505 postquam
2750 436 2911 507 292
2944 435 3214 501 audierat,
3250 451 3369 489 ma-

113 529 399 598 εκρίνατο,
424 528 497 591 ὦς
528 547 659 600 φησι
692 530 754 582 τὸ
785 531 1132 600 Εὑαγγὲλιον,
1176 533 1210 601 ἢ
1241 532 1315 596 ὡς
1339 534 1704 599 ἀγνοήσαντα,

112 619 205 673 ὅτι
225 618 359 683 θεὸς
388 620 590 689 ἁγαθός
612 623 748 687 ἐστι,
783 624 877 675 καὶ
896 623 993 692 οὐχ
1020 622 1206 685 ἁπλῶς
1229 623 1546 687 διδάσκαλος
1571 625 1707 692 ἀγα-

116 709 218 774 θός
250 711 387 781 (ιε).

409 805 515 867 Εἰς
548 802 633 868 τὸ,
672 822 691 854 ι
727 803 939 873 Πάτερ,
973 804 1241 869 δόξασόν
1264 824 1358 876 με.
1400 825 1420 859 ι

223 893 288 945 Εἰ
338 893 659 963 δοξασοῆναι
708 896 859 966 παρὰ
911 896 1004 950 τοῦ
1047 898 1259 967 Πατρὸς
1287 898 1452 951 αἰτῶν
1493 899 1521 950 6
1550 898 1702 966 Υἱὸς,

116 984 327 1048 οεῖκῶς
366 985 460 1039 καὶ
482 986 582 1039 οὑκ
610 986 964 1057 ἀνθρωπίνως
998 990 1146 1060 ᾔτει·
1199 991 1227 1043 ὃ
1257 992 1355 1043 οὐκ
1389 986 1533 1060 εἶχεν
1565 991 1703 1061 ᾔτει.

114 1076 238 1130 Καὶ
274 1076 531 1145 ψεύδεται
576 1081 605 1131 6
641 1080 1024 1151 εὐαγγελιστὴς
1053 1083 1254 1135 εἰπών·
1308 1082 1705 1152 Ἐθεασάμεθα

112 1167 239 1235 τὴν
271 1169 461 1236 δόξην
478 1169 707 1223 αὐτοῦ’
752 1172 847 1226 καὶ
877 1174 906 1225 6
946 1174 1295 1238 ’Λπόστολοςο
1332 1177 1451 1228 Οὐκ
1487 1173 1563 1227 ἂν
1600 1175 1707 1227 τὸν

113 1259 346 1326 Κύριον
385 1258 496 1327 τῆς
527 1259 711 1328 δόξης
735 1262 1154 1330 ἐσταύρωσαν·
1184 1267 1278 1317 καὶ
1309 1267 1336 1317 6
1363 1264 1525 1317 Δαϐίδ
1544 1282 1556 1294 ⁸
1594 1265 1705 1319 Καὶ

114 1350 535 1403 εἰσελεύσεται
567 1351 912 1417 όβασιλεὺς
936 1352 1045 1421 τῆς
1066 1354 1263 1423 δόξης.
1290 1357 1362 1409 Οὐ
1389 1356 1702 1428 προσθήκην

114 1436 216 1492 οὖν
246 1440 402 1512 δόξης
430 1443 592 1508 αἰτεῖ,
623 1444 757 1497 ἀλλὰ
792 1446 892 1516 τῆς
924 1447 1230 1518 οἰκονομίας
1267 1450 1365 1519 τὴν
1401 1450 1704 1519 φανέρωσιν

116 1531 398 1599 γενέσθαι.
1394 1554 1403 1567 ι

724 1630 829 1693 Εις
848 1629 914 1681 τὸ
940 1631 1106 1684 αὐτό.

195 1713 260 1766 Ei
295 1713 390 1784 τὴν
423 1714 577 1780 δόξαν
604 1717 671 1785 ἢν
696 1716 810 1786 εἶχε
838 1719 944 1789 πρὸ
973 1720 1067 1772 τοῦ
1100 1720 1189 1773 τὸν
1224 1720 1426 1791 κόσμον
1454 1721 1701 1790 γενέσθαι

119 1805 345 1877 ἀληθῶς
395 1808 546 1879 παρὰ
598 1809 691 1861 τοῦ
750 1786 963 1881 Πατρὸς
1007 1812 1147 1882 ᾔτει,
1206 1786 1492 1866 ἀποϐαλὼν
1537 1815 1703 1885 αὐτὴν
1734 1786 1779 1842 Β

120 1900 267 1969 ᾔτει.
302 1902 377 1953 Οὐ
410 1902 520 1972 γὰρ
553 1900 619 1954 ἂν
645 1901 674 1953 ὃ
698 1896 811 1971 εἶχε
842 1902 1026 1955 λαϐεῖν
1059 1903 1331 1974 ἐπεζήτει.
1362 1905 1425 1957 Εἰ
1449 1904 1504 1957 δὲ
1526 1905 1701 1967 τοῦτο,

120 1992 189 2044 οὺ
220 1991 322 2064 τὴν
360 1992 516 2057 δόξαν
546 1993 910 2064 ἀποϐεϐλήκει
941 1995 1121 2065 μόνον,
1158 1996 1293 2050 ἀλλὰ
1325 1997 1419 2050 καὶ
1459 1997 1555 2068 τὴν
1586 1997 1704 2051 θεό-

120 2101 287 2155 τητα.
355 2083 680 2154 Ἀχώριστος
742 2085 852 2156 γὰρ
913 2087 945 2155 ἡ
988 2085 1113 2149 δόξα
1152 2085 1251 2155 τῆς
1301 2085 1570 2156 θεότητος.
1602 2086 1706 2140 Ψιο

119 2176 218 2240 λδς
285 2171 377 2230 οὖν
429 2176 569 2230 κατὰ
627 2177 889 2231 Φωτεινὸν
945 2177 1056 2245 (45)
1116 2172 1183 2247 ἦν
1229 2177 1510 2247 ἄνθρωπος
1573 2177 1698 2247 ἄρα.

120 2267 381 2320 Φαίνεται
433 2262 526 2320 οὖν
580 2268 650 2321 τὰ
707 2266 929 2319 τοιαῦτα
970 2266 1090 2320 κατ’
1114 2267 1431 2337 ὀἰκονομίαν
1476 2266 1575 2337 τῆς
1613 2268 1704 2320 ἀν-

124 2356 501 2428 θρωπότητος,
569 2356 630 2409 οὐ
699 2356 820 2409 κατ’
886 2355 1117 2425 ἔλλειψιν
1174 2356 1270 2428 τῆς
1328 2355 1577 2428 Θεότητος
1630 2358 1705 2410 εί-

128 2446 338 2519 ρηκώς.

272 2541 376 2605 Εὶς
403 2539 488 2600 τὸ,
523 2556 543 2589 ι
584 2540 958 2607 Πρωτότοκος
991 2537 1197 2605 πάσης
1226 2538 1494 2604 κτίσεως.
1536 2556 1555 2590 ι

198 2631 266 2683 El
292 2630 397 2702 πρὸ
416 2630 515 2701 τῆς
539 2632 763 2695 κτίσεως
792 2632 820 2683 6
844 2630 969 2692 Υἱὸς
998 2630 1057 2681 οὐ
1090 2629 1334 2698 γέννημά
1363 2632 1527 2693 ἐστιν,
1572 2628 1706 2683 ἀλλὰ

126 2723 371 2793 κτίσμα·
408 2723 805 2793 πρωτόκτιστος
839 2720 905 2774 ἂν
943 2720 1177 2787 ἐλέγετο,
1217 2720 1311 2771 καὶ
1338 2719 1398 2770 οὐ
1431 2718 1704 2787 πρωτότο-

126 2832 247 2877 κος.
297 2815 381 2878 Εἰ,
436 2812 621 2884 ἐπειδὴ
674 2812 1015 2883 πρωτότοκος
1064 2811 1164 2880 τῆς
1208 2810 1432 2874 κτίσεως
1470 2809 1703 2880 εἴρηται,

128 2904 535 2976 πρωτόκτιστὸς
574 2905 722 2965 ἐστι,
749 2902 842 2955 καὶ
877 2902 1217 2971 πρωτότοκος
1265 2898 1551 2969 εἰρημένος
1598 2897 1705 2951 τῶν

128 2995 364 3066 νεκρῶν,
413 2994 846 3067 προτελευτῆσας
882 2992 947 3045 ἂν
980 2992 1065 3062 εἴη
1103 2992 1210 3043 τῶν
1260 2990 1486 3061 νεκρῶν.
1540 2990 1602 3043 Ei
1649 2988 1707 3043 δὲ

129 3089 471 3162 πρωτότοκος
505 3084 714 3159 νεκρῶν
745 3087 856 3156 (44)
889 3085 1122 3155 εἴρηται,
1153 3082 1242 3137 διὰ
1278 3083 1339 3136 τὸ
1365 3082 1535 3146 αἴτιος
1565 3080 1702 3137 εἶναι
1731 3125 1779 3188 c

127 3183 231 3252 τῆς
279 3182 343 3234 ὲκ
372 3179 577 3250 νεκρῶν
625 3178 973 3240 ἀναστάσεως
997 3193 1010 3206 ο
1048 3175 1189 3230 οὓτω
1227 3178 1323 3230 καὶ
1365 3176 1706 3246 πρωτότοκος

126 3271 383 3335 κτίσεως,
420 3271 505 3324 διὰ
534 3271 594 3324 τὸ
618 3270 787 3333 αἴτιος
817 3266 954 3322 εἶναι
992 3268 1085 3322 τοῦ
1128 3266 1186 3333 ἐξ
1214 3269 1314 3321 οὐκ
1337 3267 1504 3322 ὄντων
1536 3269 1616 3331 εἰς
1646 3268 1707 3321 τὸ

125 3359 284 3416 εἶναι
326 3365 665 3433 παραγαγεῖν
702 3361 801 3431 τὴν
833 3360 1028 3413 κτίσιν.
1068 3360 1130 3412 El
1158 3359 1217 3411 τὸ
1256 3360 1594 3429 πρωτότοκος
1631 3360 1708 3410 εί-

129 3449 334 3523 ρῆσθαι
356 3451 454 3521 τῆς
474 3451 723 3513 κτίσεως,
749 3450 963 3518 πρῶτον
983 3448 1141 3502 αὐτὸν
1156 3447 1481 3518 γεγενῆσθαι
1499 3448 1707 3501 δείκνυ-

130 3560 218 3596 σιν
272 3545 300 3596 6
335 3542 653 3605 Ἀπόστολος
681 3540 854 3595 εἰπὼν
883 3581 898 3605 ,
938 3540 1143 3594 Πάντα
1174 3540 1247 3593 δι’
1276 3541 1460 3594 αὑτοῦ
1487 3541 1582 3593 καὶ
1619 3544 1707 3606 εἰς

126 3633 318 3687 αὐτὸν
347 3633 634 3697 ἔκτισται,
661 3632 888 3702 ὤφειλεν
914 3634 1110 3697 εἰπεῖν,
1145 3633 1255 3685 Καὶ
1287 3633 1445 3697 αὐτὸς
1470 3634 1705 3701 ἐγένετο

127 3724 242 3794 πρὸ
260 3724 492 3777 πάντων.
518 3723 700 3777 Εἰπὼν
726 3723 801 3788 δὲ,
829 3723 935 3777 Καὶ
954 3724 1133 3789 αὐτός
1152 3724 1284 3777 ἐστι
1309 3724 1421 3793 πρὸ
1442 3723 1702 3791 πάντων,

125 3811 298 3875 ἔδειξε
341 3813 432 3866 τὸν
473 3813 571 3883 μὲν
616 3814 705 3866 ἀεὶ
752 3813 900 3877 ὄντα,
948 3813 1045 3885 τὴν
1083 3814 1141 3867 δὲ
1175 3814 1350 3867 κτίσιν
1385 3815 1702 3887 γενομένην.

126 3904 204 3957 T6
229 3904 359 3975 γὰρ,
394 3906 581 3967 Ἔστι,
615 3903 713 3975 τῷ,
753 3906 848 3959 Ἐν
869 3903 1025 3975 ἀρχῇ
1050 3901 1131 3976 ἦν
1168 3909 1201 3959 ὀ
1228 3908 1439 3975 Λόγος,
1469 3907 1702 3978 συνᾴδει.

126 3996 194 4048 Εἰ
228 3995 589 4067 πρωτότοκος,
636 3997 819 4065 φασὶν,
872 3998 900 4049 ὁ
950 3996 1096 4060 Υἱὸς,
1145 3996 1326 4050 οὐκέτι
1378 3998 1703 4069 μονογενής·

123 4086 247 4139 ἀλλ’
285 4086 487 4155 ὀφείλει
536 4087 628 4140 καί
670 4086 827 4151 ἄλλος
868 4082 1026 4151 εἷναι,
1073 4082 1133 4141 οὗ
1169 4086 1508 4157 πρωτότοκος
1553 4087 1707 4158 λέγη-

123 4195 217 4230 ται
255 4178 387 4247 (45).
437 4179 716 4248 Καίτοιγε,
742 4173 788 4232 ὦ
822 4179 971 4248 σοφὲ,
998 4180 1094 4232 καὶ
1120 4180 1184 4231 ὲκ
1208 4178 1421 4250 Μαρίας
1451 4179 1551 4248 τῆς
1573 4196 1706 4249 παρ-

127 4268 286 4323 θένου
319 4270 477 4341 μόνος
504 4271 819 4343 γεννηθεὶς,
856 4271 1199 4343 πρωτότοκος
1249 4272 1417 4341 αὐτῆς
1465 4268 1699 4342 εἴρηται.

1806 531 1965 599 9ἱιιετ
2005 530 2192 582 bonus.
2223 528 2520 598 Respondit
2561 532 2721 598 igitur
2756 530 2900 584 velut
2931 530 2998 584 ad
3047 537 3370 593 tentantem,

1810 630 1869 673 ut
1896 620 2245 689 Evangelium
2266 622 2431 685 dicit;
2463 631 2555 675 aut
2577 622 2725 676 velut
2749 624 2815 675 ad
2844 620 3373 692 ignorantem,quod

1813 709 1951 765 Deus
1979 711 2152 765 bonus
2175 710 2265 777 sit,
2296 718 2351 764 et
2379 727 2484 765 non
2522 712 2841 781 simpliciter
2884 713 3145 781 magister
3172 712 3368 766 bonus.

2086 800 2154 855 In
2184 800 2340 864 illud,
2377 819 2398 853 ι
2446 800 2628 865 Pater,
2657 803 2897 872 glori/ica
2922 820 3001 857 me
3028 803 3107 853 “.
3148 820 3168 854 ι

1878 890 1936 945 Si
1967 908 2088 945 cum
2121 892 2419 962 glorilicari
2444 908 2473 946 a
2512 892 2673 948 Patre
2695 894 2862 948 Filius
2896 894 3232 964 postularet,
3280 908 3369 948 se-

1806 983 2041 1035 cundum
2069 982 2345 1049 deitatem,
2380 998 2485 1037 non
2519 987 2811 1037 secundum
2848 984 3239 1038 humanitatem
3271 999 3370 1053 po-

1805 1071 2083 1128 stulahat:
2117 1074 2260 1141 quod
2313 1090 2417 1128 non
2472 1074 2721 1137 habebat,
2769 1075 3005 1141 petebat.
3042 1075 3105 1129 Et
3132 1090 3371 1145 evange-

1805 1161 1930 1215 lista
1956 1164 2243 1228 mentitur,
2288 1179 2411 1215 cum
2434 1163 2571 1217 dixit
2599 1181 2613 1218 :
2645 1163 2881 1219 Vidimus
2906 1165 3123 1235 gloriam
3150 1168 3264 1235 ejus
3288 1167 3367 1233 ¹⁸;

1807 1260 1860 1304 et
1889 1252 2181 1320 Apostolus
2213 1270 2228 1306 :
2278 1253 2404 1306 Non
2431 1255 2607 1323 utique
2659 1254 2943 1308 Dominum
2987 1258 3169 1326 gloria:
3195 1261 3365 1311 cruci-

1805 1341 2043 1409 ﬁxissem
2089 1343 2166 1408 ¹⁶;
2208 1355 2261 1398 et
2309 1344 2474 1397 David
2508 1364 2521 1399 :
2573 1344 2641 1398 Et
2692 1347 2924 1399 introibit
2955 1364 3046 1401 rea:
3078 1349 3269 1417 gloria:
3305 1350 3369 1405 ¹⁷.

1806 1428 1922 1484 Non
1961 1433 2121 1501 igitur
2153 1435 2519 1487 accessionem
2549 1436 2681 1503 petit
2706 1435 2909 1505 gloriae,
2942 1438 3035 1491 sed
3059 1449 3115 1492 ut
3154 1439 3373 1508 dispen-

1806 1526 2031 1579 sationis
2058 1526 2149 1578 [iat
2181 1525 2568 1581 mauiiestatio.

2469 1617 2535 1671 In
2557 1618 2713 1673 idem.

1883 1705 1938 1761 Si
1979 1722 2139 1776 quam
2171 1709 2406 1765 habebat
2434 1711 2659 1781 gloriam
2697 1720 2985 1781 antequam
3016 1716 3249 1771 mundus
3277 1715 3373 1773 ﬁe-

1807 1808 1913 1862 ret,
1940 1813 2057 1852 eam
2087 1816 2215 1855 vere
2243 1817 2272 1855 a
2305 1801 2466 1855 Patre
2490 1804 2734 1870 petebat;
2765 1804 2907 1858 hanc
2930 1808 3185 1861 amissam
3215 1819 3366 1876 pete-

1809 1890 1920 1943 bat.
1947 1891 2130 1957 Neque
2169 1894 2313 1947 enim
2345 1895 2486 1963 quod
2518 1894 2769 1959 habebat,
2804 1896 2855 1949 id
2897 1898 3147 1966 accipere
3176 1909 3363 1968 postu-

1805 1977 1971 2034 labat.
2004 1980 2059 2035 Si
2092 1996 2219 2035 vero
2255 1997 2341 2036 res
2378 1983 2449 2036 ita
2481 1998 2540 2037 se
2567 1984 2748 2046 habet,
2790 1998 2896 2038 non
2923 1985 3150 2055 gloriam
3188 1989 3372 2044 amisit

1805 2070 1996 2137 solum,
2051 2073 2146 2127 sed
2176 2074 2434 2128 deitatem
2475 2076 2658 2128 etiam.
2705 2075 2839 2129 Nam
2875 2078 3045 2147 gloria
3092 2094 3121 2132 a
3167 2080 3372 2136 deitate

1804 2164 2044 2231 separari
2094 2180 2196 2219 non
2231 2176 2432 2235 potest.
2478 2166 2665 2221 Nudus
2686 2183 2822 2233 ergo
2847 2173 3146 2226 secundum
3182 2172 3372 2228 Photi-

1804 2268 1931 2309 num
1966 2256 2128 2312 homo
2154 2268 2293 2312 erat.
2330 2256 2564 2313 Proinde
2609 2274 2733 2314 eum
2772 2260 2897 2315 talia
2946 2262 3240 2317 secundum
3274 2266 3375 2319 hu-

1804 2351 2083 2406 manitatis
2128 2352 2613 2421 dispensationem,
2669 2369 2777 2409 non
2820 2358 3120 2412 secundum
3155 2358 3372 2417 deitatis

1804 2441 2072 2497 deiectum
2114 2443 2317 2500 dixisse
2338 2455 2573 2501 constat.

1875 2530 1944 2584 In
1975 2533 2146 2600 illud,
2175 2552 2194 2585 ι
2241 2534 2634 2605 Primogenitus
2674 2538 2848 2591 omnis
2892 2548 3147 2594 creatura:
3180 2540 3243 2593 ¹⁸.
3275 2560 3295 2592 ι

1874 2622 2042 2677 Filius
2082 2625 2125 2678 si
2156 2633 2283 2679 ante
2310 2637 2612 2681 creaturam
2634 2630 2879 2698 genitura
2917 2646 3019 2684 non
3052 2642 3218 2697 esset,
3278 2633 3373 2687 sed

1805 2725 2048 2769 creatura
2076 2732 2092 2780 ;
2125 2718 2525 2786 primocreatus
2553 2720 2738 2787 utique
2779 2722 3081 2786 diceretur,
3126 2740 3231 2777 non
3262 2726 3375 2793 pri-

1807 2809 2130 2879 mogenitus.
2164 2811 2219 2865 Si
2249 2822 2535 2882 propterea
2558 2814 2699 2881 quod
2730 2816 3120 2884 pritnogeuitus
3149 2828 3371 2872 creatu-

1808 2915 1881 2954 rte
1908 2901 2083 2955 dictus
2120 2914 2225 2961 est,
2253 2901 2647 2971 primocreatus
2681 2913 2785 2965 est,
2811 2903 2976 2957 etiam
3004 2919 3069 2959 eo
3091 2908 3232 2973 quod
3258 2909 3374 2976 pri-

1807 2992 2120 3062 mogenitus
2148 3000 2482 3046 mortuorum
2526 2993 2704 3046 dictus
2736 3003 2820 3046 est
2851 2994 2895 3025 ¹⁹
2920 3033 2934 3060 ,
2981 2995 3187 3064 primus
3211 3012 3277 3051 ex
3308 2999 3373 3054 iis

1809 3084 1897 3152 qui
1937 3084 2131 3137 mortui
2159 3093 2305 3148 sunt,
2344 3094 2588 3138 mortuus
2620 3083 2801 3137 fuerit.
2834 3084 2891 3138 Si
2934 3101 3062 3140 vero
3094 3089 3369 3159 primoge~

1811 3175 1955 3228 nitus
1997 3184 2328 3229 tnortuorum
2374 3189 2437 3227 ex
2465 3188 2530 3228 eo
2567 3174 2743 3228 dictus
2783 3184 2885 3237 est,
2914 3177 3053 3243 quod
3094 3193 3258 3233 causa
3289 3190 3375 3233 est

1809 3264 2219 3319 resurrectionis
2242 3280 2272 3319 e
2308 3266 2533 3317 mortuis
2560 3282 2574 3317 :
2608 3266 2677 3317 ita
2707 3280 2760 3319 et
2792 3267 3181 3336 prituogenitus
3207 3284 3371 3323 crea-

1810 3365 1962 3419 lurte,
1987 3371 2053 3409 ex
2074 3370 2138 3410 eo
2160 3358 2301 3423 quod
2326 3371 2489 3409 causa
2511 3366 2660 3410 estut
2679 3371 2926 3411 creatura
2951 3376 2981 3412 e
3000 3360 3165 3413 nihilo
3186 3362 3251 3413 ad
3266 3378 3376 3416 esse

1806 3451 2062 3515 produt-ta
2084 3449 2170 3501 sit.
2198 3446 2255 3499 Si
2285 3449 2653 3514 cumprimqu
2679 3448 2878 3504 factum
2901 3464 3020 3505 esse
3047 3452 3173 3506 hinc
3191 3463 3376 3507 osten-

1806 3537 1968 3595 ditur.
1993 3538 2133 3605 quod
2165 3537 2561 3605 primogenitus
2580 3552 2844 3593 creatura:
2871 3542 3050 3595 dictus
3078 3552 3184 3609 est,
3230 3546 3376 3614 Apo-

1805 3629 1976 3683 stolus
2006 3629 2095 3698 qui
2124 3629 2295 3681 dixit:
2333 3628 2524 3682 Omnia
2539 3646 2630 3697 per
2646 3631 2816 3698 ipsum
2846 3634 2971 3686 etin
3001 3635 3169 3701 ipsum
3196 3646 3374 3690 creata

1804 3730 1921 3772 sunt
1939 3719 2005 3785 *°,
2037 3718 2221 3772 debuit
2245 3718 2430 3773 dicere
2456 3737 2471 3773 :
2495 3719 2562 3773 Et
2584 3720 2699 3788 ipse
2719 3721 2892 3789 factus
2920 3733 2994 3777 est
3017 3733 3143 3778 ante
3164 3727 3370 3781 omnia.

1803 3810 1874 3864 At
1898 3825 2018 3863 cum
2048 3810 2247 3861 dixerit
2283 3823 2297 3861 :
2325 3807 2395 3861 Et
2429 3810 2539 3878 ipse
2562 3820 2639 3864 est
2674 3823 2795 3866 ante
2841 3817 3017 3868 omnia
3051 3858 3066 3881 ,
3136 3819 3375 3873 ostendit

1804 3915 1926 3953 eum
1974 3899 2188 3966 quidem
2229 3911 2443 3967 semper
2493 3913 2636 3965 esse,
2677 3911 2985 3956 creaturam
3011 3919 3140 3958 vero
3173 3907 3372 3961 factam

1805 3988 1990 4044 fuisse.
2053 3986 2183 4041 Natu
2248 3987 2418 4052 illud,
2464 4000 2560 4054 est,
2623 4006 2744 4043 cum
2802 3992 2922 4059 hor,
3003 3993 3070 4048 Ia
3117 3998 3373 4067 principio

1803 4092 1912 4135 erat
1950 4078 2169 4133 Verbum
2192 4078 2258 4142 “,
2288 4082 2576 4135 consentit.
2614 4081 2672 4136 Si
2706 4082 2896 4145 Filius,
2930 4085 3214 4153 inquiunt,
3248 4091 3364 4156 pri-

1806 4172 2113 4241 mogenitus
2143 4179 2248 4236 est,
2284 4185 2389 4223 non
2430 4170 2657 4240 amplius
2689 4182 2771 4227 est
2808 4174 3139 4244 unigenitus,
3181 4180 3273 4233 sed
3316 4189 3374 4235 et

1806 4263 1944 4318 alius
1975 4277 2094 4317 esse
2122 4262 2305 4324 debet,
2342 4262 2429 4316 cui
2462 4274 2807 4333 comparatus
2847 4268 3242 4338 primogenitus
3288 4274 3371 4327 di-

126 4364 286 4427 Ἔως
327 4358 399 4418 οὗ
450 4361 558 4435 γὰρ
596 4365 783 4428 ἔτεκε,
826 4364 988 4433 φησὶ,
1033 4363 1139 4416 τὸν
1182 4362 1316 4416 υἱὸν
1370 4362 1560 4430 αὐτῆς
1592 4362 1699 4415 τὸν

1812 4365 1979 4409 catur.
2009 4354 2193 4422 Atqui,
2226 4368 2260 4408 ο
2289 4354 2524 4423 sapiens,
2549 4356 2711 4410 etiam
2738 4372 2803 4411 ex
2838 4357 3003 4411 Maria
3041 4361 3249 4427 virgine
3280 4378 3372 4418 so-

124 4434 535 4522 πρωτότοκον.
564 4454 725 4506 Ὥστε
764 4454 863 4507 οὐκ
905 4453 1118 4523 ἀνάγκη
1146 4452 1373 4521 ἀδελφοῦ
1404 4451 1515 4522 (46)
1543 4470 1692 4522 πρω-

1812 4449 1889 4502 lus
1918 4455 2094 4512 natus,
2125 4448 2518 4517 primogenitus
2542 4447 2659 4515 ejus
2685 4449 2863 4503 dictus
2890 4459 2991 4504 est.
3027 4451 3199 4507 Donec
3226 4456 3367 4508 enim

124 4545 345 4597 τότοκον
378 4542 651 4612 λέγεσθαι.
703 4543 936 4614 Λεχθείη
980 4543 1025 4596 δ’
1060 4544 1147 4607 ἂν,
1173 4544 1251 4596 ὃτι
1283 4543 1377 4597 καὶ
1399 4546 1427 4596 6
1456 4543 1561 4615 πρὸ
1589 4545 1699 4614 (47)

1812 4542 2099 4607 peperisset,
2164 4539 2357 4608 inquit,
2418 4539 2588 4605 ﬁlium
2641 4556 2792 4592 suum
2846 4543 3257 4612 primogenitum
3299 4547 3367 4600 ι’.

124 4638 309 4707 πάσης
356 4637 660 4705 γεννήσεως
708 4635 1053 4707 πρωτότοκος
1106 4634 1325 4703 ἐλέγετο
1346 4651 1359 4665 ’
1401 4634 1479 4687 ἔτι
1517 4634 1575 4687 δὲ
1607 4636 1697 4689 καὶ

1812 4633 1981 4699 Quare
2014 4645 2117 4684 non
2151 4638 2235 4682 est
2262 4642 2482 4683 necesse
2514 4630 2701 4683 fratris
2749 4645 2999 4691 respectu
3033 4636 3367 4706 primOgeui-

196 4865 244 4939 ‘f
278 4862 431 4939 Joan.
459 4880 593 4939 xvtt,
754 4865 800 4939 ξ’
826 4862 1052 4939 Ιοεηκι,
1210 4867 1296 4939 __“‘
1319 4865 1352 4939 lg
1378 4865 1601 4939 Count.
1636 4868 1689 4922 8.

1838 4866 1978 4921 Psal.
2018 4880 2173 4930 χχιιι,
2218 4866 2268 4919 7.
2349 4865 2392 4897 ³⁸
2438 4864 2645 4921 Cotoss.
2697 4868 2861 4936 1,15.
2941 4870 2984 4901 ¹⁹
3016 4869 3180 4939 Apoc.
3230 4884 3272 4936 ι,
3312 4871 3365 4925 Ξ).

121 4936 168 4964 ’θ
205 4934 413 4989 Coloss.
438 4950 478 5000 ι,
513 4934 598 4990 16.
674 4934 717 4965 ³⁸
748 4934 897 4989 Joan.
929 4949 967 4998 I,
998 4936 1044 4991 ί,
1123 4935 1167 4966 ’³
1206 4934 1396 4989 Matth.
1427 4951 1467 5001 ι,
1496 4936 1585 4989 :25.

190 5109 319 5184 με)
340 5110 475 5166 Editi
508 5113 602 5184 κα).
627 5127 726 5183 ουχ
759 5113 943 5176 ἁπλῶς
979 5113 1151 5177 οὐδεὶς
1190 5112 1504 5178 διδάσκαλος
1555 5116 1693 5184 ἁγα-

1812 5113 2034 5183 )ionysii
2064 5112 2289 5179 Petavii,
2330 5113 2483 5169 initio
2524 5113 2826 5168 Rationarii
2859 5123 3168 5183 temporum.

120 5180 235 5256 βός.
277 5180 779 5250 Τιερετιιιιιίιιεξεί
821 5198 928 5256 non
958 5195 1123 5256 recte,
1156 5193 1213 5238 at
1247 5185 1475 5256 ﬁdeliter
1509 5180 1689 5256 tanien

1862 5180 1974 5256 (44)
2006 5184 2137 5256 Heg.
2162 5184 2726 5256 tertius_upwtétoxog
2764 5187 2829 5238 ἐκ
2860 5180 3092 5255 νεκρῶν.
3121 5183 3228 5239 Alii
3259 5184 3366 5240 duo

119 5252 511 5325 interpretatus
538 5260 641 5325 est,
670 5267 791 5325 cum
834 5253 908 5306 ita
936 5254 1152 5325 scripsit
1182 5275 1195 5307 :
1240 5254 1304 5325 Et
1349 5270 1451 5307 non
1480 5254 1687 5321 simpli.

1942 5252 2420 5325 νὴῳτὼοκος-τῶν
2432 5252 2671 5325 νεκρῶν.

118 5324 254 5393 citer
281 5319 464 5393 uultus
490 5322 735 5393 magister
766 5323 950 5393 bonus.
989 5319 1059 5393 At
1080 5324 1269 5393 nostri
1314 5333 1518 5393 septem
1553 5319 1683 5378 mss.
1860 5323 1972 5392 (45)
1995 5319 2231 5393 Codices
2259 5321 2501 5393 plerique
2522 5319 2714 5380 omnes
2740 5323 2978 5393 λέγεται.
3020 5323 3222 5380 Ibidem
3255 5319 3359 5375 ali-

119 5391 216 5442 καὶ
242 5390 340 5459 οὐχ
372 5388 559 5452 ἁπλῶς
577 5384 894 5461 διδάσκαλος
918 5390 1143 5459 ἀγαθός,
1185 5393 1296 5455 illo,
1329 5384 1524 5455 οὖδείς,
1549 5408 1688 5461 pra:-

1812 5384 1918 5461 [uot
1950 5384 2075 5445 mss.
2109 5384 2345 5459 ὧσοςροί.

120 5458 398 5535 termisso,
441 5470 606 5514 recte.
653 5460 764 5535 Hoc
796 5472 879 5535 est
918 5479 934 5535 _:
972 5458 1053 5515 Me
1091 5463 1305 5535 quidem
1349 5458 1683 5535 dicis_niagi-

1812 5458 1821 5461 ’
1857 5461 2186 5535 (46)(2011-61-
2220 5458 2462 5535 Combel‘.
2516 5465 2618 5517 οὐκ
2646 5464 2891 5535 ἀνάγκης
2934 5461 3184 5532 ἀδελφοῦ.
3220 5458 3362 5535 ﬂag.

117 5536 291 5582 strum
321 5528 515 5604 bonum
542 5543 555 5579 :
584 5531 677 5583 sed
702 5532 800 5604 hoc
822 5531 1043 5604 dixisse,
1067 5528 1202 5604 satis
1226 5547 1330 5585 non
1353 5542 1453 5604 est.
1470 5528 1681 5586 Etenim

1812 5528 2305 5604 Lecutidusﬁvdyxn
2345 5528 2922 5602 ἀδελφῶνυᾼῑὶἰήιὲε.
2964 5528 3175 5604 ἀνάγκη
3207 5528 3364 5585 eaex-

118 5612 229 5671 uon
253 5611 372 5651 sum
404 5599 575 5652 solum
602 5601 856 5669 magister
887 5603 1075 5667 bonus,
1103 5601 1197 5655 sed
1223 5617 1342 5655 sum
1362 5602 1525 5656 etiam
1546 5604 1684 5658 Deus
1789 5600 2216 5671 epeiﬁdidimus
2239 5599 2422 5655 vocem
2446 5599 2657 5671 ἀνάγκη
2693 5620 2813 5658 cum
2847 5622 2863 5657 ι
2894 5599 3219 5671 subseripio.

116 5667 390 5745 δοιιμέμ.
470 5737 524 5745 -_
608 5738 622 5745 _
698 5667 741 5745 '-
898 5739 909 5745 _
1015 5739 1028 5745 _
1100 5741 1112 5745 _
1387 5742 1417 5745 ,μ
1631 5741 1640 5745 _

1856 5670 1976 5745 (47)
2007 5669 2145 5745 Editi
2188 5671 2269 5722 ὅτι
2320 5672 2413 5726 καὶ
2454 5667 2582 5743 πρό.
2616 5667 2837 5731 Veteres
2866 5667 3252 5745 quinque—libri
3278 5672 3365 5729 ὅτι

193 5738 307 5808 (45)
355 5736 430 5795 De
468 5737 696 5796 Pbotino
729 5739 978 5796 haeretico
1014 5739 1113 5804 legi
1147 5750 1327 5811 potest
1368 5741 1681 5799 dissertatio

1812 5736 1879 5794 ια).
1905 5742 1933 5793 6
1958 5740 2084 5811 πρό,
2109 5750 2273 5797 recte.
