3822 6216
451 313 553 369 703

1797 309 1854 363 S.
1899 306 2139 363 BASILII
2180 305 2394 360 HAGNI

3605 303 3709 358 τοι

449 437 562 481 tum
594 427 796 479 vocari.
834 423 946 477 Dici
984 425 1148 476 etiam
1179 425 1371 493 possit,
1406 426 1550 493 quod
1580 434 1635 477 et
1657 425 1779 494 quis
1806 425 1895 494 qui
1928 440 2015 494 ge-

2128 425 2254 495 τιρὸς
2271 425 2395 487 τοὺς
2423 421 2510 475 διὰ
2535 422 2804 482 υἱοθεσίας
2828 424 2921 476 τοῦ
2945 425 3102 494 ἁγίου
3133 422 3456 494 Πνεύματος
3479 423 3546 475 ὲκ
3571 421 3712 475 Θεοῦ

446 518 780 574 perationem
803 534 1018 572 ouu'iem
1045 518 1340 583 antecedit,
1367 519 1766 588 primogenitus
1806 519 2019 573 dicere-

445 619 533 664 tur
561 628 575 665 :
603 609 730 677 quin
768 619 823 663 et
850 617 1097 677 respectu
1137 623 1323 662 eorum
1346 648 1362 674 ,
1398 611 1488 677 qui
1537 625 1633 678 per
1670 609 2016 677 adoptionem

445 701 679 770 Spiritus
710 700 886 754 sancti
931 715 998 753 ex
1040 700 1147 754 Deo
1180 701 1289 754 uati
1340 710 1507 764 sunt,
1565 712 1624 754 ut
1671 701 1866 755 Paulus
1895 702 2015 756 ait:

447 790 704 854 Quoniam
729 806 855 859 quos
880 790 1160 858 prtescit'it,
1205 805 1291 843 eos
1329 799 1378 843 et
1412 792 1692 858 prteﬁitivit
1722 791 2016 858 conformes

445 880 690 950 imaginis
726 879 855 933 Filii
883 882 986 944 sui,
1023 893 1076 934 ut
1108 883 1218 949 ipse
1245 885 1315 935 sit
1351 885 1726 954 primogenitus
1762 885 1816 936 in
1843 884 2019 937 multis

447 971 701 1042 fratribus
731 972 798 1024 ’³.

596 1062 758 1132 293
783 1061 850 1116 In
887 1063 1042 1125 illud,
1080 1081 1098 1113 ι
1139 1063 1394 1117 Dominus
1423 1066 1614 1118 creavit
1638 1082 1718 1118 me
1758 1067 1805 1097 ’⁵

518 1147 574 1200 Si
608 1148 698 1216 qui
741 1149 794 1200 in
839 1163 1002 1201 carne
1034 1158 1152 1211 est,
1197 1150 1363 1202 dicit:
1416 1149 1526 1218 Ego
1573 1169 1688 1203 sunt
1732 1152 1813 1203 via
1841 1153 1920 1215 ²⁵ς
1967 1160 2022 1205 et

448 1240 588 1294 idem
622 1257 636 1292 :
671 1237 839 1292 Nemo
871 1241 1006 1291 venit
1055 1241 1122 1292 ad
1157 1237 1373 1294 Patrem
1414 1244 1516 1294 nisi
1546 1259 1638 1309 per
1670 1259 1748 1295 me
1781 1244 1865 1309 ¹⁶;
1911 1246 2023 1312 ipse

447 1329 612 1383 etiam
639 1340 721 1383 est
746 1329 836 1398 qui
862 1332 997 1384 dixit
1022 1347 1034 1382 :
1066 1330 1319 1385 Dominus
1344 1334 1537 1385 creavit
1572 1350 1649 1386 me
1677 1334 1884 1386 initium
1915 1335 2024 1386 via-

447 1436 565 1472 rum
593 1437 810 1473 suarum
837 1421 902 1474 ¹⁷.
929 1421 1069 1486 Quin
1099 1432 1152 1475 et
1181 1423 1246 1476 de
1273 1424 1525 1492 genitura
1553 1425 1750 1476 dicitur
1773 1434 2022 1479 creatura

447 1520 502 1566 et
536 1511 764 1576 factura,
783 1523 836 1566 ut
862 1513 988 1566 illud
1014 1531 1025 1564 :
1048 1513 1228 1566 Creavi
1255 1516 1517 1568 hominem
1547 1533 1637 1582 per
1663 1515 1830 1568 Deum
1858 1517 1934 1580 '3;
1967 1525 2024 1571 et

449 1603 672 1656 iterum:
709 1601 853 1656 Fecit
883 1604 1023 1671 ﬁlios
1053 1615 1098 1656 et
1126 1604 1265 1670 ﬁlias
1290 1607 1374 1670 ";
1409 1617 1463 1660 et
1501 1609 1700 1661 David:
1729 1609 1832 1662 Cor
1869 1627 2021 1663 mun-

448 1693 572 1744 dum
608 1709 727 1745 crea
762 1693 814 1744 in
856 1709 954 1755 ine,
1000 1691 1136 1744 Deus
1162 1693 1240 1757 ³ο,
1273 1710 1376 1747 non
1411 1705 1601 1763 petens
1637 1695 1815 1760 aliud,
1852 1697 1944 1750 sed
1971 1696 2022 1750 id

448 1783 702 1838 videlicet
729 1783 870 1853 quod
906 1794 1023 1837 erat
1059 1786 1335 1851 postulans
1369 1789 1640 1840 muudari.
1683 1787 1889 1840 Dicitur
1919 1804 2018 1841 au-
2056 1768 2096 1822 Β

452 1885 554 1928 tein
588 1887 641 1928 et
671 1891 807 1928 nova
838 1886 1109 1934 creatura,
1151 1892 1254 1931 non
1296 1878 1436 1945 quod
1465 1878 1568 1930 alia
1596 1889 1845 1932 creatura
1877 1879 2018 1934 facta

449 1966 540 2027 sit,
572 1964 664 2018 sed
687 1966 830 2034 quod
861 1965 912 2018 hi
944 1966 1034 2033 qui
1073 1965 1469 2032 illuminantur,
1502 1969 1566 2021 ad
1597 1969 1817 2022 meliora
1854 1985 2018 2038 Opera

451 2067 842 2124 prmpareutur.
899 2056 958 2112 Si
1009 2057 1206 2113 Filium
1259 2057 1421 2112 Pater
1467 2059 1672 2113 creavit
1710 2060 1776 2113 ad
1823 2076 2015 2129 opera,

452 2163 556 2201 non
613 2159 829 2218 propter
886 2150 1084 2218 ipsum,
1143 2151 1238 2205 sed
1292 2160 1512 2220 propter
1563 2167 1726 2220 opera
1783 2155 2010 2208 creavit.

449 2239 604 2306 Quod
638 2253 818 2294 autem
852 2251 1071 2310 propter
1102 2242 1268 2304 aliud,
1325 2257 1430 2296 non
1463 2253 1678 2310 propter
1710 2257 1768 2296 se
1817 2244 1895 2306 tit,
1931 2254 2022 2297 aut

449 2346 574 2399 pars
599 2341 682 2384 est
708 2331 846 2384 illius
870 2331 1024 2401 cujus
1053 2347 1216 2387 causa
1249 2332 1448 2387 factum
1476 2343 1581 2395 est,
1604 2343 1692 2388 aut
1716 2349 1781 2388 eo
1818 2336 2017 2390 minus.

450 2421 571 2475 Erit
615 2421 779 2492 igitur
811 2422 1060 2478 Salvator
1100 2433 1196 2477 aut
1231 2441 1358 2493 pars
1388 2437 1675 2490 creaturze,
1706 2438 1798 2482 aut
1845 2430 2022 2484 minor

449 2523 612 2582 quam
659 2525 932 2568 creatura.
979 2515 1156 2580 Quare
1197 2533 1419 2572 necesse
1453 2528 1536 2572 est
1577 2520 1642 2573 de
1684 2521 2020 2575 humanitate

447 2607 566 2676 ejus
594 2607 915 2676 intelligere.
957 2607 1131 2662 Possit
1161 2610 1327 2663 etiam
1358 2611 1479 2678 quis
1511 2611 1710 2676 dicere,
1765 2612 2018 2666 Salomo-

449 2715 572 2753 nem
603 2700 716 2753 haec
744 2701 808 2752 de
842 2699 928 2753 illa
962 2702 1228 2768 sapientia
1265 2702 1490 2768 dixisse,
1529 2701 1681 2770 cuius
1711 2712 1764 2758 et
1791 2705 2020 2773 Aposto-

450 2786 533 2842 lus
565 2789 828 2854 meminit,
862 2790 954 2842 ubi
988 2790 1120 2844 dixit
1149 2807 1161 2841 :
1198 2788 1339 2843 Nam
1369 2801 1649 2860 postquam
1677 2793 1734 2846 in
1761 2795 2018 2860 sapientia

449 2878 546 2933 Dei
579 2893 682 2933 non
726 2880 965 2949 cognovit
1006 2882 1231 2935 mundus
1272 2899 1364 2950 per
1406 2883 1716 2950 sapientiam
1754 2884 1917 2937 Deum
1944 2886 2015 2940 “.

449 2967 714 3025 Praeterea
753 2986 928 3039 neque
953 2970 1215 3039 pr0plteta
1241 2980 1323 3026 est
1349 2973 1440 3041 qui
1467 2972 1602 3026 dixit
1625 3014 1640 3040 ,
1671 2974 1766 3027 sed
1790 2974 2022 3028 Prover-

451 3063 658 3117 bisrttm
713 3064 962 3134 scriptor.
1006 3062 1300 3118 Proverbia
1351 3079 1536 3119 autem
1583 3066 1846 3134 imagines
1893 3075 2020 3120 sunt

450 3154 700 3217 aliorum,
733 3169 840 3207 non
869 3170 929 3207 ea
962 3154 1075 3222 ipsa
1113 3169 1233 3223 qua:
1274 3154 1546 3209 dicuntur.
1588 3157 1645 3210 Si
1673 3158 1812 3210 Deus
1846 3156 2020 3213 Filius

453 3255 571 3297 erat
599 3245 690 3312 qui
716 3244 959 3299 dicebat:
989 3243 1246 3299 Dominus
1279 3248 1472 3300 creavit
1497 3257 1596 3310 me,
1630 3251 1809 3317 potius
1837 3250 2023 3318 utique

451 3335 710 3398 dixisset,
767 3334 925 3388 Pater
965 3337 1174 3390 creavit
1217 3351 1322 3390 me.
1352 3337 1627 3405 Nusquam
1663 3339 1808 3391 enim
1848 3339 2021 3406 ipsum

450 3423 737 3478 Dominum
765 3440 920 3479 suout
949 3427 1199 3492 vocabat,
1230 3427 1324 3482 sed
1353 3443 1569 3497 semper
1597 3427 1836 3482 Patrem.
1860 3429 2018 3484 Acci-

449 3516 700 3584 piendum
735 3517 896 3584 igitur
916 3526 999 3571 est
1024 3517 1174 3582 illm],
1198 3519 1398 3588 genuit,
1427 3521 1494 3574 de
1529 3520 1639 3575 Deo
1669 3521 1808 3575 Filio
1838 3539 1850 3572 :
1891 3523 2021 3577 illud

452 3622 604 3670 vero,
651 3607 876 3670 creavit,
927 3607 992 3661 de
1025 3623 1125 3674 eo,
1159 3609 1249 3677 qui
1295 3609 1544 3663 formam-
1575 3614 1812 3680 suscepit
1853 3615 2018 3671 servi.

451 3699 716 3751 Caeterum
752 3698 805 3752 iu
842 3699 926 3752 his
972 3701 1224 3754 omnibus
1253 3716 1358 3755 non
1395 3703 1529 3758 duos
1557 3704 1822 3770 dicimus,
1854 3706 2020 3759 Deum

451 3803 718 3853 seorsum,
755 3797 808 3842 et
849 3788 1122 3842 hominem
1157 3805 1399 3845 seorsum
1437 3794 1610 3862 (unus
1643 3795 1785 3848 enim
1827 3795 2018 3864 erat),

453 3881 546 3933 sed
600 3879 922 3948 cogitatione
974 3888 1221 3934 naturam
1267 3882 1529 3951 cujusque
1581 3885 2016 3939 consideramus.

452 3971 639 4040 Neque
671 3970 814 4023 enim
841 3970 1034 4025 Petrus
1068 3974 1201 4026 duos
1230 3973 1518 4038 intellexit,
1554 3975 1642 4029 ubi
1671 3976 1807 4030 dixit
1838 3994 1849 4028 :
1887 3976 2022 4030 Cum

451 4064 612 4132 igitur
640 4061 878 4115 Christus
912 4079 1097 4130 passus
1138 4064 1205 4117 sit
1235 4080 1328 4130 pro
1367 4065 1514 4117 nobis
1552 4082 1708 4119 carne
1736 4067 1802 4120 ³².
1844 4067 1902 4120 Si
1937 4067 2022 4121 Fi-

454 4155 579 4218 lius,
609 4154 881 4222 inquiunt,
915 4155 1163 4222 genitura
1195 4165 1297 4222 est,
1334 4173 1439 4211 nou
1471 4158 1682 4211 factura
1705 4201 1718 4224 ,
1750 4162 2022 4226 quomodo

453 4245 582 4298 dicit
609 4245 888 4314 Scriptura
914 4263 926 4299 :
956 4245 1105 4298 Certo
1134 4248 1295 4316 igitur
1316 4250 1446 4301 sciat
1469 4258 1578 4302 tota
1605 4250 1794 4304 domus
1825 4249 2018 4317 Israel,

451 4338 588 4404 quod
614 4352 729 4388 eum
755 4346 801 4388 et
821 4335 1103 4388 Dominum
1129 4347 1176 4390 et
1211 4335 1474 4392 Christum
1499 4339 1619 4407 fecit
1643 4338 1782 4392 Deus
1813 4340 1895 4394 ”?
1927 4339 2023 4396 Est

2119 517 2513 586 γεννωμένους,
2567 516 2644 579 ὡς
2689 519 2718 569 6
2761 517 2973 580 Παῦλος
3015 517 3128 588 (48)
3181 532 3377 587 φησιν’
3423 517 3559 568 Ὅτι
3605 517 3711 580 οὓς

2120 609 2407 677 προέγνω,
2437 608 2534 660 καί
2579 606 2874 674 προώρισε
2903 610 3293 677 συμμόρφους
3330 607 3446 676 τῆς
3472 607 3712 671 εἰκόνος

2119 701 2224 753 τοῦ
2262 698 2400 753 Υἱοῦ
2445 699 2651 763 αὑτοῦ,
2682 702 2768 764 εἰς
2813 701 2880 752 τὸ
2917 695 3071 754 εἶναι
3108 698 3294 753 αὐτὸν
3327 700 3714 767 πρωτότοκον

2119 795 2190 846 ἐν
2215 792 2469 858 πολλοῖς
2495 791 2801 860 ἀδελφοῖςι

2430 1060 2533 1122 Εὶς
2565 1057 2653 1122 τὸ,
2691 1077 2707 1108 ι
2745 1059 2960 1125 Κύριος
2984 1057 3184 1112 ἐκτισέ
3215 1075 3312 1126 με.
3353 1077 3372 1109 s

2203 1145 2265 1200 Εὶ
2313 1149 2340 1200 6
2370 1149 2428 1199 ἐν
2475 1149 2637 1219 σαρκί
2672 1165 2868 1219 φησιν,
2919 1147 3055 1216 Ἐγώ
3091 1151 3207 1216 εἰμι
3253 1150 3292 1215 ἠ
3341 1148 3516 1213 ὁδός·
3552 1149 3652 1201 καὶ
3680 1148 3711 1200 6

2124 1238 2316 1302 αὐτὸς·
2351 1239 2563 1304 Οὐδεὶς
2595 1240 2827 1308 ἔρχεται
2853 1242 3000 1308 πρὸς
3033 1240 3138 1293 τὸν
3169 1239 3398 1308 Πατέρα
3433 1243 3488 1293 εἰ
3512 1240 3604 1310 μὴ
3636 1241 3707 1292 δι’

2123 1333 2266 1401 ἐμοῦ
2290 1349 2304 1363 °
2334 1333 2493 1394 αὑτός
2533 1335 2649 1384 ἐστι
2687 1333 2779 1384 καὶ
2809 1335 2837 1385 6
2881 1331 3082 1384 εἰπών·
3118 1333 3334 1398 Κύριος
3383 1331 3598 1385 ἐκτισέ
3632 1350 3712 1400 με

2122 1421 2319 1490 ἀρχὴν
2349 1422 2506 1475 ὁδῶν
2545 1423 2752 1476 αὐτοῦ.
2819 1424 3048 1491 Λέγεται
3091 1423 3149 1475 δὲ
3180 1423 3270 1475 καὶ
3294 1424 3386 1475 ἐπὶ
3433 1425 3713 1493 γεννήμα-

2121 1530 2212 1575 τος
2265 1513 2470 1582 κτίσμα
2517 1515 2610 1566 καὶ
2654 1514 2885 1585 ποίημα,
2918 1514 2993 1577 ὡς
3035 1514 3126 1578 τὸ,
3175 1513 3543 1582 Ἐκτισὰμην
3595 1514 3708 1584 (49)

2123 1603 2437 1671 ἄνθρωπον
2469 1605 2566 1659 διὰ
2614 1607 2719 1658 τοῦ
2767 1606 2948 1660 Θεοῦ·
2993 1607 3085 1658 καὶ
3125 1606 3282 1658 πάλιν
3306 1623 3319 1636 ·
3381 1608 3712 1673 Ἐποίησεν

2123 1697 2293 1761 υἱοὺς
2331 1697 2429 1749 καὶ
2474 1698 2800 1765 θυγατέρας
2819 1714 2832 1727 ⁸
2870 1697 2965 1750 καὶ
2997 1700 3024 1749 6
3049 1697 3243 1749 Aa6i6°
3273 1697 3541 1764 Καρδίαν
3565 1702 3709 1751 καθ-

2121 1789 2273 1854 αρὰν
2305 1790 2518 1841 κτίσον
2564 1791 2633 1841 ἐν
2666 1790 2829 1857 ἐμοὶ,
2861 1793 2893 1842 ὁ
2937 1788 3098 1853 Θεὸς,
3146 1789 3245 1841 οὐκ
3293 1789 3461 1857 ἄλλην
3514 1789 3705 1851 αἰτῶν,

2121 1879 2256 1932 ἀλλὰ
2283 1880 2380 1949 τὴν
2413 1877 2576 1933 οὖσαν
2608 1880 2939 1950 καθαρθῆναι
2959 1879 3218 1950 δηλονότι.
3254 1880 3489 1950 Εἴρηται
3520 1881 3582 1932 δὲ
3616 1882 3708 1932 καὶ

2122 1970 2282 2038 καινὴ
2310 1969 2506 2032 κτίσις,
2538 1971 2634 2038 οὐχ
2659 1969 2732 2032 ὡς
2765 1968 2931 2038 ἄλλης
2961 1969 3189 2031 κτίσεως
3211 1968 3534 2036 γενομένης,

2120 2059 2226 2112 τῶν
2282 2059 2660 2129 φωτιζομένων
2696 2059 2788 2111 ἐπὶ
2835 2057 3099 2127 βελτίοσιν
3130 2057 3311 2126 ἔργοις
3354 2073 3706 2108 κατασκευα-

2121 2150 2381 2220 ζομένων.
2411 2152 2472 2202 Ei
2525 2153 2603 2212 είς
2634 2151 2770 2220 ἔργα.
2795 2151 2886 2202 τὸν
2921 2149 3048 2201 Υἱὸν
3074 2152 3101 2201 6
3143 2149 3329 2218 Πατὴρ
3366 2148 3611 2208 ἔκτισεν,
3643 2147 3704 2198 οὐ

2120 2241 2187 2293 δι’
2218 2241 2400 2304 αὑτὸν,
2428 2242 2564 2294 ἀλλὰ
2595 2242 2683 2294 διὰ
2714 2243 2782 2294 τὰ
2815 2242 2953 2312 ἔργα
2982 2243 3142 2294 αὐτὸν
3174 2242 3407 2293 ἔκτισεν.
3448 2241 3519 2291 Τὸ
3549 2239 3607 2292 δὲ
3636 2239 3703 2291 δι’

2121 2332 2309 2403 ἕτερον
2331 2333 2425 2385 καὶ
2453 2334 2511 2384 οὐ
2547 2333 2612 2386 δι’
2644 2332 2773 2386 αὐτὸ
2798 2334 2908 2403 (50)
2939 2334 3242 2402 γινόμενον,
3279 2333 3312 2401 ἢ
3352 2332 3518 2401 μέρος
3558 2331 3702 2382 ὲκεί-

2121 2442 2210 2477 νου
2240 2425 2304 2477 δι’
2337 2424 2365 2475 ὂ
2397 2423 2631 2490 ἐγένετο,
2663 2425 2694 2495 ἢ
2727 2421 2886 2494 ἦττον
2917 2424 3094 2477 αὑτοῦ.
3132 2424 3324 2475 Ἔσται
3349 2419 3443 2474 οὖν
3473 2422 3504 2491 ἥ
3540 2423 3702 2494 μέρος

2121 2516 2148 2566 6
2183 2515 2370 2585 Σωτὴρ
2400 2517 2498 2586 τῆς
2532 2516 2784 2577 κτίσεως,
2821 2515 2853 2584 ἢ
2885 2516 3061 2584 ἥττων
3085 2515 3181 2583 τῆς
3213 2513 3466 2574 κτίσεως.
3507 2511 3699 2578 Ἀνάγ-

2123 2623 2192 2676 κη
2229 2606 2340 2676 (51)
2369 2602 2462 2659 οὖν
2497 2609 2576 2667 εἰς
2607 2606 2703 2677 τὴν
2731 2606 3126 2675 ἀνθρωπότητα
3153 2604 3316 2657 αὑτοῦ
3347 2607 3507 2657 νοεῖν.
3545 2604 3700 2655 Εἴποι

2119 2699 2162 2750 δ’
2191 2699 2255 2751 ἄν
2275 2717 2357 2761 τις
2389 2700 2483 2752 καὶ
2514 2702 2603 2752 τὸν
2634 2699 2953 2769 Σολομῶντα
2985 2699 3112 2767 περὶ
3135 2698 3230 2767 τῆς
3266 2698 3461 2765 σοφίας
3487 2697 3700 2765 ἐκείνης

2121 2791 2398 2861 εἰρηκέναι
2431 2790 2600 2844 ταῦτα
2643 2790 2777 2859 (52),
2829 2786 2897 2860 ἧς
2929 2791 3022 2842 καὶ
3062 2790 3090 2840 6
3131 2789 3451 2851 Ἀπόστολος
3493 2788 3701 2858 μέμνη-

2119 2899 2207 2934 ται
2234 2881 2438 2934 είπών·
2505 2881 2743 2948 Ἐπειδὴ
2793 2881 2905 2949 γὰρ
2940 2881 3011 2934 ὲν
3057 2879 3132 2948 τῇ
3169 2882 3355 2948 σοφίᾳ
3394 2879 3502 2933 τοῦ
3555 2879 3701 2932 Θεοῦ

2121 2973 2230 3023 οὐκ
2253 2971 2406 3038 ἔγνω
2429 2973 2462 3023 ό
2485 2971 2712 3038 κόσμος
2737 2969 2833 3023 διὰ
2856 2968 2966 3037 τῆς
2996 2970 3215 3037 σοφίας
3237 2971 3345 3021 τὸν
3371 2969 3540 3022 Θεόν.
3582 2968 3701 3020 Ἀλ-

2121 3061 2228 3125 λως
2264 3079 2323 3115 τε
2357 3065 2452 3115 καὶ
2494 3063 2614 3115 οὐδὲ
2647 3064 2934 3133 προφήτης
2960 3065 2988 3114 6
3010 3061 3198 3126 εἰπὼν,
3233 3061 3368 3114 ἀλλὰ
3394 3063 3699 3133 Παροιμια-

2125 3156 2274 3225 στής.
2302 3155 2366 3205 Ai
2399 3154 2454 3206 δὲ
2485 3155 2773 3224 παροιμίαι
2816 3152 3023 3216 εἰκόνες
3054 3153 3281 3225 ἑτέρων,
3319 3155 3418 3206 οὐκ
3464 3154 3602 3206 αὐτὰ
3633 3154 3700 3206 τά

2122 3245 2411 3316 λεγόμενα.
2439 3247 2503 3299 Ei
2527 3249 2555 3299 6
2576 3246 2707 3309 Θεὸς
2729 3247 2854 3308 Υἱὸς
2878 3241 2947 3315 ἦν
2978 3248 3007 3298 6
3033 3246 3225 3314 λέγων,
3252 3248 3468 3312 Κύριος
3497 3245 3700 3300 ἐκτισέ

2117 3356 2213 3406 με,
2247 3338 2444 3408 μᾶλλον
2474 3338 2540 3391 ἂν
2586 3333 2755 3402 εἶπεν,
2790 3338 2819 3388 6
2851 3338 3040 3407 Πατὴρ
3093 3337 3272 3389 ἔκτισέ
3313 3355 3402 3407 με.
3446 3337 3697 3407 Οὑδαμοῦ

2122 3429 2229 3501 γὰρ
2261 3430 2420 3482 αὑτὸν
2445 3429 2648 3499 Κύριον
2707 3427 2934 3494 ἑαυτοῦ,
2981 3429 3067 3481 ἀεὶ
3118 3428 3175 3479 δὲ
3228 3429 3449 3500 Πατέρα
3495 3427 3698 3482 ἐκάλει.

2121 3522 2368 3592 Ληπτέον
2400 3517 2493 3574 οὖν
2516 3521 2576 3573 τὸ
2611 3521 2731 3592 μὲν,
2756 3519 3107 3588 ἐγέννησεν,
3139 3521 3230 3572 ἐπὶ
3259 3519 3353 3571 τοῦ
3377 3519 3514 3572 Θεοῦ
3549 3520 3698 3584 Υἱοῦ,

2121 3613 2182 3665 τὸ
2214 3613 2291 3677 δὲ,
2321 3615 2581 3673 ἔκτισεν,
2618 3614 2708 3664 ἐπὶ
2749 3609 2844 3664 τοῦ
2879 3611 2976 3682 τὴν
3014 3612 3225 3682 μορφὴν
3265 3611 3363 3663 τοῦ
3392 3611 3578 3664 δούλου
3608 3611 3701 3664 λα·-

2124 3705 2328 3768 6όντος.
2348 3706 2434 3756 Ἐν
2465 3706 2597 3756 πᾶσι
2622 3705 2677 3756 δὲ
2702 3704 2910 3766 τούτοις
2933 3703 2995 3756 οὐ
3017 3702 3108 3754 δύο
3131 3703 3381 3772 λέγομεν,
3413 3702 3545 3755 Θεὸν
3574 3702 3699 3771 ἰδίᾳ,

2123 3797 2217 3847 καὶ
2251 3795 2532 3866 ἄνθρωπον
2566 3793 2670 3864 ἰδίᾳ
2703 3788 2805 3864 (εἷς
2835 3793 2943 3863 γὰρ
2975 3789 3087 3861 ἦν),
3118 3792 3252 3844 ἀλλὰ
3297 3793 3418 3844 κατ’
3463 3793 3701 3845 ἐπίνοιαν

2122 3887 2219 3956 τὴν
2265 3887 2495 3940 ἑκάστου
2545 3885 2705 3953 φύσιν
2741 3885 3100 3952 λογιζόμενοι.
3154 3883 3290 3935 Οὐδὲ
3340 3885 3450 3955 γὰρ
3498 3885 3699 3954 Πέτρος

2121 3978 2213 4030 δύο
2256 3981 2475 4048 ἐνόησεν
2503 3976 2669 4030 εἰπών
2694 3995 2706 4008 ·
2751 3971 3006 4044 Χριστοῦ
3049 3972 3161 4029 οὖν
3203 3978 3506 4042 παθόντος
3552 3979 3700 4045 ὑπὲρ

2122 4070 2290 4138 ἡμῶν
2314 4071 2512 4138 σαρκί.
2566 4070 2628 4122 Εἰ
2677 4069 2942 4138 γέννημα,
2992 4067 3178 4135 φασὶν,
3206 4067 3235 4117 6
3261 4067 3387 4129 Υἱός
3437 4070 3577 4131 ἐστι,
3612 4069 3702 4121 καὶ

2121 4163 2181 4214 οὐ
2214 4162 2446 4232 ποίημα,
2483 4161 2596 4223 πῶς
2620 4162 2652 4231 ἡ
2679 4161 2867 4231 Γραφὴ
2909 4159 3054 4227 λέγει
3076 4175 3088 4190 ο
3131 4158 3450 4226 Ἀσραλῶς
3482 4157 3597 4214 οὖν
3615 4180 3699 4230 γι-

2122 4252 2399 4306 νωσκέτω
2432 4250 2549 4317 πᾶς
2588 4249 2749 4317 οἶκος
2781 4250 3019 4317 Ἰσραὴλ
3043 4291 3057 4311 ,
3085 4250 3174 4304 ὅτι
3221 4249 3318 4302 καί
3351 4252 3575 4319 Κύριον
3601 4254 3700 4304 αὑ-

2122 4343 2229 4397 τὸν
2289 4344 2388 4396 καὶ
2426 4342 2684 4410 Χριστὸν
2733 4346 2766 4396 ό
2811 4341 2956 4407 Θεὸς
2999 4343 3290 4408 ἐποίησε;
3344 4341 3568 4412 Ῥητέον
3610 4340 3698 4396 οὖν

452 4425 634 4494 itaque
659 4425 823 4479 etiam
868 4425 955 4480 hic
985 4426 1291 4493 dicendum,
1333 4429 1385 4482 id
1419 4430 1487 4483 de
1513 4443 1578 4481 eo
1624 4429 1713 4496 qui
1748 4445 1813 4484 ex
1853 4429 2015 4485 Maria

2128 4435 2218 4488 καὶ
2242 4433 2476 4489 ἐνταῦθα
2499 4433 2738 4506 περὶτοῦ
2767 4435 2830 4486 ὲκ
2853 4434 3074 4504 Μαρίας
3105 4433 3165 4485 τὸ
3195 4432 3337 4486 κατὰ
3371 4433 3488 4504 (55)
3523 4435 3696 4504 σάρκα

453 4525 536 4569 est
573 4517 866 4570 secundum
900 4530 1118 4571 carnem
1153 4517 1353 4572 dictum
1399 4517 1604 4574 fuisse:
1638 4519 1781 4573 sicut
1821 4529 1876 4573 et
1921 4536 2020 4574 an-

522 4695 569 4726 “
610 4695 766 4750 Rom.
793 4711 908 4762 vltt,
929 4697 1018 4751 29.
1121 4697 1168 4730 “
1193 4698 1351 4753 Prov.
1383 4715 1499 4754 vm.
1530 4702 1620 4753 2%.

452 4766 496 4799 ³⁸
535 4765 668 4820 Gen.
718 4781 767 4818 v.
819 4767 874 4820 4.
949 4767 994 4800 ³⁰
1028 4767 1172 4822 Psal.
1219 4785 1268 4824 ι..
1323 4770 1409 4824 ιε.
1487 4771 1528 4801 ³¹
1571 4771 1806 4839 lCor.l,
1837 4774 1924 4825 ‘21.

523 4857 632 4926 (48)
664 4855 843 4910 Codex
864 4858 1014 4913 Colb.
1041 4861 1114 4924 ὡς
1143 4864 1171 4914 6
1205 4862 1548 4922 Ἀπόστολος.

526 4927 635 4996 (49)
665 4927 796 4993 Reg.
818 4931 1007 5002 tertius
1036 4933 1374 5002 ἐκτησάμην,
1404 4936 1631 5001 possedi.
1660 4936 1763 4988 Sed
1784 4935 2022 4991 dubitari

452 5008 560 5052 non
609 5009 805 5063 pOIest,
842 5000 971 5066 quin
1004 5015 1068 5053 ex
1119 5000 1318 5055 Bibliis'
1342 5000 1518 5071 inepte
1554 5007 1626 5058 ita
1672 5007 2018 5060 emendatum

451 5071 540 5132 sit,
587 5083 707 5119 cum
754 5081 853 5120 vox
884 5073 1086 5134 possedi
1142 5074 1208 5124 ad
1239 5073 1380 5126 hunc
1416 5074 1589 5128 locum
1621 5078 2018 5129 accommodari

454 5139 602 5214 nullo
634 5137 995 5214 modopossit.
1030 5142 1208 5214 Codex
1235 5141 1385 5195 Colb.
1415 5153 1468 5196 et
1499 5146 1586 5196 alii
1625 5157 1859 5214 quatuor
1884 5161 2017 5198 mss.

1721 4702 1765 4732 ³⁵
1794 4701 1948 4754 Jo:tn.
1998 4720 2105 4766 xlv,
2142 4705 2194 4758 6.

2124 4527 2372 4598 εἰρῆσθαι
2393 4546 2404 4557 ο
2440 4527 2514 4591 ὡς
2549 4526 2678 4596 γοῦν
2712 4528 2804 4580 καὶ
2837 4529 2866 4580 6
2896 4527 3127 4595 ἄγγελος
3156 4529 3184 4578 6
3215 4525 3697 4597 εὐαγγελιζόμενος

2301 4704 2346 4735 ’⁸
2387 4703 2522 4758 ibid.
2611 4703 2653 4733 "’
2696 4703 2856 4756 Prov.
2907 4716 3027 4766 VIII,
3072 4701 3161 4754 22.
3237 4699 3284 4730 "
3327 4699 3466 4755 Gen.
3525 4716 3601 4768 tv,
3644 4703 3689 4755 Ι.

2003 4774 2047 4805 ³³
2087 4776 2282 4831 lPetr.
2313 4791 2386 4837 tv,
2417 4775 2469 4832 1,
2511 4774 2557 4805 ³³
2594 4774 2716 4826 Act.
2747 4789 2808 4834 tt,
2832 4771 2922 4826 56.

2121 4887 2238 4926 nes.
2285 4885 2393 4924 non
2451 4868 2551 4938 legi
2589 4867 2640 4920 id
2692 4866 2882 4938 Bibliis
2935 4863 3190 4938 ἐποίησεν
3225 4863 3377 4924 υἱοὺς
3408 4863 3692 4938 state-ara;

2117 4940 2456 5013 7épa;,_{ecit
2506 4933 2648 5013 ﬁlios
2671 4937 2911 5013 etjilias,
2950 4933 3385 5013 εει1,·ὲγέννησεν
3421 4933 3580 5013 ’κριοὺς
3605 4935 3686 5013 καὶ

2099 5001 2443 5080 θυγατέρας,
2493 5001 2665 5078 genuit
2709 5001 2848 5074 ﬁlios
2906 5017 2952 5058 et
3007 5005 3166 5072 filias.
3223 5001 3367 5073 Lege
3421 5001 3690 5056 Praefatio-

2089 5095 2263 5136 .nem.

2191 5150 2299 5218 (50)
2354 5147 2534 5203 Codex
2573 5145 2744 5218 iColb.
2808 5145 2887 5218 οὑ-
2913 5142 2978 5197 δι’
3027 5140 3235 5218 ἑαυτό.-
3271 5141 3407 5210 Reg.
3470 5151 3685 5218 quartus

454 5207 603 5276 Regii
655 5215 708 5258 et
753 5209 877 5284 editi
935 5209 1257 5281 ὲκτισάμην,
1316 5216 1518 5277 creavi;
1556 5225 1608 5266 et
1643 5207 1727 5268 ita
1780 5214 1868 5267 hic
1914 5215 2015 5284 legi

2128 5207 2522 5272 )ὺ’δι”ὲαυτοῦ.
2571 5216 2712 5270 Editi
2755 5225 2812 5270 et
2855 5215 2988 5280 Reg.
3038 5214 3308 5267 secundus
3347 5207 3410 5264 ut
3468 5207 3521 5264 in
3567 5226 3658 5264 C0"

451 5288 722 5350 oportere,
760 5279 928 5350 series
976 5279 1237 5335 orationis
1293 5296 1477 5350 aperte
1514 5285 1751 5338 ostendit
1791 5302 1802 5336 :
1838 5279 2010 5350 siqui-

452 5350 572 5400 dem
613 5348 832 5422 verbum
861 5349 1161 5420 ὲκτισάμην
1211 5352 1275 5404 ad
1306 5348 1490 5405 vocem
1535 5355 1862 5422 superiorem
1893 5348 2006 5406 κτὶο

452 5433 563 5490 σμα
591 5415 926 5490 referendum
951 5415 1071 5473 esse
1103 5415 1256 5475 nemo
1275 5438 1377 5475 non
1405 5423 1566 5476 videt.
1596 5415 1765 5476 Aliter
1793 5424 2007 5490 quidem

454 5489 504 5538 itt
557 5487 674 5559 aliis
703 5490 1098 5559 exemplaribus
1127 5494 1359 5559 scriptus
1389 5494 1657 5545 invenitur
1707 5487 2006 5556 hic—locus,

454 5563 512 5629 ut
542 5557 720 5629 videre
748 5571 829 5629 est
859 5562 920 5629 in
949 5558 1200 5629 Hexaplis
1225 5557 1252 5613 ί
1275 5562 1365 5616 sed
1395 5564 1444 5614 in
1478 5578 1541 5614 eo
1575 5564 1919 5616 consentiunt
1957 5563 2011 5615 hi

451 5623 608 5702 libri,_
641 5627 788 5702 quod.
843 5628 1036 5682 habent
1078 5623 1263 5702 omnes
1319 5649 1425 5686 nou
1459 5632 1778 5702 ἐκτισάμην,
1819 5633 2008 5697 creavi,

454 5694 547 5770 sed
593 5691 930 5770 ἐκτησάμην,
965 5701 1192 5762 possedi.
1221 5701 1520 5754 Notandum
1556 5691 1832 5770 praete-rea,
1864 5702 1916 5754 in
1948 5691 2013 5756 eo

454 5752 574 5816 loco
634 5752 724 5828 qui
783 5752 974 5820 s'ta'tim'
1022 5752 2000 5845 ιπυιοί-ιιιὲ6αυίιᾶόῖἓῲἶῶ⁷οεέ

2113 5447 2185 5500 κη

2326 5359 2458 5428 Reg.
2488 5366 2715 5430 quartus
2759 5364 2814 5410 et
2844 5353 2996 5410 Colb.
3029 5352 3063 5422 ἢ
3091 5345 3253 5422 ἦττον
3279 5351 3472 5422 αὐτῆς.
3501 5350 3678 5415 Ἀνάγ-

2164 5487 2300 5573 λὸἓ)
2331 5499 2698 5573 Antiqui‘duo
2728 5496 2853 5551 libri
2887 5491 3168 5565 εἰρηκέναι
3190 5491 3386 5545 ταῦτα.
3425 5490 3539 5546 Vox
3563 5487 3678 5540 ταῦ-

2118 5568 2264 5623 τᾶἱη
2294 5571 2525 5638 vulgatis
2549 5568 2756 5622 deerat.

2194 5641 2305 5709 (55)
2333 5633 2476 5692 ΕιῙίιί
2504 5638 2713 5709 Μαρίας
2739 5638 2828 5692 τὸν
2847 5651 3006 5692 κατα.
3028 5635 3099 5692 At
3115 5633 3285 5690 nostri
3304 5641 3510 5704 septem
3533 5643 3674 5686 mssa

2121 5707 2342 5775 Μαρίας
2369 5710 2431 5765 τὸ
2464 5707 2625 5764 κατά.
