3822 6216
97 331 219 386 7θὸ

1215 321 1581 384 ADVERSUS
1621 317 1989 384 EUNOMIUM
2027 317 2154 378 LIB.
2198 315 2286 378 ιν.

3263 310 3368 377 706

95 451 240 512 τοὺς
267 443 532 520 ποιμένας
558 445 705 516 λέγει
728 449 832 511 ὅτι,
861 441 1098 517 Ἐτέχθη
1124 447 1265 516 ὑμῖν
1293 447 1560 518 σήμερον
1575 449 1694 500 Σω-

1812 445 1947 514 ςθιιιε
1963 444 2053 514 qui
2079 444 2323 498 nuntium
2345 443 2544 498 bonum
2561 434 2870 510 pastoribus
2891 433 3176 504 aﬂcrebat,
3197 439 3366 497 dicit:

96 541 247 608 τὴρ,
279 540 348 606 ὅς
380 541 510 593 ἐστι
545 540 797 608 Χριστὸς
842 541 1074 608 Κύριος.
1113 538 1185 591 Τὸ
1227 540 1354 612 γὰρ,
1401 539 1692 608 Σήμερον,

97 635 216 686 οὐκ
239 632 308 685 ἂν
347 633 476 702 περ).
503 631 598 685 τοῦ
641 633 748 702 πρὸ
778 632 987 686 αἰώνων
1015 631 1319 702 νομισθείη.
1352 633 1694 702 Σαφέστερον

97 725 165 778 δὲ
203 724 264 776 16
294 724 421 794 ἑξῆς
449 724 710 787 δείκνυσι,
742 724 991 793 λέγοντος
1022 723 1134 793 (54)
1155 741 1168 753 ·
1208 725 1427 778 Τοῦτον
1451 724 1558 777 τὸν
1586 725 1693 790 Ἰη⁴

98 817 271 871 σοῦν
300 816 372 869 ὃν
410 817 580 886 ὑμεῖς
625 816 1063 885 ἐσταυρώσατε.
1113 818 1176 869 Εἰ
1231 816 1319 869 ὅτε
1370 814 1634 885 ἐγεννήθη
1666 815 1695 866 6

101 909 264 972 Υἱὸς,
308 910 434 962 τότε
483 909 642 976 σοφία
672 909 923 976 ἐγένετο,
954 909 1147 978 ψευδὲς
1186 909 1297 980 (55)
1325 908 1404 971 16,
1441 905 1694 976 Χριστὸς

102 999 264 1053 Θεοῦ
285 999 537 1068 δύναμις
563 999 662 1052 καὶ
715 997 861 1050 Θεοῦ
911 999 1117 1066 σοφία.
1159 998 1226 1049 Ἦ
1259 998 1364 1068 γὰρ
1393 995 1559 1049 αὑτοῦ
1601 1012 1692 1048 σο-

101 1092 211 1160 φία
235 1091 345 1162 (56)
374 1094 473 1144 οὐκ
501 1091 738 1159 ἐγένετο,
772 1091 887 1143 ἀλλ’
917 1086 985 1162 ἦν
1015 1091 1120 1142 ἀεί.
1156 1091 1264 1143 Καὶ
1295 1088 1454 1142 τοῦτο
1481 1084 1576 1141 οὗι⁸
1617 1087 1694 1151 ὼς

100 1186 206 1237 ἐπὶ
230 1185 324 1237 τοῦ
358 1183 568 1254 Πατρὸς
605 1183 893 1253 λεγόμενον
942 1183 1092 1254 παρὰ
1118 1181 1315 1234 Δαϐίδ³
1365 1180 1560 1234 Γενοῦ
1589 1193 1693 1250 μοι

98 1280 198 1342 εὶς
237 1275 386 1330 Θεὸν·
430 1275 930 1342 ὺπερασπιστήν·
977 1275 1093 1337 καὶ,
1162 1272 1406 1341 Ἐγένου
1452 1291 1554 1343 μοι
1605 1276 1694 1340 εὶς

100 1370 412 1435 σωτηρίαν
431 1384 444 1398 ο
474 1369 566 1420 καὶ
593 1370 619 1420 6
644 1366 884 1430 Παῦλος
917 1365 1186 1420 Γινέσθω
1210 1365 1278 1418 δὲ
1309 1369 1342 1420 ό
1372 1366 1517 1430 θεὸς
1548 1367 1696 1434 ἀλη-

101 1461 245 1526 θὴς,
270 1458 388 1525 πᾶς
409 1459 476 1512 δὲ
491 1459 799 1527 ἅνθρωπος
821 1459 1118 1527 ψεύστης*
1142 1457 1285 1510 οὕτω
1314 1459 1407 1511 καὶ
1435 1461 1463 1511 6
1487 1460 1691 1531 Κύριος

115 1551 414 1622 Ἐγ-ενήθη
463 1552 572 1622 (57)
614 1551 759 1620 ἡμῖν
785 1551 902 1605 ἀπὸ
949 1550 1097 1604 Θεοῦ
1149 1551 1354 1618 σοφία,
1381 1550 1480 1604 καὶ
1527 1552 1693 1622 ἁγια-

102 1645 291 1714 σμὸς,
325 1646 419 1698 καὶ
449 1645 881 1713 ἀπολύτρωσις.
905 1645 966 1696 Et
995 1641 1088 1697 οὖν
1115 1647 1143 1697 6
1179 1642 1368 1714 Πατὴρ
1404 1642 1694 1712 γενόμενος

107 1734 528 1805 ὑπερασπιστὴς
573 1735 664 1787 καὶ
710 1733 933 1804 ἀληθὴς,
981 1733 1042 1786 οὐ
1094 1733 1305 1803 ποίημα
1331 1748 1343 1761 ⁸
1374 1730 1470 1785 καὶ
1506 1735 1534 1786 6
1567 1732 1693 1794 Υἱὸς

1799 534 1973 588 Natus
2002 545 2076 588 est
2101 536 2240 588 vobis
2280 534 2433 586 hodie
2459 531 2728 598 Salvator,
2753 533 2842 601 qui
2869 543 2944 586 est
2983 529 3228 585 Christus
3258 529 3369 585 Do-

1794 629 1966 681 minus
1995 627 2063 681 ³⁸.
2096 627 2229 681 Nam
2269 643 2371 682 vox
2396 668 2412 694 ,
2461 626 2657 689 Hodie,
2694 626 2761 682 de
2786 640 2852 680 eo
2889 624 2984 694 qui
3011 633 3137 680 ante
3168 625 3368 682 saecula

1795 729 1899 784 est,
1931 734 2272 790 nequaquam
2323 721 2494 790 accipi
2540 727 2736 788 potest.
2764 718 2966 773 Verum
3001 717 3056 772 id
3096 717 3238 786 quod
3273 733 3362 772 se-

1794 813 2002 881 quitur,
2034 813 2236 867 clarius
2274 813 2413 866 idem
2453 812 2715 876 ostendit,
2743 810 2834 864 ubi
2868 810 2999 864 dicit
3029 825 3042 861 ε
3083 808 3236 862 Hunc
3270 805 3368 863 Je-

1794 919 1913 956 sum
1948 921 2096 973 quem
2143 921 2233 960 vos
2271 905 2610 973 cruciﬁxistis
2643 901 2710 957 ³⁸.
2757 902 2814 958 Si
2848 918 2970 957 cum
3017 904 3230 972 genitus
3285 910 3371 957 est

1793 988 1982 1060 Filius,
2019 1004 2144 1052 tunc
2169 998 2434 1064 sapientia
2469 997 2611 1050 facta
2647 1005 2766 1058 est;
2799 996 2992 1050 falsum
3026 995 3176 1060 illud,
3221 994 3372 1050 Clu-ie

1795 1095 1910 1138 stus
1947 1087 2046 1141 Dei
2077 1092 2310 1158 potentia
2338 1100 2386 1144 et
2416 1090 2514 1144 Dei
2540 1089 2802 1158 sapientia
2825 1085 2891 1141 ³⁸.
2922 1087 3055 1141 Nam
3099 1088 3244 1143 illius
3282 1103 3372 1143 sae

1793 1177 1992 1245 pientis
2025 1178 2166 1234 facta
2193 1196 2299 1236 non
2333 1191 2437 1246 est,
2482 1182 2575 1236 sed
2609 1195 2826 1249 semper
2859 1191 2997 1234 erat.
3035 1181 3111 1234 Ac
3144 1180 3371 1249 proinde

1793 1264 1934 1323 sicut
1958 1268 2027 1325 de
2050 1269 2212 1326 Patre
2241 1287 2268 1324 a
2303 1270 2510 1324 Davide
2539 1270 2743 1324 dictum
2772 1280 2856 1324 est
2888 1269 3015 1322 illud
3043 1286 3056 1322 :
3089 1267 3217 1320 Esto
3243 1267 3370 1320 mihi

1792 1363 1847 1414 in
1885 1358 2049 1432 294
2077 1361 2240 1416 Deum
2271 1372 2610 1431 protectorem
2633 1362 2711 1426 '7;
2738 1371 2814 1428 et,
2849 1358 3048 1413 Factus
3077 1376 3129 1413 es
3155 1359 3284 1412 mihi
3317 1361 3372 1412 in

1793 1452 2017 1506 salutem
2060 1453 2143 1518 ’3;
2195 1462 2250 1506 et
2303 1452 2546 1507 Paulus:
2600 1450 2725 1505 Fiat
2777 1462 2951 1504 autem
2997 1451 3134 1504 Deus
3175 1467 3370 1515 verax,

1793 1545 1960 1597 omnis
1981 1560 2100 1597 vero
2125 1542 2276 1597 homo
2305 1543 2531 1597 mendax
2547 1543 2594 1575 ‘°
2620 1561 2633 1607 ;
2665 1543 2744 1597 sic
2775 1541 2936 1596 etiam
2967 1541 3225 1595 Dominus
3251 1537 3372 1593 Fa-

1794 1647 1908 1690 ctus
1946 1647 2021 1690 est
2063 1637 2210 1690 nobis
2239 1654 2270 1689 a
2316 1636 2424 1690 Deo
2463 1635 2761 1700 sapientia,
2813 1642 2862 1686 et
2902 1632 3252 1700 sanctiﬁcatio
3278 1671 3293 1696 ,
3323 1641 3372 1684 et

1796 1731 2080 1794 redemptio
2109 1729 2178 1782 ⁸ο.
2223 1728 2278 1783 Si
2326 1729 2492 1798 igitur
2536 1719 2698 1782 Pater
2734 1741 2855 1780 cum
2900 1725 2956 1777 iit
2997 1735 3273 1794 protector
3318 1729 3374 1777 et

106 1825 407 1894 γενόμενος
442 1825 600 1894 σοφία
616 1825 708 1876 καὶ
732 1825 1020 1894 ἁγιασμὸς,
1047 1825 1106 1877 οὐ
1146 1824 1376 1894 ποίημα.
1403 1823 1464 1876 Εἰ
1498 1823 1695 1893 ἀληθὲς

1812 1837 1984 1882 verax,
2020 1836 2124 1874 non
2177 1831 2257 1874 est
2305 1820 2550 1874 factura:
2597 1834 2773 1887 neque
2822 1816 2990 1870 Filius
3020 1831 3142 1870 cum
3198 1816 3256 1870 lit
3286 1831 3374 1869 sa-

107 1917 197 1976 τὸ,
231 1910 326 1979 Εἷς
359 1913 537 1978 Θεὸςὸ
569 1917 757 1986 Πατήρ
785 1932 798 1946 ·
840 1914 1038 1986 ἀληθὲς
1069 1914 1310 1985 δηλονότι
1346 1915 1441 1968 κα)¹
1472 1912 1567 1978 16,
1603 1910 1698 1978 Εἷς

109 2010 322 2080 Κύριος
367 2009 573 2079 Ἰησοῦς
612 2009 843 2078 Χριστὸς
883 2009 911 2060 6
941 2008 1152 2077 Σωτήρ.
1196 2006 1334 2059 Οὔτε
1367 2002 1460 2061 οὖν
1503 2006 1634 2070 Θεὸς
1671 2009 1699 2060 6

109 2101 310 2172 ῖωτὴρ
338 2102 456 2154 κατ’
497 2101 712 2162 αὐτοὺς,
744 2097 866 2152 οὔτε
900 2101 927 2151 6
957 2100 1148 2169 Πατὴρ
1180 2096 1403 2168 Κύριος.
1441 2096 1552 2150 Καὶ
1593 2097 1698 2167 μά-

109 2211 216 2266 την
249 2193 310 2246 τὸ
329 2235 342 2257 ,
369 2189 552 2246 Εἶπεν
577 2196 609 2246 ὁ
649 2194 863 2258 Κύριος
892 2190 971 2256 τῷ
1006 2189 1200 2256 Κυρίῳ
1223 2207 1362 2258 μου.
1396 2189 1605 2252 Ψευδὲς
1640 2189 1698 2241 δὲ

110 2287 213 2340 καὶ
236 2285 316 2348 τὸ,
340 2287 441 2338 Διά
477 2285 650 2337 τοῦτο
696 2283 900 2352 ἐχρισέ
929 2297 1001 2337 σε
1033 2285 1065 2336 ό
1101 2281 1264 2347 Θεὸς,
1298 2285 1330 2335 ό
1375 2283 1518 2348 Θεός
1545 2299 1662 2335 σου
1682 2299 1695 2312 ο

111 2379 215 2432 καὶ
264 2379 344 2441 16,
396 2377 634 2444 'E6psEe
675 2378 888 2445 Κύριος
935 2375 1094 2444 παρὰ
1149 2375 1400 2441 Κυρίουο
1467 2375 1564 2427 καὶ
1615 2371 1697 2438 τὸ,

125 2470 456 2536 Ἐποίησεν
502 2473 534 2522 ὀ
581 2469 725 2534 Θεὸς
773 2467 901 2521 κατ’
952 2468 1159 2520 είιιόνα
1210 2465 1389 2518 Θεοῦο
1437 2467 1550 2530 καὶ,
1604 2468 1700 2530 Τίς

114 2559 268 2625 Θεὸς
309 2558 497 2627 παρὲξ
530 2559 636 2612 τοῦ
663 2558 918 2626 Κυρίου;
949 2559 1061 2622 καὶ,
1102 2558 1196 2623 Τίς
1231 2557 1374 2624 Θεὸς
1395 2557 1561 2625 πλὴν
1595 2558 1700 2612 τοῦ

115 2649 274 2704 Θεοῦ
303 2649 502 2720 statim;
533 2651 628 2704 καὶ
652 2647 680 2702 6
722 2650 974 2721 Ἰωάννης
995 2651 1098 2709 ὅτι..
1131 2649 1274 2714 Θεὸς
1319 2649 1400 2718 ἦν
1435 2651 1467 2703 ό
1490 2650 1698 2720 Λόγος,

112 2741 220 2795 καὶ
255 2744 288 2794 ὁ
317 2742 504 2811 Λόγος
530 2739 610 2812 ἦν
635 2741 785 2810 πρὸς
826 2741 933 2795 τὸν
981 2743 1153 2795 Θεό-ν·
1187 2743 1281 2794 καὶ
1321 2744 1348 2794 6
1385 2741 1587 2812 Θωμᾶς
1611 2739 1703 2795 ἐπὶ

1801 1912 2000 1980 pientia
2024 1923 2078 1965 et
2098 1911 2476 1974 sanctiﬁcatio,
2508 1910 2718 1965 factura
2739 1921 2840 1964 est.
2863 1907 2976 1962 Hoc
2993 1909 3035 1963 si
3056 1924 3240 1962 verum
3263 1916 3371 1971 est,

1801 2003 1954 2057 Unus
1985 2003 2123 2056 Deus
2152 2002 2310 2055 Pater
2336 2019 2349 2054 :
2380 2003 2619 2070 profecto
2652 2016 2836 2056 verum
2871 2009 2956 2056 est
2988 2009 3043 2055 et
3071 2001 3194 2066 hoc,
3221 1999 3375 2055 Unus

1801 2095 2065 2149 Dominus
2088 2093 2244 2149 Jesus
2266 2093 2517 2149 Christus
2559 2095 2824 2149 Salvator.
2851 2094 3032 2164 Neque
3063 2093 3224 2158 igitur
3249 2092 3372 2146 Sal-

1801 2197 1956 2240 valor
1975 2187 2268 2240 secundum
2297 2189 2442 2256 ipsos
2466 2189 2605 2241 Deus
2620 2198 2721 2253 est,
2743 2202 2916 2256 neque
2941 2187 3097 2241 Pater
3117 2185 3375 2240 Dominus

1800 2289 1904 2333 εει.
1940 2278 1998 2332 ΕΙ
2033 2277 2235 2332 lrustra
2268 2280 2417 2344 illud,
2447 2281 2590 2334 Dixit
2617 2280 2871 2334 Dominus
2905 2280 3127 2333 Domino
3162 2295 3274 2332 meo
3303 2276 3372 2333 ⁸⁸.

1803 2371 2018 2425 Falsum
2051 2381 2228 2425 autem
2262 2382 2314 2426 et
2355 2373 2482 2426 illud
2523 2389 2537 2427 :
2577 2373 2864 2440 Propterea
2908 2374 3058 2426 unxit
3102 2383 3149 2426 te
3191 2371 3373 2434 Deus,

1806 2462 1943 2516 Deus
1974 2473 2096 2518 tuus
2135 2466 2216 2532 ";
2251 2465 2381 2520 illud
2441 2466 2627 2520 itidem
2669 2485 2683 2521 :
2717 2465 2863 2520 Pluit
2900 2467 3151 2520 Dominus
3182 2483 3215 2519 a
3271 2465 3377 2519 Doo

1802 2555 1945 2608 mino
1983 2554 2065 2620 ⁸³;
2122 2565 2177 2609 et
2229 2557 2358 2611 illud
2413 2574 2426 2611 :
2489 2555 2644 2612 Fecit
2705 2558 2846 2612 Deus
2908 2559 3196 2612 secundum
3241 2558 3378 2610 ima~

1802 2645 1974 2715 ginem
2012 2645 2211 2714 Dei“;
2249 2656 2344 2702 et:
2383 2647 2512 2714 Quis
2556 2649 2698 2704 Deus
2745 2661 2936 2718 praeter
2979 2649 3261 2704 Dominum
3289 2647 3380 2702 ιιι

1803 2748 1859 2794 et
1886 2761 1899 2794 :
1927 2738 2057 2805 Quis
2085 2741 2224 2795 Deus
2245 2751 2437 2810 praeter
2470 2743 2635 2796 Deum
2661 2756 2897 2798 nostrunt
2921 2743 3005 2798 “3
3026 2755 3080 2797 et
3102 2743 3338 2798 Joannes
3361 2759 3375 2796 ι

114 2832 215 2885 τοῦ
252 2831 382 2886 Υἱοῦ
412 2850 424 2862 ·
471 2833 536 2887 '0
574 2834 787 2901 Κύριός
812 2851 960 2902 μου,
996 2833 1094 2885 καὶ
1139 2837 1170 2886 d
1209 2833 1353 2898 Θεός
1387 2851 1526 2902 μου.
1559 2832 1703 2904 Πρὸς

1812 2829 1947 2885 Deus
1976 2845 2086 2886 erat
2131 2829 2374 2900 Verbum,
2401 2845 2448 2887 et
2492 2832 2708 2887 Verbum
2733 2846 2843 2888 erat
2864 2839 3002 2902 apud
3029 2835 3198 2890 Deum
3222 2831 3298 2901 ";
3327 2838 3382 2889 et

113 2921 190 2975 τὰ
225 2923 498 2992 κτίσματα
527 2919 621 2976 οὖν
650 2923 744 2976 καὶ
779 2925 905 2986 τοὺς
937 2923 1144 2992 ψευδῶς
1175 2921 1332 2986 θεοὺς
1378 2925 1473 2976 καί
1505 2924 1566 2976 οὐ
1601 2942 1701 2977 κυ-

1812 2921 2045 2977 Thomas
2087 2923 2152 2978 de
2193 2921 2364 2978 Filio:
2406 2923 2657 2978 Dominus
2691 2943 2856 2992 meus,
2887 2935 2936 2979 et
2971 2925 3112 2980 Deus
3147 2944 3290 2995 meus
3310 2926 3376 2980 ⁸⁸.

121 3014 260 3083 pitu;
285 3015 609 3085 εἰρημένους
631 3019 768 3069 νοείν
791 3016 890 3079 τὰς
917 3015 1321 3079 ἀντιδιαστολὰς
1351 3017 1432 3070 δεῖ
1449 3057 1462 3082 ,
1494 3018 1593 3071 οὐκ
1624 3019 1703 3080 εἰς

1812 3012 2162 3069 Diversitates
2191 3015 2350 3085 igitur
2376 3017 2443 3068 ad
2475 3027 2762 3070 creaturas
2791 3025 2846 3069 et
2877 3015 2945 3070 ad
2977 3031 3071 3071 eos
3102 3018 3192 3085 qui
3215 3017 3376 3081 falso.

117 3105 216 3159 τὸν
243 3105 458 3175 Πατέρα
491 3107 583 3160 καὶ
611 3103 701 3160 τὸν
741 3108 888 3160 Υἱόν.

1812 3121 1916 3160 non
1965 3109 2178 3177 proprie
2220 3108 2293 3162 dii
2334 3108 2612 3176 dicuntur,
2643 3117 2858 3178 oportet
2897 3107 3115 3174 referri,
3163 3123 3268 3163 non
3313 3111 3380 3163 ad

1732 3172 1774 3230 ο
1809 3172 2022 3254 Patrem
2057 3172 2109 3255 et
2141 3195 2358 3256 Filium.

120 3283 232 3348 Εἰς
261 3282 346 3346 τὸ,
373 3302 390 3334 ι
425 3285 557 3338 Ἵνα
601 3284 941 3383 ﬁrmat;ng
968 3297 1040 3339 σε
1065 3286 1173 3340 τὸν
1195 3284 1388 3357 μόνον
1411 3287 1703 3356 ἀληθινὸν

1812 3311 1877 3367 1η
1900 3313 2054 3378 illud,
2100 3331 2118 3364 ι
2149 3310 2214 3366 Ut
2242 3320 2559 3383 cognoscant
2585 3322 2634 3368 te
2661 3313 2829 3368 solum
2856 3328 3032 3369 verum
3060 3314 3229 3370 Deum
3252 3315 3320 3369 ⁸⁸.
3354 3331 3377 3372 s

797 3357 963 3409 Θεόν.
998 3377 1016 3408 s

209 3444 272 3496 '0
296 3441 547 3516 ἀληθινὸς
597 3447 733 3518 πρὸς
791 3448 918 3510 τοὺς
958 3447 1167 3517 ψευδῶς
1205 3449 1705 3520 ἀντιδιαστελλὸμειο

122 3551 218 3597 νος
268 3533 516 3604 λέγεται·
576 3539 604 3589 6
655 3537 711 3590 δὲ
756 3536 1088 3610 ἀσύγκριτος
1136 3539 1272 3611 πρὸς
1337 3541 1515 3594 πάντα
1561 3540 1703 3594 κατὰ

124 3625 308 3679 πάντα.
351 3627 650 3697 ὑπερέχων.
704 3627 886 3681 Εἰπὼν
923 3625 1015 3681 οὖν
1051 3632 1078 3682 6
1118 3629 1383 3701 Ἱερεμίας
1433 3632 1561 3702 περὶ
1607 3630 1703 3684 τοῦ

126 3717 284 3783 Υἰοῦ,
328 3714 514 3784 Οὗτος
545 3722 578 3772 ό
609 3720 753 3783 Θεὸς
780 3719 949 3789 ἡμῶν
979 3721 1112 3792 (58).
1155 3724 1226 3776 οὺ
1276 3722 1707 3792 λογισθήσεται

123 3809 331 3876 ἔτερος
376 3810 526 3876 πρὸς
555 3811 778 3875 αὐτὸν,
827 3812 1043 3881 μείζονα
1075 3814 1169 3866 καὶ
1223 3813 1316 3865 τοῦ
1371 3815 1585 3885 Πατρδς
1632 3809 1710 3867 εἶα

125 3917 232 3952 πεν
281 3900 429 3970 (59);
465 3901 584 3954 Ὅτι
623 3902 681 3954 δὲ
725 3901 976 3973 ἀληθινὸς
1007 3903 1139 3966 Θεὸς
1191 3903 1286 3958 καὶ
1338 3905 1366 3956 6
1406 3904 1532 3967 Υἱὸς
1572 3905 1708 3975 (60),

125 3995 293 4058 αὐτὸς
330 3995 358 4047 6
391 3993 643 4072 Ἰωάννης
671 3996 728 4047 ὲν
759 3999 824 4065 τῇ
866 3997 1152 4067 Ἐπιστολῇ
1195 4013 1357 4066 φησιν
1384 4011 1398 4025 ·
1451 3998 1584 4051 Ἵνα
1621 4015 1708 4066 τις

1882 3445 2090 3499 Dicitur
2133 3460 2328 3511 verus,
2368 3447 2510 3516 quod
2565 3447 2634 3502 ab
2664 3447 2730 3502 iis
2775 3448 2865 3516 qui
2919 3447 3056 3504 falso
3108 3450 3382 3516 dicuntur,

1811 3537 2196 3606 distinguitur;
2223 3539 2668 3606 incomparabilis
2693 3554 2844 3602 vero,
2867 3543 3009 3608 quod
3036 3542 3175 3596 inter
3199 3545 3383 3597 omnia

1809 3630 1864 3684 in
1893 3629 2144 3683 omnibus
2171 3629 2406 3682 excellit.
2439 3629 2672 3684 Proinde
2699 3645 2820 3684 cum
2853 3631 3118 3688 Jeremias
3151 3635 3218 3689 de
3245 3633 3385 3689 Filio

1811 3721 1944 3775 dixit
1969 3738 1982 3772 :
2010 3719 2112 3773 Hic
2140 3731 2214 3774 est
2244 3719 2382 3774 Deus
2411 3730 2606 3786 noster,
2638 3738 2742 3775 non
2765 3724 3114 3778 wstimabitur
3144 3725 3284 3779 alius
3315 3727 3384 3778 ad

1809 3825 1928 3864 eum
1953 3811 2027 3871 ⁸ο,
2071 3825 2197 3863 ιιιιιιι
2230 3820 2286 3864 et
2317 3811 2478 3865 Patre
2511 3811 2772 3881 majorem
2805 3813 2982 3867 dixit?
3016 3812 3169 3880 Quod
3201 3824 3382 3870 autem

1811 3889 1974 3956 etiam
2002 3901 2171 3955 Filius
2197 3903 2269 3956 sit
2291 3917 2450 3958 verus
2476 3905 2636 3969 Deus,
2665 3906 2779 3974 ipse
2803 3906 3037 3962 Joannes
3060 3909 3112 3962 in
3142 3906 3386 3979 Epistola

1813 3996 1944 4050 dicit
1977 4013 1990 4048 ε
2023 3995 2093 4050 Ut
2126 4013 2500 4065 cognoscamus
2529 3999 2697 4052 solum
2723 4017 2899 4054 verum
2926 4001 3112 4066 Deum,
3146 4013 3196 4056 et
3220 4003 3386 4056 simus

124 4087 453 4156 νώσκωμεν
471 4088 580 4142 τὸν
597 4089 789 4157 μόνον
825 4089 1117 4156 ἀληθινὸν
1149 4090 1296 4143 Θεόν
1318 4106 1332 4119 ·
1377 4090 1479 4144 καί
1521 4091 1703 4159 ἐσμεν

1814 4089 1870 4142 in
1903 4107 2018 4144 vero
2051 4085 2194 4144 Filio
2218 4091 2332 4160 ejus
2366 4089 2494 4144 Jesu
2527 4089 2758 4146 Christo.
2791 4091 2894 4146 llic
2927 4104 3001 4148 est
3041 4111 3188 4148 verus
3223 4094 3385 4161 Deus,

199 4221 249 4251 ³⁸
283 4220 409 4275 Luc.
454 4238 513 4283 ll,
551 4223 636 4276 Η.
738 4220 783 4253 ³³
822 4222 939 4276 Act.
979 4240 1041 4288 ιι,
1069 4223 1158 4278 56.

125 4304 212 4352 tu,
239 4292 290 4344 4.
387 4294 431 4323 ⁸ο
475 4292 643 4348 lCnr.
673 4309 710 4355 ι,
740 4294 828 4346 50.
932 4293 975 4324 ⁸⁸
1019 4295 1160 4347 l’sal.
1193 4308 1307 4358 Clx,
1338 4297 1390 4347 l.

1349 4225 1362 4277 Ι
1405 4225 1528 4280 Cor.
1582 4241 1620 4282 ι,
1662 4224 1703 4278 2·

1349 4297 1390 4347 Ι.
1466 4297 1512 4325 ⁸³
1556 4294 1692 4347 Psnl.

1854 4223 1898 4254 ³⁷
1938 4222 2080 4277 Psal.
2129 4242 2270 4288 xxx,
2311 4227 2364 4279 5.
2459 4227 2504 4258 ³⁸
2540 4226 2684 4280 ΡμιιΙ.
2721 4245 2901 4294 cxvii,
2949 4229 3040 4282 21.
3143 4230 3185 4264 ³⁸
3225 4226 3385 4287 Rom.

1812 4309 1880 4351 tv.
1911 4295 1965 4347 8.
2042 4295 2086 4326 ⁸³
2126 4297 2258 4349 Gen.
2292 4311 2421 4358 XIX,
2459 4297 2588 4350 24..
2627 4297 2673 4329 ⁸⁸
2710 4299 2844 4352 Gen.
2897 4315 2952 4363 ι,
2989 4299 3080 4354 27.
3155 4299 3202 4332 ⁸⁵
3241 4300 3386 4359 Ριιιιο

1854 4223 1898 4254 ³⁷
1938 4222 2080 4277 Psal.
2129 4242 2270 4288 xxx,
2311 4227 2364 4279 5.
2459 4227 2504 4258 ³⁸
2540 4226 2684 4280 ΡμιιΙ.
2721 4245 2901 4294 cxvii,
2949 4229 3040 4282 21.
3143 4230 3185 4264 ³⁸
3225 4226 3385 4287 Rom.

128 4377 267 4424 xvtt,
299 4361 387 4415 52.
463 4363 509 4394 ⁸⁶
550 4364 681 4420 ibid.
758 4363 801 4394 ⁸⁷
833 4361 988 4419 Joan.
1024 4380 1066 4429 ι,
1098 4367 1149 4420 l.
1225 4364 1271 4397 ⁸⁸
1293 4363 1452 4420 Joan.
1484 4380 1581 4429 xx,
1611 4365 1699 4419 28.

1812 4366 1822 4396 '
1860 4363 2018 4420 Joan.
2058 4382 2194 4430 xvii,
2223 4365 2277 4421 5.
2353 4366 2400 4398 ‘°
2426 4366 2658 4422 Barucb.
2691 4384 2776 4432 ιιι,
2800 4368 2889 4423 56.

201 4479 330 4553 (Si)
362 4480 497 4533 Editi
529 4490 584 4533 et
619 4495 760 4553 (mss.
788 4480 1033 4553 nonnulli
1057 4475 1304 4553 65ixvust
1325 4481 1519 4551 λέγων.
1542 4481 1698 4553 Regii

1812 4480 1860 4534 bi
1893 4481 2180 4553 γεννᾶσοᾳι
2215 4483 2394 4553 inepte
2425 4491 2642 4537 secutus
2682 4483 2770 4537 sit.
2811 4483 2914 4536 Alii
2959 4493 3068 4538 tres
3104 4500 3232 4538 mss.
3269 4481 3386 4539 Κύι-

123 4549 399 4607 seettndus
427 4560 475 4602 et
507 4552 696 4605 tertius
718 4551 974 4615 δείκνυσι,
1009 4551 1276 4618 λέγοντος.

202 4621 313 4694 (55)
349 4619 511 4694 ΙριΙίιίΔ
537 4630 592 4674 et
636 4622 842 4694 aliquot
895 4637 1022 4676 mss.
1054 4623 1116 4674 Εἰ
1154 4623 1242 4675 ὅτε
1285 4622 1547 4694 ἐγεννήθη
1585 4623 1707 4675 τότε

125 4691 312 4758 σοφία,
351 4689 566 4758 ψευδές,
618 4689 737 4744 non,
764 4693 990 4758 integre.
1040 4695 1108 4744 At
1163 4689 1398 4746 recte’et
1424 4689 1710 4747 emendate

130 4763 334 4830 legitur
383 4765 437 4814 in
518 4761 755 4830 antiquis
818 4759 990 4816 tribus
1057 4762 1210 4816 libris
1291 4763 1362 4818 ita
1429 4773 1488 4817 ut
1534 4763 1705 4818 edidi-

127 4847 272 4886 ntus.

197 4901 312 4971 (56)
337 4900 472 4955 Etliti
491 4910 543 4954 et
568 4901 701 4968 Reg.
731 4900 998 4972 secundus
1027 4896 1090 4953 Ἦ
1108 4902 1215 4972 γὰρ
1234 4899 1558 4970 αὑτοσοφία.
1583 4918 1706 4956 nant

127 4969 245 5040 ipsa
272 4969 364 5038 per
398 4989 451 5024 se
490 4973 744 5039 sapientia
770 4969 912 5037 facta
966 4987 1068 5023 non
1103 4969 1198 5024 est.
1249 4972 1401 5040 llegii
1437 4969 1628 5026 tertius
1652 4983 1706 5026 et

127 5039 349 5110 Quintus
367 5059 484 5094 cum
508 5043 659 5094 Colb.
689 5041 752 5092 Ἡ
775 5039 881 5110 γὰρ
899 5040 1062 5110 animi
1094 5043 1276 5109 σοφία,
1304 5039 1468 5102 ipsius
1491 5043 1704 5108 sapien-

129 5109 228 5182 tia.
243 5111 372 5180 Heg.
389 5124 633 5182 quartus,
652 5111 713 5162 Ἢ
725 5111 833 5180 γὰρ
848 5109 940 5163 τοῦ
954 5110 1088 5162 Θεοῦ
1108 5113 1288 5180 σοφία,
1315 5112 1405 5164 Dei
1423 5113 1702 5182 sapientia.

129 5181 263 5250 Reg.
291 5181 476 5235 sextus
500 5185 658 5235 habet
683 5183 732 5232 in
773 5191 1033 5250 contextu
1072 5183 1135 5235 Ἡ
1168 5184 1276 5250 γὰρ
1304 5181 1466 5236 αὑτοῦ
1497 5182 1659 5250 σοφία
1688 5200 1701 5212 ο

129 5249 235 5304 seti
252 5253 410 5304 habet
435 5252 486 5304 ἰιι
521 5252 761 5319 margine
783 5250 876 5302 τοῦ
903 5249 1058 5305 Θεοῦ.
1097 5249 1340 5317 Denique
1366 5252 1526 5306 lectio
1553 5249 1706 5305 utra-

129 5322 313 5393 qneﬂin
337 5319 504 5393 Regio
533 5325 707 5388 primo
744 5321 903 5393 simul
929 5323 1144 5393 punitur
1188 5321 1253 5375 Ἡ
1275 5321 1384 5393 γὰρ
1415 5321 1580 5393 αὐτοῦ
1608 5321 1704 5375 τοῦ

127 5389 263 5443 Θεοῦ
292 5391 469 5461 σοφία..
489 5393 607 5447 Hoc
637 5409 704 5446 an
729 5391 820 5445 illo
847 5391 1006 5446 modo
1038 5393 1207 5462 legas,
1236 5389 1462 5446 multum
1499 5391 1705 5447 referre

127 5476 236 5514 non
276 5466 448 5516 video.

202 5532 315 5600 (57)
349 5533 486 5605 Editi
502 5543 554 5586 et
575 5533 778 5601 aliquot
797 5549 924 5589 mss.
945 5533 1146 5605 Κύριος
1162 5531 1446 5604 ἐγεννήθηο
1467 5532 1612 5601 quod
1634 5531 1707 5586 ita

130 5601 322 5654 Latine
365 5604 629 5656 redditum
675 5615 1008 5670 oportuerat,
1036 5601 1047 5605 ⁷
1071 5601 1574 5671 υυηιὶιιιιε’9εηίιιιε
1603 5613 1702 5655 est.

133 5671 310 5724 Vertit
343 5673 626 5740 interpres,
659 5674 910 5728 Dominus
956 5686 1110 5728 natus
1146 5685 1244 5734 est,
1276 5676 1388 5727 sive
1427 5689 1523 5741 pro
1547 5675 1704 5741 ἐγεν-

128 5741 266 5812 νήθτπ
305 5742 494 5811 legerit
518 5744 770 5814 ἐγενήθη,
801 5746 913 5799 sive
940 5745 1216 5812 Vulgatam
1249 5753 1438 5798 contra
1453 5744 1563 5797 vim
1589 5758 1707 5797 vere

535 5838 806 5900 ΡΑΤιιοι..
855 5839 974 5899 Gn.
1017 5837 1256 5899 XXIX-

1850 4569 1928 4614 ιος
1959 4552 2212 4624 ἐγενήθη,
2252 4551 2426 4621 factus
2479 4564 2552 4606 est
2567 4569 2587 4616 ;
2641 4569 2742 4608 nec
2783 4554 2941 4606 aliter
2966 4554 3106 4624 apud
3160 4554 3386 4610 Paulum

1830 4633 2024 4686 egttttr.

1882 4691 1994 4761 (58)
2027 4691 2158 4746 Illud
2177 4691 2490 4763 Scriptura},
2519 4685 2687 4757 Οὗτος
2714 4694 2742 4746 6
2765 4692 2897 4755 Θεὸς
2919 4690 3096 4763 ᾐμῶν,
3129 4690 3230 4746 Hic
3248 4690 3389 4749 Deus

1813 4772 2008 4824 noster,
2066 4771 2210 4826 etc.,
2257 4761 2365 4818 non
2417 4764 2684 4830 reperitur
2729 4766 2869 4831 apud
2915 4761 3244 4828 Jeremiam,
3291 4768 3388 4818 sed

1811 4833 1951 4898 apud
2003 4833 2209 4886 Baruch
2261 4849 2380 4902 cap.
2411 4849 2493 4893 ιιι,
2529 4849 2580 4885 ν.
2616 4832 2706 4886 56.
2749 4832 2857 4886 Nec
2888 4834 3140 4902 cuiquam
3189 4837 3386 4886 mirum

1817 4902 1983 4955 videri
2017 4903 2200 4965 debet,
2225 4898 2420 4956 librum
2443 4903 2653 4957 Baruclt
2683 4903 2898 4956 nurnine
2929 4898 3176 4956 Jeremiae
3205 4903 3386 4970 citari,

1813 4987 1934 5024 cum
1978 4973 2128 5024 multi
2163 4987 2226 5026 ex
2263 4975 2500 5040 antiquis
2549 4975 2777 5025 alterunt
2815 4973 3012 5025 librum
3044 4988 3166 5025 cum
3212 4975 3387 5026 altero

1813 5040 2145 5095 contiuntlere
2194 5044 2336 5096 soliti
2365 5047 2500 5106 sint,
2531 5054 2589 5094 ut
2616 5044 2800 5096 videre
2839 5053 2924 5094 est
2965 5040 3107 5108 apud
3138 5041 3389 5096 Clemen-

1815 5121 1921 5165 tem
1953 5113 2376 5165 Alexandrinum
2414 5112 2506 5167 lib.
2539 5129 2552 5166 ι
2582 5111 2800 5182 Ptedag.
2833 5127 2952 5180 cap.
2974 5111 3204 5182 2,7apud
3236 5127 3390 5166 eum-

1814 5181 1934 5252 dem
1976 5182 2068 5233 lib.
2097 5197 2154 5246 ιι,
2183 5199 2304 5248 cap.
2355 5182 2410 5242 5,
2459 5182 2600 5249 apud
2653 5181 2989 5252 Cyprianum
3025 5181 3101 5252 De
3137 5185 3389 5252 _o_ratione

1814 5250 2116 5313 Dominica,
2171 5253 2310 5318 apud
2364 5248 2869 5306 Ambrosinni'lib.
2925 5266 2965 5305 ιι
3017 5251 3071 5302 in
3127 5248 3385 5306 "exuent.

1812 5336 1933 5388 cap.
1980 5321 2064 5376 M.
2093 5332 2147 5373 ct
2173 5321 2320 5374 alibi.

1889 5391 2001 5460 (59)
2048 5390 2144 5445 llic
2195 5391 2636 5459 interrOgationis
2685 5401 2806 5444 nota
2857 5394 2911 5444 in
2951 5389 3096 5460 lleg.
3147 5390 3391 5445 secundo

1817 5458 2088 5514 invenitur
2123 5477 2138 5512 :
2181 5477 2341 5529 quant
2373 5458 2733 5515 adhibendam
2775 5475 2896 5514 esse
2941 5458 3100 5514 facile
3141 5461 3392 5514 credidec

1815 5533 1938 5588 ΐὶιιι,
1963 5546 2105 5594 cum,
2131 5545 2192 5583 ea
2219 5531 2640 5595 sublata,oratio
2658 5531 2929 5584 concidat.

1886 5600 1997 5670 (60)
2042 5599 2261 5655 Veteres
2287 5602 2492 5668 aliquot
2520 5601 2639 5654 libri
2668 5601 2698 5653 6
2727 5600 2908 5663 αὐτὸς.
2943 5601 3102 5654 Deest
3129 5598 3396 5656 articulus

1761 5665 1790 5731 ζ
1815 5672 1869 5726 in
1894 5665 2132 5740 vulgatis
2159 5681 2212 5724 et
2243 5671 2295 5726 in
2333 5665 2452 5726 aliis
2479 5671 2806 5740 quibusdam
2835 5671 3139 5726 codicibus.

3005 5839 3082 5898 '23
