3822 6216
443 321 544 378 707
1776 300 1833 356 S.
1876 300 1960 352 BA
1969 297 2118 352 SlLll
2161 293 2371 350 MAGNI
3592 279 3689 333 708

441 448 490 493 et
513 438 620 490 vita
643 442 837 488 aterna
855 430 921 482 ".
948 427 1059 482 Nec
1090 426 1254 497 igitur
1277 432 1492 494 propter
1520 422 1684 476 illud:
1721 419 1842 474 Non
1866 420 2007 474 aesti-

2153 435 2177 465 r
2205 415 2286 480 τῷ
2318 411 2580 480 ἀληθινῷ
2608 411 2717 476 Υὶῷ
2754 409 2940 463 αὐτοῦ
2981 407 3176 474 Ἰησοῦ
3201 403 3452 473 Χριστῷ.
3501 398 3690 466 Οὗτός

444 492 674 578 ambitur
722 521 861 573 alius
915 520 984 573 ad
1029 492 1182 581 eum,
1240 492 1645 584 intelligendum
1701 521 1782 566 est
1815 511 2010 565 Filium

2153 525 2283 561 στιν
2325 511 2356 560 ὁ
2401 505 2688 572 ἀληθινὸς
2735 503 2902 567 Θεὸς,
2952 501 3048 552 καὶ
3079 499 3188 565 ζωὴ
3240 496 3502 561 αἰώνιος.
3561 492 3690 545 Οῦτε

447 619 608 674 Patre
657 613 915 683 majorem
946 626 1103 677 esse;
1155 626 1251 664 nec
1287 608 1582 678 putandum
1627 607 1841 660 Patrem
1890 618 2014 658 esse

2153 597 2206 654 ὗν
2238 599 2326 653 διὰ
2357 599 2467 668 (61)
2503 598 2582 660 τὸ,
2620 597 2700 648 Οὐ
2720 592 3142 664 λογισθήσεται
3179 590 3381 656 ἕτερος
3407 586 3564 655 πρὸς
3591 587 3693 638 αὺ-

447 709 619 764 solutn
659 719 846 758 verum
882 702 1081 768 Deum;
1116 702 1209 755 sed
1250 711 1482 768 utraque
1513 697 1579 751 ad
1610 711 1706 751 eos
1746 694 1839 763 qui
1879 692 2016 748 falso

2153 698 2241 756 ὧν,
2280 691 2502 762 μείζονα
2547 687 2640 740 τοῦ
2671 685 2883 757 Πατρὺς
2915 684 3164 751 νοητέον·
3205 680 3328 732 οὔτε
3365 681 3530 749 μόνον
3573 680 3696 747 ἁλη-

447 801 719 863 dicuntur,
748 810 847 849 nec
875 805 1050 848 tamen
1081 803 1228 860 sunt,
1258 801 1472 860 oportet
1507 788 1722 843 referri.
1753 785 2016 840 Eumdem

447 891 512 944 ad
549 891 762 943 modum
789 897 842 941 et
871 887 922 940 in
949 883 1370 940 Deuteronomio
1392 881 1522 936 dicit
1550 898 1564 934 :
1595 878 1850 932 Dominus
1875 876 2017 928 solus

447 982 597 1036 duxit
625 982 794 1050 ipsos,
826 990 874 1033 et
902 996 1005 1032 non
1031 989 1142 1030 erat
1174 993 1291 1029 cum
1329 975 1404 1029 eis
1444 973 1582 1027 Deus
1618 970 1820 1024 alienus
1849 968 1914 1020 ".
1961 967 2019 1020 Si

451 1074 595 1127 Deus
640 1082 722 1127 est
769 1071 917 1126 solus
957 1069 1241 1123 invisibilis
1282 1075 1336 1122 et
1382 1066 1632 1135 sapiens,
1685 1077 1791 1116 non
1838 1059 2018 1116 statim

449 1179 663 1232 quoque
695 1164 747 1216 in
784 1163 1034 1216 omnibus
1082 1160 1252 1227 major
1284 1167 1370 1212 est
1407 1155 1658 1211 omnibus
1711 1154 1850 1207 Deus
1881 1169 1894 1204 :
1926 1149 2018 1220 qui

450 1270 583 1309 vero
637 1269 800 1322 super
847 1253 1029 1307 omnia
1089 1263 1174 1306 est
1226 1250 1390 1313 Deus,
1440 1245 1752 1301 necessario
1803 1250 2022 1310 prmstat

450 1348 720 1401 Omnibus.
753 1344 1042 1414 Apostolus
1070 1343 1236 1411 igitur
1264 1355 1386 1394 cum
1430 1352 1593 1406 super
1637 1334 1821 1390 omnia
1853 1333 2022 1386 Deum

455 1437 787 1491 Salvatorem
815 1437 972 1498 dixit,
995 1451 1120 1488 num
1146 1443 1202 1487 et
1232 1432 1392 1486 Patre
1421 1429 1556 1483 dixit
1588 1423 1890 1496 majorem?
1919 1421 2024 1476 Sed

453 1531 557 1584 hoc
595 1529 888 1583 absurdum
921 1536 1022 1581 est.
1061 1524 1324 1580 Similiter
1366 1522 1531 1592 igitur
1568 1528 1622 1573 et
1672 1519 1774 1572 hoc
1826 1515 2025 1569 intelli-

453 1621 706 1691 gendum.
753 1618 976 1688 Magnus
1009 1617 1149 1669 Deus
1193 1629 1296 1668 non
1343 1621 1521 1682 potest
1572 1609 1681 1663 Deo
1711 1607 1818 1660 alio
1850 1606 2028 1659 minor

455 1725 594 1765 esse.
628 1708 916 1778 Apostolus
949 1721 1078 1776 ergo
1109 1719 1229 1758 cum
1259 1705 1325 1755 de
1355 1701 1491 1754 Filio
1519 1698 1655 1752 dixit
1683 1714 1696 1750 :
1735 1694 2026 1762 Exspecta-

2117 783 2261 836 Θινὺν
2283 759 2422 833 Θεὸν
2457 781 2545 832 τὸν
2576 777 2817 848 Πατέρα,
2840 775 2955 828 ἀλλ’
2983 772 3267 842 ἀμφότερα
3297 759 3434 842 ’ἱερὸς
3458 771 3590 832 τοὺς
3615 769 3696 820 λέ-

2119 874 2382 945 γομένους
2415 872 2512 941 μὲν
2549 867 2780 938 ψευδῶς,
2820 866 2920 918 οὑκ
2961 865 3120 926 ὄντας
3161 863 3237 915 δέ.
3281 863 3366 926 Ὠς
3391 861 3486 914 καὶ
3535 863 3594 913 ὲν

2121 963 2521 1035 Δευτερονομίῳ
2537 962 2716 1028 λέγει’
2740 961 2954 1027 Κύριος
2966 959 3148 1026 μόνος
3175 952 3579 1024 ἧγεναὺτοὺς,
3608 952 3698 1003 arui

2121 1062 2232 1112 οὐκ
2258 1053 2334 1126 ἦν
2346 1055 2471 1124 μετ’
2493 1053 2692 1106 αὐτῶν
2718 1051 2860 1113 Θεὸς
2881 1049 3216 1114 ἀλλότριος.
3254 1046 3316 1097 Εἰ
3349 1045 3509 1114 μόνος
3540 1043 3702 1111 Eriga-

2122 1168 2210 1213 τος
2247 1149 2341 1202 καὶ
2385 1146 2545 1213 σοφὸς
2589 1147 2618 1197 ὁ
2648 1144 2800 1208 Θεὸς,
2849 1143 2949 1210 οὐχ
2978 1141 3092 1209 ἅμα
3124 1140 3216 1191 καὶ
3242 1140 3299 1190 ὲν
3328 1140 3464 1189 πᾶσι
3503 1137 3702 1206 μείζων

2125 1242 2341 1294 πάντων
2396 1238 2565 1300 Θεός·
2621 1237 2650 1288 ὁ
2705 1236 2761 1287 δὲ
2806 1235 2898 1287 ἐπὶ
2937 1235 3153 1286 πάντων
3192 1231 3323 1292 Θεὸς
3365 1229 3427 1293 ἐξ
3461 1229 3703 1296 ἀνάγκης

2125 1332 2404 1402 ὑπερέχων
2448 1329 2680 1382 πάντων.
2729 1328 2786 1378 '0
2829 1325 3146 1405 ’Λπόξτολος
3193 1318 3285 1374 οὖν
3327 1324 3422 1373 ἐπὶ
3491 1323 3706 1373 πὰνὲων

2125 1424 2256 1476 Θεὸν
2285 1420 2450 1472 εἰπὼν
2492 1420 2582 1473 τὸν
2616 1418 2844 1487 Σωτῆρα
2886 1417 3021 1486 (62),
3070 1414 3288 1484 μείζονα
3334 1414 3431 1464 καὶ
3470 1405 3566 1464 τοῦ
3603 1414 3698 1464 Πα-

2125 1513 2251 1584 τρὸς
2295 1508 2482 1574 εἶπεν;
2537 1508 2676 1560 Ἀλλ’
2724 1509 2942 1560 ἄτοπον.
2993 1505 3221 1575 Ὁμοίως
3273 1501 3365 1556 οὖν
3418 1502 3515 1554 καὶ
3560 1501 3712 1552 τοῦτο

2126 1607 2344 1678 νοητέον
2393 1605 2528 1675 (65).
2586 1605 2642 1656 '0
2679 1602 2850 1671 μέγας
2903 1601 3034 1663 Θεὸς
3079 1600 3180 1650 οὐκ
3228 1596 3294 1649 ἂν
3337 1595 3581 1647 ἐλάττων
3629 1593 3713 1658 εἴη

2129 1699 2316 1769 ἑτέρου
2359 1696 2515 1749 Θεοῦ.
2577 1696 2634 1748 '0
2692 1692 3010 1754 Ἀπόστολος
3055 1687 3169 1750 οὖν,
3223 1686 3392 1740 εἰπὼν
3442 1686 3575 1755 περὶ
3623 1683 3713 1734 τοῦ

455 1819 569 1854 mus
601 1769 803 1853 bedtam
835 1815 973 1865 spem
1009 1769 1056 1849 et
1087 1795 1469 1862 apparitionem
1500 1789 1686 1859 gloriae
1716 1785 1894 1855 magni
1931 1783 2024 1836 Dei

2153 1789 2282 1848 Γὶοῦ,
2335 1786 2801 1855 Ἀπεκδεχόμεθα
2842 1784 2956 1850 τὴν
2999 1782 3301 1850 μακαρίαν
3350 1777 3574 1830 ἐλπίδα
3618 1775 3716 1826 καὶ

455 1902 502 1946 et
533 1891 824 1947 Saluatoris
850 1890 1013 1941 nostri
1036 1888 1163 1940 Jesu
1201 1885 1397 1938 Christi
1422 1883 1499 1944 ⁵³,
1531 1896 1662 1935 nutn
1694 1893 1823 1947 ergo
1866 1875 2027 1929 Patre

458 1984 717 2054 majorem
755 1981 1052 2037 intellexit?
1084 1979 1216 2032 Nam
1247 1976 1369 2031 Filii
1398 1974 1795 2044 apparitiouetn
1827 1977 1882 2023 et
1930 1967 2026 2020 ad-

456 2089 674 2132 ventum
695 2085 1088 2146 exspectamus,
1107 2088 1212 2127 non
1241 2070 1435 2125 Patris.
1465 2067 1586 2120 Haec
1608 2065 1769 2132 igitur
1787 2062 1851 2115 de
1869 2060 2027 2114 Patre

457 2182 511 2226 et
533 2169 667 2224 Filio
694 2167 1166 2223 indiscriminatim
1193 2166 1462 2233 leguntur,
1491 2159 1582 2214 sed
1612 2172 1717 2211 non
1747 2169 1870 2209 cum
1900 2152 2024 2207 dili-

457 2262 601 2331 genti
631 2259 1028 2315 observatione.
1055 2256 1208 2319 lllud,
1241 2252 1546 2323 {Equaliter
1568 2264 1678 2302 esse
1705 2245 1868 2316 295
1895 2243 2024 2309 Deo,

457 2367 565 2407 non
591 2350 733 2404 aliud
768 2359 852 2404 est
877 2349 981 2402 nisi
1014 2348 1120 2401 Deo
1152 2345 1413 2414 mqualem
1441 2354 1560 2393 esse
1585 2339 1652 2392 “.
1682 2337 1854 2392 Filius
1879 2342 2028 2388 certe

458 2456 582 2495 cum
617 2455 722 2494 non
767 2439 1006 2508 rapinam
1030 2436 1075 2468 "
1116 2433 1385 2506 putaverit
1423 2429 1696 2500 mqualiter
1736 2441 1848 2480 esse
1896 2423 2026 2488 Deo,

459 2532 728 2602 quomodo
777 2529 1058 2584 dissimilis
1101 2542 1162 2580 ac
1205 2523 1488 2593 inzequalis
1540 2530 1623 2574 est
1669 2517 1813 2572 Deo?
1857 2513 2028 2569 Jndtei

461 2635 642 2678 autem
675 2623 845 2692 magis
893 2621 964 2688 pii
993 2626 1118 2673 sunt
1149 2630 1310 2684 quam
1356 2611 1672 2666 Eunomius.
1717 2608 1851 2663 Cum
1881 2606 2028 2661 enim

461 2713 710 2768 Salvator
739 2713 974 2776 seipsum
1009 2708 1236 2761 dixisset
1268 2706 1358 2759 Dei
1390 2700 1586 2756 Filium
1618 2697 2026 2762 tantummodo;

461 2803 612 2872 quasi
639 2802 740 2855 hoc
766 2798 903 2853 Filio
933 2799 1212 2862 debeatur,
1241 2796 1283 2849 si
1324 2809 1451 2848 vere
1480 2792 1651 2847 Filius
1680 2799 1786 2855 est,
1819 2803 1944 2841 eum
1975 2796 2030 2841 et

462 2894 608 2949 Patri
637 2907 758 2948 esse
787 2890 1046 2960 :equalem
1078 2907 1092 2942 :
1133 2886 1426 2950 Volebant,
1472 2882 1670 2952 inquit,
1709 2881 1859 2934 illum
1896 2878 2031 2948 lapi-

460 2989 616 3052 dare,
660 3001 765 3039 non
789 2984 964 3038 solum
980 2981 1121 3050 quod
1149 2981 1382 3034 solveret
1407 2977 1726 3038 Sabbatutn,
1746 2973 1839 3028 sed
1866 2973 2030 3026 etiam

2125 1881 2480 1950 ἐπιφάνειαν
2503 1879 2608 1946 τῆς
2642 1877 2827 1943 δόξης
2868 1875 2973 1928 τοῦ
2997 1873 3262 1943 μεγάλου
3285 1871 3435 1924 Θεοῦ
3463 1870 3562 1921 καὶ
3600 1871 3715 1920 Σω-

2127 1974 2307 2042 τῆρος
2339 1971 2508 2041 ἡμῶν
2549 1969 2752 2036 Ἰησοῦ
2787 1966 3065 2035 Χριστοῦ,
3113 1963 3334 2034 μείζονα
3361 1961 3460 2014 τοῦ
3502 1959 3717 2025 Πατῴς

2128 2066 2350 2135 ὲνόησε;
2406 2063 2512 2116 Τοῦ
2565 2061 2673 2131 γὰρ
2705 2059 2835 2112 Υἱοῦ
2884 2059 2981 2128 τὴν
3023 2057 3344 2124 ἐπιφάνειαν
3380 2053 3475 2105 καὶ
3503 2068 3716 2121 παρου-

2131 2157 2250 2209 σίαν
2275 2152 2602 2223 ὲκδεχόμεθα
2654 2152 2800 2222 (6.1),
2845 2151 2904 2202 οὐ
2949 2148 3044 2200 τοῦ
3081 2147 3313 2218 Πατρός.
3362 2144 3716 2214 Ἀδιακρίτως

2127 2245 2221 2301 οῦν
2249 2249 2328 2309 εἰς
2371 2245 2590 2316 Πατέρα
2625 2243 2719 2297 καὶ
2756 2244 2835 2304 εἰς
2875 2241 3003 2293 Υἱὸν
3042 2239 3214 2292 ταῦτα
3250 2237 3491 2303 λέγεται,
3534 2233 3628 2285 καὶ
3659 2234 3716 2284 οὖ

2130 2337 2668 2411 παρατετηρημένως
2691 2335 2822 2402 (65).
2852 2334 2946 2395 Τὸ,
2976 2334 3103 2385 Ἴσα
3123 2329 3242 2394 Θεῷ
3269 2325 3443 2391 εἶναι,
3465 2328 3569 2381 οὐκ
3597 2326 3719 2379 533.0

2127 2433 2248 2484 ἐστὶ
2291 2430 2368 2500 τῷ
2399 2426 2538 2482 εἶναι
2572 2431 2684 2480 ἴσον
2726 2425 2866 2496 Θεῷ.
2917 2426 2974 2477 ’0
3005 2420 3098 2476 οὖν
3123 2423 3273 2485 Υἱὸς,
3305 2422 3403 2490 οὐχ
3430 2419 3722 2490 ἁρπαγμὸν

2131 2521 2483 2591 ἡγησάμενος
2538 2518 2598 2570 τὸ
2634 2513 2787 2570 εἶναι
2836 2518 2941 2568 ἴσα
2971 2513 3129 2578 Θεῷ,
3184 2513 3300 2574 πῶς
3344 2510 3604 2580 ἀνόμοιος
3633 2509 3721 2560 καὶ

2131 2612 2314 2671 ἄνισος
2339 2610 2488 2680 Θεῷ;
2530 2608 2770 2662 Ἰουδαῖοι
2797 2608 2854 2660 δὲ
2894 2605 3270 2674 εὐσεϐέστεροι
3291 2601 3584 2671 Εὑνομίου.
3619 2599 3721 2651 Τοῦ

2131 2703 2240 2774 γὰρ
2292 2701 2543 2770 Σωτῆρος
2584 2699 2832 2760 εἰπόντος
2885 2697 3076 2750 ἑαυτὸν
3141 2694 3268 2746 Υἱὺν
3341 2691 3478 2744 Θεοῦ
3542 2691 3720 2758 μόνον,

2132 2797 2208 2860 ὼς
2235 2795 2343 2865 (66)
2383 2793 2732 2862 ὀφειλομένου
2764 2789 2841 2860 τῷ
2886 2789 3018 2859 Υἰῷ,
3066 2790 3114 2841 εἰ
3163 2785 3376 2855 αληθῶς
3425 2784 3554 2845 Υἱός
3587 2785 3721 2844 ἐστι,

2133 2892 2226 2945 καὶ
2261 2891 2372 2942 ἴσον
2410 2888 2571 2940 αὑτὸν
2613 2881 2750 2938 εἶναι
2793 2883 2871 2954 τῷ
2906 2881 3112 2953 Πατρί·
3133 2878 3446 2932 Ἐϐούλοντο
3480 2877 3722 2934 λιθάσαι,

2135 2984 2296 3053 φησὶν
2320 3023 2332 3041 ,
2364 2980 2524 3032 αὐτὸν
2545 3022 2558 3041 ,
2587 2979 2686 3047 οὐχ
2718 2978 2799 3029 ὅτι
2835 2976 2994 3046 μόνον
3031 2974 3152 3025 ἔλυε
3190 2973 3248 3025 τὸ
3281 2971 3586 3031 Σαϐϐαῖον,
3616 2968 3725 3019 ἀλλ’

462 3077 608 3150 quod
657 3077 824 3130 Deum
879 3083 1086 3142 patrem
1133 3086 1301 3125 suum.
1333 3084 1452 3123 esse
1492 3068 1720 3128 diceret,
1768 3062 2028 3132 aequalem

2153 3075 2214 3125 ὅτι
2244 3073 2337 3126 καὶ
2368 3071 2578 3140 πατέρα
2609 3069 2737 3120 ἴδιον
2765 3067 2947 3133 ἔλεγεν
2988 3060 3125 3117 εἶναι
3149 3064 3239 3115 τὸν
3261 3062 3423 3123 Θεὸν,
3454 3063 3572 3112 ἴσον
3607 3061 3729 3110 ἐσυ-

464 3171 699 3239 seipsum
739 3167 939 3221 faciens
969 3164 1078 3219 Deo
1103 3163 1169 3213 “.
1218 3159 1466 3229 [Equalis
1496 3159 1661 3228 igitur
1688 3165 1772 3211 est
1802 3155 1944 3208 Patri
1979 3165 2034 3207 et

465 3258 760 3316 secundum
781 3255 1092 3325 Apostolum
1113 3264 1167 3306 et
1188 3252 1482 3306 secundum
1507 3247 1806 3303 Salvatoris
1824 3259 2034 3309 VOCCII,

463 3351 676 3405 etiamsi
713 3347 1006 3400 Eunomius
1047 3345 1204 3400 nolit.

467 3463 533 3518 ιη
571 3463 727 3527 illud,
764 3478 782 3511 ι
823 3458 941 3513 Νοη
974 3466 1047 3512 est
1071 3458 1416 3558 meumudare,
1446 3456 1534 3510 sed
1570 3453 1758 3522 quibus
1785 3462 2036 3520 paratum

1137 3540 1209 3582 εει
1237 3540 1303 3581 ".
1336 3545 1354 3578 ι

539 3622 595 3678 Si
627 3621 814 3694 judicii
841 3622 1087 3675 dominus
1112 3619 1282 3674 Filius
1309 3634 1413 3672 non
1439 3626 1541 3682 est,
1570 3633 1650 3672 stc
1674 3627 1726 3671 ut
1762 3617 1898 3672 alios
1923 3617 2038 3684 qui-

467 3717 588 3771 dem
620 3714 898 3770 beneﬁciis
941 3711 1155 3778 alliciat,
1192 3712 1327 3766 alios
1357 3725 1482 3764 vero
1515 3711 1738 3779 puniat,
1766 3708 2038 3777 quomodo

467 3809 716 3862 dicebat:
752 3804 914 3858 l’atcr
939 3806 1195 3858 neminem
1221 3805 1452 3872 judtcat,
1480 3803 1568 3856 sed
1601 3817 1752 3855 omne
1772 3800 2039 3879 judicium

457 3899 610 3952 dedit
641 3895 782 3950 Filio
804 3896 888 3948 "?
919 3905 973 3948 et
1004 3895 1129 3949 alibi
1159 3908 1174 3946 :
1219 3891 1539 3946 Potestatem
1564 3893 1714 3945 habet
1742 3890 1918 3944 Filius
1945 3891 2042 3944 Ito-

468 3990 647 4052 minis,
694 3987 988 4040 remittendi
1038 3996 1253 4050 peccata
1301 3989 1355 4038 in
1405 3997 1544 4038 terra
1583 3986 1664 4049 ";
1703 3994 1758 4038 et
1798 3998 1986 4037 rursus
2024 4000 2038 4037 :

471 4080 610 4134 Data
649 4090 725 4134 est
762 4081 886 4132 mihi
927 4082 1093 4132 omnis
1126 4089 1355 4146 potestas
1388 4081 1441 4132 in
1469 4081 1593 4132 cozlo
1628 4089 1676 4130 et
1715 4078 1770 4130 in
1802 4087 1941 4129 terra
1971 4077 2039 4141 5°;

473 4175 538 4226 ad
588 4172 803 4226 Petrum
853 4181 1028 4224 autem
1073 4187 1085 4221 :

471 4281 586 4316 rum
618 4265 698 4328 “;
736 4263 802 4316 ad
850 4263 1140 4331 discipulos
1183 4277 1312 4316 vero
1343 4281 1354 4316 :
1385 4262 1549 4315 Amen
1589 4263 1707 4315 dico
1746 4262 1888 4314 vobis
1910 4300 1924 4325 ,
1957 4276 2044 4313 vos

472 4360 562 4420 qui
600 4357 760 4410 secuti
789 4356 911 4409 estis
943 4373 1046 4422 me,
1088 4359 1142 4408 in
1184 4360 1574 4425 regeneratione
1611 4355 1857 4411 sedebitis
1890 4370 2048 4424 super

547 4499 588 4530 “
634 4540 647 4550 .
674 4497 826 4550 Joan.
864 4514 915 4557 V,
946 4496 1034 4554 20.

475 4569 518 4598 υτ
564 4568 748 4623 Matth.
787 4583 877 4632 xx,
900 4569 988 4624 as.

1133 4497 1178 4528 ⁸³
1223 4497 1376 4551 Deut.
1432 4512 1606 4560 xxx”,
1658 4497 1744 4550 12.

1064 4568 1281 4623 l“3.1mm.
1310 4584 1357 4633 ν,
1382 4567 1472 4621 22.
1549 4569 1593 4599 ⁸³
1624 4566 1793 4622 Marc.
1821 4581 1883 4633 tt,
1914 4566 1998 4620 10.

1138 4154 1254 4224 Τέω
1302 4173 1438 4224 dabo
1487 4173 1656 4224 claves
1700 4170 1844 4239 regni
1893 4168 2048 4221 caelo-

1850 4496 1896 4527 ⁸³
1938 4496 2046 4552 Tit.
2075 4510 2136 4555 II,
2169 4493 2254 4548 15.

2078 4565 2122 4595 ⁶⁰
2152 4563 2339 4616 Matth.
2386 4578 2577 4624 XXVIII,
2614 4562 2697 4615 l8.

2134 3166 2227 3218 τὸν
2260 3163 2427 3217 ποιῶν
2460 3162 2536 3232 τῷ
2575 3160 2714 3230 Θεῷ.
2748 3160 2893 3220 "leo;
2915 3153 3006 3209 οὖν
3026 3157 3105 3224 τῷ
3135 3156 3308 3223 [la-.91
3338 3155 3432 3206 καὶ
3465 3151 3614 3204 κατὰ
3641 3151 3728 3202 τὸν

2148 3254 2469 3308 Ἀπὸστολον
2514 3252 2607 3304 καὶ
2650 3248 2795 3303 κατὰ
2829 3248 2928 3318 τὴν
2962 3247 3142 3316 φωνὴν
3169 3244 3262 3298 τοῦ
3304 3244 3587 3314 Σωτῆρος,
3625 3243 3731 3294 κᾶν

2139 3349 2403 3416 Εὑνόμιος
2441 3343 2514 3414 μὴ
2545 3343 2695 3412 θέλῃ.

2175 3461 2279 3521 Εὶς
2317 3455 2405 3521 τὸ,
2436 3474 2453 3506 ‹
2492 3456 2614 3508 Οὐκ
2643 3453 2816 3507 ἐστιν
2838 3451 2985 3520 ἐμὸν
3013 3449 3121 3516 (67)
3153 3448 3388 3511 δοῦναι,
3433 3447 3576 3500 ἀλλ’
3612 3440 3704 3508 οἷς

2724 3523 3104 3592 ἡτοίμασται.
3139 3540 3156 3567 .-

2217 3623 2278 3674 Ei
2310 3619 2382 3691 μὴ
2421 3617 2609 3687 κύριος
2658 3615 2759 3684 τῆς
2804 3615 3037 3685 κρίσεως
3085 3615 3114 3665 ὁ
3145 3611 3292 3674 Υἱὸς,
3339 3611 3596 3672 καὶτοὺς
3641 3611 3732 3681 μὲν

2146 3715 2472 3784 εὐεργετεῖν,
2515 3711 2639 3770 τοὺς
2665 3707 2720 3760 δὲ
2750 3705 3020 3772 κολάζειν,
3050 3705 3168 3768 πῶς
3199 3704 3406 3771 ἔλεγεν·
3452 3704 3506 3754 Ὁ
3533 3703 3736 3769 Πατὴρ

2147 3804 2366 3858 οὐδένα
2387 3803 2593 3871 κρίνει,
2619 3799 2780 3854 ἀλλὰ
2810 3797 3018 3852 πᾶσαν
3046 3797 3162 3863 τὴν
3179 3797 3384 3864 κρίσιν
3406 3795 3598 3848 ἔδωκε
3626 3795 3733 3864 (68)

2143 3894 2224 3958 τῷ
2249 3892 2388 3957 Tini);
2424 3893 2518 3945 καὶ
2544 3891 2777 3961 ἀλλαχοῦ
2799 3909 2810 3921 ·
2867 3889 3186 3953 Ἐξουσίαν
3222 3888 3348 3956 ἔχει
3375 3891 3411 3942 ὀ
3461 3888 3598 3954 Υἱὸς
3635 3888 3735 3941 τοῦ

2143 3985 2458 4055 ἀνθρώπου
2484 3985 2720 4054 ἀφιέναι
2746 3984 2845 4037 ἐπὶ
2874 3983 2986 4051 τῆς
3003 3981 3114 4052 γῆς
3152 3983 3447 4052 ἁμαρτίας
3465 4000 3479 4011 ·
3514 3983 3614 4036 καὶ
3639 3983 3713 4033 πᾶ

2144 4079 2255 4131 λιν·
2295 4077 2503 4145 Ἐδόθη
2523 4096 2624 4146 μοι
2663 4076 2830 4131 πᾶσα
2860 4076 3114 4140 ἐξουσία
3144 4076 3214 4127 ἐν
3236 4075 3478 4142 cepam;
3511 4075 3612 4127 καὶ
3645 4076 3731 4127 ea”

2145 4169 2286 4239 γῆς·
2331 4171 2467 4242 πρὸς
2497 4171 2552 4222 δὲ
2584 4168 2675 4221 τὸν
2701 4168 2936 4235 Πέτρον·
2974 4167 3073 4220 Σοὶ
3101 4165 3272 4218 δώσω
3305 4166 3415 4229 τὰς
3438 4165 3608 4230 κλεῖς
3637 4163 3735 4228 τῆς

2140 4262 2468 4325 ,βασιλείας
2507 4261 2626 4314 τῶν
2660 4257 2961 4327 οὐρανῶν·
3003 4257 3140 4327 πρὸς
3183 4257 3238 4309 δὲ
3279 4257 3410 4319 τοὺς
3450 4255 3731 4326 μαθητάς·

2153 4356 2514 4428 Ἀμὴνζλέγω
2538 4356 2700 4425 ὑμῖν,
2720 4355 2886 4424 ὑμεῖς
2906 4357 2959 4408 οἱ
2989 4351 3530 4420 ἀκολουθήσαντές
3545 4371 3651 4422 μοι
3675 4355 3736 4407 ἐν

2357 4493 2404 4523 ⁵⁵
2437 4491 2668 4559 Philipp.
2721 4507 2781 4552 II,
2828 4490 2882 4544 6.
2958 4490 3005 4520 ⁵³
3049 4489 3178 4544 ibid.
3253 4489 3302 4518 "
3339 4487 3500 4544 Joan.
3551 4505 3607 4558 ν,
3654 4491 3730 4544 18.

2386 4578 2577 4623 XXVIII,
2614 4562 2697 4615 l8.
2777 4561 2819 4590 ⁶¹
2859 4560 3044 4614 Matth.
3081 4575 3192 4623 XVI,
3221 4559 3308 4614 19.

547 4689 658 4757 (6|)
684 4687 812 4741 Illud
853 4687 951 4741 διά
973 4689 1026 4742 in
1049 4687 1248 4741 nostris
1291 4693 1492 4753 septem
1531 4699 1662 4757 mss.
1689 4698 1792 4757 non
1821 4682 2033 4757 legitur.

2153 4680 2279 4757 situs
2306 4687 2389 4757 est
2416 4677 2507 4757 hic
2535 4678 2722 4757 tit_ulus
2740 4678 2900 4757 λ”ρτι
2922 4677 3004 4757 τὸ,
3029 4678 3136 4730 ῐσα
3165 4672 3480 4757 Θεῷεῖναι,
3499 4676 3602 4730 οὐκ
3620 4677 3734 4732 ἄλλο

550 4753 662 4827 (62)
704 4759 757 4811 III
788 4759 918 4828 Reg.
952 4759 1186 4813 secundo
1209 4767 1329 4825 post
1363 4770 1546 4828 vocem
1568 4754 1817 4828 ⁸Σωτῆρα
1867 4753 2041 4828 posita

477 4822 711 4898 estnota
741 4822 1286 4898 intet'vrogationisfet
1314 4825 1472 4898 paulo
1504 4822 1641 4877 infra
1674 4822 1797 4898 post
1819 4825 2042 4876 verbum

479 4895 633 4951 εἶπεν
672 4915 688 4930 ο
716 4914 874 4965 quam
907 4893 1268 4967 distinguendi
1304 4896 1563 4967 rationem
1586 4893 1808 4967 __sertIti_
1833 4908 2040 4967 sumus.

551 4969 660 5038 (65)
698 4962 873 5021 Codex
900 4968 1050 5038 Colb.
1078 4962 1162 5038 ἐιη
1189 4976 1417 5038 quatuor
1471 4964 1618 5038 Regii
1654 4962 1910 5038 voqtéovu'
1963 4963 2046 5014 ὅτι

481 5040 616 5110 πρὸς
643 5032 1073 5110 ’ἀντιδιαστολὴνλ
1097 5032 1219 5110 τῶν
1244 5034 1452 5110 ψευδῶς
1501 5032 1808 5110 λεγομένων
1836 5032 2048 5103 εἴρηται

479 5103 670 5172 ταῦτα,
726 5110 818 5161 καὶ
870 5109 928 5160 οὑ
985 5103 1120 5176 σιρὸς
1169 5103 1402 5176 ΠατέραΔ
1440 5105 1698 5176 καὶνΥἱὸν
1749 5103 1845 5156 καὶ
1893 5104 2047 5176 ἄτιον

482 5179 725 5247 Πνεῦμα,
757 5173 1061 5230 Ραιιιηάηήι
1090 5173 1360 5237 videlicet,
1385 5173 1492 5226 Ιιιιό
1526 5175 1666 5226 dicta
1705 5190 1814 5226 esse
1857 5176 1924 5225 ad
1963 5173 2046 5224 di-

481 5250 807 5301 stinctionem
832 5263 1008 5300 eorum
1032 5250 1120 5316 qui
1147 5247 1280 5314 falso
1312 5248 1385 5296 dit
1425 5258 1674 5316 vocantur
1694 5285 1708 5308 ,
1737 5259 1838 5316 non
1872 5254 2046 5294 autem

481 5320 755 5387 referenda
812 5333 920 5371 esse
971 5311 1054 5370 ad'
1085 5311 1293 5387 Patrem
1320 5323 1394 5387 bet
1442 5311 1641 5387 Filium
1688 5323 1749 5387 et‘
1793 5311 2047 5387 Spiritum

481 5382 740 5441 sanctum.
773 5387 876 5441 Sed
916 5395 1084 5440 totum
1121 5386 1248 5439 illud
1269 5423 1285 5449 ,
1316 5383 1396 5435 ὅτι
1429 5382 1565 5452 πρός
1595 5393 1699 5436 etc.
1739 5383 1877 5436 inter
1907 5382 2047 5452 glos-

481 5472 544 5512 se
569 5460 709 5520 nata,
767 5472 886 5526 qua:
939 5467 1151 5519 vocant,
1216 5458 1486 5526 recens-eri
1538 5454 1737 5506 debere
1789 5454 2044 5506 arbitror.

482 5527 585 5579 Ali
627 5528 734 5581 duo
763 5525 890 5580 mss.
923 5535 975 5578 et
1005 5527 1129 5578 editi
1165 5534 1220 5577 ut
1258 5525 1308 5575 in
1345 5533 1623 5576 contextu.

557 5598 666 5664 (64)
701 5597 919 5663 Antiqui
949 5605 1055 5648 tres
1084 5595 1203 5647 libri
1228 5592 1663 5663 ἀπεκδεχόμεθα.
1703 5591 1807 5646 Alii
1835 5591 2052 5661 quidam

487 5680 619 5718 mas.
653 5679 706 5718 et
728 5668 856 5719 editi
887 5664 1238 5734 ὲκδεχόμεθα.

558 5735 668 5804 (65)
708 5735 761 5788 ln
797 5737 956 5791 editis
997 5745 1114 5805 post
1145 5749 1330 5790 vocem
1381 5734 1919 5806 παρατετηρημένως
1959 5746 2054 5803 p0-

2144 4750 2262 4802 ἐστὶ
2290 4747 2388 4816 τῷ,
2422 4743 2562 4801 εἶναι
2594 4747 2708 4800 ἴσον
2736 4746 2875 4817 Θεῷ.
2911 4750 2983 4800 At
3007 4748 3176 4802 nostri
3209 4758 3420 4815 septem
3459 4764 3596 4803 mss.
3626 4751 3734 4802 sine

2149 4818 2310 4872 titulo
2345 4818 2420 4870 uti
2454 4819 2505 4870 iII
2549 4827 2831 4871 contextu.

2217 4887 2331 4960 (66)
2371 4887 2514 4960 [illiti
2539 4887 2696 4951 Θεοῦ,
2737 4888 2896 4958 μόνον
2929 4889 3026 4952 ὡς,
3053 4897 3182 4948 etc.,
3218 4902 3338 4940 cum
3371 4887 3584 4960 virgula
3619 4899 3732 4958 post

2147 4957 2336 5012 vocent
2360 4957 2496 5009 Θεοῦ
2529 4979 2540 4989 ·
2573 4957 2746 5026 quam
2770 4962 2962 5012 malum
3005 4957 3427 5026 interpungendi
3470 4960 3730 5012 rationem

2150 5039 2370 5084 secutus
2407 5027 2837 5092 Trapezuntius,
2881 5029 3018 5081 male
3064 5031 3456 5094 interpretatus
3507 5040 3624 5089 est,
3661 5031 3732 5081 sic

2151 5099 2396 5152 scribens
2431 5117 2443 5148 :
2477 5098 2618 5152 Nam
2643 5115 2762 5150 cum
2801 5100 3048 5152 Salvator
3085 5096 3288 5150 Filium
3312 5114 3366 5149 se
3389 5097 3495 5150 'Dei
3520 5103 3728 5159 dixerit,

2152 5169 2304 5238 quasi
2338 5165 2488 5238 Filio
2517 5168 2686 5220 solum
2718 5167 2990 5231 debeatur,
3023 5170 3088 5229 si,
3122 5179 3229 5224 etc.
3259 5169 3366 5221 Sed
3411 5179 3562 5221 recte
3607 5172 3732 5238 seri:

2155 5236 2304 5305 ptum
2332 5237 2643 5290 invenimus
2696 5239 2746 5290 in
2776 5238 2961 5306 Regiis
2996 5239 3235 5292 secundo
3265 5247 3321 5291 et
3355 5240 3573 5304 quinto.
3610 5236 3728 5291 Θεοῦ

2158 5308 2338 5378 μόνον,
2367 5308 2464 5378 ᾡίς,
2494 5318 2624 5372 etc.,
2669 5309 2877 5370 Vit-gula
2898 5319 3020 5378 post
3051 5323 3233 5360 vocem
3262 5308 3426 5376 μόνον
3453 5310 3727 5361 collocata.

2229 5378 2342 5448 (67)
2385 5377 2482 5430 Hic
2519 5378 2701 5430 titulus
2726 5379 2831 5441 Εἰς
2848 5377 2934 5441 τὸ,
2973 5380 3093 5431 Οὐκ
3109 5378 3283 5448 ἔστιν
3305 5378 3477 5445 ἐμόν,
3509 5392 3640 5436 etc.,
3658 5395 3732 5430 ne-

2159 5447 2264 5515 que
2295 5449 2345 5500 in
2375 5449 2612 5502 editiOne
2661 5448 2827 5502 Basil.
2863 5462 3037 5516 neque
3075 5451 3125 5501 in
3171 5447 3440 5512 Stopban.
3485 5464 3654 5512 neque
3683 5449 3730 5499 in

2162 5519 2401 5586 antiquis
2435 5534 2526 5571 sex
2567 5518 2719 5570 libris
2757 5517 2956 5586 legitur
2997 5535 3011 5570 :
3047 5520 3194 5571 sede
3229 5517 3360 5586 Reg.
3391 5521 3651 5576 secundo.
3682 5519 3730 5569 in

2162 5603 2268 5656 quo
2301 5589 2597 5648 invenitur,
2627 5589 2678 5639 in
2712 5589 3004 5641 editionem
3037 5588 3401 5641 Parisiensem
3431 5590 3660 5642 transiit.

2228 5659 2348 5730 (68)
2372 5658 2598 5730 (iudices
2629 5659 2836 5725 aliquot
2866 5660 3048 5730 κρίσιν
3073 5658 3290 5730 δέδωκε.
3325 5660 3444 5712 Mox
3472 5657 3606 5730 Reg.
3637 5659 3736 5712 duo

2164 5742 2296 5784 mss.
2322 5727 2617 5798 ἀνθρώπου
2651 5731 2742 5784 ἐπὶ
2767 5730 2866 5801 τῆς
2892 5727 2995 5800 γῆς
3021 5728 3240 5799 ἀφιέναι
3273 5729 3372 5799 ἀμ.
