4006 6434
532 365 764 380 -.ν--ρη
789 356 2200 377 -α-ᾑ-ψ-Μ-*ρω*
2219 350 3318 363 -——»—-.-_a_——u——c—.-W———.—

611 408 707 418 —.
734 407 780 416 —
932 396 2079 414 Μ
2118 393 2447 404 -ισ-ιδ-α-η--σ-ι
2465 390 3273 402 ..α--ιΑ-ο-σ--οι-ο--..κ--ο

745 601 1204 759 VITA
1289 598 1442 753 S.
1550 593 2245 769 BASlLlI
2340 592 2945 747 MAGNI

1336 861 1850 920 ARCHIEPlSCOPl
1886 858 2362 917 CESARIENSIS
2383 862 2422 913 ‘.

317 1257 720 1337 Propositum
751 1249 906 1313 mihi
945 1254 1038 1311 est
1068 1247 1132 1307 in
1166 1244 1276 1303 hac
1330 1244 1820 1319 pertractatione
1856 1236 2007 1315 quid
2038 1234 2307 1313 gesserit
2357 1240 2419 1295 et
2463 1233 2788 1312 scripserit
2827 1235 2887 1294 S.
2934 1232 3233 1309 Basilius,
3262 1233 3482 1297 obser-

242 1376 385 1430 vato
416 1334 608 1444 quam
651 1352 1126 1421 accuratissime
1160 1349 1378 1425 potero
1424 1348 1779 1420 temporum
1822 1340 2072 1411 ordine,
2107 1334 2736 1416 exponere.0rdinis
2768 1335 2937 1398 enim
2968 1337 3031 1396 in
3068 1335 3255 1397 rebus
3287 1334 3483 1413 gestis

243 1434 614 1532 enarrandis
646 1463 818 1518 tanta
852 1453 1048 1513 virtus
1080 1450 1197 1518 est,
1230 1453 1298 1504 ut
1332 1458 1458 1503 non
1514 1441 1718 1501 solum
1753 1437 2015 1501 facilius
2062 1437 2274 1499 animo
2312 1435 2766 1514 percipiantur,
2806 1434 2958 1496 dum
2992 1451 3180 1495 suum
3212 1451 3483 1514 qumque

240 1565 453 1629 locum
486 1560 783 1623 decenter
813 1553 1053 1617 tenent,
1080 1541 1192 1606 sed
1231 1541 1420 1603 etiam
1459 1537 1640 1617 pretii
1673 1535 2018 1614 plurimum
2066 1535 2319 1597 accedat
2352 1540 2461 1596 aut
2491 1532 2779 1609 decedat,
2818 1540 3003 1611 prout
3043 1542 3186 1611 apte
3221 1550 3485 1595 secusve

241 1668 650 1730 collocantur.
692 1652 1005 1719 Permulta
1032 1655 1205 1721 sunt,
1240 1659 1520 1725 quorum
1549 1640 1807 1703 consilii
1840 1640 1999 1702 ratio
2039 1640 2294 1718 penitus
2328 1638 2568 1712 latebit,
2608 1638 2663 1701 si
2704 1656 2740 1701 a
2764 1655 2883 1701 suo
2918 1637 3307 1700 divellantur
3332 1644 3489 1699 tem-

242 1787 434 1849 pore;
466 1768 587 1831 alia
624 1762 877 1827 laudem
917 1758 1107 1831 longe
1158 1750 1518 1821 exiliorem,
1557 1744 1864 1808 nonnulla
1918 1746 2106 1806 etiam
2146 1743 2571 1805 difﬁciliorem
2615 1744 2940 1807 habebunt
2977 1746 3488 1805 excusationem.

240 1840 633 1947 .Quin'etiam
665 1870 833 1924 recte
863 1858 1021 1918 facta
1054 1853 1180 1915 vim
1211 1856 1273 1913 et
1313 1855 1604 1909 naturain
1658 1845 1981 1918 amittunt,
2015 1859 2085 1904 ac
2126 1843 2391 1903 virtutes
2440 1857 2904 1921 nonnunquam
2945 1842 3374 1913 invertuutur,
3436 1840 3489 1899 si

242 1939 391 2050 quis
422 1974 688 2030 eventus
723 1963 863 2025 loco
900 1972 1023 2019 non
1058 1968 1178 2016 suo
1218 1955 1534 2012 narretur.
1568 1945 1856 2007 Charitas
1899 1944 2146 2018 Basilii,
2179 1943 2292 2024 qui
2334 1942 2785 2020 patrimonium
2821 1950 2881 2004 et
2934 1942 3121 2004 initio
3160 1939 3493 2003 monastici

240 2043 545 2145 instituti,
582 2076 642 2132 et
671 2068 890 2128 decem
932 2065 1075 2139 post
1100 2056 1311 2129 annis,
1346 2053 1520 2133 gravi
1553 2056 1819 2129 urgente
1862 2050 2054 2122 fame,
2086 2048 2436 2120 distribuit,
2494 2062 2761 2125 magnus
2798 2062 2939 2108 esse
2986 2062 3203 2106 naevus
3245 2043 3498 2105 videtur

243 2174 309 2235 in
344 2185 570 2233 severo
600 2160 987 2243 paupertatis
1020 2155 1418 2235 legislatore,
1455 2167 1733 2226 eumque
1765 2165 2057 2226 arguere,
2108 2148 2279 2226 quod
2315 2164 2443 2208 non
2468 2146 2678 2209 statim
2718 2162 2786 2207 se
2814 2145 3113 2207 omnibus
3146 2145 3337 2208 rebus
3372 2159 3495 2204 nu-

242 2270 508 2333 daverit.
548 2241 668 2326 Sed
699 2262 756 2323 si
793 2268 1058 2321 matrem
1094 2251 1469 2317 Emmeliam
1506 2256 1830 2325 grassante
1880 2246 1986 2309 illa
2016 2246 2186 2307 fame
2223 2246 2463 2307 obiisse
2494 2247 2989 2319 demonstretur,
3017 2250 3266 2321 accepta
3317 2241 3497 2303 illius

244 2378 447 2431 morte
478 2364 838 2433 hmreditas,
872 2368 938 2422 ut
974 2374 1111 2420 mos
1142 2360 1275 2417 erat
1313 2359 1670 2430 temporum
1712 2349 2001 2419 illorum,
2039 2352 2102 2407 et
2139 2346 2349 2409 statim
2382 2346 2446 2406 in
2492 2364 2801 2425 pauperes
2836 2348 3063 2421 etfusa,
3131 2352 3493 2424 promptum

244 2468 462 2533 Basilii
490 2468 567 2528 ad
604 2465 817 2527 omnia
850 2454 1241 2539 projicienda
1287 2450 1571 2514 animum
1602 2449 1900 2512 declarat.

324 2578 461 2639 Hoc
490 2590 691 2638 unum
726 2571 804 2630 de
854 2564 1072 2627 multis
1105 2561 1470 2638 exemplum
1504 2557 1727 2631 affero,
1767 2562 1836 2617 ut
1868 2555 2193 2617 neminem
2231 2554 2545 2616 deterreat
2588 2551 2839 2629 legendi
2872 2557 2932 2612 et
2959 2550 3384 2628 investigandi
3417 2551 3501 2610 la-

245 2683 383 2744 bor.
416 2682 717 2755 Suscepta
749 2672 920 2734 enim
958 2668 1149 2745 hujus
1180 2667 1324 2727 vitae
1360 2662 1718 2728 scribenda:
1755 2659 1938 2733 ratio,
1965 2664 2295 2739 prOpterea
2319 2657 2494 2735 quod
2526 2657 2589 2716 in
2619 2658 2913 2717 obscuris
2946 2656 3135 2717 rebus
3175 2653 3499 2733 explican-

243 2781 345 2841 dis
397 2794 564 2856 szepe
618 2750 932 2843 versatur,
990 2786 1116 2832 non
1149 2772 1317 2828 tanta
1352 2764 1671 2840 voluptate
1708 2760 1770 2821 in
1825 2758 2099 2835 legendo
2150 2757 2406 2827 retinet,
2456 2763 2693 2834 quanta
2728 2754 2923 2814 libera
2955 2760 3015 2814 et
3057 2753 3199 2813 sine
3231 2750 3500 2813 salebris

245 2882 455 2941 ﬂuens
486 2852 788 2939 narratio.
824 2873 962 2934 Non
985 2879 1218 2937 tamen.
1255 2872 1322 2927 ut
1358 2862 1659 2941 equidem
1707 2858 1961 2937 Opinor,
1996 2857 2275 2919 officient
2314 2856 2602 2919 obscura)
2625 2854 3046 2933 difﬁcilesque
3084 2852 3504 2932 quastiones,

246 2983 313 3047 in
346 2985 584 3064 quibus
614 2980 935 3042 interdum
972 2973 1387 3043 morabimur,
1420 2964 1771 3046 quominus
1802 2978 2099 3039 germana
2130 2961 2347 3021 Basilii
2378 2960 2620 3038 effigies
2650 2968 2794 3023 ante
2823 2960 3047 3021 oculos
3081 2958 3331 3035 depicta
3364 2972 3504 3015 ver-

248 3058 451 3149 setur.
482 3081 840 3157 Unicuique
873 3078 937 3136 in
989 3082 1285 3153 promptu
1344 3068 1463 3132 erit
1497 3065 1734 3128 eximia
1771 3065 1880 3126 illa
1928 3069 2154 3143 pietas,
2204 3070 2294 3124 tot
2352 3072 2590 3125 natura)
2623 3063 2813 3137 dona,
2863 3068 2950 3123 tot
2983 3058 3285 3120 doctrinm
3317 3071 3506 3116 orna-

247 3195 459 3255 menta
490 3187 558 3246 in
591 3182 847 3246 latebris
884 3179 1237 3242 recondens
1270 3194 1285 3233 :
1322 3190 1571 3236 summa
1602 3170 1874 3234 charitas
1903 3187 1982 3232 ne
2011 3170 2074 3230 in
2109 3168 2459 3231 solitudine
2483 3169 2742 3248 quidem
2782 3154 3119 3226 discedens
3153 3162 3230 3222 ab
3255 3177 3505 3239 augen-

250 3292 351 3351 dis
391 3284 697 3349 Ecclesite
734 3277 1144 3348 utilitatibus,
1193 3275 1260 3335 in
1298 3271 1652 3334 sacerdotio
1703 3276 1914 3330 autem
1952 3270 2120 3330 inter
2152 3274 2493 3346 perpetuos
2528 3273 2588 3327 et
2624 3281 2847 3343 graves
2905 3263 3161 3326 morbos
3213 3279 3342 3324 non
3392 3262 3505 3324 uni

252 3391 578 3463 Ecclesia»,
604 3389 717 3449 sed
750 3382 1040 3463 pluribus
1080 3377 1224 3440 aliis
1250 3373 1575 3455 regendis,
1613 3374 1742 3432 imo
1776 3367 2180 3448 paciﬁcandis
2218 3369 2412 3427 totius
2463 3367 2641 3429 orbis
2675 3366 2979 3429 Ecclesiis
3037 3366 3319 3431 intenta:
3357 3381 3498 3425 ani-

254 3513 397 3558 mus
427 3494 494 3554 in
526 3484 923 3567 amplissimo
954 3481 1152 3557 gradu
1182 3485 1242 3538 et
1265 3490 1515 3535 summa
1548 3471 1733 3530 famae
1764 3466 2131 3530 celebritate
2153 3466 2684 3539 demississimus,
2720 3468 2783 3528 in
2814 3466 3219 3529 defendendo
3259 3466 3507 3541 episco-

256 3602 439 3671 patus
468 3564 932 3666 jure'magnus
963 3584 1023 3637 et
1054 3570 1379 3641 sublimis,
1428 3568 1495 3628 in
1529 3565 1813 3629 colendis
1846 3566 2148 3627 amicitiis
2181 3566 2356 3627 omni
2395 3566 2788 3627 humanitate
2817 3567 3161 3646 expolitus,
3194 3564 3395 3627 facilis
3423 3568 3500 3626 ad

254 3659 695 3769 deponendam
726 3677 1183 3745 offensionem,
1225 3686 1607 3750 semperque
1633 3668 1707 3727 ad
1745 3667 2083 3746 placandos
2118 3666 2415 3727 homines
2455 3682 2585 3728 non
2634 3665 2877 3729 amicos
2909 3659 3398 3746 paratissimus:
3434 3669 3502 3730 in

257 3767 529 3871 propriis
561 3776 971 3843 contumeliis
1030 3790 1278 3838 summa
1320 3772 1545 3834 lenitas
1595 3775 1655 3831 et
1704 3769 2155 3839 mansuetudo,
2208 3768 2560 3830 teterrimas
2593 3767 2943 3830 calumnias
2994 3774 3055 3831 et
3110 3786 3364 3847 sparsos
3399 3788 3503 3845 per

259 3868 460 3954 totum
492 3886 709 3947 orbem
762 3878 1041 3940 famosos
1079 3874 1330 3938 libellos
1382 3868 1643 3933 silentio
1692 3886 1800 3945 per
1855 3875 1981 3929 tres
2022 3885 2224 3930 annos
2262 3868 2642 3945 perferens:
2696 3870 2764 3929 in
2810 3868 3233 3931 defendendis
3290 3876 3502 3930 autem
3585 3914 3588 3916 η

258 3992 490 4056 Christi
527 3984 783 4067 injuriis
814 3982 1010 4043 animi
1044 3980 1350 4043 fortitudo
1402 3981 1461 4038 et
1495 3972 1874 4044 constantia,
1922 3989 2112 4051 quani
2147 3988 2276 4032 non
2325 3970 2559 4045 exsilii,
2596 3988 2726 4033 non
2774 3972 2995 4035 mortis
3032 3971 3335 4051 pericula,
3373 3989 3500 4033 non

264 4099 455 4160 ullius
493 4088 824 4174 potestatis
857 4092 1065 4149 metus
1095 4102 1128 4145 a
1164 4084 1431 4146 veritate
1466 4078 1667 4160 palam
1704 4085 2008 4157 etaperto
2041 4079 2442 4157 praadicanda
2477 4079 2947 4142 deterruerunt.

777 4412 1004 4470 CAPUT
1032 4406 1322 4466 PRIMUM.
1868 4408 1915 4463 Α
1944 4403 2085 4455 velut
2111 4416 2176 4453 ex
2214 4400 2513 4467 composito
2562 4398 2816 4452 colvisse.
2865 4398 2978 4465 Ipse
3010 4395 3236 4450 Basilius
3263 4409 3368 4449 non
3401 4399 3499 4451 οι».

330 4530 369 4583 1.
401 4530 461 4586 8.
486 4526 711 4581 Basilius
728 4523 982 4578 Caesarea:
1005 4523 1256 4577 nascitur.
1284 4518 1349 4576 11.
1381 4517 1539 4586 quue
1564 4518 1703 4586 circa
1727 4530 1822 4586 an-

1940 4508 2095 4548 scure
2144 4493 2381 4546 declarat
2410 4500 2590 4543 natum
2623 4506 2681 4543 se
2712 4505 2832 4544 esse
2884 4489 3146 4542 Caesarea:
3180 4488 3231 4544 in
3290 4489 3500 4541 homilm

328 4578 461 4653 liuiu-
486 4578 746 4653 'SSBJII.
778 4594 849 4647 De
870 4593 1014 4645 illius
1061 4593 1193 4647 auis.
1228 4588 1315 4644 IV.
1348 4589 1420 4641 De
1455 4578 1600 4654 patre
1623 4583 1823 4637 Basilio
1937 4586 1989 4637 in
2023 4580 2277 4635 Gordium
2306 4593 2608 4653 martyrem,
2652 4597 2704 4633 n.
2749 4578 2803 4632 2.
2836 4579 3078 4633 Patriam
3129 4594 3280 4634 suam
3319 4579 3370 4631 in
3397 4594 3497 4645 cpt-

327 4680 377 4724 ⁸⁸
405 4680 575 4722 "'“m’
613 4664 886 4741 Ε”ηπείία-
912 4661 1306 4741 ν’..βαξίίίί.⁸“,ίῗ
1337 4658 1456 4741 (⁸⁸έέ
1491 4656 1820 4741 θῐεεονίηαίας
1940 4675 2089 4729 stolis
2122 4673 2190 4726 76
2242 4687 2295 4728 et
2332 4672 2400 4727 96
2434 4673 2664 4741 appellat
2710 4670 3124 4740 Cappadociam.
3169 4668 3274 4724 Sed
3328 4681 3505 4723 tamen

330 4741 517 4792 deinde
549 4737 642 4791 sub
671 4745 817 4801 patre
837 4732 1050 4801 puerilis
1085 4730 1359 4801 institutio.
1390 4726 1481 4781 Vl.
1526 4724 1820 4801 Cresarcam
2129 4724 2657 4801 ..λωξήὲλῷξίξςοηέ
2678 4724 2887 4801 mg?“

330 4761 517 4792 aestiua
549 4761 642 4791 suo
671 4761 817 4801 patre
837 4761 952 4801 μασι
967 4761 1050 4783 tua
1086 4761 1359 4785 uuusuuu.
1404 4761 1419 4778 ν
1440 4761 1481 4781 ι.
1527 4761 1820 4779 υυνσιυυ-..η

329 4809 695 4873 Cappadocum
730 4807 958 4858 mittitur
996 4803 1063 4853 ad
1105 4800 1278 4873 studia
1315 4798 1629 4860 litterarum,
1669 4794 1824 4861 idque

1941 4766 2096 4832 hujus
2129 4765 2361 4819 nominis
2389 4766 2645 4819 lmnoiem
2678 4765 2779 4831 lpsi
2820 4765 2982 4816 etiam
3022 4761 3193 4817 Ponto
3220 4761 3413 4815 defert.
3440 4765 3502 4813 ll-

1939 4857 1972 4873 ..
2265 4855 2485 4873 -
2714 4870 2841 4873 __-_
2904 4855 2915 4873 ς
2991 4852 3380 4873 μημμμεηη,

332 4852 509 4932 M65.
531 4852 1087 4929 mirandi;iniimus
1110 4852 1380 4938 probatur.
1618 4852 1628 4860 ’
1738 4852 1747 4861 ’
1939 4857 2043 4911 lius
2072 4865 2221 4924 pater
2265 4855 2517 4916 Basilius,
2554 4855 2658 4909 etsi
2710 4870 2850 4923 saepe
2904 4855 2954 4908 in
2990 4852 3386 4923 Cappadociam
3418 4869 3506 4906 vc-

338 4970 376 5024 l.
406 4969 662 5023 Sanctum
684 4962 1209 5019 BasiliumCaasareaa
1232 4955 1835 5025 iuCappadocianatum
1940 4949 2138 5014 niebat,
2176 4949 2500 5017 praecipuum
2530 4956 2707 5001 tamen
2747 4947 2798 4999 in
2835 4945 3001 5002 Ponto
3031 4946 3359 5019 domicili‘um
3390 4946 3502 5000 col-

263 5076 381 5114 csse
421 5056 678 5111 discimus
706 5058 937 5108 maxime
961 5068 1026 5106 ex
1055 5049 1316 5117 Gregorio
1346 5047 1717 5108 Nazianzcno,
1741 5043 1835 5111 qui
1940 5042 2241 5108 locaverat;
2266 5041 2527 5108 siquidem
2556 5040 2796 5095 Macrina
2831 5037 3065 5092 moriens
3098 5041 3173 5092 ait
3205 5040 3344 5107 apud
3369 5038 3503 5093 Gre-

264 5168 381 5206 eum
415 5148 730 5203 nominatim
764 5145 838 5217 (a)
871 5143 1234 5213 Cappadocem
1287 5140 1543 5211 appellat,
1583 5152 1750 5206 seque
1781 5144 1835 5187 et
1941 5132 2147 5204 gorium
2180 5132 2481 5202 Nyssenmn
2526 5130 2596 5201 (ε)
2631 5132 2797 5198 patris
2829 5130 2910 5183 sui
2954 5128 3153 5183 famam
3184 5138 3337 5182 extra
3370 5127 3509 5182 Pon-

264 5242 518 5295 Basilium
559 5237 687 5292 dicit
711 5234 807 5307 (b),
836 5250 955 5287 cum
980 5249 1046 5288 ex
1084 5232 1268 5286 eadem
1296 5232 1467 5302 patria
1498 5231 1548 5283 in
1595 5229 1837 5281 diversas
1944 5236 2055 5280 tum
2074 5224 2318 5278 diﬂ'usam
2348 5237 2451 5277 non
2486 5222 2669 5281 fuisse,
2698 5221 2936 5289 satisque
2964 5220 3037 5274 illi
3069 5219 3235 5273 fuisse
3259 5220 3309 5273 in
3339 5220 3507 5288 patria

265 5333 512 5401 regiones
561 5329 800 5384 discendi
834 5342 993 5383 causa
1043 5325 1326 5387 abiisseut,
1365 5338 1560 5376 rursus
1604 5319 1836 5374 Athenis
1944 5317 2107 5369 decus
2160 5314 2392 5381 assequi.
2463 5311 2639 5366 Basilii
2712 5310 2878 5364 frater
2934 5310 3226 5378 Gregorius
3278 5312 3506 5378 patriam

336 5511 411 5581 (a)
445 5508 576 5564 Naz.
604 5523 691 5578 ep.
726 5507 778 5562 6.
1324 5506 1395 5575 (b)
1426 5502 1518 5557 Or.
1536 5502 1626 5555 20.

1324 5506 1395 5575 (b)
1426 5502 1518 5557 Or.
1536 5502 1626 5555 20.
2018 5499 2085 5569 (ε)
2124 5496 2230 5549 Vit.
2257 5496 2313 5551 S.
2352 5496 2542 5556 Macra,
2570 5494 2684 5547 192.

271 5649 574 5760 w’fAuctore
598 5650 786 5757 Damno
809 5646 1077 5696 Prudentiu
1102 5645 1312 5705 larano,
1338 5648 1440 5707 qui,
1467 5645 1661 5694 Juliano
1684 5642 1919 5693 Garncrio
1937 5640 2035 5702 jam
2060 5653 2183 5688 anno
2211 5640 2345 5699 17235,
2366 5637 2649 5695 dieZiJunii,
2677 5637 2925 5696 defuncta,
2951 5632 3185 5694 editionis
3206 5632 3513 5681 absolvendus

354 5726 425 5763 am
447 5723 645 5772 sumpt
674 5744 687 5756 .

354 5726 425 5763 am
447 5723 687 5763 ςυκεοιι.

576 5797 850 5858 Pnnoc.
898 5793 1016 5853 Gn.
1064 5791 1300 5853 XXIX.

3140 5800 3170 5837 α
