4006 6452
507 393 558 434 vt
1858 377 2121 432 PROLEC
2129 375 2223 432 OM
2233 377 2363 432 ENA
2377 419 2389 431 .

505 500 747 571 agnoscit
797 498 1045 565 Pontum,
1095 501 1221 556 ibid.
1254 514 1307 569 p.
1357 500 1479 556 182.
1513 500 1707 555 Narrat
1736 501 1963 556 Basilius
2004 503 2054 555 iu
2091 508 2134 563 Α
2168 503 2450 572 aliquanto
2483 501 2582 555 fuit
2612 502 2873 572 Gregorio
2910 501 3260 557 Nazianzeno
3307 501 3400 571 (ε),
3428 499 3518 569 qui
3546 512 3665 554 cum
3698 496 3749 550 in

503 593 661 660 epist.
690 591 749 645 51
785 606 844 646 se
871 606 990 646 cum
1029 592 1209 647 multis
1242 593 1294 645 in
1341 591 1515 662 patria
1554 590 1718 645 Deum
1752 593 2066 648 timentibus

502 681 861 737 insolabiliter
904 682 1160 746 doluisse,
1213 683 1352 751 quod
1396 682 1619 736 Dianius
1650 682 1892 737 formulae
1924 683 2066 737 Can-

502 773 845 843 stantinopoli
877 774 1050 828 allata:
1074 776 1515 844 subscripsisset:
1547 778 1772 842 patriam
1796 774 2068 842 appellans

502 864 655 920 Ponti
683 866 1020 920 solitudinem
1053 866 1103 919 in
1136 882 1240 935 qua
1272 874 1399 921 tunc
1434 866 1799 921 delitescebat.
1830 866 2069 934 Cumque

502 956 789 1027 aliquando
840 972 962 1011 sese
1011 972 1075 1010 ex
1132 958 1235 1010 hac
1288 957 1577 1011 solitudine
1627 959 1693 1011 ad
1747 956 2066 1026 Gregorium

496 1047 898 1101 Nazianzenum
951 1046 1265 1101 contulisset
1314 1056 1367 1101 et
1401 1050 1537 1115 apud
1591 1064 1713 1102 eum
1746 1058 2067 1112 moraretur,

501 1137 585 1189 sui
621 1136 767 1189 illum
820 1135 1017 1190 fratres
1065 1138 1347 1190 amicitiam
1400 1148 1447 1191 et
1474 1140 1697 1205 patriam
1756 1154 2066 1193 commemo-

500 1239 672 1283 rantes
703 1229 798 1297 (α),
827 1228 988 1282 veluti
1019 1228 1305 1299 profugum
1348 1232 1632 1299 quemdam
1682 1245 1941 1286 revocare
1974 1246 2066 1285 co-

505 1322 613 1375 nati
646 1331 788 1375 sunt.
822 1320 1174 1389 Prtepositum
1198 1322 1481 1387 quemdam
1514 1337 1774 1390 pagorum
1812 1322 1865 1376 in
1900 1320 2067 1377 Ponto

500 1413 729 1481 appellat
764 1414 952 1480 patria:
975 1413 1343 1481 praspositum,
1374 1413 1425 1467 in
1456 1414 1615 1483 epist.
1643 1414 1731 1467 87.

573 1502 696 1555 llzec
734 1503 1034 1556 testimonia
1073 1504 1123 1555 in
1169 1505 1395 1571 speciem
1430 1505 1721 1574 pugnantia
1751 1505 1794 1558 si
1845 1505 1985 1559 inter
2010 1520 2067 1561 se

501 1594 865 1656 conferantur,
926 1593 1041 1661 plus
1097 1595 1345 1663 equidem
1412 1593 1674 1663 Gregorio
1728 1592 2066 1649 Nazianzeno

502 1688 756 1748 tribuam,
805 1686 895 1754 qui
937 1684 1194 1738 Basilium
1231 1685 1599 1752 Cappadocem
1632 1683 1883 1753 appellat,
1916 1694 2066 1739 aute-

500 1792 659 1844 quam
686 1776 788 1828 ulla
814 1776 860 1829 ei
881 1776 1223 1848 necessitudo
1247 1790 1366 1827 cum
1393 1772 1726 1843 Cappadocia
1762 1776 2063 1830 intercede-

2174 594 2344 648 lncem
2376 604 2529 664 patre
2552 594 2804 663 episcopo
2834 594 3010 649 editus
3034 594 3126 659 sit,
3157 594 3318 649 citius
3350 592 3497 647 nasci
3528 606 3631 644 non
3658 602 3753 656 po-

2174 684 2274 737 tuit
2302 700 2439 739 anno
2466 684 2591 748 528,
2617 699 2723 750 quo
2753 684 2921 753 ipsius
2948 694 3099 753 pater
3125 684 3407 738 ordinatus
3440 690 3543 744 est,
3568 685 3753 747 utpote

2172 788 2410 831 mortuus
2438 793 2578 831 anno
2609 777 2712 830 575
2738 788 2968 832 exeunte
3004 786 3097 830 aut
3131 778 3348 829 ineunte
3378 773 3505 836 574,
3549 768 3747 824 emeriv

2171 868 2238 921 tis
2260 867 2313 920 in
2352 869 2660 935 episcopatu
2711 867 3068 935 quadraginta
3125 867 3367 935 quinque
3399 862 3576 915 annis.
3627 856 3745 913 Jam

2170 974 2296 1014 vero
2342 958 2661 1030 Gregorium
2720 962 2770 1013 in
2816 962 3129 1029 episcopatu
3170 958 3340 1027 patris
3376 966 3557 1009 natum
3606 966 3741 1013 esse,

2167 1054 2265 1107 etsi
2294 1053 2488 1104 mirum
2524 1053 2574 1106 id
2606 1061 2661 1105 et
2685 1068 2902 1116 prorsus
2930 1052 3209 1107 insolitum
3235 1050 3467 1114 videtur,
3500 1063 3596 1100 nec
3623 1060 3744 1099 cum

2170 1145 2378 1214 legibus
2416 1144 2805 1199 ecclesiasticis
2839 1145 2991 1199 valde
3023 1158 3341 1205 consonum,
3378 1141 3525 1194 clare
3567 1146 3742 1191 tamen

2167 1214 2491 1305 perspiciiur
2519 1249 2585 1288 ex
2622 1236 2704 1290 his
2730 1234 2975 1305 Gregorii
3004 1235 3069 1290 ad
3102 1236 3269 1288 illium
3306 1232 3484 1287 verbis
3511 1231 3587 1298 (ά)
3626 1244 3638 1281 :

2308 1347 2471 1401 Οὔπω
2492 1348 2738 1419 τοσρῦτον
2767 1349 3182 1419 ὲκμεμὲτρηκας
3208 1347 3339 1416 βίον,

2319 1420 2479 1481 Ὅσος
2505 1417 2684 1489 διῆλθε
2711 1418 2909 1470 Θυσιῶν
2931 1417 3050 1487 sua
3072 1417 3290 1489 χρόνος.

2328 1509 2576 1563 Nondum
2608 1520 2676 1562 tot
2710 1526 2874 1563 annos
2906 1511 3008 1562 vita
3034 1511 3286 1577 percurrit
3317 1518 3427 1567 tua.

2313 1580 2449 1646 Quot
2473 1582 2543 1632 mi
2579 1582 2631 1631 in
2659 1582 2821 1634 sacris
2850 1579 3093 1648 suntjam
3123 1580 3317 1647 peracti
3346 1578 3584 1632 victimis.

2164 1690 2387 1745 Frustra
2442 1688 2683 1760 Gregorii
2712 1698 2860 1745 ortus
2884 1690 2949 1744 ad
2981 1690 3181 1759 primos
3206 1691 3547 1758 episcopatus
3598 1699 3746 1738 men-

2171 1798 2258 1838 ses
2308 1782 2601 1838 referatur.
2644 1780 2721 1836 Ne
2764 1784 2841 1837 sic
2878 1782 3096 1853 quidem
3137 1782 3420 1836 diﬂicultas
3446 1780 3743 1839 minuetur,

502 1879 602 1932 ΐθιι
638 1876 831 1930 prime?
865 1882 981 1920 eam
1013 1881 1173 1935 quam
1206 1877 1395 1920 natura
1425 1866 1773 1922 conflaverat.
1819 1866 2067 1922 Nondum
2104 1853 2145 1907 Β
2172 1890 2291 1929 cum
2318 1875 2611 1930 Caesarium
2650 1875 2869 1929 fratrem
2890 1874 3191 1945 Gregorius
3219 1874 3463 1927 habuerit
3486 1880 3613 1926 natu
3645 1870 3746 1923 mi-

496 1961 638 2014 enim
671 1960 953 2028 episcopus
977 1968 1097 2012 erat
1126 1967 1219 2011 aut
1245 1959 1551 2028 presbyter.
1586 1957 1807 2012 Litteris
1848 1959 2065 2027 quidem

495 2052 756 2107 Caesareae
784 2064 999 2119 operam
1035 2050 1290 2117 dederat;
1320 2050 1414 2104 sed
1446 2049 1495 2104 id
1525 2048 1658 2103 tanti
1687 2064 1793 2105 non
1819 2060 1955 2115 erat,
1975 2064 2070 2104 cur

496 2140 782 2209 Cappadox
814 2141 1116 2195 diceretur:
1154 2140 1271 2193 alia:
1298 2140 1441 2192 enim
1478 2140 1642 2193 urbes
1670 2140 1782 2209 pari
1818 2140 1938 2209 jure
1968 2138 2068 2191 Ba-

494 2233 673 2286 siliqu
706 2233 805 2284 sibi
841 2231 1224 2285 vindicassent.
1256 2231 1411 2284 Aliud
1444 2245 1572 2297 ergo
1618 2246 1793 2286 causae
1828 2244 1933 2284 non
1988 2232 2065 2283 vi-

494 2321 652 2375 detur
692 2321 961 2374 exstitisse
999 2334 1095 2373 cur
1123 2318 1411 2389 Cappadox
1453 2320 1747 2383 diceretur,
1789 2321 1887 2374 nisi
1924 2322 2066 2389 quod

491 2412 754 2465 Crsarem
786 2410 837 2463 in
877 2410 1045 2464 lucem
1078 2410 1255 2465 editus
1297 2409 1489 2463 fuerat.
1518 2412 1586 2463 At
1616 2410 1824 2465 facilius
1848 2422 1930 2466 est
1969 2425 2064 2464 ex-

495 2496 695 2564 plicare
715 2512 812 2551 cur
840 2496 1063 2551 Pontum
1087 2498 1310 2566 patriam
1337 2498 1565 2567 appellet
1595 2497 1843 2562 Basilius,
1878 2513 2066 2568 quam-

495 2587 576 2641 vis
603 2598 760 2640 natus
785 2586 835 2638 in
876 2587 977 2640 hac
1008 2586 1225 2655 regione
1253 2601 1356 2640 non
1385 2586 1596 2642 fuisset.
1626 2587 1754 2642 Hec
1791 2590 1934 2641 enim
1970 2604 2068 2658 pa-

495 2680 597 2733 tria
625 2678 867 2746 parentis
894 2688 949 2733 et
991 2694 1213 2734 avorum
1246 2697 1258 2733 :
1302 2679 1373 2733 ibi
1423 2691 1573 2748 pater
1601 2680 1933 2734 domicilium
1967 2682 2063 2735 ha-

501 2774 696 2826 buerat
728 2789 741 2824 :
780 2771 847 2825 ibi
876 2771 985 2827 nati
1031 2771 1244 2828 fuerant
1271 2771 1455 2827 Basilii
1482 2771 1679 2826 fratres
1711 2789 1725 2826 :
1776 2774 1845 2827 ibi
1876 2775 2068 2829 nutrici

496 2862 720 2915 traditus
738 2861 997 2918 alendus:
1030 2865 1100 2918 ibi
1136 2864 1308 2934 prima
1344 2864 1487 2919 illius
1519 2874 1572 2921 et
1595 2865 1809 2932 pietatis
1843 2876 1895 2920 et
1926 2866 2069 2921 litte-

494 2968 678 3009 rarum
725 2956 973 3010 tirocinia
1011 2974 1023 3007 :
1066 2956 1138 3011 ibi
1185 2957 1381 3013 dilecta
1429 2957 1684 3024 solitudo,
1714 2958 1766 3011 in
1796 2972 1957 3026 quam
2010 2974 2069 3013 se

494 3060 793 3117 receperat.
824 3047 927 3102 Tot
952 3063 1078 3118 ergo
1101 3049 1410 3103 nominibus
1438 3050 1562 3103 huic
1596 3050 1712 3104 loco
1747 3050 2065 3116 obstrictus,

494 3155 600 3195 non
630 3140 901 3194 immerito
931 3139 1079 3193 illum
1109 3140 1287 3193 instar
1304 3138 1492 3207 patriae
1529 3139 1780 3193 habebat.
1815 3139 1904 3193 Sic
1930 3139 2064 3195 Gre-

494 3231 678 3302 gorius
706 3230 980 3301 Nyssenus
1015 3230 1216 3296 locum,
1270 3230 1322 3283 in
1375 3243 1481 3300 quo
1516 3230 1872 3299 quadraginta
1918 3245 2061 3283 mar-
2092 3209 2135 3265 CI

493 3337 639 3399 tyres
687 3328 831 3397 passi
878 3327 1111 3392 fuerant,
1153 3327 1378 3396 patriam
1415 3341 1566 3381 suam
1591 3338 1713 3380 esse
1737 3325 1889 3391 dicit,
1942 3326 2065 3393 quia

492 3426 703 3487 patrum
739 3432 957 3472 suorum
1007 3418 1180 3485 patria
1207 3426 1348 3481 erat,
1378 3425 1507 3472 tom.
1540 3417 1629 3481 lll,
1664 3432 1717 3485 p.
1750 3415 1875 3471 500.
1918 3416 2064 3469 Idem

493 3511 546 3564 in
572 3510 814 3564 oratione
842 3512 895 3563 in
917 3509 975 3564 S.
1011 3508 1359 3574 Theodorum,
1388 3524 1440 3577 p.
1465 3508 1587 3573 585,
1616 3508 1899 3561 Amaseam
1926 3508 2066 3561 illius

493 3602 718 3670 patriam
739 3610 912 3663 vocat,
932 3601 1075 3669 quia,
1100 3599 1365 3669 martyris,
1387 3600 1580 3669 inquit,
1611 3600 1786 3667 patria
1819 3598 1962 3652 locus
1989 3608 2065 3651 est

506 3694 785 3759 passionis.
810 3692 948 3757 Quin
978 3694 1139 3747 etiam
1164 3694 1278 3761 ipse
1299 3693 1527 3747 Basilius
1559 3692 1867 3748 Armeniam
1886 3690 2069 3759 appel-

496 3782 572 3835 lat
606 3785 832 3850 patriam
871 3783 921 3835 in
956 3785 1114 3851 epist.
1155 3784 1280 3851 225,
1313 3800 1366 3838 n.
1405 3786 1457 3849 5,
1491 3786 1577 3838 ubi
1616 3785 1691 3838 ait
1722 3800 1780 3840 se
1803 3801 1868 3840 ex
1901 3784 2067 3838 variis

492 3875 1015 3947 peregrinationibus
1079 3878 1390 3933 redeuntem
1450 3878 1723 3932 invenisse
1784 3877 1837 3930 in
1894 3878 2066 3947 patria

494 3969 801 4031 nonnullos,
847 3968 936 4037 qui
994 3969 1156 4023 vitam
1219 3970 1565 4022 monasticam
1622 3965 2062 4038 profitebantur:

490 4061 686 4114 euibus
711 4060 887 4114 verbis
915 4060 1262 4114 Eustathium
1295 4058 1650 4113 Sebasteuum
1674 4059 1942 4129 designat.
1970 4058 2067 4111 Mi-

494 4168 610 4205 rum
640 4161 819 4204 autem
853 4168 955 4205 non
988 4162 1070 4206 est
1100 4152 1355 4205 Basilium
1399 4150 1658 4205 C:esareae
1690 4161 1874 4205 natum
1923 4165 2061 4218 esse,

492 4245 739 4314 quamvis
781 4244 945 4311 ipsius
978 4254 1125 4313 pater
1152 4245 1415 4313 praecipue
1452 4243 1504 4296 in
1528 4241 1702 4296 Ponto
1732 4241 2065 4295 domicilium

493 4342 758 4398 habuerit.
780 4337 981 4407 Amplae
998 4339 1143 4390 enim
1178 4336 1569 4405 possessiones,
1603 4348 1739 4403 quas
1770 4332 1823 4385 in
1859 4332 2067 4401 Cappa-

496 4435 644 4488 docia
676 4432 925 4497 habebat,
972 4444 1115 4499 saepe
1147 4429 1303 4482 illum
1352 4426 1653 4482 Caesaream
1704 4433 1982 4479 traxerunt
2013 4432 2065 4477 et

495 4525 582 4578 diu
615 4525 666 4578 in
694 4525 794 4577 hac
826 4525 957 4577 urbe
1001 4521 1375 4584 detinueruut,
1406 4518 1555 4575 adeo
1586 4530 1644 4571 ut
1682 4516 1825 4571 illius
1856 4525 1911 4571 et
1939 4514 2062 4567 Em»

495 4617 667 4670 meliae
694 4613 948 4683 praeclare
1008 4612 1149 4666 facta
1198 4610 1497 4681 Gregorius
1547 4612 1688 4665 inter
1732 4609 1962 4663 Pontum
2011 4616 2066 4660 et

494 4707 889 4774 Cappadociam
922 4704 1089 4756 divisa
1119 4703 1281 4758 fuisse
1314 4711 1540 4756 testetur
1573 4702 1672 4771 (ὁ).

565 4796 628 4849 ll.
686 4796 852 4849 Natus
890 4804 974 4850 est
1016 4792 1244 4847 Basilius
1292 4798 1435 4848 circa
1474 4807 1671 4845 annum
1725 4791 1856 4855 529,
1901 4789 2066 4857 idque

495 4890 627 4943 satis
646 4888 874 4956 quadrat
903 4904 1025 4942 cum
1062 4886 1202 4941 illius
1227 4888 1530 4941 litterarum
1561 4884 1778 4947 studiis,
1810 4896 1927 4952 qua:
1968 4894 2065 4933 an-

496 4993 564 5031 no
589 4976 692 5031 355
715 4986 943 5031 exeunte
970 4976 1211 5030 absoluta
1247 4976 1480 5031 fuerunt.
1520 4975 1633 5031 Non
1670 4975 1813 5029 enim
1865 4972 2067 5042 patitur

493 5068 688 5122 eximia
720 5067 859 5121 illius
904 5068 1100 5138 ingenii
1138 5068 1301 5130 acies,
1329 5082 1448 5136 qua:
1496 5077 1706 5121 mature
1767 5064 2067 5133 disciplinis

495 5158 803 5213 liberalibus
825 5161 987 5227 cmpit
1017 5160 1207 5224 excoli,
1234 5169 1292 5213 ut
1320 5174 1463 5223 eum,
1489 5174 1610 5213 cum
1636 5156 2063 5223 rediitAthenis,

493 5264 661 5304 annos
689 5259 870 5302 natum
908 5251 1072 5305 fuisse
1101 5252 1378 5321 plusquam
1411 5251 1600 5320 viginti
1623 5263 1830 5319 septem
1872 5248 2066 5303 existi-

494 5355 719 5396 memus.
740 5341 844 5395 Sed
879 5341 980 5395 alia
1002 5343 1183 5396 subest
1215 5343 1367 5412 longe
1396 5342 1619 5413 gravior
1650 5344 1809 5399 ratio.
1865 5339 2063 5397 Juuior

563 5514 637 5588 ea
672 5514 1209 5588 Ep.s.n.t,p.so.

565 5585 637 5653 (ὁ)
665 5586 755 5639 Οι·.
790 5586 876 5640 20.

672 5655 798 5743 \Nuz.
831 5674 916 5743 rip.
946 5658 1033 5739 53.

566 5727 639 5785 id)
672 5725 793 5775 Νη.
832 5726 900 5777 De
927 5734 1026 5779 vim
1060 5745 1173 5779 sua.

567 5808 634 5855 te)
671 5790 759 5855 [ἐν.
802 5794 919 5843 162.

2173 1979 2378 2019 norem.
2414 1966 2679 2021 Baronius
2700 1967 3168 2036 exaggerationem
3195 1964 3245 2016 in
3283 1962 3460 2017 verbis
3493 1961 3741 2030 Gregorii

2176 2054 2513 2122 suspicatur;
2556 2055 2650 2108 sed
2677 2056 2794 2110 sine
2828 2055 2931 2107 ulla
2959 2068 3181 2124 prorsus
3216 2052 3445 2106 ratione.
3473 2049 3742 2120 Papebro-

2172 2146 2323 2199 chius
2359 2160 2455 2214 pro
2496 2143 2697 2197 θυσιῶν
2725 2146 3003 2213 legendum
3035 2144 3253 2212 Coujicit
3276 2141 3507 2212 ἐτησίων
3542 2151 3634 2193 aut
3665 2140 3747 2201 δὶς

2174 2236 2266 2290 ἰὼν
2295 2238 2419 2308 ἐμοὶ
2440 2237 2650 2308 χρόνος.
2683 2236 2787 2289 Sed
2815 2238 2984 2289 satius
3017 2245 3099 2290 est
3136 2251 3257 2289 cum
3290 2232 3636 2287 Tillemontio
3669 2231 3746 2283 fa-

2170 2330 2268 2382 teri
2312 2328 2479 2399 legem
2534 2326 2966 2382 ecclesiasticam
3010 2325 3074 2378 de
3103 2326 3432 2381 continentia
3474 2323 3748 2393 episcopo-

2172 2437 2291 2475 rum
2322 2421 2557 2475 nondum
2590 2420 2642 2474 in
2666 2420 2921 2474 omnibus
2948 2417 3167 2472 omnino
3201 2417 3458 2471 Ecclesiis
3492 2416 3746 2486 viguisse,

2170 2528 2329 2582 quam
2356 2511 2757 2581 apertissimum
2788 2510 2963 2564 locum
2998 2507 3264 2578 ejusmodi
3300 2506 3626 2573 coniecturis
3668 2513 3749 2558 at-

2174 2614 2403 2660 tentare.
2445 2601 2784 2657 Probabilior
2815 2610 2957 2655 esset
3003 2596 3331 2655 dilIicultatis
3373 2594 3750 2675 solvendaera-

2172 2695 2263 2755 tio.
2292 2695 2337 2748 si
2367 2692 2683 2762 Gregorius,
2733 2693 2825 2764 qui
2870 2708 3013 2747 anno
3049 2691 3153 2747 525
3202 2691 3510 2761 baptizatus
3538 2698 3641 2754 est,
3694 2696 3753 2740 et

2174 2790 2314 2841 inter
2362 2786 2723 2841 sacerdotium
2767 2799 2832 2839 ac
2888 2783 3161 2852 baptisma
3218 2781 3436 2850 aliquod
3490 2780 3750 2847 temporis

2170 2879 2401 2948 spatium
2437 2877 2782 2945 interposuit,
2817 2875 2869 2927 in
2892 2874 3193 2944 presbyteri
3231 2874 3399 2942 gradu
3424 2872 3528 2926 dici
3565 2878 3750 2939 posset

2172 2970 2481 3040 aliquandiu
2520 2968 2885 3029 ministrasse,
2908 2975 2963 3020 et
2989 2968 3055 3018 ad
3092 2965 3231 3018 lianc
3260 2964 3577 3033 dignitatem
3609 2975 3751 3013 anno

2171 3064 2273 3119 5B7
2311 3061 2642 3131 pervenisse.
2678 3058 2781 3115 Sed
2828 3060 2987 3129 hujus
3022 3058 3097 3113 rei
3142 3057 3343 3111 nullum
3380 3063 3557 3110 exstat
3590 3054 3751 3107 vesti-

2171 3155 2338 3224 gium.
2400 3151 2558 3206 Plura
2618 3152 2739 3205 vide
2777 3151 2918 3221 apud
2968 3148 3394 3213 Tillemontium,
3441 3155 3553 3200 not.
3607 3144 3662 3207 4,
3695 3143 3751 3196 in

2170 3242 2322 3313 Creg.
2351 3242 2491 3297 Naz.
2516 3243 2743 3297 Basilius
2766 3258 2913 3311 ergo,
2954 3242 3047 3309 qui
3080 3241 3357 3307 aliquanto
3392 3246 3514 3304 post
3541 3235 3751 3303 Grego-

2172 3334 2310 3386 rium
2359 3334 2413 3384 in
2468 3335 2640 3384 lucem
2685 3331 2861 3383 editus
2890 3338 2996 3391 est,
3038 3330 3182 3382 circa
3215 3343 3415 3380 annum
3446 3326 3552 3379 5‘29
3594 3334 3750 3377 natus

2169 3424 2418 3488 videtur;
2466 3431 2521 3475 et
2567 3436 2689 3475 cum
2724 3434 2906 3475 senem
2935 3434 2993 3473 se
3038 3433 3159 3473 esse
3188 3417 3318 3471 dicit
3347 3416 3420 3486 (ε)
3454 3432 3595 3469 anno
3619 3415 3745 3479 574,

2170 3517 2219 3570 id
2254 3531 2360 3570 non
2398 3524 2502 3569 tam
2540 3514 2683 3567 illius
2717 3512 2874 3567 anuis
2904 3510 3253 3565 tribuendum
3281 3524 3441 3577 quam
3474 3518 3749 3577 perpetuae

2169 3609 2382 3661 cuidam
2418 3607 2744 3672 inﬁrmitati,
2771 3621 2892 3676 qua:
2911 3606 2979 3660 ab
3005 3605 3225 3661 ineunte
3256 3610 3411 3657 aetate
3440 3600 3659 3669 incepit,
3686 3616 3749 3655 ac

2171 3708 2352 3766 postea
2396 3700 2723 3765 pceuitentia:
2762 3710 2816 3755 et
2862 3698 3150 3755 sacerdotii
3191 3696 3465 3751 laboribus
3499 3704 3555 3749 et
3594 3694 3749 3749 novis

2171 3787 2675 3857 supervenientibus
2707 3789 2911 3841 morbis
2967 3789 3046 3843 sic
3104 3788 3366 3852 accrevit,
3413 3796 3471 3840 ut
3526 3787 3579 3841 in
3633 3788 3749 3856 ipso

2167 3880 2341 3934 atatis
2356 3879 2549 3933 robore
2569 3892 2733 3931 senex
2756 3878 3030 3932 videretur
3049 3876 3143 3947 (ι’),
3166 3891 3230 3930 ac
3256 3878 3507 3931 dentibus
3529 3889 3748 3932 careret

2169 3984 2342 4024 annos
2380 3979 2537 4022 natus
2567 3966 2655 4020 46.

2242 4059 2328 4114 lll.
2352 4060 2644 4114 Paternum
2684 4071 2851 4128 genus
2889 4055 3120 4112 Basilius
3154 4070 3184 4110 e
3209 4054 3403 4120 Ponto,
3431 4064 3490 4109 ut
3516 4064 3749 4111 testatur

2168 4150 2455 4219 Gregorius
2484 4148 2864 4204 Nazianzenus
2900 4147 2995 4219 (g),
3030 4156 3331 4203 maternum
3375 4161 3439 4201 ex
3464 4146 3747 4217 Cappado—

2168 4242 2252 4297 cia
2283 4244 2524 4297 ducebat.
2572 4242 2887 4310 Quanquam
2928 4240 3224 4310 Gregorius
3266 4238 3562 4309 Nysseuus,
3612 4254 3734 4293 cum

2168 4335 2521 4403 quadraginta
2560 4343 2825 4402 martyres
2864 4334 2915 4387 in
2947 4349 3011 4390 eo
3036 4332 3150 4385 loco
3181 4330 3444 4396 laudaret,
3482 4330 3569 4385 ubi
3601 4330 3745 4397 passi

2169 4426 2401 4487 fuerant,
2440 4426 2493 4480 id
2519 4436 2598 4479 est
2625 4424 2883 4478 Sebastiaa
2912 4425 2966 4478 in
3002 4422 3282 4484 Armenia,
3310 4421 3449 4475 hanc
3479 4419 3743 4487 majorum

2169 4531 2387 4571 suorum
2428 4515 2657 4586 patriam
2710 4530 2830 4570 esse
2871 4523 3164 4577 asseverat,
3199 4515 3314 4567 sive
3347 4514 3471 4581 quia
3523 4511 3646 4565 inde
3691 4512 3744 4563 iu

2174 4609 2399 4663 Pontum
2456 4618 2546 4661 aut
2594 4606 2987 4677 Cappadociam
3045 4608 3397 4665 transierant.
3454 4604 3566 4658 sive
3617 4605 3742 4673 quia

2172 4700 2296 4753 olim
2334 4700 2575 4755 Sebastia
2607 4700 2960 4767 Cappadocia;
2988 4699 3244 4751 attributa
3280 4706 3418 4751 erat.

2247 4790 2371 4842 Erat
2403 4800 2579 4843 autem
2613 4801 2898 4856 utrumque
2930 4789 3057 4842 illud
3089 4803 3256 4855 genus
3284 4786 3623 4846 militaribus,
3651 4799 3747 4853 pa-

2175 4880 2357 4932 latinis
2386 4891 2441 4931 et
2474 4879 2889 4945 municipalibus
2916 4877 3265 4946 dignitatibus
3301 4875 3531 4942 insigne,
3572 4889 3634 4927 ac
3664 4875 3748 4925 di-

2174 4970 2321 5024 vitiis
2361 4980 2415 5025 et
2448 4969 2666 5038 opibus,
2716 4977 2770 5022 et
2814 4968 3043 5023 excelsis
3075 4967 3281 5021 tbronis
3325 4981 3388 5020 ac
3428 4967 3745 5031 eloquanthe

2172 5062 2316 5115 fama
2350 5062 2555 5116 clarum
2586 5059 2698 5130 (h);
2748 5062 2840 5115 sed
2881 5060 3082 5127 pietate
3131 5073 3195 5112 ac
3242 5058 3513 5127 religionis
3544 5054 3743 5119 studio,

2176 5162 2230 5207 et
2262 5154 2419 5207 rebus
2466 5166 2563 5221 pro
2612 5150 2825 5207 Christo
2877 5149 3087 5203 fortiter
3115 5149 3284 5217 gestis
3323 5148 3481 5214 longe
3525 5147 3743 5200 clarius.

2177 5243 2311 5297 Nam
2340 5255 2613 5299 maternus
2636 5241 2814 5296 Basilii
2840 5256 2971 5294 avus
3003 5242 3109 5294 vita
3146 5250 3199 5293 et
3240 5240 3393 5294 bonis
3420 5252 3513 5305 pro
3531 5239 3747 5292 Christo

2175 5335 2435 5405 spoliatus
2458 5336 2524 5388 ab
2558 5335 2881 5401 imperatore
2902 5330 3076 5386 fuerat
3113 5333 3197 5403 (ἰ).
3234 5330 3331 5385 Avi
3361 5340 3537 5384 autem
3572 5341 3746 5398 pater-

2239 5512 2302 5579 (ῃ
2340 5510 2598 5579 Ερ.952.

2241 5582 2314 5720 (ῃζ
2336 5583 2427 5635 0r.
2459 5581 2551 5634 20.

2241 5654 2291 5718 (li
2350 5651 2484 5705 Ibid.

2240 5651 2484 5718 (h)lth

2249 5722 2300 5788 ζ»)
2344 5720 2499 5789 Nyss.
2542 5720 2644 5773 Vit.
2680 5720 2734 5773 S.
2773 5719 2939 5771 Mirrr.
2976 5731 3103 5773 tom.
3134 5719 3199 5782 ll,
3238 5738 3288 5789 p.
3330 5720 3446 5773 191.
