4006 6450
1594 385 1750 443 νιτΑ
1790 386 1825 441 S

1935 380 2146 437 ASILII.
3428 401 3496 439 vn

251 504 310 556 ni
335 507 491 555 erant
519 498 820 569 aliquidem
846 513 908 553 au
926 498 1102 552 omnia
1134 514 1229 570 pro
1258 498 1475 555 Christo
1504 496 1822 568 perferenda
1859 504 1897 556 Α
1930 495 2328 563 persecutionis
2366 497 2696 557 decertasse,
2734 495 2957 563 ejusque
2982 506 3033 548 et
3070 494 3244 547 mariti
3273 493 3410 549 bona
3436 499 3506 550 ut~

257 591 622 659 paratissimi;
656 593 748 647 sed
776 606 896 646 Cum
942 592 1313 646 metltinissent
1337 588 1653 661 Gregorium
1681 588 1825 640 Neu-

256 682 633 739 e'esarieusem
668 686 719 738 in
754 682 1133 751 persecutione
1172 679 1317 733 Decii
1362 678 1654 750 (retinebat
1687 681 1826 731 enim

258 773 495 828 ala-(tritta
536 777 676 831 illius
711 776 1025 829 docnmettla
1054 774 1152 847 (α),
1190 788 1517 842 quiscunque
1563 771 1626 822 ad
1660 771 1828 839 ipsam

256 868 535 920 memoriae
560 866 698 919 serie
741 866 1120 929 pervenerant)
1156 873 1209 915 et
1240 861 1438 931 fugisse
1466 872 1518 914 et
1555 860 1619 913 ad
1653 859 1829 929 fugant

254 958 394 1010 alios
436 958 775 1010 adhortatum
821 970 979 1023 esse;
1016 964 1331 1022 receperunt
1375 971 1430 1007 se
1464 954 1515 1004 in
1543 953 1828 1019 quamdznn

257 1046 607 1102 Ponticarum
658 1047 914 1101 montium
970 1049 1157 1102 silvam
1201 1046 1297 1117 (b),
1349 1044 1534 1114 paucis
1577 1045 1830 1097 adhibitis

260 1142 399 1206 fugae
420 1138 648 1191 consciis
675 1148 727 1192 et
756 1140 931 1195 victus
982 1140 1267 1193 ministris.
1294 1142 1350 1194 ln
1388 1137 1488 1191 hoc
1524 1138 1715 1190 exsilio
1746 1152 1831 1189 se-

259 1243 405 1299 ptem
438 1243 609 1281 annos
636 1241 690 1283 et
728 1232 1002 1301 aliquanto
1036 1231 1266 1298 amplius
1298 1229 1397 1283 sub
1441 1228 1529 1281 dio
1560 1229 1826 1287 vixerunt,

262 1318 477 1386 pluviis,
502 1317 775 1388 algoribus
801 1332 854 1375 et
874 1319 1161 1387 frigoribus
1187 1318 1437 1387 expositi,
1473 1319 1539 1370 ab
1574 1320 1827 1372 omnibus

261 1412 386 1462 vitae
420 1416 737 1477 commodis,
775 1412 841 1468 ab
868 1412 1058 1467 amicis
1086 1424 1140 1467 et
1180 1412 1322 1465 omni
1357 1410 1633 1463 hominum
1659 1412 1831 1465 SOrie-

265 1512 373 1557 tate
403 1507 617 1561 remoti.
680 1506 785 1560 Sed
827 1503 1079 1560 Christus
1123 1506 1173 1558 in
1203 1517 1387 1557 eorum
1418 1500 1670 1555 solatium
1704 1518 1831 1554 eon-

262 1609 415 1649 cessa
446 1596 575 1651 olim
624 1598 884 1653 lsraelitis
921 1595 1180 1649 miracula
1236 1595 1532 1647 renovavit.
1591 1597 1829 1661 Quodam

257 1690 405 1741 enim
431 1690 516 1743 die
541 1690 811 1744 subiiteos
835 1687 1078 1743 lautioris
1104 1702 1301 1741 mensae
1329 1688 1682 1751 desiderium;
1709 1704 1830 1740 nam

262 1783 589 1836 diuturnitas
617 1781 874 1849 temporis
903 1780 1179 1835 fastidium
1215 1782 1473 1835 attulerat
1500 1782 1832 1834 necessario-

264 1888 383 1926 rum
429 1875 692 1929 ciborum.
748 1876 818 1925 At
869 1888 1208 1943 nequaquam
1266 1876 1707 1934 mussitaverunt,
1774 1883 1832 1926 ut

261 1962 548 2026 lsra‘elitre;
586 1964 679 2016 sed
708 1978 735 2014 a
765 1962 893 2027 Deo.
917 1979 1125 2018 summa
1157 1966 1297 2019 illius
1327 1965 1577 2033 potentiae
1611 1963 1825 2026 fiducia,

261 2057 567 2109 suaviorem
591 2054 768 2107 cibum
796 2057 1153 2126 postularunt,
1184 2057 1265 2109 vel
1306 2071 1372 2107 ex
1404 2055 1591 2108 avibus
1618 2056 1669 2107 in
1703 2070 1831 2109 aere

260 2146 629 2209 volitantibus,
664 2146 743 2199 vel
766 2161 795 2201 e
825 2148 975 2212 feris,
1010 2160 1127 2214 qua:
1164 2147 1215 2197 in
1255 2144 1524 2199 montibus
1553 2146 1825 2199 errabant.

262 2233 362 2289 Vix
390 2235 548 2291 locuti
577 2248 748 2298 erant,
799 2254 918 2291 cum
956 2251 1140 2291 eorum
1177 2236 1398 2305 pedibus
1429 2237 1624 2292 accidit
1664 2236 1831 2292 obso-

261 2331 407 2385 nium
433 2344 623 2402 sponte
648 2334 909 2393 oblatum,
936 2332 1084 2385 cervi
1124 2332 1269 2387 mirte
1309 2332 1710 2402 magnitudinis,
1741 2347 1830 2387 re-

260 2435 419 2492 pente
444 2439 475 2477 e
507 2423 725 2477 tumulis
749 2432 1091 2492 apparentes,
1126 2440 1189 2479 ac
1218 2425 1569 2477 innuentibus
1600 2438 1717 2479 sese
1740 2425 1833 2477 de-

258 2517 469 2575 dentes,
494 2527 556 2565 ex
587 2513 782 2581 quibus
800 2525 1058 2583 quantum
1085 2516 1333 2567 voluntas
1363 2514 1565 2567 ferebat
1589 2516 1831 2567 detinue-

261 2613 406 2669 runt,
448 2605 588 2674 quod
627 2615 905 2673 supererat
944 2607 993 2657 in
1037 2604 1200 2657 silvas
1241 2603 1306 2656 ad
1339 2602 1481 2655 aliud
1526 2604 1829 2657 convivium

259 2697 602 2751 dimiserunt.
633 2697 709 2750 Ex
752 2699 832 2749 his
861 2695 1104 2765 Gregorii
1138 2696 1467 2749 Nazianzeni
1508 2695 1686 2749 verbis
1712 2711 1832 2762 per-

259 2789 489 2857 spicitur
520 2804 626 2842 non
660 2788 820 2841 unius
860 2787 963 2841 diei
1003 2788 1181 2841 cibum
1232 2788 1334 2841 hoc
1366 2786 1627 2840 miraculo
1653 2788 1832 2855 provi-

258 2895 379 2934 sum
414 2881 495 2933 eis
539 2878 739 2940 fuisse;
771 2878 863 2933 sed
905 2880 971 2933 ad
998 2889 1202 2948 septem
1242 2879 1415 2933 exsilii
1445 2894 1616 2933 annos
1655 2879 1832 2931 minus

259 2970 543 3025 commode
570 2968 886 3023 miraculum
924 2970 1167 3024 extendit
1201 2968 1620 3035 Papebrochins.

332 3060 457 3115 ﬂre
493 3072 673 3114 autem
720 3061 1011 3132 contigisse
1046 3070 1231 3115 narrat
1261 3060 1556 3131 Gregorius
1594 3063 1646 3113 in
1683 3069 1825 3112 atro-

1934 586 2135 642 Cbristi
2160 584 2551 641 confessionem
2575 588 2742 642 fuisse
2774 585 3061 653 publicata.

2003 679 2154 733 Hanc
2194 677 2597 732 dimicationem
2657 678 2933 732 existimat
2981 676 3363 733 Tillemontius
3420 676 3499 728 vel

1933 772 2031 825 sub
2074 768 2363 824 Maximino
2394 768 2759 826 collocandam
2789 784 2931 833 esse,
2951 770 3039 838 qui
3069 770 3503 836 persecutionem

1938 860 2325 929 redintegravit
2358 872 2497 913 anno
2522 857 2647 921 511,
2680 860 2869 927 paucis
2894 867 3014 927 post
3040 856 3240 911 Galerii
3271 866 3503 911 mortem

1936 958 2229 1017 mensibus,
2256 952 2336 1005 vel
2363 953 2461 1007 sub
2487 952 2694 1007 Licinio
2728 957 2819 1021 qui
2862 961 3176 1023 persecutus
3206 962 3288 1005 est
3316 950 3503 1005 Eccle-

1934 1045 2065 1100 siam
2101 1061 2242 1101 anno
2271 1044 2396 1111 520,
2438 1060 2501 1099 ac
2537 1044 2771 1099 maxime
2821 1048 2871 1099 in
2923 1048 3093 1102 Ponto
3128 1045 3500 1099 crudelitatem

1935 1153 2085 1192 suam
2138 1138 2407 1193 exercuit.
2443 1137 2558 1203 Quo
2606 1137 2823 1191 nomine
2872 1138 3167 1206 appellatus
3216 1136 3381 1191 fuerit
3412 1152 3504 1205 pa-

1938 1239 2119 1285 ternus
2172 1232 2259 1284 ille
2316 1243 2450 1282 avus
2510 1228 2722 1294 Basilii,
2773 1229 3067 1283 nescimus.
3115 1230 3262 1282 Avia:
3310 1241 3501 1281 nomen

1934 1320 2185 1377 Macrina:
2211 1322 2329 1386 fuit,
2364 1334 2485 1391 quae
2515 1335 2637 1374 cum
2668 1322 2925 1375 Basilium
2958 1320 3216 1375 intantem
3255 1319 3504 1373 informa-

1935 1411 2069 1464 verit
2111 1423 2165 1466 et
2220 1413 2555 1479 instituerit,
2590 1412 2801 1465 videtur
2861 1427 3035 1482 usque
3076 1414 3141 1465 ad
3174 1426 3372 1466 annum
3400 1411 3505 1463 ’510

1935 1503 2147 1557 vixisse.

2003 1593 2090 1649 IV.
2126 1595 2328 1650 Horum
2384 1598 2523 1654 filius
2568 1597 2801 1652 Basilius
2830 1637 2844 1661 ,
2888 1598 3058 1651 nostri
3115 1595 3297 1649 Basilii
3329 1603 3502 1659 pater,

1934 1688 2160 1744 eximias
2185 1689 2415 1745 virtutes
2442 1703 2562 1742 cum
2592 1691 2801 1760 magnis
2823 1687 3143 1743 eruditionis
3168 1696 3222 1740 et
3244 1686 3502 1755 eloquen-

1937 1778 2023 1835 tize
2047 1780 2380 1836 ornamentis
2412 1780 2711 1850 conjunxit.
2732 1781 2992 1836 lnelaruit
3022 1780 3164 1834 enim
3199 1779 3251 1831 in
3276 1779 3392 1832 foro
3410 1777 3501 1846 (e),

1935 1886 1988 1931 et
2020 1874 2381 1944 eloquentiam
2435 1886 2644 1928 summa
2683 1872 2993 1926 celebritate
3023 1874 3073 1926 in
3100 1871 3271 1926 Ponto
3297 1869 3501 1925 docuit.

1936 1968 2039 2021 Sed
2066 1983 2271 2021 morum
2299 1968 2585 2023 sanctitate
2621 1966 2817 2021 clarior
2846 1965 3070 2023 exstitit.
3103 1967 3175 2019 ita
3208 1975 3264 2018 ut
3287 1965 3494 2033 primas

1933 2060 1981 2114 ei
2014 2060 2065 2112 in
2092 2058 2193 2111 hoc
2217 2073 2412 2128 genere
2442 2060 2588 2113 solus
2619 2057 2762 2112 filius
2802 2055 3032 2110 Basilius
3056 2055 3317 2123 eripuisse
3348 2053 3498 2104 vide-

1936 2159 2084 2206 retur
2104 2150 2200 2221 (f).
2229 2148 2400 2219 Hujus
2422 2149 2553 2204 fides
2582 2150 2840 2205 miracula
2887 2146 3217 2218 impetravit,
3251 2154 3308 2198 ut
3344 2144 3502 2196 modo

1933 2242 2255 2297 videbimus.
2290 2238 2339 2295 Is
2376 2241 2428 2294 in
2472 2241 2876 2294 matrimonium
2900 2241 3050 2295 duxit
3075 2253 3258 2308 parem
3286 2238 3502 2306 generis

1931 2344 1987 2389 et
2012 2335 2273 2389 virtutum
2321 2331 2608 2402 splendore
2657 2330 2916 2386 feminam
2940 2372 2955 2397 ,
2989 2332 3302 2387 Emmeliam
3334 2369 3349 2392 ,
3383 2343 3503 2398 qua:

1935 2432 1985 2486 id
2023 2431 2163 2485 inter
2197 2428 2452 2483 mulieres
2486 2426 2602 2492 fuit,
2634 2424 2775 2496 quod
2810 2424 3042 2480 Basilius
3080 2424 3221 2477 ﬁlius
3252 2425 3392 2477 inter
3420 2423 3498 2476 vi-

1936 2535 2042 2581 ros,
2078 2528 2214 2573 teste
2245 2517 2586 2573 Nazianzeno
2616 2515 2712 2586 (g).
2752 2514 2875 2570 Haec
2899 2515 3128 2570 libenter
3154 2513 3502 2567 matrimonio

1936 2610 2296 2678 virginitatem
2329 2609 2668 2676 praetulisset.
2709 2608 2813 2662 Sed
2839 2616 2894 2662 et
2932 2616 3103 2677 patre,
3133 2619 3289 2675 quem
3324 2606 3497 2673 impe-

1935 2706 2080 2750 rator
2115 2698 2221 2749 vita
2273 2704 2330 2749 et
2386 2696 2540 2750 bonis
2575 2697 2935 2764 spoliaverat,
2969 2706 3025 2751 et
3070 2705 3242 2749 matre
3294 2696 3345 2747 in
3383 2695 3499 2762 ipso

1934 2787 2110 2843 :etatis
2140 2786 2271 2841 ﬂore
2303 2787 2516 2851 orbata,
2549 2797 2605 2839 ut
2638 2788 2834 2840 vitaret
2874 2786 3106 2855 pericula
3137 2786 3206 2839 ob
3230 2799 3494 2840 summam

1935 2889 2267 2936 venustatem
2303 2878 2639 2934 imminentia
2664 2877 2905 2949 (plurimi
2945 2878 3087 2932 enim
3121 2876 3262 2929 illius
3288 2876 3499 2944 nuptias

1932 2973 2231 3035 ambibant,
2260 2970 2501 3025 nonnulli
2539 2970 2702 3024 etiam
2732 2979 2944 3038 raptum
2978 2967 3226 3022 meditari
3254 2966 3502 3020 videban-

1935 3067 2063 3133 tur),
2116 3064 2184 3117 ad
2215 3064 2544 3116 matrimonii
2576 3071 2787 3129 portum
2825 3060 3097 3127 confugit,
3131 3076 3194 3115 ac
3221 3061 3336 3113 viro
3385 3074 3499 3113 mo-

260 3154 481 3210 cissima
544 3156 784 3208 omnium
842 3155 1180 3221 maximeque
1238 3154 1502 3208 horrenda
1547 3152 1824 3205 Maximini
1858 3187 1901 3245 ϐ
1936 3171 2051 3211 rum
2081 3155 2349 3225 gravitate
2401 3160 2643 3221 spectato
2681 3152 2847 3205 vitam
2900 3166 3051 3205 suam
3096 3151 3499 3207 custodiendam

263 3247 657 3314 persecutione,
688 3245 777 3312 qui
825 3259 947 3298 cum
990 3254 1107 3313 post
1145 3244 1324 3311 plures
1366 3244 1520 3304 alios,
1547 3243 1635 3310 qui
1670 3242 1825 3310 paulo

258 3346 385 3390 ante
424 3336 680 3398 fuerant,
719 3334 1006 3403 ingruisset
1032 3374 1046 3397 ,
1102 3335 1311 3387 laudem
1344 3333 1422 3385 eis
1477 3332 1831 3385 humanitatis

262 3442 355 3481 sua
385 3426 712 3479 crudelitate
760 3423 1087 3477 conciliavit.
1144 3422 1234 3475 llis
1264 3422 1541 3476 coloribus
1569 3421 1714 3475 clare
1742 3422 1831 3475 de-

262 3518 499 3588 pingitur
534 3516 861 3569 Maximinus
886 3515 1175 3581 secundus,
1206 3514 1431 3569 minime
1457 3528 1603 3579 vero,
1637 3522 1695 3567 ut
1726 3511 1830 3566 Pa-

264 3607 587 3678 pebrochius
620 3609 875 3676 opinatus
900 3618 984 3662 est
1015 3650 1030 3673 ,
1065 3605 1390 3659 Maximinus
1419 3606 1645 3673 primus,
1676 3605 1831 3672 cujus

264 3698 572 3766 persecutio
602 3713 702 3753 nec
736 3700 976 3752 omnium
1026 3698 1399 3752 crudelissima
1450 3694 1657 3747 exstitit
1686 3734 1702 3757 ,
1736 3708 1832 3746 nec

263 3804 355 3853 per
377 3798 582 3858 septem
609 3802 817 3853 annos;
851 3804 949 3841 nec
981 3789 1114 3840 alias
1143 3785 1554 3854 persecutiones
1588 3785 1833 3852 proxime

262 3886 545 3934 sabsecuta
570 3892 688 3941 est;
727 3889 1079 3947 praecesserat
1112 3877 1254 3929 enim
1295 3890 1396 3945 pax
1435 3875 1623 3943 viginti
1676 3876 1833 3942 quin-

264 3984 365 4035 que
392 3983 678 4021 annorum.
715 3966 822 4021 Sed
868 3983 989 4022 cum
1035 3967 1363 4019 Maximinus
1407 3966 1676 4023 secundus
1731 3983 1831 4016 non

267 4060 569 4127 regnaverit
599 4060 649 4113 in
681 4059 852 4114 Ponto
878 4069 933 4112 et
958 4058 1083 4111 Asia
1141 4057 1342 4111 Miuore
1368 4096 1381 4119 ,
1407 4057 1504 4109 nisi
1537 4072 1678 4110 anno
1708 4057 1831 4116 511,

264 4161 380 4219 post
406 4161 635 4207 mortem
668 4152 904 4217 Galerii;
960 4150 1222 4204 Barouius
1251 4150 1319 4220 (ε)
1368 4160 1422 4204 et
1454 4149 1831 4201 Tillemontius

264 4234 573 4295 existimant
615 4244 716 4295 hoc
744 4241 1059 4295 miraculum
1089 4251 1345 4308 regnante
1378 4241 1466 4293 illo
1503 4240 1553 4291 in
1593 4237 1830 4307 Egypto

263 4340 315 4385 et
368 4331 525 4401 Syria
556 4330 887 4395 contigisse,
944 4345 1006 4384 ac
1058 4345 1288 4398 proavos
1341 4330 1524 4384 Basilii
1563 4346 1704 4385 anno
1728 4330 1831 4383 304

264 4422 585 4485 secessisse,
630 4430 683 4474 et
711 4435 879 4488 usque
916 4423 983 4476 ad
1023 4436 1219 4473 annum
1254 4422 1353 4475 511
1404 4424 1696 4477 delituisse.
1754 4422 1831 4475 Ex

1935 3245 2222 3302 commisit.
2269 3242 2324 3296 In
2382 3242 2483 3295 hoc
2538 3241 2922 3304 matrimonio,
2980 3240 3119 3309 quod
3157 3256 3261 3295 non
3320 3240 3498 3294 minus

1935 3338 2150 3391 virtutis
2184 3351 2343 3407 quam
2402 3349 2688 3405 corporum
2744 3344 2905 3397 erat,
2953 3333 3150 3387 enituit
3196 3347 3497 3402 pauperum

1935 3428 2247 3484 alendorum
2289 3436 2342 3481 et
2395 3428 2667 3494 hospitum
2716 3424 3157 3493 excipiendorum
3211 3422 3447 3477 studium
3480 3462 3497 3487 ,

1934 3522 2125 3576 animae
2154 3520 2400 3589 purgatio
2432 3532 2526 3586 per
2570 3516 2957 3569 continentiam
2983 3554 2997 3580 ,
3028 3515 3288 3569 bonorum
3321 3517 3499 3585 portio

1934 3614 2047 3669 Deo
2074 3620 2410 3673 consecrata,
2458 3622 2579 3677 quae
2605 3622 2690 3661 res
2718 3607 2906 3675 paucis
2937 3616 3066 3661 tunc
3112 3608 3373 3677 exemplis
3400 3624 3495 3662 co-

1935 3702 2083 3773 gnita
2111 3709 2265 3763 erat,
2299 3700 2424 3767 quia
2474 3698 2573 3751 sub
2628 3698 3042 3766 imperatoribus
3092 3698 3323 3753 ethnicis
3377 3708 3492 3753 tuta

1936 3809 2042 3849 non
2070 3792 2259 3847 fuisset
2282 3788 2541 3845 Ecelesiis
2572 3790 2892 3859 praediorum
2919 3791 3208 3857 possessio.
3252 3790 3374 3846 Haec
3404 3807 3500 3844 au-

1936 3897 2042 3939 tem
2072 3883 2123 3936 in
2149 3880 2418 3935 Ecclesias
2444 3890 2498 3933 et
2528 3895 2793 3949 pauperes
2838 3880 3135 3935 liberalitas
3160 3896 3498 3951 nequaquam

1933 3989 2119 4027 eorum
2173 3974 2388 4027 divitias
2418 3973 2777 4033 comminuit,
2824 3973 2916 4026 sed
2972 3972 3152 4041 potius
3211 3973 3314 4028 fide
3364 3974 3501 4028 adeo

1935 4064 2314 4133 multiplicavit
2343 4103 2357 4127 ,
2392 4073 2451 4117 ut
2478 4063 2840 4131 amplissimas
2883 4066 2934 4117 iu
2983 4064 3155 4117 tribus
3208 4064 3499 4132 provinciis

1935 4154 2301 4218 possessiones
2330 4154 2613 4206 haberent.
2649 4153 2801 4218 Quod
2825 4168 2889 4207 eo
2908 4154 3207 4209 mirabilius
3236 4159 3497 4225 est,quod

1937 4244 2211 4298 Emmelia:
2263 4246 2453 4313 patris,
2494 4244 2677 4298 Basilii
2706 4254 2988 4311 parentum
3035 4245 3169 4299 bona
3224 4248 3494 4315 publicata

1939 4337 2173 4390 fuerant.
2224 4337 2363 4401 Quin
2392 4337 2558 4389 etiam
2589 4350 2773 4389 eorum
2812 4350 2866 4389 re
2902 4336 3157 4390 familiari
3194 4338 3246 4389 in
3302 4354 3490 4393 novem

1940 4414 2120 4496 partes
2150 4444 2246 4499 pro
2275 4429 2504 4482 filiorum
2561 4442 2787 4481 numero
2819 4429 2984 4481 divisa
3013 4468 3027 4493 ,
3061 4429 3284 4493 singula:
3311 4443 3495 4500 partes

264 4512 347 4566 bis
380 4523 562 4567 autem
597 4512 820 4567 latebris
871 4514 1199 4583 prodeuntes
1231 4529 1371 4567 anno
1406 4515 1529 4577 511,
1555 4524 1668 4583 post
1708 4516 1830 4569 data
1868 4533 1907 4585 υ
1940 4528 2188 4586 paternas
2210 4532 2338 4585 opes
2366 4529 2710 4584 superarunt.

264 4618 291 4657 a
320 4602 537 4658 Galerio
569 4606 619 4658 in
646 4606 869 4672 gratiam
898 4603 1331 4659 Christianorum
1360 4606 1555 4669 edicta,
1582 4609 1833 4675 graviora

264 4694 514 4762 deinceps
560 4694 808 4746 videntur
861 4694 1093 4748 subiisse
1149 4696 1465 4749 certamina.
1532 4695 1622 4749 Ait
1685 4697 1827 4750 enim

260 4784 554 4855 Gregorius
607 4783 977 4840 Nazianzenus
1022 4800 1116 4840 eos
1168 4788 1234 4839 ad
1294 4788 1661 4842 dimicandum
1711 4788 1827 4841 ala-

263 4879 464 4933 criores
491 4877 663 4930 factos
689 4891 808 4931 esse
843 4879 943 4931 hoc
975 4877 1236 4931 miraculo
1256 4918 1271 4938 ,
1302 4880 1440 4944 quod
1487 4881 1566 4933 eis
1597 4880 1739 4932 hunc
1776 4880 1827 4931 in

261 4986 415 5025 usum
454 4988 482 5025 a
520 4970 632 5024 Deo
660 4983 971 5023 concessum
1000 4969 1190 5024 fuerat.
1224 4970 1359 5023 [line
1390 4972 1549 5024 etiam
1592 4972 1667 5040 (p.
1698 4972 1823 5039 519)

264 5075 351 5114 eos
383 5073 634 5115 recenset
665 5062 801 5114 inter
826 5058 1150 5115 fortissimos
1183 5060 1443 5123 athletas,
1468 5064 1555 5130 qui
1588 5078 1708 5115 cum
1740 5078 1825 5130 pe-

264 5168 329 5205 ne
372 5167 542 5220 usque
594 5151 659 5205 ad
708 5163 933 5204 mortem
969 5152 1381 5214 decertassent,
1436 5152 1671 5206 victoriae
1720 5169 1829 5207 suae

264 5244 576 5311 Superstites
633 5242 709 5313 (ιι)
756 5242 988 5297 fuerunt.
1054 5242 1327 5310 Nyssenus
1376 5258 1504 5297 vero
1552 5246 1830 5311 conceptis

266 5336 438 5389 verbis
476 5336 555 5387 ait
587 5334 877 5389 Macrinam
904 5336 958 5387 in
998 5336 1300 5389 confitendo
1325 5335 1542 5389 Christo
1585 5348 1826 5401 tempore

331 5511 404 5580 (α)
443 5512 606 5565 Basil.
642 5527 724 5578 cp.
758 5510 887 5575 201,
926 5529 977 5565 n.
1011 5512 1062 5565 6.

330 5586 402 5653 (ὁ)
428 5582 557 5636 Naz.
579 5597 659 5635 or.
684 5582 777 5653 :20.

332 5659 403 5721 (ε)
441 5653 517 5721 Ad
555 5666 642 5721 an.
680 5652 803 5704 504.

332 5728 405 5787 (Δ)
440 5720 545 5774 Vit.
582 5720 751 5773 Macr.
784 5723 987 5789 p.178,
1036 5723 1153 5775 191.

337 5798 404 5859 te)
432 5791 585 5861 Nysa.
632 5790 735 5846 Vit.
764 5790 928 5845 Macr.
964 5809 1012 5861 ιι.
1047 5793 1167 5845 39:2.

2014 4609 2119 4662 Sed
2156 4610 2423 4677 praecipua
2452 4607 2633 4662 Basilii
2660 4618 2709 4662 et
2748 4609 3021 4664 Emmeliae
3071 4612 3258 4680 gloria,
3325 4617 3502 4684 proles

1941 4700 2168 4754 exstitit.
2218 4700 2409 4753 Decem
2462 4698 2658 4755 liberos
2714 4714 3069 4767 susceperunt
3116 4704 3213 4774 (It),
3270 4721 3498 4773 quorum

1942 4801 2050 4845 tres
2079 4790 2315 4860 episcopi
2364 4806 2573 4845 summa
2606 4792 2917 4845 sanctitatis
2947 4802 2999 4844 et
3033 4795 3289 4849 doctrina:
3340 4797 3500 4852 laude

1937 4882 2248 4937 ﬂoruerunt.
2280 4883 2428 4938 Untts
2461 4882 2659 4951 aliquis
2708 4899 2772 4934 ex
2809 4882 2891 4936 his
2932 4883 3113 4938 liberis
3146 4886 3359 4939 videtur
3406 4891 3501 4940 ad-

1937 4979 2151 5033 modum
2184 4979 2361 5032 infans
2391 4989 2638 5032 mortuus
2679 4996 2690 5029 :
2729 4978 2987 5046 siquidem
3041 4981 3277 5033 obeunte
3308 4983 3502 5035 marito

1939 5072 2195 5126 Emmelia
2226 5082 2456 5139 quatuor
2486 5072 2719 5124 filiorum
2770 5082 2821 5124 et
2853 5074 3087 5140 quinque
3127 5072 3357 5125 filiarum
3390 5090 3498 5126 ma-

1935 5172 2016 5217 ter
2051 5174 2167 5218 erat
2196 5164 2285 5231 (i),
2327 5176 2625 5232 eorumque
2658 5164 2791 5217 bona
2818 5164 2870 5216 in
2910 5179 3101 5217 novem
3128 5178 3307 5231 partes
3332 5165 3494 5217 divisa

1934 5261 2076 5305 sunt.
2107 5253 2359 5306 Omnium
2410 5263 2536 5305 natu
2587 5256 2816 5306 maxima
2849 5255 2948 5307 fuit
2988 5254 3043 5307 S.
3093 5252 3347 5308 Macrina.
3380 5254 3497 5306 Pri-

1937 5358 2053 5396 mus
2103 5343 2331 5397 ftliorutn
2367 5343 2423 5397 S.
2468 5344 2712 5409 Basilius,
2767 5345 3036 5398 secundus
3070 5343 3388 5399 Naucratius
3430 5348 3496 5398 de

2015 5518 2080 5585 (ί)
2106 5518 2237 5572 Naz.
2263 5534 2341 5572 or.
2366 5519 2465 5573 9.0..

2013 5592 2084 5656 (g)
2112 5588 2242 5641 Ibid.

2010 5660 2082 5727 (lt)
2117 5660 2263 5727 Nyss.
2319 5659 2417 5710 Vit.
2453 5659 2644 5723 Marr.,
2678 5658 2797 5711 186.

2006 5731 2065 5797 υ)
2097 5728 2223 5781 una.
2260 5729 2377 5793 181,
2413 5730 2528 5783 tat.
