4006 6450
475 415 569 453 VIII

1869 380 2392 438 l‘lltllJLCUIIENA.

478 533 583 586 quo
634 513 768 570 infra
817 509 1070 568 nonnulla
1116 508 1382 570 dicentur,
1417 505 1608 560 tertius
1657 505 1716 558 S.
1747 502 2038 571 Gregorius
2073 503 2109 558 Α
2146 499 2504 554 Ncocmsarete
2532 499 2724 551 vixisse
2755 505 3073 565 argumento
3107 507 3211 562 est,
3260 502 3401 568 quoi,I
3431 516 3487 556 se
3545 501 3712 572 magi.

480 608 771 679 Nysscnus.
811 603 1061 660 Omnium
1116 612 1424 669 postremus
1477 596 1578 650 fuit
1619 597 1675 650 S.
1715 594 1906 647 Petrus
1943 594 2038 646 Sc-

481 696 757 757 bastenns,
781 692 870 760 qui
894 691 1072 745 statim
1104 696 1267 757 atque
1304 686 1354 738 in
1382 686 1557 738 lucem
1591 686 1767 740 editus
1808 691 1912 745 est,
1943 697 2040 752 pa-

485 797 617 840 trem
647 783 843 838 amisit.
873 783 1113 848 Quatuor
1161 780 1295 832 tilias
1349 779 1646 833 honorifice
1677 774 2043 829 collocaverat

484 877 541 930 S.
573 875 854 937 Emmelia,
887 872 1040 942 paulo
1068 883 1354 939 antequam
1384 869 1610 924 Basilius
1636 865 1866 919 Athenis
1903 865 2048 918 redi-

485 977 584 1019 ret.
616 965 812 1020 llarum
844 979 906 1017 ex
946 964 1120 1031 aliqua
1160 962 1452 1034 progenita:
1515 960 1731 1013 fuerunt
1764 956 1865 1010 illa:
1904 956 2051 1011 Basi-

491 1057 549 1111 lii
604 1057 802 1112 sororis
869 1056 988 1109 lilia:
1013 1096 1028 1120 ,
1083 1069 1220 1125 quas
1254 1052 1589 1109 Gaudentius
1619 1049 1694 1120 (τι)
1730 1049 2050 1104 Caesariensi

489 1149 816 1207 monasterio
862 1147 1139 1216 praefuisse
1173 1156 1418 1201 testatur.
1452 1143 1595 1198 Inter
1624 1141 2053 1211 consanguineos

488 1243 668 1298 Basilii
702 1241 905 1296 eminet
963 1240 1208 1310 inprimis
1253 1247 1480 1306 patruus
1516 1235 1632 1305 ejus
1665 1235 1963 1302 Gregorius
2001 1236 2051 1288 in

490 1333 826 1404 Cappadocia
888 1335 1172 1401 episcopus
1199 1369 1214 1390 ,
1252 1330 1341 1400 qui
1394 1346 1515 1384 cum
1559 1329 1658 1397 ipsi
1706 1342 1767 1380 ac
1793 1326 2054 1380 fratribus

491 1426 730 1497 parentis
764 1425 881 1482 loco
904 1426 1218 1487 exstitisset,
1245 1434 1430 1493 postea
1464 1436 1584 1476 cum
1632 1420 1880 1489 pluribus
1936 1419 2056 1472 aliis

490 1517 840 1587 Cappadocia:
873 1516 1136 1586 episcopis
1180 1514 1296 1583 ejus
1343 1512 1669 1567 ordinatioui
1721 1511 2051 1564 intercchit.

490 1611 762 1682 Coguatos
816 1610 1043 1664 Basilius
1096 1606 1285 1661 habuit
1331 1603 1613 1658 Atarbium
1663 1601 2059 1655 Neocmszirien-

492 1717 628 1768 sem,
688 1702 952 1758 Soranum
981 1697 1222 1769 Scythici
1281 1696 1466 1751 limitis
1493 1697 1703 1755 ducem,
1738 1706 1790 1745 et
1845 1692 2057 1744 Preme-

493 1795 663 1860 nittm,
694 1809 851 1866 quem
879 1790 1140 1846 Satalensi
1176 1789 1428 1844 Ecclesiae
1453 1789 1761 1856 episcopum
1796 1784 1939 1836 dedit
1960 1781 2057 1852 (b),

2147 602 2292 646 stros
2322 592 2698 660 mysteriorum
2729 598 2781 639 et
2805 603 2985 655 patres
3010 587 3315 656 spiritnales
3347 593 3596 648 habuisse
3625 594 3707 649 di-

2150 681 2218 733 cit
2256 683 2352 752 (9),
2385 679 2716 747 Gregorium,
2767 695 3027 732 summum
3077 677 3226 730 illum
3262 681 3427 732 virum
3463 694 3509 736 ct
3554 697 3706 754 φιοι-

2149 784 2272 844 quot
2301 783 2415 843 post
2449 789 2566 826 eum
2600 773 2709 827 sedi
2735 771 3016 839 episcopali
3048 771 3401 835 succedentes,
3433 775 3567 827 alius
3597 786 3708 840 post

2150 867 2310 918 alium
2341 865 2490 920 veluti
2519 866 2683 918 stellte
2718 861 2958 934 qutedmu
2991 865 3302 923 morientes,
3339 862 3523 913 iisdem
3559 868 3711 918 vesti-

2152 961 2248 1027 giis
2288 961 2608 1013 institerunt.
2649 958 2788 1011 Inter
2823 956 2920 1008 Itos
2954 954 3203 1026 Gregorii
3238 967 3581 1010 successores
3610 973 3708 1007 ιιιι-

2153 1062 2326 1108 merat
2357 1053 2496 1106 haud
2527 1049 2687 1104 dubie
2721 1049 3020 1104 Musonium
3052 1088 3066 1111 ,
3103 1047 3607 1118 prmstantissimtun
3636 1048 3713 1098 vi-

2155 1158 2313 1204 rum,
2350 1144 2436 1197 cui
2497 1143 2652 1211 longe
2711 1139 2989 1197 dissimilis
3037 1142 3295 1195 Atarliins
3352 1145 3711 1195 successerat.

2155 1234 2322 1288 Porro
2374 1246 2598 1290 cmleros
2644 1234 2864 1300 quidem
2920 1233 3200 1300 episcopos
3259 1233 3716 1288 Neocmsarienses

2157 1327 2277 1380 avia
2319 1335 2576 1381 narrante
2609 1327 2858 1393 cognorit
2885 1323 3152 1385 Basilius;
3200 1333 3252 1375 at
3283 1324 3584 1379 Musonium
3623 1337 3716 1393 per

2158 1431 2216 1470 se
2247 1417 2361 1486 ipse
2387 1432 2518 1486 puer
2545 1418 2752 1471 videtur
2783 1417 3034 1470 andiissc.
3068 1411 3117 1467 ls
3145 1416 3286 1468 enim
3318 1429 3440 1469 cum
3473 1424 3719 1470 mortuus

2158 1509 2228 1562 sit
2259 1523 2401 1560 anno
2422 1509 2527 1563 568
2558 1517 2649 1563 attt
2685 1505 2810 1568 569,
2859 1523 2960 1562 non
2988 1506 3271 1560 admodum
3303 1519 3491 1569 senex,
3523 1506 3717 1560 docere

2161 1614 2267 1654 non
2300 1601 2473 1668 potuit
2505 1599 2799 1654 Macrinam
2827 1633 2842 1658 ,
2871 1611 2988 1662 qua:
3028 1597 3080 1650 in
3106 1595 3209 1648 alia
3241 1593 3463 1648 dioecesi
3495 1593 3724 1660 degebat

2163 1708 2266 1746 non
2291 1691 2459 1744 multo
2495 1700 2615 1758 post
2645 1702 2840 1742 annum
2881 1687 3004 1751 550,
3033 1701 3221 1756 nempe
3253 1687 3306 1741 in
3336 1686 3429 1741 illo
3460 1699 3598 1756 pago
3631 1684 3719 1735 ubi

2162 1780 2417 1834 Basiliam
2449 1779 2718 1831 educavit.

494 1850 808 1952 Palladiam,
840 1898 998 1953 quam
1034 1892 1144 1936 tum
1182 1883 1250 1938 ob
1282 1879 1526 1951 egregios
1580 1850 1780 1941 mores,
1814 1885 1923 1926 tuzn
1971 1850 2054 1927 iob
2094 1850 2134 1904 Β
2234 1869 2549 1926 Translatus
2580 1868 2980 1921 Neocaesaream
3019 1867 3248 1921 Basilius
3278 1865 3483 1921 invenit
3519 1865 3569 1918 in
3597 1863 3720 1918 Etit-

495 1975 1014 2046 consanguinitatem
1050 1975 1104 2027 in
1168 1971 1355 2025 matris
1412 1969 1528 2023 loco
1563 1966 1931 2030 reverebatur,
2002 1974 2061 2019 ut

495 2067 610 2134 ipse
643 2076 870 2121 testatur
901 2067 952 2120 in
975 2065 1131 2134 epist.
1166 2064 1290 2118 l37.

569 2158 631 2213 V.
668 2160 760 2214 His
797 2168 945 2212 ortos
968 2156 1278 2226 parentibus
1303 2150 1550 2214 Basilius,
1582 2162 1740 2218 quem
1773 2148 2063 2217 Gregorius

498 2255 667 2306 l'rater
690 2265 809 2305 cum
836 2247 1084 2300 Samuele
1120 2247 1171 2298 in
1200 2259 1264 2298 eo
1295 2250 1571 2312 comparat
1600 2239 1697 2310 (c),
1723 2240 1864 2310 quod
1893 2248 1950 2291 ut
1977 2236 2064 2290 illc

499 2342 712 2404 matris,
744 2340 814 2395 ita
842 2340 942 2392 iste
964 2337 1133 2407 patris
1175 2336 1424 2404 precibus
1450 2348 1480 2387 a
1513 2333 1620 2388 Deo
1643 2345 1930 2388 concessus
1955 2329 2064 2383 fue-

504 2434 592 2487 rit.
629 2432 827 2487 Eadem
854 2431 1021 2501 patris
1049 2428 1153 2482 tidc
1182 2443 1250 2482 ex
1297 2425 1476 2480 lethali
1525 2425 1710 2478 morbo
1737 2423 1916 2477 infans
1944 2434 2062 2473 ere-

500 2535 627 2595 ptus
670 2533 786 2591 est;
838 2539 959 2578 cum
1000 2521 1250 2576 Christus
1299 2518 1439 2588 patri
1471 2517 1524 2570 in
1564 2516 1769 2571 somnis
1793 2515 1936 2566 visus
1984 2508 2063 2564 di-

507 2620 676 2671 xisset
706 2655 720 2679 ,
751 2614 958 2669 ntolim
997 2611 1182 2680 regulo
1231 2607 1606 2677 Capharnaita:
1631 2644 1646 2670 ,
1709 2602 1867 2666 Vade,
1913 2601 2059 2670 filius

499 2721 619 2762 tuus
647 2706 789 2761 vivit.
825 2701 1012 2772 Reguli
1047 2701 1204 2753 lldem
1239 2698 1482 2752 imitatus
1529 2695 1760 2750 Basilius
1788 2694 1957 2747 lilium
1983 2694 2064 2746 in-

499 2799 762 2855 columem
797 2795 1013 2863 recepit.
1042 2790 1158 2846 Non
1190 2791 1243 2845 in
1263 2787 1602 2860 Cappadocia
1627 2787 1860 2841 nutritus
1904 2783 2062 2839 Basi-

501 2891 602 2944 lius
632 2889 746 2959 (d).
787 2887 879 2944 sed
930 2886 983 2941 in
1039 2884 1272 2955 quodam
1303 2897 1439 2952 pago
1474 2922 1489 2947 ,
1519 2894 1680 2950 quem
1707 2887 1960 2947 parentes
2014 2879 2066 2930 in

501 2981 672 3038 Ponto
695 2979 1058 3052 possidebant.
1099 2974 1364 3048 Regenda:
1393 2973 1630 3028 infantia:
1669 2969 1853 3025 Basilii
1879 2981 2067 3022 curam

504 3074 740 3144 suscepit
765 3073 1111 3128 ornatissima
1135 3069 1356 3133 femina,
1387 3066 1506 3122 avia
1541 3065 1805 3129 Macriua,
1830 3078 1893 3118 ac
1920 3070 2071 3117 tene-

504 3181 577 3219 ra:
623 3166 789 3219 menti
845 3178 993 3219 sanae
1046 3161 1304 3216 doctrinas
1357 3159 1564 3216 semina
1617 3155 1908 3219 mandavit,
1951 3169 2070 3225 qum

505 3257 648 3312 nulla
676 3269 912 3324 unquam
939 3262 1237 3321 temporum
1265 3252 1637 3306 vicissitudine
1657 3248 2070 3315 iinmutata,sed

506 3358 660 3406 aucta
684 3361 896 3416 semper
917 3354 971 3400 et
998 3343 1215 3399 exculta
1249 3342 1692 3411 prmelarissimos
1734 3341 1945 3393 fruetus
1975 3355 2071 3392 ex-

511 3445 766 3499 tulerunt.
812 3439 1099 3510 Permagni
1135 3438 1396 3493 intererat
1425 3434 1503 3488 sic
1536 3431 1741 3487 institui
1782 3429 2069 3491 Basilium,

510 3554 615 3590 non
667 3536 839 3592 solum
875 3544 934 3589 ut
979 3534 1260 3587 veritatem
1306 3538 1514 3583 mature
1541 3523 1875 3579 rambiberet
1905 3559 1921 3583 ,
1975 3518 2073 3573 sed

507 3627 669 3681 etiam
721 3635 781 3680 ut
823 3625 1111 3680 calumniis
1170 3621 1510 3676 inimicorum
1534 3622 1866 3672 occurreret.
1904 3609 2075 3678 Quid-

514 3716 643 3785 quid
675 3715 817 3769 coitn
847 3713 1240 3768 asanCLiSsima
1290 3709 1376 3761 illa
1419 3706 1643 3760 muliere
1685 3711 1988 3773 acceperat,
2046 3715 2075 3755 a

513 3806 774 3878 Gregorio
803 3799 1219 3859 Neoczesariensi
1273 3797 1548 3864 accepisse
1578 3795 1883 3856 videbatur,
1918 3806 2076 3861 quem

513 3901 602 3952 illa
626 3899 707 3953 sic
729 3895 961 3958 colebat,
998 3901 1052 3947 ut
1077 3889 1257 3946 omnia
1309 3886 1451 3941 illius
1495 3883 1683 3944 verba,
1735 3895 2078 3950 quascunque

514 3989 581 4044 ad
605 3987 776 4056 ipsam
801 3984 939 4039 serie
979 3980 1250 4036 memorias
1279 3982 1660 4048 pervenerant,
1696 3979 1956 4023 accurate
1988 3983 2074 4022 rc-

516 4080 713 4135 tineret
752 4075 846 4148 (ε).
879 4071 973 4129 His
1019 4087 1078 4128 se
1130 4069 1361 4125 Basilius
1390 4066 1458 4120 ab
1488 4079 1549 4120 ea
1610 4062 1872 4117 imbutum
1915 4057 2082 4111 fuisse

518 4179 749 4227 testatur
796 4169 849 4223 in
886 4166 1041 4237 epist.
1071 4162 1197 4226 204,
1227 4169 1280 4215 et
1307 4160 1411 4214 hoc
1473 4156 1575 4211 telo
1612 4151 1826 4224 repellit
1875 4151 2085 4206 inustas

523 4264 646 4320 fidei
680 4276 791 4318 sua:
825 4256 1248 4314 eriminationes.
1285 4251 1376 4308 Sic
1402 4251 1564 4304 etiam
1592 4248 1644 4299 in
1697 4260 1782 4315 ep.
1811 4243 1917 4298 29.5
1952 4241 2083 4297 etin

527 4354 789 4427 pretemio
847 4349 1153 4405 Moralium.
1206 4343 1436 4400 Hazresis
1485 4342 1684 4395 Ariana
1715 4380 1730 4403 ,
1785 4353 1904 4408 qua:
1963 4347 2088 4391 tunc

523 4447 889 4517 grassabatur,
918 4455 1104 4495 curam
1141 4435 1411 4506 injiciebat
1437 4433 1720 4489 catholicis
1747 4431 2082 4500 parentibus,

521 4547 578 4592 ut
616 4546 825 4591 mature
856 4533 1083 4587 liliorum
1123 4531 1331 4584 animos
1357 4526 1768 4583 communirent.

594 4631 671 4684 Eo
708 4638 888 4682 autem
939 4622 1233 4679 mirabilius
1276 4619 1459 4673 Basilii
1497 4617 1548 4672 in
1591 4617 1671 4670 his
1727 4613 2087 4685 percipiendis

525 4721 860 4778 documentis
908 4730 1131 4773 acumen
1182 4721 1238 4768 et
1295 4713 1347 4765 in
1394 4709 1691 4765 retinendis
1751 4708 2092 4768 constantia,

528 4815 665 4887 quod
690 4815 789 4869 sub
825 4812 943 4864 avia
980 4810 1116 4863 ultra
1164 4814 1401 4860 teneram
1456 4800 1743 4855 infantiam
1799 4815 1901 4852 non
1969 4796 2087 4849 luit.

531 4909 665 4962 Nam
695 4906 779 4960 ubi
810 4903 1039 4972 primum
1077 4898 1270 4952 litteris
1291 4893 1595 4950 ediscendis
1623 4893 1852 4945 idoneus
1880 4888 1996 4953 fuit,
2024 4902 2088 4938 ex

531 5000 665 5052 aviae
693 4995 937 5051 manibus
967 4993 1033 5045 ad
1081 4990 1251 5060 patris
1299 4986 1632 5056 disciplinam
1681 4983 1947 5044 transiit,
1998 4979 2088 5046 qui

533 5086 858 5144 rhetoricam
886 5097 1077 5150 magna
1107 5079 1419 5135 celebritate
1449 5078 1500 5131 in
1533 5075 1707 5129 Ponto
1745 5071 1972 5126 docebat
1999 5071 2087 5138 (ι’),

532 5194 707 5249 neque
745 5177 846 5231 hoc
887 5187 1079 5228 munus
1106 5171 1158 5224 itt
1200 5184 1336 5239 pago
1362 5208 1377 5232 ,
1416 5167 1503 5220 ubi
1536 5166 1793 5218 educatus
1835 5160 2091 5223 Basilius,

532 5284 722 5340 gerere
755 5266 948 5336 potuit,
976 5264 1069 5317 sed
1099 5264 1152 5316 in
1193 5274 1384 5330 magna
1421 5258 1599 5326 aliqua
1631 5255 1788 5319 urbe,
1817 5263 2000 5321 atque,
2041 5260 2096 5302 ut

537 5357 823 5415 verisimile
871 5365 996 5422 est,
1029 5353 1408 5408 Neoctesarere.
1467 5350 1720 5404 Basilium
1775 5345 2088 5416 aliquandiu

609 5536 681 5608 (rt)
706 5537 902 5608 Ηοιιιίι1
916 5539 948 5608 γι
965 5535 1014 5587 7.

605 5603 678 5678 (ti)
702 5609 810 5678 I‘Lp.
843 5605 962 5678 iss,
993 5603 1270 5678 165.102.

607 5670 673 5748 (ε)
699 5670 863 5748 Niss:
878 5676 959 5748 ibe
984 5672 1149 5748 Bttsil.
1183 5687 1231 5738 ῃ.
1248 5670 1367 5748 -ὲῖὶῖ

605 5743 1121 5816 (d)E'ii.5te12to,
1161 5760 1207 5793 ιι.
1246 5745 1290 5792 ι.

611 5814 678 5886 μ’)
713 5818 808 5881 Ep.
845 5814 966 5878 ῚΞΟιί,
1007 5830 1058 5865 tt.
1093 5815 1145 5863 U.

2166 1965 2324 2019 niclia
2360 1969 2528 2016 matre
2552 1960 2777 2013 alteram
2807 1958 3120 2012 Macrinam.
3158 1959 3290 2013 Nam
3340 1958 3407 2013 ab
3427 1972 3488 2011 ea
3514 1970 3726 2025 quoque

2165 2057 2483 2114 catholicam
2540 2055 2835 2111 doctrinam
2896 2052 3169 2118 accepisse
3218 2068 3276 2106 se
3328 2052 3586 2120 gloriatur
3628 2049 3724 2118 (It).

2165 2151 2284 2220 Ipse
2310 2151 2473 2204 etiam
2504 2160 2659 2218 pater
2688 2161 2908 2216 operam
2948 2158 3100 2197 suam
3133 2144 3456 2214 adjungcbat
3489 2143 3642 2197 uxori
3670 2144 3721 2195 in

2168 2242 2497 2296 instituendo
2521 2242 2584 2294 ad
2623 2242 2874 2309 pietatem
2907 2238 3014 2293 lilio
3061 2235 3158 2307 (i);
3188 2234 3280 2289 sed
3312 2234 3454 2289 illius
3490 2236 3728 2289 animum

2166 2332 2477 2387 liberalibus
2507 2333 2805 2399 disciplinis
2842 2333 3082 2385 imbuere
3112 2328 3387 2398 proprium
3421 2341 3576 2380 suum
3613 2343 3724 2379 tuu-

2166 2441 2266 2478 nus
2303 2438 2424 2478 esse
2457 2423 2704 2483 ducebat,
2735 2425 2812 2474 vir
2843 2436 3068 2490 utraque
3099 2421 3254 2474 laude
3313 2418 3366 2472 in
3424 2414 3598 2470 Ponto
3626 2431 3724 2468 ex-

2165 2516 2385 2578 cellens,
2423 2523 2476 2568 ct
2507 2513 2704 2582 pietate
2754 2521 2808 2565 et
2845 2513 3171 2578 eloquentia.
3206 2511 3318 2566 Sub
3381 2519 3532 2564 tanto
3564 2507 3734 2575 magi-

2172 2621 2286 2664 stro
2340 2607 2564 2662 mirifice
2611 2605 2839 2675 profecit
2881 2605 3142 2669 Basilius;
3176 2605 3266 2658 sed
3299 2621 3419 2659 cum
3458 2619 3580 2658 eum
3616 2602 3736 2657 nul-

2169 2703 2274 2756 lius
2303 2701 2379 2755 rei
2419 2708 2695 2769 expertem
2750 2711 2869 2750 esse
2896 2703 3186 2762 oporteret.
3216 2704 3274 2748 ut
3312 2695 3390 2748 ait
3437 2693 3734 2763 Gregorius

2169 2793 2572 2854 Nazianzenus,
2626 2789 2677 2843 in
2738 2788 2873 2842 alias
2907 2786 3210 2856 provincias
3252 2784 3503 2847 mittitur,
3536 2792 3595 2836 ut
3622 2779 3737 2834 rcl-

2172 2894 2229 2938 nt
2261 2898 2390 2952 apes
2421 2898 2483 2936 ex
2511 2882 2677 2934 variis
2711 2879 2951 2942 floribus,
2999 2879 3079 2933 sic
3104 2879 3216 2946 ipse
3239 2889 3303 2928 ex
3339 2873 3504 2928 variis
3563 2872 3732 2942 magio

2172 2976 2301 3032 stris
2324 2973 2602 3028 utilissima
2636 2985 2861 3040 quicque
2893 2971 3210 3040 perciperet.
3234 2966 3368 3021 Hinc
3399 2979 3520 3020 eum
3556 2963 3737 3018 Caesa-

2173 3084 2283 3130 rea,
2305 3081 2370 3121 ac
2393 3066 2585 3120 deinde
2609 3061 3124 3133 Constantinopolis,
3159 3069 3216 3116 et
3269 3059 3482 3114 tandem
3511 3058 3734 3112 Athena:

2099 3192 2147 3252 ρ
2178 3163 2500 3217 habuerunt.

2248 3251 2336 3308 Vl.
2361 3251 2464 3306 Sed
2495 3259 2612 3303 utra
2641 3247 2892 3301 Basilium
2927 3244 3175 3300 habuerit
3203 3244 3468 3302 Caesarea,
3495 3254 3612 3308 quae
3636 3239 3740 3294 sita

2179 3354 2258 3398 est
2284 3345 2334 3397 itt
2363 3340 2715 3410 Cappadocia,
2741 3353 2806 3392 an
2836 3352 2954 3406 quae
2986 3337 3038 3390 in
3065 3333 3369 3397 Palmstina,
3398 3346 3590 3401 magna
3617 3344 3741 3384 scu-

2182 3436 2468 3487 tentiarnm
2498 3433 2757 3486 varietate
2795 3430 3104 3499 ambigitur.
3154 3426 3332 3481 Multis
3377 3425 3624 3494 partibus
3653 3423 3738 3475 vi-

2179 3525 2334 3575 detur
2364 3521 2695 3589 praeferenda
2746 3535 2932 3574 eorum
2976 3519 3179 3585 opinio,
3208 3518 3298 3579 qui
3330 3517 3585 3571 Basilium
3630 3515 3745 3569 Cae-

2183 3625 2349 3666 sarem
2379 3611 2431 3664 in
2457 3610 2789 3677 Cappadocia
2827 3610 3024 3662 litteris
3052 3623 3270 3675 operam
3298 3610 3509 3661 dedisse
3533 3607 3741 3658 volunt.

2184 3705 2238 3758 I°
2279 3701 2504 3756 Basilius
2527 3710 2675 3771 optat
2709 3700 2760 3753 in
2789 3701 2947 3768 epist.
2975 3697 3042 3751 δι
3093 3707 3149 3748 ut
3177 3695 3495 3764 Hesychius,
3528 3697 3742 3764 quicum

2185 3811 2244 3851 se
2275 3795 2456 3850 multis
2481 3795 2642 3849 rebus
2694 3793 2761 3846 ab
2809 3793 2964 3846 initio
3004 3789 3351 3857 conjunctum
3393 3789 3564 3851 fuisse
3589 3789 3743 3851 dicit,

2193 3887 2481 3956 aliquando
2511 3887 2577 3939 ad
2613 3884 2864 3953 antiquos
2899 3883 3180 3951 utriusque
3208 3881 3351 3934 lares
3396 3895 3454 3934 se
3481 3878 3742 3933 conferat.

2187 3975 2480 4044 Antiquom
2507 3975 2635 4027 illud
2658 3971 2842 4024 Basilii
2875 3981 2929 4024 et
2957 3969 3203 4039 llesychii
3229 3969 3556 4021 domicilium
3604 3968 3747 4019 aliud

2186 4082 2305 4121 esse
2328 4080 2431 4118 non
2478 4073 2653 4134 potest
2692 4078 2852 4129 quant
2889 4062 3159 4122 Cazsarea,
3194 4060 3332 4112 unde
3362 4060 3626 4112 scribebat
3651 4057 3749 4110 th-

2187 4156 2340 4210 silius
2370 4195 2384 4218 ,
2425 4169 2523 4208 nec
2558 4153 2699 4206 aliud
2750 4163 2958 4217 tempus
2984 4149 3244 4218 assignari
3282 4158 3476 4217 potest,
3501 4162 3605 4215 quo
3635 4162 3751 4199 sese

2189 4247 2448 4302 Caesarea:
2472 4244 2742 4302 noverint.
2771 4241 2871 4295 nisi
2906 4255 3025 4293 cum
3059 4249 3283 4308 uterque
3309 4239 3502 4292 litteris
3531 4252 3748 4304 operam

2191 4343 2359 4398 daret.

2258 4433 2318 4486 2°
2369 4430 2561 4484 Narrat
2589 4426 2884 4496 Gregorius
2928 4423 3304 4484 Nazianzenus
3337 4421 3405 4491 (j)
3431 4435 3489 4474 se
3527 4429 3578 4472 et
3607 4418 3724 4473 Basi

2121 4530 2164 4587 D
2193 4527 2342 4587 lium,
2369 4521 2526 4574 veluti
2550 4521 2755 4587 fluxum
2785 4518 3057 4586 quemdam
3089 4513 3344 4582 ﬂuminis,
3373 4527 3436 4564 ea:
3460 4510 3635 4564 eodem
3658 4530 3719 4574 pa
3743 4539 3754 4549 -

2191 4621 2303 4671 trite
2342 4615 2483 4684 fonte
2515 4614 2567 4663 in
2615 4612 2846 4662 diversas
2896 4609 3130 4678 regiones
3179 4605 3434 4656 doctrinm
3477 4603 3756 4670 cupiditas

2192 4708 2471 4762 dissectos,
2503 4716 2706 4760 rursus,
2744 4699 2877 4752 velut
2927 4713 2988 4750 ex
3018 4693 3300 4760 composito
3327 4733 3341 4757 ,
3379 4690 3487 4744 Deo
3526 4688 3755 4742 videlicet

2194 4801 2270 4849 ita
2310 4793 2602 4860 impellente
2635 4831 2649 4854 ,
2688 4789 2903 4841 Athenis
2961 4786 3194 4838 coivisse.
3245 4781 3479 4852 Uterque
3531 4794 3659 4847 ergo
3704 4783 3754 4831 itt

2195 4886 2533 4956 Cappadocia
2563 4883 2879 4949 conjunctos
2922 4879 3119 4938 fuerat,
3165 4888 3388 4942 uterque
3418 4874 3538 4927 inde
3571 4872 3621 4925 in
3665 4886 3756 4920 γη-

2198 4981 2303 5031 rias
2335 4976 2582 5044 regiones
2615 4971 2908 5042 profectus,
2964 4984 3068 5022 non
3113 4967 3247 5020 alter
3278 4983 3308 5020 e
3337 4965 3531 5027 Ponto,
3572 4962 3706 5016 alter
3731 4978 3760 5012 e

2193 5066 2550 5137 Cappadocia.
2607 5066 2781 5132 Atque
2834 5062 2884 5114 id
2938 5060 3291 5112 continuatur
3345 5065 3454 5107 tttm
3512 5052 3756 5122 Gregorii

2195 5157 2497 5230 presbyteri
2525 5153 2850 5211 testimonio.
2887 5151 2975 5218 qui
3013 5147 3332 5218 Gregorium
3361 5143 3757 5198 Nazianzennin

2199 5259 2480 5311 utramque
2502 5245 2807 5300 Ctesaream
2839 5241 3137 5293 studiorum
3161 5252 3319 5290 causa
3351 5236 3569 5304 petiisse
3596 5243 3762 5286 lesui-

2201 5351 2322 5406 tur;
2359 5349 2467 5393 tum
2495 5337 2666 5406 ipsius
2692 5334 2850 5388 etiam
2881 5331 3125 5401 Gregorii
3158 5327 3510 5390 Nazianzeni,
3542 5324 3629 5394 qui
3661 5322 3762 5375 Ba-

2269 5519 2334 5587 (f)
2373 5515 2498 5570 Naz.
2535 5532 2614 5571 or.
2652 5514 2720 5568 ‘20
2745 5531 2756 5578 ;
2781 5513 2936 5587 Nyss.
2980 5509 3078 5563 Vit.
3117 5507 3312 5570 Mum,
3351 5503 3470 5559 192.

2270 5593 2343 5657 (9)
2387 5587 2631 5657 speet,
2675 5603 2728 5638 ιι.
2768 5586 2819 5638 2.

2270 5656 2346 5726 (lt)
2375 5659 2468 5724 Ep.
2499 5656 2628 5722 225,
2652 5673 2714 5726 ti.
2747 5657 2798 5707 5.

2275 5725 2335 5792 (i)
2365 5728 2486 5777 Naz.
2523 5741 2604 5782 er.
2650 5725 2728 5779 ΞΟ.

2277 5798 2336 5864 li)
2370 5800 2459 5849 Ur.
2497 5795 2581 5852 '20.
