4006 6434
1571 415 1728 472 νιτΑ
1769 418 1807 468 S

1917 409 2130 464 ASILII.
3419 404 3474 445 tl

230 555 414 610 silium
462 545 566 602 sibi
627 544 839 615 plenius
891 539 1120 597 Athenis
1151 539 1431 610 cognitum
1462 538 1626 594 fuisse
1652 537 1801 595 dicit,
1834 538 1875 590 Α
1909 528 2224 583 cherrima"!
2258 526 2458 593 ipsique
2483 519 2708 576 maxime
2750 517 3014 586 ρτορνίαπι
3039 508 3472 615 εξίιιύεζίίοιΝηηξ

231 655 355 690 t'tttlt
385 647 548 690 antea
574 633 785 706 ignotus
811 647 914 687 non
942 631 1147 686 fuisset.
1185 629 1316 686 Sese
1340 641 1515 685 autem
1545 626 1671 682 alibi
1699 643 1801 680 non

231 730 486 780 \identur
515 729 751 791 acvisse,
779 740 940 794 quam
966 725 1018 778 iu
1048 723 1410 796 Cappadocia.

305 821 362 874 5°
393 821 596 876 Scribit.
634 817 938 873 Basiliusiu
971 820 1129 888 epist.
1158 817 1218 870 5i
1256 830 1313 870 se
1361 832 1388 869 a
1426 816 1598 886 prima
1649 822 1804 867 {etate

233 916 498 968 nutritum
537 913 706 967 fuisse
730 910 784 964 in
813 925 997 964 amore
1023 910 1195 966 Dianii
1229 909 1462 981 episcopi
1508 907 1799 962 Caesarien-

231 1006 345 1067 sis.
384 1015 441 1059 et
494 1001 870 1056 considerasse
916 1015 1076 1069 quam
1133 1007 1281 1052 esset
1318 1000 1402 1054 ille
1441 997 1524 1049 vir
1583 1009 1803 1067 aspectu

233 1093 590 1157 venerabilis,
621 1102 676 1148 et
723 1101 1005 1163 postquam
1050 1091 1221 1147 adfuit
1266 1093 1424 1152 ratio,
1461 1088 1608 1142 illum
1638 1091 1801 1144 etiam

233 1206 301 1244 es
333 1185 689 1242 interioribus
718 1185 876 1242 bonis
909 1184 1228 1256 cognovisse
1248 1226 1263 1247 ,
1297 1185 1545 1248 illiusque
1569 1181 1808 1236 delecta-

236 1290 350 1335 tum
375 1276 783 1333 consuetudine.
837 1279 930 1332 Ἐκ
965 1275 1187 1348 πρώτης
1213 1276 1429 1347 ἡλικίας
1463 1275 1804 1350 συνετράφην

233 1370 314 1440 τῷ
336 1369 466 1438 περὶ⁵
498 1368 661 1423 αὑτὸν
691 1370 966 1441 φίλτρῳ...
999 1367 1122 1420 ἐπεὶ
1144 1368 1197 1421 δέ
1237 1386 1325 1438 μοι
1351 1365 1534 1418 λοιπὸν
1561 1367 1652 1419 καὶ
1671 1369 1698 1419 ὁ
1722 1366 1807 1419 λο-

235 1477 333 1528 γος
359 1459 566 1532 παρῆν,
596 1460 718 1515 τότε
752 1461 817 1532 δὴ
842 1461 934 1514 καὶ
960 1458 1069 1512 ἀπὸ
1103 1459 1211 1511 τῶν
1244 1457 1343 1525 τῆς
1371 1455 1548 1524 ψυχῆς
1587 1455 1806 1524 ἀγαοῶν

236 1551 402 1606 αὐτὸν
454 1554 825 1623 ἐπεγίνωσκον
871 1552 964 1605 καὶ
1010 1549 1224 1625 ἔχαιρον
1284 1547 1446 1601 αὐτοῦ
1502 1549 1567 1619 τῇ
1622 1565 1807 1602 συνου-

240 1643 353 1714 σίᾳ.
388 1642 464 1698 Ex
499 1644 584 1699 his
617 1643 810 1713 colligo
835 1640 1088 1695 Basiliunt
1124 1642 1384 1696 Caasart-m
1413 1637 1806 1694 adolescentem

247 1735 496 1804 pluribus
531 1735 685 1789 annis
716 1743 1106 1788 commeratmu
1131 1731 1317 1792 fuisse,
1351 1729 1528 1799 ibique
1559 1731 1694 1786 satis
1717 1731 1806 1783 diu

236 1825 547 1890 educatum,
576 1833 635 1876 ut
665 1828 848 1889 posset
877 1837 936 1874 se
984 1823 1034 1874 iu
1066 1818 1297 1874 amando
1337 1818 1520 1874 Dianio
1545 1828 1599 1873 et
1629 1818 1808 1872 consi-

238 1917 479 1969 deranda
509 1916 652 1968 illius
680 1914 793 1968 oris
823 1913 1105 1982 majestate
1137 1911 1392 1964 nutritum
1425 1913 1623 1967 dicere.
1650 1907 1809 1963 Tille—

239 2008 499 2071 moutius,
536 2015 594 2059 ut
628 2005 772 2058 hunc
797 2004 972 2059 locum
1009 2002 1284 2072 explicet,
1315 1994 1569 2057 Basilium
1593 2001 1810 2071 coniicit

240 2099 531 2151 admodum
579 2094 842 2150 infantem
874 2096 1180 2150 Gtrsaream
1241 2109 1271 2146 a
1325 2092 1640 2161 parentibus
1672 2108 1807 2147 uou-

240 2203 518 2256 uunquam
555 2198 830 2258 portatum
883 2188 1072 2242 fuisse.
1111 2186 1217 2239 Sed
1248 2183 1410 2254 hujus
1461 2184 1805 2254 conjectum,

241 2296 362 2348 qua:
408 2296 506 2335 sua
563 2293 754 2350 sponte
783 2295 969 2350 parum
1003 2277 1253 2346 congruit
1298 2275 1555 2343 infantia},
1605 2277 1806 2331 nullum

239 2371 444 2440 profert
500 2381 878 2442 argumentum
939 2368 1292 2422 doctissimus
1343 2367 1810 2437 scriptorzatque

237 2465 450 2519 etiamsi
490 2463 759 2530 proferret
787 2499 803 2526 ,
852 2475 980 2514 num
1029 2475 1088 2514 se
1143 2457 1196 2512 in
1235 2459 1466 2513 amando
1498 2467 1552 2513 et
1584 2459 1811 2515 videndo

252 2556 442 2609 Diauio
471 2553 731 2606 nutritum
776 2561 956 2621 posset
981 2551 1162 2605 dicere
1188 2593 1202 2617 ,
1232 2566 1389 2621 quem
1425 2567 1809 2622 nonnunquam

241 2647 420 2700 infans
458 2645 729 2700 vidisset?
762 2645 866 2701 Nec
888 2644 1238 2699 Tillemontio
1269 2645 1451 2700 favent
1477 2646 1590 2700 haec.
1625 2648 1808 2712 verba,

240 2758 270 2790 τι
304 2739 476 2807 prima
523 2749 678 2793 celate
710 2754 728 2793 .'
757 2738 960 2807 optime
989 2738 1132 2790 enim
1177 2737 1488 2790 referuntur
1515 2739 1579 2790 ad
1633 2738 1811 2792 adole-

239 2829 521 2882 scentiam.
560 2827 695 2882 Nam
731 2837 784 2880 et
828 2843 948 2894 qua:
985 2837 1302 2894 sequuntur,
1335 2834 1604 2894 postquam
1639 2827 1810 2894 adfuit

243 2922 399 2984 ratio,
432 2921 736 2973 delectabar
777 2918 920 2971 illius
959 2920 1337 2973 consuetudine
1385 2933 1490 2973 non
1527 2917 1592 2972 de
1633 2919 1814 2973 adule-

242 3011 449 3063 scentia
474 3050 490 3074 ,
544 3009 637 3062 sed
667 3009 732 3063 de
781 3009 920 3062 virili
958 3017 1120 3062 aetate
1153 3010 1327 3076 accipi
1367 3009 1604 3074 debent,
1639 3024 1814 3078 neque

241 3101 385 3154 enim
442 3101 753 3156 adolescens
819 3099 1052 3154 Basilius
1106 3100 1156 3153 in
1235 3100 1409 3154 Dianii
1469 3101 1812 3155 consuetudi-

1907 637 2025 676 eum
2059 620 2178 673 alia:
2201 617 2433 670 civitates
2465 615 2585 668 aliis
2625 610 2966 671 ornamentis,
3004 605 3080 659 vel
3118 601 3371 669 antiquis,
3398 597 3474 652 rel

1909 714 2053 765 novis
2084 710 2403 781 glorientur.
2433 715 2610 771 prout,
2638 701 2844 771 opinor,
2876 696 2952 749 rel
2992 695 3226 749 historiis
3253 732 3267 752 ,
3293 689 3369 744 vel
3398 705 3476 741 re-

1910 803 2004 856 bus
2053 799 2367 872 quibusdam
2417 793 2640 848 uisendis
2672 797 2876 845 ornata:
2904 792 3023 838 sunt
3052 797 3070 834 :
3106 785 3238 836 hanc
3267 790 3474 836 contra,

1909 903 1963 946 ut
1986 869 2135 944 arma
2160 888 2238 942 rel
2272 882 2556 957 tragoedias
2589 891 2723 934 nota:
2765 877 3008 949 quwdam
3031 883 3184 939 atque
3217 869 3472 940 insignia,

1908 985 1980 1037 sic
2023 984 2319 1035 litterarum
2372 974 2543 1047 gloria
2589 969 2825 1024 nobilitat
2892 965 3248 1028 illustremque
3280 960 3471 1013 reddit.

1979 1073 2120 1130 Nihil
2143 1081 2228 1128 est
2266 1071 2350 1124 his
2380 1069 2432 1122 in
2461 1064 2643 1120 verbis
2676 1060 2819 1129 quod
2844 1075 2946 1112 non
2973 1055 3232 1111 Caesarea:
3265 1050 3475 1122 Cappa-

1916 1170 2108 1224 docum
2141 1164 2344 1234 optime
2373 1165 2663 1230 congruat;
2696 1150 2946 1206 nonnulla
2992 1149 3046 1205 in
3097 1146 3320 1200 alteram
3358 1141 3476 1197 Cat-

1910 1273 2120 1314 sareatn
2153 1257 2332 1324 inepte
2379 1264 2602 1318 prorsus
2654 1260 2718 1302 ac
2763 1242 3023 1298 inurbane
3075 1239 3216 1295 dicta
3269 1242 3472 1290 essent.

1913 1352 2060 1407 Satis
2094 1360 2215 1416 apte
2257 1342 2552 1413 Gregorius
2581 1340 2792 1400 urbem,
2821 1336 2870 1388 in
2915 1349 3020 1401 qua
3059 1331 3376 1400 loquebatur
3422 1335 3478 1377 et

1910 1455 2039 1494 voce
2055 1448 2107 1493 ct
2133 1452 2290 1492 manu
2313 1433 2602 1501 designans
2620 1429 2852 1488 dicebat,
2893 1423 3065 1489 Hanc,
3099 1424 3331 1491 inquam,
3354 1416 3478 1470 illu-

1911 1541 2065 1582 strem
2105 1527 2386 1580 civitatem.
2410 1519 2527 1575 Non
2569 1511 3116 1588 putatTillemontius
3137 1511 3273 1566 hanc
3297 1510 3477 1565 Caesa-

1913 1635 2057 1674 ream
2082 1634 2110 1672 a
2131 1617 2324 1672 studiis
2357 1614 2659 1667 litterarum
2690 1647 2706 1673 ,
2736 1621 2794 1663 ut
2839 1622 2868 1662 a
2898 1603 3168 1677 pracipuo
3198 1603 3343 1656 urbis
3381 1615 3470 1654 or-

1913 1720 2190 1775 namento,
2223 1706 2434 1763 laudari
2481 1703 2753 1756 debuisse.
2801 1700 2907 1756 Sed
2941 1706 2998 1752 ut
3031 1696 3282 1752 omittam
3314 1694 3478 1747 Euse-

1915 1807 2080 1865 bituu,
2111 1804 2200 1873 qui
2234 1799 2589 1871 Cappadocia:
2610 1795 2870 1868 praesules
2894 1794 3139 1850 doctrina
3173 1791 3315 1844 inter
3339 1787 3474 1841 alios

1844 1877 1886 1935 Β
1918 1896 2181 1952 enituisse
2234 1905 2465 1951 testatur
2492 1893 2594 1964 (α),
2627 1892 2742 1961 ipse
2778 1887 3012 1942 Basilius
3039 1882 3286 1952 Gregorii
3321 1879 3477 1934 testi-

1914 1990 2093 2042 mouio
2124 2003 2278 2042 suum
2311 1986 2574 2055 adiungit,
2601 1993 2654 2038 et
2687 1981 2906 2046 litteris,
2937 1979 3076 2033 inter
3100 1975 3288 2044 patria:
3316 1985 3480 2026 orna-

1913 2088 2120 2144 menta,
2181 2078 2414 2146 palmam
2467 2078 2578 2129 dat.
2608 2075 2698 2129 Sic
2739 2073 2883 2128 euint
2915 2069 2982 2125 de
3012 2067 3103 2122 illo
3136 2073 3280 2120 statu
3307 2060 3479 2130 loqui-

1913 2182 1998 2227 tur
2034 2170 2130 2243 (b),
2163 2171 2217 2225 in
2240 2184 2398 2238 quem
2427 2166 2692 2222 divisione
2713 2163 3062 2234 Cappadocia:
3093 2154 3432 2228 redigebatur
3461 2169 3475 2206 ;

1912 2260 2282 2332 Spectaculum
2306 2258 2649 2329 foedissimum
2685 2255 2824 2322 facta
2853 2265 2950 2316 est,
2972 2252 3170 2320 inquit,
3194 2262 3311 2321 qua‘
3336 2245 3481 2315 prius

1915 2365 2023 2407 tum
2064 2355 2126 2407 de
2182 2352 2432 2408 litteratis
2464 2351 2595 2404 viris
2622 2388 2636 2413 ,
2670 2359 2777 2401 tum
2818 2347 2882 2401 de
2912 2346 3031 2398 aliis
3070 2343 3214 2398 bonis
3245 2380 3260 2404 ,
3293 2337 3479 2410 quibus

1926 2445 2184 2514 opulenta:
2214 2445 2370 2498 urbes
2391 2443 2685 2504 abundant,
2733 2439 3078 2510 gloriabatur.
3117 2433 3376 2490 Similiter
3424 2432 3479 2484 in

1927 2537 2087 2605 epist.
2120 2535 2209 2601 74,
2240 2551 2296 2589 n.
2325 2537 2380 2599 5,
2403 2535 2706 2588 litterarum
2737 2531 2934 2593 studia,
2959 2530 3171 2583 interea
3202 2540 3320 2595 qua:
3347 2525 3481 2578 civi-

1916 2631 2012 2685 tati
2043 2643 2236 2685 nomen
2275 2635 2331 2682 et
2386 2625 2585 2679 famam
2635 2633 2958 2696 pepererant
2988 2662 3004 2690 ,
3037 2619 3310 2691 praecipue
3335 2632 3482 2673 com-

1915 2728 2204 2775 memorat.
2253 2717 2368 2786 Qua
2399 2727 2580 2771 autem
2636 2724 2756 2770 erat
2802 2713 3110 2769 urbanitate
3163 2709 3481 2779 Gregorius,

1917 2827 2041 2865 num
2079 2810 2274 2879 potuit,
2306 2810 2568 2864 Caesareae
2607 2806 2828 2862 nomine
2873 2803 3241 2874 pronuntiato,
3268 2801 3483 2854 audito-

1919 2917 2003 2956 res
2036 2903 2349 2968 admouere,
2400 2916 2505 2956 non
2532 2915 2650 2956 eam
2678 2897 2979 2955 Caesaream
3007 2937 3022 2964 ,
3055 2896 3107 2950 in
3145 2909 3250 2959 qua
3277 2893 3483 2948 oratiu-

1918 3009 2038 3046 nem
2073 2993 2328 3056 habebat,
2359 2993 2453 3048 sed
2483 2991 2744 3046 illustrem
2772 2990 2918 3044 illam
2957 2989 3008 3040 in
3043 2986 3324 3040 Palu-atina
3353 2983 3484 3038 civi-

1923 3093 2086 3139 tatem
2113 3099 2142 3138 a
2174 3099 2233 3139 se
2263 3084 2537 3153 designari
2567 3083 2591 3136 ἲ
2638 3081 2926 3149 Nunquam
2966 3092 3089 3135 eum
3130 3085 3237 3130 tam
3268 3077 3486 3130 inurba-

247 3209 368 3248 nem
430 3193 752 3257 admissus,
827 3191 920 3246 sed
993 3204 1274 3262 postquam
1346 3192 1506 3247 rediit
1563 3192 1807 3246 Athenis.

1920 3194 1984 3232 ne
2035 3189 2252 3245 tamque
2300 3174 2480 3246 pingui
2518 3173 2764 3228 Minerva
2802 3172 3037 3226 locutum
3064 3170 3306 3225 credam.
3353 3168 3486 3235 Quae

249 3286 466 3340 Virilem
516 3294 730 3339 tetatetn
783 3285 1035 3338 similiter
1086 3283 1331 3353 designat
1383 3284 1435 3336 in
1489 3283 1648 3351 epist.
1685 3282 1813 3346 2'25,

248 3375 331 3424 uni
361 3389 418 3426 se
442 3373 602 3424 aliam
637 3385 701 3423 ex
732 3371 834 3423 alia
863 3372 1158 3424 doctrinam
1193 3371 1341 3438 ὲν-τῇ
1369 3369 1461 3421 τοῦ
1489 3369 1648 3437 λόγου
1682 3385 1817 3438 συμ-

248 3464 546 3537 πληρώσει,
606 3479 724 3517 cum
782 3463 1009 3516 adolevit
1043 3463 1203 3528 ratio,
1238 3477 1344 3514 non
1408 3470 1664 3524 mutasse,
1721 3461 1814 3514 sed

248 3567 463 3626 accepta
500 3557 568 3609 ab
596 3556 711 3608 avia
740 3567 794 3608 et
831 3564 1002 3607 matre
1026 3553 1289 3623 principia
1318 3554 1604 3609 retinuisse
1639 3553 1817 3609 decla-

252 3661 351 3701 l';tl.

314 3741 372 3794 4⁸
403 3738 550 3794 Idem
578 3737 808 3793 edicitur
829 3753 894 3791 es
925 3737 1059 3806 ipsis
1110 3735 1355 3808 Gregorii
1386 3735 1589 3798 verbis,
1621 3735 1815 3804 quibus

251 3845 365 3900 post
400 3833 616 3887 Billiutn
640 3841 694 3886 et
727 3831 1016 3885 Baroniutn
1043 3828 1418 3883 Tillemontius
1442 3827 1742 3882 Caesaream
1767 3828 1817 3880 iu

257 3924 541 3976 Palzestiua
570 3923 798 3975 indicari
837 3921 1152 3973 arbitratur.
1188 3919 1278 3973 Sic
1328 3919 1491 3988 igitur
1528 3917 1820 3986 Gregorius

250 4017 302 4068 iu
333 4014 582 4067 oratione
609 4011 864 4079 quamde
910 4008 1092 4063 Basilii
1148 4008 1390 4061 laudibus
1425 4007 1610 4062 habuit
1644 4006 1820 4060 Caesa-

252 4122 352 4160 rea:
379 4124 392 4159 :
435 4103 559 4156 Ἐπὶ
590 4104 688 4173 τὴν
713 4102 1032 4174 Καισαρέων
1073 4100 1224 4153 πόλιν
1258 4100 1554 4168 ἐπείγεται,
1587 4100 1691 4154 τῶν
1725 4104 1820 4170 τῇ·

250 4197 303 4249 δε
335 4193 574 4266 μεθέξων
605 4192 1023 4263 παιδευτηρίων,
1051 4191 1252 4261 ταύτην
1281 4191 1336 4243 δὲ
1359 4190 1501 4260 λέγω
1522 4192 1619 4261 τὴν
1667 4209 1820 4262 περι·

252 4289 390 4358 φαιῆ
437 4304 496 4340 τε
545 4286 640 4339 καὶ
686 4284 960 4354 ἡμετέραν
1001 4284 1155 4351 (ἐπεὶ
1193 4284 1285 4336 καὶ
1327 4283 1433 4334 τῶν
1472 4283 1620 4354 ἐμῶν
1651 4283 1820 4350 λόγων

250 4378 384 4448 αὕτη
441 4376 776 4446 καθηγεμὼν
827 4375 919 4427 καὶ
963 4372 1354 4442 διδάσκαλος),
1397 4374 1492 4445 τὴν
1536 4374 1631 4442 οὐχ
1662 4370 1822 4444 ἦττον

250 4470 418 4536 λόγων
446 4468 801 4540 μητρόπολιν,
832 4468 863 4537 ἦ
888 4466 996 4519 τῶν
1030 4466 1234 4518 πόλεων
1253 4461 1327 4518 ὧν
1357 4467 1694 4537 ὑπέρκειται,
1729 4468 1820 4518 καὶ

1919 3278 2219 3336 sequuntur
2249 3267 2316 3321 de
2363 3267 2665 3321 litterarum
2699 3263 2923 3325 studiis,
2963 3275 3067 3317 non
3119 3261 3300 3315 minus
3333 3259 3482 3313 inor-

1920 3371 2041 3413 nata
2071 3369 2124 3414 et
2171 3360 2384 3429 illepida
2425 3368 2632 3424 essent,
2663 3358 2709 3413 si
2738 3357 2804 3412 ad
2835 3345 3139 3410 Caesaream
3186 3353 3488 3408 Palaestinae

1917 3452 2284 3519 referrentur;
2338 3466 2460 3506 cum
2490 3449 2899 3523 G:t-sarienses_,
2933 3461 3069 3516 quos
3113 3443 3488 3515 alloquebatur

1919 3542 2238 3612 Gregorius,
2271 3543 2410 3594 hanc
2444 3539 2660 3593 laudem
2683 3579 2696 3603 ,
2731 3548 2791 3592 ut
2825 3538 2936 3608 jam
2984 3537 3121 3604 dixi,
3151 3537 3271 3592 aliis
3302 3536 3488 3591 civita-

1921 3635 2060 3687 tibus
2091 3648 2198 3685 uon‘
2226 3634 2609 3686 concederent.

1990 3723 2104 3777 Non
2160 3724 2512 3778 omitteudtuu
2569 3723 2710 3793 quod
2767 3723 2916 3777 addit
2968 3722 3303 3794 Gregorius:
3363 3721 3488 3775 Jam

1918 3831 2036 3884 qua:
2088 3826 2396 3884 sequuntur,
2445 3816 2481 3867 ii
2532 3823 2793 3883 exponant
2845 3815 2934 3883 qui
2982 3824 3028 3866 et
3082 3829 3199 3867 eum
3251 3814 3390 3880 apud
3437 3828 3490 3865 se

1920 3908 2218 3960 erudierunt
2251 3919 2295 3959 et
2328 3907 2558 3976 fructum
2593 3922 2658 3958 ea:
2686 3906 2857 3974 ipsius
2898 3905 3192 3958 eruditione
3221 3913 3488 3972 ceperunt,

1921 4011 2142 4068 quantus
2178 4001 2409 4053 videlicet
2459 4000 2761 4070 magistris,
2808 4007 3036 4068 quantus
3079 3997 3364 4063 aequalibus
3409 4013 3492 4050 es-

1923 4102 2018 4157 set,
2044 4103 2146 4144 etc.
2182 4091 2301 4146 Non
2335 4103 2580 4158 superest
2610 4090 2916 4160 ambigendi
2947 4090 3100 4144 locus
3146 4089 3282 4142 utris
3311 4086 3491 4142 Gaesa-

1927 4183 2194 4238 rieusibus
2241 4183 2353 4235 lucc
2409 4185 2683 4237 narranda
2735 4181 3028 4250 Gregorius
3076 4180 3379 4250 relinquat;
3424 4181 3496 4234 iis

1923 4277 2012 4345 qui
2046 4277 2200 4348 Iutth
2238 4277 2428 4329 remoti
2459 4287 2639 4341 erant,
2668 4291 2842 4345 neque
2866 4290 2932 4330 es
2969 4272 3155 4328 Basilii
3181 4271 3492 4327 eruditione

1926 4367 2178 4436 majorem
2221 4384 2380 4437 quam
2436 4367 2551 4420 alia:
2599 4368 2847 4421 civitates
2890 4365 3175 4419 utilitatem
3236 4376 3494 4432 percepe-

1925 4474 2062 4526 rant,
2101 4477 2163 4514 au
2207 4463 2271 4514 iis
2301 4475 2437 4526 quos
2479 4460 2853 4526 alloquebatur
2931 4457 3245 4526 Gregorius,
3293 4456 3496 4526 quique.

251 4558 368 4610 καθ’
398 4553 472 4611 ὢν
507 4561 618 4628 ἔχει
638 4558 737 4629 τὴν
761 4556 1074 4610 δυναστείαν
1101 4570 1113 4582 ⁸
1143 4557 1206 4625 ἣν
1237 4558 1289 4608 εἴ
1320 4573 1400 4618 τις
1428 4555 1522 4607 τοῦ
1557 4558 1612 4608 ἐν
1645 4556 1813 4623 λόγοις

1926 4562 1978 4607 et
2011 4550 2192 4604 Basilii
2235 4553 2537 4604 studiorum
2573 4560 2825 4618 poterant
2871 4550 3204 4611 meminisse,
3253 4558 3306 4603 ct
3352 4549 3495 4601 illius

253 4649 482 4719 κράτους
509 4649 949 4718 ἀποπερήσειεν,
973 4644 1272 4715 ἀφῃρηκὼς
1294 4645 1442 4698 ἔσται
1461 4645 1589 4698 αὐτὸ
1607 4645 1666 4698 τὸ
1695 4645 1820 4698 κάλ-

255 4741 425 4794 λιστόν
451 4758 512 4793 τε
538 4741 634 4792 καὶ
661 4740 988 4793 ἰδικώτατον.
1020 4739 1206 4792 "Alia:
1230 4739 1326 4808 μὲν
1351 4737 1458 4809 γὰρ
1484 4738 1589 4789 τῶν
1617 4738 1819 4790 πόλεων

253 4834 425 4897 ἄλλοις
440 4832 766 4901 ἀγάλλονται
784 4832 1247 4902 καλλωπίσμαςιν,
1272 4832 1302 4904 ἢ
1325 4829 1592 4894 παλαιοῖς,
1612 4830 1644 4899 ἢ
1663 4833 1818 4892 νέοις,

252 4927 392 4989 ὅπως
423 4925 491 4978 ἂν
519 4921 673 4994 οἶμαι
710 4923 816 4975 τῶν
841 4924 1190 4994 διηγημάτων
1221 4925 1414 4993 ἔχωσιν
1443 4924 1474 4992 ἢ
1522 4921 1628 4974 τῶν
1677 4925 1818 4990 ὁρω-

257 5018 454 5083 μένων·
479 5015 608 5086 τῇδε
631 5015 778 5082 λόγοι
799 5015 858 5068 τὸ
873 5014 1179 5085 γνώρισμα,
1209 5014 1396 5083 ὥσπερ
1422 5016 1608 5076 ἐντοῖς
1638 5012 1822 5075 ὅπλοις

256 5106 286 5172 ἢ
320 5110 430 5169 τοῖς
463 5107 707 5176 δράμασι
735 5105 802 5156 τὰ
841 5104 1106 5175 ἐπίσημα.
1147 5106 1463 5166 Cursaream,
1507 5116 1560 5156 ut
1618 5103 1826 5156 schola-

260 5215 368 5250 rum
394 5199 540 5251 urbis
575 5199 719 5251 illius
750 5200 1008 5267 particeps
1039 5210 1191 5261 esset,
1233 5197 1497 5250 contendit
1524 5237 1538 5260 ,
1565 5197 1700 5249 hunc
1733 5196 1818 5247 ὶιτη

255 5307 407 5351 uitam
441 5292 700 5343 illustrem
729 5291 996 5342 civitatem
1020 5331 1034 5354 ,
1062 5300 1106 5342 et
1135 5299 1366 5342 nostram
1416 5288 1558 5358 (num
1589 5303 1820 5338 meorum

257 5397 457 5449 quoque
492 5381 791 5432 studiorum
826 5378 935 5431 dua:
964 5391 1010 5431 et
1038 5380 1285 5448 magistra
1311 5377 1558 5439 exstititl,
1581 5391 1696 5445 qua:
1722 5392 1822 5427 uou

257 5475 424 5526 minus
456 5474 757 5524 litterarum
788 5487 940 5538 atque
962 5473 1238 5530 doctrinis,
1276 5487 1429 5537 quant
1474 5470 1678 5521 urbium
1708 5467 1823 5537 qui-

259 5561 348 5614 bus
395 5561 654 5629 prazcellit
708 5571 755 5613 et
806 5561 1125 5625 dominatur,
1175 5561 1524 5628 metropolis:
1573 5575 1725 5627 quam
1775 5558 1819 5608 si

257 5654 370 5716 quis
397 5653 660 5704 doctrinm
687 5651 862 5719 palma
901 5650 1224 5715 spoliauerit,
1266 5667 1368 5703 rem
1420 5649 1648 5701 muniunt
1703 5646 1815 5714 pul-

328 5834 401 5901 (η)
441 5832 498 5890 In
543 5829 662 5889 Vita
691 5831 890 5898 Const.,
924 5846 1039 5900 cap.
1067 5829 1151 5885 4?».

1929 4645 2173 4697 doctrina
2219 4658 2312 4710 per
2350 4654 2424 4694 tot
2459 4657 2631 4696 annos
2678 4642 2864 4696 imbuti
2904 4642 3136 4696 fuerant.
3161 4639 3295 4695 Cum
3333 4639 3497 4707 igitur

1931 4735 2014 4787 his
2054 4733 2230 4788 verbis
2259 4733 2509 4788 Cmsarea
2565 4734 2946 4803 Cappadocum
2974 4733 3340 4801 dignoscatur,
3389 4731 3494 4783 im-

1931 4825 2124 4878 merito
2157 4826 2349 4893 qua'rit
2376 4823 2770 4887 'l'illeutnutius,
2797 4839 2894 4877 cur
2921 4823 3232 4892 Gregorius,
3268 4821 3358 4889 qui
3386 4818 3497 4872 Ca3-

1932 4932 2098 4971 sarem
2127 4917 2439 4984 perorabat,
2471 4913 2721 4969 Basiliuut
2760 4922 2811 4969 itt
2852 4917 2987 4968 hunc
3013 4915 3195 4968 urbem
3218 4913 3496 4977 conceptis

1931 5005 2108 5058 verbis
2145 5005 2358 5059 venisse
2407 5021 2511 5058 non
2559 5006 2733 5071 dicat;
2779 5021 2877 5058 cur
2912 5021 3013 5058 non
3055 5021 3173 5057 eam
3220 5004 3491 5072 designet,

1931 5096 2036 5150 nisi
2078 5094 2337 5162 ejusmodi
2372 5095 2535 5159 uotis,
2569 5113 2685 5162 qua:
2724 5096 2910 5150 saltem
2947 5096 2996 5150 ei
3023 5111 3143 5149 cum
3178 5093 3345 5148 altera
3384 5095 3496 5147 Gae-

1928 5206 2080 5245 sarea
2114 5205 2427 5244 communes
2456 5191 2584 5243 sint.

1999 5282 2104 5336 Sed
2145 5283 2285 5336 idem
2331 5282 2673 5336 doctissimus
2723 5283 2954 5347 scriptor
2999 5281 3104 5333 hoc
3155 5278 3493 5346 potissimum

1928 5385 2247 5443 argumento
2282 5375 2491 5437 nititur,
2521 5374 2659 5443 quod
2697 5372 3009 5442 Gregorius,
3049 5382 3334 5441 postquam
3379 5370 3496 5422 Gtt:-

1929 5482 2142 5521 saream
2184 5481 2337 5520 suam
2372 5482 2490 5521 esse
2536 5468 2704 5530 dixit,
2747 5467 2929 5520 statim
2978 5467 3140 5521 addat
3178 5468 3299 5519 ideo
3343 5482 3494 5519 suam

1929 5574 2065 5622 esse,
2091 5558 2213 5626 quia
2235 5559 2303 5612 ibi
2325 5559 2512 5613 litteris
2535 5575 2752 5628 operam
2777 5560 2998 5614 dederat
3023 5579 3036 5613 :
3058 5558 3228 5621 Hunc,
3262 5560 3497 5626 inquam,

1927 5646 2184 5699 illustrem
2219 5647 2495 5712 civitatem,
2539 5660 2585 5701 et
2624 5660 2889 5713 nostrum;
2933 5665 3047 5702 nam
3099 5664 3328 5703 meorum
3368 5665 3497 5714 quo-

2006 5826 2078 5894 (b)
2120 5825 2213 5894 Ep.
2251 5827 2334 5880 76.
