4006 6444
493 409 524 446 ι
1876 408 2398 468 ΙἮΟΗᾺΜΜΕΝᾹ.

494 527 592 605 oue
640 511 930 605 studiorum
963 514 1069 565 dux
1104 527 1148 566 ct
1189 520 1434 586 mngistm
1481 522 1702 577 casti/il.
1741 524 1907 593 Negat
1951 529 2057 581 'l‘il-
2096 541 2130 586 .\
2167 537 2514 603 philosoputm
2559 552 2776 602 operam
2832 555 2933 592 non
2971 541 3200 605 dedisse,
3248 548 3337 600 sed
3389 549 3525 604 hanc
3568 549 3732 604 disci-

499 598 783 653 li-montius
830 601 942 653 ha'e
998 608 1289 662 convenire
1339 611 1390 661 in
1432 609 1729 667 Caesaream
1779 615 2061 685 Cappado-

497 689 610 748 (ιξω,
659 703 820 756 quam
857 691 1150 762 Gregorius
1197 713 1343 750 suam
1378 701 1499 755 aliis
1533 703 1600 757 de
1650 703 1828 757 causis
1873 720 2064 760 vocare

501 789 732 845 poterat,
789 785 1059 852 inprimis,
1099 793 1222 858 quia
1255 805 1373 843 eam
1406 796 1690 859 provincia:
1725 799 2061 865 melr0polim

493 878 852 939 agnoscebat;
919 882 1058 946 quod
1129 896 1248 933 cum
1316 886 1566 938 omnibus
1639 894 1821 940 notum
1884 901 2062 954 esset,

491 977 640 1015 suam
673 965 853 1021 dicere
882 970 1086 1032 debuit,
1116 971 1259 1024 nulla
1295 973 1476 1028 addita
1509 977 1740 1045 ratione,
1771 989 1827 1032 ιιι
1861 978 1912 1031 in
1945 981 2064 1035 aliis

493 1053 627 1107 locis
665 1055 816 1111 facit.

563 1146 721 1212 Quod
759 1153 927 1205 instar
974 1155 1296 1210 incommodi
1332 1157 1518 1224 objicit
1570 1160 1963 1229 Tillemontius,
2005 1166 2056 1218 id

491 1244 792 1306 argumenti
835 1244 950 1296 loco
981 1247 1240 1301 adhibere
1281 1263 1587 1318 possumus,
1631 1254 1880 1323 quamvis
1913 1255 2060 1309 illum

491 1330 543 1380 in
586 1332 1034 1401 interpretatione
1071 1340 1228 1407 hujus
1260 1340 1359 1394 loci
1413 1357 1723 1411 sequamur.
1772 1345 1902 1397 Nam
1938 1362 2061 1401 cum

490 1422 788 1477 Czcsarcam
838 1426 1126 1498 Gregorius
1169 1432 1238 1483 ob
1268 1433 1599 1502 disciplinas,
1645 1452 1780 1502 quas
1825 1438 1898 1490 ibi
1947 1454 2064 1507 pcr-

491 1525 725 1584 ceperat,
757 1535 862 1573 non
897 1523 1067 1574 solum
1104 1522 1173 1575 ob
1211 1529 1601 1594 metropolitica
1631 1527 1751 1594 jura
1791 1543 1944 1581 suam
1982 1531 2063 1583 di-

489 1616 666 1672 ceret;
718 1612 976 1666 rationem
1011 1613 1207 1668 addere
1237 1616 1440 1683 debuit,
1488 1633 1581 1671 cur
1619 1632 1736 1671 eam
1785 1620 2046 1686 singulari

491 1699 649 1776 modo
683 1717 830 1755 suam
857 1705 1074 1758 diceret.
1100 1706 1312 1777 Alioqui
1346 1725 1504 1765 nemo
1545 1725 1650 1765 non
1701 1714 2062 1767 exiSIimassot

488 1807 609 1844 eum
641 1795 706 1848 ad
738 1796 1046 1864 metropolis
1069 1796 1193 1867 jura
1231 1803 1519 1870 respicere.
1566 1800 1752 1870 Itaque
1785 1806 1884 1859 etsi
1920 1808 2059 1858 hunc

495 1883 668 1936 locum
703 1887 1064 1956 intelligimus,
1096 1904 1151 1942 ut
1199 1891 1446 1959 intelligit
1476 1892 1884 1959 Tillemontius;
1926 1895 2058 1948 nihil
2095 1867 2134 1924 Β

493 1986 636 2028 vetat
681 1977 748 2032 de
796 1979 1040 2036 Caesarea
1096 1983 1476 2050 Cappadocum
1539 1987 1784 2056 intelligi.
1871 1987 2062 2040 Verum

495 2065 738 2138 Gregorii
768 2075 928 2126 verba
964 2073 1040 2125 sic
1075 2073 1244 2142 accipi
1283 2087 1502 2144 possent
1532 2078 1584 2130 in
1631 2077 1763 2130 Billii
1801 2079 2064 2145 interpre-

495 2161 717 2224 tatione,
763 2172 820 2215 ut
863 2163 986 2215 illud
1037 2175 1270 2219 nostram
1314 2167 1582 2222 referatur
1622 2170 1684 2220 ad
1734 2167 2063 2236 metropolim

491 2253 592 2305 hoc
637 2253 820 2315 modo,
865 2265 1097 2310 nostram
1157 2275 1259 2312 non
1305 2261 1472 2312 minus
1543 2258 1835 2311 litterarum
1907 2271 2062 2328 atque

489 2342 765 2406 doctrinm,
798 2361 955 2414 quam
994 2348 1223 2412 urbium,
1273 2351 1459 2414 quibus
1506 2349 1754 2415 prwcellit
1801 2359 1848 2402 ct
1895 2352 2064 2403 domi-

491 2443 670 2498 natur,
724 2437 1074 2504 metropolim.
1136 2436 1226 2492 Sic
1297 2440 1698 2507 interpretando
1764 2441 2064 2494 restituitur

489 2527 679 2590 patria:
724 2542 833 2582 suae
877 2527 1120 2593 Basilius,
1161 2545 1261 2584 nec
1307 2531 1447 2585 illius
1483 2532 1534 2586 in
1597 2531 1794 2586 litteris
1843 2531 2063 2586 institu-

491 2615 654 2669 tionis
702 2627 886 2684 partes
919 2616 1057 2671 ullas
1088 2618 1330 2674 Czesarea
1383 2620 1548 2674 altera
1601 2622 1817 2675 retinet.
1869 2621 2065 2676 Fateor

490 2713 670 2757 tamen
707 2704 840 2760 mihi
877 2721 986 2762 non
1015 2709 1256 2764 arridere
1291 2713 1431 2766 hanc
1472 2713 1860 2780 interpretandi
1901 2715 2065 2766 ratio-

495 2809 644 2858 nem,
673 2812 794 2860 qua:
828 2813 935 2851 non
976 2801 1206 2866 quadrat
1237 2818 1358 2855 eum
1391 2803 1578 2857 Gra'co
1606 2812 1884 2857 contextu.
1931 2802 2062 2857 Illud

485 2885 631 2937 enim
673 2885 774 2956 τὴν
816 2887 913 2956 οὐχ
953 2883 1134 2960 ἦττον,
1172 2906 1276 2944 non
1333 2890 1561 2944 refertur
1605 2895 1670 2944 ad
1702 2907 1884 2944 vocem
1930 2896 2067 2961 ἡμε-

488 2979 679 3047 τέραν,
709 2968 827 3048 qua:
861 2979 1102 3047 pluribus
1135 2980 1254 3036 aliis
1289 2981 1588 3051 interjectis
1622 2982 1890 3050 praecedit.
1922 2982 2060 3034 Prae-

491 3079 636 3123 terea
686 3070 987 3127 Caesaream
1043 3074 1336 3144 Gregorius
1400 3075 1658 3130 doctrinae
1720 3075 2056 3144 tnetropolim

490 3169 677 3224 vocat,
723 3176 828 3213 non
873 3163 998 3231 quia
1042 3165 1112 3218 ibi
1161 3163 1359 3219 litteris
1407 3180 1624 3232 operam
1669 3166 1920 3227 dederat,
1971 3165 2062 3219 sed

492 3248 619 3317 quia
652 3249 703 3302 in
733 3247 833 3302 hac
864 3251 995 3304 urbe
1028 3252 1220 3307 littera:
1251 3253 1534 3308 ﬂorebant.

1136 3363 1362 3418 CAPUT
1403 3365 1462 3418 ll.

491 3455 530 3508 Ι.
565 3452 785 3524 Sanctus
802 3454 1025 3509 Basilius
1044 3472 1070 3510 θ
1089 3455 1422 3524 Cappadocia
1438 3455 1937 3523 Constantinopolim
1952 3461 2063 3509 mit-

563 3515 714 3580 titur.
744 3525 806 3579 ll.
843 3524 974 3579 Inde
1003 3515 1231 3582 Athenas
1259 3529 1417 3580 venit.
1446 3526 1530 3580 Ill.
1561 3515 1912 3594 Coniungitur
1940 3531 2065 3578 ami-

564 3596 692 3647 citia
736 3612 854 3648 cum
883 3596 1132 3663 Gregorio
1168 3595 1524 3650 Nazianzeno.
1555 3595 1640 3649 IV.
1673 3597 1863 3648 (Corum
1894 3597 2064 3648 studia

563 3678 610 3716 et
673 3668 912 3729 magistri
969 3677 1013 3714 et
1066 3668 1431 3726 condiscipuli.
1479 3664 1544 3717 Υ.
1593 3665 1785 3718 Scribit
1839 3665 2066 3718 Basilius

569 3733 922 3796 Apollinario.
949 3731 1065 3797 Quo
1097 3751 1234 3786 anno
1262 3734 1490 3786 Athenas
1521 3737 1744 3802 reliquit.

571 3821 616 3878 Ι.
651 3820 863 3875 Nemini
911 3822 1137 3876 cedebat
1204 3821 1432 3876 Basilius
1482 3822 1718 3890 corporis
1771 3823 2066 3888 pulchritu-

496 3915 623 3968 dine
650 3924 705 3967 et
738 3915 930 3972 robore
971 3929 1034 3968 ac
1062 3915 1400 3984 proceritate,
1433 3925 1717 3983 antequam
1755 3913 1902 3966 illum
1951 3929 2064 3982 poe-

495 4007 732 4060 nitentia:
779 4005 988 4060 labores
1045 4005 1441 4067 debilitassent;
1491 4007 1582 4059 sed
1634 4020 1752 4058 eum
1803 4007 1872 4058 ab
1919 4006 2061 4072 ejus-

497 4099 637 4151 modi
680 4099 1014 4152 ornamentis
1049 4098 1270 4152 laudare
1305 4098 1478 4152 noluit
1519 4098 1826 4164 Gregorius.
1867 4097 2063 4150 Liben-

498 4192 601 4244 tius
630 4203 849 4244 enarrat
881 4192 956 4258 (a)
989 4190 1131 4244 illius
1174 4191 1225 4242 in
1262 4191 1457 4242 virtute
1492 4205 1553 4240 ac
1589 4190 1783 4241 litteris
1820 4203 2064 4256 progres-

495 4295 611 4335 sus.
640 4279 771 4333 Cum
801 4290 944 4334 esset
976 4280 1259 4348 Cwsarem,
1303 4281 1497 4335 charus
1541 4280 1973 4347 eratmqualibus
2017 4287 2070 4331 et

496 4372 789 4442 magistris,
819 4387 879 4426 ac
923 4373 1070 4426 brevi
1119 4382 1362 4440 tempore
1397 4387 1591 4440 magno
1626 4373 1676 4423 in
1720 4371 1894 4437 pretio
1925 4371 2064 4436 apud

497 4464 735 4532 plebeios
777 4473 829 4517 et
875 4463 1135 4529 primores
1183 4465 1417 4517 ciVitatis
1457 4482 1468 4515 :
1522 4465 1702 4518 rhetor
1756 4463 1894 4516 inter
1948 4466 2066 4516 rhe-

2175 622 2375 683 plinam
2416 640 2534 678 cum
2569 627 2834 682 rhetorica
2871 629 3334 702 Constantinopoli
3372 638 3597 707 jungere
3623 658 3732 697 coe-

2167 727 2330 778 pisse.

2245 808 2301 860 Si
2347 809 2590 880 genuinm
2629 825 2754 866 sunt
2787 814 2995 882 scriptae
3027 817 3274 872 Basiliutn
3310 817 3450 872 inter
3477 829 3529 872 et
3575 820 3732 877 Liba-

2175 899 2319 951 nium
2356 902 2568 962 litterae,
2597 905 2815 960 dubium
2850 923 2955 960 non
2987 920 3069 962 est
3101 916 3225 979 quin
3263 913 3407 968 hunc
3438 912 3730 980 sophistam

2179 989 2408 1046 Basilius
2435 995 2893 1067 Constantinopoli
2923 1001 3216 1055 studiorum
3247 1003 3451 1058 socium
3485 1004 3731 1057 habuerit

2172 1091 2266 1134 aut
2311 1087 2644 1153 magistrum.
2672 1086 3069 1143 Commemorat
3114 1091 3368 1148 Libanius
3418 1094 3492 1163 (b)
3546 1094 3731 1147 amici-

2169 1173 2298 1225 tiam
2335 1191 2757 1246 communesque
2786 1183 3020 1244 scholas,
3051 1181 3256 1252 sibique
3281 1186 3355 1238 ait
3383 1187 3451 1256 (ε)
3479 1186 3730 1241 Basiliam

2167 1263 2567 1322 adolescentem
2601 1270 2938 1326 admirationi
2979 1271 3171 1337 fuisse;
3215 1283 3324 1327 tum
3357 1278 3496 1344 quod
3530 1286 3732 1346 tempe-

2169 1356 2344 1406 rantia
2397 1376 2515 1412 cum
2551 1363 2766 1415 senibus
2802 1375 3062 1427 certaret,
3110 1365 3268 1433 idque
3310 1366 3361 1418 in
3399 1369 3530 1421 urbe
3579 1368 3732 1420 volu-

2172 1447 2414 1514 ptatibus
2449 1450 2737 1516 dimuente,
2773 1461 2880 1504 tum
2934 1456 3075 1525 quod
3126 1472 3371 1524 magnam
3424 1459 3733 1526 disciplina-

2169 1552 2284 1588 rum
2334 1551 2541 1604 partem
2588 1541 2700 1608 jam
2755 1552 2862 1596 tum
2897 1554 3041 1600 esset
3082 1556 3425 1600 consecutus.
3461 1545 3563 1601 Sed
3609 1565 3730 1604 cum

2170 1627 2445 1696 Libanius,
2473 1635 2562 1700 qui
2593 1649 2734 1689 anno
2765 1634 2869 1689 314
2901 1647 3056 1692 natus
3085 1648 3185 1703 est,
3216 1648 3424 1691 mature
3469 1639 3607 1692 inter
3644 1657 3730 1695 so-

2166 1719 2370 1785 phistas
2417 1738 2609 1778 nomen
2644 1726 2911 1787 habuerit,
2959 1744 3060 1781 non
3095 1731 3305 1783 videtur
3336 1728 3518 1784 Basilii
3564 1732 3730 1786 multo

2164 1809 2396 1878 junioris
2438 1811 2601 1868 fuisse
2652 1815 3068 1886 condiscipulus.
3117 1820 3474 1885 Quamobrem
3507 1823 3549 1876 si
3584 1832 3730 1876 tanta

2165 1903 2268 1954 fuit
2318 1904 2458 1957 inter
2521 1914 2806 1975 utrumque
2865 1910 3234 1978 necessitudo,
3278 1924 3476 1982 quanta
3527 1929 3591 1968 ex
3649 1916 3733 1970 his

2165 1995 2408 2061 epistolis
2456 1998 2800 2067 perspicitur,
2855 2015 3076 2054 necesse
3123 2014 3204 2056 est
3239 2016 3297 2059 ut
3331 2022 3452 2060 eum
3502 2005 3733 2060 Basilius

2166 2090 2394 2143 audierit
2432 2091 2914 2161 Constantinopoli.
2957 2093 3062 2148 Sed
3101 2110 3220 2150 cmn
3263 2101 3342 2152 ha:
3389 2101 3578 2155 littera:
3623 2115 3734 2154 non

2167 2177 2396 2244 levibus,
2439 2190 2498 2232 ut
2535 2179 2673 2235 infra
2707 2181 2993 2248 videbitur,
3023 2186 3422 2252 sUSpicionihus
3469 2191 3737 2256 laborent,

2166 2286 2270 2323 non
2323 2271 2550 2324 libenter
2604 2274 2921 2329 crediderim
2970 2275 3225 2345 quidquid
3285 2277 3495 2331 illarum
3545 2281 3740 2335 nititur

2165 2365 2508 2424 auctoritate,
2558 2367 2654 2416 nisi
2695 2367 2815 2422 aliis
2867 2371 3186 2424 testimoniis
3229 2369 3599 2426 conﬁrmetur.
3635 2372 3738 2427 So-

2164 2465 2343 2507 crates
2393 2455 2608 2522 quidem
2648 2456 2725 2526 (ά)
2761 2467 2814 2510 et
2848 2459 3180 2515 Sozomenus
3223 2461 3290 2533 (ε)
3329 2471 3550 2516 narrant
3582 2461 3737 2517 Basi-

2167 2546 2292 2597 lium
2322 2560 2424 2598 una
2455 2560 2577 2599 cum
2615 2545 2879 2618 Gregorio
2918 2564 3138 2620 Operam
3181 2553 3479 2609 Antiochiae
3510 2553 3736 2608 Libanio

2167 2640 2401 2694 dedisse.
2425 2640 2495 2694 At
2518 2655 2704 2695 eorum
2741 2643 3058 2698 manifestus
3083 2653 3164 2697 est
3194 2659 3370 2709 error,
3399 2661 3519 2700 eum
3547 2657 3736 2702 neuter

2167 2733 2508 2786 Antiochiam
2555 2734 2859 2788 studiorum
2895 2750 3057 2788 causa
3096 2734 3286 2800 iverit,
3341 2751 3440 2789 nec
3489 2737 3739 2791 dubitant

2168 2827 2366 2881 eruditi
2408 2827 2534 2892 viri,
2575 2829 2703 2897 quin
2740 2829 2838 2882 hos
2880 2826 3172 2894 scriptores
3210 2828 3443 2882 nominis
3486 2829 3742 2883 similitu-

2168 2917 2293 2970 dine
2341 2919 2610 2986 deceperit
2650 2918 2876 2972 Basilius
2911 2921 3080 2974 sancti
3125 2919 3345 2974 Joannis
3365 2920 3736 2992 Chrysostomi

2169 3009 2398 3073 amicus,
2445 3023 2604 3077 quem
2663 3010 2786 3063 dum
2839 3010 3174 3066 confundunt
3215 3029 3333 3067 cum
3384 3013 3734 3079 Caesariensi,

2167 3099 2484 3168 Gregorium
2520 3100 2568 3153 ei
2601 3100 2984 3169 adjunxerunt.
3037 3102 3148 3155 Non
3189 3105 3341 3157 video
3386 3121 3516 3172 ergo
3545 3105 3738 3173 quibus

2093 3213 2136 3271 ρ
2172 3190 2534 3245 monumentis
2571 3193 2735 3245 statui
2775 3193 2943 3260 possit
2978 3193 3230 3246 Basilium
3271 3195 3736 3263 Constantinopoli

2172 3297 2389 3351 operam
2421 3283 2632 3337 dedisse
2661 3282 2904 3337 Libanio.
2950 3282 3027 3337 Ne
3061 3285 3232 3353 ipsum
3269 3287 3481 3354 quidem
3531 3295 3739 3356 tempus

2172 3376 2450 3443 aptissime
2497 3377 2820 3444 quadraret,
2851 3378 2892 3430 si
2928 3375 3208 3441 Libanius,
3243 3386 3300 3430 ut
3333 3379 3543 3432 videtur
3575 3379 3739 3434 Tille-

2170 3468 2394 3529 mentio,
2441 3468 2507 3519 ab
2542 3483 2684 3520 anno
2723 3469 2828 3521 546
2864 3485 3033 3538 usque
3079 3471 3142 3521 ad
3185 3470 3282 3524 551
3337 3471 3603 3526 docuisset
3641 3470 3738 3524 Ni-

2169 3559 2443 3611 comedia‘.
2498 3559 2626 3609 Nam
2680 3563 2816 3610 intra
2870 3561 2970 3614 hoc
3023 3572 3230 3630 tempus
3277 3562 3524 3616 videntur
3569 3563 3736 3618 collo-

2170 3650 2341 3702 canda
2376 3646 2558 3700 Basilii
2591 3648 2761 3700 studia
2807 3650 3418 3718 Constantinopolitana.
3465 3653 3568 3705 Sed
3614 3668 3736 3707 cum

2175 3740 2430 3794 Libanius
2468 3739 2931 3807 Constantinopoli
2977 3740 3161 3807 pulsus
3207 3741 3365 3794 fuerit
3406 3758 3432 3794 a
3470 3742 3732 3805 Limenio,

2171 3831 2258 3897 qui
2310 3829 2595 3896 prtei‘cctus
2647 3830 2765 3881 urbi
2822 3828 2919 3882 luit
2967 3844 2994 3880 a
3039 3830 3210 3898 pridie
3255 3831 3378 3886 ldus
3422 3830 3590 3886 Julias
3634 3831 3738 3886 δη

2177 3933 2348 3984 usque
2380 3916 2444 3968 ad
2479 3933 2528 3968 VI
2557 3916 2725 3982 April.
2752 3915 2877 3981 349,
2915 3915 3027 3970 lieri
3083 3918 3252 3982 potuit
3285 3927 3362 3982 ut,
3395 3933 3458 3971 eo
3488 3920 3735 3984 docente,

2170 4007 2403 4060 Basilius
2457 4005 2978 4074 Constantinopolim
3029 4023 3170 4060 anno
3203 4009 3307 4062 516
3360 4024 3451 4061 ant
3495 4009 3599 4063 547
3644 4024 3740 4062 ve-

2172 4098 2343 4158 niret,
2384 4111 2636 4164 eumque,
2685 4104 2734 4146 ut
2785 4097 2924 4149 inter
2977 4099 3246 4165 scphistas
3289 4102 3738 4164 celeberrimum,

2168 4190 2396 4242 audiret.

2240 4281 2373 4335 Cum
2411 4280 2558 4334 brevi
2589 4289 2823 4349 tempore
2855 4277 3082 4332 Basilius
3112 4280 3163 4332 in
3190 4281 3290 4334 hac
3317 4282 3446 4334 urbe
3478 4283 3738 4336 maximas

2173 4375 2352 4428 laudes
2412 4376 2463 4426 in
2540 4373 2821 4426 rhetorica?
2889 4389 2951 4427 ac
3016 4373 3364 4441 philosophia:
3441 4373 3739 4441 disciplinis

2178 4467 2401 4532 adeptus
2431 4475 2576 4518 esset
2609 4463 2696 4533 (ί),
2739 4463 2951 4516 tandem
2990 4465 3226 4518 Athenas
3260 4465 3445 4532 petiit,
3491 4479 3608 4529 qure
3641 4465 3737 4518 do-

498 4566 642 4609 lores
665 4556 826 4610 etiam
853 4567 976 4608 ante
1001 4555 1327 4608 rhetoricam
1361 4555 1678 4616 exhedram,
1713 4553 2061 4623 phil050phns
2097 4555 2139 4608 Ι)
2179 4559 2433 4612 micilium
2474 4569 2526 4609 et
2564 4558 2716 4610 sedes
2745 4559 3047 4610 litterarum
3083 4556 3434 4611 habebantur.
3470 4557 3614 4611 Illius
3646 4560 3740 4610 ad-

496 4647 637 4699 inter
671 4646 1013 4715 philosophos
1055 4646 1214 4700 etiam
1251 4654 1376 4700 ante
1420 4645 1774 4712 philosophia:
1823 4646 2062 4707 decreta,

498 4749 547 4792 et
579 4738 718 4806 quod
760 4740 1053 4791 maximum
1103 4747 1217 4802 est,
1268 4737 1591 4791 Christianis
1644 4736 1896 4790 sacerdos
1943 4744 2069 4789 ante

499 4830 881 4885 sacerdotium.
911 4831 1060 4883 Adeo
1106 4845 1293 4885 omnes
1327 4829 1474 4882 illum
1524 4831 1883 4882 mirabantur.
1928 4826 2072 4880 Prae-

498 4923 716 4988 cipuum
750 4921 890 4974 illius
918 4921 1156 4975 studium
1196 4937 1299 4975 non
1335 4932 1488 4974 erant
1517 4921 1722 4982 litterae,
1763 4922 1854 4974 sed
1887 4921 2064 4988 philo-

499 5014 683 5080 sophia
708 5012 1034 5074 Christiana,
1069 5014 1133 5063 ad
1172 5029 1330 5080 quam
1370 5011 1575 5072 litteras
1611 5011 1900 5065 referebat.

569 5103 697 5155 .nde
734 5104 1252 5170 Constantinopolim
1286 5104 1533 5164 mittitur,
1562 5119 1680 5171 quze
1712 5104 1902 5155 civitas
1938 5105 2066 5156 rhe-

502 5195 706 5246 toribus
736 5210 799 5247 ac
846 5194 1173 5262 philosophis
1204 5195 1658 5261 prwstantissitnis
1706 5193 1950 5256 ﬂorebat,
1986 5195 2067 5246 in-

501 5287 611 5349 quit
647 5283 976 5352 Gregorius:
1010 5285 1161 5350 cujus
1198 5301 1261 5337 ex
1307 5286 1615 5338 testimonio
1647 5295 1696 5336 et
1727 5300 1791 5335 ex
1824 5285 2062 5350 superio-

505 5379 646 5428 ribus
698 5392 767 5428 vo
795 5376 909 5441 bi..,
959 5377 1290 5444 philosOphus
1347 5378 1505 5427 etiam
1553 5387 1669 5428 ante
1721 5374 2063 5440 philosophia;

501 5468 731 5529 decreta,
781 5469 1134 5535 perspicimus
1175 5468 1423 5520 Basiliqu
1464 5469 1514 5521 in
1563 5468 1695 5522 urbe
1748 5467 2061 5521 Ctesariensi

572 5649 647 5712 ((ι)
687 5645 780 5699 Or.
807 5648 898 5700 ‘20.

573 5720 644 5782 (ὑ)
689 5717 853 5782 Epist.
879 5719 981 5769 313$
1008 5729 1057 5772 et
1089 5720 1208 5773 558.

575 5787 643 5853 (ε)
688 5787 782 5856 Ep.
812 5789 932 5841 55o.

2179 4657 2390 4701 ventum
2430 4649 2567 4699 fama
2626 4648 2928 4713 nuntiavit,
2975 4661 3344 4713 summamque
3378 4648 3738 4715 exspectatio-

2177 4756 2298 4793 nem
2333 4739 2584 4792 omnibus
2630 4739 2815 4803 movit,
2863 4740 3128 4807 praecipue
3177 4753 3304 4791 vero
3335 4738 3594 4808 Gregorio
3636 4737 3739 4791 Na-

2175 4831 2452 4894 zianzcno,
2489 4829 2575 4895 qui
2613 4829 2766 4896 paulo
2809 4840 2931 4882 ante
2984 4829 3032 4879 in
3066 4829 3206 4880 hanc
3243 4829 3427 4881 urbem
3462 4843 3581 4882 sese
3609 4843 3739 4880 con-

2179 4922 2394 4983 tulerat,
2427 4935 2489 4972 ac
2522 4919 2775 4971 Basilium
2815 4920 3074 4972 Caesareae
3103 4928 3448 4982 cognoverat.
3484 4916 3595 4970 Mos
3623 4927 3741 4969 erat

2175 5012 2416 5071 Athenis,
2465 5019 2522 5062 ut
2573 5010 2967 5070 adolescentes,
2997 5009 3122 5061 dum
3158 5009 3353 5061 schola:
3399 5021 3510 5060 suae
3551 5022 3742 5059 nume-

2183 5119 2297 5154 rum
2332 5115 2529 5168 augere
2559 5110 2615 5152 et
2655 5102 2734 5152 sui
2780 5100 3003 5167 quisque
3037 5099 3292 5166 sophista:
3324 5114 3429 5151 aera
3481 5097 3740 5166 ampliare

2179 5192 2424 5260 cupiunt,
2475 5199 2921 5259 praeoccuparem
2961 5191 3140 5254 urbes,
3190 5192 3323 5254 vias,
3357 5191 3615 5242 montium
3647 5203 3736 5241 ca-

2179 5284 2414 5343 Cumina,
2445 5298 2686 5350 campos,
2718 5281 3048 5343 solitudines,
3081 5297 3265 5334 omnes
3292 5282 3521 5349 denique
3549 5282 3737 5334 Atticae

2180 5391 2239 5425 ac
2275 5374 2491 5440 reliquae
2535 5374 2758 5427 Graeciae
2803 5383 3005 5438 partes,
3048 5382 3210 5438 atque
3253 5373 3394 5439 ipsos
3438 5373 3598 5424 etiam
3650 5372 3733 5422 ιιι-

2185 5464 2352 5529 colas,
2378 5481 2604 5532 quorum
2636 5466 2922 5518 maximam
2953 5476 3157 5533 partem
3185 5466 3234 5518 in
3275 5481 3366 5518 sua
3397 5465 3570 5519 studia
3597 5463 3737 5521 sein-

2256 5648 2331 5712 (α)
2375 5647 2488 5699 Lib.
2520 5663 2590 5710 tv,
2623 5664 2668 5700 c.
2694 5647 2778 5698 26.

2258 5719 2325 5784 (ιιι
2366 5718 2578 5775 l.ih.vt,
2613 5718 2772 5767 v.17.

2259 5796 2323 5849 tj't
2371 5787 2494 5840 Nttz,
2525 5799 2658 5838 ot‘al.
2688 5788 2771 5842 20.
