  <div class='ocr_page' id='page_1' title='image "/cluster/home/n/w/nwhite01/storage/ocr_20150623/29/ien.35556001660547/023.png"; bbox 0 0 4006 6434; ppageno 0'>
   <div class='ocr_carea' id='block_1_1' title="bbox 1585 385 3469 444">
    <p class='ocr_par' dir='ltr' id='par_1_1' title="bbox 1585 385 3469 444">
     <span class='ocr_line' id='line_1_1' title="bbox 1585 385 3469 444; baseline -0.008 -2"><span class='ocrx_word' id='word_1_1' title='bbox 1585 389 1740 444; x_wconf 79' lang='lat' dir='ltr'><strong>VLTA</strong></span> <span class='ocrx_word' id='word_1_2' title='bbox 1785 388 1840 442; x_wconf 89' lang='lat' dir='ltr'><strong>S.</strong></span> <span class='ocrx_word' id='word_1_3' title='bbox 1883 385 2150 442; x_wconf 69' lang='lat' dir='ltr'><strong>BASILII.</strong></span> <span class='ocrx_word' id='word_1_4' title='bbox 3422 391 3469 428; x_wconf 66' lang='grc' dir='ltr'>χι</span> 
     </span>
    </p>
   </div>
   <div class='ocr_carea' id='block_1_2' title="bbox 237 498 3472 577">
    <p class='ocr_par' dir='ltr' id='par_1_2' title="bbox 237 498 3472 577">
     <span class='ocr_line' id='line_1_2' title="bbox 237 498 3472 577; baseline -0.006 -13"><span class='ocrx_word' id='word_1_5' title='bbox 237 509 461 564; x_wconf 86' lang='lat' dir='ltr'><strong>debant.</strong></span> <span class='ocrx_word' id='word_1_6' title='bbox 513 507 580 562; x_wconf 85' lang='lat' dir='ltr'><strong>Ut</strong></span> <span class='ocrx_word' id='word_1_7' title='bbox 632 508 861 577; x_wconf 86' lang='lat' dir='ltr'><strong>quisque</strong></span> <span class='ocrx_word' id='word_1_8' title='bbox 890 516 1088 576; x_wconf 82' lang='lat' dir='ltr'><strong>_auletn</strong></span> <span class='ocrx_word' id='word_1_9' title='bbox 1131 505 1388 573; x_wconf 77' lang='lat' dir='ltr'><strong>juventnn</strong></span> <span class='ocrx_word' id='word_1_10' title='bbox 1438 505 1674 559; x_wconf 87' lang='lat' dir='ltr'><strong>Athenas</strong></span> <span class='ocrx_word' id='word_1_11' title='bbox 1720 518 1812 557; x_wconf 88' lang='lat' dir='ltr'><strong>ve—</strong></span> <span class='ocrx_word' id='word_1_12' title='bbox 1842 507 1884 562; x_wconf 74' lang='grc' dir='ltr'><strong>Δ</strong></span> <span class='ocrx_word' id='word_1_13' title='bbox 1917 515 1968 557; x_wconf 92' lang='lat' dir='ltr'><strong>et</strong></span> <span class='ocrx_word' id='word_1_14' title='bbox 2003 501 2237 557; x_wconf 90' lang='lat' dir='ltr'><strong>studium</strong></span> <span class='ocrx_word' id='word_1_15' title='bbox 2278 499 2450 551; x_wconf 83' lang='lat' dir='ltr'><strong>virtus</strong></span> <span class='ocrx_word' id='word_1_16' title='bbox 2486 507 2603 550; x_wconf 90' lang='lat' dir='ltr'><strong>erat</strong></span> <span class='ocrx_word' id='word_1_17' title='bbox 2636 517 2645 549; x_wconf 94' lang='lat'>:</span> <span class='ocrx_word' id='word_1_18' title='bbox 2688 508 2912 564; x_wconf 83' lang='lat' dir='ltr'><strong>uterque</strong></span> <span class='ocrx_word' id='word_1_19' title='bbox 2946 498 3096 550; x_wconf 84' lang='lat' dir='ltr'><strong>alteri</strong></span> <span class='ocrx_word' id='word_1_20' title='bbox 3133 511 3314 548; x_wconf 81' lang='lat' dir='ltr'><strong>norma</strong></span> <span class='ocrx_word' id='word_1_21' title='bbox 3359 508 3472 548; x_wconf 81' lang='lat' dir='ltr'><strong>erat</strong></span> 
     </span>
    </p>
   </div>
   <div class='ocr_carea' id='block_1_3' title="bbox 231 595 1802 663">
    <p class='ocr_par' dir='ltr' id='par_1_3' title="bbox 231 595 1802 663">
     <span class='ocr_line' id='line_1_3' title="bbox 231 595 1802 663; baseline -0.003 -9"><span class='ocrx_word' id='word_1_22' title='bbox 231 603 438 663; x_wconf 89' lang='lat' dir='ltr'><strong>niehat,</strong></span> <span class='ocrx_word' id='word_1_23' title='bbox 466 600 649 654; x_wconf 90' lang='lat' dir='ltr'><strong>statim</strong></span> <span class='ocrx_word' id='word_1_24' title='bbox 686 614 808 653; x_wconf 91' lang='lat' dir='ltr'><strong>eum</strong></span> <span class='ocrx_word' id='word_1_25' title='bbox 842 598 926 651; x_wconf 92' lang='lat' dir='ltr'><strong>vel</strong></span> <span class='ocrx_word' id='word_1_26' title='bbox 976 599 1023 651; x_wconf 98' lang='lat' dir='ltr'><strong>vi</strong></span> <span class='ocrx_word' id='word_1_27' title='bbox 1068 596 1151 650; x_wconf 88' lang='lat' dir='ltr'><strong>vel</strong></span> <span class='ocrx_word' id='word_1_28' title='bbox 1196 606 1387 660; x_wconf 89' lang='lat' dir='ltr'><strong>sponte</strong></span> <span class='ocrx_word' id='word_1_29' title='bbox 1421 611 1572 650; x_wconf 90' lang='lat' dir='ltr'><strong>suum</strong></span> <span class='ocrx_word' id='word_1_30' title='bbox 1625 595 1802 649; x_wconf 82' lang='lat' dir='ltr'><strong>facere</strong></span> 
     </span>
    </p>
   </div>
   <div class='ocr_carea' id='block_1_4' title="bbox 231 687 1800 758">
    <p class='ocr_par' dir='ltr' id='par_1_4' title="bbox 231 687 1800 758">
     <span class='ocr_line' id='line_1_4' title="bbox 231 687 1800 758; baseline -0.003 -12"><span class='ocrx_word' id='word_1_31' title='bbox 231 693 591 746; x_wconf 72' lang='lat' dir='ltr'><strong>conabantur.</strong></span> <span class='ocrx_word' id='word_1_32' title='bbox 627 689 675 744; x_wconf 90' lang='lat' dir='ltr'><strong>Is</strong></span> <span class='ocrx_word' id='word_1_33' title='bbox 721 692 952 758; x_wconf 89' lang='lat' dir='ltr'><strong>primum</strong></span> <span class='ocrx_word' id='word_1_34' title='bbox 1003 688 1143 758; x_wconf 90' lang='lat' dir='ltr'><strong>apud</strong></span> <span class='ocrx_word' id='word_1_35' title='bbox 1189 703 1374 741; x_wconf 89' lang='lat' dir='ltr'><strong>eorum</strong></span> <span class='ocrx_word' id='word_1_36' title='bbox 1425 687 1678 755; x_wconf 84' lang='lat' dir='ltr'><strong>aliquem,</strong></span> <span class='ocrx_word' id='word_1_37' title='bbox 1711 687 1800 755; x_wconf 88' lang='lat' dir='ltr'><strong>qui</strong></span> 
     </span>
    </p>
   </div>
   <div class='ocr_carea' id='block_1_5' title="bbox 233 778 1800 849">
    <p class='ocr_par' dir='ltr' id='par_1_5' title="bbox 233 778 1800 849">
     <span class='ocr_line' id='line_1_5' title="bbox 233 778 1800 849; baseline -0.001 -15"><span class='ocrx_word' id='word_1_38' title='bbox 233 785 441 849; x_wconf 83' lang='lat' dir='ltr'><strong>priores</strong></span> <span class='ocrx_word' id='word_1_39' title='bbox 484 797 608 837; x_wconf 88' lang='lat' dir='ltr'><strong>eum</strong></span> <span class='ocrx_word' id='word_1_40' title='bbox 661 789 949 848; x_wconf 90' lang='lat' dir='ltr'><strong>ceperant,</strong></span> <span class='ocrx_word' id='word_1_41' title='bbox 996 780 1228 848; x_wconf 90' lang='lat' dir='ltr'><strong>hospitio</strong></span> <span class='ocrx_word' id='word_1_42' title='bbox 1266 779 1656 846; x_wconf 78' lang='lat' dir='ltr'><strong>excipiebatur,</strong></span> <span class='ocrx_word' id='word_1_43' title='bbox 1689 778 1800 832; x_wconf 87' lang='lat' dir='ltr'><strong>sive</strong></span> 
     </span>
    </p>
   </div>
   <div class='ocr_carea' id='block_1_6' title="bbox 231 869 1798 940">
    <p class='ocr_par' dir='ltr' id='par_1_6' title="bbox 231 869 1798 940">
     <span class='ocr_line' id='line_1_6' title="bbox 231 869 1798 940; baseline -0.003 -14"><span class='ocrx_word' id='word_1_44' title='bbox 231 875 440 926; x_wconf 85' lang='lat' dir='ltr'><strong>amicus</strong></span> <span class='ocrx_word' id='word_1_45' title='bbox 487 881 655 933; x_wconf 88' lang='lat' dir='ltr'><strong>esset,</strong></span> <span class='ocrx_word' id='word_1_46' title='bbox 701 873 813 926; x_wconf 92' lang='lat' dir='ltr'><strong>sive</strong></span> <span class='ocrx_word' id='word_1_47' title='bbox 847 871 1198 940; x_wconf 90' lang='lat' dir='ltr'><strong>propinquus,</strong></span> <span class='ocrx_word' id='word_1_48' title='bbox 1245 870 1358 924; x_wconf 86' lang='lat' dir='ltr'><strong>sive</strong></span> <span class='ocrx_word' id='word_1_49' title='bbox 1389 870 1541 935; x_wconf 87' lang='lat' dir='ltr'><strong>civis,</strong></span> <span class='ocrx_word' id='word_1_50' title='bbox 1588 869 1703 923; x_wconf 89' lang='lat' dir='ltr'><strong>sive</strong></span> <span class='ocrx_word' id='word_1_51' title='bbox 1731 884 1798 924; x_wconf 78' lang='lat' dir='ltr'><strong>ex</strong></span> 
     </span>
    </p>
   </div>
   <div class='ocr_carea' id='block_1_7' title="bbox 231 960 1801 1030">
    <p class='ocr_par' dir='ltr' id='par_1_7' title="bbox 231 960 1801 1030">
     <span class='ocr_line' id='line_1_7' title="bbox 231 960 1801 1030; baseline -0.003 -12"><span class='ocrx_word' id='word_1_52' title='bbox 231 980 420 1018; x_wconf 90' lang='lat' dir='ltr'><strong>eorum</strong></span> <span class='ocrx_word' id='word_1_53' title='bbox 466 978 714 1026; x_wconf 87' lang='lat' dir='ltr'><strong>numero,</strong></span> <span class='ocrx_word' id='word_1_54' title='bbox 753 964 844 1030; x_wconf 88' lang='lat' dir='ltr'><strong>qui</strong></span> <span class='ocrx_word' id='word_1_55' title='bbox 892 961 1152 1015; x_wconf 85' lang='lat' dir='ltr'><strong>mercedis</strong></span> <span class='ocrx_word' id='word_1_56' title='bbox 1202 961 1318 1015; x_wconf 91' lang='lat' dir='ltr'><strong>loco</strong></span> <span class='ocrx_word' id='word_1_57' title='bbox 1363 960 1620 1027; x_wconf 92' lang='lat' dir='ltr'><strong>sophistis</strong></span> <span class='ocrx_word' id='word_1_58' title='bbox 1663 961 1801 1013; x_wconf 90' lang='lat' dir='ltr'><strong>hanc</strong></span> 
     </span>
    </p>
   </div>
   <div class='ocr_carea' id='block_1_8' title="bbox 232 1051 1801 1124">
    <p class='ocr_par' dir='ltr' id='par_1_8' title="bbox 232 1051 1801 1124">
     <span class='ocr_line' id='line_1_8' title="bbox 232 1051 1801 1124; baseline -0.001 -17"><span class='ocrx_word' id='word_1_59' title='bbox 232 1054 463 1124; x_wconf 81' lang='lat' dir='ltr'><strong>augendi</strong></span> <span class='ocrx_word' id='word_1_60' title='bbox 511 1069 700 1109; x_wconf 92' lang='lat' dir='ltr'><strong>eorum</strong></span> <span class='ocrx_word' id='word_1_61' title='bbox 752 1054 886 1107; x_wconf 94' lang='lat' dir='ltr'><strong>lucri</strong></span> <span class='ocrx_word' id='word_1_62' title='bbox 922 1068 1107 1106; x_wconf 90' lang='lat' dir='ltr'><strong>curam</strong></span> <span class='ocrx_word' id='word_1_63' title='bbox 1155 1052 1550 1121; x_wconf 88' lang='lat' dir='ltr'><strong>persolvebaut.</strong></span> <span class='ocrx_word' id='word_1_64' title='bbox 1600 1051 1801 1106; x_wconf 86' lang='lat' dir='ltr'><strong>Deinde</strong></span> 
     </span>
    </p>
   </div>
   <div class='ocr_carea' id='block_1_9' title="bbox 236 1141 1802 1214">
    <p class='ocr_par' dir='ltr' id='par_1_9' title="bbox 236 1141 1802 1214">
     <span class='ocr_line' id='line_1_9' title="bbox 236 1141 1802 1214; baseline -0.003 -14"><span class='ocrx_word' id='word_1_65' title='bbox 236 1145 501 1200; x_wconf 89' lang='lat' dir='ltr'><strong>conviciis</strong></span> <span class='ocrx_word' id='word_1_66' title='bbox 528 1161 555 1198; x_wconf 89' lang='lat' dir='ltr'><strong>a</strong></span> <span class='ocrx_word' id='word_1_67' title='bbox 592 1145 830 1214; x_wconf 89' lang='lat' dir='ltr'><strong>quolibet</strong></span> <span class='ocrx_word' id='word_1_68' title='bbox 874 1144 1262 1210; x_wconf 78' lang='lat' dir='ltr'><strong>lacessebatur,</strong></span> <span class='ocrx_word' id='word_1_69' title='bbox 1292 1152 1340 1196; x_wconf 92' lang='lat' dir='ltr'><strong>et</strong></span> <span class='ocrx_word' id='word_1_70' title='bbox 1378 1158 1471 1211; x_wconf 91' lang='lat' dir='ltr'><strong>per</strong></span> <span class='ocrx_word' id='word_1_71' title='bbox 1518 1141 1690 1197; x_wconf 89' lang='lat' dir='ltr'><strong>forum</strong></span> <span class='ocrx_word' id='word_1_72' title='bbox 1734 1143 1802 1196; x_wconf 90' lang='lat' dir='ltr'><strong>ad</strong></span> 
     </span>
    </p>
   </div>
   <div class='ocr_carea' id='block_1_10' title="bbox 237 1231 1799 1302">
    <p class='ocr_par' dir='ltr' id='par_1_10' title="bbox 237 1231 1799 1302">
     <span class='ocr_line' id='line_1_10' title="bbox 237 1231 1799 1302; baseline -0.003 -14"><span class='ocrx_word' id='word_1_73' title='bbox 237 1235 488 1289; x_wconf 75' lang='lat' dir='ltr'><strong>balneum</strong></span> <span class='ocrx_word' id='word_1_74' title='bbox 540 1250 662 1289; x_wconf 93' lang='lat' dir='ltr'><strong>cum</strong></span> <span class='ocrx_word' id='word_1_75' title='bbox 727 1247 914 1302; x_wconf 88' lang='lat' dir='ltr'><strong>pompa</strong></span> <span class='ocrx_word' id='word_1_76' title='bbox 980 1232 1365 1287; x_wconf 86' lang='lat' dir='ltr'><strong>deducebatur.</strong></span> <span class='ocrx_word' id='word_1_77' title='bbox 1420 1231 1613 1302; x_wconf 69' lang='lat' dir='ltr'><strong>IEquis</strong></span> <span class='ocrx_word' id='word_1_78' title='bbox 1659 1233 1799 1286; x_wconf 90' lang='lat' dir='ltr'><strong>enim</strong></span> 
     </span>
    </p>
   </div>
   <div class='ocr_carea' id='block_1_11' title="bbox 237 1323 1797 1393">
    <p class='ocr_par' dir='ltr' id='par_1_11' title="bbox 237 1323 1797 1393">
     <span class='ocr_line' id='line_1_11' title="bbox 237 1323 1797 1393; baseline -0.001 -16"><span class='ocrx_word' id='word_1_79' title='bbox 237 1328 425 1393; x_wconf 80' lang='lat' dir='ltr'><strong>spatiis</strong></span> <span class='ocrx_word' id='word_1_80' title='bbox 459 1327 602 1381; x_wconf 90' lang='lat' dir='ltr'><strong>inter</strong></span> <span class='ocrx_word' id='word_1_81' title='bbox 642 1340 702 1379; x_wconf 86' lang='lat' dir='ltr'><strong>se</strong></span> <span class='ocrx_word' id='word_1_82' title='bbox 744 1323 1016 1388; x_wconf 83' lang='lat' dir='ltr'><strong>distincti,</strong></span> <span class='ocrx_word' id='word_1_83' title='bbox 1065 1324 1175 1378; x_wconf 91' lang='lat' dir='ltr'><strong>bini</strong></span> <span class='ocrx_word' id='word_1_84' title='bbox 1217 1338 1337 1377; x_wconf 89' lang='lat' dir='ltr'><strong>eum</strong></span> <span class='ocrx_word' id='word_1_85' title='bbox 1391 1323 1797 1378; x_wconf 86' lang='lat' dir='ltr'><strong>antecedebant.</strong></span> 
     </span>
    </p>
   </div>
   <div class='ocr_carea' id='block_1_12' title="bbox 237 1415 1803 1486">
    <p class='ocr_par' dir='ltr' id='par_1_12' title="bbox 237 1415 1803 1486">
     <span class='ocr_line' id='line_1_12' title="bbox 237 1415 1803 1486; baseline -0.001 -18"><span class='ocrx_word' id='word_1_86' title='bbox 237 1415 529 1486; x_wconf 83' lang='lat' dir='ltr'><strong>Postquam</strong></span> <span class='ocrx_word' id='word_1_87' title='bbox 575 1425 755 1470; x_wconf 88' lang='lat' dir='ltr'><strong>autem</strong></span> <span class='ocrx_word' id='word_1_88' title='bbox 801 1416 1020 1484; x_wconf 92' lang='lat' dir='ltr'><strong>propius</strong></span> <span class='ocrx_word' id='word_1_89' title='bbox 1067 1428 1444 1479; x_wconf 83' lang='lat' dir='ltr'><strong>accesserant,</strong></span> <span class='ocrx_word' id='word_1_90' title='bbox 1499 1426 1609 1469; x_wconf 92' lang='lat' dir='ltr'><strong>tum</strong></span> <span class='ocrx_word' id='word_1_91' title='bbox 1673 1429 1803 1468; x_wconf 90' lang='lat' dir='ltr'><strong>vero</strong></span> 
     </span>
    </p>
   </div>
   <div class='ocr_carea' id='block_1_13' title="bbox 237 1509 1804 1578">
    <p class='ocr_par' dir='ltr' id='par_1_13' title="bbox 237 1509 1804 1578">
     <span class='ocr_line' id='line_1_13' title="bbox 237 1509 1804 1578; baseline -0.001 -14"><span class='ocrx_word' id='word_1_92' title='bbox 237 1512 388 1578; x_wconf 86' lang='lat' dir='ltr'><strong>quasi</strong></span> <span class='ocrx_word' id='word_1_93' title='bbox 422 1509 605 1564; x_wconf 87' lang='lat' dir='ltr'><strong>furore</strong></span> <span class='ocrx_word' id='word_1_94' title='bbox 630 1509 862 1577; x_wconf 86' lang='lat' dir='ltr'><strong>correpti</strong></span> <span class='ocrx_word' id='word_1_95' title='bbox 898 1509 1189 1573; x_wconf 86' lang='lat' dir='ltr'><strong>saltabant,</strong></span> <span class='ocrx_word' id='word_1_96' title='bbox 1217 1520 1272 1562; x_wconf 93' lang='lat' dir='ltr'><strong>et</strong></span> <span class='ocrx_word' id='word_1_97' title='bbox 1307 1511 1539 1565; x_wconf 78' lang='lat' dir='ltr'><strong>maxime</strong></span> <span class='ocrx_word' id='word_1_98' title='bbox 1567 1511 1804 1565; x_wconf 89' lang='lat' dir='ltr'><strong>clamore</strong></span> 
     </span>
    </p>
   </div>
   <div class='ocr_carea' id='block_1_14' title="bbox 237 1601 1802 1673">
    <p class='ocr_par' dir='ltr' id='par_1_14' title="bbox 237 1601 1802 1673">
     <span class='ocr_line' id='line_1_14' title="bbox 237 1601 1802 1673; baseline 0 -17"><span class='ocrx_word' id='word_1_99' title='bbox 237 1605 452 1657; x_wconf 80' lang='lat' dir='ltr'><strong>sublato</strong></span> <span class='ocrx_word' id='word_1_100' title='bbox 499 1603 692 1656; x_wconf 81' lang='lat' dir='ltr'><strong>sistere</strong></span> <span class='ocrx_word' id='word_1_101' title='bbox 724 1601 1000 1669; x_wconf 89' lang='lat' dir='ltr'><strong>jubebant,</strong></span> <span class='ocrx_word' id='word_1_102' title='bbox 1042 1617 1140 1657; x_wconf 90' lang='lat' dir='ltr'><strong>nec</strong></span> <span class='ocrx_word' id='word_1_103' title='bbox 1180 1601 1260 1655; x_wconf 85' lang='lat' dir='ltr'><strong>fas</strong></span> <span class='ocrx_word' id='word_1_104' title='bbox 1292 1617 1413 1656; x_wconf 86' lang='lat' dir='ltr'><strong>esse</strong></span> <span class='ocrx_word' id='word_1_105' title='bbox 1447 1604 1648 1673; x_wconf 79' lang='lat' dir='ltr'><strong>ingredi</strong></span> <span class='ocrx_word' id='word_1_106' title='bbox 1677 1621 1690 1656; x_wconf 77' lang='grc' dir='ltr'><strong>ε</strong></span> <span class='ocrx_word' id='word_1_107' title='bbox 1724 1603 1802 1656; x_wconf 79' lang='lat' dir='ltr'><strong>si-</strong></span> 
     </span>
    </p>
   </div>
   <div class='ocr_carea' id='block_1_15' title="bbox 239 1693 1804 1762">
    <p class='ocr_par' dir='ltr' id='par_1_15' title="bbox 239 1693 1804 1762">
     <span class='ocr_line' id='line_1_15' title="bbox 239 1693 1804 1762; baseline -0.001 -15"><span class='ocrx_word' id='word_1_108' title='bbox 239 1694 456 1762; x_wconf 80' lang='lat' dir='ltr'><strong>mulque</strong></span> <span class='ocrx_word' id='word_1_109' title='bbox 490 1693 718 1760; x_wconf 86' lang='lat' dir='ltr'><strong>pulsatis</strong></span> <span class='ocrx_word' id='word_1_110' title='bbox 749 1694 929 1762; x_wconf 89' lang='lat' dir='ltr'><strong>januis</strong></span> <span class='ocrx_word' id='word_1_111' title='bbox 954 1693 1204 1760; x_wconf 90' lang='lat' dir='ltr'><strong>juvenem</strong></span> <span class='ocrx_word' id='word_1_112' title='bbox 1240 1693 1540 1758; x_wconf 87' lang='lat' dir='ltr'><strong>terrebant,</strong></span> <span class='ocrx_word' id='word_1_113' title='bbox 1589 1708 1651 1746; x_wconf 91' lang='lat' dir='ltr'><strong>ac</strong></span> <span class='ocrx_word' id='word_1_114' title='bbox 1687 1701 1804 1745; x_wconf 82' lang='lat' dir='ltr'><strong>tan-</strong></span> 
     </span>
    </p>
   </div>
   <div class='ocr_carea' id='block_1_16' title="bbox 236 1782 1806 1847">
    <p class='ocr_par' dir='ltr' id='par_1_16' title="bbox 236 1782 1806 1847">
     <span class='ocr_line' id='line_1_16' title="bbox 236 1782 1806 1847; baseline -0.001 -9"><span class='ocrx_word' id='word_1_115' title='bbox 236 1788 354 1838; x_wconf 85' lang='lat' dir='ltr'><strong>dem</strong></span> <span class='ocrx_word' id='word_1_116' title='bbox 403 1782 548 1836; x_wconf 88' lang='lat' dir='ltr'><strong>aditu</strong></span> <span class='ocrx_word' id='word_1_117' title='bbox 601 1799 856 1839; x_wconf 82' lang='lat' dir='ltr'><strong>concesso</strong></span> <span class='ocrx_word' id='word_1_118' title='bbox 903 1785 953 1837; x_wconf 89' lang='lat' dir='ltr'><strong>in</strong></span> <span class='ocrx_word' id='word_1_119' title='bbox 1004 1783 1304 1836; x_wconf 89' lang='lat' dir='ltr'><strong>libertatem</strong></span> <span class='ocrx_word' id='word_1_120' title='bbox 1355 1783 1693 1847; x_wconf 86' lang='lat' dir='ltr'><strong>asserebant,</strong></span> <span class='ocrx_word' id='word_1_121' title='bbox 1742 1797 1806 1836; x_wconf 91' lang='lat' dir='ltr'><strong>ac</strong></span> 
     </span>
    </p>
   </div>
   <div class='ocr_carea' id='block_1_17' title="bbox 1907 588 3474 660">
    <p class='ocr_par' dir='ltr' id='par_1_17' title="bbox 1907 588 3474 660">
     <span class='ocr_line' id='line_1_17' title="bbox 1907 588 3474 660; baseline -0.005 -15"><span class='ocrx_word' id='word_1_122' title='bbox 1907 603 1961 646; x_wconf 88' lang='lat' dir='ltr'><strong>et</strong></span> <span class='ocrx_word' id='word_1_123' title='bbox 1997 591 2174 660; x_wconf 86' lang='lat' dir='ltr'><strong>regula</strong></span> <span class='ocrx_word' id='word_1_124' title='bbox 2213 589 2444 648; x_wconf 83' lang='lat' dir='ltr'><strong>vivendi,</strong></span> <span class='ocrx_word' id='word_1_125' title='bbox 2470 597 2523 640; x_wconf 92' lang='lat' dir='ltr'><strong>ct</strong></span> <span class='ocrx_word' id='word_1_126' title='bbox 2559 589 2686 656; x_wconf 92' lang='lat' dir='ltr'><strong>quid</strong></span> <span class='ocrx_word' id='word_1_127' title='bbox 2721 598 2924 641; x_wconf 85' lang='lat' dir='ltr'><strong>rectum</strong></span> <span class='ocrx_word' id='word_1_128' title='bbox 2959 603 3125 641; x_wconf 89' lang='lat' dir='ltr'><strong>necne</strong></span> <span class='ocrx_word' id='word_1_129' title='bbox 3158 588 3230 641; x_wconf 91' lang='lat' dir='ltr'><strong>sit</strong></span> <span class='ocrx_word' id='word_1_130' title='bbox 3274 589 3474 640; x_wconf 77' lang='lat' dir='ltr'><strong>discer-</strong></span> 
     </span>
    </p>
   </div>
   <div class='ocr_carea' id='block_1_18' title="bbox 1912 676 3472 747">
    <p class='ocr_par' dir='ltr' id='par_1_18' title="bbox 1912 676 3472 747">
     <span class='ocr_line' id='line_1_18' title="bbox 1912 676 3472 747; baseline -0.005 -12"><span class='ocrx_word' id='word_1_131' title='bbox 1912 682 2097 736; x_wconf 89' lang='lat' dir='ltr'><strong>nendi.</strong></span> <span class='ocrx_word' id='word_1_132' title='bbox 2123 679 2306 747; x_wconf 83' lang='lat' dir='ltr'><strong>Neque</strong></span> <span class='ocrx_word' id='word_1_133' title='bbox 2335 694 2397 732; x_wconf 81' lang='lat' dir='ltr'><strong>ex</strong></span> <span class='ocrx_word' id='word_1_134' title='bbox 2434 676 2704 732; x_wconf 87' lang='lat' dir='ltr'><strong>sodalibus</strong></span> <span class='ocrx_word' id='word_1_135' title='bbox 2742 678 2792 728; x_wconf 91' lang='lat' dir='ltr'><strong>in</strong></span> <span class='ocrx_word' id='word_1_136' title='bbox 2833 692 2981 729; x_wconf 90' lang='lat' dir='ltr'><strong>suam</strong></span> <span class='ocrx_word' id='word_1_137' title='bbox 3032 677 3472 730; x_wconf 88' lang='lat' dir='ltr'><strong>consuetudinem</strong></span> 
     </span>
    </p>
   </div>
   <div class='ocr_carea' id='block_1_19' title="bbox 1908 767 3474 836">
    <p class='ocr_par' dir='ltr' id='par_1_19' title="bbox 1908 767 3474 836">
     <span class='ocr_line' id='line_1_19' title="bbox 1908 767 3474 836; baseline -0.005 -10"><span class='ocrx_word' id='word_1_138' title='bbox 1908 771 2284 833; x_wconf 89' lang='lat' dir='ltr'><strong>asciscebant,</strong></span> <span class='ocrx_word' id='word_1_139' title='bbox 2335 769 2434 825; x_wconf 89' lang='lat' dir='ltr'><strong>nisi</strong></span> <span class='ocrx_word' id='word_1_140' title='bbox 2480 768 2568 836; x_wconf 88' lang='lat' dir='ltr'><strong>qui</strong></span> <span class='ocrx_word' id='word_1_141' title='bbox 2611 767 2899 822; x_wconf 66' lang='lat' dir='ltr'><strong>castissimi</strong></span> <span class='ocrx_word' id='word_1_142' title='bbox 2942 776 2996 820; x_wconf 92' lang='lat' dir='ltr'><strong>et</strong></span> <span class='ocrx_word' id='word_1_143' title='bbox 3023 767 3350 835; x_wconf 87' lang='lat' dir='ltr'><strong>pacatissimi</strong></span> <span class='ocrx_word' id='word_1_144' title='bbox 3387 782 3474 819; x_wconf 92' lang='lat' dir='ltr'><strong>es-</strong></span> 
     </span>
    </p>
   </div>
   <div class='ocr_carea' id='block_1_20' title="bbox 1908 856 3477 923">
    <p class='ocr_par' dir='ltr' id='par_1_20' title="bbox 1908 856 3477 923">
     <span class='ocr_line' id='line_1_20' title="bbox 1908 856 3477 923; baseline -0.007 -4"><span class='ocrx_word' id='word_1_145' title='bbox 1908 872 2046 919; x_wconf 87' lang='lat' dir='ltr'><strong>sent.</strong></span> <span class='ocrx_word' id='word_1_146' title='bbox 2079 862 2202 916; x_wconf 68' lang='lat' dir='ltr'><strong>Dum</strong></span> <span class='ocrx_word' id='word_1_147' title='bbox 2241 860 2343 914; x_wconf 88' lang='lat' dir='ltr'><strong>illis</strong></span> <span class='ocrx_word' id='word_1_148' title='bbox 2393 869 2532 914; x_wconf 73' lang='lat' dir='ltr'><strong>nota:</strong></span> <span class='ocrx_word' id='word_1_149' title='bbox 2595 867 2747 912; x_wconf 88' lang='lat' dir='ltr'><strong>erant</strong></span> <span class='ocrx_word' id='word_1_150' title='bbox 2788 859 2917 923; x_wconf 75' lang='lat' dir='ltr'><strong>viae,</strong></span> <span class='ocrx_word' id='word_1_151' title='bbox 2967 856 3134 910; x_wconf 90' lang='lat' dir='ltr'><strong>altera</strong></span> <span class='ocrx_word' id='word_1_152' title='bbox 3182 858 3246 908; x_wconf 91' lang='lat' dir='ltr'><strong>ad</strong></span> <span class='ocrx_word' id='word_1_153' title='bbox 3295 871 3477 908; x_wconf 87' lang='lat' dir='ltr'><strong>sacras</strong></span> 
     </span>
    </p>
   </div>
   <div class='ocr_carea' id='block_1_21' title="bbox 1907 947 3471 1014">
    <p class='ocr_par' dir='ltr' id='par_1_21' title="bbox 1907 947 3471 1014">
     <span class='ocr_line' id='line_1_21' title="bbox 1907 947 3471 1014; baseline -0.007 -5"><span class='ocrx_word' id='word_1_154' title='bbox 1907 956 2049 1009; x_wconf 66' lang='lat' dir='ltr'><strong>aades</strong></span> <span class='ocrx_word' id='word_1_155' title='bbox 2102 952 2576 1014; x_wconf 81' lang='lat' dir='ltr'><strong>Christianorum,</strong></span> <span class='ocrx_word' id='word_1_156' title='bbox 2632 949 2798 1002; x_wconf 90' lang='lat' dir='ltr'><strong>altera</strong></span> <span class='ocrx_word' id='word_1_157' title='bbox 2845 950 2911 1001; x_wconf 91' lang='lat' dir='ltr'><strong>ad</strong></span> <span class='ocrx_word' id='word_1_158' title='bbox 2961 949 3174 1004; x_wconf 85' lang='lat' dir='ltr'><strong>scholas</strong></span> <span class='ocrx_word' id='word_1_159' title='bbox 3223 947 3422 1002; x_wconf 87' lang='lat' dir='ltr'><strong>ducens</strong></span> <span class='ocrx_word' id='word_1_160' title='bbox 3461 966 3471 998; x_wconf 93' lang='lat'><strong>:</strong></span> 
     </span>
    </p>
   </div>
   <div class='ocr_carea' id='block_1_22' title="bbox 1908 1039 3474 1115">
    <p class='ocr_par' dir='ltr' id='par_1_22' title="bbox 1908 1039 3474 1115">
     <span class='ocr_line' id='line_1_22' title="bbox 1908 1039 3474 1115; baseline -0.01 -11"><span class='ocrx_word' id='word_1_161' title='bbox 1908 1051 2066 1115; x_wconf 86' lang='lat' dir='ltr'><strong>festa,</strong></span> <span class='ocrx_word' id='word_1_162' title='bbox 2117 1050 2349 1110; x_wconf 88' lang='lat' dir='ltr'><strong>theatra,</strong></span> <span class='ocrx_word' id='word_1_163' title='bbox 2401 1047 2639 1100; x_wconf 86' lang='lat' dir='ltr'><strong>celebres</strong></span> <span class='ocrx_word' id='word_1_164' title='bbox 2689 1052 2984 1098; x_wconf 86' lang='lat' dir='ltr'><strong>conventus</strong></span> <span class='ocrx_word' id='word_1_165' title='bbox 3027 1053 3082 1095; x_wconf 90' lang='lat' dir='ltr'><strong>et</strong></span> <span class='ocrx_word' id='word_1_166' title='bbox 3132 1041 3376 1095; x_wconf 87' lang='lat' dir='ltr'><strong>convivia</strong></span> <span class='ocrx_word' id='word_1_167' title='bbox 3413 1039 3474 1090; x_wconf 84' lang='lat' dir='ltr'><strong>li-</strong></span> 
     </span>
    </p>
   </div>
   <div class='ocr_carea' id='block_1_23' title="bbox 1911 1133 3471 1205">
    <p class='ocr_par' dir='ltr' id='par_1_23' title="bbox 1911 1133 3471 1205">
     <span class='ocr_line' id='line_1_23' title="bbox 1911 1133 3471 1205; baseline -0.006 -9"><span class='ocrx_word' id='word_1_168' title='bbox 1911 1143 2095 1196; x_wconf 81' lang='lat' dir='ltr'><strong>benter</strong></span> <span class='ocrx_word' id='word_1_169' title='bbox 2145 1138 2266 1192; x_wconf 89' lang='lat' dir='ltr'><strong>aliis</strong></span> <span class='ocrx_word' id='word_1_170' title='bbox 2320 1137 2714 1205; x_wconf 89' lang='lat' dir='ltr'><strong>relinquebant.</strong></span> <span class='ocrx_word' id='word_1_171' title='bbox 2766 1134 2909 1189; x_wconf 86' lang='lat' dir='ltr'><strong>Nihil</strong></span> <span class='ocrx_word' id='word_1_172' title='bbox 2965 1133 3151 1202; x_wconf 85' lang='lat' dir='ltr'><strong>majori</strong></span> <span class='ocrx_word' id='word_1_173' title='bbox 3204 1135 3471 1188; x_wconf 87' lang='lat' dir='ltr'><strong>ducebant</strong></span> 
     </span>
    </p>
   </div>
   <div class='ocr_carea' id='block_1_24' title="bbox 1911 1227 3466 1300">
    <p class='ocr_par' dir='ltr' id='par_1_24' title="bbox 1911 1227 3466 1300">
     <span class='ocr_line' id='line_1_24' title="bbox 1911 1227 3466 1300; baseline -0.005 -14"><span class='ocrx_word' id='word_1_174' title='bbox 1911 1233 2072 1296; x_wconf 81' lang='lat' dir='ltr'><strong>laudi,</strong></span> <span class='ocrx_word' id='word_1_175' title='bbox 2104 1246 2260 1300; x_wconf 90' lang='lat' dir='ltr'><strong>quam</strong></span> <span class='ocrx_word' id='word_1_176' title='bbox 2301 1240 2356 1282; x_wconf 95' lang='grc' dir='ltr'><strong>ιιι</strong></span> <span class='ocrx_word' id='word_1_177' title='bbox 2392 1227 2685 1282; x_wconf 78' lang='lat' dir='ltr'><strong>Christiani</strong></span> <span class='ocrx_word' id='word_1_178' title='bbox 2716 1238 2902 1281; x_wconf 87' lang='lat' dir='ltr'><strong>essent</strong></span> <span class='ocrx_word' id='word_1_179' title='bbox 2932 1236 2984 1280; x_wconf 90' lang='lat' dir='ltr'><strong>et</strong></span> <span class='ocrx_word' id='word_1_180' title='bbox 3016 1229 3425 1280; x_wconf 89' lang='lat' dir='ltr'><strong>nominarentur</strong></span> <span class='ocrx_word' id='word_1_181' title='bbox 3454 1245 3466 1278; x_wconf 93' lang='lat'><strong>:</strong></span> 
     </span>
    </p>
   </div>
   <div class='ocr_carea' id='block_1_25' title="bbox 1909 1316 3470 1387">
    <p class='ocr_par' dir='ltr' id='par_1_25' title="bbox 1909 1316 3470 1387">
     <span class='ocr_line' id='line_1_25' title="bbox 1909 1316 3470 1387; baseline -0.006 -12"><span class='ocrx_word' id='word_1_182' title='bbox 1909 1331 1963 1375; x_wconf 91' lang='lat' dir='ltr'><strong>et</strong></span> <span class='ocrx_word' id='word_1_183' title='bbox 2001 1323 2054 1375; x_wconf 91' lang='lat' dir='ltr'><strong>in</strong></span> <span class='ocrx_word' id='word_1_184' title='bbox 2100 1333 2163 1373; x_wconf 87' lang='lat' dir='ltr'><strong>ea</strong></span> <span class='ocrx_word' id='word_1_185' title='bbox 2217 1322 2369 1378; x_wconf 84' lang='lat' dir='ltr'><strong>urbe.</strong></span> <span class='ocrx_word' id='word_1_186' title='bbox 2418 1333 2536 1387; x_wconf 67' lang='lat' dir='ltr'><strong>qua:</strong></span> <span class='ocrx_word' id='word_1_187' title='bbox 2591 1316 2897 1370; x_wconf 88' lang='lat' dir='ltr'><strong>simulacris</strong></span> <span class='ocrx_word' id='word_1_188' title='bbox 2945 1333 3006 1369; x_wconf 88' lang='lat' dir='ltr'><strong>ac</strong></span> <span class='ocrx_word' id='word_1_189' title='bbox 3059 1316 3470 1370; x_wconf 87' lang='lat' dir='ltr'><strong>simulacrorum</strong></span> 
     </span>
    </p>
   </div>
   <div class='ocr_carea' id='block_1_26' title="bbox 1909 1407 3470 1478">
    <p class='ocr_par' dir='ltr' id='par_1_26' title="bbox 1909 1407 3470 1478">
     <span class='ocr_line' id='line_1_26' title="bbox 1909 1407 3470 1478; baseline -0.006 -10"><span class='ocrx_word' id='word_1_190' title='bbox 1909 1409 2273 1468; x_wconf 86' lang='lat' dir='ltr'><strong>laudatoribus</strong></span> <span class='ocrx_word' id='word_1_191' title='bbox 2330 1420 2383 1463; x_wconf 90' lang='lat' dir='ltr'><strong>et</strong></span> <span class='ocrx_word' id='word_1_192' title='bbox 2440 1408 2676 1478; x_wconf 83' lang='lat' dir='ltr'><strong>patronis</strong></span> <span class='ocrx_word' id='word_1_193' title='bbox 2737 1407 3082 1470; x_wconf 86' lang='lat' dir='ltr'><strong>abundabat,</strong></span> <span class='ocrx_word' id='word_1_194' title='bbox 3142 1420 3242 1460; x_wconf 91' lang='lat' dir='ltr'><strong>non</strong></span> <span class='ocrx_word' id='word_1_195' title='bbox 3314 1407 3470 1459; x_wconf 87' lang='lat' dir='ltr'><strong>modo</strong></span> 
     </span>
    </p>
   </div>
   <div class='ocr_carea' id='block_1_27' title="bbox 1911 1495 3471 1571">
    <p class='ocr_par' dir='ltr' id='par_1_27' title="bbox 1911 1495 3471 1571">
     <span class='ocr_line' id='line_1_27' title="bbox 1911 1495 3471 1571; baseline -0.007 -12"><span class='ocrx_word' id='word_1_196' title='bbox 1911 1503 2056 1559; x_wconf 90' lang='lat' dir='ltr'><strong>nulla</strong></span> <span class='ocrx_word' id='word_1_197' title='bbox 2094 1516 2311 1571; x_wconf 87' lang='lat' dir='ltr'><strong>prorsus</strong></span> <span class='ocrx_word' id='word_1_198' title='bbox 2342 1515 2470 1552; x_wconf 86' lang='lat' dir='ltr'><strong>aura</strong></span> <span class='ocrx_word' id='word_1_199' title='bbox 2513 1497 2914 1566; x_wconf 81' lang='lat' dir='ltr'><strong>superstitionis</strong></span> <span class='ocrx_word' id='word_1_200' title='bbox 2951 1495 3115 1551; x_wconf 82' lang='lat' dir='ltr'><strong>afllati</strong></span> <span class='ocrx_word' id='word_1_201' title='bbox 3169 1505 3328 1562; x_wconf 90' lang='lat' dir='ltr'><strong>sunt,</strong></span> <span class='ocrx_word' id='word_1_202' title='bbox 3376 1496 3471 1550; x_wconf 88' lang='lat' dir='ltr'><strong>sed</strong></span> 
     </span>
    </p>
   </div>
   <div class='ocr_carea' id='block_1_28' title="bbox 1910 1584 3469 1654">
    <p class='ocr_par' dir='ltr' id='par_1_28' title="bbox 1910 1584 3469 1654">
     <span class='ocr_line' id='line_1_28' title="bbox 1910 1584 3469 1654; baseline -0.004 -9"><span class='ocrx_word' id='word_1_203' title='bbox 1910 1591 2071 1646; x_wconf 91' lang='lat' dir='ltr'><strong>etiam</strong></span> <span class='ocrx_word' id='word_1_204' title='bbox 2121 1588 2306 1644; x_wconf 78' lang='lat' dir='ltr'><strong>fraude</strong></span> <span class='ocrx_word' id='word_1_205' title='bbox 2345 1588 2512 1642; x_wconf 86' lang='lat' dir='ltr'><strong>oculis</strong></span> <span class='ocrx_word' id='word_1_206' title='bbox 2560 1589 2673 1640; x_wconf 90' lang='lat' dir='ltr'><strong>suis</strong></span> <span class='ocrx_word' id='word_1_207' title='bbox 2720 1588 2832 1641; x_wconf 87' lang='lat' dir='ltr'><strong>visa</strong></span> <span class='ocrx_word' id='word_1_208' title='bbox 2885 1601 2946 1640; x_wconf 90' lang='lat' dir='ltr'><strong>ac</strong></span> <span class='ocrx_word' id='word_1_209' title='bbox 3003 1596 3315 1654; x_wconf 84' lang='lat' dir='ltr'><strong>perspecta,</strong></span> <span class='ocrx_word' id='word_1_210' title='bbox 3364 1584 3469 1638; x_wconf 92' lang='lat' dir='ltr'><strong>illic</strong></span> 
     </span>
    </p>
   </div>
   <div class='ocr_carea' id='block_1_29' title="bbox 1909 1677 3473 1747">
    <p class='ocr_par' dir='ltr' id='par_1_29' title="bbox 1909 1677 3473 1747">
     <span class='ocr_line' id='line_1_29' title="bbox 1909 1677 3473 1747; baseline -0.004 -11"><span class='ocrx_word' id='word_1_211' title='bbox 1909 1683 2180 1736; x_wconf 66' lang='lat' dir='ltr'><strong>daamones</strong></span> <span class='ocrx_word' id='word_1_212' title='bbox 2225 1682 2454 1735; x_wconf 78' lang='lat' dir='ltr'><strong>maxime</strong></span> <span class='ocrx_word' id='word_1_213' title='bbox 2485 1687 2943 1747; x_wconf 88' lang='lat' dir='ltr'><strong>contempserunt,</strong></span> <span class='ocrx_word' id='word_1_214' title='bbox 2978 1677 3064 1732; x_wconf 93' lang='lat' dir='ltr'><strong>ubi</strong></span> <span class='ocrx_word' id='word_1_215' title='bbox 3105 1678 3339 1731; x_wconf 84' lang='lat' dir='ltr'><strong>maxime</strong></span> <span class='ocrx_word' id='word_1_216' title='bbox 3384 1691 3473 1730; x_wconf 90' lang='lat' dir='ltr'><strong>co-</strong></span> 
     </span>
    </p>
   </div>
   <div class='ocr_carea' id='block_1_30' title="bbox 1912 1767 3471 1839">
    <p class='ocr_par' dir='ltr' id='par_1_30' title="bbox 1912 1767 3471 1839">
     <span class='ocr_line' id='line_1_30' title="bbox 1912 1767 3471 1839; baseline -0.003 -15"><span class='ocrx_word' id='word_1_217' title='bbox 1912 1772 2172 1827; x_wconf 88' lang='lat' dir='ltr'><strong>lebantur.</strong></span> <span class='ocrx_word' id='word_1_218' title='bbox 2203 1771 2411 1825; x_wconf 81' lang='lat' dir='ltr'><strong>Eximia</strong></span> <span class='ocrx_word' id='word_1_219' title='bbox 2442 1770 2620 1824; x_wconf 86' lang='lat' dir='ltr'><strong>Basilii</strong></span> <span class='ocrx_word' id='word_1_220' title='bbox 2648 1779 2699 1823; x_wconf 92' lang='lat' dir='ltr'><strong>et</strong></span> <span class='ocrx_word' id='word_1_221' title='bbox 2733 1767 2974 1839; x_wconf 79' lang='lat' dir='ltr'><strong>Gregorii</strong></span> <span class='ocrx_word' id='word_1_222' title='bbox 3010 1767 3316 1836; x_wconf 88' lang='lat' dir='ltr'><strong>conjunctio</strong></span> <span class='ocrx_word' id='word_1_223' title='bbox 3344 1782 3471 1822; x_wconf 90' lang='lat' dir='ltr'><strong>con-</strong></span> 
     </span>
    </p>
   </div>
   <div class='ocr_carea' id='block_1_31' title="bbox 236 1858 1809 1942">
    <p class='ocr_par' dir='ltr' id='par_1_31' title="bbox 236 1869 1801 1942">
     <span class='ocr_line' id='line_1_31' title="bbox 236 1869 1801 1942; baseline -0.002 -15"><span class='ocrx_word' id='word_1_224' title='bbox 236 1876 492 1942; x_wconf 86' lang='lat' dir='ltr'><strong>deinceps</strong></span> <span class='ocrx_word' id='word_1_225' title='bbox 523 1874 784 1927; x_wconf 89' lang='lat' dir='ltr'><strong>sodalium</strong></span> <span class='ocrx_word' id='word_1_226' title='bbox 817 1887 1036 1927; x_wconf 90' lang='lat' dir='ltr'><strong>numero</strong></span> <span class='ocrx_word' id='word_1_227' title='bbox 1070 1873 1460 1927; x_wconf 85' lang='lat' dir='ltr'><strong>ascribebatur.</strong></span> <span class='ocrx_word' id='word_1_228' title='bbox 1491 1869 1801 1942; x_wconf 78' lang='lat' dir='ltr'><strong>Gregorius,</strong></span> 
     </span>
    </p>
   </div>
   <div class='ocr_carea' id='block_1_32' title="bbox 1916 1858 3467 1942">
    <p class='ocr_par' dir='ltr' id='par_1_32' title="bbox 1916 1858 3467 1927">
     <span class='ocr_line' id='line_1_32' title="bbox 1916 1858 3467 1927; baseline -0.005 -10"><span class='ocrx_word' id='word_1_229' title='bbox 1916 1864 2123 1919; x_wconf 67' lang='lat' dir='ltr'><strong>laverat</strong></span> <span class='ocrx_word' id='word_1_230' title='bbox 2154 1863 2296 1916; x_wconf 88' lang='lat' dir='ltr'><strong>circa</strong></span> <span class='ocrx_word' id='word_1_231' title='bbox 2327 1877 2418 1915; x_wconf 91' lang='lat' dir='ltr'><strong>eos</strong></span> <span class='ocrx_word' id='word_1_232' title='bbox 2453 1861 2615 1913; x_wconf 90' lang='lat' dir='ltr'><strong>veluti</strong></span> <span class='ocrx_word' id='word_1_233' title='bbox 2663 1860 2930 1927; x_wconf 85' lang='lat' dir='ltr'><strong>quoddam</strong></span> <span class='ocrx_word' id='word_1_234' title='bbox 2983 1858 3279 1912; x_wconf 90' lang='lat' dir='ltr'><strong>amicorum</strong></span> <span class='ocrx_word' id='word_1_235' title='bbox 3329 1858 3467 1911; x_wconf 86' lang='lat' dir='ltr'><strong>idem</strong></span> 
     </span>
    </p>
   </div>
   <div class='ocr_carea' id='block_1_33' title="bbox 238 1963 1805 2032">
    <p class='ocr_par' dir='ltr' id='par_1_33' title="bbox 238 1963 1805 2032">
     <span class='ocr_line' id='line_1_33' title="bbox 238 1963 1805 2032; baseline 0.001 -17"><span class='ocrx_word' id='word_1_236' title='bbox 238 1965 326 2032; x_wconf 89' lang='lat' dir='ltr'><strong>qui</strong></span> <span class='ocrx_word' id='word_1_237' title='bbox 381 1963 635 2018; x_wconf 79' lang='lat' dir='ltr'><strong>Basilium</strong></span> <span class='ocrx_word' id='word_1_238' title='bbox 691 1965 1055 2030; x_wconf 88' lang='lat' dir='ltr'><strong>reverebatur,</strong></span> <span class='ocrx_word' id='word_1_239' title='bbox 1111 1979 1317 2018; x_wconf 91' lang='lat' dir='ltr'><strong>morum</strong></span> <span class='ocrx_word' id='word_1_240' title='bbox 1374 1963 1690 2032; x_wconf 79' lang='lat' dir='ltr'><strong>gravitatem</strong></span> <span class='ocrx_word' id='word_1_241' title='bbox 1751 1972 1805 2016; x_wconf 89' lang='lat' dir='ltr'><strong>et</strong></span> 
     </span>
    </p>
   </div>
   <div class='ocr_carea' id='block_1_34' title="bbox 235 2054 1803 2125">
    <p class='ocr_par' dir='ltr' id='par_1_34' title="bbox 235 2054 1803 2125">
     <span class='ocr_line' id='line_1_34' title="bbox 235 2054 1803 2125; baseline 0.001 -18"><span class='ocrx_word' id='word_1_242' title='bbox 235 2069 548 2109; x_wconf 88' lang='lat' dir='ltr'><strong>sermonum</strong></span> <span class='ocrx_word' id='word_1_243' title='bbox 597 2055 935 2125; x_wconf 86' lang='lat' dir='ltr'><strong>prudentiam</strong></span> <span class='ocrx_word' id='word_1_244' title='bbox 986 2055 1202 2121; x_wconf 90' lang='lat' dir='ltr'><strong>videns,</strong></span> <span class='ocrx_word' id='word_1_245' title='bbox 1252 2055 1316 2108; x_wconf 93' lang='lat' dir='ltr'><strong>iis</strong></span> <span class='ocrx_word' id='word_1_246' title='bbox 1363 2055 1454 2124; x_wconf 92' lang='lat' dir='ltr'><strong>qui</strong></span> <span class='ocrx_word' id='word_1_247' title='bbox 1505 2054 1648 2109; x_wconf 92' lang='lat' dir='ltr'><strong>illum</strong></span> <span class='ocrx_word' id='word_1_248' title='bbox 1700 2070 1803 2110; x_wconf 69' lang='lat' dir='ltr'><strong>non</strong></span> 
     </span>
    </p>
   </div>
   <div class='ocr_carea' id='block_1_35' title="bbox 238 2145 1806 2215">
    <p class='ocr_par' dir='ltr' id='par_1_35' title="bbox 238 2145 1806 2215">
     <span class='ocr_line' id='line_1_35' title="bbox 238 2145 1806 2215; baseline 0.001 -18"><span class='ocrx_word' id='word_1_249' title='bbox 238 2155 502 2200; x_wconf 88' lang='lat' dir='ltr'><strong>noverant</strong></span> <span class='ocrx_word' id='word_1_250' title='bbox 536 2147 826 2215; x_wconf 88' lang='lat' dir='ltr'><strong>persuasit,</strong></span> <span class='ocrx_word' id='word_1_251' title='bbox 873 2154 929 2197; x_wconf 93' lang='lat' dir='ltr'><strong>ut</strong></span> <span class='ocrx_word' id='word_1_252' title='bbox 966 2145 1104 2197; x_wconf 88' lang='lat' dir='ltr'><strong>idem</strong></span> <span class='ocrx_word' id='word_1_253' title='bbox 1148 2148 1215 2200; x_wconf 87' lang='lat' dir='ltr'><strong>de</strong></span> <span class='ocrx_word' id='word_1_254' title='bbox 1255 2145 1343 2200; x_wconf 91' lang='lat' dir='ltr'><strong>illo</strong></span> <span class='ocrx_word' id='word_1_255' title='bbox 1379 2146 1661 2200; x_wconf 88' lang='lat' dir='ltr'><strong>sentirent.</strong></span> <span class='ocrx_word' id='word_1_256' title='bbox 1705 2146 1806 2200; x_wconf 89' lang='lat' dir='ltr'><strong>Ita-</strong></span> 
     </span>
    </p>
   </div>
   <div class='ocr_carea' id='block_1_36' title="bbox 236 2234 1803 2302">
    <p class='ocr_par' dir='ltr' id='par_1_36' title="bbox 236 2234 1803 2302">
     <span class='ocr_line' id='line_1_36' title="bbox 236 2234 1803 2302; baseline 0.001 -15"><span class='ocrx_word' id='word_1_257' title='bbox 236 2251 343 2302; x_wconf 86' lang='lat' dir='ltr'><strong>que</strong></span> <span class='ocrx_word' id='word_1_258' title='bbox 375 2237 521 2291; x_wconf 91' lang='lat' dir='ltr'><strong>solus</strong></span> <span class='ocrx_word' id='word_1_259' title='bbox 552 2237 662 2290; x_wconf 87' lang='lat' dir='ltr'><strong>fere</strong></span> <span class='ocrx_word' id='word_1_260' title='bbox 691 2250 757 2288; x_wconf 82' lang='lat' dir='ltr'><strong>ex</strong></span> <span class='ocrx_word' id='word_1_261' title='bbox 803 2234 1053 2289; x_wconf 89' lang='lat' dir='ltr'><strong>omnibus</strong></span> <span class='ocrx_word' id='word_1_262' title='bbox 1085 2235 1306 2291; x_wconf 88' lang='lat' dir='ltr'><strong>advenis</strong></span> <span class='ocrx_word' id='word_1_263' title='bbox 1339 2249 1677 2289; x_wconf 80' lang='lat' dir='ltr'><strong>communem</strong></span> <span class='ocrx_word' id='word_1_264' title='bbox 1721 2235 1803 2288; x_wconf 82' lang='lat' dir='ltr'><strong>le-</strong></span> 
     </span>
    </p>
   </div>
   <div class='ocr_carea' id='block_1_37' title="bbox 236 2327 608 2396">
    <p class='ocr_par' dir='ltr' id='par_1_37' title="bbox 236 2327 608 2396">
     <span class='ocr_line' id='line_1_37' title="bbox 236 2327 608 2396; baseline -0.008 -16"><span class='ocrx_word' id='word_1_265' title='bbox 236 2344 360 2396; x_wconf 88' lang='lat' dir='ltr'><strong>gem</strong></span> <span class='ocrx_word' id='word_1_266' title='bbox 398 2327 608 2395; x_wconf 69' lang='lat' dir='ltr'><strong>effugit.</strong></span> 
     </span>
    </p>
   </div>
   <div class='ocr_carea' id='block_1_38' title="bbox 308 2415 1806 2487">
    <p class='ocr_par' dir='ltr' id='par_1_38' title="bbox 308 2415 1806 2487">
     <span class='ocr_line' id='line_1_38' title="bbox 308 2415 1806 2487; baseline 0.003 -18"><span class='ocrx_word' id='word_1_267' title='bbox 308 2417 391 2471; x_wconf 85' lang='grc' dir='ltr'><strong>ΙΙΙ.</strong></span> <span class='ocrx_word' id='word_1_268' title='bbox 437 2416 703 2470; x_wconf 84' lang='lat' dir='ltr'><strong>Amiciti:e</strong></span> <span class='ocrx_word' id='word_1_269' title='bbox 736 2415 1052 2487; x_wconf 78' lang='lat' dir='ltr'><strong>Gregorium</strong></span> <span class='ocrx_word' id='word_1_270' title='bbox 1104 2417 1245 2472; x_wconf 87' lang='lat' dir='ltr'><strong>inter</strong></span> <span class='ocrx_word' id='word_1_271' title='bbox 1273 2426 1326 2470; x_wconf 90' lang='lat' dir='ltr'><strong>et</strong></span> <span class='ocrx_word' id='word_1_272' title='bbox 1371 2415 1624 2471; x_wconf 75' lang='lat' dir='ltr'><strong>Basiliam</strong></span> <span class='ocrx_word' id='word_1_273' title='bbox 1672 2418 1806 2486; x_wconf 82' lang='lat' dir='ltr'><strong>igni-</strong></span> 
     </span>
    </p>
   </div>
   <div class='ocr_carea' id='block_1_39' title="bbox 237 2509 1804 2581">
    <p class='ocr_par' dir='ltr' id='par_1_39' title="bbox 237 2509 1804 2581">
     <span class='ocr_line' id='line_1_39' title="bbox 237 2509 1804 2581; baseline 0.002 -18"><span class='ocrx_word' id='word_1_274' title='bbox 237 2510 342 2563; x_wconf 85' lang='lat' dir='ltr'><strong>culi</strong></span> <span class='ocrx_word' id='word_1_275' title='bbox 393 2510 516 2563; x_wconf 89' lang='lat' dir='ltr'><strong>inde</strong></span> <span class='ocrx_word' id='word_1_276' title='bbox 561 2510 932 2575; x_wconf 82' lang='lat' dir='ltr'><strong>emicuerunt,</strong></span> <span class='ocrx_word' id='word_1_277' title='bbox 976 2524 1039 2563; x_wconf 91' lang='lat' dir='ltr'><strong>ac</strong></span> <span class='ocrx_word' id='word_1_278' title='bbox 1073 2509 1230 2577; x_wconf 90' lang='lat' dir='ltr'><strong>paulo</strong></span> <span class='ocrx_word' id='word_1_279' title='bbox 1281 2519 1400 2578; x_wconf 87' lang='lat' dir='ltr'><strong>post</strong></span> <span class='ocrx_word' id='word_1_280' title='bbox 1449 2510 1500 2564; x_wconf 94' lang='lat' dir='ltr'><strong>in</strong></span> <span class='ocrx_word' id='word_1_281' title='bbox 1555 2526 1804 2581; x_wconf 85' lang='lat' dir='ltr'><strong>magnam</strong></span> 
     </span>
    </p>
   </div>
   <div class='ocr_carea' id='block_1_40' title="bbox 241 2599 1799 2669">
    <p class='ocr_par' dir='ltr' id='par_1_40' title="bbox 241 2599 1799 2669">
     <span class='ocr_line' id='line_1_40' title="bbox 241 2599 1799 2669; baseline 0.004 -18"><span class='ocrx_word' id='word_1_282' title='bbox 241 2601 414 2653; x_wconf 80' lang='lat' dir='ltr'><strong>facem</strong></span> <span class='ocrx_word' id='word_1_283' title='bbox 471 2615 609 2654; x_wconf 90' lang='lat' dir='ltr'><strong>novo</strong></span> <span class='ocrx_word' id='word_1_284' title='bbox 681 2600 924 2669; x_wconf 79' lang='lat' dir='ltr'><strong>Gregorii</strong></span> <span class='ocrx_word' id='word_1_285' title='bbox 991 2599 1251 2653; x_wconf 83' lang='lat' dir='ltr'><strong>beneficio</strong></span> <span class='ocrx_word' id='word_1_286' title='bbox 1305 2612 1611 2658; x_wconf 83' lang='lat' dir='ltr'><strong>creverunt.</strong></span> <span class='ocrx_word' id='word_1_287' title='bbox 1666 2603 1799 2657; x_wconf 87' lang='lat' dir='ltr'><strong>Nam</strong></span> 
     </span>
    </p>
   </div>
   <div class='ocr_carea' id='block_1_41' title="bbox 239 2689 1808 2763">
    <p class='ocr_par' dir='ltr' id='par_1_41' title="bbox 239 2689 1808 2763">
     <span class='ocr_line' id='line_1_41' title="bbox 239 2689 1808 2763; baseline 0.003 -20"><span class='ocrx_word' id='word_1_288' title='bbox 239 2706 363 2744; x_wconf 91' lang='lat' dir='ltr'><strong>cum</strong></span> <span class='ocrx_word' id='word_1_289' title='bbox 387 2691 628 2745; x_wconf 80' lang='lat' dir='ltr'><strong>Armenii</strong></span> <span class='ocrx_word' id='word_1_290' title='bbox 664 2692 906 2758; x_wconf 85' lang='lat' dir='ltr'><strong>quidam,</strong></span> <span class='ocrx_word' id='word_1_291' title='bbox 940 2689 1068 2744; x_wconf 91' lang='lat' dir='ltr'><strong>olim</strong></span> <span class='ocrx_word' id='word_1_292' title='bbox 1105 2689 1286 2745; x_wconf 86' lang='lat' dir='ltr'><strong>Basilii</strong></span> <span class='ocrx_word' id='word_1_293' title='bbox 1321 2695 1419 2746; x_wconf 89' lang='lat' dir='ltr'><strong>sub</strong></span> <span class='ocrx_word' id='word_1_294' title='bbox 1454 2693 1621 2763; x_wconf 88' lang='lat' dir='ltr'><strong>ipsius</strong></span> <span class='ocrx_word' id='word_1_295' title='bbox 1656 2704 1808 2762; x_wconf 88' lang='lat' dir='ltr'><strong>patre</strong></span> 
     </span>
    </p>
   </div>
   <div class='ocr_carea' id='block_1_42' title="bbox 237 2777 1806 2853">
    <p class='ocr_par' dir='ltr' id='par_1_42' title="bbox 237 2777 1806 2853">
     <span class='ocr_line' id='line_1_42' title="bbox 237 2777 1806 2853; baseline 0.003 -19"><span class='ocrx_word' id='word_1_296' title='bbox 237 2779 618 2848; x_wconf 85' lang='lat' dir='ltr'><strong>condiscipuli,</strong></span> <span class='ocrx_word' id='word_1_297' title='bbox 654 2779 795 2832; x_wconf 90' lang='lat' dir='ltr'><strong>illius</strong></span> <span class='ocrx_word' id='word_1_298' title='bbox 831 2777 1015 2833; x_wconf 86' lang='lat' dir='ltr'><strong>Iaudes</strong></span> <span class='ocrx_word' id='word_1_299' title='bbox 1054 2779 1250 2834; x_wconf 86' lang='lat' dir='ltr'><strong>invidis</strong></span> <span class='ocrx_word' id='word_1_300' title='bbox 1276 2781 1444 2836; x_wconf 86' lang='lat' dir='ltr'><strong>oculis</strong></span> <span class='ocrx_word' id='word_1_301' title='bbox 1479 2782 1806 2853; x_wconf 88' lang='lat' dir='ltr'><strong>aspicerent,</strong></span> 
     </span>
    </p>
   </div>
   <div class='ocr_carea' id='block_1_43' title="bbox 238 2870 1810 2942">
    <p class='ocr_par' dir='ltr' id='par_1_43' title="bbox 238 2870 1810 2942">
     <span class='ocr_line' id='line_1_43' title="bbox 238 2870 1810 2942; baseline 0.003 -18"><span class='ocrx_word' id='word_1_302' title='bbox 238 2885 470 2939; x_wconf 87' lang='lat' dir='ltr'><strong>eumque</strong></span> <span class='ocrx_word' id='word_1_303' title='bbox 502 2870 614 2924; x_wconf 90' lang='lat' dir='ltr'><strong>suis</strong></span> <span class='ocrx_word' id='word_1_304' title='bbox 644 2871 1167 2939; x_wconf 80' lang='lat' dir='ltr'><strong>argumentationum</strong></span> <span class='ocrx_word' id='word_1_305' title='bbox 1206 2872 1360 2926; x_wconf 89' lang='lat' dir='ltr'><strong>tricis</strong></span> <span class='ocrx_word' id='word_1_306' title='bbox 1392 2887 1585 2942; x_wconf 89' lang='lat' dir='ltr'><strong>capere</strong></span> <span class='ocrx_word' id='word_1_307' title='bbox 1637 2884 1810 2929; x_wconf 85' lang='lat' dir='ltr'><strong>tenta-</strong></span> 
     </span>
    </p>
   </div>
   <div class='ocr_carea' id='block_1_44' title="bbox 250 2956 1811 3032">
    <p class='ocr_par' dir='ltr' id='par_1_44' title="bbox 250 2956 1811 3032">
     <span class='ocr_line' id='line_1_44' title="bbox 250 2956 1811 3032; baseline 0.005 -20"><span class='ocrx_word' id='word_1_308' title='bbox 250 2971 390 3020; x_wconf 88' lang='lat' dir='ltr'><strong>rent.</strong></span> <span class='ocrx_word' id='word_1_309' title='bbox 443 2956 763 3028; x_wconf 77' lang='lat' dir='ltr'><strong>Gregorius,</strong></span> <span class='ocrx_word' id='word_1_310' title='bbox 817 2960 905 3028; x_wconf 89' lang='lat' dir='ltr'><strong>qui</strong></span> <span class='ocrx_word' id='word_1_311' title='bbox 962 2960 1145 3028; x_wconf 70' lang='lat' dir='ltr'><strong>gloriae</strong></span> <span class='ocrx_word' id='word_1_312' title='bbox 1204 2960 1531 3016; x_wconf 63' lang='lat' dir='ltr'><strong>Athenarum</strong></span> <span class='ocrx_word' id='word_1_313' title='bbox 1587 2966 1811 3032; x_wconf 86' lang='lat' dir='ltr'><strong>cupidus</strong></span> 
     </span>
    </p>
   </div>
   <div class='ocr_carea' id='block_1_45' title="bbox 245 3049 1810 3120">
    <p class='ocr_par' dir='ltr' id='par_1_45' title="bbox 245 3049 1810 3120">
     <span class='ocr_line' id='line_1_45' title="bbox 245 3049 1810 3120; baseline 0.004 -18"><span class='ocrx_word' id='word_1_314' title='bbox 245 3057 383 3113; x_wconf 86' lang='lat' dir='ltr'><strong>erat,</strong></span> <span class='ocrx_word' id='word_1_315' title='bbox 410 3050 616 3104; x_wconf 90' lang='lat' dir='ltr'><strong>veritus</strong></span> <span class='ocrx_word' id='word_1_316' title='bbox 649 3065 715 3104; x_wconf 92' lang='lat' dir='ltr'><strong>ne</strong></span> <span class='ocrx_word' id='word_1_317' title='bbox 745 3049 874 3118; x_wconf 93' lang='lat' dir='ltr'><strong>quid</strong></span> <span class='ocrx_word' id='word_1_318' title='bbox 908 3050 1097 3104; x_wconf 89' lang='lat' dir='ltr'><strong>civitas</strong></span> <span class='ocrx_word' id='word_1_319' title='bbox 1139 3052 1418 3105; x_wconf 90' lang='lat' dir='ltr'><strong>dedecoris</strong></span> <span class='ocrx_word' id='word_1_320' title='bbox 1447 3052 1732 3120; x_wconf 89' lang='lat' dir='ltr'><strong>acciperet,</strong></span> <span class='ocrx_word' id='word_1_321' title='bbox 1763 3054 1810 3108; x_wconf 89' lang='lat' dir='ltr'><strong>si</strong></span> 
     </span>
    </p>
   </div>
   <div class='ocr_carea' id='block_1_46' title="bbox 243 3141 1804 3211">
    <p class='ocr_par' dir='ltr' id='par_1_46' title="bbox 243 3141 1804 3211">
     <span class='ocr_line' id='line_1_46' title="bbox 243 3141 1804 3211; baseline 0.003 -17"><span class='ocrx_word' id='word_1_322' title='bbox 243 3155 413 3194; x_wconf 76' lang='lat' dir='ltr'><strong>novus</strong></span> <span class='ocrx_word' id='word_1_323' title='bbox 473 3141 660 3195; x_wconf 91' lang='lat' dir='ltr'><strong>accola</strong></span> <span class='ocrx_word' id='word_1_324' title='bbox 733 3141 1064 3208; x_wconf 89' lang='lat' dir='ltr'><strong>antiquiores</strong></span> <span class='ocrx_word' id='word_1_325' title='bbox 1133 3151 1440 3208; x_wconf 90' lang='lat' dir='ltr'><strong>superaret,</strong></span> <span class='ocrx_word' id='word_1_326' title='bbox 1490 3143 1662 3211; x_wconf 91' lang='lat' dir='ltr'><strong>primo</strong></span> <span class='ocrx_word' id='word_1_327' title='bbox 1704 3144 1804 3198; x_wconf 86' lang='lat' dir='ltr'><strong>Ar-</strong></span> 
     </span>
    </p>
   </div>
   <div class='ocr_carea' id='block_1_47' title="bbox 246 3216 1881 3298">
    <p class='ocr_par' dir='ltr' id='par_1_47' title="bbox 246 3216 1881 3298">
     <span class='ocr_line' id='line_1_47' title="bbox 246 3216 1881 3298; baseline 0.004 -15"><span class='ocrx_word' id='word_1_328' title='bbox 246 3231 436 3284; x_wconf 77' lang='lat' dir='ltr'><strong>meniis</strong></span> <span class='ocrx_word' id='word_1_329' title='bbox 471 3245 628 3297; x_wconf 84' lang='lat' dir='ltr'><strong>Opem</strong></span> <span class='ocrx_word' id='word_1_330' title='bbox 664 3231 898 3291; x_wconf 88' lang='lat' dir='ltr'><strong>ferebat;</strong></span> <span class='ocrx_word' id='word_1_331' title='bbox 929 3237 982 3282; x_wconf 89' lang='lat' dir='ltr'><strong>at</strong></span> <span class='ocrx_word' id='word_1_332' title='bbox 1017 3229 1103 3282; x_wconf 82' lang='lat' dir='ltr'><strong>tibi</strong></span> <span class='ocrx_word' id='word_1_333' title='bbox 1149 3231 1411 3298; x_wconf 82' lang='lat' dir='ltr'><strong>perfidum</strong></span> <span class='ocrx_word' id='word_1_334' title='bbox 1444 3232 1653 3287; x_wconf 92' lang='lat' dir='ltr'><strong>illorum</strong></span> <span class='ocrx_word' id='word_1_335' title='bbox 1685 3249 1812 3290; x_wconf 87' lang='lat' dir='ltr'><strong>con-</strong></span> <span class='ocrx_word' id='word_1_336' title='bbox 1840 3216 1881 3275; x_wconf 61' lang='grc' dir='ltr'>θ</span> 
     </span>
    </p>
   </div>
   <div class='ocr_carea' id='block_1_48' title="bbox 244 3317 1814 3390">
    <p class='ocr_par' dir='ltr' id='par_1_48' title="bbox 244 3317 1814 3390">
     <span class='ocr_line' id='line_1_48' title="bbox 244 3317 1814 3390; baseline 0.008 -20"><span class='ocrx_word' id='word_1_337' title='bbox 244 3318 420 3371; x_wconf 81' lang='lat' dir='ltr'><strong>silium</strong></span> <span class='ocrx_word' id='word_1_338' title='bbox 465 3317 757 3384; x_wconf 81' lang='lat' dir='ltr'><strong>perspexit,</strong></span> <span class='ocrx_word' id='word_1_339' title='bbox 787 3326 953 3371; x_wconf 90' lang='lat' dir='ltr'><strong>totum</strong></span> <span class='ocrx_word' id='word_1_340' title='bbox 984 3335 1042 3374; x_wconf 90' lang='lat' dir='ltr'><strong>se</strong></span> <span class='ocrx_word' id='word_1_341' title='bbox 1082 3320 1147 3373; x_wconf 88' lang='lat' dir='ltr'><strong>ad</strong></span> <span class='ocrx_word' id='word_1_342' title='bbox 1199 3320 1452 3376; x_wconf 87' lang='lat' dir='ltr'><strong>Basiliutn</strong></span> <span class='ocrx_word' id='word_1_343' title='bbox 1485 3326 1680 3390; x_wconf 90' lang='lat' dir='ltr'><strong>vertit,</strong></span> <span class='ocrx_word' id='word_1_344' title='bbox 1725 3342 1814 3382; x_wconf 91' lang='lat' dir='ltr'><strong>eo-</strong></span> 
     </span>
    </p>
   </div>
   <div class='ocr_carea' id='block_1_49' title="bbox 245 3406 1813 3480">
    <p class='ocr_par' dir='ltr' id='par_1_49' title="bbox 245 3406 1813 3480">
     <span class='ocr_line' id='line_1_49' title="bbox 245 3406 1813 3480; baseline 0.007 -20"><span class='ocrx_word' id='word_1_345' title='bbox 245 3421 346 3474; x_wconf 83' lang='lat' dir='ltr'><strong>qoe</strong></span> <span class='ocrx_word' id='word_1_346' title='bbox 391 3406 682 3476; x_wconf 89' lang='lat' dir='ltr'><strong>adjuvante</strong></span> <span class='ocrx_word' id='word_1_347' title='bbox 729 3407 970 3464; x_wconf 83' lang='lat' dir='ltr'><strong>Armenii</strong></span> <span class='ocrx_word' id='word_1_348' title='bbox 1027 3411 1238 3480; x_wconf 90' lang='lat' dir='ltr'><strong>penitus</strong></span> <span class='ocrx_word' id='word_1_349' title='bbox 1283 3413 1405 3468; x_wconf 89' lang='lat' dir='ltr'><strong>fusi.</strong></span> <span class='ocrx_word' id='word_1_350' title='bbox 1461 3414 1587 3470; x_wconf 88' lang='lat' dir='ltr'><strong>lude</strong></span> <span class='ocrx_word' id='word_1_351' title='bbox 1626 3416 1813 3471; x_wconf 84' lang='lat' dir='ltr'><strong>Arme-</strong></span> 
     </span>
    </p>
   </div>
   <div class='ocr_carea' id='block_1_50' title="bbox 246 3495 1816 3569">
    <p class='ocr_par' dir='ltr' id='par_1_50' title="bbox 246 3495 1816 3569">
     <span class='ocr_line' id='line_1_50' title="bbox 246 3495 1816 3569; baseline 0.006 -21"><span class='ocrx_word' id='word_1_352' title='bbox 246 3510 456 3549; x_wconf 76' lang='lat' dir='ltr'><strong>niorum</strong></span> <span class='ocrx_word' id='word_1_353' title='bbox 498 3495 590 3549; x_wconf 71' lang='lat' dir='ltr'><strong>ira:</strong></span> <span class='ocrx_word' id='word_1_354' title='bbox 621 3507 674 3550; x_wconf 91' lang='lat' dir='ltr'><strong>et</strong></span> <span class='ocrx_word' id='word_1_355' title='bbox 703 3497 997 3552; x_wconf 80' lang='lat' dir='ltr'><strong>inimicitiae</strong></span> <span class='ocrx_word' id='word_1_356' title='bbox 1031 3501 1081 3553; x_wconf 91' lang='lat' dir='ltr'><strong>in</strong></span> <span class='ocrx_word' id='word_1_357' title='bbox 1117 3499 1455 3569; x_wconf 81' lang='lat' dir='ltr'><strong>Gregmium,</strong></span> <span class='ocrx_word' id='word_1_358' title='bbox 1486 3516 1543 3558; x_wconf 90' lang='grc' dir='ltr'><strong>ιιι</strong></span> <span class='ocrx_word' id='word_1_359' title='bbox 1578 3519 1731 3558; x_wconf 92' lang='lat' dir='ltr'><strong>suum</strong></span> <span class='ocrx_word' id='word_1_360' title='bbox 1761 3513 1816 3558; x_wconf 90' lang='lat' dir='ltr'><strong>et</strong></span> 
     </span>
    </p>
   </div>
   <div class='ocr_carea' id='block_1_51' title="bbox 247 3589 1814 3657">
    <p class='ocr_par' dir='ltr' id='par_1_51' title="bbox 247 3589 1814 3657">
     <span class='ocr_line' id='line_1_51' title="bbox 247 3589 1814 3657; baseline 0.004 -17"><span class='ocrx_word' id='word_1_361' title='bbox 247 3590 393 3643; x_wconf 90' lang='lat' dir='ltr'><strong>urbis</strong></span> <span class='ocrx_word' id='word_1_362' title='bbox 416 3591 770 3657; x_wconf 90' lang='lat' dir='ltr'><strong>proditorem.</strong></span> <span class='ocrx_word' id='word_1_363' title='bbox 798 3589 1050 3644; x_wconf 86' lang='lat' dir='ltr'><strong>Basilium</strong></span> <span class='ocrx_word' id='word_1_364' title='bbox 1086 3603 1263 3646; x_wconf 90' lang='lat' dir='ltr'><strong>autem</strong></span> <span class='ocrx_word' id='word_1_365' title='bbox 1297 3595 1630 3647; x_wconf 82' lang='lat' dir='ltr'><strong>Athenarum</strong></span> <span class='ocrx_word' id='word_1_366' title='bbox 1665 3594 1814 3648; x_wconf 84' lang='lat' dir='ltr'><strong>fasti-</strong></span> 
     </span>
    </p>
   </div>
   <div class='ocr_carea' id='block_1_52' title="bbox 246 3680 1816 3750">
    <p class='ocr_par' dir='ltr' id='par_1_52' title="bbox 246 3680 1816 3750">
     <span class='ocr_line' id='line_1_52' title="bbox 246 3680 1816 3750; baseline 0.005 -18"><span class='ocrx_word' id='word_1_367' title='bbox 246 3680 390 3732; x_wconf 89' lang='lat' dir='ltr'><strong>dium</strong></span> <span class='ocrx_word' id='word_1_368' title='bbox 437 3681 622 3747; x_wconf 90' lang='lat' dir='ltr'><strong>cepit,</strong></span> <span class='ocrx_word' id='word_1_369' title='bbox 669 3683 790 3748; x_wconf 90' lang='lat' dir='ltr'><strong>quia</strong></span> <span class='ocrx_word' id='word_1_370' title='bbox 842 3697 963 3734; x_wconf 92' lang='lat' dir='ltr'><strong>cum</strong></span> <span class='ocrx_word' id='word_1_371' title='bbox 1002 3699 1192 3750; x_wconf 83' lang='lat' dir='ltr'><strong>magna</strong></span> <span class='ocrx_word' id='word_1_372' title='bbox 1244 3683 1422 3735; x_wconf 88' lang='lat' dir='ltr'><strong>omnia</strong></span> <span class='ocrx_word' id='word_1_373' title='bbox 1473 3683 1572 3738; x_wconf 91' lang='lat' dir='ltr'><strong>sibi</strong></span> <span class='ocrx_word' id='word_1_374' title='bbox 1617 3683 1683 3740; x_wconf 92' lang='lat' dir='ltr'><strong>de</strong></span> <span class='ocrx_word' id='word_1_375' title='bbox 1716 3685 1816 3740; x_wconf 89' lang='lat' dir='ltr'><strong>bac</strong></span> 
     </span>
    </p>
   </div>
   <div class='ocr_carea' id='block_1_53' title="bbox 247 3770 1810 3844">
    <p class='ocr_par' dir='ltr' id='par_1_53' title="bbox 247 3770 1810 3844">
     <span class='ocr_line' id='line_1_53' title="bbox 247 3770 1810 3844; baseline 0.006 -25"><span class='ocrx_word' id='word_1_376' title='bbox 247 3771 377 3823; x_wconf 85' lang='lat' dir='ltr'><strong>urbe</strong></span> <span class='ocrx_word' id='word_1_377' title='bbox 415 3770 691 3832; x_wconf 72' lang='lat' dir='ltr'><strong>finxisset”,</strong></span> <span class='ocrx_word' id='word_1_378' title='bbox 743 3770 1005 3824; x_wconf 88' lang='lat' dir='ltr'><strong>minorem</strong></span> <span class='ocrx_word' id='word_1_379' title='bbox 1041 3775 1446 3839; x_wconf 74' lang='lat' dir='ltr'><strong>exspectatione</strong></span> <span class='ocrx_word' id='word_1_380' title='bbox 1491 3777 1810 3844; x_wconf 89' lang='lat' dir='ltr'><strong>reperiebat.</strong></span> 
     </span>
    </p>
   </div>
   <div class='ocr_carea' id='block_1_54' title="bbox 246 3857 1815 3933">
    <p class='ocr_par' dir='ltr' id='par_1_54' title="bbox 246 3857 1815 3933">
     <span class='ocr_line' id='line_1_54' title="bbox 246 3857 1815 3933; baseline 0.006 -24"><span class='ocrx_word' id='word_1_381' title='bbox 246 3857 431 3928; x_wconf 85' lang='lat' dir='ltr'><strong>Itaque</strong></span> <span class='ocrx_word' id='word_1_382' title='bbox 463 3875 652 3928; x_wconf 82' lang='lat' dir='ltr'><strong>parum</strong></span> <span class='ocrx_word' id='word_1_383' title='bbox 695 3860 796 3913; x_wconf 90' lang='lat' dir='ltr'><strong>sibi</strong></span> <span class='ocrx_word' id='word_1_384' title='bbox 834 3862 1019 3915; x_wconf 89' lang='lat' dir='ltr'><strong>beatus</strong></span> <span class='ocrx_word' id='word_1_385' title='bbox 1061 3864 1342 3930; x_wconf 82' lang='lat' dir='ltr'><strong>videbatur</strong></span> <span class='ocrx_word' id='word_1_386' title='bbox 1372 3866 1513 3933; x_wconf 89' lang='lat' dir='ltr'><strong>quod</strong></span> <span class='ocrx_word' id='word_1_387' title='bbox 1559 3866 1815 3930; x_wconf 80' lang='lat' dir='ltr'><strong>venisset,</strong></span> 
     </span>
    </p>
   </div>
   <div class='ocr_carea' id='block_1_55' title="bbox 247 3949 1815 4011">
    <p class='ocr_par' dir='ltr' id='par_1_55' title="bbox 247 3949 1815 4011">
     <span class='ocr_line' id='line_1_55' title="bbox 247 3949 1815 4011; baseline 0.005 -8"><span class='ocrx_word' id='word_1_388' title='bbox 247 3960 300 4003; x_wconf 90' lang='lat' dir='ltr'><strong>et</strong></span> <span class='ocrx_word' id='word_1_389' title='bbox 347 3951 564 4004; x_wconf 87' lang='lat' dir='ltr'><strong>inanem</strong></span> <span class='ocrx_word' id='word_1_390' title='bbox 615 3949 922 4006; x_wconf 82' lang='lat' dir='ltr'><strong>felicitatem</strong></span> <span class='ocrx_word' id='word_1_391' title='bbox 958 3952 1199 4007; x_wconf 77' lang='lat' dir='ltr'><strong>Athenas</strong></span> <span class='ocrx_word' id='word_1_392' title='bbox 1235 3957 1474 4010; x_wconf 86' lang='lat' dir='ltr'><strong>vocabat.</strong></span> <span class='ocrx_word' id='word_1_393' title='bbox 1515 3955 1649 4009; x_wconf 90' lang='lat' dir='ltr'><strong>Tum</strong></span> <span class='ocrx_word' id='word_1_394' title='bbox 1683 3957 1815 4011; x_wconf 85' lang='lat' dir='ltr'><strong>Gre-</strong></span> 
     </span>
    </p>
   </div>
   <div class='ocr_carea' id='block_1_56' title="bbox 246 4041 1816 4111">
    <p class='ocr_par' dir='ltr' id='par_1_56' title="bbox 246 4041 1816 4111">
     <span class='ocr_line' id='line_1_56' title="bbox 246 4041 1816 4111; baseline 0.003 -15"><span class='ocrx_word' id='word_1_395' title='bbox 246 4042 431 4110; x_wconf 77' lang='lat' dir='ltr'><strong>gorius</strong></span> <span class='ocrx_word' id='word_1_396' title='bbox 480 4041 623 4095; x_wconf 93' lang='lat' dir='ltr'><strong>illius</strong></span> <span class='ocrx_word' id='word_1_397' title='bbox 656 4057 939 4096; x_wconf 69' lang='lat' dir='ltr'><strong>IMBI&#39;OI‘CIII</strong></span> <span class='ocrx_word' id='word_1_398' title='bbox 985 4044 1222 4096; x_wconf 90' lang='lat' dir='ltr'><strong>consiliis</strong></span> <span class='ocrx_word' id='word_1_399' title='bbox 1268 4044 1378 4096; x_wconf 91' lang='lat' dir='ltr'><strong>suis</strong></span> <span class='ocrx_word' id='word_1_400' title='bbox 1413 4047 1699 4111; x_wconf 83' lang='lat' dir='ltr'><strong>abstersit,</strong></span> <span class='ocrx_word' id='word_1_401' title='bbox 1739 4049 1816 4101; x_wconf 88' lang='lat' dir='ltr'><strong>ei-</strong></span> 
     </span>
    </p>
   </div>
   <div class='ocr_carea' id='block_1_57' title="bbox 247 4134 1809 4205">
    <p class='ocr_par' dir='ltr' id='par_1_57' title="bbox 247 4134 1809 4205">
     <span class='ocr_line' id='line_1_57' title="bbox 247 4134 1809 4205; baseline 0.004 -21"><span class='ocrx_word' id='word_1_402' title='bbox 247 4150 351 4201; x_wconf 91' lang='lat' dir='ltr'><strong>que</strong></span> <span class='ocrx_word' id='word_1_403' title='bbox 385 4134 655 4201; x_wconf 84' lang='lat' dir='ltr'><strong>persuasit</strong></span> <span class='ocrx_word' id='word_1_404' title='bbox 697 4149 796 4186; x_wconf 91' lang='lat' dir='ltr'><strong>nec</strong></span> <span class='ocrx_word' id='word_1_405' title='bbox 827 4134 1101 4186; x_wconf 85' lang='lat' dir='ltr'><strong>hominum</strong></span> <span class='ocrx_word' id='word_1_406' title='bbox 1151 4149 1328 4187; x_wconf 86' lang='lat' dir='ltr'><strong>mores</strong></span> <span class='ocrx_word' id='word_1_407' title='bbox 1368 4136 1516 4189; x_wconf 89' lang='lat' dir='ltr'><strong>brevi</strong></span> <span class='ocrx_word' id='word_1_408' title='bbox 1552 4147 1809 4205; x_wconf 79' lang='lat' dir='ltr'><strong>tempore,</strong></span> 
     </span>
    </p>
   </div>
   <div class='ocr_carea' id='block_1_58' title="bbox 250 4225 1810 4297">
    <p class='ocr_par' dir='ltr' id='par_1_58' title="bbox 250 4225 1810 4297">
     <span class='ocr_line' id='line_1_58' title="bbox 250 4225 1810 4297; baseline 0.003 -19"><span class='ocrx_word' id='word_1_409' title='bbox 250 4239 348 4278; x_wconf 91' lang='lat' dir='ltr'><strong>nec</strong></span> <span class='ocrx_word' id='word_1_410' title='bbox 389 4225 690 4277; x_wconf 85' lang='lat' dir='ltr'><strong>doctrinam</strong></span> <span class='ocrx_word' id='word_1_411' title='bbox 725 4234 780 4277; x_wconf 89' lang='lat' dir='ltr'><strong>et</strong></span> <span class='ocrx_word' id='word_1_412' title='bbox 813 4225 1170 4279; x_wconf 90' lang='lat' dir='ltr'><strong>eruditionem</strong></span> <span class='ocrx_word' id='word_1_413' title='bbox 1218 4226 1408 4281; x_wconf 86' lang='lat' dir='ltr'><strong>leviter</strong></span> <span class='ocrx_word' id='word_1_414' title='bbox 1454 4226 1810 4297; x_wconf 87' lang='lat' dir='ltr'><strong>degustando,</strong></span> 
     </span>
    </p>
   </div>
   <div class='ocr_carea' id='block_1_59' title="bbox 248 4315 1816 4389">
    <p class='ocr_par' dir='ltr' id='par_1_59' title="bbox 248 4315 1816 4389">
     <span class='ocr_line' id='line_1_59' title="bbox 248 4315 1816 4389; baseline 0 -17"><span class='ocrx_word' id='word_1_415' title='bbox 248 4317 340 4372; x_wconf 84' lang='lat' dir='ltr'><strong>sed</strong></span> <span class='ocrx_word' id='word_1_416' title='bbox 370 4317 459 4370; x_wconf 90' lang='lat' dir='ltr'><strong>diu</strong></span> <span class='ocrx_word' id='word_1_417' title='bbox 509 4315 844 4386; x_wconf 90' lang='lat' dir='ltr'><strong>multumque</strong></span> <span class='ocrx_word' id='word_1_418' title='bbox 888 4319 1164 4387; x_wconf 89' lang='lat' dir='ltr'><strong>probando</strong></span> <span class='ocrx_word' id='word_1_419' title='bbox 1203 4331 1254 4374; x_wconf 91' lang='lat' dir='ltr'><strong>et</strong></span> <span class='ocrx_word' id='word_1_420' title='bbox 1292 4319 1644 4389; x_wconf 83' lang='lat' dir='ltr'><strong>periclitando</strong></span> <span class='ocrx_word' id='word_1_421' title='bbox 1677 4322 1816 4388; x_wconf 91' lang='lat' dir='ltr'><strong>diju-</strong></span> 
     </span>
    </p>
   </div>
   <div class='ocr_carea' id='block_1_60' title="bbox 250 4410 1818 4480">
    <p class='ocr_par' dir='ltr' id='par_1_60' title="bbox 250 4410 1818 4480">
     <span class='ocr_line' id='line_1_60' title="bbox 250 4410 1818 4480; baseline -0.001 -13"><span class='ocrx_word' id='word_1_422' title='bbox 250 4412 445 4467; x_wconf 89' lang='lat' dir='ltr'><strong>dicari.</strong></span> <span class='ocrx_word' id='word_1_423' title='bbox 483 4410 574 4464; x_wconf 90' lang='lat' dir='ltr'><strong>Sic</strong></span> <span class='ocrx_word' id='word_1_424' title='bbox 613 4411 753 4464; x_wconf 89' lang='lat' dir='ltr'><strong>inter</strong></span> <span class='ocrx_word' id='word_1_425' title='bbox 781 4426 872 4465; x_wconf 91' lang='lat' dir='ltr'><strong>eos</strong></span> <span class='ocrx_word' id='word_1_426' title='bbox 907 4411 1077 4480; x_wconf 84' lang='lat' dir='ltr'><strong>magis</strong></span> <span class='ocrx_word' id='word_1_427' title='bbox 1115 4427 1176 4465; x_wconf 93' lang='lat' dir='ltr'><strong>ac</strong></span> <span class='ocrx_word' id='word_1_428' title='bbox 1213 4413 1380 4480; x_wconf 78' lang='lat' dir='ltr'><strong>magis</strong></span> <span class='ocrx_word' id='word_1_429' title='bbox 1416 4415 1818 4469; x_wconf 84' lang='lat' dir='ltr'><strong>deviuciebatur</strong></span> 
     </span>
    </p>
   </div>
   <div class='ocr_carea' id='block_1_61' title="bbox 251 4502 1806 4574">
    <p class='ocr_par' dir='ltr' id='par_1_61' title="bbox 251 4502 1806 4574">
     <span class='ocr_line' id='line_1_61' title="bbox 251 4502 1806 4574; baseline 0.003 -19"><span class='ocrx_word' id='word_1_430' title='bbox 251 4504 484 4558; x_wconf 83' lang='lat' dir='ltr'><strong>amicitia</strong></span> <span class='ocrx_word' id='word_1_431' title='bbox 513 4502 703 4557; x_wconf 88' lang='lat' dir='ltr'><strong>dandis</strong></span> <span class='ocrx_word' id='word_1_432' title='bbox 731 4511 784 4556; x_wconf 88' lang='lat' dir='ltr'><strong>et</strong></span> <span class='ocrx_word' id='word_1_433' title='bbox 814 4502 1139 4572; x_wconf 89' lang='lat' dir='ltr'><strong>accipiendis</strong></span> <span class='ocrx_word' id='word_1_434' title='bbox 1180 4504 1564 4559; x_wconf 68' lang='lat' dir='ltr'><strong>benevolentia:</strong></span> <span class='ocrx_word' id='word_1_435' title='bbox 1595 4506 1806 4574; x_wconf 81' lang='lat' dir='ltr'><strong>signiﬁ-</strong></span> 
     </span>
    </p>
   </div>
   <div class='ocr_carea' id='block_1_62' title="bbox 248 4593 567 4646">
    <p class='ocr_par' dir='ltr' id='par_1_62' title="bbox 248 4593 567 4646">
     <span class='ocr_line' id='line_1_62' title="bbox 248 4593 567 4646; baseline 0.006 -2"><span class='ocrx_word' id='word_1_436' title='bbox 248 4593 567 4646; x_wconf 82' lang='lat' dir='ltr'><strong>cationibus.</strong></span> 
     </span>
    </p>
   </div>
   <div class='ocr_carea' id='block_1_63' title="bbox 314 4680 1810 4756">
    <p class='ocr_par' dir='ltr' id='par_1_63' title="bbox 314 4680 1810 4756">
     <span class='ocr_line' id='line_1_63' title="bbox 314 4680 1810 4756; baseline 0.003 -22"><span class='ocrx_word' id='word_1_437' title='bbox 314 4680 608 4752; x_wconf 87' lang='lat' dir='ltr'><strong>Postquam</strong></span> <span class='ocrx_word' id='word_1_438' title='bbox 661 4691 837 4736; x_wconf 89' lang='lat' dir='ltr'><strong>autem</strong></span> <span class='ocrx_word' id='word_1_439' title='bbox 889 4685 986 4736; x_wconf 91' lang='lat' dir='ltr'><strong>sibi</strong></span> <span class='ocrx_word' id='word_1_440' title='bbox 1045 4685 1274 4737; x_wconf 88' lang='lat' dir='ltr'><strong>invicem</strong></span> <span class='ocrx_word' id='word_1_441' title='bbox 1322 4702 1580 4756; x_wconf 83' lang='lat' dir='ltr'><strong>aperuere</strong></span> <span class='ocrx_word' id='word_1_442' title='bbox 1634 4689 1810 4741; x_wconf 86' lang='lat' dir='ltr'><strong>consi-</strong></span> 
     </span>
    </p>
   </div>
   <div class='ocr_carea' id='block_1_64' title="bbox 251 4773 1813 4844">
    <p class='ocr_par' dir='ltr' id='par_1_64' title="bbox 251 4773 1813 4844">
     <span class='ocr_line' id='line_1_64' title="bbox 251 4773 1813 4844; baseline 0.003 -17"><span class='ocrx_word' id='word_1_443' title='bbox 251 4773 380 4827; x_wconf 86' lang='lat' dir='ltr'><strong>lium</strong></span> <span class='ocrx_word' id='word_1_444' title='bbox 423 4774 808 4843; x_wconf 73' lang='lat' dir='ltr'><strong>antpleetenda:</strong></span> <span class='ocrx_word' id='word_1_445' title='bbox 857 4776 1238 4844; x_wconf 65' lang='lat' dir='ltr'><strong>philosophia},</strong></span> <span class='ocrx_word' id='word_1_446' title='bbox 1296 4787 1405 4829; x_wconf 88' lang='lat' dir='ltr'><strong>tum</strong></span> <span class='ocrx_word' id='word_1_447' title='bbox 1456 4795 1582 4831; x_wconf 87' lang='lat' dir='ltr'><strong>vero</strong></span> <span class='ocrx_word' id='word_1_448' title='bbox 1624 4789 1813 4832; x_wconf 85' lang='lat' dir='ltr'><strong>contu-</strong></span> 
     </span>
    </p>
   </div>
   <div class='ocr_carea' id='block_1_65' title="bbox 247 4864 1815 4931">
    <p class='ocr_par' dir='ltr' id='par_1_65' title="bbox 247 4864 1815 4931">
     <span class='ocr_line' id='line_1_65' title="bbox 247 4864 1815 4931; baseline 0.001 -9"><span class='ocrx_word' id='word_1_449' title='bbox 247 4864 494 4922; x_wconf 84' lang='lat' dir='ltr'><strong>bernales</strong></span> <span class='ocrx_word' id='word_1_450' title='bbox 520 4876 574 4921; x_wconf 90' lang='lat' dir='ltr'><strong>et</strong></span> <span class='ocrx_word' id='word_1_451' title='bbox 607 4867 939 4920; x_wconf 89' lang='lat' dir='ltr'><strong>convictores</strong></span> <span class='ocrx_word' id='word_1_452' title='bbox 971 4867 1139 4931; x_wconf 88' lang='lat' dir='ltr'><strong>fuere,</strong></span> <span class='ocrx_word' id='word_1_453' title='bbox 1182 4884 1244 4920; x_wconf 88' lang='lat' dir='ltr'><strong>ac</strong></span> <span class='ocrx_word' id='word_1_454' title='bbox 1278 4879 1422 4921; x_wconf 91' lang='lat' dir='ltr'><strong>tanta</strong></span> <span class='ocrx_word' id='word_1_455' title='bbox 1471 4872 1567 4925; x_wconf 86' lang='lat' dir='ltr'><strong>fuit</strong></span> <span class='ocrx_word' id='word_1_456' title='bbox 1612 4872 1815 4924; x_wconf 80' lang='lat' dir='ltr'><strong>animo-</strong></span> 
     </span>
    </p>
   </div>
   <div class='ocr_carea' id='block_1_66' title="bbox 251 4957 1815 5017">
    <p class='ocr_par' dir='ltr' id='par_1_66' title="bbox 251 4957 1815 5017">
     <span class='ocr_line' id='line_1_66' title="bbox 251 4957 1815 5017; baseline 0.001 -5"><span class='ocrx_word' id='word_1_457' title='bbox 251 4973 368 5012; x_wconf 88' lang='lat' dir='ltr'><strong>rum</strong></span> <span class='ocrx_word' id='word_1_458' title='bbox 403 4967 457 5011; x_wconf 89' lang='lat' dir='ltr'><strong>et</strong></span> <span class='ocrx_word' id='word_1_459' title='bbox 501 4957 552 5010; x_wconf 92' lang='lat' dir='ltr'><strong>in</strong></span> <span class='ocrx_word' id='word_1_460' title='bbox 590 4958 781 5013; x_wconf 86' lang='lat' dir='ltr'><strong>litteris</strong></span> <span class='ocrx_word' id='word_1_461' title='bbox 821 4969 875 5011; x_wconf 90' lang='lat' dir='ltr'><strong>et</strong></span> <span class='ocrx_word' id='word_1_462' title='bbox 925 4960 975 5011; x_wconf 93' lang='lat' dir='ltr'><strong>in</strong></span> <span class='ocrx_word' id='word_1_463' title='bbox 1015 4961 1300 5013; x_wconf 87' lang='lat' dir='ltr'><strong>virtutibus</strong></span> <span class='ocrx_word' id='word_1_464' title='bbox 1336 4964 1640 5017; x_wconf 79' lang='lat' dir='ltr'><strong>excolendis</strong></span> <span class='ocrx_word' id='word_1_465' title='bbox 1681 4980 1815 5017; x_wconf 84' lang='lat' dir='ltr'><strong>con-</strong></span> 
     </span>
    </p>
   </div>
   <div class='ocr_carea' id='block_1_67' title="bbox 250 5051 1810 5122">
    <p class='ocr_par' dir='ltr' id='par_1_67' title="bbox 250 5051 1810 5122">
     <span class='ocr_line' id='line_1_67' title="bbox 250 5051 1810 5122; baseline 0.003 -18"><span class='ocrx_word' id='word_1_466' title='bbox 250 5051 452 5110; x_wconf 79' lang='lat' dir='ltr'><strong>sensio,</strong></span> <span class='ocrx_word' id='word_1_467' title='bbox 483 5059 537 5101; x_wconf 90' lang='lat' dir='ltr'><strong>ut</strong></span> <span class='ocrx_word' id='word_1_468' title='bbox 569 5066 671 5101; x_wconf 84' lang='lat' dir='ltr'><strong>una</strong></span> <span class='ocrx_word' id='word_1_469' title='bbox 709 5053 922 5118; x_wconf 91' lang='lat' dir='ltr'><strong>utrique</strong></span> <span class='ocrx_word' id='word_1_470' title='bbox 951 5052 1126 5104; x_wconf 85' lang='lat' dir='ltr'><strong>anima</strong></span> <span class='ocrx_word' id='word_1_471' title='bbox 1176 5055 1350 5108; x_wconf 86' lang='lat' dir='ltr'><strong>inesse</strong></span> <span class='ocrx_word' id='word_1_472' title='bbox 1385 5055 1675 5122; x_wconf 87' lang='lat' dir='ltr'><strong>videretur,</strong></span> <span class='ocrx_word' id='word_1_473' title='bbox 1706 5058 1810 5109; x_wconf 89' lang='lat' dir='ltr'><strong>duo</strong></span> 
     </span>
    </p>
   </div>
   <div class='ocr_carea' id='block_1_68' title="bbox 251 5137 1814 5211">
    <p class='ocr_par' dir='ltr' id='par_1_68' title="bbox 251 5137 1814 5211">
     <span class='ocr_line' id='line_1_68' title="bbox 251 5137 1814 5211; baseline 0.005 -20"><span class='ocrx_word' id='word_1_474' title='bbox 251 5153 475 5206; x_wconf 85' lang='lat' dir='ltr'><strong>corpora</strong></span> <span class='ocrx_word' id='word_1_475' title='bbox 523 5137 723 5192; x_wconf 85' lang='lat' dir='ltr'><strong>ferens.</strong></span> <span class='ocrx_word' id='word_1_476' title='bbox 768 5137 870 5192; x_wconf 88' lang='lat' dir='ltr'><strong>Par</strong></span> <span class='ocrx_word' id='word_1_477' title='bbox 911 5150 1027 5193; x_wconf 89' lang='lat' dir='ltr'><strong>erat</strong></span> <span class='ocrx_word' id='word_1_478' title='bbox 1059 5143 1290 5196; x_wconf 86' lang='lat' dir='ltr'><strong>studium</strong></span> <span class='ocrx_word' id='word_1_479' title='bbox 1324 5143 1681 5211; x_wconf 76' lang='lat' dir='ltr'><strong>adipiscenda:</strong></span> <span class='ocrx_word' id='word_1_480' title='bbox 1722 5147 1814 5199; x_wconf 85' lang='lat' dir='ltr'><strong>do-</strong></span> 
     </span>
    </p>
   </div>
   <div class='ocr_carea' id='block_1_69' title="bbox 250 5230 1818 5292">
    <p class='ocr_par' dir='ltr' id='par_1_69' title="bbox 250 5230 1818 5292">
     <span class='ocr_line' id='line_1_69' title="bbox 250 5230 1818 5292; baseline 0.004 -11"><span class='ocrx_word' id='word_1_481' title='bbox 250 5231 458 5292; x_wconf 71' lang='lat' dir='ltr'><strong>cti-inte,</strong></span> <span class='ocrx_word' id='word_1_482' title='bbox 505 5230 598 5283; x_wconf 86' lang='lat' dir='ltr'><strong>sed</strong></span> <span class='ocrx_word' id='word_1_483' title='bbox 661 5230 848 5284; x_wconf 83' lang='lat' dir='ltr'><strong>aberat</strong></span> <span class='ocrx_word' id='word_1_484' title='bbox 911 5232 1128 5285; x_wconf 84' lang='lat' dir='ltr'><strong>invidia.</strong></span> <span class='ocrx_word' id='word_1_485' title='bbox 1183 5232 1473 5287; x_wconf 84' lang='lat' dir='ltr'><strong>Certabant</strong></span> <span class='ocrx_word' id='word_1_486' title='bbox 1531 5252 1632 5289; x_wconf 93' lang='lat' dir='ltr'><strong>non</strong></span> <span class='ocrx_word' id='word_1_487' title='bbox 1698 5248 1818 5290; x_wconf 91' lang='lat' dir='ltr'><strong>nter</strong></span> 
     </span>
    </p>
   </div>
   <div class='ocr_carea' id='block_1_70' title="bbox 251 5323 1822 5398">
    <p class='ocr_par' dir='ltr' id='par_1_70' title="bbox 251 5323 1822 5398">
     <span class='ocr_line' id='line_1_70' title="bbox 251 5323 1822 5398; baseline 0.006 -24"><span class='ocrx_word' id='word_1_488' title='bbox 251 5335 453 5389; x_wconf 81' lang='lat' dir='ltr'><strong>primas</strong></span> <span class='ocrx_word' id='word_1_489' title='bbox 492 5323 733 5387; x_wconf 88' lang='lat' dir='ltr'><strong>haberet,</strong></span> <span class='ocrx_word' id='word_1_490' title='bbox 761 5324 854 5377; x_wconf 82' lang='lat' dir='ltr'><strong>sed</strong></span> <span class='ocrx_word' id='word_1_491' title='bbox 886 5333 1006 5379; x_wconf 88' lang='lat' dir='ltr'><strong>uter</strong></span> <span class='ocrx_word' id='word_1_492' title='bbox 1038 5325 1193 5378; x_wconf 88' lang='lat' dir='ltr'><strong>alteri</strong></span> <span class='ocrx_word' id='word_1_493' title='bbox 1220 5327 1556 5380; x_wconf 89' lang='lat' dir='ltr'><strong>concederet.</strong></span> <span class='ocrx_word' id='word_1_494' title='bbox 1586 5329 1822 5398; x_wconf 81' lang='lat' dir='ltr'><strong>Uterque</strong></span> 
     </span>
    </p>
   </div>
   <div class='ocr_carea' id='block_1_71' title="bbox 252 5411 1819 5497">
    <p class='ocr_par' dir='ltr' id='par_1_71' title="bbox 252 5411 1819 5497">
     <span class='ocr_line' id='line_1_71' title="bbox 252 5411 1819 5497; baseline 0.006 -31"><span class='ocrx_word' id='word_1_495' title='bbox 252 5411 433 5467; x_wconf 78' lang='lat' dir='ltr'><strong>laudes</strong></span> <span class='ocrx_word' id='word_1_496' title='bbox 467 5414 690 5470; x_wconf 87' lang='lat' dir='ltr'><strong>alterius</strong></span> <span class='ocrx_word' id='word_1_497' title='bbox 729 5430 856 5470; x_wconf 85' lang='lat' dir='ltr'><strong>suas</strong></span> <span class='ocrx_word' id='word_1_498' title='bbox 900 5416 1147 5472; x_wconf 84' lang='lat' dir='ltr'><strong>ducebat.</strong></span> <span class='ocrx_word' id='word_1_499' title='bbox 1200 5418 1371 5472; x_wconf 88' lang='lat' dir='ltr'><strong>Unum</strong></span> <span class='ocrx_word' id='word_1_500' title='bbox 1425 5420 1634 5497; x_wconf 85' lang='lat' dir='ltr'><strong>utrique</strong></span> <span class='ocrx_word' id='word_1_501' title='bbox 1685 5439 1819 5491; x_wconf 84' lang='lat' dir='ltr'><strong>opus</strong></span> 
     </span>
    </p>
   </div>
   <div class='ocr_carea' id='block_1_72' title="bbox 323 5681 1665 5755">
    <p class='ocr_par' dir='ltr' id='par_1_72' title="bbox 323 5681 1665 5755">
     <span class='ocr_line' id='line_1_72' title="bbox 323 5681 1665 5755; baseline 0.01 -24"><span class='ocrx_word' id='word_1_502' title='bbox 323 5682 397 5755; x_wconf 77' lang='grc' dir='ltr'><strong>(ᾳ)</strong></span> <span class='ocrx_word' id='word_1_503' title='bbox 430 5681 644 5755; x_wconf 85' lang='lat' dir='ltr'><strong>_S_ocra_t.</strong></span> <span class='ocrx_word' id='word_1_504' title='bbox 680 5681 714 5736; x_wconf 91' lang='grc' dir='ltr'><strong>Ι.</strong></span> <span class='ocrx_word' id='word_1_505' title='bbox 750 5700 819 5749; x_wconf 86' lang='grc' dir='ltr'>ιν,</span> <span class='ocrx_word' id='word_1_506' title='bbox 854 5703 899 5743; x_wconf 88' lang='lat' dir='ltr'><strong>c.</strong></span> <span class='ocrx_word' id='word_1_507' title='bbox 935 5689 1043 5753; x_wconf 72' lang='lat'><strong>‘26;</strong></span> <span class='ocrx_word' id='word_1_508' title='bbox 1076 5689 1288 5745; x_wconf 56' lang='lat' dir='ltr'><strong>Sozam.</strong></span> <span class='ocrx_word' id='word_1_509' title='bbox 1328 5692 1360 5743; x_wconf 84' lang='lat' dir='ltr'><strong>l.</strong></span> <span class='ocrx_word' id='word_1_510' title='bbox 1400 5708 1467 5755; x_wconf 65' lang='grc' dir='ltr'><strong>ιτ,</strong></span> <span class='ocrx_word' id='word_1_511' title='bbox 1497 5709 1542 5746; x_wconf 78' lang='lat' dir='ltr'><strong>c.</strong></span> <span class='ocrx_word' id='word_1_512' title='bbox 1587 5694 1665 5745; x_wconf 74' lang='lat' dir='ltr'><strong>i7.</strong></span> 
     </span>
    </p>
   </div>
   <div class='ocr_carea' id='block_1_73' title="bbox 322 5751 642 5816">
    <p class='ocr_par' dir='ltr' id='par_1_73' title="bbox 322 5751 642 5816">
     <span class='ocr_line' id='line_1_73' title="bbox 322 5751 642 5816; baseline 0.013 -16"><span class='ocrx_word' id='word_1_513' title='bbox 322 5751 395 5816; x_wconf 72' lang='lat' dir='ltr'><strong>(bi</strong></span> <span class='ocrx_word' id='word_1_514' title='bbox 429 5752 515 5816; x_wconf 76' lang='lat' dir='ltr'><strong>Ep.</strong></span> <span class='ocrx_word' id='word_1_515' title='bbox 554 5753 642 5804; x_wconf 69' lang='grc' dir='ltr'>(ιιι.</span> 
     </span>
    </p>
   </div>
   <div class='ocr_carea' id='block_1_74' title="bbox 319 5821 680 5888">
    <p class='ocr_par' dir='ltr' id='par_1_74' title="bbox 319 5821 680 5888">
     <span class='ocr_line' id='line_1_74' title="bbox 319 5821 680 5888; baseline -0.003 -8"><span class='ocrx_word' id='word_1_516' title='bbox 319 5821 388 5880; x_wconf 76' lang='grc' dir='ltr'><strong>(ε)</strong></span> <span class='ocrx_word' id='word_1_517' title='bbox 418 5821 514 5888; x_wconf 75' lang='lat' dir='ltr'><strong>Ep.</strong></span> <span class='ocrx_word' id='word_1_518' title='bbox 554 5822 680 5879; x_wconf 69' lang='grc'><strong>272.</strong></span> 
     </span>
    </p>
   </div>
   <div class='ocr_carea' id='block_1_75' title="bbox 1908 1951 3466 2019">
    <p class='ocr_par' dir='ltr' id='par_1_75' title="bbox 1908 1951 3466 2019">
     <span class='ocr_line' id='line_1_75' title="bbox 1908 1951 3466 2019; baseline -0.006 -9"><span class='ocrx_word' id='word_1_519' title='bbox 1908 1955 2252 2010; x_wconf 80' lang='lat' dir='ltr'><strong>sentientium</strong></span> <span class='ocrx_word' id='word_1_520' title='bbox 2306 1952 2647 2016; x_wconf 87' lang='lat' dir='ltr'><strong>sodalitium,</strong></span> <span class='ocrx_word' id='word_1_521' title='bbox 2697 1951 2851 2019; x_wconf 85' lang='lat' dir='ltr'><strong>cujus</strong></span> <span class='ocrx_word' id='word_1_522' title='bbox 2903 1951 3010 2004; x_wconf 78' lang='lat' dir='ltr'><strong>dux</strong></span> <span class='ocrx_word' id='word_1_523' title='bbox 3062 1959 3116 2004; x_wconf 89' lang='lat' dir='ltr'><strong>et</strong></span> <span class='ocrx_word' id='word_1_524' title='bbox 3167 1960 3466 2018; x_wconf 75' lang='lat' dir='ltr'><strong>praeceptor</strong></span> 
     </span>
    </p>
   </div>
   <div class='ocr_carea' id='block_1_76' title="bbox 1911 2041 3471 2112">
    <p class='ocr_par' dir='ltr' id='par_1_76' title="bbox 1911 2041 3471 2112">
     <span class='ocr_line' id='line_1_76' title="bbox 1911 2041 3471 2112; baseline -0.005 -11"><span class='ocrx_word' id='word_1_525' title='bbox 1911 2046 2157 2101; x_wconf 91' lang='lat' dir='ltr'><strong>Basilius.</strong></span> <span class='ocrx_word' id='word_1_526' title='bbox 2189 2043 2300 2097; x_wconf 84' lang='lat' dir='ltr'><strong>Non</strong></span> <span class='ocrx_word' id='word_1_527' title='bbox 2356 2042 2574 2096; x_wconf 87' lang='lat' dir='ltr'><strong>dttbium</strong></span> <span class='ocrx_word' id='word_1_528' title='bbox 2611 2043 2739 2112; x_wconf 92' lang='lat' dir='ltr'><strong>quin</strong></span> <span class='ocrx_word' id='word_1_529' title='bbox 2791 2041 3031 2110; x_wconf 86' lang='lat' dir='ltr'><strong>ejusdem</strong></span> <span class='ocrx_word' id='word_1_530' title='bbox 3093 2041 3322 2112; x_wconf 85' lang='lat' dir='ltr'><strong>agminis</strong></span> <span class='ocrx_word' id='word_1_531' title='bbox 3366 2041 3471 2094; x_wconf 81' lang='lat' dir='ltr'><strong>dux</strong></span> 
     </span>
    </p>
   </div>
   <div class='ocr_carea' id='block_1_77' title="bbox 1913 2133 3473 2203">
    <p class='ocr_par' dir='ltr' id='par_1_77' title="bbox 1913 2133 3473 2203">
     <span class='ocr_line' id='line_1_77' title="bbox 1913 2133 3473 2203; baseline -0.003 -13"><span class='ocrx_word' id='word_1_532' title='bbox 1913 2138 2044 2192; x_wconf 89' lang='lat' dir='ltr'><strong>alter</strong></span> <span class='ocrx_word' id='word_1_533' title='bbox 2074 2137 2340 2191; x_wconf 81' lang='lat' dir='ltr'><strong>exstiterit</strong></span> <span class='ocrx_word' id='word_1_534' title='bbox 2386 2134 2699 2203; x_wconf 79' lang='lat' dir='ltr'><strong>Gregorius,</strong></span> <span class='ocrx_word' id='word_1_535' title='bbox 2743 2133 2989 2203; x_wconf 88' lang='lat' dir='ltr'><strong>quamvis</strong></span> <span class='ocrx_word' id='word_1_536' title='bbox 3021 2133 3088 2186; x_wconf 87' lang='lat' dir='ltr'><strong>de</strong></span> <span class='ocrx_word' id='word_1_537' title='bbox 3136 2149 3192 2188; x_wconf 92' lang='lat' dir='ltr'><strong>se</strong></span> <span class='ocrx_word' id='word_1_538' title='bbox 3238 2136 3350 2202; x_wconf 89' lang='lat' dir='ltr'><strong>ipse</strong></span> <span class='ocrx_word' id='word_1_539' title='bbox 3391 2143 3473 2187; x_wconf 71' lang='lat' dir='ltr'><strong>ta-</strong></span> 
     </span>
    </p>
   </div>
   <div class='ocr_carea' id='block_1_78' title="bbox 1912 2224 3477 2294">
    <p class='ocr_par' dir='ltr' id='par_1_78' title="bbox 1912 2224 3477 2294">
     <span class='ocr_line' id='line_1_78' title="bbox 1912 2224 3477 2294; baseline -0.002 -13"><span class='ocrx_word' id='word_1_540' title='bbox 1912 2236 2049 2281; x_wconf 89' lang='lat' dir='ltr'><strong>ceat.</strong></span> <span class='ocrx_word' id='word_1_541' title='bbox 2093 2225 2218 2280; x_wconf 87' lang='lat' dir='ltr'><strong>lude</strong></span> <span class='ocrx_word' id='word_1_542' title='bbox 2268 2226 2483 2289; x_wconf 90' lang='lat' dir='ltr'><strong>evenit,</strong></span> <span class='ocrx_word' id='word_1_543' title='bbox 2537 2239 2594 2280; x_wconf 87' lang='grc' dir='ltr'><strong>ιιι</strong></span> <span class='ocrx_word' id='word_1_544' title='bbox 2626 2227 2898 2294; x_wconf 82' lang='lat' dir='ltr'><strong>egregium</strong></span> <span class='ocrx_word' id='word_1_545' title='bbox 2940 2224 3067 2277; x_wconf 91' lang='lat' dir='ltr'><strong>illud</strong></span> <span class='ocrx_word' id='word_1_546' title='bbox 3124 2239 3220 2293; x_wconf 91' lang='lat' dir='ltr'><strong>par</strong></span> <span class='ocrx_word' id='word_1_547' title='bbox 3274 2225 3477 2278; x_wconf 86' lang='lat' dir='ltr'><strong>amico-</strong></span> 
     </span>
    </p>
   </div>
   <div class='ocr_carea' id='block_1_79' title="bbox 1912 2316 3477 2380">
    <p class='ocr_par' dir='ltr' id='par_1_79' title="bbox 1912 2316 3477 2380">
     <span class='ocr_line' id='line_1_79' title="bbox 1912 2316 3477 2380; baseline -0.001 -8"><span class='ocrx_word' id='word_1_548' title='bbox 1912 2333 2030 2372; x_wconf 89' lang='lat' dir='ltr'><strong>rum</strong></span> <span class='ocrx_word' id='word_1_549' title='bbox 2060 2333 2164 2371; x_wconf 91' lang='lat' dir='ltr'><strong>non</strong></span> <span class='ocrx_word' id='word_1_550' title='bbox 2209 2318 2261 2370; x_wconf 87' lang='lat' dir='ltr'><strong>itt</strong></span> <span class='ocrx_word' id='word_1_551' title='bbox 2297 2317 2498 2373; x_wconf 70' lang='lat' dir='ltr'><strong>Grateia</strong></span> <span class='ocrx_word' id='word_1_552' title='bbox 2529 2317 2726 2380; x_wconf 91' lang='lat' dir='ltr'><strong>solum,</strong></span> <span class='ocrx_word' id='word_1_553' title='bbox 2773 2318 2867 2371; x_wconf 89' lang='lat' dir='ltr'><strong>sed</strong></span> <span class='ocrx_word' id='word_1_554' title='bbox 2916 2318 3076 2370; x_wconf 87' lang='lat' dir='ltr'><strong>etiam</strong></span> <span class='ocrx_word' id='word_1_555' title='bbox 3124 2327 3276 2371; x_wconf 78' lang='lat' dir='ltr'><strong>extra</strong></span> <span class='ocrx_word' id='word_1_556' title='bbox 3325 2316 3477 2372; x_wconf 60' lang='lat' dir='ltr'><strong>Cra»-</strong></span> 
     </span>
    </p>
   </div>
   <div class='ocr_carea' id='block_1_80' title="bbox 1912 2408 3469 2478">
    <p class='ocr_par' dir='ltr' id='par_1_80' title="bbox 1912 2408 3469 2478">
     <span class='ocr_line' id='line_1_80' title="bbox 1912 2408 3469 2478; baseline -0.003 -11"><span class='ocrx_word' id='word_1_557' title='bbox 1912 2414 2049 2467; x_wconf 92' lang='lat' dir='ltr'><strong>ciam</strong></span> <span class='ocrx_word' id='word_1_558' title='bbox 2084 2412 2464 2475; x_wconf 88' lang='lat' dir='ltr'><strong>celebraretur,</strong></span> <span class='ocrx_word' id='word_1_559' title='bbox 2505 2419 2560 2464; x_wconf 92' lang='lat' dir='ltr'><strong>et</strong></span> <span class='ocrx_word' id='word_1_560' title='bbox 2599 2425 2718 2462; x_wconf 90' lang='lat' dir='ltr'><strong>cum</strong></span> <span class='ocrx_word' id='word_1_561' title='bbox 2750 2425 2936 2462; x_wconf 91' lang='lat' dir='ltr'><strong>eorum</strong></span> <span class='ocrx_word' id='word_1_562' title='bbox 2986 2410 3224 2478; x_wconf 88' lang='lat' dir='ltr'><strong>magistri</strong></span> <span class='ocrx_word' id='word_1_563' title='bbox 3271 2408 3469 2463; x_wconf 82' lang='lat' dir='ltr'><strong>fatuam</strong></span> 
     </span>
    </p>
   </div>
   <div class='ocr_carea' id='block_1_81' title="bbox 1913 2502 3472 2572">
    <p class='ocr_par' dir='ltr' id='par_1_81' title="bbox 1913 2502 3472 2572">
     <span class='ocr_line' id='line_1_81' title="bbox 1913 2502 3472 2572; baseline -0.003 -14"><span class='ocrx_word' id='word_1_564' title='bbox 1913 2506 2239 2560; x_wconf 76' lang='lat' dir='ltr'><strong>Athenarum</strong></span> <span class='ocrx_word' id='word_1_565' title='bbox 2292 2503 2670 2572; x_wconf 65' lang='lat' dir='ltr'><strong>adaequarent,</strong></span> <span class='ocrx_word' id='word_1_566' title='bbox 2718 2503 2817 2570; x_wconf 92' lang='lat' dir='ltr'><strong>ipsi</strong></span> <span class='ocrx_word' id='word_1_567' title='bbox 2869 2515 3122 2571; x_wconf 91' lang='lat' dir='ltr'><strong>quoque,</strong></span> <span class='ocrx_word' id='word_1_568' title='bbox 3169 2502 3472 2571; x_wconf 89' lang='lat' dir='ltr'><strong>ubicunque</strong></span> 
     </span>
    </p>
   </div>
   <div class='ocr_carea' id='block_1_82' title="bbox 1914 2593 3480 2662">
    <p class='ocr_par' dir='ltr' id='par_1_82' title="bbox 1914 2593 3480 2662">
     <span class='ocr_line' id='line_1_82' title="bbox 1914 2593 3480 2662; baseline -0.001 -12"><span class='ocrx_word' id='word_1_569' title='bbox 1914 2596 2023 2650; x_wconf 92' lang='lat' dir='ltr'><strong>noti</strong></span> <span class='ocrx_word' id='word_1_570' title='bbox 2070 2603 2223 2648; x_wconf 87' lang='lat' dir='ltr'><strong>erant</strong></span> <span class='ocrx_word' id='word_1_571' title='bbox 2268 2594 2553 2662; x_wconf 89' lang='lat' dir='ltr'><strong>magistri,</strong></span> <span class='ocrx_word' id='word_1_572' title='bbox 2594 2595 2643 2647; x_wconf 90' lang='lat' dir='ltr'><strong>in</strong></span> <span class='ocrx_word' id='word_1_573' title='bbox 2687 2593 2962 2648; x_wconf 86' lang='lat' dir='ltr'><strong>homin..m</strong></span> <span class='ocrx_word' id='word_1_574' title='bbox 2997 2607 3091 2648; x_wconf 91' lang='lat' dir='ltr'><strong>ore</strong></span> <span class='ocrx_word' id='word_1_575' title='bbox 3139 2602 3480 2650; x_wconf 76' lang='lat' dir='ltr'><strong>versarentur</strong></span> 
     </span>
    </p>
   </div>
   <div class='ocr_carea' id='block_1_83' title="bbox 1913 2684 3482 2756">
    <p class='ocr_par' dir='ltr' id='par_1_83' title="bbox 1913 2684 3482 2756">
     <span class='ocr_line' id='line_1_83' title="bbox 1913 2684 3482 2756; baseline -0.001 -15"><span class='ocrx_word' id='word_1_576' title='bbox 1913 2699 1966 2742; x_wconf 87' lang='lat' dir='ltr'><strong>et</strong></span> <span class='ocrx_word' id='word_1_577' title='bbox 2011 2684 2186 2741; x_wconf 88' lang='lat' dir='ltr'><strong>Oresti</strong></span> <span class='ocrx_word' id='word_1_578' title='bbox 2238 2700 2300 2739; x_wconf 86' lang='lat' dir='ltr'><strong>ac</strong></span> <span class='ocrx_word' id='word_1_579' title='bbox 2357 2684 2541 2756; x_wconf 82' lang='lat' dir='ltr'><strong>Pyladi</strong></span> <span class='ocrx_word' id='word_1_580' title='bbox 2594 2685 2748 2754; x_wconf 85' lang='lat' dir='ltr'><strong>longe</strong></span> <span class='ocrx_word' id='word_1_581' title='bbox 2825 2685 2892 2739; x_wconf 88' lang='lat' dir='ltr'><strong>ab</strong></span> <span class='ocrx_word' id='word_1_582' title='bbox 2943 2685 3193 2739; x_wconf 90' lang='lat' dir='ltr'><strong>omnibus</strong></span> <span class='ocrx_word' id='word_1_583' title='bbox 3254 2684 3482 2739; x_wconf 69' lang='lat' dir='ltr'><strong>praefer-</strong></span> 
     </span>
    </p>
   </div>
   <div class='ocr_carea' id='block_1_84' title="bbox 1917 2787 2118 2832">
    <p class='ocr_par' dir='ltr' id='par_1_84' title="bbox 1917 2787 2118 2832">
     <span class='ocr_line' id='line_1_84' title="bbox 1917 2787 2118 2832; baseline -0.01 -2"><span class='ocrx_word' id='word_1_584' title='bbox 1917 2787 2118 2832; x_wconf 89' lang='lat' dir='ltr'><strong>rentur.</strong></span> 
     </span>
    </p>
   </div>
   <div class='ocr_carea' id='block_1_85' title="bbox 1986 2866 3480 2937">
    <p class='ocr_par' dir='ltr' id='par_1_85' title="bbox 1986 2866 3480 2937">
     <span class='ocr_line' id='line_1_85' title="bbox 1986 2866 3480 2937; baseline -0.003 -13"><span class='ocrx_word' id='word_1_585' title='bbox 1986 2869 2072 2924; x_wconf 82' lang='lat' dir='ltr'><strong>IV.</strong></span> <span class='ocrx_word' id='word_1_586' title='bbox 2119 2867 2212 2922; x_wconf 88' lang='lat' dir='ltr'><strong>llis</strong></span> <span class='ocrx_word' id='word_1_587' title='bbox 2271 2867 2526 2937; x_wconf 70' lang='lat' dir='ltr'><strong>praeditus</strong></span> <span class='ocrx_word' id='word_1_588' title='bbox 2591 2875 2708 2920; x_wconf 87' lang='lat' dir='ltr'><strong>erat</strong></span> <span class='ocrx_word' id='word_1_589' title='bbox 2779 2867 3019 2922; x_wconf 91' lang='lat' dir='ltr'><strong>moribus</strong></span> <span class='ocrx_word' id='word_1_590' title='bbox 3081 2866 3344 2930; x_wconf 81' lang='lat' dir='ltr'><strong>Basilius,</strong></span> <span class='ocrx_word' id='word_1_591' title='bbox 3391 2866 3480 2935; x_wconf 91' lang='lat' dir='ltr'><strong>qui</strong></span> 
     </span>
    </p>
   </div>
   <div class='ocr_carea' id='block_1_86' title="bbox 1918 2956 3482 3024">
    <p class='ocr_par' dir='ltr' id='par_1_86' title="bbox 1918 2956 3482 3024">
     <span class='ocr_line' id='line_1_86' title="bbox 1918 2956 3482 3024; baseline -0.003 -9"><span class='ocrx_word' id='word_1_592' title='bbox 1918 2962 2080 3015; x_wconf 91' lang='lat' dir='ltr'><strong>etiam</strong></span> <span class='ocrx_word' id='word_1_593' title='bbox 2116 2960 2230 3014; x_wconf 83' lang='lat' dir='ltr'><strong>sine</strong></span> <span class='ocrx_word' id='word_1_594' title='bbox 2258 2959 2505 3014; x_wconf 90' lang='lat' dir='ltr'><strong>doctrina</strong></span> <span class='ocrx_word' id='word_1_595' title='bbox 2539 2959 2750 3013; x_wconf 90' lang='lat' dir='ltr'><strong>laudem</strong></span> <span class='ocrx_word' id='word_1_596' title='bbox 2780 2958 3130 3024; x_wconf 87' lang='lat' dir='ltr'><strong>habuissent;</strong></span> <span class='ocrx_word' id='word_1_597' title='bbox 3166 2956 3256 3012; x_wconf 92' lang='lat' dir='ltr'><strong>sed</strong></span> <span class='ocrx_word' id='word_1_598' title='bbox 3287 2957 3353 3011; x_wconf 91' lang='lat' dir='ltr'><strong>ad</strong></span> <span class='ocrx_word' id='word_1_599' title='bbox 3386 2957 3482 3011; x_wconf 89' lang='lat' dir='ltr'><strong>hos</strong></span> 
     </span>
    </p>
   </div>
   <div class='ocr_carea' id='block_1_87' title="bbox 1918 3047 3485 3122">
    <p class='ocr_par' dir='ltr' id='par_1_87' title="bbox 1918 3047 3485 3122">
     <span class='ocr_line' id='line_1_87' title="bbox 1918 3047 3485 3122; baseline -0.004 -16"><span class='ocrx_word' id='word_1_600' title='bbox 1918 3066 2094 3107; x_wconf 90' lang='lat' dir='ltr'><strong>mores</strong></span> <span class='ocrx_word' id='word_1_601' title='bbox 2134 3061 2188 3104; x_wconf 92' lang='lat' dir='ltr'><strong>et</strong></span> <span class='ocrx_word' id='word_1_602' title='bbox 2219 3050 2294 3122; x_wconf 90' lang='lat' dir='ltr'><strong>(p.</strong></span> <span class='ocrx_word' id='word_1_603' title='bbox 2322 3050 2448 3121; x_wconf 77' lang='lat'><strong>5&#39;53)</strong></span> <span class='ocrx_word' id='word_1_604' title='bbox 2489 3050 2760 3122; x_wconf 88' lang='lat' dir='ltr'><strong>egregiam</strong></span> <span class='ocrx_word' id='word_1_605' title='bbox 2799 3049 3030 3106; x_wconf 85' lang='lat' dir='ltr'><strong>indolem</strong></span> <span class='ocrx_word' id='word_1_606' title='bbox 3069 3058 3214 3103; x_wconf 89' lang='lat' dir='ltr'><strong>tanta</strong></span> <span class='ocrx_word' id='word_1_607' title='bbox 3257 3047 3485 3104; x_wconf 88' lang='lat' dir='ltr'><strong>accessit</strong></span> 
     </span>
    </p>
   </div>
   <div class='ocr_carea' id='block_1_88' title="bbox 1918 3141 3483 3210">
    <p class='ocr_par' dir='ltr' id='par_1_88' title="bbox 1918 3141 3483 3210">
     <span class='ocr_line' id='line_1_88' title="bbox 1918 3141 3483 3210; baseline -0.003 -12"><span class='ocrx_word' id='word_1_608' title='bbox 1918 3144 2174 3199; x_wconf 70' lang='lat' dir='ltr'><strong>doctrina:</strong></span> <span class='ocrx_word' id='word_1_609' title='bbox 2203 3144 2376 3210; x_wconf 87' lang='lat' dir='ltr'><strong>copia,</strong></span> <span class='ocrx_word' id='word_1_610' title='bbox 2424 3151 2480 3196; x_wconf 88' lang='lat' dir='ltr'><strong>ut</strong></span> <span class='ocrx_word' id='word_1_611' title='bbox 2530 3157 2686 3196; x_wconf 91' lang='lat' dir='ltr'><strong>nemo</strong></span> <span class='ocrx_word' id='word_1_612' title='bbox 2717 3157 2835 3195; x_wconf 91' lang='lat' dir='ltr'><strong>cum</strong></span> <span class='ocrx_word' id='word_1_613' title='bbox 2865 3155 2927 3194; x_wconf 94' lang='lat' dir='ltr'><strong>eo</strong></span> <span class='ocrx_word' id='word_1_614' title='bbox 2971 3141 3370 3210; x_wconf 77' lang='lat' dir='ltr'><strong>comparandus</strong></span> <span class='ocrx_word' id='word_1_615' title='bbox 3395 3153 3483 3194; x_wconf 90' lang='lat' dir='ltr'><strong>es-</strong></span> 
     </span>
    </p>
   </div>
   <div class='ocr_carea' id='block_1_89' title="bbox 1917 3233 3482 3303">
    <p class='ocr_par' dir='ltr' id='par_1_89' title="bbox 1917 3233 3482 3303">
     <span class='ocr_line' id='line_1_89' title="bbox 1917 3233 3482 3303; baseline -0.004 -13"><span class='ocrx_word' id='word_1_616' title='bbox 1917 3249 2030 3300; x_wconf 89' lang='lat' dir='ltr'><strong>set,</strong></span> <span class='ocrx_word' id='word_1_617' title='bbox 2076 3236 2191 3291; x_wconf 90' lang='lat' dir='ltr'><strong>sive</strong></span> <span class='ocrx_word' id='word_1_618' title='bbox 2237 3237 2287 3287; x_wconf 85' lang='lat' dir='ltr'><strong>in</strong></span> <span class='ocrx_word' id='word_1_619' title='bbox 2326 3235 2590 3290; x_wconf 88' lang='lat' dir='ltr'><strong>rhetorica</strong></span> <span class='ocrx_word' id='word_1_620' title='bbox 2617 3274 2630 3298; x_wconf 86' lang='lat'><strong>,</strong></span> <span class='ocrx_word' id='word_1_621' title='bbox 2683 3235 2796 3288; x_wconf 91' lang='lat' dir='ltr'><strong>sive</strong></span> <span class='ocrx_word' id='word_1_622' title='bbox 2840 3234 2894 3287; x_wconf 92' lang='lat' dir='ltr'><strong>in</strong></span> <span class='ocrx_word' id='word_1_623' title='bbox 2950 3233 3317 3303; x_wconf 84' lang='lat' dir='ltr'><strong>grammatica,</strong></span> <span class='ocrx_word' id='word_1_624' title='bbox 3363 3245 3482 3298; x_wconf 74' lang='lat' dir='ltr'><strong>qua:</strong></span> 
     </span>
    </p>
   </div>
   <div class='ocr_carea' id='block_1_90' title="bbox 1917 3321 3480 3397">
    <p class='ocr_par' dir='ltr' id='par_1_90' title="bbox 1917 3321 3480 3397">
     <span class='ocr_line' id='line_1_90' title="bbox 1917 3321 3480 3397; baseline -0.006 -15"><span class='ocrx_word' id='word_1_625' title='bbox 1917 3329 2154 3397; x_wconf 69' lang='lat' dir='ltr'><strong>linguam</strong></span> <span class='ocrx_word' id='word_1_626' title='bbox 2189 3326 2254 3380; x_wconf 90' lang='lat' dir='ltr'><strong>ad</strong></span> <span class='ocrx_word' id='word_1_627' title='bbox 2288 3324 2640 3382; x_wconf 63' lang='lat' dir='ltr'><strong>Graecismum</strong></span> <span class='ocrx_word' id='word_1_628' title='bbox 2677 3328 2902 3382; x_wconf 84' lang='lat' dir='ltr'><strong>format.</strong></span> <span class='ocrx_word' id='word_1_629' title='bbox 2949 3324 3201 3378; x_wconf 89' lang='lat' dir='ltr'><strong>historias</strong></span> <span class='ocrx_word' id='word_1_630' title='bbox 3247 3321 3480 3390; x_wconf 84' lang='lat' dir='ltr'><strong>colligit,</strong></span> 
     </span>
    </p>
   </div>
   <div class='ocr_carea' id='block_1_91' title="bbox 1919 3415 3484 3491">
    <p class='ocr_par' dir='ltr' id='par_1_91' title="bbox 1919 3415 3484 3491">
     <span class='ocr_line' id='line_1_91' title="bbox 1919 3415 3484 3491; baseline -0.005 -16"><span class='ocrx_word' id='word_1_631' title='bbox 1919 3423 2106 3475; x_wconf 89' lang='lat' dir='ltr'><strong>metris</strong></span> <span class='ocrx_word' id='word_1_632' title='bbox 2136 3433 2352 3488; x_wconf 81' lang='lat' dir='ltr'><strong>praeest,</strong></span> <span class='ocrx_word' id='word_1_633' title='bbox 2387 3430 2440 3474; x_wconf 89' lang='lat' dir='ltr'><strong>et</strong></span> <span class='ocrx_word' id='word_1_634' title='bbox 2472 3419 2804 3475; x_wconf 88' lang='lat' dir='ltr'><strong>carminibus</strong></span> <span class='ocrx_word' id='word_1_635' title='bbox 2838 3419 2982 3491; x_wconf 80' lang='lat' dir='ltr'><strong>leges</strong></span> <span class='ocrx_word' id='word_1_636' title='bbox 3006 3415 3334 3488; x_wconf 75' lang='lat' dir='ltr'><strong>praescribit;</strong></span> <span class='ocrx_word' id='word_1_637' title='bbox 3372 3417 3484 3468; x_wconf 88' lang='lat' dir='ltr'><strong>sive</strong></span> 
     </span>
    </p>
   </div>
   <div class='ocr_carea' id='block_1_92' title="bbox 1918 3501 3485 3581">
    <p class='ocr_par' dir='ltr' id='par_1_92' title="bbox 1918 3501 3485 3581">
     <span class='ocr_line' id='line_1_92' title="bbox 1918 3501 3485 3581; baseline -0.004 -19"><span class='ocrx_word' id='word_1_638' title='bbox 1918 3513 1970 3564; x_wconf 90' lang='lat' dir='ltr'><strong>in</strong></span> <span class='ocrx_word' id='word_1_639' title='bbox 2015 3512 2264 3566; x_wconf 89' lang='lat' dir='ltr'><strong>omnibus</strong></span> <span class='ocrx_word' id='word_1_640' title='bbox 2305 3512 2654 3581; x_wconf 62' lang='lat' dir='ltr'><strong>philosogihia:</strong></span> <span class='ocrx_word' id='word_1_641' title='bbox 2705 3512 2960 3579; x_wconf 88' lang='lat' dir='ltr'><strong>partibus.</strong></span> <span class='ocrx_word' id='word_1_642' title='bbox 3019 3509 3095 3562; x_wconf 82' lang='lat' dir='ltr'><strong>Ne</strong></span> <span class='ocrx_word' id='word_1_643' title='bbox 3138 3501 3485 3575; x_wconf 80' lang='lat' dir='ltr'><strong>geometriam</strong></span> 
     </span>
    </p>
   </div>
   <div class='ocr_carea' id='block_1_93' title="bbox 1920 3598 3486 3671">
    <p class='ocr_par' dir='ltr' id='par_1_93' title="bbox 1920 3598 3486 3671">
     <span class='ocr_line' id='line_1_93' title="bbox 1920 3598 3486 3671; baseline -0.003 -16"><span class='ocrx_word' id='word_1_644' title='bbox 1920 3604 2137 3671; x_wconf 90' lang='lat' dir='ltr'><strong>quidem</strong></span> <span class='ocrx_word' id='word_1_645' title='bbox 2169 3611 2224 3657; x_wconf 91' lang='lat' dir='ltr'><strong>et</strong></span> <span class='ocrx_word' id='word_1_646' title='bbox 2261 3605 2656 3658; x_wconf 87' lang='lat' dir='ltr'><strong>astronomiam</strong></span> <span class='ocrx_word' id='word_1_647' title='bbox 2688 3618 2749 3657; x_wconf 91' lang='lat' dir='ltr'><strong>ac</strong></span> <span class='ocrx_word' id='word_1_648' title='bbox 2793 3601 3191 3656; x_wconf 90' lang='lat' dir='ltr'><strong>arithmeticam</strong></span> <span class='ocrx_word' id='word_1_649' title='bbox 3237 3598 3486 3667; x_wconf 84' lang='lat' dir='ltr'><strong>neglexe-</strong></span> 
     </span>
    </p>
   </div>
   <div class='ocr_carea' id='block_1_94' title="bbox 1917 3693 3488 3764">
    <p class='ocr_par' dir='ltr' id='par_1_94' title="bbox 1917 3693 3488 3764">
     <span class='ocr_line' id='line_1_94' title="bbox 1917 3693 3488 3764; baseline -0.002 -17"><span class='ocrx_word' id='word_1_650' title='bbox 1917 3704 2020 3760; x_wconf 86' lang='lat' dir='ltr'><strong>rat,</strong></span> <span class='ocrx_word' id='word_1_651' title='bbox 2058 3695 2148 3750; x_wconf 92' lang='lat' dir='ltr'><strong>sed</strong></span> <span class='ocrx_word' id='word_1_652' title='bbox 2187 3697 2251 3749; x_wconf 89' lang='lat' dir='ltr'><strong>iis</strong></span> <span class='ocrx_word' id='word_1_653' title='bbox 2285 3697 2486 3750; x_wconf 84' lang='lat' dir='ltr'><strong>relictis</strong></span> <span class='ocrx_word' id='word_1_654' title='bbox 2525 3712 2644 3764; x_wconf 79' lang='lat' dir='ltr'><strong>quae</strong></span> <span class='ocrx_word' id='word_1_655' title='bbox 2673 3697 2738 3749; x_wconf 90' lang='lat' dir='ltr'><strong>ad</strong></span> <span class='ocrx_word' id='word_1_656' title='bbox 2785 3697 3035 3764; x_wconf 90' lang='lat' dir='ltr'><strong>pietatem</strong></span> <span class='ocrx_word' id='word_1_657' title='bbox 3082 3693 3338 3761; x_wconf 87' lang='lat' dir='ltr'><strong>prodesse</strong></span> <span class='ocrx_word' id='word_1_658' title='bbox 3383 3707 3488 3745; x_wconf 89' lang='lat' dir='ltr'><strong>non</strong></span> 
     </span>
    </p>
   </div>
   <div class='ocr_carea' id='block_1_95' title="bbox 1919 3783 3487 3853">
    <p class='ocr_par' dir='ltr' id='par_1_95' title="bbox 1919 3783 3487 3853">
     <span class='ocr_line' id='line_1_95' title="bbox 1919 3783 3487 3853; baseline -0.001 -17"><span class='ocrx_word' id='word_1_659' title='bbox 1919 3792 2185 3850; x_wconf 82' lang='lat' dir='ltr'><strong>poterant,</strong></span> <span class='ocrx_word' id='word_1_660' title='bbox 2232 3793 2437 3836; x_wconf 87' lang='lat' dir='ltr'><strong>tantum</strong></span> <span class='ocrx_word' id='word_1_661' title='bbox 2469 3784 2570 3837; x_wconf 88' lang='lat' dir='ltr'><strong>sibi</strong></span> <span class='ocrx_word' id='word_1_662' title='bbox 2599 3798 2666 3836; x_wconf 82' lang='lat' dir='ltr'><strong>ex</strong></span> <span class='ocrx_word' id='word_1_663' title='bbox 2704 3784 2787 3837; x_wconf 86' lang='lat' dir='ltr'><strong>bis</strong></span> <span class='ocrx_word' id='word_1_664' title='bbox 2835 3783 3130 3853; x_wconf 89' lang='lat' dir='ltr'><strong>disciplinis</strong></span> <span class='ocrx_word' id='word_1_665' title='bbox 3160 3790 3487 3848; x_wconf 87' lang='lat' dir='ltr'><strong>sumpserat,</strong></span> 
     </span>
    </p>
   </div>
   <div class='ocr_carea' id='block_1_96' title="bbox 1917 3875 3487 3944">
    <p class='ocr_par' dir='ltr' id='par_1_96' title="bbox 1917 3875 3487 3944">
     <span class='ocr_line' id='line_1_96' title="bbox 1917 3875 3487 3944; baseline 0.001 -19"><span class='ocrx_word' id='word_1_666' title='bbox 1917 3881 2176 3942; x_wconf 78' lang='lat' dir='ltr'><strong>quantum</strong></span> <span class='ocrx_word' id='word_1_667' title='bbox 2210 3875 2342 3927; x_wconf 88' lang='lat' dir='ltr'><strong>satis</strong></span> <span class='ocrx_word' id='word_1_668' title='bbox 2389 3886 2542 3938; x_wconf 89' lang='lat' dir='ltr'><strong>erat,</strong></span> <span class='ocrx_word' id='word_1_669' title='bbox 2583 3885 2639 3928; x_wconf 92' lang='lat' dir='ltr'><strong>ut</strong></span> <span class='ocrx_word' id='word_1_670' title='bbox 2667 3876 2734 3928; x_wconf 87' lang='lat' dir='ltr'><strong>al)</strong></span> <span class='ocrx_word' id='word_1_671' title='bbox 2770 3875 2852 3929; x_wconf 92' lang='lat' dir='ltr'><strong>his</strong></span> <span class='ocrx_word' id='word_1_672' title='bbox 2892 3877 2983 3944; x_wconf 89' lang='lat' dir='ltr'><strong>qui</strong></span> <span class='ocrx_word' id='word_1_673' title='bbox 3029 3891 3146 3929; x_wconf 89' lang='lat' dir='ltr'><strong>sese</strong></span> <span class='ocrx_word' id='word_1_674' title='bbox 3178 3875 3228 3928; x_wconf 92' lang='lat' dir='ltr'><strong>in</strong></span> <span class='ocrx_word' id='word_1_675' title='bbox 3264 3876 3362 3928; x_wconf 91' lang='lat' dir='ltr'><strong>hoc</strong></span> <span class='ocrx_word' id='word_1_676' title='bbox 3396 3888 3487 3943; x_wconf 84' lang='lat' dir='ltr'><strong>ge-</strong></span> 
     </span>
    </p>
   </div>
   <div class='ocr_carea' id='block_1_97' title="bbox 1920 3963 3488 4037">
    <p class='ocr_par' dir='ltr' id='par_1_97' title="bbox 1920 3963 3488 4037">
     <span class='ocr_line' id='line_1_97' title="bbox 1920 3963 3488 4037; baseline 0 -21"><span class='ocrx_word' id='word_1_677' title='bbox 1920 3980 2044 4017; x_wconf 90' lang='lat' dir='ltr'><strong>nere</strong></span> <span class='ocrx_word' id='word_1_678' title='bbox 2091 3965 2457 4031; x_wconf 84' lang='lat' dir='ltr'><strong>venditabant,</strong></span> <span class='ocrx_word' id='word_1_679' title='bbox 2498 3967 2762 4037; x_wconf 80' lang='lat' dir='ltr'><strong>exagitari</strong></span> <span class='ocrx_word' id='word_1_680' title='bbox 2797 3983 2901 4020; x_wconf 89' lang='lat' dir='ltr'><strong>non</strong></span> <span class='ocrx_word' id='word_1_681' title='bbox 2936 3976 3136 4034; x_wconf 86' lang='lat' dir='ltr'><strong>posset.</strong></span> <span class='ocrx_word' id='word_1_682' title='bbox 3171 3963 3488 4018; x_wconf 82' lang='lat' dir='ltr'><strong>Medicinam</strong></span> 
     </span>
    </p>
   </div>
   <div class='ocr_carea' id='block_1_98' title="bbox 1921 4055 3489 4128">
    <p class='ocr_par' dir='ltr' id='par_1_98' title="bbox 1921 4055 3489 4128">
     <span class='ocr_line' id='line_1_98' title="bbox 1921 4055 3489 4128; baseline 0.002 -23"><span class='ocrx_word' id='word_1_683' title='bbox 1921 4065 2094 4109; x_wconf 87' lang='lat' dir='ltr'><strong>autem</strong></span> <span class='ocrx_word' id='word_1_684' title='bbox 2141 4057 2351 4111; x_wconf 90' lang='lat' dir='ltr'><strong>videtur</strong></span> <span class='ocrx_word' id='word_1_685' title='bbox 2399 4059 2641 4128; x_wconf 90' lang='lat' dir='ltr'><strong>apprime</strong></span> <span class='ocrx_word' id='word_1_686' title='bbox 2691 4059 2964 4120; x_wconf 88' lang='lat' dir='ltr'><strong>calluisse,</strong></span> <span class='ocrx_word' id='word_1_687' title='bbox 3016 4067 3298 4125; x_wconf 88' lang='lat' dir='ltr'><strong>propterea</strong></span> <span class='ocrx_word' id='word_1_688' title='bbox 3347 4055 3489 4126; x_wconf 88' lang='lat' dir='ltr'><strong>quod</strong></span> 
     </span>
    </p>
   </div>
   <div class='ocr_carea' id='block_1_99' title="bbox 1921 4146 3492 4218">
    <p class='ocr_par' dir='ltr' id='par_1_99' title="bbox 1921 4146 3492 4218">
     <span class='ocr_line' id='line_1_99' title="bbox 1921 4146 3492 4218; baseline 0.003 -22"><span class='ocrx_word' id='word_1_689' title='bbox 1921 4146 2058 4199; x_wconf 91' lang='lat' dir='ltr'><strong>hanc</strong></span> <span class='ocrx_word' id='word_1_690' title='bbox 2089 4148 2159 4200; x_wconf 89' lang='lat' dir='ltr'><strong>illi</strong></span> <span class='ocrx_word' id='word_1_691' title='bbox 2209 4161 2377 4202; x_wconf 87' lang='lat' dir='ltr'><strong>artem</strong></span> <span class='ocrx_word' id='word_1_692' title='bbox 2421 4150 2665 4218; x_wconf 87' lang='lat' dir='ltr'><strong>perpetui</strong></span> <span class='ocrx_word' id='word_1_693' title='bbox 2716 4149 2886 4202; x_wconf 89' lang='lat' dir='ltr'><strong>morbi</strong></span> <span class='ocrx_word' id='word_1_694' title='bbox 2918 4160 2971 4201; x_wconf 90' lang='lat' dir='ltr'><strong>et</strong></span> <span class='ocrx_word' id='word_1_695' title='bbox 3004 4149 3365 4202; x_wconf 86' lang='lat' dir='ltr'><strong>necessariam</strong></span> <span class='ocrx_word' id='word_1_696' title='bbox 3415 4147 3492 4200; x_wconf 89' lang='lat' dir='ltr'><strong>fe-</strong></span> 
     </span>
    </p>
   </div>
   <div class='ocr_carea' id='block_1_100' title="bbox 1920 4241 3382 4311">
    <p class='ocr_par' dir='ltr' id='par_1_100' title="bbox 1920 4241 3382 4311">
     <span class='ocr_line' id='line_1_100' title="bbox 1920 4241 3382 4311; baseline 0.001 -20"><span class='ocrx_word' id='word_1_697' title='bbox 1920 4250 2138 4302; x_wconf 88' lang='lat' dir='ltr'><strong>cerant,</strong></span> <span class='ocrx_word' id='word_1_698' title='bbox 2174 4254 2227 4293; x_wconf 91' lang='lat' dir='ltr'><strong>et</strong></span> <span class='ocrx_word' id='word_1_699' title='bbox 2267 4241 2329 4294; x_wconf 84' lang='lat' dir='ltr'><strong>ad</strong></span> <span class='ocrx_word' id='word_1_700' title='bbox 2366 4241 2575 4294; x_wconf 86' lang='lat' dir='ltr'><strong>facilius</strong></span> <span class='ocrx_word' id='word_1_701' title='bbox 2609 4241 3008 4311; x_wconf 87' lang='lat' dir='ltr'><strong>percipiendam</strong></span> <span class='ocrx_word' id='word_1_702' title='bbox 3047 4241 3382 4311; x_wconf 78' lang='lat' dir='ltr'><strong>profuerant.</strong></span> 
     </span>
    </p>
   </div>
   <div class='ocr_carea' id='block_1_101' title="bbox 1994 4329 3491 4387">
    <p class='ocr_par' dir='ltr' id='par_1_101' title="bbox 1994 4329 3491 4387">
     <span class='ocr_line' id='line_1_101' title="bbox 1994 4329 3491 4387; baseline 0.001 -5"><span class='ocrx_word' id='word_1_703' title='bbox 1994 4329 2284 4385; x_wconf 87' lang='lat' dir='ltr'><strong>Hitnerium</strong></span> <span class='ocrx_word' id='word_1_704' title='bbox 2323 4344 2372 4384; x_wconf 92' lang='lat' dir='ltr'><strong>et</strong></span> <span class='ocrx_word' id='word_1_705' title='bbox 2398 4331 2794 4386; x_wconf 68' lang='lat' dir='ltr'><strong>l’roltmresium</strong></span> <span class='ocrx_word' id='word_1_706' title='bbox 2825 4333 3049 4385; x_wconf 80' lang='lat' dir='ltr'><strong>Athenis</strong></span> <span class='ocrx_word' id='word_1_707' title='bbox 3078 4333 3363 4387; x_wconf 85' lang='lat' dir='ltr'><strong>audierunt</strong></span> <span class='ocrx_word' id='word_1_708' title='bbox 3387 4332 3491 4385; x_wconf 84' lang='lat' dir='ltr'><strong>Ba-</strong></span> 
     </span>
    </p>
   </div>
   <div class='ocr_carea' id='block_1_102' title="bbox 1921 4421 3490 4493">
    <p class='ocr_par' dir='ltr' id='par_1_102' title="bbox 1921 4421 3490 4493">
     <span class='ocr_line' id='line_1_102' title="bbox 1921 4421 3490 4493; baseline -0.003 -17"><span class='ocrx_word' id='word_1_709' title='bbox 1921 4423 2070 4476; x_wconf 90' lang='lat' dir='ltr'><strong>silius</strong></span> <span class='ocrx_word' id='word_1_710' title='bbox 2102 4435 2150 4476; x_wconf 87' lang='lat' dir='ltr'><strong>et</strong></span> <span class='ocrx_word' id='word_1_711' title='bbox 2189 4422 2478 4490; x_wconf 81' lang='lat' dir='ltr'><strong>Gregorius</strong></span> <span class='ocrx_word' id='word_1_712' title='bbox 2521 4421 2618 4493; x_wconf 83' lang='grc' dir='ltr'>(ιι),</span> <span class='ocrx_word' id='word_1_713' title='bbox 2671 4423 2944 4490; x_wconf 86' lang='lat' dir='ltr'><strong>sophistas</strong></span> <span class='ocrx_word' id='word_1_714' title='bbox 3001 4422 3159 4492; x_wconf 79' lang='lat' dir='ltr'><strong>longe</strong></span> <span class='ocrx_word' id='word_1_715' title='bbox 3196 4422 3490 4474; x_wconf 85' lang='lat' dir='ltr'><strong>celeberri-</strong></span> 
     </span>
    </p>
   </div>
   <div class='ocr_carea' id='block_1_103' title="bbox 1923 4509 3488 4581">
    <p class='ocr_par' dir='ltr' id='par_1_103' title="bbox 1923 4509 3488 4581">
     <span class='ocr_line' id='line_1_103' title="bbox 1923 4509 3488 4581; baseline 0.001 -17"><span class='ocrx_word' id='word_1_716' title='bbox 1923 4527 2056 4564; x_wconf 86' lang='lat' dir='ltr'><strong>mos.</strong></span> <span class='ocrx_word' id='word_1_717' title='bbox 2102 4510 2174 4563; x_wconf 73' lang='lat' dir='ltr'><strong>Ex</strong></span> <span class='ocrx_word' id='word_1_718' title='bbox 2225 4511 2404 4562; x_wconf 81' lang='lat' dir='ltr'><strong>Basilii</strong></span> <span class='ocrx_word' id='word_1_719' title='bbox 2431 4509 2627 4563; x_wconf 84' lang='lat' dir='ltr'><strong>litteris</strong></span> <span class='ocrx_word' id='word_1_720' title='bbox 2661 4513 3036 4581; x_wconf 82' lang='lat' dir='ltr'><strong>cognoscimus</strong></span> <span class='ocrx_word' id='word_1_721' title='bbox 3067 4527 3187 4563; x_wconf 89' lang='lat' dir='ltr'><strong>eum</strong></span> <span class='ocrx_word' id='word_1_722' title='bbox 3223 4528 3250 4562; x_wconf 92' lang='lat' dir='ltr'><strong>a</strong></span> <span class='ocrx_word' id='word_1_723' title='bbox 3284 4514 3488 4566; x_wconf 82' lang='lat' dir='ltr'><strong>tenet-is</strong></span> 
     </span>
    </p>
   </div>
   <div class='ocr_carea' id='block_1_104' title="bbox 1926 4602 3485 4671">
    <p class='ocr_par' dir='ltr' id='par_1_104' title="bbox 1926 4602 3485 4671">
     <span class='ocr_line' id='line_1_104' title="bbox 1926 4602 3485 4671; baseline 0.002 -18"><span class='ocrx_word' id='word_1_724' title='bbox 1926 4603 2157 4655; x_wconf 82' lang='lat' dir='ltr'><strong>amicitia</strong></span> <span class='ocrx_word' id='word_1_725' title='bbox 2195 4602 2534 4669; x_wconf 81' lang='lat' dir='ltr'><strong>cnnjunctutn</strong></span> <span class='ocrx_word' id='word_1_726' title='bbox 2564 4602 2728 4656; x_wconf 81' lang='lat' dir='ltr'><strong>fuisse</strong></span> <span class='ocrx_word' id='word_1_727' title='bbox 2759 4619 2878 4655; x_wconf 90' lang='lat' dir='ltr'><strong>cum</strong></span> <span class='ocrx_word' id='word_1_728' title='bbox 2904 4603 3170 4671; x_wconf 86' lang='lat' dir='ltr'><strong>llesychio</strong></span> <span class='ocrx_word' id='word_1_729' title='bbox 3198 4617 3251 4657; x_wconf 88' lang='lat' dir='ltr'><strong>et</strong></span> <span class='ocrx_word' id='word_1_730' title='bbox 3281 4605 3485 4657; x_wconf 83' lang='lat' dir='ltr'><strong>&#39;l‘eren-</strong></span> 
     </span>
    </p>
   </div>
   <div class='ocr_carea' id='block_1_105' title="bbox 1926 4696 3492 4767">
    <p class='ocr_par' dir='ltr' id='par_1_105' title="bbox 1926 4696 3492 4767">
     <span class='ocr_line' id='line_1_105' title="bbox 1926 4696 3492 4767; baseline 0.001 -17"><span class='ocrx_word' id='word_1_731' title='bbox 1926 4701 1996 4750; x_wconf 86' lang='lat' dir='ltr'><strong>tio</strong></span> <span class='ocrx_word' id='word_1_732' title='bbox 2030 4700 2123 4765; x_wconf 83' lang='lat' dir='ltr'><strong>(bl,</strong></span> <span class='ocrx_word' id='word_1_733' title='bbox 2163 4711 2282 4748; x_wconf 89' lang='lat' dir='ltr'><strong>cum</strong></span> <span class='ocrx_word' id='word_1_734' title='bbox 2329 4696 2632 4763; x_wconf 76' lang='lat' dir='ltr'><strong>Sophronia</strong></span> <span class='ocrx_word' id='word_1_735' title='bbox 2687 4697 2980 4750; x_wconf 88' lang='lat' dir='ltr'><strong>olliciorum</strong></span> <span class='ocrx_word' id='word_1_736' title='bbox 3046 4699 3302 4766; x_wconf 87' lang='lat' dir='ltr'><strong>magistro</strong></span> <span class='ocrx_word' id='word_1_737' title='bbox 3334 4699 3404 4767; x_wconf 85' lang='grc' dir='ltr'><strong>(ε)</strong></span> <span class='ocrx_word' id='word_1_738' title='bbox 3440 4709 3492 4752; x_wconf 78' lang='lat' dir='ltr'><strong>et</strong></span> 
     </span>
    </p>
   </div>
   <div class='ocr_carea' id='block_1_106' title="bbox 1925 4786 3497 4856">
    <p class='ocr_par' dir='ltr' id='par_1_106' title="bbox 1925 4786 3497 4856">
     <span class='ocr_line' id='line_1_106' title="bbox 1925 4786 3497 4856; baseline -0.001 -16"><span class='ocrx_word' id='word_1_739' title='bbox 1925 4786 2150 4840; x_wconf 76' lang='lat' dir='ltr'><strong>Eusebio</strong></span> <span class='ocrx_word' id='word_1_740' title='bbox 2168 4789 2396 4852; x_wconf 86' lang='lat' dir='ltr'><strong>quodam</strong></span> <span class='ocrx_word' id='word_1_741' title='bbox 2419 4789 2668 4856; x_wconf 59' lang='grc' dir='ltr'><strong>(ξρὶδρορο</strong></span> <span class='ocrx_word' id='word_1_742' title='bbox 2704 4790 2800 4856; x_wconf 77' lang='grc' dir='ltr'>(ιι).</span> <span class='ocrx_word' id='word_1_743' title='bbox 2844 4787 3103 4842; x_wconf 63' lang='lat' dir='ltr'><strong>Caesareae</strong></span> <span class='ocrx_word' id='word_1_744' title='bbox 3129 4791 3370 4843; x_wconf 82' lang='lat' dir='ltr'><strong>eamdem</strong></span> <span class='ocrx_word' id='word_1_745' title='bbox 3403 4791 3497 4842; x_wconf 86' lang='lat' dir='ltr'><strong>do-</strong></span> 
     </span>
    </p>
   </div>
   <div class='ocr_carea' id='block_1_107' title="bbox 1928 4878 3487 4947">
    <p class='ocr_par' dir='ltr' id='par_1_107' title="bbox 1928 4878 3487 4947">
     <span class='ocr_line' id='line_1_107' title="bbox 1928 4878 3487 4947; baseline 0.002 -17"><span class='ocrx_word' id='word_1_746' title='bbox 1928 4891 2070 4930; x_wconf 89' lang='lat' dir='ltr'><strong>mum</strong></span> <span class='ocrx_word' id='word_1_747' title='bbox 2105 4878 2290 4932; x_wconf 85' lang='lat' dir='ltr'><strong>habuit</strong></span> <span class='ocrx_word' id='word_1_748' title='bbox 2321 4895 2383 4932; x_wconf 85' lang='lat' dir='ltr'><strong>ac</strong></span> <span class='ocrx_word' id='word_1_749' title='bbox 2412 4879 2496 4932; x_wconf 89' lang='lat' dir='ltr'><strong>ille</strong></span> <span class='ocrx_word' id='word_1_750' title='bbox 2533 4879 2853 4947; x_wconf 84' lang='lat' dir='ltr'><strong>Hesychius.</strong></span> <span class='ocrx_word' id='word_1_751' title='bbox 2883 4881 3014 4932; x_wconf 84' lang='lat' dir='ltr'><strong>Cum</strong></span> <span class='ocrx_word' id='word_1_752' title='bbox 3047 4880 3277 4932; x_wconf 77' lang='lat' dir='ltr'><strong>Eusebio</strong></span> <span class='ocrx_word' id='word_1_753' title='bbox 3307 4883 3487 4935; x_wconf 86' lang='lat' dir='ltr'><strong>omnia</strong></span> 
     </span>
    </p>
   </div>
   <div class='ocr_carea' id='block_1_108' title="bbox 1927 4967 3492 5038">
    <p class='ocr_par' dir='ltr' id='par_1_108' title="bbox 1927 4967 3492 5038">
     <span class='ocr_line' id='line_1_108' title="bbox 1927 4967 3492 5038; baseline 0.003 -18"><span class='ocrx_word' id='word_1_754' title='bbox 1927 4969 1972 5020; x_wconf 90' lang='lat' dir='ltr'><strong>ei</strong></span> <span class='ocrx_word' id='word_1_755' title='bbox 1995 4969 2299 5020; x_wconf 90' lang='lat' dir='ltr'><strong>communia</strong></span> <span class='ocrx_word' id='word_1_756' title='bbox 2329 4967 2560 5022; x_wconf 86' lang='lat' dir='ltr'><strong>fuerunt.</strong></span> <span class='ocrx_word' id='word_1_757' title='bbox 2608 4968 2714 5022; x_wconf 88' lang='lat' dir='ltr'><strong>Sed</strong></span> <span class='ocrx_word' id='word_1_758' title='bbox 2738 4986 2840 5038; x_wconf 90' lang='lat' dir='ltr'><strong>qua</strong></span> <span class='ocrx_word' id='word_1_759' title='bbox 2881 4972 2930 5022; x_wconf 93' lang='lat' dir='ltr'><strong>in</strong></span> <span class='ocrx_word' id='word_1_760' title='bbox 2979 4970 3107 5023; x_wconf 89' lang='lat' dir='ltr'><strong>urbe</strong></span> <span class='ocrx_word' id='word_1_761' title='bbox 3143 4972 3302 5024; x_wconf 92' lang='lat' dir='ltr'><strong>simul</strong></span> <span class='ocrx_word' id='word_1_762' title='bbox 3347 4975 3492 5024; x_wconf 84' lang='lat' dir='ltr'><strong>\ixe-</strong></span> 
     </span>
    </p>
   </div>
   <div class='ocr_carea' id='block_1_109' title="bbox 1929 5060 3486 5130">
    <p class='ocr_par' dir='ltr' id='par_1_109' title="bbox 1929 5060 3486 5130">
     <span class='ocr_line' id='line_1_109' title="bbox 1929 5060 3486 5130; baseline 0.003 -19"><span class='ocrx_word' id='word_1_763' title='bbox 1929 5061 2055 5123; x_wconf 90' lang='lat' dir='ltr'><strong>rint,</strong></span> <span class='ocrx_word' id='word_1_764' title='bbox 2080 5074 2302 5126; x_wconf 85' lang='lat' dir='ltr'><strong>prorsus</strong></span> <span class='ocrx_word' id='word_1_765' title='bbox 2340 5061 2627 5114; x_wconf 87' lang='lat' dir='ltr'><strong>nescimus.</strong></span> <span class='ocrx_word' id='word_1_766' title='bbox 2650 5062 2804 5115; x_wconf 88' lang='lat' dir='ltr'><strong>Celso</strong></span> <span class='ocrx_word' id='word_1_767' title='bbox 2836 5060 3044 5114; x_wconf 88' lang='lat' dir='ltr'><strong>Libanii</strong></span> <span class='ocrx_word' id='word_1_768' title='bbox 3079 5061 3342 5130; x_wconf 89' lang='lat' dir='ltr'><strong>discipulo</strong></span> <span class='ocrx_word' id='word_1_769' title='bbox 3367 5078 3486 5129; x_wconf 78' lang='lat' dir='ltr'><strong>per-</strong></span> 
     </span>
    </p>
   </div>
   <div class='ocr_carea' id='block_1_110' title="bbox 1927 5150 3496 5222">
    <p class='ocr_par' dir='ltr' id='par_1_110' title="bbox 1927 5150 3496 5222">
     <span class='ocr_line' id='line_1_110' title="bbox 1927 5150 3496 5222; baseline 0.001 -17"><span class='ocrx_word' id='word_1_770' title='bbox 1927 5153 2096 5205; x_wconf 84' lang='lat' dir='ltr'><strong>suasit</strong></span> <span class='ocrx_word' id='word_1_771' title='bbox 2129 5150 2359 5205; x_wconf 85' lang='lat' dir='ltr'><strong>Basilius</strong></span> <span class='ocrx_word' id='word_1_772' title='bbox 2393 5160 2448 5203; x_wconf 91' lang='lat' dir='ltr'><strong>ut</strong></span> <span class='ocrx_word' id='word_1_773' title='bbox 2472 5166 2653 5204; x_wconf 90' lang='lat' dir='ltr'><strong>secum</strong></span> <span class='ocrx_word' id='word_1_774' title='bbox 2692 5153 2931 5204; x_wconf 80' lang='lat' dir='ltr'><strong>Athenas</strong></span> <span class='ocrx_word' id='word_1_775' title='bbox 2981 5154 3188 5205; x_wconf 90' lang='lat' dir='ltr'><strong>veniret</strong></span> <span class='ocrx_word' id='word_1_776' title='bbox 3220 5154 3312 5222; x_wconf 82' lang='grc' dir='ltr'><strong>(ε),</strong></span> <span class='ocrx_word' id='word_1_777' title='bbox 3343 5155 3385 5207; x_wconf 88' lang='lat' dir='ltr'><strong>si</strong></span> <span class='ocrx_word' id='word_1_778' title='bbox 3419 5165 3496 5206; x_wconf 86' lang='lat' dir='ltr'><strong>ta-</strong></span> 
     </span>
    </p>
   </div>
   <div class='ocr_carea' id='block_1_111' title="bbox 1930 5241 3491 5299">
    <p class='ocr_par' dir='ltr' id='par_1_111' title="bbox 1930 5241 3491 5299">
     <span class='ocr_line' id='line_1_111' title="bbox 1930 5241 3491 5299; baseline 0.003 -5"><span class='ocrx_word' id='word_1_779' title='bbox 1930 5257 2046 5294; x_wconf 85' lang='lat' dir='ltr'><strong>men</strong></span> <span class='ocrx_word' id='word_1_780' title='bbox 2099 5242 2305 5295; x_wconf 86' lang='lat' dir='ltr'><strong>Libanii</strong></span> <span class='ocrx_word' id='word_1_781' title='bbox 2355 5244 2418 5294; x_wconf 85' lang='lat' dir='ltr'><strong>ad</strong></span> <span class='ocrx_word' id='word_1_782' title='bbox 2466 5241 2719 5297; x_wconf 82' lang='lat' dir='ltr'><strong>Basiliutn</strong></span> <span class='ocrx_word' id='word_1_783' title='bbox 2774 5244 2966 5298; x_wconf 84' lang='lat' dir='ltr'><strong>litteris</strong></span> <span class='ocrx_word' id='word_1_784' title='bbox 2999 5245 3300 5297; x_wconf 80' lang='lat' dir='ltr'><strong>adhibenda</strong></span> <span class='ocrx_word' id='word_1_785' title='bbox 3340 5245 3491 5299; x_wconf 77' lang='lat' dir='ltr'><strong>fides.</strong></span> 
     </span>
    </p>
   </div>
   <div class='ocr_carea' id='block_1_112' title="bbox 1930 5330 3496 5405">
    <p class='ocr_par' dir='ltr' id='par_1_112' title="bbox 1930 5330 3496 5405">
     <span class='ocr_line' id='line_1_112' title="bbox 1930 5330 3496 5405; baseline 0.001 -19"><span class='ocrx_word' id='word_1_786' title='bbox 1930 5331 2196 5386; x_wconf 63' lang='lat' dir='ltr'><strong>lulianum</strong></span> <span class='ocrx_word' id='word_1_787' title='bbox 2235 5330 2669 5400; x_wconf 76' lang='lat' dir='ltr'><strong>Pera&#39;quatorem</strong></span> <span class='ocrx_word' id='word_1_788' title='bbox 2711 5333 3000 5400; x_wconf 71' lang='lat' dir='ltr'><strong>Gregorius</strong></span> <span class='ocrx_word' id='word_1_789' title='bbox 3031 5333 3397 5388; x_wconf 68' lang='lat' dir='ltr'><strong>Nazianzenus</strong></span> <span class='ocrx_word' id='word_1_790' title='bbox 3428 5336 3496 5405; x_wconf 66' lang='grc' dir='ltr'><strong>(Γ)</strong></span> 
     </span>
    </p>
   </div>
   <div class='ocr_carea' id='block_1_113' title="bbox 1935 5424 3493 5493">
    <p class='ocr_par' dir='ltr' id='par_1_113' title="bbox 1935 5424 3493 5493">
     <span class='ocr_line' id='line_1_113' title="bbox 1935 5424 3493 5493; baseline 0.001 -15"><span class='ocrx_word' id='word_1_791' title='bbox 1935 5428 2135 5478; x_wconf 83' lang='lat' dir='ltr'><strong>socium</strong></span> <span class='ocrx_word' id='word_1_792' title='bbox 2179 5424 2368 5479; x_wconf 88' lang='lat' dir='ltr'><strong>habuit</strong></span> <span class='ocrx_word' id='word_1_793' title='bbox 2397 5426 2694 5480; x_wconf 90' lang='lat' dir='ltr'><strong>studiorum</strong></span> <span class='ocrx_word' id='word_1_794' title='bbox 2729 5447 2738 5480; x_wconf 92' lang='lat'><strong>:</strong></span> <span class='ocrx_word' id='word_1_795' title='bbox 2779 5426 2917 5493; x_wconf 89' lang='lat' dir='ltr'><strong>quod</strong></span> <span class='ocrx_word' id='word_1_796' title='bbox 2948 5427 3081 5480; x_wconf 88' lang='lat' dir='ltr'><strong>forte</strong></span> <span class='ocrx_word' id='word_1_797' title='bbox 3108 5427 3151 5477; x_wconf 85' lang='lat' dir='ltr'><strong>ei</strong></span> <span class='ocrx_word' id='word_1_798' title='bbox 3184 5442 3302 5478; x_wconf 88' lang='lat' dir='ltr'><strong>cum</strong></span> <span class='ocrx_word' id='word_1_799' title='bbox 3345 5425 3493 5480; x_wconf 83' lang='lat' dir='ltr'><strong>Basi-</strong></span> 
     </span>
    </p>
   </div>
   <div class='ocr_carea' id='block_1_114' title="bbox 1999 5694 2326 5758">
    <p class='ocr_par' dir='ltr' id='par_1_114' title="bbox 1999 5694 2326 5758">
     <span class='ocr_line' id='line_1_114' title="bbox 1999 5694 2326 5758; baseline 0.021 -18"><span class='ocrx_word' id='word_1_800' title='bbox 1999 5697 2074 5750; x_wconf 62' lang='grc' dir='ltr'><strong>(Α)</strong></span> <span class='ocrx_word' id='word_1_801' title='bbox 2106 5694 2202 5758; x_wconf 65' lang='lat' dir='ltr'><strong>rip.</strong></span> <span class='ocrx_word' id='word_1_802' title='bbox 2234 5696 2326 5747; x_wconf 76' lang='lat' dir='ltr'><strong>~27t</strong></span> 
     </span>
    </p>
   </div>
   <div class='ocr_carea' id='block_1_115' title="bbox 2003 5764 2315 5824">
    <p class='ocr_par' dir='ltr' id='par_1_115' title="bbox 2003 5764 2315 5824">
     <span class='ocr_line' id='line_1_115' title="bbox 2003 5764 2315 5824; baseline -0.003 -12"><span class='ocrx_word' id='word_1_803' title='bbox 2003 5773 2069 5824; x_wconf 80' lang='grc' dir='ltr'><strong>(ι’)</strong></span> <span class='ocrx_word' id='word_1_804' title='bbox 2107 5764 2198 5822; x_wconf 63' lang='lat' dir='ltr'><strong>Ep.</strong></span> <span class='ocrx_word' id='word_1_805' title='bbox 2233 5767 2315 5813; x_wconf 60' lang='lat' dir='ltr'><strong>53f</strong></span> 
     </span>
    </p>
   </div>
   <div class='ocr_carea' id='block_1_116' title="bbox 1994 5833 2313 5898">
    <p class='ocr_par' dir='ltr' id='par_1_116' title="bbox 1994 5833 2313 5898">
     <span class='ocr_line' id='line_1_116' title="bbox 1994 5833 2313 5898; baseline -0.006 -14"><span class='ocrx_word' id='word_1_806' title='bbox 1994 5835 2066 5898; x_wconf 71' lang='lat' dir='ltr'><strong>(fl</strong></span> <span class='ocrx_word' id='word_1_807' title='bbox 2106 5833 2253 5888; x_wconf 80' lang='lat' dir='ltr'><strong>Ut‘al.</strong></span> <span class='ocrx_word' id='word_1_808' title='bbox 2285 5838 2313 5888; x_wconf 66' lang='grc' dir='ltr'><strong>ε)</strong></span> 
     </span>
    </p>
   </div>
  </div>
