4006 6434
462 387 541 433 ιιι
1848 376 2064 433 Ριὶοιῑ

2174 376 2379 431 MENA.

469 492 543 548 lio
597 509 882 551 commune
922 495 1041 552 fuit.
1096 496 1162 550 At
1216 508 1319 551 n‘on
1368 496 1591 552 dubium
1634 499 1763 567 quin
1822 501 2035 567 utrique
2069 503 2113 557 Α
2143 513 2340 551 annum
2368 497 2471 552 352
2526 506 2618 551 aut
2652 498 2756 552 543
2800 497 3102 552 referenda.
3141 497 3282 564 Quot
3334 508 3513 553 autem
3541 516 3713 556 annos

474 586 703 642 Athenis
742 590 988 659 cognitus
1039 588 1201 643 fuerit
1253 588 1503 645 Julianus
1552 592 1877 659 imperator:
1926 607 2043 659 per-

470 678 654 746 Spicua
684 693 769 732 res
807 690 891 734 est
924 695 988 734 ex
1026 679 1273 749 Gregorii
1315 680 1640 735 testimoniis
1692 680 1792 751 (α),
1821 696 1915 733 nec
1954 697 2045 735 ne-

470 784 622 823 cesse
649 779 733 824 est
752 780 807 823 nt
829 771 1185 827 conﬁrmetur
1207 770 1395 827 Basilii
1422 773 1487 826 ad
1523 770 1795 827 Julianum
1828 781 1920 825 aut
1953 770 2045 826 Ju-

472 864 597 917 liani
638 864 704 916 ad
744 862 996 919 Basiliam
1029 864 1271 935 epistola:
1299 866 1642 920 auctoritate.
1684 864 1919 920 Cbarum
1946 865 2046 917 sibi

472 956 540 1008 ab
564 954 923 1011 adolescentia
950 956 1117 1011 fuisse
1139 956 1395 1011 Basiliam
1420 958 1657 1011 declarat
1684 955 1931 1015 Julianus
1950 958 2046 1025 (ιι).

475 1045 578 1107 Sed
617 1046 810 1100 mirum
839 1062 934 1101 cur
968 1048 1196 1101 Basilius
1239 1063 1421 1102 sacras
1451 1063 1509 1102 se
1572 1064 1692 1102 cum
1720 1047 1931 1101 Juliano
1962 1047 2051 1100 lit-

477 1144 623 1192 teras
673 1138 927 1194 didicisse
970 1148 1202 1192 testetur
1248 1138 1339 1209 (c).
1384 1137 1575 1194 Utrum
1623 1140 1673 1193 id
1716 1140 1939 1193 Athenis
1973 1140 2050 1191 fa-

474 1236 620 1280 cturn
657 1228 946 1284 dicemus?
973 1240 1029 1283 at
1060 1241 1183 1285 tunc
1224 1233 1467 1301 profanis
1491 1233 1681 1286 studiis
1711 1248 1927 1301 Operam
1956 1234 2053 1286 da-

478 1316 627 1372 bant.
670 1319 863 1375 Utrum
898 1322 951 1375 itt
989 1322 1365 1391 Cappadocia?
1420 1334 1628 1393 tempus
1668 1323 1883 1392 quidem
1919 1339 2051 1391 qua-

479 1410 621 1466 drat.
653 1409 791 1465 Nam
820 1412 974 1466 circa
1004 1429 1205 1466 annum
1234 1413 1361 1477 345,
1406 1429 1515 1483 quo
1547 1424 1788 1483 tempore
1826 1413 2053 1467 Basilius

480 1500 694 1557 videtur
716 1504 880 1559 fuisse
905 1504 1187 1573 Caesarem,
1228 1504 1476 1561 Julianus
1501 1508 1553 1561 in
1587 1508 1864 1561 castellum
1890 1522 2054 1577 prope

485 1592 792 1649 Caesaream
826 1597 1093 1652 deductus
1115 1597 1235 1661 fuit,
1267 1597 1354 1657 ubi
1385 1612 1505 1651 cum
1541 1596 1695 1651 Gallo
1738 1596 1904 1650 fratre
1961 1612 2053 1650 sex

483 1698 654 1738 annos
688 1678 930 1739 traduxit
968 1688 1082 1754 (d).
1124 1686 1232 1739 Sed
1285 1702 1407 1740 cum
1444 1687 1513 1739 ibi
1557 1686 1792 1739 inclusus
1824 1687 1891 1739 ab
1910 1687 2053 1740 omni

482 1775 769 1842 aequalium
788 1777 1177 1831 consuetudine
1215 1789 1601 1842 removeretur,
1627 1778 1781 1846 copia
1812 1793 1917 1832 non
1941 1788 2057 1831 erat

486 1875 683 1921 uteum
706 1866 936 1924 Basilius
957 1869 1179 1923 videret.
1210 1870 1405 1924 Verum
1448 1873 1530 1925 his
1564 1870 1741 1923 Basilii
1780 1872 1845 1923 ad
1885 1869 2055 1924 Julia-
2090 1848 2131 1907 Β

486 1974 613 2012 num
644 1970 697 2013 et
721 1956 920 2013 Juliani
954 1960 1018 2013 ad
1049 1960 1297 2015 Basilium
1334 1961 1529 2014 litteris
1566 1977 1671 2015 non
1710 1961 1935 2014 multum
1964 1960 2059 2014 tri-

486 2050 572 2105 bui
602 2052 780 2109 debet.

570 2141 621 2195 ν’.
656 2142 879 2197 Videtur
914 2144 1142 2199 Athenis
1186 2144 1387 2213 scripta
1442 2146 1624 2199 Basilii
1669 2147 1734 2199 ad
1780 2145 2049 2214 Apollina-

490 2236 629 2288 rium
665 2236 916 2303 epistola,
948 2250 1072 2305 qua;
1098 2237 1199 2290 etsi
1235 2252 1264 2289 a
1294 2236 1431 2293 laico
1459 2238 1526 2291 ad
1558 2237 1754 2292 laicum
1785 2239 2060 2292 scribeba-

489 2339 597 2390 tur,
636 2342 733 2382 nec
762 2328 1053 2398 quidquam
1090 2330 1321 2384 habebat
1365 2329 1467 2383 nisi
1504 2330 1735 2383 amicam
1776 2330 2059 2383 salutatio—

487 2433 632 2483 nem,
653 2418 852 2490 elapsis
880 2430 1054 2476 tamen
1088 2422 1243 2475 annis
1284 2421 1467 2491 viginti
1506 2422 1574 2475 ab
1600 2421 1880 2474 Eustathio
1912 2421 2063 2474 adul-

488 2521 682 2575 terata,
722 2523 777 2566 et
814 2514 882 2565 ad
916 2513 1169 2567 invidiam
1199 2513 1398 2568 Basilio
1424 2514 1713 2568 creandam
1747 2528 1943 2583 magno
1973 2528 2063 2567 so-

488 2604 602 2658 nitu
636 2604 840 2674 jactata
867 2614 948 2658 est
986 2604 1082 2675 (ε).
1124 2604 1356 2658 Basilius
1394 2605 1446 2658 in
1487 2605 1712 2673 epistola
1747 2604 1884 2669 225,
1922 2620 1976 2658 n.
2006 2604 2060 2670 4,

484 2708 605 2764 quae
642 2694 841 2764 scripta
865 2703 949 2749 est
978 2710 1119 2749 anno
1148 2693 1256 2748 375
1283 2702 1539 2759 exeunte,
1584 2696 1872 2762 scripsisse
1900 2710 1956 2749 se
1980 2697 2064 2748 di-

485 2787 561 2840 cit
585 2786 919 2853 Apollinario
949 2798 1075 2842 ante
1106 2802 1280 2843 annos
1304 2786 1490 2857 viginti
1514 2794 1567 2841 et
1589 2786 1837 2855 amplius.
1865 2784 2065 2840 Ibidem

488 2880 682 2935 iterum
712 2890 1034 2936 occurrente
1070 2880 1233 2949 hujus
1266 2880 1343 2935 rei
1394 2881 1668 2934 mentione
1712 2879 1905 2949 viginti
1946 2890 2064 2934 tan-

490 2980 603 3026 tum
638 2973 764 3027 anni
795 2982 1166 3027 numerantur.
1198 2972 1253 3025 In
1282 2972 1505 3041 epistola
1546 2978 1727 3026 autem
1755 2971 1883 3036 226,
1914 2988 2061 3025 num.

491 3066 546 3124 Δ.
578 3074 705 3118 ante
753 3079 923 3117 annos
962 3064 1147 3132 viginti
1202 3064 1305 3117 hoc
1345 3079 1374 3117 a
1425 3077 1483 3118 se
1527 3062 1725 3117 factum
1755 3065 2061 3119 confitetur.

492 3158 561 3207 At
588 3155 642 3208 in
673 3154 900 3225 epistola
927 3153 1053 3219 224,
1086 3171 1138 3207 n.
1172 3152 1229 3219 2,
1253 3154 1479 3224 legimus
1515 3165 1638 3207 ante
1673 3170 1837 3207 annos
1884 3156 2064 3223 viginti

492 3248 740 3316 quinque,
780 3246 886 3319 πρὸ
908 3246 987 3300 κε’
1012 3245 1169 3310 ἑτῶν,
1203 3247 1296 3303 sed
1334 3245 1617 3316 legendum
1645 3256 1773 3313 puto
1800 3244 1924 3297 utin
1949 3244 2067 3297 aliis

497 3339 629 3395 locis
656 3350 781 3393 ante
813 3356 978 3394 annos
1014 3340 1217 3409 uiginti.
1250 3340 1497 3395 Proclive
1526 3339 1674 3393 enim
1702 3338 1800 3391 fuit
1832 3336 2068 3391 librariis

495 3431 728 3485 litteram
765 3448 816 3493 ε,
844 3447 964 3501 qua:
1002 3442 1313 3500 sequentem
1364 3446 1551 3485 vocem
1589 3430 1901 3499 incipiebat,
1944 3444 2065 3483 cum

496 3522 589 3577 lllo
618 3539 653 3576 κ
677 3521 1026 3591 conjungere,
1065 3524 1250 3591 sicque
1288 3537 1569 3575 numerum
1610 3522 1799 3591 viginti
1831 3523 2065 3588 quinque

496 3630 763 3669 annorum
804 3613 1080 3684 ellingere.
1130 3615 1188 3668 Si
1228 3629 1357 3682 ergo
1406 3628 1547 3667 anno
1570 3612 1675 3667 3‘75
1702 3622 1931 3667 exeunte
1958 3611 2065 3678 jam

492 3707 680 3760 exacti.
701 3716 855 3760 erant
881 3707 1008 3759 anni
1052 3706 1261 3776 viginti,
1299 3721 1363 3760 ex
1388 3720 1493 3774 quo
1527 3703 1755 3759 Basilius
1778 3704 2070 3771 scripserat

494 3797 853 3864 Apollinario,
884 3800 1025 3854 hanc
1051 3800 1334 3869 epistolam
1370 3799 1606 3851 scribere
1636 3812 1738 3849 non
1772 3796 1941 3860 potuit
1968 3796 2066 3850 nisi

495 3889 745 3952 Athenis,
770 3906 913 3945 anno
943 3892 1148 3945 scilicet
1179 3890 1284 3944 ’554
1307 3899 1556 3953 exeunte,
1586 3899 1676 3942 aut
1698 3888 1912 3941 ineunte
1942 3888 2065 3943 555.

567 3984 711 4048 Quot
748 3999 918 4039 annos
968 3983 1229 4038 Caesareae
1265 3982 1496 4035 Basilius
1551 3981 1887 4042 traduxerit,
1939 3992 2071 4048 quot

497 4074 1003 4143 Constantinopoli,
1054 4091 1159 4143 quo
1196 4074 1435 4128 Athenas
1476 4087 1617 4127 anno
1656 4071 1889 4140 petierit,
1936 4071 2072 4125 dilli-

501 4169 604 4222 cile
632 4180 716 4225 est
740 4169 1030 4237 conjicere.
1066 4168 1288 4221 Videtur
1312 4165 1617 4222 Caesaream
1654 4165 1854 4219 missus
1876 4202 1892 4228 ,
1946 4177 2068 4217 cum

494 4262 606 4327 jam
643 4262 904 4327 optimum
942 4260 1260 4331 magistrum
1292 4259 1565 4313 amisisset
1608 4266 1816 4326 patrem
1846 4274 1859 4309 :
1899 4271 2072 4325 neque

498 4354 641 4408 enim
679 4367 744 4408 eo
778 4352 900 4405 vivo
928 4368 991 4405 ac
1019 4367 1229 4407 summa
1260 4350 1579 4405 celebritate
1617 4348 1940 4403 rhetoricam
1975 4351 2071 4401 do-

498 4455 675 4511 cente,
730 4446 795 4499 ad
842 4443 977 4498 alias
1033 4444 1271 4507 scholas,
1303 4444 1492 4497 saltem
1545 4452 1651 4495 tam
1696 4443 1826 4507 cito,
1874 4446 2072 4495 missus

2149 592 2314 646 luerit
2346 590 2635 654 Caesareae,
2670 591 2720 644 id
2746 632 2761 653 ,
2792 600 2850 646 ut
2875 591 2985 658 jam
3010 591 3144 654 dixi,
3175 591 3326 647 nullo
3349 601 3527 647 exstat
3555 594 3719 646 vesti-

2148 685 2255 754 gio.
2305 682 2447 738 Idem
2479 682 2584 737 dici
2640 691 2817 751 potest
2847 683 2912 737 de
2936 682 3127 737 studiis
3166 682 3718 751 Constantinopolita-

2149 777 2251 830 nis.
2298 774 2446 841 Quod
2498 785 2681 829 autem
2720 783 2935 844 spectat
2975 775 3041 829 ad
3070 774 3335 842 Athenas,
3368 789 3433 830 eo
3459 775 3716 830 Basilium

2150 867 2361 921 venisse
2393 876 2544 933 putat
2586 862 2967 920 Tillemontius
2995 880 3138 919 anno
3169 865 3266 920 35l
3290 906 3305 930 ,
3344 867 3470 936 quia
3509 866 3715 936 Grego-

2152 959 2265 1012 rius
2299 956 2391 1026 qui
2427 957 2588 1025 paulo
2614 966 2740 1010 ante
2770 955 3027 1011 Basilium
3068 957 3120 1009 in
3164 957 3307 1011 banc
3335 957 3521 1011 urbem
3549 958 3713 1010 adve-

2152 1052 2251 1112 nit.
2276 1048 2570 1103 imberbem
2605 1064 2663 1104 se
2688 1048 2900 1103 venisse
2932 1048 3259 1121 declarat(f)
3276 1064 3337 1103 ac
3366 1048 3592 1116 proinde
3623 1063 3722 1101 an-

2151 1158 2250 1196 nos
2284 1152 2474 1196 natum
2504 1142 2721 1195 circiter
2742 1140 2832 1193 22.
2856 1141 3067 1196 Certior
3088 1141 3291 1196 reditus
3322 1156 3385 1195 ex
3422 1142 3523 1194 hac
3554 1142 3719 1194 urbe:

2152 1247 2257 1286 non
2298 1232 2443 1286 cnim
2477 1232 2634 1287 citius
2669 1233 2893 1301 contigit
2950 1247 3091 1286 anno
3118 1232 3223 1287 555
3258 1242 3488 1287 exeunte
3516 1240 3607 1283 aut
3638 1233 3723 1285 itt-

2150 1336 2317 1380 eunte
2370 1324 2499 1391 356,
2535 1325 2798 1391 siquidem
2854 1323 2927 1375 ibi
2974 1323 3103 1377 vidit
3146 1323 3375 1378 Basilius
3412 1321 3721 1386 Julianum,

2172 1418 2261 1486 qui
2298 1418 2350 1471 in
2382 1417 2523 1471 hanc
2557 1416 2740 1469 urbem
2768 1415 2911 1469 venit
2942 1414 3053 1482 jant
3088 1416 3262 1469 media
3293 1422 3443 1483 parte
3474 1415 3596 1467 anni
3620 1414 3727 1469 555

2162 1510 2370 1579 elapsa.
2408 1508 2592 1577 Neque
2619 1509 2778 1563 etiam
2814 1508 3154 1577 serius,quia
3180 1506 3415 1577 spatium
3449 1506 3590 1560 inter
3610 1513 3727 1561 stu-

2154 1601 2239 1655 dia
2266 1602 2569 1654 litterarum
2624 1609 2677 1653 et
2719 1600 3083 1655 sacerdotium
3117 1598 3279 1651 nimis
3320 1598 3569 1653 contrahi
3619 1612 3727 1653 non

2158 1694 2363 1760 patitur
2391 1708 2573 1747 rerum
2604 1691 2782 1746 Basilii
2808 1702 3083 1762 gestarum
3114 1689 3422 1747 multitudo.

2768 1803 2993 1860 CAPUT
3029 1802 3115 1858 Ill.

2162 1918 2200 1971 Ι.
2240 1919 2468 1973 Sanctus
2498 1919 2729 1973 Basilius
2769 1919 2823 1971 in
2862 1920 3087 1984 patriam
3125 1916 3255 1969 redit
3287 1928 3332 1969 et
3357 1933 3522 1973 scema
3550 1917 3731 1971 mundi

2234 1990 2439 2056 aliquid
2484 1990 2686 2041 tribuit.
2717 1988 2778 2041 ﬂ.
2819 1986 3098 2040 Probabile
3130 1999 3201 2040 est
3226 2004 3340 2039 eum
3364 2001 3473 2054 post
3512 1991 3732 2041 reditum

2237 2060 2565 2119 baptizatum
2613 2060 2795 2124 fuisse.
2842 2057 2928 2112 Ill.
2986 2056 3312 2110 Naucratius
3362 2057 3507 2110 illius
3562 2063 3731 2126 frater

2238 2131 2487 2183 moritur.
2516 2126 2601 2181 IV.
2638 2126 2811 2180 Vitam
2844 2128 3185 2181 monasticam
3210 2126 3439 2179 Basilius
3466 2128 3733 2191 amplecti-

2238 2210 2346 2260 tur,
2377 2212 2421 2251 et
2458 2197 2684 2252 Orientis
2728 2214 2788 2248 ac
2818 2196 3037 2263 /Egypti
3081 2200 3395 2249 monasteria
3431 2197 3628 2249 invisit.
3662 2196 3730 2249 V.

2238 2270 2578 2322 Alexandria:
2614 2266 2794 2319 morbo
2825 2265 3063 2318 detentus
3093 2268 3269 2318 scribit
3307 2265 3607 2319 Eustathio.
3647 2264 3731 2318 VI.

2242 2340 2449 2419 Secedit
2482 2340 2537 2391 in
2575 2336 2809 2390 Pontum
2873 2334 3069 2386 {rustra
3100 2336 3248 2386 illum
3284 2337 3575 2390 retrahente
3607 2334 3732 2389 Gre-

2232 2427 2399 2478 goria.

2232 2524 2272 2577 l.
2295 2522 2525 2576 Basilius
2543 2520 2706 2589 igitur
2723 2530 2775 2574 et
2791 2516 3084 2585 Gregorius
3108 2514 3305 2587 (g),ubi
3326 2514 3585 2569 doctrina:
3601 2530 3740 2569 mer-

2169 2617 2323 2670 cibus
2355 2630 2545 2669 navem
2579 2629 2729 2667 suam
2764 2622 3017 2665 onustam
3048 2609 3316 2673 viderunt,
3350 2606 3526 2659 redire
3561 2606 3614 2657 in
3646 2622 3741 2674 pa-

2177 2711 2340 2761 triam
2372 2718 2703 2770 statuerunt,
2739 2716 2795 2757 ιιι
2837 2704 2969 2758 inita
3022 2701 3314 2757 sanctioris
3351 2697 3581 2753 instituti
3613 2712 3743 2750 con-

2170 2798 2286 2853 silia
2338 2798 2680 2866 perlicerent.
2728 2796 2927 2849 Aderat
2979 2796 3250 2849 discessus
3287 2791 3439 2846 dies:
3487 2786 3581 2842 sed
3614 2793 3742 2857 quia

2174 2889 2329 2958 longe
2356 2885 2799 2941 molestissimum
2836 2898 2955 2938 esse
2980 2884 3189 2938 solebat
3224 2882 3467 2937 Athenas
3496 2889 3550 2934 et
3580 2876 3740 2931 soda-

2169 2981 2246 3036 les
2288 2980 2624 3048 relinquere;
2676 2988 2783 3031 tutn
2827 2990 2948 3030 cum
2985 2975 3371 3040 valedicerent,
3430 2973 3746 3028 circumstat

2173 3089 2266 3128 eos
2314 3072 2576 3126 sodalium
2614 3080 2668 3124 ct
2716 3066 3025 3137 :equalium,
3062 3082 3123 3122 ac
3170 3068 3549 3138 magistrorum
3580 3062 3742 3115 etiam

2175 3160 2552 3216 nonnullorum
2588 3160 2807 3221 chorus,
2834 3171 2898 3211 ac
2935 3157 3186 3224 precibus
3230 3165 3285 3211 et
3311 3152 3569 3223 querelis,
3609 3151 3735 3205 hor-

2178 3254 2357 3313 tando,
2391 3263 2441 3303 et
2468 3252 2571 3302 vim
2594 3250 2840 3302 faciendo
2872 3246 3087 3300 illorum
3121 3246 3353 3299 reditum
3384 3241 3744 3297 intercludere

2178 3352 2464 3393 conantur.
2499 3341 2571 3390 Ac
2609 3338 2837 3389 Basilius
2880 3335 3095 3402 quidem
3131 3333 3247 3386 hmc
3280 3330 3517 3383 claustra
3554 3343 3746 3395 perru-

2179 3434 2276 3504 pit,
2332 3442 2387 3485 et
2434 3430 2666 3484 abeundi
2705 3420 2914 3479 veniam
2965 3423 3309 3493 impetravit,
3358 3421 3606 3490 quamvis
3640 3436 3743 3474 non

2176 3529 2292 3581 sine
2338 3525 2571 3578 maxima
2622 3520 2988 3574 ditniCaIione.
3027 3518 3096 3571 At
3131 3514 3426 3585 Gregorius
3461 3513 3630 3565 vietus
3663 3518 3747 3564 est

2179 3618 2370 3684 partim
2390 3616 2686 3669 amicorum
2716 3612 2967 3682 precibus
2987 3618 3043 3664 et
3060 3606 3334 3678 lacrymis,
3355 3604 3549 3673 partim
3584 3602 3747 3657 etiam
3775 3644 3781 3651 .

2181 3707 2328 3761 illutn
2364 3704 2621 3774 prodente
2651 3704 2847 3757 Basilio
2877 3702 2980 3769 (sic
3008 3700 3149 3755 enim
3178 3699 3289 3767 ipse
3310 3695 3565 3750 Basilitnn
3596 3693 3748 3747 incu-

2178 3800 2284 3869 sat)
2316 3808 2368 3852 et
2404 3810 2624 3865 operam
2660 3795 3060 3869 retrahentibus
3101 3802 3355 3844 navante.
3391 3789 3592 3842 Invitus
3614 3801 3744 3856 ergo

2178 3866 2405 3948 Athenis
2440 3887 2698 3943 remansit
2730 3866 3043 3955 Gregorius,
3076 3883 3166 3935 sed
3191 3898 3314 3935 cum
3336 3884 3421 3933 diu
3458 3883 3524 3933 ab
3555 3881 3748 3933 anime

2178 4000 2289 4039 sua:
2314 3980 2534 4037 dimidio
2571 3976 2749 4033 divelli
2783 3990 2886 4029 non
2916 3980 3120 4043 posset,
3170 3985 3231 4023 ac
3257 3978 3539 4037 parentum
3567 3974 3620 4018 et
3648 3978 3746 4034 pa-

2182 4077 2297 4131 triae
2330 4072 2601 4129 desiderio
2638 4070 2775 4124 ictus
2818 4076 2984 4133 esset,
3016 4081 3120 4119 non
3170 4062 3337 4117 multo
3369 4069 3491 4130 post
3519 4054 3748 4113 Athenis

2179 4168 2316 4223 clam
2351 4180 2408 4219 se
2444 4161 2699 4218 subduxit
2734 4169 2787 4214 et
2815 4159 2868 4212 in
2893 4159 3123 4228 patriam
3156 4153 3435 4209 remeavit.

2251 4259 2431 4313 Rediit
2480 4270 2687 4309 summa
2723 4252 3002 4307 celeritate
3036 4248 3267 4303 Basilius
3313 4248 3431 4316 (Ii):
3472 4244 3745 4299 Constan-

2183 4352 2485 4423 tin0polim,
2519 4347 2665 4401 velut
2716 4346 2937 4417 Ulysses
2978 4344 3230 4398 Sirenum
3277 4349 3491 4403 cantus,
3521 4346 3748 4408 praeter-

2186 4448 2246 4501 iit
2274 4462 2286 4495 :
2327 4441 2743 4497 admirationem
2787 4438 2928 4492 illius
2952 4436 3246 4491 commovit
3288 4432 3413 4487 Asia
3440 4471 3455 4496 ,
3483 4432 3576 4485 sed
3628 4442 3747 4482 ma-

499 4538 709 4591 t‘uisset.
747 4534 802 4589 ια
833 4546 1010 4589 autem
1039 4536 1312 4605 probabile
1353 4547 1436 4590 est
1471 4533 1765 4601 contigisse
1795 4534 1937 4587 circa
1977 4549 2072 4585 an-
2103 4559 2151 4617 ι)
2180 4539 2298 4607 guis
2331 4534 2616 4591 itineribus
2635 4532 2939 4587 Caesaream
2967 4528 3380 4582 contendentem
3415 4522 3611 4577 morari
3642 4535 3748 4576 non

499 4644 626 4681 num
649 4627 754 4682 542
784 4636 879 4681 aut
912 4628 1035 4681 545.
1063 4628 1195 4681 Nam
1220 4626 1460 4693 Petrum,
1482 4629 1569 4696 qui
1592 4625 1749 4694 paulo
1777 4638 1900 4680 ante
1930 4642 2077 4680 mor-

504 4732 609 4775 tem
647 4723 821 4789 patris
866 4722 917 4774 itt
952 4721 1123 4775 lucem
1164 4722 1339 4775 editus
1376 4729 1478 4782 est,
1518 4721 1894 4787 presbyterum
1932 4717 2077 4772 ordi-

504 4814 650 4865 navit
684 4811 918 4867 Basilius
943 4811 997 4865 in
1026 4810 1338 4879 primordiis
1363 4810 1723 4877 episcopatus,
1756 4817 1810 4859 ut
1832 4808 1972 4861 infra
1996 4808 2072 4861 vi-

501 4902 767 4955 debimus.
813 4900 944 4955 Cum
971 4908 1151 4953 autem
1194 4899 1341 4965 leges
1390 4897 1808 4958 ecclesiasticae,
1841 4911 2072 4963 quarum

498 5004 619 5047 erat
642 4994 1087 5048 servantissimus
1110 4990 1357 5053 Basilius,
1380 5006 1550 5044 annos
1584 4990 1803 5057 triginta
1836 4990 1900 5040 ad
1956 5003 2077 5057 pre-

508 5087 707 5154 sbyteri
732 5087 953 5152 gradum
981 5084 1342 5153 requirerent,
1366 5082 1733 5136 hancaatatem
1762 5082 1961 5134 habere
1985 5082 2077 5135 de-

503 5179 617 5232 buit
645 5178 841 5245 Petrus
870 5178 922 5229 in
954 5177 1263 5246 primordiis
1308 5176 1650 5243 episcopatus
1677 5175 1733 5229 S.
1779 5173 1985 5237 Basilii,
2023 5174 2073 5227 id

504 5281 583 5324 est
618 5272 760 5326 cirt-a
796 5288 994 5325 annum
1036 5271 1140 5323 572
1200 5280 1291 5321 aut
1341 5268 1446 5321 373
1478 5307 1492 5330 ,
1533 5282 1597 5320 ac
1636 5268 1861 5335 proinde
1922 5276 2075 5319 ortus

508 5366 669 5428 Petri,
708 5380 853 5418 mors
895 5365 1063 5433 patris
1089 5403 1103 5429 ,
1140 5362 1319 5417 Basilii
1377 5361 1677 5415 Cmsareatu
1711 5358 1973 5415 profectio
2006 5358 2071 5411 ad

571 5548 646 5615 (α)
675 5545 820 5599 Orat.
850 5546 902 5602 4.

574 5620 648 5683 (ὁ)
688 5618 780 5682 Ep.
811 5620 895 5671 40.

572 5691 640 5749 fr)
686 5690 777 5751 Ep.
802 5689 897 5740 41.

575 5760 651 5813 (di
678 5759 867 5826 Julian,
906 5776 959 5823 ep
1010 5761 1077 5807 ad
1110 5759 1295 5809 Athan

576 5830 645 5887 (ε’)
685 5830 757 5881 lit»
814 5828 934 5892 (ΞΗ,
973 5846 1000 5880 n
1066 5828 1208 5894 9,01)
1262 5829 1385 5889 2‘26,
1426 5845 1473 5880 n.
1508 5826 1566 5878 4,

2178 4631 2370 4700 potuit.
2437 4624 2847 4679 Perltonorilice
2892 4638 2920 4674 a
2968 4618 3391 4673 Ca-sariensibus
3442 4624 3701 4682 exceptus
3729 4652 3747 4679 ,

2176 4737 2349 4777 scenae
2378 4718 2560 4774 mundi
2595 4716 2799 4785 aliquid
2827 4713 3011 4767 tribuit
3043 4712 3267 4774 invitus,
3304 4710 3419 4763 sive
3445 4704 3584 4774 quod
3625 4706 3748 4759 rhe—

2179 4815 2402 4869 toricam
2446 4810 2692 4864 docuerit
2719 4808 2997 4868 Caesareae,
3036 4804 3177 4872 quod
3219 4817 3413 4855 munus
3442 4799 3586 4850 illum
3632 4812 3747 4850 ma-

2177 4907 2374 4976 gniﬁce
2404 4902 2735 4963 exercuisse,
2774 4896 3097 4961 Gregorium
3140 4908 3266 4946 vero
3316 4888 3747 4960 magniﬁcentius

2178 4994 2567 5065 contempsisse
2616 5000 2806 5045 narrat
2856 4985 3212 5057 ltulinus(i):
3247 4986 3358 5039 sive
3387 4984 3547 5053 quod,
3592 4990 3649 5033 ιιι
3680 4981 3745 5037 de

2180 5105 2239 5144 se
2276 5090 2390 5159 ipse
2422 5095 2656 5141 testatur
2689 5082 3001 5152 Gregorius,
3042 5080 3385 5147 poscentibus
3419 5076 3647 5138 civibus,
3688 5081 3747 5128 ut

2184 5185 2551 5246 comportatas
2583 5174 2651 5228 ab
2684 5174 2887 5227 exteris
2915 5170 3220 5237 regionibus
3236 5184 3364 5236 opes
3386 5169 3741 5235 depromeret,

2187 5267 2387 5335 ingenii
2426 5268 2505 5319 sui
2536 5264 2831 5336 specitnina
2867 5264 3133 5331 denegare
3160 5276 3264 5315 non
3306 5257 3555 5329 potuerit.
3590 5254 3742 5308 Illum

2184 5369 2332 5412 certe
2360 5359 2535 5428 patria
2575 5359 2719 5411 velut
2746 5356 2979 5409 alterum
3020 5356 3352 5409 conditorem
3380 5363 3433 5407 et
3462 5362 3641 5404 conss:
3656 5360 3715 5398 va

2252 5540 2317 5607 (ί)
2348 5539 2523 5591 Carm.
2548 5537 2610 5589 de
2639 5536 2739 5591 vita

2252 5613 2321 5677 (g)
2346 5608 2493 5662 Orat.
2525 5610 2593 5659 illi

2253 5684 2327 5749 (It)
2356 5680 2517 5742 Epist.
2562 5680 2606 5732 1.

2258 5748 2318 5820 ii)
2355 5750 2467 5803 Lib.
2503 5765 2648 5802 .\t.,t‘.
2693 5748 2723 5802 9
