4006 6430
1547 402 1702 457 νιτΑ
1743 401 1801 458 S.
1843 402 1926 455 BA
1936 403 2086 459 Sil."

3373 434 3469 471 IIII

228 536 423 592 torem,
454 534 593 581 teste
617 522 875 592 Gregorio
902 522 1002 592 (α),
1037 521 1310 591 complexa
1345 529 1445 574 est.
1480 519 1593 574 Non
1617 521 1793 574 minus
1835 525 1880 580 Α
1911 520 2018 575 lum
2058 539 2085 573 a
2122 536 2178 574 se
2222 522 2509 585 discernat,
2542 522 2637 578 sed
2678 524 2838 580 ambo
2865 541 2929 581 aa
2978 528 3263 584 ecclesiam
3307 533 3469 587 ivisse

229 624 281 676 ei
315 621 548 676 honoris
596 616 782 672 habuit
828 614 1173 669 Neocmssrea
1222 614 1320 682 (b),
1360 628 1478 681 qum
1509 612 1708 681 legatos
1735 612 1803 665 ad

230 729 350 766 eum
374 728 438 767 ex
470 720 658 766 senatu
688 709 855 773 misit,
880 716 938 760 ttt
960 706 1253 776 iuventutis
1273 719 1457 759 curam
1482 705 1799 775 susciperet.

234 806 373 872 Quin
403 807 589 867 etiam,
630 819 749 857 cum
782 803 835 855 in
886 802 1023 855 hanc
1065 800 1252 852 urbem
1290 799 1565 861 venisset,
1617 812 1803 851 omnes

231 914 350 947 eum
377 897 873 957 circumsteterunt,
897 890 1027 944 nilnil
1053 905 1157 942 non
1180 888 1501 949 defcrentes,
1524 886 1656 940 nihil
1696 903 1800 941 nou

234 988 551 1054 pollicentes
588 1001 602 1038 :
641 984 734 1038 sed
769 997 888 1036 eum
944 982 1179 1034 retinere
1226 996 1330 1033 non
1362 986 1669 1048 potuerunt.
1710 976 1800 1030 Vi-

234 1078 429 1130 dentur
462 1076 574 1129 haac
602 1073 913 1141 contigisse,
948 1070 1028 1123 vel
1054 1085 1176 1123 cum
1209 1069 1435 1123 Basilius
1465 1068 1692 1121 Athenis
1727 1080 1804 1120 re-

233 1168 362 1230 dux,
423 1169 477 1218 ln
532 1165 706 1219 Ponto
750 1161 982 1216 visenda:
1010 1160 1202 1214 matris
1243 1175 1401 1213 causa
1447 1168 1688 1211 moratus
1721 1164 1804 1210 est

235 1257 339 1326 (vix
366 1256 511 1309 enim
534 1256 753 1309 dubium
790 1252 919 1321 quin
950 1252 1053 1306 hoc
1069 1250 1299 1305 oﬂiciuut
1338 1260 1464 1302 tunc
1487 1250 1800 1316 matriprtn-

235 1346 483 1415 stiterit),
513 1344 593 1399 vel
620 1360 740 1398 cum
761 1344 988 1396 docendi
1022 1343 1159 1411 apud
1190 1340 1548 1394 Caesarienses
1580 1354 1803 1393 munere

238 1440 478 1506 solutus,
530 1452 680 1508 spem
737 1436 921 1506 injecit
975 1432 1499 1489 Neocmsariensibus
1552 1433 1633 1486 sui
1685 1431 1805 1485 alli-

238 1532 436 1587 ciendi.

310 1624 418 1679 Sed
453 1621 634 1675 mundi
663 1620 891 1675 vinculis
918 1617 1207 1687 constringi
1243 1633 1303 1673 se
1339 1632 1443 1671 non
1476 1629 1665 1685 passus
1696 1621 1809 1677 est;

238 1734 300 1773 ac
331 1718 441 1771 cito
468 1714 535 1768 ab
574 1714 866 1769 honoribus
904 1711 1117 1765 fastidio
1146 1720 1199 1763 et
1227 1711 1479 1765 satietate
1521 1707 1802 1761 abaliena-

240 1819 343 1859 tus.
378 1804 491 1871 Qua
528 1805 581 1857 in
614 1818 668 1856 re
698 1803 983 1871 plurimum
1014 1801 1159 1853 illum
1183 1800 1403 1869 adjuvit
1442 1798 1677 1852 Macrina
1714 1809 1801 1848 so-

1906 614 2063 668 simul
2110 624 2165 668 et
2195 616 2453 669 redivisse
2478 656 2493 680 ,
2524 620 2681 672 ambo
2730 619 2903 673 sacris
2956 621 3327 688 concionibus,
3364 641 3467 677 non

1920 706 2192 774 mysteriis
2228 704 2540 760 interfuisse
2582 708 2891 761 videantur.
2934 708 3024 761 Sic.
3061 710 3200 764 enim
3234 710 3471 778 loquitur

1907 793 1989 865 (f)
2029 813 2040 847 :
2092 794 2195 847 Δύο
2232 796 2330 865 μὲν
2363 798 2714 870 ὲγνωρίζοντο
2737 802 2868 870 ἡμῖν
2901 800 3041 853 ὁδοί·
3084 804 3117 872 ή
3156 801 3251 871 μὲν
3280 801 3470 872 πρώτη

1914 885 2011 937 καὶ
2033 886 2350 957 τιμιωτέρα,
2378 889 2410 957 ή
2436 887 2492 939 δὲ
2519 886 2744 958 δευτέρα
2765 890 2860 941 καὶ
2904 890 2964 943 οὐ
2995 890 3087 943 τοῦ
3123 890 3236 944 [σου
3269 892 3428 958 λόγου
3454 911 3466 924 ·

1904 974 1939 1043 ἦ
1977 990 2035 1026 τε
2067 974 2201 1045 πρὸς
2225 977 2348 1039 τοὺς
2372 979 2548 1046 ἱεροὺς
2576 978 2727 1048 ἡμῶν
2756 980 2932 1043 οἴκους
2952 1021 2965 1043 ,
3000 983 3091 1033 καὶ
3138 985 3265 1045 τοὺς
3296 986 3469 1038 ἐκεῖσε

1908 1064 2265 1130 διδασκάλους
2310 1068 2570 1138 φέρουσα,
2605 1071 2698 1123 καὶ
2742 1073 2774 1141 ἡ
2810 1071 2942 1143 πρὸς
2972 1074 3099 1136 τοὺς
3120 1074 3314 1140 ἔξωθεν
3342 1093 3468 1129 παι-

1912 1156 2130 1220 δευτάς.
2160 1156 2287 1211 Dua:
2318 1161 2462 1212 nobis
2490 1161 2585 1212 via:
2633 1171 2771 1213 note
2796 1170 2967 1223 erant,
3018 1162 3185 1215 altera
3223 1165 3390 1231 prima
3423 1176 3470 1218 et

1905 1250 2268 1317 prmtantior,
2302 1250 2473 1303 altera
2504 1254 2753 1313 secunda,
2784 1264 2830 1304 ct
2864 1253 3127 1321 inferioris
3160 1256 3312 1321 pretii
3339 1271 3355 1307 :
3379 1256 3472 1309 illa

1910 1355 2089 1408 nempe
2117 1357 2231 1408 qua!
2264 1341 2331 1391 ad
2362 1357 2540 1395 sacras
2570 1352 2774 1395 nostras
2803 1345 3012 1408 domos,
3039 1361 3221 1414 eosque
3246 1349 3333 1415 qui
3368 1348 3473 1401 illic

1912 1442 2062 1486 erant
2087 1434 2324 1487 doctores
2368 1432 2605 1501 ferebat:
2640 1435 2750 1489 luet:
2777 1448 2971 1504 autem,
2991 1455 3107 1508 qua:
3136 1441 3202 1492 ad
3235 1453 3474 1495 externos

1904 1535 2267 1591 pra'cepmres.

1977 1613 2031 1665 ln
2063 1616 2257 1667 eadem
2294 1615 2542 1670 oratione
2589 1616 2654 1669 de
2689 1616 2849 1669 rebus
2886 1628 3005 1685 post
3052 1620 3281 1674 reditum
3308 1638 3334 1674 a
3365 1618 3471 1675 Ba-

1905 1704 2028 1757 silio
2057 1707 2222 1773 gestis
2258 1706 2507 1775 loquens,
2556 1709 2633 1763 sic
2661 1724 2783 1762 eum
2822 1711 2887 1764 ad
2918 1726 3133 1765 sacrum
3186 1716 3471 1783 presbyte-

1908 1809 2090 1848 rorum
2120 1799 2368 1851 ordinem
2401 1803 2711 1866 pervenisse
2736 1803 2888 1869 dicit,
2921 1816 2978 1857 ut
3006 1804 3152 1858 illum
3184 1808 3361 1861 divina
3390 1809 3477 1862 be-

241 1910 350 1953 ror,
378 1907 498 1959 qua:
526 1908 645 1945 cum
680 1891 827 1944 illum
858 1889 1077 1943 vidisset
1108 1888 1267 1942 nimis
1292 1888 1576 1955 magnifice
1606 1888 1671 1938 de
1692 1884 1802 1937 elo-
1839 1859 1880 1918 Β
1911 1887 2143 1953 nignitas
2175 1906 2278 1941 non
2307 1889 2479 1943 subito
2515 1895 2584 1944 ad
2619 1896 2757 1947 hunc
2796 1895 3016 1965 gradum
3047 1898 3361 1960 subveheret,
3385 1916 3477 1955 nec

238 1984 461 2052 quentia
512 1982 713 2035 sentire
738 2020 754 2045 ,
798 1997 861 2035 ac
902 1978 1195 2047 dignitates
1229 1993 1415 2032 onmes
1446 1976 1803 2038 flaccifacere,

236 2092 288 2127 et
314 2077 456 2130 fastu
490 2076 722 2145 quodam
747 2086 905 2141 supra
932 2071 1179 2124 homines
1211 2079 1476 2137 potestate
1517 2067 1694 2123 claros
1727 2065 1807 2119 ef-

237 2168 387 2231 ferri,
415 2168 665 2221 celeriter
686 2168 751 2219 ad
782 2163 1069 2216 aseeticam
1114 2162 1301 2227 vitam,
1335 2178 1496 2230 quant
1531 2162 1643 2230 ipsa
1678 2176 1803 2227 pro-

238 2260 513 2320 fitebatur,
540 2256 781 2309 attraxit.
819 2253 942 2307 lltec
987 2254 1247 2307 discimus
1282 2269 1348 2306 ex
1383 2253 1641 2320 Gregorio
1672 2250 1807 2320 Nys-

237 2368 388 2410 scno,
418 2350 572 2416 cujus
604 2346 765 2397 verba
807 2346 967 2397 etiam
996 2344 1182 2399 Grmce
1213 2345 1512 2397 referenda.
1546 2341 1635 2393 Sic
1653 2342 1795 2395 enim

237 2443 475 2508 loquitur
512 2440 561 2491 itt
598 2436 714 2491 l't'ta
746 2439 807 2491 S.
837 2435 1092 2491 Macrimc
1120 2453 1137 2489 :
1170 2434 1423 2487 Λαὸοῦσα
1446 2434 1622 2485 τοίνυν
1648 2434 1810 2487 αὐτὸν

235 2533 529 2603 ὑπερφυῶς
554 2532 863 2603 ἐπηρμένον
886 2528 963 2597 τῷ
978 2529 1102 2588 περὶ
1122 2528 1243 2590 τοὺς
1267 2526 1456 2594 λόγους
1480 2528 1807 2597 φρονήματι,

236 2629 329 2679 καὶ
360 2625 537 2679 πάντα
590 2621 1019 2695 περιφρονοῦντα
1059 2619 1126 2671 τὰ
1161 2618 1448 2690 ἀξιώματα
1472 2660 1486 2684 ,
1526 2620 1618 2672 καὶ
1670 2620 1810 2690 ὑπὲρ

236 2716 360 2778 τοὺς
385 2716 442 2766 ὲν
464 2716 529 2782 τῇ
556 2711 839 2778 δυναστείᾳ
865 2708 1149 2779 λαμπροὺς
1181 2710 1489 2780 ἐπηρμένον
1517 2708 1595 2779 τῷ
1622 2709 1768 2779 ὄγκῳ
1792 2749 1806 2772 ,

236 2806 478 2861 τοσούτω
523 2806 678 2875 τάχει
726 2802 975 2854 κάκεῖνον
1027 2805 1163 2871 πρὸς
1218 2802 1307 2854 τὸν
1352 2802 1452 2871 τῆς
1495 2801 1809 2872 φιλοσοφίας

240 2899 440 2952 σκοπὸν
470 2894 839 2950 ἐπεσπάσατο.
868 2890 1090 2946 Videtur
1121 2893 1246 2947 huic
1291 2894 1599 2947 testimonio
1630 2894 1808 2962 aliqua

242 2995 414 3046 inesse
448 2984 813 3054 exaggeratio.
851 2983 985 3037 Nam
1013 2994 1245 3038 testatur
1260 2983 1555 3052 Gregorius
1579 2983 1809 3037 Nazian-

241 3100 404 3138 zenus
437 3082 507 3151 (ε)
543 3093 600 3132 se
644 3088 698 3131 et
736 3075 993 3130 Basilium
1049 3092 1225 3130 scettze
1255 3077 1437 3129 mundi
1470 3076 1676 3144 aliquid
1706 3076 1807 3128 tri-

1909 1980 2064 2033 simul
2093 1996 2208 2033 eum
2254 1990 2305 2034 et
2354 1981 2584 2037 ablueret
2618 1993 2667 2037 et
2697 1986 2957 2053 sapientia
3006 1989 3278 2042 instrueret
3315 1990 3475 2060 (οὐδὲ

1909 2071 2045 2141 ὁμοῦ
2079 2089 2137 2125 τε
2176 2072 2422 2127 πλύνασα
2446 2074 2541 2127 καὶ
2578 2076 2892 2145 σοφίσασα).
2916 2080 3350 2146 quemadmodum
3372 2085 3477 2147 pte.

1910 2180 2098 2233 resque
2126 2182 2309 2218 eorum
2340 2167 2428 2232 qui
2462 2184 2597 2221 nunc
2633 2170 2930 2221 antistitum
2981 2185 3169 2223 ntttnu:
3192 2183 3476 2239 appetunt:

1910 2270 2086 2306 verum
2124 2256 2307 2309 ordine
2334 2266 2384 2309 et
2417 2258 2713 2324 spiritualis
2743 2260 3128 2326 progressionis
3181 2260 3289 2329 lege
3317 2301 3332 2324 ,
3380 2263 3477 2314 hac

1911 2360 2026 2395 eum
2054 2344 2248 2398 honore
2276 2346 2517 2415 alﬁreret.
2564 2347 2674 2402 Hoc
2715 2348 2880 2401 verbo
2911 2348 3159 2403 πλύνασα
3184 2351 3479 2420 haplismus

1914 2435 2195 2490 manifeste
2226 2438 2564 2507 designatur.
2612 2437 2998 2504 Quamobrem,
3029 2456 3149 2494 cum
3185 2442 3480 2511 Gregorius

1911 2528 1978 2580 de
2007 2527 2073 2580 iis
2106 2528 2352 2595 loquatur
2386 2544 2505 2597 qua:
2536 2528 2761 2584 Basilius
2815 2530 3041 2584 Athenis
3080 2545 3327 2586 reversus
3357 2547 3479 2601 ges-

1919 2618 2009 2680 sit,
2047 2633 2276 2684 eumque
2306 2619 2450 2672 dicat
2472 2634 2576 2672 non
2606 2621 2787 2673 statim
2816 2621 3141 2690 baptizatum
3171 2630 3224 2675 et
3256 2624 3478 2693 presby-

1916 2717 2085 2765 terum
2126 2708 2329 2762 factum
2358 2709 2547 2778 fuisse,
2572 2723 2672 2765 nec
2698 2710 2931 2765 obscura
2962 2727 3057 2766 nec
3078 2712 3310 2767 difﬁcilis
3347 2729 3482 2767 con-

1913 2800 2086 2854 clusio
2115 2811 2198 2855 est
2226 2816 2349 2854 eum
2388 2801 2681 2871 baptismo,
2711 2813 2995 2872 postquam
3028 2805 3256 2859 Athenis
3299 2806 3477 2870 rediit,

1916 2893 2187 2947 initiatum
2244 2892 2431 2948 fuisse.
2471 2892 2738 2949 Prreterea
2776 2897 2855 2951 sic
2906 2896 3481 2968 observatGregorius

1912 2986 2255 3039 intervallum
2284 2988 2427 3055 quod
2465 2986 2605 3040 inter
2638 2986 2818 3042 Basilii
2853 2989 3176 3058 baptismum
3218 3002 3272 3045 et
3304 3006 3483 3045 sacer-

1911 3078 2114 3131 dotium
2140 3078 2369 3139 exstitit.
2410 3078 2489 3133 sic
2512 3093 2608 3134 eos
2629 3082 2799 3148 carpit
2826 3082 2917 3151 qui
2950 3098 2978 3136 a
3007 3082 3270 3149 baptismo
3298 3083 3363 3136 ad
3391 3098 3481 3138 sa-

240 3177 439 3237 Iniisse,
474 3186 581 3225 non
616 3168 1001 3225 ostentationis
1033 3169 1215 3223 studio
1246 3168 1338 3237 (ab
1376 3169 1478 3221 hoc
1506 3167 1649 3219 enim
1680 3165 1808 3220 vitio
1834 3205 1877 3263 ε
1914 3170 2216 3223 cerdotium
2248 3170 2518 3234 assiliunt,
2551 3182 2608 3224 ut
2644 3172 2783 3225 laudi
2816 3182 3052 3242 apponat
3079 3174 3297 3237 Basilio,
3336 3178 3478 3246 quod

237 3268 444 3319 aEienos
492 3279 611 3318 sese
660 3263 875 3331 fuisse),
914 3263 1008 3314 sed
1047 3271 1103 3313 ut
1135 3259 1488 3327 plurimorum
1537 3257 1809 3312 desiderio

238 3357 607 3425 perfunctorie
633 3354 1035 3409 satisfacerent.
1062 3349 1337 3403 Lenienda
1368 3364 1497 3418 ergo
1520 3350 1695 3418 aliqua
1726 3350 1811 3403 in-

240 3452 628 3519 terpretatione
680 3448 841 3500 verba
875 3444 1120 3514 Gregorii
1158 3442 1421 3511 Nysseni;
1472 3457 1568 3495 nec
1615 3450 1811 3511 putan-

240 3547 364 3597 dum
394 3554 545 3595 tanto
572 3540 709 3593 fastu
741 3538 944 3593 elatum
978 3536 1144 3590 fuisse
1180 3534 1435 3588 Basiliutn
1457 3574 1471 3596 ,
1504 3532 1596 3586 sed
1644 3531 1806 3594 forte,

235 3639 358 3689 dum
392 3632 721 3701 eloquentia:
774 3644 885 3683 sute
939 3626 1236 3696 specimina
1286 3623 1494 3677 civibus
1547 3621 1807 3686 exhibet,

237 3727 511 3792 plausibus
551 3722 819 3776 interdum
846 3718 1101 3771 delectari
1137 3716 1305 3768 visum
1336 3728 1494 3779 esse;
1526 3714 1665 3768 unde
1698 3730 1809 3770 me-

240 3830 321 3869 tus
349 3818 585 3885 injectus
618 3810 817 3872 sorori,
846 3824 912 3862 ne
949 3808 1034 3861 his
1058 3807 1269 3877 laqueis
1299 3806 1506 3859 arctius
1541 3806 1805 3870 irretitus,

234 3910 489 3973 deinceps
524 3918 585 3958 se
612 3902 868 3972 expedire
905 3918 1006 3955 non
1034 3909 1235 3970 posset.
1266 3897 1532 3952 Pra-terea
1561 3913 1658 3951 nec
1695 3899 1807 3965 ipsa

238 3998 470 4053 liacriua
500 4008 689 4051 auctor
714 3994 813 4049 fuit
843 3993 1061 4059 Basilio,
1087 4002 1146 4044 ut
1181 3990 1474 4043 asceticatn
1497 3988 1661 4041 vitam
1694 4004 1809 4041 atu-

236 4095 586 4159 plecteretur,
620 4087 715 4141 sed
745 4096 949 4139 tantum
980 4081 1182 4137 hortari
1220 4080 1415 4149 potuit,
1442 4089 1500 4132 ut
1526 4080 1806 4134 consilium

238 4186 542 4251 perficeret,
569 4180 713 4249 quod
746 4177 948 4232 dudum
994 4176 1328 4234 intendebat,
1368 4181 1555 4242 atque,
1592 4182 1644 4227 ut
1674 4173 1807 4227 dici-

239 4286 343 4332 tur,
378 4280 693 4323 currentem
726 4267 971 4320 incitare.

303 4361 366 4415 ll.
399 4360 596 4413 Narrat
624 4358 856 4414 Basilius
884 4357 961 4427 (ά)
1005 4356 1277 4425 quomodo
1312 4354 1482 4409 efl’uso
1518 4356 1569 4408 in
1603 4369 1806 4424 paupe-

235 4469 321 4508 res
347 4451 678 4524 patrimonio
718 4460 886 4503 totum
933 4466 993 4503 se
1043 4449 1149 4501 Deo
1185 4448 1612 4501 consecraverit.
1665 4448 1807 4500 Idem

1914 3274 2020 3312 non
2054 3258 2318 3326 ejusmodi
2350 3258 2597 3313 homines
2647 3261 2887 3315 imitatus
2919 3264 3013 3326 sit,
3063 3279 3186 3318 cum
3219 3267 3479 3333 potuisset

1914 3348 2135 3403 imitari.
2168 3352 2234 3402 At
2269 3351 2356 3416 qui
2390 3349 2570 3405 infans
2592 3360 2683 3403 aut
2715 3352 3029 3406 adolescens
3053 3354 3352 3423 baptizatus
3374 3368 3480 3426 est,

1911 3454 1979 3493 an
2014 3441 2224 3493 laudem
2257 3450 2497 3495 meretur
2529 3440 2599 3493 ob
2628 3443 2990 3498 sacerdotium
3036 3462 3141 3499 non
3171 3448 3351 3501 statim
3386 3465 3480 3516 ap-

1910 3532 2131 3600 petitum
2153 3531 2175 3584 ?

1984 3624 2241 3679 Basilium
2277 3625 2571 3694 baptizavit
2607 3626 2826 3682 llianius
2869 3627 3237 3685 Caesariensis.
3287 3629 3481 3687 Testa-

1911 3724 1999 3770 tur
2036 3718 2181 3769 enim
2212 3716 2287 3785 (g)
2323 3731 2382 3772 se
2427 3732 2455 3771 a
2514 3717 2649 3781 viro,
2695 3721 2784 3785 qui
2828 3721 2915 3772 diu
2951 3721 3000 3773 in
3038 3722 3338 3777 ministerio
3385 3724 3477 3779 Dei

1916 3808 2074 3872 vixit,
2118 3808 2448 3874 baptizatum
2478 3807 2643 3862 fuisse
2676 3820 2726 3861 et
2771 3809 3022 3863 Ecclesiae
3057 3812 3355 3866 ministerio
3385 3815 3482 3865 ad-

1912 3909 2140 3951 motum.
2175 3898 2284 3951 Soli
2320 3897 2508 3952 Diauio
2534 3898 2647 3953 ι)ωο
2668 3900 2818 3967 signa
2852 3914 3170 3971 congruunt.
3206 3902 3336 3956 Nam
3355 3921 3479 3961 cum

1911 3991 1955 4045 is
1978 3992 2045 4045 ab
2072 4006 2212 4045 anno
2240 3992 2428 4046 saltem
2456 3991 2581 4055 ΞΗ,
2606 4007 2713 4061 quo
2744 3992 2984 4047 interfuit
3031 3995 3263 4049 concilio
3288 3996 3481 4049 Antio-

1912 4082 2089 4136 cheuo
2120 4098 2287 4151 usque
2319 4086 2385 4136 ad
2412 4100 2611 4135 attuum
2644 4083 2749 4136 562
2772 4081 3064 4137 Ecclesium
3090 4083 3478 4140 Caesariensem

1913 4176 2149 4239 rexerit;
2178 4190 2279 4228 nec
2307 4174 2421 4240 ejus
2471 4188 2752 4227 successor
2780 4173 3038 4228 Eusebius
3088 4175 3343 4229 Basiliam
3378 4178 3476 4231 ba-

1912 4268 2120 4334 ptizare
2166 4266 2360 4335 potuit,
2421 4280 2519 4319 nec
2552 4280 2672 4318 eum
2715 4266 2967 4320 decessor
3004 4265 3365 4335 Hermogenes
3402 4268 3478 4323 le-

1915 4369 2117 4415 ctorem
2156 4361 2465 4425 instituere,
2500 4360 2588 4429 qui
2619 4375 2740 4413 cmn
2773 4360 2999 4413 Athenis
3030 4371 3358 4423 versaretur,
3379 4362 3479 4415 lai-

1926 4468 2020 4506 eus
2078 4454 2142 4504 ad
2182 4452 2372 4504 luit-um
2410 4453 2625 4518 scripsit
2674 4450 3084 4518 Apollinarium.
3140 4452 3266 4507 Inde
3296 4464 3474 4507 autent

237 4551 301 4603 de
348 4565 411 4604 se
452 4555 640 4600 narrat
689 4544 987 4613 Gregorius
1038 4543 1139 4615 (e);
1180 4543 1273 4596 sed
1313 4552 1504 4595 neuter
1555 4541 1804 4609 baptismi
1840 4544 1883 4598 D
1915 4546 2270 4597 confirmatur
2300 4541 2439 4611 quod
2471 4542 2535 4594 de
2563 4539 2744 4595 Basilii
2778 4543 3045 4611 baptismo
3072 4542 3322 4596 diximus.
3350 4542 3479 4596 Per-

236 4644 565 4696 mentionetn
616 4640 766 4701 facit,
813 4639 1063 4704 quamvis
1112 4634 1672 4703 constetGregorium
1712 4637 1808 4687 ba-

237 4737 500 4804 ptizatum
538 4732 726 4793 fuisse,
758 4741 1040 4798 postquam
1080 4729 1238 4779 rctliit
1282 4727 1529 4781 Athenis.
1565 4726 1639 4780 De
1666 4726 1809 4779 Basi-

236 4828 307 4881 lio
343 4826 446 4879 ltoc
476 4834 683 4876 tantum
715 4828 866 4873 certo
896 4819 1118 4880 scimus,
1157 4818 1273 4887 ejus
1310 4817 1638 4885 baptismum
1667 4817 1805 4869 dila-

238 4931 348 4972 tum
380 4915 568 4976 fuisse,
600 4918 789 4966 saltem
815 4926 984 4978 usque
1014 4908 1078 4959 ad
1113 4910 1241 4961 illud
1268 4918 1478 4978 tempus
1499 4924 1603 4974 quo
1628 4909 1805 4963 Caesa-

234 5028 381 5066 ream
416 5007 617 5061 missus
643 5013 744 5057 est.
790 5002 978 5057 Utrum
1014 5011 1191 5053 autem
1227 5001 1391 5053 etiam
1421 5014 1588 5068 usque
1618 5002 1685 5053 ad
1720 5015 1803 5053 rc-

233 5106 403 5157 ditum
433 5115 500 5153 ex
533 5095 762 5159 Grcccia,
793 5095 845 5146 id
878 5110 983 5146 non
1040 5093 1110 5142 ita
1162 5093 1499 5160 exploratum
1543 5101 1664 5144 est:
1710 5090 1803 5143 sed

235 5207 413 5247 tamen
453 5193 688 5244 lihcuter
738 5186 1059 5239 crediderim
1104 5200 1225 5237 eum
1275 5186 1422 5237 circa
1472 5198 1671 5235 annum
1700 5182 1803 5235 557

234 5286 511 5357 mysteriis
544 5283 822 5336 iuitiatmu
848 5279 1035 5332 fuisse.
1073 5275 1205 5329 Nam
1246 5275 1558 5344 Gregorius,
1596 5276 1686 5343 qui
1713 5289 1802 5329 ca-

237 5380 596 5435 tcehumcnus
631 5380 749 5427 erat
794 5372 1040 5431 Athenis,
1095 5369 1174 5422 sic
1221 5383 1375 5423 suum
1422 5382 1543 5418 cum
1604 5366 1801 5421 Basilio

234 5470 474 5524 onmium
503 5480 685 5517 rerum
709 5476 1032 5516 consensum
1068 5459 1348 5525 describit,
1373 5466 1430 5512 ut
1452 5471 1713 5527 nusquam
1741 5457 1806 5509 il-

304 5650 379 5717 (η)
405 5647 559 5717 Orat.
581 5644 677 5717 20.

306 5715 375 5785 (ὁ)
406 5720 498 5784 Ep.
533 5715 660 5775 210,
690 5716 817 5785 1119..

300 5784 370 5855 (ε)
401 5790 493 5842 tlr.
524 5786 595 5840 ευ
625 5797 676 5837 ιιι
716 5784 813 5837 Vit.

300 5860 377 5927 td}
418 5860 509 5928 l-Tp.
542 5856 669 5918 225,
711 5873 759 5909 ll.
788 5856 840 5907 εἰ.

1917 4638 2147 4705 εμίοἱιιιι·
2181 4637 2322 4688 enim
2366 4634 2482 4703 ejus
2510 4635 2833 4703 baptismum
2874 4635 3093 4688 dilatum
3122 4635 3285 4689 fuisse
3314 4650 3343 4688 a
3380 4651 3478 4700 pa-

1920 4729 2185 4783 rentibus.
2224 4729 2340 4779 Alia
2378 4735 2553 4780 autem
2589 4726 2864 4779 differendi
2897 4742 3057 4780 causa
3086 4742 3206 4783 esse
3248 4742 3351 4779 non
3381 4742 3476 4795 po-

1922 4822 2045 4881 tttit,
2079 4820 2180 4873 nisi
2220 4831 2276 4872 ut
2320 4830 2423 4871 tam
2453 4817 2707 4872 eximium
2736 4820 2933 4871 donum
2959 4819 3332 4873 adolescentiae
3356 4833 3454 4869 nau

1917 4912 2104 4980 fragiis
2140 4927 2244 4965 non
2277 4923 2632 4981 exponerent.
2662 4914 2730 4966 At
2750 4916 2934 4966 eadem
2973 4928 3134 4965 causa
3162 4912 3328 4963 multo
3356 4925 3479 4980 gra-

1917 5003 2036 5055 vior
2066 5002 2307 5065 exstitit,
2375 5020 2494 5055 cum
2558 5002 3072 5071 Constantinopolim
3129 5009 3184 5051 et
3241 5000 3478 5053 Athenas

1916 5097 2113 5149 missus
2144 5107 2225 5149 est
2258 5113 2271 5148 :
2306 5098 2499 5164 quibus
2526 5097 2580 5149 in
2616 5096 2840 5150 urbibus
2868 5104 3118 5163 peruetua
3162 5093 3477 5146 innocentia:

1915 5199 1969 5242 ct
2011 5188 2131 5240 fidei
2160 5188 2394 5256 pericula
2434 5188 2804 5241 imminehaut.

1988 5278 2139 5343 Quod
2177 5279 2220 5333 si
2271 5278 2451 5331 Basilii
2505 5281 2804 5348 haptismus
2844 5294 3011 5345 usque
3042 5278 3105 5330 ad
3138 5274 3363 5329 reditum
3411 5289 3474 5327 ex

1914 5369 2215 5421 litterarum
2248 5370 2441 5424 studiis
2479 5372 2675 5425 dilatus
2714 5371 2831 5433 fuit,
2865 5373 2947 5423 vix
2984 5370 3199 5424 dubium
3234 5377 3315 5421 est
3349 5370 3472 5433 quin

1910 5468 2020 5513 tum
2057 5458 2271 5511 demum
2302 5460 2607 5530 baptizatus
2634 5459 2817 5521 fuerit,
2866 5476 2985 5512 cum
3028 5472 3144 5512 sese
3203 5473 3231 5511 a
3290 5457 3472 5509 mundi

1982 5643 2052 5707 (ε)
2084 5640 2156 5694 De
2201 5640 2303 5693 Vit.

1981 5720 2060 5781 (Ι)
2086 5712 2178 5766 0r.
2206 5713 2293 5781 ‘20.

2105 5782 2221 5837 Lib.
2258 5780 2328 5834 Ut:
2364 5778 2561 5851 Spiritu
2593 5794 2791 5848 sancto,
2825 5799 2939 5851 cap.
2964 5780 3052 5833 ἓξ).
