4006 6442
519 421 611 464 ΧΠ

1917 401 2443 458 PHOLEGOMENA.

521 534 682 573 scena
734 519 1016 573 abstraxit.
1057 518 1191 574 Cum
1245 521 1386 574 enim
1443 521 1828 590 praeparandus
1877 523 2086 577 animus
2112 524 2156 579 Α
2192 521 2289 583 vit,
2325 528 2376 570 et
2413 515 2663 569 omnibus
2697 515 2885 568 statuit
2932 513 3133 568 nudare
3173 513 3343 576 bonis,
3389 523 3442 567 ut
3473 514 3743 569 Christum

526 609 624 663 fuit
654 609 720 663 ad
770 620 974 664 tantum
1008 612 1344 680 mysterium,
1394 620 1503 665 tum
1537 628 1666 666 vero
1719 613 1827 680 ipse
1856 612 2081 669 Basilius

524 700 765 754 declarat
800 701 850 754 in
883 701 1042 770 epist.
1073 701 1200 768 225,
1257 717 1313 756 se
1366 702 1584 755 intimos
1629 702 1840 770 pietatis
1893 717 2080 757 sensus

524 795 824 860 concipere,
857 804 913 848 et
950 795 1206 862 quidquid
1249 795 1490 849 sordium
1525 809 1588 847 ex
1617 794 1855 862 profanis
1888 794 2080 847 studiis

523 894 576 936 et
612 885 886 939 hominum
919 886 1283 953 improborum
1316 886 1700 939 consuetudine
1730 895 2074 954 conceperat,

526 986 779 1028 excutere
801 976 1049 1042 coepisse,
1101 991 1221 1028 cum
1250 989 1342 1028 sua
1390 975 1566 1029 omnia
1605 977 1926 1044 pauperibus
1970 976 2078 1031 dis—

527 1064 782 1128 tribuere,
818 1081 880 1117 ac
908 1065 957 1116 in
983 1064 1324 1119 solitudinem
1361 1078 1476 1117 sese
1507 1064 1747 1130 recipere
1783 1065 1993 1117 statuit.

591 1152 786 1207 Lector
823 1156 888 1208 ab
913 1156 1100 1207 codem
1139 1154 1325 1207 Dianio
1375 1156 1653 1208 inStitutus
1701 1164 1782 1208 est
1813 1153 2079 1217 Basilius,

521 1258 626 1297 non
663 1242 828 1295 multo
851 1253 971 1311 post
990 1243 1309 1308 baptismum
1341 1242 1434 1314 (α).
1467 1244 1656 1298 Utrum
1686 1255 1862 1297 autem
1889 1247 1938 1297 id
1964 1260 2080 1298 eve-

522 1332 660 1384 nerit
693 1332 876 1384 statim
911 1342 1028 1398 post
1069 1333 1422 1400 baptismum,
1475 1349 1542 1386 an
1573 1342 1693 1402 post
1732 1335 1963 1388 reditum
2015 1347 2080 1387 ex

520 1419 828 1484 itineribus,
859 1437 979 1490 quae
1005 1423 1071 1474 ab
1101 1437 1163 1476 eo
1196 1433 1448 1492 snscepta
1491 1423 1650 1478 modo
1702 1425 2036 1480 narrabimus
2061 1467 2075 1492 ,

519 1512 570 1564 id
605 1514 851 1578 equidem
876 1529 980 1565 non
1015 1514 1146 1566 mihi
1178 1515 1365 1568 videor
1390 1529 1546 1584 posse
1571 1523 1828 1568 statuere.

586 1599 673 1655 Ill.
715 1599 868 1654 Circa
913 1601 1042 1654 illud
1091 1611 1303 1672 tempus
1333 1603 1533 1656 amisit
1577 1603 1806 1657 Basilius
1858 1601 2076 1657 fratrem

519 1690 864 1746 Naucratium
897 1692 992 1762 (ὁ),
1052 1694 1192 1748 tristi
1242 1694 1470 1762 quodam
1514 1710 1641 1749 casu
1687 1695 1973 1750 sublatum.
2029 1694 2080 1749 Is

518 1792 639 1851 post
674 1783 928 1837 Basilium
962 1793 1092 1838 natu
1127 1785 1419 1849 maximus,
1449 1786 1582 1839 mira
1612 1789 1840 1854 quadam
1881 1788 2073 1851 indole,

2187 620 2332 665 totus
2367 609 2631 662 indueret.
2669 607 2994 662 Prorniserat
3023 606 3070 660 ei
3118 605 3408 673 Gregorius
3438 607 3659 660 Athenis
3687 622 3746 660 se

2186 717 2304 756 cum
2337 716 2400 756 eo
2432 701 2483 752 in
2530 700 2769 754 eamdem
2825 697 3165 752 solitudinem
3214 713 3593 764 recessurum;
3648 700 3742 752 sed

2185 809 2306 848 cum
2337 792 2584 845 amicitia:
2614 791 2779 860 legem
2814 789 3003 842 debita:
3027 789 3336 857 parentibus
3379 789 3557 856 pietati
3594 797 3744 857 post-

2188 886 2392 939 habere
2420 882 2709 952 Gregorius
2731 891 3011 952 cogeretur
3039 881 3106 951 (ε)
3129 899 3141 944 ;
3172 882 3454 934 destitutus
3483 882 3582 933 hoc
3607 895 3741 947 pra:-

2185 978 2320 1032 sidio
2372 975 2599 1029 Basilius
2641 974 2740 1044 (ά),
2783 974 3104 1027 monasteria
3151 969 3385 1025 Orientis
3430 981 3481 1026 et
3525 971 3739 1041 Egypti

2184 1067 2412 1121 invisere
2455 1066 2658 1128 statuit,
2707 1073 2765 1116 ut
2809 1063 3044 1132 perfecta
3085 1065 3345 1116 virtutum
3395 1064 3635 1130 exempla
3672 1065 3739 1115 ad

2182 1156 2503 1210 imitandum
2550 1156 2792 1209 haberet.
2841 1153 3032 1209 Narrat
3077 1155 3191 1223 ipse
3221 1153 3291 1223 (e)
3340 1169 3398 1206 se
3446 1153 3741 1206 innumeris

2183 1248 2456 1302 laboribus
2496 1247 2546 1300 in
2575 1245 2784 1316 Syriam
2823 1246 3150 1312 pervenisse,
3203 1261 3266 1299 ac
3314 1246 3434 1298 inde
3485 1245 3535 1296 in
3571 1243 3738 1312 Egy-

2187 1349 2335 1410 ptum
2359 1339 2516 1408 longo
2549 1349 2603 1392 et
2629 1338 2832 1392 dillicili
2873 1339 3065 1391 itinere
3092 1336 3386 1406 profectum
3416 1349 3555 1388 esse.
3599 1336 3742 1389 Vidit

2183 1430 2562 1484 sanctissimos
2589 1429 2730 1482 viros
2769 1427 3106 1480 Alexandriae
3153 1435 3207 1481 et
3260 1428 3312 1481 in
3343 1425 3542 1492 reliqua
3574 1423 3738 1493 Egy-

2185 1532 2281 1592 pto
2305 1521 2396 1589 (f),
2414 1533 2476 1574 ac
2500 1520 2550 1572 in
2573 1517 2850 1572 Palaestina
2872 1515 3226 1586 etCtelesyria
3248 1527 3300 1572 et
3325 1516 3738 1583 Mesopotamia:

2182 1611 2409 1664 miratus
2436 1617 2517 1662 est
2564 1621 2746 1662 eorum
2793 1607 2843 1662 in
2881 1605 3153 1660 laboribus
3195 1606 3528 1674 perferendis
3573 1603 3739 1656 animi

2182 1701 2563 1755 fortitudinem
2594 1709 2647 1752 et
2678 1699 2727 1752 in
2763 1698 2966 1753 orando
3003 1697 3354 1751 constantiam
3384 1716 3396 1750 :
3441 1694 3738 1763 obstupuit,

2189 1805 2311 1842 cum
2357 1803 2451 1843 eos
2483 1787 2686 1841 videret
2724 1802 2970 1842 somnum
3017 1799 3291 1852 superare,
3323 1800 3420 1838 nec
3449 1784 3551 1836 ulla
3583 1791 3740 1836 natu-

516 1883 570 1924 et
603 1874 847 1941 corporis
897 1883 1182 1926 venustate
1221 1889 1285 1928 ac
1330 1874 1534 1929 viribus
1579 1884 1633 1928 et
1671 1875 1970 1941 celeritate,
2026 1887 2078 1930 et
2112 1869 2153 1923 Β
2187 1879 2281 1931 rali
2317 1879 2640 1933 necessitate
2680 1876 2902 1939 inﬂecti,
2939 1877 3032 1932 sed
3063 1877 3116 1928 in
3164 1873 3303 1928 fame
3334 1884 3384 1926 et
3412 1874 3521 1935 siti,
3564 1873 3615 1926 in
3645 1871 3741 1926 fri-

517 1965 714 2016 eximia
743 1965 810 2018 ad
845 1967 1026 2020 omnia
1063 1964 1336 2018 habilitate
1375 1967 1585 2020 caeteris
1617 1970 1924 2036 praestabat.
1972 1968 2079 2022 Sed

517 2073 638 2110 cum
683 2071 878 2109 annum
914 2068 1191 2113 assecutus
1229 2066 1376 2112 esset
1405 2058 1722 2112 vicesimum
1757 2059 2077 2122 secundum,

516 2164 580 2204 ac
603 2150 811 2219 publica
847 2151 1170 2220 eloquentiae
1200 2167 1310 2206 sua!
1349 2153 1638 2220 specimina
1689 2153 1924 2206 dedisset
1957 2169 2078 2206 cum

515 2256 723 2296 summa
752 2243 1084 2297 audientium
1111 2244 1488 2312 admiratione,
1523 2244 1685 2300 subiit
1718 2244 1863 2298 illum
1889 2245 2080 2300 divina

516 2333 704 2401 gratiae
728 2333 868 2387 dono
891 2331 1161 2388 fastidium
1189 2335 1396 2400 mundi,
1423 2351 1485 2389 ac
1511 2337 1759 2390 omnibus
1784 2337 1942 2390 rebus
1969 2337 2080 2391 suis

516 2422 789 2491 projectis,
825 2425 908 2478 vel
941 2428 1120 2494 potius
1156 2426 1266 2479 Deo
1307 2426 1523 2488 dicatis,
1557 2427 1622 2479 ad
1677 2426 1970 2480 solitariam
2016 2442 2080 2481 ac

515 2530 804 2582 pauperem
835 2518 999 2570 vitam
1027 2533 1222 2585 magno
1252 2517 1417 2570 animi
1453 2518 1646 2571 ardore
1685 2519 1941 2572 accurrit.
1977 2517 2078 2573 δε-

515 2617 671 2660 cutus
701 2616 784 2662 est
826 2608 975 2662 illum
1009 2624 1146 2662 unus
1185 2623 1249 2664 ex
1300 2608 1534 2671 famulis,
1567 2607 1935 2680 Chrysaphius
1979 2625 2079 2665 no-

519 2699 694 2765 mine,
742 2699 835 2770 qui
885 2715 1004 2755 eum
1041 2699 1315 2770 diligebat,
1349 2715 1411 2754 ac
1454 2701 1691 2769 ejusdem
1735 2703 1857 2756 vitae
1902 2702 2080 2757 studio

517 2790 820 2844 tenebatur.
861 2788 1097 2845 Secessit
1132 2802 1350 2860 propter
1386 2790 1578 2844 lridem
1624 2791 1842 2845 ﬂuvium
1883 2792 1935 2845 in
1971 2791 2079 2845 col-

515 2879 620 2933 lem
671 2881 956 2950 quemdam
1006 2885 1171 2936 denso
1221 2897 1438 2936 nemore
1485 2883 1774 2947 consitum,
1817 2891 1867 2937 et
1917 2882 2078 2937 dorso

517 2972 757 3038 praecelsi
788 2973 986 3027 montis
1015 2973 1368 3027 reconditum.
1401 2973 1478 3027 lbi
1509 2976 1575 3028 ab
1599 2974 1812 3027 urbium
1848 2975 2076 3028 tumultu

515 3069 570 3113 et
601 3059 804 3113 militia:
840 3074 904 3114 ac
945 3060 1044 3113 fori
1092 3062 1539 3128 occupationibus
1581 3071 1818 3116 remotus
1857 3062 2076 3130 quibus-

518 3153 639 3204 dam
670 3151 926 3205 solitariis
961 3152 1186 3206 senibus
1226 3167 1284 3205 se
1316 3153 1556 3217 tradidit,
1588 3153 1780 3219 quibus
1817 3154 1993 3221 inopia
2023 3161 2078 3207 et

519 3243 704 3298 morbo
758 3243 1130 3297 laborantibus
1188 3242 1388 3296 victum
1448 3244 1772 3313 quaeritabat
1824 3257 2078 3296 manuum

518 3348 734 3386 suarum
773 3333 1053 3387 industria.
1099 3332 1232 3387 Cum
1267 3334 1409 3388 enim
1456 3332 1731 3402 quodlibet
1781 3333 2080 3387 venationis

517 3438 685 3492 genus
717 3439 820 3474 non
852 3422 981 3476 lzeve
1010 3435 1309 3490 exerceret,
1347 3426 1521 3493 pisces
1555 3423 1774 3477 senibus
1807 3426 2074 3492 captabat.

521 3513 578 3563 In
613 3527 720 3580 quo
775 3513 988 3580 quidem
1027 3521 1080 3565 et
1119 3513 1402 3565 charitatis
1432 3514 1606 3567 ollicio
1655 3513 1990 3580 fungebatur,
2025 3523 2079 3568 et

516 3601 853 3669 iuventutem
890 3603 971 3655 liis
1003 3602 1275 3656 laboribus
1318 3602 1611 3655 domabat:
1651 3617 1746 3655 nec
1797 3603 2008 3654 interim
2049 3620 2078 3656 a

520 3693 743 3747 colenda
789 3705 961 3749 matre
1011 3694 1345 3759 discedebat,
1389 3694 1616 3764 ejusque
1675 3696 1943 3747 mandatis
1986 3709 2082 3750 ex-

521 3784 852 3847 bauriendis,
897 3786 938 3839 si
993 3786 1117 3853 quid
1165 3786 1250 3838 illa
1284 3785 1616 3854 praeciperet.
1667 3783 1784 3837 Jam
1835 3787 2079 3853 quintum

520 3892 718 3930 annum
761 3877 812 3929 in
859 3879 959 3932 hoc
995 3878 1238 3931 instituto
1270 3879 1598 3939 traducebat,
1639 3892 1759 3930 cum
1812 3878 2079 3945 ingentem

520 3968 678 4022 matri
711 3984 773 4020 ac
806 3969 901 4021 toti
939 3967 1152 4022 familiae
1186 3969 1384 4023 luctum
1416 3970 1613 4023 attulit.
1647 3969 1838 4022 Subito
1872 3969 2014 4021 enini
2051 3983 2082 4023 e

517 4061 624 4113 vita
663 4061 887 4130 rapitur,
921 4077 1024 4113 non
1060 4061 1248 4113 morbo
1274 4071 1578 4127 correptus,
1617 4074 1719 4112 non
1768 4073 1829 4110 ex
1869 4058 2081 4112 insidiis

521 4149 893 4218 interemptus,
943 4152 1035 4204 sed
1083 4152 1313 4218 quodam
1359 4151 1444 4205 die
1492 4165 1612 4204 cum
1658 4151 1724 4204 ad
1764 4148 2080 4218 piscandum

520 4243 790 4309 profectus
830 4251 992 4305 esset,
1033 4253 1273 4295 mortuus
1314 4259 1416 4296 una
1464 4261 1583 4296 cum
1615 4242 1950 4312 Chrysapliio
1989 4243 2083 4295 du-

521 4347 666 4385 mum
714 4342 1036 4401 reportatur.
1075 4331 1204 4386 Tam
1245 4333 1382 4387 tristi
1429 4336 1614 4388 nuntio
1662 4335 1728 4388 ad
1767 4335 1826 4389 S.
1867 4335 2081 4388 Emme-

518 4423 669 4486 liam,
717 4437 836 4490 qua:
886 4425 1045 4476 trium
1096 4426 1300 4478 dierttm
1355 4421 1543 4477 itinere
1589 4425 1823 4478 distabat
1893 4424 2079 4489 allato,

522 4515 712 4567 mulier
746 4513 883 4567 alias
929 4512 1217 4567 fortissima
1262 4516 1498 4570 concidit
1529 4515 1812 4568 exanimis.
1857 4515 1928 4569 At
1968 4526 2077 4569 tum

2186 1983 2314 2038 gore
2346 1979 2400 2024 et
2423 1971 2660 2023 nuditate
2685 1969 3000 2022 indomitum
3030 1965 3194 2021 animi
3234 1966 3394 2018 robur
3422 1979 3660 2028 scrvare,
3687 1974 3743 2018 et

2182 2070 2434 2128 tanquam
2462 2060 2631 2112 aliena
2675 2061 2725 2114 in
2752 2075 2917 2114 carne
2943 2059 3141 2112 vivere.
3173 2053 3279 2109 Sed
3305 2065 3558 2122 quantum
3594 2055 3738 2106 illum

2173 2149 2400 2217 juvabat
2435 2150 2553 2202 haec
2585 2151 2880 2203 sanctitatis
2910 2146 3242 2217 exemplaria
3289 2145 3579 2211 respicere,
3625 2155 3742 2198 tan-

2181 2249 2294 2292 tum
2335 2239 2384 2293 ei
2433 2238 2687 2292 mteroris
2733 2237 3028 2291 attulerunt
3071 2235 3453 2296 dissensiones,
3495 2248 3614 2300 qua:
3658 2234 3743 2288 his

2181 2331 2538 2400 temporibus,
2581 2337 2641 2381 ut
2688 2341 2810 2382 cum
2868 2328 3119 2391 maxime,
3169 2327 3466 2381 fervebant.
3523 2323 3744 2378 Videbat

2180 2424 2462 2494 episcOpos
2500 2421 2644 2489 ipsos
2671 2419 2813 2472 inter
2845 2431 2904 2470 se
2939 2416 3211 2483 digladiari
3239 2416 3333 2485 (g),
3364 2425 3414 2469 et
3449 2415 3739 2469 Ecclesiam

2187 2515 2278 2570 Dei
2303 2513 2591 2568 crudeliter
2612 2511 2932 2573 dilacerare,
2961 2522 3024 2560 ac
3053 2507 3169 2575 ejus
3191 2521 3405 2572 gregem
3430 2507 3738 2561 obturbare.

2186 2607 2290 2662 Sed
2317 2621 2436 2660 cum
2474 2606 2591 2675 ejus
2623 2605 2805 2658 animo
2829 2617 2961 2657 sana
2995 2599 3129 2654 fides
3158 2612 3188 2650 a
3223 2598 3421 2650 teneris
3448 2598 3635 2650 fuisset
3659 2599 3743 2651 in-

2183 2698 2412 2767 sculpta,
2468 2698 2610 2752 nulla
2662 2696 2809 2751 illum
2852 2695 3054 2750 erroris
3095 2707 3226 2746 aura
3277 2687 3540 2759 perflavit,
3580 2703 3744 2756 seque

2181 2789 2299 2857 ipse
2336 2797 2579 2855 testatur,
2615 2788 2669 2842 in
2714 2785 3254 2858 peregrinationibus,
3290 2795 3421 2851 quas
3460 2780 3537 2832 vir
3568 2778 3745 2833 factus

2181 2892 2324 2936 terra
2355 2880 2595 2948 marique
2626 2881 2859 2948 suscepit
2892 2881 2990 2949 (It),
3021 2879 3066 2934 si
3095 2893 3230 2948 quos
3259 2875 3521 2930 inveniret
3547 2887 3743 2926 secun-

2178 2975 2305 3028 dum
2347 2972 2602 3027 traditam
2649 2972 2864 3041 pietatis
2907 2970 3148 3041 regulam
3179 2966 3538 3028 ambulantes,
3569 2977 3659 3016 cos
3689 2974 3741 3016 et

2182 3074 2393 3134 patrum
2435 3063 2557 3118 loco
2605 3062 2882 3126 habuisse,
2914 3071 2969 3116 et
3007 3062 3173 3114 duces
3225 3059 3415 3113 animae
3454 3071 3562 3108 suae
3592 3069 3746 3106 secu-

2187 3164 2296 3210 tum
2327 3170 2465 3210 esse.
2502 3153 2617 3208 Non
2660 3154 2791 3208 vidit
2832 3153 3172 3208 Alexandriae
3212 3165 3464 3219 magnum
3505 3146 3743 3200 Athana-

2109 3231 2154 3290 (ἶ
2189 3247 2346 3300 sium.
2400 3245 2676 3315 Significat
2715 3246 2857 3300 enim
2909 3247 2959 3298 in
3004 3245 3162 3314 epist.
3209 3243 3277 3297 80
3325 3255 3594 3308 nunquam
3641 3237 3743 3291 sibi

2183 3337 2323 3390 hanc
2373 3338 2681 3392 felicitatem
2740 3337 3022 3404 obt'gisse.
3071 3335 3338 3388 Praeterea
3388 3331 3742 3383 Athanasium

2182 3429 2381 3481 scimus
2433 3427 2752 3480 Alexandria
2786 3425 3082 3477 excessisse
3136 3437 3280 3475 anno
3308 3418 3434 3472 356.
3478 3419 3582 3472 Sed
3619 3419 3744 3472 dum

2181 3519 2391 3590 Syriam
2435 3524 2686 3587 peragrat
2726 3513 2975 3578 Basilius,
3018 3513 3202 3566 videre
3247 3512 3417 3579 potuit
3458 3509 3516 3563 S.
3571 3509 3741 3562 Euse-

2181 3613 2328 3666 bium
2373 3611 2826 3672 Samosatensem,
2861 3619 3092 3673 quocum
3119 3613 3174 3657 et
3201 3613 3326 3655 ante
3373 3601 3740 3670 episcopatum

2183 3716 2339 3756 suum
2377 3711 2430 3754 et
2467 3702 2517 3753 in
2545 3701 2854 3768 episcopatu
2885 3695 3185 3751 arctissima
3217 3694 3458 3748 amicitia
3523 3689 3745 3758 conjun-

2186 3801 2303 3842 ctus
2329 3790 2448 3841 fuit.
2480 3789 2753 3842 Neminem
2786 3805 2912 3841 sane
2939 3790 3112 3851 video,
3134 3801 3292 3855 quem
3329 3785 3578 3839 libentius
3607 3785 3746 3836 inter

2183 3896 2275 3936 eos
2293 3895 2588 3945 numerem,
2615 3894 2747 3948 quos
2769 3893 2825 3932 se
2847 3879 3071 3930 Basilius
3095 3891 3303 3941 patrum
3330 3877 3446 3930 loco
3471 3877 3738 3938 habuisse,

2181 3984 2236 4029 et
2257 3973 2453 4027 anima:
2481 3987 2589 4026 suae
2617 3973 2778 4024 duces
2804 3978 3046 4023 secutum
3079 3981 3197 4020 esse
3225 3969 3374 4021 dicit.

2261 4065 2325 4120 γ.
2367 4063 2623 4117 Basilium
2668 4059 3005 4115 Alexandria:
3036 4057 3253 4111 morbus
3285 4055 3512 4109 detinuit
3541 4069 3602 4107 ac
3633 4069 3745 4107 me-

2188 4165 2299 4208 tum
2327 4155 2513 4211 attulit
2546 4169 2612 4208 ne
2643 4154 2694 4206 in
2724 4152 2955 4221 patriam
2983 4149 3158 4204 hieme
3196 4146 3371 4202 redire
3402 4161 3505 4200 non
3539 4154 3741 4214 posset.

2189 4245 2325 4299 Dum
2361 4254 2537 4297 autem
2569 4244 2619 4296 in
2653 4243 2752 4296 hac
2784 4251 3024 4296 moratur
3055 4240 3184 4292 urbe
3214 4240 3298 4306 (ἱ),
3338 4238 3510 4293 allata:
3545 4247 3668 4293 sunt
3693 4237 3744 4290 ei

2187 4336 2386 4391 littera:
2441 4333 2748 4396 Eustathii,
2816 4332 3120 4402 philosophi
3169 4331 3446 4397 cujusdam
3503 4331 3742 4394 ethnici,

2188 4443 2347 4499 quem
2394 4427 2619 4482 Athenis
2665 4426 2874 4480 rediens
2922 4426 3158 4478 visurum
3203 4439 3260 4476 se
3313 4424 3364 4477 in
3407 4422 3744 4490 Cappadocia

2190 4529 2526 4590 speraverat,
2555 4518 2648 4572 sed
2672 4519 2954 4586 quazsitum
2989 4516 3228 4570 invenire
3255 4531 3358 4570 non
3380 4515 3567 4584 potuit.
3597 4512 3745 4566 Post-

519 4607 751 4660 .‘uaxime
780 4604 976 4660 enituit
1012 4607 1181 4660 virtus
1220 4606 1276 4659 S.
1310 4605 1576 4670 Macriua‘,
1609 4620 1727 4673 quae
1768 4621 1872 4661 non
1905 4608 2077 4661 solum
2114 4580 2158 4634 Β
2192 4623 2254 4663 ea
2285 4606 2458 4660 morbi
2488 4606 2835 4669 obstiterunt,
2862 4603 3146 4671 quominus
3174 4620 3293 4656 cum
3324 4605 3536 4656 viseret.
3565 4599 3748 4672 Neque

521 4699 769 4752 invictam
812 4715 869 4752 se
899 4716 926 4752 a
959 4699 1139 4752 dolore
1187 4697 1474 4767 praestitit,
1509 4698 1599 4751 sed
1643 4696 1802 4750 etiam
1853 4708 2077 4751 matrem

520 4805 551 4844 e
601 4790 865 4859 profundo
908 4791 1154 4843 maeroris
1200 4791 1500 4844 constantia
1544 4805 1638 4843 sua
1682 4793 1974 4844 revocavit.
2021 4790 2076 4844 Si

522 4879 842 4936 Naucratius
872 4896 1014 4934 anno
1055 4880 1180 4942 550,
1211 4892 1266 4933 ut
1295 4882 1424 4934 satis
1471 4879 1739 4948 probabile
1767 4890 1869 4939 est.
1913 4882 1964 4934 in
1994 4883 2077 4935 lu-

523 4986 639 5025 cem
663 4982 748 5024 est
775 4973 971 5035 editus,
1005 4971 1123 5040 ejus
1179 4985 1323 5024 mors
1369 4972 1512 5025 circa
1558 4986 1753 5023 annum
1786 4969 1884 5023 557
1917 4972 2083 5026 collo-

520 5063 727 5127 canda;
775 5065 970 5132 quippe
997 5079 1115 5118 cum
1162 5078 1302 5115 anno
1333 5066 1504 5116 (etatis
1546 5063 1800 5116 vicesimo
1846 5064 2082 5117 secundo

521 5155 826 5217 secesserit,
861 5157 1102 5224 quinque
1137 5169 1305 5208 annos
1351 5155 1649 5208 traduxerit
1685 5155 1735 5208 in
1770 5153 2077 5208 solitudine.

596 5246 683 5299 lV'.
724 5247 801 5300 Eo
844 5244 1146 5300 amuentior
1183 5255 1238 5300 et
1268 5244 1484 5299 uberior
1519 5246 1620 5299 fuit
1655 5247 1704 5300 in
1735 5245 1931 5299 Basilio
1960 5261 2082 5314 gra-

522 5338 592 5392 tia
626 5339 893 5406 baptismi,
924 5339 1066 5406 quod
1097 5338 1252 5391 simul
1282 5351 1339 5391 se
1367 5337 1610 5391 ascetica:
1652 5339 1773 5392 vita:
1802 5352 2081 5392 consecra-

590 5524 666 5578 (a)
695 5514 812 5565 Lib.
848 5512 933 5582 De
958 5513 1166 5580 Spiritu
1198 5523 1396 5574 sancto,
1436 5528 1552 5582 cap.
1581 5514 1667 5567 29.

585 5583 661 5649 (b)
693 5583 847 5650 Nyss.
902 5581 1004 5634 Vit.
1044 5583 1233 5645 Macn,
1351 5583 1469 5637 13⁸2.

589 5655 660 5718 (r)
705 5651 835 5703 Νη.
868 5669 950 5716 ep.
991 5653 1044 5706 5.

591 5722 667 5790 (d)
707 5721 832 5773 Nat.
866 5739 944 5775 ur.
979 5723 1067 5776 ‘20.

591 5795 656 5860 (ε’)
698 5791 790 5859 Ep.
831 5794 878 5845 1.

2189 4698 2356 4754 etiam
2393 4713 2512 4751 cum
2562 4711 2628 4751 eo
2663 4698 2894 4751 abeunte
2933 4695 2985 4747 in
3021 4695 3291 4750 Orientem
3338 4694 3602 4762 proﬁcisci
3650 4714 3747 4764 po-

2191 4791 2308 4842 tuit.
2345 4787 2631 4858 Postquam
2667 4789 2717 4843 in
2749 4787 2957 4856 Syriam
2991 4788 3133 4842 venit
3162 4786 3404 4846 Basilius,
3436 4789 3599 4841 audiit
3631 4789 3748 4857 phi-

2193 4884 2474 4952 losolilium
2513 4881 2637 4934 inde
2668 4879 2865 4934 abiisse
2894 4878 2944 4930 iti
2987 4877 3296 4947 Egy'iiturti.
3335 4877 3459 4930 llluc
3493 4879 3650 4930 etiam
3691 4892 3750 4930 se

2193 4976 2452 5038 contulit,
2507 4988 2570 5026 ac
2627 4987 2694 5026 ne
2748 4971 2858 5025 illic
2906 4971 3120 5039 quidem
3172 4981 3410 5038 Optatum
3449 4971 3746 5038 philosophi

2190 5080 2548 5131 congressum
2603 5064 2814 5130 assequi
2865 5062 3056 5132 potuit.
3110 5060 3158 5114 ls
3202 5063 3344 5114 enim
3378 5063 3442 5114 ad
3474 5059 3662 5112 Persas
3697 5069 3750 5110 et

2191 5165 2469 5211 extremos
2505 5156 2764 5210 barbaros
2798 5154 3025 5208 abierat.
3077 5150 3312 5205 Tandem
3349 5153 3413 5203 ab
3443 5163 3506 5202 eo
3543 5147 3750 5198 litteras

2194 5247 2406 5316 accepit
2456 5244 2820 5307 Alexandriae,
2873 5259 2939 5296 ex
2993 5241 3186 5307 quibus
3231 5241 3377 5294 illum
3427 5239 3478 5291 in
3520 5237 3747 5306 patriam

2186 5339 2409 5394 rediisse
2436 5337 2703 5408 cognovit.
2731 5335 2955 5403 Scripsit
2987 5335 3051 5387 ad
3075 5350 3193 5388 eum
3222 5333 3448 5387 Basilius
3470 5347 3533 5386 ex
3561 5332 3747 5384 eadem

2256 5515 2325 5582 (Γ)
2365 5515 2462 5584 Fp.
2495 5514 2619 5576 29.5,
2656 5532 2708 5566 n.
2743 5517 2795 5570 2.

2257 5588 2330 5654 (9)
2375 5585 2605 5638 ίῚὊωιιι.
2644 5585 2856 5651 Μοταί,,
2888 5602 2936 5654 ρ,
2968 5586 3089 5640 2η,

2255 5657 2330 5724 (Ιι)
2376 5655 2472 5720 Ep.
2508 5655 2630 5720 904,
2668 5672 2717 5707 Il.
2749 5657 2799 5707 6.

2253 5729 2310 5794 (i)
2361 5728 2451 5792 lup.
2483 5726 2531 5777 l.
