4006 6456
1573 406 1721 463 \‘l'l‘A
1770 405 1825 459 S.
1869 405 2129 461 BASELII.
3392 433 3460 471 ιν

215 534 351 586 υςὶηξ
382 532 666 601 epistolam
697 526 979 594 leporibus
1009 526 1282 587 refertam,
1316 526 1365 577 in
1397 538 1499 590 qna
1538 538 1595 577 se
1628 525 1791 576 Athc-
1822 526 1866 581 Α

218 637 319 677 nas
366 623 651 684 reliquisse
679 656 693 677 ,
730 627 789 669 ut
820 614 1157 671 Eastathium
1210 614 1435 673 videret,
1490 628 1551 666 ac
1599 614 1787 667 eodem

215 710 458 767 consilio
502 708 554 761 in
614 708 890 764 Orientem
946 704 1341 774 peregrinatum
1372 717 1490 756 esse
1523 706 1700 773 tingit;
1737 710 1792 754 et

220 817 344 853 eam
372 814 496 852 eum
524 807 599 853 tot
629 802 680 853 in
724 801 856 852 locis
887 797 1165 864 quaesitum
1204 812 1307 849 non
1352 795 1661 859 reperissct,
1695 793 1792 845 du-

221 895 433 945 bitasse
465 907 671 946 annon
718 892 833 943 fato
876 897 967 941 aut
1020 887 1231 943 fortuna
1278 885 1455 939 omnia
1514 893 1789 953 regantur.

221 982 371 1043 Haec,
400 981 637 1050 inquam,
672 982 739 1031 ab
762 992 827 1030 eo
844 988 1094 1046 peracute
1125 978 1419 1045 fingantur,
1446 991 1541 1029 nec
1569 970 1793 1043 proinde

227 1070 456 1124 nimium
488 1072 673 1124 stricte
722 1068 889 1136 accipi
925 1068 1142 1122 debent.
1178 1067 1312 1118 Nam
1353 1068 1491 1130 quod
1524 1080 1581 1119 se
1622 1064 1791 1116 Athe-

224 1161 309 1214 nis
350 1159 674 1218 discessisse
710 1159 803 1224 ait,
837 1169 896 1213 ut
940 1158 1315 1228 philosophum
1348 1161 1575 1221 videret,
1630 1156 1792 1210 urba-

224 1255 450 1307 nissima
492 1260 575 1305 est
613 1251 773 1305 amici
821 1252 1069 1305 desiderii
1118 1250 1458 1319 significatio,
1504 1265 1608 1302 non
1652 1250 1792 1316 quod

228 1347 374 1397 aliud
408 1340 718 1395 discedendi
750 1341 1034 1396 consilium
1065 1357 1168 1395 non
1215 1341 1482 1396 habuerit.
1526 1338 1795 1397 Dubitatio

223 1444 408 1485 autem
457 1431 568 1495 illa,
605 1446 710 1500 qua
741 1444 799 1483 se
832 1430 1091 1498 agitatum
1142 1428 1309 1485 fuisse
1340 1430 1491 1489 dicit,
1536 1444 1639 1481 non
1692 1428 1796 1482 alio

223 1533 437 1591 spectat
468 1524 594 1589 nisi,
624 1533 683 1577 ut
711 1522 926 1577 ethnico
963 1523 1278 1593 philosopho
1308 1537 1485 1574 veram
1513 1522 1575 1574 de
1606 1521 1793 1575 Provi-

226 1614 407 1666 dentia
443 1614 766 1669 sententiam
801 1613 1008 1668 facilius
1044 1613 1298 1669 insinuet.
1332 1613 1480 1665 Hanc
1515 1614 1792 1682 epistolam

224 1706 467 1757 omnium
538 1704 763 1771 primam
843 1703 1246 1769 collocavimus,
1303 1713 1486 1771 utpote
1540 1705 1792 1772 scriptam

227 1810 372 1847 anno
404 1793 535 1856 357,
566 1792 708 1847 inter
743 1792 924 1847 Basilii
954 1793 1429 1864 peregrinationes.

1988 522 2235 576 Vulnerat
2273 523 2445 593 primo
2478 524 2706 578 Basilius
2737 525 2789 579 iu
2822 526 3126 581 Tiberinaut
3167 541 3283 581 sese
3325 532 3461 583 reci-

1906 630 2049 685 perc.
2094 614 2189 667 Est
2224 625 2403 669 autem
2441 616 2692 673 Tiberina
2739 617 2886 685 regio
2910 620 3150 687 quaedam
3190 616 3461 687 Cappado-

1898 710 2019 771 ci:c,
2049 707 2098 759 in
2124 723 2227 774 qua
2252 711 2385 761 situs
2404 715 2486 761 est
2518 709 2778 765 Arianzus
2797 707 3035 777 Gregorii
3061 710 3236 763 natale
3260 715 3454 764 solum.

1912 799 2054 852 Nunt
2094 799 2253 867 igitur
2280 800 2496 869 cogitas,
2530 802 2701 869 inquit
2728 803 2780 856 in
2817 802 2975 872 epist.
3007 802 3094 864 Η,
3122 820 3224 870 quo
3253 820 3344 871 ego
3369 819 3460 868 pe-

1902 888 2058 942 riculi
2093 892 2286 945 stultus
2328 892 2581 953 venerim,
2626 907 2744 943 cum
2781 895 2950 947 sedem
2984 891 3281 959 hujusmodi
3310 891 3460 945 Tibe-

1902 985 2025 1032 rina
2059 981 2199 1033 orbis
2230 994 2489 1035 terrarum
2514 983 2760 1035 barathro
2786 996 3099 1038 commutare
3129 984 3461 1051 pertinaciter

1898 1092 1952 1126 re
1966 1072 2138 1124 (lem?
2180 1072 2398 1128 Videtur
2423 1090 2544 1142 spes
2572 1090 2691 1128 cum
2719 1076 2975 1142 Gregorio
3017 1076 3231 1128 vivendi
3267 1073 3460 1143 preci—

1896 1179 2060 1233 pnnm
2105 1163 2271 1217 fuisse
2296 1182 2411 1219 com
2434 1167 2668 1229 modum,
2701 1168 2841 1235 quod
2882 1166 2982 1220 sibi
3012 1166 3238 1221 Basilius
3270 1165 3460 1235 pracfe-

1899 1255 2063 1307 renda
2106 1255 2227 1308 aliis
2282 1257 2412 1312 locis
2451 1258 2700 1311 Tiberina
2750 1267 3089 1328 proponeret.
3136 1257 3242 1313 Sed
3296 1259 3460 1327 ipsius

1898 1358 2068 1401 mater
2091 1357 2143 1400 et
2164 1362 2337 1411 soror,
2373 1367 2598 1420 quarum
2626 1351 2885 1404 intererat
2904 1367 3022 1404 eum
3046 1365 3148 1402 non
3174 1361 3278 1403 tam
3305 1349 3461 1415 longe

1896 1441 2167 1506 secedere,
2216 1441 2341 1494 huic
2389 1444 2643 1509 consilio,
2687 1452 2745 1495 ut
2785 1441 3075 1497 verisimile
3106 1451 3209 1501 est,
3240 1439 3463 1494 obstite-

1899 1543 2041 1596 runt,
2067 1549 2129 1587 ac
2168 1537 2382 1589 orando
2409 1545 2461 1588 et
2502 1537 2751 1591 instando
2774 1536 3064 1606 perfecere,
3099 1543 3155 1587 ut
3193 1532 3340 1585 illum
3373 1541 3459 1585 at-

1902 1626 2177 1679 traherent
2208 1626 2259 1679 in
2298 1626 2475 1679 locum
2501 1628 2613 1681 solo
2636 1629 2850 1684 ﬂninine
2895 1627 2961 1682 ab
2984 1641 3164 1680 earum
3196 1632 3462 1678 monaste-

1906 1718 1985 1769 rio
2015 1717 2284 1771 dissitum.

1977 1805 2265 1873 Postquam
2306 1804 2529 1873 degendi
2571 1817 2699 1857 cum
2742 1800 2998 1868 Gregorio
3049 1817 3170 1869 spes
3210 1801 3459 1866 evanuit,

298 1887 453 1955 Quod
485 1888 759 1943 metuebat
790 1885 1042 1949 Basilius,
1086 1888 1211 1941 dum
1244 1894 1390 1939 esset
1424 1884 1789 1949 Alexandria,

1903 1895 2137 1948 dolorem
2179 1910 2336 1948 suum
2369 1897 2593 1949 Basilius
2626 1909 2730 1947 non
2761 1892 2923 1945 corde
2953 1894 3170 1960 pressit,
3215 1894 3310 1947 sed
3347 1893 3463 1946 vio-

225 1994 295 2034 ne
329 1992 389 2031 se
418 1978 638 2033 morbus
667 1980 718 2032 in
745 1974 969 2045 patriam
997 1975 1176 2031 hieme
1205 1976 1382 2030 redire
1414 1991 1519 2029 non
1551 1976 1747 2029 sineret
1771 1990 1787 2039 ;

225 2069 281 2123 id
317 2082 637 2138 argumento
678 2076 762 2122 est
791 2082 911 2120 eum
940 2070 1005 2124 de
1034 2068 1192 2123 celeri
1239 2082 1304 2121 ac
1343 2076 1589 2136 prompto
1621 2066 1791 2119 reditu

222 2162 497 2232 cogitasse
546 2173 667 2212 cum
700 2159 813 2212 haec
841 2161 1123 2225 scriberet,
1160 2174 1224 2212 ac
1264 2158 1486 2225 proinde
1520 2156 1630 2222 jam
1680 2171 1793 2210 mo-

226 2254 466 2309 nasteria
495 2252 814 2317 Palaestinae,
859 2253 1169 2320 leesyriae
1198 2260 1252 2304 et
1283 2248 1679 2318 MeSOpotamiaa
1712 2249 1791 2302 vi-

224 2348 441 2399 sitasse.
474 2344 579 2398 Sed
604 2361 722 2399 cum
754 2361 895 2413 saepe
922 2343 1186 2412 ejusmodi
1218 2342 1420 2396 morbis
1445 2340 1790 2405 laboraverit,

227 2452 327 2492 nec
380 2438 584 2491 idcirco
630 2452 754 2490 suos
800 2433 1154 2488 intermiscrit
1206 2432 1435 2496 labores,
1491 2433 1785 2487 verisimile

227 2544 334 2583 non
375 2538 461 2583 est
504 2542 625 2579 eum
673 2526 854 2579 tandin
895 2524 1231 2579 Alexandriae
1278 2525 1552 2579 detentum
1607 2523 1790 2580 fuisse.

228 2620 499 2675 Reversus
545 2626 723 2670 autem
758 2616 808 2669 in
856 2616 1106 2685 patriam,
1151 2630 1271 2669 cum
1303 2623 1445 2669 totus
1491 2616 1704 2667 arderet
1729 2628 1793 2666 ea

228 2710 473 2765 imitandi
514 2709 690 2763 studio
719 2707 821 2778 (a),
851 2722 970 2775 quae
1010 2707 1060 2759 in
1104 2705 1325 2759 remotis
1368 2705 1680 2773 regionibus
1714 2706 1795 2756 vi—

230 2805 413 2866 derat,
459 2800 659 2853 nullam
698 2799 904 2853 videtur
926 2813 1131 2850 moram
1157 2796 1559 2864 interposuisse,
1579 2796 1670 2849 sed
1690 2804 1800 2849 sta-

231 2895 326 2946 tim
375 2893 666 2954 perlecisse
697 2890 1008 2953 consilium,
1047 2889 1188 2957 quod
1227 2888 1423 2941 dudum
1459 2886 1795 2952 extenderat,

229 2994 397 3038 utsua
418 2981 604 3037 omnia
629 2980 950 3049 pauperibus
982 2980 1332 3035 distribueret
1360 2993 1424 3032 ac
1467 2992 1585 3033 sese
1612 2978 1667 3032 in
1710 2992 1799 3033 so—

229 3076 507 3131 litudinem
540 3075 819 3144 reciperet.

299 3166 390 3221 Vl.
448 3166 652 3221 Locum
705 3165 866 3236 elegit
904 3161 1153 3219 secessui
1218 3163 1487 3231 idoneum,
1557 3172 1795 3217 montem

232 3260 520 3328 quemdam
548 3258 612 3312 ad
650 3258 794 3325 ripas
825 3255 980 3309 Iridis
1008 3254 1175 3317 llnvii,
1209 3255 1298 3324 qni
1333 3269 1397 3308 ex
1430 3254 1683 3308 Armenia
1708 3268 1797 3307 or-
1823 3236 1864 3291 (ἶ

234 3362 318 3405 tus
349 3352 573 3404 Pontum
618 3350 822 3416 irrigat,
853 3358 906 3400 et
948 3350 998 3398 in
1034 3348 1300 3398 Euxinum
1335 3346 1561 3399 Pontum
1596 3345 1800 3397 delabi-

234 3453 317 3495 tnr
346 3441 444 3513 (b).
481 3442 561 3492 Ad
594 3440 818 3492 alteram
866 3436 1012 3489 llnvii
1063 3437 1232 3502 ripam
1265 3434 1368 3487 sita
1398 3442 1514 3487 erat
1562 3433 1709 3496 villa,
1745 3431 1796 3485 in

234 3548 338 3603 qua
365 3532 612 3593 Basilius,
644 3530 781 3600 apud
807 3529 980 3581 aviam
1006 3525 1296 3578 Macrinam
1320 3523 1578 3576 educatus
1604 3522 1793 3576 fuerat.

234 3624 343 3677 Hac
386 3624 440 3675 in
491 3621 638 3686 villa,
677 3634 795 3688 qua:
839 3629 1061 3686 paterna
1110 3615 1391 3668 hacreditas
1426 3621 1544 3665 erat
1584 3611 1800 3665 familia:

234 3714 289 3768 S.
323 3712 534 3776 Basilii,
566 3721 621 3765 et
653 3718 773 3779 post
803 3719 1027 3762 mortem
1064 3704 1121 3760 S.
1155 3703 1426 3758 Enunelia:
1458 3702 1536 3771 (ε)
1569 3703 1627 3755 S.
1661 3701 1796 3754 Gre-

234 3807 385 3873 gorio
432 3801 679 3873 Nysseno
725 3799 910 3863 cessit,
953 3805 1327 3851 constructum
1364 3800 1481 3845 erat
1532 3798 1802 3843 monaste-

237 3901 372 3953 rium
412 3914 442 3951 a
478 3898 686 3965 virgine
720 3892 977 3953 Macrina,
1022 3892 1075 3941 in
1107 3904 1212 3957 quo
1257 3884 1477 3939 fratrem
1508 3898 1665 3938 suum
1702 3882 1803 3936 Pe-

240 4004 376 4044 trum
410 4005 439 4041 a
472 3990 669 4042 teneris
697 3987 764 4038 ad
793 3999 1005 4038 omnem
1041 3984 1295 4035 virtutem
1322 3981 1501 4042 ﬁnxit,
1537 3989 1591 4032 et
1618 3991 1801 4031 sacra—

238 4098 352 4134 rnm
388 4081 688 4133 litterarum
721 4075 1026 4143 cognitione
1057 4071 1247 4126 imbuit
1271 4069 1371 4139 (ά).
1405 4071 1666 4124 ltemotus
1696 4083 1799 4121 non

238 4182 350 4227 erat
384 4171 473 4225 hic
507 4182 669 4237 pagus
702 4166 771 4219 ab
801 4166 927 4219 urbe
951 4163 1322 4226 Neocaesarea,
1365 4161 1506 4214 unde
1540 4160 1721 4213 Basilii
1748 4160 1801 4212 in

240 4265 381 4316 hunc
422 4260 595 4314 locum
627 4257 857 4310 adventu
884 4267 1024 4305 anno
1055 4251 1159 4305 3'75
1198 4261 1371 4304 terror
1400 4250 1632 4319 injectus
1666 4246 1803 4302 Neo—

239 4348 672 4411 cwsariensibus,
718 4344 873 4413 quasi
921 4341 1148 4395 Basilius
1185 4343 1236 4393 in
1271 4355 1457 4393 eorum
1506 4340 1692 4392 urbem
1724 4340 1803 4392 in-

236 4441 385 4508 gredi
418 4446 658 4505 pararet.
692 4433 806 4487 Non
842 4443 1018 4486 tamen
1054 4430 1329 4500 subjectus
1365 4439 1483 4483 erat
1528 4429 1801 4482 Neoctesa-

239 4546 362 4595 τετε,
397 4529 491 4582 sed
540 4528 731 4591 lboraa,
761 4526 969 4595 exigua:
995 4523 1199 4577 civitati
1242 4538 1345 4577 non
1382 4522 1566 4591 procul
1610 4523 1804 4577 distan-

246 4625 283 4678 ti
310 4622 410 4693 (e),
458 4621 612 4689 cujus
656 4619 937 4687 episcopus
988 4615 1219 4669 Araxius
1264 4614 1321 4670 S.
1366 4614 1613 4668 Macrina:
1657 4614 1798 4681 justa

240 4712 502 4781 perStilvit
524 4724 628 4761 una
658 4723 778 4762 cum
806 4708 863 4759 S.
890 4705 1152 4775 Gregorio
1183 4703 1426 4774 Nysseno
1449 4706 1538 4772 qui
1564 4719 1684 4758 eam
1713 4719 1803 4756 vo-

241 4813 329 4855 cat
380 4802 622 4854 locoram
684 4796 895 4849 illorum
942 4798 1246 4864 episcopum
1275 4795 1363 4863 (f).
1409 4793 1558 4847 Hunc
1610 4809 1801 4863 pagum

243 4895 473 4945 Annesos
544 4895 793 4940 vocatum
860 4887 1024 4940 fuisse
1077 4885 1429 4955 perspicimus
1491 4898 1555 4938 ex
1622 4883 1806 4937 Basilii

240 4982 401 5050 epist.
435 4980 490 5043 3,
519 4980 570 5032 in
601 4993 703 5045 qua
742 4976 973 5041 loquitur
1002 4976 1065 5029 de
1111 4974 1341 5042 quodam
1386 4974 1583 5043 agresti
1620 4990 1683 5026 ea:
1720 4974 1805 5039 iis,

243 5072 439 5142 inquit,
465 5072 551 5139 qui
578 5068 846 5121 nobiscum
874 5066 1091 5118 Amissis
1122 5074 1529 5118 commorantur.
1556 5063 1678 5117 Haec
1714 5080 1809 5117 au-

244 5174 349 5217 tem
396 5163 462 5214 de
506 5177 643 5231 pago
678 5171 824 5215 trans
864 5161 1057 5214 lridetn
1100 5159 1201 5214 sito
1238 5158 1408 5226 accipi
1452 5158 1646 5211 debere
1688 5155 1809 5209 inde

244 5256 588 5323 perspicitur,
633 5254 774 5323 quod
807 5253 988 5308 Basilii
1035 5254 1267 5307 solitudo
1311 5251 1377 5304 ab
1403 5248 1549 5304 omni
1580 5262 1799 5303 prorsus

246 5350 523 5407 hominum
549 5347 945 5404 consuetudine
977 5354 1180 5402 remota
1221 5352 1382 5401 esset.

316 5476 389 5539 (al
424 5474 519 5543 Ep.
555 5472 682 5543 sas,
722 5488 775 5525 ιι.
807 5471 861 5543 s,

318 5537 390 5611 (ὑ)
432 5537 594 5611 G'i'eg.
632 5542 788 5611 Nyss.
830 5539 933 5593 Vit.
968 5537 1249 5611 S._l!facr.,
1282 5554 1334 5608 p.
1380 5537 1495 5591 182.

422 5616 516 5667 0r.
542 5608 596 5665 in
629 5608 694 5665 xl.
728 5620 905 5683 m_art_._,
940 5625 989 5675 ρ.
1026 5608 1148 5661 ‘2“.

321 5678 396 5753 (tt;
428 5684 583 5752 Nyss.
628 5683 727 5734 Vit.
848 5678 1040 5741 Macn,
1074 5694 1125 5747 p.
1155 5678 1275 5753 18;}.

321 5748 387 5820 ir)
428 5748 585 5823 N'yss.
624 5754 716 5823 Ur.
749 5750 802 5802 in
828 5765 892 5802 η
921 5748 1336 5823 ηιςιςιληρίῄὲη,

322 5817 386 5895 (ι)
434 5817 533 5879 Vit.
562 5824 624 5879 s.
660 5820 849 5883 Mam,
880 5834 933 5888 p.
964 5817 1087 5881 suo,
1114 5817 1236 5874 eos.

1899 1985 2057 2037 latam
2108 1984 2174 2037 ab
2220 1985 2393 2038 amico
2441 1985 2821 2053 promissorum
2887 1981 3043 2036 fidem
3094 1992 3317 2050 questus
3357 1992 3460 2035 est.

1898 2076 2011 2132 Non
2049 2076 2307 2129 habemus
2354 2074 2633 2144 epistolam
2671 2074 2722 2125 in
2758 2090 2862 2141 qua
2891 2075 3004 2127 lucc
3026 2073 3327 2137 scribebat;
3361 2072 3458 2127 sed

1897 2177 2075 2221 exstat
2103 2164 2346 2237 Gregorii
2388 2164 2665 2232 responsio
2690 2164 2788 2233 (g),
2823 2165 2909 2232 qni
2940 2164 3206 2230 obiectum
3252 2164 3459 2217 crimen

1895 2275 2000 2313 non
2030 2259 2314 2312 inficiendo
2334 2257 2563 2326 repellit,
2594 2254 2683 2308 sed
2704 2253 2918 2322 pietatis
2942 2252 3246 2321 parentibus
3272 2251 3462 2305 debitae

1894 2352 2409 2406 commemoratione
2461 2354 2777 2421 deprecatur
2818 2366 2832 2402 :
2890 2364 2951 2403 ac
3002 2347 3110 2402 litis
3152 2346 3464 2400 dirimendas

1896 2458 2057 2498 causa
2088 2442 2189 2495 hoc
2230 2451 2714 2509 temperamentum
2754 2439 3024 2508 proponit,
3058 2448 3115 2492 ut
3161 2438 3357 2507 partim
3396 2438 3463 2492 ad

1896 2545 1953 2582 se
1988 2527 2234 2593 Basilius,
2267 2529 2468 2591 partim
2500 2528 2613 2596 ipse
2649 2530 2713 2581 ad
2741 2528 2993 2581 Basiliam
3020 2528 3267 2580 ventitet.

1968 2618 2141 2671 Aliam
2168 2619 2447 2672 amisimus
2476 2617 2655 2669 Basilii
2691 2618 2995 2685 epistolam,
3029 2619 3080 2669 in
3115 2632 3217 2685 qua
3242 2612 3464 2681 jocaba-

1899 2720 1984 2762 tur
2032 2709 2082 2762 in
2114 2709 2444 2764 Tiberinam.
2492 2708 2735 2761 Vicissim
2783 2723 2905 2762 eam
2938 2708 3225 2776 Gregorius
3268 2721 3458 2776 perur-

1898 2802 2055 2856 banis
2086 2802 2141 2855 in
2170 2802 2317 2856 Carsa
2332 2816 2474 2854 ream
2495 2802 2579 2855 ubi
2603 2810 2759 2854 natus
2786 2810 2925 2864 erat,
2944 2810 2997 2855 et
3022 2802 3073 2853 in
3092 2801 3337 2854 Pontum.
3358 2815 3465 2867 quo

1899 2891 2202 2960 secedebat,
2234 2892 2472 2947 dicteriis
2519 2893 2790 2947 remordet
2831 2892 2909 2961 (Ii)
2951 2910 2964 2922 -
3017 2891 3170 2946 Ponti
3218 2894 3467 2946 tenebras

1901 2984 2160 3051 exagitat,
2191 2985 2279 3040 ubi
2312 2984 2479 3040 solem
2507 2986 2573 3038 ad
2609 2995 2814 3039 certum
2845 2985 3059 3038 modum
3099 2983 3270 3052 accipi
3310 2983 3463 3039 diclt.

1906 3072 2056 3139 Quod
2079 3089 2286 3145 speetat
2310 3076 2374 3128 ad
2403 3074 2723 3140 Cassaream,
2770 3090 2867 3145 pro
2900 3074 3012 3128 luto
3047 3074 3232 3142 objicit
3262 3088 3465 3143 caupo-

1904 3181 2021 3230 nas,
2062 3175 2119 3220 et
2164 3166 2421 3234 quidquid
2452 3167 2612 3220 urbes
2652 3174 2807 3234 turpe
2839 3176 2895 3220 et
2936 3165 3338 3220 incommodum
3382 3165 3465 3219 fe-

1902 3268 2046 3311 runt.
2079 3255 2246 3310 Vocat
2278 3255 2532 3310 Basiliam
2559 3256 2654 3309 luti
2690 3266 2968 3325 expertem
2998 3258 3198 3321 virum,
3229 3266 3284 3311 et
3315 3270 3466 3310 sam-

1903 3346 2004 3400 mis
2045 3347 2274 3415 pedibus
2316 3346 2675 3413 incedentem,
2712 3358 3001 3417 pennatam
3048 3362 3113 3403 ac
3136 3347 3465 3416 pendulum,

1904 3449 1960 3492 at
1990 3438 2235 3506 quamvis
2266 3439 2335 3492 sit
2372 3437 2679 3508 Cappadox,
2724 3437 3117 3506 Cappadociam
3168 3436 3353 3506 fugiat.
3390 3436 3470 3488 Rx

1901 3532 2096 3601 quibus
2126 3532 2304 3586 verbis
2343 3532 2536 3599 colligo
2574 3529 2831 3582 Basiliam
2868 3529 3104 3582 nondum
3138 3526 3466 3591 secessisse,

1902 3638 2021 3677 cum
2060 3625 2171 3675 haec
2210 3622 2472 3675 scriberet
2517 3620 2830 3688 Gregorius,
2879 3618 2972 3671 sed
3008 3625 3188 3669 tamen
3214 3616 3323 3682 jam
3358 3626 3469 3669 sta-

1907 3714 2068 3766 tuisse
2102 3712 2492 3781 Cappadociam
2536 3710 2719 3780 fugere
2747 3718 2802 3764 et
2848 3709 2900 3763 in
2939 3708 3168 3764 Pontum
3210 3723 3269 3763 se
3319 3707 3458 3763 reci-

1905 3819 2049 3873 pere.

1974 3894 2205 3948 Basilius
2246 3895 2495 3949 omnibus
2538 3894 2700 3948 rebus
2748 3892 2822 3946 ita
2867 3906 2985 3946 sese
3032 3890 3326 3944 nudaverat
3377 3888 3466 3958 (i),

1907 3996 1966 4040 ut
1998 3986 2127 4039 nihil
2158 3986 2379 4040 haberet
2410 3991 2602 4054 praeter
2631 3998 2825 4052 corpus
2856 3990 2910 4035 et
2942 3982 3245 4035 necessaria
3276 3994 3469 4046 corpo-

1906 4078 1978 4131 ris
2001 4078 2390 4147 integumenta.
2418 4074 2607 4129 Cilicio
2631 4088 2826 4140 corpus
2848 4072 3060 4139 tegebat
3078 4069 3165 4139 (j),
3190 4069 3280 4123 sed
3308 4078 3465 4122 noctu

1906 4177 2133 4231 tantum,
2186 4178 2244 4219 ut
2280 4166 2466 4219 oculos
2519 4164 2795 4219 hominum
2844 4164 3058 4216 vitaret.
3104 4161 3271 4216 Nemo
3319 4170 3465 4215 tanta

1908 4259 2080 4311 inedia
2114 4258 2344 4311 exstitit.
2378 4256 2510 4307 Erat
2535 4255 2637 4319 illi,
2665 4254 2836 4322 inquit
2860 4252 3257 4316 Nazianzenus,
3289 4253 3468 4305 tunica

1906 4367 2033 4411 una,
2078 4356 2126 4401 et
2160 4346 2380 4415 pallium
2419 4361 2599 4409 unum,
2644 4355 2689 4398 et
2730 4354 2927 4397 stratus
2976 4343 3121 4396 humi
3165 4341 3386 4395 lectulus
3422 4349 3471 4394 οι

1907 4440 2129 4503 illuvies,
2161 4450 2207 4492 et
2249 4438 2441 4507 vigilia:
2471 4436 2600 4506 (illa
2622 4437 2735 4505 ejus
2759 4436 2945 4489 decora
2976 4445 3025 4487 et
3056 4431 3395 4500 ornamenta)
3422 4441 3470 4484 et

1909 4531 2216 4613 suavissima
2255 4544 2395 4581 caena
2427 4538 2472 4579 et
2520 4526 2811 4587 obsonium,
2851 4524 3004 4591 panis
3042 4530 3091 4575 et
3126 4521 3228 4586 sal,
3259 4536 3467 4586 novum,

1910 4606 2142 4682 inquam,
2174 4614 2303 4667 illud
2343 4612 2745 4672 condimentum,
2777 4618 2824 4660 et
2860 4609 3001 4671 potio
3026 4606 3197 4659 sobria
3233 4614 3282 4658 et
3321 4606 3473 4657 uber~

1912 4709 2071 4770 rima,
2116 4721 2273 4773 quam
2305 4704 2448 4755 nobis
2500 4700 2629 4752 nihil
2666 4700 3018 4751 laborantibus
3055 4698 3222 4766 fontes
3250 4695 3469 4766 profun-

1915 4798 2066 4849 dunt.
2116 4793 2196 4848 Ea:
2246 4796 2451 4862 quibus,
2496 4794 2601 4844 imo
2652 4808 2768 4843 cum
2801 4791 3011 4859 quibus,
3043 4789 3209 4841 morbi
3241 4804 3301 4841 ac
3329 4802 3470 4839 mor-

1918 4884 2097 4937 borum
2160 4884 2457 4937 curationes
2508 4890 2890 4950 promanarunt
2946 4892 2962 4929 :
3022 4878 3157 4944 quod
3205 4890 3473 4929 commune

1927 4976 2193 5043 utriusque
2228 4986 2458 5027 nostrum
2491 4972 2719 5025 studium
2754 4970 2872 5039 fuit.

1985 5067 2232 5121 Testatur
2262 5066 2422 5119 etiam
2447 5062 2720 5132 Nyssenus
2769 5058 3016 5113 Basiliam
3055 5056 3127 5127 (lt)
3170 5054 3472 5125 parcissimi

1916 5159 2019 5215 cibi
2057 5160 2249 5220 fuisse,
2280 5166 2333 5210 et
2364 5171 2487 5209 cum
2518 5168 2681 5207 carne
2709 5166 2801 5205 sua
2836 5165 2938 5203 non
2968 5150 3142 5213 aliter,
3167 5161 3327 5217 quam
3352 5161 3473 5199 cum

1917 5266 2073 5306 servo
2098 5248 2321 5319 fugitivo
2343 5244 2726 5299 inexorabilem
2746 5242 3018 5297 dominum
3043 5240 3237 5308 egisse.
3263 5234 3472 5302 Quanto

1920 5344 2224 5398 sanctitatis
2254 5341 2303 5391 in
2337 5338 2513 5391 anima
2551 5347 2597 5389 et
2632 5349 2852 5405 corpore
2880 5332 3161 5388 servandas
3194 5330 3370 5385 studio
3395 5338 3472 5383 te-

1986 5464 2055 5533 (g)
2096 5463 2226 5517 Νη.
2242 5477 2338 5533 ep.
2370 5459 2422 5509 5.

1984 5535 2061 5604 (Ιι)
2101 5535 2197 5601 Ep.
2230 5532 2282 5583 6.

1983 5598 2049 5673 (θ)
2101 5598 2226 5655 Νξικ.
2259 5615 2341 5653 or.
2370 5598 2456 5651 20.

1986 5675 2053 5744 ω)
2092 5674 2219 5744 Ibid:

2106 5742 2168 5796 In
2196 5739 2359 5794 Basil.
2395 5756 2441 5808 ιι.
2471 5737 2588 5803 .590,
2621 5736 2740 5789 496,
