4006 6442
498 429 586 471 ut
1842 406 2369 464 I'ROLEGOMENA.

497 540 735 595 neretur,
764 530 998 601 perspici
1034 538 1212 601 potest
1236 546 1298 586 ex
1349 531 1433 585 his
1457 531 1702 586 Cassiani
1734 532 1809 599 (a)
1837 532 2017 588 verbis
2052 549 2063 581 :
2097 535 2141 590 Α
2175 532 2309 583 ciunt
2349 529 2597 582 ducebam
2631 544 2818 582 eorum
2849 542 2965 599 quin
2996 543 3098 579 non
3130 530 3390 596 videntur,
3417 545 3476 583 ea
3521 542 3636 597 (μην
3666 528 3735 584 vi-

495 622 691 677 Fcrtur
745 622 805 677 S.
853 621 1063 686 Basilii,
1098 623 1288 692 inquit,
1341 619 1682 677 Ctesariensis
1722 624 1945 692 episcopi
1988 622 2070 673 dio

496 716 679 763 stricta
728 709 1004 761 sententia.
1057 708 1122 761 Et
1183 707 1473 771 mulierem,
1528 709 1718 777 inquit,
1765 708 1971 778 ignoro,
2019 717 2066 759 et

496 806 638 869 νίν-90
670 818 773 853 non
821 816 957 853 sum.
1011 799 1280 854 Intantunt
1331 802 1580 856 intellexit
1629 800 2065 868 incorruptionem

497 893 669 944 carnis
710 908 811 945 non
866 902 973 947 tam
1005 896 1058 946 in
1108 892 1343 947 mulieris
1374 909 1483 947 esse
1544 891 1881 958 abstinentia,
1912 907 2065 962 quam

496 982 549 1034 in
590 982 888 1051 integritate
919 982 1112 1045 cordis,
1141 999 1257 1051 qua:
1290 999 1401 1036 rere
1436 982 1797 1049 incorruptam
1824 990 2065 1049 perpetuo

495 1073 896 1126 sanctimoniam
924 1076 1157 1141 corporis
1188 1074 1264 1128 vel
1314 1074 1497 1125 timore
1531 1070 1625 1125 Dei
1660 1074 1738 1127 vel
1775 1088 1951 1125 amore
1984 1088 2068 1124 ca-

496 1162 691 1218 stitatis
721 1164 1002 1219 custodiat.

1108 1274 1334 1331 CAPUT
1373 1275 1463 1333 IV.

498 1364 536 1418 I.
575 1362 677 1429 Qui
718 1360 974 1417 Basilium
1016 1376 1199 1434 negant
1244 1365 1563 1434 professione
1599 1365 1905 1418 monasticw
1951 1365 2069 1419 rita:

570 1435 877 1486 obstrictum
924 1435 1111 1503 fuisse,
1157 1435 1471 1499 refelluntur
1523 1452 1586 1488 ea:
1632 1436 1794 1503 ipsius
1832 1437 2069 1488 testimo-

571 1503 693 1555 niis.
747 1504 807 1556 ll.
865 1503 1132 1557 Probatur
1176 1503 1436 1573 Basiljum
1491 1506 1622 1558 nihil
1662 1505 1760 1557 sibi
1820 1522 1883 1559 ex
1923 1507 2069 1559 bonis

568 1575 678 1627 suis
706 1576 961 1644 reliquum
988 1574 1189 1642 fecisse.
1226 1575 1309 1628 Ill.
1354 1574 1616 1643 Professio
1642 1576 1797 1629 etiam
1834 1577 2071 1628 nomina-

571 1644 745 1713 timet
777 1647 1032 1713 conceptis
1064 1645 1226 1697 verbis
1254 1660 1354 1697 non
1385 1647 1720 1713 pronuntiata
1757 1646 1942 1698 violari
1969 1662 2070 1697 non

571 1712 795 1781 poterat.
836 1713 923 1765 IV.
974 1712 1256 1782 Gregorius
1289 1712 1513 1768 mediam
1560 1716 1697 1767 inter
1726 1715 2070 1767 anachoretus

571 1792 620 1853 et
676 1795 882 1835 ascetas
931 1796 1174 1837 actuosos
1226 1787 1363 1837 riam
1413 1786 1584 1850 elegit.
1641 1784 1879 1853 Migodes
1929 1786 2069 1851 apud

574 1850 882 1922 Gregorium
913 1854 1069 1918 iidem
1103 1871 1163 1907 ac
1203 1865 1392 1907 ascette
1423 1854 1621 1906 actioni
1654 1850 1838 1906 dediti.
1867 1853 1928 1905 ν.
1963 1850 2070 1907 Bu-

573 1925 723 1976 sttius
779 1924 830 1976 in
866 1926 1197 1977 monasteriis
1227 1924 1336 1976 suis
1385 1924 1614 1975 medium
1660 1925 1797 1977 inter
1842 1926 2071 1979 anacho-

574 2005 707 2045 retas
730 2008 792 2044 ac
817 1994 1047 2062 migades
1078 1994 1278 2047 vivendi
1313 2010 1475 2061 genus
1506 1994 1737 2047 instituit

571 2084 611 2137 Ι.
631 2082 982 2139 Doctissimus
1003 2084 1235 2152 scriptor
1252 2085 1642 2142 Thomassinus
1666 2104 1856 2141 novam
1882 2104 2063 2157 quam-

504 2174 626 2229 dam
666 2177 730 2231 de
759 2175 962 2231 Basilio
994 2187 1047 2232 et
1080 2175 1343 2246 Gregorio
1386 2176 1730 2232 Nazianzeno
1762 2180 2070 2248 Opinionem

507 2268 748 2331 invenit,
776 2282 896 2336 qua:
925 2270 1062 2337 apud
1099 2272 1351 2339 antiquos
1384 2272 1623 2325 inaudita
1648 2285 1866 2338 prorsus
1891 2280 1944 2326 et
1977 2273 2073 2326 int-

506 2368 826 2423 memorata,
860 2360 1063 2429 placuit
1095 2371 1276 2416 tamen
1311 2362 1663 2418 celeberrimo
1692 2363 1872 2418 abbati
1903 2363 2073 2434 Trapo

504 2449 679 2517 pensi.
717 2447 970 2504 Suntmos
1002 2450 1121 2507 illos
1160 2454 1305 2508 viros
1351 2455 1549 2509 fatetur
1583 2455 1974 2511 Thontassinus
2021 2458 2071 2510 in

512 2535 859 2593 solitudinem
896 2544 1209 2606 secessisse,
1244 2546 1335 2598 sed
1378 2544 1483 2599 illis
1518 2546 1803 2599 monastici
1838 2546 2073 2600 instituti

508 2651 688 2690 veram
711 2636 1098 2706 professionem
1117 2636 1337 2692 invidet.
1361 2636 1615 2707 Negat(b)
1638 2652 1747 2689 vere
1764 2638 2073 2689 monachum

503 2743 634 2792 esse,
677 2728 778 2781 nisi
824 2730 915 2797 qui
959 2745 1013 2782 se
1043 2727 1112 2781 ad
1155 2738 1319 2781 totum
1366 2728 1484 2781 vitis
1524 2738 1722 2794 tempus
1755 2729 1854 2779 hac
1894 2738 2077 2781 sancta

505 2818 823 2887 professione
846 2818 1161 2887 obstringat,
1192 2834 1348 2886 seque
1390 2818 1636 2872 omnibus
1665 2820 2076 2883 possessionibus

507 2912 690 2979 spoliet
720 2929 780 2966 ac
802 2913 982 2966 nudet.
1018 2911 1241 2966 Dillieile
1260 2910 1507 2981 profecto
1532 2926 1636 2965 non
1663 2913 1769 2965 erit
1791 2923 2079 2982 utrumque

510 3004 576 3057 de
612 3002 815 3058 Basilio
847 3010 1036 3057 nostro
1063 3011 1331 3066 astruere,
1374 3010 1429 3056 et
1467 3002 1609 3070 quod
1652 3001 1896 3055 eruditus
1933 3000 2076 3056 Tho-

512 3095 786 3149 massinus
838 3094 1048 3160 statuit,
1101 3103 1159 3147 ut
1208 3108 1331 3148 eum
1379 3094 1704 3149 monachum
1751 3107 1855 3147 non
1914 3093 2080 3148 fuisse

512 3188 720 3255 probet,
756 3187 810 3242 id
867 3197 1186 3242 convertere
1228 3186 1281 3240 in
1329 3195 1703 3256 argumentum
1744 3200 1885 3241 vera:
1937 3185 2080 3241 illius

496 3279 821 3341 monasticae
848 3278 1219 3347 professionis.
1261 3275 1392 3331 Nam
1434 3279 1485 3331 in
1540 3278 1623 3333 his
1667 3292 1789 3348 qua
1848 3278 1916 3333 ad
1945 3293 2078 3333 san-

508 3378 655 3421 ctum
684 3366 1005 3437 Gregorium
1037 3365 1435 3418 Nazianzenum
1462 3376 1714 3435 spectant
1742 3383 1845 3421 non
1890 3369 2082 3423 immo-

512 3458 693 3521 rabor,
731 3458 980 3527 quamvis
1014 3456 1248 3525 amplam
1289 3464 1526 3525 segetem
1579 3456 1725 3510 illius
1759 3472 1922 3525 opera
1950 3474 2079 3526 snp-

512 3552 755 3621 peditent
785 3569 799 3605 :
843 3550 936 3605 sed
974 3550 1059 3604 his
1092 3548 1309 3603 erudito
1337 3547 1506 3602 sodali
1537 3547 1680 3601 illius
1712 3561 1933 3618 operum
1967 3551 2081 3603 edi-

516 3644 714 3697 tionem
746 3641 1041 3696 elaboranti
1090 3640 1340 3706 servatis,
1374 3639 1628 3694 nonnulla
1669 3649 1877 3694 tantum
1911 3635 2089 3695 attini

512 3747 656 3803 gam,
691 3746 810 3799 qua:
838 3745 867 3783 a
898 3729 1099 3785 Basilio
1130 3742 1317 3786 nostro
1345 3731 1525 3786 divelli
1559 3745 1661 3784 non
1691 3740 1933 3799 possunt.

582 3825 838 3882 Basilium
868 3824 1041 3894 ipsum
1073 3824 1139 3877 de
1167 3837 1225 3877 se
1256 3824 1563 3891 loquentem
1593 3825 1900 3889 audiamus,
1934 3835 2085 3879 ante-

513 3934 674 3988 quam
702 3917 927 3972 aliorum
960 3915 1256 3971 referamus
1279 3915 1607 3968 testimonia.
1644 3913 1736 3969 Sic
1772 3927 2082 3985 susceptum

515 4028 544 4064 a
574 4026 636 4065 se
669 4011 980 4065 monasticae
1009 4009 1133 4062 vitae
1174 4007 1506 4076 propositum
1548 4008 1775 4075 exponit
1824 4007 1875 4060 in
1921 4008 2079 4072 epist.

514 4102 642 4166 225,
672 4119 725 4155 η.
754 4100 821 4155 Ωι
861 4099 1049 4170 Itaque
1086 4116 1202 4152 cum
1220 4099 1457 4169 legissem
1490 4098 1859 4167 Eaangelium,
1888 4097 2081 4166 inquit,

516 4198 692 4263 ibique
718 4194 1092 4261 perspexissem
1138 4192 1427 4259 plurimum
1468 4191 1535 4242 ad
1574 4188 1940 4258 perfectionem
1996 4206 2083 4243 va-

517 4287 659 4348 lere,
706 4284 841 4334 bona
884 4297 983 4335 sua
1010 4282 1308 4344 diuendere,
1361 4291 1409 4333 et
1455 4271 1572 4332 cum
1614 4281 1788 4349 egenis
1833 4282 2086 4346 fratribus

519 4376 995 4439 communicare,ac
1021 4374 1167 4425 nulla
1195 4389 1408 4441 prorsus
1431 4373 1587 4441 hujus
1605 4375 1723 4426 vita’
1738 4375 2089 4428 sollicitudine

519 4471 784 4538 distringi,
823 4486 913 4523 nec
953 4468 1062 4521 ulla
1092 4467 1366 4536 aﬂ’ectione
1412 4468 1481 4518 ad
1538 4484 1617 4520 res
1651 4479 1882 4521 terrenas
1914 4471 2086 4521 animo

2170 626 2376 678 dentur.

2242 718 2354 772 Non
2402 716 2558 771 video
2597 714 2721 786 quid
2766 712 3163 785 signiﬁcantius
3204 716 3370 781 possit
3406 715 3731 785 l'l‘hmnassi-

2171 826 2273 864 nus
2307 808 2601 876 requirere.
2638 805 2728 860 Vel
2762 808 2905 859 enim
2939 805 3067 860 nulli
3107 814 3232 859 tunc
3272 809 3522 861 monachi
3558 808 3727 867 fuere,

2170 901 2255 955 vel
2301 900 2528 955 Basilius
2573 898 2691 954 fuit.
2748 894 2947 951 Statuit
2988 899 3125 953 bona
3166 899 3348 951 omnia
3402 902 3639 957 vendere
3682 911 3737 955 et

2169 992 2494 1062 pauperibus
2525 991 2869 1047 distribuere.
2921 989 3123 1055 Quterit
3167 992 3399 1063 aliquem
3444 1006 3507 1044 ex
3560 994 3740 1048 fratri-

2171 1084 2305 1150 bus,
2353 1086 2440 1153 qui
2494 1083 2850 1139 monasticum
2917 1081 3223 1136 institutum
3282 1084 3618 1154 proﬁteatur,
3682 1096 3739 1140 ut

2171 1189 2291 1228 cum
2327 1189 2392 1230 eo
2445 1173 2664 1228 brevem
2709 1172 2868 1241 hujus
2902 1166 3025 1225 viim
3068 1170 3285 1227 lluctum
3318 1182 3576 1228 transeat.
3608 1176 3738 1241 Quis

2172 1265 2224 1319 itt
2258 1267 2359 1320 hoc
2395 1263 2618 1320 consilio
2669 1265 2753 1317 vel
2802 1260 3115 1318 facultatum
3170 1264 3609 1328 retinendarum,
3658 1267 3739 1317 vel

2174 1360 2456 1413 ntonastici
2485 1354 2715 1412 instituti
2746 1358 2825 1410 'ad
2867 1365 3079 1424 tempus
3108 1356 3468 1425 amplectendi
3497 1356 3739 1412 volunta-

2173 1459 2277 1504 tem
2308 1452 2616 1521 suspicetur
2642 1448 2665 1502 ?
2693 1447 2947 1515 Quamvis
2990 1457 3172 1503 autem
3205 1447 3435 1505 Basilius
3469 1467 3573 1505 non
3600 1449 3743 1503 dicat

2171 1543 2449 1611 conceptis
2480 1540 2658 1596 verbis
2692 1540 2961 1596 imitatum
3006 1553 3065 1595 se
3096 1554 3217 1595 esse
3258 1541 3555 1609 perfectum
3611 1540 3741 1595 illud

2172 1632 2385 1686 vivendi
2412 1649 2603 1703 genus,
2631 1633 2769 1703 quod
2796 1633 2846 1685 in
2871 1633 3035 1688 variis
3080 1632 3427 1687 monasteriis
3461 1648 3744 1702 perspexe-

2173 1732 2276 1784 rat,
2307 1724 2400 1776 sed
2419 1734 2626 1778 tantum
2654 1724 2852 1778 imitari
2876 1724 3141 1779 statuisse
3166 1738 3181 1788 ;
3216 1738 3371 1777 nemo
3389 1732 3565 1776 tamen
3593 1722 3745 1776 dixe-

2174 1815 2244 1867 rit
2274 1827 2397 1867 eum
2438 1816 2506 1869 ab
2544 1816 2758 1885 incepto
2782 1816 3012 1884 turpiter
3038 1816 3380 1877 discessisse,
3411 1823 3465 1869 et
3491 1828 3607 1883 qua:
3631 1824 3743 1867 sta-

2104 1881 2145 1934 B
2177 1914 2285 1959 tuta
2322 1918 2382 1957 ac
2405 1881 2699 1959 deliberata
2729 1881 3014 1972 habuerat,
3046 1907 3267 1963 minime
3290 1881 3602 1976 perfecisse.

2246 1992 2389 2048 Nihil
2424 2008 2555 2049 sane
2582 2009 2718 2062 opus
2767 2004 2850 2049 est
2898 1998 3187 2064 exquisitis
3242 1998 3572 2069 argumentis
3600 1997 3650 2051 in
3688 2013 3747 2051 re

2176 2086 2492 2143 manifesta.
2528 2085 2935 2141 Monumentum
2995 2089 3260 2145 habemus
3294 2089 3605 2145 monasticae
3647 2089 3748 2143 Ba-

2174 2178 2281 2231 silii
2332 2179 2682 2248 professionis
2721 2178 3107 2245 certissimum,
3145 2182 3291 2249 ipsas
3330 2181 3543 2252 regulas
3577 2180 3643 2235 ab
3680 2195 3745 2235 eo

2177 2267 2476 2324 institutas.
2521 2269 2663 2325 Nihil
2695 2271 2936 2326 severius
2976 2280 3071 2324 aut
3109 2273 3353 2326 strictius
3389 2273 3601 2343 principi
3656 2288 3750 2341 po-

2178 2369 2306 2424 test,
2346 2374 2504 2427 quam
2528 2377 2648 2430 qua;
2672 2378 2700 2415 a
2733 2362 2931 2417 Basilio
2955 2364 3019 2419 de
3046 2362 3296 2417 omnibus
3328 2377 3553 2430 prorsus
3585 2364 3748 2417 rebus

2179 2449 2548 2518 relinquendis
2586 2452 2987 2520 praecipiuntur.
3022 2452 3080 2506 Ei
3137 2452 3226 2522 qui
3267 2450 3431 2505 semel
3465 2452 3606 2503 inter
3634 2451 3747 2503 fra-

2183 2551 2295 2594 tres
2327 2542 2639 2595 monasterii
2683 2543 2948 2609 ascriptus
2994 2553 3097 2607 est,
3162 2543 3361 2597 nullum
3394 2557 3616 2612 prorsus
3651 2557 3749 2595 ex-

2176 2631 2338 2686 eundi
2368 2631 2543 2688 locum
2583 2633 2833 2702 relinquit
2862 2647 2876 2685 :
2908 2636 3002 2688 sed
3034 2638 3359 2706 sacrilegum
3405 2653 3527 2692 esse
3572 2637 3750 2691 decla-

2180 2737 2263 2779 rat
2297 2724 2391 2799 (c),
2422 2727 2512 2794 qui
2554 2727 2619 2780 ad
2648 2725 2797 2780 aliud
2825 2726 2946 2779 vita:
2974 2741 3143 2795 genus
3178 2729 3393 2792 transit,
3423 2739 3479 2780 ιιι
3523 2729 3613 2798 qui
3655 2729 3753 2782 do-

2181 2820 2391 2871 narium
2428 2817 2539 2872 Deo
2571 2826 2945 2873 consecratum
2994 2816 3295 2872 abstulerit.
3329 2820 3383 2871 Si
3413 2821 3535 2887 quis
3572 2829 3751 2873 autem

2180 2909 2389 2963 dubitet
2412 2924 2477 2962 an
2515 2908 2745 2964 Basilius
2771 2910 2958 2965 iisdem
2984 2909 3123 2964 votis
3156 2910 3451 2965 obstrictus
3478 2910 3657 2975 fuerit,
3689 2926 3755 2965 ac

2182 3000 2216 3053 ii
2260 3013 2396 3068 quos
2437 3001 2701 3067 regendos
2746 3011 3095 3067 susceperat;
3141 3001 3321 3072 legere
3366 3010 3543 3071 potest
3572 3017 3753 3071 proue-

2184 3092 2349 3144 ntium
2385 3090 2437 3142 in
2486 3090 2719 3159 Regulus
2756 3093 3026 3161 longiores
3053 3095 3192 3161 quod
3227 3095 3305 3147 sic
3344 3094 3531 3163 incipit
3561 3113 3575 3148 :
3612 3094 3754 3159 Qua-

2106 3217 2149 3275 C
2184 3181 2325 3233 niam
2371 3179 2477 3233 Deo
2519 3180 2756 3247 juvante,
2804 3181 2855 3232 in
2904 3182 3111 3234 nomine
3168 3182 3378 3235 Domini
3414 3186 3580 3236 nostri
3624 3183 3754 3235 Jesu

2184 3272 2377 3327 Christi
2411 3270 2569 3325 simul
2617 3273 2947 3326 convenimus
2979 3288 3092 3336 nos,
3122 3275 3210 3341 qui
3240 3289 3400 3325 unum
3432 3283 3481 3326 et
3515 3274 3647 3327 idem
3681 3278 3755 3344 pii

2184 3368 2408 3420 instituti
2440 3365 2761 3435 propositum
2787 3374 3037 3429 tenemus,
3071 3374 3172 3419 etc.
3194 3366 3369 3419 Οἰένα
3403 3367 3494 3419 uati.
3518 3367 3607 3419 τὸν
3654 3368 3754 3422 αὺ-

2190 3460 2280 3510 τὸν
2312 3460 2513 3511 σκοπὸν
2538 3456 2631 3510 τοῦ
2680 3456 2795 3527 βίου
2830 3455 2925 3508 τοῦ
2964 3458 3082 3509 κατ’
3110 3457 3386 3510 εὐσεόείαν
3417 3458 3758 3530 ἐνστησάμεν-

2186 3566 2284 3601 νοι.
2318 3551 2486 3602 Dubia
2526 3550 2765 3618 profecto
2796 3566 2899 3603 non
2933 3559 3052 3603 erat
3084 3549 3362 3603 monachis
3394 3548 3755 3605 Czrsariensi-

2186 3642 2283 3693 bus
2312 3638 2493 3693 Basilii
2528 3639 2813 3708 professio,
2858 3642 2941 3694 cui
2987 3657 3110 3696 cum
3138 3656 3341 3709 magna:
3368 3644 3627 3697 molestia:
3669 3660 3758 3697 ac-

2184 3732 2445 3786 cidissent
2477 3731 2544 3784 ab
2572 3728 2802 3785 Eusebio
2825 3732 3083 3800 episcOpo
3106 3772 3122 3798 ,
3155 3732 3357 3785 factam
3386 3733 3451 3798 ei,
3489 3734 3578 3801 qui
3604 3735 3757 3800 prino

2186 3826 2419 3893 cipatum
2449 3824 2581 3876 inter
2610 3824 2749 3890 ipsos
2778 3821 3063 3886 obtinebat,
3086 3821 3335 3889 iniuriam
3362 3822 3598 3891 graviter
3623 3822 3760 3877 tule-

2189 3925 2313 3969 runt
2347 3914 2453 3985 td).
2488 3913 2585 3969 His
2615 3915 2751 3968 adde
2805 3923 3047 3967 veterum
3104 3913 3420 3967 testimonia
3471 3914 3561 3982 qui
3610 3913 3759 3968 Basi-

2190 4007 2317 4059 Iium
2370 4016 2423 4059 et
2472 4003 2788 4074 Gregorium
2843 4006 3008 4057 vitam
3070 4006 3425 4058 monasticam
3480 4006 3760 4073 amplexos

2186 4109 2308 4148 esse
2344 4094 2607 4146 referunt.
2643 4094 2777 4148 Vide
2805 4094 3057 4149 Ruﬁnum
3097 4095 3188 4148 lib.
3227 4112 3267 4161 t,
3298 4110 3344 4150 c.
3380 4096 3442 4161 9;
3474 4098 3757 4149 Socratem

2188 4186 2278 4240 lib.
2312 4202 2386 4247 tv.
2416 4200 2466 4241 c.
2498 4184 2599 4249 26;
2638 4186 2998 4239 Sozomenutn
3041 4188 3135 4242 lib.
3170 4204 3243 4254 vt,
3275 4200 3323 4242 c.
3354 4190 3439 4243 Π.

2260 4276 2321 4331 ΙΙ.
2368 4276 2693 4345 Paupertas,
2740 4292 2902 4344 quam
2982 4281 3211 4349 requirit
3260 4278 3647 4333 Thomassinus
3692 4283 3757 4335 a.‘l

2192 4370 2544 4423 monasticam
2578 4367 2993 4436 professionem,
3034 4370 3266 4422 maxime
3294 4368 3487 4422 enituit
3528 4370 3579 4423 in
3610 4369 3761 4424 Basi-

2180 4464 2289 4517 Alio.
2324 4461 2576 4515 Testatur
2607 4459 2879 4531 Nyssenus
2912 4476 3032 4513 eum
3074 4462 3141 4512 ab
3172 4460 3325 4513 initio
3349 4463 3604 4517 statuisse
3627 4461 3761 4516 nihil

519 4563 773 4625 conuerti;
800 4562 1067 4625 cupiebam
1093 4560 1327 4613 invenire
1356 4559 1588 4627 aliquem
1612 4576 1679 4612 ea:
1706 4559 1962 4627 fratribus
1996 4562 2079 4629 qui

2195 4552 2491 4621 possidere,
2529 4561 2583 4604 et
2613 4558 2816 4619 petram
2860 4549 3192 4603 immobilem
3228 4551 3391 4604 fuisse
3431 4554 3531 4606 hoc
3572 4554 3754 4605 consi-

518 4656 654 4709 hanc
688 4657 805 4710 rita
832 4657 965 4709 viam
1015 4654 1271 4720 elegisset,
1304 4661 1359 4704 ut
1404 4669 1507 4703 una
1553 4668 1668 4703 cum
1714 4652 1826 4718 ipso
1887 4650 2085 4704 brevem

519 4750 675 4817 hujus
712 4749 828 4801 vita:
852 4748 1067 4815 fluctum
1104 4747 1401 4797 transirem.
1441 4744 1515 4795 Ac
1549 4744 1733 4795 multos
1762 4744 1971 4812 quidem
2009 4745 2087 4796 in-

520 4838 635 4891 eeni
666 4836 1024 4901 Alexandria,
1068 4833 1258 4886 multos
1302 4834 1457 4885 etiam
1492 4833 1547 4884 in
1578 4833 1777 4900 reliqua
1810 4831 2041 4901 {Egypto
2070 4848 2087 4885 :

522 4941 567 4982 et
594 4930 646 4982 in
677 4927 967 4981 l'alazstina
1002 4928 1136 4980 alios
1167 4937 1211 4979 et
1236 4925 1518 4994 Caelesyria
1550 4942 1611 4977 ac
1638 4923 2037 4992 Mesopotamia.
2071 4965 2083 4976 .

527 5020 653 5075 Ηιεο
690 5036 806 5073 cum
841 5021 1085 5081 mirarer,
1117 5035 1178 5071 ac
1209 5017 1410 5069 beatam
1448 5026 1685 5081 putarent
1740 5019 1967 5069 virorum
2009 5018 2087 5070 vi-

523 5126 655 5174 tam,
684 5111 820 5183 quod
855 5111 1009 5180 factis
1044 5115 1371 5163 ostenderent
1401 5126 1453 5163 se
1484 5109 1940 5177 mortificationem
1963 5108 2089 5162 Jesu

523 5205 577 5257 in
620 5220 832 5271 corpore
874 5203 1231 5271 circumferre,
1278 5202 1518 5270 optabam
1563 5210 1611 5253 et
1655 5202 1786 5267 ipse,
1838 5210 2089 5266 quantum

525 5309 723 5357 possem
771 5294 1049 5361 attingere,
1094 5294 1336 5344 imitator
1374 5308 1483 5345 esse
1538 5292 1802 5343 hominum
1854 5290 2087 5345 illorum.

528 5384 876 5448 Quamobrem
914 5400 1028 5437 cum
1063 5384 1302 5436 vidissem
1354 5383 1628 5436 nonnullos
1678 5385 1728 5434 in
1772 5384 1943 5449 patria
1976 5385 2093 5435 inti-

532 5478 630 5529 tari
652 5477 862 5528 illorum
890 5477 1132 5528 instituta
1156 5486 1423 5539 conantes,
1462 5476 1588 5527 mihi
1619 5477 1758 5528 visus
1786 5492 1899 5527 sum
1936 5476 2092 5542 adju-

530 5570 687 5623 menti
721 5569 923 5637 aliquid
958 5570 1201 5635 reperisse
1237 5568 1303 5620 ad
1357 5583 1525 5619 meam
1571 5568 1809 5633 salutent,
1848 5579 1895 5620 et
1949 5569 2092 5621 indi-

625 5702 679 5769 a)
718 5701 956 5754 lnstttut.
993 5701 1083 5756 lib.
1113 5717 1188 5763 Vl,
1218 5716 1263 5754 c.
1299 5704 1381 5757 l9.

601 5700 677 5842 lbi
716 5772 989 5842 Disciplin.
1026 5772 1207 5829 ecclcs.
1242 5784 1377 5842 part.

628 5775 677 5842 ὁ)
716 5772 989 5843 Qisciplin.
1026 5772 1207 5829 ecclcs.
1242 5784 1377 5843 part.
1414 5787 1475 5839 tt,
1507 5772 1596 5827 lib.
1632 5792 1666 5839 t,
1697 5791 1740 5829 c.
1772 5775 1856 5827 46-

616 5841 687 5912 (c)
729 5841 990 5911 Iolert‘og.
1025 5843 1115 5897 34.

2194 4646 2342 4697 lium.
2396 4644 2539 4696 Idem
2596 4644 2852 4697 discimus
2896 4659 2957 4695 cx
3010 4642 3453 4711 Nazianzeno(e)
3504 4641 3756 4696 Basilitnn

2193 4743 2428 4796 omnibus
2467 4738 2824 4807 facultatibus,
2851 4756 2977 4808 quas
3033 4754 3259 4807 unquam
3306 4740 3574 4799 habuerat,
3611 4753 3758 4806 αντ]ηο

2190 4837 2365 4885 animo
2398 4833 2663 4902 projectis,
2705 4829 2883 4883 leviter
2906 4828 3159 4898 facileque
3190 4829 3306 4881 citro
3337 4828 3546 4895 pelagus
3582 4840 3758 4881 trans-

2195 4927 2417 4978 misisse.

2276 5014 2566 5069 Existimat
2612 5011 2980 5066 Tillctnontius
3027 5010 3279 5063 Basiliam
3326 5009 3508 5062 statim
3543 5009 3757 5079 quidem

2198 5125 2292 5161 sua
2338 5107 2517 5159 omnia
2548 5107 2867 5174 pauperibus
2893 5118 3257 5163 consecrasse,
3293 5118 3394 5154 non
3431 5113 3615 5155 tamen
3652 5114 3763 5156 Sta-

2203 5203 2293 5252 titu
2331 5196 2691 5257 distribuisse,
2729 5195 2821 5247 sed
2857 5208 2977 5246 cum
3010 5191 3111 5245 sibi
3144 5190 3352 5258 aliquid
3405 5202 3757 5255 reservasset,

2200 5292 2366 5343 variis
2393 5288 2723 5356 temporibus
2749 5284 2998 5336 charitati
3042 5297 3153 5335 suae
3186 5280 3533 5335 satisfecisse.
3568 5279 3759 5333 Nititur

2202 5382 2549 5435 doctissimus
2586 5377 2815 5445 scriptor
2869 5378 3178 5428 testimonio
3235 5374 3482 5443 Nys‘eni,
3519 5375 3606 5441 qui
3660 5376 3763 5425 l'ra—

2205 5486 2337 5527 trem
2374 5487 2529 5525 suum
2573 5480 2801 5522 testatur
2829 5468 2895 5535 (f)
2950 5467 3326 5535 patrimonium
3376 5466 3687 5532 pauperibus
3716 5472 3763 5514 el

2206 5575 2325 5619 ante
2362 5563 2713 5616 sacerdotium
2743 5562 3093 5624 distribuisse,
3134 5569 3182 5612 et
3217 5561 3440 5613 maxime
3463 5558 3617 5627 fumis
3645 5568 3765 5609 (θηρ-

2271 5696 2345 5765 (d)
2375 5696 2503 5765 Νιη1
2530 5703 2662 5765 orat.
2688 5694 2775 5747 ΞΟ.

2276 5771 2341 5834 (ε)
2386 5765 2447 5817 lit
2480 5764 2645 5816 Busil.

2282 5839 2350 5905 if)
2383 5835 2447 5888 In
2482 5835 2727 5897 lz'unom.,
2762 5849 2811 5901 p.
2844 5833 2966 5887 δοῖ.
