4006 6456
1551 367 1705 422 “TA
1749 365 1802 417 S.
1849 363 2110 418 BASILII.

3336 370 3445 410 ιγιι

208 524 347 575 pore,
374 517 493 555 cum
528 499 700 552 adhuc
748 511 876 553 esset
901 500 951 549 in
984 492 1402 562 presbyterorqu
1440 492 1645 553 ordine,
1686 504 1774 540 nec
1805 495 1848 551 Α
1876 487 2247 557 professiones,
2289 484 2479 553 inquit,
2549 498 2647 536 non
2705 483 2960 544 novimus,
3017 487 3361 546 prteterquam
3399 473 3444 530 si

210 609 384 667 postea
408 608 611 655 eorum,
633 608 749 655 qua:
779 591 985 645 residua
1032 585 1266 653 fuerant,
1296 582 1469 637 minus
1509 581 1777 636 liberalem

214 689 392 757 fuisse.

278 773 529 842 Conjecit
571 769 973 828 Tillemontium
1024 767 1075 819 in
1132 767 1271 821 hanc
1320 763 1627 833 opinionem
1680 772 1779 813 ann

214 867 393 918 minus
436 876 582 918 ret-ta
628 860 813 929 opinio
847 858 910 910 de
960 867 1130 911 morte
1174 857 1232 909 S.
1272 852 1573 916 Emmeliaa,
1622 866 1782 920 quam

213 956 463 1026 episc0po
488 952 687 1009 Basilio
715 956 869 1017 putat
895 949 1115 1002 obiisse.
1162 945 1268 999 Sed
1321 943 1370 996 id
1418 955 1543 997 ante
1572 942 1783 1007 episco-

213 1058 395 1115 patum
428 1043 615 1100 Basilii
664 1040 981 1110 contigisse,
1022 1049 1079 1093 et
1122 1034 1282 1088 I'amis
1325 1044 1562 1106 tempore
1614 1033 1775 1085 conti-

215 1142 377 1209 gissc,
412 1149 531 1204 qua:
570 1131 751 1188 Basilii
788 1130 1038 1187 cbaritati
1088 1126 1366 1179 materiam
1403 1125 1570 1187 dedit,
1596 1125 1785 1177 certis-

215 1234 390 1292 simis,
434 1238 494 1279 ut
529 1226 659 1280 mihi
697 1225 913 1295 quidem
945 1220 1185 1282 videtur,
1213 1216 1549 1290 argumentis
1591 1214 1787 1283 proba-

216 1326 380 1380 bitur.
406 1320 588 1382 Onare
631 1334 753 1374 cum
799 1314 1030 1370 Basilius
1074 1320 1372 1365 maternam
1419 1307 1786 1362 haereditatem

217 1414 376 1470 famis
408 1423 648 1480 tempore
690 1407 1034 1480 perceperit;
1091 1404 1243 1457 fat-ile
1274 1400 1616 1474 perspicitur.
1657 1416 1788 1468 quo-

218 1508 380 1561 modo
406 1509 497 1575 qui
535 1521 593 1559 se
626 1504 736 1570 jam
789 1506 946 1552 antea
984 1496 1235 1551 omnibus
1273 1496 1432 1548 rebus
1468 1491 1785 1555 nudaverat,

218 1598 358 1650 idem
406 1608 531 1651 tunc
581 1590 873 1646 charitatis
924 1586 1193 1655 specimen
1246 1582 1603 1638 renovaverit.
1670 1582 1786 1635 Non

219 1689 487 1742 diflicilins
525 1682 828 1751 explicatur
879 1677 1019 1748 quod
1068 1679 1145 1732 ait
1188 1676 1494 1747 Nyssenus,
1534 1672 1787 1727 Basiliam

217 1791 395 1850 postea
429 1792 609 1829 eorum
641 1790 758 1845 qua:
794 1771 993 1838 reliqua
1033 1779 1180 1823 erant
1226 1783 1327 1820 non
1379 1768 1550 1819 minus
1591 1765 1789 1818 libera-

1880 582 1967 651 qui
2029 594 2083 631 se
2132 576 2232 643 ipsi
2296 575 2665 630 monachorum
2716 572 2890 626 ordini
2942 568 3275 635 ascripserint
3317 568 3448 634 :qui

1880 670 2087 741 quidem
2119 667 2275 720 tacite
2296 668 2457 720 vitam
2484 666 2711 717 caelibem
2738 662 2979 716 videntur
3011 657 3316 723 suscepisse.
3357 654 3453 706 Ve-

1883 772 2177 815 rumtamen
2213 759 2267 810 in
2295 761 2404 812 illis
2435 773 2634 825 quoque
2658 754 2790 808 illud
2819 752 3003 820 Opinor
3030 748 3277 819 prmmitti
3300 761 3453 814 opor-

1885 862 2010 912 tere,
2040 859 2093 899 ut
2118 849 2216 915 ipsi
2252 851 2659 911 interrogentur,
2696 846 3082 912 accipiaturque
3120 855 3298 893 eorum
3332 852 3455 904 pro~

1885 942 2043 1013 fessio
2080 940 2219 994 clara
2246 952 2291 993 et
2326 938 2599 1008 perspicua
2630 952 2647 991 :
2679 944 2730 987 ut
2762 952 2877 987 cum
2912 950 2967 987 se
2996 934 3064 985 ad
3106 930 3449 983 libidinosam

1885 1037 2044 1089 vitam
2072 1034 2441 1093 converterint,
2474 1044 2654 1082 eorum
2696 1026 2784 1095 qui
2827 1025 3160 1093 fornicamur
3190 1021 3456 1089 punitioui

1886 1124 2256 1193 subjiciuntur.
2296 1125 2431 1179 Hinc
2463 1123 2514 1176 in
2554 1121 2757 1188 Regula
2795 1119 3004 1182 fusiori,
3036 1120 3293 1183 interrog.
3322 1130 3375 1176 χ,
3402 1123 3456 1165 et

1886 1218 2046 1286 epist.
2070 1214 2160 1279 95,
2186 1231 2307 1284 qua:
2337 1224 2464 1267 ante
2498 1226 2733 1265 canones
2762 1210 2975 1278 scriptu:
3021 1216 3171 1269 sunt,
3205 1220 3308 1259 non
3354 1205 3457 1255 alia

1889 1308 2258 1378 prarscribitur
2294 1304 2562 1376 professio
2614 1302 2697 1355 bis
2739 1302 2827 1369 qui
2885 1299 3237 1353 monasticam
3292 1294 3457 1348 vitam

1890 1397 2308 1465 amplectuntur,
2341 1399 2442 1452 nisi
2470 1405 2527 1450 ut
2558 1397 2783 1448 fratrum
2814 1391 2992 1443 ordini
3020 1398 3140 1459 post
3161 1388 3457 1458 legitimam

1889 1490 2337 1559 approbationem
2397 1490 2763 1542 ascribantur.
2811 1481 2978 1549 llujus
3044 1492 3223 1534 autem
3279 1481 3458 1534 tacita:

1890 1581 2240 1654 professionis
2272 1594 2374 1632 non
2409 1580 2585 1631 minus
2623 1580 2811 1631 stricta
2843 1581 3001 1629 erant
3033 1570 3267 1634 vincula,
3297 1584 3457 1638 quam

1892 1678 2031 1731 illius
2054 1676 2213 1729 clara:
2242 1682 2295 1726 et
2317 1670 2633 1741 perspicuzn.
2665 1668 2798 1721 Nam
2826 1668 3075 1731 Basilius,
3108 1674 3162 1717 ut
3184 1662 3294 1734 jam
3328 1662 3458 1721 disi,

1890 1782 2009 1819 eum
2041 1765 2128 1834 qui
2168 1780 2225 1819 se
2263 1761 2461 1816 dicavit
2496 1758 2602 1812 Deo
2648 1770 2701 1811 et
2733 1758 2923 1810 deinde
2957 1757 3020 1807 ad
3049 1755 3191 1807 aliud
3223 1753 3343 1805 vitm
3368 1764 3462 1819 ge-

220 1873 317 1925 lem
355 1869 541 1936 fuisse.
578 1867 764 1935 Neque
795 1862 940 1917 enim
976 1863 1194 1923 mirum,
1225 1858 1267 1911 si
1305 1857 1532 1928 amplam
1560 1853 1789 1910 haeredi-
1827 1850 1865 1903 Β
1894 1872 1993 1910 nus
2026 1856 2267 1919 transiit,
2312 1855 2512 1907 factum
2550 1864 2670 1903 esse
2699 1844 3045 1910 sacrilegum,
3073 1853 3130 1896 et
3170 1856 3459 1894 consecra-

229 1971 394 2014 tatem
424 1974 529 2012 non
574 1959 758 2012 statim
792 1962 957 2005 totam
988 1950 1252 2022 percepit,
1285 1951 1377 2004 sed
1424 1945 1674 2001 nonnulla
1710 1958 1795 1995 se-

227 2053 359 2114 rius,
396 2064 450 2105 ut
491 2052 541 2104 iu
578 2047 840 2116 ejusmodi
872 2046 1031 2101 rebus
1083 2044 1197 2099 fieri
1249 2041 1408 2103 solet,
1441 2040 1492 2092 in
1535 2038 1652 2106 ejus
1682 2050 1795 2087 nia-

224 2158 325 2196 nus
350 2149 735 2210 pervenerunt.

293 2234 427 2286 Illnd
456 2248 585 2299 ergo
615 2242 867 2286 constare
897 2231 1055 2283 debet
1084 2224 1346 2277 Basilium
1391 2219 1578 2277 sedulo
1612 2220 1794 2274 obser-

225 2340 384 2381 vasse
406 2326 547 2394 quod
576 2326 699 2379 aliis
726 2322 1057 2392 praescripsit
1100 2320 1152 2371 in
1191 2315 1406 2384 Regulis
1449 2324 1558 2369 tum
1595 2314 1798 2382 longioo

226 2417 376 2472 ribus
402 2426 513 2471 tum
548 2414 920 2474 brevioribus;
953 2425 1125 2480 neque
1158 2426 1278 2464 eum
1325 2410 1427 2463 hac
1477 2408 1528 2460 in
1570 2421 1627 2457 re
1660 2404 1797 2457 infe-

228 2512 423 2564 riorem
457 2508 622 2560 fuisse
648 2503 889 2557 Macrina
915 2516 1125 2565 sorore,
1152 2516 1271 2570 quae
1298 2515 1356 2553 se
1380 2514 1445 2551 ex
1472 2495 1627 2549 bonis
1649 2509 1798 2560 :eqna

228 2614 383 2672 parte
422 2601 565 2651 inter
596 2597 767 2663 ipsam
798 2608 861 2648 ac
891 2592 1090 2647 fratres
1122 2593 1306 2644 divisis
1343 2588 1479 2640 nihil
1524 2586 1625 2639 sibi
1679 2584 1801 2636 reli-

226 2702 392 2758 quum
446 2684 640 2739 fecisse
687 2691 911 2737 testatur
945 2682 1045 2751 (a),
1104 2681 1197 2734 sed
1252 2676 1432 2730 omnia
1475 2688 1570 2744 per
1614 2687 1804 2727 manus

228 2777 525 2834 sacerdotis
565 2775 861 2831 secundum
935 2772 1174 2825 divinum
1245 2775 1568 2836 praiceptum
1627 2763 1804 2817 distri-

230 2870 428 2922 buisse.
470 2866 606 2921 Cum
649 2874 832 2917 autem
870 2859 1004 2915 nihil
1048 2858 1269 2912 omnino
1318 2855 1617 2926 possideret
1654 2853 1804 2907 Basi-

231 2961 356 3025 lius,
390 2961 594 3013 victum
629 2957 677 3010 ei
709 2971 776 3009 ex
818 2955 930 3024 ipsa
964 2953 1141 3012 domo.
1175 2951 1225 3003 in
1271 2964 1374 3018 qua
1418 2948 1652 3002 nutritus
1686 2946 1801 3000 fue-

234 3060 335 3114 rat,
368 3059 543 3103 mater
573 3048 804 3115 benigne
828 3043 1057 3113 providit
1084 3041 1184 3112 (ὁ),
1210 3041 1397 3095 saltem
1424 3050 1703 3109 postquam
1738 3038 1803 3090 ad

238 3140 540 3212 presbyteri
600 3139 823 3207 gradum
882 3146 1103 3189 evectus
1154 3142 1255 3185 est.
1324 3132 1456 3185 Nam
1516 3131 1803 3185 maximam

1898 1958 2004 2002 tum
2038 1950 2143 2001 Deo
2177 1948 2461 1999 donarium
2497 1943 2787 1997 abstulisse
2816 1936 3129 2007 pronuntiat
3156 1934 3250 2002 (ρ).
3286 1932 3465 1998 Quare

1896 2054 2015 2093 cum
2043 2038 2270 2091 Basilius
2298 2035 2684 2088 monachorum
2712 2031 2888 2085 ordini
2938 2044 3032 2097 per
3060 2037 3137 2080 tot
3162 2040 3334 2079 annos
3362 2041 3464 2077 non

1896 2134 2068 2184 solum
2102 2126 2374 2195 ascriptus
2407 2123 2594 2183 fuerit,
2647 2122 2743 2174 sed
2796 2120 2960 2172 etiam
3014 2116 3316 2186 praefuerit;
3357 2130 3468 2166 ιιιυ-

1898 2223 2100 2277 nastica
2137 2220 2281 2274 illius
2310 2216 2580 2289 professio
2612 2212 2798 2281 negari
2824 2224 2927 2263 non
2961 2217 3174 2276 potest:
3204 2206 3470 2270 valdeque

1899 2312 2186 2369 absurdum
2228 2322 2312 2367 cst
2342 2311 2501 2365 clara:
2529 2317 2582 2363 et
2612 2304 2934 2361 nominatim
2965 2306 3235 2367 conceptae
3266 2296 3470 2365 profta-

1900 2410 2067 2462 sionis
2114 2408 2493 2460 necessitatem
2528 2403 2576 2457 ei
2610 2402 2908 2468 imponere,
2937 2407 3057 2464 qua:
3086 2390 3189 2445 illis
3215 2388 3471 2457 tempori-

1903 2501 2001 2553 bus
2051 2498 2273 2558 omissa,
2325 2494 2515 2549 saltem
2571 2494 2626 2545 in
2678 2485 3038 2558 Cappadocia,
3070 2481 3202 2534 nihil
3229 2480 3295 2532 de
3323 2488 3473 2532 voto-

1902 2604 2021 2643 rum
2055 2589 2107 2640 vi
2139 2585 2477 2638 detrahebat.

1973 2676 2060 2733 IV.
2104 2676 2390 2731 Existimat
2428 2670 2819 2726 'I‘homassiuus
2849 2665 3166 2736 Gregorium
3208 2662 3339 2717 nihil
3371 2662 3470 2714 lori

1905 2769 2186 2839 reliquisse
2224 2764 2547 2820 dubitatioui
2588 2765 2641 2817 in
2683 2761 2927 2815 carmine
2960 2757 3035 2811 De
3068 2760 3175 2809 vita
3232 2772 3352 2816 sua,
3388 2752 3474 2804 ubi

1903 2879 1956 2918 se
2003 2863 2095 2915 diu
2145 2867 2460 2930 ftuctuatum
2507 2866 2733 2911 testatur
2768 2856 2964 2926 ecquod
2992 2854 3108 2905 vita:
3139 2864 3298 2918 genus
3338 2856 3477 2899 tene-

1905 2965 2001 3018 ret,
2031 2955 2168 3007 inter
2206 2952 2577 3005 monachorum
2610 2947 2832 3000 latibula
2860 2956 2906 2998 et
2950 2942 3157 2995 urbium
3186 2942 3476 2993 tumultua-

1908 3048 2093 3111 tiones,
2143 3046 2373 3097 medium
2422 3044 2631 3094 tandem
2676 3047 2909 3091 secutum
2951 3051 3060 3089 esse
3101 3032 3385 3096 tramitem,
3423 3040 3477 3081 ut

1909 3140 2027 3192 aliis
2057 3140 2131 3190 ita
2160 3138 2446 3205 prodesset,
2473 3142 2529 3185 ut
2561 3149 2622 3184 ne
2652 3132 2760 3198 ipse
2777 3145 2885 3183 sum
2910 3128 3123 3196 officeret
3142 3124 3320 3178 saluti.
3341 3121 3479 3175 Tum

234 3246 443 3304 partem
497 3233 845 3287 servitiorum
901 3227 1045 3281 illius
1098 3226 1290 3279 domus
1338 3223 1662 3295 presbytero
1693 3224 1807 3274 cui-
1835 3201 1877 3257 ο
1911 3228 2117 3300 prorem
2160 3201 2260 3280 has
2310 3239 2500 3278 versus
2526 3221 2769 3291 Gregorii
2808 3237 2821 3273 ε

237 3328 381 3389 tiam,
437 3326 709 3378 llorotheo
765 3322 1003 3382 nomine,
1060 3318 1149 3389 qui
1204 3317 1389 3370 Basilii
1445 3316 1809 3369 collactaneus

236 3426 373 3475 erat,
414 3415 645 3481 ejusque
695 3412 922 3464 nutricis
966 3410 1158 3462 unicus
1197 3407 1363 3469 ﬁlius.
1399 3420 1459 3459 ea
1504 3406 1810 3460 conditione

239 3506 478 3570 tradidit,
512 3514 569 3557 ut
605 3502 804 3555 Basilio
854 3502 1108 3553 alimenta
1145 3498 1534 3567 suppeditaret.
1581 3497 1671 3551 Sic
1715 3512 1810 3549 au-

242 3610 346 3652 tent
388 3597 632 3658 tradidit,
663 3606 720 3649 ut
765 3608 1102 3663 nequaquam
1140 3593 1337 3645 donum
1366 3600 1530 3654 esset,
1562 3590 1655 3644 sed
1683 3604 1811 3643 usus

240 3708 331 3761 per
356 3692 546 3744 vitam.
579 3688 749 3755 Quam
800 3687 1013 3740 alienus
1064 3684 1226 3737 fuerit
1266 3682 1495 3736 Basilius
1524 3684 1592 3734 ab
1624 3695 1685 3733 ea
1733 3694 1813 3732 re-

242 3783 521 3844 missione,
556 3796 649 3834 seu
701 3779 878 3847 potius
917 3776 1295 3836 dissolutione,
1332 3790 1450 3842 qua:
1492 3772 1563 3825 illi
1596 3770 1811 3838 allingi-

243 3883 345 3936 tur,
388 3888 454 3925 ex
512 3873 613 3924 hoc
662 3868 907 3923 Cassiani
975 3855 1285 3919 testimonio
1335 3861 1659 3930 perspicitur
1684 3858 1755 3929 (c)
1794 3874 1806 3909 .'

243 3962 441 4017 Fertur
476 3961 754 4021 sententia,
788 3957 981 4025 inquit,
1018 3956 1187 4009 sancti
1231 3951 1419 4007 Basilii
1468 3951 1812 4005 Caesariensis

241 4056 493 4124 episcOpi,
524 4052 590 4104 ad
623 4051 899 4121 quemdam
929 4047 1135 4116 prolata
1178 4044 1522 4116 Syncletium,
1564 4045 1660 4097 tali
1708 4060 1809 4113 quo

243 4151 475 4201 diximus
521 4156 696 4213 tepore
740 4154 1062 4211 torpentem:
1089 4142 1179 4211 qui
1224 4157 1343 4194 cum
1397 4156 1449 4193 se
1491 4139 1814 4193 renuntiasse

245 4244 436 4295 diceret
476 4240 598 4292 Ituic
627 4238 845 4298 mundo,
883 4237 1123 4305 qua-dom
1151 4234 1250 4288 sibi
1277 4234 1339 4286 de
1374 4233 1601 4299 prapriis
1638 4229 1812 4297 facul-

247 4334 443 4384 tatibus
473 4330 776 4389 reservat-it,
815 4326 995 4378 uolens
1040 4323 1284 4376 exercitio
1318 4334 1569 4371 manuum
1597 4331 1813 4369 suarum

243 4424 554 4485 sustentari,
584 4430 631 4474 et
665 4416 1020 4471 humilitatem
1054 4428 1226 4467 veram
1277 4410 1517 4461 nuditate
1554 4417 1602 4459 et
1646 4405 1818 4473 operis

2121 3363 2300 3418 Media
2335 3366 2467 3415 inter
2495 3360 2633 3425 illos,
2663 3362 2857 3429 hosque
2892 3357 3113 3426 procedo
3142 3356 3247 3416 via,

1983 3435 2245 3492 Hedilans
2292 3447 2345 3487 ut
2377 3435 2482 3497 isti,
2516 3424 2848 3485 commodum
2883 3424 3096 3481 illorum
3127 3424 3384 3479 a‘mulans

1916 3597 2112 3650 Deinde
2136 3594 2283 3647 addit
2315 3610 2329 3645 :
2364 3592 2503 3661 Ergo
2531 3605 2648 3642 cum
2686 3591 2803 3640 vita
2833 3589 2945 3653 ejus
2972 3585 3197 3650 scriptor
3230 3584 3327 3644 ait,
3365 3598 3483 3633 ma~

1913 3690 2071 3741 luisse
2117 3700 2235 3738 eum
2292 3683 2605 3735 monachum
2658 3695 2788 3745 esse,
2825 3694 2984 3746 quam
3046 3674 3321 3728 swcularis
3368 3675 3486 3727 vita:

1913 3792 2205 3845 sequacem,
2241 3787 2518 3842 pauperem
2545 3786 2701 3835 quam
2744 3767 3064 3837 opulentum,
3121 3779 3223 3815 non
3267 3770 3331 3814 de
3367 3779 3480 3814 mo-

1916 3870 2117 3922 nastica
2159 3865 2365 3935 praprie
2405 3862 2729 3931 professione
2768 3860 3053 3926 capiendus
3085 3856 3233 3908 uobis
3267 3866 3363 3917 est,
3397 3856 3485 3904 sed

1914 3960 1977 4011 de
2010 3961 2114 4011 vita
2147 3955 2491 4011 swcularibus
2544 3952 2683 4005 curis
2722 3951 2987 4018 expedita,
3025 3957 3073 4000 et
3120 3947 3179 3998 tle
3231 3945 3486 4012 frequenti

1915 4052 1979 4105 ab
2009 4048 2226 4101 urbibus
2254 4061 2480 4101 secessu.
2518 4044 2695 4111 Longe
2732 4044 2950 4095 aberrat
2979 4037 3324 4092 doctissiums
3352 4037 3491 4085 scri-

1918 4154 2037 4212 ptor
2071 4141 2137 4195 ab
2178 4139 2334 4206 lmjns
2369 4136 2662 4192 testimonii
2704 4132 2992 4194 sententia,
3016 4131 3158 4199 quod
3190 4142 3309 4180 cum
3343 4125 3487 4177 Basi-

1921 4234 1972 4283 lii
2009 4232 2168 4284 rebus
2212 4230 2383 4282 lucem
2414 4226 2609 4281 all'erre
2656 4225 2845 4295 possit,
2872 4220 3033 4290 paulo
3067 4216 3371 4271 accuratius
3408 4216 3487 4264 iu-

1923 4322 2284 4389 vesngandum
2318 4320 2468 4373 nobis
2504 4328 2580 4373 est

1995 4415 2243 4484 tiri-gorii
2289 4414 2473 4476 verba,
2508 4424 2627 4479 qua“.
2662 4421 2842 4461 meum
2898 4408 3138 4458 fecerunt
3166 4398 3487 4455 Thomassi-

244 4515 573 4577 contritione,
592 4508 999 4576 monasteriique
1034 4503 1350 4572 subjectione
1376 4500 1716 4569 conquirere:
1750 4496 1802 4549 E.

1925 4527 2012 4573 no,
2043 4524 2105 4563 ex
2139 4508 2379 4561 carmine
2426 4506 2599 4574 primo
2647 4503 2924 4567 desumpta
2984 4506 3130 4556 sunt,
3166 4492 3254 4545 ubi
3307 4500 3491 4545 narrat

244 4616 558 4659 senatorem.
584 4604 771 4671 inquit,
802 4597 1051 4668 Sync/eti,
1085 4593 1375 4662 perdidisti,
1422 4600 1471 4645 et
1509 4587 1815 4642 monachum

247 4718 345 4753 uou
378 4697 569 4766 fecisti.

318 4792 403 4844 Ill.
439 4790 571 4842 Illud
606 4798 785 4840 autem
814 4782 1230 4838 Thomassinum
1262 4778 1314 4831 in
1338 4790 1579 4831 errorem
1607 4774 1820 4826 videtur

248 4882 589 4951 potissimum
636 4876 937 4935 induxisse,
963 4873 1106 4942 quod
1148 4869 1428 4932 Basilium,
1469 4865 1814 4934 Gregorium,

250 4970 513 5025 Joannem
558 4970 1004 5038 Chrysostomum
1056 4974 1112 5019 et
1162 4961 1299 5015 alios
1353 4957 1619 5025 ejusmodi
1672 4956 1815 5007 nulla

249 5059 583 5129 professione
614 5054 932 5111 nominatim
963 5051 1255 5105 obstrictos
1290 5046 1462 5101 fuisse
1506 5045 1815 5103 crediderit,

252 5154 345 5209 sed
379 5148 679 5203 voluntaria
711 5148 909 5215 pietate
952 5142 1261 5211 perfecisse,
1297 5153 1416 5209 quae
1448 5136 1694 5189 monachi
1728 5135 1820 5185 im-

253 5246 426 5314 posita
456 5252 703 5296 votorum
748 5237 1068 5291 necessitate
1096 5234 1386 5288 faciebant.
1425 5229 1538 5284 Non
1566 5227 1821 5281 illusisset

257 5351 407 5389 error
430 5332 746 5387 doctissimo
789 5326 1067 5396 scriptori,
1101 5326 1143 5379 si
1176 5326 1401 5393 legisset
1432 5318 1688 5375 attentius
1728 5318 1818 5368 de-

259 5431 451 5483 cimum
487 5441 685 5481 nouum
710 5424 887 5478 Basilii
924 5433 1183 5477 canonem
1212 5416 1311 5487 (ά).
1354 5412 1603 5467 Virorum
1632 5418 1807 5462 autem

326 5662 402 5730 (η)
442 5656 747 5730 νὶιηιιαενζ
775 5670 826 5730 p.
862 5653 982 5708 I92.

326 5727 397 5797 (ὁ)
428 5729 607 5797 Ep.37
638 5740 692 5781 et
722 5727 805 5777 58.

329 5788 394 5871 (ei
430 5788 665 5853 Instilttt.
712 5798 802 5852 lib.
842 5810 936 5860 V’ll,
973 5810 1023 5847 ιε.
1062 5788 1120 5847 I9

1926 4601 2227 4669 Theologus
2292 4598 2416 4657 sibi,
2463 4602 2585 4663 post
2634 4603 2847 4661 captum
2901 4604 2930 4642 a
2986 4601 3151 4643 carne
3209 4583 3491 4639 recedendi

1928 4693 2237 4751 consilium.
2288 4688 2555 4765 difﬁcilem
2604 4685 2857 4739 incidisse
2916 4679 3386 4739 deliberationem,
3428 4690 3495 4728 ex

1929 4787 2139 4842 duabus
2168 4785 2269 4837 viis
2317 4783 2423 4836 Deo
2455 4781 2624 4852 gratis
2674 4791 2917 4847 quaenam
2957 4783 3099 4826 esset
3130 4768 3490 4841 prmstantior,

1926 4894 2091 4948 seque
2136 4877 2285 4931 initis
2327 4873 2717 4941 subductisque
2760 4868 3062 4923 rationibus
3092 4864 3172 4917 sic
3201 4862 3341 4932 apud
3369 4860 3489 4913 aui~

1926 4988 2069 5026 mum
2100 4972 2351 5025 statuisse
2378 4987 2389 5021 :

2027 5129 2212 5198 Μέσην
2246 5123 2530 5198 civi-71mm
2558 5129 2780 5198 agimur)
2806 5121 2903 5198 ita).
2924 5117 3186 5198 Ipsi/$60)?

2028 5200 2148 5252 Τῶν
2170 5182 2276 5268 ’μὲν
2306 5196 2366 5248 τὸ
2393 5182 2638 5249 Ῑςυννοῦνλ
2668 5182 2774 5245 ’ἐῶν
2800 5192 2855 5244 δὲ
2890 5182 2953 5242 τὸ
2979 5182 3214 5259 χρηστὸν
3258 5182 3456 5256 φέρων.

2033 5334 2261 5387 Gradior
2301 5340 2503 5383 somtos
2535 5329 2670 5381 inter
2695 5338 2847 5395 atque
2870 5338 3129 5392 mtgaaes,

2035 5403 2277 5456 Meditari
2307 5402 2462 5463 uthi,
2500 5401 2743 5469 prodesse
2770 5409 2820 5449 ut
2849 5398 2923 5447 illi
2951 5396 3210 5462 coyitnus.

2004 5638 2079 5710 (ά)
2109 5637 2205 5710 _Ep.
2244 5636 2365 5690 199.

2008 5703 2070 5778 (ei
2097 5703 2355 5775 luterrog.
2392 5703 2474 5759 H.
