4006 6434
514 380 643 418 XVIII

1839 357 2203 414 PROLEGOM
2215 357 2366 412 ENA.

511 485 642 535 Cum
672 493 733 532 es
769 478 853 534 his
891 494 1009 550 quae
1057 477 1367 547 praecedunt
1401 485 1456 529 et
1501 484 1822 545 sequuntur,
1856 489 1966 531 tum
2009 489 2071 526 ex
2107 485 2152 536 Α
2181 475 2499 530 accuratius.
2545 475 2684 528 Idem
2739 475 3027 531 discrimen
3086 477 3404 532 observatur
3453 476 3504 532 in
3545 477 3749 530 oratio-

513 571 757 639 pturihns
789 571 908 624 aliis
937 568 1184 638 Gregorii
1235 568 1368 622 locis
1416 567 1894 623 demonstrandum
1929 568 2082 621 nobis

511 671 595 713 est
629 660 865 730 ἁζύγους
908 659 1048 724 illos,
1081 660 1133 716 id
1175 668 1257 712 est
1308 658 1510 713 solutos
1553 669 1606 714 et
1650 657 1757 728 jugi
1808 669 2078 729 expertes,

515 754 877 806 anachoretas
911 747 1078 804 fuisse
1104 749 1216 802 sive
1241 747 1487 802 homines
1516 746 1956 815 contemplationi
1985 745 2078 798 de-

519 843 682 906 ditos,
717 841 954 910 tnigades
999 855 1148 902 vero,
1181 849 1394 892 ascetas
1427 839 1478 890 itt
1509 837 1730 904 agendis
1788 838 1949 892 rebus
1987 850 2082 890 oc-

517 940 784 1000 cupatos:
816 947 913 985 nec
946 929 1265 997 Gregorium
1302 928 1637 982 deliberasse
1681 935 1860 979 utrum
1895 942 2084 980 mona-

521 1021 715 1074 sticam
757 1021 938 1082 vitam,
973 1033 1041 1071 an
1091 1018 1380 1072 saeculares
1430 1016 1694 1070 tumultus
1729 1017 2084 1085 amplectere-

523 1122 636 1174 tur,
665 1114 758 1166 sed
805 1126 870 1164 ex
920 1109 1130 1162 duobus
1176 1116 1479 1160 ascetarum
1509 1105 1820 1177 generibus,
1854 1121 2083 1174 quorum

523 1204 619 1259 alii
664 1199 1128 1269 contemplationi,
1182 1199 1271 1253 alii
1317 1199 1519 1254 actioni
1577 1206 1722 1253 totos
1769 1211 1827 1251 se
1867 1199 2083 1260 dabant,

521 1307 702 1351 utrum
731 1305 1067 1362 sequeretur.

593 1386 738 1440 Luce
774 1387 974 1441 clarius
1011 1397 1093 1442 est
1142 1383 1375 1452 ἀζύγους
1415 1391 1471 1437 et
1516 1382 1758 1453 migades
1789 1382 1894 1438 dun
1924 1382 2089 1437 fuisse

524 1479 770 1534 instituta
810 1480 1086 1532 hominum
1119 1480 1226 1531 Deo
1278 1486 1738 1531 consecratorum.
1781 1475 1916 1531 Nam
1964 1493 2088 1532 cum

522 1568 824 1637 Gregorius
848 1569 1178 1624 deliberaret
1206 1578 1386 1620 utrum
1410 1568 1657 1638 eligeret,
1682 1568 1793 1638 jam
1824 1579 2092 1623 statuerat

529 1677 649 1718 sese
676 1663 784 1716 Deo
821 1674 1166 1727 consecrare,
1202 1669 1258 1714 ut
1291 1675 1360 1716 ex
1394 1661 1477 1716 his
1512 1662 1692 1717 verbis
1731 1662 1960 1731 perspici
1997 1673 2092 1728 po—

529 1765 632 1809 test
660 1771 674 1808 ἓ

632 1867 878 1920 Animum
904 1876 1160 1932 premebat
1188 1881 1305 1916 nam
1335 1880 1503 1932 gravis
1526 1865 1671 1916 turbo
1701 1880 1869 1916 meum

633 1937 769 1990 Dum
795 1953 973 2006 qurere
996 1939 1188 2006 primas
1218 1936 1270 1986 in
1303 1937 1448 1986 battis
1473 1937 1720 2003 quidnam
1756 1937 1912 2002 lerat.

632 2009 675 2059 Α
717 2004 870 2059 carne
904 2004 1099 2058 dudum
1127 2004 1330 2071 longius
1367 2019 1600 2058 recedere

633 2077 901 2129 Statntum
933 2075 1200 2133 habebant,
1232 2087 1454 2142 tuncque
1482 2077 1734 2144 [irmabar
1767 2075 1958 2144 magis.

633 2147 697 2198 At
726 2146 973 2214 cogitanti
1003 2145 1066 2197 de
1092 2147 1186 2196 viis
1218 2147 1376 2213 gratis
1409 2145 1539 2205 Deo,

636 2216 1064 2269 Pra’stantiorem
1089 2232 1192 2268 non
1225 2224 1338 2268 erat
1365 2226 1657 2282 promptum
1683 2217 1811 2267 mihi

635 2284 892 2354 Reperire.

601 2395 848 2448 Haerebat
897 2409 1024 2464 ergo
1062 2394 1355 2464 Gregorius
1398 2409 1506 2446 non
1548 2393 1688 2448 inter
1732 2395 2088 2451 monasticam

532 2499 590 2542 et
620 2487 933 2542 saecularem
974 2488 1165 2552 vitam,
1197 2486 1291 2540 sed
1331 2486 1471 2540 inter
1505 2487 1945 2540 anachoreticam
1977 2488 2092 2542 sive

540 2577 1018 2643 eontemplativam
1059 2587 1114 2631 et
1165 2587 1465 2632 actuosam.
1495 2575 1637 2643 Quos
1685 2577 1826 2632 enim
1857 2578 2096 2648 ἀζύγους

532 2677 712 2733 vocat,
766 2685 954 2723 eorum
1013 2670 1242 2724 instituti
1297 2671 1539 2739 exempla
1587 2687 1654 2724 ex
1702 2670 1817 2724 Elia
1867 2681 1921 2726 et
1975 2671 2097 2726 ﬁliis

527 2760 771 2816 Jonadsb
795 2771 850 2815 et
873 2757 1079 2814 Joanne
1102 2754 1352 2829 Baptista
1372 2761 1582 2830 repetit.
1605 2761 1933 2815 Retrahebat
1953 2761 2095 2815 illum

537 2857 604 2908 ab
634 2855 736 2908 hac
768 2854 877 2907 vita
911 2853 1212 2907 litterarum
1257 2867 1536 2906 sacrarum
1586 2867 1760 2915 amor,
1791 2853 1983 2919 quibus
2014 2868 2102 2906 ex-

535 2949 781 3004 colendis
811 2963 915 3003 non
944 2947 1101 3003 valde
1139 2948 1419 3018 appositus
1447 2962 1664 3002 eremus
1692 2966 1705 3001 :
1740 2948 1974 3016 illudque
2007 2949 2092 3000 in-

533 3039 807 3093 commodi
849 3039 900 3093 in
950 3039 1212 3108 ejusmodi
1244 3038 1554 3092 hominibus
1594 3038 1923 3106 reperiebat,
1954 3039 2097 3107 quod

537 3128 766 3182 multum
813 3129 1167 3200 sibimetipsis
1213 3129 1552 3199 prodessent,
1610 3137 1666 3182 at
1721 3127 1839 3183 aliis
1899 3141 2099 3196 nequa-

535 3231 721 3287 quam.
758 3216 882 3271 Haec
915 3219 1156 3287 profecto
1195 3219 1646 3274 anachoretarum
1681 3228 1736 3272 et
1771 3219 2103 3288 contempla-

541 3309 670 3363 tioni
703 3309 1007 3362 deditorum
1059 3308 1338 3362 hominum
1388 3310 1604 3378 propria
1641 3319 1790 3373 sunt,
1819 3325 1955 3378 quos
1989 3326 2096 3365 me-

538 3399 647 3453 rito
677 3408 832 3452 vocat
862 3397 1117 3466 ἀζύγους,
1149 3411 1207 3454 ιιι
1233 3401 1324 3468 qui
1357 3402 1422 3450 ah
1456 3400 1604 3453 onmi
1640 3399 1767 3467 jngo
1804 3400 1976 3462 liberi,
2007 3416 2106 3455 nec

541 3489 665 3544 ullis
688 3505 901 3560 prorsus
927 3490 1152 3544 vinculis
1193 3489 1402 3542 astricti
1453 3496 1654 3542 essent.
1691 3488 1844 3554 Quod
1891 3499 2102 3556 spectat

539 3581 607 3634 ad
640 3580 895 3648 migadcs,
924 3581 1037 3635 sive
1078 3595 1174 3633 eos
1206 3579 1298 3648 qui
1332 3594 1454 3633 cum
1496 3579 1617 3634 aliis
1649 3579 1963 3640 miscentur,
1990 3593 2095 3630 non

541 3668 774 3722 dtﬂieilis
800 3679 881 3721 est
920 3670 1313 3736 interpretatio.
1350 3668 1475 3724 Illos
1515 3670 1658 3724 enim
1703 3670 1900 3724 ibidem
1947 3678 2104 3723 vocat

541 3754 897 3828 πρακτικούς,
929 3757 980 3810 id
1011 3768 1093 3811 est
1131 3769 1406 3820 actuosos,
1436 3774 1637 3825 eosque
1665 3758 1955 3827 plurimum
1987 3758 2108 3812 aliis

540 3849 818 3917 prodesse,
863 3855 918 3899 at
976 3847 1028 3900 itt
1077 3848 1286 3916 magnis
1343 3846 1659 3900 tumultibus
1693 3847 1900 3899 versari
1953 3847 2103 3900 dicit.

541 3941 719 4004 Quare
753 3939 980 3992 mediam
1014 3939 1150 3992 inter
1179 3949 1436 4007 utrosque
1469 3941 1610 3991 viam
1642 3947 1859 3991 secutus
1890 3947 1992 4000 est,
2019 3937 2107 3990 vel

543 4033 724 4102 potius
756 4041 1042 4099 utrumque
1073 4031 1374 4084 institutum
1427 4027 1586 4083 simul
1630 4027 1934 4096 conjunxit,
1961 4037 2019 4079 ut
2052 4036 2108 4080 et

545 4126 847 4178 litterarum
887 4137 1164 4177 sacrarum
1214 4122 1408 4176 studiis
1441 4130 1495 4174 et
1524 4118 1766 4174 fovendis
1812 4128 2103 4188 parentum

544 4217 838 4269 senectutis
857 4213 1032 4268 ollicio
1057 4213 1414 4268 satisfaceret.

617 4305 771 4375 Saepe
802 4306 936 4359 alias
978 4309 1045 4359 de
1080 4307 1270 4360 iisdem
1302 4305 1604 4374 migadibus
1647 4304 1756 4373 agit
1790 4301 2106 4373 Gregorius,

549 4413 615 4454 ac
645 4398 844 4468 ubique
879 4398 932 4451 in
981 4412 1099 4452 eam
1142 4413 1303 4466 quam
1347 4398 1584 4451 diximus
1642 4398 1983 4451 sententiam.
2021 4394 2111 4448 Sic

2186 585 2251 623 ne
2277 568 2336 621 2|
2373 585 2385 619 :
2419 570 2480 620 Ol
2528 567 2804 640 μοναδικοὶ
2835 571 2926 623 καὶ
2956 569 3201 641 μιγάδες,
3225 573 3273 622 οί
3321 576 3420 644 τῆς
3450 569 3750 639 ἁπλότητος

2184 661 2276 714 καὶ
2317 661 2417 729 τῆς
2463 660 2765 733 ἀκριϐείας,
2794 661 2908 714 ὅσοι
2940 664 3035 733 τῆς
3078 660 3310 730 θεωρίας
3355 665 3448 715 καὶ
3493 665 3610 716 ὅσοι
3652 660 3753 729 τῆς

2187 749 2458 822 πράξεως.
2517 749 2762 805 Solitarii
2799 762 2846 802 et
2880 755 3130 820 ntigades,
3173 751 3258 821 qui
3289 752 3592 816 simpliciter
3625 750 3755 805 vivit-

2186 843 2274 905 tis,
2303 851 2349 895 et
2379 841 2468 909 qui
2497 851 2773 905 accurate;
2799 841 2886 896 aui
2916 841 3358 912 contemplationi,
3387 851 3433 892 et
3463 843 3553 908 qui
3583 844 3753 895 actio-

2187 933 2241 985 ni
2269 949 2359 985 vos
2395 931 2553 983 datis.

2258 1023 2383 1078 Haec
2413 1031 2585 1078 autem
2617 1025 2802 1089 verba,
2831 1023 2881 1075 οί
2934 1023 3218 1094 μοναδικοι
3261 1024 3354 1078 καὶ
3397 1020 3639 1094 μιγάδες,
3675 1025 3754 1076 sic

2188 1117 2362 1171 reddit
2405 1115 2610 1176 Billius,
2644 1116 2885 1170 monachi
2928 1117 3054 1168 etin
3093 1117 3345 1169 sodalitio
3401 1117 3642 1170 viventes.
3685 1118 3752 1167 At

2187 1208 2436 1279 profecto
2475 1209 2745 1276 migadunt
2793 1207 3007 1262 nomine
3040 1221 3143 1258 non
3181 1205 3431 1274 itttelligit
3457 1204 3755 1274 Gregorius

2189 1301 2508 1355 cmnobitas.
2551 1298 2681 1352 Nam
2714 1299 2996 1355 cmnobita:
3028 1297 3257 1352 mediam
3291 1298 3436 1351 illam
3478 1300 3619 1352 viam
3668 1297 3749 1349 in-

2191 1400 2275 1444 ter
2309 1394 2663 1445 anachoretas
2715 1399 2770 1442 et
2811 1388 3053 1460 migades
3103 1389 3376 1451 tenebant,
3421 1405 3581 1456 quam
3644 1389 3757 1457 ipse

2191 1479 2483 1551 Gregorius
2512 1481 2839 1551 sequendam
2881 1481 2982 1535 sibi
3019 1494 3137 1534 esse
3178 1480 3352 1534 duxit.
3393 1478 3546 1534 Unde
3575 1481 3626 1534 in
3657 1495 3751 1533 ea-

2193 1572 2313 1625 dem
2345 1574 2592 1628 oratione
2629 1573 2706 1626 ait
2751 1572 3050 1625 cmnohitas
3095 1569 3148 1622 in
3197 1569 3428 1640 Egypto
3455 1569 3611 1622 simul
3635 1584 3759 1622 esse

2193 1665 2445 1718 eremitas
2473 1674 2531 1720 et
2570 1663 2829 1735 migades.
2876 1662 2993 1717 Duo
3039 1662 3182 1718 enim
3227 1661 3511 1732 distinguit
3566 1675 3757 1714 mona-

2197 1755 2418 1808 chorum
2451 1770 2648 1824 genera
2676 1756 2727 1808 in
2764 1752 3055 1808 solitudine
3081 1753 3374 1806 viventium
3402 1771 3416 1805 :
3448 1751 3511 1804 Ol
3537 1749 3634 1822 μὲν
3664 1750 3757 1804 τὸν

2126 1821 2169 1876 Β
2196 1845 2372 1914 πάντη
2407 1821 2688 1916 μοναδικόν
2731 1862 2791 1897 τε
2846 1843 2939 1896 καὶ
2993 1846 3223 1915 ἄμικτον
3252 1821 3590 1904 διαθλοῦντες
3619 1840 3753 1912 βίον,

2194 1941 2402 2002 ἑαυτοῖς
2438 1938 2612 2009 μόνοις
2636 1934 3060 2007 προσλαλοῦντες
3083 1940 3176 1991 κα)⁴
3197 1935 3274 2007 τῷ
3314 1931 3450 2004 Θεῷ,
3486 1935 3578 1986 καὶ
3602 1932 3761 1986 τοῦτο

2198 2031 2357 2099 μόνον
2393 2030 2595 2101 κόσμον
2636 2027 2852 2092 εἰδότες,
2884 2028 3006 2080 ὅσον
3049 2028 3107 2080 ὲν
3134 2032 3199 2098 τῇ
3230 2025 3432 2098 ἐρημίᾳ
3459 2022 3756 2093 γνωρίζου-

2197 2135 2300 2172 σιν.
2325 2120 2388 2171 Οἱ
2445 2119 2501 2170 δὲ
2556 2118 2716 2189 νόμον
2765 2117 2982 2185 ἀγάπης
3013 2117 3077 2185 τῇ
3137 2116 3387 2186 κοινωνίᾳ
3417 2112 3756 2184 στέργοντες,

2196 2211 2450 2281 ὲρημικοί
2496 2229 2556 2265 τε
2602 2211 2736 2282 ὁμοῦ
2785 2211 2878 2264 καὶ
2918 2207 3156 2279 μιγάδες.
3205 2207 3440 2270 Quorum
3483 2206 3577 2260 alii
3599 2206 3760 2260 vitam

2193 2317 2408 2369 prorsus
2441 2301 2757 2368 solitariam,
2790 2311 2838 2355 et
2883 2300 2945 2353 nb
2992 2299 3257 2352 hominum
3295 2298 3541 2351 societate
3586 2313 3760 2351 remo-

2200 2407 2306 2450 tam
2361 2405 2540 2464 agunt,
2603 2396 2683 2446 sui
2734 2395 2968 2462 ipsorum
3026 2403 3230 2446 tantum
3291 2401 3337 2444 et
3372 2388 3469 2442 Dei
3506 2389 3765 2455 colloquio

2203 2489 2451 2556 fruentes,
2498 2496 2652 2553 atque
2702 2485 2836 2536 hanc
2903 2486 3161 2537 duntaxat
3207 2495 3358 2540 terra!
3412 2490 3612 2550 partem
3668 2493 3765 2546 pro

2202 2580 2395 2632 mundo
2440 2577 2703 2635 habentes,
2758 2590 2916 2644 quam
2955 2576 3008 2626 in
3047 2575 3329 2628 solitudine
3374 2572 3637 2643 cognitam
3665 2574 3768 2621 ha-

2205 2672 2339 2724 bent.
2364 2669 2475 2722 Alii
2518 2677 2686 2720 autem
2717 2665 2992 2718 cliaritatis
3030 2664 3191 2734 legem
3226 2681 3316 2732 per
3357 2663 3770 2718 communionem
3811 2674 3815 2677 '

2204 2772 2249 2814 et
2290 2762 2589 2813 societatem
2651 2757 2897 2821 colentes,
2949 2754 3177 2808 solitarii
3223 2755 3379 2809 simul
3429 2765 3478 2810 et
3536 2753 3772 2823 migades

2205 2860 2348 2904 sunt.
2383 2850 2514 2903 Illud
2549 2847 2714 2903 etiam
2746 2847 2994 2900 laudatur
3035 2860 3064 2897 a
3095 2845 3359 2916 Gregorio
3383 2845 3458 2916 (a)
3490 2844 3543 2896 in
3583 2855 3768 2895 mona-

2206 2942 2321 2995 chis
2366 2939 2721 2994 Nazianzenis
2749 2955 2763 2993 :
2790 2939 2978 3009 Μέτρα
3027 2937 3128 3006 τῆς
3161 2939 3241 3001 είς
3272 2938 3334 2990 τὸ
3377 2935 3553 2988 κοινὸν
3585 2935 3774 3002 ἐπιμι-

2208 3031 2325 3098 ξίας
2351 3033 2446 3085 καὶ
2478 3033 2900 3103 ὑποχωρήσεως,
2933 3030 3029 3100 τῆς
3065 3030 3163 3100 μὲν
3195 3030 3319 3091 τοὺς
3349 3027 3541 3089 ἄλλους
3573 3023 3772 3078 παιδα-

2207 3124 2509 3196 γωγούσης,
2539 3125 2638 3194 τῆς
2669 3123 2724 3175 δὲ
2755 3121 2832 3192 τῷ
2861 3120 3135 3190 Πνεύματι
3170 3115 3650 3190 μυσταγωγούσης,
3679 3117 3776 3170 καὶ

2205 3220 2301 3290 τῆς
2331 3217 2428 3288 μὲν
2473 3219 2530 3270 ὲν
2581 3214 2660 3286 τῷ
2709 3213 2872 3284 κοινῷ
2902 3213 2962 3265 τὸ
2995 3213 3208 3267 ἄκοινον
3254 3209 3646 3281 φυλαττούσης,
3673 3211 3774 3280 τῆς

2206 3309 2263 3362 δὲ
2291 3309 2348 3360 ὲν
2393 3305 2470 3378 τῷ
2516 3305 2730 3377 ἀμίκτῳ
2761 3304 2820 3358 τὸ
2864 3302 3181 3373 φιλάδελφον
3230 3303 3324 3356 καὶ
3373 3302 3773 3375 φιλάνθρωπον.

2211 3403 2398 3458 Modus
2435 3413 2544 3456 tum
2590 3406 2645 3455 in
2691 3418 2963 3456 contmune
2990 3401 3302 3470 prodeundi,
3335 3409 3444 3453 tum
3473 3402 3770 3463 secedendi,

2206 3494 2359 3555 illud,
2416 3495 2484 3545 ad
2537 3495 2668 3547 alios
2717 3494 3085 3558 instituendos,
3139 3491 3254 3554 hoc,
3289 3502 3342 3544 ut
3389 3491 3491 3556 ipsi
3545 3490 3773 3559 Spiritus

2205 3581 2464 3651 mysteriis
2489 3582 2814 3646 imbuuntur,
2853 3592 3009 3651 atque
3044 3585 3118 3634 ita
3145 3589 3440 3650 utrumque,
3466 3592 3512 3635 et
3547 3583 3600 3634 in
3629 3597 3775 3634 com-

2208 3675 2352 3728 muni
2381 3672 2712 3726 solitudinem
2742 3683 2964 3734 servent,
2996 3683 3041 3723 et
3081 3673 3135 3724 in
3163 3673 3449 3725 solitudine
3487 3672 3775 3736 fraternam

2213 3763 2616 3817 benevolentiam
2658 3770 2704 3814 et
2759 3762 3090 3814 charitatem.
3149 3761 3403 3827 Quamvis
3436 3774 3564 3828 ergo
3603 3761 3776 3829 miga-

2214 3856 2307 3908 des
2330 3855 2490 3907 iidem
2526 3853 2796 3906 interdum
2831 3854 2943 3906 sint
2990 3854 3129 3920 apud
3165 3850 3449 3905 nonnullos
3483 3849 3775 3919 scriptores

2211 3960 2275 3998 ac
2304 3945 2607 4009 coenobium,
2641 3955 2694 3998 at
2722 3955 2870 3999 certe
2903 3944 3162 4013 Gregorio
3190 3960 3294 3998 non
3325 3952 3503 4013 potest
3544 3943 3656 3996 haec
3689 3941 3774 3994 in-

2212 4035 2522 4101 terpretatio
2551 4032 2753 4102 aﬂingi,
2787 4036 2876 4103 qui
2903 4035 2955 4087 in
2987 4035 3269 4088 emnobitis
3305 4034 3575 4100 migadum
3607 4033 3771 4086 vitam

2211 4140 2331 4179 cum
2389 4125 2843 4178 anacboretarmn
2902 4126 3149 4180 instituto
3225 4125 3475 4193 conjungi
3537 4123 3774 4178 volebat.

2211 4217 2350 4282 Quin
2399 4217 2562 4269 etiam
2601 4215 2896 4268 Maximum
2949 4217 3348 4285 philosophum,
3390 4216 3481 4284 qui
3531 4215 3776 4284 profecto

2213 4309 2479 4362 cmttobita
2509 4321 2613 4362 non
2649 4319 2786 4372 erat,
2816 4307 2910 4361 sed
2943 4308 3121 4380 potius
3150 4322 3273 4362 erro
3302 4307 3518 4374 quidam
3546 4315 3599 4361 et
3627 4304 3774 4375 fugi-

2213 4399 2373 4465 tivus,
2406 4399 2544 4452 inter
2561 4399 2801 4467 migades
2827 4409 3074 4451 numerat
3097 4398 3192 4466 (b).
3224 4395 3374 4450 Hunc
3395 4397 3538 4451 enim
3567 4397 3773 4463 laudat,

544 4490 783 4558 loquitur
814 4489 867 4543 in
901 4488 1151 4542 oratione
1189 4487 1215 4540 1
1246 4503 1261 4540 :
1288 4486 1407 4540 Κᾶν
1447 4488 1528 4539 ἔτι
1564 4487 1802 4557 ἀκριὸῶς
1828 4487 2098 4557 ὲξετάσῃς,

2213 4491 2352 4560 quod
2389 4489 2450 4542 τὸ
2479 4490 2794 4542 κοινωνικὸν
2822 4492 2917 4544 καὶ¹
2956 4489 3262 4558 ἐπίμικτον,
3288 4489 3608 4554 institutum,
3638 4491 3777 4556 quod

540 4583 666 4635 ὅσον
697 4581 757 4633 τὸ
787 4579 947 4650 μέσον
973 4577 1080 4631 τῶν
1109 4579 1165 4631 ἐν
1191 4577 1468 4646 συζυγίαις
1495 4578 1628 4647 πρὸς
1653 4579 1780 4641 τοὺς
1827 4579 2070 4647 ἀγάμους
2093 4593 2108 4642 ;

543 4672 664 4727 Κᾶν
698 4671 907 4734 τούτοις
948 4669 1129 4732 πάλιν,
1155 4669 1261 4722 τῶν
1292 4671 1391 4740 τῆς
1421 4671 1652 4741 ἐρημίας
1678 4671 1810 4741 πρὸς
1845 4672 1970 4734 τοὺς
1996 4690 2107 4725 κοι-

542 4763 802 4826 νωνικοὺς
833 4762 928 4814 καὶ
967 4761 1194 4832 μιγάδας
1215 4778 1229 4790 ·
1254 4760 1360 4814 τῶν
1386 4762 1766 4831 ὲξητασμὲνων
1809 4765 1901 4815 καὶ
1931 4764 2110 4816 διαδε-

545 4856 788 4928 6ηκότων
820 4855 878 4905 ὲν
913 4853 1135 4924 θεωρίᾳ,
1176 4853 1311 4924 πρὸς
1357 4857 1483 4916 τοὺς
1518 4853 1703 4918 ἁπλῶς
1753 4856 2109 4910 κατευθύνονο

542 4964 663 5011 τας.
702 4947 852 5012 Quod
879 4947 924 4999 si
961 4948 1261 5000 accuratius
1293 4962 1399 4999 rem
1421 4949 1706 5014 expendas,
1736 4957 1992 5014 quantum
2023 4952 2107 5001 in-

545 5038 819 5092 tervallum
853 5039 989 5090 inter
1027 5036 1334 5106 conjugatos
1363 5048 1410 5090 et
1433 5036 1676 5092 cazlibes?
1708 5036 1792 5090 Ex
1815 5037 1895 5089 his
1928 5055 2109 5092 rursus

542 5139 802 5199 quantum
821 5131 958 5183 inter
978 5144 1064 5181 eos
1098 5129 1187 5196 qui
1213 5133 1266 5181 in
1288 5144 1461 5182 eremo
1501 5139 1796 5193 versantur,
1828 5139 1876 5182 et
1906 5145 1992 5182 eos
2019 5130 2109 5197 qui

543 5237 843 5276 communes
884 5230 1000 5274 sunt
1041 5236 1102 5272 ac
1146 5221 1414 5288 migades:
1464 5220 1597 5272 inter
1621 5236 1706 5273 eos
1737 5222 1824 5288 qui
1863 5232 2110 5274 accurate

545 5313 737 5380 degunt
771 5324 819 5366 et
859 5314 914 5366 in
961 5311 1393 5380 contemplatione
1433 5310 1782 5378 profecerunt,
1810 5321 1859 5365 et
1905 5329 1990 5366 eos
2018 5315 2108 5382 qui

547 5407 852 5473 simpliciter
879 5417 1073 5459 rectam
1110 5404 1248 5456 viam
1288 5403 1492 5456 ineunt.
1536 5401 1772 5467 Migades
1809 5417 1936 5472 ergo
1967 5404 2108 5459 inter

549 5495 767 5550 cmlibes
799 5505 854 5549 et
904 5493 1244 5549 continentes
1280 5501 1654 5556 recensentur,
1690 5507 1796 5547 non
1841 5508 1998 5549 secus
2043 5511 2107 5549 ac

550 5585 648 5654 ipsi
684 5586 1061 5651 anschoretze;
1099 5584 1191 5640 sed
1236 5583 1393 5654 primi
1427 5583 1724 5652 simplicius
1773 5586 1976 5653 vivunt,
2013 5587 2100 5642 isti

623 5702 699 5770 (a)
733 5700 824 5755 0r.
866 5701 953 5754 η.

621 5773 695 5842 (b)
734 5772 826 5827 Or.
856 5772 945 5825 9.3.
985 5815 998 5826 .

2197 4584 2519 4637 mocietatem
2559 4582 2680 4635 colit
2731 4595 2778 4636 et
2806 4582 3166 4650 permiscetur,
3193 4582 3484 4638 eremiticze
3514 4592 3568 4637 et
3591 4583 3779 4636 solita«

2217 4677 2308 4727 rire
2348 4676 2466 4728 vita:
2493 4675 2807 4745 praetulerit.

2288 4769 2346 4822 γ.
2386 4767 2508 4821 Haec
2550 4768 2789 4837 pluribus
2826 4766 3102 4821 referenda
3147 4766 3431 4834 duximus,
3489 4775 3546 4819 ut
3597 4777 3652 4821 et
3709 4770 3776 4823 de

2215 4859 2470 4930 Gregorio
2500 4871 2555 4913 et
2593 4860 2658 4914 de
2688 4860 2883 4913 Basilio
2913 4860 3194 4924 sciremus,
3222 4859 3488 4928 quodnam
3524 4858 3646 4912 vita:
3678 4875 3773 4929 ge-

2217 4965 2314 5003 nus
2347 4949 2483 5003 alter
2511 4949 2750 5020 elegerit,
2788 4950 2920 5002 alter
2962 4950 3013 5002 in
3048 4949 3398 5003 monasteriis
3422 4949 3536 5002 suis
3569 4950 3774 5003 consti-

2215 5038 2398 5091 tuerit.
2425 5037 2555 5091 Nam
2593 5041 2819 5093 medium
2855 5037 2979 5092 illud
3011 5038 3150 5091 inter
3183 5037 3535 5091 anachoretas
3582 5046 3638 5092 et
3673 5039 3768 5090 itii-

2214 5132 2377 5198 gades
2406 5131 2725 5195 institutum,
2749 5131 2888 5199 quod
2911 5129 3202 5200 Gregorius
3227 5130 3360 5183 tanti
3388 5129 3640 5196 faciebat,
3663 5132 3776 5199 ipse

2214 5223 2375 5274 etiam
2428 5221 2657 5274 Basilius
2699 5222 2750 5273 itt
2797 5222 3137 5275 monasteriis
3180 5222 3293 5274 suis
3343 5221 3592 5275 instituit.
3661 5221 3775 5274 Non

2215 5313 2357 5365 enim
2393 5313 2535 5366 hanc
2566 5312 2742 5364 Basilii
2771 5311 2981 5364 lamlem
3015 5311 3354 5380 pratermisit
3382 5311 3695 5381 Gregorius,
3718 5321 3778 5364 ut

2216 5419 2282 5457 ex
2318 5404 2400 5457 his
2433 5403 2609 5457 verbis
2638 5402 2986 5470 perspicimus
3010 5401 3079 5468 (c)
3117 5401 3261 5454 εΤοῦ
3285 5403 3460 5454 τοίνυν
3509 5401 3774 5472 ὲρημικοῦ

2208 5494 2325 5564 βίου
2367 5496 2460 5547 καὶ
2491 5495 2582 5548 τοῦ
2620 5494 2838 5564 μιγάδος
2871 5495 3189 5564 μαχομένων
3225 5493 3358 5564 πρὸς
3402 5493 3659 5564 ἀλλήλους
3699 5494 3773 5554 ὡς

2207 5589 2274 5640 cit
2304 5586 2472 5638 πολλὰ
2519 5589 2608 5640 καὶ
2642 5586 3014 5655 διϊσταμένων,
3050 5587 3141 5638 καὶ
3173 5585 3450 5656 οὐδετέρου
3486 5585 3698 5647 πάντως
3737 5585 3769 5653 ἦ

2292 5705 2358 5776 (ι“)
2400 5705 2547 5760 Ot'nl.
2586 5706 2671 5758 ‘29.
