4006 6444
1576 342 1734 396 VlTA
1777 345 1832 398 S.
1875 343 2140 402 BASILII.

3372 361 3462 403 XIX

228 459 292 516 ὼ
322 458 510 525 καλὸν,
537 458 570 529 ἢ
593 458 653 512 τὸ
679 457 879 528 φαῦλον
903 456 1256 528 ἀνεπίμικτον
1282 458 1491 529 ἔχοντος
1508 476 1520 488 ·
1551 459 1686 515 ἀλλὰ
1709 460 1793 513 τοῐ

1908 462 2199 517 θτοιηίιίεω
2216 461 2337 515 vitae
2366 462 2676 517 commoda:
2700 460 2920 517 arcebat
2959 461 3295 516 incommoda
3320 460 3471 518 Basi-

233 551 339 621 μὲν
382 547 610 620 ἡσυχίου
661 548 765 619 μὲν
792 547 942 611 ὄντος
988 546 1206 617 μᾶλλον,
1254 548 1350 601 καὶ
1385 548 1800 618 καθεστηκότος,

230 641 333 697 καὶ
374 640 501 711 Θεῷ
531 640 870 708 συνάγοντος·
894 638 992 691 οὐκ
1011 638 1215 709 ἀτύφου
1232 639 1287 691 δὲ
1309 638 1396 692 διὰ
1412 640 1472 692 τὸ
1486 641 1582 710 τῆς
1600 640 1803 712 ἀρετῆς

229 731 594 786 ἀὸασάνιστον
623 731 718 784 καὶ
746 730 1073 800 ἀσύγκριτον
1099 746 1113 757 ⁸
1148 729 1242 784 τοῦ
1270 730 1325 783 δὲ
1358 730 1801 801 πρακτικωτέρου

233 826 336 894 μὲν
360 824 561 895 μᾶλλον
589 825 685 876 καὶ
709 823 1139 894 χρησιμωτέρου,
1156 823 1216 876 τὸ
1242 822 1543 895 θορυϐῶδες
1574 826 1635 877 οὑ
1669 824 1802 893 φεύ-

228 932 443 983 γοντες,
478 916 571 968 καὶ
598 915 819 977 τούτους
843 915 1040 985 ἄριστα
1075 914 1404 985 κατήλλαξεν
1434 914 1682 985 ἀλλήλοις
1709 915 1803 968 καὶ

230 1003 595 1075 συνεκέρασεν
614 1018 628 1034 ⁸
673 1004 977 1074 ἀσκητήρια
1008 1004 1102 1057 καὶ
1131 1005 1461 1074 μοναστήρια
1484 1003 1803 1075 δειμάμενος

230 1094 357 1163 μὲν,
392 1095 454 1146 οὐ
480 1094 671 1166 πόρω
696 1094 752 1146 δὲ
774 1094 882 1147 τῶν
910 1095 1238 1149 κοινωνικῶν
1267 1096 1362 1149 καὶ
1389 1096 1651 1166 μιγάδων,
1682 1096 1802 1149 οὐδὲ

228 1181 423 1253 ὥσπερ
436 1182 621 1253 τειχίῳ
643 1183 751 1237 τινὶ
780 1184 926 1253 μέσῳ
950 1184 1119 1237 ταῦτα
1146 1183 1435 1250 διώαὸὼν,
1466 1187 1561 1237 καὶ
1589 1186 1683 1238 ἀπ’
1706 1185 1802 1239 ἀλ-

229 1273 700 1353 λήλωνχωρίσας,
735 1274 872 1328 ἀλλὰ
916 1274 1141 1344 πλησίον
1176 1274 1416 1344 συνάψας
1463 1277 1554 1328 καὶ
1587 1275 1803 1341 διαζεύ-

232 1365 333 1430 ξας
355 1381 370 1397 ·
408 1366 494 1417 ἵνα
525 1366 660 1435 μήτε
690 1365 750 1418 τὺ
782 1365 1064 1434 φιλόσοφον
1097 1363 1534 1437 ἀκοινώνητονῇ,
1577 1368 1713 1438 μήτε
1742 1368 1803 1420 τὸ

233 1455 535 1525 πρακτικὸν
556 1455 902 1525 ἀφιλόσοφον.
944 1456 1076 1509 Cum
1114 1457 1277 1525 igitur
1307 1456 1547 1509 solitaria
1589 1459 1717 1524 vita,
1757 1468 1803 1511 et

231 1560 295 1596 ea
320 1561 440 1614 qua
468 1546 713 1599 societate
747 1545 961 1614 gaudet,
990 1552 1049 1597 ut
1086 1545 1367 1613 plurimum
1405 1545 1541 1599 inter
1568 1562 1621 1599 se
1644 1546 1804 1599 dissi-

230 1634 439 1700 derent,
476 1652 539 1687 ac
576 1645 865 1704 pugnarent
896 1651 915 1689 :
955 1646 1239 1706 neutraque
1276 1638 1505 1700 omnino,
1541 1638 1618 1691 uel
1663 1654 1805 1691 com-

234 1728 415 1793 moda,
458 1727 536 1781 vel
561 1727 891 1782 incommoda
921 1744 1018 1782 sua
1043 1746 1177 1797 pura
1217 1738 1267 1783 et
1299 1730 1528 1783 immista
1560 1730 1803 1793 haberet;

1904 554 1961 608 lii
1988 568 2116 609 cura
2141 553 2195 607 in
2218 553 2299 608 eis
2330 553 2666 619 erudiendis;
2690 552 2845 621 cujus
2874 552 2952 607 rei
2977 551 3294 621 praeclarum
3331 552 3471 607 indi-

1904 644 2042 698 cium
2066 651 2149 698 est
2170 643 2395 713 epistola
2428 654 2639 708 octava,
2671 659 2829 713 quam
2859 643 3130 713 paulisper
3152 646 3342 700 abesse
3374 660 3469 702 co-

1904 746 2057 791 actus
2094 736 2329 804 scripsit,
2367 744 2427 788 ut
2459 748 2553 789 eos
2575 736 2641 789 ad
2675 735 2995 789 evertendas
3022 736 3343 791 Arianorum
3377 752 3466 791 ar-

1903 825 2078 894 gutias
2101 824 2476 879 communiret.
2523 825 2749 879 Dubium
2794 840 2898 878 non
2940 833 3024 879 est
3069 826 3197 894 quin
3237 827 3367 882 socii
3410 836 3467 882 et

1902 916 2201 970 imitatores
2236 914 2418 969 Basilii
2452 914 2652 970 fuerint
2696 929 2817 970 cum
2866 916 2918 970 in
2960 916 3063 970 ﬁde
3110 915 3467 981 defendenda,

1906 1016 2015 1060 tum
2041 1007 2093 1060 in
2128 1005 2248 1059 aliis
2266 1005 2449 1069 rebus,
2474 1020 2609 1074 quas
2645 1006 2895 1061 Ecclesiae
2920 1021 3081 1060 causa
3111 1008 3277 1076 gessit
3300 1008 3351 1060 in
3382 1022 3469 1061 so-

1905 1099 2154 1153 litudine.
2195 1096 2356 1151 Certe
2388 1111 2492 1150 non
2519 1096 2655 1150 alios
2679 1097 2947 1162 designat,
2977 1112 3098 1150 cum
3126 1097 3203 1149 ait
3234 1097 3286 1151 in
3304 1098 3464 1167 epist.

1902 1189 1993 1253 5i,
2018 1205 2072 1243 n.
2096 1188 2151 1252 2,
2188 1202 2245 1243 se
2274 1202 2394 1243 cum
2427 1187 2608 1241 multis
2646 1187 2698 1240 in
2739 1188 2907 1255 patria
2944 1187 3113 1242 Deum
3152 1188 3461 1244 timentibus

1903 1279 2255 1335 insolabiliter
2288 1279 2540 1346 doluisse,
2594 1279 2735 1347 quod
2784 1278 3001 1333 Dianius
3042 1278 3286 1333 formulae
3333 1278 3467 1334 Cou-

1903 1372 2250 1441 stantinopoli
2300 1371 2472 1425 allatae
2519 1370 2950 1439 subscripsisset.
2979 1372 3158 1440 Atque
3197 1370 3315 1425 inec
3350 1370 3469 1440 qui-

1904 1460 2028 1521 dem
2053 1466 2118 1519 de
2139 1464 2336 1518 Basilio
2366 1462 2588 1532 ejusque
2610 1462 2905 1531 discipulis.

1973 1556 2042 1610 At
2064 1554 2204 1609 forte
2234 1554 2300 1608 de
2332 1553 2595 1623 Gregorio
2623 1552 2857 1606 dubitari
2892 1550 3084 1621 possit.
3108 1558 3285 1605 utrum
3315 1564 3374 1605 se
3408 1550 3461 1605 in

1904 1647 2289 1701 monasterium
2328 1645 2613 1711 receperit.
2666 1643 2860 1696 Verum
2907 1642 3119 1698 etiamsi
3174 1643 3465 1698 asceticum

1906 1737 2204 1791 institutum
2240 1735 2292 1790 in
2324 1735 2564 1806 paternis
2597 1735 2799 1790 aedibus
2843 1733 3187 1798 excoluisset,
3237 1734 3368 1790 nihil
3415 1735 3467 1789 id

232 1833 411 1871 rerum
437 1817 531 1871 illa
553 1819 719 1888 magis
740 1819 948 1886 quidem
977 1818 1264 1889 tranquilla
1303 1828 1350 1873 et
1391 1822 1677 1890 composita
1721 1836 1802 1874 es-
1834 1809 1876 1863 Β
1905 1828 1971 1883 de
1999 1828 2116 1895 ejus
2152 1838 2399 1882 votorum
2432 1827 2787 1896 perpetuitate
2810 1827 3141 1892 detraheret,
3173 1840 3273 1882 nec
3303 1826 3465 1882 idcir-

226 1918 333 1975 set,
373 1926 435 1963 ac
457 1908 566 1964 Deo
595 1910 798 1964 animos
819 1909 1085 1979 copularet
1113 1926 1133 1964 :
1164 1920 1407 1965 caeterum
1440 1914 1502 1965 ob
1526 1928 1640 1965 eam
1669 1929 1799 1965 cau-

230 2017 344 2055 sam
371 2000 516 2070 fastu
544 2017 648 2055 non
679 2011 909 2065 careret,
940 2003 1078 2072 quod
1104 2003 1266 2057 virtus
1290 2019 1391 2057 non
1417 2004 1799 2073 exploraretur,

231 2110 325 2146 nec
353 2094 410 2147 in
436 2094 884 2163 comparationem
912 2094 1108 2148 veniret
1126 2110 1146 2157 ;
1167 2095 1277 2149 lucc
1294 2106 1465 2149 autem
1489 2096 1656 2165 magis
1682 2096 1801 2165 qui-

228 2185 353 2241 dem
384 2195 604 2240 actuosa
634 2194 683 2239 et
721 2184 870 2239 utilis
891 2194 1046 2249 esset,
1084 2201 1260 2239 verum
1296 2203 1330 2240 a
1365 2187 1671 2243 tumultibus
1700 2192 1801 2244 mi-

229 2296 331 2334 nus
347 2278 516 2334 libera
541 2296 558 2333 :
585 2278 839 2347 praclare
863 2292 952 2332 eas
982 2277 1107 2331 inter
1148 2295 1202 2332 se
1224 2280 1573 2334 reconciliavit
1606 2298 1668 2335 ac
1685 2298 1801 2348 per-

228 2374 464 2438 miscuit,
488 2372 697 2441 pietatis
722 2372 970 2425 nimirum
989 2373 1261 2443 gymnasia
1286 2380 1332 2424 et
1359 2371 1673 2425 monasteria
1704 2387 1797 2426 ea:-

236 2478 471 2532 struens,
499 2482 603 2519 non
626 2475 801 2520 tamen
824 2466 974 2531 longe
1001 2466 1351 2534 discrepantia
1377 2466 1442 2520 ab
1466 2466 1536 2520 iis
1564 2483 1679 2535 quae
1704 2483 1793 2521 so-

226 2560 473 2615 cietatem
521 2557 722 2621 colunt,
766 2567 817 2611 et
857 2558 1264 2625 permiscentur;
1318 2574 1409 2611 nec
1470 2563 1607 2610 velut
1650 2573 1797 2612 muro

226 2651 473 2720 quopiam
509 2648 780 2719 interjecto
815 2649 925 2704 Itch
957 2650 1196 2704 instituta
1230 2650 1557 2719 distinguens
1591 2657 1744 2719 atque
1765 2667 1797 2703 a

228 2742 519 2797 uineicent
550 2756 818 2809 separans,
846 2756 1023 2795 verum
1052 2756 1209 2811 prope
1233 2740 1549 2809 conjungens
1578 2756 1640 2793 ac
1665 2740 1797 2792 diri-

228 2850 372 2888 mens
409 2849 429 2887 :
467 2843 524 2886 ut
564 2848 657 2886 nec
684 2833 1049 2900 contemplatio
1091 2833 1571 2886 communicationis
1608 2845 1795 2901 expers

227 2936 380 2987 esset,
436 2938 527 2976 nec
572 2922 711 2975 actio
762 2922 1192 2991 contemplatione
1243 2934 1461 2979 careret.
1511 2920 1798 2977 Existimat

235 3014 616 3069 Tillemontius
649 3016 1095 3069 anacltoretarum
1122 3015 1263 3069 mdes
1289 3029 1459 3084 prope
1481 3014 1729 3071 emnobia
1762 3030 1791 3069 a

1902 1934 1968 1975 co
1997 1919 2169 1973 videri
2202 1918 2441 1982 deberet,
2477 1927 2571 1972 aut
2607 1918 2950 1973 continentia:
2990 1917 3322 1986 professione
3370 1917 3465 1972 ob-

1902 2011 2122 2066 strictus
2163 2026 2267 2066 non
2306 2010 2492 2075 fuisse,
2530 2019 2621 2064 aut
2656 2025 2761 2065 non
2801 2024 2859 2065 se
2892 2010 3143 2064 omnibus
3176 2009 3333 2063 rebus
3368 2022 3466 2077 pro

1901 2105 2117 2160 Christo
2158 2104 2409 2158 nudasse.
2457 2102 2598 2169 Quot
2641 2103 2785 2158 enim
2827 2102 2997 2158 tribus
3038 2100 3225 2171 primis
3256 2098 3466 2155 smeulis

1899 2193 2161 2262 ejusmodi
2193 2195 2353 2247 vitam
2383 2202 2509 2247 ante
2537 2202 2812 2248 exstructa
2850 2193 3175 2247 monasteria
3218 2199 3463 2260 egerunt,

1900 2289 1967 2340 de
2020 2286 2211 2355 quibus
2251 2295 2431 2340 tamen
2465 2286 2570 2339 dici
2606 2300 2712 2341 non
2753 2294 2930 2354 potest
2968 2284 3110 2354 quod
3148 2284 3216 2339 de
3243 2282 3462 2349 Basilio,

1898 2375 2181 2446 Gregorio,
2216 2374 2422 2432 Joanne
2467 2376 2858 2447 Chrysos'tomo
2902 2384 2956 2429 et
3000 2374 3120 2430 aliis
3152 2375 3465 2445 pronuntiat

1899 2464 2305 2531 Thomassinus,
2352 2468 2496 2521 nulla
2553 2482 2647 2523 eos
2692 2468 2803 2521 voti
2847 2468 3169 2522 necessitate
3212 2468 3465 2522 astrictos

1897 2556 2107 2612 fuisse?
2145 2556 2277 2623 Quis
2303 2557 2509 2612 dubitet
2535 2557 2663 2627 quin
2690 2555 2748 2611 S.
2779 2554 3079 2627 Cyprianus
3108 2563 3365 2626 perpetuo
3385 2571 3465 2611 se-

1896 2661 1955 2702 se
1997 2648 2311 2719 obligaverit
2353 2657 2500 2714 voto,
2546 2663 2665 2703 cum
2692 2649 2833 2703 bona
2865 2662 2962 2703 sua
3002 2647 3325 2718 pauperibus
3353 2648 3464 2702 dis-

1897 2739 2107 2803 tribuit,
2155 2754 2219 2793 ac
2251 2740 2635 2794 continentiam
2683 2740 2856 2795 adhuc
2887 2740 3306 2795 catechumenus
3344 2754 3463 2792 am-

1895 2830 2087 2900 plexus
2119 2830 2240 2884 est?
2266 2830 2490 2885 Miratur
2520 2830 2740 2885 Pontius
2766 2840 2970 2885 tantum
2995 2832 3046 2884 in
3074 2831 3463 2886 catechumeno

1894 2920 2178 2975 fervorem.
2210 2919 2357 2974 Inter
2384 2921 2508 2990 ﬁdei
2537 2938 2667 2987 suae,
2714 2921 2906 2992 inquit,
2951 2923 3122 2990 prima
3162 2922 3459 2975 rudimenta

1895 3012 2025 3065 nihil
2051 3012 2198 3065 aliud
2228 3014 2449 3066 credidit
2493 3012 2602 3067 Deo
2629 3014 2868 3083 dignum,
2901 3030 3059 3083 quam
3106 3014 3151 3067 si
3196 3012 3462 3067 continen-

230 3104 431 3161 Bssilio
472 3105 643 3160 fuisse
687 3116 1007 3161 exstructas.
1068 3104 1124 3160 In
1169 3122 1274 3173 quo
1322 3108 1537 3176 quidem
1587 3106 1795 3177 decepit
1820 3140 1861 3195 Ο
1897 3106 2025 3155 tiam
2066 3111 2359 3157 tueretur...
2399 3102 2530 3169 Quis
2563 3121 2790 3174 unquam
2829 3105 2965 3158 tanti
3009 3106 3250 3157 miraculi
3279 3104 3461 3157 πιιωὶ-

230 3208 351 3248 eum
383 3192 528 3247 Billii
549 3194 945 3262 interpretatio,
992 3195 1081 3263 qui
1130 3194 1217 3250 hic
1249 3211 1459 3265 quoque
1495 3197 1793 3252 emnobitas
1829 3190 1861 3195 ⁷
1897 3191 2013 3243 nil?
2062 3190 2241 3261 Inepta
2273 3207 2495 3261 prorsus
2543 3202 2599 3247 et
2639 3194 2869 3247 absurda
2908 3193 3157 3247 laudandi
3210 3194 3368 3259 ratio,
3411 3194 3457 3248 si

233 3284 506 3353 migadum
574 3285 789 3338 nomine
842 3284 1123 3340 intellexit.
1192 3283 1284 3338 Sic
1309 3287 1453 3339 enim
1514 3286 1789 3341 reddidit:

234 3372 455 3426 Pietatis
486 3373 735 3426 nimirum
758 3376 1031 3443 gymnasia
1067 3382 1116 3427 et
1148 3376 1462 3427 monasteria
1497 3385 1788 3439 exstruens,

232 3478 333 3515 non
354 3471 529 3515 tamen
562 3461 714 3532 longo
740 3462 1010 3518 intervallo
1034 3463 1098 3517 ab
1131 3464 1194 3517 iis
1231 3465 1319 3533 qui
1351 3465 1405 3517 in
1442 3466 1682 3517 sodalitio
1716 3467 1791 3519 ui-

229 3562 370 3608 sant.
398 3552 687 3608 Refellitur
712 3554 829 3609 hac
863 3554 1231 3623 interpretatio
1252 3570 1320 3609 ex
1356 3564 1465 3609 tota
1500 3554 1679 3610 Basilii
1708 3556 1791 3609 hi-

237 3645 427 3711 storia,
466 3658 627 3713 quem
653 3644 939 3699 cmnobitis
960 3645 1237 3712 praefuisse
1262 3655 1491 3711 constat,
1530 3661 1635 3700 non
1660 3661 1792 3699 ana-

231 3736 467 3791 cli'oretis
514 3749 681 3805 prape
716 3735 1013 3791 ctenobitas
1049 3736 1372 3791 constitutis.
1414 3736 1615 3791 Deinde
1663 3752 1792 3792 vero

233 3828 503 3899 migadum
540 3828 759 3883 nomine
793 3843 899 3884 non
925 3829 1226 3894 cmnobitae,
1261 3828 1355 3883 sed
1391 3839 1588 3883 ascetae
1620 3832 1788 3885 actio-

232 3921 282 3972 ni
314 3918 501 3985 dediti,
527 3928 589 3973 ut
617 3920 670 3973 in
694 3919 1060 3988 superioribus
1090 3920 1242 3985 locis,
1264 3920 1612 3987 designantur
1642 3939 1657 3975 :
1692 3935 1792 3977 nec

230 4009 587 4064 anachoretas
608 4008 839 4065 Basllius
872 4024 1043 4080 prope
1064 4010 1303 4081 migades
1333 4012 1609 4067 constituit
1644 4031 1658 4067 :
1695 4014 1790 4068 sed

228 4108 518 4167 utrumque
541 4100 844 4154 institutum
876 4100 1022 4155 nullo
1050 4116 1271 4171 prorsus
1294 4118 1447 4157 muro
1468 4103 1788 4173 diremptum

227 4204 347 4247 esse
374 4193 564 4256 voluit,
602 4193 787 4263 sicque
820 4203 1125 4262 utrumque,
1148 4193 1406 4249 coenobiis
1430 4197 1788 4262 exstruendis,

228 4280 534 4351 conjunxit,
584 4293 644 4335 ut
680 4296 782 4336 nec
810 4282 1257 4337 anachoretarum
1287 4282 1500 4338 deesset
1537 4284 1787 4350 solitudo,

227 4385 328 4426 nec
384 4371 670 4439 mlgadum-
709 4370 952 4427 officiosa
1019 4370 1273 4437 charitas,
1332 4374 1625 4442 primorum
1694 4389 1790 4428 au-

1895 3282 2276 3337 continentiam
2298 3282 2603 3353 Cyprianus
2625 3294 2935 3353 perpetuam
2962 3298 3067 3337 non
3095 3296 3335 3349 voverat,
3362 3283 3457 3339 sed

1895 3372 1959 3425 ad
1986 3382 2192 3440 tempus
2212 3373 2439 3427 colebat.
2470 3374 2647 3439 Quare
2672 3374 2886 3429 etiamsi
2932 3374 3247 3445 Gregorium
3274 3390 3459 3430 mona-

1894 3462 2056 3517 steria
2095 3478 2201 3517 non
2246 3464 2578 3528 habuissent,
2622 3479 2727 3519 non
2756 3464 2976 3539 idcirco
3024 3478 3275 3532 magnum
3326 3465 3458 3520 illud

1892 3560 2269 3607 ornamentum
2300 3556 2601 3609 monastico
2639 3555 2884 3610 instituto
2924 3555 3061 3625 eripi
3100 3565 3299 3626 posset.
3350 3556 3457 3613 Sed

1893 3652 2073 3697 tamen
2108 3644 2323 3712 probari
2356 3654 2528 3714 potest
2570 3660 2693 3700 eum
2738 3662 2844 3702 non
2876 3646 3153 3702 minimam
3180 3649 3303 3703 vita:
3331 3661 3458 3717 par-

1906 3741 2016 3789 tem
2057 3736 2109 3789 in
2136 3736 2460 3790 monasterio
2485 3736 2803 3793 traduxisse.
2827 3737 2882 3792 In
2911 3739 3236 3795 monasterio
3269 3738 3452 3793 Basilti

1891 3833 2252 3880 commoratus
2306 3835 2389 3881 est
2447 3825 2757 3895 aliquandiu
2816 3838 3103 3896 antequam
3172 3830 3455 3900 presbyter

1891 3926 2189 3980 crearetur,
2228 3926 2284 3971 et
2324 3917 2535 3985 qualem
2580 3919 2653 3973 ibi
2697 3920 2861 3973 vitam
2882 3930 3073 3987 egerit,
3104 3922 3318 3990 egregie
3348 3922 3445 3975 de-

1890 4006 2078 4062 scribit
2103 4007 2156 4061 in
2180 4021 2265 4075 ep.
2287 4005 2320 4061 8
2352 4018 2403 4062 et
2432 4008 2484 4063 9.
2512 4007 2665 4064 Unde
2702 4023 2807 4063 non
2840 4010 3107 4064 immerito
3134 4010 3364 4065 Basilius
3388 4010 3442 4064 in

1890 4096 2046 4165 epist.
2074 4096 2201 4161 225,
2226 4112 2281 4150 n.
2315 4097 2370 4163 5,
2403 4106 2627 4151 testatur
2664 4113 2845 4153 secum
2882 4099 2934 4152 in
2964 4101 3287 4154 monasterio
3314 4099 3449 4155 Gre-

1890 4188 2098 4254 gorium
2149 4188 2290 4242 idem
2327 4188 2449 4241 vitae
2490 4189 2792 4242 institutum
2837 4198 3078 4243 secutum
3122 4204 3261 4244 esse.
3297 4189 3453 4259 Fugit

1889 4277 2180 4347 Gregorius
2227 4278 2278 4332 iu
2323 4279 2565 4335 eamdem
2604 4279 2941 4334 solitudinem
2978 4282 3258 4350 presbyter
3290 4295 3445 4335 crea-

1891 4376 1993 4421 tus.
2032 4367 2179 4422 Haud
2205 4369 2315 4423 scio
2344 4384 2410 4422 an
2434 4371 2486 4423 in
2520 4371 2857 4424 solitudinem
2883 4372 3192 4425 monasterii
3216 4386 3274 4425 se
3300 4386 3449 4426 rece-

228 4469 332 4515 tem
382 4460 593 4514 abesset
646 4458 815 4516 fastus
845 4460 1163 4530 periculum.
1210 4472 1265 4515 et
1303 4462 1657 4531 posteriorum
1702 4472 1784 4518 tu-
1815 4473 1860 4528 ι)
1887 4458 2045 4528 perit,
2071 4472 2190 4512 cum
2221 4474 2407 4513 rursus
2428 4460 2482 4513 in
2505 4469 2737 4514 montem
2761 4459 2896 4530 fugit
2915 4468 3034 4528 post
3056 4460 3445 4515 ordinationem

223 4550 443 4613 multus.

292 4641 437 4696 idem
472 4656 602 4710 ergo
649 4641 977 4712 propositum
1031 4641 1128 4698 fuit
1169 4641 1432 4713 Gregorio
1462 4651 1514 4699 et
1552 4643 1778 4700 Basilio.

225 4731 454 4805 Utrique
493 4734 836 4788 solitudinem
869 4750 989 4789 cum
1025 4736 1196 4792 sacris
1234 4736 1429 4793 litteris
1461 4737 1785 4808 conjungere

225 4822 421 4877 volenti
450 4836 549 4877 nec
569 4823 1016 4878 anachoretarum
1043 4825 1314 4881 arridebat
1336 4828 1440 4881 vita
1482 4842 1581 4882 nec
1613 4830 1785 4899 miga-

221 4915 367 4967 dum.
404 4911 484 4966 Ac
518 4912 585 4967 de
610 4912 808 4969 Basilio
830 4914 1047 4984 quidem
1090 4924 1237 4971 certa
1280 4925 1334 4970 et
1370 4917 1641 4986 explorata
1694 4932 1780 4973 res

218 5012 318 5067 est,
360 5016 485 5056 eum
532 5002 727 5058 vixisse
770 5004 825 5058 in
860 5007 1185 5061 monasterio
1235 5017 1290 5062 et
1340 5008 1618 5078 discipulis
1667 5009 1780 5064 suis

218 5093 462 5147 eamdem
512 5094 724 5148 vivendi
769 5093 995 5150 formam
1041 5097 1452 5167 prascripsisse,
1500 5114 1663 5169 quam
1723 5100 1777 5153 in

220 5186 560 5239 monaster'...
590 5182 806 5256 Egypti
838 5187 1069 5251 viderat,
1115 5188 1188 5242 ita
1221 5197 1278 5243 ut
1324 5203 1423 5243 nec
1460 5190 1781 5245 necessariis

222 5276 287 5330 ad
328 5289 511 5330 sacras
551 5275 761 5332 litteras
802 5278 1083 5347 praesidiis,
1124 5289 1179 5332 ut
1206 5280 1571 5349 anachoreta,
1624 5296 1781 5336 care-

223 5371 362 5425 rent,
409 5377 509 5417 nec
554 5373 613 5419 ut
664 5366 923 5435 migades,
976 5368 1197 5421 nimium
1250 5368 1528 5423 charitatis
1586 5370 1779 5426 officiis

223 5456 605 5512 mersarentur,
644 5452 740 5505 sed
769 5452 1157 5509 meditarentur
1180 5464 1236 5509 ut
1257 5457 1439 5526 primi,
1460 5458 1778 5524 prodessent

223 5541 277 5585 ut
310 5536 548 5590 secundi.
592 5534 710 5606 Ipse
748 5544 1055 5598 monasterii
1106 5544 1240 5600 situs
1291 5544 1550 5600 uli'erehat
1594 5549 1774 5602 omnia

286 5716 361 5789 (tt)
401 5723 578 5771 Carm.
612 5722 673 5772 de
702 5721 822 5774 vita.

1890 4547 2248 4603 Sasimensem
2277 4548 2374 4619 (a),
2412 4559 2504 4603 aut
2536 4564 2657 4603 cum
2692 4537 2833 4603 anno
2873 4550 2979 4603 575
3022 4549 3323 4605 Seleuciam
3357 4564 3447 4603 se-

1889 4640 2070 4705 cessit,
2101 4642 2324 4709 utquod
2358 4641 2553 4696 dudum
2588 4644 2903 4697 decreverat
2931 4642 3136 4697 amicos
3158 4650 3211 4696 et
3234 4640 3444 4710 negotia

1887 4728 2089 4798 iugere,
2122 4729 2173 4782 id
2200 4730 2411 4783 tandem
2436 4728 2736 4798 perﬁceret.
2771 4730 2875 4784 Sed
2896 4739 3041 4785 certe
3074 4730 3305 4784 dubitari
3341 4744 3442 4783 non

1887 4827 2062 4887 potest
2091 4819 2239 4887 quin,
2284 4819 2506 4887 abjectis
2551 4820 3153 4889 Constantinopolitanm
3192 4820 3443 4876 Ecclesiae

1885 4907 2283 4976 gubernaculis,
2314 4909 2424 4962 ruri
2450 4910 2695 4964 monachi
2722 4911 2885 4964 vitam
2913 4910 3101 4981 egerit,
3131 4918 3189 4964 ut
3218 4917 3445 4964 testatur

1886 4996 2262 5069 Hieronymus,
2298 5009 2354 5054 et
2387 5014 2509 5055 cum
2537 5000 2816 5057 monachis
2841 5001 3056 5056 vixerit.
3094 5010 3152 5055 ut
3187 5000 3442 5056 discimus

1884 5101 1950 5141 ex
1978 5088 2256 5156 Facundo,
2282 5089 2378 5145 lib.
2412 5106 2508 5157 vn,
2534 5105 2584 5146 c.
2618 5091 2674 5145 7.
2708 5111 2719 5121 -

2491 5182 2718 5239 CAPUT
2759 5182 2824 5239 γ.

1884 5270 1925 5327 1.
1967 5270 2022 5325 S.
2052 5272 2282 5327 Basilius
2307 5292 2424 5328 cum
2454 5274 2729 5329 Eustathio
2762 5275 3042 5329 Sebasleno
3069 5272 3304 5327 amicitia
3323 5288 3442 5325 con-

1947 5343 2209 5413 iungitur.
2259 5344 2318 5397 ll.
2364 5346 2547 5413 Qualis
2588 5346 2667 5399 vir
2723 5346 2919 5399 exstitit
2974 5341 3303 5413 Eustathius.
3350 5342 3435 5396 ΙΙΙ.

1953 5412 2164 5477 Derepit
2193 5416 2349 5466 etiant
2379 5412 2438 5468 S.
2467 5414 2747 5468 Eusebium
2791 5413 3204 5468 Samosarensem
3243 5412 3439 5465 Eusta-

1953 5482 2091 5550 tltius
2116 5482 2239 5547 ﬁdei
2276 5488 2506 5535 studium
2548 5494 2595 5538 et
2633 5488 2961 5538 sanctitatem
2999 5498 3108 5550 prta
3145 5498 3205 5550 se
3247 5486 3435 5549 terens.

1952 5548 2037 5603 iV.
2072 5550 2359 5607 Damnatus
2394 5557 2591 5607 videtur
2618 5555 2774 5607 fuisse
2802 5555 2855 5605 in
2878 5548 3095 5606 concilio
3125 5548 3432 5621 Gangrensi.
