4006 6456
563 396 591 432 x
602 394 633 434 x
1897 378 2398 435 PBOLEGOMENA
2407 423 2420 437 .

636 496 715 574 ν..
754 493 1024 574 Nonnulla
1070 494 1530 574 adversnsuhane
1565 498 1883 574 sententiam.
1906 497 2125 574 _objecta_
2153 501 2199 556 Α
2225 497 2383 559 ciam,
2409 511 2471 551 ac
2494 496 2684 552 iterum
2717 513 2775 553 se
2806 500 2991 555 eodem
3016 503 3244 558 artificio
3268 505 3534 574 purgavit.
3562 507 3786 563 Adilixit

636 567 926 688 zolcnntur.
963 564 1046 619 Vl.
1083 566 1194 618 Non
1219 566 1359 619 Aetii
1395 566 1640 634 magister
1670 564 2002 631 Eustathius,
2036 569 2125 621 sed

684 651 802 688 erit.

684 651 802 688 em.

644 789 685 827 ι.
724 773 943 827 Videtur
972 772 1197 826 Basilius
1222 780 1348 825 tunc.
1378 771 1605 840 primtun
1647 769 1939 824 amicitiam
1971 769 2123 824 iniis-

567 876 628 917 se
686 876 808 916 cum
875 862 1150 915 Eustathio
1212 861 1510 915 Sebasteno
1548 860 1773 929 ejusque
1828 860 2123 929 discipulis,

567 969 690 1009 cum
737 953 895 1009 rediit
936 968 999 1006 ex
1040 952 1277 1008 Oriente.
1327 951 1440 1020 Ipse
1486 952 1627 1007 enim
1668 954 1733 1005 ad
1778 951 1879 1006 hoc
1913 960 2127 1023 tempus

567 1045 777 1101 initium
813 1044 976 1098 refert
1003 1042 1160 1111 hujus
1185 1043 1601 1111 conjunctionis,
1634 1043 1702 1098 ob
1729 1058 1889 1113 quam
1916 1048 2123 1114 gravis-

566 1133 715 1189 simae
747 1132 795 1188 ei
828 1133 1081 1187 molestiae
1112 1142 1165 1186 et
1211 1148 1240 1186 a
1282 1134 1519 1200 pluribus
1546 1131 1662 1187 aliis
1695 1148 1749 1187 et
1780 1133 1848 1189 ab
1873 1134 1988 1206 ipso
2026 1137 2123 1191 de-

565 1241 711 1280 mum
736 1226 1015 1281 Eustathio
1039 1226 1364 1278 acciderunt.
1388 1224 1670 1295 Narrat(a)
1696 1240 1754 1280 se
1773 1240 1837 1280 ex
1865 1240 2127 1284 monaste-

566 1315 663 1371 riis
683 1316 918 1372 Orientis
949 1324 1003 1369 et
1031 1313 1247 1383 Egypti
1286 1314 1615 1380 redeuntem,
1657 1332 1779 1370 cum
1828 1319 1982 1384 hujus
2005 1321 2125 1375 vita:

568 1406 863 1461 imitatores
888 1406 939 1459 in
973 1408 1139 1476 patria
1176 1405 1484 1474 reperisset,
1510 1406 1709 1477 aliquid
1744 1407 2029 1475 adjumenti
2056 1412 2123 1464 ad

565 1498 790 1553 salutem
833 1498 934 1552 sibi
968 1498 1137 1550 visum
1174 1511 1293 1549 esse
1322 1499 1578 1564 reperire.
1621 1497 1767 1551 Multi
1807 1513 1927 1552 eum
1958 1500 2124 1554 abdu-

564 1591 757 1643 cebant
798 1587 867 1640 ab
911 1588 1011 1640 hac
1041 1587 1446 1650 consuetudine,
1474 1596 1527 1640 et
1567 1601 1599 1639 a
1642 1587 1880 1641 moribus
1923 1602 1985 1642 ac
2022 1587 2125 1642 fide

562 1677 825 1734 Lustathii
861 1680 1156 1731 cavendum
1190 1678 1504 1729 monebant.
1528 1675 1632 1730 Sed
1656 1674 1886 1730 Basilius
1911 1677 1976 1729 de
2013 1676 2120 1729 vita

563 1768 831 1823 Eustathii.
874 1764 1136 1834 judicium
1188 1764 1394 1819 ferebat
1439 1780 1504 1819 ex
1549 1766 1633 1820 his
1669 1779 1788 1832 qua:
1813 1764 1980 1820 oculis
2011 1766 2121 1819 suis

2226 601 2287 641 se
2309 587 2503 642 Basilio
2533 589 2838 658 Ancyrano,
2871 592 3031 659 eique
3059 608 3276 663 operam
3309 597 3522 651 navavit
3552 599 3603 653 in
3630 598 3788 653 refel—

2226 680 2384 733 lendo
2418 679 2596 742 Aetio,
2644 695 2799 748 quem
2854 680 3002 736 falsis
3031 684 3345 741 criminibus
3392 689 3529 755 apud
3572 688 3783 743 Gallum

2224 770 2488 826 Caesarem
2526 770 2579 823 in
2615 770 2864 825 invidiam
2903 774 3256 839 adduxerunt,
3298 775 3342 828 si
3372 776 3501 832 lldes
3528 778 3782 832 adhiben-

2226 858 2291 912 da
2336 857 2691 927 Philostorgio
2738 858 2837 929 (τι).
2881 859 3154 917 Deilernnt
3188 865 3236 919 ei
3279 866 3483 927 Ariani,
3536 874 3669 921 teste
3722 868 3782 920 δ.

2222 950 2514 1006 Athanasio
2535 949 2624 1023 (ε),
2649 953 3008 1021 episcOpatum
3027 952 3398 1021 Sebastenum,
3428 968 3483 1011 ut
3507 972 3784 1012 eumcen-

2223 1043 2469 1097 siliorum
2520 1058 2736 1098 suormn
2790 1044 3082 1111 ailjntorem
3146 1046 3422 1101 haberent.
3476 1048 3580 1103 Sed
3626 1049 3785 1117 paulo

2226 1142 2352 1201 post
2394 1148 2516 1188 cum
2560 1133 2773 1203 plurimi
2802 1136 3033 1205 episcopi
3085 1136 3154 1191 ab
3199 1138 3412 1194 Arianis
3457 1140 3781 1209 impietatem

2226 1235 2410 1294 aperte
2438 1226 2854 1295 praedicantibus
2878 1243 2997 1284 sese
3027 1230 3409 1300 disjungerent,
3435 1245 3497 1286 ac
3526 1233 3695 1301 gratia
3728 1242 3784 1287 et

2224 1318 2547 1372 auctoritate
2594 1318 2881 1388 plurimum
2934 1320 3193 1385 valerent,
3230 1323 3410 1390 junxit
3458 1336 3517 1378 se
3553 1337 3673 1377 cum
3703 1325 3782 1379 eis

2226 1406 2560 1471 Eustathius,
2592 1423 2888 1477 eorumque
2914 1419 3095 1478 partes
3133 1421 3370 1466 sectatus
3395 1421 3477 1467 est
3508 1412 3560 1467 in
3596 1414 3781 1468 conci-

2223 1498 2294 1552 lio
2317 1498 2623 1569 Ancyrano,
2650 1498 2736 1552 ubi
2762 1498 3223 1555 Consubstantiale
3265 1503 3780 1557 anathematizatum

2221 1598 2324 1651 est,
2358 1600 2411 1643 et
2441 1589 2493 1643 in
2522 1587 2871 1655 Seleuciensi,
2900 1591 2987 1645 ubi
3024 1592 3291 1660 proposita
3324 1602 3405 1646 est
3444 1592 3781 1647 Antiochena

2223 1679 2344 1732 fidei
2368 1678 2617 1733 formula.
2655 1678 2820 1733 Paulo
2857 1690 2978 1749 post
3004 1681 3219 1736 Arionis
3245 1682 3642 1737 dominantibus
3660 1697 3784 1737 suc-

2222 1769 2407 1823 cubuit
2450 1770 2789 1837 Eustathius,
2846 1786 2910 1825 ac
2951 1773 3213 1827 heretica:
3252 1772 3495 1827 formula:
3544 1774 3783 1828 subscri-

563 1859 810 1924 vldebat;
840 1856 1160 1912 humilitatis
1188 1864 1560 1926 argumentum
1604 1870 1722 1910 esse
1764 1857 1995 1911 ducebat
2025 1858 2121 1910 hu-
2154 1866 2194 1921 Β
2225 1863 2352 1929 psit,
2400 1874 2498 1915 nec
2542 1870 2723 1915 tamen
2769 1863 3153 1932 depositionem
3193 1872 3246 1917 et
3279 1863 3527 1918 exsiliunt
3576 1862 3779 1934 eﬂ'ngit.

562 1951 741 2005 milem
783 1959 987 2005 vestem
1026 1964 1039 1999 :
1073 1948 1431 2017 suspicionem
1478 1961 1690 2001 omnem
1744 1947 1999 2002 arcebant
2050 1948 2119 2003 ab

559 2043 678 2112 ejus
707 2042 887 2096 animo
910 2042 1280 2097 vestimentum
1315 2055 1581 2106 crassum,
1631 2054 1786 2106 zona,
1824 2054 1856 2095 e
1887 2042 2000 2094 rudi
2028 2054 2119 2094 co-

564 2137 645 2189 rio
691 2135 1080 2198 calceamenta,
1133 2144 1404 2188 austerum
1444 2133 1656 2185 vivendi
1692 2146 1879 2201 genus.
1934 2132 2119 2201 itaque

566 2240 811 2282 morosus
853 2234 971 2281 erat
1010 2225 1179 2280 laudis
1208 2224 1472 2279 Eustathii
1509 2223 1790 2289 defensor;
1836 2238 1897 2279 ac
1938 2239 2002 2277 ne
2031 2224 2119 2277 illa

561 2317 775 2386 quidem
809 2317 1088 2384 probabat,
1115 2331 1234 2385 qua:
1258 2317 1325 2371 de
1346 2315 1485 2371 illius
1508 2318 1609 2372 fide
1636 2316 1967 2380 dicebantur,
1995 2328 2116 2370 eum

558 2409 626 2465 ab
657 2409 784 2462 Ario
812 2409 1060 2463 edoctum
1091 2422 1230 2471 esse,
1270 2424 1335 2462 ac
1365 2408 1478 2462 Arii
1511 2409 1757 2479 dogmata
1792 2407 1930 2462 clam
1962 2421 2115 2474 spar-

558 2510 719 2565 gere;
750 2496 843 2550 sed
879 2510 998 2549 cuin
1039 2498 1152 2549 lucc
1187 2494 1415 2551 Basilius
1464 2511 1734 2565 nunquam
1775 2496 1889 2564 ipse
1930 2510 2026 2565 per
2058 2511 2118 2551 se

560 2587 837 2651 audiisset,
872 2587 1235 2657 sycophantas
1276 2601 1396 2643 esse
1434 2588 1672 2658 putabat,
1703 2590 1793 2656 qui
1831 2589 1943 2641 haec
1969 2597 2118 2641 nun—

562 2678 785 2732 tiabant.
808 2675 1066 2747 Equidem
1091 2692 1195 2732 non
1230 2679 1397 2734 miror
1427 2679 1480 2732 iu
1508 2678 1793 2733 candidum
1815 2677 1996 2733 Basilii
2026 2692 2117 2749 pe-

560 2781 680 2824 ctus
703 2770 905 2824 aditum
946 2785 1050 2825 non
1082 2771 1352 2839 habuisse,
1391 2786 1510 2840 quae
1542 2772 1611 2827 de
1650 2771 1929 2827 Eustatbio
1974 2774 2118 2826 dice—

562 2863 775 2916 bantur.
808 2862 1053 2928 Accepta:
1094 2861 1237 2915 enint
1281 2862 1350 2916 ab
1390 2862 1521 2916 Ario
1558 2863 1848 2932 disciplina:
1880 2872 1999 2929 post
2042 2873 2119 2917 tot

559 2968 730 3007 annos
749 2954 835 3006 vix
859 2952 970 3022 jam
998 2952 1087 3006 ulli
1114 2961 1277 3007 testes
1310 2955 1361 3006 in
1384 2952 1721 3023 Cappadocia
1756 2964 2073 3023 supererant
2098 2972 2112 3007 :

558 3044 824 3101 occultum
870 3046 1106 3116 ejusdem
1158 3046 1374 3101 haeresis
1410 3047 1644 3102 studium
1692 3063 1795 3102 non
1828 3049 1982 3103 facile
2023 3050 2117 3103 ile-

561 3137 815 3209 prehendi
844 3146 1071 3207 poterat.
1104 3136 1209 3191 Sed
1246 3152 1483 3192 amorem
1528 3139 1581 3192 in
1621 3138 1957 3194 Eustathiqu
2002 3138 2117 3194 lon-

2226 1950 2406 2003 Bediit
2426 1952 2525 2003 sub
2545 1949 2783 2014 Juliano,
2818 1966 2881 2005 ac
2905 1952 3066 2006 variis
3088 1954 3337 2021 deinceps
3370 1952 3614 2006 formulis
3652 1956 3783 2020 sub-

2224 2043 2437 2112 scripsit
2464 2043 2608 2097 Zelis
2633 2052 2686 2096 et
2713 2042 3013 2113 Lampsaci,
3044 2044 3259 2099 Arianis
3279 2059 3490 2113 semper
3517 2044 3778 2101 infensus.

2223 2142 2419 2187 etcum
2448 2136 2513 2187 iis
2542 2135 2631 2203 qui
2670 2133 2991 2189 Semiariani
3025 2135 3359 2201 dicebantur,
3388 2145 3533 2190 arcte
3552 2137 3781 2205 conjun-

2223 2232 2364 2279 ctus.
2390 2223 2499 2279 Sed
2535 2232 2710 2278 tamen
2750 2225 3119 2294 persecutione
3149 2233 3270 2294 post
3300 2224 3587 2280 concilium
3616 2223 3783 2279 Lam-

2224 2330 2513 2386 psacenunt
2544 2317 2965 2386 ingravescente,
3012 2318 3329 2386 subscripsit
3373 2318 3638 2372 ha-retieaa
3671 2318 3785 2373 for-

2224 2407 2381 2462 mulae
2412 2424 2427 2461 :
2463 2416 2517 2462 et
2541 2423 2660 2461 cum
2685 2421 2749 2462 ea
2779 2423 2865 2461 res
2893 2422 3141 2478 magnum
3178 2409 3293 2478 ejus
3322 2409 3521 2463 nomini
3549 2408 3783 2463 dedecus

2223 2499 2481 2562 inureret,
2516 2496 2741 2553 Romam
2774 2499 2945 2567 petiit,
2971 2500 3058 2554 ubi
3084 2499 3353 2555 Nicaenam
3396 2500 3551 2553 tidem
3575 2501 3784 2569 profes-

2221 2604 2315 2644 sus
2358 2598 2460 2653 est,
2512 2603 2577 2643 ac
2603 2604 2666 2643 ea
2701 2589 3007 2645 conditione
3038 2604 3070 2643 a
3100 2588 3314 2644 Liberio
3348 2605 3481 2659 papa
3515 2594 3781 2661 receptus.

2222 2678 2453 2733 Rediens
2477 2678 2731 2743 libellum,
2756 2680 2847 2750 qui
2869 2682 3113 2735 eamdem
3137 2680 3292 2735 ﬁdem
3322 2680 3657 2746 continebat,
3691 2683 3787 2737 ob-

2224 2768 2343 2823 tulit
2368 2770 2575 2840 synodo
2608 2768 2938 2839 Thyanensi.
2969 2770 3152 2825 Crevit
3191 2772 3514 2825 Arianorum
3543 2773 3782 2841 potentia

2220 2861 2321 2915 sub
2351 2859 2597 2926 Valente,
2646 2876 2711 2915 ac
2752 2871 2951 2917 metum
2997 2862 3173 2916 intulit
3204 2862 3507 2927 Eustathio,
3564 2878 3630 2919 ne
3657 2879 3783 2919 sen-

2223 2952 2385 3005 tentia
2408 2953 2460 3005 in
2490 2945 2611 3007 cuin
2646 2952 2777 3007 olim
2806 2952 2910 3006 lata
2944 2963 3311 3008 renovaretur.
3348 2953 3525 3020 Quare
3548 2956 3781 3011 medium

2220 3055 2278 3095 se
2297 3056 2417 3095 esse
2443 3040 2748 3096 Catholieos
2771 3042 2910 3097 inter
2939 3051 2992 3097 et
3022 3043 3305 3098 haereticos
3327 3044 3513 3109 voluit,
3539 3054 3598 3098 ut
3619 3055 3674 3100 et
3698 3045 3783 3099 fa-

2223 3144 2321 3184 ma:
2352 3145 2461 3184 suae
2488 3130 2811 3196 consuleret,
2862 3146 2961 3186 nec
2992 3131 3223 3185 Arianos
3256 3131 3513 3186 irritaret.
3539 3132 3784 3188 Detraxit

559 3204 680 3299 gius
710 3204 1045 3296 promovebit
1080 3225 1329 3291 Basilius,
1374 3227 1465 3295 qui
1500 3243 1620 3281 cum
1660 3243 1780 3283 eum
1809 3225 2116 3282 Constanti-
2144 3204 2185 3273 (ἶ
2218 3223 2266 3275 ei
2303 3221 2528 3275 Basilius
2565 3222 2707 3275 hunc
2752 3222 2910 3275 medii
2942 3222 3173 3276 hominis
3211 3231 3407 3276 statmn
3443 3232 3498 3277 et
3528 3224 3579 3277 in
3616 3225 3781 3279 verba

560 3317 739 3389 nopoli
777 3316 880 3371 labi
924 3325 977 3370 et
1008 3318 1107 3371 sub
1140 3316 1363 3373 Valente
1394 3317 1556 3371 relabi
1589 3318 1811 3383 videbit,
1855 3320 1974 3372 licia
2004 3318 2117 3385 ejus

561 3409 873 3481 pmnitentia
915 3410 1169 3479 deceptus
1201 3409 1268 3461 ab
1295 3424 1359 3463 eo
1387 3408 1656 3475 diligendo
1700 3418 1755 3463 et
1785 3410 2117 3464 defendendo

560 3514 664 3554 non
691 3498 952 3562 discedet,
977 3513 1075 3553 nec
1102 3499 1150 3553 ei
1178 3499 1605 3553 communionem
1638 3498 1981 3564 renuntiabit,
2016 3499 2113 3553 nisi

561 3606 683 3645 cum
714 3590 864 3644 illius
892 3590 1185 3660 nequitiam
1219 3603 1323 3643 non
1351 3589 1523 3643 solum
1558 3588 1727 3642 oculis
1769 3603 1831 3643 ac
1876 3590 2117 3643 manibus

561 3682 998 3749 comprehendet.
1036 3681 1129 3735 sed
1166 3680 1329 3734 etiam
1354 3679 1699 3734 insanabilem
1733 3692 1851 3733 esse
1880 3678 2117 3733 animad-

562 3782 755 3826 vertet.

634 3859 700 3914 ll.
744 3857 886 3913 Nihil
919 3859 1063 3913 enim
1098 3855 1239 3913 aliud
1263 3857 1363 3911 fuit
1394 3858 1504 3912 vita
1535 3856 1817 3921 Eustathii,
1864 3857 1961 3911 nisi
1993 3872 2116 3928 per-

561 3962 719 4024 petua
769 3950 990 4005 haeresis
1042 3962 1097 4004 et
1146 3950 1423 4005 catholica:
1475 3950 1734 4005 doctrinae
1786 3951 2117 4015 vicissitudo,

561 4054 719 4114 prout
758 4044 1067 4098 alterutrum
1119 4043 1419 4097 ambitiosis
1455 4043 1570 4111 ejus
1604 4042 1844 4097 consiliis
1884 4040 2113 4095 favebat.

562 4137 821 4207 Egressus
846 4134 1195 4197 Alexandria,
1236 4134 1324 4187 ubi
1375 4134 1513 4187 inter
1559 4134 1772 4188 intimos
1806 4132 1920 4187 Arii
1964 4132 2117 4187 disci-

559 4228 711 4297 pulos
748 4226 942 4289 fuerat,
984 4227 1037 4281 in
1080 4227 1285 4282 clerum
1321 4226 1712 4281 Autiocheuum
1756 4236 1981 4280 conatus
2032 4235 2115 4280 est

555 4318 822 4386 obrepere
853 4316 951 4386 (ὁ),
996 4317 1197 4379 oblata,
1239 4325 1296 4369 ιιι
1328 4316 1614 4370 verisimile
1657 4326 1762 4381 est,
1805 4330 1951 4371 sana:
1996 4316 2117 4371 lldei

556 4407 920 4471 confessione,
947 4409 1042 4462 sed
1078 4423 1107 4461 a
1140 4407 1197 4461 S.
1237 4406 1512 4461 Eustathio
1542 4408 1770 4475 rejectus
1805 4418 1889 4462 est
1917 4409 1986 4462 ob
2016 4408 2116 4463 im-

557 4499 831 4569 pietatem.
866 4494 1064 4551 Verum
1098 4500 1166 4552 ab
1208 4498 1421 4552 Arianis
1457 4507 1638 4566 postea
1670 4507 1918 4567 receptus
1942 4499 2117 4554 credi-

560 4600 669 4653 tur,
695 4605 757 4643 ac
795 4588 935 4643 forte
964 4589 1032 4643 ab
1060 4588 1286 4652 Enlalio,
1317 4590 1408 4659 qui
1444 4588 1664 4645 Paulino
1688 4591 1949 4645 successit
1977 4606 2114 4646 anno

555 4682 682 4745 551,
712 4682 763 4733 in
806 4682 947 4734 hunc
987 4680 1188 4734 clerum
1226 4681 1424 4736 ascitus
1459 4689 1560 4735 est.
1590 4680 1783 4737 Pulsus
1827 4681 1927 4737 hac
1960 4681 2113 4747 urbe,

558 4770 646 4824 ubi
690 4770 900 4824 Aetium
946 4769 1142 4823 dicitur
1176 4770 1441 4835 docuisse,
1482 4770 1638 4824 rediit
1677 4771 1727 4823 in
1767 4774 2016 4841 patriam,
2050 4786 2115 4827 ac

560 4859 879 4927 Herntogeni
934 4860 1260 4927 impietatem
1312 4858 1454 4914 illius
1501 4861 1877 4915 condemnanti
1929 4877 2113 4915 sanam

558 4949 680 5001 lidei
727 4946 1119 5001 confessionem
1164 4948 1359 5003 obtulit
1414 4946 1506 5019 (c),
1540 4957 1593 5002 et
1637 4948 1703 5001 ab
1730 4963 1794 5003 eo
1838 4950 2116 5005 ordinatus

558 5049 660 5094 est.
697 5038 772 5093 Eo
797 5048 1006 5093 mortuo
1044 5039 1266 5093 contulit
1302 5054 1360 5096 se
1394 5040 1460 5093 ad
1502 5038 1784 5093 Eusebium
1809 5038 2113 5094 Constanti-

560 5131 946 5199 nopolitannm,
988 5144 1018 5182 a
1054 5144 1161 5199 quo
1190 5130 1373 5201 pulsus
1400 5132 1468 5185 ob
1493 5130 1700 5199 aliquas
1734 5145 1945 5195 causas,
1979 5146 2112 5200 quas

559 5217 787 5273 Basilius
835 5217 1036 5272 referre
1080 5218 1249 5271 noluit
1282 5216 1603 5288 (depositum
1652 5216 1813 5271 fuisse
1841 5218 1914 5269 ait
1942 5216 2110 5270 Sozo—

563 5325 749 5365 menus
774 5325 838 5364 eo
868 5311 1010 5379 quod
1040 5311 1215 5365 minus
1239 5310 1407 5365 lldelis
1432 5310 1485 5364 in
1511 5311 1811 5366 commissis
1833 5310 2109 5379 dispensa-

562 5404 796 5459 tionibus
845 5403 1203 5472 deprehensus
1249 5402 1455 5463 fuisset)
1534 5403 1691 5460 rediit
1738 5404 1791 5459 in
1833 5404 2109 5474 Cappado-

632 5584 709 5653 (a)
748 5584 845 5651 Ep.
866 5581 993 5643 sas.
1029 5599 1081 5653 ut.
1104 5582 1159 5637 δ.

628 5652 705 5721 (In
744 5655 998 5709 Athenas.
1032 5652 1131 5719 Ep.
1162 5654 1229 5705 ad
1255 5652 1394 5707 solit.

634 5728 704 5792 (ι’)
744 5723 838 5792 Ep.
871 5722 995 5784 22‘,
1027 5738 1079 5774 Il.
1104 5722 1156 5773 9.

629 5791 709 5864 id)
748 5791 975 5852 1.ι1›.ιιι.
1002 5808 1049 5844 c.
1087 5792 1282 5857 16,27.

2216 3312 2427 3367 Nicaeus
2450 3314 2635 3379 jurare
2673 3314 2848 3381 coegit
2877 3326 3018 3367 anno
3045 3312 3169 3366 573.
3220 3314 3289 3365 At
3319 3312 3407 3365 ille
3438 3314 3526 3366 ubi
3550 3315 3680 3368 vidit
3712 3331 3779 3370 ex

2215 3417 2278 3457 ea
2310 3418 2367 3456 re
2419 3417 2673 3472 magnum
2720 3401 2933 3471 aliquod
2980 3403 3371 3457 incommodum
3419 3406 3550 3459 oriri
3599 3420 3777 3475 posse,

2216 3504 2430 3544 omnem
2453 3489 2803 3544 acerbitatem
2839 3490 2892 3542 in
2914 3488 3169 3543 Basiliam
3199 3486 3409 3553 ell‘udit,
3452 3498 3509 3542 ut
3545 3490 3781 3559 placaret

2217 3578 2469 3633 Asianos.
2499 3578 2705 3632 Secutae
2732 3587 2858 3632 sunt
2888 3578 3051 3633 varia:
3084 3578 3349 3642 formulae,
3391 3593 3618 3647 quarunt
3649 3580 3783 3634 alte-

2221 3683 2360 3733 ram,
2390 3668 2603 3724 Gelasio
2636 3670 2864 3738 quodam
2897 3679 3261 3739 proponeute,
3285 3672 3336 3723 in
3368 3670 3550 3725 Cilicia
3580 3674 3781 3741 recepit

2218 3761 2403 3816 eodem
2426 3776 2592 3828 anno,
2623 3762 2843 3816 alteram
2881 3762 3059 3832 Cyzici
3100 3761 3310 3817 duobus
3350 3772 3466 3832 post
3487 3764 3661 3819 annis.
3692 3764 3783 3818 ln-

2221 3852 2378 3906 terim
2411 3862 2610 3913 tamen,
2634 3866 2733 3907 nec
2759 3852 2975 3906 Arianis
3004 3853 3254 3907 catholici
3291 3853 3556 3923 dogmatis
3592 3856 3779 3910 defer.-

2218 3955 2329 4007 sor,
2374 3956 2475 3997 nec
2515 3941 2805 3997 Catholicis
2838 3943 3068 3997 Arianus
3112 3943 3283 3999 videri
3335 3944 3564 4011 volebat,
3607 3946 3778 4001 donec

2221 4034 2436 4091 tandem
2464 4048 2607 4087 anno
2628 4033 2734 4088 575
2769 4047 2998 4090 exeunte
3020 4035 3302 4105 perfractis
3328 4037 3578 4092 erunibus
3609 4040 3777 4108 pudo-

2218 4129 2292 4182 ris
2322 4126 2591 4197 repagulis
2611 4141 2732 4182 sese
2759 4143 2878 4183 cum
2902 4127 3117 4183 Arianis
3150 4128 3328 4197 palam
3351 4136 3407 4184 et
3437 4139 3621 4199 aperte
3643 4145 3775 4185 con-

2210 4218 2409 4285 juuxit.

2284 4306 2373 4363 lll.
2410 4307 2556 4364 Talis
2590 4318 2710 4363 erat
2733 4309 3069 4375 Eustathius,
3119 4311 3204 4364 cui
3239 4310 3469 4367 Basilius
3500 4314 3552 4368 in
3601 4315 3772 4369 maxi-

2216 4399 2317 4455 mis
2383 4399 2544 4455 rebus
2613 4400 2912 4454 coulidebat
2955 4402 3047 4469 (Ι).
3105 4402 3257 4471 cujus
3313 4404 3599 4473 discipulos
3650 4407 3772 4460 vita:

2217 4506 2327 4545 stite
2347 4490 2652 4560 praesidium
2674 4504 2794 4544 esse
2826 4492 3056 4545 ducebat
3090 4494 3186 4560 (g).
3220 4490 3324 4546 Sed
3361 4509 3463 4547 non
3495 4494 3592 4548 soli
3624 4494 3773 4551 Basi-

2218 4578 2289 4633 lio
2313 4579 2620 4634 Eustathius
2648 4578 2835 4635 illusit.
2860 4578 3060 4632 Prreter
3089 4582 3219 4635 duos
3257 4581 3621 4639 Caesarienses
3658 4586 3774 4656 epi-

2218 4686 2429 4741 scopos,
2486 4685 2623 4740 quos
2657 4685 2815 4739 supra
2868 4671 3104 4726 diximus
3139 4672 3421 4729 Eustathio
3458 4675 3725 4745 ignovisse
3753 4720 3769 4745 ,

2225 4764 2537 4819 amicissimi
2558 4763 2728 4819 eidem
2749 4771 2907 4817 erant
2924 4764 3352 4832 praestantissimi
3371 4766 3491 4831 viri,
3521 4767 3771 4825 Silvanus

2220 4854 2522 4921 Tarsensis,
2576 4870 2640 4910 ac
2693 4854 2805 4924 ipse
2831 4855 3014 4919 etiam,
3068 4869 3224 4925 quem
3254 4856 3485 4913 Basilius
3520 4860 3772 4917 Ecclesiae

2217 4948 2378 5001 decus
2408 4954 2462 4999 et
2487 4946 2729 5001 columen
2753 4960 2872 5001 esse
2894 4948 3120 5011 sciebat,
3150 4948 3209 5001 S.
3240 4948 3497 5005 Eusebius
3518 4952 3773 5008 Samosa-

2219 5037 2403 5092 tensis.
2428 5034 2591 5089 Multa
2623 5037 2673 5089 in
2704 5035 2894 5092 litteris
2918 5036 3098 5091 Basilii
3136 5050 3348 5095 exstant
3386 5042 3633 5097 amicitiae
3663 5044 3773 5098 Eu-

2217 5129 2348 5182 sebii
2401 5135 2457 5182 et
2503 5126 2767 5181 Eustatltii
2816 5128 3007 5183 indicia
3043 5128 3143 5200 (It).
3187 5130 3236 5186 ls
3286 5142 3591 5187 nascentem
3633 5136 3774 5189 inter

2215 5217 2467 5273 Basilium
2504 5226 2559 5271 et
2591 5217 2926 5273 Eustatltiun.
2971 5220 3294 5275 discordiam
3335 5226 3524 5279 sedare
3547 5238 3770 5281 conatus

2214 5320 2316 5364 est.
2364 5308 2596 5364 Vocatus
2639 5324 2779 5363 anno
2808 5310 2913 5364 572
2936 5312 2989 5365 in
3025 5314 3332 5369 Armeniam
3365 5313 3593 5373 Basilius
3627 5334 3656 5372 a
3708 5318 3768 5372 S.

2218 5401 2427 5456 Meletio
2449 5412 2503 5455 et
2528 5400 2827 5468 Theodoto,
2864 5413 2971 5458 tum
3006 5416 3062 5461 ut
3087 5406 3281 5462 festum
3305 5410 3591 5478 quemdam
3625 5408 3767 5464 diem

2289 5581 2364 5717 pe)
2393 5581 2521 5634 Ibid.

2313 5650 2357 5719 ί)
2395 5650 2490 5716 Ep.
2524 5651 2645 5704 ne.

2292 5724 2364 5786 (g)
2403 5719 2498 5786 Ep.
2532 5722 2651 5774 131.

2292 5790 2367 5859 (Ii)
2400 5787 2492 5844 0r.
2531 5791 2611 5843 l2.
