4006 6438
1599 381 1758 437 ΠΤᾹ
1800 384 1859 438 S.
1909 383 1944 435 Β
1964 379 2166 435 ‘iSlLii.

3409 399 3501 438 ιιι

255 521 378 560 cum
416 507 496 561 eis
544 502 860 566 celebraret.
902 510 1011 556 tum
1058 508 1115 552 ut
1143 498 1208 552 de
1240 499 1517 554 Eustathio
1556 512 1829 573 ageretur,
1862 514 1908 571 Α
1940 506 1992 560 in
2026 501 2233 570 synodo
2285 499 2704 556 Neocazsariensi
2743 497 3262 554 excommunicatum
3289 535 3305 560 ,
3355 506 3408 552 et
3447 498 3498 552 in

255 601 447 652 adesse
473 594 667 661 noluit,
702 606 981 666 propterea
1020 593 1164 659 quod
1193 593 1478 654 Eusebius.
1515 611 1543 648 a
1577 611 1684 664 quo
1715 594 1831 662 plu-

255 691 453 741 rimum
503 689 739 756 priesidii
804 689 869 738 ad
922 685 1184 739 Eustathii
1239 685 1601 741 defensionem
1649 701 1832 753 spera-

253 779 347 831 bat
382 776 481 844 (ri).
518 795 582 833 eo
616 779 799 831 venire
831 791 936 828 non
979 778 1167 843 potuit.
1215 777 1480 831 Habemus
1519 779 1569 832 in
1601 778 1827 847 cpistola

257 865 359 920 105
411 865 775 940 Sephronium
836 867 1100 922 Eustathii
1170 867 1485 934 discipulum
1545 871 1828 924 Samosata

250 959 709 1027 proficiscentem,
758 959 986 1026 visendi,
1039 969 1095 1014 ut
1132 959 1425 1014 verisimile
1457 971 1562 1022 est,
1617 960 1829 1015 Eusebii

251 1065 437 1108 causa.
468 1053 622 1107 llane
652 1053 718 1106 de
748 1052 1032 1107 Eustathio
1061 1051 1333 1107 hominum
1361 1053 1828 1123 przostantissimo-

251 1160 371 1201 rum
429 1145 739 1213 opinionem
785 1146 1160 1200 commovebat
1206 1143 1449 1197 simulata
1507 1158 1610 1196 non
1658 1143 1827 1197 solum

250 1238 572 1290 orthodoxae
611 1236 734 1290 ﬁdei
779 1238 1063 1304 professio.
1107 1233 1196 1287 sed
1229 1236 1386 1288 etiam
1438 1234 1700 1287 acerrima
1737 1237 1830 1288 de-

252 1325 448 1380 fensio.
486 1323 697 1382 Nemini
733 1344 864 1381 sane
911 1328 962 1380 in
994 1328 1095 1379 hoc
1125 1340 1320 1393 genere
1347 1325 1697 1385 concedebat.
1738 1325 1828 1377 ubi

250 1432 309 1471 se
345 1419 626 1474 catholicis
649 1420 933 1473 addicebat
971 1417 1241 1486 partibus;
1278 1435 1340 1472 ac
1380 1417 1608 1469 mirabili
1663 1417 1827 1472 animi

250 1510 448 1564 ardore
485 1512 938 1577 consequebatur,
981 1519 1039 1563 ut
1077 1517 1130 1562 et
1172 1509 1455 1578 prteterita:
1501 1509 1641 1560 illius
1680 1508 1827 1562 labes

252 1599 557 1655 infirmitati
604 1601 970 1654 tribuerentur
1002 1601 1272 1666 humanm,
1309 1613 1404 1653 nec
1440 1613 1678 1668 przcsens
1721 1602 1824 1654 ulla

251 1693 303 1746 in
327 1695 692 1762 suspicionem
717 1694 939 1762 perfidia
969 1693 1195 1747 veniret.

318 1785 470 1848 Quod
524 1785 666 1838 enim
714 1783 1094 1840 subscribendo
1121 1783 1584 1854 Constantinopoli
1634 1801 1823 1854 pecca-

1934 594 2269 650 Antiochena
2323 594 2623 647 convictum
2679 589 2919 664 periurii.
2973 590 3078 644 Sed
3129 592 3242 644 btee
3271 590 3499 643 concilia

1935 686 2092 742 nobis
2121 686 2355 740 tenebrat
2385 694 2528 738 sunt.
2560 686 2735 757 Longe
2765 685 2959 740 clarior
2980 694 3035 740 et
3074 683 3335 736 illustrior
3365 697 3493 751 syn-

1933 779 2070 833 odus
2127 777 2456 847 Gangrensis
2497 775 2550 828 in
2595 777 2980 848 Paphlagonia.
3036 778 3100 832 ad
3165 792 3325 845 quam
3373 789 3496 830 Cum

1933 867 2125 923 delata:
2157 867 2385 922 fuissent
2413 882 2618 938 magnae
2663 868 2729 920 de
2767 869 3032 925 Eustathii
3060 868 3337 938 discipulis
3366 881 3498 936 que-

1934 960 2092 1023 rcl:c,
2130 959 2314 1026 viginti
2346 975 2582 1014 canones
2613 960 2679 1011 ad
2725 960 2836 1012 haec
2870 963 3156 1016 resecando
3195 960 3326 1014 vitia
3366 974 3497 1013 con-

1933 1052 2129 1112 stituti,
2173 1065 2308 1118 quos
2354 1054 2590 1119 synodus
2626 1049 2895 1103 Armenia:
2921 1051 3186 1120 episcopis
3227 1050 3495 1106 inscribit.

1932 1143 2275 1196 Eustatltium
2337 1142 2693 1196 Sebastcnum
2767 1140 2923 1206 hujus
2984 1143 3172 1210 synodi
3231 1143 3496 1197 sententia

1932 1243 2170 1287 notatum
2230 1232 2392 1287 fuisse
2453 1231 2691 1287 referunt
2740 1233 2989 1287 Socrates
3036 1235 3115 1302 (ί)
3165 1232 3496 1290 clSozomc--

1937 1339 2037 1378 nus
2061 1327 2128 1395 (j)
2157 1343 2172 1379 :
2203 1327 2295 1381 sed
2315 1341 2499 1380 eorum
2526 1325 2826 1379 testimooia
2855 1340 3076 1395 prorsus
3116 1328 3362 1392 rejieiunt
3395 1323 3494 1377 Ba-

1932 1419 2118 1471 rouius
2146 1417 2241 1489 (Ιέ),
2264 1419 2501 1487 Dupinus
2533 1427 2587 1473 et
2615 1417 3045 1486 Blondellus(l),
3075 1430 3296 1482 quorum
3316 1417 3495 1488 opinio

1931 1510 2085 1562 valde
2117 1510 2409 1579 probabilis
2432 1511 2642 1563 videtur
2666 1510 3030 1564 Tillemontio.
3067 1507 3174 1562 Sed
3207 1511 3494 1574 quominus

1930 1601 2154 1655 eruditis
2205 1600 2309 1654 illis
2340 1600 2473 1654 viris
2522 1604 2733 1669 penitus
2777 1603 3077 1666 assentiar,
3132 1601 3372 1654 detinent
3408 1617 3493 1654 me

1930 1692 2184 1747 nonnulla
2222 1693 2491 1746 rationum
2521 1702 2814 1746 momenta.

2002 1789 2060 1841 1·
2109 1787 2326 1841 Summa
2363 1795 2446 1840 est
2477 1786 2816 1840 necessitudo
2844 1794 3142 1852 temporum
3173 1797 3223 1837 et
3253 1786 3492 1840 locorum

247 1885 424 1939 verat.
471 1875 522 1930 id
550 1876 921 1931 celeberrimis
950 1888 1136 1930 contra
1164 1875 1484 1942 Eudoxium,
1516 1879 1820 1947 Enippinm,
1856 1858 1896 1911 Β
1928 1891 2049 1931 cum
2099 1878 2379 1932 Eustathio
2430 1878 2750 1931 Sehasteno.
2791 1877 2838 1930 ls
2889 1877 3032 1931 enim
3081 1876 3360 1928 monastici
3412 1878 3492 1926 in-

249 1965 562 2039 Georginm,
591 1980 645 2020 et
667 1967 926 2019 Acacium
959 1967 1153 2021 litteris
1186 1967 1261 2038 (b)
1295 1970 1513 2037 expiare
1543 1969 1690 2020 visus
1718 1977 1818 2031 est,

247 2075 381 2130 quas
411 2064 478 2114 ad
506 2074 695 2115 omnes
726 2057 993 2113 Ecclesias
1024 2060 1188 2114 misit.
1223 2060 1459 2130 Negabat
1489 2073 1580 2112 eos
1608 2059 1817 2126 episco-

245 2168 342 2223 pos
375 2168 495 2207 esse
539 2161 593 2205 et
629 2151 865 2218 Spiritus
911 2153 1084 2207 sancti
1121 2152 1432 2220 participes.
1467 2148 1619 2204 Unde
1657 2151 1820 2204 etiam

246 2245 467 2297 minime
493 2243 656 2296 cessit
685 2243 804 2298 lata:
833 2246 884 2296 in
917 2259 973 2296 se
1003 2242 1283 2294 sententia:
1303 2280 1318 2302 ,
1345 2241 1594 2308 quamvis
1617 2257 1645 2294 a
1672 2243 1823 2308 quin-

246 2336 421 2402 gentis
450 2336 718 2405 episcopis
759 2336 1044 2386 damnatus
1074 2340 1239 2384 esset.
1274 2329 1507 2387 Rediens
1551 2347 1580 2385 e
1617 2331 1821 2385 Darda-

246 2427 354 2492 nia,
381 2442 542 2496 quam
575 2426 627 2479 in
674 2421 944 2490 regionem
983 2420 1250 2491 relegatus
1289 2421 1495 2475 videtur
1526 2420 1714 2486 fuisse,
1745 2420 1822 2473 al-

245 2517 382 2570 taria
411 2513 659 2568 Basilidis
693 2514 889 2568 evertit
928 2522 983 2568 et
1021 2514 1074 2567 in
1113 2513 1346 2582 propriis
1378 2515 1580 2567 mensis
1612 2518 1820 2569 sacrili-

244 2607 386 2660 cavit
419 2603 512 2675 (ι’).
567 2603 884 2673 Segregavit
925 2603 1088 2656 etiam
1120 2617 1149 2654 a
1186 2617 1278 2655 sua
1324 2604 1703 2658 communione
1733 2608 1820 2658 El-

245 2697 446 2765 pidium
495 2696 834 2750 Satalcnsem
892 2693 1228 2763 episcopum,
1281 2709 1345 2751 eo
1402 2696 1544 2763 quod
1593 2697 1641 2750 is
1696 2713 1818 2752 cum

243 2790 487 2844 Amasete
533 2789 786 2858 episcopo
839 2788 1284 2843 communicaret.
1339 2787 1640 2853 Quinetiam
1710 2805 1817 2844 non

248 2882 413 2937 multo
460 2892 751 2950 antequam
801 2896 831 2934 a
863 2879 1048 2934 Basilii
1077 2880 1460 2935 communione
1493 2881 1816 2947 discederet,

243 2975 501 3028 ecclesias
521 2975 765 3027 Amasea:
796 2982 850 3026 et
875 2971 1129 3026 Zelorum
1160 2971 1453 3024 insectatus
1487 2971 1685 3036 fuerat,
1717 2973 1819 3027 ibi-

241 3079 346 3134 que
389 3065 734 3133 presbyteros
774 3073 828 3118 et
868 3064 1128 3117 diaconos
1179 3063 1558 3117 constituerat.
1608 3063 1816 3133 Lapsus

243 3157 341 3212 sub
370 3155 594 3210 Valente.
621 3155 737 3224 (ιι),
775 3155 1016 3210 fraudem
1063 3155 1164 3210 sibi
1214 3153 1411 3209 factam
1455 3155 1508 3209 in
1559 3159 1816 3212 ceucione

242 3247 538 3317 deploravit
557 3288 573 3313 ,
609 3254 771 3316 atque
795 3247 932 3300 hanc
959 3246 1222 3316 purgandi
1247 3248 1410 3302 errati
1439 3243 1707 3303 rationem
1731 3250 1813 3303 in-

240 3341 416 3407 venit,
460 3352 517 3393 ut
547 3341 770 3396 Romam
806 3340 1076 3408 profectus
1111 3339 1236 3393 inde
1275 3340 1492 3393 Patrum
1536 3341 1696 3395 fidem
1729 3356 1816 3394 re-

243 3430 427 3487 ferret.
475 3433 594 3498 Quo
625 3433 792 3499 magis
827 3432 1141 3484 crederetur
1169 3430 1293 3483 huic
1318 3430 1520 3484 homini
1555 3431 1640 3500 (ε)
1667 3472 1682 3494 ,
1719 3433 1816 3485 ad-

236 3523 461 3593 juvabat
491 3532 768 3577 austerum
795 3521 1008 3575 vivendi
1052 3537 1220 3590 genus
1245 3562 1260 3586 ,
1290 3533 1343 3576 et
1381 3523 1546 3576 multa
1595 3538 1815 3594 magna-

241 3632 358 3669 rum
391 3614 686 3669 simulacra
717 3616 998 3668 virtutum.
1025 3613 1254 3668 Tantam
1281 3616 1596 3670 charilatem
1621 3632 1729 3684 prie
1754 3631 1813 3670 se

239 3709 448 3763 ferebat
468 3707 551 3778 (f)
579 3716 635 3760 ut
665 3722 761 3777 pro
785 3708 973 3777 quavis
1000 3707 1180 3761 anima
1215 3707 1474 3762 sollicitus
1500 3708 1808 3773 videretur;

250 3802 328 3871 (ς)
367 3801 728 3856 constantiam
768 3801 819 3855 in
856 3801 960 3853 vita
991 3815 1230 3863 servare,
1277 3810 1330 3853 et
1357 3801 1691 3852 mendaciumn
1728 3801 1811 3854 vel

237 3893 292 3946 in
331 3893 569 3946 minimis
600 3894 759 3946 rebus
789 3900 844 3944 ut
881 3890 1140 3945 horribile
1171 3891 1423 3959 quiddam
1455 3893 1694 3945 aversari
1727 3893 1808 3944 vi-

235 3984 486 4039 debatur.

303 4074 394 4128 iV.
427 4073 739 4129 Eustathius
759 4073 1090 4129 Scbastenus
1111 4075 1252 4130 circa
1283 4074 1410 4130 illud
1442 4084 1670 4142 tempus,
1700 4089 1804 4142 quo

233 4181 292 4221 se
322 4165 556 4220 Basilius
590 4167 655 4218 ad
705 4166 820 4234 ejus
856 4167 1146 4221 amicitiam
1193 4169 1485 4235 applicuit,
1531 4169 1804 4234 depositus

234 4269 316 4314 est
362 4259 418 4313 in
459 4256 692 4312 concilio
718 4256 1067 4311 Melitinensi.
1122 4256 1224 4310 Sed
1261 4259 1372 4312 haec
1400 4259 1687 4326 ignominia
1727 4260 1806 4311 ni-

233 4351 306 4403 hil
352 4360 483 4405 tunc
527 4350 707 4405 nocuit
738 4349 1043 4412 Eustathio,
1092 4351 1182 4418 qui
1234 4351 1600 4418 episcopatum
1648 4367 1802 4406 suum

233 4443 457 4496 retinuit
497 4460 511 4496 :
549 4443 656 4496 imo
691 4441 854 4495 decus
881 4441 928 4496 ei
959 4443 1098 4510 apud
1131 4443 1298 4497 bonos
1328 4443 1532 4496 addidit
1560 4485 1573 4508 ,
1622 4453 1803 4511 utpote

1927 1971 2098 2023 stituti
2135 1985 2324 2024 auctor
2349 1971 2558 2024 exstitit
2583 1970 2722 2038 apud
2756 1968 3039 2023 Armenios
3062 2009 3076 2032 ,
3107 1969 3258 2022 Ponti
3289 1966 3491 2020 ini-etas

1924 2071 1977 2114 et
2016 2044 2403 2130 l’aphlagonas,
2431 2071 2485 2114 ut
2520 2076 2586 2116 ex
2629 2059 2928 2114 Sozomeno
2955 2061 3210 2113 discimus
3237 2060 3352 2130 (nt).
3386 2058 3488 2113 So-

1925 2154 2134 2207 zomeui
2171 2155 2538 2208 testimonium
2571 2153 2854 2208 confirmat
2886 2153 3116 2207 Basilius
3163 2155 3240 2220 (τι)
3263 2193 3278 2215 ,
3311 2153 3398 2219 qui
3431 2166 3489 2204 se

1926 2245 1991 2296 ad
2023 2245 2358 2298 Eustathinm
2382 2288 2397 2311 ,
2455 2256 2511 2299 ut
2548 2246 2874 2315 prtecipuum
2912 2244 2995 2298 his
3043 2244 3094 2296 in
3132 2243 3267 2297 locis
3298 2258 3485 2296 mona—

1924 2334 2073 2388 stij
2108 2336 2230 2388 vitae
2267 2339 2619 2404 magistrum,
2670 2337 2921 2390 contulit.
2970 2335 3085 2390 Non
3132 2334 3288 2404 pauci
3331 2342 3488 2388 erant

1921 2427 2209 2482 Eustathio
2237 2429 2508 2496 discipuli.
2541 2443 2770 2496 quorum
2796 2429 3098 2483 charissimi
3123 2429 3324 2497 quique
3344 2443 3456 2481 sem
3475 2457 3488 2468 -

1921 2539 2016 2592 per
2045 2538 2166 2577 cum
2197 2521 2396 2578 Basilio
2427 2523 2642 2577 fuerunt
2671 2523 2744 2594 (ο)
2773 2543 2784 2577 :
2823 2523 3061 2577 nonnulli
3092 2540 3223 2576 vero
3257 2524 3331 2593 (ρ)
3363 2538 3487 2589 pra-

1923 2616 2003 2668 vis
2032 2617 2143 2669 suis
2178 2615 2420 2671 moribus
2449 2616 2804 2671 monasticum
2854 2617 3154 2669 institutum
3193 2616 3487 2670 dedecora-

1923 2717 2067 2760 runt.
2123 2708 2280 2761 Plura
2315 2711 2680 2776 monasteria,
2722 2712 2836 2764 sive
2880 2711 3057 2777 plures
3096 2709 3482 2772 fraternitates,

1922 2809 1982 2853 ut
2015 2801 2248 2869 appellat
2279 2801 2531 2865 Basilius.
2569 2803 2847 2856 Eustathio
2896 2803 3164 2870 subjectas
3199 2804 3362 2855 fuisse
3397 2803 3483 2853 Vcl

1921 2892 2110 2944 saltem
2156 2892 2364 2960 magnis
2404 2908 2526 2947 cum
2564 2907 2628 2946 eo
2659 2893 3144 2948 necessiuidiuibus
3181 2893 3480 2955 devinctus,

1920 2981 2271 3036 observamus
2309 2984 2374 3037 ad
2423 2983 2580 3052 epist.
2609 2983 2749 3049 225,
2802 2984 2938 3038 ιι.
2997 2985 3153 3038 Stare.
3201 3002 3330 3054 ergo
3370 3000 3476 3038 non

1917 3084 2093 3140 potest
2125 3073 2336 3128 Baronii
2365 3077 2653 3137 sententia,
2686 3077 2775 3143 qui
2799 3091 2864 3128 ne
2890 3077 2940 3128 id
2971 3077 3181 3143 quidem
3209 3077 3485 3142 concedit,

1919 3164 2258 3218 Eustathium
2323 3166 2679 3219 monasticam
2742 3165 2905 3217 vitam
2980 3164 3280 3234 professum
3339 3181 3477 3218 esse.

1917 3252 2120 3306 Praeter
2148 3251 2326 3306 Basdii
2377 3256 2753 3307 auctoritatem
2804 3255 3063 3309 habemus
3091 3254 3367 3323 Epiphauii
3401 3264 3481 3308 te-

1919 3344 2234 3397 Stimonium
2273 3343 2383 3414 (q),
2413 3345 2504 3414 qui
2555 3344 2892 3398 Eustathium
2945 3357 2994 3400 et
3041 3346 3260 3397 Aeriam
3319 3346 3479 3399 simul

1916 3437 2201 3491 asceticam
2248 3437 2413 3490 vitam
2451 3437 2758 3491 exercuisse
2785 3437 2916 3491 dicit
2949 3475 2966 3502 ,
2999 3447 3054 3489 ut
3087 3437 3343 3491 adversus
3377 3437 3482 3490 Ba-

1916 3531 2126 3583 rouinm
2163 3531 2416 3583 observat
2447 3530 2843 3584 Tillemontius.
2877 3530 3030 3596 Quod
3062 3539 3240 3584 autem
3274 3541 3482 3598 spectat

1915 3621 1981 3672 ad
2009 3620 2199 3688 synodi
2235 3619 2566 3686 Gangrensis
2619 3629 2849 3688 tempus,
2882 3637 3076 3690 magna
3115 3631 3200 3676 est
3230 3636 3290 3676 ea
3326 3622 3392 3677 de
3421 3638 3481 3677 re

1913 3713 2308 3767 sententiarum
2340 3714 2579 3767 varietas
2603 3753 2618 3776 ,
2661 3714 2780 3767 a‘liis
2820 3714 2962 3768 circa
2998 3729 3196 3766 annum
3229 3714 3335 3768 3-50
3360 3715 3481 3784 hoc

1913 3802 2199 3858 concilium
2233 3804 2652 3868 collocantibus,
2689 3803 2807 3856 aliis
2838 3813 2954 3873 post
2979 3819 3177 3858 annum
3202 3805 3341 3860 560:
3382 3806 3476 3859 sed

1911 3910 2069 3948 nemo
2115 3894 2243 3949 illud
2281 3897 2348 3950 ab
2391 3906 2550 3950 aetate
2599 3895 2864 3949 Eustathii
2920 3895 3199 3950 Sebastcni
3248 3896 3474 3952 divellit.

1907 3985 2041 4040 Cum
2071 4001 2200 4054 ergo
2227 3987 2465 4056 synodus
2501 3985 2832 4056 Gangrensis
2861 3987 3222 4051 Enstathium,
3255 3987 3340 4043 vel
3369 3990 3478 4044 sal-

1911 4089 2018 4134 tem
2053 4080 2195 4134 illius
2230 4080 2522 4149 discipulos
2556 4081 2822 4135 sententia
2852 4096 2946 4134 sua
2982 4082 3285 4149 notaverit;
3319 4099 3473 4138 cmu-

1909 4183 2014 4239 que
2047 4171 2234 4224 iisdem
2268 4171 2319 4223 in
2365 4171 2500 4225 locis
2546 4171 2843 4238 eodemque
2893 4182 3133 4241 tempore
3162 4173 3474 4227 Eustathius

1911 4258 2241 4314 Sebastcnns
2270 4261 2557 4314 monastici
2588 4261 2814 4315 instituti
2847 4262 2948 4316 dux
2984 4273 3039 4316 et
3072 4273 3260 4316 auctor
3288 4262 3470 4328 fuerit,

1907 4367 2005 4406 cur
2042 4353 2180 4405 alius
2209 4362 2483 4420 quaeratur
2515 4353 2868 4408 Eustathius?

1979 4445 2039 4497 2ο
2093 4443 2206 4498 Non
2235 4459 2423 4511 magna
2449 4457 2564 4498 erat
2591 4443 2731 4500 inter
2753 4444 3018 4498 Eustatbii
3044 4444 3329 4510 discipulos
3351 4461 3473 4500 sen-

229 4536 296 4590 ab
333 4536 598 4604 improbis
630 4535 848 4589 Arianis
903 4535 1101 4589 inusta.
1147 4535 1242 4590 llis
1290 4536 1432 4588 enim
1477 4537 1610 4591 adeo
1653 4538 1800 4591 cordi
1833 4542 1880 4600 ι)
1911 4536 2198 4589 tentiarum
2244 4537 2570 4589 consensio:
2607 4536 2745 4589 unde
2791 4534 3058 4589 nonnullis
3100 4536 3342 4604 quaedam
3386 4546 3471 4588 at-

231 4627 330 4681 fuit
365 4630 481 4682 haec
533 4629 802 4697 synodus,
862 4639 920 4681 ut
969 4631 1215 4697 quamvis
1251 4628 1563 4682 Eustathius
1611 4644 1796 4682 eorum

229 4719 477 4774 formulae
507 4733 647 4773 anno
675 4720 779 4774 560
813 4723 1225 4790 subscripsisset
1254 4721 1347 4789 (Ii)
1373 4761 1388 4784 ,
1442 4735 1563 4774 eum
1615 4729 1792 4774 tamen

226 4815 540 4884 episcopatu
581 4814 794 4880 penitus
833 4813 1155 4881 deiecerint,
1198 4823 1478 4880 prepterea
1518 4810 1657 4880 quod
1701 4826 1796 4862 an-

227 4915 314 4960 tea
344 4907 398 4958 in
424 4905 653 4960 concilio
689 4904 1008 4960 Melitinensi
1042 4906 1318 4974 depositus
1354 4905 1548 4958 fuerat.
1601 4903 1797 4956 Narrat

225 4997 485 5052 Socrates
511 5014 630 5051 eum
659 4999 726 5051 ab
751 4997 956 5051 Eulalia
983 5009 1154 5065 patre,
1183 4996 1791 5065 episcomemsariensi,

225 5091 540 5145 damnatum
571 5108 585 5143 :
615 5091 666 5144 id
692 5091 980 5146 conﬁrmat
1005 5089 1358 5154 Sozomenus,
1391 5091 1644 5160 additque
1673 5103 1793 5142 eum

294 5267 371 5337 (α)
414 5267 511 5332 Ep.
540 5267 628 5327 98.
671 5283 722 5319 ιι.
756 5268 805 5318 l.

295 5334 370 5405 (υ)
405 5337 503 5404 Ep.
527 5337 653 5390 2H.
689 5357 740 5390 ll.
768 5345 832 5396 b;
895 5336 1021 5394 251,
1055 5351 1106 5386 ιι.
1135 5334 1188 5386 2.

297 5409 368 5477 (c)
404 5409 499 5474 Ep.
523 5406 670 5477 236,
701 5425 754 5461 ιι.
787 5409 853 5469 ‘2;
908 5408 1034 5467 251,
1071 5425 1120 5457 ιι.
1156 5405 1204 5458 5.

295 5475 374 5548 οη
410 5475 826 5548 Ενιὲἑξνη-ῧο

295 5546 379 5617 (e)
406 5547 501 5614 Ep.
526 5546 652 5608 215,
691 5564 743 5598 ιι.
775 5546 828 5596 '2.

291 5619 369 5687 tn
405 5617 481 5685 Er
533 5617 620 5687 79-

317 5685 801 5754 q)Ep.99.n.5.

317 5695 368 5754 q)
404 5695 501 5754 b'p.
535 5695 626 5746 99.
664 5703 716 5738 ιι.
750 5695 801 5738 δ.

289 5695 368 5828 ξΙι)
408 5757 502 5828 βυ.
536 5755 662 5816 265.
702 5773 753 5828 tr.

287 5825 330 5900 (ἱ
356 5827 376 5895 )
407 5825 524 5882 Lib.
558 5841 620 5887 ιι.
654 5840 698 5876 c.
726 5826 808 5877 46.

507 5943 767 6001 Pyram.
800 5939 914 6000 Gn.
948 5937 1183 5998 XXIX.

1912 4628 2101 4680 tribuit
2135 4630 2392 4696 synodus,
2427 4643 2546 4694 qua:
2571 4629 2621 4680 iu
2657 4627 2787 4680 alios
2811 4642 2915 4681 non
2950 4627 3176 4681 confert.
3207 4629 3296 4680 Ait
3327 4630 3467 4682 enim

1906 4735 2008 4771 non
2050 4734 2372 4771 communem
2397 4736 2505 4772 esse
2528 4721 2756 4771 ontnium
2787 4721 3091 4773 sententiam
3116 4760 3130 4783 ,
3160 4722 3248 4773 sed
3277 4738 3465 4773 unum-

1899 4825 2148 4878 quemque
2176 4811 2314 4878 quod
2335 4811 2432 4862 sibi
2457 4810 2708 4877 placuerit
2731 4813 2786 4863 id
2807 4812 3097 4874 asciscere;
3128 4814 3262 4864 unde
3291 4821 3341 4864 ct
3364 4811 3469 4864 Ec-

1898 4897 2069 4955 c1esiw
2101 4903 2354 4967 rituperia
2382 4912 2426 4954 et
2451 4903 2675 4970 sibiipsis
2707 4905 2955 4956 damnum
2980 4903 3261 4956 conciliant
3287 4920 3306 4956 :
3327 4902 3468 4956 Οὔτε

1903 4992 2010 5063 γὰρ
2038 4993 2187 5061 κοινὴ
2217 4991 2407 5062 γνώμη
2438 4992 2615 5044 αὐτῶν
2645 4994 2897 5045 ἁπάντων
2929 4992 3159 5059 ἐγένετο,
3190 4993 3305 5045 ἀλλ’
3339 4993 3468 5044 ἕκα-

1905 5102 2058 5147 στος’
2104 5085 2240 5152 ὅπερ
2290 5083 2355 5136 ἂν
2401 5065 2741 5154 ἐνεθυμήθῆν
2797 5083 2950 5135 τοῦτο
2997 5083 3333 5153 προσέθηκεν
3376 5086 3462 5136 ἐπὶ

1973 5261 2052 5330 (ἢ
2094 5259 2520 5330 Lnnin,c.tt.

1970 5327 2042 5401 (It)
2095 5330 2172 5401 l_\d
2206 5346 2330 5381 ann.
2353 5327 2481 5381 564.

1968 5398 2055 5465 (ι)
2094 5399 2165 5450 De
2190 5401 2436 5464 primatu,
2475 5398 2678 5464 p.458.

1964 5472 2061 5542 (mi
2094 5469 2332 5542 totum.
2365 5482 2415 5521 c.
2448 5468 2529 5542 ῌ.

1961 5537 2064 5614 (12))
2094 5538 2432 5614 Ep._9.23,__n.
2462 5538 2515 5591 3.

1965 5608 2040 5678 (ο)
2094 5609 2226 5661 lbitl.
2263 5625 2314 5661 ll.
2342 5608 2398 5660 5.

1967 5681 2041 5749 (ρ)
2095 5679 2187 5749 Ep.
2221 5678 2341 5730 H9.

1955 5747 2031 5821 (q)
2091 5747 2292 5803 lltcres.
2318 5762 2469 5803 Lxxv.
