4006 6444
519 408 628 447 XXII

1863 389 2396 445 PROLEGOMENA.

517 511 733 581 διαϐολῇ
762 511 860 580 τῆς
903 509 1255 578 Ἐκκλησίας,
1305 508 1393 560 καί
1427 506 1619 558 ἑαυτοῦ
1659 506 1848 576 βλάϐῃ.
1899 510 1948 562 Ι‹Ι
1993 527 2073 563 au-

2194 526 2294 562 non
2327 526 2410 562 eos
2456 509 2712 562 abstinere
2755 511 2881 562 dicit
2922 511 3247 579 Epiphanius
3283 531 3301 567 :
3338 512 3600 569 Philaster
3639 532 3760 570 vero

520 617 625 658 tem
653 604 910 673 praeclare
954 602 1202 671 congruit
1233 616 1352 655 cum
1388 599 1647 653 Iittslalhii
1681 597 1963 656 Sebasteni
2004 605 2082 657 in-

518 697 742 760 stitutis,
778 695 868 765 qui
898 737 912 761 ,
954 705 1011 748 ut
1042 693 1176 746 infra
1212 692 1530 755 videbimus,
1569 710 1675 749 non
1713 694 1956 748 coenobia
1994 695 2081 747 ubi

516 805 704 844 omnes
740 789 899 843 unius
935 788 1200 857 praepositi
1241 795 1403 839 nutus
1438 786 1748 850 intuentur,
1793 787 1884 839 sed
1923 789 2078 842 aliam

515 881 749 946 speciem
783 879 1029 933 asceticce
1065 879 1216 941 vitae,
1271 878 1357 931 ubi
1405 875 1579 944 major
1625 876 1790 931 multo
1835 877 2077 938 libertas,

517 973 767 1026 instituit.

585 1066 641 1116 5-
687 1064 742 1115 In
769 1061 1028 1116 Eustalhii
1072 1056 1345 1126 discipulis
1384 1060 1498 1114 htec
1549 1057 1892 1127 reprehendit
1945 1073 2078 1127 syn-

516 1159 670 1220 odus,
703 1156 842 1224 quod
879 1153 1092 1221 nuptias
1117 1152 1504 1219 vituperarent,
1537 1151 1678 1204 viros
1716 1153 1781 1207 ab
1799 1151 2075 1213 uxoribus,

514 1263 712 1302 uxores
743 1263 770 1300 a
804 1244 937 1297 viris
975 1243 1376 1303 abstrahercnt,
1408 1243 1548 1295 unde
1577 1242 1840 1297 adulteria
1870 1259 1897 1295 a
1939 1255 2076 1294 tton-

514 1341 675 1396 nullis
720 1338 1006 1392 commissa
1044 1355 1055 1389 :
1102 1337 1240 1403 quod
1282 1333 1370 1386 Dei
1433 1333 1620 1387 domos
1672 1341 2078 1388 contemnerent

515 1442 570 1486 et
597 1433 838 1500 privatos
870 1436 1168 1482 conventus
1191 1424 1478 1486 haberent,
1499 1424 1796 1478 oblationes
1828 1423 1880 1476 in
1913 1423 2077 1478 eccle-

512 1525 605 1576 siis
641 1522 752 1575 ﬁeri
794 1521 984 1575 solitas
1019 1519 1119 1572 sibi
1161 1527 1214 1571 et
1242 1517 1374 1580 suis,
1421 1525 1478 1569 ttt
1503 1515 1862 1570 sanctioribus
1895 1515 2073 1570 vindi-

511 1623 707 1666 carent
741 1630 754 1666 :
787 1611 927 1680 quod
957 1610 1230 1663 insolitum
1263 1607 1569 1661 vestimenti
1601 1620 1768 1674 genus
1783 1615 2072 1675 gestarent,

511 1703 766 1756 mulieres
798 1701 936 1753 virili
972 1709 1118 1755 veste
1149 1700 1462 1764 induerent,
1503 1698 1736 1765 virgines
1767 1699 2073 1762 tonderent,

508 1806 693 1846 servos
735 1807 765 1845 a
805 1791 1039 1846 dominis
1061 1789 1400 1843 «abducerent
1434 1803 1448 1839 :
1485 1787 1624 1853 quod
1675 1786 1761 1839 die
1795 1785 2073 1840 Dominico

2191 611 2237 651 ct
2268 603 2402 652 hanc
2420 601 2492 652 eis
2529 602 2707 654 tribuit
2739 601 3124 657 abstinentiam.

2262 736 2392 789 Cum
2418 752 2545 805 ergo
2583 738 2712 792 nihil
2737 736 2847 792 fere
2881 740 2932 792 in
2964 740 3228 794 Eustathii
3259 741 3533 810 discipulis
3565 760 3757 817 repre-

2190 827 2386 881 hendat
2426 831 2661 898 synodus
2689 830 3018 897 Gangrensis
3046 874 3059 898 ,
3100 835 3240 901 quod
3295 848 3398 888 non
3445 838 3645 901 pariter
3696 839 3754 893 iu

2188 917 2348 970 Aerio
2399 917 2662 973 Eusutthii
2719 918 2998 973 Sebasteni
3067 921 3325 988 discipulo
3375 922 3755 990 reprehensum

2189 1004 2384 1071 fuerit,
2426 1006 2638 1061 diﬂicile
2668 1019 2749 1064 est
2783 1009 3093 1064 existimare
3117 1011 3462 1085 Eustathium
3486 1049 3502 1077 ,
3550 1013 3615 1065 de
3645 1031 3755 1083 quo

2188 1098 2427 1163 synodus
2465 1097 2718 1166 loquitur,
2755 1113 2859 1152 nou
2909 1096 3071 1151 fuisse
3100 1100 3244 1152 Aerii
3277 1104 3612 1171 magistrum.
3659 1103 3755 1156 At-

2185 1200 2290 1254 que
2319 1188 2443 1242 hinc
2468 1191 2629 1243 etiam
2661 1201 2810 1257 patet
2841 1191 3108 1243 immerito
3134 1190 3524 1248 Tillemoutium
3564 1191 3756 1248 existi-

2187 1294 2333 1331 mare
2380 1281 2515 1335 hanc
2549 1290 2748 1336 sectam
2786 1283 2895 1338 cito
2923 1284 3243 1337 exstinctam
3285 1283 3478 1351 fuisse,
3531 1301 3628 1340 nec
3665 1283 3751 1338 ul-

2185 1367 2289 1420 lant
2324 1370 2388 1422 de
2433 1370 2520 1422 illa
2556 1381 2674 1440 post
2717 1375 2978 1441 synodum
3004 1372 3368 1441 Gangrensem
3418 1377 3468 1429 in
3513 1376 3753 1431 historia:

2185 1463 2546 1516 monumentis
2587 1464 2907 1518 mentionem
2959 1479 3259 1518 occurrere.
3307 1466 3420 1521 Etsi
3467 1469 3609 1521 enim
3651 1467 3753 1520 sub

2189 1552 2455 1608 Eustathii
2494 1557 2708 1611 nomine
2754 1559 2964 1624 cognita
3004 1573 3105 1610 non
3148 1557 3248 1609 fuit
3281 1558 3607 1626 Epiphanio,
3634 1558 3751 1613 Au-

2184 1644 2397 1712 gustino
2432 1655 2485 1697 et
2512 1645 2799 1700 Philastrio
2823 1685 2837 1708 ,
2870 1659 3017 1702 certe
3053 1649 3117 1700 ab
3147 1647 3262 1712 ejus
3301 1650 3564 1718 discipulo
3587 1650 3752 1705 Aerio

2185 1733 2382 1785 famam
2414 1733 2647 1804 aliquam
2679 1745 2730 1789 et
2764 1749 2954 1789 nomen
2998 1735 3218 1802 accepit.

502 1885 832 1954 jejunarent,
879 1893 933 1935 et
973 1881 1175 1948 jejunia
1225 1881 1275 1932 in
1310 1878 1553 1933 ecclesiis
1591 1877 1904 1946 prtescripta
1937 1891 2066 1932 con-
2104 1877 2145 1931 Β
2245 1870 2511 1926 Eustathii
2545 1871 2823 1927 Sebasteni
2871 1870 3159 1939 discipulos
3204 1872 3286 1926 his
3336 1873 3631 1926 canonibus
3671 1871 3751 1925 lo-

513 1984 811 2029 tcmnerent
856 1987 871 2027 :
910 1973 1050 2042 quod
1101 1971 1341 2025 nonnulli
1381 1984 1568 2026 eorum
1609 1969 1852 2023 carnium
1893 1986 2068 2038 usum,

508 2077 562 2119 ut
596 2066 965 2136 illegitimum,
1021 2073 1434 2128 aversarentur,
1474 2079 1528 2122 et
1575 2070 1629 2122 in
1665 2070 1913 2124 domibus
1943 2083 2069 2122 eon-

500 2160 810 2227 jngatorum
837 2174 904 2212 ne
942 2172 1128 2226 preces
1154 2157 1367 2225 quidem
1400 2157 1512 2212 ﬁeri
1547 2160 1744 2215 debere
1773 2160 2068 2214 contende-

506 2261 624 2302 rent
649 2271 661 2303 :
690 2254 754 2304 de
807 2249 1087 2303 sacriﬁciis
1129 2255 1303 2300 autem
1338 2247 1408 2301 ibi
1451 2265 1593 2319 saepe
1623 2251 1815 2305 oblatis
1852 2260 2070 2322 tangere

507 2345 743 2396 nollent:
773 2342 1137 2412 presbyteros,
1194 2343 1282 2410 qui
1327 2358 1520 2398 uxores
1555 2344 1784 2409 duxere,
1827 2357 2072 2400 contem-

506 2446 713 2497 nerent,
765 2451 863 2490 nec
885 2450 1072 2490 eorum
1097 2437 1342 2491 sacriﬁcii
1368 2439 1650 2504 participes
1685 2453 1802 2494 esse
1841 2438 2067 2493 vellent:

504 2538 799 2598 martyrum
849 2529 1097 2582 basilicas
1140 2539 1193 2583 et
1239 2544 1358 2596 qua:
1400 2529 1507 2582 illic
1538 2533 1706 2593 liunt,
1749 2531 2071 2584 condemna-

505 2633 657 2685 rent,
691 2622 918 2688 denique
964 2620 1218 2674 divitibus
1265 2636 1370 2674 non
1402 2621 1579 2674 omnia
1611 2635 1703 2673 sua
1738 2621 2071 2688 projicienti-

504 2713 602 2765 bus
638 2706 785 2778 spem
826 2711 965 2780 apud
1000 2711 1166 2766 Deum
1219 2713 1632 2780 praecluderent.
1682 2712 1791 2767 Cur
1837 2713 1950 2766 haec
2005 2713 2072 2767 ad

511 2806 774 2860 Eustathii
807 2804 1088 2860 Sebasteni
1123 2807 1417 2876 discipulos
1452 2805 1773 2871 referamus,
1810 2820 1915 2860 non
1953 2805 2070 2860 leve

501 2907 876 2966 argumentum
910 2900 1244 2966 suppeditat
1298 2899 1492 2953 Acrius
1552 2900 1603 2952 in
1661 2903 1762 2952 hoc
1820 2898 2072 2953 sodalitio

501 2991 657 3059 longe
716 2989 1129 3054 celeberrimus,
1187 2991 1266 3042 cui
1319 2989 1483 3043 multa
1537 2991 1850 3044 tribuuntur
1898 2989 2072 3043 simil-

506 3085 630 3136 lima
675 3084 738 3137 iis
788 3099 906 3152 qua:
959 3083 1190 3151 synodus
1231 3081 1559 3152 Gangrensis
1601 3081 1973 3152 reprehendit.
2026 3079 2072 3135 Is

502 3176 667 3235 enim,
695 3184 829 3226 teste
853 3173 1147 3242 Epiphanio
1176 3175 1275 3241 (α),
1296 3189 1541 3243 magnam
1564 3173 1842 3228 hominum
1870 3171 2072 3226 utrius-

2179 1980 2298 2019 cum
2326 1965 2537 2020 dedisse
2568 1964 2691 2017 hinc
2722 1965 2886 2018 etiam
2920 1963 3242 2018 conﬁrmare
3267 1978 3570 2034 possumus,
3606 1966 3749 2034 quod

2179 2057 2292 2125 ipsa
2341 2057 2576 2128 synodus
2615 2056 2747 2109 nihil
2794 2058 2858 2109 de
2884 2055 3166 2108 Eustathio
3192 2100 3204 2118 ,
3243 2067 3299 2110 ut
3339 2056 3462 2108 ntali
3507 2068 3746 2118 auctore,

2178 2149 2421 2217 asperius
2448 2155 2669 2202 statuat.
2706 2146 2797 2200 Sic
2825 2147 2966 2200 enim
2995 2146 3179 2214 incipit
3212 2147 3450 2216 synodus
3480 2164 3491 2199 :
3531 2145 3748 2215 Ἐπειδὴ

2180 2240 2505 2293 συνελθοῦσα
2555 2244 2587 2310 ἡ
2641 2240 2914 2309 ἁγιωτάτη
2963 2238 3176 2300 σύνοδος
3210 2239 3316 2289 τῶν
3353 2239 3658 2290 ἐπισκόπων
3691 2241 3750 2289 ὲν

2177 2331 2241 2398 τῇ
2276 2327 2415 2380 κατὰ
2446 2328 2698 2399 Γάγγραν
2726 2329 2988 2398 ἐκκλησίᾳ
3013 2368 3026 2392 ,
3061 2328 3148 2380 διὰ
3193 2344 3340 2390 τινας
3372 2329 3749 2396 ἐκκλησιαστι-

2179 2420 2280 2483 κὰς
2324 2419 2550 2490 χρείας,
2600 2420 2941 2490 ζητουμένων
2991 2421 3085 2474 καὶ
3130 2420 3236 2474 τῶν
3281 2421 3398 2471 κατ’
3431 2419 3747 2482 Εὑστάοιον,

2177 2512 2400 2583 εὕρισκε
2448 2511 2614 2563 πολλὰ
2683 2512 2934 2582 ἀθέσμως
2983 2513 3239 2583 γινόμενα
3285 2512 3385 2564 ὑπὸ
3419 2510 3617 2564 τούτων
3651 2509 3751 2562 αὒ-

2176 2605 2286 2657 τῶν
2329 2605 2437 2656 τῶν
2477 2605 2605 2674 περὶ
2643 2604 2969 2656 Εὐστάθιον·
3021 2606 3329 2671 ἀναγκαίως
3379 2605 3607 2677 ὥρισεν,
3657 2601 3751 2656 καὶ

2179 2699 2311 2750 πᾶσι
2366 2697 2595 2766 φανερὸν
2654 2696 2875 2764 ποιῆσαι
2925 2696 3284 2760 ἐσπούδασεν,
3340 2698 3418 2759 εἰς
3472 2696 3749 2766 ἀναίρεσιν

2180 2790 2285 2844 τῶν
2325 2791 2414 2842 ὑπ’
2457 2789 2618 2841 αὐτοῦ
2660 2787 2844 2850 κακῶς
2887 2787 3206 2858 γινομένων.
3255 2787 3516 2852 Quoniam
3563 2800 3747 2837 conve-

2180 2886 2330 2938 niens
2380 2885 2709 2937 sanctissima
2756 2883 2981 2952 synodus
3033 2884 3386 2951 episcoporum
3431 2882 3483 2931 in
3530 2876 3748 2930 ecclesia

2181 2975 2474 3045 Gangrensi
2527 2986 2732 3044 propter
2770 2975 3148 3028 ecclesiasticas
3191 2973 3445 3041 quasdam
3484 2979 3531 3022 et
3573 2986 3748 3022 neces—

2179 3069 2350 3117 sarias
2387 3080 2611 3128 causas,
2654 3081 2770 3116 cum
2815 3073 2862 3115 et
2913 3064 2974 3114 de
3012 3063 3076 3113 iis
3130 3078 3244 3129 qua:
3293 3061 3359 3112 ad
3409 3058 3748 3112 Eustathium

2179 3161 2447 3222 spectant,
2476 3167 2826 3222 qurereretur,
2860 3153 3023 3205 multa
3063 3155 3253 3220 reperit
3289 3154 3489 3223 nefarie
3516 3156 3578 3207 ab
3619 3157 3747 3223 ipsis

502 3277 605 3327 que
641 3276 801 3314 sexus
835 3264 1234 3316 multitudinem
1270 3265 1568 3327 abstraxit,
1603 3264 1922 3333 quibuscum
1958 3264 2070 3333 pri-

2181 3248 2284 3301 illis
2316 3246 2583 3301 Eustathii
2606 3246 2876 3312 discipulis
2899 3245 3050 3312 ﬁeri;
3080 3248 3368 3301 necessario
3390 3265 3451 3300 ea
3474 3248 3536 3299 de
3565 3263 3618 3298 re
3639 3257 3749 3299 sta-

505 3362 661 3403 vatos
691 3361 984 3404 conventus
1031 3350 1279 3402 habebat.
1332 3350 1551 3403 Pascha:
1590 3353 1956 3406 celebritatem
1993 3352 2071 3406 ri-

505 3443 704 3507 debat,
733 3442 1011 3511 jejunabat
1037 3443 1123 3496 die
1161 3442 1438 3496 Dominica
1463 3481 1479 3507 ,
1507 3442 1701 3511 quibus
1735 3454 1916 3495 autem
1962 3444 2075 3497 die-

503 3537 603 3587 bus
628 3534 828 3605 jejunia
873 3534 1180 3588 indicuntur
1222 3535 1288 3589 ab
1316 3534 1550 3589 Ecclesia
1580 3574 1595 3598 ,
1623 3532 1958 3588 vescebatur.
2005 3533 2072 3585 ll-

501 3623 605 3677 lius
633 3635 931 3678 sectatores
955 3625 1077 3677 vino
1094 3634 1148 3677 et
1168 3626 1422 3679 carnibus
1450 3624 1798 3694 indulgebant
1822 3624 2071 3690 diluculo,

505 3724 630 3766 tum.
654 3729 773 3766 cum
811 3713 990 3766 ﬁdeles
1033 3711 1230 3779 jejuuia
1273 3716 1545 3780 paschalia
1575 3717 1931 3771 celebrarent.
1968 3715 2074 3770 lm-

505 3806 838 3859 moderatum
888 3803 1214 3873 paupertatis
1245 3803 1478 3857 studium
1506 3844 1520 3868 ,
1559 3807 1696 3872 quod
1735 3807 2076 3874 reprehendit

506 3896 762 3967 synodus,
789 3897 920 3951 satis
947 3896 1150 3951 redolet
1180 3897 1448 3964 ingenium
1473 3896 1616 3949 Aerii
1646 3936 1661 3959 ,
1691 3895 1782 3963 qui
1809 3910 1932 3949 cum
1962 3911 2076 3949 ma-

502 3989 732 4059 gistrum
759 4003 911 4040 suum
941 3985 1280 4042 Eustathium
1322 3981 1528 4041 videret
1563 3984 1964 4041 ecclesiasticos
1989 3998 2075 4038 re-

505 4079 650 4131 ditus
685 4079 735 4129 iu
767 4077 1015 4131 manibus
1065 4077 1389 4142 habentem,
1437 4078 1559 4133 inde
1603 4094 1787 4132 ansam
1832 4078 2077 4148 capiebat

503 4172 568 4223 de
596 4183 658 4221 eo
687 4167 1040 4230 detrahendi,
1085 4183 1149 4221 ac
1206 4169 1458 4221 omnibus
1510 4169 1788 4222 dictitandi
1823 4185 1927 4223 non
1956 4185 2075 4224 eum

501 4275 622 4315 esse
652 4260 741 4330 qui
777 4260 1039 4313 hactenus
1074 4259 1278 4321 fuerat,
1325 4258 1415 4313 sed
1449 4259 1514 4312 ad
1556 4274 1668 4313 rem
1700 4270 1960 4314 attentum
1982 4301 1999 4327 ,
2026 4271 2080 4315 et

503 4351 839 4404 cumulandis
883 4349 1071 4415 opibus
1117 4359 1284 4403 totum
1340 4351 1668 4404 incumbere.
1710 4350 1955 4406 Libertas
1997 4353 2077 4406 vi-

505 4443 656 4495 vendi
686 4443 749 4495 ad
776 4441 1055 4494 arbitrium
1079 4450 1132 4494 et
1156 4441 1441 4503 sentiendi,
1475 4442 1702 4510 quamin
1729 4452 1872 4496 secta
1895 4458 1922 4495 a
1951 4459 2077 4511 syn-

501 4534 603 4583 odo
649 4531 900 4584 damnata
948 4530 1443 4595 animadvertimus,
1497 4546 1601 4584 non
1638 4532 1876 4586 aberata
1914 4546 2075 4601 grege

2183 3341 2300 3406 tuit,
2340 3357 2400 3393 ac
2431 3349 2554 3392 nota
2585 3338 2822 3392 omnibus
2865 3337 3036 3407 facere
3080 3340 3334 3401 decrevit,
3370 3354 3485 3406 qua:
3523 3336 3656 3389 male
3680 3338 3748 3389 ab

2181 3447 2239 3484 eo
2265 3431 2422 3498 fiunt.
2465 3429 2775 3499 Legentlum
2805 3444 2924 3483 esse
2963 3428 3056 3482 ὑπ’
3078 3429 3286 3490 αὐτῶν,
3321 3439 3372 3481 et
3407 3428 3746 3493 vertendum,

2180 3537 2296 3588 qua:
2329 3521 2464 3575 male
2502 3522 2563 3574 ab
2595 3521 2700 3574 illis
2739 3521 2895 3587 ﬁunt,
2937 3521 3258 3590 perspicitur
3290 3535 3356 3573 ex
3385 3520 3467 3573 his
3501 3533 3618 3588 qua}
3659 3533 3748 3572 se-

2181 3619 2438 3680 quuntur,
2476 3614 2569 3664 xat
2608 3614 2714 3681 γὰρ
2744 3616 2807 3666 ὲκ
2831 3612 2922 3666 τοῦ
2960 3612 3412 3683 καταμέμφεσθαι
3439 3612 3634 3675 αὐτοὺς
3657 3610 3749 3665 τὸν

2182 3706 2357 3774 γάμον
2382 3721 2394 3732 ·
2431 3720 2552 3758 nam
2579 3720 2642 3757 ea:
2678 3722 2733 3758 eo
2767 3707 2904 3771 quod
2939 3707 3146 3772 nuptias
3184 3708 3494 3773 vituperent,
3529 3714 3630 3760 etc.
3657 3703 3749 3756 Ni-

2184 3801 2258 3854 hil
2289 3814 2420 3855 sane
2458 3800 2512 3854 in
2551 3799 2656 3853 hac
2679 3800 2867 3869 synodi
2901 3797 3215 3866 prtefatione
3243 3799 3512 3867 reperias,
3543 3813 3610 3851 ex
3641 3812 3749 3866 quo

2185 3901 2497 3944 accusatum
2531 3891 2697 3945 fuisse
2727 3887 3063 3943 Eustathium
3095 3897 3296 3957 pateat.
3331 3886 3541 3956 Ubique
3579 3888 3630 3940 in
3667 3887 3750 3940 di-

2183 3981 2421 4048 scipulos
2459 3981 2685 4034 crimina
2714 3979 3052 4047 rejiciuntur,
3090 3978 3234 4032 nulla
3258 3979 3356 4047 ipsi
3387 3979 3566 4032 inusta
3595 3978 3744 4047 igno-

2181 4072 2367 4137 minia,
2405 4073 2650 4138 quamvis
2693 4072 2925 4124 maxima
2974 4069 3114 4123 inuri
3152 4071 3419 4136 debuerit,
3448 4071 3492 4125 si
3551 4069 3748 4124 facino-

2183 4179 2300 4219 rum
2350 4173 2537 4216 auctor
2579 4163 2918 4215 existimatus
2969 4161 3175 4214 fuisset.
3224 4163 3398 4230 Atque
3449 4163 3500 4215 id
3531 4163 3748 4230 quidem

2185 4253 2409 4308 miriﬁce
2439 4253 2689 4308 convenit
2735 4250 3018 4306 Eustathio
3053 4251 3381 4316 Sebasteno,
3423 4269 3578 4322 quem
3609 4266 3745 4306 non-

2185 4345 2337 4409 nulli,
2375 4353 2509 4398 teste
2540 4344 2840 4398 Sozomeno
2863 4341 2956 4412 (c),
2996 4341 3074 4396 sic
3100 4341 3495 4409 defendebant,
3539 4351 3598 4397 ut
3634 4342 3748 4397 cul-

2185 4451 2307 4503 pam
2335 4450 2548 4488 omnem
2585 4435 2635 4488 in
2674 4435 2790 4502 ejus
2823 4433 3114 4503 discipulos
3153 4432 3499 4500 conferrent,
3539 4449 3637 4490 nec
3666 4433 3750 4487 ul-

2193 4526 2296 4576 lam
2324 4526 2492 4592 ipsius
2520 4524 2721 4577 nomini
2741 4525 2839 4577 hac
2868 4523 2921 4576 in
2953 4538 3011 4576 re
3042 4523 3303 4576 maculam
3331 4524 3563 4578 insidere
3594 4533 3749 4594 pate-

501 4623 668 4677 Aerii.
700 4622 947 4677 Testatur
976 4623 1118 4675 enim
1143 4623 1469 4692 Epiphanius
1494 4623 1775 4677 nonnullos
1801 4635 2071 4676 austerum
2107 4592 2149 4646 η
2185 4628 2389 4672 rentur.
2415 4616 2627 4671 Pondus
2649 4617 2794 4670 addit
2818 4616 2940 4671 huic
2962 4618 3240 4670 sententia:
3275 4628 3496 4672 sanctus
3513 4616 3747 4686 Epipha-

503 4713 718 4766 vivendi
759 4727 929 4782 genus
961 4711 1267 4777 retinuisse,
1302 4715 1543 4782 quamvis
1583 4712 1822 4781 plerique
1858 4715 1982 4767 vino
2021 4723 2076 4767 et

499 4804 756 4857 carnibus
798 4817 917 4856 sese
965 4802 1377 4872 ingurgitarent.
1432 4803 1832 4856 Matrimonium
1864 4807 1930 4856 ab
1965 4804 2071 4857 Eu-

502 4896 686 4949 stathii
734 4894 1012 4964 discipulis
1050 4895 1343 4964 vituperari
1399 4906 1626 4950 testatur
1670 4896 1903 4966 synodus
1930 4895 2076 4950 Gan-

502 4988 707 5055 grensis
728 5005 743 5042 :
767 4988 901 5040 idem
922 4987 986 5042 de
1001 4986 1164 5042 Aerio
1184 5001 1287 5041 non
1308 4989 1434 5041 dicit
1465 4999 1684 5042 sanctus
1705 4987 2031 5056 Epiphanius
2056 5005 2070 5040 :

500 5077 592 5128 sed
621 5089 797 5130 tamen
830 5076 897 5130 ab
925 5077 1068 5131 illius
1101 5086 1248 5131 secta
1279 5074 1434 5143 hujus
1479 5079 1682 5131 erroris
1708 5077 2070 5146 suspicionem

501 5185 605 5221 non
639 5168 874 5224 abfuisse
909 5169 1165 5223 discimus
1204 5184 1270 5223 ex
1313 5170 1395 5223 his
1431 5170 1605 5223 sancti
1637 5170 1917 5237 Augustini
1958 5185 2074 5223 ver-

500 5263 581 5315 bis
606 5262 679 5334 (b)
713 5281 726 5314 :
768 5261 995 5326 Quidam
1033 5262 1299 5326 perhibent
1322 5264 1474 5325 istos,
1500 5262 1634 5316 sicut
1672 5258 1974 5313 Encratitas
1999 5259 2076 5312 vel

509 5356 853 5418 Apotactitas,
878 5373 980 5408 non
998 5356 1267 5408 admittere
1283 5354 1352 5405 ad
1376 5353 1784 5406 communionem
1811 5369 1956 5404 suam
1977 5352 2074 5404 nisi

502 5448 842 5509 continentes,
875 5457 921 5499 et
964 5463 1048 5499 eos
1082 5447 1170 5514 qui
1199 5447 1391 5499 sa’culo
1432 5447 1507 5498 ita
1552 5445 1979 5507 renuntiaverint,
2021 5452 2076 5496 ut

500 5541 708 5605 propria
757 5539 900 5590 nulla
949 5540 1272 5605 possideant.
1329 5540 1403 5591 Ab
1451 5555 1568 5593 esca
1615 5550 1786 5592 tamen
1830 5536 2070 5589 carniunt

576 5675 654 5740 (η)
696 5675 892 5729 Haeres.
928 5694 1088 5731 LXXV.

575 5749 648 5812 (ti)
691 5745 842 5799 Tom.
875 5746 1007 5811 Vlll,
1046 5751 1230 5804 hazres.
1264 5765 1376 5804 Lttt.

576 5821 644 5883 (_t')
686 5815 802 5869 Lib.
838 5833 918 5881 ttt,
954 5835 1002 5871 c.
1039 5819 1119 5876 H.

2184 4710 2303 4762 nius
2343 4710 2442 4778 (ά),
2471 4710 2565 4778 qui
2598 4709 2817 4762 Aetium
2853 4717 3082 4762 testatur
3102 4748 3117 4773 ,
3149 4721 3436 4780 postquam
3463 4713 3529 4767 ab
3553 4712 3747 4766 Eusta-

2177 4801 2288 4853 thio
2313 4815 2432 4854 sese
2464 4800 2746 4868 disjunxit,
2796 4801 2860 4853 ad
2896 4799 3127 4854 absurda
3174 4802 3261 4855 illa
3311 4803 3552 4856 instituta
3587 4803 3747 4859 deﬂe-

2174 4891 2336 4943 xisse.
2383 4890 2476 4945 His
2500 4890 2827 4945 novitatibus
2861 4889 2994 4945 alios
3023 4905 3242 4947 errores
3269 4892 3484 4960 adjecit.
3523 4891 3654 4946 Nam
3688 4904 3744 4948 et

2173 4984 2402 5036 Arianus
2463 4992 2614 5048 erat,
2665 4995 2719 5038 et
2769 4999 2955 5052 preces
2998 5000 3095 5054 pro
3137 4987 3360 5039 mortuis
3409 4984 3630 5039 tollebat
3687 4998 3743 5041 et

2173 5078 2516 5144 presbyteros
2552 5077 2868 5144 adaequabat
2889 5077 3173 5146 episcopis.
3203 5076 3306 5130 Sed
3335 5078 3450 5130 ﬁeri
3486 5078 3744 5133 facillime

2175 5168 2364 5234 potuit,
2414 5177 2470 5220 ut
2514 5167 2567 5221 hi
2623 5183 2834 5222 errores
2873 5168 3182 5237 aliquandiu
3217 5169 3425 5223 occulte
3462 5172 3633 5239 sparsi
3674 5173 3741 5224 ad

2175 5262 2365 5328 synodi
2421 5274 2579 5313 aures
2630 5273 2732 5312 non
2783 5261 3146 5327 pervenirent.
3198 5259 3347 5326 Quod
3404 5262 3447 5314 si
3503 5276 3740 5315 canones

2175 5349 2515 5420 Gangrenses
2561 5352 2626 5405 ad
2653 5351 2870 5404 Aerium
2927 5351 3231 5415 referimus,
3288 5352 3582 5406 differenda
3636 5354 3740 5407 erit

2178 5442 2291 5494 lucc
2319 5442 2587 5511 synodus,
2617 5452 2675 5495 ut
2703 5442 2911 5497 Socrati
2942 5446 3012 5512 (e)
3044 5453 3096 5496 et
3128 5443 3428 5498 Sozomeno
3460 5444 3526 5513 (ἶ)
3563 5445 3738 5498 visum

2176 5543 2284 5596 est,
2309 5550 2481 5603 usque
2508 5535 2575 5587 ad
2611 5535 2980 5605 episcopatum
3012 5535 3300 5592 Eustathii.
3333 5537 3554 5593 Aerium
3593 5537 3738 5592 enim

2247 5673 2325 5746 (ά)
2358 5674 2563 5746 llmres.
2604 5692 2665 5729 ιχ
2678 5690 2763 5727 xv.

2247 5747 2314 5816 te)
2352 5745 2472 5816 Lib.
2509 5761 2565 5806 II,
2602 5762 2650 5798 c.
2676 5745 2763 5798 46.

2247 5815 2319 5886 (Ῑ)
2351 5815 2465 5871 Lib.
2497 5831 2552 5870 Ill
2577 5855 2591 5881 ,
2626 5817 2784 5870 c.14.
