4006 6448
1596 412 1756 467 VITA
1795 411 1848 464 S.
1893 409 2156 464 BASILII.

3360 425 3492 462 XXIII

269 548 329 599 1b
365 542 648 598 Eustathio
675 540 933 609 disjunxit
963 538 1157 592 invidia
1192 537 1286 608 (a),
1322 551 1478 605 quam
1510 546 1564 590 ut
1594 538 1827 606 placaret
1855 544 1901 598 Α
1929 551 1990 588 ea
2029 533 2168 599 quod
2187 531 2410 585 Basilius
2436 530 2511 599 (cl)
2538 539 2967 599 eum,postquam
2999 541 3148 582 ream
3173 531 3224 582 in
3245 530 3492 598 patriam,

258 631 600 696 Eustathius,
623 631 994 702 presbyterum
1050 628 1251 682 creavit
1294 628 1550 690 Aerium,
1607 629 1827 695 ptocho-

261 727 482 794 trephio
512 723 764 792 praefecit,
824 737 919 775 nec
960 720 1118 773 ullam
1167 719 1510 772 lnirnanitatis
1556 729 1609 772 et
1638 721 1826 773 amici-

259 817 350 870 ti:e
376 814 821 885 signiﬁcationem
838 811 1196 883 prietermisit.
1214 809 1317 865 Sed
1343 811 1649 865 insanabilis
1671 813 1828 866 exsti-

261 909 329 961 tit
362 908 580 960 Acrius.

313 997 393 1051 ’Si
419 998 538 1062 quis
580 1005 758 1050 tamen
812 1011 930 1050 cum
989 995 1328 1050 Tillemontio
1373 993 1660 1048 contendat
1697 1009 1821 1063 syn—

261 1090 428 1143 odum
456 1087 817 1157 Gangrensem
849 1101 971 1142 ante
999 1103 1193 1141 annum
1225 1087 1316 1140 '54!
1366 1085 1599 1139 habitam
1639 1084 1821 1148 fuisse,

260 1189 548 1246 propterea
577 1178 717 1246 quod
754 1178 892 1230 illius
914 1193 1148 1230 canones
1187 1177 1237 1228 in
1262 1175 1506 1230 omnibus
1555 1174 1824 1227 collectio-

260 1272 422 1324 nibus
449 1282 573 1324 ante
601 1270 960 1323 Antiochenos
987 1283 1219 1322 canones
1249 1267 1371 1319 anni
1395 1266 1492 1318 3H
1534 1279 1820 1319 recensen-

261 1373 370 1426 tur,
399 1364 644 1431 equidem
677 1362 800 1414 huic
835 1362 1115 1414 sententia:
1141 1376 1244 1414 non
1270 1361 1597 1427 repugnabo,
1629 1359 1822 1426 quippe

257 1469 384 1510 cum
415 1456 500 1510 his
539 1456 588 1509 in
635 1455 794 1507 rebus
828 1453 962 1506 nihil
997 1453 1282 1507 admodum
1321 1453 1454 1506 certi
1507 1453 1814 1506 habeamus.

261 1546 370 1600 Sed
413 1562 532 1601 cum
569 1546 729 1599 etiam
780 1556 904 1598 ante
939 1545 1068 1598 illud
1113 1556 1319 1613 tempus
1363 1544 1676 1598 Eustathius
1722 1543 1820 1595 Se-

257 1642 516 1694 bastenus
559 1640 838 1692 monastici
889 1640 1115 1694 instituti
1160 1649 1347 1692 auctor
1385 1640 1439 1692 in
1469 1640 1718 1692 Armenia
1765 1646 1819 1692 et

258 1732 618 1800 Paphlagonia
649 1742 701 1786 et
737 1731 908 1788 Ponto
956 1733 1259 1796 exstiterit,
1308 1733 1360 1785 in
1413 1732 1553 1785 hunc
1586 1731 1818 1784 maxime

258 1823 510 1876 videntur
534 1837 766 1876 canones
793 1823 1128 1890 Gangrenses
1155 1822 1464 1876 convenire.

1937 626 2232 679 beatissimo
2266 621 2520 675 Cwsarete
2565 623 2804 689 episcopo
2860 620 3173 690 Hermogen'i
3205 620 3492 686 confessio-

1934 735 2046 771 nem
2079 732 2222 770 sana:
2260 716 2383 784 ﬁdei
2429 715 2673 767 obtulisse
2708 715 2856 768 dicit.
2905 713 3032 767 [nde
3079 714 3350 768 concludit
3397 714 3494 766 do-

1935 807 2202 860 ctissimus
2234 808 2465 874 scriptor
2491 805 2924 872 distinguendum
2968 805 3113 857 illum
3149 820 3267 859 esse
3295 805 3360 856 ab
3389 802 3495 855 alio

1934 897 2234 961 Eustathio,
2268 910 2424 963 quem
2464 897 2770 948 Armenium
2809 893 2972 948 fuisse
3015 910 3116 947 non
3149 895 3375 957 dubitat,
3415 894 3493 946 si-

1933 990 2147 1058 quidem
2173 989 2409 1058 synodus
2432 984 2760 1054 Gangrensis
2777 986 3052 1051 epistolam
3071 1002 3218 1038 suam
3251 984 3494 1039 inscribt

1930 1082 2195 1149 episcopis
2230 1080 2517 1140 Armeniae,
2552 1094 2781 1147 quacum
2824 1076 3131 1129 Eustathius
3163 1077 3493 1130 Sebasténus

1931 1172 2129 1224 nullam
2163 1171 2370 1224 videtur
2390 1180 2512 1222 ante
2535 1170 2902 1236 episcopatum
2923 1167 3364 1221 necessitudinem
3391 1167 3490 1220 ha-

1929 1264 2129 1316 buissc.

2000 1352 2221 1405 Etiamsi
2251 1351 2559 1406 Eustathius
2582 1349 2930 1404 Caesariensis
2960 1358 3048 1402 aut
3073 1349 3260 1403 saltem
3293 1351 3492 1418 Cappa-

1928 1441 2036 1496 dox
2067 1441 2255 1495 fuisset
2274 1482 2288 1507 ,
2317 1455 2652 1509 nequaquam
2683 1439 2734 1493 id
2762 1440 3048 1509 prohibere
3074 1438 3254 1494 debuit
3281 1443 3494 1508 quomi—

1929 1549 2032 1589 nus
2063 1535 2295 1605 synodus
2347 1549 2498 1589 suam
2534 1533 2819 1602 epistolam
2863 1533 3184 1586 inscriberet
3226 1534 3492 1602 episcOpis

1925 1626 2213 1692 Armenia,
2249 1627 2292 1680 si
2330 1626 2401 1680 ibi
2439 1627 2775 1694 potissimum
2808 1624 2951 1677 illius
2984 1625 3198 1693 vigebat
3223 1635 3390 1679 secta.
3421 1627 3494 1677 At

1929 1718 2267 1772 Eustathium
2319 1716 2704 1770 Caesariensem
2763 1724 2853 1768 aut
2901 1716 3268 1783 Cappadocem
3324 1713 3492 1768 fuisse

1925 1823 2031 1862 non
2072 1818 2219 1862 certo
2246 1808 2586 1862 concluditur
2629 1823 2694 1861 ex
2745 1807 2921 1860 verbis
2958 1807 3112 1859 modo
3151 1805 3346 1860 allatis.
3377 1807 3492 1876 Ipse

330 1912 393 1966 V.
429 1913 693 1980 Objicitur
727 1916 981 1969 adversus
1018 1913 1155 1967 hanc
1194 1916 1514 1967 sententiam
1543 1927 1641 1967 nec
1672 1911 1817 1966 Basi-
1849 1908 1892 1963 B
1923 1899 2153 1954 BaSiliUS
2186 1915 2326 1952 nunc
2362 1899 2783 1966 CappadOCiam.
2816 1910 2872 1953 υι
2907 1914 3064 1966 supra
3113 1900 3362 1965 Vidimus:
3395 1916 3490 1968 Pi“

257 2005 407 2068 lium,
454 2007 542 2073 qui
595 2007 774 2060 varios
818 2007 936 2058 vitae
965 2005 1230 2058 Eustathii
1274 2014 1497 2058 eventus
1527 2006 1815 2072 recensuit,

256 2111 358 2151 nec
390 2099 540 2152 varia
566 2099 793 2153 concilia
828 2111 945 2163 qua:
986 2096 1323 2150 Eustathium
1353 2096 1648 2164 deposuere
1670 2137 1684 2161 ,
1721 2097 1818 2150 hu-

252 2189 343 2256 jus
377 2190 557 2257 probri
594 2189 918 2244 meminisse.
975 2188 1080 2241 Sed
1128 2190 1337 2243 etiamsi
1370 2189 1509 2244 hanc
1554 2191 1815 2244 maculam

254 2290 514 2349 perpetua
569 2274 847 2332 dclcvisset
894 2277 1116 2341 oblivio,
1169 2279 1362 2333 mirum
1397 2281 1449 2333 id
1495 2281 1660 2334 videri
1712 2295 1815 2333 non

256 2373 496 2435 deberet,
524 2388 643 2425 cum
667 2371 981 2427 Eustathius
1005 2373 1085 2427 vel
1115 2383 1267 2427 extra
1298 2371 1506 2440 culpam
1546 2371 1726 2434 fuerit,
1761 2381 1818 2425 ut

255 2479 415 2531 supra
441 2463 697 2529 diximus,
725 2463 806 2517 vel
834 2464 1047 2528 saltem,
1075 2467 1136 2516 ut
1164 2463 1436 2516 existimat
1465 2460 1816 2527 Sozomenus,

253 2554 459 2623 synodo
510 2555 768 2623 paruerit.
828 2555 1052 2608 Videtur
1101 2565 1276 2607 tamen
1309 2555 1359 2606 ei
1403 2553 1630 2607 Basilius
1672 2556 1820 2623 obje~

255 2645 393 2698 cisse
434 2644 753 2714 discipulum
793 2646 1010 2699 Acrium
1043 2663 1055 2696 :
1101 2659 1197 2698 nec
1238 2645 1471 2714 synodus
1509 2644 1818 2699 Constanti-

253 2735 562 2804 nopolitana
613 2735 755 2788 inter
813 2736 1002 2788 varias.
1051 2734 1193 2787 illius
1250 2736 1549 2803 deponendi
1605 2751 1814 2801 causas,

255 2827 418 2881 latam
461 2830 527 2882 de
577 2828 664 2881 illo
709 2826 1025 2880 sententiam
1057 2825 1354 2895 Gangrensi
1401 2827 1629 2881 concilio
1679 2842 1817 2896 pra:-

256 2919 521 2984 termisit,
569 2919 818 2972 si-tainen
854 2917 982 2971 lides
1031 2917 1327 2971 adhibenda
1377 2916 1681 2972 Sozomeno
1715 2917 1812 2987 (ὸ),

255 3015 346 3081 qui
377 3021 522 3067 totus
563 3018 728 3072 errat,
775 3024 894 3062 cum
934 3008 1274 3063 Eustathium
1328 3023 1359 3062 a
1405 3006 1814 3078 Cangrensibus

253 3105 562 3174 episcOpatu
591 3109 808 3153 exutum
845 3102 992 3155 dicit.

323 3193 520 3260 Objlcit
560 3191 930 3245 Tillemontius
989 3192 1193 3244 nullum
1247 3205 1277 3244 a
1335 3190 1537 3258 synodo
1599 3188 1810 3241 titulum

1927 1991 2084 2045 triam
2127 1991 2388 2059 agnoscit,
2426 2005 2569 2043 nunc
2605 1990 2855 2054 Pontum,
2898 1991 3160 2044 interdum
3193 1992 3353 2043 etiam
3389 1993 3492 2043 Ar-

1929 2083 2183 2138 meniam.
2216 2081 2515 2137 llellcnium
2540 2082 2831 2152 Gregorius
2867 2083 3176 2137 Armenium
3208 2097 3326 2137 esse
3353 2098 3488 2137 con-

1926 2173 2096 2241 ceptis
2121 2174 2302 2228 verbis
2324 2176 2560 2229 declarat
2584 2173 2652 2242 (ε)
2690 2192 2702 2225 :
2744 2176 2990 2228 eumdem
3014 2183 3186 2227 tamen
3221 2174 3485 2239 hortatur,

1926 2273 1985 2315 ut
2045 2265 2277 2332 patriam
2320 2277 2373 2319 et
2413 2268 2718 2319 communia
2777 2266 2951 2321 studia
3007 2268 3228 2329 veritus,
3288 2267 3490 2323 Basilio

1926 2367 2148 2410 annuat.
2179 2359 2290 2410 Cur
2339 2372 2468 2428 ergo
2512 2358 2845 2428 Cappadocia
2882 2359 3143 2412 Eustathii
3182 2362 3354 2427 patria
3382 2361 3490 2416 dici

1924 2461 2032 2500 non
2063 2448 2254 2515 potuit,
2299 2452 2344 2502 si
2394 2452 2449 2504 in
2480 2452 2654 2506 vicina
2699 2451 2876 2519 aliqua
2923 2452 3138 2518 regione
3171 2462 3324 2504 natus
3367 2453 3488 2505 est?

1925 2539 2058 2594 Eum
2092 2541 2143 2594 in
2174 2542 2428 2595 Armenia
2480 2551 2662 2596 natqu
2699 2543 2925 2597 libenter
2966 2543 3267 2613 colligerem
3311 2559 3376 2597 ex
3403 2545 3487 2599 his

1925 2629 2169 2698 Gregorii
2217 2631 2539 2686 Nazianzcni
2577 2634 2788 2687 verbis:
2833 2635 3129 2695 Armenius,
3162 2636 3332 2703 inquit
3375 2636 3486 2700 ille,

1929 2721 2270 2777 Eustathium
2320 2726 2612 2795 designans
2647 2726 2740 2794 (ί),
2789 2725 2942 2793 plane‘
2974 2725 3224 2777 barbarus
3251 2738 3344 2780 est.
3388 2729 3487 2779 Ar-

1925 2814 2086 2866 menii
2132 2816 2347 2869 nomine
2385 2811 2631 2870 similiter
2662 2816 2973 2884 designatur
2997 2834 3024 2868 a
3060 2815 3314 2887 Gregorio
3351 2817 3486 2886 Nys-

1924 2917 2054 2957 seno
2080 2905 2171 2958 lib.
2203 2922 2216 2959 ι
2247 2907 2298 2959 in
2330 2907 2670 2967 Eunomium,
2696 2923 2747 2975 p.
2778 2907 2903 2959 €289.

1999 3014 2082 3070 Vl.
2120 3018 2249 3071 Illud
2281 3019 2442 3071 etiam
2477 3018 2541 3071 de
2583 3018 2863 3071 Eustathio
2893 3019 3126 3072 breviter
3171 3021 3486 3073 examinan-

1931 3106 2052 3159 dum
2078 3118 2180 3170 est,
2215 3119 2390 3161 utrum
2431 3107 2744 3176 discipulum
2790 3110 3032 3161 habuerit
3069 3111 3300 3162 Aetium.
3353 3110 3488 3163 Cum

1922 3196 2229 3253 Eustathius
2251 3199 2448 3253 Basilio
2473 3201 2642 3254 instar
2675 3200 2918 3253 criminis
2943 3202 3221 3266 epistolam
3243 3204 3306 3255 ad
3326 3204 3488 3270 Apol-

255 3259 534 3331 Eustathio
589 3278 782 3342 tribui;
816 3293 884 3329 ex
915 3292 1020 3344 quo
1065 3280 1256 3333 laieum
1305 3277 1453 3330 illum
1495 3276 1661 3330 fuisse
1691 3293 1815 3331 con—

1923 3287 2174 3342 linarium
2242 3293 2496 3358 scriptam
2558 3291 2876 3356 obiecisset;
2939 3293 3271 3346 demonstrat
3331 3295 3483 3347 Basi-

255 3369 424 3422 cludit
474 3377 529 3422 et
563 3367 728 3421 alium
783 3369 851 3423 ab
886 3368 1167 3422 Eustathio
1200 3369 1528 3433 Sebasteno,
1569 3370 1658 3436 qui
1694 3380 1818 3422 tunc

253 3469 437 3530 utpote
478 3461 534 3514 in
580 3459 780 3514 clerum
815 3461 1206 3514 Antiochenum
1240 3474 1380 3515 anno
1416 3459 1514 3514 551
1547 3470 1812 3527 receptus,

253 3554 306 3606 in
342 3552 523 3622 aliquo
557 3554 777 3607 honoris
810 3552 980 3622 gradu
1011 3552 1335 3606 constitutus
1378 3559 1536 3616 erat,
1571 3565 1634 3604 ac
1681 3551 1817 3602 forte

252 3645 416 3698 etiam
459 3646 740 3713 presbyter
767 3645 899 3710 fuit,
934 3644 979 3698 si
1009 3643 1294 3698 concilium
1333 3643 1598 3696 referatur
1628 3638 1694 3692 ad
1721 3652 1814 3691 an-

252 3753 378 3790 num
407 3737 532 3790 540.

319 3843 440 3898 Non
479 3843 710 3897 difﬁcilis
756 3854 837 3898 est
857 3844 1012 3912 hujus
1043 3844 1121 3899 rei
1159 3845 1487 3915 explicatio:
1525 3846 1638 3899 sive
1669 3845 1812 3898 enim

251 3938 566 3992 Eustathius
600 3937 702 3991 hac
733 3937 782 3990 in
815 3954 870 3991 re
898 3949 1052 3992 extra
1085 3939 1293 4007 culpam
1342 3937 1441 3990 fuit
1469 3955 1483 4001 ;
1536 3937 1667 3990 satis
1697 3945 1815 3988 erat

251 4030 467 4084 aliunde
525 4038 826 4100 suspectus,
861 4040 920 4084 ut
976 4030 1175 4084 nullum
1228 4032 1275 4084 ei
1327 4028 1547 4084 honoris
1601 4028 1812 4080 titulum

249 4124 482 4192 episcopi
529 4125 826 4178 tribuerent
856 4142 869 4176 :
899 4125 1011 4177 sive
1059 4138 1282 4184 eorum,
1329 4137 1446 4190 quas
1480 4137 1508 4173 a
1538 4117 1812 4186 discipulis

251 4214 470 4276 ﬁebant,
507 4223 694 4266 auctor
733 4223 826 4265 aut
875 4214 1122 4266 conscius
1154 4213 1390 4273 exstitit;
1426 4210 1593 4262 multo
1635 4210 1812 4261 minus

249 4301 498 4365 decebat,
529 4311 586 4352 ut
614 4302 662 4354 ei
694 4301 900 4368 signum
937 4301 1151 4368 aliquod
1182 4299 1573 4354 communionis
1609 4300 1810 4368 imper-

248 4396 463 4456 tiretur,
506 4402 792 4460 antequam
832 4394 1081 4447 absurdis
1116 4393 1372 4446 institutis
1402 4393 1727 4447 destitisset.
1749 4391 1812 4444 ll-

247 4485 354 4537 lum
387 4483 529 4539 enim
565 4483 744 4552 aliquo
779 4487 998 4541 honoris
1027 4485 1375 4540 ecclesiastici
1411 4486 1566 4539 titulo
1592 4500 1808 4550 ornare,

1920 3381 2024 3434 lius
2051 3380 2123 3449 (g)
2148 3384 2350 3450 sequius
2375 3383 2537 3435 multo
2567 3399 2687 3435 esse
2717 3393 2790 3444 ut,
2839 3387 2882 3434 si
2922 3387 3034 3451 quis
3077 3386 3276 3437 Aetium
3310 3390 3485 3455 genuit

1922 3473 2244 3535 Invreticum,
2296 3476 2349 3524 in
2392 3483 2542 3538 caput
2590 3475 2818 3539 parentis
2852 3475 3081 3528 resiliunt
3113 3478 3213 3542 ﬁlii
3239 3480 3487 3531 crimina-

1920 3563 2102 3613 tiones.
2135 3561 2198 3614 Et
2224 3564 2274 3615 in
2297 3564 2456 3632 epist.
2486 3565 2612 3628 ΞΜ,
2645 3585 2696 3619 n.
2739 3568 2770 3618 5
2804 3584 2815 3616 :
2848 3566 2901 3616 Is
2931 3569 3018 3632 qui
3065 3585 3143 3619 me
3173 3580 3380 3620 accusat
3423 3573 3486 3622 de

1919 3651 2268 3718 Apollinario,
2290 3656 2591 3720 respondent
2617 3656 2759 3706 nobis
2783 3655 2845 3706 de
2870 3657 2994 3707 Ario
3010 3659 3216 3724 proprio
3237 3661 3484 3724 magistro

1919 3758 2013 3793 suo
2043 3752 2088 3793 et
2119 3745 2181 3793 de
2214 3743 2358 3794 Aetio
2381 3746 2586 3811 praprio
2612 3762 2704 3797 suo
2735 3746 3011 3811 discipulo.
3035 3748 3138 3800 Sed
3165 3749 3318 3801 hisin
3352 3750 3486 3805 locis

1917 3834 2348 3888 substituendum
2400 3836 2606 3887 videtur
2654 3851 2844 3888 nomen
2900 3839 3060 3891 Aerii.
3114 3839 3245 3893 Nam
3287 3842 3390 3896 alio
3433 3847 3483 3896 in

1915 3925 2033 3980 loco
2073 3926 2147 3994 (It)
2183 3929 2367 3979 eadem
2411 3930 2473 3979 de
2518 3943 2572 3979 rc
2611 3945 2770 3995 agens
2808 3930 3034 3986 Basilius
3080 3946 3322 3987 neutrum
3366 3941 3485 4005 qui-

1917 4017 2034 4068 dem
2064 4017 2323 4080 nominat,
2357 4019 2449 4070 sed
2483 4035 2600 4086 quae
2629 4021 2757 4073 dicit
2793 4022 2890 4075 soli
2937 4025 3096 4076 Aerio
3121 4029 3473 4080 conveniunt.

1919 4103 2060 4159 Nam
2087 4124 2175 4160 nec
2209 4110 2318 4176 ipse
2348 4127 2555 4176 accuso,
2600 4112 2793 4177 inquit,
2832 4115 2875 4163 si
2907 4118 3020 4180 quis
3064 4133 3127 4168 ea:
3165 4119 3407 4171 sodalitio
3432 4139 3483 4172 in

1915 4199 2151 4251 haeresim
2173 4200 2428 4252 abscissus
2448 4213 2519 4250 est
2541 4202 2770 4268 (omnino
2796 4213 2967 4256 autem
2988 4207 3218 4258 homines
3244 4211 3479 4271 nat-istis,

1917 4292 2118 4343 tametsi
2149 4292 2453 4343 nominatim
2482 4307 2581 4342 non
2604 4294 2848 4362 appello),
2873 4301 2991 4361 quin
3010 4300 3360 4365 unusquisque
3386 4318 3478 4353 sua

1915 4383 2078 4449 ipsius
2105 4392 2309 4449 peccato
2348 4383 2620 4434 morietur.
2665 4385 2757 4437 llis
2790 4402 2917 4437 sane
2950 4389 3129 4441 verbis
3162 4391 3354 4457 aliquis
3403 4396 3481 4444 in—

1916 4474 2123 4526 dicatur
2148 4487 2214 4525 ex
2239 4474 2453 4539 pictatis
2480 4475 2758 4544 disciplina
2787 4479 2837 4526 in
2883 4478 3132 4531 haeresim
3161 4481 3339 4548 lapsus
3372 4499 3477 4535 non

246 4570 643 4624 communionis
673 4572 882 4639 signum
913 4574 1121 4628 fuisset.
1155 4571 1243 4627 Sic
1273 4573 1499 4627 Basilius
1533 4573 1602 4643 (c)
1640 4574 1690 4627 in
1723 4575 1809 4626 lit-
1845 4601 1887 4653 ι)
1916 4566 2176 4634 ρτοϋίιιιιθ
2205 4568 2480 4636 magistro.
2505 4571 2560 4620 Id
2593 4581 2766 4620 autem
2803 4582 3005 4637 optnne
3030 4577 3478 4641 convenitAeriu,

249 4660 379 4713 teris
410 4662 476 4715 de
503 4658 751 4730 Glycerio
776 4671 826 4714 et
857 4665 922 4715 ad
955 4663 1258 4733 Glycerium
1303 4665 1520 4731 scriptis
1546 4704 1561 4727 ,
1593 4665 1803 4716 diaconi

248 4749 463 4804 titulum
510 4753 560 4806 ei
591 4770 695 4807 non
731 4754 932 4817 tribuit,
965 4755 1208 4822 quamvis
1236 4755 1468 4807 nondum
1493 4770 1611 4808 eum
1646 4757 1807 4822 depo-

246 4843 462 4906 suisset,
515 4845 606 4899 sed
645 4855 847 4898 tantum
880 4844 1036 4911 hujus
1067 4862 1235 4916 [nenae
1276 4846 1448 4899 minas
1493 4849 1804 4908 intentarct,

245 4937 347 4991 nisi
393 4935 502 4990 cito
556 4939 769 4992 rediret
798 4952 915 4991 cum
952 4938 1246 5006 virginibus
1270 4978 1282 5001 ,
1313 4951 1446 5006 quas
1474 4952 1503 4990 e
1527 4946 1808 5005 parentum

247 5029 497 5082 domibus
532 5030 835 5085 abstractas
871 5031 919 5083 in
949 5045 1108 5082 unum
1139 5033 1298 5086 veluti
1333 5046 1543 5102 gregem
1577 5031 1806 5099 college-

246 5131 346 5172 rat.
394 5120 523 5173 Vide
557 5129 669 5172 nOt.
700 5123 766 5174 ad
803 5125 961 5191 epist.
994 5121 1127 5183 129,
1163 5141 1213 5191 p.
1243 5125 1364 5177 28L

315 5212 654 5266 Eustathium
713 5212 1061 5267 Sebastenum
1111 5214 1482 5270 Tillemontius
1536 5218 1797 5272 Caesareae

243 5311 335 5353 aut
363 5303 554 5358 saltem
586 5305 634 5358 in
660 5301 995 5372 Cappadocia
1021 5317 1202 5361 natum
1228 5309 1520 5372 existimat,
1557 5321 1804 5379 pr0ptcr-

315 5561 390 5627 (α)
430 5559 698 5628 Epiphan.
731 5563 920 5619 haeres.
955 5581 1108 5622 Lxxv.

315 5636 386 5700 (lt)
429 5631 545 5684 Lib.
579 5646 654 5689 IV,
690 5648 737 5684 c.
769 5635 853 5686 1-4.

316 5711 382 5764 (ι’)
423 5701 517 5766 Ep.
555 5701 818 5771 169,170,
854 5706 970 5761 171.

314 5776 387 5833 (:l)
424 5774 516 5836 lup.
541 5773 663 5824 9.65.

315 5847 380 5905 (θ’)
414 5842 594 5893 Carm.
636 5843 716 5893 48.

1916 4657 2007 4724 qui
2038 4661 2386 4713 monasticam
2417 4662 2578 4713 vitam
2612 4676 2733 4713 cum
2777 4664 3056 4719 Eustathio
3105 4671 3478 4735 proﬁtebatur,

1917 4762 1973 4804 at
1998 4768 2333 4823 nequaquam
2362 4758 2536 4820 Aetio,
2575 4758 2665 4821 qui
2697 4774 2960 4812 summam
2995 4775 3206 4828 semper
3239 4764 3474 4830 impieta-

1917 4854 2022 4897 tem
2060 4861 2167 4914 pra:
2199 4861 2255 4898 se
2288 4847 2425 4910 tulit,
2454 4864 2551 4901 nec
2591 4851 2726 4903 ullos
2758 4851 2862 4903 nisi
2900 4852 2964 4904 ad
3010 4853 3336 4920 impietatem
3371 4871 3482 4906 ma-

1918 4937 2112 5004 gistros
2159 4938 2366 4989 habuit.
2399 4937 2613 4994 Primus
2660 4943 2800 4994 iliius
2839 4943 3024 4996 doctor
3064 4945 3286 5009 exstitit,
3347 4955 3482 5001 teste

1915 5028 2274 5098 Plitloslorgio
2306 5030 2404 5100 (ί),
2438 5031 2695 5087 Paulinus
2725 5035 3115 5088 AntiOchenus.
3140 5039 3479 5093 Aledoctuni

1916 5124 2079 5176 fuisse
2129 5123 2195 5176 ab
2230 5123 2508 5178 Eustathio
2555 5140 2651 5178 nec
2708 5126 2995 5195 Gregorius
3037 5127 3330 5196 Nyssenus,
3388 5132 3479 5196 qui

1916 5231 2001 5269 res
2040 5215 2178 5268 Aetii
2223 5226 2470 5269 accurate
2521 5219 2860 5286 persequitur
2898 5218 3000 5285 ti),
3047 5233 3145 5271 nec
3181 5221 3314 5272 ullus
3342 5220 3480 5272 alius

1915 5319 2137 5361 testatus
2178 5318 2260 5360 cst
2295 5309 2542 5374 scriptor.
2579 5311 2833 5374 Quamvis
2880 5326 3006 5378 ergo
3057 5314 3193 5378 apud
3223 5312 3476 5364 Basiliam

1983 5567 2050 5636 (ῃ
2081 5568 2174 5634 Ep.
2211 5569 2326 5620 n32.

1980 5641 2053 5703 (g)
2083 5639 2175 5705 Ep.
2213 5640 2337 5692 9:25.
2371 5657 2422 5692 ιι.
2456 5642 2507 5694 5.

1981 5709 2054 5773 (lt)
2093 5710 2183 5772 Ep.
2213 5710 2329 5771 151,
2365 5726 2416 5762 tt.
2452 5713 2504 5766 2,

1977 5781 2033 5841 (ι)
2086 5778 2198 5828 Lib.
2228 5795 2305 5837 Ill,
2339 5781 2492 5830 c.15.

1981 5847 2055 5910 (λ)
2084 5863 2094 5896 ι
2122 5848 2171 5894 in
2209 5847 2428 5896 Eunoni.
