4006 6430
526 417 648 454 λκιν

1861 395 2364 452 PROLEGOMENA

525 516 662 571 Aetii
693 528 885 570 nomen
940 514 1173 569 habeant
1204 527 1390 568 omnes
1435 513 1647 570 codices
1693 527 1822 568 mss.
1853 523 1908 568 et
1937 515 2088 580 editi,
2119 520 2164 575 Α
2192 516 2334 571 mine
2357 515 2422 569 ad
2459 512 2754 568 llellenium
2804 514 2877 586 (p.
2915 514 3055 583 106).
3113 514 3218 571 Sed
3263 516 3416 572 valde
3449 519 3634 577 dubito
3680 536 3749 575 an

523 607 922 662 substituendus
947 609 994 661 ei
1013 607 1223 662 videtur
1243 607 1456 662 Acrius.

1134 719 1356 776 CAPUT
1394 719 1482 773 Vl.

524 812 563 868 l.
599 813 826 868 Sanctus
858 812 1087 866 Basilius
1110 813 1422 866 cmnobitica’
1438 813 1557 865 uiue
1577 812 1823 865 ouctorin
1843 809 2011 865 Ponto
2039 821 2088 864 et

595 884 946 951 Cappadocia.
985 884 1045 936 II.
1074 884 1236 934 Antea
1259 883 1338 935 Itis
1381 885 1434 935 in
1473 883 1596 934 locis
1622 891 1807 934 asceta:
1847 881 1950 934 bini
1995 891 2088 934 aut

598 955 732 1005 terni
759 954 1026 1020 degebant.
1059 951 1143 1004 lll.
1176 952 1427 1019 Gregorio
1455 953 1652 1015 scribit,
1688 967 1904 1019 eumque
1935 951 2000 1003 ad
2033 967 2088 1003 se

595 1022 802 1075 allicere
824 1034 1058 1077 conatur.
1091 1021 1287 1074 Eorum
1320 1023 1519 1075 vivendi
1549 1025 1683 1074 ratio
1711 1032 1756 1074 et
1788 1022 2084 1089 occupatio.

592 1091 682 1145 IV.
736 1091 921 1160 Basilii
972 1091 1172 1144 labores
1227 1093 1529 1144 monasterii
1560 1091 1752 1160 ﬁnibus
1783 1108 1882 1142 non
1916 1091 2086 1143 contio

593 1171 801 1216 nentur.
837 1159 897 1213 ν.
936 1162 1009 1214 De
1037 1162 1273 1228 pluribus
1303 1163 1530 1230 epistolis
1552 1159 1604 1214 in
1627 1178 1828 1215 secessu
1854 1161 2083 1229 scriptis.

593 1249 633 1303 1.
667 1250 1050 1305 Testimonium
1081 1249 1323 1318 Gregorii
1367 1251 1692 1306 Nazianzeni
1751 1266 1912 1320 supra
1956 1251 2088 1305 alla-

524 1353 658 1408 tum,
718 1343 770 1396 in
818 1358 925 1412 quo
972 1342 1197 1398 Basilius
1250 1344 1446 1398 dicitur
1499 1344 1872 1400 cceuobiticam
1923 1345 2084 1398 vitam

524 1433 846 1499 instituisse,
884 1435 1188 1489 conﬁrmari
1225 1446 1402 1504 potest
1431 1452 1494 1490 ex
1530 1437 1690 1504 epist.
1736 1436 1916 1491 Basilii
1957 1436 2083 1503 207,

523 1544 580 1583 η.
620 1528 675 1584 2.
722 1527 958 1583 Oderant
987 1544 1107 1583 eum
1153 1527 1634 1592 Neocaesarienses,
1680 1531 1930 1598 episcopo
1971 1529 2086 1598 ipso

525 1635 619 1675 eos
651 1621 704 1674 in
747 1619 1000 1674 Basiliam
1047 1622 1400 1678 incendente:
1445 1623 1553 1675 odii
1599 1635 1774 1676 causae
1814 1623 2000 1676 inanes
2036 1630 2088 1675 et

526 1713 768 1767 absurdae
795 1711 1151 1781 ﬁngebantur,
1176 1713 1435 1781 psallendi
1473 1713 1605 1767 ritus
1633 1714 1682 1767 in
1718 1712 1942 1767 ecclesia
1969 1713 2083 1768 Cae-

525 1805 748 1859 sariensi
785 1815 839 1860 et
876 1805 1056 1858 Basilii
1087 1806 1352 1859 eoenobio.
1389 1803 1667 1875 Nunquam
1715 1803 1953 1874 profecto
1981 1804 2084 1857 Ba-

2190 623 2308 676 qua:
2339 608 2438 661 hoc
2465 607 2583 661 loco
2618 617 2801 660 narrat
2827 607 3146 675 Gregorius,
3193 607 3446 663 Nazianzi
3490 621 3580 664 aut
3609 612 3749 680 Cap-

2191 699 2423 769 padocire
2446 699 2644 753 ﬁnibus
2675 701 2910 754 coerceri
2931 701 3179 755 debeant.
3214 699 3286 755 lbi
3318 702 3459 755 enim
3491 704 3749 756 monasti-

2189 807 2310 846 eum
2341 793 2636 846 institutum
2656 793 2948 860 generatim
2971 793 3172 858 laudat,
3205 803 3492 863 antequam
3518 793 3750 848 Nazian-

2190 897 2351 937 zenos
2383 884 2676 938 monachos
2725 886 3040 938 nominatim
3086 883 3327 940 Hellenio
3359 889 3702 941 commendet
3732 904 3742 936 :

2187 984 2243 1030 et
2272 975 2411 1044 quod
2440 977 2514 1030 ait
2541 976 2616 1045 (p.
2654 975 2778 1042 107)
2806 977 3092 1032 monachos
3114 977 3362 1046 imperito
3387 979 3567 1034 studio
3593 979 3748 1032 abre-

2196 1075 2318 1136 ptos
2368 1078 2588 1123 mortem
2633 1068 2732 1123 sibi
2763 1069 2891 1138 ipsis
2939 1070 3295 1136 consciscere,
3333 1069 3465 1124 alios
3515 1071 3748 1138 propriis

2189 1155 2436 1209 manibus
2465 1165 2554 1208 aut
2585 1155 2742 1224 fame,
2775 1157 2907 1211 alios
2945 1158 3134 1226 laqueo
3175 1168 3266 1212 aut
3299 1174 3419 1214 sese
3450 1160 3750 1229 praecipites

2189 1247 2395 1310 dando;
2451 1247 2657 1301 videtur
2710 1249 2761 1302 id
2821 1249 2885 1302 de
2937 1250 3155 1305 remotis
3208 1250 3517 1320 regionibus
3570 1252 3748 1318 potius

2187 1353 2348 1408 quam
2378 1339 2443 1392 de
2467 1337 2894 1408 Cappadocibus,
2916 1343 3186 1411 magisque
3215 1341 3352 1397 fama
3369 1353 3424 1398 et
3453 1344 3744 1399 auditione.

2188 1449 2350 1503 quam
2398 1435 2630 1503 propriis
2661 1435 2831 1489 oculis
2864 1444 3139 1502 acceptum
3177 1451 3420 1490 narrare.
3462 1434 3749 1490 Probabile

2187 1540 2316 1595 ergo
2348 1540 2451 1580 non
2481 1535 2563 1580 est
2586 1527 2935 1580 anachoretas
2956 1525 3124 1579 fuisse
3155 1525 3416 1580 Eustathii
3440 1525 3746 1596 discipulos.

2189 1617 2323 1672 Hinc
2343 1617 2574 1672 Basilius
2613 1617 2686 1687 (p.
2729 1617 2854 1689 339)
2892 1617 3215 1673 monasteria
3259 1616 3539 1673 Eustatbio
3571 1616 3750 1686 subje-

2188 1723 2273 1765 cta
2304 1721 2460 1766 vocat
2487 1710 2849 1766 fraternitates
2873 1713 2924 1765 in
2957 1710 3183 1780 epistola
3207 1708 3333 1763 225.
3372 1709 3424 1762 In
3462 1712 3546 1765 bis
3573 1719 3747 1764 tamen

2190 1801 2733 1855 fraternitatibusnon
2759 1802 3004 1856 videntur
3039 1802 3089 1854 in
3124 1815 3328 1854 morem
3359 1803 3746 1855 coenobitarum

524 1891 703 1944 silium
735 1904 799 1944 eo
841 1892 1054 1943 nomine
1087 1890 1442 1954 incusassent,
1472 1893 1514 1945 si
1547 1899 1671 1945 ante
1699 1905 1821 1944 eum
1871 1893 1971 1945 hoc
2004 1889 2087 1943 in-
2120 1879 2161 1933 Β
2191 1894 2288 1947 sub
2318 1895 2473 1948 unius
2501 1893 2709 1948 abbatis
2734 1893 2958 1961 imperio
2986 1893 3362 1947 communibus
3395 1907 3603 1959 semper
3631 1909 3749 1946 mu—

523 1981 766 2034 stitutum
797 1979 850 2034 in
869 1979 1036 2035 Ponto
1063 1981 1380 2035 exstitisset.
1405 1980 1541 2045 Quin
1561 1981 1721 2034 etiam
1741 1980 1992 2044 Basilius,
2029 1988 2086 2034 ut

525 2071 778 2125 invidiam
817 2085 846 2125 a
891 2086 948 2126 se
980 2071 1250 2142 propulset
1286 2071 1409 2126 novi
1453 2069 1611 2138 hujus
1649 2070 1904 2135 instituti,
1944 2071 2085 2139 quod

524 2163 814 2217 maximam
846 2163 1059 2217 laudem
1095 2163 1420 2227 merebatur,
1463 2177 1800 2232 nequaquam
1839 2162 2083 2232 exempla

525 2257 590 2307 ad
627 2269 779 2308 suam
803 2252 1163 2309 defensionem
1192 2256 1385 2324 repetit
1425 2270 1492 2309 ex
1529 2254 1684 2309 Ponti
1714 2265 1768 2310 et
1799 2254 2082 2325 Cappado-

526 2347 622 2400 cize
655 2355 747 2399 aut
785 2346 1129 2401 ﬁnitimarum
1186 2348 1422 2417 gentium
1465 2348 1739 2411 Ecclesiis,
1772 2349 1864 2402 sed
1902 2349 1978 2402 ait
2028 2363 2083 2403 se

525 2439 795 2492 audivisse
837 2439 992 2492 talem
1034 2453 1154 2494 esse
1188 2441 1240 2492 in
1276 2439 1507 2510 Egypto
1544 2441 1778 2494 virorum
1808 2441 2083 2504 virtutem,

527 2527 755 2582 fortasse
799 2531 960 2583 etiam
995 2531 1274 2585 nconullos
1304 2533 1355 2584 iu
1403 2532 1680 2586 Palaestina
1709 2533 2078 2600 evangelicam

526 2622 690 2674 vitam
733 2622 1000 2683 excolere.
1041 2631 1095 2676 et
1139 2638 1323 2677 rursus
1358 2625 1565 2692 aliquos
1596 2625 1648 2677 in
1699 2623 2082 2692 Mesopotamia

525 2713 709 2768 beatos
734 2729 853 2769 esse
885 2724 938 2768 et
985 2713 1248 2782 perfectos
1292 2716 1452 2769 viros.
1502 2714 1617 2770 Non
1658 2714 1907 2770 videntur
1957 2731 2086 2784 ergo

525 2805 770 2858 ccenobia
795 2806 848 2858 in
878 2806 1049 2859 Ponto
1085 2813 1204 2860 ante
1228 2804 1481 2860 Basilium
1507 2807 1803 2861 exstitisse.

599 2895 760 2951 Sedsi
787 2895 1020 2950 Basilius
1037 2898 1154 2964 ejus
1179 2898 1408 2952 instituti
1436 2911 1657 2966 auctor,
1693 2899 1886 2953 mirum
1919 2897 2086 2954 videri

529 2989 717 3057 possit,
745 3005 840 3043 cur
867 2991 1182 3046 Eustathius
1212 3008 1316 3046 non
1345 2992 1516 3046 solum
1540 2993 1678 3062 apud
1715 2992 2001 3047 Armenios
2031 3001 2086 3047 et

529 3081 918 3151 Paphlagonas,
955 3083 1047 3136 sed
1087 3083 1245 3136 etiam
1290 3084 1339 3134 in
1373 3082 1562 3145 Ponto,
1592 3094 1650 3136 ut
1683 3085 1734 3136 in
1759 3084 2086 3152 praecedenti

2188 1985 2291 2038 niis
2322 1985 2508 2038 intenti
2561 1985 2754 2050 fuiSse,
2800 1985 2895 2039 sed
2947 1985 3056 2040 bini
3110 1993 3203 2039 aut
3247 1985 3370 2037 trini
3419 1983 3638 2039 liberius
3667 1984 3747 2037 vi-

2188 2077 2356 2130 xisse.

2258 2168 2451 2224 Basilio
2488 2167 2632 2224 enim
2671 2183 2936 2222 secessum
2970 2166 3246 2222 meditanti
3278 2164 3420 2220 nulla
3453 2163 3522 2220 ob
3563 2165 3750 2219 oculos

2186 2267 2538 2320 versabantur
2576 2264 2659 2318 his
2685 2264 2736 2316 in
2775 2264 2904 2317 locis
2947 2264 3187 2317 etenobia
3222 2262 3328 2332 (e);
3378 2261 3472 2315 sed
3504 2260 3752 2329 cupiebat

2184 2373 2350 2412 unum
2375 2357 2609 2424 aliquem
2642 2371 2707 2409 ex
2746 2353 3005 2408 fratribus
3041 2356 3302 2418 invenire,
3339 2353 3429 2422 qui
3463 2352 3748 2406 asceticam

2186 2451 2352 2505 vitam
2407 2448 2770 2518 proﬁteretur,
2807 2455 2866 2498 ut
2901 2460 3002 2498 una
3047 2459 3168 2498 cum
3217 2459 3280 2497 eo
3320 2445 3536 2500 brevem
3592 2434 3749 2510 Hujus

2185 2543 2309 2594 vita:
2340 2539 2561 2593 ﬂuetum
2601 2537 2875 2591 transiret.
2907 2533 3231 2602 Speraverat
3258 2547 3316 2586 se
3340 2549 3457 2585 eum
3490 2532 3750 2603 Gregorio

2186 2634 2484 2690 victurum;
2517 2630 2676 2699 idque
2707 2630 2848 2683 inter
2876 2641 2934 2682 se
2967 2625 3107 2696 pacti
3141 2622 3396 2677 fuerant:
3432 2625 3526 2676 sed
3564 2639 3748 2677 eorum

2186 2722 2470 2774 consilium
2503 2720 2857 2788 interpellavit
2898 2717 3145 2788 imposita
3180 2713 3752 2783 Gregorionecessitas

2191 2814 2430 2867 fovenda:
2465 2824 2744 2880 parentum
2775 2813 3090 2869 senectutis.
3130 2809 3313 2863 Basilii
3357 2805 3746 2862 monasterium

2189 2922 2294 2961 non
2341 2907 2546 2969 statim,
2580 2914 2639 2958 ut
2689 2905 2844 2958 modo
2877 2903 3197 2968 videbimus,
3247 2900 3479 2956 caenobii
3523 2898 3746 2952 formam

2190 2997 2396 3052 halmit.
2435 2995 2680 3050 Monachi
2714 2994 3038 3048 Nazianzeui
3066 2994 3348 3049 cmnobitre
3365 3008 3469 3047 non
3491 2997 3643 3046 erant
3671 2990 3746 3058 (p.

2190 3087 2334 3157 l07).
2354 3087 2484 3140 Nam
2513 3083 2805 3154 Gregorius
2826 3085 2879 3136 in
2905 3083 3141 3135 carmine
3159 3081 3221 3135 ad
3244 3079 3540 3134 l-lellenium
3567 3079 3749 3132 decem

528 3175 702 3242 ωρῖῐθ
760 3173 1006 3240 Vidimus.
1057 3175 1405 3228 mOIIaSIicam
1458 3175 1618 3227 Vlla"!
1669 3175 1877 3228 dicatur
1931 3177 2085 3229 insli-
2113 3205 2157 3265 ρ
2189 3179 2661 3250 praestantissimos
2687 3185 2896 3230 ascetas
2925 3182 3188 3238 recenset,
3219 3171 3414 3241 quibus
3439 3169 3749 3239 singulatim

529 3269 716 3320 tuisse.
760 3264 1130 3321 Commentum
1178 3282 1297 3322 esse
1343 3267 1614 3321 existimat
1651 3265 1913 3320 Baronius
1945 3267 2086 3334 quod

529 3355 596 3411 de
618 3358 898 3411 Eustathio
925 3360 1060 3424 apud
1095 3360 1450 3414 Sozomenum
1487 3359 1696 3430 legitur.
1731 3357 1834 3413 Sed
1879 3357 2085 3412 clarum

527 3457 583 3502 et
627 3449 965 3518 perspicuum
1005 3457 1089 3502 est
1130 3451 1194 3502 de
1229 3449 1506 3503 Eustathio
1553 3451 1774 3519 ejusque
1810 3449 2086 3521 discipulis

529 3538 783 3592 Basilium
813 3537 976 3605 loqui,
1006 3553 1126 3590 cum
1164 3538 1238 3589 ait
1272 3537 1348 3605 (ιι)
1385 3551 1442 3590 se
1477 3541 1786 3590 monasticae
1827 3541 1945 3593 vitae
1973 3549 2087 3594 stu-

529 3631 618 3684 dio
639 3631 972 3697 flagrantem,
1003 3629 1088 3683 ubi
1125 3628 1403 3684 nonnullos
1429 3628 1559 3681 vidit
1584 3628 1635 3681 in
1663 3628 1836 3696 patria
1864 3629 1952 3697 qui
1988 3630 2089 3682 hoc

531 3723 828 3776 institutum
855 3720 1258 3790 proﬁtebantur,
1290 3735 1539 3788 magnum
1579 3735 1644 3774 ex
1695 3733 1880 3773 eorum
1911 3717 2091 3772 amici-

535 3812 606 3864 tia
637 3794 691 3864 εἰ
717 3811 1098 3864 consuetudine
1126 3811 1430 3879 praesidium
1461 3813 1526 3863 ad
1560 3812 1783 3865 salutem
1823 3824 2088 3880 sperasse.

529 3901 648 3956 Jam
682 3912 790 3954 tum
817 3916 944 3970 ergo
979 3901 1266 3970 discipulos
1302 3901 1532 3955 habebat
1558 3901 1888 3956 Eustathius.
1912 3901 2090 3968 Quare

532 3994 680 4046 litem
722 3993 798 4045 sic
824 3993 1028 4044 dirimit
1073 3991 1442 4045 Tillemoutius
1473 4002 1528 4044 ut
1565 3992 1764 4046 Basilio
1797 3993 2088 4047 ccenobiti-

532 4098 609 4137 ea:
636 4083 753 4136 vitae
793 4082 1090 4135 institutum
1121 4093 1396 4152 acceptum
1433 4083 1651 4146 referat,
1684 4083 1954 4136 Eustathii
1987 4099 2087 4136 au-

532 4182 638 4226 tem
691 4172 980 4239 discipulos
1018 4172 1068 4224 in
1101 4173 1319 4225 urbibus
1360 4181 1415 4224 et
1461 4172 1667 4238 oppidis
1715 4172 1797 4224 vel
1833 4173 2000 4225 etiam
2035 4173 2087 4226 in

535 4263 907 4316 remotioribus
927 4261 1056 4316 locis
1091 4263 1230 4316 solos
1254 4263 1449 4317 vixisse
1477 4263 1764 4316 existimet.

603 4355 667 4408 ll.
712 4352 990 4408 Libentius
1048 4355 1362 4408 crediderim
1399 4354 1665 4409 Eustathii
1720 4353 2006 4422 discipulos
2039 4355 2092 4408 in

535 4450 681 4516 pagis
707 4457 760 4502 et
796 4448 1005 4518 oppidis
1038 4449 1192 4502 binos
1227 4456 1318 4500 aut
1343 4457 1518 4503 ternos
1558 4447 1772 4513 vixisse,
1799 4447 1872 4501 ita
1915 4455 1971 4499 ut
1998 4462 2095 4501 nec

2193 3271 2586 3334 immunitatem
2633 3283 2662 3321 a
2722 3267 2935 3322 tributis
2989 3266 3142 3333 petit,
3190 3279 3349 3334 quam
3385 3263 3516 3316 satis
3565 3259 3753 3314 fuisset

2193 3358 2289 3412 toti
2320 3360 2569 3412 coenobio
2594 3358 2756 3410 semel
2786 3369 2986 3424 petere,
3015 3358 3058 3408 si
3082 3357 3134 3407 iu
3177 3355 3366 3406 iisdem
3405 3366 3590 3405 omnes
3625 3350 3754 3404 tedi-

2189 3448 2289 3502 bus
2315 3445 2558 3500 fuissent.
2580 3442 2716 3498 llinc
2741 3444 2902 3497 etiam
2933 3458 3067 3495 unus
3098 3457 3165 3494 ex
3200 3440 3302 3493 illis
3329 3439 3566 3492 Eulalius
3593 3439 3754 3492 amis-

2189 3555 2250 3595 so
2289 3538 2454 3594 fratre
2485 3535 2725 3591 Helladio
2750 3535 2822 3603 (p.
2862 3531 3007 3602 108),
3045 3546 3202 3599 quem
3238 3531 3474 3599 ejusdem
3514 3528 3748 3582 instituti

2191 3632 2392 3683 socium
2424 3628 2708 3689 habuerat,
2735 3621 2944 3678 amictae
2961 3632 3014 3677 et
3042 3629 3256 3691 aegrota:
3281 3619 3436 3672 matri
3462 3617 3750 3671 assidebat.

2192 3719 2445 3773 Testatur
2474 3720 2637 3773 abbas
2672 3719 2908 3787 Pyamon
2965 3716 3105 3785 apud
3145 3713 3462 3768 Cassianum
3502 3710 3605 3781 (Ι),
3644 3718 3754 3763 ter-

2194 3812 2323 3865 tium
2349 3823 2518 3877 genus
2537 3809 2940 3868 monachorum,
2971 3806 3060 3874 qui
3089 3803 3396 3875 Sarabayta:
3413 3803 3749 3865 dicebantur,

2189 3913 2244 3956 et
2275 3902 2385 3958 bini
2418 3908 2510 3954 aut
2541 3899 2678 3952 terni
2722 3897 3007 3964 degebant,
3053 3897 3326 3948 abundare
3372 3909 3434 3947 ac
3476 3906 3640 3962 prope
3665 3907 3753 3945 so-

2191 3996 2300 4049 lum
2341 4007 2460 4048 esse
2490 3992 2544 4044 in
2575 3989 2887 4043 civitatibus
2925 4000 3058 4054 quas
3096 3985 3414 4045 diaconiam,
3441 3995 3500 4035 ut
3526 3984 3637 4050 jam
3667 3984 3750 4038 (Ιίν-

2190 4089 2389 4149 ximus,
2420 4085 2469 4138 in
2505 4081 2731 4137 Pontum
2773 4089 2822 4135 et
2867 4077 3174 4132 Armeniam
3219 4074 3464 4129 deferens
3499 4087 3752 4142 peragra-

2189 4179 2287 4231 vit.
2343 4178 2591 4230 Canon'es
2638 4174 3004 4244 Gangrenses.
3045 4169 3135 4238 qui
3169 4168 3436 4222 Armenia:
3488 4169 3750 4238 episcopis

2193 4268 2437 4334 inscripti
2480 4277 2623 4331 sunt,
2652 4266 2901 4319 dubitare
2931 4276 3035 4314 nou
3063 4260 3243 4313 sinunt
3285 4260 3412 4330 quin
3445 4271 3748 4315 ascetarum

2196 4353 2387 4412 in'hac
2428 4361 2643 4426 regione
2697 4371 2886 4425 magna
2947 4353 3110 4406 fuerit
3153 4354 3416 4407 sentiendi
3449 4368 3512 4405 ac
3538 4352 3749 4406 vivendi

2207 4451 2446 4503 libertas.
2477 4448 2576 4502 Vix
2604 4463 2728 4518 ergo
2755 4450 2968 4502 dubium
2992 4446 3119 4514 quin
3156 4446 3406 4500 instituta:
3428 4445 3510 4498 bis
3543 4443 3594 4496 in
3619 4443 3750 4498 locis

534 4541 872 4594 anachoreta:
915 4541 1112 4594 fuerint
1161 4555 1260 4594 nec
1315 4541 1613 4595 ctenobitze.
1646 4541 1894 4594 Testatur
1929 4540 2093 4595 Sozo-
2124 4561 2168 4615 ι)
2200 4541 2538 4597 emnobiticae
2573 4543 2693 4595 vitae
2742 4541 2908 4611 gloria
2957 4555 3059 4591 non
3107 4538 3381 4592 Eustathio
3411 4535 3750 4591 attribuenda

533 4647 722 4687 meuus
743 4631 819 4703 (b)
846 4633 896 4684 in
920 4633 1125 4686 Galatia
1159 4642 1212 4686 et
1233 4631 1564 4702 Cappadocia
1602 4643 1657 4685 et
1689 4631 1930 4686 ﬁnitimis
1968 4647 2089 4701 pro-

533 4726 720 4780 vinciis
747 4724 978 4778 maxime
1007 4739 1185 4776 rarum
1235 4739 1352 4778 esse
1397 4722 1839 4776 anachoretarum
1897 4739 2085 4793 genus,

535 4819 659 4884 quia
695 4831 788 4884 per
820 4814 1037 4884 frigoris
1067 4815 1414 4867 acerbitatem
1438 4815 1488 4866 in
1518 4812 1746 4866 desertis
1767 4813 1898 4868 locis
1926 4816 2088 4883 dege-

535 4922 592 4958 re
615 4920 718 4958 non
749 4905 891 4958 licet.
926 4905 979 4958 Id
1014 4904 1296 4958 confirmat
1331 4905 1494 4958 abbas
1529 4903 1789 4974 Pyamon,
1821 4906 1910 4973 qui
1945 4906 2083 4973 apud

533 4995 846 5050 Cassianum
873 4996 941 5064 (ε)
970 5003 1150 5048 narrat
1174 5008 1232 5046 se
1263 4994 1313 5046 in
1340 4994 1645 5064 regionibus
1671 5009 1803 5062 quas
1836 4997 1936 5048 sub
1977 4995 2080 5050 Va-

534 5089 675 5140 lente
705 5088 1023 5156 peragravit,
1076 5096 1131 5139 ut
1161 5084 1415 5139 fratribus
1446 5088 1498 5139 in
1541 5085 1768 5140 Pontum
1805 5095 1857 5139 et
1893 5088 2056 5140 Anne

533 5182 677 5234 niam
717 5177 964 5247 relegatis
1010 5179 1309 5234 diaeoniam
1363 5177 1544 5244 ferret,
1578 5195 1646 5234 ne
1675 5180 1846 5248 ipsum
1875 5179 2087 5247 quidem

534 5272 980 5325 anachoretarum
1020 5286 1210 5325 nomen
1243 5271 1483 5325 auditum
1509 5274 1858 5340 comperisse.
1893 5270 2088 5327 Existi-

534 5368 645 5409 mat
672 5355 1042 5411 Tillemontius
1077 5358 1152 5427 (cl)
1193 5358 1474 5412 nonnullos
1530 5374 1557 5412 a
1602 5369 1787 5415 sancto
1828 5359 2088 5430 Gregorio

532 5447 873 5503 Nazianzeno
903 5448 1244 5517 Cappadoces
1277 5451 1629 5506 anachoretas
1658 5453 1857 5508 laudari
1891 5453 1944 5508 in
1968 5467 2085 5507 car-

600 5630 678 5702 (α)
703 5627 800 5702 _Ep.
831 5631 954 5691 225,
988 5647 1038 5684 η.
1065 5632 1116 5685 5.

599 5699 673 5772 (ὁ)
701 5699 822 5772 Lib.
852 5716 922 5762 Vl,
951 5719 998 5753 c.
1027 5703 1112 5754 54.

602 5770 671 5840 (ε)
703 5770 1006 5840 (ξυΙΙειι.]8,
1046 5789 1091 5824 c.
1129 5773 1175 5824 7.

606 5838 679 5915 (tt)
707 5838 858 5896 Tum.
883 5838 968 5907 ιΧ,
995 5859 1045 5910 p.
1080 5843 1164 5896 ὃὸ.

2199 4634 2288 4695 sit,
2322 4629 2417 4685 sed
2452 4630 2664 4696 Basilio,
2705 4630 2855 4697 cujus
2890 4629 3183 4682 maximum
3207 4629 3412 4682 exstitit
3442 4626 3600 4695 hujus
3631 4643 3753 4696 pro-

2195 4723 2422 4795 pagandi
2451 4723 2676 4777 instituti
2709 4721 2962 4776 studium.
2999 4719 3128 4775 lllud
3162 4722 3318 4790 longe
3359 4722 3431 4791 (g)
3465 4719 3751 4786 przeferen-

2195 4818 2317 4870 dum
2365 4829 2480 4869 esse
2511 4814 2977 4870 demoustratvita:
3006 4815 3295 4879 solitarim;
3334 4818 3436 4867 duo
3463 4813 3539 4884 (Ii)
3583 4815 3634 4867 in
3661 4828 3752 4866 eo-

2191 4908 2310 4962 dem
2343 4921 2476 4975 pago
2521 4906 2844 4960 monasteria
2875 4920 2994 4960 esse
3035 4920 3140 4958 non
3183 4905 3392 4972 probat,
3424 4907 3515 4959 sed
3561 4919 3752 4960 omnes

2193 5009 2400 5053 ascetas
2432 5000 2530 5054 sub
2558 5015 2663 5053 uno
2693 5005 2747 5050 et
2775 4999 2958 5053 eodem
2989 4996 3275 5065 prazposito
3318 4997 3589 5052 existimat
3620 5010 3754 5049 con-

2189 5091 2507 5161 jungcndos.
2534 5090 2771 5158 Perspici
2809 5092 2970 5145 etiam
3013 5099 3189 5156 potest
3219 5091 3358 5144 illius
3387 5089 3651 5144 sententia
3683 5105 3748 5143 ex

2195 5187 2350 5254 epist.
2375 5184 2498 5248 295,
2526 5185 2578 5238 in
2611 5200 2715 5253 qua
2761 5196 2967 5239 ascetas
3017 5184 3068 5235 in
3100 5185 3284 5238 eodem
3319 5184 3530 5252 quidem
3566 5199 3749 5238 mona-

2195 5274 2381 5337 sterio,
2407 5273 2497 5327 sed
2536 5289 2638 5327 non
2673 5288 2820 5327 more
2863 5271 3228 5326 coenobiorum
3281 5272 3518 5327 viventes
3559 5274 3746 5327 horta-

2195 5375 2300 5427 tur,
2333 5373 2390 5417 ut
2414 5365 2479 5418 ab
2510 5365 2609 5418 hac
2632 5363 2737 5417 vita
2767 5363 2991 5418 testibus
3018 5375 3236 5419 carente
3276 5364 3340 5417 ad
3372 5364 3749 5420 ctenobiticam

2195 5463 2485 5510 transeant.
2526 5455 2727 5508 Prmter
2773 5456 3098 5522 coenobium,
3150 5456 3290 5524 quod
3323 5457 3374 5510 in
3419 5455 3586 5510 Ponto
3624 5468 3746 5507 ron-

2274 5632 2340 5701 (e)
2375 5633 2467 5701 Ep.
2501 5634 2620 5688 225.

2270 5704 2334 5768 if)
2375 5706 2561 5754 (.ollat.
2606 5707 2684 5765 18,
2715 5721 2759 5757 c.
2791 5707 2838 5758 7.

2265 5769 2334 5839 (9)
2375 5769 2498 5840 [ἴον.
2543 5775 2644 5837 [ηε.
2687 5776 2737 5827 ’1.

2263 5845 2338 5910 (lt)
2377 5839 2501 5913 Reg.
2532 5847 2633 5910 (ut.
2669 5844 2756 5904 55,
