4006 6486
1637 410 1799 466 ῊΤᾹ
1839 411 1897 467 S.
1937 411 2018 465 BA
2029 408 2192 464 SlLll.

3411 437 3511 472 XIV

276 538 510 597 ειωιὶι,
569 532 708 586 aliud
761 531 826 585 ab
877 544 942 585 eo
981 526 1252 582 conditum
1299 527 1348 579 in
1402 526 1656 581 snhnrbio
1681 526 1929 600 Cmsa-A
1959 540 2063 596 que
2120 530 2366 587 tractum,
2421 533 2480 577 ut
2525 526 2670 580 locus
2704 533 3000 594 praeruptus
3046 541 3365 599 tequarelur.
3422 537 3512 592 llis

277 627 450 683 riensi
494 624 749 678 discimus
780 637 849 676 ex
896 620 1052 689 epist.
1083 618 1149 673 9i
1176 629 1226 672 et
1264 616 1383 672 150'.
1438 616 1715 673 Probahiie
1765 627 1846 672 est

275 716 669 772 cmuobiticum
728 715 1034 768 institutum
1086 711 1246 764 etiam
1311 717 1435 761 ante
1483 711 1843 779 episcopatum

276 810 352 862 ab
383 823 452 862 eo
486 808 539 863 in
597 806 890 861 Ecclesiam
943 803 1325 858 Ctesariensem
1380 800 1673 857 inductum.
1731 800 1842 857 Non

279 899 513 951 deerant
553 897 765 965 quidem
812 893 934 947 huic
971 894 1208 949 ecclesia:
1237 891 1504 958 monachi,
1548 906 1842 958 eorumque

281 993 526 1046 stuuium
547 987 750 1042 exarsit
784 987 834 1041 in
867 988 1043 1040 Basilii
1063 1002 1243 1047 causa,
1265 991 1322 1037 ut
1352 985 1487 1040 infra
1517 984 1842 1053 videbimus,

283 1083 549 1138 adversus
576 1080 858 1136 Eusebium
890 1080 1193 1149 episcopum
1219 1077 1545 1135 defendenda
1579 1094 1590 1128 :
1626 1077 1717 1130 sed
1751 1094 1844 1133 no-

286 1181 338 1225 ta
379 1172 485 1224 illis
543 1185 646 1222 non
700 1172 947 1223 videntur
1000 1168 1164 1222 fuisse
1201 1169 1521 1223 cccnobitica
1579 1167 1840 1222 instituta.

291 1264 440 1318 Unde
473 1261 698 1316 Basilius
739 1261 839 1331 (a),
892 1274 1009 1314 cum
1057 1259 1271 1328 quidam
1306 1260 1560 1315 Ctesareze
1590 1261 1844 1314 monasti-

285 1368 406 1408 cum
440 1353 744 1407 institutum
775 1352 1020 1422 amplecti
1055 1350 1229 1416 vellet,
1259 1367 1421 1420 seque
1452 1351 1526 1403 illi
1552 1355 1841 1420 regendum

286 1458 342 1498 et
373 1444 772 1500 informandum
819 1447 1074 1507 traderet,
1128 1445 1336 1499 mittere
1380 1458 1500 1497 eum
1555 1443 1740 1497 maluit
1790 1446 1843 1499 in

287 1535 441 1589 Ponti
493 1536 893 1591 monasterium.
929 1535 1219 1602 Gregorius
1265 1544 1466 1598 autem,
1500 1549 1621 1587 eum
1652 1551 1844 1589 mona-

286 1628 434 1681 sticae
467 1629 600 1696 legis
630 1626 990 1683 institutiones
1019 1641 1048 1678 a
1085 1626 1278 1682 Basilio
1301 1627 1615 1694 presbytero
1644 1638 1846 1683 etvoce

284 1729 339 1774 et
373 1719 589 1787 scriptis
619 1719 842 1773 traditas
871 1718 1071 1784 laudat,
1111 1719 1382 1774 inductam
1426 1718 1492 1772 ab
1515 1733 1578 1774 eo
1610 1719 1846 1775 cccnobi-

289 1811 449 1864 ticam
483 1809 816 1880 disciplinam
857 1808 1064 1863 videtur
1093 1809 1331 1863 laudare.

1954 616 2103 672 addit
2158 615 2227 688 (e)
2280 614 2540 684 lignorum
2592 620 3042 686 comportationes
3077 632 3129 674 et
3172 622 3508 697 lapidicinas,

1954 707 2208 759 arborum
2253 704 2580 760 consitiones
2608 715 2661 759 et
2689 708 3055 778 irrigationes,
3091 711 3354 782 imprimis
3385 731 3511 773 vero

1953 797 2227 867 platanum
2281 811 2378 851 sua
2421 811 2578 850 manu
2621 800 2937 868 plantatum.

2029 887 2181 953 Quod
2204 902 2484 960 supererat
2512 889 2607 945 otii
2641 890 2706 944 ab
2743 893 2990 948 asceticze
3023 895 3140 950 vita:
3164 899 3379 966 muniis,
3405 901 3509 956 im-

1953 983 2256 1050 pendebant
2287 984 2339 1036 in
2365 981 2687 1038 meditandis
2722 985 2890 1038 sacris
2922 985 3117 1040 litteris
3145 987 3211 1059 (f)
3249 1005 3262 1040 :
3298 999 3344 1043 et
3386 1006 3506 1046 cum

1951 1075 2004 1128 in
2035 1075 2137 1128 hoc
2161 1075 2338 1128 studio
2365 1076 2482 1144 plus
2502 1073 2738 1143 antiquis
2765 1073 3137 1143 scriptoribus,
3164 1095 3322 1148 quam
3359 1081 3507 1150 inge-

1953 1165 2043 1221 nio
2083 1182 2182 1222 suo
2215 1167 2532 1232 tribuerent,
2560 1167 2892 1236 collegerunt
2913 1180 2977 1220 ex
3007 1167 3239 1240 Origene
3283 1173 3510 1238 plurima

1950 1257 2326 1312 observatione
2373 1258 2550 1326 digna,
2593 1273 2712 1326 qua:
2756 1257 2809 1311 in
2857 1271 3018 1310 unum
3059 1274 3254 1331 corpus
3298 1263 3508 1318 redacta

1952 1348 2298 1404 Philocaliam
2326 1349 2747 1418 appellaverunt.
2795 1347 2948 1402 Hunc
2982 1349 3170 1405 librum
3196 1355 3336 1409 dono
3367 1355 3510 1409 misit

1951 1437 2239 1507 Gregorius
2257 1438 2540 1492 Theodoro
2576 1438 2877 1506 Thyanensi
2899 1439 2996 1512 (g),
3020 1449 3076 1493 ut
3103 1457 3232 1510 opus
3254 1446 3357 1499 sibi
3388 1457 3508 1498 cum

1951 1543 2140 1587 sancto
2170 1533 2364 1587 Basilio
2400 1547 2705 1588 commune.

2023 1622 2112 1680 IV.
2145 1625 2327 1678 Basilii
2353 1626 2567 1679 labores
2597 1627 2912 1681 monasterii
2958 1628 3155 1683 ﬁnibus
3186 1643 3290 1682 non
3330 1629 3508 1684 conti-

1955 1719 2241 1774 nebantur.
2269 1715 2402 1770 Nam
2433 1731 2553 1771 cum
2593 1719 2852 1785 ejusmodi
2897 1719 3198 1775 institutum
3235 1722 3510 1789 amplexus

1953 1816 2117 1873 esset,
2159 1807 2211 1861 in
2259 1822 2368 1877 quo
2408 1815 2462 1861 et
2495 1808 2740 1863 meditari
2791 1819 2991 1878 posset,
3042 1821 3099 1864 ut
3150 1812 3506 1877 anachoreta},

355 1900 442 1954 lli.
483 1899 582 1957 Ubi
608 1905 841 1973 primum
883 1913 1129 1956 secessus
1161 1899 1380 1956 delicias
1405 1901 1707 1973 degustarit
1735 1902 1836 1955 Ba-

1944 1905 1997 1947 et
2031 1897 2310 1964 prodesse,
2368 1907 2425 1950 ut
2455 1896 2510 1951 hi
2546 1912 2680 1966 quos
2715 1897 2949 1953 diximus
2985 1898 3252 1966 migades;
3289 1916 3392 1954 non
3423 1916 3510 1956 se-

284 1993 470 2058 silius,
520 1993 838 2064 Gregorium
896 1993 998 2049 loci
1056 1993 1413 2064 descriptione
1486 2006 1711 2050 conatus
1763 2005 1844 2052 cst

284 2083 524 2141 allicere.
563 2084 857 2152 Respondit
912 2084 1203 2154 Gregorius
1231 2100 1288 2141 se
1315 2086 1414 2142 loci
1461 2084 1630 2138 forma
1659 2095 1710 2140 et
1736 2088 1842 2142 situ

285 2193 471 2246 parum
507 2178 734 2241 moveri,
768 2179 868 2234 nisi
897 2180 1058 2234 etiam
1077 2179 1142 2231 de
1167 2178 1376 2233 vivendi
1413 2180 1619 2235 ratione
1640 2179 1841 2248 aliquid

282 2266 507 2320 ediscat.
544 2263 835 2338 Utramque
881 2267 1162 2336 epistolam
1209 2267 1506 2322 amisimus.
1545 2269 1649 2323 Sed
1681 2270 1842 2325 aliam

284 2355 560 2424 habemus,
601 2374 761 2428 quam
807 2357 1036 2410 Basilius
1087 2356 1164 2426 (b)
1195 2359 1378 2411 statim
1435 2367 1556 2428 post
1594 2369 1841 2428 acceptas

281 2445 526 2518 Gregorii
555 2449 762 2500 litteras
788 2447 1020 2514 scripsit,
1050 2457 1107 2502 ιιι
1139 2447 1186 2502 ei
1215 2449 1576 2515 satisfaceret,
1601 2466 1663 2505 ac
1684 2465 1837 2504 suam

280 2538 494 2591 vivendi
529 2536 788 2589 rationem
829 2548 1146 2606 exponeret.
1185 2538 1417 2594 Diurnas
1446 2555 1506 2594 ac
1550 2551 1838 2594 nocturnas

281 2640 492 2695 preces,
535 2625 812 2681 lectionem
847 2627 1271 2694 Scripturarum,
1304 2629 1542 2682 laborem
1585 2646 1836 2684 manuum

282 2716 558 2772 describit.
576 2718 681 2770 Sed
707 2717 835 2771 nihil
861 2718 912 2771 in
949 2718 1048 2771 hac
1079 2719 1302 2786 epistola
1333 2720 1619 2784 reperitur,
1652 2735 1714 2774 ex
1733 2737 1837 2789 quo

281 2821 402 2861 eum
441 2809 828 2864 cmnobitarum
874 2824 1022 2865 more
1069 2811 1265 2864 vixisse
1301 2809 1581 2877 coniicias.
1645 2810 1838 2866 Preces

282 2907 406 2952 ante
453 2911 508 2954 et
551 2913 672 2969 post
696 2901 876 2956 cibum
929 2903 1168 2971 praecipit
1200 2916 1214 2955 :
1250 2911 1302 2954 at
1335 2902 1468 2955 nihil
1511 2916 1731 2971 prorsus
1772 2903 1839 2957 de

282 2989 514 3046 lectione
544 2993 685 3046 inter
710 2992 976 3046 edendum
1013 2994 1336 3048 adhibenda.
1363 2995 1451 3048 Ait
1476 3003 1679 3050 tantum
1720 2995 1836 3049 ani-

282 3098 423 3136 mam
472 3099 538 3138 ne
591 3093 717 3137 tunc
751 3085 963 3152 quidem
1016 3101 1045 3137 a
1092 3086 1182 3138 Dei
1238 3086 1557 3152 cogitatione
1607 3088 1834 3144 otiosam

280 3189 399 3229 esse
431 3177 645 3240 debere,
681 3176 774 3230 sed
823 3191 890 3230 ex
935 3176 1045 3247 ipsa
1081 3177 1454 3234 alimentorum
1496 3189 1552 3234 et
1592 3183 1834 3250 corporis

1946 1987 2064 2056 gnis
2095 1985 2198 2039 fuit
2254 1989 2304 2041 in
2333 1991 2710 2054 promovendis
2738 1989 2992 2046 Ecclesia:
3031 1993 3371 2048 utilitatibus.
3402 1992 3510 2048 Ba-

1943 2077 2090 2130 silius
2128 2075 2287 2130 Ponti
2326 2077 2494 2144 urbes,
2550 2079 2722 2147 inquit
2767 2081 2992 2135 Rufinus
3026 2081 3124 2152 (Ιι),
3170 2094 3215 2136 et
3249 2102 3374 2138 rura
3408 2086 3512 2139 cir-

1942 2170 2193 2230 cumiens.
2227 2169 2428 2222 desides
2461 2171 2626 2238 gentis
2661 2169 2805 2224 illius
2832 2174 3033 2226 animos
3056 2183 3102 2225 et
3127 2190 3308 2240 parum
3334 2177 3396 2228 de
3422 2191 3510 2242 spe

1942 2260 2122 2326 futura
2150 2261 2402 2314 sollicitos
2425 2261 2696 2316 stimulare
2725 2264 2887 2318 verbis
2910 2274 2957 2318 et
2985 2264 3356 2334 pradicatione
3387 2282 3511 2318 suc-

1943 2349 2178 2414 cendere,
2234 2351 2530 2420 cultumque
2561 2351 2622 2402 ab
2667 2349 2744 2403 his
2797 2352 2961 2421 longte
2992 2353 3313 2424 negligentia:
3357 2353 3508 2424 tapit

1941 2438 2149 2492 abolere
2179 2455 2195 2491 :
2221 2443 2542 2510 subegitque,
2569 2442 2790 2512 objectis
2817 2443 3049 2496 inanium
3079 2461 3248 2497 rerum
3270 2456 3314 2498 et
3348 2463 3509 2499 sarcu-

1940 2528 2134 2581 larium
2187 2529 2348 2594 curis,
2411 2532 2597 2584 suimet
2656 2532 2896 2596 notitiam
2948 2533 3191 2600 recipere,
3240 2533 3294 2584 in
3349 2550 3510 2586 unum

1939 2621 2097 2682 coire,
2142 2622 2459 2674 monasteria
2499 2631 2816 2687 construere,
2855 2623 3091 2689 psalmis,
3123 2635 3167 2677 et
3209 2624 3432 2694 hymnis,
3459 2632 3508 2677 et

1938 2714 2263 2766 orationibus
2305 2713 2490 2766 docuit
2529 2729 2731 2777 vacare,
2772 2730 3057 2782 pauperum
3094 2732 3272 2768 curam
3309 2731 3503 2784 gerere.

1937 2803 2107 2871 eisque
2144 2804 2446 2855 habitacula
2477 2804 2713 2868 honesta,
2740 2815 2785 2857 et
2806 2820 2921 2873 qua:
2950 2805 3018 2858 ad
3049 2806 3236 2859 victum
3273 2823 3509 2861 necessa-

1939 2891 2018 2943 ria
2042 2901 2182 2955 sunt,
2201 2893 2443 2961 praebere,
2470 2893 2694 2962 virgines
2726 2894 3013 2956 instituere,
3031 2895 3271 2961 pudicam
3293 2907 3510 2948 castam.

1934 3001 2032 3056 que
2083 2986 2241 3038 vitam
2288 2986 2524 3038 omnibus
2572 3001 2698 3052 pene
2751 2984 3144 3039 desiderabilem
3186 2985 3373 3052 facere.
3412 2984 3502 3039 Ita

1936 3077 2072 3131 brevi
2095 3086 2391 3146 permutata
2420 3086 2493 3129 est
2517 3077 2674 3129 totius
2705 3076 2984 3144 provinciw
3008 3076 3187 3145 facies,
3225 3087 3278 3130 ut
3309 3079 3361 3130 in
3393 3079 3508 3130 ari-

1935 3169 2001 3221 do
2029 3178 2076 3221 et
2101 3168 2358 3238 squalenti
2385 3183 2565 3234 campo
2585 3168 2842 3222 videretur
2863 3184 3003 3236 seges
3031 3169 3275 3235 fecunda,
3299 3186 3360 3221 ac
3384 3169 3507 3222 lwta

282 3281 343 3318 ea
369 3267 718 3336 suscipientis
756 3279 951 3323 natura
989 3271 1270 3324 materiam
1309 3270 1401 3324 Dei
1433 3271 1680 3326 laudandi
1715 3287 1836 3327 esse

1943 3260 2093 3314 vinea
2117 3259 2428 3312 surrexisse.
2458 3258 2710 3313 Testatur
2745 3259 2907 3312 etiam
2940 3259 3267 3315 Sozomenus
3292 3260 3354 3332 (ἱ)
3397 3261 3504 3315 Ba-

281 3358 600 3410 ducendam.
644 3358 803 3412 Forte
842 3374 972 3429 ergo
1006 3375 1125 3414 cum
1159 3377 1263 3415 uno
1293 3372 1385 3415 aut
1425 3364 1596 3417 altero
1628 3378 1694 3417 ex
1732 3365 1836 3418 Eu-

281 3443 466 3499 stathii
519 3446 796 3518 discipulis
833 3449 1080 3520 degebat,
1115 3459 1172 3505 ut
1204 3451 1292 3505 alii
1331 3452 1520 3508 barum
1561 3455 1836 3523 regionum

280 3546 498 3591 ascetze.

351 3626 455 3682 Sed
485 3628 592 3683 cito
623 3628 686 3682 ad
717 3645 836 3683 eum
871 3632 1020 3688 multi
1050 3631 1447 3701 conﬂuxerunt,
1483 3651 1646 3706 seque
1678 3638 1753 3692 illi
1781 3640 1833 3692 in

279 3717 615 3787 disciplinam
654 3719 1003 3777 tradiderunt.
1043 3723 1315 3794 Ejusmodi
1355 3726 1496 3778 enim
1555 3727 1837 3796 discipulos

279 3807 511 3861 habebat
534 3823 674 3863 anno
704 3808 808 3864 560
837 3827 865 3863 a
893 3811 1087 3878 quibus
1113 3825 1177 3862 ne
1208 3812 1273 3863 ad
1306 3810 1684 3864 brevissimum
1710 3812 1832 3881 qui-

278 3900 396 3951 dem
429 3907 638 3966 tempus
667 3901 787 3954 sine
825 3914 1016 3968 magna
1053 3899 1265 3956 illorum
1298 3902 1537 3957 molestia
1563 3901 1837 3960 discedere

276 3996 508 4056 poterat,
545 3997 604 4042 ut
650 3990 999 4058 perspicimus
1044 4005 1111 4045 ex
1156 3992 1377 4061 epistola
1423 3993 1477 4048 8.
1523 3992 1639 4047 1am
1695 3995 1837 4050 illius

278 4073 664 4134 monasterium
725 4082 838 4138 suis
891 4086 1131 4139 numeris
1180 4084 1483 4140 absolutum
1532 4095 1668 4152 erat,
1712 4102 1833 4141 cum

278 4170 574 4242 Gregorius
603 4174 670 4228 ad
697 4189 816 4229 eum
844 4190 902 4229 sc
929 4177 1174 4239 contulit,
1202 4177 1344 4245 quod
1371 4178 1586 4246 quidem
1625 4179 1835 4233 videtur

276 4265 469 4319 fecisse
494 4281 633 4318 anno
663 4267 766 4320 358
801 4277 894 4319 aut
937 4267 1059 4320 359.
1111 4266 1241 4320 Nam
1288 4269 1427 4322 inter
1461 4283 1521 4322 ea
1545 4285 1662 4338 quae
1700 4286 1758 4324 se
1783 4271 1832 4324 iu

275 4357 379 4410 hoc
406 4360 734 4412 monasterio
765 4359 959 4413 vidisse
986 4362 1325 4426 meminerat,
1360 4361 1540 4416 laudat
1569 4363 1834 4432 imprimis

275 4447 539 4513 fratrum,
586 4466 720 4519 quos
781 4450 1004 4505 Basilius
1053 4452 1117 4505 ad
1170 4453 1422 4520 pietatem
1488 4455 1818 4522 instituebat,

273 4541 523 4595 eximiam
561 4543 922 4597 concordiam.
957 4543 1193 4597 Meminit
1226 4546 1548 4613 psalmorum
1576 4557 1629 4602 et
1677 4549 1831 4616 hym-

1943 3352 2122 3406 silium
2157 3351 2312 3406 Ponti
2354 3353 2514 3408 urbes
2563 3354 3010 3415 circumeuntem,
3044 3354 3207 3406 multa
3245 3354 3350 3408 illic
3381 3356 3505 3409 (edi-

1944 3443 2137 3500 ﬁcasse
2168 3446 2520 3505 monasteria;
2554 3455 2609 3497 et
2627 3445 2832 3512 pOpltliS
2856 3443 3255 3513 praedicantem,
3278 3455 3333 3500 ut
3353 3460 3502 3499 eam-

1939 3534 2062 3588 dem
2103 3550 2222 3587 cum
2259 3535 2373 3599 ipso
2408 3534 2708 3588 doctrinam
2753 3534 2873 3588 ﬁdei
2901 3546 3252 3604 sequerentur
3282 3550 3503 3604 persua-

1941 3623 2095 3678 sisse.
2151 3622 2273 3676 llaec
2309 3623 2616 3678 conﬁrmari
2666 3634 2888 3693 possunt
2927 3626 3202 3694 utriusque
3259 3625 3502 3697 Gregorii

1943 3714 2268 3768 testimonio.
2305 3714 2558 3768 Testatur
2589 3713 2861 3785 Nyssenus
2901 3715 2970 3785 (j)
3013 3717 3354 3772 solitudinem
3403 3718 3503 3772 sub

1943 3804 2141 3861 Basilio
2177 3807 2243 3862 ad
2291 3806 2643 3864 imitationem
2669 3807 2890 3866 Joannis
2933 3809 3183 3880 Baptistae
3214 3811 3266 3865 in
3315 3811 3500 3867 urbem

1942 3915 2256 3956 conversam
2312 3918 2431 3958 esse
2466 3905 2537 3960 ob
2586 3903 2986 3958 multitudinem
3045 3918 3230 3959 eorum
3286 3906 3376 3974 qui
3434 3907 3502 3960 ad

1939 3992 2190 4048 Basilium
2225 3995 2585 4050 confluebant.
2643 3995 2934 4064 Gregorius
2979 3993 3347 4052 Nazianzenus
3387 3997 3499 4065 jam

1941 4086 2106 4141 multa
2146 4087 2298 4139 illum
2325 4088 2388 4139 ad
2416 4086 2704 4140 utilitatem
2732 4085 2984 4140 Ecclesiae
3014 4102 3240 4142 navasse
3265 4087 3395 4142 dicit
3425 4089 3498 4158 (p.

1941 4178 2085 4248 555),
2126 4192 2246 4231 cum
2276 4177 2342 4230 ad
2377 4178 2673 4247 presbyteri
2712 4178 2932 4247 gradum
2961 4189 3178 4232 evectus
3212 4187 3315 4233 est.
3343 4179 3496 4232 nunc

1943 4271 2216 4338 multiplex
2273 4269 2368 4324 Dei
2409 4271 2717 4341 benignitas,
2760 4271 2951 4338 inquit,
2980 4288 3098 4324 cum
3136 4271 3311 4324 multis
3345 4282 3498 4324 antea

1943 4365 2090 4414 rebus
2140 4364 2298 4430 gestis
2337 4363 2538 4416 clarum
2587 4363 2856 4430 e/fecisset,
2906 4363 2994 4416 διὰ
3035 4362 3243 4414 πολλῶν
3288 4361 3394 4414 τῶν
3443 4363 3498 4415 ἐν

1943 4455 2089 4525 μέπῳ
2137 4454 2468 4526 γνωρίσασα,
2505 4458 2555 4508 in
2578 4472 2781 4508 sacrum
2825 4456 3233 4523 presbyterorum
3266 4455 3496 4507 ordinent

1939 4548 2173 4600 ascribit.

273 4647 462 4685 norum
499 4646 564 4687 ex
598 4633 788 4701 quibus
804 4635 992 4688 miram
1035 4639 1348 4690 suavitatem
1386 4650 1696 4706 perceperat
1735 4640 1823 4711 (τ).
1867 4619 1909 4675 υ
2010 4639 2074 4697 ν.
2109 4640 2250 4695 lnter
2289 4641 2564 4708 epistolas,
2595 4655 2726 4710 quas
2762 4637 2990 4693 Basilius
3034 4637 3250 4706 scripsit
3285 4637 3336 4692 in
3366 4637 3496 4692 SOll-

271 4721 386 4778 Non
412 4724 530 4778 sine
549 4723 729 4792 lepore
747 4726 987 4779 meminit
1010 4727 1060 4779 in
1089 4727 1190 4780 alia
1210 4728 1434 4797 epistola
1472 4730 1547 4798 td)
1565 4732 1828 4798 {pauperis

274 4813 414 4876 vitae,
463 4828 621 4880 quam
655 4814 728 4866 ibi
764 4816 1093 4880 traduxerat,
1138 4831 1255 4869 cum
1306 4819 1458 4887 panis
1505 4821 1636 4872 adeo
1664 4819 1828 4872 durus

271 4917 628 4974 apponeretur
681 4915 739 4960 ut
783 4907 972 4963 dentes
1024 4908 1323 4978 frangeret;
1384 4924 1446 4962 ac
1488 4919 1628 4964 tanta
1686 4921 1827 4964 esset

271 4999 511 5051 omnium
546 5014 724 5052 rerum
756 4999 956 5068 inopia,
992 5009 1050 5055 ut
1086 5002 1187 5056 nisi
1218 5013 1388 5056 mater
1415 5002 1596 5055 Basilii
1627 5013 1824 5072 oppor-

273 5098 396 5141 tune
419 5091 792 5155 succurrisset,
817 5090 954 5144 fame
981 5093 1311 5147 moriendum
1340 5094 1544 5147 fuisset.
1583 5094 1824 5148 Comme-

269 5190 449 5233 morat
474 5181 636 5233 etiam
671 5181 906 5237 laborem
940 5197 1215 5247 manuum,
1248 5183 1434 5253 Augiaz
1457 5183 1638 5237 lituum
1670 5198 1698 5237 c
1726 5184 1821 5236 do-

268 5287 354 5325 mo
395 5282 736 5342 exportatum
781 5284 839 5329 ut
878 5275 1017 5330 horti
1071 5275 1278 5330 steriles
1337 5275 1705 5345 implerentur,
1761 5289 1822 5329 ac

267 5361 498 5417 immane
542 5365 837 5432 plaustrum
869 5381 963 5422 sua
989 5375 1042 5421 et
1070 5364 1248 5422 Basilii
1289 5368 1497 5424 cervice
1543 5367 1820 5422 manibus-

333 5482 405 5532 (τι)
431 5479 522 5540 Ep.
551 5481 641 5533 '25.

355 5546 406 5617 ὁ)
442 5549 535 5616 Ep.
575 5550 628 5602 2.

356 5620 402 5684 ε)
440 5619 568 5670 Me.
597 5636 680 5688 ep.
709 5621 755 5677 9.

355 5690 409 5748 tl)
445 5689 538 5755 ΕΙ».
565 5691 616 5742 8.

354 5756 401 5820 e)
440 5758 532 5823 κν.
565 5763 612 5814 9.

335 5829 410 5895 (ι’)
445 5828 574 5881 Ibid.

1936 4732 2137 4799 tudine,
2187 4732 2511 4786 numeranda
2545 4732 2806 4801 imprimis
2844 4728 2916 4800 (k)
2944 4729 3165 4798 epistola
3195 4729 3260 4784 ad
3305 4728 3496 4784 Candi-

1932 4824 2172 4878 dianum.
2207 4823 2463 4880 Rusticus
2494 4825 2708 4894 quidam
2762 4839 2827 4878 ex
2877 4824 2962 4889 iis,
3011 4822 3099 4891 qui
3136 4837 3254 4876 cum
3295 4820 3494 4875 Basilio

1931 4916 2160 4970 Annesis
2183 4916 2552 4983 morabantur,
2584 4924 2795 4970 mortuo
2828 4913 3012 4969 Basilii
3045 4913 3263 4977 famulo,
3303 4929 3408 4966 non
3433 4928 3493 4966 se

1933 5005 2128 5074 negotii
2152 5005 2442 5074 quidquam
2483 5021 2603 5059 cum
2640 5009 2738 5060 hoe
2793 5003 2989 5058 famulo
3043 5003 3293 5058 habuisse
3333 5001 3488 5065 dixit,

1933 5111 2035 5151 non
2066 5097 2130 5150 ad
2161 5095 2415 5152 Basilium
2449 5095 2706 5162 accessit,
2741 5111 2846 5150 non
2887 5103 3210 5164 conquestus
3250 5099 3351 5158 est,
3386 5106 3488 5144 non

1932 5188 2159 5255 rogavit,
2197 5197 2253 5241 ut
2283 5203 2310 5241 a
2356 5189 2567 5244 volente
2602 5189 2887 5257 acciperet,
2921 5201 3026 5241 non
3059 5185 3294 5239 minatus
3322 5192 3404 5237 est
3431 5197 3489 5236 se

1929 5280 2035 5332 vim
2091 5280 2354 5334 facturum
2402 5281 2504 5334 nisi
2540 5281 2824 5350 acciperet,
2875 5280 2968 5334 sed
2999 5276 3176 5332 subito
3204 5290 3325 5329 cum
3351 5289 3486 5328 non.

1934 5370 2093 5425 nullis
2147 5372 2227 5425 sui
2284 5371 2552 5426 similibus
2607 5373 2820 5428 domum
2871 5370 3084 5435 invasit,
3134 5368 3489 5435 mulieresque

1999 5484 2073 5554 (g)
2107 5483 2233 5554 Νη.
2267 5499 2349 5552 ep.
2382 5484 2469 5538 87.

1997 5553 2070 5623 (lt)
2103 5553 2215 5605 Lib.
2239 5569 2312 5616 XI,
2345 5569 2391 5607 c.
2411 5555 2462 5609 9.

2023 5626 2072 5692 i)
2106 5623 2222 5674 Lib.
2259 5639 2329 5684 ιἰ,
2356 5641 2401 5678 (·.
2431 5624 2509 5675 Π.

2031 5693 2068 5756 i)
2105 5692 2158 5745 In
2193 5692 2350 5746 Basil.

2002 5762 2064 5833 {te}
2097 5762 2259 5831 Epist.
2290 5763 2341 5816 5.
