4006 6438
1569 374 1725 429 ιτιτΑ
1768 376 1824 429 S.
1870 375 1950 428 BA
1960 372 2131 429 SlLlI.

3318 391 3461 430 XXVIJ

222 499 435 568 opinio,
520 496 649 553 illud
714 497 893 568 potius
949 496 1239 567 colligitur,
1300 496 1553 563 Basiliam
1622 499 1675 551 in
1719 498 1802 552 his
1832 502 1874 558 A
1904 515 1969 554 eo
2004 496 2252 562 consilio,
2279 503 2337 549 ut
2374 494 2585 549 adesset
2630 494 2913 565 Aneyrano
2943 493 3217 563 episcopo,
3252 495 3466 549 Venissc

226 590 725 661 disceptationibus
763 589 864 644 sub
904 588 1159 659 episcopo
1203 590 1496 660 Ancyram
1533 588 1796 642 secundas

227 684 441 749 tulisse,
476 699 541 738 ac
563 682 787 753 proinde
818 682 1081 747 victoris},
1124 696 1287 752 quam
1338 680 1427 737 ille
1464 680 1667 747 retulit,
1697 681 1762 735 ad

225 773 465 840 iutorem
502 775 691 829 fuisse.

301 863 549 919 Eunomii
602 864 677 934 (p.
710 863 833 933 501)
888 862 1048 922 verba
1076 863 1154 918 sic
1176 863 1338 919 refert
1362 863 1646 932 Gregorius
1669 862 1799 934 Nys-

228 972 435 1011 senas:
473 957 561 1009 Ἐν
604 957 780 1027 τούτῳ
828 958 961 1027 φησὶ
1022 957 1274 1025 σύλλογον
1324 940 1646 1025 γεγενῆσθαι
1696 958 1804 1010 τῶν

229 1044 567 1113 πανταχόθεν
579 1045 837 1113 λογάδων,
857 1048 945 1099 καὶ
968 1046 1262 1116 ἐνακμάζει
1278 1045 1352 1112 τῷ
1368 1046 1507 1115 λόγῳ
1522 1047 1801 1111 νεανικῶς,

233 1137 325 1187 ὑπ’
360 1134 480 1203 δψιν
504 1134 652 1204 ἄγων
673 1136 832 1206 δῆθεν
863 1137 960 1208 τὴν
990 1137 1101 1191 τῶν
1128 1135 1462 1207 πραγμάτων
1493 1138 1801 1209 διασκευήν.

230 1224 369 1281 Εἶτα
414 1227 692 1291 δικασταῖς
740 1246 848 1281 τισι
904 1229 1070 1296 λέγει,
1124 1229 1255 1300 μηδὲ
1300 1230 1500 1286 τούτων
1548 1230 1804 1301 ὀνομαστὶ

238 1320 606 1389 μεμνημένος,
644 1320 734 1372 τὸν
766 1320 891 1389 περὶ
925 1319 1031 1372 τῶν
1061 1320 1303 1389 ἐσχάτων
1340 1322 1658 1391 προκεῖσθαι
1687 1321 1806 1391 δρό-

239 1426 365 1479 μον,
390 1412 691 1479 ὑποφωνεῖν
715 1411 772 1462 δὲ
803 1412 1043 1480 παρόντα
1070 1412 1160 1465 τὸν
1185 1411 1450 1483 ἡμέτερον
1497 1412 1809 1481 καθηγητὴν

238 1502 336 1554 καὶ
369 1503 580 1572 πατέρα
604 1518 616 1530 ’
643 1502 740 1570 τῆς
765 1502 820 1555 δὲ
860 1504 1094 1573 κρίσεως
1136 1503 1270 1573 πρὸς
1299 1505 1423 1567 τοὺς
1457 1503 1728 1565 ἐναντίους
1752 1502 1811 1554 τὸ

240 1594 444 1663 κράτος
476 1592 876 1663 μετατιθείσης,
909 1595 1128 1662 φεύγειν
1144 1595 1303 1648 αὑτὸν
1326 1597 1451 1659 τοὺς
1473 1595 1688 1656 τόπους,
1713 1611 1812 1647 κα·-

240 1682 538 1736 ταλιπόντα
566 1682 663 1753 τὴν
695 1684 865 1749 τάξιν,
893 1685 983 1737 καί
1014 1701 1133 1738 τινα
1181 1685 1387 1739 καπνὸν
1419 1686 1518 1755 τῆς
1562 1683 1815 1755 πατρίδος

247 1771 628 1842 μεταδιώκειν.
673 1773 755 1827 lbi
787 1777 860 1829 ait
904 1787 1087 1830 coetum
1126 1778 1384 1831 exstitisse
1423 1777 1690 1829 hominum
1720 1791 1816 1827 un-

1902 585 2437 655 Cnnstantinopolim,
2470 600 2535 638 ac
2576 583 2720 639 inter
2761 599 2856 639 eos
2887 586 3120 647 stetisse,
3151 585 3241 654 qui
3274 600 3467 652 suppe-

1903 682 2006 736 tias
2044 680 2116 735 illi
2160 679 2449 734 ferebant:
2484 684 2538 730 et
2567 676 2689 731 dum
2716 676 2892 746 fugam
2923 677 2970 731 ei
3008 664 3321 745 exprobrat,
3354 677 3467 732 solo

1904 781 2121 827 auctore
2141 770 2333 825 nititur
2354 768 2635 824 Eunomio.

1975 862 2080 917 Sed
2134 861 2401 931 praecipue
2455 858 2699 929 Gregorii
2752 857 2979 930 Nysseni
3028 859 3348 914 auctoritate
3389 859 3471 912 ni-

1908 956 2037 1009 titur
2068 953 2457 1016 Tillemontius,
2512 966 2670 1021 quem
2705 951 3037 1005 concessisse
3088 961 3242 1021 putat
3280 952 3468 1005 adver-

1907 1044 2067 1097 sariis
2086 1042 2338 1096 Basiliam
2372 1042 2738 1097 celeberrima:
2770 1040 2910 1095 illius
2938 1042 3321 1111 disputationis
3363 1042 3471 1094 nul-

1909 1135 1988 1187 las
2019 1147 2198 1203 partes
2221 1134 2557 1187 sustinuisse.
2596 1133 2684 1185 Sic
2710 1132 2943 1200 loquitur
2970 1130 3261 1202 Gregorius
3288 1154 3297 1187 :
3325 1134 3388 1199 Εἰ
3418 1133 3473 1185 δὲ

1911 1224 2161 1294 περὶτῶν
2182 1225 2238 1277 ὲν
2256 1222 2659 1275 Κωνσταντίνου
2686 1221 2837 1274 πόλει
2857 1220 3155 1290 γεγονότων
3176 1222 3306 1292 φησὶ
3324 1223 3468 1290 (d)...

1909 1315 2203 1383 δεξαίμεθα
2230 1315 2327 1377 τὰς
2366 1314 2563 1377 αἰτίας,
2619 1314 2699 1364 ὅτι
2736 1312 3000 1381 παρόντες
3051 1310 3126 1381 τῷ
3163 1311 3338 1382 καιρῷ
3369 1311 3475 1363 τῶν

1911 1403 2154 1472 ἀγώνων,
2189 1408 2298 1466 τοῖς
2337 1403 2751 1473 ἀγωνιζομένοις
2796 1404 2852 1453 οὗ
2895 1403 3326 1473 συνεπλάκημεν.
3364 1407 3479 1456 Δει-

1914 1494 2056 1560 ξὰτω
2101 1494 2276 1547 τοίνυν
2334 1495 2363 1545 ὁ
2415 1494 2604 1562 ἐκείνῳ
2639 1493 2736 1561 τὴν
2788 1492 2983 1545 δειλίαν
3039 1494 3397 1560 ὲπονειδίζων,
3434 1496 3481 1546 εἰ

1913 1583 2177 1654 κατῆλθεν
2213 1586 2290 1646 εἰς
2325 1583 2519 1653 μέσους
2550 1584 2730 1643 αὐτὸς.
2776 1583 2926 1647 Quod
2977 1586 3021 1636 si
3054 1584 3387 1654 (Eunomius)
3421 1588 3481 1637 de

1916 1677 2064 1729 rebus
2100 1675 2557 1743 Constantinopoli
2610 1677 2768 1744 gestis
2817 1674 3115 1745 loquitur...
3165 1679 3482 1745 accipiamus

1917 1769 2351 1834 criminationem,
2398 1784 2488 1821 nos
2524 1768 2742 1833 scilicet,
2786 1784 2901 1821 cum
2950 1770 3253 1823 adessemus
3297 1786 3483 1838 pugna:

244 1864 402 1930 dique
431 1863 738 1917 selectorum
768 1881 785 1917 :
818 1881 971 1935 seque
996 1866 1317 1918 vehementer
1355 1865 1411 1916 in
1447 1863 1664 1915 dicendo
1696 1880 1816 1915 N’n-
1849 1850 1891 1905 Β
1918 1871 2162 1928 tempore,
2203 1875 2321 1912 cum
2358 1861 2677 1912 adversariis
2709 1876 2809 1913 non
2839 1877 3114 1929 pugnasse.
3161 1861 3484 1915 Demonstret

244 1954 406 2015 ditat,
437 1952 606 2005 oculis
643 1953 881 2007 videlicet
924 1954 1207 2022 subjiciens
1259 1967 1430 2005 rerum
1482 1960 1814 2018 apparatum.

245 2039 449 2096 Deinde
464 2042 735 2110 iudicibus
763 2044 1076 2111 quibusdam
1118 2044 1270 2107 dicit,
1315 2057 1477 2111 neque
1514 2031 1673 2095 etiam
1702 2042 1819 2095 illas

249 2135 562 2187 nontinatim
604 2133 890 2202 appellans,
924 2132 1145 2196 capitale
1174 2133 1496 2201 propositum
1517 2132 1680 2202 fuisse
1700 2133 1818 2185 dis-

248 2229 489 2290 crimen;
531 2244 592 2280 ac
628 2236 933 2294 prwsentem
998 2224 1249 2277 secundas
1296 2234 1469 2293 partes
1519 2225 1823 2277 sustinuisse

249 2319 556 2387 magistrum
581 2323 815 2369 nostrum
858 2326 903 2369 et
934 2328 1165 2385 patrem;
1213 2317 1306 2369 sed
1353 2316 1564 2369 uictoria
1600 2332 1631 2368 (ι
1668 2315 1820 2383 judi-

251 2412 396 2462 cibus
440 2409 493 2460 in
548 2408 878 2461 adversarios
920 2412 1205 2472 translata,
1256 2409 1423 2474 ipsum
1472 2407 1670 2477 fugisse
1715 2409 1823 2462 ltwc

252 2505 365 2553 loca
395 2498 577 2553 ordine
614 2500 841 2565 deserto,
872 2510 920 2552 et
959 2500 1156 2567 fumum
1191 2500 1469 2568 quemdam
1495 2501 1682 2570 patria:
1707 2517 1827 2570 per-

252 2602 484 2646 secutum
504 2608 634 2646 €888.

324 2681 380 2737 In
404 2697 472 2738 eo
501 2698 636 2738 sane
665 2681 1020 2750 requirendus
1052 2681 1224 2751 pudor
1245 2682 1515 2751 Eunomii,
1544 2684 1685 2754 quod
1713 2685 1825 2739 suis

253 2774 533 2829 victoriam
569 2772 859 2841 adjudicet.
895 2772 1084 2828 Aetius
1112 2774 1281 2837 enim,
1305 2774 1395 2842 qui
1421 2788 1517 2842 pro
1547 2774 1827 2829 Auomazis

258 2877 441 2921 contra
492 2863 749 2918 Basiliam
807 2874 1089 2932 utrumque
1134 2863 1435 2932 pugnabat,
1472 2864 1722 2919 exsilium
1761 2880 1825 2920 ex

260 2958 361 3013 hoc
400 2954 582 3009 duello
631 2954 838 3019 retulit,
888 2954 1083 3008 nedum
1128 2952 1444 3022 victoriam;
1480 2970 1711 3026 eumque
1750 2957 1830 3009 vi-

260 3060 401 3103 ctum
444 3044 614 3102 fuisse
645 3057 831 3102 narrat
878 3046 1210 3101 Sozomenus
1233 3046 1330 3117 (a).
1379 3045 1495 3102 Non
1527 3048 1703 3103 minus
1737 3049 1831 3101 im-

261 3142 465 3208 pudens
497 3139 817 3203 Eunomius,
849 3154 971 3194 cum
1012 3119 1269 3192 Basiliam
1300 3148 1455 3193 vocat
1498 3138 1742 3192 timidum
1775 3147 1828 3192 et

260 3231 507 3298 ignavum
563 3245 625 3285 ac
687 3231 993 3299 graviorum
1078 3231 1321 3285 laborum
1374 3231 1665 3302 fugientem
1713 3233 1827 3306 (b);

260 3325 416 3390 eique
448 3322 745 3391 exprobrat
792 3331 1057 3380 secretam
1086 3323 1488 3390 domunculam,
1516 3335 1570 3381 et
1606 3324 1831 3396 ianuam

262 3425 374 3467 tuto
402 3414 668 3479 (lausam,
693 3423 746 3469 et
789 3415 1201 3484 trepidationem
1225 3418 1295 3472 ob
1315 3430 1516 3472 metum
1552 3418 1831 3475 introeun-

262 3506 417 3569 tium,
441 3514 495 3559 et
527 3506 578 3559 in
619 3522 769 3571 voce,
796 3508 967 3563 oculis
988 3522 1052 3561 ac
1082 3508 1229 3563 vultu
1255 3512 1474 3578 pavoris
1496 3512 1669 3580 signa.
1696 3510 1833 3564 Sunt

262 3598 375 3652 hazc
404 3596 659 3666 sophistae
688 3599 939 3668 nugaptis
962 3599 1226 3663 convicia,
1264 3615 1369 3655 non
1389 3609 1702 3667 argumenta
1734 3600 1829 3655 bo-

262 3691 428 3745 minis
484 3692 633 3745 serio
690 3691 1023 3745 disserentis.
1062 3690 1166 3743 Sed
1202 3699 1378 3744 tamen
1422 3705 1487 3743 ex
1541 3691 1657 3761 ejus
1686 3692 1836 3747 testi-

265 3782 449 3835 monio
476 3779 801 3847 perspicitur
830 3778 1084 3832 Basiliam
1119 3780 1173 3833 in
1218 3780 1320 3835 hoc
1367 3784 1666 3837 certamine
1703 3799 1835 3851 pra:-

262 3881 458 3922 sentem
483 3867 853 3935 succlamasse,
883 3868 936 3924 id
967 3879 1072 3937 est,
1113 3872 1383 3927 secundas
1428 3884 1607 3941 partes
1655 3874 1837 3929 tulisse

264 3960 366 4015 sub
407 3958 609 4015 Basilio
638 3961 952 4031 Ancyrano,
991 3976 1091 4015 nec
1133 3961 1449 4016 discessisse
1477 3976 1543 4017 ex
1574 3961 1656 4016 his
1672 3955 1833 4029 locis,

264 4054 368 4108 nisi
404 4056 624 4108 victoria
654 4072 685 4107 a
710 4053 981 4122 judicibus
1011 4054 1064 4105 in
1106 4053 1433 4109 adversarios
1462 4055 1739 4121 translata,
1781 4067 1836 4111 ut

266 4145 422 4213 lingit
449 4145 766 4200 Eunomius.

343 4235 738 4308 Philostorgius
779 4236 872 4307 (c),
904 4236 994 4305 qui
1047 4235 1293 4291 Eunomii
1321 4237 1590 4291 mendacia
1640 4239 1840 4307 cOmpi-

269 4329 367 4394 lat,
416 4326 494 4379 sic
529 4329 593 4379 de
636 4328 832 4381 Basilio
870 4326 1141 4394 loquitur:
1189 4330 1603 4399 Προεστήκεσαν
1644 4327 1701 4380 δὲ
1733 4330 1840 4381 τῶν

274 4420 372 4489 μὲν
405 4416 524 4469 καθ’
549 4418 734 4469 οὐσίαν
766 4420 947 4487 ὅμοιον
991 4417 1416 4486 πρεσϐευόντων,
1461 4414 1740 4480 Βασίλειός
1781 4434 1839 4469 τε

1920 1954 2081 2023 igitur
2116 1953 2205 2021 qui
2230 1953 2275 2005 ei
2321 1952 2652 2005 timiditatem
2689 1952 2991 2020 exprobrat,
3021 1970 3087 2006 an
3133 1955 3242 2020 ipse
3281 1956 3333 2007 in
3381 1971 3487 2007 me-

1920 2045 2065 2098 dium
2104 2045 2426 2113 processerit,
2482 2053 2585 2097 etc.
2627 2042 2751 2099 Ha'c
2800 2042 3100 2111 legentibus
3144 2043 3271 2098 illud
3313 2046 3487 2112 primo

1922 2134 2113 2188 intuitu
2142 2134 2401 2199 occurrit,
2437 2132 2757 2202 Gregorium
2790 2133 3047 2203 quidquid
3079 2135 3375 2188 concedere
3405 2134 3452 2186 vi
3474 2161 3487 2173 -

1923 2227 2078 2279 detur
2107 2224 2394 2289 Eanomio,
2436 2238 2542 2277 non
2576 2224 2693 2277 sine
2739 2225 2917 2292 aliqua
2960 2223 3129 2277 ironia
3174 2224 3486 2286 concedere.

1924 2325 1982 2370 ut
2020 2314 2453 2371 criminationem
2496 2314 2551 2366 in
2585 2314 2758 2383 ipsum
2813 2323 3096 2368 convertat
3145 2311 3485 2368 Eanomiuni.

1927 2406 1982 2463 Si
2013 2408 2142 2478 quid
2185 2417 2361 2463 tamen
2416 2407 2559 2461 serio
2608 2420 2923 2461 concessum
2961 2421 2988 2457 a
3042 2404 3323 2475 Gregorio,
3358 2404 3490 2459 nihil

1927 2500 2072 2555 aliud
2103 2512 2442 2563 concessum,
2476 2512 2635 2567 quam
2681 2499 2824 2566 quod
2862 2496 3136 2566 objecerat
3172 2496 3489 2561 Eunomius,

1925 2590 2205 2655 Basiliam,
2229 2604 2350 2644 cum
2376 2590 2427 2642 in
2459 2588 2644 2657 praelio
2666 2588 2934 2642 secundas
2969 2587 3201 2653 tulisset,
3235 2585 3488 2640 inclinata

1926 2684 1980 2737 in
2012 2680 2353 2736 adversarios
2380 2680 2608 2735 victoria
2643 2678 2975 2733 discessisse.
3008 2678 3186 2746 Atque
3214 2675 3344 2731 illud
3374 2679 3494 2744 qui-

1928 2772 2047 2828 dem
2079 2771 2196 2828 lieri
2226 2772 2420 2841 potuit,
2448 2781 2506 2826 ut
2538 2769 2791 2835 Basilius,
2820 2770 2908 2823 ubi
2943 2769 3073 2823 vidit
3107 2767 3361 2823 Basiliam
3387 2770 3495 2823 An-

1928 2879 2190 2936 cyranum
2213 2905 2230 2931 ,
2268 2873 2389 2933 post
2427 2873 2572 2918 tanta
2603 2863 2847 2915 veritatis
2875 2862 3131 2915 adversus
3161 2861 3370 2916 Aetium
3400 2862 3493 2915 de-

1928 2955 2206 3010 fendenda:
2226 2955 2423 3016 studia,
2447 2955 2843 3008 Acacianorum
2876 2954 3081 3007 artibus
3112 2963 3165 3008 et
3191 2952 3492 3008 Constantii

1930 3045 2092 3101 minis
2122 3046 2340 3112 cedere,
2382 3060 2487 3100 non
2528 3056 2842 3116 exspectato.
2875 3047 2950 3100 rei
2980 3046 3124 3099 exitu
3166 3044 3356 3100 abiret.
3386 3043 3495 3099 Nec

1932 3137 2290 3207 improbabile
2328 3146 2412 3192 est
2444 3137 2759 3193 Eunomiatn
2811 3139 2934 3191 inde
2981 3150 3166 3189 ansam
3202 3137 3494 3204 arripuisse

1932 3229 2292 3286 calumniandi
2326 3249 2339 3282 :
2375 3240 2431 3283 at
2462 3244 2637 3299 neque
2665 3245 2731 3284 ex
2756 3231 2918 3294 illius,
2950 3245 3125 3299 neque
3147 3244 3208 3283 ex
3247 3229 3495 3297 Gregorii

1930 3322 2109 3377 verbis
2141 3320 2384 3377 concludi
2414 3331 2610 3391 potest,
2652 3321 2907 3375 Basiliam
2946 3321 2997 3372 in
3029 3332 3302 3374 certamen
3337 3320 3497 3374 minio

1932 3427 2018 3466 tne
2055 3414 2339 3481 prodiisse.

2002 3504 2140 3571 Quin
2169 3505 2330 3559 etiam
2383 3505 2497 3575 ipse
2546 3505 2773 3560 Basilius
2808 3514 3011 3558 malum
3060 3518 3120 3558 se
3160 3512 3216 3556 et
3266 3504 3497 3558 otiosum

1935 3596 2078 3652 inter
2104 3598 2202 3651 hos
2235 3607 2413 3652 motus
2442 3612 2547 3650 non
2586 3596 2769 3663 fuisse,
2808 3595 2901 3650 sed
2938 3610 3036 3665 pro
3065 3594 3268 3649 viribus
3299 3595 3363 3647 ad
3402 3608 3491 3647 ve-

1935 3689 2111 3742 ritatis
2140 3688 2505 3742 defensionem
2542 3689 2849 3743 incubuisse
2874 3688 3094 3741 indicat.
3121 3685 3237 3738 Non
3263 3685 3401 3737 enim
3431 3685 3496 3736 ad

1937 3781 2078 3835 aliud
2110 3790 2319 3851 tempus
2360 3781 2608 3835 videntur
2660 3779 2847 3831 referri
2896 3794 3054 3845 posse
3106 3778 3273 3835 habiti
3311 3778 3376 3832 ab
3409 3777 3498 3831 illo

1937 3872 2002 3926 de
2037 3873 2141 3926 lide
2170 3886 2450 3926 sermones
2479 3867 2818 3923 Chalcedone
2848 3878 2902 3923 et
2949 3870 3241 3936 lleracleae,
3269 3884 3497 3941 quorum

1938 3974 2123 4018 teatem
2147 3965 2277 4018 citat
2317 3964 2652 4018 Eustathium
2703 3964 2754 4017 in
2805 3964 2961 4033 epist.
3000 3964 3126 4029 225,
3177 3981 3231 4020 n.
3274 3962 3325 4015 5.
3370 3961 3501 4027 Quae

1937 4056 2281 4122 Chalcedone,
2318 4056 2509 4126 inquit,
2541 4073 2571 4109 a
2605 4057 2749 4109 nobis
2780 4058 2842 4108 de
2883 4055 2987 4120 ﬁde
3029 4057 3169 4107 dicta
3206 4065 3348 4122 sunt,
3388 4068 3504 4122 quis

1938 4163 2289 4216 stepenumero
2322 4145 2612 4208 Heracleae,
2647 4160 2761 4213 qua:
2790 4146 2936 4212 prius
2962 4147 3015 4199 in
3045 4144 3300 4199 Ca'sarea:
3319 4144 3507 4197 subur-

1939 4240 2042 4301 bio,
2075 4255 2143 4291 an
2169 4254 2271 4291 non
2295 4254 2359 4291 ex
2397 4248 2574 4289 nostra
2605 4246 2753 4303 parte
2785 4253 3013 4292 consona
3043 4248 3159 4288 sunt
3193 4236 3408 4288 omnia?
3431 4236 3506 4291 EX

1940 4329 2025 4383 his
2049 4336 2196 4387 certo
2224 4328 2524 4395 colligimus
2564 4327 2821 4384 Basiliam
2852 4330 2903 4383 in
2949 4329 3054 4384 hac
3086 4344 3266 4383 rerum
3296 4340 3507 4399 pertur-

1942 4417 2157 4473 batione
2189 4430 2408 4485 operam
2439 4432 2589 4473 suam
2621 4419 2889 4489 episcopis
2930 4434 3033 4473 non
3080 4420 3409 4486 denegasse;
3446 4435 3509 4473 ac

270 4512 364 4564 καὶ
403 4508 728 4570 Εὑστάοιος·
764 4503 844 4571 οἷς
893 4509 1039 4565 ἄλλοι
1090 4525 1147 4560 τε
1195 4510 1286 4560 καὶ
1336 4507 1614 4567 Βασίλειος
1657 4506 1824 4577 ἕτερος

1940 4511 2045 4580 jam
2074 4519 2185 4563 tam
2212 4510 2277 4562 de
2302 4508 2441 4564 illius
2463 4512 2768 4579 eloquentia
2795 4520 2848 4565 et
2869 4510 3173 4565 eruditione
3196 4525 3388 4580 magna
3414 4513 3511 4567 ho-

272 4604 453 4673 παρῆν
479 4598 838 4663 συνασπίζων,
862 4600 1120 4655 διακόνων
1137 4602 1215 4653 ἑτι
1236 4602 1387 4667 τάξιν
1422 4602 1556 4672 ἔχων
1576 4614 1588 4627 ·
1617 4598 1839 4671 δυνάμει

276 4694 374 4764 μὲν
406 4691 499 4747 τοῦ
531 4692 708 4761 λέγειν
736 4691 942 4744 πολλῶν
970 4695 1254 4765 προφέρων
1274 4711 1286 4723 υ
1316 4695 1392 4762 τῷ
1414 4694 1468 4748 δὲ
1495 4694 1589 4762 τῆς
1618 4692 1839 4761 γνώμης

273 4786 521 4857 ἁθαρσεϊ,
558 4785 694 4855 πρὸς
730 4785 854 4848 τοὺς
883 4787 1091 4848 κοινοὺς
1119 4785 1572 4857 ὑποστελλόμενος
1601 4784 1834 4852 ἀγῶνας.

276 4881 341 4935 Et
383 4896 563 4933 eorum
613 4881 841 4950 quidem,
892 4878 979 4949 qui
1040 4876 1239 4931 Filium
1279 4876 1501 4930 similem
1552 4878 1834 4928 secundum

276 4969 624 5023 substantiam
670 4969 1061 5037 proﬁtebantur,
1095 4966 1417 5035 antesignani
1441 4977 1585 5019 erant
1613 4964 1840 5017 Basilius

277 5073 325 5113 et
381 5058 713 5111 Eustathius.
775 5060 974 5125 Quibus
1024 5069 1131 5110 tum
1182 5059 1275 5112 alii
1318 5057 1533 5110 aderant
1576 5059 1840 5121 suppetias

280 5151 523 5219 ferentes,
555 5160 663 5202 tttnt
708 5148 938 5203 Basilius
976 5150 1125 5216 alter,
1186 5151 1325 5201 intra
1380 5148 1587 5200 diaconi
1618 5150 1839 5216 gradum

279 5242 448 5295 adhuc
508 5242 835 5295 consistens:
870 5242 1075 5295 dicendi
1123 5243 1329 5310 quidem
1369 5239 1615 5308 facultate
1668 5241 1841 5292 multis

280 5335 538 5401 superior,
590 5348 762 5387 rerum
791 5335 851 5386 ob
884 5334 1212 5386 timiditatem
1250 5344 1296 5386 et
1330 5332 1577 5399 pusillum
1610 5334 1839 5382 animum

281 5426 515 5491 publicas
572 5425 948 5491 disputationes
994 5422 1284 5478 declinans.
1334 5422 1614 5475 Manifesta
1652 5422 1844 5488 premit

284 5515 528 5569 Eunomii
587 5516 808 5585 vestigia
861 5514 1289 5585 Philostorgius:
1336 5513 1588 5566 [insiliunt
1650 5514 1845 5565 fatetur

356 5724 433 5788 (α)
459 5721 573 5775 Lib.
613 5738 684 5782 tv,
715 5738 762 5774 ρ.
794 5722 881 5775 ‘23.

358 5790 432 5857 (ὁ)
463 5792 598 5857 Nysi.“
628 5830 642 5853 ,
675 5808 687 5839 ι
731 5790 949 5841 firmam.

1947 4599 2149 4654 minam
2189 4601 2464 4655 exstitisse
2490 4599 2713 4667 judicia.

2017 4690 2079 4744 ll.
2111 4690 2265 4745 Auno
2290 4690 2417 4755 360,
2452 4690 2737 4745 formulam
2774 4691 3191 4755 Ariminensem,
3225 4707 3343 4760 quae
3389 4701 3510 4745 tan-

1946 4794 2026 4838 tas
2053 4795 2262 4853 strages
2288 4784 2341 4837 in
2380 4782 2619 4839 Ecclesia
2665 4784 2851 4849 edidit,
2898 4785 3357 4855 Constantinopoli
3383 4785 3497 4840 Ca:-

1944 4891 2152 4931 saream
2231 4874 2410 4929 attulit
2484 4876 2747 4944 Georgius
2836 4877 3053 4931 Dianius
3122 4877 3502 4945 Caesariensis,

1944 4966 2043 5019 etsi
2072 4964 2313 5019 Sicanos
2352 4963 2540 5019 Patres
2576 4967 2751 5035 magni
2804 4965 3077 5031 faciebat;
3134 4967 3299 5020 cessit
3330 4975 3507 5021 tamen

1948 5058 2170 5126 tempori
2199 5066 2252 5111 et
2280 5057 2523 5113 formula:
2565 5059 2905 5128 subscripsit.
2948 5056 3059 5113 Hec
3096 5058 3236 5113 illius
3261 5074 3386 5113 casu
3414 5061 3510 5114 do-

1944 5148 2042 5200 luit
2078 5146 2432 5202 insolabiliter
2461 5147 2694 5204 Basilius
2727 5164 2844 5201 cum
2877 5148 3064 5212 multis
3096 5146 3216 5201 aliis
3252 5150 3301 5201 in
3337 5151 3508 5215 patria

1947 5241 2256 5295 timentibus
2282 5241 2469 5306 Deum,
2507 5253 2557 5297 et
2589 5260 2616 5295 a
2664 5242 2835 5296 Diauii
2862 5242 3244 5295 communione
3273 5240 3510 5294 creditur

1950 5332 2259 5387 recessisse.
2293 5332 2405 5385 Non
2427 5340 2604 5385 tamen
2632 5334 2837 5385 videtur
2866 5331 3051 5399 paltnr
3070 5342 3123 5384 et
3151 5340 3332 5399 aperte
3363 5346 3509 5383 cum—

1954 5423 2257 5477 tnunionem
2289 5425 2334 5477 ei
2387 5425 2757 5486 renuntiasse;
2792 5425 2884 5477 sed
2940 5432 3144 5477 tantum
3199 5421 3513 5475 occasiones

1956 5532 2075 5568 cum
2112 5531 2177 5569 eo
2212 5517 2641 5570 communieandi
2676 5518 2924 5571 evitasse.
2958 5515 3089 5569 Nam
3119 5516 3167 5568 in
3202 5515 3423 5585 epistola
3450 5514 3510 5567 51

2028 5718 2094 5773 ίιθὶ
2134 5716 2243 5766 1.·1μ.
2278 5731 2345 5773 tv,
2378 5735 2421 5765 ‹·.
2460 5720 2539 5767 12.

2024 5789 2097 5850 til"
2136 5801 2144 5826 I
2184 5787 2401 5833 litt.”4-"t.
