4006 6456
495 375 663 416 XXVIII

1836 375 2363 436 PRULEGOMENA.

494 485 656 540 negat
695 475 861 528 inStar
889 491 1066 545 magni
1108 477 1349 533 criminis
1381 485 1896 540 anatheinaiizattnn
1935 507 1962 541 a
2004 507 2062 542 se
2089 499 2137 552 Α
2171 491 2415 546 Ga-sarea
2460 500 2637 546 autem
2674 496 2905 549 excessit
2945 513 3047 552 non
3094 501 3170 552 rei
3205 500 3486 568 inopinata:
3533 505 3722 558 nuntio

492 563 668 618 fuisse
705 564 952 620 Dianium
989 586 1001 621 :
1044 568 1242 625 fatetur
1293 589 1349 627 se
1395 575 1632 629 doluisse
1683 579 1822 644 quod
1859 581 1903 634 is
1937 583 2061 636 sub-

496 655 834 724 scripsisset;
867 660 961 712 sed
997 668 1196 727 tamen,
1249 666 1334 718 ubi
1391 667 1457 718 ab
1515 683 1578 720 eo
1619 672 1857 736 graviter
1895 689 2065 743 aegro-

498 755 647 799 tante
675 749 989 816 accersitus,
1022 753 1185 822 ipsius
1209 758 1531 810 sententiam
1563 762 1827 827 cognovit,
1856 767 1922 818 ad
1949 767 2064 832 ejus

495 841 928 897 communionem
963 858 1166 900 remota
1199 849 1346 900 omni
1379 854 1710 906 dubitatione
1745 857 2063 912 accessisse.

497 927 610 993 Qua
651 946 715 984 ex
770 936 1077 989 narratione
1111 947 1258 1006 patet
1297 938 1489 994 leniter
1529 943 1850 997 declinatam
1887 948 2065 1014 potius

499 1022 668 1077 fuisse
718 1028 1174 1095 commmiionem,
1229 1048 1385 1098 quam
1436 1044 1620 1102 aperte
1680 1039 2062 1093 renuntiatam.

497 1111 666 1168 Porro
702 1116 902 1169 Basilio
932 1118 984 1170 in
1034 1120 1133 1172 alia
1187 1132 1311 1176 tunc
1345 1126 1565 1179 dimcesi
1611 1126 1822 1196 degenti
1854 1129 2064 1186 facilius

494 1206 597 1258 fuit
628 1207 799 1262 Dianii
836 1209 1022 1265 honori
1055 1215 1352 1267 COIlSllit‘l’C.

573 1295 789 1353 Videtur
814 1302 913 1357 hoc
943 1319 1069 1357 casu
1127 1309 1406 1374 perculsus
1437 1308 1700 1376 Basilius,
1730 1311 1928 1368 doloris
1979 1316 2062 1370 sui

497 1391 746 1446 solatium
794 1396 846 1448 in
879 1396 1124 1466 Gregorii
1159 1402 1426 1471 colloquio
1469 1406 1808 1472 quzesivisse,
1833 1421 2064 1476 eumque

497 1479 766 1536 inrisisse.
801 1482 935 1537 Dum
964 1496 1143 1540 autem
1175 1489 1383 1557 longius
1415 1493 1604 1548 abesse
1630 1496 1840 1550 videtur
1865 1501 2064 1554 ascetis

493 1571 627 1636 suis,
664 1575 987 1630 desiderium
1026 1593 1182 1633 suum
1231 1582 1277 1635 ei
1326 1582 1670 1653 signiﬁcant,
1727 1595 1781 1640 et
1812 1597 2061 1658 tanquam

496 1665 779 1735 profugum
807 1669 1062 1724 amicitia:
1094 1683 1146 1725 et
1177 1676 1367 1742 patriae
1419 1681 1937 1735 commemoratione
1965 1697 2060 1737 co-

494 1767 693 1812 nantur
723 1759 790 1813 ad
824 1776 884 1815 se
913 1777 1190 1819 revocare.
1229 1766 1361 1820 Tum
1388 1767 1616 1824 Basilius
1643 1771 1824 1826 mirari
1868 1789 1926 1828 se
1979 1791 2062 1829 re-

2168 585 2465 649 perculsus,
2491 586 2583 638 sed
2618 600 2675 639 se
2698 586 2912 642 invidia:
2945 605 3008 643 ac
3041 592 3366 646 aemulationi
3395 593 3718 651 subducens.

2169 675 2437 729 Praeterea
2473 692 2577 730 non
2603 692 2670 731 ex
2692 679 2824 734 urbe
2856 681 2907 733 in
2939 681 3303 749 solitudinem,
3333 686 3426 738 sed
3454 685 3629 753 potius
3656 703 3722 740 ex

2168 770 2454 822 solitudine
2516 771 2566 823 in
2627 772 2812 826 urbem
2855 785 3239 841 concesserat,
3290 787 3400 829 tum
3455 794 3573 831 cum
3609 780 3725 833 haec

2168 861 2448 925 scriberet,
2483 861 2614 916 ut-in
2653 863 3000 918 adnotatione
3029 867 3095 919 ad
3123 866 3265 920 hunc
3295 867 3509 921 titulum
3538 869 3725 923 obser-

2166 954 2426 1007 vavitnus.

2237 1044 2341 1098 Sed
2373 1046 2415 1098 si
2448 1045 2574 1100 illud
2601 1061 2821 1100 manere
2855 1048 3050 1111 debet,
3083 1048 3364 1116 epistolam
3400 1048 3455 1113 8,
3497 1067 3601 1104 non
3653 1052 3723 1105 ad

2165 1132 2544 1198 Ctesarieuses,
2581 1137 2672 1190 sed
2717 1137 2782 1189 ad
2814 1137 3103 1205 discipulos
3130 1139 3386 1206 scriptam
3435 1155 3558 1196 esse
3581 1182 3596 1205 ,
3643 1140 3724 1218 lae

2169 1219 2384 1272 tendum
2435 1231 2519 1274 est
2568 1223 2898 1291 assignatam
2956 1225 3095 1294 fugzc
3135 1223 3315 1279 Basilii
3346 1243 3562 1282 causam
3614 1245 3720 1282 non

2163 1323 2352 1362 carere
2386 1309 2806 1368 diﬂicultatibus.
2857 1314 2987 1367 Nam
3021 1317 3313 1386 Gregorius
3339 1313 3590 1388 Theologi
3629 1335 3726 1388 pa-

2165 1413 2246 1455 ter
2273 1404 2412 1457 idem
2447 1407 2714 1460 commisit
2744 1422 2808 1460 ac
2856 1406 3076 1462 Dianius
3103 1451 3117 1473 ,
3169 1408 3391 1463 absente
3436 1410 3546 1464 lilio
3571 1453 3586 1476 ,
3632 1411 3720 1464 cui

2165 1506 2310 1549 certe
2341 1512 2442 1549 non
2478 1497 2764 1552 illusissent
2816 1499 3038 1563 Ariani,
3077 1511 3236 1570 atque
3267 1543 3282 1568 ,
3332 1510 3388 1553 ut
3415 1503 3704 1558 verisimile

2167 1597 2269 1650 est,
2301 1591 2436 1656 apud
2471 1588 2723 1642 Basilium
2751 1601 3139 1646 commorante.
3165 1591 3280 1646 Non
3313 1591 3540 1646 deerunt
3569 1607 3723 1662 ergo,

2165 1680 2253 1746 qui
2295 1679 2581 1743 Basilium,
2606 1679 3058 1751 subscriptionum
3099 1683 3310 1737 illarum
3345 1692 3582 1751 tempore
3607 1724 3622 1748 ,
3656 1687 3724 1738 ad

2167 1771 2484 1841 Gregorium
2515 1773 2714 1841 fugisse
2739 1785 2952 1845 negent,
2981 1790 3103 1829 cum
3137 1777 3308 1842 ipsum
3343 1787 3469 1829 tunc
3500 1779 3638 1844 apud
3665 1792 3726 1832 se

491 1852 719 1917 spondet
746 1851 846 1924 (α),
877 1856 1018 1924 quod
1042 1871 1099 1910 se
1126 1867 1402 1929 tantopere
1430 1863 1670 1931 diligant,
1701 1875 1912 1919 tenuem
1965 1870 2061 1923 ho-
2095 1835 2136 1891 Β
2167 1835 2480 1928 Gregorium
2509 1835 2752 1919 haberet.
2785 1835 2884 1920 sed
2925 1835 3126 1928 tamen,
3149 1835 3267 1919 cum
3316 1867 3447 1921 nihil
3475 1835 3615 1920 aliud
3643 1885 3726 1922 re-

494 1942 692 1996 minem
748 1961 811 1999 ac
841 1946 974 2002 nihil
1019 1948 1159 2006 forte
1219 1952 1508 2008 habentem
1558 1957 1806 2010 amabile.
1837 1957 2062 2014 Fatetur

496 2046 556 2085 se
605 2049 731 2088 casu
767 2037 1042 2107 inopinato
1086 2044 1391 2110 perculsum
1429 2045 1631 2115 fugisse
1656 2088 1672 2112 ,
1711 2064 1772 2100 ac
1803 2062 2059 2112 praeterea

495 2124 759 2180 desiderio
799 2130 996 2184 arsisse
1026 2145 1302 2188 sacrorum
1350 2145 1680 2205 dogmatnm.
1726 2140 1901 2205 Quare
1938 2157 2057 2196 cum

495 2215 602 2267 voti
637 2230 856 2285 compos
893 2218 1062 2275 factus
1097 2223 1205 2287 sit,
1253 2225 1532 2282 electionis
1585 2231 1802 2285 invento
1836 2248 1959 2288 vase
2006 2245 2060 2289 et

492 2315 652 2372 puteo
684 2306 966 2376 profundo,
1002 2313 1051 2366 id
1101 2326 1182 2368 est
1234 2315 1528 2386 Gregorio,
1567 2335 1721 2389 quem
1758 2338 1818 2378 os
1857 2324 2056 2381 Christi

492 2398 744 2466 appellat,
783 2415 970 2469 parum
1015 2407 1272 2476 temporis
1323 2409 1426 2464 sibi
1480 2415 1696 2468 concedi
1747 2417 1900 2485 petit,
1951 2435 2055 2472 non

490 2491 634 2556 quod
685 2492 898 2547 urbium
947 2501 1367 2555 commoratione
1419 2503 1739 2573 delectetur,
1783 2509 1875 2562 sed
1913 2511 2056 2578 quod

490 2584 702 2636 versari
740 2600 864 2638 cum
899 2589 1104 2641 sanctis
1133 2590 1287 2660 longe
1311 2593 1659 2649 utilissimum
1684 2611 1803 2652 esse
1828 2600 2052 2668 judicet.

491 2674 695 2730 Deinde
729 2677 1005 2744 hortatur,
1036 2692 1089 2734 ut
1119 2691 1347 2736 caveant
1372 2685 1437 2738 ab
1467 2686 1704 2754 Arianis,
1747 2692 1912 2745 multa
1948 2693 2058 2748 dis-

494 2767 727 2821 serit'dc
757 2783 946 2825 sancta
978 2772 1263 2840 Trinitate,
1303 2791 1367 2833 ac
1401 2778 1614 2848 objecta
1645 2784 1713 2836 ab
1741 2784 1956 2840 Arianis
1988 2796 2062 2842 te-

491 2858 745 2914 stimonia
777 2865 1030 2933 explicat.

566 2949 782 3006 Nullum
815 2971 944 3009 sane
960 2969 1211 3012 eventum
1247 2960 1404 3017 video
1426 2962 1478 3017 in
1509 2965 1617 3020 vita
1643 2968 1814 3022 sancti
1847 2969 2056 3035 Basilii,

489 3044 556 3098 ad
604 3060 765 3114 quem
799 3048 911 3100 haec
944 3049 1169 3117 epistola
1201 3052 1380 3122 aptius
1413 3054 1607 3109 referri
1655 3059 1846 3122 possit,
1895 3076 2055 3129 quam

492 3142 556 3188 ad
593 3137 803 3207 lapsum
838 3138 1033 3195 Dianii.
1068 3141 1218 3207 Quod
1273 3143 1416 3198 enim
1455 3145 1532 3199 ait
1571 3160 1629 3199 se
1679 3162 1736 3200 re
1782 3148 2055 3217 inopinata

495 3231 802 3293 perculsum
841 3229 1068 3302 fugisse,
1115 3236 1254 3288 velut
1283 3238 1370 3302 qui
1403 3238 1464 3290 ob
1496 3239 1789 3306 repentinos
1815 3243 2058 3306 strepitus

491 3321 633 3374 i!!t°co
690 3339 1072 3390 expavescunt,
1114 3329 1198 3383 his
1227 3329 1407 3382 verbis
1459 3330 1663 3385 indicat
1727 3331 2061 3401 gravissima:

497 3411 725 3479 alicujus
750 3414 1010 3469 molestia:
1042 3418 1311 3482 nuntium,
1342 3420 1408 3472 de
1435 3434 1542 3487 quo
1573 3436 1670 3475 nec
1693 3423 1880 3477 abiens
1905 3424 2062 3493 quid-

497 3518 656 3568 quam
693 3505 897 3559 dixerat
926 3548 942 3572 ,
987 3523 1085 3561 nec
1118 3517 1245 3562 tunc
1275 3511 1620 3564 scribendum
1655 3526 1773 3565 esse
1807 3514 2056 3569 ducebat.

496 3594 629 3648 Cum
667 3598 748 3650 his
772 3607 950 3650 autem
989 3599 1216 3656 miriﬁce
1250 3603 1481 3670 quadrat
1511 3603 1829 3673 subscripta:
1861 3620 1890 3656 a
1941 3605 2063 3658 Dia-

495 3693 586 3741 nio
616 3687 859 3743 formula:
893 3692 1060 3747 tristis
1093 3696 1316 3750 nuntius
1342 3735 1356 3758 ,
1385 3712 1544 3766 quem
1577 3712 1674 3750 cur
1699 3707 1912 3751 ascetas
1937 3712 2062 3752 suos

494 3779 743 3843 celaret,
778 3783 955 3836 multa:
983 3800 1283 3852 gravesque
1313 3802 1491 3840 causae
1524 3798 1773 3856 poterant
1815 3788 2058 3844 subesse.

494 3870 758 3940 Congruit
785 3874 944 3927 etiam
977 3891 1098 3930 cum
1140 3879 1244 3932 hoc
1282 3889 1524 3947 tempore
1555 3880 1866 3948 disputandi
1900 3886 2057 3938 ratio.

493 3962 624 4016 Nam
662 3965 888 4020 Basilius
914 3969 1087 4022 simile
1121 3979 1175 4023 et
1213 3972 1470 4028 dissimile
1520 3971 1692 4040 rejicit
1728 3973 1780 4026 in
1815 3973 1916 4028 hac
1949 3978 2065 4043 epi-

493 4056 657 4110 stola.
684 4056 826 4110 ldetn
871 4069 1049 4113 tamen
1094 4061 1145 4113 in
1181 4062 1407 4128 epistola
1434 4065 1678 4132 sequenti
1708 4107 1721 4129 ,
1752 4080 1871 4133 qua:
1898 4066 2062 4122 multo

489 4159 613 4217 post
641 4151 805 4205 scribi
839 4167 943 4206 non
992 4155 1188 4222 potuit,
1227 4172 1329 4208 non
1360 4155 1631 4222 improbat
1668 4159 1867 4224 simile,
1905 4160 2064 4212 modo

492 4243 722 4296 addatur
751 4246 883 4297 citra
926 4246 1088 4300 ullam
1135 4248 1506 4317 differentiam.
1554 4249 1724 4304 Gredo
1753 4268 1881 4322 ergo
1913 4253 2058 4306 Basi-

493 4333 647 4400 liutn,
687 4334 740 4387 in
781 4350 993 4389 summo
1025 4337 1116 4390 illo
1146 4339 1348 4403 dolore,
1380 4355 1537 4408 quem
1569 4341 1617 4394 ei
1655 4340 1856 4395 factum
1887 4342 2060 4397 Diauii

493 4428 749 4482 attulerat
776 4472 790 4495 ,
850 4445 957 4482 non
1014 4431 1247 4484 libenter
1279 4432 1513 4487 audiisse
1539 4432 1803 4501 ejusmodi
1851 4450 2059 4498 vocem,

2165 1955 2341 2022 perire
2383 1957 2600 2022 possim,
2640 1959 2779 2024 quod
2816 1957 3071 2011 Basilium
3120 1957 3298 2011 subito
3329 1959 3617 2024 perculerit
3671 1970 3727 2013 et

2163 2044 2227 2094 ad
2257 2044 2571 2110 Gregorium
2619 2048 2802 2113 fugere
2833 2047 3091 2115 coegerit,
3121 2056 3316 2113 praeter
3346 2045 3474 2100 illud
3508 2089 3522 2112 ,
3576 2050 3721 2118 quod

2163 2135 2294 2198 dixi,
2348 2136 2549 2189 factum
2583 2135 2755 2190 Diauii
2785 2177 2800 2202 ,
2833 2148 3072 2192 statuere
3104 2139 3284 2192 malim
3318 2138 3575 2208 Theologi
3625 2158 3722 2208 pa-

2164 2240 2302 2283 trem
2355 2229 2528 2283 serius
2553 2228 2934 2295 subscripsisse
2958 2247 3115 2297 quam
3147 2232 3394 2285 Dianium
3427 2231 3512 2286 vel
3541 2235 3724 2289 citius.

2163 2323 2217 2375 ld
2255 2322 2398 2376 enim
2429 2323 2566 2375 alios
2592 2321 2772 2383 citius,
2801 2320 2936 2373 alios
2967 2323 3141 2376 serius
3173 2324 3366 2378 fecisse
3396 2325 3552 2378 docet
3585 2323 3725 2378 Grec

2162 2414 2345 2482 gorius
2374 2414 2466 2482 (ὁ).
2496 2413 2632 2481 Quin
2662 2413 2823 2467 etiam
2848 2412 3096 2479 Gregorii
3129 2415 3580 2482 subscriptionem
3608 2415 3726 2470 lon-

2163 2507 2282 2576 gitis
2363 2507 2582 2563 diﬂ‘erre
2639 2509 2785 2577 cogit
2841 2509 3226 2562 monachorum
3281 2506 3724 2566 Nazianzensium

2163 2601 2352 2668 agendi
2396 2601 2552 2660 ratio.
2589 2600 2808 2654 ntinl‘ra
2847 2601 3170 2655 videbimus.

2237 2691 2324 2744 lli.
2356 2693 2509 2745 Anno
2526 2691 2624 2744 561
2653 2692 2864 2746 videtur
2887 2691 3117 2746 Basilius
3142 2689 3369 2745 Moralia
3403 2690 3719 2757 scripsisse:

2162 2797 2266 2849 quo
2285 2783 2496 2850 quidem
2521 2783 2572 2835 in
2595 2798 2755 2852 opere
2781 2783 2854 2853 (p.
2890 2782 3037 2852 229),
3065 2796 3394 2853 quaecunque
3426 2781 3652 2850 sparsim
3672 2782 3725 2838 in

2165 2872 2316 2926 Novo
2348 2873 2693 2931 Testamento
2720 2877 3006 2930 interdicta
3045 2884 3139 2928 aut
3170 2877 3466 2945 approbata
3492 2872 3730 2928 invenie-

2161 2965 2284 3027 bat,
2307 2979 2366 3017 ea
2407 2967 2645 3020 studiose
2674 2968 2724 3020 in
2771 2969 2981 3039 regulas
3008 2969 3267 3037 quasdam
3301 2963 3730 3037 compendiarias

2163 3054 2400 3122 collegit,
2428 3056 2677 3125 apposito
2709 3057 2773 3108 a'd
2801 3058 3043 3126 singulas
3077 3057 3289 3126 regulas
3314 3071 3541 3110 numero
3573 3052 3728 3122 capi-

2168 3154 2277 3197 tum
2308 3145 2627 3214 Scripturte,
2648 3161 2764 3214 qua!
2793 3147 2974 3214 regula
3001 3146 3239 3212 qualibet
3265 3143 3728 3214 comprehendun-

2170 3245 2277 3287 tur.
2322 3238 2530 3301 Quibus
2572 3247 2750 3291 autem
2781 3240 2962 3293 causis
2993 3239 3058 3292 ad
3089 3239 3192 3292 hoc
3234 3251 3371 3305 opus
3406 3235 3730 3291 elucubrati-

2164 3324 2287 3378 tlum
2319 3328 2579 3381 adductus
2609 3327 2793 3392 fuerit,
2823 3330 2939 3382 fuse
2968 3330 3020 3381 in
3055 3328 3316 3396 prooemio
3369 3327 3620 3381 edisserit
3651 3326 3726 3395 (p.

2161 3421 2310 3487 214).
2347 3421 2477 3474 Nam
2504 3435 2623 3473 cum
2649 3420 2815 3472 variis
2843 3420 2892 3472 in
2913 3419 3457 3487 peregrinationibus,
3489 3435 3622 3487 quas
3649 3421 3732 3472 vir

2162 3515 2338 3568 factus
2369 3514 2536 3575 obiit,
2566 3513 2615 3565 in
2644 3511 2764 3564 aliis
2794 3510 3009 3579 quidem
3061 3509 3362 3578 disciplinis
3403 3519 3456 3563 et
3485 3511 3729 3578 artibus,

2163 3622 2427 3659 summam
2460 3606 2602 3658 inter
2623 3618 2734 3664 eos,
2767 3617 2796 3654 a
2827 3603 3022 3672 quibus
3070 3601 3173 3655 ilhc
3219 3611 3363 3655 artes
3388 3602 3726 3666 excoluntur,

2164 3697 2503 3750 concordiam
2537 3695 3024 3756 animadvertisset,
3055 3699 3105 3747 in
3137 3693 3378 3748 Ecclesia
3411 3703 3588 3748 autem
3615 3694 3733 3766 plu-

2165 3789 2328 3840 ritnos
2352 3796 2402 3839 el
2429 3787 2566 3839 inter
2590 3801 2647 3838 se
2677 3795 2729 3838 et
2755 3799 2876 3838 cum
2900 3787 3196 3853 Scripturis
3227 3786 3434 3842 sanctis
3469 3802 3733 3858 pugnare,

2163 3889 2237 3942 et,
2266 3880 2409 3948 quod
2456 3881 2686 3930 maxime
2731 3877 3057 3930 horrendum
3092 3886 3174 3929 cst
3205 3916 3220 3940 ,
3261 3881 3544 3945 episcopos
3587 3879 3733 3945 ipsos
3795 3865 3798 3868 ’

2166 3973 2304 4024 inter
2333 3984 2391 4023 se
2419 3967 2699 4038 digladiari
2727 4005 2741 4030 ,
2776 3982 2837 4020 ac
2877 3965 3078 4019 Christi
3131 3965 3402 4016 mandatis
3430 3965 3728 4028 adversari,

2165 4076 2217 4117 et
2245 4063 2539 4118 Ecclesium
2567 4061 2902 4126 dilacerare;
2937 4056 3071 4112 tanti
3103 4055 3225 4109 mali
3261 4064 3421 4122 caput
3449 4063 3502 4108 et
3528 4054 3730 4109 fontem

2167 4165 2391 4207 conatus
2416 4164 2497 4207 est
2543 4152 2891 4220 investigare.
2925 4151 3001 4203 Ac
3055 4149 3229 4218 primo
3253 4147 3465 4214 quidem
3495 4146 3731 4200 incertus

2169 4245 2427 4306 hauebat,
2472 4253 2525 4296 et
2573 4243 2810 4295 animum
2844 4254 2990 4294 nunc
3020 4239 3143 4300 huc,
3175 4250 3316 4289 nunc
3349 4235 3475 4290 illuc
3515 4237 3727 4290 divide-

2167 4337 2293 4398 bat;
2348 4338 2441 4388 setl
2481 4335 2694 4387 tandem
2726 4333 2863 4387 hanc
2916 4332 3041 4386 ntali
3095 4329 3357 4394 originem
3391 4330 3728 4384 verissimam

2167 4424 2544 4494 deprehendit,
2583 4422 2728 4490 quod
2759 4437 2864 4476 non
2897 4423 3132 4492 quisque
3161 4420 3302 4490 regis
3332 4421 3532 4475 Christi
3564 4426 3728 4470 nutus

494 4519 547 4571 iu
585 4536 686 4587 qua
732 4521 890 4576 toties
927 4523 1167 4577 luserant
1191 4525 1374 4578 Ariani
1404 4567 1417 4591 ,
1466 4540 1529 4579 ac
1577 4540 1749 4594 nuper
1789 4525 1978 4580 Dianio
2007 4537 2061 4581 et
2093 4532 2136 4586 1)
2171 4521 2495 4580 intueretur,
2519 4515 2615 4569 sed
2642 4516 2957 4585 Opinionum
2995 4525 3211 4566 suarum
3246 4510 3568 4567 commentis
3611 4507 3726 4578 ple-4

493 4612 792 4667 innumeris
817 4615 935 4668 aliis
964 4616 1142 4669 fucum
1164 4620 1424 4669 fecerant.

563 4706 782 4775 Decepit
807 4706 1045 4758 eruditos
1073 4707 1216 4760 viros
1266 4706 1506 4775 epistolae
1554 4709 1762 4773 titulus,
1797 4723 1914 4778 quae
1943 4708 2060 4761 Cte-

489 4797 822 4850 sariensibus
879 4797 1218 4862 inscribitur,
1249 4813 1477 4869 eamque
1532 4813 1673 4853 anno
1719 4801 1823 4855 563
1881 4799 2052 4854 Gaesa-

491 4888 655 4940 rieusi
680 4888 820 4956 plebi
853 4889 1111 4957 scriptam
1142 4889 1496 4957 existimant,
1531 4907 1654 4946 cum
1688 4891 1919 4947 Basilius
1943 4906 2058 4959 pre-

491 4979 678 5048 sbyter
705 4980 820 5046 paci
850 4979 1104 5034 Ecclesiae.
1131 4984 1413 5037 commoda
1447 4999 1541 5037 sua
1584 4983 1928 5052 posthabens,
1963 4998 2048 5035 su-

496 5066 833 5135 spicionibus
887 5070 1101 5126 Eusebii
1152 5073 1392 5142 episcopi
1423 5080 1612 5140 cessit,
1645 5090 1810 5142 seque
1850 5076 1902 5128 in
1931 5074 2060 5128 soli-

490 5161 730 5213 tudinem
760 5161 914 5215 Ponti
941 5181 1042 5217 una
1087 5183 1207 5220 cum
1246 5165 1509 5236 Gregorio
1539 5167 1881 5223 Nazianzeno
1912 5183 2060 5222 rece-

489 5252 586 5318 pit.
615 5250 810 5303 Mirum
852 5268 982 5308 sane
1016 5271 1120 5308 non
1158 5268 1323 5322 esset,
1354 5258 1397 5312 si
1425 5257 1633 5326 plebem
1670 5259 2057 5316 Gtcsariensem

489 5344 598 5395 cito
625 5343 805 5398 Basilii
840 5345 1168 5401 desiderium
1197 5349 1447 5417 cepisset,
1485 5365 1716 5419 cumque
1742 5353 1902 5406 veluti
1935 5367 2060 5421 pro-

489 5435 676 5506 iugum
716 5439 904 5507 patriae
936 5449 989 5493 et
1030 5443 1281 5496 amicitiae
1341 5445 1855 5499 commemoratione
1905 5460 2060 5499 revo-

491 5541 689 5583 Casset.
719 5530 825 5586 Sed
860 5533 1029 5600 ipsant
1057 5536 1215 5586 etiam
1252 5535 1404 5590 Ponti
1433 5537 1775 5591 solitudinem
1804 5554 1942 5607 sa‘pe
1968 5539 2058 5589 Ba-

494 5622 644 5673 Silius
701 5625 930 5690 patriam
971 5640 1120 5678 suam
1157 5627 1431 5695 appellat,
1470 5641 1525 5684 ut
1581 5644 1746 5698 supra
1802 5631 2052 5684 vidimus.

561 5801 635 5873 ta)
665 5802 758 5874 Ep.
797 5807 847 5860 8.

2168 4613 2321 4679 rique
2378 4608 2495 4675 ejus
2550 4609 2800 4662 mandata
2849 4619 2911 4657 ac
2953 4605 3279 4658 voluntatem
3321 4600 3723 4674 posthaberent.

2165 4703 2458 4772 Postquam
2507 4709 2720 4766 autem,
2772 4699 2878 4752 lixa
2913 4694 3026 4764 ejus
3073 4699 3252 4750 animo
3303 4696 3405 4748 hac
3436 4697 3725 4758 sententia,

2166 4799 2294 4852 illud
2325 4797 2491 4851 etiam
2550 4790 2916 4848 consideravit
2944 4832 2958 4854 ,
2988 4791 3362 4846 inobedientiae
3394 4786 3594 4840 crimen
3645 4787 3728 4840 in-

2166 4905 2410 4954 currere,
2444 4890 2486 4942 si
2511 4891 2632 4957 quis
2662 4886 2746 4940 vel
2772 4884 2936 4938 semel
2966 4892 3186 4954 peccet,
3222 4893 3284 4930 ac
3331 4877 3440 4939 ipsa
3478 4878 3728 4947 ignoran-

2167 4984 2252 5036 tia:
2309 4991 2529 5052 peccata
2563 4994 2775 5046 poenam
2826 4993 2927 5029 ttnn
2964 4974 3233 5040 ellugere;
3282 4971 3388 5024 imo
3417 4985 3508 5025 eos
3538 4970 3724 5032 etiam,

2162 5078 2254 5146 qui
2286 5076 2419 5130 nihil
2447 5081 2762 5143 pet-carum,
2783 5073 2874 5124 sed
2908 5075 3249 5140 peccatorum
3275 5065 3408 5119 satis
3441 5066 3727 5116 vehemen-

2164 5179 2244 5220 tes
2274 5166 2741 5218 aniinadversores
2765 5176 2869 5214 non
2906 5161 3075 5218 fuere,
3107 5156 3341 5225 graviter
3377 5152 3586 5220 puniri:
3613 5158 3724 5202 tum

2163 5278 2294 5317 vero
2331 5276 2507 5331 Opera:
2539 5259 2767 5328 pretium
2808 5273 2926 5311 esse
2955 5255 3106 5307 duxit
3143 5255 3206 5305 ad
3246 5261 3423 5304 certas
3463 5246 3723 5317 quasdam

2166 5355 2375 5423 regulas
2414 5367 2702 5411 revocare.
2735 5366 2794 5404 ac
2831 5349 2992 5400 veluti
3027 5348 3076 5398 in
3121 5346 3341 5400 totidem
3379 5344 3554 5411 tapita
3585 5341 3725 5394 redi-

2162 5461 2313 5516 gere,
2349 5457 2680 5512 qutceunque
2710 5441 2761 5493 in
2793 5439 3088 5508 Scripturis
3136 5445 3385 5492 vetantur
3415 5445 3506 5488 aut
3533 5439 3723 5503 praici-

2167 5539 2400 5605 piuntur.

2241 5627 2327 5678 Sic
2349 5643 2501 5680 suum
2531 5630 2642 5698 ipse
2674 5629 2957 5684 consilium
2993 5626 3216 5680 Basilius
3241 5623 3456 5692 exponit
3479 5621 3529 5673 in
3558 5634 3717 5688 procer

2243 5803 2312 5876 (li)
2351 5805 2440 5860 Or.
2473 5808 2560 5858 ‘21.
