4006 6458
1578 410 1731 464 VlTA
1772 410 1827 463 S.
1870 409 2124 465 BASILII.

3333 426 3457 465 XIII

241 524 352 577 mlo
389 520 679 577 Mora/ibus
717 521 956 592 praefixo,
982 522 1119 589 quod
1149 524 1459 578 inscribitur
1490 524 1539 577 in
1565 526 1809 579 omnibus
1836 533 1878 588 Α
1913 526 2129 595 scripsit
2162 522 2389 576 Moralia
2414 539 2435 575 :
2460 537 2558 579 nee
2586 523 2676 577 tali
2712 524 2859 593 operi
2884 525 2995 578 haec
3022 525 3344 593 congruebat
3372 544 3462 581 ac-

239 615 521 669 mdicibus
551 629 680 668 mss.
729 625 782 669 et
815 617 971 671 editis
1008 615 1081 669 De
1121 617 1322 684 judicio
1359 615 1474 671 Dei.
1521 616 1622 670 Sed
1671 617 1805 674 alius

242 712 371 763 huic
403 711 667 777 prooemio
698 711 885 763 titulus
910 710 1067 763 datur
1105 710 1156 761 in
1181 709 1315 763 libro
1339 725 1374 762 ll
1409 709 1482 763 De
1528 708 1803 776 baptismo,

242 812 444 870 quaest.
490 803 545 865 5,
579 802 665 854 ubi
700 804 886 856 eadem
912 803 1132 870 quzaestio
1170 817 1231 856 ac
1261 801 1310 854 in
1348 802 1606 870 prommio
1634 800 1808 854 Mora-

242 894 379 946 lium
411 894 732 959 instituitur,
763 894 843 947 An
888 893 1165 961 cujuslibet
1202 895 1440 947 mandati
1476 904 1802 962 pratergres-

241 986 323 1037 sio
356 987 436 1036 ira
464 996 511 1037 et
543 995 709 1036 morte
728 986 883 1054 digna
907 988 992 1038 sit.
1012 984 1145 1038 Tum
1177 986 1450 1053 responsio
1480 986 1556 1038 sic
1588 985 1802 1054 incipit:

248 1075 466 1129 Dictum
495 1088 573 1130 est
611 1080 817 1145 quidem
861 1078 1027 1144 fusius
1067 1076 1129 1128 de
1172 1077 1267 1128 hoc
1294 1086 1593 1143 argumento
1616 1078 1668 1127 in
1699 1076 1806 1137 epi-

241 1169 380 1221 stola
423 1168 497 1222 De
528 1172 829 1223 concordia.
868 1166 1059 1235 Liquet
1091 1168 1310 1221 iudicari
1342 1169 1653 1236 prooemium
1681 1167 1804 1220 illud

252 1259 549 1315 Horalium
576 1279 593 1315 :
626 1262 767 1331 quod
821 1260 1034 1329 quidem
1090 1261 1282 1314 merito
1308 1269 1527 1313 vocatur
1558 1259 1802 1327 epistola,

244 1371 371 1412 cum
404 1356 577 1407 instar
606 1352 844 1422 epistola:
876 1352 1276 1419 nuncupatorice
1326 1360 1539 1404 ascetas
1568 1350 1803 1418 compel-

245 1450 339 1511 let,
395 1461 622 1515 quorum
665 1453 851 1513 rogatu
884 1443 1114 1497 Basilius
1151 1441 1376 1494 Moralia
1411 1451 1800 1510 composuerat.

245 1540 358 1595 Nec
392 1540 570 1591 minus
596 1536 875 1589 commode
918 1535 1115 1588 dicitur
1143 1531 1363 1600 epistola
1392 1534 1456 1585 de
1493 1532 1799 1586 concordia.

247 1630 396 1687 Nihil
417 1629 560 1683 enim
587 1628 729 1681 aliud
759 1628 860 1681 sibi
904 1626 1153 1695 proponit
1182 1624 1431 1683 Basilius,
1465 1624 1566 1678 nisi
1606 1632 1659 1676 ut
1688 1622 1802 1677 dis-

252 1722 568 1777 seusiouum
595 1734 814 1774 causam
855 1718 1089 1787 aperiat;
1123 1724 1174 1767 et
1206 1714 1461 1784 quidquid
1495 1715 1558 1767 de
1602 1712 1804 1779 judicio

245 1815 337 1869 Dei
374 1813 627 1876 disserit,
659 1811 782 1864 illud
820 1810 883 1864 ad
918 1823 1070 1864 suum
1121 1806 1425 1863 concordiae
1470 1806 1803 1862 stabiliendae

246 1905 584 1975 propositum
616 1903 794 1958 refert.

313 1992 619 2061 Antequam
652 1991 880 2045 Moralia
916 1988 1172 2057 inciperet
1199 1988 1448 2051 Basilius,
1483 1988 1623 2057 piam
1648 1998 1701 2042 et
1724 2002 1807 2042 sa-

243 2097 369 2137 nam
395 2082 697 2151 exponebat
733 2082 797 2133 de
823 2079 981 2131 Patre
1010 2089 1065 2133 et
1107 2079 1242 2131 Filio
1276 2088 1330 2131 et
1362 2078 1565 2146 Spiritu
1617 2087 1806 2132 sancto

245 2171 429 2224 ﬁdem.
475 2170 581 2225 Sed
614 2168 795 2225 nescio
820 2168 1085 2236 quomodo
1134 2181 1251 2235 qua:
1280 2167 1365 2221 hic
1391 2168 1708 2231 disserebat,
1740 2168 1803 2221 de

240 2276 336 2316 sua
371 2263 498 2315 sede
555 2266 876 2322 cesserunt,
937 2272 1228 2327 eorumque
1277 2258 1393 2312 loco
1423 2258 1635 2311 inducta
1659 2272 1805 2325 qua:-

241 2355 364 2408 dam
428 2350 652 2419 epistola
687 2349 752 2403 de
804 2348 926 2415 ﬁde,
962 2365 1079 2419 qua:
1139 2350 1242 2405 huc
1298 2350 1515 2403 minime
1543 2348 1790 2415 pertinet.

240 2445 372 2499 Nam
408 2442 463 2496 1⁸
508 2440 739 2493 Moralia
790 2441 1017 2509 primum
1058 2456 1192 2510 opus
1250 2441 1496 2494 videntur
1544 2454 1660 2494 esse
1695 2440 1801 2492 Ba-

240 2539 346 2593 silii
390 2554 404 2590 :
446 2535 558 2588 haec
614 2543 790 2588 autem
827 2534 893 2587 de
947 2533 1048 2587 lidc
1089 2532 1308 2602 epistola
1349 2541 1466 2600 post
1496 2532 1668 2587 editas
1711 2532 1802 2585 ad-

240 2641 433 2680 versus
464 2626 744 2679 haereticos
761 2624 1185 2679 clucubrationes
1208 2622 1405 2691 scripta
1436 2635 1518 2675 est
1570 2621 1647 2689 (p.
1672 2621 1802 2685 2'24,

240 2718 346 2771 2'25
379 2727 434 2772 et
485 2716 636 2785 2‘29),
665 2732 894 2784 cinnque
948 2716 1226 2785 presbyter
1260 2722 1402 2769 esset
1456 2714 1683 2768 Basilius
1714 2721 1806 2767 aut

241 2812 565 2881 episcopus,
618 2819 675 2862 ut
724 2810 983 2876 patet'cx
1048 2806 1132 2861 his
1178 2806 1355 2861 verbis
1409 2807 1484 2875 (p.
1526 2806 1676 2875 9.28),
1730 2807 1804 2860 sic

237 2903 524 2965 sentimus,
573 2900 647 2953 sic
696 2897 1053 2964 bap'izamus,
1102 2906 1206 2950 etc.
1260 2896 1320 2950 ἳο
1361 2894 1685 2950 Prooemium
1739 2897 1804 2951 de

244 2993 451 3063 judicio
480 2990 572 3045 Dei
609 2990 689 3043 sic
720 2986 838 3040 linit
878 2986 1106 3042 Basilius
1137 2989 1201 3041 ad
1235 2988 1622 3055 expositionem
1680 2986 1799 3040 tldei

252 3084 526 3139 transiens
564 3099 578 3134 :
622 3079 689 3133 Et
713 3081 960 3148 quoniam
986 3082 1198 3133 memini
1226 3080 1462 3144 Apostoli
1506 3079 1592 3147 qui
1633 3079 1802 3131 dicit:

249 3194 266 3226 ι
303 3175 371 3229 In
404 3174 614 3229 Christo
659 3170 786 3224 Iesu
839 3187 1001 3234 neque
1048 3172 1372 3224 circumcisio
1404 3172 1606 3240 aliquid
1642 3171 1800 3233 valet,

246 3284 405 3329 neque
432 3265 745 3329 prarputium
769 3279 788 3316 ,ο
817 3266 906 3316 sed
932 3264 1060 3331 ﬁdes
1093 3280 1208 3333 quin
1230 3280 1319 3331 per
1342 3264 1647 3318 charitatem
1684 3281 1805 3334 ope-

250 3370 398 3409 ratur
431 3357 470 3420 ¹,
516 3375 535 3406 ι
568 3372 883 3425 consequens
926 3356 1083 3410 simul
1127 3375 1187 3411 ac
1239 3360 1588 3411 necessarium
1630 3360 1808 3411 existi-

242 3450 378 3500 mari
402 3448 476 3518 (p.
503 3448 654 3513 23.5),
688 3461 742 3503 ut
773 3467 953 3503 sanam
1005 3450 1161 3517 [idem
1195 3468 1257 3503 ac
1291 3453 1426 3517 piant
1456 3452 1518 3505 de
1569 3451 1726 3504 Patre
1756 3461 1804 3503 et

241 3538 388 3594 Filio
420 3553 465 3594 ct
497 3540 696 3609 Spiritu
735 3552 917 3596 sancto
963 3546 1268 3596 sententiam
1300 3547 1448 3610 prius
1476 3559 1798 3611 exponerem,

243 3644 289 3686 et
329 3635 404 3687 ita
438 3636 645 3688 demum
701 3634 922 3687 moralia
968 3645 1267 3688 atteret-em.
1295 3634 1547 3686 Protinus
1574 3646 1699 3700 ergo
1733 3632 1802 3688 de

248 3725 351 3777 ﬁde
389 3725 682 3792 incipiebat
707 3724 995 3785 disserere,
1028 3726 1168 3775 nulla
1199 3725 1298 3774 alia
1346 3723 1579 3777 adhibita
1611 3724 1806 3793 praela-

245 3814 412 3865 ti0ne.
442 3815 508 3864 At
529 3813 751 3881 epistola
784 3814 847 3864 de
878 3811 979 3865 [ide
1004 3812 1143 3865 hanc
1166 3814 1762 3884 exhibetprwlationeiu
1788 3834 1803 3870 :

245 3902 337 3956 Dei
372 3903 554 3969 Optimi
578 3904 748 3971 gratia
775 3919 891 3955 cum
920 3904 1047 3957 mihi
1087 3905 1391 3961 innotuisset
1430 3917 1609 3959 vestra:
1641 3908 1806 3974 pieta-

243 3994 309 4047 tis
367 3993 715 4049 mandatum.
765 4003 869 4049 etc.
924 3994 1091 4049 Nemo
1137 4012 1239 4049 non
1293 3997 1433 4049 videt
1491 4011 1649 4064 quam
1697 3998 1807 4050 haec

244 4087 383 4141 inter
433 4102 493 4142 se
543 4088 963 4142 disconwniant.
1003 4087 1061 4139 5°
1116 4087 1345 4154 Scripsit
1388 4086 1618 4141 Basilius
1669 4089 1807 4140 hanc

246 4180 526 4249 epistolam
558 4221 571 4241 ,
609 4180 984 4231 nonnullorum
1031 4179 1303 4231 hominum
1342 4191 1554 4245 rogatu,
1606 4180 1696 4245 qui
1737 4180 1805 4233 ab

246 4289 308 4325 eu
360 4273 631 4341 petierant
662 4271 761 4339 τῆς
791 4269 1045 4333 εὐσεϐοῦς
1099 4269 1331 4333 πίστεως
1376 4271 1646 4340 ἔγγραφον
1675 4272 1804 4340 ὁμο-

243 4363 449 4433 λογίαν,
482 4362 581 4428 pia:
611 4364 737 4429 ﬁdei
764 4364 975 4430 petitam
1003 4378 1067 4416 ea:
1091 4360 1382 4429 Scripturis
1410 4361 1803 4430 confessionem,

244 4459 315 4510 ita
349 4468 407 4511 ut
440 4456 891 4510 consubstantiali
919 4466 1148 4511 careret.
1194 4458 1395 4510 Annuit
1420 4472 1602 4511 eorum
1631 4458 1805 4523 preci-

245 4547 344 4601 bus
378 4566 393 4599 :
438 4547 528 4601 sed
565 4560 631 4598 ne
658 4544 778 4613 quis
808 4548 999 4600 merito
1030 4546 1444 4614 reprehenderet
1464 4544 1802 4598 emissionem
1834 4582 1881 4642 Β

244 4634 720 4690 εοῐιειιιιιςιῑιηιὶίιιιε
752 4673 767 4697 ,
820 4636 1081 4691 rationem
1142 4635 1313 4689 reddit
1344 4649 1458 4701 cur,
1493 4650 1611 4688 cum
1647 4647 1802 4691 antea

245 4728 295 4781 in
339 4728 649 4781 refellendis
680 4725 942 4781 haereticis
973 4742 1129 4780 voces
1157 4728 1485 4789 adhibuerit,
1522 4740 1640 4794 qua:
1667 4728 1805 4780 scri-

244 4827 345 4888 ptz
384 4832 489 4870 non
524 4826 689 4878 sunt,
748 4829 890 4870 nunc
946 4815 1215 4869 abstineat
1271 4816 1527 4883 ejusmodi
1562 4817 1803 4881 vocibus,

242 4924 356 4979 qua:
408 4909 536 4975 ipsis
568 4909 757 4962 litteris
783 4918 826 4961 et
865 4904 1081 4976 syllabis
1122 4910 1173 4960 in
1208 4907 1479 4976 Scriptura
1507 4907 1681 4960 divina
1705 4925 1807 4961 non

244 5000 596 5068 reperiuntur,
648 5002 855 5052 tametsi
908 4998 1113 5050 insitam
1165 4997 1448 5066 Scriptura
1500 5003 1805 5053 sententiam

246 5102 454 5145 servant
508 5089 582 5160 (p.
610 5088 759 5157 92$).
792 5090 1047 5145 Privatim
1097 5104 1224 5160 ergo
1278 5093 1546 5146 nonnullis
1576 5093 1805 5147 consulit

248 5180 515 5246 Basilius,
568 5194 730 5250 seque
774 5182 837 5232 ad
877 5195 1061 5236 eorum
1104 5180 1468 5236 inﬁrmitatem
1505 5199 1804 5237 accommo-

247 5268 362 5328 (Jul,
393 5269 839 5324 consubstantiali
878 5268 1336 5339 pnetermittendo
1358 5314 1372 5337 ,
1397 5274 1537 5341 quod
1571 5272 1639 5326 illi
1668 5271 1805 5328 forte

248 5362 483 5415 nondum
509 5372 827 5433 receperant
864 5381 875 5416 :
909 5364 1002 5418 sed
1042 5376 1379 5435 nequaquam
1408 5379 1593 5419 eorum
1622 5374 1803 5432 rogatu

318 5562 333 5592 ¹
360 5559 534 5614 Garat.
568 5576 618 5619 ν,
646 5562 694 5613 ὓ.
776 5562 793 5591 ¹
824 5559 941 5617 Act.
971 5580 1056 5624 xx,
1091 5561 1176 5615 '50.

313 5769 388 5832 (a)
412 5769 544 5821 Cod.
586 5771 701 5823 191.

316 5839 388 5907 (b)
422 5839 492 5893 Dc
523 5842 705 5909 synod.

1834 1873 1879 1930 B

1831 3230 1873 3288 C

1908 614 2387 671 commodatiO.Ex
2444 615 2525 669 his
2580 614 2747 683 liquet
2806 616 2860 670 in
2911 616 3011 671 hoc
3056 618 3360 673 testimonio
3386 620 3462 691 (β.

1906 707 2029 777 228)
2056 749 2071 773 ,
2112 707 2187 759 sic
2223 707 2478 760 sentimus
2527 708 2703 776 sicque
2753 706 3080 776 baptisamus
3119 709 3174 762 in
3212 707 3465 764 Trinitata

1907 799 2346 852 consubstantiali
2376 839 2390 862 ,
2443 810 2767 867 postremam
2830 814 3011 855 vocem
3059 804 3463 871 expungendam

1905 907 2051 955 esse,
2084 902 2140 945 ut
2172 907 2290 959 quae
2333 889 2513 945 Basilii
2543 891 2802 959 promisso
2830 900 2883 946 et
2911 892 3156 948 instituto
3186 904 3460 965 repugnet,

1906 996 1968 1033 ac
1991 981 2039 1033 in
2069 982 2303 1048 pluribus
2328 996 2457 1035 mss.
2489 981 2648 1035 desit.

1976 1068 2090 1124 Jam
2125 1070 2294 1124 Photii
2328 1070 2403 1139 (a)
2435 1079 2674 1140 tempore
2703 1069 2926 1124 Moralia
2949 1070 3269 1127 Basiliicnm
3302 1074 3464 1130 utris-

1905 1176 2013 1230 que
2076 1162 2268 1230 regulis
2318 1162 2369 1215 in
2411 1178 2574 1215 unum
2621 1162 2783 1216 veluti
2817 1179 3009 1233 corpus
3042 1166 3254 1218 redacta
3284 1176 3461 1233 erant,

1904 1254 2045 1320 quod
2075 1252 2351 1306 dicebatur
2404 1252 2649 1306 Ascetica
2689 1252 2890 1307 Basilii.
2928 1253 3032 1309 Sed
3078 1267 3254 1309 tamen
3290 1257 3467 1312 diver-

1907 1360 2026 1399 Sllm
2085 1357 2239 1413 opus,
2279 1343 2491 1414 Regula!
2538 1354 2592 1397 et
2640 1341 2893 1405 Moralia,
2923 1360 3020 1399 nec
3063 1345 3197 1398 idem
3232 1356 3461 1417 tempus,

1911 1449 2008 1487 nec
2065 1434 2345 1487 consilium
2379 1434 2538 1487 idem.
2576 1431 2804 1486 Horatia
2843 1435 3095 1489 videntur
3121 1437 3315 1505 scripta
3362 1436 3468 1492 sub

1904 1524 2063 1580 linem
2092 1526 2301 1596 imperii
2332 1524 2655 1591 Constantii,
2696 1541 2836 1579 anno
2858 1527 2981 1581 36L
3020 1527 3168 1594 Quod
3194 1530 3333 1583 enim
3388 1530 3465 1584 ait

1903 1616 1977 1687 (p.
2009 1616 2140 1686 9.25)
2170 1632 2227 1671 se
2264 1632 2387 1672 sero
2412 1619 2514 1672 hoc
2548 1633 2682 1686 opus
2704 1620 2985 1686 perlicere,
3014 1631 3293 1689 propterea
3324 1622 3463 1690 quod

1902 1708 2034 1763 alios
2083 1710 2324 1763 veritatis
2353 1710 2665 1764 defensores
2708 1721 3081 1780 exspectaret,
3116 1728 3214 1767 nec
3258 1721 3464 1768 tantum

1903 1797 2004 1852 sibi
2062 1798 2176 1868 ipse
2203 1799 2499 1853 conﬁderet
2522 1840 2537 1863 ,
2569 1810 2625 1853 ut
2653 1801 2755 1855 hoc
2789 1801 2937 1855 solus
2956 1804 3361 1872 aggrederetur,
3413 1805 3467 1860 id

1905 1898 2219 1956 argumento
2249 1898 2333 1942 est
2362 1886 2616 1942 Basilium
2651 1906 2755 1944 non
2788 1894 2969 1945 statim
3010 1903 3168 1959 atque
3215 1909 3281 1949 ex
3308 1911 3467 1964 pere-

1909 1977 2299 2047 grinationibus
2330 1978 2507 2041 rediit,
2539 1978 2605 2031 ad
2639 1978 2778 2034 hanc
2807 1980 3262 2035 elucubrationem
3289 1985 3466 2053 prosi-

1903 2067 2085 2123 luisse.
2114 2068 2220 2123 Sed
2252 2080 2430 2127 tamen
2464 2070 2722 2124 timiditas
2761 2071 2847 2124 illa
2876 2072 3131 2125 indicium
3154 2082 3237 2129 est
3264 2074 3468 2139 ingenii

1903 2162 2141 2215 nondum
2179 2162 2230 2215 in
2286 2162 2573 2217 scribendo
2619 2164 2938 2230 exercitati,
3001 2167 3236 2220 nondum
3293 2166 3463 2222 ullum

1901 2266 2037 2320 opus
2065 2252 2326 2322 aggressi.
2357 2254 2532 2319 Quare
2567 2253 2818 2307 Basilium
2859 2258 3128 2311 scribendi
3159 2259 3364 2313 initium
3390 2259 3467 2315 fe-

1904 2342 2047 2397 cisse
2077 2343 2398 2397 crediderim
2431 2344 2498 2398 ab
2532 2345 2630 2401 hac
2656 2347 3077 2411 elucubratione,
3099 2365 3217 2417 qua:
3247 2351 3467 2417 proinde

1902 2432 2043 2489 ultra
2076 2434 2369 2490 Constantii
2400 2436 2675 2506 imperium
2706 2439 2852 2509 rejici
2889 2454 2991 2493 non
3023 2440 3204 2495 debet.
3234 2440 3464 2496 Prmter-

1902 2538 1964 2578 ea
2029 2540 2218 2580 recens
2284 2527 2570 2581 admodum
2614 2539 2729 2583 erat
2770 2532 3155 2586 Anomoeorum
3207 2531 3464 2596 haeresis,

1904 2632 2023 2670 cum
2054 2619 2166 2671 hac
2191 2618 2451 2673 scriberet
2484 2618 2731 2674 Basilius.
2761 2621 2851 2675 Ait
2882 2624 3026 2675 enim
3064 2624 3140 2691 (ιι.
3172 2623 3223 2693 1)
3253 2639 3395 2679 nunc
3421 2624 3465 2679 si

1903 2722 2136 2776 unquam
2171 2708 2327 2773 alias,
2354 2710 2555 2763 exortis
2606 2711 2884 2764 Anommis
2911 2754 2924 2776 ,
2966 2711 3169 2779 impleri
3229 2712 3282 2765 in
3335 2714 3466 2781 ipsis

1901 2802 2167 2869 episcopis
2204 2802 2329 2855 illud
2378 2803 2526 2857 Pauli
2568 2806 2877 2859 vaticinium
2920 2821 2935 2861 :
2973 2807 3039 2861 Et
3063 2824 3129 2862 ea:
3156 2808 3295 2863 vobis
3344 2810 3468 2879 ipsis

1902 2901 2179 2961 exsurgent
2230 2894 2327 2946 riri
2376 2893 2638 2962 loquentes
2694 2912 2933 2963 perversa
2966 2899 3006 2961 ¹,
3059 2911 3163 2953 etc.
3219 2900 3465 2953 Anommi

1904 2993 2082 3034 autem
2121 2982 2297 3035 vocati
2330 2991 2479 3048 sunt,
2512 2987 2602 3052 qui
2641 2986 2832 3039 Filium
2870 2986 3015 3041 Patri
3041 2990 3356 3044 dissimilem
3386 2989 3465 3043 di-

1902 3084 2092 3128 xerunt
2149 3090 2290 3129 anno
2343 3075 2469 3153 Stil,
2511 3088 2647 3133 teste
2689 3078 2748 3134 S.
2781 3080 3075 3136 Athanasio
3104 3083 3178 3154 (b)
3210 3100 3331 3138 cum
3368 3085 3470 3140 So-

1906 3176 2058 3222 crate
2086 3167 2182 3238 (c).
2209 3168 2384 3235 Quare
2411 3172 2512 3225 hoc
2544 3173 2658 3242 ipso
2679 3189 2820 3227 anno
2843 3176 3042 3244 scripta
3072 3176 3254 3231 Basilii
3289 3178 3471 3232 Μονα-

1906 3259 2000 3324 lia,
2032 3269 2154 3312 ante
2198 3270 2422 3313 mortem
2458 3263 2784 3318 Constantii.
2816 3264 2904 3319 Sic
2955 3266 3097 3321 enim
3140 3267 3368 3321 Basilius
3416 3270 3466 3321 in

1908 3360 2021 3403 toto
2054 3352 2152 3403 hoc
2187 3348 2305 3404 loco
2341 3367 2545 3419 pugnas
2590 3362 2645 3406 et
2695 3356 2914 3407 dissidia
2965 3356 3242 3425 deplorat,
3301 3369 3357 3412 ut
3392 3359 3474 3413 ia-

1911 3443 2011 3496 cile
2067 3452 2241 3509 pateat
2299 3446 2528 3496 nondum
2573 3444 2906 3501 subtractum
2974 3449 3140 3503 fuisse
3195 3451 3471 3507 Anomaeis

1905 3531 2203 3585 Constantii
2257 3534 2655 3601 patrocinium,
2710 3539 2944 3592 nondum
3005 3539 3296 3594 Catholicis
3344 3546 3469 3596 red-

1907 3626 2072 3680 ditam
2130 3626 2475 3691 libertatem,
2532 3645 2694 3697 quam
2766 3632 2865 3684 sub
2915 3631 3132 3688 Juliano
3192 3638 3469 3692 consecuti

1907 3728 2050 3773 Sunt.

1979 3810 2153 3865 Credo
2203 3810 2460 3865 Basilium
2510 3814 2608 3865 hoc
2641 3829 2773 3881 opus
2815 3815 2925 3880 jam
2959 3817 3295 3885 absolvisse,
3345 3835 3469 3874 cum

1909 3902 2170 3957 scriberet
2223 3904 2500 3972 epistolam
2532 3921 2723 3957 nonam
2753 3947 2766 3968 ,
2815 3910 2909 3961 sed
2964 3910 3136 3965 adhuc
3195 3912 3473 3969 dubitasse

1908 4005 2081 4047 utrum
2108 3996 2159 4046 in
2189 3994 2359 4048 lucem
2390 3998 2573 4051 ederet
2604 4014 2789 4052 necne.
2827 3998 2879 4052 Id
2918 4000 3110 4069 colligo
3138 4017 3203 4056 ex
3250 4003 3335 4058 his
3358 4019 3473 4059 ver-

1910 4086 1990 4140 bis
2023 4104 2035 4140 :
2071 4085 2375 4141 Prmsertim
2400 4105 2519 4142 cum
2552 4090 2747 4159 alioqui
2776 4100 2954 4145 nostra
2994 4094 3207 4162 uulgare
3238 4111 3341 4149 non
3368 4114 3477 4150 om-

1909 4179 2031 4232 nino
2071 4181 2436 4234 statuerimus.
2468 4181 2775 4261 Scripserat
2807 4198 2936 4251 ergo
2971 4184 3170 4252 aliquid
3221 4187 3470 4255 Basilius,

1907 4271 2001 4325 sed
2028 4271 2307 4325 dubitabat
2334 4287 2401 4324 an
2430 4272 2693 4339 Vulgaret.
2738 4274 2792 4327 id
2822 4284 2999 4327 autem
3042 4275 3169 4328 nulli
3197 4276 3287 4330 alii
3320 4279 3470 4346 operi

1908 4351 2099 4414 melius
2122 4362 2396 4423 convenit,
2435 4377 2595 4431 quam
2661 4362 2979 4420 Moralibua.
3026 4364 3159 4419 Nam
3195 4366 3363 4422 libros
3414 4370 3473 4422 iis

1912 4450 2227 4504 Eunomium
2269 4453 2445 4507 studio
2477 4454 2721 4509 veritatis
2770 4454 2945 4523 palam
2989 4467 3042 4509 et
3073 4468 3261 4524 aperte
3286 4459 3472 4513 delen-

1909 4542 2090 4595 dendae
2120 4545 2444 4612 compositos
2489 4544 2658 4601 fuisse
2690 4562 2755 4601 ex
2805 4548 2920 4617 ipso
2948 4549 3167 4603 exordio
3210 4551 3473 4621 perspici-

1911 4643 2013 4686 tur.

1980 4723 2071 4779 IV.
2224 4729 2365 4779 iuius
2401 4726 2491 4782 ille
2544 4728 2892 4797 philosophus
2918 4767 2933 4793 ,
2977 4729 3044 4784 ad
3076 4744 3236 4799 quem
3270 4731 3469 4798 scripta

1914 4826 1997 4869 est
2036 4832 2176 4870 nona
2223 4817 2407 4873 Basilii
2440 4819 2688 4888 epistola,
2724 4821 2950 4890 petierat
2978 4838 3005 4875 a
3045 4821 3241 4875 Basilio
3272 4821 3471 4890 scripta

1915 4908 2158 4979 Dionysii
2196 4912 2567 4976 Alexandrini,
2599 4913 2864 4983 simulque
2881 4916 3005 4984 quid
3032 4914 3095 4967 de
3122 4914 3224 4967 hoc
3250 4915 3472 4982 scripto-

1913 5016 1971 5055 re
2029 5004 2252 5059 sentiret
2299 5003 2604 5058 sciscitatus
2631 5006 2825 5061 fuerat.
2857 5007 3066 5074 Scripta
3099 5005 3334 5076 Dionysii
3366 5021 3470 5059 non

1918 5095 2151 5150 habebat
2185 5098 2234 5149 in
2274 5098 2519 5154 manibus
2551 5099 2780 5155 Basilius
2813 5109 2866 5154 et
2896 5099 3093 5155 idcirco
3128 5102 3337 5154 mittere
3365 5116 3470 5154 non

1914 5189 2091 5256 potuit
2122 5207 2133 5239 :
2160 5187 2250 5241 sed
2287 5188 2351 5243 de
2384 5191 2498 5258 ipso
2534 5192 2787 5261 Dionysio
2841 5190 3078 5260 judicat,
3112 5200 3168 5245 ut
3228 5194 3278 5244 in
3320 5191 3471 5247 Notis

1917 5279 2346 5344 observavimus,
2375 5298 2481 5336 non
2520 5283 2943 5338 accuratissime.
2966 5282 3151 5338 Simile
3179 5285 3468 5337 secundum

1912 5369 2211 5422 essentiam
2255 5375 2467 5438 probat,
2504 5373 2659 5425 modo
2688 5373 2934 5439 addatur,
2961 5372 3096 5426 citra
3123 5374 3282 5427 ullam
3318 5374 3472 5442 αἰαὶ-

1996 5773 2064 5842 (r)
2102 5772 2213 5827 Lib.
2241 5788 2300 5837 ll,
2330 5791 2375 5829 c.
2406 5773 2492 5828 45.
