4006 6480
503 435 614 477 ιτς-

1837 424 2361 482 PBOLEGOMENA.

496 540 728 594 rentiam
747 555 766 605 ;
798 553 955 597 secus
982 556 1132 607 vero,
1169 543 1213 598 si
1238 543 1365 600 illud
1388 559 1493 599 non
1520 546 1767 616 addatur,
1785 559 1838 604 ut
1870 550 2067 605 factum
2097 557 2146 613 Α
2177 562 2318 605 tatur
2341 551 2573 619 viduam,
2608 551 2757 621 cujus
2787 549 2952 605 ﬁlium
2979 552 3306 623 Dionysium,
3339 555 3465 611 olim
3496 557 3711 615 Diome-

506 631 559 685 in
582 629 813 686 concilio
850 630 1466 704 ConstantinOpolitano.

578 719 787 790 Scripta
811 722 923 777 haec
957 724 1178 793 epistola
1211 736 1328 793 post
1358 725 1646 780 concilium
1682 726 2059 782 Constantino-

504 813 801 880 politanum
833 815 955 868 anni
981 815 1106 872 560.
1143 816 1258 872 Non
1292 827 1469 871 tamen
1526 820 1711 874 statim
1768 831 1888 891 post
1934 822 2060 875 illud

507 907 733 974 scripta,
758 909 850 963 sed
864 908 1003 964 forte
1031 911 1314 980 interjecto
1330 910 1555 966 duorum
1576 927 1838 966 annorum
1867 916 2059 983 spatio.

507 992 643 1049 Nam
677 999 730 1050 in
756 1000 980 1068 epistola
1009 1011 1220 1068 octava,
1255 1017 1374 1071 quae
1396 1004 1678 1058 concilium
1710 1006 1953 1073 proxime
1983 1007 2062 1060 vi.

508 1090 663 1143 detur
683 1101 886 1155 secuta,
919 1095 1224 1147 recentibus
1260 1095 1639 1149 Auomceornm
1688 1096 1962 1151 fraudibus
1982 1098 2057 1151 of-

507 1179 712 1245 fensus,
749 1183 1218 1252 rejiciebatsimile
1247 1187 1360 1240 sine
1389 1190 1721 1256 exceptione.
1760 1189 1907 1244 Nunc
1963 1206 2058 1242 an-

508 1282 615 1326 tem
651 1274 825 1329 simile
861 1279 1158 1330 secundum
1189 1277 1477 1331 essentiam
1504 1280 1689 1346 probat
1712 1320 1727 1345 ,
1764 1282 1921 1334 modo
1964 1282 2059 1335 ad-

508 1359 666 1414 datur
690 1363 823 1415 citra
850 1364 1011 1416 ullam
1052 1365 1418 1433 di/feremiam.
1462 1367 1592 1421 Rem
1639 1384 1766 1438 ergo
1804 1371 2061 1424 attentius

508 1453 948 1509 consideraverat
1000 1466 1119 1524 post
1170 1459 1422 1527 scriptam
1476 1459 1757 1526 epistolam
1793 1472 2060 1516 octavam.

508 1540 737 1598 Dubium
797 1556 976 1599 autem
1024 1562 1123 1601 non
1157 1558 1237 1602 est
1272 1550 1401 1617 quin
1456 1564 1598 1603 nona
1641 1560 1764 1604 ante
1817 1553 2062 1606 sacerdo-

514 1634 647 1689 tium
678 1636 875 1709 scripta
906 1638 991 1691 sit.
1021 1637 1152 1693 Eum
1185 1642 1327 1694 enim
1359 1648 1414 1693 et
1438 1642 1678 1710 corporis
1701 1642 1982 1697 infirmitas
2011 1652 2063 1696 ct

505 1741 659 1781 amor
710 1729 1013 1784 solitudinis
1042 1731 1229 1785 eodem
1282 1745 1493 1799 semper
1535 1732 1653 1786 loco
1687 1734 1869 1798 ﬁxum,
1896 1733 2063 1788 instar

506 1819 836 1887 plantarum,
878 1822 1152 1876 tenebant.
1184 1820 1438 1887 Quamvis
1468 1832 1642 1876 autem
1675 1822 1956 1894 presbyter
1980 1824 2062 1875 fa-

2168 642 2289 695 dem
2341 642 2576 706 nomine,
2611 639 2839 694 habebat
2883 642 2935 695 in
2981 645 3306 699 monasterio
3357 661 3475 711 suo,
3504 658 3558 701 nt
3599 651 3711 717 ipsa

2164 730 2325 784 etiam
2349 730 2400 783 in
2435 729 2673 783 eamdem
2702 730 3039 784 solitudinem
3065 747 3120 786 se
3150 733 3392 802 recipiat,
3430 736 3632 791 scilicet
3660 740 3711 793 in

2164 822 2543 875 monasterium
2577 821 2879 885 mulierum,
2903 823 3044 890 quod
3090 824 3154 876 ad
3191 823 3411 879 alteram
3448 825 3599 883 Iridis
3637 831 3711 883 ri-

2164 926 2285 980 pam
2316 913 2474 965 situm
2509 922 2645 966 erat.
2676 910 2834 965 Mittit
2861 914 3055 967 adeam
3080 913 3243 967 filium
3269 918 3445 984 gvelut
3469 920 3713 975 columba

2165 1001 2314 1054 cicnr
2335 1012 2601 1070 unguento
2632 1001 2790 1055 oblita
2818 1003 3068 1067 mittitur,
3096 1013 3153 1057 ut
3187 1004 3317 1059 alias
3354 1009 3517 1063 odore
3544 1019 3713 1063 attra-

2166 1091 2275 1144 hat.
2328 1091 2380 1143 ln
2410 1091 2691 1145 undecima
2728 1092 2948 1161 epistola
2985 1094 3050 1146 ad
3082 1094 3218 1148 idem
3248 1095 3544 1151 institutum
3588 1099 3713 1152 hor-

2165 1190 2310 1235 tatur
2356 1199 2515 1236 unum
2570 1199 2635 1238 ex
2691 1184 2899 1249 amicis,
2962 1186 3116 1255 cujus
3170 1187 3261 1241 lilii
3325 1194 3709 1246 monasterium

2164 1273 2342 1328 Basilii
2398 1273 2709 1341 inviserant,
2752 1283 2807 1329 et
2858 1290 2979 1329 cum
3024 1290 3091 1330 eo
3126 1275 3262 1330 diem
3309 1278 3500 1332 festum
3542 1290 3712 1335 trans-

2164 1373 2407 1434 egerant.

2236 1456 2497 1508 Videntur
2536 1455 2698 1510 etiam
2736 1455 2802 1509 ad
2821 1468 3093 1510 secessum
3124 1466 3175 1512 et
3203 1459 3497 1527 primordia
3529 1458 3708 1517 Basilii

2163 1546 2457 1601 referenda:
2509 1548 2745 1616 epistolae
2776 1549 2842 1602 12
2885 1558 2937 1602 et
2970 1548 3055 1611 15,
3088 1551 3152 1603 ad
3192 1550 3492 1621 Olympium
3526 1571 3539 1606 :
3587 1564 3710 1608 sunt

2163 1642 2304 1695 enim
2361 1640 2414 1694 in
2467 1641 2652 1695 eodem
2710 1640 3029 1695 urbanitatis
3072 1657 3266 1710 genere
3303 1660 3365 1698 ac
3414 1654 3599 1712 quarta
3646 1647 3711 1699 ad

2164 1728 2405 1781 eumdem
2432 1728 2551 1782 data
2579 1747 2593 1794 ;
2624 1743 2723 1784 nec
2748 1731 3038 1800 quidquam
3067 1731 3265 1785 habent
3292 1734 3356 1785 de
3390 1734 3598 1804 magnis
3630 1750 3713 1788 re-

2162 1820 2281 1886 bus,
2304 1835 2439 1889 quas
2488 1821 2629 1873 infra
2667 1821 2930 1877 Basiliam.
2962 1838 3082 1876 cum
3129 1823 3230 1877 hoc
3288 1824 3711 1880 Neocaesariensi

505 1921 626 1967 ctus
664 1913 713 1967 in
772 1915 1112 1969 solitudinem
1161 1918 1418 1983 redierit,
1448 1918 1537 1972 hic
1583 1926 1759 1972 tamen
1817 1932 2061 1972 secessus
2092 1918 2134 1972 B
2162 1910 2277 1963 Cive
2307 1919 2724 1980 Ρθΐιηοιθηιθη]
2765 1913 3080 1967 Videbimus-

506 2004 855 2061 brevissimus
905 2006 1024 2060 fuit.
1074 2006 1283 2075 Scripta
1333 2024 1461 2077 ergo
1502 2010 1615 2064 haec
1649 2025 1787 2063 nona
1836 2009 2057 2077 epistola

507 2093 652 2147 circa
688 2110 885 2150 annum
909 2096 1031 2164 561,
1061 2108 1151 2151 aut
1174 2100 1299 2163 562,
1325 2116 1446 2154 cum
1467 2099 1579 2169 jam
1605 2101 1855 2165 Moralia,
1892 2111 1948 2153 ut
1981 2115 2065 2153 su-

506 2200 601 2253 pra
629 2186 886 2253 diximus,
924 2192 1325 2261 composuisset.

575 2273 632 2326 ln
657 2275 870 2344 vulgato
898 2276 1201 2333 litterarum
1234 2281 1423 2334 ordine
1452 2281 1570 2336 duae
1604 2281 1774 2334 eidem
1828 2282 2059 2338 Maximo

508 2365 825 2437 philosopho
853 2370 1125 2437 inscripta:
1153 2382 1306 2425 erant
1345 2372 1582 2439 epistola:
1606 2415 1620 2437 ,
1652 2388 1841 2442 nempe
1888 2374 1949 2427 41
2006 2385 2060 2429 et

503 2454 595 2508 42.
627 2456 809 2526 Neque
856 2460 909 2513 id
941 2475 1127 2529 parum
1179 2461 1477 2517 facessebat
1521 2462 1865 2518 difﬁcultatis.
1897 2463 2054 2518 Multa

504 2547 648 2600 enim
685 2549 931 2603 dubitare
957 2553 1237 2619 cogebant,
1267 2566 1446 2608 utrum
1485 2556 1621 2609 idem
1649 2556 1719 2610 sit
1751 2557 1803 2609 in
1833 2566 2058 2626 utraque

504 2637 725 2703 epistola
771 2637 1033 2696 Maximus
1071 2653 1162 2697 :et
1210 2645 1255 2697 si
1288 2644 1450 2711 idem,
1478 2661 1505 2699 a
1541 2645 1772 2701 Maximo
1808 2651 1859 2702 in
1890 2649 2059 2703 histo-

504 2729 586 2783 ria
633 2732 803 2787 sancti
847 2731 1094 2804 Gregorii
1148 2733 1473 2789 Nazianzeni
1533 2737 1817 2793 decantata
1868 2738 2057 2792 distin-

502 2824 744 2889 gnendus
790 2824 1090 2890 videbatur,
1139 2835 1429 2895 prapterea
1482 2827 1621 2894 quod
1674 2827 1936 2881 Maximus
2004 2829 2057 2882 in

504 2914 661 2978 epist.
689 2913 761 2967 al.
788 2914 857 2968 42
892 2916 1076 2970 Basilii
1126 2931 1191 2971 ex
1217 2916 1379 2971 nobili
1405 2918 1563 2972 domo
1589 2919 1681 2973 sed
1706 2921 1909 2988 gentili,
1936 2936 2059 2989 pro-

503 3005 645 3059 diior
665 3017 844 3062 autem
875 3009 1119 3080 Gregorii
1144 3024 1209 3064 ex
1242 3011 1468 3066 obscura
1493 3055 1508 3079 ,
1538 3012 1631 3067 sed
1659 3022 1835 3067 tamen
1863 3026 2059 3086 marty-

506 3111 595 3149 res
638 3111 955 3154 numerante
980 3101 1181 3155 familia
1201 3112 1348 3156 ortus
1375 3105 1652 3159 dicebatur
1678 3106 1773 3175 (α).
1801 3106 1903 3161 Sed
1936 3122 2055 3161 cum

504 3188 728 3253 epistola
770 3189 904 3247 alias
934 3190 1004 3244 42
1059 3194 1111 3245 in
1151 3195 1391 3260 antiquis
1416 3196 1696 3249 codicibus
1739 3197 2059 3251 inscribatnr

2238 2000 2341 2054 Sed
2366 2004 2630 2072 pnecipue
2658 2004 2814 2059 nobis
2841 2005 3108 2061 reddenda
3127 2007 3284 2071 ratio,
3309 2021 3403 2060 cur
3432 2008 3711 2077 epistolam

2167 2091 2426 2144 decimam
2480 2103 2750 2161 quartam,
2781 2094 2915 2148 alias
2966 2097 3229 2151 decimam
3277 2112 3494 2161 nonam,
3549 2116 3707 2169 quam

2167 2182 2536 2237 Tillemontius
2559 2194 2611 2236 et
2639 2186 2726 2237 alii
2778 2187 2950 2241 critici
3006 2190 3247 2242 omnium
3294 2189 3519 2257 primam
3550 2191 3599 2243 in
3627 2208 3715 2246 se-

2167 2288 2320 2327 cessu
2352 2272 2607 2341 scriptam
2649 2275 2980 2342 existimant,
3016 2279 3188 2333 serius
3241 2280 3585 2334 collocemus.
3615 2282 3713 2337 Vix

2164 2365 2383 2420 dubium
2432 2364 2561 2433 quin
2608 2364 2806 2432 scripta
2841 2367 2910 2418 sit
2951 2367 3231 2435 Caasarete,
3262 2387 3381 2425 cum
3426 2372 3715 2439 Gregorius

2165 2456 2331 2510 frater
2366 2456 2562 2511 Basilio
2595 2456 2907 2524 scripsisset
2952 2458 3088 2511 velle
3110 2476 3168 2512 se
3191 2478 3309 2513 cum
3341 2478 3404 2518 ea
3438 2465 3712 2533 congredi,

2164 2549 2411 2616 idemque
2457 2564 2577 2603 esse
2634 2548 2843 2602 consilii
2904 2547 3161 2618 Gregorio
3200 2550 3551 2611 Nazianzeno.
3580 2556 3712 2610 Tum

2162 2639 2412 2703 Basilius,
2452 2654 2572 2694 cum
2603 2641 2795 2707 partim
2830 2640 3056 2710 negotiis
3111 2655 3472 2707 revocaretur,
3522 2648 3714 2713 partim

2163 2730 2425 2799 Gregorio
2443 2730 2802 2798 Nazianzeno,
2835 2748 2863 2786 a
2905 2748 3012 2802 quo
3040 2734 3196 2788 toties
3243 2733 3492 2803 deceptus
3519 2735 3715 2808 fuerat,

2165 2837 2351 2891 parum
2381 2824 2660 2887 crederet;
2700 2816 2885 2878 scribit
2909 2826 2956 2879 ei
2983 2831 3383 2897 selexspectare
3403 2842 3508 2882 non
3537 2845 3709 2901 posse,

2165 2927 2227 2966 ac
2254 2912 2555 2967 solitudinis
2580 2928 2689 2968 sum
2718 2915 3013 2983 elegantem
3063 2919 3324 2988 picturam
3356 2931 3478 2977 ante
3528 2923 3711 2980 oculos

2165 3004 2304 3062 illius
2327 3005 2495 3075 ponit.
2533 3004 2683 3060 Facit
2709 3022 2826 3060 cum
2847 3007 3183 3065 Tillemontio
3208 3012 3376 3080 prima
3402 3028 3576 3067 rerum
3597 3029 3717 3084 spe—

2164 3097 2275 3152 cies
2321 3106 2375 3152 et
2415 3098 2654 3167 epistolae
2682 3098 2839 3154 lectio
2882 3116 2986 3154 non
3024 3100 3178 3155 valde
3232 3103 3457 3155 intenta.
3493 3102 3717 3160 Videtur

2163 3189 2306 3241 enim
2340 3189 2571 3245 Basilius
2603 3189 2943 3246 solitudinem
2977 3208 3127 3246 suam
3175 3193 3500 3257 describere,
3542 3206 3600 3251 ut
3637 3200 3714 3253 lo-

506 3279 740 3335 Maximo
774 3283 1120 3349 scholastica,
1147 3286 1282 3337 nihil
1310 3286 1423 3353 jam
1450 3285 1611 3339 allicit
1646 3289 1935 3354 quominus
1961 3288 2062 3341 Ma-
2086 3271 2133 3333 (ἶ
2162 3293 2282 3332 CUI“
2330 3294 2598 3347 nunquam
2635 3282 2894 3353 Gregorio
2922 3286 3115 3338 "iSllm-
3165 3283 3364 3341 Deinde
3418 3300 3546 3343 νεΐο
3572 3293 3714 3358 quod

503 3374 703 3438 ximus,
726 3375 792 3429 ad
822 3392 977 3444 quem
1014 3381 1136 3432 data
1167 3389 1249 3432 est
1277 3377 1499 3447 epistola
1528 3394 1667 3433 nona
1699 3380 1898 3445 Basilii,
1920 3382 2057 3435 idem

506 3464 578 3519 sit
607 3478 671 3519 ac
705 3464 792 3518 ille
820 3468 955 3535 apud
1004 3466 1321 3535 Gregorium
1377 3469 1660 3525 Maximus.
1719 3469 1883 3524 Multa
1932 3487 2063 3529 sane

505 3567 837 3613 concurrunt
881 3558 1177 3614 simillima.
1214 3558 1358 3614 Idem
1394 3576 1585 3614 nomen
1616 3604 1628 3626 ,
1660 3564 1801 3617 idem
1824 3566 2063 3632 philoso-

508 3645 599 3715 phi
656 3645 864 3700 titulus.
916 3647 1179 3703 Maximus
1213 3692 1225 3713 ,
1261 3650 1327 3703 de
1356 3663 1462 3718 quo
1496 3649 1760 3715 Basilius,
1799 3654 1966 3707 civem
2004 3671 2062 3708 se

504 3737 652 3791 orbis
675 3744 939 3791 terrarum
965 3737 1186 3792 fecerat.
1216 3738 1362 3793 ldem
1406 3739 1471 3793 de
1502 3754 1600 3793 sua
1638 3738 1867 3795 Maximo
1900 3750 2063 3796 testa-

504 3839 594 3883 tur
614 3828 906 3901 Gregorius
936 3831 1010 3900 (p.
1033 3830 1179 3903 411),
1208 3833 1320 3887 Nec
1348 3832 1480 3885 enim
1504 3832 1837 3901 cynicismus,
1865 3832 2061 3902 inquit,

506 3924 711 3991 exiguis
765 3924 953 3989 ﬁnibus
1000 3926 1359 3979 circumscribi
1410 3929 1651 3979 sustinet.
1712 3925 1862 3981 Unde
1917 3934 2064 3992 patet

504 4014 776 4070 immerito
825 4016 1067 4085 cynicam
1112 4017 1258 4070 illam
1310 4018 1647 4086 disciplinam
1679 4019 1847 4072 videri
1896 4018 2061 4072 Tille-

506 4104 715 4157 montio
750 4118 871 4158 cum
929 4103 1196 4168 laudibus,
1231 4119 1366 4174 quas
1413 4106 1643 4160 Maximo
1672 4107 1855 4161 tribuit
1904 4108 2061 4163 Basiv

505 4193 612 4250 lius
643 4195 719 4265 (p.
750 4195 899 4267 412),
933 4210 1189 4267 pugnare.
1215 4199 1312 4251 .t‘it
1350 4198 1511 4253 etiam
1561 4198 1851 4268 Gregorius
1895 4200 2065 4263 Maxi-

507 4302 673 4351 mum,
694 4302 814 4341 cum
849 4288 1053 4343 videret
1082 4288 1379 4342 solitariam
1412 4291 1575 4344 vitam
1604 4306 1705 4346 nec
1726 4290 1961 4359 propriis
1982 4290 2062 4342 in-

509 4380 808 4459 commodis
838 4394 1047 4443 carere,
1072 4396 1171 4435 nec
1204 4381 1256 4435 in
1306 4380 1531 4436 aliorum
1564 4383 1826 4452 augendis
1863 4382 2064 4436 incom-

506 4470 683 4525 modis
708 4471 935 4535 versari,
963 4472 1219 4526 maluisse
1249 4474 1301 4526 in
1326 4473 1484 4528 rebus
1514 4474 1763 4540 gerendis
1786 4472 2059 4541 accupari,

506 4571 561 4615 et
585 4575 650 4614 ex
680 4561 885 4617 duobus
911 4562 1141 4633 egregiis
1188 4563 1309 4615 vitae
1344 4564 1603 4618 institutis
1658 4562 1783 4617 illud
1813 4565 2061 4635 elegisse,

506 4654 646 4722 quod
675 4663 731 4707 et
771 4654 871 4708 sibi
908 4665 961 4709 et
994 4656 1112 4710 aliis
1142 4656 1383 4728 prodest.
1416 4655 1492 4709 Ex
1515 4658 1709 4726 quibus
1740 4671 1902 4725 supra
1934 4674 2060 4727 pro-

505 4746 751 4803 bavimus
778 4745 853 4817 (b)
882 4745 1169 4803 Maximum
1196 4762 1262 4802 ex
1282 4763 1506 4803 numero
1536 4759 1839 4803 ascetarum
1870 4748 2057 4804 fuisse.

504 4837 704 4893 Eadem
755 4854 977 4909 prorsus
1009 4841 1145 4908 apud
1197 4841 1468 4895 Basiliam.
1504 4839 1641 4894 Nam
1688 4842 1733 4895 si
1768 4840 1930 4907 vobis,
1963 4841 2050 4894 in-

505 4930 644 4997 quit,
666 4932 893 4984 actuosis
923 4940 1215 4999 competunt
1238 4933 1414 5000 populi
1441 4944 1489 4986 et
1522 4932 1669 4986 urbes
1697 4973 1711 4997 ,
1741 4934 1926 5003 quibus
1963 4949 2049 4987 re-

508 5031 587 5074 cte
618 5023 759 5089 facta
782 5024 1053 5076 ostenditis
1076 5062 1091 5086 ,
1122 5034 1223 5077 ctc.
1260 5023 1445 5079 Exstat
1491 5024 1651 5078 etiam
1701 5026 1871 5079 sancti
1903 5025 2064 5078 Atha-

505 5112 643 5167 nasii
672 5113 892 5181 epistola
924 5119 987 5170 ad
1019 5115 1311 5170 Maximum
1340 5115 1731 5185 philosophum,
1765 5132 1922 5185 quem
1948 5132 2062 5170 san-

504 5214 624 5259 ctus
654 5204 815 5259 Pater
845 5208 1056 5263 eximiis
1081 5219 1237 5265 ornat
1262 5208 1509 5263 laudibus
1542 5230 1553 5263 :
1588 5224 1687 5262 nec
1716 5210 2062 5280 improbabile

506 5304 590 5349 est
620 5296 869 5353 eumdem
901 5315 1044 5362 esse,
1074 5315 1137 5354 ac
1177 5316 1299 5355 cum
1331 5300 1396 5354 de
1424 5314 1528 5369 quo
1556 5299 1844 5370 Gregorius
1868 5316 1932 5359 ac
1958 5298 2059 5353 Ba-

508 5385 685 5440 silius.

579 5470 642 5525 V.
661 5471 970 5544 Sequuntur
990 5478 1102 5533 dua:
1120 5478 1329 5545 litterae,
1348 5480 1646 5536 manifestis
1664 5494 1905 5536 secessus
1922 5480 2059 5534 notis

508 5565 753 5637 signata),
789 5586 982 5643 nempe
1001 5575 1203 5630 decima
1232 5587 1281 5630 et
1308 5578 1606 5634 undecima.
1643 5578 1694 5633 In
1731 5577 1900 5646 prima
1933 5576 2055 5631 hor-

582 5809 658 5878 (α)
694 5810 821 5863 Naz.
841 5827 920 5865 or.
949 5816 1034 5866 9.5.

2162 3369 2236 3422 ait
2260 3369 2361 3422 sibi
2414 3371 2747 3437 migrandum
2776 3388 2897 3427 esse
2920 3374 2972 3426 in
2996 3374 3246 3438 Pontum,
3280 3377 3366 3431 ubi
3405 3393 3463 3433 se
3500 3382 3713 3436 tandem

2162 3460 2447 3529 aliquando
2486 3460 2643 3513 finem
2674 3461 2959 3515 oberrandi
2992 3464 3259 3516 facturum
3302 3480 3482 3532 sperat
3514 3487 3527 3536 ;
3558 3487 3714 3526 nemo

2162 3553 2275 3607 fere
2301 3559 2401 3615 est,
2428 3552 2516 3621 qui
2552 3565 2655 3604 non
2689 3552 2800 3605 haec
2830 3551 3065 3607 hominis
3092 3553 3431 3612 solitudinem
3456 3575 3718 3630 appeten-

2160 3644 2249 3708 tis,
2280 3643 2373 3697 sed
2397 3642 2626 3697 nondum
2658 3640 2800 3695 illam
2846 3643 3053 3711 experti
3093 3643 3234 3698 dicta
3269 3661 3387 3701 esse
3420 3661 3591 3715 putet.
3625 3653 3719 3709 Hae

2163 3734 2407 3787 nationes
2439 3735 2675 3789 animum
2734 3734 2987 3800 subeunt,
3020 3736 3065 3789 si
3099 3751 3306 3791 summa
3356 3742 3579 3811 vestigia
3626 3760 3717 3800 se-

2162 3839 2408 3893 quamur.
2465 3824 2569 3878 Sed
2622 3828 2664 3878 si
2707 3828 2829 3895 quis
2880 3828 3209 3897 singularum
3251 3844 3427 3886 rerum
3478 3837 3713 3903 pondera

2162 3918 2462 3980 examinet,
2532 3916 2577 3971 is
2626 3916 2864 3984 profecto
2923 3918 3060 3972 hanc
3123 3922 3397 3988 epistolam
3458 3925 3718 3994 intelliget

2162 4027 2266 4064 non
2319 4009 2498 4063 statim
2561 4016 2679 4078 post
2736 4008 2966 4064 reditum
3031 4023 3093 4062 ex
3132 4008 3347 4065 Oriente
3389 4023 3441 4066 et
3484 4014 3715 4084 Egypto

2162 4103 2416 4169 scriptam
2473 4114 2614 4165 esse,
2641 4098 2732 4155 sed
2789 4099 2993 4170 aliquot
3034 4099 3228 4170 elapsis
3279 4101 3434 4157 annis
3473 4113 3526 4157 et
3571 4115 3717 4173 post-

2161 4209 2322 4263 quam
2349 4191 2638 4259 Grcgorius
2672 4194 2724 4248 in
2753 4194 3079 4250 monasterio
3103 4193 3258 4250 Ponti
3286 4194 3599 4266 aliquandiu
3636 4198 3715 4252 vi-

2161 4284 2349 4337 xisset.

2235 4373 2287 4425 1⁰
2320 4373 2450 4428 Illud
2484 4381 2631 4427 certo
2672 4384 2903 4442 constat,
2930 4375 3207 4441 Basiliam,
3234 4377 3325 4432 ubi
3359 4379 3588 4448 primum
3632 4395 3719 4435 re-

2164 4464 2298 4517 sedit
2320 4466 2371 4518 in
2397 4465 2679 4520 solitudine
2698 4506 2712 4531 ,
2744 4468 2809 4521 ad
2834 4467 3150 4537 Gregorium
3177 4471 3458 4539 scripsisse
3479 4484 3535 4527 et
3566 4472 3719 4526 loco-

2169 4571 2286 4608 rum
2340 4558 2499 4611 situm
2541 4557 2588 4610 ei
2638 4556 3006 4627 descripsisse.
3066 4559 3200 4615 Huic
3249 4572 3423 4617 autem
3481 4564 3719 4632 epistola:

2168 4646 2309 4701 nulla
2344 4662 2566 4717 prorsus
2595 4658 2770 4705 exstat
2793 4650 3037 4719 Gregorii
3067 4655 3366 4723 responsio.
3406 4653 3553 4719 Quod
3572 4657 3715 4710 enim

2167 4739 2441 4808 respondit
2467 4755 2526 4794 se
2550 4738 2785 4795 locorum
2822 4742 2925 4795 situ
2952 4757 3055 4798 non
3104 4744 3326 4798 multum
3359 4744 3581 4809 moveri,
3614 4730 3717 4800 nisi

2164 4830 2325 4886 etiam
2361 4832 2429 4887 de
2470 4832 2678 4886 vivendi
2711 4847 2905 4903 genere
2934 4835 3133 4904 aliquid
3191 4837 3412 4901 ediscat,
3441 4836 3491 4889 id
3522 4850 3585 4891 ex
3617 4838 3718 4891 Ba-

2164 4922 2276 4979 silii
2308 4923 2548 4993 epistola:
2576 4924 2823 4979 secunda:
2853 4924 3002 4980 initio
3023 4926 3299 4992 discimus,
3327 4938 3381 4980 at
3401 4928 3542 4981 nulla
3563 4942 3717 4996 pror-

2162 5028 2254 5070 sus
2294 5014 2347 5068 in
2385 5014 2606 5083 epistola
2674 5015 2913 5082 Gregorii
2969 5016 3176 5086 legitur.
3250 5017 3540 5073 Amisimus
3585 5031 3716 5086 ergo

2166 5107 2309 5177 quod
2352 5108 2645 5178 Gregorius
2686 5106 2883 5162 Basilio
2945 5110 3282 5166 solitudinem
3332 5118 3444 5165 tum
3486 5108 3715 5179 primum

2164 5200 2467 5269 degustanti
2534 5201 2903 5269 rescripserat.
2942 5203 3009 5254 At
3054 5202 3191 5256 idem
3228 5204 3294 5258 de
3340 5203 3443 5256 hac
3494 5202 3716 5271 epistola

2167 5294 2255 5361 M,
2288 5295 2420 5349 olim
2458 5294 2545 5359 l9,
2574 5295 2674 5348 dici
2706 5310 2808 5347 non
2846 5304 3039 5364 potest.
3100 5294 3365 5351 Habemus
3414 5294 3555 5348 enim
3592 5295 3716 5349 huic

2164 5387 2404 5455 cpistola:
2428 5386 2886 5439 accuratissimam
2914 5396 2965 5440 et
2988 5385 3441 5454 elegantissimam
3474 5384 3716 5455 Gregorii

2172 5478 2600 5544 responsionem,
2665 5493 2857 5547 nempe
2920 5480 3195 5547 epistolam
3240 5481 3291 5543 7,
3325 5496 3442 5548 qua:
3492 5477 3715 5545 singulis

2164 5571 2409 5640 epistola:
2435 5570 2619 5625 Basilii
2652 5572 2890 5642 vestigiis
2941 5572 3158 5640 insistit,
3197 5581 3247 5627 et
3299 5570 3513 5639 paribus
3541 5566 3714 5622 verbis

2253 5820 2322 5886 (lt)
2363 5820 2489 5884 Cap.
2532 5818 2583 5881 ί,
2629 5836 2677 5869 n.
2708 5819 2756 5869 4.
