  <div class='ocr_page' id='page_1' title='image "/cluster/home/n/w/nwhite01/storage/ocr_20150623/29/ien.35556001660547/043.png"; bbox 0 0 4006 6452; ppageno 0'>
   <div class='ocr_carea' id='block_1_1' title="bbox 1537 389 2089 452">
    <p class='ocr_par' dir='ltr' id='par_1_1' title="bbox 1537 389 2089 452">
     <span class='ocr_line' id='line_1_1' title="bbox 1537 389 2089 452; baseline -0.011 0"><span class='ocrx_word' id='word_1_1' title='bbox 1537 397 1690 452; x_wconf 76' lang='lat' dir='ltr'><strong>VITA</strong></span> <span class='ocrx_word' id='word_1_2' title='bbox 1735 392 1790 447; x_wconf 89' lang='lat' dir='ltr'><strong>S.</strong></span> <span class='ocrx_word' id='word_1_3' title='bbox 1828 389 2089 447; x_wconf 76' lang='lat' dir='ltr'><strong>BASlLlI.</strong></span> 
     </span>
    </p>
   </div>
   <div class='ocr_carea' id='block_1_2' title="bbox 3303 385 3433 426">
    <p class='ocr_par' dir='ltr' id='par_1_2' title="bbox 3303 385 3433 426">
     <span class='ocr_line' id='line_1_2' title="bbox 3303 385 3433 426; baseline -0.031 0"><span class='ocrx_word' id='word_1_4' title='bbox 3303 385 3433 426; x_wconf 66' lang='lat' dir='ltr'><strong>XIII</strong></span> 
     </span>
    </p>
   </div>
   <div class='ocr_carea' id='block_1_3' title="bbox 202 488 3434 594">
    <p class='ocr_par' dir='ltr' id='par_1_3' title="bbox 202 488 3434 594">
     <span class='ocr_line' id='line_1_3' title="bbox 202 488 3434 594; baseline -0.013 -13"><span class='ocrx_word' id='word_1_5' title='bbox 202 526 362 594; x_wconf 84' lang='lat' dir='ltr'><strong>paria</strong></span> <span class='ocrx_word' id='word_1_6' title='bbox 393 522 661 593; x_wconf 77' lang='lat' dir='ltr'><strong>rependit.</strong></span> <span class='ocrx_word' id='word_1_7' title='bbox 721 518 1106 593; x_wconf 85' lang='lat' dir='ltr'><strong>Distinguenda</strong></span> <span class='ocrx_word' id='word_1_8' title='bbox 1142 530 1268 584; x_wconf 87' lang='lat' dir='ltr'><strong>ergo</strong></span> <span class='ocrx_word' id='word_1_9' title='bbox 1311 516 1427 569; x_wconf 73' lang='lat' dir='ltr'><strong>lucc</strong></span> <span class='ocrx_word' id='word_1_10' title='bbox 1452 513 1670 582; x_wconf 84' lang='lat' dir='ltr'><strong>epistola</strong></span> <span class='ocrx_word' id='word_1_11' title='bbox 1701 507 1766 560; x_wconf 73' lang='grc' dir='ltr'>Μ</span> <span class='ocrx_word' id='word_1_12' title='bbox 1797 509 1842 563; x_wconf 83' lang='grc' dir='ltr'><strong>Α</strong></span> <span class='ocrx_word' id='word_1_13' title='bbox 1883 506 2160 573; x_wconf 72' lang='lat' dir='ltr'><strong>concipias,</strong></span> <span class='ocrx_word' id='word_1_14' title='bbox 2201 509 2397 570; x_wconf 86' lang='lat' dir='ltr'><strong>quanto</strong></span> <span class='ocrx_word' id='word_1_15' title='bbox 2429 499 2594 571; x_wconf 83' lang='lat' dir='ltr'><strong>magis</strong></span> <span class='ocrx_word' id='word_1_16' title='bbox 2627 512 2718 551; x_wconf 87' lang='lat' dir='ltr'><strong>nos</strong></span> <span class='ocrx_word' id='word_1_17' title='bbox 2741 511 2806 549; x_wconf 80' lang='lat' dir='ltr'><strong>ea:</strong></span> <span class='ocrx_word' id='word_1_18' title='bbox 2842 493 2969 564; x_wconf 86' lang='lat' dir='ltr'><strong>ipsis</strong></span> <span class='ocrx_word' id='word_1_19' title='bbox 3004 488 3193 543; x_wconf 88' lang='lat' dir='ltr'><strong>rebus?</strong></span> <span class='ocrx_word' id='word_1_20' title='bbox 3217 488 3288 540; x_wconf 84' lang='lat' dir='ltr'><strong>Ac</strong></span> <span class='ocrx_word' id='word_1_21' title='bbox 3317 503 3434 540; x_wconf 83' lang='lat' dir='ltr'><strong>ma-</strong></span> 
     </span>
    </p>
   </div>
   <div class='ocr_carea' id='block_1_4' title="bbox 198 605 1764 686">
    <p class='ocr_par' dir='ltr' id='par_1_4' title="bbox 198 605 1764 686">
     <span class='ocr_line' id='line_1_4' title="bbox 198 605 1764 686; baseline -0.01 -12"><span class='ocrx_word' id='word_1_22' title='bbox 198 622 271 674; x_wconf 87' lang='lat' dir='ltr'><strong>ab</strong></span> <span class='ocrx_word' id='word_1_23' title='bbox 301 636 362 673; x_wconf 88' lang='lat' dir='ltr'><strong>ea</strong></span> <span class='ocrx_word' id='word_1_24' title='bbox 389 633 550 686; x_wconf 84' lang='lat' dir='ltr'><strong>quam</strong></span> <span class='ocrx_word' id='word_1_25' title='bbox 584 617 736 673; x_wconf 92' lang='lat' dir='ltr'><strong>initio</strong></span> <span class='ocrx_word' id='word_1_26' title='bbox 780 631 1027 673; x_wconf 86' lang='lat' dir='ltr'><strong>secessus</strong></span> <span class='ocrx_word' id='word_1_27' title='bbox 1069 611 1322 682; x_wconf 93' lang='lat' dir='ltr'><strong>scriptam</strong></span> <span class='ocrx_word' id='word_1_28' title='bbox 1353 622 1456 662; x_wconf 90' lang='lat' dir='ltr'><strong>una</strong></span> <span class='ocrx_word' id='word_1_29' title='bbox 1488 624 1604 664; x_wconf 88' lang='lat' dir='ltr'><strong>cu-tn</strong></span> <span class='ocrx_word' id='word_1_30' title='bbox 1633 605 1764 658; x_wconf 90' lang='lat' dir='ltr'><strong>Gre-</strong></span> 
     </span>
    </p>
   </div>
   <div class='ocr_carea' id='block_1_5' title="bbox 202 711 954 782">
    <p class='ocr_par' dir='ltr' id='par_1_5' title="bbox 202 711 954 782">
     <span class='ocr_line' id='line_1_5' title="bbox 202 711 954 782; baseline -0.005 -18"><span class='ocrx_word' id='word_1_31' title='bbox 202 712 340 782; x_wconf 85' lang='lat' dir='ltr'><strong>gorii</strong></span> <span class='ocrx_word' id='word_1_32' title='bbox 377 725 636 778; x_wconf 90' lang='lat' dir='ltr'><strong>responso</strong></span> <span class='ocrx_word' id='word_1_33' title='bbox 656 711 954 765; x_wconf 87' lang='lat' dir='ltr'><strong>amisimus.</strong></span> 
     </span>
    </p>
   </div>
   <div class='ocr_carea' id='block_1_6' title="bbox 269 792 1762 876">
    <p class='ocr_par' dir='ltr' id='par_1_6' title="bbox 269 792 1762 876">
     <span class='ocr_line' id='line_1_6' title="bbox 269 792 1762 876; baseline -0.008 -21"><span class='ocrx_word' id='word_1_34' title='bbox 269 803 329 856; x_wconf 72' lang='lat'><strong>2°</strong></span> <span class='ocrx_word' id='word_1_35' title='bbox 367 802 698 876; x_wconf 83' lang='lat' dir='ltr'><strong>Perspicitur</strong></span> <span class='ocrx_word' id='word_1_36' title='bbox 734 819 796 856; x_wconf 76' lang='lat' dir='ltr'><strong>ex</strong></span> <span class='ocrx_word' id='word_1_37' title='bbox 829 801 1074 869; x_wconf 83' lang='lat' dir='ltr'><strong>Gregorii</strong></span> <span class='ocrx_word' id='word_1_38' title='bbox 1112 797 1334 870; x_wconf 87' lang='lat' dir='ltr'><strong>cpistola</strong></span> <span class='ocrx_word' id='word_1_39' title='bbox 1383 797 1436 860; x_wconf 88' lang='lat'><strong>&#39;7,</strong></span> <span class='ocrx_word' id='word_1_40' title='bbox 1486 812 1608 851; x_wconf 90' lang='lat' dir='ltr'><strong>eum</strong></span> <span class='ocrx_word' id='word_1_41' title='bbox 1653 792 1762 859; x_wconf 87' lang='lat' dir='ltr'><strong>jam</strong></span> 
     </span>
    </p>
   </div>
   <div class='ocr_carea' id='block_1_7' title="bbox 203 888 1767 955">
    <p class='ocr_par' dir='ltr' id='par_1_7' title="bbox 203 888 1767 955">
     <span class='ocr_line' id='line_1_7' title="bbox 203 888 1767 955; baseline -0.008 -4"><span class='ocrx_word' id='word_1_42' title='bbox 203 897 260 951; x_wconf 88' lang='lat' dir='ltr'><strong>in</strong></span> <span class='ocrx_word' id='word_1_43' title='bbox 292 896 579 952; x_wconf 78' lang='lat' dir='ltr'><strong>solitudine</strong></span> <span class='ocrx_word' id='word_1_44' title='bbox 628 895 804 949; x_wconf 83' lang='lat' dir='ltr'><strong>Basilii</strong></span> <span class='ocrx_word' id='word_1_45' title='bbox 843 906 1232 949; x_wconf 87' lang='lat' dir='ltr'><strong>connnoratnm</strong></span> <span class='ocrx_word' id='word_1_46' title='bbox 1275 890 1458 955; x_wconf 85' lang='lat' dir='ltr'><strong>fuisse,</strong></span> <span class='ocrx_word' id='word_1_47' title='bbox 1483 905 1604 946; x_wconf 90' lang='lat' dir='ltr'><strong>cum</strong></span> <span class='ocrx_word' id='word_1_48' title='bbox 1653 888 1767 940; x_wconf 67' lang='lat' dir='ltr'><strong>bmc</strong></span> 
     </span>
    </p>
   </div>
   <div class='ocr_carea' id='block_1_8' title="bbox 205 977 1769 1056">
    <p class='ocr_par' dir='ltr' id='par_1_8' title="bbox 205 977 1769 1056">
     <span class='ocr_line' id='line_1_8' title="bbox 205 977 1769 1056; baseline -0.006 -14"><span class='ocrx_word' id='word_1_49' title='bbox 205 991 349 1044; x_wconf 90' lang='lat' dir='ltr'><strong>inter</strong></span> <span class='ocrx_word' id='word_1_50' title='bbox 392 1004 678 1056; x_wconf 86' lang='lat' dir='ltr'><strong>utrumque</strong></span> <span class='ocrx_word' id='word_1_51' title='bbox 715 989 1100 1042; x_wconf 86' lang='lat' dir='ltr'><strong>scriberentur.</strong></span> <span class='ocrx_word' id='word_1_52' title='bbox 1164 983 1446 1050; x_wconf 83' lang='lat' dir='ltr'><strong>Postquam</strong></span> <span class='ocrx_word' id='word_1_53' title='bbox 1496 983 1638 1037; x_wconf 91' lang='lat' dir='ltr'><strong>enim</strong></span> <span class='ocrx_word' id='word_1_54' title='bbox 1690 977 1769 1032; x_wconf 83' lang='lat' dir='ltr'><strong>l‘e-</strong></span> 
     </span>
    </p>
   </div>
   <div class='ocr_carea' id='block_1_9' title="bbox 205 1073 1768 1152">
    <p class='ocr_par' dir='ltr' id='par_1_9' title="bbox 205 1073 1768 1152">
     <span class='ocr_line' id='line_1_9' title="bbox 205 1073 1768 1152; baseline -0.006 -16"><span class='ocrx_word' id='word_1_55' title='bbox 205 1083 341 1136; x_wconf 85' lang='lat' dir='ltr'><strong>stive</strong></span> <span class='ocrx_word' id='word_1_56' title='bbox 362 1085 576 1152; x_wconf 87' lang='lat' dir='ltr'><strong>jocatus</strong></span> <span class='ocrx_word' id='word_1_57' title='bbox 592 1089 672 1131; x_wconf 86' lang='lat' dir='ltr'><strong>est</strong></span> <span class='ocrx_word' id='word_1_58' title='bbox 694 1079 742 1132; x_wconf 92' lang='lat' dir='ltr'><strong>in</strong></span> <span class='ocrx_word' id='word_1_59' title='bbox 773 1079 1022 1134; x_wconf 87' lang='lat' dir='ltr'><strong>Ponticas</strong></span> <span class='ocrx_word' id='word_1_60' title='bbox 1055 1075 1320 1138; x_wconf 78' lang='lat' dir='ltr'><strong>tenebras,</strong></span> <span class='ocrx_word' id='word_1_61' title='bbox 1355 1076 1406 1130; x_wconf 92' lang='lat' dir='ltr'><strong>in</strong></span> <span class='ocrx_word' id='word_1_62' title='bbox 1443 1077 1601 1131; x_wconf 91' lang='lat' dir='ltr'><strong>situm</strong></span> <span class='ocrx_word' id='word_1_63' title='bbox 1629 1073 1768 1127; x_wconf 89' lang='lat' dir='ltr'><strong>illius</strong></span> 
     </span>
    </p>
   </div>
   <div class='ocr_carea' id='block_1_10' title="bbox 208 1164 1768 1239">
    <p class='ocr_par' dir='ltr' id='par_1_10' title="bbox 208 1164 1768 1239">
     <span class='ocr_line' id='line_1_10' title="bbox 208 1164 1768 1239; baseline -0.006 -11"><span class='ocrx_word' id='word_1_64' title='bbox 208 1174 536 1234; x_wconf 74' lang='lat' dir='ltr'><strong>solitudinis,</strong></span> <span class='ocrx_word' id='word_1_65' title='bbox 568 1186 726 1239; x_wconf 86' lang='lat' dir='ltr'><strong>quam</strong></span> <span class='ocrx_word' id='word_1_66' title='bbox 761 1172 991 1225; x_wconf 85' lang='lat' dir='ltr'><strong>Basilius</strong></span> <span class='ocrx_word' id='word_1_67' title='bbox 1039 1183 1178 1236; x_wconf 86' lang='lat' dir='ltr'><strong>pene</strong></span> <span class='ocrx_word' id='word_1_68' title='bbox 1213 1167 1437 1221; x_wconf 89' lang='lat' dir='ltr'><strong>insulam</strong></span> <span class='ocrx_word' id='word_1_69' title='bbox 1467 1181 1586 1220; x_wconf 90' lang='lat' dir='ltr'><strong>esse</strong></span> <span class='ocrx_word' id='word_1_70' title='bbox 1620 1164 1768 1219; x_wconf 81' lang='lat' dir='ltr'><strong>dixe-</strong></span> 
     </span>
    </p>
   </div>
   <div class='ocr_carea' id='block_1_11' title="bbox 208 1261 1768 1331">
    <p class='ocr_par' dir='ltr' id='par_1_11' title="bbox 208 1261 1768 1331">
     <span class='ocr_line' id='line_1_11' title="bbox 208 1261 1768 1331; baseline -0.004 -12"><span class='ocrx_word' id='word_1_71' title='bbox 208 1279 313 1331; x_wconf 85' lang='lat' dir='ltr'><strong>rat,</strong></span> <span class='ocrx_word' id='word_1_72' title='bbox 343 1277 395 1318; x_wconf 90' lang='lat' dir='ltr'><strong>et</strong></span> <span class='ocrx_word' id='word_1_73' title='bbox 423 1265 474 1316; x_wconf 93' lang='lat' dir='ltr'><strong>iu</strong></span> <span class='ocrx_word' id='word_1_74' title='bbox 505 1262 721 1319; x_wconf 85' lang='lat' dir='ltr'><strong>ﬂuvium</strong></span> <span class='ocrx_word' id='word_1_75' title='bbox 763 1278 922 1331; x_wconf 81' lang='lat' dir='ltr'><strong>quem</strong></span> <span class='ocrx_word' id='word_1_76' title='bbox 955 1277 1075 1315; x_wconf 88' lang='lat' dir='ltr'><strong>cum</strong></span> <span class='ocrx_word' id='word_1_77' title='bbox 1112 1261 1393 1329; x_wconf 83' lang='lat' dir='ltr'><strong>Strymone</strong></span> <span class='ocrx_word' id='word_1_78' title='bbox 1421 1272 1768 1326; x_wconf 87' lang='lat' dir='ltr'><strong>comparave-</strong></span> 
     </span>
    </p>
   </div>
   <div class='ocr_carea' id='block_1_12' title="bbox 209 1349 1770 1423">
    <p class='ocr_par' dir='ltr' id='par_1_12' title="bbox 209 1349 1770 1423">
     <span class='ocr_line' id='line_1_12' title="bbox 209 1349 1770 1423; baseline -0.007 -12"><span class='ocrx_word' id='word_1_79' title='bbox 209 1371 320 1423; x_wconf 88' lang='lat' dir='ltr'><strong>rat;</strong></span> <span class='ocrx_word' id='word_1_80' title='bbox 351 1367 461 1408; x_wconf 88' lang='lat' dir='ltr'><strong>tum</strong></span> <span class='ocrx_word' id='word_1_81' title='bbox 491 1371 616 1411; x_wconf 80' lang='lat' dir='ltr'><strong>vero</strong></span> <span class='ocrx_word' id='word_1_82' title='bbox 655 1359 762 1410; x_wconf 81' lang='lat' dir='ltr'><strong>ait:</strong></span> <span class='ocrx_word' id='word_1_83' title='bbox 806 1355 871 1404; x_wconf 78' lang='grc' dir='ltr'>Ἃ</span> <span class='ocrx_word' id='word_1_84' title='bbox 903 1354 998 1423; x_wconf 76' lang='grc' dir='ltr'><strong>μὲν</strong></span> <span class='ocrx_word' id='word_1_85' title='bbox 1040 1349 1131 1405; x_wconf 72' lang='grc' dir='ltr'><strong>οὖν</strong></span> <span class='ocrx_word' id='word_1_86' title='bbox 1172 1353 1330 1423; x_wconf 80' lang='grc' dir='ltr'><strong>ἡμεῖς</strong></span> <span class='ocrx_word' id='word_1_87' title='bbox 1361 1351 1617 1419; x_wconf 81' lang='grc' dir='ltr'><strong>σύνισμεν</strong></span> <span class='ocrx_word' id='word_1_88' title='bbox 1654 1352 1770 1412; x_wconf 82' lang='grc' dir='ltr'><strong>ταῖς</strong></span> 
     </span>
    </p>
   </div>
   <div class='ocr_carea' id='block_1_13' title="bbox 210 1439 1772 1516">
    <p class='ocr_par' dir='ltr' id='par_1_13' title="bbox 210 1439 1772 1516">
     <span class='ocr_line' id='line_1_13' title="bbox 210 1439 1772 1516; baseline -0.004 -18"><span class='ocrx_word' id='word_1_89' title='bbox 210 1447 312 1498; x_wconf 79' lang='grc' dir='ltr'><strong>τῶν</strong></span> <span class='ocrx_word' id='word_1_90' title='bbox 354 1445 615 1516; x_wconf 71' lang='grc' dir='ltr'>μακάρων</span> <span class='ocrx_word' id='word_1_91' title='bbox 671 1447 854 1513; x_wconf 75' lang='grc' dir='ltr'><strong>νήσοις</strong></span> <span class='ocrx_word' id='word_1_92' title='bbox 908 1446 1200 1505; x_wconf 75' lang='grc' dir='ltr'><strong>ταύταις...</strong></span> <span class='ocrx_word' id='word_1_93' title='bbox 1232 1443 1403 1497; x_wconf 82' lang='grc' dir='ltr'><strong>ταῦτὰ</strong></span> <span class='ocrx_word' id='word_1_94' title='bbox 1460 1443 1596 1492; x_wconf 75' lang='grc' dir='ltr'><strong>ἐστι.</strong></span> <span class='ocrx_word' id='word_1_95' title='bbox 1641 1439 1772 1503; x_wconf 75' lang='lat' dir='ltr'><strong>Qua:</strong></span> 
     </span>
    </p>
   </div>
   <div class='ocr_carea' id='block_1_14' title="bbox 211 1531 1771 1605">
    <p class='ocr_par' dir='ltr' id='par_1_14' title="bbox 211 1531 1771 1605">
     <span class='ocr_line' id='line_1_14' title="bbox 211 1531 1771 1605; baseline -0.002 -18"><span class='ocrx_word' id='word_1_96' title='bbox 211 1539 371 1603; x_wconf 79' lang='lat' dir='ltr'><strong>igitur</strong></span> <span class='ocrx_word' id='word_1_97' title='bbox 417 1539 609 1591; x_wconf 77' lang='lat' dir='ltr'><strong>scimus</strong></span> <span class='ocrx_word' id='word_1_98' title='bbox 651 1537 713 1588; x_wconf 88' lang='lat' dir='ltr'><strong>de</strong></span> <span class='ocrx_word' id='word_1_99' title='bbox 759 1536 864 1589; x_wconf 89' lang='lat' dir='ltr'><strong>illis</strong></span> <span class='ocrx_word' id='word_1_100' title='bbox 907 1538 1297 1605; x_wconf 76' lang='lat' dir='ltr'><strong>fortunatorum</strong></span> <span class='ocrx_word' id='word_1_101' title='bbox 1353 1533 1609 1585; x_wconf 75' lang='lat' dir='ltr'><strong>insulis...</strong></span> <span class='ocrx_word' id='word_1_102' title='bbox 1663 1531 1771 1584; x_wconf 81' lang='lat' dir='ltr'><strong>Ittec</strong></span> 
     </span>
    </p>
   </div>
   <div class='ocr_carea' id='block_1_15' title="bbox 213 1623 1772 1696">
    <p class='ocr_par' dir='ltr' id='par_1_15' title="bbox 213 1623 1772 1696">
     <span class='ocr_line' id='line_1_15' title="bbox 213 1623 1772 1696; baseline -0.003 -16"><span class='ocrx_word' id='word_1_103' title='bbox 213 1638 354 1683; x_wconf 87' lang='lat' dir='ltr'><strong>sunt.</strong></span> <span class='ocrx_word' id='word_1_104' title='bbox 384 1629 502 1683; x_wconf 81' lang='lat' dir='ltr'><strong>Jam</strong></span> <span class='ocrx_word' id='word_1_105' title='bbox 551 1642 678 1696; x_wconf 88' lang='lat' dir='ltr'><strong>ergo</strong></span> <span class='ocrx_word' id='word_1_106' title='bbox 716 1626 972 1682; x_wconf 75' lang='lat' dir='ltr'><strong>Basilium</strong></span> <span class='ocrx_word' id='word_1_107' title='bbox 1009 1626 1269 1680; x_wconf 87' lang='lat' dir='ltr'><strong>inviserat</strong></span> <span class='ocrx_word' id='word_1_108' title='bbox 1322 1623 1634 1693; x_wconf 84' lang='lat' dir='ltr'><strong>Gregorius,</strong></span> <span class='ocrx_word' id='word_1_109' title='bbox 1674 1638 1772 1676; x_wconf 89' lang='lat' dir='ltr'><strong>nec</strong></span> 
     </span>
    </p>
   </div>
   <div class='ocr_carea' id='block_1_16' title="bbox 214 1714 1772 1790">
    <p class='ocr_par' dir='ltr' id='par_1_16' title="bbox 214 1714 1772 1790">
     <span class='ocr_line' id='line_1_16' title="bbox 214 1714 1772 1790; baseline -0.004 -18"><span class='ocrx_word' id='word_1_110' title='bbox 214 1721 503 1790; x_wconf 83' lang='lat' dir='ltr'><strong>qitidquam</strong></span> <span class='ocrx_word' id='word_1_111' title='bbox 555 1719 788 1782; x_wconf 85' lang='lat' dir='ltr'><strong>diccbat,</strong></span> <span class='ocrx_word' id='word_1_112' title='bbox 827 1718 969 1786; x_wconf 88' lang='lat' dir='ltr'><strong>quod</strong></span> <span class='ocrx_word' id='word_1_113' title='bbox 1002 1732 1104 1769; x_wconf 88' lang='lat' dir='ltr'><strong>non</strong></span> <span class='ocrx_word' id='word_1_114' title='bbox 1137 1718 1410 1770; x_wconf 90' lang='lat' dir='ltr'><strong>oculorum</strong></span> <span class='ocrx_word' id='word_1_115' title='bbox 1463 1714 1772 1766; x_wconf 88' lang='lat' dir='ltr'><strong>testimonio</strong></span> 
     </span>
    </p>
   </div>
   <div class='ocr_carea' id='block_1_17' title="bbox 212 1805 1772 1881">
    <p class='ocr_par' dir='ltr' id='par_1_17' title="bbox 212 1805 1772 1881">
     <span class='ocr_line' id='line_1_17' title="bbox 212 1805 1772 1881; baseline -0.006 -16"><span class='ocrx_word' id='word_1_116' title='bbox 212 1814 483 1881; x_wconf 82' lang='lat' dir='ltr'><strong>cognitum</strong></span> <span class='ocrx_word' id='word_1_117' title='bbox 544 1810 784 1874; x_wconf 78' lang='lat' dir='ltr'><strong>haberet,</strong></span> <span class='ocrx_word' id='word_1_118' title='bbox 835 1820 894 1862; x_wconf 90' lang='lat' dir='ltr'><strong>ut</strong></span> <span class='ocrx_word' id='word_1_119' title='bbox 952 1810 1188 1864; x_wconf 85' lang='lat' dir='ltr'><strong>declarat</strong></span> <span class='ocrx_word' id='word_1_120' title='bbox 1225 1823 1325 1859; x_wconf 78' lang='lat' dir='ltr'><strong>vox</strong></span> <span class='ocrx_word' id='word_1_121' title='bbox 1359 1805 1543 1860; x_wconf 62' lang='lat' dir='ltr'><strong>Graeca</strong></span> <span class='ocrx_word' id='word_1_122' title='bbox 1589 1806 1772 1858; x_wconf 80' lang='grc' dir='ltr'>σύνισ-</span> 
     </span>
    </p>
   </div>
   <div class='ocr_carea' id='block_1_18' title="bbox 1870 590 3436 665">
    <p class='ocr_par' dir='ltr' id='par_1_18' title="bbox 1870 590 3436 665">
     <span class='ocr_line' id='line_1_18' title="bbox 1870 590 3436 665; baseline -0.011 -16"><span class='ocrx_word' id='word_1_123' title='bbox 1870 601 2042 665; x_wconf 85' lang='lat' dir='ltr'><strong>jorem</strong></span> <span class='ocrx_word' id='word_1_124' title='bbox 2081 605 2284 665; x_wconf 86' lang='lat' dir='ltr'><strong>partem</strong></span> <span class='ocrx_word' id='word_1_125' title='bbox 2329 593 2783 660; x_wconf 58' lang='lat' dir='ltr'><strong>praetermittemus</strong></span> <span class='ocrx_word' id='word_1_126' title='bbox 2831 590 3058 640; x_wconf 86' lang='lat' dir='ltr'><strong>aliarum</strong></span> <span class='ocrx_word' id='word_1_127' title='bbox 3088 598 3285 639; x_wconf 83' lang='lat' dir='ltr'><strong>rerum,</strong></span> <span class='ocrx_word' id='word_1_128' title='bbox 3321 595 3436 647; x_wconf 79' lang='lat' dir='ltr'><strong>qua:</strong></span> 
     </span>
    </p>
   </div>
   <div class='ocr_carea' id='block_1_19' title="bbox 1873 670 3437 751">
    <p class='ocr_par' dir='ltr' id='par_1_19' title="bbox 1873 670 3437 751">
     <span class='ocr_line' id='line_1_19' title="bbox 1873 670 3437 751; baseline -0.013 -9"><span class='ocrx_word' id='word_1_129' title='bbox 1873 690 2052 742; x_wconf 72' lang='lat' dir='ltr'><strong>multa:</strong></span> <span class='ocrx_word' id='word_1_130' title='bbox 2107 689 2249 743; x_wconf 86' lang='lat' dir='ltr'><strong>nobis</strong></span> <span class='ocrx_word' id='word_1_131' title='bbox 2300 686 2642 751; x_wconf 86' lang='lat' dir='ltr'><strong>contigerunt,</strong></span> <span class='ocrx_word' id='word_1_132' title='bbox 2697 679 2893 750; x_wconf 83' lang='lat' dir='ltr'><strong>pudore</strong></span> <span class='ocrx_word' id='word_1_133' title='bbox 2957 673 3211 730; x_wconf 84' lang='lat' dir='ltr'><strong>deterriti.</strong></span> <span class='ocrx_word' id='word_1_134' title='bbox 3255 670 3437 724; x_wconf 79' lang='lat' dir='ltr'><strong>Tertio</strong></span> 
     </span>
    </p>
   </div>
   <div class='ocr_carea' id='block_1_20' title="bbox 1870 762 3429 844">
    <p class='ocr_par' dir='ltr' id='par_1_20' title="bbox 1870 762 3429 844">
     <span class='ocr_line' id='line_1_20' title="bbox 1870 762 3429 844; baseline -0.012 -10"><span class='ocrx_word' id='word_1_135' title='bbox 1870 781 2056 834; x_wconf 73' lang='lat' dir='ltr'><strong>eadem</strong></span> <span class='ocrx_word' id='word_1_136' title='bbox 2085 784 2150 835; x_wconf 89' lang='lat' dir='ltr'><strong>de</strong></span> <span class='ocrx_word' id='word_1_137' title='bbox 2183 795 2236 834; x_wconf 92' lang='lat' dir='ltr'><strong>re</strong></span> <span class='ocrx_word' id='word_1_138' title='bbox 2270 774 2562 844; x_wconf 78' lang='lat' dir='ltr'><strong>Gregorius</strong></span> <span class='ocrx_word' id='word_1_139' title='bbox 2595 775 2806 842; x_wconf 89' lang='lat' dir='ltr'><strong>scripsit</strong></span> <span class='ocrx_word' id='word_1_140' title='bbox 2841 770 2938 840; x_wconf 71' lang='grc' dir='ltr'><strong>(ὁ),</strong></span> <span class='ocrx_word' id='word_1_141' title='bbox 2965 770 3057 822; x_wconf 89' lang='lat' dir='ltr'><strong>sed</strong></span> <span class='ocrx_word' id='word_1_142' title='bbox 3099 783 3202 820; x_wconf 90' lang='lat' dir='ltr'><strong>non</strong></span> <span class='ocrx_word' id='word_1_143' title='bbox 3238 762 3429 818; x_wconf 79' lang='lat' dir='ltr'><strong>eodem</strong></span> 
     </span>
    </p>
   </div>
   <div class='ocr_carea' id='block_1_21' title="bbox 1874 859 3430 925">
    <p class='ocr_par' dir='ltr' id='par_1_21' title="bbox 1874 859 3430 925">
     <span class='ocr_line' id='line_1_21' title="bbox 1874 859 3430 925; baseline -0.015 0"><span class='ocrx_word' id='word_1_144' title='bbox 1874 871 2056 925; x_wconf 85' lang='lat' dir='ltr'><strong>modo.</strong></span> <span class='ocrx_word' id='word_1_145' title='bbox 2099 871 2344 924; x_wconf 87' lang='lat' dir='ltr'><strong>Declarat</strong></span> <span class='ocrx_word' id='word_1_146' title='bbox 2399 867 2541 920; x_wconf 92' lang='lat' dir='ltr'><strong>enim</strong></span> <span class='ocrx_word' id='word_1_147' title='bbox 2587 879 2644 918; x_wconf 89' lang='lat' dir='ltr'><strong>se</strong></span> <span class='ocrx_word' id='word_1_148' title='bbox 2689 881 2789 917; x_wconf 94' lang='lat' dir='ltr'><strong>non</strong></span> <span class='ocrx_word' id='word_1_149' title='bbox 2840 861 3042 918; x_wconf 88' lang='lat' dir='ltr'><strong>salibus</strong></span> <span class='ocrx_word' id='word_1_150' title='bbox 3082 867 3140 909; x_wconf 90' lang='lat' dir='ltr'><strong>ut</strong></span> <span class='ocrx_word' id='word_1_151' title='bbox 3185 867 3340 908; x_wconf 87' lang='lat' dir='ltr'><strong>antea</strong></span> <span class='ocrx_word' id='word_1_152' title='bbox 3381 859 3430 906; x_wconf 91' lang='lat' dir='ltr'><strong>et</strong></span> 
     </span>
    </p>
   </div>
   <div class='ocr_carea' id='block_1_22' title="bbox 1868 947 3432 1033">
    <p class='ocr_par' dir='ltr' id='par_1_22' title="bbox 1868 947 3432 1033">
     <span class='ocr_line' id='line_1_22' title="bbox 1868 947 3432 1033; baseline -0.015 -15"><span class='ocrx_word' id='word_1_153' title='bbox 1868 964 2008 1033; x_wconf 83' lang='lat' dir='ltr'><strong>jocis</strong></span> <span class='ocrx_word' id='word_1_154' title='bbox 2044 962 2339 1031; x_wconf 88' lang='lat' dir='ltr'><strong>indulgere,</strong></span> <span class='ocrx_word' id='word_1_155' title='bbox 2379 959 2469 1015; x_wconf 86' lang='lat' dir='ltr'><strong>sed</strong></span> <span class='ocrx_word' id='word_1_156' title='bbox 2501 957 2645 1012; x_wconf 88' lang='lat' dir='ltr'><strong>serio</strong></span> <span class='ocrx_word' id='word_1_157' title='bbox 2677 957 2840 1022; x_wconf 88' lang='lat' dir='ltr'><strong>loqui.</strong></span> <span class='ocrx_word' id='word_1_158' title='bbox 2872 956 3036 1011; x_wconf 85' lang='lat' dir='ltr'><strong>Grata</strong></span> <span class='ocrx_word' id='word_1_159' title='bbox 3061 947 3432 1003; x_wconf 84' lang='lat' dir='ltr'><strong>recordatione</strong></span> 
     </span>
    </p>
   </div>
   <div class='ocr_carea' id='block_1_23' title="bbox 1873 1035 3434 1112">
    <p class='ocr_par' dir='ltr' id='par_1_23' title="bbox 1873 1035 3434 1112">
     <span class='ocr_line' id='line_1_23' title="bbox 1873 1035 3434 1112; baseline -0.017 0"><span class='ocrx_word' id='word_1_160' title='bbox 1873 1064 2100 1112; x_wconf 85' lang='lat' dir='ltr'><strong>renovat</strong></span> <span class='ocrx_word' id='word_1_161' title='bbox 2136 1055 2189 1107; x_wconf 91' lang='lat' dir='ltr'><strong>in</strong></span> <span class='ocrx_word' id='word_1_162' title='bbox 2230 1056 2408 1108; x_wconf 86' lang='lat' dir='ltr'><strong>animo</strong></span> <span class='ocrx_word' id='word_1_163' title='bbox 2432 1053 2546 1107; x_wconf 86' lang='lat' dir='ltr'><strong>dies</strong></span> <span class='ocrx_word' id='word_1_164' title='bbox 2570 1063 2688 1103; x_wconf 90' lang='lat' dir='ltr'><strong>cum</strong></span> <span class='ocrx_word' id='word_1_165' title='bbox 2721 1047 2917 1099; x_wconf 83' lang='lat' dir='ltr'><strong>Basilio</strong></span> <span class='ocrx_word' id='word_1_166' title='bbox 2961 1041 3257 1104; x_wconf 83' lang='lat' dir='ltr'><strong>traductos,</strong></span> <span class='ocrx_word' id='word_1_167' title='bbox 3286 1035 3434 1105; x_wconf 85' lang='lat' dir='ltr'><strong>psal-</strong></span> 
     </span>
    </p>
   </div>
   <div class='ocr_carea' id='block_1_24' title="bbox 1875 1133 3436 1212">
    <p class='ocr_par' dir='ltr' id='par_1_24' title="bbox 1875 1133 3436 1212">
     <span class='ocr_line' id='line_1_24' title="bbox 1875 1133 3436 1212; baseline -0.016 -9"><span class='ocrx_word' id='word_1_168' title='bbox 1875 1149 2080 1203; x_wconf 88' lang='lat' dir='ltr'><strong>modias</strong></span> <span class='ocrx_word' id='word_1_169' title='bbox 2124 1155 2178 1200; x_wconf 87' lang='lat' dir='ltr'><strong>et</strong></span> <span class='ocrx_word' id='word_1_170' title='bbox 2201 1145 2428 1212; x_wconf 88' lang='lat' dir='ltr'><strong>vigilias,</strong></span> <span class='ocrx_word' id='word_1_171' title='bbox 2473 1143 2722 1203; x_wconf 80' lang='lat' dir='ltr'><strong>fratrum,</strong></span> <span class='ocrx_word' id='word_1_172' title='bbox 2759 1151 2891 1206; x_wconf 90' lang='lat' dir='ltr'><strong>quos</strong></span> <span class='ocrx_word' id='word_1_173' title='bbox 2921 1136 3147 1190; x_wconf 85' lang='lat' dir='ltr'><strong>Basilius</strong></span> <span class='ocrx_word' id='word_1_174' title='bbox 3177 1133 3242 1183; x_wconf 89' lang='lat' dir='ltr'><strong>ad</strong></span> <span class='ocrx_word' id='word_1_175' title='bbox 3287 1141 3436 1184; x_wconf 90' lang='lat' dir='ltr'><strong>sum-</strong></span> 
     </span>
    </p>
   </div>
   <div class='ocr_carea' id='block_1_25' title="bbox 1873 1223 3439 1308">
    <p class='ocr_par' dir='ltr' id='par_1_25' title="bbox 1873 1223 3439 1308">
     <span class='ocr_line' id='line_1_25' title="bbox 1873 1223 3439 1308; baseline -0.017 -11"><span class='ocrx_word' id='word_1_176' title='bbox 1873 1256 2020 1297; x_wconf 93' lang='lat' dir='ltr'><strong>mum</strong></span> <span class='ocrx_word' id='word_1_177' title='bbox 2049 1239 2264 1308; x_wconf 90' lang='lat' dir='ltr'><strong>pietatis</strong></span> <span class='ocrx_word' id='word_1_178' title='bbox 2304 1238 2587 1300; x_wconf 89' lang='lat' dir='ltr'><strong>evehebat,</strong></span> <span class='ocrx_word' id='word_1_179' title='bbox 2637 1229 2978 1288; x_wconf 82' lang='lat' dir='ltr'><strong>concordiam</strong></span> <span class='ocrx_word' id='word_1_180' title='bbox 3029 1239 3081 1280; x_wconf 90' lang='lat' dir='ltr'><strong>et</strong></span> <span class='ocrx_word' id='word_1_181' title='bbox 3131 1223 3439 1279; x_wconf 91' lang='lat' dir='ltr'><strong>animorum-</strong></span> 
     </span>
    </p>
   </div>
   <div class='ocr_carea' id='block_1_26' title="bbox 1875 1317 3436 1400">
    <p class='ocr_par' dir='ltr' id='par_1_26' title="bbox 1875 1317 3436 1400">
     <span class='ocr_line' id='line_1_26' title="bbox 1875 1317 3436 1400; baseline -0.017 -12"><span class='ocrx_word' id='word_1_182' title='bbox 1875 1333 2340 1400; x_wconf 87' lang='lat' dir='ltr'><strong>conjunetionetn,</strong></span> <span class='ocrx_word' id='word_1_183' title='bbox 2391 1329 2621 1394; x_wconf 84' lang='lat' dir='ltr'><strong>scriptas</strong></span> <span class='ocrx_word' id='word_1_184' title='bbox 2684 1340 2787 1379; x_wconf 86' lang='lat' dir='ltr'><strong>una</strong></span> <span class='ocrx_word' id='word_1_185' title='bbox 2838 1335 2958 1375; x_wconf 86' lang='lat' dir='ltr'><strong>cum</strong></span> <span class='ocrx_word' id='word_1_186' title='bbox 3016 1317 3208 1371; x_wconf 86' lang='lat' dir='ltr'><strong>Basilio</strong></span> <span class='ocrx_word' id='word_1_187' title='bbox 3249 1327 3436 1369; x_wconf 88' lang='lat' dir='ltr'><strong>mona-</strong></span> 
     </span>
    </p>
   </div>
   <div class='ocr_carea' id='block_1_27' title="bbox 1875 1408 3432 1490">
    <p class='ocr_par' dir='ltr' id='par_1_27' title="bbox 1875 1408 3432 1490">
     <span class='ocr_line' id='line_1_27' title="bbox 1875 1408 3432 1490; baseline -0.014 -12"><span class='ocrx_word' id='word_1_188' title='bbox 1875 1425 2025 1478; x_wconf 71' lang='lat' dir='ltr'><strong>sticae</strong></span> <span class='ocrx_word' id='word_1_189' title='bbox 2041 1424 2162 1476; x_wconf 84' lang='lat' dir='ltr'><strong>vitae</strong></span> <span class='ocrx_word' id='word_1_190' title='bbox 2189 1423 2332 1490; x_wconf 89' lang='lat' dir='ltr'><strong>leges</strong></span> <span class='ocrx_word' id='word_1_191' title='bbox 2348 1428 2400 1474; x_wconf 89' lang='lat' dir='ltr'><strong>et</strong></span> <span class='ocrx_word' id='word_1_192' title='bbox 2422 1417 2654 1487; x_wconf 85' lang='lat' dir='ltr'><strong>regulas,</strong></span> <span class='ocrx_word' id='word_1_193' title='bbox 2681 1431 2848 1470; x_wconf 71' lang='lat' dir='ltr'><strong>sacrae</strong></span> <span class='ocrx_word' id='word_1_194' title='bbox 2874 1412 3164 1478; x_wconf 68' lang='lat' dir='ltr'><strong>Scriptura:</strong></span> <span class='ocrx_word' id='word_1_195' title='bbox 3178 1408 3432 1468; x_wconf 86' lang='lat' dir='ltr'><strong>studium,</strong></span> 
     </span>
    </p>
   </div>
   <div class='ocr_carea' id='block_1_28' title="bbox 1874 1500 3440 1574">
    <p class='ocr_par' dir='ltr' id='par_1_28' title="bbox 1874 1500 3440 1574">
     <span class='ocr_line' id='line_1_28' title="bbox 1874 1500 3440 1574; baseline -0.016 -1"><span class='ocrx_word' id='word_1_196' title='bbox 1874 1530 1928 1573; x_wconf 83' lang='lat' dir='ltr'><strong>et</strong></span> <span class='ocrx_word' id='word_1_197' title='bbox 1960 1529 2212 1567; x_wconf 90' lang='lat' dir='ltr'><strong>manuum</strong></span> <span class='ocrx_word' id='word_1_198' title='bbox 2264 1514 2522 1566; x_wconf 87' lang='lat' dir='ltr'><strong>laborem.</strong></span> <span class='ocrx_word' id='word_1_199' title='bbox 2564 1508 2700 1561; x_wconf 88' lang='lat' dir='ltr'><strong>Sunt</strong></span> <span class='ocrx_word' id='word_1_200' title='bbox 2730 1508 2810 1560; x_wconf 74' lang='lat' dir='ltr'><strong>ba:</strong></span> <span class='ocrx_word' id='word_1_201' title='bbox 2833 1501 3078 1574; x_wconf 80' lang='lat' dir='ltr'><strong>Gregorii</strong></span> <span class='ocrx_word' id='word_1_202' title='bbox 3111 1507 3220 1552; x_wconf 86' lang='lat' dir='ltr'><strong>tres</strong></span> <span class='ocrx_word' id='word_1_203' title='bbox 3245 1500 3440 1552; x_wconf 69' lang='lat' dir='ltr'><strong>littertn</strong></span> 
     </span>
    </p>
   </div>
   <div class='ocr_carea' id='block_1_29' title="bbox 1877 1596 3438 1669">
    <p class='ocr_par' dir='ltr' id='par_1_29' title="bbox 1877 1596 3438 1669">
     <span class='ocr_line' id='line_1_29' title="bbox 1877 1596 3438 1669; baseline -0.013 -6"><span class='ocrx_word' id='word_1_204' title='bbox 1877 1611 1959 1663; x_wconf 35' lang='lat' dir='ltr'><strong>ita.</strong></span> <span class='ocrx_word' id='word_1_205' title='bbox 1984 1608 2124 1661; x_wconf 88' lang='lat' dir='ltr'><strong>inter</strong></span> <span class='ocrx_word' id='word_1_206' title='bbox 2155 1621 2212 1660; x_wconf 83' lang='lat' dir='ltr'><strong>se</strong></span> <span class='ocrx_word' id='word_1_207' title='bbox 2265 1620 2437 1669; x_wconf 78' lang='lat' dir='ltr'><strong>nexae,</strong></span> <span class='ocrx_word' id='word_1_208' title='bbox 2467 1613 2526 1656; x_wconf 88' lang='lat' dir='ltr'><strong>ut</strong></span> <span class='ocrx_word' id='word_1_209' title='bbox 2558 1599 2743 1654; x_wconf 76' lang='lat' dir='ltr'><strong>divelli</strong></span> <span class='ocrx_word' id='word_1_210' title='bbox 2786 1615 2889 1652; x_wconf 88' lang='lat' dir='ltr'><strong>non</strong></span> <span class='ocrx_word' id='word_1_211' title='bbox 2934 1596 3184 1666; x_wconf 84' lang='lat' dir='ltr'><strong>possint:</strong></span> <span class='ocrx_word' id='word_1_212' title='bbox 3227 1600 3276 1643; x_wconf 87' lang='lat' dir='ltr'><strong>et</strong></span> <span class='ocrx_word' id='word_1_213' title='bbox 3315 1606 3438 1644; x_wconf 89' lang='lat' dir='ltr'><strong>cum</strong></span> 
     </span>
    </p>
   </div>
   <div class='ocr_carea' id='block_1_30' title="bbox 1877 1684 3440 1762">
    <p class='ocr_par' dir='ltr' id='par_1_30' title="bbox 1877 1684 3440 1762">
     <span class='ocr_line' id='line_1_30' title="bbox 1877 1684 3440 1762; baseline -0.015 -3"><span class='ocrx_word' id='word_1_214' title='bbox 1877 1719 2058 1758; x_wconf 86' lang='lat' dir='ltr'><strong>earum</strong></span> <span class='ocrx_word' id='word_1_215' title='bbox 2113 1699 2517 1754; x_wconf 86' lang='lat' dir='ltr'><strong>scribendarum</strong></span> <span class='ocrx_word' id='word_1_216' title='bbox 2573 1697 2725 1762; x_wconf 81' lang='lat' dir='ltr'><strong>origo</strong></span> <span class='ocrx_word' id='word_1_217' title='bbox 2780 1706 2844 1744; x_wconf 83' lang='lat' dir='ltr'><strong>ex</strong></span> <span class='ocrx_word' id='word_1_218' title='bbox 2880 1690 3059 1743; x_wconf 86' lang='lat' dir='ltr'><strong>Basilii</strong></span> <span class='ocrx_word' id='word_1_219' title='bbox 3105 1684 3329 1754; x_wconf 83' lang='lat' dir='ltr'><strong>cpistola</strong></span> <span class='ocrx_word' id='word_1_220' title='bbox 3373 1685 3440 1736; x_wconf 77' lang='lat' dir='ltr'><strong>H</strong></span> 
     </span>
    </p>
   </div>
   <div class='ocr_carea' id='block_1_31' title="bbox 1878 1776 3438 1855">
    <p class='ocr_par' dir='ltr' id='par_1_31' title="bbox 1878 1776 3438 1855">
     <span class='ocr_line' id='line_1_31' title="bbox 1878 1776 3438 1855; baseline -0.014 -10"><span class='ocrx_word' id='word_1_221' title='bbox 1878 1803 1993 1845; x_wconf 89' lang='lat' dir='ltr'><strong>orta</strong></span> <span class='ocrx_word' id='word_1_222' title='bbox 2058 1791 2164 1855; x_wconf 86' lang='lat' dir='ltr'><strong>sit,</strong></span> <span class='ocrx_word' id='word_1_223' title='bbox 2220 1787 2416 1842; x_wconf 88' lang='lat' dir='ltr'><strong>merito</strong></span> <span class='ocrx_word' id='word_1_224' title='bbox 2462 1784 2749 1838; x_wconf 88' lang='lat' dir='ltr'><strong>statuimus</strong></span> <span class='ocrx_word' id='word_1_225' title='bbox 2806 1781 2945 1834; x_wconf 90' lang='lat' dir='ltr'><strong>banc</strong></span> <span class='ocrx_word' id='word_1_226' title='bbox 2999 1776 3280 1847; x_wconf 87' lang='lat' dir='ltr'><strong>epistolam</strong></span> <span class='ocrx_word' id='word_1_227' title='bbox 3336 1788 3438 1824; x_wconf 92' lang='lat' dir='ltr'><strong>non</strong></span> 
     </span>
    </p>
   </div>
   <div class='ocr_carea' id='block_1_32' title="bbox 215 1867 3442 1973">
    <p class='ocr_par' dir='ltr' id='par_1_32' title="bbox 215 1867 3442 1973">
     <span class='ocr_line' id='line_1_32' title="bbox 215 1867 3442 1973; baseline -0.007 -18"><span class='ocrx_word' id='word_1_228' title='bbox 215 1922 330 1973; x_wconf 86' lang='grc' dir='ltr'><strong>μεν.</strong></span> <span class='ocrx_word' id='word_1_229' title='bbox 369 1902 528 1954; x_wconf 86' lang='lat' dir='ltr'><strong>Certe</strong></span> <span class='ocrx_word' id='word_1_230' title='bbox 555 1900 851 1970; x_wconf 77' lang='lat' dir='ltr'><strong>Gregorius</strong></span> <span class='ocrx_word' id='word_1_231' title='bbox 878 1899 1058 1951; x_wconf 81' lang='lat' dir='ltr'><strong>Basilii</strong></span> <span class='ocrx_word' id='word_1_232' title='bbox 1091 1899 1429 1951; x_wconf 86' lang='lat' dir='ltr'><strong>solitudinem</strong></span> <span class='ocrx_word' id='word_1_233' title='bbox 1453 1895 1775 1963; x_wconf 79' lang='lat' dir='ltr'><strong>sicjocando</strong></span> <span class='ocrx_word' id='word_1_234' title='bbox 1811 1871 1854 1926; x_wconf 75' lang='grc' dir='ltr'>Β</span> <span class='ocrx_word' id='word_1_235' title='bbox 1882 1883 2031 1938; x_wconf 66' lang='lat' dir='ltr'><strong>initio</strong></span> <span class='ocrx_word' id='word_1_236' title='bbox 2063 1897 2309 1938; x_wconf 73' lang='lat' dir='ltr'><strong>Secessus</strong></span> <span class='ocrx_word' id='word_1_237' title='bbox 2355 1879 2611 1949; x_wconf 71' lang='grc' dir='ltr'><strong>εςτῑριιιηι</strong></span> <span class='ocrx_word' id='word_1_238' title='bbox 2658 1873 2858 1939; x_wconf 58' lang='lat' dir='ltr'><strong>inisse,</strong></span> <span class='ocrx_word' id='word_1_239' title='bbox 2910 1870 3001 1925; x_wconf 72' lang='lat' dir='ltr'><strong>sed</strong></span> <span class='ocrx_word' id='word_1_240' title='bbox 3033 1871 3238 1940; x_wconf 72' lang='lat' dir='ltr'><strong>aliquot</strong></span> <span class='ocrx_word' id='word_1_241' title='bbox 3283 1867 3442 1920; x_wconf 62' lang='lat' dir='ltr'><strong>annis</strong></span> 
     </span>
    </p>
   </div>
   <div class='ocr_carea' id='block_1_33' title="bbox 211 1990 1771 2060">
    <p class='ocr_par' dir='ltr' id='par_1_33' title="bbox 211 1990 1771 2060">
     <span class='ocr_line' id='line_1_33' title="bbox 211 1990 1771 2060; baseline -0.005 -14"><span class='ocrx_word' id='word_1_242' title='bbox 211 1993 492 2058; x_wconf 83' lang='lat' dir='ltr'><strong>describit,</strong></span> <span class='ocrx_word' id='word_1_243' title='bbox 528 2005 585 2047; x_wconf 90' lang='lat' dir='ltr'><strong>ut</strong></span> <span class='ocrx_word' id='word_1_244' title='bbox 618 2010 737 2047; x_wconf 90' lang='lat' dir='ltr'><strong>eum</strong></span> <span class='ocrx_word' id='word_1_245' title='bbox 783 1992 852 2046; x_wconf 88' lang='lat' dir='ltr'><strong>ibi</strong></span> <span class='ocrx_word' id='word_1_246' title='bbox 901 1991 1011 2060; x_wconf 89' lang='lat' dir='ltr'><strong>jam</strong></span> <span class='ocrx_word' id='word_1_247' title='bbox 1069 2003 1329 2044; x_wconf 89' lang='lat' dir='ltr'><strong>moratum</strong></span> <span class='ocrx_word' id='word_1_248' title='bbox 1381 2006 1500 2045; x_wconf 89' lang='lat' dir='ltr'><strong>esse</strong></span> <span class='ocrx_word' id='word_1_249' title='bbox 1551 1990 1771 2058; x_wconf 87' lang='lat' dir='ltr'><strong>liqueat.</strong></span> 
     </span>
    </p>
   </div>
   <div class='ocr_carea' id='block_1_34' title="bbox 215 2086 1778 2155">
    <p class='ocr_par' dir='ltr' id='par_1_34' title="bbox 215 2086 1778 2155">
     <span class='ocr_line' id='line_1_34' title="bbox 215 2086 1778 2155; baseline -0.004 -14"><span class='ocrx_word' id='word_1_250' title='bbox 215 2089 316 2141; x_wconf 88' lang='lat' dir='ltr'><strong>Sed</strong></span> <span class='ocrx_word' id='word_1_251' title='bbox 346 2088 487 2154; x_wconf 90' lang='lat' dir='ltr'><strong>quod</strong></span> <span class='ocrx_word' id='word_1_252' title='bbox 523 2104 638 2141; x_wconf 90' lang='lat' dir='ltr'><strong>rem</strong></span> <span class='ocrx_word' id='word_1_253' title='bbox 686 2100 1017 2155; x_wconf 70' lang='lat' dir='ltr'><strong>causamque</strong></span> <span class='ocrx_word' id='word_1_254' title='bbox 1054 2087 1287 2139; x_wconf 80' lang='lat' dir='ltr'><strong>maxime</strong></span> <span class='ocrx_word' id='word_1_255' title='bbox 1333 2086 1594 2146; x_wconf 87' lang='lat' dir='ltr'><strong>continet,</strong></span> <span class='ocrx_word' id='word_1_256' title='bbox 1629 2091 1778 2150; x_wconf 90' lang='lat' dir='ltr'><strong>post-</strong></span> 
     </span>
    </p>
   </div>
   <div class='ocr_carea' id='block_1_35' title="bbox 211 2176 1775 2250">
    <p class='ocr_par' dir='ltr' id='par_1_35' title="bbox 211 2176 1775 2250">
     <span class='ocr_line' id='line_1_35' title="bbox 211 2176 1775 2250; baseline -0.001 -20"><span class='ocrx_word' id='word_1_257' title='bbox 211 2197 366 2250; x_wconf 89' lang='lat' dir='ltr'><strong>quam</strong></span> <span class='ocrx_word' id='word_1_258' title='bbox 401 2193 530 2235; x_wconf 84' lang='lat' dir='ltr'><strong>satts</strong></span> <span class='ocrx_word' id='word_1_259' title='bbox 558 2181 768 2249; x_wconf 89' lang='lat' dir='ltr'><strong>jocatus</strong></span> <span class='ocrx_word' id='word_1_260' title='bbox 820 2191 920 2242; x_wconf 87' lang='lat' dir='ltr'><strong>est,</strong></span> <span class='ocrx_word' id='word_1_261' title='bbox 955 2182 1028 2233; x_wconf 88' lang='lat' dir='ltr'><strong>ait</strong></span> <span class='ocrx_word' id='word_1_262' title='bbox 1062 2199 1073 2232; x_wconf 93' lang='lat'>:</span> <span class='ocrx_word' id='word_1_263' title='bbox 1116 2179 1191 2232; x_wconf 87' lang='lat' dir='ltr'><strong>Tu</strong></span> <span class='ocrx_word' id='word_1_264' title='bbox 1245 2187 1449 2238; x_wconf 78' lang='lat' dir='ltr'><strong>autent,</strong></span> <span class='ocrx_word' id='word_1_265' title='bbox 1520 2176 1775 2246; x_wconf 81' lang='lat' dir='ltr'><strong>siquidem</strong></span> 
     </span>
    </p>
   </div>
   <div class='ocr_carea' id='block_1_36' title="bbox 211 2269 1775 2342">
    <p class='ocr_par' dir='ltr' id='par_1_36' title="bbox 211 2269 1775 2342">
     <span class='ocr_line' id='line_1_36' title="bbox 211 2269 1775 2342; baseline -0.002 -18"><span class='ocrx_word' id='word_1_266' title='bbox 211 2274 298 2325; x_wconf 81' lang='lat' dir='ltr'><strong>bos</strong></span> <span class='ocrx_word' id='word_1_267' title='bbox 323 2273 471 2341; x_wconf 84' lang='lat' dir='ltr'><strong>jocos</strong></span> <span class='ocrx_word' id='word_1_268' title='bbox 505 2289 652 2342; x_wconf 74' lang='lat' dir='ltr'><strong>wquo</strong></span> <span class='ocrx_word' id='word_1_269' title='bbox 678 2276 846 2326; x_wconf 88' lang='lat' dir='ltr'><strong>animo</strong></span> <span class='ocrx_word' id='word_1_270' title='bbox 883 2275 1040 2340; x_wconf 85' lang='lat' dir='ltr'><strong>feras,</strong></span> <span class='ocrx_word' id='word_1_271' title='bbox 1083 2281 1216 2322; x_wconf 85' lang='lat' dir='ltr'><strong>recte</strong></span> <span class='ocrx_word' id='word_1_272' title='bbox 1243 2269 1422 2336; x_wconf 75' lang='lat' dir='ltr'><strong>feceris</strong></span> <span class='ocrx_word' id='word_1_273' title='bbox 1449 2285 1466 2332; x_wconf 90' lang='lat'><strong><em>;</em></strong></span> <span class='ocrx_word' id='word_1_274' title='bbox 1495 2269 1573 2321; x_wconf 88' lang='lat' dir='ltr'><strong>sin</strong></span> <span class='ocrx_word' id='word_1_275' title='bbox 1607 2286 1775 2332; x_wconf 87' lang='lat' dir='ltr'><strong>secus,</strong></span> 
     </span>
    </p>
   </div>
   <div class='ocr_carea' id='block_1_37' title="bbox 211 2360 1774 2436">
    <p class='ocr_par' dir='ltr' id='par_1_37' title="bbox 211 2360 1774 2436">
     <span class='ocr_line' id='line_1_37' title="bbox 211 2360 1774 2436; baseline -0.003 -21"><span class='ocrx_word' id='word_1_276' title='bbox 211 2363 361 2431; x_wconf 71' lang='lat' dir='ltr'><strong>plura</strong></span> <span class='ocrx_word' id='word_1_277' title='bbox 407 2382 609 2436; x_wconf 84' lang='lat' dir='ltr'><strong>quoque</strong></span> <span class='ocrx_word' id='word_1_278' title='bbox 669 2367 1034 2432; x_wconf 86' lang='lat' dir='ltr'><strong>adjungemus.</strong></span> <span class='ocrx_word' id='word_1_279' title='bbox 1065 2362 1196 2415; x_wconf 90' lang='lat' dir='ltr'><strong>Cum</strong></span> <span class='ocrx_word' id='word_1_280' title='bbox 1248 2360 1475 2416; x_wconf 87' lang='lat' dir='ltr'><strong>Basilius</strong></span> <span class='ocrx_word' id='word_1_281' title='bbox 1534 2360 1774 2430; x_wconf 86' lang='lat' dir='ltr'><strong>Gregorii</strong></span> 
     </span>
    </p>
   </div>
   <div class='ocr_carea' id='block_1_38' title="bbox 207 2452 1777 2528">
    <p class='ocr_par' dir='ltr' id='par_1_38' title="bbox 207 2452 1777 2528">
     <span class='ocr_line' id='line_1_38' title="bbox 207 2452 1777 2528; baseline -0.004 -18"><span class='ocrx_word' id='word_1_282' title='bbox 207 2459 578 2528; x_wconf 88' lang='lat' dir='ltr'><strong>jocos,utpar</strong></span> <span class='ocrx_word' id='word_1_283' title='bbox 605 2467 741 2520; x_wconf 91' lang='lat' dir='ltr'><strong>erat,</strong></span> <span class='ocrx_word' id='word_1_284' title='bbox 781 2457 1120 2524; x_wconf 83' lang='lat' dir='ltr'><strong>accepisset,</strong></span> <span class='ocrx_word' id='word_1_285' title='bbox 1173 2465 1281 2508; x_wconf 89' lang='lat' dir='ltr'><strong>tum</strong></span> <span class='ocrx_word' id='word_1_286' title='bbox 1321 2470 1441 2509; x_wconf 91' lang='lat' dir='ltr'><strong>eum</strong></span> <span class='ocrx_word' id='word_1_287' title='bbox 1482 2452 1777 2518; x_wconf 79' lang='lat' dir='ltr'><strong>Gregorius</strong></span> 
     </span>
    </p>
   </div>
   <div class='ocr_carea' id='block_1_39' title="bbox 212 2544 1779 2620">
    <p class='ocr_par' dir='ltr' id='par_1_39' title="bbox 212 2544 1779 2620">
     <span class='ocr_line' id='line_1_39' title="bbox 212 2544 1779 2620; baseline -0.005 -16"><span class='ocrx_word' id='word_1_288' title='bbox 212 2551 287 2604; x_wconf 86' lang='lat' dir='ltr'><strong>sic</strong></span> <span class='ocrx_word' id='word_1_289' title='bbox 308 2550 592 2617; x_wconf 86' lang='lat' dir='ltr'><strong>compellat</strong></span> <span class='ocrx_word' id='word_1_290' title='bbox 624 2549 674 2601; x_wconf 90' lang='lat' dir='ltr'><strong>in</strong></span> <span class='ocrx_word' id='word_1_291' title='bbox 703 2548 805 2602; x_wconf 86' lang='lat' dir='ltr'><strong>alia</strong></span> <span class='ocrx_word' id='word_1_292' title='bbox 833 2550 1056 2619; x_wconf 83' lang='lat' dir='ltr'><strong>epistola</strong></span> <span class='ocrx_word' id='word_1_293' title='bbox 1085 2549 1159 2620; x_wconf 80' lang='grc' dir='ltr'><strong>(α)</strong></span> <span class='ocrx_word' id='word_1_294' title='bbox 1190 2569 1202 2602; x_wconf 92' lang='lat'>:</span> <span class='ocrx_word' id='word_1_295' title='bbox 1252 2550 1516 2613; x_wconf 82' lang='lat' dir='ltr'><strong>Quoniam</strong></span> <span class='ocrx_word' id='word_1_296' title='bbox 1547 2562 1663 2613; x_wconf 73' lang='lat' dir='ltr'><strong>qua!</strong></span> <span class='ocrx_word' id='word_1_297' title='bbox 1693 2544 1779 2613; x_wconf 88' lang='lat' dir='ltr'><strong>jo-</strong></span> 
     </span>
    </p>
   </div>
   <div class='ocr_carea' id='block_1_40' title="bbox 212 2637 1777 2710">
    <p class='ocr_par' dir='ltr' id='par_1_40' title="bbox 212 2637 1777 2710">
     <span class='ocr_line' id='line_1_40' title="bbox 212 2637 1777 2710; baseline -0.003 -18"><span class='ocrx_word' id='word_1_298' title='bbox 212 2653 381 2692; x_wconf 85' lang='lat' dir='ltr'><strong>cantes</strong></span> <span class='ocrx_word' id='word_1_299' title='bbox 409 2639 477 2688; x_wconf 85' lang='lat' dir='ltr'><strong>ad</strong></span> <span class='ocrx_word' id='word_1_300' title='bbox 513 2649 560 2690; x_wconf 87' lang='lat' dir='ltr'><strong>te</strong></span> <span class='ocrx_word' id='word_1_301' title='bbox 590 2639 911 2706; x_wconf 84' lang='lat' dir='ltr'><strong>scripsimus,</strong></span> <span class='ocrx_word' id='word_1_302' title='bbox 949 2657 1095 2710; x_wconf 53' lang='lat' dir='ltr'><strong>atquo</strong></span> <span class='ocrx_word' id='word_1_303' title='bbox 1138 2656 1313 2691; x_wconf 82' lang='lat' dir='ltr'><strong>animo</strong></span> <span class='ocrx_word' id='word_1_304' title='bbox 1361 2637 1487 2705; x_wconf 82' lang='lat' dir='ltr'><strong>fers,</strong></span> <span class='ocrx_word' id='word_1_305' title='bbox 1514 2651 1628 2704; x_wconf 88' lang='lat' dir='ltr'><strong>age,</strong></span> <span class='ocrx_word' id='word_1_306' title='bbox 1661 2651 1777 2704; x_wconf 73' lang='lat' dir='ltr'><strong>qua:</strong></span> 
     </span>
    </p>
   </div>
   <div class='ocr_carea' id='block_1_41' title="bbox 213 2729 1780 2799">
    <p class='ocr_par' dir='ltr' id='par_1_41' title="bbox 213 2729 1780 2799">
     <span class='ocr_line' id='line_1_41' title="bbox 213 2729 1780 2799; baseline 0.002 -16"><span class='ocrx_word' id='word_1_307' title='bbox 213 2739 529 2798; x_wconf 84' lang='lat' dir='ltr'><strong>sequuntur,</strong></span> <span class='ocrx_word' id='word_1_308' title='bbox 583 2731 937 2799; x_wconf 84' lang='lat' dir='ltr'><strong>adjiciamus,</strong></span> <span class='ocrx_word' id='word_1_309' title='bbox 997 2733 1060 2783; x_wconf 89' lang='lat' dir='ltr'><strong>ab</strong></span> <span class='ocrx_word' id='word_1_310' title='bbox 1114 2729 1344 2783; x_wconf 81' lang='lat' dir='ltr'><strong>Homero</strong></span> <span class='ocrx_word' id='word_1_311' title='bbox 1410 2730 1622 2784; x_wconf 88' lang='lat' dir='ltr'><strong>initium</strong></span> <span class='ocrx_word' id='word_1_312' title='bbox 1682 2736 1780 2786; x_wconf 87' lang='lat' dir='ltr'><strong>du-</strong></span> 
     </span>
    </p>
   </div>
   <div class='ocr_carea' id='block_1_42' title="bbox 213 2831 397 2884">
    <p class='ocr_par' dir='ltr' id='par_1_42' title="bbox 213 2831 397 2884">
     <span class='ocr_line' id='line_1_42' title="bbox 213 2831 397 2884; baseline -0.005 -8"><span class='ocrx_word' id='word_1_313' title='bbox 213 2831 397 2884; x_wconf 85' lang='lat' dir='ltr'><strong>centes,</strong></span> 
     </span>
    </p>
   </div>
   <div class='ocr_carea' id='block_1_43' title="bbox 281 2913 1680 3038">
    <p class='ocr_par' dir='ltr' id='par_1_43' title="bbox 281 2913 1680 3038">
     <span class='ocr_line' id='line_1_43' title="bbox 281 2913 1680 3038; baseline 0.002 -71"><span class='ocrx_word' id='word_1_314' title='bbox 281 2913 440 3038; x_wconf 62' lang='lat' dir='ltr'><strong>gunc</strong></span> <span class='ocrx_word' id='word_1_315' title='bbox 474 2933 570 2984; x_wconf 89' lang='lat' dir='ltr'><strong>age</strong></span> <span class='ocrx_word' id='word_1_316' title='bbox 590 2916 921 2984; x_wconf 80' lang='lat' dir='ltr'><strong>progrediens</strong></span> <span class='ocrx_word' id='word_1_317' title='bbox 943 2917 1206 2969; x_wconf 86' lang='lat' dir='ltr'><strong>internum</strong></span> <span class='ocrx_word' id='word_1_318' title='bbox 1232 2918 1464 2980; x_wconf 82' lang='lat' dir='ltr'><strong>concine,</strong></span> <span class='ocrx_word' id='word_1_319' title='bbox 1487 2932 1680 2985; x_wconf 80' lang='lat' dir='ltr'><strong>quwso,</strong></span> 
     </span>
     <span class='ocr_line' id='line_1_44' title="bbox 334 2999 583 3038; baseline 0.004 -2"><span class='ocrx_word' id='word_1_320' title='bbox 334 2999 544 3038; x_wconf 82' lang='lat' dir='ltr'><strong>malum</strong></span> <span class='ocrx_word' id='word_1_321' title='bbox 565 3001 583 3037; x_wconf 66' lang='grc' dir='ltr'><strong><em>ἰ</em></strong></span> 
     </span>
    </p>
   </div>
   <div class='ocr_carea' id='block_1_44' title="bbox 334 2999 583 3039">
    <p class='ocr_par' dir='ltr' id='par_1_44' title="bbox 334 2999 583 3039">
     <span class='ocr_line' id='line_1_45' title="bbox 334 2999 583 3039; baseline 0.004 -3"><span class='ocrx_word' id='word_1_322' title='bbox 334 2999 544 3039; x_wconf 86' lang='lat' dir='ltr'><strong>rnatum</strong></span> <span class='ocrx_word' id='word_1_323' title='bbox 565 3001 583 3037; x_wconf 71' lang='grc' dir='ltr'><strong><em>ἰ</em></strong></span> 
     </span>
    </p>
   </div>
   <div class='ocr_carea' id='block_1_45' title="bbox 213 3080 1778 3156">
    <p class='ocr_par' dir='ltr' id='par_1_45' title="bbox 213 3080 1778 3156">
     <span class='ocr_line' id='line_1_46' title="bbox 213 3080 1778 3156; baseline 0.004 -24"><span class='ocrx_word' id='word_1_324' title='bbox 213 3080 475 3147; x_wconf 83' lang='lat' dir='ltr'><strong>tugurium</strong></span> <span class='ocrx_word' id='word_1_325' title='bbox 538 3080 778 3133; x_wconf 86' lang='lat' dir='ltr'><strong>videlicet</strong></span> <span class='ocrx_word' id='word_1_326' title='bbox 817 3091 946 3134; x_wconf 88' lang='lat' dir='ltr'><strong>tecto</strong></span> <span class='ocrx_word' id='word_1_327' title='bbox 989 3091 1037 3134; x_wconf 82' lang='lat' dir='ltr'><strong>et</strong></span> <span class='ocrx_word' id='word_1_328' title='bbox 1097 3081 1274 3149; x_wconf 80' lang='lat' dir='ltr'><strong>ianuis</strong></span> <span class='ocrx_word' id='word_1_329' title='bbox 1333 3101 1534 3152; x_wconf 85' lang='lat' dir='ltr'><strong>carens,</strong></span> <span class='ocrx_word' id='word_1_330' title='bbox 1601 3087 1778 3156; x_wconf 86' lang='lat' dir='ltr'><strong>focum</strong></span> 
     </span>
    </p>
   </div>
   <div class='ocr_carea' id='block_1_46' title="bbox 211 3171 1778 3246">
    <p class='ocr_par' dir='ltr' id='par_1_46' title="bbox 211 3171 1778 3246">
     <span class='ocr_line' id='line_1_47' title="bbox 211 3171 1778 3246; baseline 0.006 -23"><span class='ocrx_word' id='word_1_331' title='bbox 211 3171 344 3239; x_wconf 82' lang='lat' dir='ltr'><strong>ignis</strong></span> <span class='ocrx_word' id='word_1_332' title='bbox 376 3180 425 3223; x_wconf 88' lang='lat' dir='ltr'><strong>et</strong></span> <span class='ocrx_word' id='word_1_333' title='bbox 469 3173 602 3239; x_wconf 82' lang='lat' dir='ltr'><strong>fumi</strong></span> <span class='ocrx_word' id='word_1_334' title='bbox 647 3187 927 3237; x_wconf 75' lang='lat' dir='ltr'><strong>expertem,</strong></span> <span class='ocrx_word' id='word_1_335' title='bbox 971 3176 1198 3243; x_wconf 83' lang='lat' dir='ltr'><strong>parietes</strong></span> <span class='ocrx_word' id='word_1_336' title='bbox 1240 3178 1346 3246; x_wconf 86' lang='lat' dir='ltr'><strong>igni</strong></span> <span class='ocrx_word' id='word_1_337' title='bbox 1370 3181 1681 3242; x_wconf 73' lang='lat' dir='ltr'><strong>exsiccatos,</strong></span> <span class='ocrx_word' id='word_1_338' title='bbox 1717 3195 1778 3232; x_wconf 91' lang='lat' dir='ltr'><strong>ne</strong></span> 
     </span>
    </p>
   </div>
   <div class='ocr_carea' id='block_1_47' title="bbox 215 3265 1773 3337">
    <p class='ocr_par' dir='ltr' id='par_1_47' title="bbox 215 3265 1773 3337">
     <span class='ocr_line' id='line_1_48' title="bbox 215 3265 1773 3337; baseline 0.004 -23"><span class='ocrx_word' id='word_1_339' title='bbox 215 3265 309 3316; x_wconf 88' lang='lat' dir='ltr'><strong>luti</strong></span> <span class='ocrx_word' id='word_1_340' title='bbox 353 3266 514 3333; x_wconf 86' lang='lat' dir='ltr'><strong>guttis</strong></span> <span class='ocrx_word' id='word_1_341' title='bbox 565 3270 895 3331; x_wconf 86' lang='lat' dir='ltr'><strong>impetamur,</strong></span> <span class='ocrx_word' id='word_1_342' title='bbox 962 3267 1196 3321; x_wconf 81' lang='lat' dir='ltr'><strong>Tantalis</strong></span> <span class='ocrx_word' id='word_1_343' title='bbox 1245 3269 1442 3322; x_wconf 85' lang='lat' dir='ltr'><strong>similes</strong></span> <span class='ocrx_word' id='word_1_344' title='bbox 1494 3270 1773 3337; x_wconf 86' lang='lat' dir='ltr'><strong>eademque</strong></span> 
     </span>
    </p>
   </div>
   <div class='ocr_carea' id='block_1_48' title="bbox 216 3357 1780 3428">
    <p class='ocr_par' dir='ltr' id='par_1_48' title="bbox 216 3357 1780 3428">
     <span class='ocr_line' id='line_1_49' title="bbox 216 3357 1780 3428; baseline 0.006 -23"><span class='ocrx_word' id='word_1_345' title='bbox 216 3374 359 3423; x_wconf 76' lang='lat' dir='ltr'><strong>ptrna</strong></span> <span class='ocrx_word' id='word_1_346' title='bbox 412 3357 672 3422; x_wconf 88' lang='lat' dir='ltr'><strong>mulctati,</strong></span> <span class='ocrx_word' id='word_1_347' title='bbox 713 3359 957 3410; x_wconf 83' lang='lat' dir='ltr'><strong>nimirum</strong></span> <span class='ocrx_word' id='word_1_348' title='bbox 987 3362 1040 3411; x_wconf 91' lang='lat' dir='ltr'><strong>in</strong></span> <span class='ocrx_word' id='word_1_349' title='bbox 1069 3363 1218 3426; x_wconf 85' lang='lat' dir='ltr'><strong>aquis</strong></span> <span class='ocrx_word' id='word_1_350' title='bbox 1265 3362 1495 3412; x_wconf 85' lang='lat' dir='ltr'><strong>sitientes</strong></span> <span class='ocrx_word' id='word_1_351' title='bbox 1530 3376 1547 3411; x_wconf 91' lang='lat'><strong><em>:</em></strong></span> <span class='ocrx_word' id='word_1_352' title='bbox 1572 3360 1780 3428; x_wconf 80' lang='lat' dir='ltr'><strong>jejunus</strong></span> 
     </span>
    </p>
   </div>
   <div class='ocr_carea' id='block_1_49' title="bbox 215 3451 1782 3520">
    <p class='ocr_par' dir='ltr' id='par_1_49' title="bbox 215 3451 1782 3520">
     <span class='ocr_line' id='line_1_50' title="bbox 215 3451 1782 3520; baseline 0.002 -18"><span class='ocrx_word' id='word_1_353' title='bbox 215 3451 366 3503; x_wconf 86' lang='lat' dir='ltr'><strong>etiam</strong></span> <span class='ocrx_word' id='word_1_354' title='bbox 418 3451 538 3502; x_wconf 87' lang='lat' dir='ltr'><strong>illas</strong></span> <span class='ocrx_word' id='word_1_355' title='bbox 563 3462 609 3502; x_wconf 93' lang='lat' dir='ltr'><strong>et</strong></span> <span class='ocrx_word' id='word_1_356' title='bbox 640 3453 854 3502; x_wconf 88' lang='lat' dir='ltr'><strong>miseras</strong></span> <span class='ocrx_word' id='word_1_357' title='bbox 907 3452 1109 3518; x_wconf 84' lang='lat' dir='ltr'><strong>epulas,</strong></span> <span class='ocrx_word' id='word_1_358' title='bbox 1144 3453 1210 3503; x_wconf 88' lang='lat' dir='ltr'><strong>ad</strong></span> <span class='ocrx_word' id='word_1_359' title='bbox 1233 3468 1361 3520; x_wconf 90' lang='lat' dir='ltr'><strong>quas</strong></span> <span class='ocrx_word' id='word_1_360' title='bbox 1388 3468 1414 3504; x_wconf 90' lang='lat' dir='ltr'><strong>e</strong></span> <span class='ocrx_word' id='word_1_361' title='bbox 1449 3451 1782 3520; x_wconf 81' lang='lat' dir='ltr'><strong>Cappadocia</strong></span> 
     </span>
    </p>
   </div>
   <div class='ocr_carea' id='block_1_50' title="bbox 216 3544 1781 3615">
    <p class='ocr_par' dir='ltr' id='par_1_50' title="bbox 216 3544 1781 3615">
     <span class='ocr_line' id='line_1_51' title="bbox 216 3544 1781 3615; baseline 0.004 -21"><span class='ocrx_word' id='word_1_362' title='bbox 216 3547 378 3594; x_wconf 69' lang='lat' dir='ltr'><strong>vocati</strong></span> <span class='ocrx_word' id='word_1_363' title='bbox 419 3559 602 3594; x_wconf 81' lang='lat' dir='ltr'><strong>sumus</strong></span> <span class='ocrx_word' id='word_1_364' title='bbox 643 3559 743 3595; x_wconf 88' lang='lat' dir='ltr'><strong>non</strong></span> <span class='ocrx_word' id='word_1_365' title='bbox 796 3555 1045 3612; x_wconf 84' lang='lat' dir='ltr'><strong>tanquam</strong></span> <span class='ocrx_word' id='word_1_366' title='bbox 1098 3545 1165 3597; x_wconf 89' lang='lat' dir='ltr'><strong>ad</strong></span> <span class='ocrx_word' id='word_1_367' title='bbox 1194 3544 1614 3615; x_wconf 85' lang='lat' dir='ltr'><strong>Lot0pltagorum</strong></span> <span class='ocrx_word' id='word_1_368' title='bbox 1668 3548 1781 3601; x_wconf 87' lang='lat' dir='ltr'><strong>ino-</strong></span> 
     </span>
    </p>
   </div>
   <div class='ocr_carea' id='block_1_51' title="bbox 213 3632 1780 3696">
    <p class='ocr_par' dir='ltr' id='par_1_51' title="bbox 213 3632 1780 3696">
     <span class='ocr_line' id='line_1_52' title="bbox 213 3632 1780 3696; baseline 0.006 -16"><span class='ocrx_word' id='word_1_369' title='bbox 213 3633 373 3696; x_wconf 82' lang='lat' dir='ltr'><strong>piam,</strong></span> <span class='ocrx_word' id='word_1_370' title='bbox 417 3635 508 3683; x_wconf 82' lang='lat' dir='ltr'><strong>sed</strong></span> <span class='ocrx_word' id='word_1_371' title='bbox 563 3632 696 3684; x_wconf 81' lang='lat' dir='ltr'><strong>velut</strong></span> <span class='ocrx_word' id='word_1_372' title='bbox 752 3635 818 3684; x_wconf 85' lang='lat' dir='ltr'><strong>ad</strong></span> <span class='ocrx_word' id='word_1_373' title='bbox 880 3634 1086 3686; x_wconf 77' lang='lat' dir='ltr'><strong>Alcinoi</strong></span> <span class='ocrx_word' id='word_1_374' title='bbox 1146 3651 1378 3689; x_wconf 86' lang='lat' dir='ltr'><strong>mensam</strong></span> <span class='ocrx_word' id='word_1_375' title='bbox 1422 3655 1514 3690; x_wconf 89' lang='lat' dir='ltr'><strong>nos</strong></span> <span class='ocrx_word' id='word_1_376' title='bbox 1565 3639 1684 3690; x_wconf 84' lang='lat' dir='ltr'><strong>novi</strong></span> <span class='ocrx_word' id='word_1_377' title='bbox 1731 3647 1780 3690; x_wconf 85' lang='lat' dir='ltr'><strong>et</strong></span> 
     </span>
    </p>
   </div>
   <div class='ocr_carea' id='block_1_52' title="bbox 214 3725 1781 3797">
    <p class='ocr_par' dir='ltr' id='par_1_52' title="bbox 214 3725 1781 3797">
     <span class='ocr_line' id='line_1_53' title="bbox 214 3725 1781 3797; baseline 0.003 -22"><span class='ocrx_word' id='word_1_378' title='bbox 214 3727 500 3776; x_wconf 66' lang='lat' dir='ltr'><strong>aerumnosi</strong></span> <span class='ocrx_word' id='word_1_379' title='bbox 551 3725 817 3794; x_wconf 85' lang='lat' dir='ltr'><strong>naufragi.</strong></span> <span class='ocrx_word' id='word_1_380' title='bbox 850 3725 1068 3780; x_wconf 81' lang='lat' dir='ltr'><strong>Memini</strong></span> <span class='ocrx_word' id='word_1_381' title='bbox 1099 3729 1236 3780; x_wconf 89' lang='lat' dir='ltr'><strong>enim</strong></span> <span class='ocrx_word' id='word_1_382' title='bbox 1267 3745 1427 3795; x_wconf 87' lang='lat' dir='ltr'><strong>panes</strong></span> <span class='ocrx_word' id='word_1_383' title='bbox 1485 3730 1604 3780; x_wconf 88' lang='lat' dir='ltr'><strong>illos</strong></span> <span class='ocrx_word' id='word_1_384' title='bbox 1631 3739 1674 3780; x_wconf 92' lang='lat' dir='ltr'><strong>et</strong></span> <span class='ocrx_word' id='word_1_385' title='bbox 1694 3729 1781 3797; x_wconf 87' lang='lat' dir='ltr'><strong>ju-</strong></span> 
     </span>
    </p>
   </div>
   <div class='ocr_carea' id='block_1_53' title="bbox 213 3815 1776 3886">
    <p class='ocr_par' dir='ltr' id='par_1_53' title="bbox 213 3815 1776 3886">
     <span class='ocr_line' id='line_1_54' title="bbox 213 3815 1776 3886; baseline 0.003 -20"><span class='ocrx_word' id='word_1_386' title='bbox 213 3815 357 3866; x_wconf 84' lang='lat' dir='ltr'><strong>scuta</strong></span> <span class='ocrx_word' id='word_1_387' title='bbox 398 3818 496 3883; x_wconf 89' lang='lat' dir='ltr'><strong>(sic</strong></span> <span class='ocrx_word' id='word_1_388' title='bbox 538 3818 674 3868; x_wconf 85' lang='lat' dir='ltr'><strong>enim</strong></span> <span class='ocrx_word' id='word_1_389' title='bbox 722 3818 1087 3886; x_wconf 60' lang='lat' dir='ltr'><strong>nominantur)</strong></span> <span class='ocrx_word' id='word_1_390' title='bbox 1131 3834 1427 3886; x_wconf 85' lang='lat' dir='ltr'><strong>semperque</strong></span> <span class='ocrx_word' id='word_1_391' title='bbox 1478 3819 1776 3880; x_wconf 85' lang='lat' dir='ltr'><strong>meminero,</strong></span> 
     </span>
    </p>
   </div>
   <div class='ocr_carea' id='block_1_54' title="bbox 214 3908 1780 3976">
    <p class='ocr_par' dir='ltr' id='par_1_54' title="bbox 214 3908 1780 3976">
     <span class='ocr_line' id='line_1_55' title="bbox 214 3908 1780 3976; baseline 0.003 -19"><span class='ocrx_word' id='word_1_392' title='bbox 214 3909 453 3960; x_wconf 82' lang='lat' dir='ltr'><strong>dentibus</strong></span> <span class='ocrx_word' id='word_1_393' title='bbox 488 3911 628 3960; x_wconf 85' lang='lat' dir='ltr'><strong>circa</strong></span> <span class='ocrx_word' id='word_1_394' title='bbox 658 3909 950 3975; x_wconf 85' lang='lat' dir='ltr'><strong>fragmenta</strong></span> <span class='ocrx_word' id='word_1_395' title='bbox 987 3908 1470 3972; x_wconf 87' lang='lat' dir='ltr'><strong>collabescentibus,</strong></span> <span class='ocrx_word' id='word_1_396' title='bbox 1510 3926 1570 3961; x_wconf 90' lang='lat' dir='ltr'><strong>ac</strong></span> <span class='ocrx_word' id='word_1_397' title='bbox 1603 3920 1780 3976; x_wconf 86' lang='lat' dir='ltr'><strong>postea</strong></span> 
     </span>
    </p>
   </div>
   <div class='ocr_carea' id='block_1_55' title="bbox 212 3999 1778 4069">
    <p class='ocr_par' dir='ltr' id='par_1_55' title="bbox 212 3999 1778 4069">
     <span class='ocr_line' id='line_1_56' title="bbox 212 3999 1778 4069; baseline 0.003 -17"><span class='ocrx_word' id='word_1_398' title='bbox 212 4016 319 4052; x_wconf 85' lang='lat' dir='ltr'><strong>sese</strong></span> <span class='ocrx_word' id='word_1_399' title='bbox 379 3999 725 4065; x_wconf 81' lang='lat' dir='ltr'><strong>erigentibus,</strong></span> <span class='ocrx_word' id='word_1_400' title='bbox 791 3999 1028 4066; x_wconf 84' lang='lat' dir='ltr'><strong>velutque</strong></span> <span class='ocrx_word' id='word_1_401' title='bbox 1082 4015 1144 4052; x_wconf 79' lang='lat' dir='ltr'><strong>ex</strong></span> <span class='ocrx_word' id='word_1_402' title='bbox 1198 4016 1341 4052; x_wconf 75' lang='lat' dir='ltr'><strong>como</strong></span> <span class='ocrx_word' id='word_1_403' title='bbox 1387 4001 1778 4069; x_wconf 86' lang='lat' dir='ltr'><strong>emergentibus.</strong></span> 
     </span>
    </p>
   </div>
   <div class='ocr_carea' id='block_1_56' title="bbox 214 4091 1780 4162">
    <p class='ocr_par' dir='ltr' id='par_1_56' title="bbox 214 4091 1780 4162">
     <span class='ocr_line' id='line_1_57' title="bbox 214 4091 1780 4162; baseline 0.006 -23"><span class='ocrx_word' id='word_1_404' title='bbox 214 4091 346 4156; x_wconf 74' lang='lat' dir='ltr'><strong>Qua:</strong></span> <span class='ocrx_word' id='word_1_405' title='bbox 375 4103 431 4143; x_wconf 88' lang='lat' dir='ltr'><strong>tu</strong></span> <span class='ocrx_word' id='word_1_406' title='bbox 458 4091 654 4144; x_wconf 83' lang='lat' dir='ltr'><strong>scilicet</strong></span> <span class='ocrx_word' id='word_1_407' title='bbox 674 4091 945 4146; x_wconf 87' lang='lat' dir='ltr'><strong>sublimius</strong></span> <span class='ocrx_word' id='word_1_408' title='bbox 972 4092 1333 4161; x_wconf 78' lang='lat' dir='ltr'><strong>exaggerabis,</strong></span> <span class='ocrx_word' id='word_1_409' title='bbox 1354 4095 1582 4162; x_wconf 84' lang='lat' dir='ltr'><strong>propriis</strong></span> <span class='ocrx_word' id='word_1_410' title='bbox 1604 4111 1780 4162; x_wconf 86' lang='lat' dir='ltr'><strong>nempe</strong></span> 
     </span>
    </p>
   </div>
   <div class='ocr_carea' id='block_1_57' title="bbox 211 4184 1780 4254">
    <p class='ocr_par' dir='ltr' id='par_1_57' title="bbox 211 4184 1780 4254">
     <span class='ocr_line' id='line_1_58' title="bbox 211 4184 1780 4254; baseline 0.002 -19"><span class='ocrx_word' id='word_1_411' title='bbox 211 4184 604 4235; x_wconf 86' lang='lat' dir='ltr'><strong>calamitatibus</strong></span> <span class='ocrx_word' id='word_1_412' title='bbox 639 4185 892 4237; x_wconf 87' lang='lat' dir='ltr'><strong>orationis</strong></span> <span class='ocrx_word' id='word_1_413' title='bbox 923 4186 1332 4252; x_wconf 81' lang='lat' dir='ltr'><strong>magnitudinem</strong></span> <span class='ocrx_word' id='word_1_414' title='bbox 1387 4185 1479 4238; x_wconf 88' lang='lat' dir='ltr'><strong>tibi</strong></span> <span class='ocrx_word' id='word_1_415' title='bbox 1533 4186 1780 4254; x_wconf 85' lang='lat' dir='ltr'><strong>suppedi-</strong></span> 
     </span>
    </p>
   </div>
   <div class='ocr_carea' id='block_1_58' title="bbox 213 4274 1780 4346">
    <p class='ocr_par' dir='ltr' id='par_1_58' title="bbox 213 4274 1780 4346">
     <span class='ocr_line' id='line_1_59' title="bbox 213 4274 1780 4346; baseline 0.003 -20"><span class='ocrx_word' id='word_1_416' title='bbox 213 4278 468 4327; x_wconf 89' lang='lat' dir='ltr'><strong>tantibus.</strong></span> <span class='ocrx_word' id='word_1_417' title='bbox 504 4274 704 4338; x_wconf 81' lang='lat' dir='ltr'><strong>Quibus</strong></span> <span class='ocrx_word' id='word_1_418' title='bbox 745 4276 846 4328; x_wconf 86' lang='lat' dir='ltr'><strong>nisi</strong></span> <span class='ocrx_word' id='word_1_419' title='bbox 882 4293 1070 4343; x_wconf 85' lang='lat' dir='ltr'><strong>magna</strong></span> <span class='ocrx_word' id='word_1_420' title='bbox 1120 4278 1210 4329; x_wconf 90' lang='lat' dir='ltr'><strong>illa</strong></span> <span class='ocrx_word' id='word_1_421' title='bbox 1247 4295 1461 4346; x_wconf 81' lang='lat' dir='ltr'><strong>vereque</strong></span> <span class='ocrx_word' id='word_1_422' title='bbox 1493 4294 1780 4346; x_wconf 82' lang='lat' dir='ltr'><strong>pauperum</strong></span> 
     </span>
    </p>
   </div>
   <div class='ocr_carea' id='block_1_59' title="bbox 210 4367 1777 4436">
    <p class='ocr_par' dir='ltr' id='par_1_59' title="bbox 210 4367 1777 4436">
     <span class='ocr_line' id='line_1_60' title="bbox 210 4367 1777 4436; baseline 0.001 -18"><span class='ocrx_word' id='word_1_423' title='bbox 210 4367 454 4418; x_wconf 87' lang='lat' dir='ltr'><strong>studiosa</strong></span> <span class='ocrx_word' id='word_1_424' title='bbox 509 4377 678 4420; x_wconf 86' lang='lat' dir='ltr'><strong>mater</strong></span> <span class='ocrx_word' id='word_1_425' title='bbox 717 4376 807 4419; x_wconf 90' lang='lat' dir='ltr'><strong>tua</strong></span> <span class='ocrx_word' id='word_1_426' title='bbox 841 4386 930 4420; x_wconf 88' lang='lat' dir='ltr'><strong>nos</strong></span> <span class='ocrx_word' id='word_1_427' title='bbox 962 4385 1119 4436; x_wconf 84' lang='lat' dir='ltr'><strong>quam</strong></span> <span class='ocrx_word' id='word_1_428' title='bbox 1165 4369 1432 4421; x_wconf 82' lang='lat' dir='ltr'><strong>celerrime</strong></span> <span class='ocrx_word' id='word_1_429' title='bbox 1489 4370 1777 4435; x_wconf 79' lang='lat' dir='ltr'><strong>liberasset,</strong></span> 
     </span>
    </p>
   </div>
   <div class='ocr_carea' id='block_1_60' title="bbox 212 4461 1777 4531">
    <p class='ocr_par' dir='ltr' id='par_1_60' title="bbox 212 4461 1777 4531">
     <span class='ocr_line' id='line_1_61' title="bbox 212 4461 1777 4531; baseline 0.003 -21"><span class='ocrx_word' id='word_1_430' title='bbox 212 4461 460 4528; x_wconf 85' lang='lat' dir='ltr'><strong>nobisque</strong></span> <span class='ocrx_word' id='word_1_431' title='bbox 484 4470 785 4525; x_wconf 79' lang='lat' dir='ltr'><strong>tempestate</strong></span> <span class='ocrx_word' id='word_1_432' title='bbox 805 4463 1026 4530; x_wconf 88' lang='lat' dir='ltr'><strong>jactatis</strong></span> <span class='ocrx_word' id='word_1_433' title='bbox 1068 4463 1201 4516; x_wconf 85' lang='lat' dir='ltr'><strong>velut</strong></span> <span class='ocrx_word' id='word_1_434' title='bbox 1249 4474 1428 4531; x_wconf 87' lang='lat' dir='ltr'><strong>portus</strong></span> <span class='ocrx_word' id='word_1_435' title='bbox 1479 4465 1777 4530; x_wconf 73' lang='lat' dir='ltr'><strong>exstitisset,</strong></span> 
     </span>
    </p>
   </div>
   <div class='ocr_carea' id='block_1_61' title="bbox 1878 1973 2088 2040">
    <p class='ocr_par' dir='ltr' id='par_1_61' title="bbox 1878 1973 2088 2040">
     <span class='ocr_line' id='line_1_62' title="bbox 1878 1973 2088 2040; baseline -0.014 -12"><span class='ocrx_word' id='word_1_436' title='bbox 1878 1973 2088 2040; x_wconf 87' lang='lat' dir='ltr'><strong>elapsis.</strong></span> 
     </span>
    </p>
   </div>
   <div class='ocr_carea' id='block_1_62' title="bbox 1960 2049 3442 2132">
    <p class='ocr_par' dir='ltr' id='par_1_62' title="bbox 1960 2049 3442 2132">
     <span class='ocr_line' id='line_1_63' title="bbox 1960 2049 3442 2132; baseline -0.013 -10"><span class='ocrx_word' id='word_1_437' title='bbox 1960 2065 2180 2132; x_wconf 87' lang='lat' dir='ltr'><strong>Decepit</strong></span> <span class='ocrx_word' id='word_1_438' title='bbox 2203 2063 2445 2116; x_wconf 88' lang='lat' dir='ltr'><strong>eruditos</strong></span> <span class='ocrx_word' id='word_1_439' title='bbox 2477 2061 2626 2114; x_wconf 89' lang='lat' dir='ltr'><strong>viros</strong></span> <span class='ocrx_word' id='word_1_440' title='bbox 2675 2055 2969 2124; x_wconf 89' lang='lat' dir='ltr'><strong>descriptio</strong></span> <span class='ocrx_word' id='word_1_441' title='bbox 3002 2051 3307 2106; x_wconf 88' lang='lat' dir='ltr'><strong>solitudinis</strong></span> <span class='ocrx_word' id='word_1_442' title='bbox 3342 2049 3442 2103; x_wconf 81' lang='lat' dir='ltr'><strong>Ba-</strong></span> 
     </span>
    </p>
   </div>
   <div class='ocr_carea' id='block_1_63' title="bbox 1880 2146 3441 2224">
    <p class='ocr_par' dir='ltr' id='par_1_63' title="bbox 1880 2146 3441 2224">
     <span class='ocr_line' id='line_1_64' title="bbox 1880 2146 3441 2224; baseline -0.013 -10"><span class='ocrx_word' id='word_1_443' title='bbox 1880 2160 2003 2224; x_wconf 91' lang='lat' dir='ltr'><strong>silii,</strong></span> <span class='ocrx_word' id='word_1_444' title='bbox 2057 2158 2151 2211; x_wconf 91' lang='lat' dir='ltr'><strong>sed</strong></span> <span class='ocrx_word' id='word_1_445' title='bbox 2188 2165 2363 2208; x_wconf 86' lang='lat' dir='ltr'><strong>tamen</strong></span> <span class='ocrx_word' id='word_1_446' title='bbox 2399 2169 2464 2206; x_wconf 88' lang='lat' dir='ltr'><strong>ne</strong></span> <span class='ocrx_word' id='word_1_447' title='bbox 2494 2153 2579 2205; x_wconf 90' lang='lat' dir='ltr'><strong>illa</strong></span> <span class='ocrx_word' id='word_1_448' title='bbox 2638 2152 2856 2217; x_wconf 90' lang='lat' dir='ltr'><strong>quidem</strong></span> <span class='ocrx_word' id='word_1_449' title='bbox 2901 2146 3113 2202; x_wconf 89' lang='lat' dir='ltr'><strong>indiciis</strong></span> <span class='ocrx_word' id='word_1_450' title='bbox 3160 2151 3341 2207; x_wconf 90' lang='lat' dir='ltr'><strong>caret,</strong></span> <span class='ocrx_word' id='word_1_451' title='bbox 3374 2155 3441 2194; x_wconf 76' lang='lat' dir='ltr'><strong>ex</strong></span> 
     </span>
    </p>
   </div>
   <div class='ocr_carea' id='block_1_64' title="bbox 1880 2231 3444 2320">
    <p class='ocr_par' dir='ltr' id='par_1_64' title="bbox 1880 2231 3444 2320">
     <span class='ocr_line' id='line_1_65' title="bbox 1880 2231 3444 2320; baseline -0.012 -16"><span class='ocrx_word' id='word_1_452' title='bbox 1880 2253 2076 2320; x_wconf 86' lang='lat' dir='ltr'><strong>quibus</strong></span> <span class='ocrx_word' id='word_1_453' title='bbox 2104 2250 2278 2303; x_wconf 86' lang='lat' dir='ltr'><strong>locum</strong></span> <span class='ocrx_word' id='word_1_454' title='bbox 2304 2244 2564 2314; x_wconf 90' lang='lat' dir='ltr'><strong>Gregorio</strong></span> <span class='ocrx_word' id='word_1_455' title='bbox 2586 2251 2770 2295; x_wconf 88' lang='lat' dir='ltr'><strong>notum</strong></span> <span class='ocrx_word' id='word_1_456' title='bbox 2802 2237 3312 2308; x_wconf 80' lang='lat' dir='ltr'><strong>fuissejudicemus.</strong></span> <span class='ocrx_word' id='word_1_457' title='bbox 3351 2231 3444 2285; x_wconf 89' lang='lat' dir='ltr'><strong>Sic</strong></span> 
     </span>
    </p>
   </div>
   <div class='ocr_carea' id='block_1_65' title="bbox 1881 2326 3444 2408">
    <p class='ocr_par' dir='ltr' id='par_1_65' title="bbox 1881 2326 3444 2408">
     <span class='ocr_line' id='line_1_66' title="bbox 1881 2326 3444 2408; baseline -0.013 -12"><span class='ocrx_word' id='word_1_458' title='bbox 1881 2344 2024 2396; x_wconf 85' lang='lat' dir='ltr'><strong>enim</strong></span> <span class='ocrx_word' id='word_1_459' title='bbox 2059 2342 2237 2394; x_wconf 86' lang='lat' dir='ltr'><strong>omnia</strong></span> <span class='ocrx_word' id='word_1_460' title='bbox 2297 2337 2535 2408; x_wconf 88' lang='lat' dir='ltr'><strong>depingit</strong></span> <span class='ocrx_word' id='word_1_461' title='bbox 2579 2332 2845 2397; x_wconf 87' lang='lat' dir='ltr'><strong>Basilius,</strong></span> <span class='ocrx_word' id='word_1_462' title='bbox 2893 2333 2970 2385; x_wconf 89' lang='lat' dir='ltr'><strong>sic</strong></span> <span class='ocrx_word' id='word_1_463' title='bbox 3023 2331 3122 2384; x_wconf 90' lang='lat' dir='ltr'><strong>loci</strong></span> <span class='ocrx_word' id='word_1_464' title='bbox 3159 2326 3444 2382; x_wconf 79' lang='lat' dir='ltr'><strong>commoda</strong></span> 
     </span>
    </p>
   </div>
   <div class='ocr_carea' id='block_1_66' title="bbox 1881 2420 3444 2502">
    <p class='ocr_par' dir='ltr' id='par_1_66' title="bbox 1881 2420 3444 2502">
     <span class='ocr_line' id='line_1_67' title="bbox 1881 2420 3444 2502; baseline -0.01 -14"><span class='ocrx_word' id='word_1_465' title='bbox 1881 2440 2193 2502; x_wconf 84' lang='lat' dir='ltr'><strong>exaggerat,</strong></span> <span class='ocrx_word' id='word_1_466' title='bbox 2227 2438 2281 2483; x_wconf 91' lang='lat' dir='ltr'><strong>et</strong></span> <span class='ocrx_word' id='word_1_467' title='bbox 2311 2430 2376 2481; x_wconf 80' lang='lat' dir='ltr'><strong>iis</strong></span> <span class='ocrx_word' id='word_1_468' title='bbox 2413 2444 2531 2496; x_wconf 70' lang='lat' dir='ltr'><strong>quae</strong></span> <span class='ocrx_word' id='word_1_469' title='bbox 2562 2423 2896 2481; x_wconf 89' lang='lat' dir='ltr'><strong>incommoda</strong></span> <span class='ocrx_word' id='word_1_470' title='bbox 2931 2431 2983 2475; x_wconf 84' lang='lat' dir='ltr'><strong>et</strong></span> <span class='ocrx_word' id='word_1_471' title='bbox 3016 2420 3302 2490; x_wconf 82' lang='lat' dir='ltr'><strong>injucunda</strong></span> <span class='ocrx_word' id='word_1_472' title='bbox 3323 2433 3444 2474; x_wconf 87' lang='lat' dir='ltr'><strong>esse</strong></span> 
     </span>
    </p>
   </div>
   <div class='ocr_carea' id='block_1_67' title="bbox 1882 2511 3447 2587">
    <p class='ocr_par' dir='ltr' id='par_1_67' title="bbox 1882 2511 3447 2587">
     <span class='ocr_line' id='line_1_68' title="bbox 1882 2511 3447 2587; baseline -0.011 -5"><span class='ocrx_word' id='word_1_473' title='bbox 1882 2526 2175 2587; x_wconf 83' lang='lat' dir='ltr'><strong>debebant,</strong></span> <span class='ocrx_word' id='word_1_474' title='bbox 2223 2521 2386 2575; x_wconf 90' lang='lat' dir='ltr'><strong>aliam</strong></span> <span class='ocrx_word' id='word_1_475' title='bbox 2420 2519 2581 2572; x_wconf 82' lang='lat' dir='ltr'><strong>veluti</strong></span> <span class='ocrx_word' id='word_1_476' title='bbox 2634 2519 2858 2572; x_wconf 81' lang='lat' dir='ltr'><strong>formam</strong></span> <span class='ocrx_word' id='word_1_477' title='bbox 2893 2515 3103 2571; x_wconf 88' lang='lat' dir='ltr'><strong>dicendi</strong></span> <span class='ocrx_word' id='word_1_478' title='bbox 3159 2514 3336 2582; x_wconf 87' lang='lat' dir='ltr'><strong>lepore</strong></span> <span class='ocrx_word' id='word_1_479' title='bbox 3364 2511 3447 2566; x_wconf 82' lang='lat' dir='ltr'><strong>al-</strong></span> 
     </span>
    </p>
   </div>
   <div class='ocr_carea' id='block_1_68' title="bbox 1884 2601 3445 2690">
    <p class='ocr_par' dir='ltr' id='par_1_68' title="bbox 1884 2601 3445 2690">
     <span class='ocr_line' id='line_1_69' title="bbox 1884 2601 3445 2690; baseline -0.013 -16"><span class='ocrx_word' id='word_1_480' title='bbox 1884 2619 2056 2690; x_wconf 87' lang='lat' dir='ltr'><strong>ﬁngit,</strong></span> <span class='ocrx_word' id='word_1_481' title='bbox 2109 2626 2166 2670; x_wconf 89' lang='lat' dir='ltr'><strong>ut</strong></span> <span class='ocrx_word' id='word_1_482' title='bbox 2221 2627 2555 2684; x_wconf 85' lang='lat' dir='ltr'><strong>nequaquam</strong></span> <span class='ocrx_word' id='word_1_483' title='bbox 2605 2611 2846 2664; x_wconf 82' lang='lat' dir='ltr'><strong>videatur</strong></span> <span class='ocrx_word' id='word_1_484' title='bbox 2899 2609 3075 2663; x_wconf 89' lang='lat' dir='ltr'><strong>amico</strong></span> <span class='ocrx_word' id='word_1_485' title='bbox 3122 2605 3286 2676; x_wconf 83' lang='lat' dir='ltr'><strong>ignoti</strong></span> <span class='ocrx_word' id='word_1_486' title='bbox 3343 2601 3445 2656; x_wconf 89' lang='lat' dir='ltr'><strong>loci</strong></span> 
     </span>
    </p>
   </div>
   <div class='ocr_carea' id='block_1_69' title="bbox 1881 2699 3447 2782">
    <p class='ocr_par' dir='ltr' id='par_1_69' title="bbox 1881 2699 3447 2782">
     <span class='ocr_line' id='line_1_70' title="bbox 1881 2699 3447 2782; baseline -0.01 -16"><span class='ocrx_word' id='word_1_487' title='bbox 1881 2712 2246 2782; x_wconf 88' lang='lat' dir='ltr'><strong>cognitionem</strong></span> <span class='ocrx_word' id='word_1_488' title='bbox 2286 2706 2531 2774; x_wconf 82' lang='lat' dir='ltr'><strong>injicere,</strong></span> <span class='ocrx_word' id='word_1_489' title='bbox 2563 2701 2657 2756; x_wconf 89' lang='lat' dir='ltr'><strong>sed</strong></span> <span class='ocrx_word' id='word_1_490' title='bbox 2692 2702 2866 2770; x_wconf 90' lang='lat' dir='ltr'><strong>potius</strong></span> <span class='ocrx_word' id='word_1_491' title='bbox 2894 2716 3012 2754; x_wconf 90' lang='lat' dir='ltr'><strong>cum</strong></span> <span class='ocrx_word' id='word_1_492' title='bbox 3054 2716 3116 2754; x_wconf 91' lang='lat' dir='ltr'><strong>eo</strong></span> <span class='ocrx_word' id='word_1_493' title='bbox 3149 2699 3447 2767; x_wconf 89' lang='lat' dir='ltr'><strong>perurbane</strong></span> 
     </span>
    </p>
   </div>
   <div class='ocr_carea' id='block_1_70' title="bbox 1879 2792 3448 2872">
    <p class='ocr_par' dir='ltr' id='par_1_70' title="bbox 1879 2792 3448 2872">
     <span class='ocr_line' id='line_1_71' title="bbox 1879 2792 3448 2872; baseline -0.01 -14"><span class='ocrx_word' id='word_1_494' title='bbox 1879 2814 1932 2858; x_wconf 92' lang='lat' dir='ltr'><strong>et</strong></span> <span class='ocrx_word' id='word_1_495' title='bbox 1961 2803 2236 2872; x_wconf 88' lang='lat' dir='ltr'><strong>eleganter</strong></span> <span class='ocrx_word' id='word_1_496' title='bbox 2269 2799 2564 2853; x_wconf 90' lang='lat' dir='ltr'><strong>colludere.</strong></span> <span class='ocrx_word' id='word_1_497' title='bbox 2597 2795 2801 2849; x_wconf 87' lang='lat' dir='ltr'><strong>Deinde</strong></span> <span class='ocrx_word' id='word_1_498' title='bbox 2827 2809 2956 2848; x_wconf 90' lang='lat' dir='ltr'><strong>vero</strong></span> <span class='ocrx_word' id='word_1_499' title='bbox 3007 2794 3132 2846; x_wconf 91' lang='lat' dir='ltr'><strong>dum</strong></span> <span class='ocrx_word' id='word_1_500' title='bbox 3168 2792 3239 2844; x_wconf 90' lang='lat' dir='ltr'><strong>ait</strong></span> <span class='ocrx_word' id='word_1_501' title='bbox 3265 2806 3321 2844; x_wconf 87' lang='lat' dir='ltr'><strong>se</strong></span> <span class='ocrx_word' id='word_1_502' title='bbox 3354 2805 3448 2843; x_wconf 88' lang='lat' dir='ltr'><strong>ne-</strong></span> 
     </span>
    </p>
   </div>
   <div class='ocr_carea' id='block_1_71' title="bbox 1880 2881 3449 2968">
    <p class='ocr_par' dir='ltr' id='par_1_71' title="bbox 1880 2881 3449 2968">
     <span class='ocr_line' id='line_1_72' title="bbox 1880 2881 3449 2968; baseline -0.01 -19"><span class='ocrx_word' id='word_1_503' title='bbox 1880 2896 2038 2965; x_wconf 90' lang='lat' dir='ltr'><strong>gotiis</strong></span> <span class='ocrx_word' id='word_1_504' title='bbox 2064 2894 2380 2968; x_wconf 64' lang='lat' dir='ltr'><strong>distractum</strong></span> <span class='ocrx_word' id='word_1_505' title='bbox 2413 2899 2727 2959; x_wconf 79' lang='lat' dir='ltr'><strong>exspectare</strong></span> <span class='ocrx_word' id='word_1_506' title='bbox 2771 2902 2874 2940; x_wconf 90' lang='lat' dir='ltr'><strong>non</strong></span> <span class='ocrx_word' id='word_1_507' title='bbox 2913 2901 3071 2956; x_wconf 88' lang='lat' dir='ltr'><strong>posse</strong></span> <span class='ocrx_word' id='word_1_508' title='bbox 3101 2886 3225 2938; x_wconf 90' lang='lat' dir='ltr'><strong>dum</strong></span> <span class='ocrx_word' id='word_1_509' title='bbox 3265 2881 3449 2937; x_wconf 88' lang='lat' dir='ltr'><strong>veniat</strong></span> 
     </span>
    </p>
   </div>
   <div class='ocr_carea' id='block_1_72' title="bbox 1884 2973 3449 3058">
    <p class='ocr_par' dir='ltr' id='par_1_72' title="bbox 1884 2973 3449 3058">
     <span class='ocr_line' id='line_1_73' title="bbox 1884 2973 3449 3058; baseline -0.009 -15"><span class='ocrx_word' id='word_1_510' title='bbox 1884 2987 2208 3058; x_wconf 87' lang='lat' dir='ltr'><strong>Gregorius,</strong></span> <span class='ocrx_word' id='word_1_511' title='bbox 2247 3000 2493 3054; x_wconf 75' lang='lat' dir='ltr'><strong>quzcnam</strong></span> <span class='ocrx_word' id='word_1_512' title='bbox 2533 2984 2681 3036; x_wconf 89' lang='lat' dir='ltr'><strong>illum</strong></span> <span class='ocrx_word' id='word_1_513' title='bbox 2714 2981 2924 3051; x_wconf 81' lang='lat' dir='ltr'><strong>negotia</strong></span> <span class='ocrx_word' id='word_1_514' title='bbox 2954 2980 3005 3032; x_wconf 90' lang='lat' dir='ltr'><strong>in</strong></span> <span class='ocrx_word' id='word_1_515' title='bbox 3031 2979 3258 3033; x_wconf 87' lang='lat' dir='ltr'><strong>Pontum</strong></span> <span class='ocrx_word' id='word_1_516' title='bbox 3307 2973 3449 3029; x_wconf 86' lang='lat' dir='ltr'><strong>cele-</strong></span> 
     </span>
    </p>
   </div>
   <div class='ocr_carea' id='block_1_73' title="bbox 1884 3053 3450 3149">
    <p class='ocr_par' dir='ltr' id='par_1_73' title="bbox 1884 3053 3450 3149">
     <span class='ocr_line' id='line_1_74' title="bbox 1884 3053 3450 3149; baseline -0.011 -14"><span class='ocrx_word' id='word_1_517' title='bbox 1884 3081 2015 3135; x_wconf 89' lang='lat' dir='ltr'><strong>riter</strong></span> <span class='ocrx_word' id='word_1_518' title='bbox 2045 3078 2315 3149; x_wconf 84' lang='lat' dir='ltr'><strong>prolieisci</strong></span> <span class='ocrx_word' id='word_1_519' title='bbox 2372 3077 2664 3144; x_wconf 86' lang='lat' dir='ltr'><strong>cogebant,</strong></span> <span class='ocrx_word' id='word_1_520' title='bbox 2699 3071 2804 3124; x_wconf 90' lang='lat' dir='ltr'><strong>nisi</strong></span> <span class='ocrx_word' id='word_1_521' title='bbox 2843 3053 3290 3135; x_wconf 29' lang='lat' dir='ltr'><strong>monasterii&#39;jam</strong></span> <span class='ocrx_word' id='word_1_522' title='bbox 3319 3081 3450 3119; x_wconf 88' lang='lat' dir='ltr'><strong>con-</strong></span> 
     </span>
    </p>
   </div>
   <div class='ocr_carea' id='block_1_74' title="bbox 1829 3161 3447 3235">
    <p class='ocr_par' dir='ltr' id='par_1_74' title="bbox 1829 3161 3447 3235">
     <span class='ocr_line' id='line_1_75' title="bbox 1829 3161 3447 3235; baseline -0.012 -5"><span class='ocrx_word' id='word_1_523' title='bbox 1829 3213 1849 3235; x_wconf 78' lang='lat'><strong>.</strong></span> <span class='ocrx_word' id='word_1_524' title='bbox 1882 3175 2072 3229; x_wconf 80' lang='lat' dir='ltr'><strong>structi</strong></span> <span class='ocrx_word' id='word_1_525' title='bbox 2105 3172 2272 3225; x_wconf 84' lang='lat' dir='ltr'><strong>cura?</strong></span> <span class='ocrx_word' id='word_1_526' title='bbox 2302 3169 2405 3222; x_wconf 91' lang='lat' dir='ltr'><strong>Sed</strong></span> <span class='ocrx_word' id='word_1_527' title='bbox 2456 3182 2575 3220; x_wconf 88' lang='lat' dir='ltr'><strong>cum</strong></span> <span class='ocrx_word' id='word_1_528' title='bbox 2621 3165 2852 3234; x_wconf 90' lang='lat' dir='ltr'><strong>primum</strong></span> <span class='ocrx_word' id='word_1_529' title='bbox 2908 3161 3154 3223; x_wconf 84' lang='lat' dir='ltr'><strong>secessit,</strong></span> <span class='ocrx_word' id='word_1_530' title='bbox 3185 3175 3287 3212; x_wconf 92' lang='lat' dir='ltr'><strong>non</strong></span> <span class='ocrx_word' id='word_1_531' title='bbox 3323 3171 3447 3211; x_wconf 89' lang='lat' dir='ltr'><strong>eum</strong></span> 
     </span>
    </p>
   </div>
   <div class='ocr_carea' id='block_1_75' title="bbox 1884 3251 3450 3335">
    <p class='ocr_par' dir='ltr' id='par_1_75' title="bbox 1884 3251 3450 3335">
     <span class='ocr_line' id='line_1_76' title="bbox 1884 3251 3450 3335; baseline -0.011 -13"><span class='ocrx_word' id='word_1_532' title='bbox 1884 3266 2097 3335; x_wconf 81' lang='lat' dir='ltr'><strong>negotia</strong></span> <span class='ocrx_word' id='word_1_533' title='bbox 2133 3264 2184 3318; x_wconf 89' lang='lat' dir='ltr'><strong>in</strong></span> <span class='ocrx_word' id='word_1_534' title='bbox 2218 3263 2446 3316; x_wconf 87' lang='lat' dir='ltr'><strong>Pontum</strong></span> <span class='ocrx_word' id='word_1_535' title='bbox 2482 3267 2765 3322; x_wconf 90' lang='lat' dir='ltr'><strong>vocarunt,</strong></span> <span class='ocrx_word' id='word_1_536' title='bbox 2829 3258 2920 3312; x_wconf 90' lang='lat' dir='ltr'><strong>sed</strong></span> <span class='ocrx_word' id='word_1_537' title='bbox 2958 3255 3101 3310; x_wconf 91' lang='lat' dir='ltr'><strong>solus</strong></span> <span class='ocrx_word' id='word_1_538' title='bbox 3134 3267 3287 3306; x_wconf 89' lang='lat' dir='ltr'><strong>amor</strong></span> <span class='ocrx_word' id='word_1_539' title='bbox 3321 3251 3450 3306; x_wconf 83' lang='lat' dir='ltr'><strong>soli-</strong></span> 
     </span>
    </p>
   </div>
   <div class='ocr_carea' id='block_1_76' title="bbox 1886 3347 3450 3413">
    <p class='ocr_par' dir='ltr' id='par_1_76' title="bbox 1886 3347 3450 3413">
     <span class='ocr_line' id='line_1_77' title="bbox 1886 3347 3450 3413; baseline -0.008 -1"><span class='ocrx_word' id='word_1_540' title='bbox 1886 3359 2107 3413; x_wconf 89' lang='lat' dir='ltr'><strong>tudinis.</strong></span> <span class='ocrx_word' id='word_1_541' title='bbox 2163 3358 2544 3411; x_wconf 86' lang='lat' dir='ltr'><strong>Demonstrant</strong></span> <span class='ocrx_word' id='word_1_542' title='bbox 2594 3353 2755 3408; x_wconf 91' lang='lat' dir='ltr'><strong>etiam</strong></span> <span class='ocrx_word' id='word_1_543' title='bbox 2805 3360 3078 3406; x_wconf 88' lang='lat' dir='ltr'><strong>assuetum</strong></span> <span class='ocrx_word' id='word_1_544' title='bbox 3141 3349 3265 3401; x_wconf 85' lang='lat' dir='ltr'><strong>huic</strong></span> <span class='ocrx_word' id='word_1_545' title='bbox 3329 3347 3450 3400; x_wconf 92' lang='lat' dir='ltr'><strong>loco</strong></span> 
     </span>
    </p>
   </div>
   <div class='ocr_carea' id='block_1_77' title="bbox 1884 3437 3449 3512">
    <p class='ocr_par' dir='ltr' id='par_1_77' title="bbox 1884 3437 3449 3512">
     <span class='ocr_line' id='line_1_78' title="bbox 1884 3437 3449 3512; baseline -0.01 -10"><span class='ocrx_word' id='word_1_546' title='bbox 1884 3450 2119 3503; x_wconf 89' lang='lat' dir='ltr'><strong>anintum</strong></span> <span class='ocrx_word' id='word_1_547' title='bbox 2152 3448 2264 3505; x_wconf 62' lang='lat' dir='ltr'><strong>huic</strong></span> <span class='ocrx_word' id='word_1_548' title='bbox 2306 3447 2465 3499; x_wconf 88' lang='lat' dir='ltr'><strong>verba</strong></span> <span class='ocrx_word' id='word_1_549' title='bbox 2492 3446 2564 3512; x_wconf 85' lang='lat' dir='ltr'><strong>(p.</strong></span> <span class='ocrx_word' id='word_1_550' title='bbox 2599 3444 2687 3510; x_wconf 65' lang='grc'><strong>94)</strong></span> <span class='ocrx_word' id='word_1_551' title='bbox 2718 3462 2729 3495; x_wconf 91' lang='lat'>:</span> <span class='ocrx_word' id='word_1_552' title='bbox 2771 3441 2924 3507; x_wconf 81' lang='lat' dir='ltr'><strong>Quod</strong></span> <span class='ocrx_word' id='word_1_553' title='bbox 2959 3449 3132 3490; x_wconf 87' lang='lat' dir='ltr'><strong>autem</strong></span> <span class='ocrx_word' id='word_1_554' title='bbox 3161 3437 3449 3490; x_wconf 68' lang='lat' dir='ltr'><strong>maximum</strong></span> 
     </span>
    </p>
   </div>
   <div class='ocr_carea' id='block_1_78' title="bbox 1883 3527 3448 3602">
    <p class='ocr_par' dir='ltr' id='par_1_78' title="bbox 1883 3527 3448 3602">
     <span class='ocr_line' id='line_1_79' title="bbox 1883 3527 3448 3602; baseline -0.012 -7"><span class='ocrx_word' id='word_1_555' title='bbox 1883 3544 1945 3595; x_wconf 89' lang='lat' dir='ltr'><strong>de</strong></span> <span class='ocrx_word' id='word_1_556' title='bbox 1976 3543 2069 3594; x_wconf 86' lang='lat' dir='ltr'><strong>hoc</strong></span> <span class='ocrx_word' id='word_1_557' title='bbox 2100 3539 2210 3591; x_wconf 83' lang='lat' dir='ltr'><strong>loco</strong></span> <span class='ocrx_word' id='word_1_558' title='bbox 2242 3537 2424 3597; x_wconf 60' lang='lat' dir='ltr'><strong>dicere;</strong></span> <span class='ocrx_word' id='word_1_559' title='bbox 2454 3549 2751 3602; x_wconf 82' lang='lat' dir='ltr'><strong>possumus,</strong></span> <span class='ocrx_word' id='word_1_560' title='bbox 2803 3531 2932 3583; x_wconf 88' lang='lat' dir='ltr'><strong>illud</strong></span> <span class='ocrx_word' id='word_1_561' title='bbox 2973 3538 3069 3591; x_wconf 83' lang='lat' dir='ltr'><strong>est,</strong></span> <span class='ocrx_word' id='word_1_562' title='bbox 3121 3527 3282 3597; x_wconf 89' lang='lat' dir='ltr'><strong>quod,</strong></span> <span class='ocrx_word' id='word_1_563' title='bbox 3329 3541 3448 3577; x_wconf 87' lang='lat' dir='ltr'><strong>cum</strong></span> 
     </span>
    </p>
   </div>
   <div class='ocr_carea' id='block_1_79' title="bbox 1885 3618 3441 3696">
    <p class='ocr_par' dir='ltr' id='par_1_79' title="bbox 1885 3618 3441 3696">
     <span class='ocr_line' id='line_1_80' title="bbox 1885 3618 3441 3696; baseline -0.01 -11"><span class='ocrx_word' id='word_1_564' title='bbox 1885 3632 1946 3685; x_wconf 91' lang='lat' dir='ltr'><strong>ob</strong></span> <span class='ocrx_word' id='word_1_565' title='bbox 1979 3633 2114 3683; x_wconf 88' lang='lat' dir='ltr'><strong>situs</strong></span> <span class='ocrx_word' id='word_1_566' title='bbox 2143 3629 2583 3696; x_wconf 87' lang='lat' dir='ltr'><strong>opportunitatem</strong></span> <span class='ocrx_word' id='word_1_567' title='bbox 2625 3622 2692 3676; x_wconf 89' lang='lat' dir='ltr'><strong>ad</strong></span> <span class='ocrx_word' id='word_1_568' title='bbox 2725 3639 2898 3676; x_wconf 82' lang='lat' dir='ltr'><strong>omnes</strong></span> <span class='ocrx_word' id='word_1_569' title='bbox 2930 3623 3132 3689; x_wconf 87' lang='lat' dir='ltr'><strong>fructus</strong></span> <span class='ocrx_word' id='word_1_570' title='bbox 3167 3618 3441 3687; x_wconf 84' lang='lat' dir='ltr'><strong>proferen-</strong></span> 
     </span>
    </p>
   </div>
   <div class='ocr_carea' id='block_1_80' title="bbox 1886 3710 3449 3784">
    <p class='ocr_par' dir='ltr' id='par_1_80' title="bbox 1886 3710 3449 3784">
     <span class='ocr_line' id='line_1_81' title="bbox 1886 3710 3449 3784; baseline -0.011 -7"><span class='ocrx_word' id='word_1_571' title='bbox 1886 3725 1979 3777; x_wconf 91' lang='lat' dir='ltr'><strong>dos</strong></span> <span class='ocrx_word' id='word_1_572' title='bbox 2003 3724 2218 3775; x_wconf 87' lang='lat' dir='ltr'><strong>idoneus</strong></span> <span class='ocrx_word' id='word_1_573' title='bbox 2256 3721 2346 3784; x_wconf 89' lang='lat' dir='ltr'><strong>sit,</strong></span> <span class='ocrx_word' id='word_1_574' title='bbox 2381 3735 2540 3771; x_wconf 89' lang='lat' dir='ltr'><strong>unum</strong></span> <span class='ocrx_word' id='word_1_575' title='bbox 2569 3717 2805 3768; x_wconf 87' lang='lat' dir='ltr'><strong>omnium</strong></span> <span class='ocrx_word' id='word_1_576' title='bbox 2838 3714 2962 3765; x_wconf 85' lang='lat' dir='ltr'><strong>mihi</strong></span> <span class='ocrx_word' id='word_1_577' title='bbox 3002 3710 3449 3780; x_wconf 87' lang='lat' dir='ltr'><strong>jucundissimum</strong></span> 
     </span>
    </p>
   </div>
   <div class='ocr_carea' id='block_1_81' title="bbox 1885 3805 3448 3888">
    <p class='ocr_par' dir='ltr' id='par_1_81' title="bbox 1885 3805 3448 3888">
     <span class='ocr_line' id='line_1_82' title="bbox 1885 3805 3448 3888; baseline -0.01 -19"><span class='ocrx_word' id='word_1_578' title='bbox 1885 3818 2110 3888; x_wconf 80' lang='lat' dir='ltr'><strong>quietem</strong></span> <span class='ocrx_word' id='word_1_579' title='bbox 2137 3829 2197 3865; x_wconf 87' lang='lat' dir='ltr'><strong>ac</strong></span> <span class='ocrx_word' id='word_1_580' title='bbox 2231 3810 2672 3879; x_wconf 84' lang='lat' dir='ltr'><strong>tranquillitatem</strong></span> <span class='ocrx_word' id='word_1_581' title='bbox 2700 3809 2817 3871; x_wconf 90' lang='lat' dir='ltr'><strong>alit,</strong></span> <span class='ocrx_word' id='word_1_582' title='bbox 2850 3822 2949 3859; x_wconf 88' lang='lat' dir='ltr'><strong>non</strong></span> <span class='ocrx_word' id='word_1_583' title='bbox 2992 3805 3160 3858; x_wconf 88' lang='lat' dir='ltr'><strong>solum</strong></span> <span class='ocrx_word' id='word_1_584' title='bbox 3196 3811 3448 3870; x_wconf 63' lang='lat' dir='ltr'><strong>quatenus</strong></span> 
     </span>
    </p>
   </div>
   <div class='ocr_carea' id='block_1_82' title="bbox 1886 3895 3446 3964">
    <p class='ocr_par' dir='ltr' id='par_1_82' title="bbox 1886 3895 3446 3964">
     <span class='ocr_line' id='line_1_83' title="bbox 1886 3895 3446 3964; baseline -0.01 -2"><span class='ocrx_word' id='word_1_585' title='bbox 1886 3910 1949 3962; x_wconf 92' lang='lat' dir='ltr'><strong>ab</strong></span> <span class='ocrx_word' id='word_1_586' title='bbox 2002 3908 2215 3960; x_wconf 87' lang='lat' dir='ltr'><strong>urbanis</strong></span> <span class='ocrx_word' id='word_1_587' title='bbox 2246 3903 2557 3957; x_wconf 87' lang='lat' dir='ltr'><strong>tumultibus</strong></span> <span class='ocrx_word' id='word_1_588' title='bbox 2587 3901 2716 3953; x_wconf 87' lang='lat' dir='ltr'><strong>liber</strong></span> <span class='ocrx_word' id='word_1_589' title='bbox 2751 3910 2846 3964; x_wconf 89' lang='lat' dir='ltr'><strong>est,</strong></span> <span class='ocrx_word' id='word_1_590' title='bbox 2889 3899 2979 3951; x_wconf 87' lang='lat' dir='ltr'><strong>sed</strong></span> <span class='ocrx_word' id='word_1_591' title='bbox 3015 3896 3178 3949; x_wconf 88' lang='lat' dir='ltr'><strong>etiam</strong></span> <span class='ocrx_word' id='word_1_592' title='bbox 3206 3895 3331 3964; x_wconf 87' lang='lat' dir='ltr'><strong>quia</strong></span> <span class='ocrx_word' id='word_1_593' title='bbox 3382 3910 3446 3948; x_wconf 85' lang='lat' dir='ltr'><strong>ne</strong></span> 
     </span>
    </p>
   </div>
   <div class='ocr_carea' id='block_1_83' title="bbox 1882 3986 3450 4067">
    <p class='ocr_par' dir='ltr' id='par_1_83' title="bbox 1882 3986 3450 4067">
     <span class='ocr_line' id='line_1_84' title="bbox 1882 3986 3450 4067; baseline -0.01 -13"><span class='ocrx_word' id='word_1_594' title='bbox 1882 4002 2130 4055; x_wconf 80' lang='lat' dir='ltr'><strong>viatorem</strong></span> <span class='ocrx_word' id='word_1_595' title='bbox 2178 3999 2383 4067; x_wconf 88' lang='lat' dir='ltr'><strong>quidem</strong></span> <span class='ocrx_word' id='word_1_596' title='bbox 2434 3995 2596 4048; x_wconf 89' lang='lat' dir='ltr'><strong>ullum</strong></span> <span class='ocrx_word' id='word_1_597' title='bbox 2647 3995 2715 4046; x_wconf 85' lang='lat' dir='ltr'><strong>ad</strong></span> <span class='ocrx_word' id='word_1_598' title='bbox 2758 4009 2850 4046; x_wconf 82' lang='lat' dir='ltr'><strong>nos</strong></span> <span class='ocrx_word' id='word_1_599' title='bbox 2894 3988 3237 4047; x_wconf 87' lang='lat' dir='ltr'><strong>transmittit,</strong></span> <span class='ocrx_word' id='word_1_600' title='bbox 3275 3986 3320 4038; x_wconf 87' lang='lat' dir='ltr'><strong>si</strong></span> <span class='ocrx_word' id='word_1_601' title='bbox 3362 4001 3450 4038; x_wconf 84' lang='lat' dir='ltr'><strong>eos</strong></span> 
     </span>
    </p>
   </div>
   <div class='ocr_carea' id='block_1_84' title="bbox 1881 4078 3444 4162">
    <p class='ocr_par' dir='ltr' id='par_1_84' title="bbox 1881 4078 3444 4162">
     <span class='ocr_line' id='line_1_85' title="bbox 1881 4078 3444 4162; baseline -0.013 -16"><span class='ocrx_word' id='word_1_602' title='bbox 1881 4094 2109 4162; x_wconf 79' lang='lat' dir='ltr'><strong>excipias</strong></span> <span class='ocrx_word' id='word_1_603' title='bbox 2143 4131 2158 4153; x_wconf 92' lang='lat'><strong>,</strong></span> <span class='ocrx_word' id='word_1_604' title='bbox 2198 4090 2286 4160; x_wconf 87' lang='lat' dir='ltr'><strong>qui</strong></span> <span class='ocrx_word' id='word_1_605' title='bbox 2331 4091 2461 4141; x_wconf 89' lang='lat' dir='ltr'><strong>inter</strong></span> <span class='ocrx_word' id='word_1_606' title='bbox 2494 4087 2782 4140; x_wconf 80' lang='lat' dir='ltr'><strong>venandum</strong></span> <span class='ocrx_word' id='word_1_607' title='bbox 2822 4081 3090 4133; x_wconf 88' lang='lat' dir='ltr'><strong>nobiscum</strong></span> <span class='ocrx_word' id='word_1_608' title='bbox 3143 4078 3444 4130; x_wconf 83' lang='lat' dir='ltr'><strong>miscentur.</strong></span> 
     </span>
    </p>
   </div>
   <div class='ocr_carea' id='block_1_85' title="bbox 1889 4171 3448 4251">
    <p class='ocr_par' dir='ltr' id='par_1_85' title="bbox 1889 4171 3448 4251">
     <span class='ocr_line' id='line_1_86' title="bbox 1889 4171 3448 4251; baseline -0.011 -14"><span class='ocrx_word' id='word_1_609' title='bbox 1889 4185 2030 4238; x_wconf 87' lang='lat' dir='ltr'><strong>Nam</strong></span> <span class='ocrx_word' id='word_1_610' title='bbox 2067 4194 2255 4251; x_wconf 78' lang='lat' dir='ltr'><strong>prtcter</strong></span> <span class='ocrx_word' id='word_1_611' title='bbox 2296 4180 2498 4243; x_wconf 86' lang='lat' dir='ltr'><strong>reliqua</strong></span> <span class='ocrx_word' id='word_1_612' title='bbox 2536 4179 2674 4243; x_wconf 87' lang='lat' dir='ltr'><strong>feras</strong></span> <span class='ocrx_word' id='word_1_613' title='bbox 2703 4175 2859 4226; x_wconf 86' lang='lat' dir='ltr'><strong>etiam</strong></span> <span class='ocrx_word' id='word_1_614' title='bbox 2908 4171 3254 4235; x_wconf 87' lang='lat' dir='ltr'><strong>enutrit,non</strong></span> <span class='ocrx_word' id='word_1_615' title='bbox 3297 4184 3448 4220; x_wconf 86' lang='lat' dir='ltr'><strong>ursos</strong></span> 
     </span>
    </p>
   </div>
   <div class='ocr_carea' id='block_1_86' title="bbox 1885 4259 3450 4341">
    <p class='ocr_par' dir='ltr' id='par_1_86' title="bbox 1885 4259 3450 4341">
     <span class='ocr_line' id='line_1_87' title="bbox 1885 4259 3450 4341; baseline -0.011 -14"><span class='ocrx_word' id='word_1_616' title='bbox 1885 4285 1974 4328; x_wconf 89' lang='lat' dir='ltr'><strong>aut</strong></span> <span class='ocrx_word' id='word_1_617' title='bbox 2015 4274 2163 4341; x_wconf 87' lang='lat' dir='ltr'><strong>lupos</strong></span> <span class='ocrx_word' id='word_1_618' title='bbox 2201 4282 2397 4324; x_wconf 72' lang='lat' dir='ltr'><strong>vestros</strong></span> <span class='ocrx_word' id='word_1_619' title='bbox 2425 4267 2620 4337; x_wconf 70' lang='lat' dir='ltr'><strong>(absit!</strong></span> <span class='ocrx_word' id='word_1_620' title='bbox 2642 4270 2683 4336; x_wconf 85' lang='lat'><strong>),</strong></span> <span class='ocrx_word' id='word_1_621' title='bbox 2706 4269 2793 4318; x_wconf 87' lang='lat' dir='ltr'><strong>sed</strong></span> <span class='ocrx_word' id='word_1_622' title='bbox 2827 4278 3093 4316; x_wconf 82' lang='lat' dir='ltr'><strong>cervorum</strong></span> <span class='ocrx_word' id='word_1_623' title='bbox 3123 4273 3275 4323; x_wconf 88' lang='lat' dir='ltr'><strong>atque</strong></span> <span class='ocrx_word' id='word_1_624' title='bbox 3299 4259 3450 4312; x_wconf 75' lang='lat' dir='ltr'><strong>silve-</strong></span> 
     </span>
    </p>
   </div>
   <div class='ocr_carea' id='block_1_87' title="bbox 1883 4352 3448 4432">
    <p class='ocr_par' dir='ltr' id='par_1_87' title="bbox 1883 4352 3448 4432">
     <span class='ocr_line' id='line_1_88' title="bbox 1883 4352 3448 4432; baseline -0.01 -13"><span class='ocrx_word' id='word_1_625' title='bbox 1883 4369 2066 4420; x_wconf 87' lang='lat' dir='ltr'><strong>strium</strong></span> <span class='ocrx_word' id='word_1_626' title='bbox 2087 4379 2364 4432; x_wconf 87' lang='lat' dir='ltr'><strong>caprarum</strong></span> <span class='ocrx_word' id='word_1_627' title='bbox 2383 4375 2580 4430; x_wconf 83' lang='lat' dir='ltr'><strong>greges,</strong></span> <span class='ocrx_word' id='word_1_628' title='bbox 2606 4359 2921 4426; x_wconf 83' lang='lat' dir='ltr'><strong>leporesque,</strong></span> <span class='ocrx_word' id='word_1_629' title='bbox 2942 4355 3044 4408; x_wconf 84' lang='lat' dir='ltr'><strong>etsi</strong></span> <span class='ocrx_word' id='word_1_630' title='bbox 3062 4356 3188 4423; x_wconf 88' lang='lat' dir='ltr'><strong>quid</strong></span> <span class='ocrx_word' id='word_1_631' title='bbox 3203 4353 3284 4404; x_wconf 86' lang='lat' dir='ltr'><strong>Itis</strong></span> <span class='ocrx_word' id='word_1_632' title='bbox 3301 4352 3448 4404; x_wconf 89' lang='lat' dir='ltr'><strong>simi-</strong></span> 
     </span>
    </p>
   </div>
   <div class='ocr_carea' id='block_1_88' title="bbox 1883 4448 3449 4528">
    <p class='ocr_par' dir='ltr' id='par_1_88' title="bbox 1883 4448 3449 4528">
     <span class='ocr_line' id='line_1_89' title="bbox 1883 4448 3449 4528; baseline -0.01 -16"><span class='ocrx_word' id='word_1_633' title='bbox 1883 4461 1948 4516; x_wconf 91' lang='lat' dir='ltr'><strong>le.</strong></span> <span class='ocrx_word' id='word_1_634' title='bbox 1985 4460 2124 4512; x_wconf 87' lang='lat' dir='ltr'><strong>Num</strong></span> <span class='ocrx_word' id='word_1_635' title='bbox 2156 4459 2319 4528; x_wconf 84' lang='lat' dir='ltr'><strong>igitur</strong></span> <span class='ocrx_word' id='word_1_636' title='bbox 2336 4457 2556 4525; x_wconf 85' lang='lat' dir='ltr'><strong>cogitas,</strong></span> <span class='ocrx_word' id='word_1_637' title='bbox 2601 4471 2700 4520; x_wconf 88' lang='lat' dir='ltr'><strong>quo</strong></span> <span class='ocrx_word' id='word_1_638' title='bbox 2733 4472 2821 4523; x_wconf 87' lang='lat' dir='ltr'><strong>ego</strong></span> <span class='ocrx_word' id='word_1_639' title='bbox 2852 4451 3069 4523; x_wconf 87' lang='lat' dir='ltr'><strong>periculi</strong></span> <span class='ocrx_word' id='word_1_640' title='bbox 3093 4448 3283 4501; x_wconf 87' lang='lat' dir='ltr'><strong>stultus</strong></span> <span class='ocrx_word' id='word_1_641' title='bbox 3309 4461 3449 4499; x_wconf 80' lang='lat' dir='ltr'><strong>vene-</strong></span> 
     </span>
    </p>
   </div>
   <div class='ocr_carea' id='block_1_89' title="bbox 201 4543 3448 4622">
    <p class='ocr_par' dir='ltr' id='par_1_89' title="bbox 201 4543 3448 4622">
     <span class='ocr_line' id='line_1_90' title="bbox 201 4543 3448 4622; baseline -0.005 -19"><span class='ocrx_word' id='word_1_642' title='bbox 201 4554 525 4621; x_wconf 83' lang='lat' dir='ltr'><strong>jampridem</strong></span> <span class='ocrx_word' id='word_1_643' title='bbox 558 4554 696 4621; x_wconf 88' lang='lat' dir='ltr'><strong>apud</strong></span> <span class='ocrx_word' id='word_1_644' title='bbox 725 4555 863 4606; x_wconf 80' lang='lat' dir='ltr'><strong>vivos</strong></span> <span class='ocrx_word' id='word_1_645' title='bbox 891 4572 999 4607; x_wconf 85' lang='lat' dir='ltr'><strong>esse</strong></span> <span class='ocrx_word' id='word_1_646' title='bbox 1027 4555 1379 4618; x_wconf 86' lang='lat' dir='ltr'><strong>desiissentus,</strong></span> <span class='ocrx_word' id='word_1_647' title='bbox 1402 4558 1524 4622; x_wconf 81' lang='lat' dir='ltr'><strong>ﬁdei</strong></span> <span class='ocrx_word' id='word_1_648' title='bbox 1549 4554 1781 4609; x_wconf 77' lang='lat' dir='ltr'><strong>Pontiae</strong></span> <span class='ocrx_word' id='word_1_649' title='bbox 1815 4553 1858 4608; x_wconf 78' lang='grc' dir='ltr'><strong><em>Β</em></strong></span> <span class='ocrx_word' id='word_1_650' title='bbox 1888 4556 2010 4618; x_wconf 89' lang='lat' dir='ltr'><strong>rint,</strong></span> <span class='ocrx_word' id='word_1_651' title='bbox 2038 4569 2154 4606; x_wconf 87' lang='lat' dir='ltr'><strong>cum</strong></span> <span class='ocrx_word' id='word_1_652' title='bbox 2190 4552 2491 4619; x_wconf 85' lang='lat' dir='ltr'><strong>ltujusmodi</strong></span> <span class='ocrx_word' id='word_1_653' title='bbox 2517 4551 2688 4603; x_wconf 88' lang='lat' dir='ltr'><strong>sedem</strong></span> <span class='ocrx_word' id='word_1_654' title='bbox 2730 4548 2995 4606; x_wconf 73' lang='lat' dir='ltr'><strong>Tiberina,</strong></span> <span class='ocrx_word' id='word_1_655' title='bbox 3023 4543 3160 4595; x_wconf 89' lang='lat' dir='ltr'><strong>orbis</strong></span> <span class='ocrx_word' id='word_1_656' title='bbox 3189 4552 3448 4592; x_wconf 81' lang='lat' dir='ltr'><strong>tetrarum</strong></span> 
     </span>
    </p>
   </div>
   <div class='ocr_carea' id='block_1_90' title="bbox 212 4644 1778 4715">
    <p class='ocr_par' dir='ltr' id='par_1_90' title="bbox 212 4644 1778 4715">
     <span class='ocr_line' id='line_1_91' title="bbox 212 4644 1778 4715; baseline 0.008 -25"><span class='ocrx_word' id='word_1_657' title='bbox 212 4645 421 4696; x_wconf 82' lang='lat' dir='ltr'><strong>nomine</strong></span> <span class='ocrx_word' id='word_1_658' title='bbox 463 4659 564 4695; x_wconf 88' lang='lat' dir='ltr'><strong>non</strong></span> <span class='ocrx_word' id='word_1_659' title='bbox 602 4644 856 4711; x_wconf 85' lang='lat' dir='ltr'><strong>majorem</strong></span> <span class='ocrx_word' id='word_1_660' title='bbox 909 4645 1120 4697; x_wconf 88' lang='lat' dir='ltr'><strong>laudem</strong></span> <span class='ocrx_word' id='word_1_661' title='bbox 1177 4658 1580 4714; x_wconf 87' lang='lat' dir='ltr'><strong>consequentes,</strong></span> <span class='ocrx_word' id='word_1_662' title='bbox 1624 4665 1778 4715; x_wconf 88' lang='lat' dir='ltr'><strong>quam</strong></span> 
     </span>
    </p>
   </div>
   <div class='ocr_carea' id='block_1_91' title="bbox 209 4736 1776 4804">
    <p class='ocr_par' dir='ltr' id='par_1_91' title="bbox 209 4736 1776 4804">
     <span class='ocr_line' id='line_1_92' title="bbox 209 4736 1776 4804; baseline 0.006 -20"><span class='ocrx_word' id='word_1_663' title='bbox 209 4736 599 4788; x_wconf 84' lang='lat' dir='ltr'><strong>miserationem</strong></span> <span class='ocrx_word' id='word_1_664' title='bbox 618 4747 896 4789; x_wconf 74' lang='lat' dir='ltr'><strong>moventes.</strong></span> <span class='ocrx_word' id='word_1_665' title='bbox 930 4737 1168 4801; x_wconf 83' lang='lat' dir='ltr'><strong>Quonam</strong></span> <span class='ocrx_word' id='word_1_666' title='bbox 1203 4755 1360 4804; x_wconf 89' lang='lat' dir='ltr'><strong>porro</strong></span> <span class='ocrx_word' id='word_1_667' title='bbox 1394 4742 1545 4793; x_wconf 88' lang='lat' dir='ltr'><strong>modo</strong></span> <span class='ocrx_word' id='word_1_668' title='bbox 1574 4741 1776 4794; x_wconf 89' lang='lat' dir='ltr'><strong>steriles</strong></span> 
     </span>
    </p>
   </div>
   <div class='ocr_carea' id='block_1_92' title="bbox 211 4825 1780 4905">
    <p class='ocr_par' dir='ltr' id='par_1_92' title="bbox 211 4825 1780 4905">
     <span class='ocr_line' id='line_1_93' title="bbox 211 4825 1780 4905; baseline 0.01 -31"><span class='ocrx_word' id='word_1_669' title='bbox 211 4825 329 4880; x_wconf 86' lang='lat' dir='ltr'><strong>illos</strong></span> <span class='ocrx_word' id='word_1_670' title='bbox 378 4829 581 4891; x_wconf 87' lang='lat' dir='ltr'><strong>hortos,</strong></span> <span class='ocrx_word' id='word_1_671' title='bbox 615 4829 937 4899; x_wconf 86' lang='lat' dir='ltr'><strong>oleribusque</strong></span> <span class='ocrx_word' id='word_1_672' title='bbox 980 4844 1212 4885; x_wconf 85' lang='lat' dir='ltr'><strong>carentes</strong></span> <span class='ocrx_word' id='word_1_673' title='bbox 1237 4838 1532 4898; x_wconf 73' lang='lat' dir='ltr'><strong>prwteribo,</strong></span> <span class='ocrx_word' id='word_1_674' title='bbox 1580 4837 1780 4905; x_wconf 70' lang='lat' dir='ltr'><strong>Augiazo</strong></span> 
     </span>
    </p>
   </div>
   <div class='ocr_carea' id='block_1_93' title="bbox 215 4922 1776 4993">
    <p class='ocr_par' dir='ltr' id='par_1_93' title="bbox 215 4922 1776 4993">
     <span class='ocr_line' id='line_1_94' title="bbox 215 4922 1776 4993; baseline 0.007 -24"><span class='ocrx_word' id='word_1_675' title='bbox 215 4935 313 4985; x_wconf 88' lang='lat' dir='ltr'><strong>que</strong></span> <span class='ocrx_word' id='word_1_676' title='bbox 344 4922 529 4988; x_wconf 78' lang='lat' dir='ltr'><strong>ﬁmum</strong></span> <span class='ocrx_word' id='word_1_677' title='bbox 563 4934 590 4971; x_wconf 89' lang='lat' dir='ltr'><strong>e</strong></span> <span class='ocrx_word' id='word_1_678' title='bbox 621 4922 773 4971; x_wconf 88' lang='lat' dir='ltr'><strong>domo</strong></span> <span class='ocrx_word' id='word_1_679' title='bbox 805 4933 1148 4989; x_wconf 74' lang='lat' dir='ltr'><strong>expurgatum</strong></span> <span class='ocrx_word' id='word_1_680' title='bbox 1181 4941 1281 4992; x_wconf 90' lang='lat' dir='ltr'><strong>quo</strong></span> <span class='ocrx_word' id='word_1_681' title='bbox 1306 4941 1391 4978; x_wconf 89' lang='lat' dir='ltr'><strong>eos</strong></span> <span class='ocrx_word' id='word_1_682' title='bbox 1438 4927 1776 4993; x_wconf 80' lang='lat' dir='ltr'><strong>Opplevimus,</strong></span> 
     </span>
    </p>
   </div>
   <div class='ocr_carea' id='block_1_94' title="bbox 211 5012 1775 5086">
    <p class='ocr_par' dir='ltr' id='par_1_94' title="bbox 211 5012 1775 5086">
     <span class='ocr_line' id='line_1_95' title="bbox 211 5012 1775 5086; baseline 0.004 -23"><span class='ocrx_word' id='word_1_683' title='bbox 211 5029 330 5064; x_wconf 90' lang='lat' dir='ltr'><strong>cum</strong></span> <span class='ocrx_word' id='word_1_684' title='bbox 361 5025 658 5066; x_wconf 86' lang='lat' dir='ltr'><strong>montosum</strong></span> <span class='ocrx_word' id='word_1_685' title='bbox 687 5012 820 5065; x_wconf 87' lang='lat' dir='ltr'><strong>illud</strong></span> <span class='ocrx_word' id='word_1_686' title='bbox 865 5015 1180 5080; x_wconf 86' lang='lat' dir='ltr'><strong>plaustrum,</strong></span> <span class='ocrx_word' id='word_1_687' title='bbox 1207 5026 1254 5070; x_wconf 87' lang='lat' dir='ltr'><strong>et</strong></span> <span class='ocrx_word' id='word_1_688' title='bbox 1288 5034 1378 5086; x_wconf 91' lang='lat' dir='ltr'><strong>ego</strong></span> <span class='ocrx_word' id='word_1_689' title='bbox 1414 5021 1775 5084; x_wconf 78' lang='lat' dir='ltr'><strong>vindemiator,</strong></span> 
     </span>
    </p>
   </div>
   <div class='ocr_carea' id='block_1_95' title="bbox 211 5105 1774 5179">
    <p class='ocr_par' dir='ltr' id='par_1_95' title="bbox 211 5105 1774 5179">
     <span class='ocr_line' id='line_1_96' title="bbox 211 5105 1774 5179; baseline 0.004 -23"><span class='ocrx_word' id='word_1_690' title='bbox 211 5115 259 5158; x_wconf 88' lang='lat' dir='ltr'><strong>et</strong></span> <span class='ocrx_word' id='word_1_691' title='bbox 297 5114 373 5167; x_wconf 91' lang='lat' dir='ltr'><strong>tu,</strong></span> <span class='ocrx_word' id='word_1_692' title='bbox 408 5108 608 5171; x_wconf 80' lang='lat' dir='ltr'><strong>facetus</strong></span> <span class='ocrx_word' id='word_1_693' title='bbox 665 5105 838 5167; x_wconf 81' lang='lat' dir='ltr'><strong>homo,</strong></span> <span class='ocrx_word' id='word_1_694' title='bbox 875 5107 972 5157; x_wconf 84' lang='lat' dir='ltr'><strong>huc</strong></span> <span class='ocrx_word' id='word_1_695' title='bbox 1017 5109 1207 5160; x_wconf 83' lang='lat' dir='ltr'><strong>cervice</strong></span> <span class='ocrx_word' id='word_1_696' title='bbox 1232 5153 1244 5173; x_wconf 93' lang='lat'><strong>,</strong></span> <span class='ocrx_word' id='word_1_697' title='bbox 1298 5111 1639 5179; x_wconf 87' lang='lat' dir='ltr'><strong>manibusque</strong></span> <span class='ocrx_word' id='word_1_698' title='bbox 1673 5113 1774 5176; x_wconf 88' lang='lat' dir='ltr'><strong>Itis,</strong></span> 
     </span>
    </p>
   </div>
   <div class='ocr_carea' id='block_1_96' title="bbox 214 5194 1776 5266">
    <p class='ocr_par' dir='ltr' id='par_1_96' title="bbox 214 5194 1776 5266">
     <span class='ocr_line' id='line_1_97' title="bbox 214 5194 1776 5266; baseline 0.007 -21"><span class='ocrx_word' id='word_1_699' title='bbox 214 5211 329 5261; x_wconf 76' lang='lat' dir='ltr'><strong>qua:</strong></span> <span class='ocrx_word' id='word_1_700' title='bbox 365 5194 605 5246; x_wconf 80' lang='lat' dir='ltr'><strong>laborant</strong></span> <span class='ocrx_word' id='word_1_701' title='bbox 630 5196 844 5262; x_wconf 75' lang='lat' dir='ltr'><strong>vestigia</strong></span> <span class='ocrx_word' id='word_1_702' title='bbox 890 5199 1175 5251; x_wconf 85' lang='lat' dir='ltr'><strong>etiamnum</strong></span> <span class='ocrx_word' id='word_1_703' title='bbox 1233 5200 1424 5266; x_wconf 85' lang='lat' dir='ltr'><strong>ferunt,</strong></span> <span class='ocrx_word' id='word_1_704' title='bbox 1457 5204 1776 5256; x_wconf 77' lang='lat' dir='ltr'><strong>traheremus</strong></span> 
     </span>
    </p>
   </div>
   <div class='ocr_carea' id='block_1_97' title="bbox 215 5286 1777 5358">
    <p class='ocr_par' dir='ltr' id='par_1_97' title="bbox 215 5286 1777 5358">
     <span class='ocr_line' id='line_1_98' title="bbox 215 5286 1777 5358; baseline 0.006 -22"><span class='ocrx_word' id='word_1_705' title='bbox 215 5291 268 5352; x_wconf 85' lang='grc' dir='ltr'><strong>(ο</strong></span> <span class='ocrx_word' id='word_1_706' title='bbox 288 5300 426 5338; x_wconf 88' lang='lat' dir='ltr'><strong>terra</strong></span> <span class='ocrx_word' id='word_1_707' title='bbox 462 5297 506 5338; x_wconf 89' lang='lat' dir='ltr'><strong>et</strong></span> <span class='ocrx_word' id='word_1_708' title='bbox 533 5286 633 5346; x_wconf 87' lang='lat' dir='ltr'><strong>sol,</strong></span> <span class='ocrx_word' id='word_1_709' title='bbox 658 5304 686 5338; x_wconf 94' lang='lat' dir='ltr'><strong>o</strong></span> <span class='ocrx_word' id='word_1_710' title='bbox 709 5287 786 5337; x_wconf 63' lang='lat' dir='ltr'><strong>t&#39;ir</strong></span> <span class='ocrx_word' id='word_1_711' title='bbox 818 5299 860 5339; x_wconf 87' lang='lat' dir='ltr'><strong>et</strong></span> <span class='ocrx_word' id='word_1_712' title='bbox 891 5288 1051 5339; x_wconf 76' lang='lat' dir='ltr'><strong>virtus</strong></span> <span class='ocrx_word' id='word_1_713' title='bbox 1076 5289 1094 5339; x_wconf 86' lang='lat'><strong><em>!</em></strong></span> <span class='ocrx_word' id='word_1_714' title='bbox 1115 5289 1329 5354; x_wconf 87' lang='lat' dir='ltr'><strong>paulum</strong></span> <span class='ocrx_word' id='word_1_715' title='bbox 1360 5291 1610 5358; x_wconf 76' lang='lat' dir='ltr'><strong>quiddam</strong></span> <span class='ocrx_word' id='word_1_716' title='bbox 1637 5308 1777 5346; x_wconf 86' lang='lat' dir='ltr'><strong>more</strong></span> 
     </span>
    </p>
   </div>
   <div class='ocr_carea' id='block_1_98' title="bbox 217 5377 1778 5450">
    <p class='ocr_par' dir='ltr' id='par_1_98' title="bbox 217 5377 1778 5450">
     <span class='ocr_line' id='line_1_99' title="bbox 217 5377 1778 5450; baseline 0.004 -21"><span class='ocrx_word' id='word_1_717' title='bbox 217 5379 415 5444; x_wconf 79' lang='lat' dir='ltr'><strong>tragico</strong></span> <span class='ocrx_word' id='word_1_718' title='bbox 433 5377 784 5444; x_wconf 75' lang='lat' dir='ltr'><strong>exclamabo),</strong></span> <span class='ocrx_word' id='word_1_719' title='bbox 815 5395 910 5430; x_wconf 87' lang='lat' dir='ltr'><strong>non</strong></span> <span class='ocrx_word' id='word_1_720' title='bbox 935 5390 984 5429; x_wconf 91' lang='lat' dir='ltr'><strong>ut</strong></span> <span class='ocrx_word' id='word_1_721' title='bbox 1019 5378 1778 5450; x_wconf 77' lang='lat' dir='ltr'><strong>Hellespontumjunqeremus,</strong></span> 
     </span>
    </p>
   </div>
   <div class='ocr_carea' id='block_1_99' title="bbox 220 5470 1779 5541">
    <p class='ocr_par' dir='ltr' id='par_1_99' title="bbox 220 5470 1779 5541">
     <span class='ocr_line' id='line_1_100' title="bbox 220 5470 1779 5541; baseline 0.004 -21"><span class='ocrx_word' id='word_1_722' title='bbox 220 5474 306 5520; x_wconf 75' lang='lat' dir='ltr'><strong>sui</strong></span> <span class='ocrx_word' id='word_1_723' title='bbox 347 5479 401 5520; x_wconf 86' lang='lat' dir='ltr'><strong>ut</strong></span> <span class='ocrx_word' id='word_1_724' title='bbox 437 5482 760 5534; x_wconf 64' lang='lat' dir='ltr'><strong>pra&#39;ruptum</strong></span> <span class='ocrx_word' id='word_1_725' title='bbox 807 5481 852 5520; x_wconf 79' lang='lat' dir='ltr'><strong>et</strong></span> <span class='ocrx_word' id='word_1_726' title='bbox 895 5471 1209 5536; x_wconf 66' lang='lat' dir='ltr'><strong>praecipitem</strong></span> <span class='ocrx_word' id='word_1_727' title='bbox 1261 5470 1426 5523; x_wconf 89' lang='lat' dir='ltr'><strong>locum</strong></span> <span class='ocrx_word' id='word_1_728' title='bbox 1477 5489 1779 5541; x_wconf 67' lang='lat' dir='ltr'><strong>exmquare-</strong></span> 
     </span>
    </p>
   </div>
   <div class='ocr_carea' id='block_1_100' title="bbox 219 5560 1780 5632">
    <p class='ocr_par' dir='ltr' id='par_1_100' title="bbox 219 5560 1780 5632">
     <span class='ocr_line' id='line_1_101' title="bbox 219 5560 1780 5632; baseline 0.004 -21"><span class='ocrx_word' id='word_1_729' title='bbox 219 5576 355 5611; x_wconf 85' lang='lat' dir='ltr'><strong>mus.</strong></span> <span class='ocrx_word' id='word_1_730' title='bbox 408 5560 614 5612; x_wconf 81' lang='lat' dir='ltr'><strong>[larum</strong></span> <span class='ocrx_word' id='word_1_731' title='bbox 649 5576 818 5611; x_wconf 84' lang='lat' dir='ltr'><strong>rerum</strong></span> <span class='ocrx_word' id='word_1_732' title='bbox 867 5564 1289 5614; x_wconf 82' lang='lat' dir='ltr'><strong>commemoratio</strong></span> <span class='ocrx_word' id='word_1_733' title='bbox 1336 5565 1380 5615; x_wconf 88' lang='lat' dir='ltr'><strong>si</strong></span> <span class='ocrx_word' id='word_1_734' title='bbox 1425 5575 1471 5615; x_wconf 90' lang='lat' dir='ltr'><strong>te</strong></span> <span class='ocrx_word' id='word_1_735' title='bbox 1514 5565 1780 5632; x_wconf 73' lang='lat' dir='ltr'><strong>offensura</strong></span> 
     </span>
    </p>
   </div>
   <div class='ocr_carea' id='block_1_101' title="bbox 222 5651 1775 5723">
    <p class='ocr_par' dir='ltr' id='par_1_101' title="bbox 222 5651 1775 5723">
     <span class='ocr_line' id='line_1_102' title="bbox 222 5651 1775 5723; baseline 0.006 -24"><span class='ocrx_word' id='word_1_736' title='bbox 222 5665 324 5699; x_wconf 72' lang='lat' dir='ltr'><strong>non</strong></span> <span class='ocrx_word' id='word_1_737' title='bbox 357 5660 453 5712; x_wconf 85' lang='lat' dir='ltr'><strong>est,</strong></span> <span class='ocrx_word' id='word_1_738' title='bbox 487 5651 663 5718; x_wconf 88' lang='lat' dir='ltr'><strong>utique</strong></span> <span class='ocrx_word' id='word_1_739' title='bbox 695 5666 782 5703; x_wconf 80' lang='lat' dir='ltr'><strong>nec</strong></span> <span class='ocrx_word' id='word_1_740' title='bbox 817 5668 906 5704; x_wconf 87' lang='lat' dir='ltr'><strong>nos</strong></span> <span class='ocrx_word' id='word_1_741' title='bbox 932 5670 949 5705; x_wconf 91' lang='lat'><em>:</em></span> <span class='ocrx_word' id='word_1_742' title='bbox 984 5654 1026 5706; x_wconf 85' lang='lat' dir='ltr'><strong>si</strong></span> <span class='ocrx_word' id='word_1_743' title='bbox 1052 5663 1221 5706; x_wconf 78' lang='lat' dir='ltr'><strong>autem</strong></span> <span class='ocrx_word' id='word_1_744' title='bbox 1256 5654 1586 5723; x_wconf 71' lang='lat' dir='ltr'><strong>oflettsionent</strong></span> <span class='ocrx_word' id='word_1_745' title='bbox 1616 5671 1678 5708; x_wconf 74' lang='lat' dir='ltr'><strong>ea;</strong></span> <span class='ocrx_word' id='word_1_746' title='bbox 1716 5673 1775 5709; x_wconf 86' lang='lat' dir='ltr'><strong>ea</strong></span> 
     </span>
    </p>
   </div>
   <div class='ocr_carea' id='block_1_102' title="bbox 297 5852 728 5924">
    <p class='ocr_par' dir='ltr' id='par_1_102' title="bbox 297 5852 728 5924">
     <span class='ocr_line' id='line_1_103' title="bbox 297 5852 728 5924; baseline -0.012 -15"><span class='ocrx_word' id='word_1_747' title='bbox 297 5852 370 5920; x_wconf 77' lang='grc' dir='ltr'><strong>(α)</strong></span> <span class='ocrx_word' id='word_1_748' title='bbox 411 5854 540 5908; x_wconf 76' lang='lat' dir='ltr'><strong>Naz.</strong></span> <span class='ocrx_word' id='word_1_749' title='bbox 571 5872 654 5924; x_wconf 85' lang='lat' dir='ltr'><strong>r-p.</strong></span> <span class='ocrx_word' id='word_1_750' title='bbox 677 5855 728 5908; x_wconf 93' lang='lat'><strong>8.</strong></span> 
     </span>
    </p>
   </div>
   <div class='ocr_carea' id='block_1_103' title="bbox 1890 4630 3448 4709">
    <p class='ocr_par' dir='ltr' id='par_1_103' title="bbox 1890 4630 3448 4709">
     <span class='ocr_line' id='line_1_104' title="bbox 1890 4630 3448 4709; baseline -0.013 -8"><span class='ocrx_word' id='word_1_751' title='bbox 1890 4648 2162 4709; x_wconf 79' lang='lat' dir='ltr'><strong>barathro,</strong></span> <span class='ocrx_word' id='word_1_752' title='bbox 2220 4658 2538 4698; x_wconf 89' lang='lat' dir='ltr'><strong>commutare</strong></span> <span class='ocrx_word' id='word_1_753' title='bbox 2579 4641 2914 4709; x_wconf 85' lang='lat' dir='ltr'><strong>pertinaciter</strong></span> <span class='ocrx_word' id='word_1_754' title='bbox 2956 4633 3172 4689; x_wconf 84' lang='lat' dir='ltr'><strong>vellem?</strong></span> <span class='ocrx_word' id='word_1_755' title='bbox 3203 4647 3352 4702; x_wconf 86' lang='lat' dir='ltr'><strong>quem</strong></span> <span class='ocrx_word' id='word_1_756' title='bbox 3377 4630 3448 4681; x_wconf 84' lang='lat' dir='ltr'><strong>ad</strong></span> 
     </span>
    </p>
   </div>
   <div class='ocr_carea' id='block_1_104' title="bbox 1891 4723 3446 4803">
    <p class='ocr_par' dir='ltr' id='par_1_104' title="bbox 1891 4723 3446 4803">
     <span class='ocr_line' id='line_1_105' title="bbox 1891 4723 3446 4803; baseline -0.012 -11"><span class='ocrx_word' id='word_1_757' title='bbox 1891 4740 2066 4792; x_wconf 91' lang='lat' dir='ltr'><strong>locum</strong></span> <span class='ocrx_word' id='word_1_758' title='bbox 2093 4753 2226 4790; x_wconf 90' lang='lat' dir='ltr'><strong>nunc</strong></span> <span class='ocrx_word' id='word_1_759' title='bbox 2261 4735 2557 4803; x_wconf 80' lang='lat' dir='ltr'><strong>properanti</strong></span> <span class='ocrx_word' id='word_1_760' title='bbox 2585 4733 2789 4784; x_wconf 86' lang='lat' dir='ltr'><strong>veniam</strong></span> <span class='ocrx_word' id='word_1_761' title='bbox 2819 4729 2989 4781; x_wconf 89' lang='lat' dir='ltr'><strong>dabis.</strong></span> <span class='ocrx_word' id='word_1_762' title='bbox 3019 4727 3158 4779; x_wconf 87' lang='lat' dir='ltr'><strong>Nam</strong></span> <span class='ocrx_word' id='word_1_763' title='bbox 3209 4723 3446 4792; x_wconf 88' lang='lat' dir='ltr'><strong>profecto</strong></span> 
     </span>
    </p>
   </div>
   <div class='ocr_carea' id='block_1_105' title="bbox 1892 4817 3448 4887">
    <p class='ocr_par' dir='ltr' id='par_1_105' title="bbox 1892 4817 3448 4887">
     <span class='ocr_line' id='line_1_106' title="bbox 1892 4817 3448 4887; baseline -0.013 -1"><span class='ocrx_word' id='word_1_764' title='bbox 1892 4849 1982 4886; x_wconf 88' lang='lat' dir='ltr'><strong>nec</strong></span> <span class='ocrx_word' id='word_1_765' title='bbox 2006 4830 2271 4883; x_wconf 79' lang='lat' dir='ltr'><strong>Alcmteon</strong></span> <span class='ocrx_word' id='word_1_766' title='bbox 2312 4827 2530 4880; x_wconf 86' lang='lat' dir='ltr'><strong>inventis</strong></span> <span class='ocrx_word' id='word_1_767' title='bbox 2561 4821 2924 4877; x_wconf 82' lang='lat' dir='ltr'><strong>Echinadibus</strong></span> <span class='ocrx_word' id='word_1_768' title='bbox 2953 4818 3170 4887; x_wconf 86' lang='lat' dir='ltr'><strong>amplius</strong></span> <span class='ocrx_word' id='word_1_769' title='bbox 3203 4817 3448 4868; x_wconf 79' lang='lat' dir='ltr'><strong>aberrare</strong></span> 
     </span>
    </p>
   </div>
   <div class='ocr_carea' id='block_1_106' title="bbox 1885 4924 2066 4979">
    <p class='ocr_par' dir='ltr' id='par_1_106' title="bbox 1885 4924 2066 4979">
     <span class='ocr_line' id='line_1_107' title="bbox 1885 4924 2066 4979; baseline -0.017 0"><span class='ocrx_word' id='word_1_770' title='bbox 1885 4924 2066 4979; x_wconf 83' lang='lat' dir='ltr'><strong>voluit.</strong></span> 
     </span>
    </p>
   </div>
   <div class='ocr_carea' id='block_1_107' title="bbox 1963 4996 3444 5078">
    <p class='ocr_par' dir='ltr' id='par_1_107' title="bbox 1963 4996 3444 5078">
     <span class='ocr_line' id='line_1_108' title="bbox 1963 4996 3444 5078; baseline -0.016 -7"><span class='ocrx_word' id='word_1_771' title='bbox 1963 5016 2138 5070; x_wconf 88' lang='lat' dir='ltr'><strong>Unum</strong></span> <span class='ocrx_word' id='word_1_772' title='bbox 2191 5013 2347 5066; x_wconf 88' lang='lat' dir='ltr'><strong>nobis</strong></span> <span class='ocrx_word' id='word_1_773' title='bbox 2378 5020 2546 5066; x_wconf 88' lang='lat' dir='ltr'><strong>restat</strong></span> <span class='ocrx_word' id='word_1_774' title='bbox 2575 5007 2968 5078; x_wconf 79' lang='lat' dir='ltr'><strong>explicandum,</strong></span> <span class='ocrx_word' id='word_1_775' title='bbox 2999 5020 3093 5057; x_wconf 90' lang='lat' dir='ltr'><strong>cur</strong></span> <span class='ocrx_word' id='word_1_776' title='bbox 3123 4999 3356 5055; x_wconf 88' lang='lat' dir='ltr'><strong>Basilius</strong></span> <span class='ocrx_word' id='word_1_777' title='bbox 3392 4996 3444 5048; x_wconf 90' lang='lat' dir='ltr'><strong>in</strong></span> 
     </span>
    </p>
   </div>
   <div class='ocr_carea' id='block_1_108' title="bbox 1886 5090 3440 5173">
    <p class='ocr_par' dir='ltr' id='par_1_108' title="bbox 1886 5090 3440 5173">
     <span class='ocr_line' id='line_1_109' title="bbox 1886 5090 3440 5173; baseline -0.017 -9"><span class='ocrx_word' id='word_1_778' title='bbox 1886 5109 2117 5164; x_wconf 87' lang='lat' dir='ltr'><strong>Pontum</strong></span> <span class='ocrx_word' id='word_1_779' title='bbox 2161 5105 2532 5173; x_wconf 87' lang='lat' dir='ltr'><strong>proliciscens,</strong></span> <span class='ocrx_word' id='word_1_780' title='bbox 2581 5111 2759 5168; x_wconf 87' lang='lat' dir='ltr'><strong>speret</strong></span> <span class='ocrx_word' id='word_1_781' title='bbox 2799 5116 2854 5154; x_wconf 85' lang='lat' dir='ltr'><strong>se</strong></span> <span class='ocrx_word' id='word_1_782' title='bbox 2907 5097 3118 5151; x_wconf 87' lang='lat' dir='ltr'><strong>tandem</strong></span> <span class='ocrx_word' id='word_1_783' title='bbox 3154 5090 3440 5160; x_wconf 85' lang='lat' dir='ltr'><strong>aliquando</strong></span> 
     </span>
    </p>
   </div>
   <div class='ocr_carea' id='block_1_109' title="bbox 1884 5186 3442 5261">
    <p class='ocr_par' dir='ltr' id='par_1_109' title="bbox 1884 5186 3442 5261">
     <span class='ocr_line' id='line_1_110' title="bbox 1884 5186 3442 5261; baseline -0.013 -6"><span class='ocrx_word' id='word_1_784' title='bbox 1884 5203 2043 5255; x_wconf 85' lang='lat' dir='ltr'><strong>ﬁnem</strong></span> <span class='ocrx_word' id='word_1_785' title='bbox 2075 5197 2358 5250; x_wconf 82' lang='lat' dir='ltr'><strong>oberrandi</strong></span> <span class='ocrx_word' id='word_1_786' title='bbox 2414 5195 2676 5248; x_wconf 81' lang='lat' dir='ltr'><strong>iacturum</strong></span> <span class='ocrx_word' id='word_1_787' title='bbox 2701 5233 2716 5258; x_wconf 90' lang='lat'><strong>,</strong></span> <span class='ocrx_word' id='word_1_788' title='bbox 2756 5192 2902 5261; x_wconf 87' lang='lat' dir='ltr'><strong>quasi</strong></span> <span class='ocrx_word' id='word_1_789' title='bbox 2961 5201 3086 5243; x_wconf 89' lang='lat' dir='ltr'><strong>tunc</strong></span> <span class='ocrx_word' id='word_1_790' title='bbox 3125 5186 3350 5254; x_wconf 90' lang='lat' dir='ltr'><strong>primum</strong></span> <span class='ocrx_word' id='word_1_791' title='bbox 3385 5195 3442 5234; x_wconf 80' lang='lat' dir='ltr'><strong>se</strong></span> 
     </span>
    </p>
   </div>
   <div class='ocr_carea' id='block_1_110' title="bbox 1884 5271 3440 5355">
    <p class='ocr_par' dir='ltr' id='par_1_110' title="bbox 1884 5271 3440 5355">
     <span class='ocr_line' id='line_1_111' title="bbox 1884 5271 3440 5355; baseline -0.015 -8"><span class='ocrx_word' id='word_1_792' title='bbox 1884 5293 1935 5347; x_wconf 86' lang='lat' dir='ltr'><strong>in</strong></span> <span class='ocrx_word' id='word_1_793' title='bbox 1971 5290 2313 5344; x_wconf 87' lang='lat' dir='ltr'><strong>solitudinem</strong></span> <span class='ocrx_word' id='word_1_794' title='bbox 2341 5289 2620 5355; x_wconf 87' lang='lat' dir='ltr'><strong>reciperet.</strong></span> <span class='ocrx_word' id='word_1_795' title='bbox 2649 5285 2760 5338; x_wconf 77' lang='lat' dir='ltr'><strong>Non</strong></span> <span class='ocrx_word' id='word_1_796' title='bbox 2787 5283 2939 5337; x_wconf 73' lang='lat' dir='ltr'><strong>valde</strong></span> <span class='ocrx_word' id='word_1_797' title='bbox 2971 5277 3198 5332; x_wconf 74' lang='lat' dir='ltr'><strong>dillicilis</strong></span> <span class='ocrx_word' id='word_1_798' title='bbox 3229 5285 3281 5328; x_wconf 89' lang='lat' dir='ltr'><strong>et</strong></span> <span class='ocrx_word' id='word_1_799' title='bbox 3312 5271 3440 5326; x_wconf 86' lang='lat' dir='ltr'><strong>abs-</strong></span> 
     </span>
    </p>
   </div>
   <div class='ocr_carea' id='block_1_111' title="bbox 1884 5366 3437 5445">
    <p class='ocr_par' dir='ltr' id='par_1_111' title="bbox 1884 5366 3437 5445">
     <span class='ocr_line' id='line_1_112' title="bbox 1884 5366 3437 5445; baseline -0.014 -8"><span class='ocrx_word' id='word_1_800' title='bbox 1884 5395 2028 5438; x_wconf 85' lang='lat' dir='ltr'><strong>trusa</strong></span> <span class='ocrx_word' id='word_1_801' title='bbox 2066 5397 2151 5435; x_wconf 87' lang='lat' dir='ltr'><strong>res</strong></span> <span class='ocrx_word' id='word_1_802' title='bbox 2184 5391 2288 5434; x_wconf 81' lang='lat' dir='ltr'><strong>est.</strong></span> <span class='ocrx_word' id='word_1_803' title='bbox 2328 5378 2582 5445; x_wconf 70' lang='lat' dir='ltr'><strong>Quamvis</strong></span> <span class='ocrx_word' id='word_1_804' title='bbox 2627 5376 2766 5431; x_wconf 81' lang='lat' dir='ltr'><strong>enim</strong></span> <span class='ocrx_word' id='word_1_805' title='bbox 2816 5373 3045 5428; x_wconf 85' lang='lat' dir='ltr'><strong>Basilius</strong></span> <span class='ocrx_word' id='word_1_806' title='bbox 3098 5366 3437 5422; x_wconf 89' lang='lat' dir='ltr'><strong>solitudinem</strong></span> 
     </span>
    </p>
   </div>
   <div class='ocr_carea' id='block_1_112' title="bbox 1884 5459 3438 5532">
    <p class='ocr_par' dir='ltr' id='par_1_112' title="bbox 1884 5459 3438 5532">
     <span class='ocr_line' id='line_1_113' title="bbox 1884 5459 3438 5532; baseline -0.014 -3"><span class='ocrx_word' id='word_1_807' title='bbox 1884 5492 2034 5530; x_wconf 87' lang='lat' dir='ltr'><strong>suam</strong></span> <span class='ocrx_word' id='word_1_808' title='bbox 2088 5474 2137 5527; x_wconf 92' lang='lat' dir='ltr'><strong>in</strong></span> <span class='ocrx_word' id='word_1_809' title='bbox 2170 5473 2377 5526; x_wconf 87' lang='lat' dir='ltr'><strong>deliciis</strong></span> <span class='ocrx_word' id='word_1_810' title='bbox 2417 5472 2652 5532; x_wconf 80' lang='lat' dir='ltr'><strong>haberet,</strong></span> <span class='ocrx_word' id='word_1_811' title='bbox 2713 5483 2834 5521; x_wconf 90' lang='lat' dir='ltr'><strong>eum</strong></span> <span class='ocrx_word' id='word_1_812' title='bbox 2888 5476 3068 5517; x_wconf 85' lang='lat' dir='ltr'><strong>tamen</strong></span> <span class='ocrx_word' id='word_1_813' title='bbox 3099 5465 3162 5514; x_wconf 88' lang='lat' dir='ltr'><strong>ab</strong></span> <span class='ocrx_word' id='word_1_814' title='bbox 3191 5459 3274 5512; x_wconf 83' lang='lat' dir='ltr'><strong>illa</strong></span> <span class='ocrx_word' id='word_1_815' title='bbox 3302 5473 3438 5510; x_wconf 89' lang='lat' dir='ltr'><strong>non—</strong></span> 
     </span>
    </p>
   </div>
   <div class='ocr_carea' id='block_1_113' title="bbox 1890 5557 3441 5634">
    <p class='ocr_par' dir='ltr' id='par_1_113' title="bbox 1890 5557 3441 5634">
     <span class='ocr_line' id='line_1_114' title="bbox 1890 5557 3441 5634; baseline -0.012 -15"><span class='ocrx_word' id='word_1_816' title='bbox 1890 5580 2162 5634; x_wconf 88' lang='lat' dir='ltr'><strong>nunquam</strong></span> <span class='ocrx_word' id='word_1_817' title='bbox 2213 5578 2386 5615; x_wconf 72' lang='lat' dir='ltr'><strong>caustc</strong></span> <span class='ocrx_word' id='word_1_818' title='bbox 2436 5561 2712 5632; x_wconf 80' lang='lat' dir='ltr'><strong>graviores</strong></span> <span class='ocrx_word' id='word_1_819' title='bbox 2765 5557 3441 5616; x_wconf 83' lang='lat' dir='ltr'><strong>abstraxerunt;coactus</strong></span> 
     </span>
    </p>
   </div>
   <div class='ocr_carea' id='block_1_114' title="bbox 1883 5637 3436 5724">
    <p class='ocr_par' dir='ltr' id='par_1_114' title="bbox 1883 5637 3436 5724">
     <span class='ocr_line' id='line_1_115' title="bbox 1883 5637 3436 5724; baseline -0.013 -12"><span class='ocrx_word' id='word_1_820' title='bbox 1883 5667 1964 5712; x_wconf 84' lang='lat' dir='ltr'><strong>est</strong></span> <span class='ocrx_word' id='word_1_821' title='bbox 1993 5655 2502 5723; x_wconf 84' lang='lat' dir='ltr'><strong>Constantinopolim</strong></span> <span class='ocrx_word' id='word_1_822' title='bbox 2534 5651 2798 5724; x_wconf 80' lang='lat' dir='ltr'><strong>proﬁcisci</strong></span> <span class='ocrx_word' id='word_1_823' title='bbox 2826 5661 2960 5702; x_wconf 87' lang='lat' dir='ltr'><strong>anno</strong></span> <span class='ocrx_word' id='word_1_824' title='bbox 2990 5644 3109 5698; x_wconf 78' lang='grc'><strong>559.</strong></span> <span class='ocrx_word' id='word_1_825' title='bbox 3141 5641 3298 5696; x_wconf 73' lang='lat' dir='ltr'><strong>Venit</strong></span> <span class='ocrx_word' id='word_1_826' title='bbox 3331 5637 3436 5693; x_wconf 79' lang='lat' dir='ltr'><strong>Na-</strong></span> 
     </span>
    </p>
   </div>
   <div class='ocr_carea' id='block_1_115' title="bbox 1958 5855 2386 5925">
    <p class='ocr_par' dir='ltr' id='par_1_115' title="bbox 1958 5855 2386 5925">
     <span class='ocr_line' id='line_1_116' title="bbox 1958 5855 2386 5925; baseline 0 -16"><span class='ocrx_word' id='word_1_827' title='bbox 1958 5857 2029 5925; x_wconf 61' lang='grc' dir='ltr'><strong>(ὑ)</strong></span> <span class='ocrx_word' id='word_1_828' title='bbox 2071 5855 2198 5911; x_wconf 70' lang='grc' dir='ltr'><strong>ΝΑΖ.</strong></span> <span class='ocrx_word' id='word_1_829' title='bbox 2227 5871 2306 5924; x_wconf 83' lang='lat' dir='ltr'><strong>cp.</strong></span> <span class='ocrx_word' id='word_1_830' title='bbox 2338 5857 2386 5909; x_wconf 77' lang='grc'><strong>9.</strong></span> 
     </span>
    </p>
   </div>
  </div>
