4006 6438
493 432 644 474 IX!!!

1863 397 2033 458 PROL
2042 393 2380 454 EGOME‘NA.

498 536 751 587 zianzum
803 539 945 579 anno
995 507 1120 578 360.
1155 521 1348 576 Dianio
1394 516 1716 574 Caesariensi
1768 515 2069 586 periculose
2099 520 2145 578 Α
2176 522 2422 583 experto,
2460 527 2565 567 non
2589 508 2789 564 Basilio
2815 506 2904 578 qui
2937 522 3210 575 nunquam
3244 506 3403 577 huius
3432 505 3729 576 imperato-

495 617 777 685 aegretauti
808 614 976 669 adfuit
1023 628 1164 669 anno
1201 612 1321 668 362.
1354 607 1576 662 Videtur
1599 623 1727 678 ergo
1774 606 2058 661 defunctus

499 709 761 764 Inolestiis
786 706 1014 773 alicujus
1045 701 1498 776 peregrinationis
1536 716 1671 756 nova
1700 697 1929 766 quadam
1963 711 2057 750 cu-

499 802 725 872 piditale
793 799 1182 854 monasterium
1228 794 1552 862 repetiisse;
1605 789 1815 858 sibique
1871 789 2067 844 nullam

500 894 754 963 deinceps
806 889 1092 947 oberrandi
1136 901 1358 942 causam
1421 890 1868 954 superventuram
1927 891 2052 949 spe-

501 998 674 1038 τδεςθ.

573 1076 770 1130 Locum
802 1075 904 1130 sibi
944 1072 1176 1128 vindicat
1207 1071 1430 1139 epistola
1475 1065 1679 1122 decima
1716 1062 1903 1134 quinta
1930 1063 2073 1117 inter

503 1182 597 1222 eas
620 1183 741 1236 qua:
781 1169 995 1234 scriptae
1044 1167 1098 1219 in
1147 1179 1361 1220 secessu
1424 1159 1658 1214 fuerunt.
1709 1156 2068 1211 Commendat

505 1257 741 1314 Basilius
767 1259 1000 1313 Arcadio
1039 1257 1219 1311 comiti
1251 1253 1326 1307 rei
1358 1252 1582 1323 privata:
1618 1251 1755 1304 cives
1802 1257 2070 1315 metropo—

508 1348 574 1402 lis
606 1367 624 1404 :
653 1364 757 1417 quo
789 1349 1006 1401 nomine
1053 1346 1355 1417 (iresaream
1410 1340 1609 1393 absens
1637 1350 1681 1391 ct
1710 1337 1761 1390 in
1786 1333 1960 1388 Ponto
1986 1333 2074 1385 de.-

510 1457 641 1510 gens
666 1439 940 1510 appellare
979 1435 1175 1505 potuit;
1210 1435 1290 1487 sic
1326 1434 1466 1486 enim
1515 1443 1636 1483 eam
1680 1426 1922 1494 designat
1960 1424 2074 1492 ipse

510 1531 805 1602 Gregorius
825 1527 1080 1596 Tbeologi
1116 1525 1340 1595 paterin
1360 1519 1588 1590 epistola
1615 1520 1753 1573 inter
1777 1515 2074 1570 Basilianas

512 1625 598 1679 47.
626 1625 694 1678 At
724 1625 776 1678 in
814 1625 926 1691 ipsa
962 1618 1094 1673 urbe
1143 1631 1240 1672 nec
1270 1625 1393 1685 apte
1441 1612 1590 1667 illam
1643 1624 1742 1665 nec
1796 1604 2077 1664 commode

514 1713 853 1785 tiretropolim
877 1717 1150 1765 vocasset.

589 1806 774 1861 Refert
793 1803 1169 1857 Tillemontius
1194 1800 1336 1855 hanc
1355 1794 1633 1868 epistolam
1659 1792 1724 1846 ad
1756 1789 2074 1846 divisionem

2169 606 2244 659 ris
2272 603 2433 656 limen
2460 602 2658 672 attigit.
2687 598 2740 652 Id
2768 606 2913 669 patet
2945 610 3010 650 ex
3043 596 3126 648 his
3153 596 3332 650 verbis
3359 597 3555 652 Jnliani
3587 615 3598 650 :
3633 593 3728 648 Vi-

2171 699 2338 752 vimus
2373 695 2510 748 enim
2549 695 2684 747 inter
2725 707 2818 744 nos
2843 708 2944 744 non
2973 705 3088 744 cum
3143 687 3254 742 sola
3300 691 3476 743 aulica
3509 689 3733 745 simula-

2170 792 2332 856 tione,
2366 804 2524 856 quam
2557 796 2606 841 te
2635 785 2788 840 credo
2819 785 3070 838 hactenus
3106 789 3368 850 expertum
3395 799 3525 838 esse.
3555 784 3731 836 Altera

2175 881 2432 937 tribuitur
2464 877 2678 932 Juliano
2702 875 2765 929 ad
2803 873 3058 926 Basiliam
3095 871 3340 942 epistola,
3381 868 3446 921 de
3483 887 3584 939 qua
3613 873 3733 942 quiv

2171 975 2291 1032 dem
2327 972 2469 1027 etde
2490 970 2672 1025 Basilii
2706 966 3053 1036 responsione
3081 967 3220 1018 infra
3248 977 3484 1034 agemus.

2243 1069 2305 1123 ll.
2324 1063 2615 1135 Gregorius
2632 1047 2998 1118 Nazianzenus
3021 1073 3139 1110 cum
3165 1067 3398 1124 paterna:
3416 1053 3609 1110 cedens
3638 1071 3736 1108 an-

2173 1163 2432 1229 ctoritati,
2469 1158 2560 1214 sed
2603 1167 2780 1213 tamen
2806 1154 3004 1211 invitus
3042 1165 3105 1204 ac
3141 1166 3244 1205 non
3284 1152 3490 1214 libens,
3517 1149 3738 1217 presby-

2175 1267 2257 1312 ter
2284 1266 2496 1312 creatus
2528 1250 2736 1315 fuisset,
2771 1252 2869 1305 hac
2906 1246 3183 1319 tyrannide
3212 1243 3308 1314 (sic
3343 1248 3484 1297 enim
3508 1243 3618 1310 ipse
3640 1253 3736 1306 ap-

2174 1350 2358 1418 pellat)
2391 1347 2622 1402 oll'ensus
2659 1343 2710 1395 in
2736 1343 2961 1396 Pontum
2993 1341 3127 1410 fugit
3150 1338 3245 1409 (ai,
3266 1345 3375 1388 tum
3408 1346 3466 1389 ut
3498 1335 3732 1390 dolorem

2173 1457 2329 1497 suum
2363 1441 2520 1495 amici
2565 1435 2844 1504 colloquiis
2893 1433 3119 1498 leniret,
3157 1443 3264 1487 tum
3307 1437 3366 1482 ut
3421 1428 3741 1482 deliberaret

2175 1537 2302 1606 quid
2327 1536 2427 1590 sibi
2461 1533 2719 1606 agendum
2749 1539 2913 1586 esset.
2952 1526 3064 1580 Non
3102 1537 3276 1580 tamen
3319 1523 3400 1578 :liu
3438 1520 3488 1573 iu
3523 1522 3623 1574 hac
3657 1532 3745 1572 so-

2177 1626 2403 1680 litudinc
2457 1623 2687 1686 resedit,
2730 1621 2822 1674 sed
2870 1617 3063 1688 partim
3111 1617 3342 1670 obducto
3382 1609 3550 1665 dolori
3586 1609 3744 1674 callo,

2177 1718 2372 1790 partim
2422 1721 2625 1772 veritus
2669 1729 2735 1768 ne
2775 1711 2938 1781 patris
2969 1709 3100 1761 iram
3133 1709 3184 1761 in
3230 1722 3288 1761 se
3317 1703 3604 1760 concitaret
3649 1699 3746 1767 (ὁ),

2188 1809 2232 1862 si
2269 1809 2505 1876 precanti
2553 1821 2655 1860 non
2709 1804 2959 1865 cederet,
2995 1800 3149 1852 rediit
3204 1797 3269 1852 ad
3319 1799 3456 1850 dicm
3496 1789 3748 1854 Pasclue,

517 1895 886 1967 cappa‘l‘mim'
920 1893 1028 1950 sed
1057 1894 1124 1948 ad
1146 1906 1262 1945 eam
1294 1889 1582 1947 "‘iomm'
1612 1896 1772 1951 quam
1792 1877 2085 1937 anulimus'
2120 1877 2163 1934 Β
2193 1916 2315 1958 cum
2348 1899 2453 1953 alio
2479 1897 2565 1952 die
2589 1897 2723 1951 festo
2759 1909 2860 1948 non
2912 1890 3082 1944 multo
3115 1899 3237 1942 ante
3279 1887 3631 1942 discessisset.
3663 1880 3754 1933 Ait

522 1991 653 2045 illud
691 1989 854 2043 etiam
891 1987 1119 2048 accedit,
1143 1980 1285 2052 quod
1319 1993 1441 2034 cum
1472 1974 1734 2044 epistolas,
1759 1984 1881 2040 qua:
1911 1970 1977 2024 de
2002 1969 2084 2024 di-

521 2081 732 2137 visione
788 2077 1139 2148 Cappadociaa
1199 2071 1416 2140 scripta:
1464 2074 1612 2128 sunt,
1659 2062 1820 2119 flebili
1863 2072 2084 2132 prorsus

523 2173 662 2244 stylo
693 2172 829 2225 mala
859 2169 1045 2240 patriae
1069 2165 1370 2238 deplorent,
1401 2162 1512 2216 haec
1537 2160 1741 2215 decima
1770 2157 1956 2226 quinta
1999 2151 2084 2204 ni-

525 2262 600 2317 hil
625 2262 767 2316 aliud
792 2259 977 2326 habet,
1008 2258 1110 2315 nisi
1138 2263 1448 2328 peracutam
1467 2261 1522 2308 et
1547 2248 1906 2321 perurbanam
1940 2255 2088 2296 coru-

531 2353 952 2410 mcndationem.

1089 2436 1322 2494 CAPUT
1361 2434 1494 2490 Vill.

530 2535 570 2591 I.
599 2527 674 2588 De
698 2533 906 2587 Iuliani
935 2531 1263 2598 imperatoris
1292 2535 1357 2577 ad
1396 2534 1636 2598 sanctum
1697 2517 1960 2598 Basiliam.
1986 2513 2094 2578 epi—

599 2584 842 2658 stoluill.
866 2584 1091 2656 Saucius
1114 2597 1391 2664 Gregorius
1434 2593 1800 2664 t\’azi_ansenus
1827 2584 2088 2664 presbyter

602 2685 831 2728 creatur.
847 2673 930 2727 ill.
950 2670 1180 2725 Basilius
1202 2657 1483 2720 «iecersitnr
1499 2678 1530 2714 α
1551 2660 1740 2714 Diania
1762 2657 2094 2728 Ca’sttrieusi,

606 2757 656 2800 et
685 2763 802 2799 cum
827 2760 886 2798 eo
912 2742 1278 2796 communicat.
1326 2735 1514 2789 Utrum
1546 2732 1731 2784 merito
1761 2729 1895 2800 hunc
1932 2725 2099 2800 hami:

607 2793 1065 2868 neutr-laudauerit
1120 2807 1370 2863 Basilius.
1417 2804 1504 2859 ιν.
1551 2801 1744 2854 Diania
1789 2793 2100 2868 Cazsariensi

1159 2879 1247 2930 sttb
1278 2875 1512 2928 Iuliano.
1551 2871 1608 2923 V.
1649 2869 1891 2937 Julianus
1934 2863 2103 2937 Clu-sa-

610 2929 756 3005 reain
1227 2945 1456 3017 epistolae
1479 2939 1732 3017 Basiliilet
1760 2935 1988 3013 Juliani.

610 3023 957 3078 Cwsarienscs
979 3000 1203 3071 minime
1228 3000 1357 3073 o'rlit,
1389 3009 1582 3064 Basilio
1607 3000 2105 3078 etGregorio-mi‘ni-

971 3088 1185 3143 Videtur
1219 3072 1451 3139 Basilius
1475 3080 1568 3132 sub
1598 3075 1815 3130 Juliano
1836 3072 2102 3147 scripsisse

611 3141 1228 3217 aduersus—Enitendum.
1263 3155 1367 3208 Sub
1400 3158 1576 3205 eodem
1604 3148 1809 3210 scripta:
1843 3145 1958 3195 dua:
1987 3141 2104 3217 alia;

611 3209 862 3294 c‘tlirto'laz:
1193 3209 1329 3278 idem
1373 3235 1569 3294 (ωυρμ-ξ
1610 3209 1892 3294 referendae
1936 3209 2103 3294 sancti

615 3279 892 3352 dilaniatis-ii
917 3279 1256 3350 rid—Basilina:
1278 3279 1482 3344 litteris:
1510 3287 1598 3343 IX.
1617 3279 1877 3338 Probatur
1893 3287 1985 3336 sub
2000 3279 2103 3331 Ja-

614 3373 757 3425 liano
788 3369 1096 3436 Gregorium
1118 3361 1713 3436 Nrrsicriizi_episcopurit
1741 3353 2108 3417 subscripsisse

617 3425 1006 3510 [or-inumbrati
1036 3435 1354 3510 orthodoxy.
1392 3426 1482 3505 X._
1510 3425 1698 3504 Statim
1736 3433 1851 3488 post
1889 3429 2107 3471 mortem

618 3494 824 3568 Juliani
864 3506 1146 3577 Gregorius
1172 3500 1432 3555 Basilium
1465 3494 1667 3548 invisit.

619 3601 661 3656 1.
686 3600 929 3654 Julianus
953 3574 1265 3664 imperator,
1290 3589 1378 3658 qui
1411 3585 1663 3639 Basilium
1700 3588 1749 3634 et
1785 3574 2101 3646 Gregorium

550 3692 776 3749 Athenis
812 3695 1181 3758 cognoverat,
1222 3697 1286 3736 eo
1322 3679 1496 3747 magis
1525 3676 1578 3729 in
1609 3686 1834 3741 utroque
1881 3667 2111 3722 studium

549 3781 870 3838 Christiana:
906 3775 1179 3844 religionis
1200 3773 1323 3825 odio
1350 3766 1555 3828 habuit,
1585 3779 1691 3833 quo
1730 3760 1930 3828 majora
1964 3761 2012 3811 in
2038 3758 2116 3810 eis

553 3873 621 3928 ad
643 3871 784 3926 illam
816 3863 1199 3922 defendendam
1233 3858 1434 3928 ingenii
1477 3865 1530 3909 et
1562 3853 1820 3906 doctrinae
1869 3849 2116 3919 praesidia

552 3963 792 4020 videbat.
830 3959 934 4013 Sed
967 3966 1142 4010 tamen
1178 3953 1222 4006 si
1260 3949 1508 4021 genuina:
1551 3953 1674 3999 sunt
1711 3942 1868 4011 hujus
1904 3950 2119 4009 aposta-

558 4057 712 4110 taead
736 4052 989 4108 Basilium
1021 4049 1234 4107 litterae,
1267 4042 1475 4096 videtur
1515 4037 1669 4092 initio
1721 4033 1906 4088 Basilii
1959 4031 2112 4086 blan-

557 4147 704 4200 ditiis
733 4141 1000 4197 alliciendi
1027 4153 1147 4207 spes
1180 4137 1363 4188 inanes
1401 4127 1734 4198 concepisse.
1771 4126 1962 4181 Invitat
1994 4138 2116 4177 eum

559 4238 627 4292 ad
657 4249 736 4302 se,
769 4243 827 4287 ut
869 4233 934 4284 ad
972 4234 1346 4297 imperatorem
1373 4228 1444 4278 ita
1479 4238 1600 4276 cum
1623 4219 1809 4274 amicis
1831 4219 2118 4277 viventem,

561 4339 748 4384 utnec
775 4327 820 4381 ei
859 4324 1060 4378 adulari
1104 4331 1366 4390 cogantur
1397 4337 1413 4385 ;
1449 4333 1545 4372 nec
1571 4317 1638 4370 ob
1673 4313 1887 4382 imperii
1944 4311 2123 4380 splen-

563 4421 772 4483 dorem,
806 4428 897 4471 aut
927 4431 1102 4469 rerum
1154 4413 1488 4481 publicarum
1545 4405 1950 4476 occupationem
2003 4417 2122 4456 mo-

564 4511 688 4566 lesti
737 4517 1046 4565 occurrant.
1079 4504 1340 4560 Coaccdit
1378 4503 1425 4556 ei
1463 4514 1680 4557 cursum
1741 4495 2034 4568 publicum,
2079 4493 2121 4548 si

564 4603 632 4655 ad
666 4617 722 4655 se
751 4614 1039 4669 properare
1082 4596 1230 4650 velit.
1273 4593 1397 4647 llaec
1451 4591 1680 4659 epistola
1736 4590 1878 4644 inter
1924 4585 2119 4642 Juliani

567 4694 776 4749 litteras
807 4692 1125 4745 duodecima
1154 4699 1255 4741 est.
1286 4684 1552 4751 Scriptam
1587 4683 1804 4752 conjicit
1838 4680 2076 4747 Dupiuus
2099 4693 2126 4730 a

567 4785 781 4840 Juliano
805 4783 1039 4839 nondum
1065 4778 1424 4835 Christianam
1452 4775 1765 4844 religionem
1796 4783 1981 4840 aperte
2009 4770 2124 4837 eju-

569 4878 734 4934 rauti.
768 4873 938 4943 Negat
975 4875 1076 4926 hoc
1104 4869 1512 4931 Tillemontius;
1564 4867 1762 4934 quippe
1804 4879 1923 4917 cum
1975 4876 2132 4930 repu-

575 4979 772 5043 gnetut
800 4965 1054 5020 Basiliam
1086 4962 1331 5017 Julianus
1359 4961 1423 5012 ad
1454 4974 1512 5012 se
1543 4959 1594 5012 in
1622 4955 1822 5010 Gallias
1866 4952 2126 5005 invitave-

573 5064 664 5125 rit,
702 5058 852 5115 etde
890 5055 1101 5125 publico
1154 5055 1208 5107 in
1252 5051 1472 5108 Oriente
1519 5063 1678 5102 cursu
1730 5047 1793 5098 al
1829 5043 2117 5098 arbitrium

575 5167 733 5207 suum
787 5149 1018 5203 nondum
1049 5147 1320 5213 Augustus
1354 5141 1623 5195 statuerit.
1663 5136 1766 5192 Sed
1799 5145 1975 5188 tamen
2024 5147 2128 5184 non

577 5242 780 5297 invitus
796 5237 1039 5292 concedit
1065 5234 1360 5296 Julianum,
1392 5246 1513 5286 cum
1543 5231 1656 5283 lucc
1686 5227 1970 5285 scriberet,
2003 5237 2135 5273 non-

582 5331 706 5385 dum
735 5324 1124 5398 persecutionis
1167 5326 1376 5392 signum
1421 5319 1699 5375 extulisse.
1731 5316 1922 5369 Abiere
1952 5314 2004 5366 in
2043 5312 2138 5364 has

583 5420 926 5488 conjecturas
959 5418 1150 5472 eruditi
1178 5416 1250 5468 illi
1276 5413 1399 5477 viri,
1441 5411 1566 5480 quia
1595 5412 1734 5464 hanc
1759 5406 2040 5476 epistolam
2073 5403 2138 5456 ad

587 5511 843 5564 Basilium
880 5509 1135 5579 scriptam
1189 5507 1469 5576 putabant.
1518 5500 1625 5554 Sed
1669 5501 1714 5554 si
1761 5513 1879 5552 eam
1931 5493 2146 5564 scripsit

587 5600 1067 5666 Julianus,homini
1099 5595 1626 5669 scripsitConstantii
1654 5593 1788 5648 aulte
1807 5586 2145 5645 incommoda

660 5788 735 5858 (τι)
775 5789 950 5842 Carm.
981 5786 1029 5842 1.

663 5859 738 5924 (b)
778 5859 905 5914 Ibid.

2183 1997 2326 2049 enim
2353 1992 2465 2061 ipse
2485 1990 2549 2042 de
2575 2002 2631 2041 se
2653 1986 2722 2056 (ε)
2748 2000 2763 2037 :
2798 1984 3107 2055 Μυστήριον
3147 1980 3326 2049 ἔχρισέ
3358 1997 3445 2050 με,
3475 1973 3754 2050 μυστηρίῳ

2190 2087 2382 2159 μικρὸν
2410 2081 2736 2154 ὑπεχώρησα
2756 2121 2770 2144 ,
2795 2081 2915 2131 ὅσον
2938 2075 3167 2147 ἐμαυτὸν
3201 2072 3618 2142 ἐπισκέψασθαι,
3652 2086 3754 2139 μυ·

2188 2180 2392 2249 στηρεῳ
2448 2177 2540 2228 καὶ
2591 2170 3020 2241 συνεισέρχομαι.
3068 2164 3374 2233 Mysterium
3434 2162 3583 2215 unxit
3625 2169 3754 2212 me:

2188 2270 2435 2340 mysterio
2478 2267 2744 2336 paulisper
2789 2264 2938 2325 cessi,
2986 2268 3041 2313 ut
3077 2256 3325 2322 mcipsum
3375 2253 3678 2320 inspicerem
3708 2257 3756 2303 et

2191 2361 2515 2432 explorarem
2552 2374 2570 2411 :
2597 2374 2713 2410 cum
2753 2353 2999 2425 mysterio
3023 2353 3177 2404 etiam
3211 2344 3597 2401 simulintroeo.
3627 2341 3757 2394 Exi-

2194 2431 2374 2512 stimat
2399 2450 2615 2506 Nicetas
2643 2449 2944 2500 ordinatum
2977 2443 3121 2496 illum
3155 2441 3320 2495 fuisse
3354 2437 3406 2490 in
3443 2433 3526 2488 die
3556 2431 3761 2485 Natalis

2195 2544 2417 2608 ChriSti,
2459 2540 2654 2611 fugisse
2692 2536 2777 2591 die
2822 2534 2954 2588 festo
2986 2528 3402 2598 Luminnm,qui
3448 2523 3602 2596 paulo
3642 2529 3759 2590 post

2199 2637 2388 2694 Natale
2426 2633 2630 2689 Domini
2663 2626 3054 2685 celebrabatur.
3099 2622 3250 2677 Unde
3294 2621 3568 2675 existimat
3597 2613 3762 2668 Tille-

2201 2733 2432 2787 montius
2470 2724 2785 2794 Gregorium
2841 2719 2925 2772 die
2980 2715 3050 2769 25
3105 2712 3408 2766 Decembris
3460 2710 3762 2763 ordinatum

2203 2824 2364 2877 fuisse
2398 2834 2537 2873 anno
2572 2816 2697 2880 563,
2729 2821 2820 2868 aut
2862 2810 2986 2865 562.
3031 2807 3134 2862 Sed
3181 2803 3430 2858 libentius
3459 2801 3673 2854 inclinat
3714 2798 3764 2848 in

2203 2930 2400 2968 annum
2455 2910 2579 2972 562,
2613 2909 2736 2976 quia
2790 2904 3063 2964 Basiliam,
3115 2912 3269 2968 quem
3302 2903 3418 2964 post
3449 2892 3766 2963 Gregorium

2202 3007 2506 3060 ordinatqu
2554 2999 2717 3053 fuisse
2756 3004 2984 3057 constat,
3017 3004 3156 3045 anno
3187 2987 3290 3041 369.
3323 2987 3387 3039 ad
3425 2987 3562 3038 hanc
3603 2980 3772 3051 digni-

2207 3107 2367 3151 tatem
2399 3100 2581 3149 censet
2605 3101 2847 3144 evectum
2879 3086 3056 3139 fuisse.
3096 3082 3167 3136 De
3191 3079 3384 3133 Basilio
3408 3077 3540 3130 infra
3567 3071 3773 3127 videbi-

2132 3213 2175 3270 ρ
2211 3205 2368 3255 mus;
2399 3189 2492 3240 sed
2519 3183 2732 3237 interim
2762 3179 3058 3234 doctissimi
3090 3176 3186 3227 viri
3227 3173 3529 3242 opinionem
3577 3164 3775 3219 confir-

2207 3298 2357 3339 mare
2390 3291 2676 3351 possumus
2721 3271 3027 3329 testimonio
3061 3265 3328 3335 Gregorii,
3359 3263 3449 3330 qui
3488 3259 3565 3313 sic
3603 3255 3778 3326 loqui.

2210 3385 2298 3431 tur
2343 3347 2405 3427 in-
2435 3369 2685 3440 Apologia
2710 3406 2725 3432 ,
2757 3379 2914 3433 quam
2959 3361 3128 3415 reditu
3182 3371 3282 3412 suo
3321 3353 3618 3423 composuit
3652 3347 3728 3420 (ά)
3757 3347 3777 3385 ε

2209 3469 2320 3521 Καὶ
2372 3466 2461 3518 τὸν
2498 3466 2593 3533 μὲν
2648 3460 2842 3526 ἔξωθεν
2891 3458 2950 3510 οὐ
2993 3455 3201 3508 δέδοικα
3248 3449 3510 3518 πόλεμον,
3539 3443 3658 3498 οὐδὲ
3687 3441 3781 3495 τδν

2210 3559 2304 3611 νῦν
2343 3556 2717 3609 ἐπαναστάντα
2749 3553 2889 3622 θῆρα
2935 3551 3052 3611 ταῖς
3079 3543 3409 3613 ἐκκλησίαις,
3438 3540 3530 3593 καὶ
3561 3538 3652 3590 τοῦ
3685 3552 3784 3586 πο-

2213 3649 2375 3722 νηροῦ
2410 3647 2470 3701 τὸ
2519 3645 2806 3715 πλήρωμα,
2843 3642 2941 3693 κᾶν
2973 3641 3083 3710 πῦρ
3119 3637 3329 3706 ἀπειλῇ,
3371 3635 3472 3687 κᾶν
3505 3632 3650 3698 ξίφη,
3677 3628 3784 3678 κᾶν

2219 3746 2410 3816 θῆρας,
2466 3739 2565 3794 κᾶν
2619 3735 2914 3808 κρημνοὺς,
2947 3730 3048 3784 κᾶν
3095 3729 3360 3798 βάραορα,
3413 3724 3514 3776 κᾶν
3566 3721 3784 3772 πάντων

2219 3838 2438 3907 γένηται
2463 3833 2568 3886 τῶν
2594 3829 2807 3883 πώποτε
2845 3830 3114 3896 μανέντων
3137 3813 3643 3885 ἀπανθρωπότατος,
3681 3806 3786 3860 κᾶν

2220 3933 2339 3992 ταῖς
2369 3927 2554 3988 οὔσαις
2575 3922 2862 3994 τιμωρίαις
2888 3915 3223 3988 προσεξεύρῃ
3248 3903 3653 3979 χαλεπωτέρας.
3678 3899 3787 3954 Nec

2223 4038 2339 4076 vero
2392 4029 2662 4071 externum
2696 4012 2880 4063 bellum
2915 4019 3106 4065 maluo,
3153 4020 3242 4055 nec
3288 3998 3644 4070 (crumillam,
3671 4007 3787 4061 quae

2224 4127 2358 4167 nunc
2393 4110 2640 4160 adversus
2664 4101 2904 4153 ecclesias
2931 4099 3175 4164 impetum
3207 4092 3360 4158 fecit,
3387 4089 3588 4141 etiamsi
3616 4085 3792 4152 ignem

2223 4205 2469 4261 minetur,
2506 4194 2710 4250 etiamsi
2745 4191 2965 4261 gladios,
2997 4185 3199 4238 etiamsi
3225 4183 3382 4250 feras,
3411 4177 3613 4230 etiamsi
3653 4189 3790 4241 pra?-

2225 4293 2402 4363 cipilia
2429 4300 2474 4343 et
2499 4287 2784 4353 voragines,
2810 4278 3014 4334 etiamsi
3043 4274 3292 4334 omnium,
3328 4271 3413 4332 qui
3456 4281 3680 4336 unquam
3701 4264 3792 4332 fu-

2228 4402 2345 4440 rore
2373 4380 2658 4451 prcrcipites
2694 4374 2797 4428 acti
2830 4380 2979 4434 sunt,
3016 4363 3404 4421 crudelissimus
3441 4358 3555 4427 ﬁat,
3586 4355 3792 4409 etiamsi

2223 4479 2336 4548 jam
2366 4473 2582 4528 inventis
2614 4466 2878 4536 suppliciis
2907 4460 3172 4516 acerbiora
3203 4455 3311 4507 alia
3348 4451 3790 4506 comminiscatur.

2159 4542 2203 4596 Β
2236 4571 2312 4626 Ex
2343 4571 2425 4623 his
2455 4581 2557 4619 non
2591 4565 2819 4616 obscure
2848 4554 3146 4624 colligimus
3173 4545 3482 4616 Gregorium
3517 4543 3628 4596 haec
3654 4537 3793 4592 seri-

2237 4661 2405 4730 psisse
2440 4668 2576 4706 anno
2601 4650 2723 4711 562.
2754 4662 2815 4701 ac
2836 4644 3056 4716 proinde
3094 4638 3395 4693 ordinatum
3421 4633 3583 4687 fuisse
3613 4630 3697 4682 die
3721 4625 3794 4680 9.5

2239 4720 2544 4812 l)ecembris
2566 4747 2806 4818 proxime
2832 4741 3018 4810 elapsi.
3048 4736 3276 4790 Exhibet
3308 4731 3448 4785 enim
3488 4726 3639 4782 nobis
3673 4720 3793 4775 aui-

2239 4863 2382 4902 mum
2414 4859 2516 4898 non
2546 4852 2650 4895 tam
2676 4850 2904 4908 pugnam
2928 4839 3228 4898 expertum,
3264 4837 3422 4893 quam
3453 4824 3693 4888 paratum
3727 4812 3796 4866 ad

2238 4936 2610 5010 pugnandum;
2648 4945 2714 4983 ex
2757 4941 2860 4998 quo
2904 4920 3028 4977 illud
3061 4917 3335 4986 sequitur,
3365 4912 3593 4966 nomium
3626 4903 3804 4958 Julia-

2236 5046 2361 5084 nnm
2403 5027 2453 5079 in
2479 5018 2862 5090 Cappadociam
2886 5012 3114 5066 venisse.
3137 5007 3417 5063 Praeterea,
3440 5001 3482 5052 si
3511 5000 3623 5051 haec
3657 4996 3796 5049 scri-

2236 5121 2429 5192 psisset
2456 5113 2745 5182 Gregorius
2765 5118 2882 5178 post
2911 5103 3114 5158 Pascha
3137 5099 3257 5153 anni
3281 5095 3404 5158 365,
3425 5107 3530 5160 quo
3560 5100 3798 5156 tempore

2241 5225 2347 5266 tam
2381 5207 2542 5261 multa
2602 5204 2884 5258 exstabant
2931 5195 3126 5250 Juliani
3159 5187 3485 5244 crudelitatis
3533 5181 3797 5246 exempla,

2242 5321 2345 5359 non
2396 5302 2506 5370 jam
2538 5297 2838 5366 suspicatus
2885 5298 3029 5344 esset
3069 5287 3193 5357 quid
3237 5284 3470 5335 facturus
3494 5283 3634 5328 esset
3671 5288 3800 5339 apo-

2242 5408 2405 5461 stata,
2433 5393 2526 5448 sed
2555 5391 2671 5458 ejus
2715 5389 2850 5440 facta
2886 5382 3196 5437 iudicasset,
3225 5385 3450 5442 eumque
3478 5383 3581 5421 non
3616 5380 3803 5431 exspe-

2249 5490 2506 5550 ctatione,
2545 5494 2602 5536 ut
2632 5485 2684 5535 in
2734 5474 3038 5534 testimonio
3068 5471 3247 5534 allato,
3286 5467 3377 5520 sed
3408 5481 3462 5517 re
3497 5457 3802 5514 crudelissi-

2254 5598 2397 5638 mum
2417 5579 2728 5646 judicasset.
2762 5570 2978 5624 Videtur
3010 5578 3136 5634 ergo
3161 5564 3272 5618 haec
3299 5555 3574 5624 scripsisse
3603 5549 3802 5615 Grego-

2334 5762 2403 5829 (ε)
2443 5757 2529 5829 Qr.
2565 5755 2649 5808 ιι.

2330 5825 2405 5899 (d)
2447 5827 2574 5882 Νη.
2610 5841 2687 5880 or.
2721 5825 2764 5878 i.
