4006 6468
1604 374 1765 430 VITA
1804 376 1860 432 S.
1900 376 2165 435 BASlLll.

3316 404 3485 446 IIXHI

252 493 386 554 rius,
422 500 709 559 antequam
737 487 997 552 Julianus,
1034 487 1123 554 qui
1155 487 1612 557 Constantinopoli
1644 488 1823 558 profe-
1851 499 1897 555 Α
1925 491 2155 547 Basilius
2190 506 2316 547 vero
2362 494 2611 549 maximis
2643 494 2891 552 laudibus
2941 496 3145 553 efferat.
3180 499 3285 555 Sed
3314 504 3488 556 minus

249 593 371 635 ctus
411 592 495 636 est
530 596 712 636 mense
762 580 898 634 Maio
923 580 1044 634 anni
1081 578 1205 644 562,
1246 580 1296 633 in
1330 578 1654 649 regionibus.
1689 596 1824 649 quas

253 674 600 728 Antiochiam
633 683 815 742 petens
841 672 1163 742 peragravit,
1193 671 1456 729 horrenda
1489 671 1822 726 crudelitatis

254 774 607 819 monumenta
658 763 977 833 reliquisset,
1022 763 1213 833 quibus
1241 772 1422 832 postea
1469 762 1734 817 cumulum
1768 763 1822 817 in

255 856 482 911 Oriente
516 857 783 925 imposuit.

325 946 421 1002 ΙΙΙ.
471 945 586 1000 Νοη
627 946 795 999 multo
848 954 965 1015 post
1015 944 1253 1014 Gregorii
1310 942 1822 1010 reditum,B.tsilius

257 1039 558 1092 Caesaream
599 1039 763 1100 venit,
818 1037 984 1090 Dianii
1024 1036 1367 1091 Caesariensis
1428 1037 1709 1089 accersitu.
1772 1035 1821 1091 Is

254 1130 403 1182 enim
441 1144 560 1183 cum
606 1130 656 1181 in
711 1143 921 1199 gravem
973 1127 1215 1180 morbum
1263 1126 1553 1190 incidisset,
1605 1141 1669 1180 ex
1713 1142 1819 1196 quo

251 1220 419 1273 etiam
448 1233 477 1272 e
509 1219 614 1272 vita
651 1219 912 1282 discessit,
942 1232 1063 1271 cum
1113 1216 1329 1281 Basilio,
1354 1231 1511 1285 quem
1537 1232 1566 1271 a
1591 1233 1649 1272 se
1688 1219 1817 1273 sub-

253 1311 500 1365 scribens
555 1310 792 1364 l‘ormulte
844 1307 1300 1379 Constantinopoli
1344 1308 1518 1364 allatae
1558 1310 1819 1364 alienave-

256 1411 365 1464 rat,
385 1404 673 1457 amicitiam
707 1412 762 1455 et
783 1404 1213 1457 communionem
1241 1402 1603 1471 redintegrare
1629 1404 1813 1468 voluit,

254 1504 544 1562 antequam
606 1502 925 1548 moreretur.
978 1493 1159 1563 itaque
1212 1496 1470 1547 accersito
1505 1492 1699 1549 Basilio
1736 1496 1815 1549 di-

253 1585 335 1638 xit
373 1585 446 1654 (a)
485 1583 751 1638 :Domino
818 1594 963 1650 teste,
1008 1602 1061 1639 se
1124 1586 1313 1651 scripto
1364 1583 1812 1654 Constantinopoli

257 1676 425 1729 allata
460 1676 511 1728 in
546 1676 880 1743 simplicitate
902 1678 1072 1731 cordis
1105 1676 1405 1742 assensisse,
1451 1679 1541 1731 sed
1583 1676 1713 1730 nihil
1742 1677 1809 1729 ad

252 1767 377 1834 ﬁdei
409 1766 641 1821 Nicena:
671 1786 701 1821 a
730 1772 924 1823 sanctis
956 1768 1204 1821 Patribus
1233 1769 1477 1836 expositae
1502 1768 1810 1822 eversionem

252 1860 352 1912 sibi
384 1864 735 1929 proposuisse,
762 1878 919 1930 neque
965 1860 1107 1912 aliud
1134 1861 1188 1913 in
1215 1861 1371 1914 corde
1409 1859 1619 1921 habere,
1655 1876 1811 1928 quam

249 1953 389 2018 quod
403 1954 465 2003 ab
483 1954 631 2005 initio
661 1954 911 2005 traditum
932 1966 1263 2020 acceperat...
1294 1953 1395 2004 imo
1428 1952 1582 2004 etiam
1607 1953 1813 2017 precari

251 2064 308 2100 88
347 2060 399 2100 ut
424 2065 486 2101 ne
522 2059 840 2117 separetura
869 2057 1002 2101 sorte
1032 2056 1373 2100 trecentorum
1408 2047 1581 2100 decem
1618 2058 1663 2101 ει
1700 2061 1813 2101 0610

249 2142 629 2209 episcoporum,
659 2140 748 2208 qui
777 2138 915 2205 piam
944 2138 1089 2190 illam
1113 2138 1404 2191 doctrinam
1453 2138 1565 2192 orbi
1605 2156 1812 2192 anuun~

252 2232 476 2285 tiarunt.
504 2231 596 2285 llis
628 2231 824 2283 auditis
859 2229 1107 2295 Basilius,
1143 2232 1392 2300 scrupulo
1435 2233 1577 2285 omni
1607 2232 1810 2296 evulso,

252 2326 313 2375 ad
349 2322 777 2376 communionem
814 2323 985 2376 Dianii
1013 2326 1260 2379 accessit.

318 2414 524 2481 Magnis
553 2412 796 2469 laudibus
829 2416 969 2469 hunc
1015 2418 1318 2485 episcopum
1372 2412 1523 2468 eﬂ'ert
1543 2413 1808 2479 Basilius;

250 2516 301 2560 et
335 2522 456 2559 eum
489 2521 609 2561 eum
642 2508 1123 2562 anathematizasse
1151 2509 1452 2571 diceretur,
1495 2506 1547 2560 id
1583 2523 1611 2560 a
1643 2522 1701 2562 se
1730 2509 1811 2561 in-

248 2610 359 2650 star
381 2600 558 2669 magni
586 2600 827 2653 criminis
853 2603 1144 2652 detestatus
1168 2608 1266 2653 est.
1288 2598 1533 2654 Declarat
1557 2600 1627 2671 (b)
1659 2615 1716 2653 se
1746 2602 1810 2652 ab

248 2692 456 2744 ineunte
504 2698 660 2745 wtate
708 2692 981 2744 educatum
1017 2690 1183 2757 fuisse
1227 2692 1283 2745 in
1322 2691 1462 2747 illius
1513 2709 1688 2747 amore
1713 2710 1731 2757 ,'
1762 2704 1809 2747 et

245 2779 497 2833 intuendo
531 2782 889 2835 considerasse
916 2796 1070 2849 quam
1102 2793 1233 2837 esset
1263 2783 1352 2838 ille
1386 2786 1463 2840 t-ir
1490 2796 1699 2854 aspectu
1726 2801 1812 2839 ve-

247 2873 513 2938 nerabilis,
550 2882 745 2943 quanta
774 2873 1048 2941 majestate
1068 2877 1342 2941 praeditus,
1370 2886 1619 2945 quantum
1638 2878 1811 2947 digni-

246 2964 366 3016 tatis
419 2963 759 3018 sacerdotalis
812 2980 901 3018 ore
949 2967 1251 3037 prteferens.
1308 2968 1594 3037 Postquam
1629 2978 1807 3023 autern

241 3055 453 3109 virilem
486 3065 694 3120 aetatem
730 3056 954 3127 adeptus
982 3070 1083 3126 est,
1119 3070 1226 3114 tum
1262 3075 1389 3114 vero
1418 3061 1564 3113 illum
1598 3076 1662 3113 ea:
1686 3061 1805 3113 ani-

1925 586 2201 638 comtnoda
2240 584 2447 639 videtur
2489 586 2605 639 haec
2640 584 2796 640 famas
2828 588 2996 641 Dianii
3029 588 3373 646 defendenda:
3403 609 3485 645 ra-

1927 673 2020 728 tio.
2052 674 2278 729 Etiamsi
2320 676 2464 729 enim
2500 676 2768 747 Theognis
2821 678 2874 732 in
2930 677 3053 733 Julii
3085 681 3333 749 epistola,
3380 700 3485 737 non

1925 767 2143 821 Dianius
2168 767 2436 836 legeretur
2454 770 2615 839 (quod
2638 779 2812 824 tamen
2845 770 2960 826 ﬁeri
2986 773 3182 828 debere
3215 785 3370 845 negat
3396 777 3489 830 do-

1924 859 2197 914 ctissimus
2230 861 2404 915 editor
2440 862 2733 916 litterarum
2762 862 3118 919 Romanorum
3154 868 3485 936 pontificum,

1923 951 2048 1019 quia
2102 950 2368 1020 Theognis
2405 951 2653 1009 Nicaenus
2702 956 2752 1009 in
2806 957 2988 1009 eadem
3018 958 3239 1025 epistola
3273 961 3488 1029 proprio

1922 1044 2138 1099 nomine
2181 1045 2496 1116 appellatur)
2528 1064 2543 1111 ;
2585 1062 2712 1099 ntnn
2758 1046 2954 1102 idcirco
2992 1046 3163 1103 Dianii
3196 1065 3386 1105 nomen
3420 1067 3484 1106 es

1923 1136 2207 1191 Sozomeni
2234 1136 2465 1192 Historia
2500 1139 2570 1208 (ε)
2609 1139 2777 1193 deleri
2829 1149 3028 1209 posset,
3060 1142 3148 1210 qui
3195 1158 3315 1198 eum
3346 1143 3489 1198 inter

1918 1231 2217 1299 praecipuos
2252 1230 2461 1285 concilii
2505 1230 2821 1284 Antiocheni
2869 1232 3145 1300 episcopos
3188 1234 3488 1289 numerat?

1918 1318 2182 1375 Prazterea
2232 1322 2374 1375 aliud
2407 1323 2657 1389 probrum
2688 1337 2791 1376 non
2848 1322 3013 1377 multo
3047 1326 3221 1380 minus
3264 1327 3489 1381 inita-ret

1917 1407 2107 1464 Dianio
2137 1410 2454 1464 Ctesariensi
2498 1424 2565 1464 ex
2621 1410 2927 1467 Sardicensi
2979 1414 3239 1479 concilio,
3270 1414 3322 1469 in
3374 1430 3481 1483 quo

1914 1516 2035 1556 cum
2062 1502 2276 1556 Arianis
2301 1503 2616 1569 conjunctus
2648 1501 2746 1554 fuit
2769 1501 2879 1571 (tl),
2912 1517 3079 1570 seque
3107 1519 3229 1557 cum
3268 1505 3346 1559 eis
3376 1506 3486 1562 dis.

1907 1588 2085 1656 junxit
2113 1592 2179 1644 ah
2203 1591 2517 1645 orthodoxis
2554 1591 2839 1660 episcopis,
2871 1607 3041 1661 neque
3067 1607 3254 1648 exsors
3278 1595 3484 1651 videtur

1912 1680 2077 1735 fuisse
2101 1698 2285 1736 eorum
2316 1684 2534 1737 nefaria:
2560 1683 2610 1736 in
2639 1681 2834 1735 iulium
2864 1698 3075 1753 papam,
3099 1687 3477 1751 Athanasium,

1917 1774 2124 1838 Osium,
2184 1775 2533 1829 Maximinum
2598 1774 2969 1830 Trevirensem
3021 1778 3291 1843 audaciae,
3342 1792 3477 1848 quos

1847 1848 1889 1904 Β
1916 1866 2369 1919 anathematizare
2414 1882 2517 1920 non
2571 1866 2899 1921 dubitarunt.
2944 1866 3165 1922 Frustra
3213 1883 3341 1939 ergo
3379 1885 3484 1925 .es-

1915 1968 2180 2029 pungatur
2228 1958 2398 2011 Dianii
2443 1973 2636 2012 nomen
2682 1973 2747 2013 ex
2798 1959 3022 2028 epistola
3057 1959 3182 2015 Julii
3230 1976 3397 2031 papae,
3428 1963 3479 2017 in

1915 2063 2016 2118 qua
2054 2060 2230 2102 tamen
2270 2049 2475 2117 primus
2504 2050 2572 2102 ob
2622 2049 2765 2103 sedis
2797 2050 3113 2115 dignitatem
3157 2051 3364 2105 videtur
3394 2066 3481 2106 re-

1916 2140 2145 2205 censeri,
2178 2140 2316 2208 quod
2348 2139 2543 2204 primas
2570 2140 2706 2195 inter
2738 2139 2955 2196 haeresis
2976 2140 3283 2198 defensores
3332 2155 3481 2199 tene-

1914 2241 2012 2284 ret.

1985 2321 2089 2376 Sed
2122 2336 2217 2375 cur
2246 2322 2386 2377 hunc
2418 2324 2712 2390 hominem,
2736 2324 2886 2396 cujus
2919 2324 3070 2380 fama:
3094 2324 3352 2395 ejusmodi
3376 2344 3483 2383 ma-

1913 2413 2027 2469 cula
2052 2414 2336 2481 insidebat,
2372 2424 2448 2468 tot
2481 2416 2727 2472 laudibus
2776 2419 2964 2473 extulit
3017 2419 3243 2475 Basilius
3279 2419 3302 2474 i
3332 2420 3481 2475 illum

1913 2520 2041 2561 sane
2057 2504 2305 2571 Basilius,
2318 2506 2361 2559 si
2386 2516 2529 2560 recte
2553 2508 2899 2573 attendimus,
2917 2524 3020 2563 non
3038 2511 3153 2564 sive
3173 2512 3484 2583 exceptione

1913 2598 2112 2655 laudat.
2138 2598 2250 2653 Non
2266 2599 2406 2652 enim
2425 2600 2472 2652 ei
2498 2599 2728 2653 studium
2746 2614 2887 2652 sana:
2931 2600 3205 2666 doctrinae,
3230 2618 3333 2657 non
3357 2619 3483 2658 con-

1914 2692 2163 2746 stantiam
2202 2692 2251 2745 in
2272 2692 2519 2761 periculis
2537 2707 2632 2761 pro
2658 2694 2757 2746 lide
2780 2693 3037 2747 obeundis
3065 2694 3306 2748 attribuit
3330 2715 3341 2749 ε
3363 2710 3483 2763 quas

1916 2790 2091 2835 tamen
2122 2781 2387 2851 praecipue
2423 2782 2626 2835 laudari
2659 2783 2740 2837 his
2773 2785 3101 2853 temporibus
3149 2784 3201 2837 in
3233 2785 3483 2853 episcopo

1915 2879 2077 2924 tantae
2099 2872 2243 2925 sedis
2273 2872 2600 2925 debuissent.
2620 2872 2944 2937 Quinetiam,
2961 2882 3017 2925 ut
3033 2885 3090 2925 se
3110 2871 3177 2924 ab
3193 2872 3307 2942 ejus
3328 2888 3479 2927 com-

1910 2963 2163 3015 munione
2188 2972 2509 3027 removeret,
2535 2964 2670 3017 forte
2704 2978 2805 3016 non
2836 2962 3005 3017 solum
3036 2963 3480 3018 novissitnoillius

1912 3054 2079 3119 facto,
2105 3056 2199 3111 sed
2228 3056 2394 3111 etiam
2430 3056 2796 3125 superioribus
2820 3058 2982 3127 gestis
3018 3061 3176 3111 rebus
3220 3058 3481 3111 adductus

242 3162 341 3200 mre
367 3148 513 3198 bonis
543 3148 770 3213 novisse,
800 3150 1043 3221 illiusque
1081 3152 1393 3206 delectatum
1414 3152 1802 3218 consuetudine,
1833 3186 1875 3245 ϐ
1912 3146 2032 3203 fuit.
2060 3146 2174 3202 Non
2214 3149 2357 3203 enim
2382 3148 2558 3211 video,
2593 3163 2687 3201 cur
2708 3146 2952 3218 Gregorii
2980 3146 3233 3202 Nazianzi
3269 3149 3479 3217 cpisco-

242 3235 631 3303 simplicitatem
651 3252 697 3295 et
725 3243 1093 3312 ingenuitatem
1119 3259 1179 3295 ac
1206 3241 1572 3296 liberalitatem
1599 3259 1801 3297 morum

240 3332 578 3397 perspexisse,
614 3343 661 3387 et
684 3349 1002 3402 quwcunque
1041 3334 1147 3385 alia
1179 3335 1389 3402 prapria
1422 3344 1568 3387 erant
1603 3336 1697 3388 viri
1726 3352 1805 3388 or-

242 3432 510 3489 namenta,
535 3425 697 3476 animi
728 3424 1093 3490 mansuetudo,
1123 3426 1528 3493 magnanimitas
1572 3426 1729 3477 simul
1755 3434 1801 3477 et

240 3513 465 3578 bonitas,
498 3515 671 3568 decori
691 3517 947 3580 studium,
975 3518 1180 3570 animus
1205 3518 1297 3570 ira:
1335 3532 1535 3583 expers,
1565 3517 1800 3568 hilaritas

238 3618 287 3659 et
326 3608 615 3673 affabilitas
673 3608 928 3677 gravitate
968 3609 1235 3674 permista.
1271 3607 1444 3670 Quare
1469 3606 1633 3671 ipsum
1667 3606 1802 3657 inter

238 3698 469 3749 homines
504 3701 687 3749 virtute
710 3700 1112 3762 spectatissimos
1142 3695 1472 3751 numerabat.
1496 3696 1656 3751 Addit
1679 3713 1800 3752 eum

238 3802 334 3856 pro
358 3800 453 3839 sua
495 3801 703 3839 morum
742 3788 959 3843 lenitate
991 3798 1045 3843 et
1092 3789 1498 3845 mansuetudine
1554 3791 1802 3846 omnibus

237 3889 460 3948 paterno
492 3887 705 3947 pectore
742 3879 1053 3935 satisfacere
1080 3881 1272 3937 solere.

310 3970 528 4025 Diﬂicile
554 3972 724 4041 prima
756 3974 932 4041 specie
970 3974 1176 4027 videtur
1206 3975 1305 4027 has
1336 3974 1520 4029 laudes
1549 3974 1800 4029 concilia-

236 4076 297 4116 re
338 4078 460 4117 cum
509 4064 766 4129 maculis,
800 4079 935 4132 quas
976 4065 1175 4118 numini
1212 4064 1383 4117 Dianii
1430 4066 1665 4119 historiae
1690 4083 1801 4122 rno-

235 4164 493 4206 numenta
527 4156 763 4207 inurunt.
802 4154 850 4207 ls
894 4155 1034 4206 enim
1070 4156 1121 4207 in
1158 4157 1283 4210 sede
1316 4157 1456 4211 inter
1497 4159 1627 4213 alias
1663 4161 1801 4215 emi-

234 4242 386 4297 nenti
416 4242 703 4297 collocatus
725 4284 739 4308 ,
770 4260 831 4299 ac
867 4260 1185 4315 magnorum
1218 4246 1336 4303 fidei
1365 4248 1590 4305 Nicaeum
1622 4251 1801 4307 defen-

233 4350 419 4390 eorum
447 4348 748 4402 successor,
773 4337 1084 4406 conjunctus
1131 4354 1252 4394 cum
1283 4341 1501 4395 Arianis
1538 4345 1800 4411 reperitur

236 4426 290 4479 in
321 4424 550 4481 concilio
582 4427 918 4484 Antiocheno
945 4433 1068 4485 anni
1104 4432 1200 4485 5“
1227 4472 1242 4497 ,
1286 4432 1337 4487 in
1367 4448 1473 4503 quo
1496 4443 1600 4485 tam
1634 4434 1797 4487 multa

1909 3243 1982 3310 pi,
2014 3243 2107 3311 qui
2142 3240 2385 3295 formula:
2409 3258 2511 3295 non
2545 3242 2854 3298 orthodoxae
2877 3242 3213 3310 subscripsit,
3238 3256 3479 3295 commu-

1908 3332 2054 3385 nioni
2088 3346 2302 3400 semper
2347 3332 2533 3385 aliixus
2567 3332 2749 3393 fuerit,
2800 3332 2989 3385 Dianio
3021 3343 3199 3387 autem
3221 3374 3236 3399 ,
3268 3332 3353 3387 cui
3401 3342 3479 3387 tot

1907 3423 2215 3476 nominibus
2244 3422 2538 3476 obstrictus
2578 3432 2717 3487 erat,
2748 3437 2853 3477 non
2894 3423 3135 3479 eamdem
3170 3424 3475 3480 exhibuerit

1905 3512 2068 3565 animi
2121 3513 2575 3577 moderationem;
2622 3514 2723 3567 nisi
2777 3515 2899 3583 quia
2956 3515 3293 3583 perspicuum
3356 3526 3474 3571 erat

1906 3600 2149 3673 Gregorii
2185 3614 2412 3657 mentem
2447 3605 2664 3659 illaesam
2708 3620 2771 3660 ac
2813 3613 3132 3675 atramento,
3159 3619 3215 3663 ut
3250 3609 3326 3663 ait
3361 3608 3477 3678 ejus

1906 3697 2156 3765 lilius(e),
2187 3696 2402 3750 minime
2440 3696 2689 3751 infectam
2720 3696 2906 3762 fuisse,
2941 3698 3159 3753 Dianius
3203 3711 3330 3752 vero
3367 3716 3471 3755 non

1904 3787 1979 3840 ita
2018 3801 2137 3839 sese
2182 3788 2439 3840 hactenus
2484 3795 2787 3855 paraverat,
2824 3795 2882 3839 ut
2916 3800 3038 3841 eum
3090 3788 3324 3855 suspicio
3366 3804 3471 3848 non

1902 3874 2205 3941 attingeret.

1973 3963 2077 4019 Sed
2103 3966 2149 4019 si
2178 3965 2395 4019 Dianius
2428 3966 2747 4022 Arianorum
2779 3967 3094 4023 fermentum
3124 3984 3227 4021 non
3253 3968 3469 4040 effugit,

1902 4068 2006 4109 non
2057 4064 2235 4110 tamen
2274 4071 2460 4110 eorum
2507 4073 2744 4112 errorem
2790 4057 2969 4112 animo
3024 4059 3325 4129 suscepisse
3355 4076 3472 4115 ere-

1901 4147 2106 4202 dendus
2143 4157 2246 4208 eat,
2272 4156 2327 4201 et
2371 4163 2399 4202 a
2435 4146 2630 4202 Basilio
2676 4148 2880 4203 laudari
2911 4164 3015 4205 non
3044 4150 3465 4205 debuisse.Con-

1902 4250 2007 4293 stat
2034 4241 2173 4294 enim
2205 4241 2456 4305 Arianos,
2491 4241 2723 4307 quandiu
2766 4241 2820 4295 in
2853 4242 2967 4298 solo
3016 4241 3468 4299 Consnbstantiali

1902 4332 2255 4401 Oppugnando
2291 4334 2493 4386 haerere
2538 4331 2882 4397 videbantur,
2923 4349 2985 4388 ac
3041 4335 3264 4391 haeresis
3309 4352 3469 4391 vene-

1902 4435 2027 4475 ntun
2078 4422 2410 4489 premebant,
2447 4422 2684 4492 pluribus
2729 4423 3041 4480 orthodoxis
3072 4426 3335 4495 episcopis
3384 4428 3468 4480 fu-

236 4517 397 4585 impie
424 4529 477 4573 et
506 4516 706 4571 nefarie
744 4532 890 4586 gesta
925 4534 1049 4576 sunt
1082 4541 1093 4576 :
1129 4522 1349 4592 ejusque
1381 4539 1571 4578 nomen
1601 4540 1628 4576 a
1660 4524 1800 4579 Julio

1908 4526 2022 4564 cum
2062 4512 2276 4577 fecisse,
2297 4514 2386 4583 qui
2414 4517 2607 4585 partim
2639 4517 2787 4585 pacis
2810 4514 3019 4585 decepti
3045 4518 3243 4581 studio,
3270 4520 3462 4584 partim

235 4622 367 4678 papa
404 4611 577 4676 primo
612 4611 725 4665 loco
756 4624 1059 4668 recensetur
1081 4616 1219 4669 inter
1243 4615 1518 4684 episcopos
1546 4615 1800 4669 Eusebia-

234 4715 422 4754 narutn
470 4704 722 4769 partium.
772 4701 828 4754 in
874 4706 1231 4769 annotatione,
1264 4719 1381 4776 qua:
1409 4705 1473 4757 ad
1502 4704 1642 4760 hunc
1677 4703 1800 4759 Julii

234 4790 470 4860 epistola:
485 4793 654 4847 locum
675 4795 909 4864 apposita
923 4806 1003 4847 εει
1016 4798 1152 4862 apud
1169 4812 1225 4850 sa
1235 4805 1409 4850 nctum
1423 4794 1794 4863 Athanasium,

235 4886 485 4938 observat
503 4887 742 4940 eruditus
764 4888 935 4941 editor
961 4885 1200 4941 Dianium
1225 4890 1336 4943 sive
1365 4887 1613 4952 Danium,
1638 4905 1796 4958 quem

233 4972 401 5028 Julius
424 4974 595 5044 primo
625 4973 739 5026 loco
766 4985 1025 5039 recenset.
1058 4992 1161 5030 non
1200 4994 1317 5034 esse
1343 4980 1651 5049 episcopum
1679 4980 1793 5034 Cae-

234 5065 552 5132 sariensem,
569 5063 660 5119 sed
684 5069 926 5121 eumdem
954 5068 1045 5137 qui
1078 5069 1267 5134 passim
1289 5071 1426 5136 apud
1446 5068 1791 5122 Athanasium

232 5152 495 5219 Διόγνιος,
524 5156 831 5222 quandoque
865 5158 1004 5222 apud
1052 5154 1311 5209 Hilarium
1356 5158 1790 5227 l)iognius,com—

232 5246 440 5296 munius
466 5247 607 5312 apud
638 5257 907 5310 utrumque
927 5248 1173 5315 Θεόγνιῡς
1204 5258 1251 5299 et
1284 5247 1533 5317 Theognis
1561 5259 1791 5312 vocatur,

231 5334 282 5386 id
305 5343 388 5389 est
428 5332 791 5405 Theognidem
819 5336 1109 5392 Nicrenum.
1138 5336 1307 5405 llujus
1336 5340 1660 5407 conjectura:
1685 5339 1796 5392 haec

231 5425 449 5481 ali‘ertur
473 5428 632 5490 ratio,
669 5429 809 5497 quod
839 5427 1083 5484 Dianium
1116 5430 1498 5485 Cresariensem
1536 5443 1794 5497 nusquam

231 5509 556 5572 Athanasiits
608 5519 750 5575 inter
781 5519 1010 5574 Arianos
1048 5522 1129 5576 vel
1162 5520 1489 5578 Eusebianos
1528 5530 1794 5583 numeret,

297 5662 370 5724 (α)
415 5659 509 5724 bp.
543 5658 630 5719 5t,
663 5674 715 5710 n.
759 5658 812 5714 2.

295 5723 367 5792 (b)
404 5726 538 5780 Ibid.
582 5744 637 5781 n.
662 5730 712 5779 l.

294 5800 363 5865 tr)
404 5797 463 5851 L.
499 5811 576 5863 stt,
621 5811 673 5852 c.
712 5797 774 5866 5..

1908 4616 2000 4670 spe
2034 4613 2125 4657 aut
2150 4615 2293 4659 metu
2320 4608 2588 4673 conducti,
2613 4621 2798 4661 eorum
2830 4606 3123 4662 intererant
3147 4609 3385 4664 conciliis
3412 4620 3466 4664 et

1905 4690 2147 4749 formulis
2174 4696 2595 4769 subscribebant.
2626 4696 2693 4749 At
2718 4704 2993 4767 postquam
3018 4699 3200 4754 Ariani
3223 4714 3287 4754 ex
3315 4699 3465 4754 dissic

1906 4787 2212 4843 mulationis
2262 4790 2480 4843 latebris
2512 4788 2563 4841 in
2599 4800 2838 4858 apertam
2878 4792 3201 4858 impietatem
3251 4794 3462 4859 prodieo

1904 4889 2045 4944 runt,
2083 4890 2192 4932 tum
2226 4894 2351 4934 vero
2384 4878 2595 4947 plurimi
2633 4882 2700 4936 ab
2731 4898 2912 4937 eorum
2948 4882 3323 4938 communione
3352 4885 3462 4939 dis-

1902 4983 2134 5033 cessere,
2165 4983 2457 5040 eorumque
2496 4972 2754 5041 impietati
2808 4972 3001 5026 bellum
3034 4974 3290 5039 indixere,
3325 4989 3461 5042 qua-

1898 5058 1975 5113 les
2010 5060 2062 5113 in
2108 5059 2339 5114 concilio
2392 5059 2719 5114 Seleuciensi
2762 5060 2992 5129 quinque
3037 5073 3195 5128 supra
3245 5071 3458 5113 centum

1900 5151 2163 5206 numerati
2200 5162 2342 5206 sunt.
2374 5151 2593 5205 Videtur
2636 5166 2701 5205 ex
2758 5150 3016 5220 ejusmodi
3064 5149 3333 5205 hominum
3362 5166 3458 5202 nn-

1895 5257 2043 5295 mero
2081 5239 2246 5295 fuisse
2309 5240 2551 5295 Dianius.
2602 5240 2759 5295 Lenis
2810 5240 2951 5295 illius
3003 5238 3237 5303 indoles,
3285 5238 3456 5305 qualis

1894 5347 1922 5385 a
1960 5333 2151 5388 Basilio
2185 5333 2596 5402 depingitur,‘ut
2632 5332 2849 5387 omnino
2874 5333 3057 5388 idonea
3084 5348 3187 5385 non
3209 5339 3456 5397 eratqnte

1893 5424 2107 5478 Arianis
2137 5424 2350 5479 fortiter
2375 5429 2676 5488 resisteret,
2708 5425 2779 5479 ita
2814 5441 2842 5479 a
2887 5423 3242 5495 perturbanda
3270 5419 3453 5475 Eccle-

1896 5516 1985 5569 sia:
2018 5530 2127 5571 sua:
2160 5530 2291 5584 pace
2322 5525 2414 5569 aut
2459 5516 2698 5570 doctrina
2729 5516 3059 5571 immutanda
3107 5524 3219 5569 erat
3246 5510 3454 5567 alienis-

1977 5654 2054 5719 td)
2098 5648 2263 5720 Hilar.
2294 5649 2479 5720 lragnt.
2508 5650 2561 5703 2.

1976 5722 2044 5789 le)
2078 5718 2169 5772 Or.
2196 5719 2279 5773 19.
