4006 6438
565 376 728 420 XX!“

1894 371 2420 428 PROLEGOMENA.

563 498 720 536 arma.
752 482 1015 538 Nictenam
1069 486 1225 541 fidem
1257 487 1332 541 ab
1357 502 1426 543 eo
1471 489 1692 546 minime
1728 499 2036 548 attentatam
2068 496 2119 548 in
2150 500 2196 555 Α
2224 506 2371 559 cunt,
2393 510 2455 549 ac
2476 496 2739 566 episcopis
2761 498 3057 562 offerunt,a
3088 501 3279 569 quibus
3302 504 3491 570 partim
3519 506 3790 572 precibus,

564 574 800 627 Ecclesia
841 575 1151 632 Cassariensi
1200 579 1360 634 fuisse
1407 590 1668 635 testantur
1714 598 1832 651 qua:
1889 587 2118 642 moriens

561 662 759 718 Basilio
787 663 1003 728 juravit.
1048 667 1160 722 Huc
1204 671 1407 724 accedit
1461 672 1625 739 ipsius
1667 673 1848 727 Basilii
1880 678 2116 730 testimo-

561 757 707 810 nium
737 759 834 826 (a),
865 760 952 827 qui
980 761 1136 814 fidem
1165 761 1429 816 Nicasnam
1455 765 1502 816 in
1533 764 1781 834 Ecclesia}
1801 766 2115 823 Caesariensi

557 863 772 918 semper
799 850 1028 918 viguisse
1064 865 1316 908 testatur:
1339 872 1436 909 nec
1470 857 1740 924 probabile
1772 869 1852 912 est
1874 858 2114 914 Dianium

561 956 751 994 novam
773 959 959 996 ausum
996 960 1114 1000 esse
1145 946 1425 1000 formulam
1467 964 1779 1017 proponere.
1817 951 1946 1004 Erat
1974 955 2116 1007 enim

558 1032 708 1100 plebs
743 1033 1108 1099 Caesariensis,
1135 1048 1190 1089 ut
1212 1041 1285 1091 ait
1315 1037 1600 1107 Gregorius
1621 1041 1991 1098 Nazianzenus
2020 1046 2114 1114 (ὁ),

553 1123 621 1176 ob
656 1123 776 1177 fidei
819 1125 1049 1180 calorem
1107 1128 1172 1181 ad
1225 1130 1535 1183 seditionem
1597 1135 1846 1200 proclivis
1882 1152 1896 1198 ;
1932 1152 2028 1190 nec
2070 1139 2114 1190 si

553 1216 680 1277 quid
709 1217 826 1270 novi
862 1219 1130 1272 docuisset
1160 1221 1396 1279 Dianius,
1439 1223 1578 1274 illius
1605 1228 1857 1279 memoria
1889 1237 2035 1280 tanto
2061 1228 2112 1281 in

553 1309 724 1374 pretio
748 1308 956 1376 fuisset,
997 1321 1052 1363 ut
1083 1312 1261 1366 odium
1292 1313 1484 1369 Basilio
1506 1314 1824 1371 conflaturos
1858 1335 1914 1372 se
1939 1320 2116 1373 inimi-

548 1402 601 1455 ci
639 1413 938 1468 sperarent,
991 1404 1036 1458 si
1073 1403 1318 1460 Dianium
1366 1409 1434 1462 ab
1491 1423 1554 1461 eo
1608 1411 2110 1466 anathematizatum

550 1492 814 1551 dicerent.

624 1587 805 1656 Neque
844 1588 1007 1642 etiam
1033 1589 1161 1644 illud
1187 1591 1408 1645 dubium
1434 1601 1519 1644 est
1550 1594 1676 1661 quin
1709 1608 1765 1648 se
1796 1595 1862 1648 ab
1895 1596 2112 1653 Arianis

549 1682 896 1750 disiunxerit,
937 1683 1023 1736 tibi
1065 1697 1252 1738 eorum
1306 1691 1488 1751 aperte
1538 1685 1715 1752 erupit
1765 1685 2031 1754 impietas,
2058 1698 2112 1742 et

549 1785 670 1824 cum
702 1771 1006 1825 fortissimis
1050 1773 1169 1825 fidei
1211 1770 1581 1828 defensoribus
1629 1773 2001 1841 conjunxerit;
2034 1779 2110 1830 si-

2221 590 2412 656 partim
2451 590 2500 641 vi
2531 599 2584 643 et
2606 589 2957 644 immoderato
2981 602 3034 646 et
3073 593 3413 648 tumultuario
3441 597 3638 664 impetu
3671 613 3791 650 con-

2220 680 2464 740 tendunt.
2497 689 2553 732 ut
2599 680 2884 734 Eusebium
2927 685 3196 750 baptizent
3226 697 3278 739 et
3315 688 3620 755 episcopum
3670 703 3793 757 pro-

2218 773 2468 825 clament.
2502 771 2683 826 Coacti
2721 774 2792 825 illi
2831 773 3112 826 Eusebium
3157 776 3451 845 baptizant,
3475 779 3782 845 cpisc0pum

2220 863 2548 924 renuntiant,
2592 864 2645 915 in
2695 870 2886 918 throno
2925 867 3209 930 collocmit,
3253 869 3346 921 sed
3392 883 3553 920 manu
3609 872 3788 936 potius

2217 966 2374 1017 quam
2425 951 2587 1004 animi
2638 955 2933 1016 sententia,
2971 963 3026 1006 ut
3081 965 3260 1021 postea
3301 956 3630 1007 declaratum
3679 966 3781 1008 est.

2220 1038 2410 1093 Statim
2453 1042 2594 1093 enim
2627 1051 2786 1109 atque
2817 1044 2881 1096 ab
2916 1045 3218 1111 importuna
3260 1045 3595 1100 multitudine
3628 1045 3785 1099 liberi

2217 1137 2271 1180 et
2302 1127 2398 1182 soli
2439 1129 2605 1196 fuere,
2655 1130 2933 1184 consilium
2979 1133 3116 1185 inter
3149 1146 3208 1186 se
3253 1132 3516 1195 inierunt,
3561 1144 3619 1186 ut
3653 1131 3785 1185 nihil

2217 1232 2400 1274 eorum
2441 1237 2558 1290 qua:
2603 1232 2751 1292 gesta
2788 1223 3020 1289 fuerant,
3051 1237 3224 1278 ratum
3273 1240 3336 1278 ac
3375 1224 3586 1279 firmum
3615 1226 3780 1280 duce-

2219 1321 2366 1376 rent;
2404 1313 2508 1364 vim
2538 1314 2584 1366 ei
2630 1314 2962 1382 objicientes,
2989 1318 3077 1383 qui
3109 1331 3214 1370 non
3273 1317 3448 1370 minus
3488 1332 3647 1384 quam
3677 1317 3781 1386 ipsi

2216 1403 2320 1455 vim
2351 1417 2538 1470 passus
2571 1405 2761 1458 fuerat.
2809 1404 3066 1461 Dissensit
3107 1408 3228 1460 huic.
3272 1407 3495 1461 consilio
3522 1406 3780 1463 Nazianzi

2215 1493 2516 1561 cpiscopus,
2540 1510 2602 1550 ac
2642 1495 3035 1550 ordinationem
3069 1495 3279 1552 Eusebii
3313 1513 3416 1552 non
3459 1498 3635 1552 minus
3669 1498 3781 1554 for-

2214 1583 2339 1635 titer
2365 1582 2617 1649 defendit,
2656 1601 2816 1655 quam
2865 1588 2910 1642 si
2947 1588 3112 1640 libere
3163 1588 3300 1641 facta
3334 1597 3498 1645 esset.
3546 1588 3776 1643 Demon-

2213 1674 2402 1727 stravit
2428 1674 2645 1745 collegis
2690 1679 2797 1732 vim
2854 1677 2954 1731 sibi
2998 1691 3117 1730 cum
3171 1677 3397 1732 Eusebio
3436 1694 3776 1734 communem

2215 1769 2419 1823 fuisse:
2460 1769 2636 1836 itaque
2669 1779 2759 1822 aut
2797 1770 3154 1823 accusandum
3193 1782 3312 1821 eum
3356 1785 3458 1823 non
3508 1787 3646 1838 esse,
3684 1783 3778 1826 aut

547 1863 762 1931 quidem
795 1861 851 1918 S.
901 1863 1095 1916 Meletii
1145 1865 1568 1918 connnunicator
1616 1869 1841 1932 exstitit,
1884 1880 1936 1922 et
1973 1884 2099 1936 prie-

2215 1861 2492 1929 irpiscopos
2540 1862 2652 1929 pari
2687 1861 2908 1913 crimine
2961 1860 3309 1927 iinplicandos
3343 1860 3424 1914 vel
3453 1864 3612 1918 etiam
3645 1879 3774 1935 gra-

543 1953 675 2005 clari
702 1953 1034 2015 certaminis,
1065 1955 1202 2021 quod
1227 1969 1450 2023 magnus
1481 1955 1568 2009 ille
1595 1956 1793 2010 athleta
1829 1958 2106 2024 sustinuit,

543 2044 857 2109 admirator,
881 2053 937 2098 ut
958 2044 1130 2114 colligi
1155 2055 1328 2113 potest
1359 2061 1421 2099 ex
1459 2047 1540 2100 his
1568 2045 1746 2100 Basilii
1783 2049 1960 2104 verbis
1991 2048 2058 2120 (ο)
2093 2067 2108 2105 :

548 2135 657 2188 Nos
687 2146 878 2200 autem,
905 2137 1095 2204 inquit,
1135 2153 1256 2203 quia
1299 2139 1388 2204 qui
1439 2139 1583 2205 prior
1637 2140 1906 2194 veritatem
1954 2142 2109 2196 libere

542 2227 792 2294 defendit,
825 2238 870 2281 et
898 2227 1086 2279 bonum
1129 2228 1260 2281 illud
1291 2240 1550 2282 certamen
1600 2231 1906 2286 Constantio
1947 2237 2106 2302 impe-

541 2329 688 2373 rante
719 2320 951 2386 certavit,
971 2319 1208 2373 Meletius
1236 2330 1308 2372 est
1330 2323 1779 2376 reverendissimus
1802 2326 2106 2392 episcOpus;

536 2423 588 2463 et
625 2415 748 2479 quia
787 2428 902 2464 eum
950 2412 1128 2463 habuit
1157 2410 1388 2465 Ecclesia
1429 2433 1539 2468 mea
1592 2418 2103 2482 communicatorem,

540 2517 850 2571 ntagnopere
897 2519 1011 2554 eum
1059 2505 1273 2572 diligens
1314 2507 1374 2558 ob
1420 2513 1605 2573 fortem
1658 2508 1807 2560 illam
1858 2525 1918 2562 ac
1972 2511 2105 2562 invi-

539 2603 675 2644 ctam
711 2594 1116 2655 dimicationem,
1144 2594 1338 2646 idcirco
1372 2596 1617 2648 habemus
1647 2596 1797 2648 illum
1831 2599 2099 2661 hactenus,

539 2685 648 2738 Deo
688 2686 960 2754 largiente.
985 2687 1494 2750 communicatorem,
1517 2698 1562 2738 et
1599 2698 1754 2749 certe,
1787 2690 1832 2740 si
1860 2688 1998 2741 Deus
2025 2705 2104 2742 v0-

539 2777 716 2840 luerit,
748 2777 1073 2831 habebimus.

611 2869 835 2924 Videtur
875 2884 1005 2938 ergo
1037 2868 1253 2923 Dianius
1283 2883 1346 2923 ex
1379 2870 1621 2923 conciliis
1654 2869 1972 2922 Arianorum
2014 2883 2102 2923 re—

538 2977 723 3016 versus
757 2963 822 3014 ad
857 2961 1145 3015 Ecclesiam
1175 2977 1347 3026 suam,
1375 2961 1456 3014 vel
1489 2962 1788 3015 occultasse
1824 2976 1940 3028 qua:
1971 2961 2101 3014 foris

536 3064 741 3122 egerat,
774 3052 856 3105 vel
887 3067 1092 3104 morum
1124 3053 1357 3114 lenitate,
1392 3068 1452 3106 ac
1479 3054 1712 3121 ejusdem
1738 3070 1952 3122 semper
1977 3055 2098 3108 fidei

2215 1951 2365 2004 viori.
2414 1949 2594 2019 Longe
2650 1951 2793 2004 enim
2845 1952 3012 2005 satius
3060 1949 3224 2004 fuisse
3282 1961 3583 2007 extremum
3639 1958 3776 2024 peri-

2211 2043 2386 2096 eulum
2442 2045 2610 2107 adire,
2644 2045 2969 2100 ordinatioui
3029 2043 3355 2110 resistendo,
3398 2061 3557 2114 quam
3609 2050 3774 2102 semel

2211 2148 2484 2205 peractam
2534 2139 2812 2206 antiquare
2858 2139 3022 2203 velle,
3054 2139 3350 2208 przesertim
3395 2154 3460 2192 eo
3515 2149 3772 2207 tempore,

2208 2243 2315 2297 quo
2339 2237 2548 2282 veteres
2577 2229 2870 2284 inimicitia:
2900 2234 3224 2301 deponendae
3249 2240 3438 2296 erant;
3481 2246 3587 2284 non
3624 2246 3773 2286 nova:

2207 2319 2584 2387 suscipiendae.

2277 2407 2703 2478 Esspectabatur
2730 2409 2872 2464 enim
2908 2407 3170 2474 Julianus,
3217 2416 3306 2482 qui
3345 2424 3470 2469 tunc
3517 2413 3570 2467 in
3610 2411 3770 2466 Chri-

2205 2501 2409 2556 stianos
2453 2501 2753 2556 fremebat:
2785 2502 3132 2556 minitabatur
3157 2505 3202 2557 ei
3241 2507 3328 2572 qui
3353 2509 3630 2560 ordinatus
3655 2506 3770 2560 fue-

2205 2602 2307 2656 rat,
2357 2607 2421 2646 ac
2464 2593 2515 2645 in
2561 2607 2828 2647 summum
2873 2595 3164 2662 periculum
3215 2596 3501 2649 devenerat
3553 2599 3766 2652 civitas.

2203 2680 2337 2733 Nam
2366 2683 2683 2747 iracundia,
2735 2699 2892 2751 quam
2933 2683 3177 2740 Julianus
3220 2685 3271 2737 in
3302 2684 3658 2741 C:esarienses
3699 2691 3767 2742 ob

2204 2772 2479 2825 incensum
2502 2773 2752 2828 Fortuna:
2787 2776 3037 2842 templum
3068 2785 3410 2846 conceperat,
3435 2793 3598 2831 novas
3624 2779 3770 2834 faces

2204 2867 2444 2921 admovit
2473 2865 2631 2918 unius
2658 2879 2723 2919 ex
2753 2867 3149 2934 magistratibus
3179 2866 3466 2936 ordinatio,
3515 2885 3620 2940 qua
3654 2888 3767 2925 rem

2203 2959 2472 3028 publicam
2501 2957 2616 3010 laadi
2660 2954 3006 3025 querebatur.
3042 2956 3155 3025 Ipse
3198 2962 3358 3012 etiam
3401 2977 3596 3030 praeses
3623 2977 3769 3032 quae-

2203 3053 2354 3106 rebat
2391 3048 2660 3120 quomodo
2703 3058 2757 3102 et
2805 3049 3031 3118 gratiam
3088 3055 3222 3116 apud
3267 3047 3540 3105 Julianum
3587 3055 3767 3120 iniret,

537 3143 916 3207 praedicatione
942 3142 1192 3194 invidiam
1239 3152 1293 3194 et
1324 3143 1741 3210 indignationem
1774 3146 2094 3198 declinasse.
2124 3181 2167 3238 Ο
2200 3151 2252 3194 et
2283 3142 2572 3195 Eusebium
2621 3138 3003 3204 ulcisceretur,
3040 3140 3124 3194 cui
3176 3140 3380 3194 amicus
3423 3143 3618 3212 alioqui
3662 3161 3769 3199 non

534 3236 712 3302 Quare
735 3249 838 3289 non
877 3234 1057 3287 debuit
1094 3232 1320 3286 Basilius
1346 3235 1593 3301 episcopo
1622 3249 1720 3288 suo
1746 3235 2092 3303 exprobrare,

535 3341 655 3393 quae
682 3339 737 3378 se
761 3340 927 3394 puero
961 3321 1280 3377 difﬁcillimis
1314 3325 1638 3392 temporibus
1669 3335 1819 3390 gesta
1864 3325 2093 3389 fuerant,

534 3431 631 3471 nec
655 3417 700 3470 ei
726 3417 930 3470 debitas
949 3417 1128 3468 laudes
1154 3417 1415 3482 denegare
1434 3458 1446 3474 .
1472 3431 1601 3483 quas
1628 3416 1674 3468 ei
1705 3428 1894 3482 magna
1924 3415 2094 3470 virtu-

536 3519 646 3560 tum
688 3516 999 3559 ornamenta
1049 3507 1284 3558 omnium
1320 3505 1517 3569 judicio
1541 3505 1898 3559 conciliabant
1931 3522 2093 3571 ;cum

531 3600 824 3664 prmsertim
845 3599 1068 3650 Basilius
1085 3612 1205 3650 cum
1231 3596 1467 3662 pluribus
1491 3597 1734 3665 aliis,qui
1757 3614 1860 3654 non
1882 3615 2094 3668 semper

529 3690 598 3742 ab
628 3689 772 3743 omni
820 3689 1138 3742 Arianorum
1189 3685 1449 3740 fermento
1487 3687 1602 3756 puri
1642 3699 1696 3741 et
1743 3688 1928 3742 intacti
1979 3691 2098 3744 fne-

529 3790 670 3846 rant,
698 3791 756 3833 ut
809 3780 1002 3835 Basilio
1047 3779 1334 3846 Ancyrano
1372 3789 1424 3832 et
1454 3778 1733 3836 Eustathio
1773 3781 2094 3846 Sebasteno,

529 3872 907 3923 communione
955 3881 1008 3924 et
1053 3871 1285 3922 amicitia
1335 3873 1648 3938 coniunctus
1701 3871 1885 3929 fuerit.
1931 3875 2096 3932 Forte

529 3962 728 4016 iisdem.
758 3963 822 4017 de
862 3962 1037 4015 causis
1073 3961 1397 4014 Athanasius
1425 3978 1689 4031 nunquam
1721 3965 1964 4021 Dianium
2004 3967 2095 4021 in-

531 4063 612 4109 ter
662 4055 990 4109 Eusebianos
1040 4070 1102 4109 ac
1169 4056 1384 4112 haeresis
1434 4054 1739 4108 defensores
1793 4069 2089 4114 numerat:

525 4159 828 4216 quanquam
869 4160 987 4198 cum
1014 4161 1077 4200 eo
1121 4147 1337 4201 minime
1380 4145 1805 4201 communicabat
1849 4149 2090 4202 Athana-

526 4239 660 4292 sius.
709 4238 1042 4291 Euumerans
1080 4239 1224 4291 enim
1263 4240 1561 4307 provincias
1600 4239 1918 4308 quibuscum
1944 4253 2090 4294 com-

528 4327 858 4392 municabat,
890 4327 954 4380 de
991 4329 1321 4396 Cappadocia
1353 4345 1571 4398 prorsus
1597 4333 1717 4384 silet
1744 4330 1844 4404 (tl).

593 4417 680 4472 ιν.
715 4417 922 4472 Mortuo
969 4420 1153 4472 Dianio
1197 4419 1534 4484 Caesariensi,
1576 4437 1699 4477 cum
1745 4424 2089 4478 advenissent

2203 3244 2338 3294 erat,
2373 3235 2467 3287 sed
2509 3235 2578 3286 ob
2626 3234 2836 3287 diversa
2870 3234 2920 3285 in
2957 3233 3031 3286 rei
3054 3233 3278 3300 publica:
3305 3233 3770 3292 administratione

2206 3320 2379 3372 studia
2429 3322 2798 3374 succensebat.
2849 3321 3173 3375 Accersebat
3224 3339 3349 3392 ergo
3411 3342 3505 3392 per
3561 3325 3770 3380 litteras

2203 3411 2508 3479 episcopos,
2553 3420 2610 3463 ut
2654 3411 2940 3466 Eusebiqu
2973 3417 3309 3475 accusare'nt,
3352 3417 3549 3472 additis
3605 3422 3768 3474 etiam

2205 3503 2366 3557 minis
2398 3513 2648 3571 tanquam
2678 3503 2828 3567 jussu
2871 3505 3227 3570 imperatoris.
3273 3504 3368 3558 llic
3400 3521 3610 3577 qunque
3651 3514 3771 3565 eni-

2203 3595 2300 3648 tuit
2352 3595 2587 3664 episcopi
2640 3594 2959 3647 Naziatlzeni
3022 3611 3230 3648 summa
3273 3598 3434 3649 animi
3490 3599 3767 3656 l'ortitu'lo.

2205 3684 2296 3738 Sic
2322 3689 2462 3738 enim
2504 3689 2776 3754 respondit
2830 3687 3039 3756 praesidi
3092 3686 3158 3757 (Γ)
3205 3705 3216 3739 ;
3265 3687 3398 3749 Nos,
3432 3690 3622 3758 inquit,
3653 3693 3772 3756 (po-

2203 3777 2486 3828 lentissime
2536 3780 2743 3847 pra-ses)
2785 3797 2956 3832 rerum
3022 3781 3284 3844 onmium,
3341 3800 3454 3851 qute
3495 3796 3767 3853 geruntur,

2199 3883 2462 3920 censorem
2500 3884 2658 3920 unum
2701 3886 2762 3920 ac
2817 3887 2986 3936 regem
3037 3872 3318 3940 habemus,
3374 3877 3460 3942 qui
3503 3893 3636 3928 nunc
3676 3893 3772 3945 op-

2197 3971 2478 4032 pugnatur.
2510 3961 2567 4015 Is
2595 3974 2640 4014 et
2662 3972 2964 4029 prwsentem
2990 3959 3286 4014 electionem
3307 3969 3575 4030 expendet,
3610 3984 3768 4037 quam

2199 4073 2291 4109 nos
2314 4056 2407 4107 rite
2428 4071 2488 4108 ac
2517 4054 2945 4122 lcgitime,atque,
2963 4061 3017 4104 ut
3040 4054 3135 4119 ipsi
3159 4066 3362 4121 gratum
3384 4066 3457 4108 est
3484 4098 3497 4120 ,
3526 4059 3767 4124 fecimus.

2205 4146 2308 4201 Vos
2329 4158 2504 4201 autem
2525 4148 2630 4199 alia
2654 4149 2859 4217 quidem
2895 4147 3070 4215 aliqua
3103 4149 3157 4197 in
3189 4162 3241 4197 re
3279 4147 3455 4212 nobis,
3484 4151 3527 4202 si
3560 4153 3766 4206 animus

2197 4239 2272 4291 ita
2297 4240 2492 4303 tulerit,
2532 4241 2631 4290 rim
2677 4239 2862 4305 aﬂ'erre
2906 4236 3157 4305 perfacile
3206 4242 3440 4302 potestis,
3486 4242 3540 4292 id
3591 4255 3766 4295 autem

2197 4346 2343 4383 nemo
2380 4346 2608 4398 unquam
2631 4331 2772 4384 nobis
2804 4333 3027 4394 adimet,
3052 4332 3252 4398 quiuea
3270 4373 3282 4396 ,
3312 4350 3428 4402 qua:
3451 4335 3590 4402 facta
3619 4349 3762 4402 sunt,

2196 4428 2250 4468 ut
2275 4428 2410 4469 recte
2453 4433 2515 4469 ac
2543 4419 2689 4484 juste
2725 4421 2866 4486 facta
2907 4419 3268 4484 defendamus.
3309 4422 3431 4474 Nisi
3477 4425 3609 4490 forte
3628 4424 3764 4479 hanc

523 4513 763 4565 nonnulli
805 4513 1094 4580 provinciae
1123 4513 1358 4582 episcopi
1391 4524 1446 4567 ut
1468 4530 1832 4568 successorem
1867 4517 2086 4568 ordina-
2119 4536 2162 4591 ι)
2191 4525 2393 4580 quoque
2415 4509 2574 4577 legem
2611 4514 2874 4571 statuatis,
2907 4510 3090 4578 quibus
3141 4530 3202 4567 ne
3239 4517 3291 4568 in
3323 4528 3526 4568 nostras
3555 4518 3764 4584 quidem

525 4612 662 4669 rent,
699 4605 851 4658 scissi
908 4615 1032 4659 sunt
1061 4604 1418 4659 Caesarienses
1465 4606 1516 4657 in
1572 4606 1841 4660 contraria
1888 4608 2084 4670 studia,

522 4696 639 4749 aliis
653 4695 814 4748 alium
837 4695 1142 4765 episcopum
1168 4696 1508 4766 poscentibus
1529 4695 1618 4763 (e).
1638 4695 1937 4750 Vehemens
1969 4707 2088 4750 erat

521 4789 714 4842 seditio
746 4801 846 4841 nec
869 4785 1023 4840 facile
1054 4789 1229 4843 sedari
1254 4797 1482 4858 poterat.
1508 4787 1775 4854 Propensa
1805 4788 1947 4841 enim
1968 4799 2088 4842 erat

521 4878 712 4931 civitas
747 4880 814 4930 ad
837 4876 1147 4940 seditiones,
1179 4879 1230 4933 in
1274 4878 1624 4933 electionibus
1668 4879 1986 4944 praesertim,
2018 4881 2086 4933 ob

524 4966 644 5020 Iidei
672 4967 930 5022 fervorem
956 4985 970 5020 :
1002 4982 1066 5021 ac
1089 4971 1392 5036 praecellens
1434 4970 1703 5026 cathedra:
1737 4972 1970 5038 dignitas
2000 4986 2088 5026 ca-

523 5058 688 5111 lorem
709 5060 904 5114 animis
932 5059 1180 5114 addebat.
1203 5057 1435 5114 Tandem
1459 5061 1692 5115 universi
1720 5074 1926 5115 summo
1957 5077 2084 5117 cou-

521 5163 685 5204 sensu
742 5165 903 5204 unum
938 5165 1001 5205 ex
1041 5151 1460 5220 magistratibus,
1519 5153 1803 5207 Eusebium
1852 5156 2083 5219 nomine,

522 5240 694 5292 virum
727 5236 829 5292 fide
863 5250 916 5294 et
943 5242 1178 5295 moribus
1205 5252 1566 5310 praestantem.
1605 5245 1828 5297 invitum
1867 5255 1921 5296 et
1948 5246 2086 5299 relu-

521 5340 756 5385 ctantem
784 5333 1100 5401 corripiunt,
1131 5348 1191 5386 ac
1215 5348 1369 5400 opem
1423 5332 1718 5390 ferentibus
1761 5333 2083 5390 militaribus

519 5425 710 5492 copiis,
736 5438 856 5495 qua:
899 5434 1022 5480 tunc
1054 5426 1106 5480 in
1135 5425 1265 5481 urbe
1293 5433 1466 5492 erant,
1496 5427 1546 5480 in
1586 5428 1882 5484 sacrarium
1913 5429 2079 5483 adduc

611 5655 666 5713 ι)
704 5648 798 5714 Ep.
835 5650 956 5714 140,
986 5668 1035 5705 :i.
1061 5652 1112 5706 2.

609 5721 659 5780 b)
693 5723 783 5772 υτ.
820 5723 902 5774 l9.

610 5792 660 5854 c)
695 5790 790 5859 Ep.
825 5790 948 5846 258.

2194 4619 2271 4654 res
2300 4601 2593 4668 prospicere
2613 4605 2696 4671 [as
2730 4612 2827 4655 est.
2861 4602 3148 4669 Epistulam
3181 4608 3476 4660 admiratus
3507 4619 3588 4661 est
3625 4627 3764 4678 pra:-

2192 4710 2298 4756 ses,
2329 4694 2428 4748 etsi
2467 4696 2640 4763 primo
2679 4696 2902 4749 moleste
2949 4697 3069 4752 tulit
3114 4715 3128 4751 :
3163 4711 3322 4768 atque
3368 4701 3465 4754 hac
3516 4700 3787 4771 Gregorii"

2192 4787 2490 4840 constantia
2554 4787 2750 4842 Juliani
2822 4788 3052 4856 impetus
3124 4806 3506 4859 compressus,
3572 4797 3763 4852 civitas

2195 4887 2338 4929 metu
2367 4878 2611 4941 liberata,
2644 4880 2879 4947 episcopi
2909 4881 3171 4933 dedecore
3198 4892 3250 4934 et
3281 4884 3591 4948 ignominia.

2263 4969 2392 5022 Cum
2443 4972 2557 5025 haec
2604 4970 2871 5024 ordinatio
2903 4983 3118 5040 peracta
3167 4975 3238 5028 sit
3286 4976 3520 5031 instante
3563 4975 3760 5046 Juliani

2190 5060 2443 5126 adventu,
2469 5074 2527 5117 ut
2559 5072 2786 5117 testatur
2827 5063 3139 5132 Gregorius,
3172 5069 3380 5122 videtur
3413 5072 3478 5122 ad
3519 5086 3759 5128 mensem

2189 5150 2404 5206 Junium
2435 5165 2526 5207 aut
2551 5153 2746 5208 Julium
2791 5157 3122 5214 collocanda.
3172 5159 3454 5216 Proiectus
3486 5173 3570 5218 est
3611 5169 3756 5221 enim

2189 5243 2650 5315 ConstantinOpoli
2694 5246 2939 5302 Julianus
2992 5266 3174 5305 mense
3211 5252 3345 5304 Maio
3364 5269 3659 5320 ,exeunte,
3704 5269 3760 5312 et

2189 5351 2311 5390 cum
2351 5339 2400 5390 in
2438 5339 2739 5408 regionibus
2769 5343 3066 5409 interjectis
3112 5346 3417 5413 aliquandiu
3452 5363 3756 5402 commora-

2191 5436 2275 5482 tus
2321 5428 2484 5483 fuerit
2541 5430 2758 5500 (ubique
2811 5434 2954 5490 enim
3007 5437 3297 5507 impietatis
3367 5457 3478 5497 suae
3528 5443 3756 5509 vestigia

2261 5655 2336 5721 (d)
2384 5656 2516 5708 "ist.
2552 5657 2733 5710 Arion.

2283 5727 2328 5791 e)
2372 5725 2499 5781 λιιι.
2529 5744 2610 5784 0r.
2648 5729 2732 5783 l9.

2284 5796 2326 5865 ί)
2361 5794 2488 5850 Ibid.
