4006 6442
549 388 708 440 XXXVI

1881 366 2414 423 PBOLEGOMENA.

547 486 807 556 improbi,
832 494 895 537 ut
926 484 1038 554 ipse
1068 482 1243 537 aiebat
1271 482 1344 551 (η)
1366 525 1380 547 ,
1416 483 1470 536 in
1498 480 1731 548 iudicum
1761 497 1954 538 munus
1992 497 2110 536 sese
2140 490 2183 542 Α
2214 496 2367 535 neum
2418 478 2625 534 dicendi
2670 479 2770 531 rim
2820 486 3186 544 accepturum.
3242 474 3349 532 Sed
3404 477 3586 531 nescio
3636 484 3777 537 unde

542 579 919 635 obtrusissent.
963 577 1064 630 Sed
1100 587 1285 645 postea
1325 574 1517 629 librum
1574 590 1725 630 suum
1783 574 2105 644 composuit,

541 690 701 741 quem
733 673 1006 740 inscripsit
1031 671 1359 739 Apologiam.
1394 668 1508 723 Non
1546 681 1720 723 tamen
1757 669 1892 723 hanc
1928 668 2112 723 elucu-

541 767 844 823 brationem
875 767 1055 818 statim
1093 762 1391 816 exsudavit.
1427 760 1558 814 Nam
1597 763 1929 829 perabsurda
1964 761 2113 814 illum

542 860 727 913 facere
766 858 840 910 ait
872 854 1147 926 Nysseuus
1183 856 1258 923 (ὑ)
1302 854 1440 923 quod
1469 856 1568 909 sibi
1621 852 1896 907 videretur
1925 853 2113 919 Apolo-

541 952 683 1021 giant
730 951 778 1001 in
816 957 1055 1015 tempore
1106 947 1406 1000 instituisse
1430 987 1445 1011 ,
1491 944 1739 1015 quamvis
1775 946 1925 1011 longe
1958 945 2115 996 alter-

545 1048 724 1095 rasset
767 1054 794 1091 a
830 1049 1093 1103 tempore,
1122 1038 1259 1105 quod
1308 1047 1436 1090 tunc
1477 1035 1709 1088 maxime
1755 1042 2114 1104 Opportunum

545 1134 670 1195 fuit,
700 1147 819 1187 cum
850 1129 1059 1196 judices
1089 1131 1360 1182 sederent.
1406 1128 1625 1180 Ἑαυτὸν
1674 1131 1772 1199 μὲν
1810 1125 1948 1179 κατὰ
1991 1143 2115 1179 και-

547 1226 640 1298 ρὸν
662 1223 1087 1293 ἁπολελογῆσοαι
1116 1222 1292 1291 λέγει,
1335 1220 1585 1275 τυσοῦτον
1613 1223 1706 1275 τοῦ
1744 1219 1930 1290 καιροῦ
1982 1237 2113 1272 κατ-

545 1322 668 1374 όπιν
701 1317 1010 1386 γενόμενον.
1042 1317 1114 1369 Ex
1155 1317 1238 1368 his
1277 1323 1421 1381 patet
1457 1315 1657 1381 aliquid
1682 1314 1833 1378 spatii
1857 1312 2113 1377 judicium

548 1412 683 1465 inter
713 1417 765 1462 et
797 1408 1099 1475 Apologiam
1128 1406 1433 1466 eﬂluvisse;
1464 1422 1563 1461 nec
1594 1405 1812 1474 proinde
1848 1403 2108 1458 Basiliam

546 1511 671 1557 ante
703 1516 899 1554 annum
941 1499 1048 1555 362
1073 1508 1164 1552 aut
1198 1497 1323 1561 563,
1373 1500 1571 1568 stylum
1609 1498 1673 1549 ad
1705 1510 1824 1550 eam
1867 1497 2117 1552 refellen-

547 1593 669 1649 dam
704 1591 1006 1647 exacuisse.

618 1730 802 1801 Neque
837 1731 997 1785 etiam
1039 1727 1217 1784 serius
1264 1729 1366 1783 hoc
1407 1742 1543 1796 Opus
1599 1727 1857 1783 collocari
1912 1736 2108 1796 patest.

2218 572 2455 626 hauserit
2492 570 2711 626 Photius
2761 571 2897 624 hanc
2947 584 3157 636 quoque
3202 572 3429 638 primam
3468 570 3778 641 Apologiam

2216 665 2533 721 Eunomium
2589 665 2641 717 in
2675 664 2909 718 tenebris
2958 676 3154 715 arcano
3202 664 3423 726 fovisse,
3461 667 3533 719 ita
3567 673 3621 719 ut
3659 678 3779 717 eam

2216 760 2298 810 vix
2334 757 2569 810 nancisci
2601 756 2852 824 potuerit.
2881 754 3021 808 Nihil
3054 752 3311 820 ejusmodi
3347 760 3483 820 apud
3521 757 3775 811 Basilium

2217 851 2407 917 legitur
2448 862 2462 897 :
2500 847 2593 900 sed
2636 859 2760 900 suas
2795 846 3010 911 quidem
3052 843 3371 899 Eunomium
3419 846 3782 917 blasphemias

2216 943 2315 997 sub
2361 939 2607 1009 specioso
2642 938 2909 1007 Apologia:
2986 941 3201 991 nomine
3261 936 3559 992 occultasse
3613 942 3778 1004 dicit;

2216 1035 2385 1103 ipsitm
2412 1042 2589 1084 autem
2625 1029 2932 1097 Apologiam
2956 1031 3175 1083 minime
3198 1032 3323 1085 dicit
3350 1030 3669 1088 occultasse.

2287 1125 2496 1193 Scripta
2530 1135 2612 1177 est
2646 1127 2901 1178 adversus
2930 1121 3247 1175 Eunmninm
3290 1125 3514 1193 epistola
3546 1123 3635 1187 16,
3664 1142 3782 1193 qua:

2219 1228 2396 1272 tamen
2435 1218 2646 1272 videtur
2673 1218 2931 1287 longioris
2962 1214 3385 1273 elucubrationis
3414 1218 3778 1289 fragmentum

2214 1314 2393 1381 potius
2415 1326 2555 1373 esse,
2584 1324 2742 1377 quam
2773 1307 3018 1378 epistola.

2288 1440 2499 1513 Scripta
2543 1442 2642 1498 sub
2686 1438 2901 1495 Juliano
2943 1440 3169 1511 epistola
3216 1453 3448 1508 sequens
3488 1443 3551 1495 ad
3592 1440 3781 1511 Orige-

2214 1547 2372 1595 rtem,
2408 1534 2561 1602 cujus
2599 1531 2735 1584 ﬁlios
2773 1531 2997 1585 Basilius
3036 1533 3264 1585 libeuler
3291 1531 3341 1583 in
3365 1544 3463 1581 sua
3492 1532 3783 1586 solitudine

2215 1625 2445 1678 viderat.
2482 1626 2611 1680 Erat
2641 1623 2904 1691 Origenes
2948 1624 3037 1677 ille
3069 1624 3145 1675 vir
3175 1624 3437 1686 eruditus,
3476 1629 3529 1673 et
3565 1623 3781 1690 religio-

2217 1734 2336 1776 nem
2379 1720 2479 1773 sub
2512 1718 2674 1787 impio
2703 1718 3027 1781 imperatore
3070 1717 3285 1783 scriptis
3320 1717 3659 1778 defenderat,
3691 1725 3785 1770 aut

546 1825 637 1879 Ait
660 1826 800 1878 enim
858 1821 1083 1876 Basilius
1133 1823 1202 1892 (c)
1249 1838 1307 1875 se
1356 1822 1405 1873 in
1452 1820 1554 1873 hoc
1598 1822 1867 1875 scribendi
1918 1837 2115 1891 genere
2148 1834 2187 1889 Β
2220 1810 2407 1864 saltem
2439 1812 2711 1865 liberrime
2741 1808 3018 1865 confessus
3044 1808 3237 1860 fuerat.
3270 1808 3376 1860 Deo
3406 1809 3548 1862 enim
3578 1808 3783 1877 gratias

545 1917 764 1971 omnino
795 1914 1206 1968 inexercitatum
1244 1925 1389 1974 esse,
1431 1926 1597 1981 seque
1633 1912 1928 1974 silentium,
1958 1916 2112 1982 cujus

546 2009 615 2064 ab
639 2005 791 2059 iuitio
824 2004 1095 2059 studiosus
1125 2000 1261 2065 fuit,
1305 2014 1648 2056 servaturum
1680 2001 1880 2068 fuisse,
1907 2005 1950 2058 si
1986 2005 2114 2057 nihil

545 2108 734 2152 contra
770 2098 1048 2151 veritatem
1093 2094 1369 2162 Evangelii
1420 2103 1677 2147 tentatum
1715 2092 1925 2151 fuisset.
1968 2095 2114 2149 Prae-

546 2203 694 2249 terea
729 2196 829 2247 hoc
876 2206 1011 2261 opus
1043 2192 1188 2243 misit
1229 2188 1456 2243 Leontio
1506 2190 1760 2256 sophista:
1793 2206 1935 2245 anno
1985 2189 2109 2254 564,

546 2295 604 2337 ut
649 2285 830 2337 videre
877 2292 961 2337 est
1013 2284 1065 2335 in
1101 2280 1326 2350 epistola
1359 2279 1450 2333 20.
1488 2278 1593 2334 Sed
1630 2282 1907 2336 dubitandi
1940 2282 2114 2334 locum

546 2390 651 2430 non
689 2375 905 2445 reliquit
944 2372 1242 2445 Nyssenus.
1280 2372 1328 2428 ls
1370 2374 1511 2429 enim
1549 2384 1778 2428 testatur
1819 2375 1896 2442 (d)
1939 2374 2117 2427 Euno-

546 2470 714 2524 mium
756 2470 811 2523 in
836 2467 1158 2523 elaborauda
1192 2467 1449 2521 adversus
1480 2466 1736 2519 Basiliam
1769 2466 2119 2533 responsione

548 2578 649 2614 non
668 2562 939 2613 minimam
958 2562 1074 2614 vita:
1108 2577 1216 2613 sum
1250 2570 1447 2627 partem
1487 2557 1869 2626 insumpsisse;
1908 2572 2002 2611 nec
2022 2557 2120 2611 mi-

545 2666 665 2706 rum
682 2667 821 2716 esse,
841 2652 885 2705 si
907 2660 1104 2705 tantam
1122 2662 1421 2705 amatorum
1441 2666 1657 2705 suorum
1680 2652 2117 2721 approbationem

543 2746 931 2809 commoverit;
965 2761 1083 2799 cum
1114 2746 1213 2800 hoc
1249 2759 1382 2814 Oplls
1421 2760 1512 2812 per
1550 2754 1623 2797 tot
1656 2761 1914 2797 annorum
1952 2744 2119 2814 olym-

545 2838 724 2906 piadas
751 2837 1177 2891 concinnaverit.
1207 2836 1387 2903 Quare
1429 2851 1549 2890 cum
1596 2839 1708 2889 haec
1741 2837 1975 2890 secunda
2010 2835 2117 2888 Eu-

545 2929 711 2983 nomii
746 2927 1001 2997 Apologia
1026 2928 1202 2980 statim
1220 2937 1336 2995 post
1368 2934 1592 2978 mortem
1615 2924 1794 2978 Basilii
1827 2925 2109 2994 prodierit,

546 3020 641 3090 qui
710 3020 881 3091 prima
931 3021 1017 3074 die
1055 3018 1178 3073 anni
1224 3017 1326 3073 379
1380 3018 1551 3084 obiit;
1599 3017 1784 3071 saltem
1832 3015 2114 3087 duodecim

547 3126 811 3167 annorum
839 3111 1071 3181 spatium
1097 3110 1237 3164 inter
1258 3124 1392 3179 opus
1416 3108 1595 3162 Basilii
1629 3118 1683 3163 et
1710 3107 2115 3177 responsionem

548 3201 797 3255 Eunomii
836 3200 1211 3265 statuendum,
1250 3216 1316 3255 ne
1349 3207 1429 3255 tot
1478 3199 1813 3270 olympiades
1837 3240 1851 3262 ,
1898 3214 2029 3267 quas
2062 3198 2115 3253 in
2143 3181 2187 3239 (ἶ

549 3294 652 3348 hac
712 3291 1116 3345 elucubratione
1178 3292 1528 3359 insumpsisse
1572 3292 1863 3346 Eunomius
1902 3292 2117 3356 dicitur,

550 3383 844 3439 absurdam
882 3381 1351 3453 exaggerationem
1404 3382 1606 3435 habere
1657 3384 1960 3435 videantur.
2031 3384 2122 3435 Vi-

547 3478 749 3529 dentur
782 3490 908 3543 ergo
946 3474 1065 3527 libri
1095 3474 1146 3527 in
1183 3473 1503 3528 Eunomium
1537 3473 1798 3544 prodiisse
1823 3489 1962 3527 anno
1989 3472 2115 3537 365,

546 3574 643 3616 aut
670 3564 795 3618 564.

622 3699 819 3752 Narrat
850 3700 1074 3754 Photius
1107 3700 1196 3769 (ε)
1225 3700 1566 3763 Eunomium,
1600 3702 1698 3754 etsi
1730 3703 1922 3754 multas
1953 3701 2119 3773 olym-

550 3793 738 3864 piades
772 3793 823 3846 in
848 3793 949 3846 hoc
991 3806 1154 3860 Opere
1184 3794 1500 3860 insumpsit,
1534 3794 1660 3845 illud
1701 3803 1877 3849 tamen
1908 3795 2124 3848 vivente

552 3882 754 3937 Basilio
779 3882 1094 3947 absolvisse,
1141 3881 1233 3934 sed
1264 3879 1446 3933 sedulo
1493 3881 1707 3933 cavisse
1762 3895 1828 3933 ne
1872 3881 1925 3933 in
1977 3880 2121 3934 illius

554 3988 747 4027 manus
774 3974 1100 4039 perveniret,
1129 3987 1191 4026 ac
1219 3972 1336 4025 fidis
1360 3974 1564 4025 tantum
1595 3971 1784 4024 amicis
1832 3970 2120 4039 legendum

551 4063 911 4119 commisisse.
944 4064 1103 4115 Addit
1127 4063 1342 4116 easdem
1372 4063 1645 4117 cautiones
1675 4070 1884 4115 mortuo
1927 4060 2122 4114 Basilio

549 4156 823 4211 adhibitas
858 4153 1046 4216 fuisse,
1082 4155 1331 4224 quamvis
1364 4155 1495 4209 nihil
1523 4156 1631 4225 jam
1664 4154 2008 4208 metuendum
2037 4152 2121 4206 vi-

549 4248 805 4304 deretur:
831 4249 923 4302 sed
948 4260 1122 4301 tamen
1142 4255 1488 4301 consecutum
1517 4264 1619 4301 non
1645 4261 1763 4301 esse
1782 4245 2123 4308 Eunominm,

556 4351 615 4394 ut
641 4356 775 4411 opus
798 4356 904 4394 non
932 4339 1194 4393 incideret
1220 4338 1272 4391 in
1307 4352 1496 4391 manus
1531 4337 1837 4399 Theodori.
1875 4338 2124 4407 Gregorii

553 4430 780 4503 Nysseni
816 4442 869 4485 et
898 4431 1208 4499 Sophronii,
1233 4429 1322 4500 qui
1341 4429 1466 4482 illud
1505 4430 1720 4497 egregie
1747 4427 2122 4497 profligarunt.

559 4527 634 4579 Ex
666 4526 751 4580 his
781 4532 925 4595 patet
954 4538 1113 4591 quam
1157 4538 1260 4575 non
1312 4522 1570 4592 pudenter
1609 4519 1900 4571 mentiatur
1942 4517 2120 4569 l’hilo-
2153 4530 2199 4586 ι)

552 4618 831 4686 storgius,
856 4629 975 4668 cum
1012 4612 1265 4665 Basilium
1312 4613 1386 4665 ait
1414 4610 1480 4681 (Ι)
1536 4609 1672 4664 lecto
1717 4609 1876 4677 huius
1903 4623 2124 4675 respon-

554 4710 724 4763 sionis
746 4710 921 4776 primo
947 4706 1103 4771 libro,
1125 4705 1427 4775 perculsum
1452 4703 1638 4757 dolore
1656 4718 1685 4757 e
1709 4704 1815 4755 vita
1840 4703 2120 4770 migrasse.

556 4800 803 4852 Secunda
831 4797 920 4849 illa
952 4795 1197 4849 Eunomii
1230 4794 1482 4861 Apologia
1520 4794 1571 4846 in
1607 4803 1715 4846 tres
1752 4793 1917 4846 libros
1953 4791 2129 4845 distri-

559 4890 684 4944 buta
722 4898 871 4950 erat,
909 4888 951 4941 si
996 4888 1188 4942 Photio
1232 4886 1518 4940 credimus.
1569 4886 1820 4953 Quinque
1881 4894 2128 4937 numerat

557 4979 967 5049 Philostorgius.
1022 4977 1204 5030 Prima
1242 4992 1366 5030 vero
1407 4976 1567 5030 unico
1598 4976 1779 5028 libello
1807 4978 2126 5028 contineba-

558 5081 667 5123 tur.
704 5068 927 5123 Videtur
968 5068 1200 5123 Basilius
1247 5070 1346 5122 hoc
1387 5084 1521 5136 opus
1564 5066 1953 5120 monachorum
2004 5081 2128 5118 suo-

558 5177 680 5216 rum
752 5172 942 5230 rogatu
1014 5160 1366 5213 refellendum
1433 5160 1751 5227 suscepisse.
1825 5160 1916 5211 Ait
1980 5158 2119 5210 enim

558 5253 635 5323 (p.
661 5250 786 5314 207,
822 5252 946 5323 208)
978 5253 1063 5317 iis,
1099 5252 1293 5321 quibus
1320 5252 1772 5307 elucubrationem
1798 5266 1951 5306 suam
1993 5266 2124 5302 nun-

561 5356 739 5412 cupat,
768 5358 826 5398 se
855 5360 1039 5398 eorum
1065 5359 1246 5397 amore
1275 5345 1464 5398 adduci
1494 5386 1507 5411 ,
1535 5356 1592 5397 ut
1628 5344 1864 5413 ipsorum
1900 5346 2129 5397 manda-

556 5436 631 5487 tis
662 5449 862 5486 murem
887 5443 1067 5501 gerat;
1098 5449 1262 5503 seque
1292 5449 1477 5489 eorum
1523 5436 1769 5506 precibus
1799 5446 1983 5506 Sperat.
2007 5436 2121 5490 ido-

633 5711 707 5775 (a)
749 5706 907 5777 Nyss.
946 5725 959 5761 ε
997 5707 1218 5763 Eunoni.

629 5782 704 5848 (ο)
746 5780 869 5848 Ibi_d.

628 5844 700 5919 (c)
742 5862 758 5900 ι
794 5844 1017 5901 Eunoni.
1044 5866 1096 5904 n.
1127 5850 1177 5905 ί.

2215 1906 2323 1976 agit
2362 1902 2611 1969 Basilius,
2664 1904 2805 1973 quod
2857 1902 3137 1956 veritatem
3180 1916 3245 1955 ex
3282 1916 3468 1955 eorum
3507 1903 3594 1972 qui
3636 1918 3785 1956 sum-

2216 2012 2355 2052 lnam
2396 2004 2712 2065 potestatem
2751 1994 2950 2049 habent
2990 1995 3291 2061 proditione
3326 1993 3442 2047 lanii
3490 2010 3593 2049 nou
3637 1996 3778 2049 sive-

2216 2092 2316 2152 rit,
2345 2091 2434 2144 sed
2465 2103 2556 2159 per
2587 2084 2871 2155 Origenem
2918 2088 3285 2141 defensionem
3324 2090 3565 2142 veritatis
3604 2089 3783 2157 imple-

2215 2183 2374 2233 verit.
2406 2180 2521 2234 Nou
2569 2183 2777 2236 dubitat
2813 2181 2939 2249 quin
2976 2179 3045 2232 illi
3084 2182 3191 2233 cito
3226 2194 3564 2246 exarescant,
3595 2182 3786 2251 Orige-

2216 2287 2312 2325 nes
2354 2286 2482 2325 vero
2528 2272 2946 2327 elllorescentem
2985 2287 3048 2324 ac
3097 2286 3307 2339 semper
3353 2288 3542 2324 novam
3580 2289 3789 2326 mercc-

2217 2362 2336 2416 dem
2391 2377 2419 2413 a
2452 2364 2676 2416 Domino
2707 2376 3065 2433 consequatur
3097 2364 3165 2417 ob
3205 2378 3266 2415 ea
3311 2377 3429 2430 qua)
3476 2379 3570 2429 pro
3622 2364 3789 2430 ipsius

2218 2456 2434 2509 nomine
2476 2453 2682 2506 locutus
2727 2465 2830 2508 est.
2884 2454 3170 2508 Existimat
3208 2447 3583 2508 Tillemontius
3632 2454 3682 2507 id
3720 2454 3789 2507 de

2219 2545 2456 2601 Ecclesia
2488 2546 2735 2599 meritum
2790 2560 2906 2599 esse
2938 2545 3219 2612 Origenetu
3245 2589 3258 2611 ,
3291 2557 3348 2600 ut
3384 2563 3503 2600 cum
3542 2543 3788 2599 Julianus

2218 2638 2551 2694 Christianos
2595 2652 2625 2690 a
2669 2635 2978 2689 liberalibus
3026 2637 3327 2704 disciplinis
3380 2647 3621 2703 arceret,
3677 2640 3791 2705 lpre

2220 2731 2472 2787 nonnulla
2530 2730 2585 2785 in
2618 2744 2802 2787 eorum
2842 2745 3032 2795 usuin,
3073 2729 3255 2784 itidem
3299 2744 3356 2785 ut
3402 2732 3789 2800 Apollinarius,

2218 2822 2431 2877 elabora
2441 2833 2538 2878 ret.

2288 2961 2515 3016 Bedolet
2552 2960 2688 3015 idem
2724 2969 2931 3029 tempus
2962 2960 3185 3030 epistola
3222 2960 3285 3014 l8
3319 2961 3385 3013 ad
3418 2959 3710 3016 Macarium
3736 2971 3790 3016 et

2219 3052 2513 3117 Joannem,
2557 3067 2693 3122 quos
2720 3068 2840 3106 cum
2878 3054 3040 3106 multa
3082 3053 3420 3107 deterrerent
3460 3056 3525 3108 ab
3553 3056 3786 3108 ascetica

2220 3146 2325 3197 vita
2354 3142 2721 3211 amplectenda
2743 3183 2758 3209 ,
2786 3144 3033 3196 hortatur
3058 3141 3288 3197 Basilius
3322 3154 3380 3198 ttt
3416 3160 3514 3199 nec
3538 3159 3633 3198 eos
3661 3159 3792 3197 cou-

2220 3236 2397 3291 turbet
2420 3238 2650 3288 mendax
2675 3235 2997 3288 contumelia
3018 3273 3034 3298 ,
3087 3250 3185 3290 nec
3231 3236 3388 3290 mina:
3425 3243 3663 3289 terreant
3694 3249 3790 3287 eo-

2218 3344 2358 3389 rum,
2396 3327 2487 3394 qui
2541 3340 2805 3380 summam
2853 3335 3177 3396 potestatem
3213 3326 3443 3389 habent,
3501 3338 3601 3378 nec
3649 3324 3793 3377 risus

2217 3420 2500 3473 contristet
2544 3430 2636 3473 aut
2686 3419 3012 3473 contumelia
3078 3418 3457 3479 familiarium,
3500 3431 3598 3469 nec
3661 3432 3787 3469 con-

2218 3513 2491 3567 demnatio
2533 3514 2599 3567 ab
2646 3513 2951 3567 hominibus
2992 3525 3173 3563 curam
3216 3520 3272 3563 et
3304 3511 3538 3563 studium
3584 3526 3691 3579 prte
3730 3526 3789 3565 se

2218 3602 2539 3665 ferentibus,
2593 3619 2618 3653 a
2671 3604 2867 3671 quibus
2935 3602 3228 3656 fortissima
3281 3602 3348 3656 ad
3414 3601 3789 3671 decipiendum

2218 3713 2344 3751 esca
2377 3697 2744 3765 praetenditur,
2779 3696 3026 3749 simulata
3057 3693 3360 3747 adhortatio

2300 3836 2426 3890 Vlll.
2450 3836 2669 3889 Videtur
2693 3835 2791 3889 sub
2813 3832 3023 3888 Iuliano
3044 3841 3262 3887 sanctus
3274 3830 3502 3887 Basilius
3522 3832 3795 3901 accepisse

2220 3929 2429 3983 litteras
2454 3944 2481 3980 a
2510 3928 2565 3982 S.
2594 3928 2925 3991 Athanasio;
2959 3940 3093 3995 quas
3122 3926 3175 3980 in
3213 3927 3463 3981 manibus
3496 3927 3691 3981 habere
3734 3942 3795 3981 se

2229 4028 2283 4073 et
2329 4018 2741 4085 exposcentibus
2765 4019 3047 4070 ostendere
3074 4026 3299 4071 testatur
3329 4019 3379 4071 in
3406 4018 3628 4086 epistola
3659 4016 3792 4086 20L,

2224 4126 2279 4164 n.
2310 4110 2361 4162 6.
2392 4111 2443 4161 In
2476 4109 2558 4162 his
2584 4109 2773 4162 litteris
2809 4119 3027 4161 sanctus
3050 4112 3422 4162 Athanasiusa
3451 4110 3644 4164 Basilio
3673 4126 3798 4165 con—

2224 4204 2395 4256 sultus
2410 4202 2553 4257 clare
2571 4202 2971 4270 pronuntiabat,
2992 4198 3179 4269 Siquis
3197 4217 3259 4254 ear
3279 4204 3588 4255 Arianorum
3608 4203 3797 4258 Itwresi

2226 4297 2498 4364 transferri
2549 4296 2789 4361 voluerit,
2838 4297 2994 4364 ﬁdem
3044 4296 3314 4350 Nicrenam
3349 4298 3635 4365 con/item,
3675 4318 3795 4353 eum

2231 4388 2610 4440 admittendum
2644 4403 2751 4439 esse
2775 4425 2789 4448 ,
2811 4403 2901 4439 nec
2938 4388 2991 4438 in
3028 4404 3085 4440 eo
3114 4388 3400 4452 recipiendo
3427 4390 3795 4446 Ita'simndum.

2231 4478 2398 4547 Hujus
2424 4480 2623 4531 decreti
2659 4480 2831 4531 socios
2868 4478 3068 4533 citabat
3093 4478 3424 4535 Athanasius
3461 4474 3793 4537 et'Macedo-

2229 4570 2327 4622 IliiB
2360 4576 2414 4622 et
2440 4569 2655 4622 Achaiae
2685 4568 2966 4637 episcopos
2991 4582 3198 4622 oumes.

2294 4702 2404 4759 Cur
2436 4706 2533 4759 has
2558 4705 2767 4761 litteras
2806 4705 2871 4760 ad
2926 4708 3027 4760 hoc
3078 4713 3291 4774 tempus
3329 4708 3581 4767 referam.
3615 4708 3798 4777 potius

2227 4811 2387 4864 quam
2418 4796 2483 4849 ad
2513 4811 2711 4849 annum
2746 4798 2869 4863 ΞΗ,
2903 4811 3011 4850 non
3057 4797 3267 4849 infirma
3310 4805 3595 4866 suppetunt
3631 4799 3800 4854 ratio-

2229 4904 2352 4939 num
2374 4897 2664 4942 momenta.
2683 4890 2733 4942 l°
2748 4887 2879 4942 Cum
2908 4901 3149 4943 sanctum
3168 4891 3512 4942 Athanasium
3529 4890 3799 4945 consuluit

2228 4976 2454 5032 Basilius
2479 4995 2621 5033 anno
2647 4980 2771 5038 37L
2800 4981 2911 5046 jam
2943 4981 3144 5034 moveri
3182 4988 3421 5047 cmperat
3462 4981 3691 5047 quccstio
3731 4983 3799 5034 de

2228 5068 2432 5136 Spiritu
2467 5081 2686 5135 sancto,
2718 5084 2837 5139 qua!
2864 5069 3118 5124 Basiliam
3166 5071 3360 5139 aliquid
3403 5071 3523 5125 fidei
3568 5069 3798 5126 Nicaznie

2226 5159 2424 5212 addere
2451 5160 2641 5229 coegit.
2666 5161 2731 5213 At
2758 5161 2946 5215 littera:
2976 5164 3041 5215 de
3066 5161 3258 5229 quibus
3283 5177 3425 5214 nunc
3458 5163 3689 5230 agimus,
3717 5164 3797 5214 ni.-

2228 5252 2302 5303 ltil
2350 5266 2571 5319 prorsus
2622 5253 2921 5306 addendum
2954 5254 3371 5322 przescribebant
3406 5272 3417 5305 :
3452 5253 3594 5322 quod
3631 5269 3796 5323 argu-

2230 5352 2410 5397 mento
2440 5353 2523 5397 est
2554 5344 2685 5396 nihil
2715 5358 2775 5397 ea
2805 5344 2871 5398 de
2902 5361 2959 5399 re
2987 5346 3314 5400 sciscitatum
3362 5360 3480 5400 esse
3509 5346 3794 5409 Basiliam,

2228 5435 2319 5487 sed
2359 5443 2561 5487 tantum
2609 5435 2673 5489 de
2702 5436 2765 5489 iis
2806 5437 2896 5505 qui
2936 5439 3002 5491 ab
3045 5438 3363 5493 Arianorum
3417 5439 3603 5492 Ιιίιξτῡεί
3662 5436 3800 5491 redi-

2300 5710 2375 5772 (d)
2417 5710 2542 5765 Ibid.
2573 5710 2657 5762 86.

2300 5780 2367 5849 (ε)
2408 5779 2537 5831 Cod.
2572 5782 2689 5833 l58.

2298 5848 2361 5920 (Ι)
2404 5849 2516 5903 Lib.
2544 5865 2659 5917 viti,
2695 5866 2745 5905 η.
2782 5848 2864 5903 η.
