4006 6474
1593 398 1753 451 ΥΣΤᾹ
1790 396 1846 449 S.
1885 394 2145 450 BASILH.

3295 410 3474 447 XXXVII

238 530 389 582 bant.
427 528 491 581 2°
530 523 745 577 (Zitabat
794 519 1119 573 Athanasius
1170 518 1333 588 hujus
1383 519 1582 571 decreti
1633 519 1809 571 socius
1840 515 2141 578 AJnliano.
2194 505 2325 564 Erat
2384 511 2527 565 enim
2581 509 2709 563 illud
2764 520 3013 579 tempus,
3072 508 3170 561 etsi
3227 510 3478 563 omnibus

240 617 573 674 Macedoniae
624 624 677 667 et
725 614 943 666 Achaiae
980 613 1265 679 episcopos
1300 622 1509 672 omnes,
1546 612 1632 679 qui
1671 608 1809 661 idem

240 707 435 782 procul
471 706 632 758 dubio
680 705 730 756 in
768 704 1015 756 conciliis
1065 701 1180 754 suis
1212 710 1534 755 statuerant.
1578 704 1645 753 At
1680 698 1811 750 nihil

242 814 468 871 prorsus
528 798 739 851 dicebat
796 798 860 846 de.
915 794 1143 844 aliarum
1200 794 1461 864 gentium,
1516 808 1706 859 nempe
1759 793 1809 843 in

240 890 414 943 Gallia
446 900 500 943 et
525 890 777 959 Hispania
812 895 867 938 et
885 885 1106 952 ubique,
1140 884 1426 954 episcopis,
1449 887 1643 953 quibus
1673 885 1811 937 idem

244 982 517 1050 placuisse
555 989 782 1034 testatur
818 978 868 1029 in
906 979 1128 1046 epistula
1166 980 1228 1031 ad
1260 976 1640 1029 liulliniannm.
1680 975 1813 1028 Num

244 1073 412 1141 igitur
466 1074 521 1126 S.
564 1069 914 1124 Athanasium
954 1071 1194 1123 dicemus
1246 1078 1322 1119 tot
1370 1071 1691 1137 synodorurn
1725 1070 1817 1119 de-

242 1178 394 1219 creta
456 1162 850 1229 imprudentem
909 1164 1183 1223 omisisse,
1248 1168 1341 1213 aut
1395 1162 1673 1221 Basilium,
1724 1158 1815 1228 qui

247 1259 391 1312 illius
417 1256 702 1324 epistulam
748 1256 796 1307 in
834 1260 1084 1309 manibus
1119 1254 1443 1317 habebat,et
1476 1253 1814 1321 exposcenti-

246 1351 350 1404 bus
399 1348 609 1402 solcbat
662 1352 967 1412 ostendere,
1009 1347 1134 1414 quid
1187 1347 1238 1398 in
1281 1362 1341 1401 ea
1373 1348 1636 1414 scriptum
1673 1356 1817 1399 esset

247 1438 584 1495 nescivisse?
619 1439 675 1494 ιιι
725 1439 970 1509 profecto
1014 1436 1312 1493 verisimile
1362 1453 1466 1491 non
1521 1438 1595 1490 tit.
1642 1436 1819 1501 Quare

248 1534 408 1597 longe
450 1532 627 1586 satius
667 1543 751 1586 est
794 1530 1077 1598 epistolam
1132 1528 1188 1583 S.
1239 1530 1520 1585 Athanasii
1567 1534 1818 1598 scriptam

245 1622 468 1690 quidem
518 1633 641 1691 post
683 1622 919 1688 synodos
969 1619 1023 1671 in
1059 1618 1296 1691 Egypto
1330 1629 1385 1675 et
1431 1619 1739 1673 Macedonia
1768 1629 1822 1674 et

249 1716 454 1769 Achaia
492 1716 795 1769 celebratas
841 1712 1177 1778 existimare,
1222 1715 1315 1768 sed
1350 1722 1637 1779 antequam
1686 1730 1820 1767 con-

250 1809 375 1860 cilia
407 1810 597 1861 eadem
629 1804 695 1858 de
724 1821 781 1859 re
812 1805 864 1858 in
898 1804 1151 1875 Hispania
1185 1816 1240 1858 et
1267 1804 1436 1859 Gallia
1465 1816 1516 1857 et
1548 1806 1666 1861 aliis
1692 1806 1821 1858 locis

250 1898 612 1959 haberentur,
654 1908 746 1949 aut
793 1898 987 1950 saltem
1030 1899 1211 1950 habita
1250 1896 1631 1951 nuntiarentur
1659 1898 1825 1950 Atha-

254 1989 428 2040 nasio.
457 1987 513 2040 5ο
539 1987 823 2043 Rationem
859 1990 1034 2042 reddit
1066 1987 1319 2054 Basilius,
1358 2003 1455 2049 cur
1482 1990 1824 2044 Eustathinm

254 2082 319 2134 ad
367 2095 520 2133 suam
555 2080 993 2134 communionem
1034 2080 1364 2136 admisisset.
1387 2081 1686 2153 Nonenim
1720 2081 1826 2134 dif-

255 2172 396 2226 ticile
418 2183 501 2227 est
521 2171 864 2225 Eustathium
897 2170 978 2224 his
992 2173 1173 2227 verbis
1200 2174 1470 2243 depictum
1494 2187 1825 2241 agnoscere:

256 2264 319 2319 Si
347 2281 477 2331 quos
503 2264 815 2331 aliquando,
847 2264 1024 2333 inquit
1049 2265 1302 2327 Basilius,
1333 2267 1395 2316 ab
1423 2266 1549 2318 Ario
1578 2267 1827 2333 magistro

255 2356 518 2422 profectos
557 2355 613 2407 in
654 2360 1070 2410 communionem
1108 2358 1439 2422 admisimus,
1474 2362 1709 2413 morbum
1747 2363 1828 2414 in-

259 2447 386 2499 timo
431 2449 589 2500 corde
643 2450 960 2501 occultantes
990 2459 1035 2500 et
1078 2450 1164 2514 pia
1217 2452 1369 2502 verba
1418 2452 1700 2517 loquentes,
1739 2460 1831 2502 aut

260 2549 395 2591 certe
435 2540 501 2592 iis
528 2555 645 2608 qua:
675 2556 705 2591 a
737 2540 881 2591 nobis
910 2539 1214 2592 dicebantur
1244 2557 1345 2594 non
1382 2544 1833 2610 repugnantes,ita

260 2631 589 2696 suscepimus
622 2645 639 2679 :
677 2645 795 2680 cum
849 2645 950 2682 non
1002 2646 1153 2684 omne
1206 2632 1269 2685 de
1324 2630 1516 2684 talibus
1563 2633 1830 2701 judicium

263 2721 409 2771 nobis
442 2720 567 2779 ipsis
593 2721 1025 2789 permitteremus,
1066 2725 1153 2776 sed
1184 2729 1515 2788 sententiam,
1549 2742 1665 2794 qure
1690 2727 1835 2792 prius

263 2810 374 2861 lata
416 2810 479 2863 de
510 2809 618 2864 illis
662 2812 833 2880 fuerat
881 2829 913 2865 a
952 2814 1187 2880 patribus
1234 2817 1447 2880 nostris,
1483 2833 1833 2882 sequeremur.

264 2898 379 2969 Ego
418 2902 557 2955 enim
598 2920 716 2956 cum
759 2904 1067 2968 accepissem
1106 2903 1308 2956 litteras
1344 2905 1627 2957 beatissimi
1672 2910 1837 2973 patris

264 2990 690 3046 Athanasii......
753 3005 895 3043 ratus
931 3008 1132 3045 necesse
1165 3009 1274 3046 esse
1309 3002 1513 3046 tantum
1545 2996 1716 3047 virum
1749 3013 1832 3048 se-

265 3080 352 3145 qui
386 3080 448 3129 ob
479 3095 658 3130 eorum
707 3082 794 3147 qui
841 3081 1002 3148 legem
1035 3082 1281 3146 tulerant,
1326 3086 1717 3149 auctoritatem,
1759 3089 1836 3140 si-

268 3169 477 3237 mulque
506 3171 718 3237 cupiens
750 3172 1132 3238 paciﬁcationis
1159 3176 1444 3229 mercedem
1472 3180 1736 3246 consequi,
1771 3180 1837 3245 fi-

268 3261 383 3312 dem
424 3260 571 3313 illam
610 3261 915 3325 conﬁtentes
945 3264 1265 3319 ascribebam
1298 3284 1513 3322 numero
1546 3272 1837 3322 communi-

270 3364 531 3405 caturum.
576 3352 927 3408 Adtluxerunt
974 3371 1104 3427 ergo
1143 3358 1401 3414 Basiliam
1434 3362 1718 3417 Athanasii
1755 3364 1841 3417 lit-

274 3450 424 3504 terte,
466 3450 525 3494 ut
574 3460 696 3498 cum
746 3448 1027 3503 Eustathio
1073 3452 1533 3517 communicaret;
1582 3461 1637 3507 et
1686 3465 1838 3509 antc-

272 3545 435 3598 quam
470 3532 570 3587 has
618 3538 892 3604 acciperet
937 3540 1165 3602 litteras,
1215 3541 1451 3596 incertus
1504 3551 1624 3596 erat
1659 3553 1840 3598 utrum

274 3624 541 3677 Eustathii
581 3628 1019 3682 communionem
1072 3641 1241 3683 ncene
1275 3631 1609 3686 admitteret.
1660 3632 1712 3688 Id
1746 3650 1842 3686 au-

277 3726 380 3767 tem
415 3716 633 3771 minime
660 3720 914 3788 congruit
963 3734 1106 3774 anno
1136 3720 1259 3775 571.
1297 3721 1448 3777 Tunc
1480 3724 1623 3778 enim
1666 3725 1843 3777 nullas

277 3806 532 3874 habebat,
578 3818 672 3864 aut
712 3812 902 3866 saltem
953 3813 1125 3870 nullas
1175 3815 1276 3869 sibi
1320 3816 1521 3870 habere
1556 3816 1844 3870 videbatur

276 3896 577 3967 ambigendi
608 3915 800 3954 causas
830 3919 842 3954 :
875 3911 928 3956 ct
960 3917 1079 3956 cum
1114 3903 1273 3971 longe
1319 3913 1443 3957 ante
1487 3920 1686 3957 annum
1717 3906 1842 3971 571,

276 3986 433 4043 ﬁrma
467 4005 588 4043 cum
615 3991 897 4046 Eustathio
940 3994 1318 4048 communione
1346 4003 1399 4048 et
1444 3996 1678 4050 amicitia
1711 4012 1843 4052 con-

271 4079 489 4145 junctus
522 4092 700 4147 esset;
740 4099 1081 4153 nequaquam
1131 4099 1255 4139 eum
1306 4086 1501 4140 littera:
1552 4088 1657 4141 hoc
1704 4105 1845 4145 anno

278 4179 511 4238 accepta:
533 4174 598 4225 ad
625 4175 759 4229 hanc
784 4177 1215 4229 communionem
1242 4177 1509 4232 adducere
1533 4188 1843 4246 potuerunt.

279 4256 383 4311 Sed
422 4274 542 4313 cum
589 4260 918 4327 Eustathius,
948 4280 1093 4318 anno
1120 4265 1244 4330 ⁵560,
1286 4266 1693 4335 subscripsisset
1737 4267 1847 4323 lor-

282 4350 436 4404 muhe
471 4351 1108 4424 Constantinopolitanm,
1166 4372 1227 4410 ac
1263 4356 1364 4410 sub
1396 4357 1607 4412 Juliano
1650 4360 1850 4412 rediret

278 4455 339 4492 ex
377 4441 644 4496 Dardania
677 4444 752 4512 (in
782 4446 920 4500 hanc
950 4449 1091 4499 enim
1124 4448 1403 4517 regionem
1436 4449 1704 4517 relegatus
1734 4450 1849 4503 lue-

284 4531 425 4601 rat),
461 4550 653 4604 magna
687 4538 1004 4591 deliberatio
1038 4539 1226 4592 incidit
1262 4539 1480 4605 Basilio,
1520 4542 1844 4611 quibusnam
1876 4544 1920 4597 D

280 4625 679 4683 conditionibus
719 4643 839 4683 cum
889 4646 954 4684 eo
984 4632 1428 4686 communicaret.
1476 4632 1607 4684 Nam
1636 4649 1756 4687 cum
1790 4650 1847 4689 se

284 4716 510 4770 Basilius
537 4720 723 4773 eadem
774 4723 839 4775 de
882 4737 1042 4776 causa
1093 4724 1159 4775 ab
1213 4723 1449 4791 episcopi
1498 4722 1848 4780 Caesariensis

280 4809 663 4861 communione
724 4814 1075 4875 removisset,
1133 4820 1334 4864 temere
1390 4826 1509 4864 cum
1566 4811 1847 4867 Eustathio

283 4900 685 4954 communicare
717 4918 822 4955 non
855 4904 1058 4957 debuit.
1106 4904 1284 4967 Quare
1316 4904 1474 4971 digna
1512 4916 1598 4957 res
1637 4912 1754 4957 erat
1784 4904 1851 4958 de

284 5006 387 5059 qua
436 4993 505 5045 ad
548 4994 907 5046 Athanasium
960 4995 1189 5048 referret
1230 5010 1240 5045 :
1279 5008 1377 5045 nec
1436 4992 1578 5046 aliud
1642 5004 1849 5061 tempus

285 5084 453 5149 magis
496 5085 746 5137 idoneum
800 5086 882 5137 his
934 5085 1076 5140 inter
1109 5084 1469 5139 Athanasium
1507 5096 1560 5138 et
1593 5086 1845 5139 Basilium

285 5174 479 5227 iitteris
510 5178 776 5245 assignari
820 5187 1019 5243 potest.

355 5265 441 5318 IX.
480 5265 588 5320 lter
623 5269 676 5320 in
712 5268 940 5321 Pontum
974 5267 1187 5321 videtur
1219 5267 1527 5336 suscepisse
1559 5266 1850 5331 Gregorius

285 5360 383 5411 sub
421 5359 580 5412 linem
614 5360 825 5428 imperii
854 5361 1084 5426 Juliani;
1126 5376 1315 5428 nempe
1346 5376 1466 5413 cum
1501 5359 1666 5426 ipsius
1701 5370 1849 5424 pater

286 5466 368 5513 eo,
401 5462 457 5502 ut
486 5452 616 5504 satis
642 5468 734 5520 per
756 5469 812 5506 se
838 5465 1004 5521 patet,
1034 5455 1255 5507 absente
1289 5451 1609 5518 subscripsit
1638 5452 1847 5503 cuidam

288 5540 550 5606 furinulaz,
581 5559 700 5611 qua:
748 5560 971 5613 magnas
1014 5547 1064 5598 in
1096 5544 1323 5598 ecclesia
1356 5540 1696 5594 Nazianzena
1740 5550 1853 5593 tur-

288 5631 383 5685 bas
411 5634 726 5699 commovit,
753 5650 817 5689 ac
844 5636 1120 5688 monachis
1146 5634 1325 5687 locum
1356 5632 1502 5685 dedit
1526 5632 1593 5684 ab
1615 5631 1850 5698 episcopi

285 5724 363 5775 sui
412 5726 792 5780 communione
840 5728 1169 5780 discedendi.
1223 5722 1416 5778 Mirum
1468 5738 1601 5775 sane
1652 5737 1714 5775 ac
1763 5722 1851 5773 vix

288 5812 547 5871 credibile
602 5814 869 5883 ejusmodi
927 5816 1343 5883 subscriptionis
1402 5813 1704 5883 exemplum
1756 5812 1853 5867 Sub

600 5909 871 5968 ΡΔτιιοι..
922 5909 1036 5969 Gtt.
1086 5911 1136 5969 Χ
1152 5910 1232 5969 XI
1247 5909 1325 5970 Χ.

1916 604 2235 660 Christianis
2286 606 2588 665 molestum,
2649 600 2966 656 orthodoxis
2999 610 3176 653 tamen
3229 610 3294 654 ad
3357 603 3481 654 lidei

1915 697 2230 757 catholicae,
2300 709 2457 761 quam
2517 694 2786 750 haereticis
2849 692 3215 748 defensionem
3280 694 3483 747 erroris

1915 786 2270 839 commodius.
2307 782 2411 836 Sed
2448 792 2623 834 tamen
2656 799 2776 836 cum
2811 796 2903 835 sua
2937 793 3124 849 sponte
3170 797 3273 836 non
3321 798 3482 849 repu-

1915 884 2065 941 gnat,
2113 884 2171 925 ιιι
2221 870 2953 941 Gregorius-paciﬁcationis
2983 884 3142 929 causa
3182 872 3346 925 etiam
3377 874 3480 924 sub

1915 960 2127 1014 Juliano
2158 961 2397 1015 forman
2428 960 2584 1013 alicui
2611 975 2716 1011 non
2747 976 2887 1013 sana:
2918 959 3336 1028 subscripserit;
3372 971 3486 1015 tum

1919 1066 2047 1105 vero
2079 1067 2201 1105 eum
2263 1063 2388 1105 tunc
2422 1050 2811 1116 subscripsisse
2854 1052 2965 1105 haec
3004 1052 3238 1105 maxime
3270 1053 3488 1107 demon-

1920 1151 2057 1195 strat
2086 1141 2246 1205 ratio,
2288 1144 2426 1210 quod
2470 1144 2718 1196 monachi
2754 1141 3078 1196 Nazianzeni
3111 1142 3293 1195 Statim
3327 1153 3488 1210 atque

1920 1233 2244 1300 subscripsit
2289 1234 2354 1285 ab
2400 1235 2514 1299 ejus
2560 1234 2941 1287 communione
2970 1236 3357 1297 discesserunt,
3391 1247 3491 1286 nec

1929 1334 2104 1376 tamen
2140 1333 2262 1375 ante
2303 1324 2427 1376 illud
2460 1328 2601 1394 quod
2640 1326 2746 1378 dixi
2784 1335 2996 1392 tempus
3028 1326 3414 1381 discesserunt.

1992 1412 2236 1466 Nondum
2281 1414 2524 1481 prol'ecto
2568 1414 2816 1467 monachi
2857 1413 3221 1467 discesserant
3259 1430 3288 1468 a
3338 1428 3490 1467 com-

1924 1505 2175 1557 munione
2236 1504 2473 1572 episcopi
2539 1503 2891 1569 Nazianzeni,
2952 1521 3075 1559 cum
3130 1504 3422 1575 Gregorius
3460 1521 3493 1561 ο

1923 1597 2093 1650 Ponto
2129 1597 2342 1649 rediens
2376 1610 2517 1649 anno
2551 1595 2656 1648 562
2689 1612 2954 1650 summam
2984 1596 3234 1651 Ecclesiae
3264 1598 3497 1653 Nazian-

1924 1702 2069 1743 zente
2124 1688 2467 1740 concordiam
2523 1686 2769 1740 laudaret
2833 1691 2883 1741 in
2950 1692 3184 1743 secunda
3249 1691 3494 1743 oratione

1926 1783 2001 1851 (p.
2030 1779 2140 1835 48).
2175 1779 2386 1833 Recens
2415 1788 2533 1833 erat
2563 1781 2820 1833 tumultus
2848 1797 2967 1834 cum
2997 1782 3261 1837 scriberet
3291 1784 3496 1836 oratio-

1853 1862 1897 1916 Β
1928 1887 2047 1926 nem
2082 1872 2322 1937 tertiam,
2355 1886 2475 1940 qua:
2511 1872 2683 1939 prima
2718 1882 2801 1925 est
2832 1872 2884 1924 in
2916 1872 3209 1927 lulianum.
3250 1874 3321 1925 Ibi
3353 1876 3495 1929 enim

1925 1965 2004 2016 sic
2035 1965 2268 2033 loquitur
2296 1964 2374 2035 (p.
2418 1964 2504 2034 55)
2538 1985 2550 2016 :
2583 1964 2704 2017 Εἴθε
2752 1983 2839 2039 μοι
2889 1965 2980 2017 τοῦ
3026 1967 3184 2036 χοροῦ
3232 1968 3395 2038 μέρος
3432 1963 3499 2037 ἦν

1928 2055 2142 2107 κάκεῖνο
2182 2058 2242 2109 τὸ
2274 2056 2544 2125 σύστημα.
2571 2057 2599 2108 ὃ
2626 2060 2721 2110 σὺν
2748 2061 2875 2127 ἡμῖν
2911 2059 3047 2120 τέως
3072 2058 3148 2127 τῷ
3181 2059 3297 2129 Θεῷ
3329 2075 3500 2130 προσ-

1932 2147 2056 2218 ᾴδον
2120 2150 2178 2200 οὐ
2228 2150 2479 2219 κίϐδηλον
2526 2149 2699 2221 ᾠδὴν,
2751 2153 2870 2204 οὐδὲ
2924 2152 3197 2221 ἀδόκιμον,
3233 2154 3367 2209 ἀλλὰ
3408 2155 3501 2207 καὶ

1927 2242 2025 2308 τῆς
2055 2240 2233 2305 δεξιᾶς
2267 2257 2395 2293 ποτε
2426 2243 2663 2305 στάσεως
2702 2242 3035 2314 ἀξιούμενον,
3074 2246 3309 2298 πιστεύω
3341 2248 3397 2299 δὲ
3421 2249 3502 2299 ὅτι

1931 2335 2023 2385 καὶ
2055 2334 2170 2403 μετ’
2216 2331 2393 2400 ὀλίγον
2438 2332 2890 2405 ἀξιωθησόμενον,
2928 2338 3025 2390 οὐκ
3056 2334 3150 2390 οἷδ’
3180 2338 3259 2389 ὅτι
3310 2337 3501 2401 παθὸν,

1931 2424 2185 2495 ἐξαίφνης
2264 2424 2663 2496 μεθαρμόζεταί
2702 2444 2759 2477 τε
2812 2430 2927 2479 uoti."
2957 2430 3371 2496 μετατάττεται·
3410 2430 3504 2482 καὶ

1932 2517 2051 2566 οὐδὲ
2082 2518 2182 2568 ὑπὸ
2215 2518 2315 2586 τῆς
2364 2517 2724 2589 εὐφροσύνης,
2768 2518 2794 2569 ὃ
2841 2519 2933 2569 καὶ
2976 2518 3239 2587 Οαυμάζω
3283 2519 3501 2587 μᾶλλον,

1935 2609 2013 2669 εἰς
2036 2609 2230 2660 ταύτὸν
2262 2610 2497 2680 ἔρχεται.
2550 2613 2719 2680 Atque
2749 2612 2956 2663 utinam
2987 2611 3073 2663 ille
3104 2626 3305 2680 quoque
3344 2621 3505 2665 cretus

1937 2703 2003 2754 ad
2047 2700 2260 2752 chorum
2300 2714 2535 2754 nostrum
2572 2721 2623 2754 se
2673 2704 3004 2771 adjungeret,
3051 2721 3161 2773 qui,
3210 2720 3323 2756 tum
3360 2703 3505 2772 prius

1937 2793 2227 2845 cantionem
2259 2794 2666 2862 haudquaquam
2702 2795 3055 2846 adulterinum
3107 2805 3259 2860 atque
3304 2793 3507 2861 ignobi-

1939 2883 2037 2935 lem
2068 2884 2335 2936 nobiscum
2369 2883 2477 2935 Deo
2507 2886 2784 2947 acciuerat,
2815 2900 2875 2936 ac
2906 2887 3090 2938 dextro
3122 2884 3384 2954 quondam
3418 2902 3509 2938 or—

1940 2972 2063 3024 dine
2102 2973 2288 3040 dignus
2354 2973 2650 3037 haberetur,
2715 2986 2867 3043 atque
2924 2976 3101 3039 etiam,
3167 2985 3221 3027 ut
3270 2975 3506 3041 conﬁdo,

1942 3063 2077 3115 brevi
2106 3064 2395 3131 habebitur,
2430 3068 2574 3118 haud
2607 3068 2714 3119 scio
2741 3083 2843 3134 qua
2871 3083 2923 3119 re
2957 3076 3267 3127 commotus,
3304 3075 3509 3131 repente

1944 3163 2155 3205 cantum
2190 3156 2243 3205 in
2276 3156 2535 3208 diversum
2563 3168 2749 3219 mutat,
2787 3158 2993 3224 alioque
3020 3156 3189 3222 gradu
3230 3165 3384 3223 atque
3418 3172 3508 3209 or-

1940 3244 2060 3295 dine
2086 3260 2194 3295 sese
2215 3245 2470 3308 collocat;
2506 3263 2567 3298 ac
2595 3264 2656 3299 ne
2688 3250 2747 3299 ob
2782 3264 3105 3299 communem
3131 3247 3340 3315 quidem
3372 3246 3510 3301 laeti-

1942 3335 2068 3386 tiam
2113 3336 2273 3404 (quod
2316 3339 2475 3390 etiam
2533 3340 2697 3407 magis
2752 3338 2935 3409 miror)
2986 3338 3179 3390 adduci
3234 3348 3399 3405 potest
3452 3349 3509 3391 ut

1942 3429 2207 3480 nobiscum
2243 3430 2612 3499 conjungatur.
2646 3431 2738 3485 His
2770 3440 2917 3485 certe
2962 3432 3203 3494 vocibus,
3242 3447 3357 3482 cum
3384 3432 3510 3483 hac-

1944 3527 2091 3572 tenus
2135 3519 2239 3574 Deo
2275 3524 2567 3575 cantionem
2612 3523 2869 3574 acciueret
2905 3522 3199 3585 nobiscum,
3227 3522 3396 3575 subito
3436 3521 3508 3574 ad

1943 3611 2102 3663 aliam
2128 3614 2542 3663 communionem
2568 3612 2880 3681 prorumpit,
2920 3627 3110 3665 recens
3149 3624 3270 3665 esse
3305 3611 3510 3663 indicat

1946 3700 2332 3752 monachorum
2382 3700 2604 3753 factum.
2648 3698 2742 3754 His
2782 3702 2917 3753 adde
2948 3717 3096 3770 spem
3128 3700 3340 3754 illorum
3372 3701 3514 3757 redi-

1947 3800 2051 3853 tus,
2098 3806 2362 3844 summam
2414 3791 2709 3858 lenitatem,
2750 3808 2853 3860 qua
2899 3806 2992 3846 eos
3024 3803 3080 3845 ut
3130 3794 3368 3847 membra
3411 3808 3512 3847 sua

1945 3880 2355 3949 complectitur;
2383 3890 2437 3935 et
2460 3884 2602 3951 quod
2630 3883 2706 3935 ait
2736 3882 2788 3935 in
2820 3893 2958 3938 orat.
2989 3882 3073 3946 19.,
3111 3899 3162 3950 p.
3205 3883 3330 3945 196,
3354 3893 3511 3939 etor.

1948 3974 2034 4038 19,
2077 3990 2128 4044 p.
2166 3975 2292 4035 297,
2334 3977 2626 4029 monachos
2664 3975 2903 4027 omnium
2951 3985 3252 4039 postremus
3309 3974 3514 4028 disces.-

1946 4068 2102 4121 sisse.
2136 4068 2208 4120 Ex
2240 4067 2324 4120 bis
2359 4078 2535 4119 autem
2568 4066 2725 4117 simul
2757 4067 3018 4133 probatur
3048 4080 3152 4118 non
3186 4065 3353 4119 multo
3382 4076 3512 4119 ante

1948 4158 2334 4226 subscripsisse
2361 4157 2700 4223 Gregorium.
2723 4156 2874 4221 Nam,
2905 4157 2950 4210 si
2978 4158 3389 4224 subscripsisset
3415 4158 3514 4211 sub

1948 4246 2265 4300 Constantio
2310 4261 2452 4299 anno
2502 4246 2603 4299 560
2652 4248 2729 4301 vel
2771 4248 2894 4310 Bb‘l,
2946 4247 3216 4315 quomodo
3264 4246 3515 4301 monachi

1950 4339 2372 4408 indignationem
2430 4354 2582 4393 suam
2633 4352 2804 4406 usque
2850 4338 2915 4388 ad
2970 4352 3167 4391 annum
3218 4336 3321 4391 563
3352 4336 3517 4390 corde

1950 4431 2308 4499 pressissent?
2349 4439 2440 4483 aut
2478 4430 2523 4483 si
2568 4428 2751 4481 tandiu
2800 4438 3131 4495 presserunt,
3182 4443 3282 4480 cur
3310 4428 3517 4481 disces-

1950 4522 2153 4575 sionem
2185 4522 2367 4576 subito
2395 4532 2448 4573 et
2488 4519 2750 4585 iii-recipiti
2783 4519 3007 4572 consilio
3035 4519 3285 4572 attribuit
3312 4518 3520 4591 Grego-

1950 4612 2096 4667 rius?
2141 4613 2371 4668 Eosdeui
2402 4622 2559 4663 vocat
2587 4612 2898 4665 ealidiorem
2938 4610 3190 4666 Ecclesia:
3220 4618 3429 4679 partem
3461 4609 3519 4661 in

1949 4702 2193 4755 oratione
2233 4701 2320 4764 19,
2357 4716 2479 4769 pag.
2523 4700 2648 4755 9.97.
2681 4700 2989 4754 Generatim
3035 4700 3101 4753 de
3128 4701 3374 4754 erunibus
3404 4714 3520 4754 mo—

1950 4795 2137 4848 nachis
2167 4794 2241 4846 ait
2271 4795 2323 4845 in
2352 4804 2490 4849 orat.
2518 4793 2608 4856 21,
2640 4809 2689 4862 p.
2722 4793 2845 4856 588,
2874 4810 2968 4845 eos
2997 4793 3047 4843 in
3076 4792 3197 4844 aliis
3229 4794 3391 4846 rebus
3420 4807 3517 4862 pa-

1951 4898 2099 4941 catos
2127 4898 2179 4941 et.
2210 4887 2515 4939 moderatos
2554 4902 2693 4951 esse,
2734 4887 2833 4937 hac
2878 4886 2927 4937 in
2966 4900 3020 4937 re
3057 4884 3200 4937 lenes
3232 4896 3286 4937 et
3327 4884 3520 4941 faciles

1952 4993 2054 5031 non
2083 4993 2225 5042 esse,-
2260 4992 2382 5031 cum
2422 4993 2515 5043 per
2557 4977 2832 5029 silentium
2866 4986 2918 5027 et
2945 4978 3178 5041 quietem
3222 4975 3315 5029 Dei
3353 4990 3516 5029 causa

1952 5070 2219 5139 proditur,
2252 5071 2344 5123 sed
2388 5071 2614 5123 bellaces
2649 5079 2701 5123 et
2735 5070 2788 5119 in
2816 5069 3149 5134 conﬂigendo
3175 5082 3329 5120 acres
3353 5076 3408 5119 et
3436 5065 3517 5121 le-

1952 5178 2125 5217 roces.
2179 5162 2309 5215 Cum
2358 5162 2440 5215 his
2484 5177 2589 5215 non
2622 5160 2854 5227 quadrat
2898 5158 3260 5211 dissimulatio
3288 5157 3517 5225 plurium

1952 5270 2250 5319 annorum,
2300 5270 2461 5320 quam
2514 5254 2794 5305 monachis
2863 5249 3221 5304 Naznanzenis
3276 5250 3523 5302 attribuit

1954 5346 2346 5408 'l‘illemontius,
2376 5361 2498 5399 cum
2527 5343 2849 5413 Gregorium
2878 5340 3309 5397 subConstantio
3336 5341 3521 5395 existi-

1955 5446 2066 5490 niat
2094 5436 2500 5505 subscripsisse.

2027 5530 2294 5583 Prwtcrca
2328 5545 2545 5583 causam
2593 5529 2964 5583 subscribendi
3010 5544 3114 5582 non
3152 5527 3347 5596 repetit
3386 5524 3525 5581 Gre-

1954 5625 2133 5691 gorius
2168 5638 2232 5676 ex
2264 5622 2429 5691 jussis
2456 5623 2573 5675 aula
2600 5622 2860 5690 profectis
2891 5630 2981 5673 aut
3009 5636 3075 5674 ex
3104 5634 3281 5673 rerum
3312 5629 3526 5686 pertur-

1954 5716 2191 5777 batione,
2237 5730 2357 5783 qua:
2404 5724 2532 5768 tunc
2582 5730 2791 5767 summa
2842 5712 2962 5777 fuit,
3017 5712 3107 5765 sed
3156 5726 3222 5766 ex
3253 5710 3522 5763 desiderio

1955 5808 2103 5876 pacis
2166 5816 2221 5860 et
2292 5807 2688 5863 communionis
2738 5820 2859 5859 cum
2927 5802 3194 5859 nonnullis
3254 5797 3520 5856 ineundau

3168 5910 3200 5950 ὓ
