4006 6476
505 437 531 472 ι
545 436 569 470 ι
582 435 606 468 ς
618 432 708 471 12"]

1830 408 2353 465 PROLEGOMENA.

499 528 650 581 Patet
682 527 732 578 id
775 540 838 579 ex
888 525 968 578 his
1004 527 1180 579 verbis
1228 533 1366 580 orat.
1409 526 1474 579 19
1502 525 1937 598 (p.297):Ilap:‘z
1967 529 2053 581 τοῦ

2237 531 2404 597 Quam
2462 546 2566 585 non
2616 531 2771 584 modo
2820 533 2950 586 citra
2999 533 3370 603 ambitionem,
3425 535 3518 590 sed
3562 538 3723 594 etiam

494 618 822 690 θερμοτέρου
844 619 1039 689 μέρους
1055 619 1150 689 τῆς
1166 619 1488 689 Ἐκκλησίας
1501 622 1931 695 κατεστασιάσθη
1942 641 2059 693 μεν,

493 709 777 781 γράμματι
810 709 1106 773 κλαπέντες
1132 713 1223 764 καὶ
1250 712 1455 781 ῥήμασι
1487 717 1750 783 τεχνικοῖς
1788 715 1868 778 εἰς
1896 734 2059 786 πονη-

493 803 593 875 ρὰν
623 801 925 856 κοινωνίαν.
969 805 1012 856 Α
1053 803 1355 871 [εῖιοεηιιονε
1399 802 1651 860 Ecclesia:
1683 815 1831 873 parte
1855 808 1915 860 ob
1949 824 2061 861 eam

493 909 708 946 causam
737 896 921 947 seditio
953 894 1008 947 in
1046 912 1134 948 nos
1166 896 1392 948 excitata
1424 909 1520 959 est,
1550 899 1686 966 quod
1714 899 1913 967 scripto
1938 914 2061 969 quo-

490 983 612 1036 dant
657 993 704 1035 et
751 983 1050 1051 artiﬁciosis
1097 984 1261 1036 verbis
1307 984 1704 1055 circumscripti,
1757 988 1812 1041 in
1846 1004 2059 1057 pravam

490 1074 790 1128 societatem
838 1073 1084 1144 pertracti
1121 1075 1419 1143 fuissemus.
1459 1077 1597 1129 Hinc
1645 1077 1807 1130 etiam
1856 1078 2062 1145 Grego-

491 1166 606 1219 rius
640 1166 716 1219 ait
741 1166 796 1221 in
817 1166 1060 1223 oratione
1084 1165 1242 1236 12(p.
1276 1168 1399 1236 196)
1449 1168 1744 1223 Ecclesiam
1768 1169 2061 1223 Nazianze—

495 1273 617 1311 nam
647 1271 774 1315 ante
801 1252 928 1313 illud
960 1260 1259 1323 dissidium,
1285 1275 1466 1314 arcam
1501 1259 1612 1314 Noe
1637 1262 1816 1317 vocari
1843 1260 2057 1314 solitam

487 1363 631 1416 esse,
660 1361 718 1405 ut
764 1365 885 1418 qua:
930 1351 1161 1405 universi
1197 1351 1344 1405 orbis
1376 1351 1632 1406 diluvium
1669 1353 1778 1406 sola
1835 1350 2063 1423 eilagis-

492 1453 597 1498 set.
659 1442 784 1506 Sed,
838 1445 882 1499 si
935 1444 1216 1512 cpiscopus
1263 1442 1555 1512 Gregorius
1605 1445 1702 1497 sub
1747 1442 2061 1497 Constantio

491 1534 813 1588 Arianorum
845 1534 1049 1587 artibus
1089 1535 1466 1596 succubaerat,
1495 1549 1600 1586 non
1634 1534 1788 1587 video
1828 1550 1926 1589 cur
1951 1534 2053 1588 Ec-

490 1625 711 1679 elesiam
745 1626 1139 1678 Nazianzenam
1170 1625 1305 1676 mala
1342 1626 1650 1678 communia
1686 1627 1907 1680 minime
1933 1626 2059 1680 atti-

488 1719 631 1786 gisse
664 1719 933 1772 dicantur.

562 1810 626 1862 Χ.
655 1809 848 1862 .laliani
893 1821 1038 1861 mors
1083 1807 1338 1861 divinitus
1383 1807 1581 1861 Basilio
1622 1809 1859 1862 revelata
1891 1811 2056 1863 fuisse

490 1901 716 1964 dicitur;
751 1900 843 1952 sed
873 1913 994 1953 eum
1029 1908 1176 1954 tanta
1209 1899 1741 1953 circumstantiaram
1772 1902 2053 1966 varietate,

487 1998 547 2044 ut
593 1990 794 2044 referre
833 2006 940 2043 non
997 1989 1184 2050 libeat,
1221 2002 1340 2057 quae
1390 2004 1450 2044 ea
1503 1990 1570 2045 de
1615 1990 1962 2067 releguntur
2001 1992 2054 2046 in

489 2081 745 2134 Chronico
780 2080 1148 2143 Alexandrino,
1188 2078 1330 2147 apud
1376 2089 1619 2134 sanctam
1654 2081 2053 2135 Damasceuum

488 2172 541 2225 in
575 2174 708 2223 libro
745 2170 817 2223 De
851 2171 1189 2240 imaginibus,
1222 2171 1311 2241 qui
1351 2169 1746 2226 Vitam'Basilii
1775 2175 1843 2226 ab
1872 2171 2052 2228 Hella-

488 2262 577 2316 dio
608 2264 870 2332 scriptam
916 2265 1064 2329 citat,
1103 2275 1157 2318 et
1198 2265 1248 2317 in
1300 2262 1492 2316 Basilii
1535 2263 1646 2316 Vita
1680 2266 2055 2336 Amphilochio

487 2355 781 2422 supposita.

556 2437 634 2500 Es
675 2447 757 2500 his
797 2446 975 2500 verbis
1020 2448 1269 2501 secanda:
1318 2445 1580 2502 orationis
1603 2446 1847 2519 Gregorii
1880 2447 1934 2500 in
1957 2447 2055 2501 Ju-

485 2541 710 2602 lianum,
758 2540 886 2594 llwc
929 2539 1022 2592 tibi
1075 2539 1306 2593 Basilius
1345 2550 1390 2594 et
1425 2535 1746 2610 Gregorius,
1795 2541 2057 2610 colligunt

487 2630 682 2683 eruditi
721 2631 821 2684 viri
869 2629 1188 2700 Gregorium
1219 2645 1248 2684 a
1293 2630 1494 2685 Basilio
1530 2631 1770 2699 adjatum
1803 2630 1970 2686 fuisse
1999 2632 2053 2686 in

485 2729 573 2781 bis
607 2727 945 2781 orationibus
996 2727 1400 2794 componendis.
1448 2725 1750 2780 Probabilis
1784 2741 1914 2781 sane
1941 2727 2056 2782 hare

486 2821 801 2889 conjectura
835 2837 849 2886 ;
884 2829 936 2874 et
969 2834 1088 2874 eam
1124 2818 1420 2888 Gregorius
1454 2834 1576 2875 sese
1603 2829 1838 2889 paternae
1867 2821 2054 2874 domas

485 2913 834 2968 sollicitudini
888 2913 1155 2966 interdum
1211 2916 1418 2982 eripere
1464 2913 1686 2976 soleret,
1743 2913 1950 2966 videtur
2001 2913 2054 2966 in

485 3004 714 3060 Pontum
748 3003 958 3057 venisse
985 3014 1104 3072 post
1129 3013 1352 3057 mortem
1381 3002 1605 3066 Jaliani,
1638 3011 1689 3054 et
1712 3001 1893 3055 Basilii
1926 3018 2053 3056 con-

486 3102 606 3154 silio
632 3103 697 3156 ad
732 3102 871 3155 hanc
899 3098 1354 3155 elucubrationem
1385 3113 1516 3154 usus
1546 3097 1732 3152 fuisse.

1087 3211 1311 3269 CAPUT
1365 3212 1458 3271 IX.

485 3306 526 3364 Ι.
560 3307 834 3376 Presbyter
856 3318 1066 3376 creatur
1087 3307 1342 3360 Basilius.
1368 3308 1430 3360 ll.
1459 3307 1750 3360 Ordinatus
1775 3320 1910 3376 anno

556 3380 639 3433 III.
683 3373 756 3431 De
785 3378 951 3444 prima
972 3373 1116 3427 illius
1147 3378 1386 3444 oratione
1423 3387 1469 3427 et
1499 3377 1664 3429 tribus
1693 3375 1941 3438 epistolis.
1965 3375 2051 3428 IV.

558 3450 717 3502 Pacis
748 3442 906 3499 causa
953 3445 1142 3498 secedit
1182 3446 1236 3496 in
1286 3442 1538 3496 Pontum.
1589 3445 1647 3497 V.
1687 3444 1836 3498 Redit
1876 3444 2056 3497 Cresa-

557 3536 721 3577 ream,
770 3526 828 3568 ut
871 3523 1004 3567 lianc
1042 3515 1314 3568 ecclesiam
1369 3512 1583 3566 Valente
1630 3515 1935 3565 adveniente
1967 3515 2056 3564 de-

557 3589 756 3657 fendat.
800 3583 886 3639 Vl.
918 3583 1456 3657 gSecesiiononenda
1496 3591 1712 3657 ecquale
1755 3598 1892 3635 anno
1923 3581 2049 3643 564,

557 3651 647 3712 aut
686 3658 890 3710 ineunte
917 3655 1042 3709 565.
1082 3653 1305 3706 Reditus
1338 3671 1474 3707 anno
1504 3651 1628 3707 565.

563 3752 604 3803 1.
641 3751 890 3816 Deplorat
917 3745 1212 3815 Gregorius
1254 3744 1353 3815 (α),
1379 3755 1434 3798 ut
1460 3760 1708 3815 magnam
1740 3744 1915 3799 aetatis
1946 3760 2055 3800 sate

483 3843 696 3905 vitium,
732 3841 871 3908 quod
918 3853 1057 3905 saepe
1102 3838 1154 3889 in
1187 3837 1543 3890 electionibus
1588 3836 1730 3890 nulla
1764 3837 2057 3892 haberetur

485 3932 746 3989 doctrinae
767 3940 821 3984 et
859 3927 1164 3983 sanctitatis
1193 3926 1353 3988 ratio,
1385 3940 1447 3977 ac
1475 3924 1721 3978 homines
1750 3934 1944 3979 neutro
1973 3928 2056 3980 in-

485 4024 676 4078 structi
704 4019 954 4091 przcsidio
979 4020 1044 4072 ad
1071 4016 1433 4072 sacerdotium
1461 4013 1637 4068 subito
1670 4013 2047 4075 eveherentur,

485 4127 540 4171 et
568 4116 738 4185 primo
771 4112 890 4165 loco
935 4107 1234 4168 constituti,
1278 4106 1531 4159 meliores
1573 4119 1629 4158 se
1661 4117 1724 4156 ac
1753 4102 2052 4157 sanctiores

483 4207 842 4274 despicerent,
879 4202 1031 4271 quasi
1058 4214 1179 4253 eam
1214 4197 1478 4264 dignitate
1509 4194 1824 4264 sapientiam
1853 4203 1905 4248 et
1928 4209 2052 4248 eru-

482 4298 740 4352 ditionem
792 4294 1153 4362 accepissent.
1187 4283 1304 4343 Non
1347 4289 1426 4341 sic
1476 4287 1727 4351 Basilius,
1769 4285 1861 4340 sed
1909 4300 2052 4354 pra:-

482 4392 687 4459 acripto
727 4386 1022 4442 eanonibas
1055 4383 1244 4439 ordine
1284 4380 1348 4433 ad
1381 4377 1743 4432 sacerdotium
1772 4379 2051 4446 pervenit;

480 4494 535 4534 et
576 4497 696 4533 cum
743 4493 926 4533 sacros
967 4476 1136 4529 libros
1181 4470 1375 4542 populo
1408 4469 1644 4538 legisset,
1694 4467 1744 4519 in
1778 4468 2056 4537 presbyte-

2168 637 2270 676 non
2317 619 2546 673 libenter
2589 620 2866 674 ordinatas
2917 620 3097 685 fuerit,
3132 637 3200 675 ex
3236 625 3457 692 epistola
3491 624 3548 679 il
3587 622 3727 677 Gre-

2167 713 2298 782 gorii
2326 712 2692 780 perspicimus.
2731 716 2802 765 Tu
2833 731 3032 783 quoque
3061 725 3242 781 captus
3268 731 3342 777 es,
3372 719 3542 785 inquit
3567 717 3608 771 B
3630 717 3719 770 isi-

2167 804 2257 866 lio,
2306 803 2737 871 quemadmodum
2781 811 2831 856 et
2891 821 2983 857 nos
3039 805 3418 869 circumscripti
3468 823 3486 859 :
3519 811 3727 876 quando

2163 895 2370 961 quidem
2407 892 2474 943 ad
2515 894 2882 963 presbyterium
2929 897 3176 960 pertracti
3222 911 3425 950 sunms.
3456 897 3622 966 Alq‘ttc
3674 902 3728 953 id

2163 988 2369 1052 anilem
2399 1001 2428 1034 a
2453 983 2600 1037 nobis
2632 1004 2735 1038 non
2761 987 3112 1050 expetebatur.
3148 987 3287 1040 Nam
3318 1002 3528 1048 uterque
3552 991 3725 1056 alteri,

2164 1082 2207 1130 si
2238 1079 2330 1130 alii
2359 1077 2603 1144 cuipiam,
2641 1078 2918 1146 locupletes
2940 1093 3049 1130 esse
3076 1087 3227 1132 testes
3256 1095 3552 1146 possumus,
3573 1099 3727 1149 quam

2165 1174 2310 1222 nobis
2346 1169 2490 1223 cordi
2533 1181 2663 1222 esset
2706 1172 2954 1238 pedestris
2992 1169 3322 1239 philosophia
3358 1173 3601 1236 [mutique
3637 1179 3729 1226 de-

2163 1277 2360 1327 prcssa.
2398 1261 2472 1314 Ex
2502 1261 2688 1328 primis
2709 1261 2944 1330 ejusdem
2976 1261 3212 1328 epistola:
3245 1266 3442 1327 verbis,
3475 1262 3727 1334 Epistula:

2163 1359 2265 1402 tute
2291 1351 2596 1415 prooemium
2636 1349 2814 1404 laudo.
2863 1350 3000 1415 Quid
3027 1359 3199 1402 autem
3233 1361 3440 1407 tuorum
3478 1371 3580 1407 non
3613 1353 3729 1405 lau-

2161 1440 2618 1508 dandam?liquet
2641 1439 2893 1495 Basiliam
2917 1443 3145 1511 priorem
3174 1443 3478 1512 scripsisse,
3507 1462 3568 1501 ac
3597 1445 3729 1500 Gre-

2162 1532 2313 1600 gorio
2355 1546 2490 1585 onus
2538 1533 2639 1586 sibi
2696 1533 3005 1600 impositum
3057 1532 3408 1602 signiﬁcasse,
3442 1537 3521 1590 vel
3553 1538 3730 1606 potius

2163 1623 2508 1692 ingemuisse.
2553 1624 2703 1677 Illum
2745 1627 2888 1678 enim
2937 1629 3250 1679 consolatur
3295 1625 3619 1695 Gregorius;
3672 1638 3728 1681 et

2162 1717 2414 1786 quoniam
2465 1718 2516 1771 id
2577 1718 2774 1772 factum
2829 1727 2930 1782 est,
2977 1721 3116 1786 quod
3165 1720 3398 1772 fortasse
3451 1735 3556 1772 non
3609 1721 3726 1773 ﬁeri

2163 1808 2519 1875 praestitisset,
2570 1809 2847 1864 ferendum
2901 1825 3019 1863 esse
3069 1814 3276 1874 statuit,
3322 1811 3608 1879 prasertim
3664 1812 3726 1863 ob

2163 1911 2358 1967 tempus
2392 1903 2602 1967 multas,
2656 1904 2845 1970 inquit,
2877 1905 2928 1955 in
2960 1919 3050 1954 nos
3099 1905 3333 1956 excitans
3361 1906 3726 1958 lurreticorum

2163 1991 2395 2060 linguas;
2431 1992 2662 2061 μάλιστα
2707 1994 2793 2045 διὰ
2832 1993 2919 2046 τὸν
2970 1993 3158 2062 καιρὸν
3187 1993 3385 2056 πολλὰς
3419 1997 3548 2065 ἡμῖν
3581 1997 3730 2062 αἱρε-

2163 2083 2328 2136 τικῶν
2350 2081 2721 2151 ’ἐπεισάγονται
2753 2084 3020 2151 γλώσσας.

2231 2177 2295 2232 ll.
2342 2177 2485 2231 Satis
2533 2178 2670 2231 inter
2723 2177 2963 2229 eruditos
3008 2177 3257 2231 convenit
3299 2177 3554 2231 Basiliam
3583 2191 3722 2230 annc

2161 2269 2266 2322 562
2321 2273 2690 2341 presbyterum
2757 2269 2921 2324 fuisse
2977 2270 3306 2324 ordinatum.
3361 2271 3625 2325 Barnnias
3673 2279 3729 2325 et

2162 2361 2508 2414 llermautins
2541 2378 2605 2414 ex
2650 2361 2872 2430 epistola
2904 2361 3061 2413 modo
3092 2360 3303 2412 laudata
3343 2362 3596 2430 colligant
3631 2375 3726 2414 οτι

2161 2453 2400 2506 dinatmn
2447 2453 2593 2505 illam
2638 2453 2802 2508 fuisse
2846 2453 3030 2506 eodem
3069 2450 3180 2506 fere
3214 2459 3454 2519 tempore
3497 2467 3559 2504 ac
3591 2451 3726 2506 Gre-

2162 2542 2404 2611 gorium;
2450 2539 2671 2607 conjieit
2715 2539 3091 2594 Tillemontias
3133 2538 3413 2601 Basiliam,
3442 2554 3561 2592 cum
3608 2538 3726 2591 Cm-

2163 2646 2371 2686 saream
2400 2631 2633 2685 venisset
2655 2638 2948 2698 :ngrotante
2975 2632 3181 2692 Dianio,
3213 2632 3281 2686 ibi
3311 2645 3478 2698 usque
3510 2629 3575 2683 ad
3609 2631 3724 2684 ele-

2163 2721 2390 2774 ctionem
2421 2721 2631 2774 Eusebii
2670 2729 2931 2772 moratam
2963 2734 3102 2783 esse,
3136 2733 3190 2773 et
3213 2723 3278 2775 ab
3301 2721 3554 2781 Eusebio,
3590 2720 3729 2775 forte

2162 2813 2379 2865 hortata
2427 2810 2668 2878 Gregorii
2716 2809 2909 2880 patris,
2961 2819 3235 2863 retentam
3291 2820 3346 2864 et
3393 2812 3722 2869 ordinatum.

2233 2900 2595 2954 Timiditatem
2632 2901 2804 2970 injicit
2842 2901 3116 2955 hominum
3159 2901 3596 2956 doctissimorum
3631 2919 3728 2956 aa-

2161 2994 2406 3057 ctoritas,
2458 2993 2745 3062 quominus
2797 2993 2865 3048 ab
2913 2993 2992 3048 eis
3025 2993 3337 3048 dissentiam
3374 2995 3511 3050 :sed
3549 3005 3728 3049 tamen

2162 3102 2322 3155 cogor
2354 3086 2656 3140 dissentire.
2689 3090 2860 3155 Atque
2892 3085 3020 3140 illud
3053 3087 3269 3154 quidem
3308 3098 3456 3142 certo
3485 3097 3728 3142 statuere

2161 3184 2428 3247 videntur,
2482 3183 2653 3236 serius
2704 3182 2954 3237 Basiliam
3016 3183 3323 3236 ordinatam
3356 3182 3522 3236 fuisse
3565 3195 3723 3247 quam

2081 3244 2126 3306 Ο
2157 3273 2495 3343 Gregorium.
2537 3273 2650 3326 Non
2699 3275 2874 3327 minus
2922 3275 3264 3342 perspicuam
3299 3284 3353 3328 et
3385 3273 3722 3340 exploratam

2158 3375 2240 3421 est
2281 3381 2401 3419 eam
2445 3381 2546 3416 non
2594 3379 2623 3416 a
2666 3363 2872 3426 Dianio,
2924 3374 2981 3416 nt
3027 3367 3244 3432 quidam
3283 3364 3588 3427 voluerunt,
3629 3361 3722 3416 sed

2158 3459 2226 3512 ab
2258 3457 2487 3512 Eusebio
2515 3456 2818 3510 ordinatum
2856 3454 3037 3510 fuisse.
3086 3454 3220 3508 Nam
3271 3455 3492 3510 Dianius
3537 3456 3723 3526 paucis

2158 3551 2432 3604 mensibus
2461 3559 2579 3618 post
2617 3549 2861 3619 Gregorii
2895 3551 3284 3605 ordinationem
3324 3558 3569 3604 mortuas
3613 3561 3718 3612 εει,

2155 3655 2254 3694 nec
2290 3656 2410 3693 eam
2452 3657 2514 3694 co
2557 3642 2785 3695 Basilius
2819 3644 2886 3697 ab
2934 3659 3074 3698 anno
3107 3644 3234 3711 560,
3270 3643 3371 3698 nisi
3403 3643 3454 3697 in
3484 3653 3724 3698 extremo

2154 3733 2343 3787 morbo
2385 3734 2823 3787 communicavit.
2876 3735 2980 3789 Sed
3025 3736 3165 3803 quod
3215 3735 3607 3790 ordinationem
3654 3733 3724 3786 ad

2156 3837 2359 3876 annum
2394 3820 2498 3874 562
2539 3818 2797 3883 referant,
2840 3821 2890 3873 id
2924 3822 3113 3875 vellem
3161 3823 3392 3876 vincibili
3424 3822 3601 3889 aliqua
3633 3835 3721 3871 ra—

2158 3913 2301 3965 tione
2332 3913 2657 3966 i‘trmassent.
2687 3910 2818 3964 Nam
2861 3910 3114 3964 Basiliam
3162 3912 3419 3967 Caesarea:
3457 3928 3626 3981 usque
3657 3914 3723 3966 ad

2155 4003 2471 4058 electionem
2523 4004 2737 4059 Eusebii
2792 4013 3054 4057 moratum
3095 4020 3232 4067 esse,
3283 4005 3592 4074 conjectura
3642 4016 3726 4060 est

2155 4091 2296 4144 nulla
2325 4108 2544 4159 prorsus
2571 4095 2700 4146 fulta
2731 4095 2961 4156 ratione,
2993 4092 3076 4146 vel
3111 4095 3286 4162 p0tius
3316 4095 3497 4149 Basilii
3532 4097 3723 4150 solita-

2155 4184 2294 4238 dinis
2320 4187 2512 4247 amori,
2538 4195 2592 4238 et
2622 4199 2762 4236 cura:
2792 4183 3108 4236 monasterii
3143 4186 3357 4252 regendi
3393 4202 3722 4255 repugnans,

2157 4291 2275 4329 eum
2308 4275 2604 4343 praesertim
2634 4273 2862 4326 fateatur
2888 4271 3265 4327 Tillemontius
3298 4284 3507 4343 tempus
3535 4279 3586 4329 in
3620 4279 3723 4333 hac

2155 4368 2415 4423 electione
2453 4365 2877 4419 dissensionibus
2913 4373 3216 4418 extractum
3248 4364 3436 4420 fuisse.

2229 4457 2353 4522 Sed,
2396 4460 2535 4527 quod
2577 4471 2661 4510 me
2711 4458 2943 4509 maxime
2993 4457 3232 4510 deterret
3264 4459 3330 4511 ab
3369 4459 3466 4512 hac
3516 4462 3723 4526 ample-

481 4589 662 4629 rerum
717 4586 780 4624 ac
827 4570 1020 4622 deinde
1076 4569 1129 4620 in
1182 4567 1559 4635 episcoporum
1601 4558 1854 4613 cathedra
1892 4559 2049 4624 sedit,
2084 4583 2128 4636 ι)
2158 4552 2344 4605 ctenda
2398 4551 2667 4619 opinioae,
2712 4547 2953 4614 pluribus
2986 4550 3254 4601 rationum
3297 4553 3586 4605 mementis
3622 4553 3720 4604 ad-

481 4682 587 4722 non
633 4665 889 4718 honorem
935 4673 1202 4728 quzerens,
1258 4657 1351 4711 sed
1393 4653 1458 4708 ab
1513 4654 1717 4707 honore
1761 4651 2047 4718 quaasitus;

481 4773 582 4812 nec
630 4757 694 4807 ab
741 4751 1066 4812 hominibus,
1113 4748 1205 4803 sed
1249 4763 1276 4799 a
1320 4748 1430 4800 Deo
1478 4744 1704 4814 gratiam
1758 4741 2050 4811 accipiens.

479 4847 734 4902 Basiliam
771 4841 1157 4909 Philostorgius
1190 4836 1263 4907 (ὁ)
1293 4835 1404 4904 jam
1447 4849 1586 4889 anno
1617 4831 1724 4888 5'59
1767 4833 2049 4886 diaconum

481 4941 647 4993 fuisse
670 4945 821 5005 putat
849 4951 859 4985 :
893 4934 1144 4988 Socrates
1163 4930 1250 5000 (c),
1281 4929 1372 4998 qui
1407 4943 1527 4982 cum
1557 4925 1756 4999 Basilio
1785 4924 1843 4978 S.
1875 4922 2051 4992 Chry-

477 5034 700 5087 sostomi
755 5029 930 5081 amico
975 5035 1219 5079 nostram
1246 5021 1551 5087 confundit,
1605 5019 1670 5073 ad
1731 5019 1872 5071 hanc
1925 5029 2046 5068 eum

478 5126 793 5194 dignitatem
826 5137 854 5174 a
889 5120 946 5175 S.
977 5117 1193 5172 Meletio
1221 5126 1464 5171 evectum
1502 5120 1709 5168 narrat.
1749 5109 1854 5164 Sed
1884 5106 2047 5161 Tille—

474 5218 713 5272 montias
760 5229 824 5269 ne
854 5215 1142 5268 diaconum
1175 5210 1396 5280 quidem
1433 5207 1597 5260 fuisse
1630 5203 1890 5257 Basiliam
1921 5215 2046 5269 pro-

471 5308 566 5363 bat
608 5325 674 5361 ex
721 5305 1025 5362 testimonio
1056 5301 1416 5366 Nazianzeni,
1449 5301 1536 5368 qui
1570 5298 1622 5351 in
1654 5306 1763 5348 tant
1795 5301 2045 5348 accurata

473 5402 741 5464 ordinum,
771 5414 903 5467 quos
931 5396 1168 5451 exercuit
1195 5393 1448 5454 Basilius,
1482 5387 1914 5449 enumeratione,
1939 5397 2041 5437 non

475 5492 745 5544 omisisset
777 5491 1142 5554 diaconatum,
1182 5488 1226 5542 si
1263 5488 1315 5541 in
1349 5484 1451 5540 hoc
1478 5497 1695 5554 quoque
1730 5478 1897 5551 gradu
1940 5476 2040 5530 mi-

476 5584 776 5638 nistrassct.

544 5781 618 5851 (ιε)
661 5781 808 5833 Orat.
841 5780 929 5835 20.

546 5849 616 5922 (li)
660 5853 773 5906 Lib.
808 5868 881 5915 tv,
915 5866 962 5905 ς.
997 5849 1079 5903 12,

2158 4645 2345 4704 ducor,
2399 4654 2458 4694 at
2493 4641 2748 4695 Basiliam
2804 4654 2945 4693 anno
2982 4639 3085 4695 ’564
3118 4644 3216 4694 sub
3253 4641 3480 4698 Valente
3505 4643 3720 4697 credam

2157 4732 2463 4787 ordinatam
2509 4730 2692 4785 fuisse.
2736 4730 2793 4782 1ο
2839 4730 2956 4799 Ipsa
2991 4731 3239 4799 Gregorii
3275 4732 3440 4786 verba
3467 4731 3720 4784 Basiliam

2157 4825 2447 4889 monentis,
2485 4834 2542 4878 ttt
2573 4825 2672 4879 sibi
2706 4834 2894 4880 caveat
2923 4825 3208 4892 prmsertim
3236 4824 3299 4876 ob
3334 4836 3550 4892 tempus,
3578 4822 3722 4875 mul-

2157 4932 2236 4975 tas
2271 4921 2324 4973 in
2351 4918 2774 4989 nos,inquit(d),
2801 4917 3162 4971 haereticorum
3207 4919 3438 4971 excitans
3474 4915 3718 4985 linguas;

2154 5012 2287 5076 haec,
2323 5012 2563 5080 inquam,
2602 5014 2766 5064 verba
2797 5007 3036 5061 Valentis
3077 5009 3302 5076 imperio
3330 5006 3556 5060 mirilice
3590 5022 3722 5062 cou-

2151 5113 2368 5175 graant,
2402 5102 2600 5159 Juliaai
2639 5117 2765 5155 vero
2798 5114 3158 5168 nequaquam.
3202 5098 3332 5152 Nam
3365 5099 3467 5152 sub
3499 5098 3716 5153 Juliano

2151 5196 2293 5249 nulla
2335 5196 2401 5249 ab
2442 5195 2711 5249 haereticis
2746 5191 2981 5260 pericula
3016 5193 3246 5245 maxima
3276 5191 3343 5245 ab
3387 5190 3718 5260 imperatore

2150 5298 2392 5356 apostata
2447 5288 2786 5341 exstiterant.
2843 5286 2956 5340 Sub
2997 5284 3219 5340 Valente
3264 5294 3440 5336 autem
3496 5281 3716 5335 lta'resis

2151 5381 2330 5434 statim
2369 5381 2623 5433 verticem
2656 5378 2898 5443 sustulit,
2938 5387 2992 5432 et
3023 5377 3185 5448 ignis,
3222 5376 3314 5446 qui
3343 5375 3596 5429 saeviente
3621 5372 3717 5426 Ju-

2150 5474 2278 5526 liani
2315 5475 2688 5540 persecutione
2733 5472 3038 5539 suppositus
3082 5470 3251 5549 cineri
3287 5469 3586 5524 videbatur,
3623 5467 3718 5517 de-

2151 5579 2257 5618 nuo
2281 5564 2501 5618 exarsit.
2537 5563 2667 5617 Nota
2701 5563 2942 5630 profecto
2982 5578 3069 5617 res
3099 5571 3182 5618 est
3208 5571 3259 5616 et
3297 5561 3364 5614 ab
3393 5560 3508 5628 ipso
3540 5555 3710 5611 Tiile-

2227 5765 2295 5833 (ε)
2337 5765 2449 5817 Lai.
2484 5781 2553 5825 IV,
2589 5782 2636 5819 ρ.
2672 5765 2759 5819 eo.

2224 5841 2299 5907 (τι)
2342 5835 2467 5887 Naz.
2506 5853 2588 5904 ep.
2624 5836 2708 5887 il.
