4006 6456
1600 393 1754 467 ΫΙΤΑ
1801 391 1857 445 S.
1902 388 2156 443 BASiLll.

3335 400 3498 439 Σκπκ

257 512 468 565 mentio
517 519 718 574 notata,
776 509 1059 564 luereticos
1115 511 1256 577 ipsos
1307 513 1404 566 sub
1437 511 1646 567 Juliano
1675 529 1701 565 a
1732 514 1822 567 do-
1864 517 1907 572 Α
1935 512 2146 566 videtur
2191 523 2250 561 ea
2298 507 2586 568 exstitiSse,
2622 520 2778 574 quam
2834 503 3018 556 habuit
3075 502 3125 555 in
3172 516 3259 554 sex
3298 503 3500 569 primos

259 603 501 657 mesticis
524 601 952 656 dissensionibus
992 604 1389 669 quodammodo
1435 607 1497 658 ad
1527 608 1824 660 communis

258 708 439 746 causa:
471 693 834 746 defensionem
872 702 1123 746 avocatus
1172 693 1356 748 fuisse.
1394 697 1511 749 Non
1549 707 1663 748 erat
1699 713 1828 766 ergo

256 784 363 836 hoe
414 794 622 853 tempus
662 784 725 836 ad
760 800 941 838 eorum
972 786 1283 838 excitandas
1321 787 1525 857 linguas
1555 789 1824 841 idoneum.

258 877 316 928 2°
348 875 605 938 Basilius,
646 877 694 928 in
728 876 1356 944 epist.‘210(p.5l5),ait
1381 895 1436 932 se
1458 881 1504 931 in
1525 879 1677 932 Ponti
1709 882 1832 934 soli-

261 967 452 1020 tudine
496 969 671 1030 plures
731 983 895 1020 annos
944 968 1216 1021 continuos
1258 984 1644 1024 commoratum
1688 990 1828 1029 esse.

258 1058 330 1109 At
371 1060 422 1110 in
452 1073 513 1111 ea
550 1074 708 1126 quam
761 1059 1054 1112 refellimus
1096 1062 1349 1128 opinione
1406 1066 1586 1130 plures
1615 1068 1830 1133 quidem

263 1151 502 1202 traduxit
539 1166 705 1202 annos
731 1151 781 1201 in
814 1151 1128 1212 Ροηιο,εερ(1
1158 1153 1481 1220 interruptos
1512 1170 1575 1209 ac
1613 1159 1832 1213 mittime

262 1243 572 1296 continuos.
607 1244 732 1296 Illuc
765 1243 905 1295 enim
941 1258 998 1296 se
1039 1245 1262 1297 contulit
1299 1261 1436 1298 anno
1465 1247 1590 1314 558,
1615 1253 1836 1320 prcslty.

263 1345 347 1389 ter
379 1349 516 1387 anno
571 1334 674 1387 562
719 1344 931 1387 creatus
980 1337 1137 1389 rediit
1177 1337 1226 1389 in
1279 1336 1506 1391 Pontum
1540 1356 1682 1395 anno
1708 1343 1833 1407 565,

261 1431 470 1500 ibique,
505 1441 563 1482 ut
590 1429 858 1482 existimat
886 1429 1280 1497 Tillemontius,
1332 1449 1502 1504 usque
1534 1435 1599 1489 ad
1631 1451 1829 1491 annum

262 1522 370 1576 366
421 1523 638 1575 resedit.

336 1615 400 1668 5ο
434 1615 572 1665 Duas
613 1614 871 1668 habemus
905 1614 1089 1668 Basilii
1127 1616 1192 1668 ad
1225 1615 1508 1672 Leontium
1553 1623 1832 1688 epistolas,

264 1720 403 1771 quze,
432 1712 489 1753 ut
528 1703 684 1756 modo
733 1705 1049 1768 videbimus,
1095 1706 1233 1760 notis
1269 1710 1393 1761 anni
1439 1709 1543 1762 564
1584 1714 1836 1764 exeuntis

265 1795 489 1862 signatae
520 1804 661 1847 sunt.
695 1796 901 1849 Emdem
930 1797 1078 1850 initio
1101 1800 1388 1852 sacerdotii
1415 1803 1624 1869 scripta:
1651 1803 1837 1856 viden-

1934 621 2118 660 versus
2154 603 2591 657 Proverbiorum.
2633 601 2686 652 In
2742 598 3034 664 primordio
3064 598 3207 648 enim
3266 595 3503 649 declarat

1932 712 1988 749 se
2019 694 2239 748 obedire
2264 693 2480 761 benigno
2525 691 2686 758 patri,
2725 689 2813 758 qni
2847 703 2986 739 more
3021 687 3304 753 peritorum
3346 689 3503 736 veno-

1932 802 2101 842 torum
2142 791 2194 839 in
2238 787 2366 838 locis
2415 785 2673 853 diﬂicilem
2723 782 2925 832 aditum
2974 779 3302 838 habentibus,
3356 775 3507 838 quasi

1933 879 2092 931 catuli
2131 878 2360 945 alicujus
2388 892 2594 927 cursum
2625 872 2847 939 experiri
2865 872 3056 926 volens,
3095 866 3504 918 Proverbiorum

1937 973 2262 1041 principium
2309 977 2670 1039 proposuerat
2711 964 3107 1032 exponendum.
3155 960 3298 1011 Inter
3325 956 3506 1010 Basilii

1935 1067 2189 1120 homilias
2247 1066 2361 1118 ltrec
2409 1062 2515 1116 sola
2554 1059 2812 1121 occurrit,
2844 1071 2965 1123 qua:
3018 1068 3203 1106 coram
3254 1051 3506 1118 episcopo

1935 1158 2122 1211 habita
2160 1154 2443 1218 videatur;
2487 1151 2594 1204 sola
2641 1151 2782 1202 enim
2840 1153 3156 1214 praesentem
3201 1141 3508 1209 episcopum

1939 1248 2232 1302 honoriﬁce
2263 1245 2482 1299 salutat.

2008 1339 2275 1392 Caeterum
2317 1353 2418 1388 non
2455 1337 2505 1387 in
2547 1333 2660 1386 solo
2690 1330 2836 1385 verbi
2874 1326 3174 1380 ministerio
3215 1322 3512 1376 Eusebium

1929 1431 2154 1500 juvahat
2177 1429 2407 1482 Basilius
2434 1470 2447 1492 ,
2500 1428 2592 1479 sed
2627 1429 2807 1493 plures
2843 1419 3099 1474 Ecclesia:
3128 1414 3513 1468 administran-

1941 1529 2020 1582 da:
2051 1537 2232 1595 partes
2265 1526 2311 1579 ei
2361 1523 2664 1578 commissae
2721 1519 2985 1571 videntur.
3026 1513 3156 1566 Nam
3214 1509 3512 1565 crebrmilli

1937 1619 2317 1688 occupationes
2367 1630 2555 1685 parum
2610 1613 2705 1664 otii
2742 1608 3141 1676 relinquebant,
3183 1614 3238 1656 ut
3287 1605 3397 1671 ipse
3433 1610 3515 1654 te-

1939 1721 2115 1767 statur
2138 1712 2188 1764 in
2217 1711 2375 1779 epist.
2410 1708 2501 1761 20.
2545 1705 2711 1772 Hujus
2747 1713 2922 1754 autem
2956 1709 3009 1752 et
3036 1699 3301 1751 vicesima:
3330 1696 3516 1763 prima:

1945 1803 2244 1857 scribenda:
2270 1817 2328 1854 ea
2362 1801 2461 1853 fuit
2515 1798 2730 1852 occasio
2762 1815 2772 1848 :
2809 1794 2939 1848 Cum
2975 1790 3232 1844 Leontius
3277 1787 3512 1856 sophista

263 1894 371 1936 tur.
402 1885 488 1937 Ait
515 1887 655 1939 enim
693 1904 706 1939 :
739 1885 904 1940 Nobis
928 1889 1064 1940 enim
1090 1888 1288 1942 crebr-tv
1312 1891 1415 1944 illa:
1444 1894 1835 1958 occupationes,
1871 1868 1912 1922 Β
1944 1894 2207 1948 Basilium
2237 1901 2550 1946 accusasset
2575 1889 2716 1958 quod
2754 1902 2876 1940 raro
2911 1886 2977 1938 ad
3009 1900 3066 1937 se
3093 1883 3377 1944 scriberet,
3413 1881 3519 1933 cri-

261 1974 450 2042 quibtts
482 1993 620 2029 nunc
647 1978 976 2042 distinemur,
1009 1981 1397 2032 excusationem
1420 1982 1556 2048 forte
1585 1984 1835 2051 a/ferant,

262 2068 308 2119 si
331 2068 520 2121 litteris
562 2071 811 2125 desimus.
842 2071 898 2123 4ο
922 2069 1114 2127 Libros
1148 2074 1196 2124 in
1246 2073 1564 2128 Eunominm
1607 2081 1839 2149 scriptos

263 2174 386 2213 esse
412 2163 747 2214 ostendimus
786 2176 926 2215 anno
958 2161 1081 2216 565.
1133 2163 1316 2232 Longe
1356 2177 1537 2221 autem
1583 2171 1840 2238 probabi-

262 2248 370 2305 Eius
417 2259 544 2306 tunc
588 2252 840 2307 Basiliam
886 2253 1059 2308 adhuc
1106 2254 1160 2308 in
1213 2256 1502 2314 solitudine
1552 2263 1838 2326 resedisse,

265 2354 427 2408 quam
457 2343 688 2396 insolitis
736 2345 1019 2398 sacerdotii
1068 2347 1511 2416 occupationibus
1542 2350 1838 2406 ditﬁcillimi

267 2435 450 2499 operis
487 2432 721 2484 laborem
749 2433 1042 2490 addidisse.

337 2521 452 2574 Non
481 2523 692 2576 videtur
737 2537 857 2579 ante
893 2542 1128 2582 mensem
1180 2528 1548 2598 Septembrem
1580 2533 1694 2588 hate
1721 2549 1843 2602 per-

267 2625 386 2666 acta
445 2615 737 2670 ordinatio.
780 2618 960 2686 Neque
981 2621 1120 2672 enim
1152 2631 1277 2673 ante
1311 2621 1412 2676 hoc
1442 2631 1650 2690 tempus
1675 2627 1841 2679 verti-

267 2721 383 2759 cem
428 2710 650 2762 sustulit
692 2711 931 2767 hmresis.
962 2711 1209 2775 Quandiu
1251 2714 1301 2765 in
1339 2713 1560 2769 Oriente
1607 2717 1707 2770 fuit
1742 2716 1841 2769 Va-

269 2799 619 2862 lentinianus,
655 2802 786 2853 nihil
833 2803 1177 2856 metuendum
1212 2803 1312 2858 fuit
1359 2806 1425 2860 ab
1467 2809 1839 2863 ha-reticorum

270 2894 532 2956 pctentia.
561 2893 752 2946 Valens
779 2892 860 2945 die
881 2892 949 2946 “28
979 2892 1150 2949 Martii
1174 2897 1443 2966 Augustus
1471 2903 1838 2969 renuntiatus,

269 2984 452 3051 elapso
496 2985 715 3038 circiter
769 3000 951 3040 mense
984 2987 1208 3043 fratrem
1252 2989 1508 3046 Sirmium
1543 3011 1710 3062 usque
1745 3012 1837 3050 co-

271 3075 491 3128 mitatus
517 3087 598 3130 est
627 3075 733 3144 (rt);
769 3087 822 3130 et
853 3094 974 3133 cum
1021 3079 1071 3133 itt
1110 3085 1382 3137 nonnullis
1411 3085 1721 3140 civitatibus
1755 3088 1839 3139 in—

271 3168 509 3234 terjectis
543 3170 674 3221 satis
715 3170 801 3222 ditt
831 3173 1024 3225 morati
1063 3175 1283 3235 fuerint,
1315 3175 1402 3227 vix
1446 3177 1618 3242 potuit
1645 3176 1842 3235 Valens

271 3269 394 3310 ante
423 3273 663 3314 mensem
692 3261 1061 3330 Septembrem
1087 3261 1603 3333 Constantinopolim
1639 3272 1840 3326 redire.

270 3349 536 3405 Redeunti
567 3362 921 3406 occurrerunt
957 3352 1227 3410 Heracleae
1258 3358 1412 3427 legati
1442 3360 1794 3432 Lampsaceni
1825 3383 1840 3430 ;

268 3442 384 3508 sed,
419 3457 538 3494 cum
577 3443 686 3510 jam
731 3443 876 3495 illum
926 3446 978 3496 in
1025 3462 1152 3500 suas
1215 3460 1391 3518 partes
1440 3454 1690 3508 traxisset
1739 3456 1844 3508 Eu-

270 3533 480 3595 doxius,
521 3536 778 3604 praecepit
816 3535 1007 3605 legatis
1052 3549 1108 3591 ut
1156 3539 1400 3595 Eudoxio
1430 3559 1551 3597 sese
1587 3547 1844 3614 :tdjttngc-

270 3635 428 3680 rent:
462 3637 753 3681 renuentes
779 3630 1036 3682 iracunde
1061 3633 1263 3687 dimisit
1303 3649 1365 3686 ac
1401 3635 1692 3688 Ecclesiam
1723 3653 1845 3704 per-

268 3721 420 3788 sequi
469 3721 651 3787 caapit.
694 3721 816 3774 lltec
848 3723 1017 3789 prima
1058 3724 1156 3775 fuit
1186 3725 1561 3779 haereticorum
1609 3729 1708 3782 sub
1741 3730 1842 3784 Va-

268 3811 412 3863 lente
448 3811 653 3863 nefaria
686 3812 906 3876 molitio,
949 3812 1101 3880 cujus
1137 3815 1278 3869 fama
1320 3817 1430 3884 jam
1465 3819 1516 3872 itt
1561 3821 1842 3889 Cappado-

269 3902 405 3956 ciam
435 3903 640 3969 perlata
667 3901 860 3966 fuerat,
889 3920 1010 3958 cum
1046 3905 1298 3961 Basilium
1329 3925 1512 3966 recens
1536 3916 1841 3967 ordinatum

270 3994 476 4048 monuit
501 3993 816 4064 Gregorius,
845 4010 1102 4065 quantum
1138 4001 1204 4054 ab
1235 4002 1503 4057 ll‘JEI‘CliCiS
1540 4006 1834 4073 periculum

270 4090 594 4144 immineret.
638 4089 820 4144 Basilii
865 4094 1262 4148 ordinationem
1319 4096 1529 4166 longius
1563 4115 1589 4149 a
1653 4117 1839 4155 mense

271 4178 576 4246 Septembri
620 4196 896 4235 removere
941 4199 1046 4234 nan
1091 4185 1291 4247 sinunt,
1325 4203 1442 4256 qua:
1489 4191 1554 4243 ab
1588 4205 1651 4244 eo
1695 4192 1843 4245 dein-

270 4285 415 4338 ceps,
467 4285 637 4338 usque
684 4272 751 4326 ad
806 4273 1046 4329 Valentis
1095 4279 1382 4334 adventum
1437 4293 1587 4351 gesta
1658 4300 1844 4338 narra-

269 4363 466 4416 bimus.

339 4457 422 4512 Ill.
453 4457 687 4512 Evectus
735 4463 800 4514 ad
831 4463 1187 4518 sacerdotium
1222 4465 1450 4521 Basilius
1492 4468 1691 4532 locum,
1737 4484 1840 4523 non

1945 2004 2064 2042 men
2095 1989 2148 2040 in
2178 1987 2461 2042 Leontium
2492 1994 2766 2050 retorquet
2792 1983 3036 2040 Basilius,
3070 1989 3294 2044 eumque
3315 1989 3378 2028 eo
3412 1988 3522 2025 ma-

1945 2080 2026 2149 gis
2052 2078 2379 2146 culpandum
2421 2079 2776 2135 demonstrat,
2825 2073 2963 2141 quod
3009 2079 3064 2124 et
3105 2067 3359 2138 plurimas
3382 2064 3519 2119 scri-

1945 2173 2102 2226 bendi
2134 2171 2446 2224 occasiones
2488 2170 2704 2230 habeat,
2733 2177 2806 2233 et,
2829 2175 2884 2217 nt
2909 2164 3173 2233 sophista,
3198 2157 3521 2230 loquacissi--

1946 2280 2063 2318 mus
2098 2265 2168 2318 sit
2206 2283 2217 2316 :
2257 2279 2354 2317 cur
2406 2272 2582 2315 autem
2625 2261 2735 2328 ipse
2762 2259 2934 2311 rarius
2963 2253 3260 2322 scripserit,
3297 2256 3521 2304 excusat

1947 2357 2168 2410 crebras
2208 2353 2591 2423 occupationes
2627 2352 2822 2419 quibus
2865 2349 3175 2405 distinetur,
3219 2349 3272 2396 et
3302 2350 3524 2394 eontra«

1947 2458 2084 2503 ctam
2135 2464 2200 2503 ex
2256 2445 2495 2514 vulgaris
2547 2442 2814 2497 sermonis
2849 2456 2943 2492 usu
2987 2439 3276 2507 aeruginem
3332 2447 3522 2501 quam-

1945 2543 2094 2604 dant,
2135 2557 2254 2610 qum
2293 2539 2561 2606 sophistas
2617 2535 2817 2603 alloqui
2877 2533 3175 2603 prohibeat.
3227 2525 3522 2596 Respondit

1947 2634 2203 2688 Leontius
2230 2641 2284 2685 et
2305 2631 2577 2684 lulianum
2606 2628 2892 2697 quemdam
2919 2625 3202 2684 incusavit,
3234 2619 3373 2688 quod
3395 2630 3520 2672 suas

1948 2725 2147 2778 Basilio
2184 2723 2392 2777 litteras
2421 2737 2529 2776 non
2570 2718 2910 2772 reddidisset.
2948 2714 3082 2766 Tum
3128 2710 3355 2763 Basilius
3401 2723 3523 2776 per-

1948 2829 2103 2870 acute
2129 2816 2396 2871 Julianum
2427 2819 2701 2881 comparat
2735 2824 2853 2864 cum
2885 2808 2945 2859 iis
2977 2822 3005 2859 a
3042 2804 3235 2873 quibus
3271 2810 3397 2853 tunc
3430 2814 3522 2850 au-

1950 2909 2096 2974 tiqua
2139 2906 2316 2960 debita
2362 2902 2779 2969 reposcebantur
2824 2918 2834 2950 :
2878 2907 2930 2950 et
2964 2895 3152 2963 quierit
3184 2908 3246 2946 ex
3294 2889 3520 2943 Leontio

1947 3013 2075 3050 num
2106 2999 2150 3049 ei
2187 2997 2392 3066 placeat
2427 2991 2838 3047 celeberrimum
2878 2988 3003 3041 illud
3034 2985 3340 3053 tetraplum,
3374 2981 3520 3050 quod

1950 3099 2075 3144 tunc
2121 3089 2292 3158 pluris
2327 3086 2600 3141 faciebant
2650 3083 2891 3154 pecunia:
2927 3080 3148 3148 publica:
3183 3075 3518 3131 collectores.

1950 3198 2110 3252 quam
2137 3181 2473 3252 Pythagormi
2517 3179 2824 3246 Tetractyn.
2866 3174 2957 3226 llis
2996 3169 3267 3239 leporibus
3300 3164 3524 3219 notabat

1926 3263 2176 3327 'Basilius
2199 3271 2572 3326 crudelitatem
2617 3267 2876 3328 Petronii,
2908 3265 3084 3319 soceri
3112 3260 3368 3318 Valentis,
3404 3259 3518 3324 qui,

1943 3360 2007 3421 ἰιι
2060 3366 2135 3419 ait
2165 3363 2485 3417 Ammianus
2512 3363 2608 3432 (c),
2651 3364 2718 3412 ad
2752 3359 3024 3409 nudandos
3067 3355 3172 3405 sine
3205 3349 3522 3404 discretione

1947 3466 2157 3508 cunctos
2187 3456 2480 3505 immaniter
2499 3453 2753 3518 ﬂagrans,
2787 3459 3022 3500 nocentes
3045 3446 3239 3513 pariter
3269 3453 3312 3495 et
3343 3443 3522 3493 inson-

1948 3560 2020 3602 tes
2059 3557 2172 3616 post
2207 3547 2460 3614 exquisita
2503 3555 2761 3598 tormenta
2783 3539 3060 3610 quadrupli
3091 3536 3304 3588 nexibus
3327 3534 3522 3586 vincie-

1948 3639 2057 3702 bat,
2089 3639 2262 3691 debita
2287 3639 2402 3706 jam
2427 3636 2544 3688 inde
2570 3653 2599 3687 (ι
2631 3633 2944 3699 temporibus
2975 3629 3220 3695 principis
3248 3624 3521 3678 Aureliani

1948 3741 2301 3798 perscrutans,
2325 3740 2370 3781 et
2405 3727 2661 3794 impendio
2691 3741 2928 3786 mmrens,
2949 3724 2992 3773 si
3013 3733 3320 3790 quemquam
3345 3715 3518 3767 absol-

1947 3823 2097 3874 visset
2132 3820 2438 3873 indemnem.
2480 3818 2603 3869 llzrc
2623 3826 2802 3867 autem
2828 3812 3061 3866 Petronii
3091 3808 3400 3865 crudelitas,
3434 3820 3519 3856 eo-

1949 3914 2068 3967 dem
2103 3922 2234 3964 teste
2266 3909 2573 3971 Ammiano,
2602 3923 2722 3962 cmn
2747 3904 2986 3959 omnium
3013 3903 3219 3955 animos
3255 3901 3305 3951 in
3335 3897 3525 3951 Valen-

1950 4013 2056 4058 tem
2104 4003 2489 4064 exulcerasset,
2543 4016 2689 4069 spem
2744 3999 2928 4066 injecit
2980 3993 3241 4060 Procopio
3277 3988 3521 4059 potiundi

1949 4099 2181 4165 imperii,
2221 4098 2361 4165 quod
2396 4096 2609 4147 tandem
2657 4090 2940 4158 occupavit
2973 4102 3112 4140 anno
3145 4084 3267 4137 565.
3299 4080 3518 4136 Utram-

1949 4205 2053 4258 que
2081 4205 2210 4256 ergo
2237 4187 2516 4254 epistolam
2559 4200 2662 4237 non
2710 4180 2978 4234 immerito
3012 4176 3292 4229 referimus
3322 4175 3387 4227 ad
3421 4188 3519 4223 an-

1949 4297 2074 4333 num
2107 4279 2208 4332 564
2234 4288 2541 4339 exeuntem,
2569 4284 2657 4327 aut
2687 4272 2788 4322 ὖείΰ
2823 4271 3116 4324 ineuntem.
3160 4267 3342 4318 Serius
3370 4265 3516 4318 enim

1947 4373 2195 4426 collocari
2245 4387 2347 4424 non
2397 4371 2612 4428 debeat,
2649 4364 2770 4431 quia
2809 4363 3034 4418 Basilius
3063 4362 3207 4412 circa
3251 4358 3353 4411 hoc
3385 4366 3516 4410 tem—

1948 4480 2046 4532 pus
2078 4465 2317 4519 Ctesarea
2348 4461 2612 4516 discessit.

275 4551 578 4606 institutum
633 4554 880 4606 mutavit.
941 4556 1401 4622 Quemadmodum
1450 4561 1593 4615 enim
1647 4576 1712 4615 ex
1753 4577 1841 4616 so-
1873 4559 1916 4612 D
2020 4557 2155 4610 Ctnn
2205 4556 2465 4609 scriberet
2510 4551 2704 4605 Basilio
2747 4549 3038 4618 Gregorius
3087 4559 3233 4600 more
3277 4558 3371 4596 Suo
3400 4539 3518 4608 epi-

270 4644 498 4699 litudine
541 4644 728 4697 urbem
781 4643 1037 4701 effecerat
1084 4649 1262 4702 studio
1295 4649 1516 4715 juvandi
1567 4654 1835 4720 proximi,

273 4737 342 4789 ita
384 4736 436 4787 in
468 4739 604 4794 urbe
646 4749 899 4807 tanquam
942 4740 992 4791 iu
1043 4741 1327 4795 solitudine
1366 4747 1572 4799 versari
1610 4748 1834 4814 sciebat,

275 4838 408 4882 teste
436 4826 680 4898 Nysseno
705 4831 800 4900 (b),
827 4844 924 4883 nec
952 4831 1229 4887 hominum
1261 4835 1564 4904 frequentia
1615 4855 1712 4894 nec
1745 4855 1839 4892 ne-

273 4923 538 4990 gotiorum
573 4923 914 4977 multitudine
941 4938 967 4974 a
999 4923 1086 4991 pio
1123 4935 1176 4978 et
1205 4938 1362 4982 cauto
1391 4928 1605 4983 vivendi
1645 4946 1838 4999 genere

275 5025 545 5069 avocatus.
576 5014 826 5083 Magnum
864 5033 992 5072 sane
1024 5019 1328 5088 przesidimn
1355 5024 1559 5076 exstitit
1589 5025 1840 5080 Ecclesia:

274 5107 594 5162 Caesariensi
627 5107 678 5160 in
711 5106 974 5175 ejusmodi
1013 5111 1338 5179 presbytero,
1382 5115 1471 5183 qui
1504 5127 1698 5182 praeter
1728 5116 1838 5170 elo-

275 5201 578 5268 queutiatn,
626 5215 729 5268 qua
767 5201 1037 5265 sophistas
1074 5219 1260 5257 omnes
1306 5207 1446 5258 illius
1472 5209 1649 5259 aetatis
1678 5213 1835 5276 longe

275 5290 585 5359 superabat,
626 5308 720 5361 per
767 5299 892 5346 octo
932 5308 1104 5348 annos
1153 5309 1272 5348 sese
1306 5305 1622 5350 exercuerat
1665 5299 1719 5352 itt
1753 5316 1840 5352 sa-

274 5386 383 5438 cris
413 5384 709 5450 Scripturis
764 5385 1023 5453 legendis,
1079 5390 1128 5441 in
1167 5389 1468 5443 meditanda
1522 5404 1586 5443 ac
1641 5407 1840 5459 prepo-

276 5476 484 5543 gttandn
525 5475 779 5531 Ecclesite
812 5481 1075 5542 doctrina,
1109 5496 1170 5533 ac
1198 5482 1246 5533 in
1273 5482 1523 5534 omnibus
1555 5486 1842 5539 monastici

277 5567 509 5621 instituti
544 5569 835 5624 virtutibus
885 5571 1209 5627 excolendis.
1255 5571 1430 5627 Prima
1487 5573 1624 5628 illius
1665 5577 1839 5630 oratio

346 5747 418 5814 (rt)
444 5756 563 5799 Am.
589 5751 624 5801 1.
654 5765 794 5804 xxvt.
830 5762 874 5799 (ε.
916 5751 960 5801 ί.

349 5818 416 5882 (ὁ)
451 5818 524 5868 De
551 5819 698 5871 Basil
730 5856 745 5879 ,
773 5829 821 5869 tu
848 5837 895 5866 ι».
918 5819 995 5878 lii,
1023 5836 1069 5882 ιι.
1113 5822 1218 5872 285.

1953 4650 2140 4704 stolam
2170 4647 2348 4700 verbis
2377 4644 2616 4705 brevem,
2647 4643 2925 4697 sententiis
2968 4638 3260 4706 copiosam,
3298 4633 3521 4687 tabella-

1954 4743 2084 4803 rius,
2136 4741 2354 4792 absente
2403 4736 2620 4799 Basilio,
2664 4734 2940 4804 epistolam
2992 4729 3266 4784 commisit
3321 4727 3409 4778 uni
3443 4740 3508 4776 ex

1953 4830 2130 4885 Basilii
2157 4830 2346 4882 amicis
2377 4846 2388 4878 :
2421 4845 2486 4881 ex
2515 4844 2618 4897 quo
2648 4826 2873 4892 conjicio
2899 4839 3018 4877 eum
3045 4822 3302 4876 CLCSRFCLE‘
3338 4815 3516 4884 potius

1953 4940 2107 4993 quam
2143 4923 2194 4976 in
2232 4923 2400 4977 Ponto
2452 4920 2780 4974 domicilium
2820 4917 3097 4971 habuisse.
3133 4913 3263 4966 Nam
3311 4911 3362 4961 in
3403 4921 3516 4958 mo-

1949 5019 2188 5073 nasterio
2238 5019 2433 5072 tradita
2471 5015 2658 5068 fuisset
2698 5013 2917 5081 epistola
2957 5013 3028 5072 ei,
3072 5009 3137 5060 ad
3183 5021 3340 5076 quem
3390 5019 3517 5057 cura

1950 5110 2212 5176 ejusmodi
2249 5123 2427 5163 rerum
2458 5108 2767 5178 pertinebat
2803 5125 2816 5157 :
2853 5119 2952 5157 nec
2990 5100 3264 5170 qumrendi
3295 5098 3344 5150 in
3378 5098 3518 5149 hunc.

1953 5218 2106 5255 usum
2134 5203 2359 5257 fuissent
2386 5200 2563 5252 Basilii
2599 5199 2914 5252 familiares.
2951 5196 3258 5262 Respondet
3288 5191 3516 5244 Basilius

1952 5311 2044 5364 per
2070 5296 2309 5357 Petrum,
2337 5309 2496 5364 quem
2533 5295 2695 5362 ipsius
2725 5293 2945 5344 fratrem
2975 5290 3140 5343 fuisse
3168 5287 3330 5339 nolim
3368 5297 3518 5336 asse-

1952 5405 2159 5454 verare,
2196 5392 2393 5461 quippe
2426 5407 2546 5444 cum
2580 5404 2702 5444 eum
2747 5388 2814 5441 de
2851 5401 2995 5440 more
3025 5383 3254 5437 Basilius
3290 5379 3512 5430 fratrem

1952 5495 2107 5535 suum
2153 5498 2254 5534 non
2288 5482 2541 5550 appellet.

2026 5574 2112 5630 1V.
2146 5575 2217 5628 Eo
2262 5577 2480 5629 charior
2517 5577 2746 5630 Eusebio
2787 5578 3060 5630 debuisset
3107 5585 3223 5626 esse
3259 5567 3508 5627 Basilius,

2018 5759 2085 5825 (τ)
2111 5760 2222 5811 Lib.
2259 5777 2397 5820 xxvt,
2429 5776 2474 5810 c.
2513 5764 2562 5812 t3.
